  <div class='ocr_page' id='page_1' title='image "/cluster/home/n/w/nwhite01/storage/ocr_20150623/129/ien.35556001660034/016.png"; bbox 0 0 4030 6526; ppageno 0'>
   <div class='ocr_carea' id='block_1_1' title="bbox 194 470 3464 571">
    <p class='ocr_par' dir='ltr' id='par_1_1' title="bbox 194 470 3464 571">
     <span class='ocr_line' id='line_1_1' title="bbox 194 470 3464 571; baseline -0.013 -1"><span class='ocrx_word' id='word_1_1' title='bbox 194 508 250 571; x_wconf 83' lang='grc'><strong>13</strong></span> <span class='ocrx_word' id='word_1_2' title='bbox 1606 486 2031 550; x_wconf 67' lang='grc' dir='ltr'><strong>ΡΗᾸΞΡΑΤῘΟ.</strong></span> <span class='ocrx_word' id='word_1_3' title='bbox 3397 470 3464 539; x_wconf 69' lang='grc'><strong>14</strong></span> 
     </span>
    </p>
   </div>
   <div class='ocr_carea' id='block_1_2' title="bbox 186 591 3469 685">
    <p class='ocr_par' dir='ltr' id='par_1_2' title="bbox 186 591 3469 685">
     <span class='ocr_line' id='line_1_2' title="bbox 186 591 3469 685; baseline -0.01 -10"><span class='ocrx_word' id='word_1_4' title='bbox 186 618 370 675; x_wconf 83' lang='lat' dir='ltr'><strong>siensis</strong></span> <span class='ocrx_word' id='word_1_5' title='bbox 412 615 624 672; x_wconf 84' lang='lat' dir='ltr'><strong>consul.</strong></span> <span class='ocrx_word' id='word_1_6' title='bbox 667 611 834 685; x_wconf 74' lang='lat' dir='ltr'><strong>Typis</strong></span> <span class='ocrx_word' id='word_1_7' title='bbox 879 613 988 685; x_wconf 88' lang='lat' dir='ltr'><strong>jam</strong></span> <span class='ocrx_word' id='word_1_8' title='bbox 1020 622 1280 682; x_wconf 81' lang='lat' dir='ltr'><strong>expresso</strong></span> <span class='ocrx_word' id='word_1_9' title='bbox 1313 605 1446 664; x_wconf 71' lang='lat' dir='ltr'><strong>foiio</strong></span> <span class='ocrx_word' id='word_1_10' title='bbox 1487 612 1643 661; x_wconf 75' lang='lat' dir='ltr'><strong>sexto</strong></span> <span class='ocrx_word' id='word_1_11' title='bbox 1693 603 1758 658; x_wconf 87' lang='lat' dir='ltr'><strong>ad</strong></span> <span class='ocrx_word' id='word_1_12' title='bbox 1792 608 1835 664; x_wconf 78' lang='grc' dir='ltr'>Α</span> <span class='ocrx_word' id='word_1_13' title='bbox 1866 616 1976 673; x_wconf 91' lang='lat' dir='ltr'><strong>quo</strong></span> <span class='ocrx_word' id='word_1_14' title='bbox 2013 610 2193 657; x_wconf 70' lang='lat' dir='ltr'><strong>tamen</strong></span> <span class='ocrx_word' id='word_1_15' title='bbox 2231 599 2390 656; x_wconf 84' lang='lat' dir='ltr'><strong>valde</strong></span> <span class='ocrx_word' id='word_1_16' title='bbox 2435 597 2646 655; x_wconf 84' lang='lat' dir='ltr'><strong>debito.</strong></span> <span class='ocrx_word' id='word_1_17' title='bbox 2696 591 2982 649; x_wconf 81' lang='lat' dir='ltr'><strong>Parisinus</strong></span> <span class='ocrx_word' id='word_1_18' title='bbox 3032 591 3199 655; x_wconf 60' lang='lat'><strong>2.501,</strong></span> <span class='ocrx_word' id='word_1_19' title='bbox 3233 605 3469 685; x_wconf 13' lang='lat' dir='ltr'><strong>aﬂmanu</strong></span> 
     </span>
    </p>
   </div>
   <div class='ocr_carea' id='block_1_3' title="bbox 188 694 1761 782">
    <p class='ocr_par' dir='ltr' id='par_1_3' title="bbox 188 694 1761 782">
     <span class='ocr_line' id='line_1_3' title="bbox 188 694 1761 782; baseline -0.01 -17"><span class='ocrx_word' id='word_1_20' title='bbox 188 712 421 782; x_wconf 83' lang='lat' dir='ltr'><strong>paginam</strong></span> <span class='ocrx_word' id='word_1_21' title='bbox 474 707 563 764; x_wconf 73' lang='lat'><strong>96.</strong></span> <span class='ocrx_word' id='word_1_22' title='bbox 600 704 844 777; x_wconf 82' lang='lat' dir='ltr'><strong>lleynius</strong></span> <span class='ocrx_word' id='word_1_23' title='bbox 875 702 1065 767; x_wconf 87' lang='lat' dir='ltr'><strong>etiam,</strong></span> <span class='ocrx_word' id='word_1_24' title='bbox 1101 698 1495 772; x_wconf 87' lang='lat' dir='ltr'><strong>angustissimo</strong></span> <span class='ocrx_word' id='word_1_25' title='bbox 1554 694 1761 767; x_wconf 66' lang='lat' dir='ltr'><strong>Magna:</strong></span> 
     </span>
    </p>
   </div>
   <div class='ocr_carea' id='block_1_4' title="bbox 187 788 1758 871">
    <p class='ocr_par' dir='ltr' id='par_1_4' title="bbox 187 788 1758 871">
     <span class='ocr_line' id='line_1_4' title="bbox 187 788 1758 871; baseline -0.01 -14"><span class='ocrx_word' id='word_1_26' title='bbox 187 802 466 858; x_wconf 62' lang='lat' dir='ltr'><strong>Britanniae</strong></span> <span class='ocrx_word' id='word_1_27' title='bbox 510 800 623 871; x_wconf 86' lang='lat' dir='ltr'><strong>regi</strong></span> <span class='ocrx_word' id='word_1_28' title='bbox 674 814 705 853; x_wconf 88' lang='lat' dir='ltr'><strong>a</strong></span> <span class='ocrx_word' id='word_1_29' title='bbox 746 796 993 853; x_wconf 82' lang='lat' dir='ltr'><strong>consiliis</strong></span> <span class='ocrx_word' id='word_1_30' title='bbox 1027 793 1245 859; x_wconf 82' lang='lat' dir='ltr'><strong>aulicis,</strong></span> <span class='ocrx_word' id='word_1_31' title='bbox 1287 792 1372 848; x_wconf 90' lang='lat' dir='ltr'><strong>vir</strong></span> <span class='ocrx_word' id='word_1_32' title='bbox 1405 788 1758 863; x_wconf 86' lang='lat' dir='ltr'><strong>perillustris,</strong></span> 
     </span>
    </p>
   </div>
   <div class='ocr_carea' id='block_1_5' title="bbox 183 884 1761 956">
    <p class='ocr_par' dir='ltr' id='par_1_5' title="bbox 183 884 1761 956">
     <span class='ocr_line' id='line_1_5' title="bbox 183 884 1761 956; baseline -0.009 -7"><span class='ocrx_word' id='word_1_33' title='bbox 183 896 244 951; x_wconf 85' lang='lat' dir='ltr'><strong>ad</strong></span> <span class='ocrx_word' id='word_1_34' title='bbox 273 911 352 949; x_wconf 89' lang='lat' dir='ltr'><strong>me</strong></span> <span class='ocrx_word' id='word_1_35' title='bbox 377 892 680 949; x_wconf 77' lang='lat' dir='ltr'><strong>transmisit</strong></span> <span class='ocrx_word' id='word_1_36' title='bbox 711 890 1027 955; x_wconf 85' lang='lat' dir='ltr'><strong>editionem,</strong></span> <span class='ocrx_word' id='word_1_37' title='bbox 1067 897 1126 944; x_wconf 91' lang='lat' dir='ltr'><strong>ut</strong></span> <span class='ocrx_word' id='word_1_38' title='bbox 1150 886 1405 950; x_wconf 77' lang='lat' dir='ltr'><strong>arbitror,</strong></span> <span class='ocrx_word' id='word_1_39' title='bbox 1432 884 1761 956; x_wconf 87' lang='lat' dir='ltr'><strong>principem,</strong></span> 
     </span>
    </p>
   </div>
   <div class='ocr_carea' id='block_1_6' title="bbox 183 976 1766 1043">
    <p class='ocr_par' dir='ltr' id='par_1_6' title="bbox 183 976 1766 1043">
     <span class='ocr_line' id='line_1_6' title="bbox 183 976 1766 1043; baseline -0.008 0"><span class='ocrx_word' id='word_1_40' title='bbox 183 989 572 1043; x_wconf 87' lang='lat' dir='ltr'><strong>Lovaniensem</strong></span> <span class='ocrx_word' id='word_1_41' title='bbox 613 984 773 1041; x_wconf 64' lang='grc'><strong>1541.</strong></span> <span class='ocrx_word' id='word_1_42' title='bbox 805 980 1107 1037; x_wconf 88' lang='lat' dir='ltr'><strong>Codicibus</strong></span> <span class='ocrx_word' id='word_1_43' title='bbox 1157 988 1343 1035; x_wconf 81' lang='lat' dir='ltr'><strong>textus</strong></span> <span class='ocrx_word' id='word_1_44' title='bbox 1377 976 1552 1034; x_wconf 85' lang='lat' dir='ltr'><strong>Graeci</strong></span> <span class='ocrx_word' id='word_1_45' title='bbox 1583 978 1766 1032; x_wconf 89' lang='lat' dir='ltr'><strong>adhuc</strong></span> 
     </span>
    </p>
   </div>
   <div class='ocr_carea' id='block_1_7' title="bbox 185 1068 1765 1137">
    <p class='ocr_par' dir='ltr' id='par_1_7' title="bbox 185 1068 1765 1137">
     <span class='ocr_line' id='line_1_7' title="bbox 185 1068 1765 1137; baseline -0.003 -8"><span class='ocrx_word' id='word_1_46' title='bbox 185 1076 363 1131; x_wconf 87' lang='lat' dir='ltr'><strong>mediti</strong></span> <span class='ocrx_word' id='word_1_47' title='bbox 411 1090 543 1131; x_wconf 82' lang='lat' dir='ltr'><strong>usus</strong></span> <span class='ocrx_word' id='word_1_48' title='bbox 578 1090 699 1130; x_wconf 88' lang='lat' dir='ltr'><strong>sum</strong></span> <span class='ocrx_word' id='word_1_49' title='bbox 740 1072 956 1127; x_wconf 91' lang='lat' dir='ltr'><strong>duobus</strong></span> <span class='ocrx_word' id='word_1_50' title='bbox 1002 1069 1439 1137; x_wconf 71' lang='lat' dir='ltr'><strong>hlosquensibus,</strong></span> <span class='ocrx_word' id='word_1_51' title='bbox 1486 1068 1765 1125; x_wconf 88' lang='lat' dir='ltr'><strong>membra-</strong></span> 
     </span>
    </p>
   </div>
   <div class='ocr_carea' id='block_1_8' title="bbox 184 1161 1768 1235">
    <p class='ocr_par' dir='ltr' id='par_1_8' title="bbox 184 1161 1768 1235">
     <span class='ocr_line' id='line_1_8' title="bbox 184 1161 1768 1235; baseline -0.003 -12"><span class='ocrx_word' id='word_1_52' title='bbox 184 1169 384 1233; x_wconf 86' lang='lat' dir='ltr'><strong>naceis,</strong></span> <span class='ocrx_word' id='word_1_53' title='bbox 419 1168 660 1222; x_wconf 90' lang='lat' dir='ltr'><strong>auctoris</strong></span> <span class='ocrx_word' id='word_1_54' title='bbox 702 1173 862 1220; x_wconf 68' lang='lat' dir='ltr'><strong>aetate</strong></span> <span class='ocrx_word' id='word_1_55' title='bbox 892 1163 1133 1235; x_wconf 75' lang='lat' dir='ltr'><strong>scriptis.</strong></span> <span class='ocrx_word' id='word_1_56' title='bbox 1170 1163 1324 1218; x_wconf 86' lang='lat' dir='ltr'><strong>Alter</strong></span> <span class='ocrx_word' id='word_1_57' title='bbox 1351 1164 1417 1217; x_wconf 76' lang='grc' dir='ltr'><strong>Α.</strong></span> <span class='ocrx_word' id='word_1_58' title='bbox 1452 1171 1537 1218; x_wconf 90' lang='lat' dir='ltr'><strong>est</strong></span> <span class='ocrx_word' id='word_1_59' title='bbox 1564 1161 1768 1218; x_wconf 80' lang='lat' dir='ltr'><strong>biblio—</strong></span> 
     </span>
    </p>
   </div>
   <div class='ocr_carea' id='block_1_9' title="bbox 184 1255 1772 1331">
    <p class='ocr_par' dir='ltr' id='par_1_9' title="bbox 184 1255 1772 1331">
     <span class='ocr_line' id='line_1_9' title="bbox 184 1255 1772 1331; baseline -0.004 -17"><span class='ocrx_word' id='word_1_60' title='bbox 184 1262 347 1317; x_wconf 68' lang='lat' dir='ltr'><strong>theca:</strong></span> <span class='ocrx_word' id='word_1_61' title='bbox 385 1257 739 1331; x_wconf 72' lang='lat' dir='ltr'><strong>typographei</strong></span> <span class='ocrx_word' id='word_1_62' title='bbox 783 1256 1062 1329; x_wconf 87' lang='lat' dir='ltr'><strong>synodalis</strong></span> <span class='ocrx_word' id='word_1_63' title='bbox 1103 1255 1293 1311; x_wconf 86' lang='lat' dir='ltr'><strong>in-fol.</strong></span> <span class='ocrx_word' id='word_1_64' title='bbox 1319 1270 1474 1309; x_wconf 88' lang='lat' dir='ltr'><strong>num.</strong></span> <span class='ocrx_word' id='word_1_65' title='bbox 1516 1255 1568 1319; x_wconf 78' lang='grc'><strong>1,</strong></span> <span class='ocrx_word' id='word_1_66' title='bbox 1616 1270 1772 1309; x_wconf 89' lang='lat' dir='ltr'><strong>com-</strong></span> 
     </span>
    </p>
   </div>
   <div class='ocr_carea' id='block_1_10' title="bbox 183 1344 1749 1422">
    <p class='ocr_par' dir='ltr' id='par_1_10' title="bbox 183 1344 1749 1422">
     <span class='ocr_line' id='line_1_10' title="bbox 183 1344 1749 1422; baseline -0.003 -21"><span class='ocrx_word' id='word_1_67' title='bbox 183 1351 421 1422; x_wconf 73' lang='lat' dir='ltr'><strong>plectens</strong></span> <span class='ocrx_word' id='word_1_68' title='bbox 461 1351 589 1406; x_wconf 86' lang='lat' dir='ltr'><strong>folia</strong></span> <span class='ocrx_word' id='word_1_69' title='bbox 624 1350 755 1405; x_wconf 66' lang='lat'><strong>274.</strong></span> <span class='ocrx_word' id='word_1_70' title='bbox 794 1348 950 1404; x_wconf 78' lang='lat' dir='ltr'><strong>Alter</strong></span> <span class='ocrx_word' id='word_1_71' title='bbox 974 1348 1014 1401; x_wconf 88' lang='grc' dir='ltr'>Β</span> <span class='ocrx_word' id='word_1_72' title='bbox 1040 1358 1126 1404; x_wconf 87' lang='lat' dir='ltr'><strong>est</strong></span> <span class='ocrx_word' id='word_1_73' title='bbox 1149 1346 1496 1403; x_wconf 81' lang='lat' dir='ltr'><strong>bibliothecae</strong></span> <span class='ocrx_word' id='word_1_74' title='bbox 1538 1344 1749 1400; x_wconf 79' lang='lat' dir='ltr'><strong>sanctis</strong></span> 
     </span>
    </p>
   </div>
   <div class='ocr_carea' id='block_1_11' title="bbox 182 1434 1770 1516">
    <p class='ocr_par' dir='ltr' id='par_1_11' title="bbox 182 1434 1770 1516">
     <span class='ocr_line' id='line_1_11' title="bbox 182 1434 1770 1516; baseline -0.008 -17"><span class='ocrx_word' id='word_1_75' title='bbox 182 1446 328 1499; x_wconf 72' lang='lat' dir='ltr'><strong>sima:</strong></span> <span class='ocrx_word' id='word_1_76' title='bbox 365 1444 558 1516; x_wconf 77' lang='lat' dir='ltr'><strong>synodi</strong></span> <span class='ocrx_word' id='word_1_77' title='bbox 596 1444 654 1497; x_wconf 91' lang='lat' dir='ltr'><strong>in</strong></span> <span class='ocrx_word' id='word_1_78' title='bbox 689 1441 784 1499; x_wconf 93' lang='lat' dir='ltr'><strong>fol.</strong></span> <span class='ocrx_word' id='word_1_79' title='bbox 820 1457 978 1497; x_wconf 88' lang='lat' dir='ltr'><strong>num.</strong></span> <span class='ocrx_word' id='word_1_80' title='bbox 1010 1439 1184 1495; x_wconf 78' lang='lat' dir='ltr'><strong>XLIX</strong></span> <span class='ocrx_word' id='word_1_81' title='bbox 1234 1439 1493 1495; x_wconf 90' lang='lat' dir='ltr'><strong>foliorum</strong></span> <span class='ocrx_word' id='word_1_82' title='bbox 1522 1437 1652 1494; x_wconf 73' lang='lat' dir='ltr'><strong>M0.</strong></span> <span class='ocrx_word' id='word_1_83' title='bbox 1711 1434 1770 1488; x_wconf 90' lang='lat' dir='ltr'><strong>ln</strong></span> 
     </span>
    </p>
   </div>
   <div class='ocr_carea' id='block_1_12' title="bbox 182 1528 1772 1608">
    <p class='ocr_par' dir='ltr' id='par_1_12' title="bbox 182 1528 1772 1608">
     <span class='ocr_line' id='line_1_12' title="bbox 182 1528 1772 1608; baseline -0.004 -17"><span class='ocrx_word' id='word_1_84' title='bbox 182 1537 272 1591; x_wconf 90' lang='lat' dir='ltr'><strong>illo</strong></span> <span class='ocrx_word' id='word_1_85' title='bbox 296 1545 481 1592; x_wconf 82' lang='lat' dir='ltr'><strong>textus</strong></span> <span class='ocrx_word' id='word_1_86' title='bbox 508 1534 933 1608; x_wconf 87' lang='lat' dir='ltr'><strong>Evangeliorum</strong></span> <span class='ocrx_word' id='word_1_87' title='bbox 974 1534 1212 1604; x_wconf 88' lang='lat' dir='ltr'><strong>scriptus</strong></span> <span class='ocrx_word' id='word_1_88' title='bbox 1241 1541 1324 1588; x_wconf 87' lang='lat' dir='ltr'><strong>est</strong></span> <span class='ocrx_word' id='word_1_89' title='bbox 1378 1530 1576 1587; x_wconf 93' lang='lat' dir='ltr'><strong>litteris</strong></span> <span class='ocrx_word' id='word_1_90' title='bbox 1607 1528 1772 1601; x_wconf 92' lang='lat' dir='ltr'><strong>paulo</strong></span> 
     </span>
    </p>
   </div>
   <div class='ocr_carea' id='block_1_13' title="bbox 181 1624 1771 1700">
    <p class='ocr_par' dir='ltr' id='par_1_13' title="bbox 181 1624 1771 1700">
     <span class='ocr_line' id='line_1_13' title="bbox 181 1624 1771 1700; baseline -0.003 -16"><span class='ocrx_word' id='word_1_91' title='bbox 181 1628 505 1700; x_wconf 83' lang='lat' dir='ltr'><strong>majoribus,</strong></span> <span class='ocrx_word' id='word_1_92' title='bbox 529 1627 973 1685; x_wconf 85' lang='lat' dir='ltr'><strong>Commentarios</strong></span> <span class='ocrx_word' id='word_1_93' title='bbox 993 1626 1315 1682; x_wconf 88' lang='lat' dir='ltr'><strong>minoribus.</strong></span> <span class='ocrx_word' id='word_1_94' title='bbox 1350 1625 1412 1680; x_wconf 89' lang='lat' dir='ltr'><strong>In</strong></span> <span class='ocrx_word' id='word_1_95' title='bbox 1436 1624 1540 1681; x_wconf 92' lang='lat' dir='ltr'><strong>hoc</strong></span> <span class='ocrx_word' id='word_1_96' title='bbox 1563 1624 1771 1681; x_wconf 65' lang='lat' dir='ltr'><strong>eaedem</strong></span> 
     </span>
    </p>
   </div>
   <div class='ocr_carea' id='block_1_14' title="bbox 181 1718 1773 1791">
    <p class='ocr_par' dir='ltr' id='par_1_14' title="bbox 181 1718 1773 1791">
     <span class='ocr_line' id='line_1_14' title="bbox 181 1718 1773 1791; baseline -0.003 -12"><span class='ocrx_word' id='word_1_97' title='bbox 181 1732 306 1779; x_wconf 88' lang='lat' dir='ltr'><strong>sunt</strong></span> <span class='ocrx_word' id='word_1_98' title='bbox 336 1723 534 1779; x_wconf 74' lang='lat' dir='ltr'><strong>litterae</strong></span> <span class='ocrx_word' id='word_1_99' title='bbox 563 1723 617 1778; x_wconf 92' lang='lat' dir='ltr'><strong>in</strong></span> <span class='ocrx_word' id='word_1_100' title='bbox 645 1731 798 1779; x_wconf 68' lang='lat' dir='ltr'><strong>textu</strong></span> <span class='ocrx_word' id='word_1_101' title='bbox 822 1722 957 1777; x_wconf 90' lang='lat' dir='ltr'><strong>etin</strong></span> <span class='ocrx_word' id='word_1_102' title='bbox 989 1720 1218 1777; x_wconf 89' lang='lat' dir='ltr'><strong>scholiis</strong></span> <span class='ocrx_word' id='word_1_103' title='bbox 1249 1760 1264 1786; x_wconf 94' lang='lat'><strong>,</strong></span> <span class='ocrx_word' id='word_1_104' title='bbox 1299 1719 1395 1776; x_wconf 90' lang='lat' dir='ltr'><strong>sed</strong></span> <span class='ocrx_word' id='word_1_105' title='bbox 1431 1718 1560 1787; x_wconf 89' lang='lat' dir='ltr'><strong>iste,</strong></span> <span class='ocrx_word' id='word_1_106' title='bbox 1596 1720 1773 1791; x_wconf 79' lang='lat' dir='ltr'><strong>liquo-</strong></span> 
     </span>
    </p>
   </div>
   <div class='ocr_carea' id='block_1_15' title="bbox 181 1810 1771 1884">
    <p class='ocr_par' dir='ltr' id='par_1_15' title="bbox 181 1810 1771 1884">
     <span class='ocr_line' id='line_1_15' title="bbox 181 1810 1771 1884; baseline -0.003 -13"><span class='ocrx_word' id='word_1_107' title='bbox 181 1831 237 1871; x_wconf 88' lang='lat' dir='ltr'><strong>re</strong></span> <span class='ocrx_word' id='word_1_108' title='bbox 263 1817 449 1882; x_wconf 89' lang='lat' dir='ltr'><strong>rubro,</strong></span> <span class='ocrx_word' id='word_1_109' title='bbox 500 1815 639 1879; x_wconf 79' lang='lat' dir='ltr'><strong>haec,</strong></span> <span class='ocrx_word' id='word_1_110' title='bbox 681 1823 993 1869; x_wconf 89' lang='lat' dir='ltr'><strong>atramento</strong></span> <span class='ocrx_word' id='word_1_111' title='bbox 1043 1814 1247 1884; x_wconf 80' lang='lat' dir='ltr'><strong>scripta</strong></span> <span class='ocrx_word' id='word_1_112' title='bbox 1297 1821 1446 1868; x_wconf 89' lang='lat' dir='ltr'><strong>sunt.</strong></span> <span class='ocrx_word' id='word_1_113' title='bbox 1494 1812 1663 1868; x_wconf 82' lang='lat' dir='ltr'><strong>Istum</strong></span> <span class='ocrx_word' id='word_1_114' title='bbox 1715 1810 1771 1866; x_wconf 92' lang='lat' dir='ltr'><strong>in</strong></span> 
     </span>
    </p>
   </div>
   <div class='ocr_carea' id='block_1_16' title="bbox 182 1903 1766 1975">
    <p class='ocr_par' dir='ltr' id='par_1_16' title="bbox 182 1903 1766 1975">
     <span class='ocr_line' id='line_1_16' title="bbox 182 1903 1766 1975; baseline -0.003 -14"><span class='ocrx_word' id='word_1_115' title='bbox 182 1923 295 1962; x_wconf 88' lang='lat' dir='ltr'><strong>mea</strong></span> <span class='ocrx_word' id='word_1_116' title='bbox 320 1905 453 1961; x_wconf 73' lang='lat' dir='ltr'><strong>Novi</strong></span> <span class='ocrx_word' id='word_1_117' title='bbox 492 1905 827 1961; x_wconf 86' lang='lat' dir='ltr'><strong>Testamenti</strong></span> <span class='ocrx_word' id='word_1_118' title='bbox 856 1903 1099 1960; x_wconf 89' lang='lat' dir='ltr'><strong>editione</strong></span> <span class='ocrx_word' id='word_1_119' title='bbox 1138 1904 1409 1975; x_wconf 78' lang='lat' dir='ltr'><strong>appellavi</strong></span> <span class='ocrx_word' id='word_1_120' title='bbox 1445 1920 1499 1969; x_wconf 83' lang='grc' dir='ltr'><em>η,</em></span> <span class='ocrx_word' id='word_1_121' title='bbox 1536 1903 1683 1959; x_wconf 90' lang='lat' dir='ltr'><strong>hunc</strong></span> <span class='ocrx_word' id='word_1_122' title='bbox 1727 1904 1766 1957; x_wconf 76' lang='grc' dir='ltr'><strong>ἰ.</strong></span> 
     </span>
    </p>
   </div>
   <div class='ocr_carea' id='block_1_17' title="bbox 1868 682 3474 765">
    <p class='ocr_par' dir='ltr' id='par_1_17' title="bbox 1868 682 3474 765">
     <span class='ocr_line' id='line_1_17' title="bbox 1868 682 3474 765; baseline -0.007 -16"><span class='ocrx_word' id='word_1_123' title='bbox 1868 695 2162 751; x_wconf 84' lang='lat' dir='ltr'><strong>recentiori</strong></span> <span class='ocrx_word' id='word_1_124' title='bbox 2197 693 2496 765; x_wconf 84' lang='lat' dir='ltr'><strong>asc-riptum</strong></span> <span class='ocrx_word' id='word_1_125' title='bbox 2561 690 2731 746; x_wconf 85' lang='lat' dir='ltr'><strong>habet</strong></span> <span class='ocrx_word' id='word_1_126' title='bbox 2764 702 2967 745; x_wconf 89' lang='lat' dir='ltr'><strong>nomen</strong></span> <span class='ocrx_word' id='word_1_127' title='bbox 3026 685 3231 742; x_wconf 62' lang='lat' dir='ltr'><strong>Niceta:</strong></span> <span class='ocrx_word' id='word_1_128' title='bbox 3276 682 3474 740; x_wconf 88' lang='lat' dir='ltr'><strong>Serra-</strong></span> 
     </span>
    </p>
   </div>
   <div class='ocr_carea' id='block_1_18' title="bbox 1869 778 3444 860">
    <p class='ocr_par' dir='ltr' id='par_1_18' title="bbox 1869 778 3444 860">
     <span class='ocr_line' id='line_1_18' title="bbox 1869 778 3444 860; baseline -0.008 -16"><span class='ocrx_word' id='word_1_129' title='bbox 1869 805 2013 855; x_wconf 91' lang='lat' dir='ltr'><strong>rum,</strong></span> <span class='ocrx_word' id='word_1_130' title='bbox 2045 789 2138 860; x_wconf 81' lang='lat' dir='ltr'><strong>qui</strong></span> <span class='ocrx_word' id='word_1_131' title='bbox 2162 788 2323 860; x_wconf 84' lang='lat' dir='ltr'><strong>vulgo</strong></span> <span class='ocrx_word' id='word_1_132' title='bbox 2361 784 2745 841; x_wconf 83' lang='lat' dir='ltr'><strong>Heracleensis</strong></span> <span class='ocrx_word' id='word_1_133' title='bbox 2769 781 3096 853; x_wconf 72' lang='lat' dir='ltr'><strong>appellatur.</strong></span> <span class='ocrx_word' id='word_1_134' title='bbox 3139 780 3291 835; x_wconf 84' lang='lat' dir='ltr'><strong>Alter</strong></span> <span class='ocrx_word' id='word_1_135' title='bbox 3320 778 3444 833; x_wconf 83' lang='lat' dir='ltr'><strong>Pari</strong></span> 
     </span>
    </p>
   </div>
   <div class='ocr_carea' id='block_1_19' title="bbox 1868 872 3471 948">
    <p class='ocr_par' dir='ltr' id='par_1_19' title="bbox 1868 872 3471 948">
     <span class='ocr_line' id='line_1_19' title="bbox 1868 872 3471 948; baseline -0.007 -10"><span class='ocrx_word' id='word_1_136' title='bbox 1868 883 2047 948; x_wconf 89' lang='lat' dir='ltr'><strong>sinus,</strong></span> <span class='ocrx_word' id='word_1_137' title='bbox 2084 890 2142 936; x_wconf 92' lang='lat' dir='ltr'><strong>ut</strong></span> <span class='ocrx_word' id='word_1_138' title='bbox 2170 882 2429 945; x_wconf 81' lang='lat' dir='ltr'><strong>arbitror,</strong></span> <span class='ocrx_word' id='word_1_139' title='bbox 2466 877 2762 944; x_wconf 86' lang='lat' dir='ltr'><strong>recentior,</strong></span> <span class='ocrx_word' id='word_1_140' title='bbox 2809 875 3004 931; x_wconf 81' lang='lat' dir='ltr'><strong>tribuit</strong></span> <span class='ocrx_word' id='word_1_141' title='bbox 3035 872 3471 945; x_wconf 83' lang='lat' dir='ltr'><strong>Theopbylacto,</strong></span> 
     </span>
    </p>
   </div>
   <div class='ocr_carea' id='block_1_20' title="bbox 1868 963 3480 1045">
    <p class='ocr_par' dir='ltr' id='par_1_20' title="bbox 1868 963 3480 1045">
     <span class='ocr_line' id='line_1_20' title="bbox 1868 963 3480 1045; baseline -0.008 -15"><span class='ocrx_word' id='word_1_142' title='bbox 1868 989 2031 1045; x_wconf 85' lang='lat' dir='ltr'><strong>quem</strong></span> <span class='ocrx_word' id='word_1_143' title='bbox 2086 973 2343 1043; x_wconf 82' lang='lat' dir='ltr'><strong>appellat,</strong></span> <span class='ocrx_word' id='word_1_144' title='bbox 2399 970 2492 1023; x_wconf 84' lang='grc' dir='ltr'><strong>τὸν</strong></span> <span class='ocrx_word' id='word_1_145' title='bbox 2545 967 2843 1040; x_wconf 77' lang='grc' dir='ltr'><strong>ἱερώτατον</strong></span> <span class='ocrx_word' id='word_1_146' title='bbox 2894 964 3259 1036; x_wconf 67' lang='grc' dir='ltr'><strong>Βουλγαρίις,</strong></span> <span class='ocrx_word' id='word_1_147' title='bbox 3312 963 3480 1018; x_wconf 85' lang='lat' dir='ltr'><strong>nimi—</strong></span> 
     </span>
    </p>
   </div>
   <div class='ocr_carea' id='block_1_21' title="bbox 1872 1050 3480 1136">
    <p class='ocr_par' dir='ltr' id='par_1_21' title="bbox 1872 1050 3480 1136">
     <span class='ocr_line' id='line_1_21' title="bbox 1872 1050 3480 1136; baseline -0.005 -16"><span class='ocrx_word' id='word_1_148' title='bbox 1872 1050 2007 1121; x_wconf 83' lang='lat' dir='ltr'><strong>rum</strong></span> <span class='ocrx_word' id='word_1_149' title='bbox 2049 1064 2507 1136; x_wconf 79' lang='grc' dir='ltr'>ἀρχιεπίσκοπον.</span> <span class='ocrx_word' id='word_1_150' title='bbox 2571 1060 2724 1116; x_wconf 82' lang='lat' dir='ltr'><strong>Meus</strong></span> <span class='ocrx_word' id='word_1_151' title='bbox 2759 1058 2821 1113; x_wconf 89' lang='lat' dir='ltr'><strong>B.</strong></span> <span class='ocrx_word' id='word_1_152' title='bbox 2874 1058 2997 1115; x_wconf 91' lang='lat' dir='ltr'><strong>loco</strong></span> <span class='ocrx_word' id='word_1_153' title='bbox 3049 1056 3255 1112; x_wconf 85' lang='lat' dir='ltr'><strong>Indicis</strong></span> <span class='ocrx_word' id='word_1_154' title='bbox 3314 1056 3480 1112; x_wconf 77' lang='lat' dir='ltr'><strong>habet</strong></span> 
     </span>
    </p>
   </div>
   <div class='ocr_carea' id='block_1_22' title="bbox 1872 1151 3480 1231">
    <p class='ocr_par' dir='ltr' id='par_1_22' title="bbox 1872 1151 3480 1231">
     <span class='ocr_line' id='line_1_22' title="bbox 1872 1151 3480 1231; baseline -0.007 -14"><span class='ocrx_word' id='word_1_155' title='bbox 1872 1160 2109 1231; x_wconf 83' lang='lat' dir='ltr'><strong>spatium</strong></span> <span class='ocrx_word' id='word_1_156' title='bbox 2154 1173 2409 1220; x_wconf 88' lang='lat' dir='ltr'><strong>vacuum,</strong></span> <span class='ocrx_word' id='word_1_157' title='bbox 2443 1156 2564 1212; x_wconf 89' lang='lat' dir='ltr'><strong>ideo</strong></span> <span class='ocrx_word' id='word_1_158' title='bbox 2587 1154 2821 1211; x_wconf 78' lang='lat' dir='ltr'><strong>fortasse</strong></span> <span class='ocrx_word' id='word_1_159' title='bbox 2863 1195 2878 1220; x_wconf 82' lang='lat'><strong>,</strong></span> <span class='ocrx_word' id='word_1_160' title='bbox 2908 1161 2968 1208; x_wconf 93' lang='lat' dir='ltr'><strong>ut</strong></span> <span class='ocrx_word' id='word_1_161' title='bbox 3000 1162 3191 1223; x_wconf 87' lang='lat' dir='ltr'><strong>postea</strong></span> <span class='ocrx_word' id='word_1_162' title='bbox 3213 1167 3244 1207; x_wconf 87' lang='lat' dir='ltr'><strong>a</strong></span> <span class='ocrx_word' id='word_1_163' title='bbox 3270 1151 3480 1223; x_wconf 84' lang='lat' dir='ltr'><strong>pictore</strong></span> 
     </span>
    </p>
   </div>
   <div class='ocr_carea' id='block_1_23' title="bbox 1873 1246 3479 1315">
    <p class='ocr_par' dir='ltr' id='par_1_23' title="bbox 1873 1246 3479 1315">
     <span class='ocr_line' id='line_1_23' title="bbox 1873 1246 3479 1315; baseline -0.006 -9"><span class='ocrx_word' id='word_1_164' title='bbox 1873 1266 2033 1315; x_wconf 88' lang='lat' dir='ltr'><strong>auro,</strong></span> <span class='ocrx_word' id='word_1_165' title='bbox 2062 1248 2254 1305; x_wconf 81' lang='lat' dir='ltr'><strong>aliisve</strong></span> <span class='ocrx_word' id='word_1_166' title='bbox 2296 1248 2578 1305; x_wconf 88' lang='lat' dir='ltr'><strong>coloribus</strong></span> <span class='ocrx_word' id='word_1_167' title='bbox 2613 1246 2911 1302; x_wconf 83' lang='lat' dir='ltr'><strong>adderetur</strong></span> <span class='ocrx_word' id='word_1_168' title='bbox 2949 1253 3117 1315; x_wconf 85' lang='lat' dir='ltr'><strong>atque</strong></span> <span class='ocrx_word' id='word_1_169' title='bbox 3162 1252 3479 1300; x_wconf 87' lang='lat' dir='ltr'><strong>ornaretur.</strong></span> 
     </span>
    </p>
   </div>
   <div class='ocr_carea' id='block_1_24' title="bbox 1874 1336 3485 1410">
    <p class='ocr_par' dir='ltr' id='par_1_24' title="bbox 1874 1336 3485 1410">
     <span class='ocr_line' id='line_1_24' title="bbox 1874 1336 3485 1410; baseline -0.004 -13"><span class='ocrx_word' id='word_1_170' title='bbox 1874 1343 2119 1398; x_wconf 87' lang='lat' dir='ltr'><strong>indicem</strong></span> <span class='ocrx_word' id='word_1_171' title='bbox 2166 1342 2373 1398; x_wconf 85' lang='lat' dir='ltr'><strong>codicis</strong></span> <span class='ocrx_word' id='word_1_172' title='bbox 2404 1340 2446 1395; x_wconf 85' lang='grc' dir='ltr'><em>Α</em></span> <span class='ocrx_word' id='word_1_173' title='bbox 2486 1337 2734 1410; x_wconf 82' lang='lat' dir='ltr'><strong>expressi</strong></span> <span class='ocrx_word' id='word_1_174' title='bbox 2777 1354 2831 1408; x_wconf 91' lang='lat' dir='ltr'><strong>p.</strong></span> <span class='ocrx_word' id='word_1_175' title='bbox 2871 1336 2960 1394; x_wconf 83' lang='grc'><strong>10.</strong></span> <span class='ocrx_word' id='word_1_176' title='bbox 3016 1336 3323 1393; x_wconf 90' lang='lat' dir='ltr'><strong>llentenius</strong></span> <span class='ocrx_word' id='word_1_177' title='bbox 3358 1336 3485 1391; x_wconf 84' lang='lat' dir='ltr'><strong>nul-</strong></span> 
     </span>
    </p>
   </div>
   <div class='ocr_carea' id='block_1_25' title="bbox 1875 1429 3486 1505">
    <p class='ocr_par' dir='ltr' id='par_1_25' title="bbox 1875 1429 3486 1505">
     <span class='ocr_line' id='line_1_25' title="bbox 1875 1429 3486 1505; baseline -0.004 -17"><span class='ocrx_word' id='word_1_178' title='bbox 1875 1434 1987 1489; x_wconf 91' lang='lat' dir='ltr'><strong>lum</strong></span> <span class='ocrx_word' id='word_1_179' title='bbox 2017 1435 2237 1490; x_wconf 83' lang='lat' dir='ltr'><strong>videtur</strong></span> <span class='ocrx_word' id='word_1_180' title='bbox 2286 1434 2578 1505; x_wconf 89' lang='lat' dir='ltr'><strong>reperisse,</strong></span> <span class='ocrx_word' id='word_1_181' title='bbox 2619 1440 2677 1486; x_wconf 93' lang='lat' dir='ltr'><strong>ut</strong></span> <span class='ocrx_word' id='word_1_182' title='bbox 2702 1447 2769 1486; x_wconf 80' lang='lat' dir='ltr'><strong>ex</strong></span> <span class='ocrx_word' id='word_1_183' title='bbox 2804 1430 2926 1500; x_wconf 87' lang='lat' dir='ltr'><strong>ejus</strong></span> <span class='ocrx_word' id='word_1_184' title='bbox 2952 1429 3280 1502; x_wconf 73' lang='lat' dir='ltr'><strong>praefatione</strong></span> <span class='ocrx_word' id='word_1_185' title='bbox 3310 1438 3367 1485; x_wconf 92' lang='lat' dir='ltr'><strong>et</strong></span> <span class='ocrx_word' id='word_1_186' title='bbox 3400 1429 3486 1484; x_wconf 89' lang='lat' dir='ltr'><strong>in-</strong></span> 
     </span>
    </p>
   </div>
   <div class='ocr_carea' id='block_1_26' title="bbox 1878 1523 3487 1598">
    <p class='ocr_par' dir='ltr' id='par_1_26' title="bbox 1878 1523 3487 1598">
     <span class='ocr_line' id='line_1_26' title="bbox 1878 1523 3487 1598; baseline -0.001 -17"><span class='ocrx_word' id='word_1_187' title='bbox 1878 1527 2277 1598; x_wconf 87' lang='lat' dir='ltr'><strong>terpretatione</strong></span> <span class='ocrx_word' id='word_1_188' title='bbox 2312 1541 2368 1597; x_wconf 90' lang='lat' dir='ltr'><strong>p.</strong></span> <span class='ocrx_word' id='word_1_189' title='bbox 2408 1525 2460 1592; x_wconf 87' lang='lat'><strong>9,</strong></span> <span class='ocrx_word' id='word_1_190' title='bbox 2492 1524 2675 1597; x_wconf 86' lang='lat' dir='ltr'><strong>colligi</strong></span> <span class='ocrx_word' id='word_1_191' title='bbox 2708 1531 2907 1595; x_wconf 88' lang='lat' dir='ltr'><strong>petest.</strong></span> <span class='ocrx_word' id='word_1_192' title='bbox 2967 1523 3026 1578; x_wconf 92' lang='lat' dir='ltr'><strong>In</strong></span> <span class='ocrx_word' id='word_1_193' title='bbox 3052 1539 3118 1579; x_wconf 91' lang='lat' dir='ltr'><strong>eo</strong></span> <span class='ocrx_word' id='word_1_194' title='bbox 3151 1532 3337 1578; x_wconf 88' lang='lat' dir='ltr'><strong>autem</strong></span> <span class='ocrx_word' id='word_1_195' title='bbox 3387 1538 3487 1580; x_wconf 91' lang='lat' dir='ltr'><strong>ve-</strong></span> 
     </span>
    </p>
   </div>
   <div class='ocr_carea' id='block_1_27' title="bbox 1876 1615 3488 1688">
    <p class='ocr_par' dir='ltr' id='par_1_27' title="bbox 1876 1615 3488 1688">
     <span class='ocr_line' id='line_1_27' title="bbox 1876 1615 3488 1688; baseline -0.001 -14"><span class='ocrx_word' id='word_1_196' title='bbox 1876 1618 2167 1683; x_wconf 87' lang='lat' dir='ltr'><strong>hementer</strong></span> <span class='ocrx_word' id='word_1_197' title='bbox 2204 1628 2354 1674; x_wconf 85' lang='lat' dir='ltr'><strong>errat</strong></span> <span class='ocrx_word' id='word_1_198' title='bbox 2392 1618 2700 1673; x_wconf 78' lang='lat' dir='ltr'><strong>Richardus</strong></span> <span class='ocrx_word' id='word_1_199' title='bbox 2749 1615 3049 1682; x_wconf 90' lang='lat' dir='ltr'><strong>Simonius,</strong></span> <span class='ocrx_word' id='word_1_200' title='bbox 3100 1616 3246 1688; x_wconf 87' lang='lat' dir='ltr'><strong>quod</strong></span> <span class='ocrx_word' id='word_1_201' title='bbox 3278 1617 3488 1673; x_wconf 87' lang='lat' dir='ltr'><strong>litteras</strong></span> 
     </span>
    </p>
   </div>
   <div class='ocr_carea' id='block_1_28' title="bbox 1877 1709 3487 1783">
    <p class='ocr_par' dir='ltr' id='par_1_28' title="bbox 1877 1709 3487 1783">
     <span class='ocr_line' id='line_1_28' title="bbox 1877 1709 3487 1783; baseline -0.002 -17"><span class='ocrx_word' id='word_1_202' title='bbox 1877 1713 1979 1783; x_wconf 83' lang='grc' dir='ltr'><strong>ἀμ.</strong></span> <span class='ocrx_word' id='word_1_203' title='bbox 2014 1727 2114 1783; x_wconf 92' lang='lat' dir='ltr'><strong>pro</strong></span> <span class='ocrx_word' id='word_1_204' title='bbox 2152 1710 2459 1782; x_wconf 76' lang='grc' dir='ltr'><strong>Ἀμμώνιος</strong></span> <span class='ocrx_word' id='word_1_205' title='bbox 2494 1710 2729 1780; x_wconf 86' lang='lat' dir='ltr'><strong>accepit.</strong></span> <span class='ocrx_word' id='word_1_206' title='bbox 2773 1709 2906 1765; x_wconf 86' lang='lat' dir='ltr'><strong>Nam</strong></span> <span class='ocrx_word' id='word_1_207' title='bbox 2946 1710 3225 1765; x_wconf 83' lang='lat' dir='ltr'><strong>Ammonii</strong></span> <span class='ocrx_word' id='word_1_208' title='bbox 3263 1726 3487 1775; x_wconf 86' lang='lat' dir='ltr'><strong>nomen,</strong></span> 
     </span>
    </p>
   </div>
   <div class='ocr_carea' id='block_1_29' title="bbox 1883 1803 3492 1879">
    <p class='ocr_par' dir='ltr' id='par_1_29' title="bbox 1883 1803 3492 1879">
     <span class='ocr_line' id='line_1_29' title="bbox 1883 1803 3492 1879; baseline -0.001 -19"><span class='ocrx_word' id='word_1_209' title='bbox 1883 1807 2021 1879; x_wconf 88' lang='lat' dir='ltr'><strong>quod</strong></span> <span class='ocrx_word' id='word_1_210' title='bbox 2053 1805 2314 1877; x_wconf 86' lang='lat' dir='ltr'><strong>frequens</strong></span> <span class='ocrx_word' id='word_1_211' title='bbox 2343 1814 2430 1861; x_wconf 91' lang='lat' dir='ltr'><strong>est</strong></span> <span class='ocrx_word' id='word_1_212' title='bbox 2461 1804 2515 1858; x_wconf 93' lang='lat' dir='ltr'><strong>in</strong></span> <span class='ocrx_word' id='word_1_213' title='bbox 2552 1806 2765 1859; x_wconf 85' lang='lat' dir='ltr'><strong>catenis</strong></span> <span class='ocrx_word' id='word_1_214' title='bbox 2814 1803 3043 1870; x_wconf 77' lang='lat' dir='ltr'><strong>Graecis,</strong></span> <span class='ocrx_word' id='word_1_215' title='bbox 3102 1807 3157 1860; x_wconf 91' lang='lat' dir='ltr'><strong>in</strong></span> <span class='ocrx_word' id='word_1_216' title='bbox 3204 1804 3492 1861; x_wconf 88' lang='lat' dir='ltr'><strong>codicibus</strong></span> 
     </span>
    </p>
   </div>
   <div class='ocr_carea' id='block_1_30' title="bbox 1879 1898 3493 1973">
    <p class='ocr_par' dir='ltr' id='par_1_30' title="bbox 1879 1898 3493 1973">
     <span class='ocr_line' id='line_1_30' title="bbox 1879 1898 3493 1973; baseline -0.002 -16"><span class='ocrx_word' id='word_1_217' title='bbox 1879 1901 2105 1973; x_wconf 84' lang='lat' dir='ltr'><strong>quidem</strong></span> <span class='ocrx_word' id='word_1_218' title='bbox 2140 1898 2564 1971; x_wconf 82' lang='lat' dir='ltr'><strong>Mosquensibus</strong></span> <span class='ocrx_word' id='word_1_219' title='bbox 2591 1913 2878 1969; x_wconf 86' lang='lat' dir='ltr'><strong>nunquam</strong></span> <span class='ocrx_word' id='word_1_220' title='bbox 2916 1898 3101 1953; x_wconf 91' lang='lat' dir='ltr'><strong>inveni</strong></span> <span class='ocrx_word' id='word_1_221' title='bbox 3138 1913 3249 1954; x_wconf 91' lang='lat' dir='ltr'><strong>uno</strong></span> <span class='ocrx_word' id='word_1_222' title='bbox 3282 1918 3321 1968; x_wconf 87' lang='grc' dir='ltr'><strong>μ</strong></span> <span class='ocrx_word' id='word_1_223' title='bbox 3353 1900 3493 1956; x_wconf 69' lang='lat' dir='ltr'><strong>Seri-</strong></span> 
     </span>
    </p>
   </div>
   <div class='ocr_carea' id='block_1_31' title="bbox 182 1990 3489 2071">
    <p class='ocr_par' dir='ltr' id='par_1_31' title="bbox 182 1990 3489 2071">
     <span class='ocr_line' id='line_1_31' title="bbox 182 1990 3489 2071; baseline -0.002 -19"><span class='ocrx_word' id='word_1_224' title='bbox 182 1999 253 2053; x_wconf 86' lang='lat' dir='ltr'><strong>De</strong></span> <span class='ocrx_word' id='word_1_225' title='bbox 298 2008 531 2071; x_wconf 89' lang='lat' dir='ltr'><strong>utroque</strong></span> <span class='ocrx_word' id='word_1_226' title='bbox 571 1998 797 2070; x_wconf 76' lang='lat' dir='ltr'><strong>exposui</strong></span> <span class='ocrx_word' id='word_1_227' title='bbox 832 1998 900 2052; x_wconf 91' lang='lat' dir='ltr'><strong>ad</strong></span> <span class='ocrx_word' id='word_1_228' title='bbox 933 1997 1219 2069; x_wconf 87' lang='lat' dir='ltr'><strong>epistolam</strong></span> <span class='ocrx_word' id='word_1_229' title='bbox 1255 1996 1406 2050; x_wconf 86' lang='lat' dir='ltr'><strong>Pauli</strong></span> <span class='ocrx_word' id='word_1_230' title='bbox 1442 1996 1510 2051; x_wconf 91' lang='lat' dir='ltr'><strong>ad</strong></span> <span class='ocrx_word' id='word_1_231' title='bbox 1539 1995 1777 2051; x_wconf 87' lang='lat' dir='ltr'><strong>Thcssa-</strong></span> <span class='ocrx_word' id='word_1_232' title='bbox 1804 1990 1853 2051; x_wconf 88' lang='lat' dir='ltr'><strong>B</strong></span> <span class='ocrx_word' id='word_1_233' title='bbox 1885 2007 2064 2069; x_wconf 81' lang='lat' dir='ltr'><strong>ptum,</strong></span> <span class='ocrx_word' id='word_1_234' title='bbox 2107 1995 2211 2051; x_wconf 84' lang='lat' dir='ltr'><strong>etsi</strong></span> <span class='ocrx_word' id='word_1_235' title='bbox 2256 1994 2392 2067; x_wconf 86' lang='lat' dir='ltr'><strong>sigla</strong></span> <span class='ocrx_word' id='word_1_236' title='bbox 2414 2000 2581 2049; x_wconf 87' lang='lat' dir='ltr'><strong>esset.</strong></span> <span class='ocrx_word' id='word_1_237' title='bbox 2637 1992 2764 2062; x_wconf 84' lang='grc' dir='ltr'><strong>Ἀμ.</strong></span> <span class='ocrx_word' id='word_1_238' title='bbox 2799 2007 2951 2063; x_wconf 87' lang='lat' dir='ltr'><strong>ergo,</strong></span> <span class='ocrx_word' id='word_1_239' title='bbox 3006 1993 3153 2063; x_wconf 88' lang='lat' dir='ltr'><strong>quod</strong></span> <span class='ocrx_word' id='word_1_240' title='bbox 3208 1993 3372 2047; x_wconf 82' lang='lat' dir='ltr'><strong>etiam</strong></span> <span class='ocrx_word' id='word_1_241' title='bbox 3436 1993 3489 2046; x_wconf 88' lang='lat' dir='ltr'><strong>in</strong></span> 
     </span>
    </p>
   </div>
   <div class='ocr_carea' id='block_1_32' title="bbox 181 2089 1777 2161">
    <p class='ocr_par' dir='ltr' id='par_1_32' title="bbox 181 2089 1777 2161">
     <span class='ocr_line' id='line_1_32' title="bbox 181 2089 1777 2161; baseline 0.002 -18"><span class='ocrx_word' id='word_1_242' title='bbox 181 2092 515 2156; x_wconf 89' lang='lat' dir='ltr'><strong>loniccnscs,</strong></span> <span class='ocrx_word' id='word_1_243' title='bbox 541 2107 597 2161; x_wconf 92' lang='lat' dir='ltr'><strong>p.</strong></span> <span class='ocrx_word' id='word_1_244' title='bbox 622 2091 750 2149; x_wconf 73' lang='lat'><strong>20:2.</strong></span> <span class='ocrx_word' id='word_1_245' title='bbox 798 2090 925 2145; x_wconf 76' lang='grc'><strong>205.</strong></span> <span class='ocrx_word' id='word_1_246' title='bbox 964 2090 1281 2161; x_wconf 81' lang='lat' dir='ltr'><strong>Specimina</strong></span> <span class='ocrx_word' id='word_1_247' title='bbox 1322 2089 1630 2145; x_wconf 81' lang='lat' dir='ltr'><strong>litterarum</strong></span> <span class='ocrx_word' id='word_1_248' title='bbox 1668 2105 1777 2146; x_wconf 67' lang='lat' dir='ltr'><strong>acre</strong></span> 
     </span>
    </p>
   </div>
   <div class='ocr_carea' id='block_1_33' title="bbox 180 2181 1779 2255">
    <p class='ocr_par' dir='ltr' id='par_1_33' title="bbox 180 2181 1779 2255">
     <span class='ocr_line' id='line_1_33' title="bbox 180 2181 1779 2255; baseline -0.001 -15"><span class='ocrx_word' id='word_1_249' title='bbox 180 2201 445 2255; x_wconf 72' lang='lat' dir='ltr'><strong>expressa</strong></span> <span class='ocrx_word' id='word_1_250' title='bbox 505 2184 730 2240; x_wconf 71' lang='lat' dir='ltr'><strong>exhibui</strong></span> <span class='ocrx_word' id='word_1_251' title='bbox 785 2185 851 2239; x_wconf 91' lang='lat' dir='ltr'><strong>ad</strong></span> <span class='ocrx_word' id='word_1_252' title='bbox 920 2184 1273 2255; x_wconf 69' lang='lat' dir='ltr'><strong>Evangelium</strong></span> <span class='ocrx_word' id='word_1_253' title='bbox 1326 2181 1556 2239; x_wconf 83' lang='lat' dir='ltr'><strong>Joannis</strong></span> <span class='ocrx_word' id='word_1_254' title='bbox 1617 2184 1779 2239; x_wconf 88' lang='lat' dir='ltr'><strong>istius</strong></span> 
     </span>
    </p>
   </div>
   <div class='ocr_carea' id='block_1_34' title="bbox 177 2276 1778 2349">
    <p class='ocr_par' dir='ltr' id='par_1_34' title="bbox 177 2276 1778 2349">
     <span class='ocr_line' id='line_1_34' title="bbox 177 2276 1778 2349; baseline 0 -16"><span class='ocrx_word' id='word_1_255' title='bbox 177 2278 453 2333; x_wconf 66' lang='lat' dir='ltr'><strong>editionis.</strong></span> <span class='ocrx_word' id='word_1_256' title='bbox 486 2278 666 2333; x_wconf 82' lang='lat' dir='ltr'><strong>Codex</strong></span> <span class='ocrx_word' id='word_1_257' title='bbox 702 2276 763 2332; x_wconf 82' lang='grc' dir='ltr'><strong>Β.</strong></span> <span class='ocrx_word' id='word_1_258' title='bbox 817 2278 1170 2349; x_wconf 78' lang='lat' dir='ltr'><strong>praestantior</strong></span> <span class='ocrx_word' id='word_1_259' title='bbox 1215 2286 1299 2332; x_wconf 90' lang='lat' dir='ltr'><strong>cst</strong></span> <span class='ocrx_word' id='word_1_260' title='bbox 1332 2277 1526 2341; x_wconf 87' lang='lat' dir='ltr'><strong>altero,</strong></span> <span class='ocrx_word' id='word_1_261' title='bbox 1561 2292 1590 2332; x_wconf 93' lang='lat' dir='ltr'><strong>a</strong></span> <span class='ocrx_word' id='word_1_262' title='bbox 1639 2279 1778 2333; x_wconf 89' lang='lat' dir='ltr'><strong>scri-</strong></span> 
     </span>
    </p>
   </div>
   <div class='ocr_carea' id='block_1_35' title="bbox 178 2368 1780 2441">
    <p class='ocr_par' dir='ltr' id='par_1_35' title="bbox 178 2368 1780 2441">
     <span class='ocr_line' id='line_1_35' title="bbox 178 2368 1780 2441; baseline -0.001 -15"><span class='ocrx_word' id='word_1_263' title='bbox 178 2371 241 2426; x_wconf 83' lang='lat' dir='ltr'><strong>ba</strong></span> <span class='ocrx_word' id='word_1_264' title='bbox 270 2372 605 2439; x_wconf 74' lang='lat' dir='ltr'><strong>diligentiori</strong></span> <span class='ocrx_word' id='word_1_265' title='bbox 633 2386 696 2426; x_wconf 89' lang='lat' dir='ltr'><strong>ac</strong></span> <span class='ocrx_word' id='word_1_266' title='bbox 738 2372 972 2426; x_wconf 80' lang='lat' dir='ltr'><strong>fideliori</strong></span> <span class='ocrx_word' id='word_1_267' title='bbox 1000 2371 1261 2441; x_wconf 89' lang='lat' dir='ltr'><strong>scriptus.</strong></span> <span class='ocrx_word' id='word_1_268' title='bbox 1313 2368 1449 2425; x_wconf 86' lang='lat' dir='ltr'><strong>Nam</strong></span> <span class='ocrx_word' id='word_1_269' title='bbox 1477 2371 1616 2427; x_wconf 85' lang='lat' dir='ltr'><strong>alter</strong></span> <span class='ocrx_word' id='word_1_270' title='bbox 1638 2371 1780 2426; x_wconf 85' lang='lat' dir='ltr'><strong>scri-</strong></span> 
     </span>
    </p>
   </div>
   <div class='ocr_carea' id='block_1_36' title="bbox 182 2463 1781 2537">
    <p class='ocr_par' dir='ltr' id='par_1_36' title="bbox 182 2463 1781 2537">
     <span class='ocr_line' id='line_1_36' title="bbox 182 2463 1781 2537; baseline -0.001 -17"><span class='ocrx_word' id='word_1_271' title='bbox 182 2468 243 2520; x_wconf 72' lang='lat' dir='ltr'><strong>lia</strong></span> <span class='ocrx_word' id='word_1_272' title='bbox 302 2466 504 2537; x_wconf 81' lang='lat' dir='ltr'><strong>saepius</strong></span> <span class='ocrx_word' id='word_1_273' title='bbox 559 2467 836 2522; x_wconf 86' lang='lat' dir='ltr'><strong>aberravit</strong></span> <span class='ocrx_word' id='word_1_274' title='bbox 886 2476 942 2523; x_wconf 90' lang='lat' dir='ltr'><strong>et</strong></span> <span class='ocrx_word' id='word_1_275' title='bbox 994 2467 1048 2521; x_wconf 93' lang='lat' dir='ltr'><strong>in</strong></span> <span class='ocrx_word' id='word_1_276' title='bbox 1097 2466 1327 2521; x_wconf 91' lang='lat' dir='ltr'><strong>scholiis</strong></span> <span class='ocrx_word' id='word_1_277' title='bbox 1392 2465 1460 2520; x_wconf 89' lang='lat' dir='ltr'><strong>ad</strong></span> <span class='ocrx_word' id='word_1_278' title='bbox 1511 2463 1781 2527; x_wconf 81' lang='lat' dir='ltr'><strong>Joannem</strong></span> 
     </span>
    </p>
   </div>
   <div class='ocr_carea' id='block_1_37' title="bbox 182 2560 1780 2632">
    <p class='ocr_par' dir='ltr' id='par_1_37' title="bbox 182 2560 1780 2632">
     <span class='ocr_line' id='line_1_37' title="bbox 182 2560 1780 2632; baseline 0.001 -19"><span class='ocrx_word' id='word_1_279' title='bbox 182 2561 348 2614; x_wconf 87' lang='lat' dir='ltr'><strong>multa</strong></span> <span class='ocrx_word' id='word_1_280' title='bbox 378 2563 458 2614; x_wconf 90' lang='lat' dir='ltr'><strong>vel</strong></span> <span class='ocrx_word' id='word_1_281' title='bbox 487 2577 585 2630; x_wconf 91' lang='lat' dir='ltr'><strong>per</strong></span> <span class='ocrx_word' id='word_1_282' title='bbox 624 2562 923 2632; x_wconf 73' lang='lat' dir='ltr'><strong>pigritiam,</strong></span> <span class='ocrx_word' id='word_1_283' title='bbox 957 2562 1043 2615; x_wconf 93' lang='lat' dir='ltr'><strong>vel</strong></span> <span class='ocrx_word' id='word_1_284' title='bbox 1086 2576 1184 2631; x_wconf 92' lang='lat' dir='ltr'><strong>per</strong></span> <span class='ocrx_word' id='word_1_285' title='bbox 1242 2560 1491 2615; x_wconf 81' lang='lat' dir='ltr'><strong>fraudem</strong></span> <span class='ocrx_word' id='word_1_286' title='bbox 1552 2570 1780 2629; x_wconf 66' lang='lat' dir='ltr'><strong>praetcr-</strong></span> 
     </span>
    </p>
   </div>
   <div class='ocr_carea' id='block_1_38' title="bbox 183 2652 1784 2723">
    <p class='ocr_par' dir='ltr' id='par_1_38' title="bbox 183 2652 1784 2723">
     <span class='ocr_line' id='line_1_38' title="bbox 183 2652 1784 2723; baseline -0.001 -17"><span class='ocrx_word' id='word_1_287' title='bbox 183 2652 349 2707; x_wconf 90' lang='lat' dir='ltr'><strong>misit.</strong></span> <span class='ocrx_word' id='word_1_288' title='bbox 403 2652 459 2706; x_wconf 90' lang='lat' dir='ltr'><strong>ln</strong></span> <span class='ocrx_word' id='word_1_289' title='bbox 508 2666 739 2723; x_wconf 87' lang='lat' dir='ltr'><strong>utroque</strong></span> <span class='ocrx_word' id='word_1_290' title='bbox 813 2654 1026 2718; x_wconf 85' lang='lat' dir='ltr'><strong>codice,</strong></span> <span class='ocrx_word' id='word_1_291' title='bbox 1091 2653 1255 2707; x_wconf 90' lang='lat' dir='ltr'><strong>sicuti</strong></span> <span class='ocrx_word' id='word_1_292' title='bbox 1303 2652 1357 2707; x_wconf 92' lang='lat' dir='ltr'><strong>in</strong></span> <span class='ocrx_word' id='word_1_293' title='bbox 1408 2652 1679 2707; x_wconf 90' lang='lat' dir='ltr'><strong>Parisinis</strong></span> <span class='ocrx_word' id='word_1_294' title='bbox 1729 2661 1784 2707; x_wconf 91' lang='lat' dir='ltr'><strong>et</strong></span> 
     </span>
    </p>
   </div>
   <div class='ocr_carea' id='block_1_39' title="bbox 181 2744 1783 2816">
    <p class='ocr_par' dir='ltr' id='par_1_39' title="bbox 181 2744 1783 2816">
     <span class='ocr_line' id='line_1_39' title="bbox 181 2744 1783 2816; baseline 0.002 -19"><span class='ocrx_word' id='word_1_295' title='bbox 181 2744 460 2810; x_wconf 88' lang='lat' dir='ltr'><strong>llentenii,</strong></span> <span class='ocrx_word' id='word_1_296' title='bbox 497 2746 663 2798; x_wconf 91' lang='lat' dir='ltr'><strong>multa</strong></span> <span class='ocrx_word' id='word_1_297' title='bbox 704 2744 914 2800; x_wconf 88' lang='lat' dir='ltr'><strong>scholia</strong></span> <span class='ocrx_word' id='word_1_298' title='bbox 966 2746 1035 2800; x_wconf 91' lang='lat' dir='ltr'><strong>ab</strong></span> <span class='ocrx_word' id='word_1_299' title='bbox 1086 2745 1281 2801; x_wconf 89' lang='lat' dir='ltr'><strong>iisdem</strong></span> <span class='ocrx_word' id='word_1_300' title='bbox 1334 2744 1533 2801; x_wconf 87' lang='lat' dir='ltr'><strong>scribis</strong></span> <span class='ocrx_word' id='word_1_301' title='bbox 1579 2746 1783 2816; x_wconf 90' lang='lat' dir='ltr'><strong>scripta</strong></span> 
     </span>
    </p>
   </div>
   <div class='ocr_carea' id='block_1_40' title="bbox 183 2836 1782 2908">
    <p class='ocr_par' dir='ltr' id='par_1_40' title="bbox 183 2836 1782 2908">
     <span class='ocr_line' id='line_1_40' title="bbox 183 2836 1782 2908; baseline 0.002 -19"><span class='ocrx_word' id='word_1_302' title='bbox 183 2845 314 2890; x_wconf 79' lang='lat' dir='ltr'><strong>sunt</strong></span> <span class='ocrx_word' id='word_1_303' title='bbox 344 2838 396 2888; x_wconf 91' lang='lat' dir='ltr'><strong>in</strong></span> <span class='ocrx_word' id='word_1_304' title='bbox 433 2838 700 2907; x_wconf 86' lang='lat' dir='ltr'><strong>margine,</strong></span> <span class='ocrx_word' id='word_1_305' title='bbox 732 2838 800 2891; x_wconf 91' lang='lat' dir='ltr'><strong>de</strong></span> <span class='ocrx_word' id='word_1_306' title='bbox 831 2852 940 2906; x_wconf 90' lang='lat' dir='ltr'><strong>quo</strong></span> <span class='ocrx_word' id='word_1_307' title='bbox 966 2838 1018 2890; x_wconf 92' lang='lat' dir='ltr'><strong>in</strong></span> <span class='ocrx_word' id='word_1_308' title='bbox 1063 2837 1199 2892; x_wconf 89' lang='lat' dir='ltr'><strong>locis</strong></span> <span class='ocrx_word' id='word_1_309' title='bbox 1256 2836 1492 2908; x_wconf 78' lang='lat' dir='ltr'><strong>singulis</strong></span> <span class='ocrx_word' id='word_1_310' title='bbox 1545 2837 1782 2892; x_wconf 83' lang='lat' dir='ltr'><strong>lectores</strong></span> 
     </span>
    </p>
   </div>
   <div class='ocr_carea' id='block_1_41' title="bbox 184 2925 1781 2998">
    <p class='ocr_par' dir='ltr' id='par_1_41' title="bbox 184 2925 1781 2998">
     <span class='ocr_line' id='line_1_41' title="bbox 184 2925 1781 2998; baseline 0 -17"><span class='ocrx_word' id='word_1_311' title='bbox 184 2927 397 2981; x_wconf 85' lang='lat' dir='ltr'><strong>monui.</strong></span> <span class='ocrx_word' id='word_1_312' title='bbox 455 2925 718 2981; x_wconf 70' lang='lat' dir='ltr'><strong>Videntur</strong></span> <span class='ocrx_word' id='word_1_313' title='bbox 747 2939 928 2982; x_wconf 81' lang='lat' dir='ltr'><strong>autem</strong></span> <span class='ocrx_word' id='word_1_314' title='bbox 954 2928 1056 2982; x_wconf 91' lang='lat' dir='ltr'><strong>ista</strong></span> <span class='ocrx_word' id='word_1_315' title='bbox 1077 2928 1285 2983; x_wconf 86' lang='lat' dir='ltr'><strong>scholia</strong></span> <span class='ocrx_word' id='word_1_316' title='bbox 1318 2938 1543 2983; x_wconf 87' lang='lat' dir='ltr'><strong>auctore</strong></span> <span class='ocrx_word' id='word_1_317' title='bbox 1570 2926 1781 2998; x_wconf 77' lang='lat' dir='ltr'><strong>Euthy—</strong></span> 
     </span>
    </p>
   </div>
   <div class='ocr_carea' id='block_1_42' title="bbox 190 3020 1778 3090">
    <p class='ocr_par' dir='ltr' id='par_1_42' title="bbox 190 3020 1778 3090">
     <span class='ocr_line' id='line_1_42' title="bbox 190 3020 1778 3090; baseline 0.001 -16"><span class='ocrx_word' id='word_1_318' title='bbox 190 3020 299 3075; x_wconf 86' lang='lat' dir='ltr'><strong>mio</strong></span> <span class='ocrx_word' id='word_1_319' title='bbox 334 3021 477 3090; x_wconf 90' lang='lat' dir='ltr'><strong>ipso,</strong></span> <span class='ocrx_word' id='word_1_320' title='bbox 514 3031 638 3090; x_wconf 89' lang='lat' dir='ltr'><strong>post</strong></span> <span class='ocrx_word' id='word_1_321' title='bbox 681 3021 827 3090; x_wconf 81' lang='lat' dir='ltr'><strong>ejus.-</strong></span> <span class='ocrx_word' id='word_1_322' title='bbox 860 3022 1149 3089; x_wconf 87' lang='lat' dir='ltr'><strong>rcpetitam</strong></span> <span class='ocrx_word' id='word_1_323' title='bbox 1196 3020 1517 3083; x_wconf 89' lang='lat' dir='ltr'><strong>lectionem,</strong></span> <span class='ocrx_word' id='word_1_324' title='bbox 1558 3020 1778 3075; x_wconf 84' lang='lat' dir='ltr'><strong>adlecta</strong></span> 
     </span>
    </p>
   </div>
   <div class='ocr_carea' id='block_1_43' title="bbox 186 3113 1782 3184">
    <p class='ocr_par' dir='ltr' id='par_1_43' title="bbox 186 3113 1782 3184">
     <span class='ocr_line' id='line_1_43' title="bbox 186 3113 1782 3184; baseline 0.003 -18"><span class='ocrx_word' id='word_1_325' title='bbox 186 3127 329 3179; x_wconf 84' lang='lat' dir='ltr'><strong>esse,</strong></span> <span class='ocrx_word' id='word_1_326' title='bbox 361 3128 461 3182; x_wconf 89' lang='lat' dir='ltr'><strong>per</strong></span> <span class='ocrx_word' id='word_1_327' title='bbox 492 3116 714 3167; x_wconf 87' lang='lat' dir='ltr'><strong>eosdem</strong></span> <span class='ocrx_word' id='word_1_328' title='bbox 750 3113 977 3168; x_wconf 83' lang='lat' dir='ltr'><strong>scribas.</strong></span> <span class='ocrx_word' id='word_1_329' title='bbox 1013 3113 1071 3167; x_wconf 86' lang='lat' dir='ltr'><strong>Id</strong></span> <span class='ocrx_word' id='word_1_330' title='bbox 1102 3114 1235 3169; x_wconf 87' lang='lat' dir='ltr'><strong>satis</strong></span> <span class='ocrx_word' id='word_1_331' title='bbox 1269 3113 1326 3167; x_wconf 85' lang='lat' dir='ltr'><strong>ﬁt</strong></span> <span class='ocrx_word' id='word_1_332' title='bbox 1352 3114 1635 3184; x_wconf 91' lang='lat' dir='ltr'><strong>probabile</strong></span> <span class='ocrx_word' id='word_1_333' title='bbox 1658 3131 1782 3170; x_wconf 92' lang='lat' dir='ltr'><strong>cum</strong></span> 
     </span>
    </p>
   </div>
   <div class='ocr_carea' id='block_1_44' title="bbox 185 3207 1782 3277">
    <p class='ocr_par' dir='ltr' id='par_1_44' title="bbox 185 3207 1782 3277">
     <span class='ocr_line' id='line_1_44' title="bbox 185 3207 1782 3277; baseline 0.001 -14"><span class='ocrx_word' id='word_1_334' title='bbox 185 3222 254 3263; x_wconf 80' lang='lat' dir='ltr'><strong>ex</strong></span> <span class='ocrx_word' id='word_1_335' title='bbox 294 3208 417 3261; x_wconf 89' lang='lat' dir='ltr'><strong>aliis</strong></span> <span class='ocrx_word' id='word_1_336' title='bbox 462 3207 617 3274; x_wconf 90' lang='lat' dir='ltr'><strong>locis,</strong></span> <span class='ocrx_word' id='word_1_337' title='bbox 660 3216 773 3261; x_wconf 91' lang='lat' dir='ltr'><strong>tum</strong></span> <span class='ocrx_word' id='word_1_338' title='bbox 806 3223 869 3261; x_wconf 81' lang='lat' dir='ltr'><strong>ex</strong></span> <span class='ocrx_word' id='word_1_339' title='bbox 905 3207 1113 3262; x_wconf 90' lang='lat' dir='ltr'><strong>scholio</strong></span> <span class='ocrx_word' id='word_1_340' title='bbox 1165 3209 1232 3262; x_wconf 90' lang='lat' dir='ltr'><strong>ad</strong></span> <span class='ocrx_word' id='word_1_341' title='bbox 1261 3208 1394 3263; x_wconf 89' lang='lat' dir='ltr'><strong>Luc.</strong></span> <span class='ocrx_word' id='word_1_342' title='bbox 1422 3225 1497 3277; x_wconf 80' lang='lat' dir='ltr'><strong>ix,</strong></span> <span class='ocrx_word' id='word_1_343' title='bbox 1670 3210 1782 3266; x_wconf 85' lang='lat' dir='ltr'><strong>Ad—</strong></span> 
     </span>
    </p>
   </div>
   <div class='ocr_carea' id='block_1_45' title="bbox 186 3298 1782 3356">
    <p class='ocr_par' dir='ltr' id='par_1_45' title="bbox 186 3298 1782 3356">
     <span class='ocr_line' id='line_1_45' title="bbox 186 3298 1782 3356; baseline 0.001 -2"><span class='ocrx_word' id='word_1_344' title='bbox 186 3300 295 3354; x_wconf 86' lang='lat' dir='ltr'><strong>huc</strong></span> <span class='ocrx_word' id='word_1_345' title='bbox 330 3301 479 3354; x_wconf 86' lang='lat' dir='ltr'><strong>enim</strong></span> <span class='ocrx_word' id='word_1_346' title='bbox 521 3300 573 3354; x_wconf 88' lang='lat' dir='ltr'><strong>in</strong></span> <span class='ocrx_word' id='word_1_347' title='bbox 604 3301 886 3355; x_wconf 87' lang='lat' dir='ltr'><strong>codicibus</strong></span> <span class='ocrx_word' id='word_1_348' title='bbox 915 3301 1115 3354; x_wconf 85' lang='lat' dir='ltr'><strong>desunt</strong></span> <span class='ocrx_word' id='word_1_349' title='bbox 1154 3302 1337 3354; x_wconf 90' lang='lat' dir='ltr'><strong>omnia</strong></span> <span class='ocrx_word' id='word_1_350' title='bbox 1384 3302 1452 3355; x_wconf 89' lang='lat' dir='ltr'><strong>ab</strong></span> <span class='ocrx_word' id='word_1_351' title='bbox 1482 3303 1593 3355; x_wconf 76' lang='grc' dir='ltr'><strong>Καὶ</strong></span> <span class='ocrx_word' id='word_1_352' title='bbox 1624 3298 1782 3356; x_wconf 81' lang='grc' dir='ltr'>εἶπεν</span> 
     </span>
    </p>
   </div>
   <div class='ocr_carea' id='block_1_46' title="bbox 184 3393 1785 3467">
    <p class='ocr_par' dir='ltr' id='par_1_46' title="bbox 184 3393 1785 3467">
     <span class='ocr_line' id='line_1_46' title="bbox 184 3393 1785 3467; baseline 0.002 -19"><span class='ocrx_word' id='word_1_353' title='bbox 184 3395 285 3448; x_wconf 80' lang='grc' dir='ltr'>οὐκ</span> <span class='ocrx_word' id='word_1_354' title='bbox 325 3396 391 3449; x_wconf 86' lang='lat' dir='ltr'><strong>ad</strong></span> <span class='ocrx_word' id='word_1_355' title='bbox 424 3394 560 3448; x_wconf 78' lang='grc' dir='ltr'>ἀλλὰ</span> <span class='ocrx_word' id='word_1_356' title='bbox 593 3394 786 3448; x_wconf 73' lang='grc' dir='ltr'>σῶσαι.</span> <span class='ocrx_word' id='word_1_357' title='bbox 846 3393 973 3448; x_wconf 69' lang='grc' dir='ltr'><strong>Πωο</strong></span> <span class='ocrx_word' id='word_1_358' title='bbox 1032 3395 1179 3449; x_wconf 90' lang='lat' dir='ltr'><strong>enim</strong></span> <span class='ocrx_word' id='word_1_359' title='bbox 1216 3395 1396 3466; x_wconf 88' lang='lat' dir='ltr'><strong>primo</strong></span> <span class='ocrx_word' id='word_1_360' title='bbox 1462 3396 1785 3467; x_wconf 74' lang='lat' dir='ltr'><strong>Euthymius</strong></span> 
     </span>
    </p>
   </div>
   <div class='ocr_carea' id='block_1_47' title="bbox 186 3487 1788 3560">
    <p class='ocr_par' dir='ltr' id='par_1_47' title="bbox 186 3487 1788 3560">
     <span class='ocr_line' id='line_1_47' title="bbox 186 3487 1788 3560; baseline 0.001 -17"><span class='ocrx_word' id='word_1_361' title='bbox 186 3489 514 3543; x_wconf 64' lang='lat' dir='ltr'><strong>auctoritate</strong></span> <span class='ocrx_word' id='word_1_362' title='bbox 572 3488 950 3559; x_wconf 74' lang='lat' dir='ltr'><strong>Clirysostomi</strong></span> <span class='ocrx_word' id='word_1_363' title='bbox 1011 3487 1376 3543; x_wconf 64' lang='lat' dir='ltr'><strong>excluserat:</strong></span> <span class='ocrx_word' id='word_1_364' title='bbox 1437 3489 1492 3543; x_wconf 92' lang='lat' dir='ltr'><strong>in</strong></span> <span class='ocrx_word' id='word_1_365' title='bbox 1555 3491 1788 3560; x_wconf 85' lang='lat' dir='ltr'><strong>repeti.a</strong></span> 
     </span>
    </p>
   </div>
   <div class='ocr_carea' id='block_1_48' title="bbox 186 3580 1786 3646">
    <p class='ocr_par' dir='ltr' id='par_1_48' title="bbox 186 3580 1786 3646">
     <span class='ocr_line' id='line_1_48' title="bbox 186 3580 1786 3646; baseline 0.001 -13"><span class='ocrx_word' id='word_1_366' title='bbox 186 3591 371 3634; x_wconf 84' lang='lat' dir='ltr'><strong>autem</strong></span> <span class='ocrx_word' id='word_1_367' title='bbox 407 3582 668 3646; x_wconf 78' lang='lat' dir='ltr'><strong>lectione,</strong></span> <span class='ocrx_word' id='word_1_368' title='bbox 705 3590 764 3634; x_wconf 91' lang='lat' dir='ltr'><strong>ut</strong></span> <span class='ocrx_word' id='word_1_369' title='bbox 796 3581 931 3635; x_wconf 88' lang='lat' dir='ltr'><strong>satis</strong></span> <span class='ocrx_word' id='word_1_370' title='bbox 978 3582 1142 3635; x_wconf 86' lang='lat' dir='ltr'><strong>docet</strong></span> <span class='ocrx_word' id='word_1_371' title='bbox 1192 3580 1465 3636; x_wconf 87' lang='lat' dir='ltr'><strong>scholium</strong></span> <span class='ocrx_word' id='word_1_372' title='bbox 1512 3582 1578 3635; x_wconf 89' lang='lat' dir='ltr'><strong>ad</strong></span> <span class='ocrx_word' id='word_1_373' title='bbox 1624 3583 1786 3636; x_wconf 88' lang='lat' dir='ltr'><strong>istum</strong></span> 
     </span>
    </p>
   </div>
   <div class='ocr_carea' id='block_1_49' title="bbox 188 3674 1791 3744">
    <p class='ocr_par' dir='ltr' id='par_1_49' title="bbox 188 3674 1791 3744">
     <span class='ocr_line' id='line_1_49' title="bbox 188 3674 1791 3744; baseline 0.002 -17"><span class='ocrx_word' id='word_1_374' title='bbox 188 3680 395 3738; x_wconf 87' lang='lat' dir='ltr'><strong>locum,</strong></span> <span class='ocrx_word' id='word_1_375' title='bbox 431 3675 677 3744; x_wconf 83' lang='lat' dir='ltr'><strong>ejusdem</strong></span> <span class='ocrx_word' id='word_1_376' title='bbox 707 3675 1036 3728; x_wconf 88' lang='lat' dir='ltr'><strong>auctoritate</strong></span> <span class='ocrx_word' id='word_1_377' title='bbox 1086 3674 1393 3729; x_wconf 87' lang='lat' dir='ltr'><strong>addiderat.</strong></span> <span class='ocrx_word' id='word_1_378' title='bbox 1432 3675 1597 3731; x_wconf 81' lang='lat' dir='ltr'><strong>Forte</strong></span> <span class='ocrx_word' id='word_1_379' title='bbox 1640 3676 1791 3731; x_wconf 88' lang='lat' dir='ltr'><strong>hunc</strong></span> 
     </span>
    </p>
   </div>
   <div class='ocr_carea' id='block_1_50' title="bbox 185 3766 1789 3837">
    <p class='ocr_par' dir='ltr' id='par_1_50' title="bbox 185 3766 1789 3837">
     <span class='ocr_line' id='line_1_50' title="bbox 185 3766 1789 3837; baseline 0.002 -16"><span class='ocrx_word' id='word_1_380' title='bbox 185 3768 433 3822; x_wconf 61' lang='lat' dir='ltr'><strong>laborem</strong></span> <span class='ocrx_word' id='word_1_381' title='bbox 476 3768 640 3821; x_wconf 88' lang='lat' dir='ltr'><strong>etiam</strong></span> <span class='ocrx_word' id='word_1_382' title='bbox 680 3806 695 3830; x_wconf 92' lang='lat'><strong>,</strong></span> <span class='ocrx_word' id='word_1_383' title='bbox 725 3767 883 3821; x_wconf 87' lang='lat' dir='ltr'><strong>sicuti</strong></span> <span class='ocrx_word' id='word_1_384' title='bbox 934 3766 1272 3836; x_wconf 82' lang='lat' dir='ltr'><strong>Patmpliam,</strong></span> <span class='ocrx_word' id='word_1_385' title='bbox 1313 3768 1548 3837; x_wconf 89' lang='lat' dir='ltr'><strong>jubente</strong></span> <span class='ocrx_word' id='word_1_386' title='bbox 1598 3769 1789 3824; x_wconf 75' lang='lat' dir='ltr'><strong>Alexio</strong></span> 
     </span>
    </p>
   </div>
   <div class='ocr_carea' id='block_1_51' title="bbox 188 3860 1790 3933">
    <p class='ocr_par' dir='ltr' id='par_1_51' title="bbox 188 3860 1790 3933">
     <span class='ocr_line' id='line_1_51' title="bbox 188 3860 1790 3933; baseline 0.003 -21"><span class='ocrx_word' id='word_1_387' title='bbox 188 3867 477 3914; x_wconf 81' lang='lat' dir='ltr'><strong>(.Oinneno</strong></span> <span class='ocrx_word' id='word_1_388' title='bbox 523 3860 788 3930; x_wconf 87' lang='lat' dir='ltr'><strong>suscepit,</strong></span> <span class='ocrx_word' id='word_1_389' title='bbox 824 3875 888 3915; x_wconf 92' lang='lat' dir='ltr'><strong>ac</strong></span> <span class='ocrx_word' id='word_1_390' title='bbox 936 3860 1123 3931; x_wconf 85' lang='lat' dir='ltr'><strong>plures</strong></span> <span class='ocrx_word' id='word_1_391' title='bbox 1156 3863 1367 3917; x_wconf 84' lang='lat' dir='ltr'><strong>scribas</strong></span> <span class='ocrx_word' id='word_1_392' title='bbox 1416 3863 1790 3933; x_wconf 77' lang='lat' dir='ltr'><strong>imperatoriis</strong></span> 
     </span>
    </p>
   </div>
   <div class='ocr_carea' id='block_1_52' title="bbox 187 3951 1792 4023">
    <p class='ocr_par' dir='ltr' id='par_1_52' title="bbox 187 3951 1792 4023">
     <span class='ocr_line' id='line_1_52' title="bbox 187 3951 1792 4023; baseline 0.002 -17"><span class='ocrx_word' id='word_1_393' title='bbox 187 3951 459 4023; x_wconf 84' lang='lat' dir='ltr'><strong>impensis</strong></span> <span class='ocrx_word' id='word_1_394' title='bbox 494 3954 796 4007; x_wconf 88' lang='lat' dir='ltr'><strong>conductos</strong></span> <span class='ocrx_word' id='word_1_395' title='bbox 850 3953 1060 4008; x_wconf 82' lang='lat' dir='ltr'><strong>habuit.</strong></span> <span class='ocrx_word' id='word_1_396' title='bbox 1116 3952 1223 4009; x_wconf 86' lang='lat' dir='ltr'><strong>Sed</strong></span> <span class='ocrx_word' id='word_1_397' title='bbox 1276 3954 1329 4009; x_wconf 89' lang='lat' dir='ltr'><strong>id</strong></span> <span class='ocrx_word' id='word_1_398' title='bbox 1366 3954 1565 4009; x_wconf 88' lang='lat' dir='ltr'><strong>deinde</strong></span> <span class='ocrx_word' id='word_1_399' title='bbox 1601 3971 1792 4011; x_wconf 84' lang='lat' dir='ltr'><strong>recen-</strong></span> 
     </span>
    </p>
   </div>
   <div class='ocr_carea' id='block_1_53' title="bbox 192 4047 1790 4116">
    <p class='ocr_par' dir='ltr' id='par_1_53' title="bbox 192 4047 1790 4116">
     <span class='ocr_line' id='line_1_53' title="bbox 192 4047 1790 4116; baseline 0.004 -17"><span class='ocrx_word' id='word_1_400' title='bbox 192 4047 359 4103; x_wconf 86' lang='lat' dir='ltr'><strong>tiores</strong></span> <span class='ocrx_word' id='word_1_401' title='bbox 397 4048 564 4103; x_wconf 90' lang='lat' dir='ltr'><strong>etiam</strong></span> <span class='ocrx_word' id='word_1_402' title='bbox 597 4049 787 4104; x_wconf 73' lang='lat' dir='ltr'><strong>scriba:</strong></span> <span class='ocrx_word' id='word_1_403' title='bbox 838 4051 1032 4104; x_wconf 83' lang='lat' dir='ltr'><strong>imitati</strong></span> <span class='ocrx_word' id='word_1_404' title='bbox 1083 4059 1232 4116; x_wconf 87' lang='lat' dir='ltr'><strong>sunt,</strong></span> <span class='ocrx_word' id='word_1_405' title='bbox 1286 4062 1347 4106; x_wconf 84' lang='lat' dir='ltr'><strong>ut</strong></span> <span class='ocrx_word' id='word_1_406' title='bbox 1401 4065 1466 4106; x_wconf 82' lang='lat' dir='ltr'><strong>ex</strong></span> <span class='ocrx_word' id='word_1_407' title='bbox 1517 4050 1790 4106; x_wconf 87' lang='lat' dir='ltr'><strong>llentenio</strong></span> 
     </span>
    </p>
   </div>
   <div class='ocr_carea' id='block_1_54' title="bbox 188 4139 1788 4216">
    <p class='ocr_par' dir='ltr' id='par_1_54' title="bbox 188 4139 1788 4216">
     <span class='ocr_line' id='line_1_54' title="bbox 188 4139 1788 4216; baseline 0.004 -23"><span class='ocrx_word' id='word_1_408' title='bbox 188 4141 443 4195; x_wconf 85' lang='lat' dir='ltr'><strong>discitur.</strong></span> <span class='ocrx_word' id='word_1_409' title='bbox 473 4140 608 4194; x_wconf 85' lang='lat' dir='ltr'><strong>Nam</strong></span> <span class='ocrx_word' id='word_1_410' title='bbox 636 4139 893 4196; x_wconf 83' lang='lat' dir='ltr'><strong>Hentenii</strong></span> <span class='ocrx_word' id='word_1_411' title='bbox 932 4143 1126 4208; x_wconf 81' lang='lat' dir='ltr'><strong>codex,</strong></span> <span class='ocrx_word' id='word_1_412' title='bbox 1163 4142 1266 4198; x_wconf 91' lang='lat' dir='ltr'><strong>etsi</strong></span> <span class='ocrx_word' id='word_1_413' title='bbox 1299 4144 1431 4198; x_wconf 88' lang='lat' dir='ltr'><strong>satis</strong></span> <span class='ocrx_word' id='word_1_414' title='bbox 1470 4144 1667 4208; x_wconf 86' lang='lat' dir='ltr'><strong>bonus,</strong></span> <span class='ocrx_word' id='word_1_415' title='bbox 1694 4144 1788 4216; x_wconf 88' lang='lat' dir='ltr'><strong>ju-</strong></span> 
     </span>
    </p>
   </div>
   <div class='ocr_carea' id='block_1_55' title="bbox 188 4231 1790 4302">
    <p class='ocr_par' dir='ltr' id='par_1_55' title="bbox 188 4231 1790 4302">
     <span class='ocr_line' id='line_1_55' title="bbox 188 4231 1790 4302; baseline 0.002 -16"><span class='ocrx_word' id='word_1_416' title='bbox 188 4231 310 4287; x_wconf 87' lang='lat' dir='ltr'><strong>dice</strong></span> <span class='ocrx_word' id='word_1_417' title='bbox 334 4232 498 4287; x_wconf 89' lang='lat' dir='ltr'><strong>etiam</strong></span> <span class='ocrx_word' id='word_1_418' title='bbox 531 4232 800 4299; x_wconf 89' lang='lat' dir='ltr'><strong>Simonio,</strong></span> <span class='ocrx_word' id='word_1_419' title='bbox 838 4235 1026 4290; x_wconf 88' lang='lat' dir='ltr'><strong>haberi</strong></span> <span class='ocrx_word' id='word_1_420' title='bbox 1065 4236 1246 4302; x_wconf 87' lang='lat' dir='ltr'><strong>debet,</strong></span> <span class='ocrx_word' id='word_1_421' title='bbox 1289 4245 1471 4291; x_wconf 88' lang='lat' dir='ltr'><strong>tamen</strong></span> <span class='ocrx_word' id='word_1_422' title='bbox 1513 4236 1634 4291; x_wconf 89' lang='lat' dir='ltr'><strong>sine</strong></span> <span class='ocrx_word' id='word_1_423' title='bbox 1680 4237 1790 4291; x_wconf 91' lang='lat' dir='ltr'><strong>ullo</strong></span> 
     </span>
    </p>
   </div>
   <div class='ocr_carea' id='block_1_56' title="bbox 188 4326 1791 4402">
    <p class='ocr_par' dir='ltr' id='par_1_56' title="bbox 188 4326 1791 4402">
     <span class='ocr_line' id='line_1_56' title="bbox 188 4326 1791 4402; baseline 0.004 -23"><span class='ocrx_word' id='word_1_424' title='bbox 188 4326 357 4380; x_wconf 79' lang='lat' dir='ltr'><strong>dubio</strong></span> <span class='ocrx_word' id='word_1_425' title='bbox 387 4328 525 4380; x_wconf 75' lang='lat' dir='ltr'><strong>meis</strong></span> <span class='ocrx_word' id='word_1_426' title='bbox 565 4326 670 4382; x_wconf 91' lang='lat' dir='ltr'><strong>fuit</strong></span> <span class='ocrx_word' id='word_1_427' title='bbox 710 4331 1009 4384; x_wconf 88' lang='lat' dir='ltr'><strong>recentior.</strong></span> <span class='ocrx_word' id='word_1_428' title='bbox 1075 4329 1290 4384; x_wconf 82' lang='lat' dir='ltr'><strong>Etenim</strong></span> <span class='ocrx_word' id='word_1_429' title='bbox 1335 4331 1641 4385; x_wconf 83' lang='lat' dir='ltr'><strong>llentenius</strong></span> <span class='ocrx_word' id='word_1_430' title='bbox 1673 4331 1791 4402; x_wconf 90' lang='lat' dir='ltr'><strong>ipse</strong></span> 
     </span>
    </p>
   </div>
   <div class='ocr_carea' id='block_1_57' title="bbox 192 4419 1790 4494">
    <p class='ocr_par' dir='ltr' id='par_1_57' title="bbox 192 4419 1790 4494">
     <span class='ocr_line' id='line_1_57' title="bbox 192 4419 1790 4494; baseline 0.005 -23"><span class='ocrx_word' id='word_1_431' title='bbox 192 4421 550 4488; x_wconf 78' lang='lat' dir='ltr'><strong>conqueritur</strong></span> <span class='ocrx_word' id='word_1_432' title='bbox 596 4420 665 4473; x_wconf 89' lang='lat' dir='ltr'><strong>de</strong></span> <span class='ocrx_word' id='word_1_433' title='bbox 727 4419 916 4475; x_wconf 87' lang='lat' dir='ltr'><strong>multis</strong></span> <span class='ocrx_word' id='word_1_434' title='bbox 949 4435 1015 4475; x_wconf 88' lang='lat' dir='ltr'><strong>ac</strong></span> <span class='ocrx_word' id='word_1_435' title='bbox 1071 4419 1380 4477; x_wconf 78' lang='lat' dir='ltr'><strong>diliicilibus</strong></span> <span class='ocrx_word' id='word_1_436' title='bbox 1436 4423 1611 4493; x_wconf 79' lang='lat' dir='ltr'><strong>siglis,</strong></span> <span class='ocrx_word' id='word_1_437' title='bbox 1669 4440 1790 4494; x_wconf 83' lang='lat' dir='ltr'><strong>quae</strong></span> 
     </span>
    </p>
   </div>
   <div class='ocr_carea' id='block_1_58' title="bbox 192 4514 1789 4584">
    <p class='ocr_par' dir='ltr' id='par_1_58' title="bbox 192 4514 1789 4584">
     <span class='ocr_line' id='line_1_58' title="bbox 192 4514 1789 4584; baseline 0.004 -17"><span class='ocrx_word' id='word_1_438' title='bbox 192 4528 382 4584; x_wconf 74' lang='lat' dir='ltr'><strong>pauca:</strong></span> <span class='ocrx_word' id='word_1_439' title='bbox 417 4525 472 4568; x_wconf 90' lang='lat' dir='ltr'><strong>et</strong></span> <span class='ocrx_word' id='word_1_440' title='bbox 501 4524 643 4569; x_wconf 61' lang='lat' dir='ltr'><strong>note</strong></span> <span class='ocrx_word' id='word_1_441' title='bbox 677 4522 808 4568; x_wconf 91' lang='lat' dir='ltr'><strong>sunt</strong></span> <span class='ocrx_word' id='word_1_442' title='bbox 864 4515 920 4569; x_wconf 91' lang='lat' dir='ltr'><strong>in</strong></span> <span class='ocrx_word' id='word_1_443' title='bbox 985 4516 1144 4570; x_wconf 88' lang='lat' dir='ltr'><strong>meis.</strong></span> <span class='ocrx_word' id='word_1_444' title='bbox 1212 4514 1483 4571; x_wconf 69' lang='lat' dir='ltr'><strong>Praeterea</strong></span> <span class='ocrx_word' id='word_1_445' title='bbox 1529 4517 1789 4575; x_wconf 89' lang='lat' dir='ltr'><strong>llentenii</strong></span> 
     </span>
    </p>
   </div>
   <div class='ocr_carea' id='block_1_59' title="bbox 190 4604 1788 4678">
    <p class='ocr_par' dir='ltr' id='par_1_59' title="bbox 190 4604 1788 4678">
     <span class='ocr_line' id='line_1_59' title="bbox 190 4604 1788 4678; baseline 0.004 -20"><span class='ocrx_word' id='word_1_446' title='bbox 190 4606 527 4674; x_wconf 81' lang='lat' dir='ltr'><strong>appendices</strong></span> <span class='ocrx_word' id='word_1_447' title='bbox 555 4607 717 4659; x_wconf 89' lang='lat' dir='ltr'><strong>etiam</strong></span> <span class='ocrx_word' id='word_1_448' title='bbox 749 4606 913 4661; x_wconf 85' lang='lat' dir='ltr'><strong>habet</strong></span> <span class='ocrx_word' id='word_1_449' title='bbox 934 4621 997 4662; x_wconf 77' lang='lat' dir='ltr'><strong>ex</strong></span> <span class='ocrx_word' id='word_1_450' title='bbox 1025 4604 1435 4678; x_wconf 71' lang='lat' dir='ltr'><strong>TheOphylacto</strong></span> <span class='ocrx_word' id='word_1_451' title='bbox 1471 4618 1526 4664; x_wconf 93' lang='lat' dir='ltr'><strong>et</strong></span> <span class='ocrx_word' id='word_1_452' title='bbox 1554 4610 1788 4665; x_wconf 87' lang='lat' dir='ltr'><strong>aliorum</strong></span> 
     </span>
    </p>
   </div>
   <div class='ocr_carea' id='block_1_60' title="bbox 1881 2085 3489 2159">
    <p class='ocr_par' dir='ltr' id='par_1_60' title="bbox 1881 2085 3489 2159">
     <span class='ocr_line' id='line_1_60' title="bbox 1881 2085 3489 2159; baseline -0.004 -13"><span class='ocrx_word' id='word_1_453' title='bbox 1881 2106 2008 2147; x_wconf 90' lang='lat' dir='ltr'><strong>meo</strong></span> <span class='ocrx_word' id='word_1_454' title='bbox 2040 2092 2081 2144; x_wconf 75' lang='grc' dir='ltr'><strong><em>Α</em></strong></span> <span class='ocrx_word' id='word_1_455' title='bbox 2120 2087 2418 2159; x_wconf 89' lang='lat' dir='ltr'><strong>reperitur,</strong></span> <span class='ocrx_word' id='word_1_456' title='bbox 2454 2094 2611 2141; x_wconf 88' lang='lat' dir='ltr'><strong>notat</strong></span> <span class='ocrx_word' id='word_1_457' title='bbox 2635 2085 2804 2159; x_wconf 82' lang='grc' dir='ltr'>ἁμήν.</span> <span class='ocrx_word' id='word_1_458' title='bbox 2842 2086 2920 2140; x_wconf 79' lang='lat' dir='ltr'><strong>Ex</strong></span> <span class='ocrx_word' id='word_1_459' title='bbox 2963 2085 3047 2141; x_wconf 91' lang='lat' dir='ltr'><strong>his</strong></span> <span class='ocrx_word' id='word_1_460' title='bbox 3095 2096 3349 2156; x_wconf 67' lang='lat' dir='ltr'><strong>apparet,</strong></span> <span class='ocrx_word' id='word_1_461' title='bbox 3408 2087 3489 2157; x_wconf 85' lang='lat' dir='ltr'><strong>ig-</strong></span> 
     </span>
    </p>
   </div>
   <div class='ocr_carea' id='block_1_61' title="bbox 1882 2179 3498 2240">
    <p class='ocr_par' dir='ltr' id='par_1_61' title="bbox 1882 2179 3498 2240">
     <span class='ocr_line' id='line_1_61' title="bbox 1882 2179 3498 2240; baseline -0.001 -1"><span class='ocrx_word' id='word_1_462' title='bbox 1882 2193 2073 2240; x_wconf 91' lang='lat' dir='ltr'><strong>notum</strong></span> <span class='ocrx_word' id='word_1_463' title='bbox 2110 2198 2232 2239; x_wconf 91' lang='lat' dir='ltr'><strong>esse</strong></span> <span class='ocrx_word' id='word_1_464' title='bbox 2262 2197 2466 2237; x_wconf 88' lang='lat' dir='ltr'><strong>nomen</strong></span> <span class='ocrx_word' id='word_1_465' title='bbox 2519 2180 2761 2237; x_wconf 83' lang='lat' dir='ltr'><strong>auctoris</strong></span> <span class='ocrx_word' id='word_1_466' title='bbox 2816 2181 3013 2236; x_wconf 90' lang='lat' dir='ltr'><strong>horum</strong></span> <span class='ocrx_word' id='word_1_467' title='bbox 3056 2179 3498 2237; x_wconf 71' lang='lat' dir='ltr'><strong>Commentario-</strong></span> 
     </span>
    </p>
   </div>
   <div class='ocr_carea' id='block_1_62' title="bbox 1883 2271 3496 2345">
    <p class='ocr_par' dir='ltr' id='par_1_62' title="bbox 1883 2271 3496 2345">
     <span class='ocr_line' id='line_1_62' title="bbox 1883 2271 3496 2345; baseline -0.002 -14"><span class='ocrx_word' id='word_1_468' title='bbox 1883 2292 2028 2331; x_wconf 87' lang='lat' dir='ltr'><strong>rum.</strong></span> <span class='ocrx_word' id='word_1_469' title='bbox 2077 2273 2235 2330; x_wconf 90' lang='lat' dir='ltr'><strong>Unde</strong></span> <span class='ocrx_word' id='word_1_470' title='bbox 2260 2288 2392 2345; x_wconf 83' lang='lat' dir='ltr'><strong>ergo</strong></span> <span class='ocrx_word' id='word_1_471' title='bbox 2449 2271 2825 2344; x_wconf 80' lang='lat' dir='ltr'><strong>cognoscitur,</strong></span> <span class='ocrx_word' id='word_1_472' title='bbox 2876 2271 3046 2328; x_wconf 88' lang='lat' dir='ltr'><strong>fuisse</strong></span> <span class='ocrx_word' id='word_1_473' title='bbox 3103 2272 3496 2344; x_wconf 83' lang='lat' dir='ltr'><strong>Euthymium?</strong></span> 
     </span>
    </p>
   </div>
   <div class='ocr_carea' id='block_1_63' title="bbox 1888 2365 3493 2439">
    <p class='ocr_par' dir='ltr' id='par_1_63' title="bbox 1888 2365 3493 2439">
     <span class='ocr_line' id='line_1_63' title="bbox 1888 2365 3493 2439; baseline -0.001 -17"><span class='ocrx_word' id='word_1_474' title='bbox 1888 2366 2113 2423; x_wconf 87' lang='lat' dir='ltr'><strong>Scilicet</strong></span> <span class='ocrx_word' id='word_1_475' title='bbox 2143 2382 2209 2422; x_wconf 79' lang='lat' dir='ltr'><strong>ex</strong></span> <span class='ocrx_word' id='word_1_476' title='bbox 2231 2366 2478 2438; x_wconf 84' lang='lat' dir='ltr'><strong>ejusdem</strong></span> <span class='ocrx_word' id='word_1_477' title='bbox 2500 2365 2915 2422; x_wconf 83' lang='lat' dir='ltr'><strong>Commentario</strong></span> <span class='ocrx_word' id='word_1_478' title='bbox 2946 2367 3002 2421; x_wconf 92' lang='lat' dir='ltr'><strong>in</strong></span> <span class='ocrx_word' id='word_1_479' title='bbox 3028 2367 3293 2433; x_wconf 77' lang='lat' dir='ltr'><strong>Psalmos,</strong></span> <span class='ocrx_word' id='word_1_480' title='bbox 3328 2384 3493 2439; x_wconf 85' lang='lat' dir='ltr'><strong>quem</strong></span> 
     </span>
    </p>
   </div>
   <div class='ocr_carea' id='block_1_64' title="bbox 1886 2459 3498 2531">
    <p class='ocr_par' dir='ltr' id='par_1_64' title="bbox 1886 2459 3498 2531">
     <span class='ocr_line' id='line_1_64' title="bbox 1886 2459 3498 2531; baseline 0 -15"><span class='ocrx_word' id='word_1_481' title='bbox 1886 2460 2219 2525; x_wconf 82' lang='lat' dir='ltr'><strong>llentenius,</strong></span> <span class='ocrx_word' id='word_1_482' title='bbox 2261 2459 2750 2524; x_wconf 82' lang='lat' dir='ltr'><strong>Montefalconius,</strong></span> <span class='ocrx_word' id='word_1_483' title='bbox 2805 2475 3020 2530; x_wconf 84' lang='lat' dir='ltr'><strong>nosque</strong></span> <span class='ocrx_word' id='word_1_484' title='bbox 3076 2460 3177 2531; x_wconf 90' lang='lat' dir='ltr'><strong>ipsi</strong></span> <span class='ocrx_word' id='word_1_485' title='bbox 3238 2462 3498 2516; x_wconf 80' lang='lat' dir='ltr'><strong>tractavi-</strong></span> 
     </span>
    </p>
   </div>
   <div class='ocr_carea' id='block_1_65' title="bbox 1886 2551 3495 2625">
    <p class='ocr_par' dir='ltr' id='par_1_65' title="bbox 1886 2551 3495 2625">
     <span class='ocr_line' id='line_1_65' title="bbox 1886 2551 3495 2625; baseline -0.001 -15"><span class='ocrx_word' id='word_1_486' title='bbox 1886 2570 2031 2610; x_wconf 87' lang='lat' dir='ltr'><strong>mus.</strong></span> <span class='ocrx_word' id='word_1_487' title='bbox 2063 2553 2351 2621; x_wconf 90' lang='lat' dir='ltr'><strong>Quomodo</strong></span> <span class='ocrx_word' id='word_1_488' title='bbox 2386 2552 2614 2610; x_wconf 87' lang='lat' dir='ltr'><strong>autem?</strong></span> <span class='ocrx_word' id='word_1_489' title='bbox 2645 2551 2831 2608; x_wconf 88' lang='lat' dir='ltr'><strong>Primo</strong></span> <span class='ocrx_word' id='word_1_490' title='bbox 2878 2553 3125 2625; x_wconf 89' lang='lat' dir='ltr'><strong>quidem,</strong></span> <span class='ocrx_word' id='word_1_491' title='bbox 3170 2568 3275 2609; x_wconf 91' lang='lat' dir='ltr'><strong>nec</strong></span> <span class='ocrx_word' id='word_1_492' title='bbox 3329 2570 3495 2610; x_wconf 88' lang='lat' dir='ltr'><strong>ovum</strong></span> 
     </span>
    </p>
   </div>
   <div class='ocr_carea' id='block_1_66' title="bbox 1887 2646 3498 2721">
    <p class='ocr_par' dir='ltr' id='par_1_66' title="bbox 1887 2646 3498 2721">
     <span class='ocr_line' id='line_1_66' title="bbox 1887 2646 3498 2721; baseline 0 -16"><span class='ocrx_word' id='word_1_493' title='bbox 1887 2665 1993 2705; x_wconf 87' lang='lat' dir='ltr'><strong>ovo</strong></span> <span class='ocrx_word' id='word_1_494' title='bbox 2055 2649 2132 2703; x_wconf 86' lang='lat' dir='ltr'><strong>ita</strong></span> <span class='ocrx_word' id='word_1_495' title='bbox 2170 2657 2255 2704; x_wconf 87' lang='lat' dir='ltr'><strong>est</strong></span> <span class='ocrx_word' id='word_1_496' title='bbox 2303 2647 2505 2713; x_wconf 91' lang='lat' dir='ltr'><strong>simile,</strong></span> <span class='ocrx_word' id='word_1_497' title='bbox 2554 2656 2615 2702; x_wconf 90' lang='lat' dir='ltr'><strong>ut</strong></span> <span class='ocrx_word' id='word_1_498' title='bbox 2660 2664 2786 2702; x_wconf 89' lang='lat' dir='ltr'><strong>cum</strong></span> <span class='ocrx_word' id='word_1_499' title='bbox 2835 2646 3111 2704; x_wconf 80' lang='lat' dir='ltr'><strong>lientenio</strong></span> <span class='ocrx_word' id='word_1_500' title='bbox 3147 2649 3361 2721; x_wconf 88' lang='lat' dir='ltr'><strong>loquar,</strong></span> <span class='ocrx_word' id='word_1_501' title='bbox 3416 2650 3498 2706; x_wconf 82' lang='lat' dir='ltr'><strong>uti</strong></span> 
     </span>
    </p>
   </div>
   <div class='ocr_carea' id='block_1_67' title="bbox 1887 2742 3501 2801">
    <p class='ocr_par' dir='ltr' id='par_1_67' title="bbox 1887 2742 3501 2801">
     <span class='ocr_line' id='line_1_67' title="bbox 1887 2742 3501 2801; baseline -0.001 -1"><span class='ocrx_word' id='word_1_502' title='bbox 1887 2745 2096 2801; x_wconf 90' lang='lat' dir='ltr'><strong>similes</strong></span> <span class='ocrx_word' id='word_1_503' title='bbox 2130 2752 2262 2799; x_wconf 84' lang='lat' dir='ltr'><strong>sunt</strong></span> <span class='ocrx_word' id='word_1_504' title='bbox 2293 2743 2349 2797; x_wconf 90' lang='lat' dir='ltr'><strong>hi</strong></span> <span class='ocrx_word' id='word_1_505' title='bbox 2378 2742 2775 2798; x_wconf 83' lang='lat' dir='ltr'><strong>Commentarii</strong></span> <span class='ocrx_word' id='word_1_506' title='bbox 2805 2742 3229 2799; x_wconf 86' lang='lat' dir='ltr'><strong>Commentariis</strong></span> <span class='ocrx_word' id='word_1_507' title='bbox 3259 2744 3315 2799; x_wconf 89' lang='lat' dir='ltr'><strong>in</strong></span> <span class='ocrx_word' id='word_1_508' title='bbox 3348 2744 3501 2801; x_wconf 80' lang='lat' dir='ltr'><strong>Psal-</strong></span> 
     </span>
    </p>
   </div>
   <div class='ocr_carea' id='block_1_68' title="bbox 1887 2836 3499 2909">
    <p class='ocr_par' dir='ltr' id='par_1_68' title="bbox 1887 2836 3499 2909">
     <span class='ocr_line' id='line_1_68' title="bbox 1887 2836 3499 2909; baseline 0.001 -16"><span class='ocrx_word' id='word_1_509' title='bbox 1887 2854 2029 2893; x_wconf 84' lang='lat' dir='ltr'><strong>nios.</strong></span> <span class='ocrx_word' id='word_1_510' title='bbox 2086 2838 2364 2904; x_wconf 81' lang='lat' dir='ltr'><strong>Secundo,</strong></span> <span class='ocrx_word' id='word_1_511' title='bbox 2404 2837 2458 2890; x_wconf 94' lang='lat' dir='ltr'><strong>in</strong></span> <span class='ocrx_word' id='word_1_512' title='bbox 2516 2837 2746 2892; x_wconf 90' lang='lat' dir='ltr'><strong>scholiis</strong></span> <span class='ocrx_word' id='word_1_513' title='bbox 2778 2838 2847 2892; x_wconf 91' lang='lat' dir='ltr'><strong>ad</strong></span> <span class='ocrx_word' id='word_1_514' title='bbox 2877 2836 3125 2892; x_wconf 85' lang='lat' dir='ltr'><strong>Psalmos</strong></span> <span class='ocrx_word' id='word_1_515' title='bbox 3174 2838 3499 2909; x_wconf 82' lang='lat' dir='ltr'><strong>frequenter</strong></span> 
     </span>
    </p>
   </div>
   <div class='ocr_carea' id='block_1_69' title="bbox 1888 2928 3498 3001">
    <p class='ocr_par' dir='ltr' id='par_1_69' title="bbox 1888 2928 3498 3001">
     <span class='ocr_line' id='line_1_69' title="bbox 1888 2928 3498 3001; baseline -0.001 -16"><span class='ocrx_word' id='word_1_516' title='bbox 1888 2931 2055 3001; x_wconf 90' lang='lat' dir='ltr'><strong>hujus</strong></span> <span class='ocrx_word' id='word_1_517' title='bbox 2088 2928 2482 2986; x_wconf 87' lang='lat' dir='ltr'><strong>Commentarii</strong></span> <span class='ocrx_word' id='word_1_518' title='bbox 2526 2928 2587 2983; x_wconf 80' lang='lat' dir='ltr'><strong>iit</strong></span> <span class='ocrx_word' id='word_1_519' title='bbox 2646 2929 2876 2995; x_wconf 90' lang='lat' dir='ltr'><strong>mentio,</strong></span> <span class='ocrx_word' id='word_1_520' title='bbox 2932 2929 3005 2983; x_wconf 90' lang='lat' dir='ltr'><strong>ita</strong></span> <span class='ocrx_word' id='word_1_521' title='bbox 3034 2940 3096 2985; x_wconf 90' lang='lat' dir='ltr'><strong>ut</strong></span> <span class='ocrx_word' id='word_1_522' title='bbox 3152 2944 3391 2999; x_wconf 87' lang='lat' dir='ltr'><strong>quorum</strong></span> <span class='ocrx_word' id='word_1_523' title='bbox 3423 2928 3498 2984; x_wconf 88' lang='lat' dir='ltr'><strong>ibi</strong></span> 
     </span>
    </p>
   </div>
   <div class='ocr_carea' id='block_1_70' title="bbox 1888 3019 3500 3091">
    <p class='ocr_par' dir='ltr' id='par_1_70' title="bbox 1888 3019 3500 3091">
     <span class='ocr_line' id='line_1_70' title="bbox 1888 3019 3500 3091; baseline -0.002 -14"><span class='ocrx_word' id='word_1_524' title='bbox 1888 3023 1985 3077; x_wconf 78' lang='lat' dir='ltr'><strong>fiat</strong></span> <span class='ocrx_word' id='word_1_525' title='bbox 2022 3023 2253 3089; x_wconf 91' lang='lat' dir='ltr'><strong>mentio,</strong></span> <span class='ocrx_word' id='word_1_526' title='bbox 2297 3036 2361 3076; x_wconf 92' lang='lat' dir='ltr'><strong>ea</strong></span> <span class='ocrx_word' id='word_1_527' title='bbox 2390 3022 2475 3076; x_wconf 91' lang='lat' dir='ltr'><strong>hic</strong></span> <span class='ocrx_word' id='word_1_528' title='bbox 2516 3022 2885 3091; x_wconf 89' lang='lat' dir='ltr'><strong>reperiantur.</strong></span> <span class='ocrx_word' id='word_1_529' title='bbox 2941 3019 3151 3086; x_wconf 86' lang='lat' dir='ltr'><strong>Tertio,</strong></span> <span class='ocrx_word' id='word_1_530' title='bbox 3204 3019 3500 3076; x_wconf 61' lang='lat' dir='ltr'><strong>Commeno</strong></span> 
     </span>
    </p>
   </div>
   <div class='ocr_carea' id='block_1_71' title="bbox 1892 3113 3500 3187">
    <p class='ocr_par' dir='ltr' id='par_1_71' title="bbox 1892 3113 3500 3187">
     <span class='ocr_line' id='line_1_71' title="bbox 1892 3113 3500 3187; baseline -0.002 -14"><span class='ocrx_word' id='word_1_531' title='bbox 1892 3118 2063 3174; x_wconf 88' lang='lat' dir='ltr'><strong>tarius</strong></span> <span class='ocrx_word' id='word_1_532' title='bbox 2099 3118 2152 3171; x_wconf 91' lang='lat' dir='ltr'><strong>in</strong></span> <span class='ocrx_word' id='word_1_533' title='bbox 2186 3117 2433 3172; x_wconf 86' lang='lat' dir='ltr'><strong>Psalmos</strong></span> <span class='ocrx_word' id='word_1_534' title='bbox 2472 3130 2675 3171; x_wconf 88' lang='lat' dir='ltr'><strong>nomen</strong></span> <span class='ocrx_word' id='word_1_535' title='bbox 2710 3113 2987 3187; x_wconf 79' lang='lat' dir='ltr'><strong>Euthymii</strong></span> <span class='ocrx_word' id='word_1_536' title='bbox 3026 3114 3274 3169; x_wconf 85' lang='lat' dir='ltr'><strong>additum</strong></span> <span class='ocrx_word' id='word_1_537' title='bbox 3308 3114 3500 3180; x_wconf 85' lang='lat' dir='ltr'><strong>habet,</strong></span> 
     </span>
    </p>
   </div>
   <div class='ocr_carea' id='block_1_72' title="bbox 1888 3211 3503 3272">
    <p class='ocr_par' dir='ltr' id='par_1_72' title="bbox 1888 3211 3503 3272">
     <span class='ocr_line' id='line_1_72' title="bbox 1888 3211 3503 3272; baseline -0.002 -1"><span class='ocrx_word' id='word_1_538' title='bbox 1888 3216 1989 3272; x_wconf 89' lang='lat' dir='ltr'><strong>etsi</strong></span> <span class='ocrx_word' id='word_1_539' title='bbox 2015 3231 2126 3270; x_wconf 93' lang='lat' dir='ltr'><strong>non</strong></span> <span class='ocrx_word' id='word_1_540' title='bbox 2178 3216 2233 3269; x_wconf 91' lang='lat' dir='ltr'><strong>in</strong></span> <span class='ocrx_word' id='word_1_541' title='bbox 2285 3214 2546 3270; x_wconf 90' lang='lat' dir='ltr'><strong>omnibus</strong></span> <span class='ocrx_word' id='word_1_542' title='bbox 2579 3213 2882 3268; x_wconf 90' lang='lat' dir='ltr'><strong>codicibus.</strong></span> <span class='ocrx_word' id='word_1_543' title='bbox 2942 3211 3177 3269; x_wconf 84' lang='lat' dir='ltr'><strong>Codices</strong></span> <span class='ocrx_word' id='word_1_544' title='bbox 3205 3211 3503 3269; x_wconf 82' lang='lat' dir='ltr'><strong>Commen-</strong></span> 
     </span>
    </p>
   </div>
   <div class='ocr_carea' id='block_1_73' title="bbox 1896 3308 3504 3381">
    <p class='ocr_par' dir='ltr' id='par_1_73' title="bbox 1896 3308 3504 3381">
     <span class='ocr_line' id='line_1_73' title="bbox 1896 3308 3504 3381; baseline -0.002 -14"><span class='ocrx_word' id='word_1_545' title='bbox 1896 3313 2160 3367; x_wconf 91' lang='lat' dir='ltr'><strong>tariorum</strong></span> <span class='ocrx_word' id='word_1_546' title='bbox 2199 3311 2251 3364; x_wconf 92' lang='lat' dir='ltr'><strong>in</strong></span> <span class='ocrx_word' id='word_1_547' title='bbox 2288 3309 2557 3374; x_wconf 88' lang='lat' dir='ltr'><strong>Psalmos,</strong></span> <span class='ocrx_word' id='word_1_548' title='bbox 2604 3309 2697 3379; x_wconf 91' lang='lat' dir='ltr'><strong>qui</strong></span> <span class='ocrx_word' id='word_1_549' title='bbox 2729 3309 2890 3381; x_wconf 83' lang='lat' dir='ltr'><strong>vulgo</strong></span> <span class='ocrx_word' id='word_1_550' title='bbox 2918 3308 3216 3381; x_wconf 76' lang='lat' dir='ltr'><strong>Euthymio</strong></span> <span class='ocrx_word' id='word_1_551' title='bbox 3248 3310 3504 3366; x_wconf 88' lang='lat' dir='ltr'><strong>tribuun-</strong></span> 
     </span>
    </p>
   </div>
   <div class='ocr_carea' id='block_1_74' title="bbox 1896 3403 3503 3475">
    <p class='ocr_par' dir='ltr' id='par_1_74' title="bbox 1896 3403 3503 3475">
     <span class='ocr_line' id='line_1_74' title="bbox 1896 3403 3503 3475; baseline 0 -15"><span class='ocrx_word' id='word_1_552' title='bbox 1896 3418 2005 3471; x_wconf 87' lang='lat' dir='ltr'><strong>tur,</strong></span> <span class='ocrx_word' id='word_1_553' title='bbox 2050 3408 2103 3459; x_wconf 84' lang='lat' dir='ltr'><strong>in</strong></span> <span class='ocrx_word' id='word_1_554' title='bbox 2144 3405 2564 3475; x_wconf 80' lang='lat' dir='ltr'><strong>Mosquensibus</strong></span> <span class='ocrx_word' id='word_1_555' title='bbox 2596 3403 2945 3459; x_wconf 84' lang='lat' dir='ltr'><strong>bibliothecis</strong></span> <span class='ocrx_word' id='word_1_556' title='bbox 2978 3404 3163 3459; x_wconf 84' lang='lat' dir='ltr'><strong>inveni</strong></span> <span class='ocrx_word' id='word_1_557' title='bbox 3192 3404 3361 3461; x_wconf 88' lang='lat' dir='ltr'><strong>duos.</strong></span> <span class='ocrx_word' id='word_1_558' title='bbox 3394 3406 3503 3460; x_wconf 86' lang='lat' dir='ltr'><strong>Ac-</strong></span> 
     </span>
    </p>
   </div>
   <div class='ocr_carea' id='block_1_75' title="bbox 1891 3496 3504 3555">
    <p class='ocr_par' dir='ltr' id='par_1_75' title="bbox 1891 3496 3504 3555">
     <span class='ocr_line' id='line_1_75' title="bbox 1891 3496 3504 3555; baseline -0.001 0"><span class='ocrx_word' id='word_1_559' title='bbox 1891 3501 2039 3555; x_wconf 90' lang='lat' dir='ltr'><strong>cedit</strong></span> <span class='ocrx_word' id='word_1_560' title='bbox 2073 3499 2268 3555; x_wconf 78' lang='lat' dir='ltr'><strong>tertius</strong></span> <span class='ocrx_word' id='word_1_561' title='bbox 2312 3498 2420 3553; x_wconf 94' lang='lat' dir='ltr'><strong>illis</strong></span> <span class='ocrx_word' id='word_1_562' title='bbox 2463 3496 2620 3552; x_wconf 85' lang='lat' dir='ltr'><strong>valde</strong></span> <span class='ocrx_word' id='word_1_563' title='bbox 2668 3497 2884 3552; x_wconf 90' lang='lat' dir='ltr'><strong>similis.</strong></span> <span class='ocrx_word' id='word_1_564' title='bbox 2932 3498 3010 3552; x_wconf 92' lang='lat' dir='ltr'><strong>De</strong></span> <span class='ocrx_word' id='word_1_565' title='bbox 3050 3498 3138 3553; x_wconf 89' lang='lat' dir='ltr'><strong>his</strong></span> <span class='ocrx_word' id='word_1_566' title='bbox 3178 3498 3323 3554; x_wconf 88' lang='lat' dir='ltr'><strong>infra</strong></span> <span class='ocrx_word' id='word_1_567' title='bbox 3381 3514 3504 3555; x_wconf 91' lang='lat' dir='ltr'><strong>mo-</strong></span> 
     </span>
    </p>
   </div>
   <div class='ocr_carea' id='block_1_76' title="bbox 1892 3587 3506 3657">
    <p class='ocr_par' dir='ltr' id='par_1_76' title="bbox 1892 3587 3506 3657">
     <span class='ocr_line' id='line_1_76' title="bbox 1892 3587 3506 3657; baseline 0.001 -14"><span class='ocrx_word' id='word_1_568' title='bbox 1892 3592 2011 3644; x_wconf 87' lang='lat' dir='ltr'><strong>nui.</strong></span> <span class='ocrx_word' id='word_1_569' title='bbox 2044 3589 2151 3645; x_wconf 74' lang='lat' dir='ltr'><strong>Sed</strong></span> <span class='ocrx_word' id='word_1_570' title='bbox 2178 3605 2241 3644; x_wconf 77' lang='lat' dir='ltr'><strong>ex</strong></span> <span class='ocrx_word' id='word_1_571' title='bbox 2268 3589 2355 3644; x_wconf 91' lang='lat' dir='ltr'><strong>his</strong></span> <span class='ocrx_word' id='word_1_572' title='bbox 2378 3588 2517 3641; x_wconf 90' lang='lat' dir='ltr'><strong>nihil</strong></span> <span class='ocrx_word' id='word_1_573' title='bbox 2547 3587 2803 3654; x_wconf 89' lang='lat' dir='ltr'><strong>ellicitur,</strong></span> <span class='ocrx_word' id='word_1_574' title='bbox 2824 3588 2970 3657; x_wconf 88' lang='lat' dir='ltr'><strong>quod</strong></span> <span class='ocrx_word' id='word_1_575' title='bbox 2997 3588 3245 3644; x_wconf 88' lang='lat' dir='ltr'><strong>auctoris</strong></span> <span class='ocrx_word' id='word_1_576' title='bbox 3276 3589 3506 3645; x_wconf 86' lang='lat' dir='ltr'><strong>nomine</strong></span> 
     </span>
    </p>
   </div>
   <div class='ocr_carea' id='block_1_77' title="bbox 1891 3682 3506 3755">
    <p class='ocr_par' dir='ltr' id='par_1_77' title="bbox 1891 3682 3506 3755">
     <span class='ocr_line' id='line_1_77' title="bbox 1891 3682 3506 3755; baseline 0.001 -16"><span class='ocrx_word' id='word_1_577' title='bbox 1891 3696 2101 3740; x_wconf 87' lang='lat' dir='ltr'><strong>carent.</strong></span> <span class='ocrx_word' id='word_1_578' title='bbox 2134 3682 2531 3738; x_wconf 82' lang='lat' dir='ltr'><strong>Verumtamen</strong></span> <span class='ocrx_word' id='word_1_579' title='bbox 2564 3682 2633 3737; x_wconf 92' lang='lat' dir='ltr'><strong>de</strong></span> <span class='ocrx_word' id='word_1_580' title='bbox 2656 3682 2915 3753; x_wconf 87' lang='lat' dir='ltr'><strong>Philippo</strong></span> <span class='ocrx_word' id='word_1_581' title='bbox 2946 3682 3135 3750; x_wconf 90' lang='lat' dir='ltr'><strong>Saulo,</strong></span> <span class='ocrx_word' id='word_1_582' title='bbox 3159 3685 3252 3754; x_wconf 90' lang='lat' dir='ltr'><strong>qui</strong></span> <span class='ocrx_word' id='word_1_583' title='bbox 3290 3684 3506 3755; x_wconf 88' lang='lat' dir='ltr'><strong>primus</strong></span> 
     </span>
    </p>
   </div>
   <div class='ocr_carea' id='block_1_78' title="bbox 1894 3776 3508 3850">
    <p class='ocr_par' dir='ltr' id='par_1_78' title="bbox 1894 3776 3508 3850">
     <span class='ocr_line' id='line_1_78' title="bbox 1894 3776 3508 3850; baseline 0 -16"><span class='ocrx_word' id='word_1_584' title='bbox 1894 3778 2088 3834; x_wconf 80' lang='lat' dir='ltr'><strong>Latine</strong></span> <span class='ocrx_word' id='word_1_585' title='bbox 2108 3778 2286 3834; x_wconf 89' lang='lat' dir='ltr'><strong>edidit</strong></span> <span class='ocrx_word' id='word_1_586' title='bbox 2307 3777 2751 3833; x_wconf 81' lang='lat' dir='ltr'><strong>Commentarios</strong></span> <span class='ocrx_word' id='word_1_587' title='bbox 2778 3776 2830 3831; x_wconf 92' lang='lat' dir='ltr'><strong>in</strong></span> <span class='ocrx_word' id='word_1_588' title='bbox 2865 3777 3134 3843; x_wconf 81' lang='lat' dir='ltr'><strong>Psalmos,</strong></span> <span class='ocrx_word' id='word_1_589' title='bbox 3170 3793 3379 3850; x_wconf 88' lang='lat' dir='ltr'><strong>eosque</strong></span> <span class='ocrx_word' id='word_1_590' title='bbox 3398 3778 3508 3834; x_wconf 83' lang='lat' dir='ltr'><strong>Eu-</strong></span> 
     </span>
    </p>
   </div>
   <div class='ocr_carea' id='block_1_79' title="bbox 1895 3870 3508 3944">
    <p class='ocr_par' dir='ltr' id='par_1_79' title="bbox 1895 3870 3508 3944">
     <span class='ocr_line' id='line_1_79' title="bbox 1895 3870 3508 3944; baseline 0.002 -18"><span class='ocrx_word' id='word_1_591' title='bbox 1895 3874 2105 3944; x_wconf 77' lang='lat' dir='ltr'><strong>thymio</strong></span> <span class='ocrx_word' id='word_1_592' title='bbox 2124 3872 2337 3936; x_wconf 87' lang='lat' dir='ltr'><strong>tribuit,</strong></span> <span class='ocrx_word' id='word_1_593' title='bbox 2362 3870 2647 3943; x_wconf 87' lang='lat' dir='ltr'><strong>probabile</strong></span> <span class='ocrx_word' id='word_1_594' title='bbox 2665 3870 2903 3925; x_wconf 83' lang='lat' dir='ltr'><strong>videtur.</strong></span> <span class='ocrx_word' id='word_1_595' title='bbox 2927 3886 3052 3925; x_wconf 89' lang='lat' dir='ltr'><strong>cum</strong></span> <span class='ocrx_word' id='word_1_596' title='bbox 3083 3871 3368 3943; x_wconf 84' lang='lat' dir='ltr'><strong>Euthymii</strong></span> <span class='ocrx_word' id='word_1_597' title='bbox 3399 3889 3508 3929; x_wconf 83' lang='lat' dir='ltr'><strong>no-</strong></span> 
     </span>
    </p>
   </div>
   <div class='ocr_carea' id='block_1_80' title="bbox 1892 3960 3506 4034">
    <p class='ocr_par' dir='ltr' id='par_1_80' title="bbox 1892 3960 3506 4034">
     <span class='ocr_line' id='line_1_80' title="bbox 1892 3960 3506 4034; baseline 0 -16"><span class='ocrx_word' id='word_1_598' title='bbox 1892 3979 2019 4019; x_wconf 90' lang='lat' dir='ltr'><strong>men</strong></span> <span class='ocrx_word' id='word_1_599' title='bbox 2074 3963 2349 4034; x_wconf 86' lang='lat' dir='ltr'><strong>rcpcrisse</strong></span> <span class='ocrx_word' id='word_1_600' title='bbox 2395 3961 2449 4015; x_wconf 92' lang='lat' dir='ltr'><strong>in</strong></span> <span class='ocrx_word' id='word_1_601' title='bbox 2482 3977 2592 4015; x_wconf 92' lang='lat' dir='ltr'><strong>uno</strong></span> <span class='ocrx_word' id='word_1_602' title='bbox 2627 3969 2724 4015; x_wconf 85' lang='lat' dir='ltr'><strong>aut</strong></span> <span class='ocrx_word' id='word_1_603' title='bbox 2766 3960 3017 4031; x_wconf 89' lang='lat' dir='ltr'><strong>pluribus</strong></span> <span class='ocrx_word' id='word_1_604' title='bbox 3052 3961 3357 4018; x_wconf 83' lang='lat' dir='ltr'><strong>codicibus;</strong></span> <span class='ocrx_word' id='word_1_605' title='bbox 3396 3964 3506 4019; x_wconf 85' lang='lat' dir='ltr'><strong>Ac-</strong></span> 
     </span>
    </p>
   </div>
   <div class='ocr_carea' id='block_1_81' title="bbox 1892 4054 3508 4133">
    <p class='ocr_par' dir='ltr' id='par_1_81' title="bbox 1892 4054 3508 4133">
     <span class='ocr_line' id='line_1_81' title="bbox 1892 4054 3508 4133; baseline 0.001 -18"><span class='ocrx_word' id='word_1_606' title='bbox 1892 4058 2038 4115; x_wconf 88' lang='lat' dir='ltr'><strong>cedit</strong></span> <span class='ocrx_word' id='word_1_607' title='bbox 2062 4058 2197 4113; x_wconf 90' lang='lat' dir='ltr'><strong>tides</strong></span> <span class='ocrx_word' id='word_1_608' title='bbox 2240 4056 2617 4111; x_wconf 87' lang='lat' dir='ltr'><strong>etauctoritas</strong></span> <span class='ocrx_word' id='word_1_609' title='bbox 2650 4054 3084 4121; x_wconf 76' lang='lat' dir='ltr'><strong>Montcfalconii,</strong></span> <span class='ocrx_word' id='word_1_610' title='bbox 3111 4060 3206 4129; x_wconf 89' lang='lat' dir='ltr'><strong>qni</strong></span> <span class='ocrx_word' id='word_1_611' title='bbox 3247 4058 3322 4114; x_wconf 88' lang='lat' dir='ltr'><strong>ita</strong></span> <span class='ocrx_word' id='word_1_612' title='bbox 3349 4074 3508 4133; x_wconf 90' lang='lat' dir='ltr'><strong>repe-</strong></span> 
     </span>
    </p>
   </div>
   <div class='ocr_carea' id='block_1_82' title="bbox 1893 4150 3507 4213">
    <p class='ocr_par' dir='ltr' id='par_1_82' title="bbox 1893 4150 3507 4213">
     <span class='ocr_line' id='line_1_82' title="bbox 1893 4150 3507 4213; baseline 0.003 -5"><span class='ocrx_word' id='word_1_613' title='bbox 1893 4154 1965 4208; x_wconf 85' lang='lat' dir='ltr'><strong>rit</strong></span> <span class='ocrx_word' id='word_1_614' title='bbox 2022 4154 2095 4207; x_wconf 84' lang='lat' dir='ltr'><strong>in-</strong></span> <span class='ocrx_word' id='word_1_615' title='bbox 2134 4151 2420 4209; x_wconf 89' lang='lat' dir='ltr'><strong>codicibus</strong></span> <span class='ocrx_word' id='word_1_616' title='bbox 2480 4150 2855 4206; x_wconf 89' lang='lat' dir='ltr'><strong>Coislinianis.</strong></span> <span class='ocrx_word' id='word_1_617' title='bbox 2900 4151 2980 4207; x_wconf 88' lang='lat' dir='ltr'><strong>lta</strong></span> <span class='ocrx_word' id='word_1_618' title='bbox 3039 4155 3189 4209; x_wconf 91' lang='lat' dir='ltr'><strong>enim</strong></span> <span class='ocrx_word' id='word_1_619' title='bbox 3252 4156 3418 4213; x_wconf 87' lang='lat' dir='ltr'><strong>habet</strong></span> <span class='ocrx_word' id='word_1_620' title='bbox 3450 4158 3507 4213; x_wconf 89' lang='lat' dir='ltr'><strong>in</strong></span> 
     </span>
    </p>
   </div>
   <div class='ocr_carea' id='block_1_83' title="bbox 1895 4244 3505 4323">
    <p class='ocr_par' dir='ltr' id='par_1_83' title="bbox 1895 4244 3505 4323">
     <span class='ocr_line' id='line_1_83' title="bbox 1895 4244 3505 4323; baseline 0.004 -24"><span class='ocrx_word' id='word_1_621' title='bbox 1895 4247 2036 4301; x_wconf 87' lang='lat' dir='ltr'><strong>Bibl.</strong></span> <span class='ocrx_word' id='word_1_622' title='bbox 2096 4245 2354 4309; x_wconf 89' lang='lat' dir='ltr'><strong>Coislin.,</strong></span> <span class='ocrx_word' id='word_1_623' title='bbox 2419 4261 2473 4315; x_wconf 94' lang='lat' dir='ltr'><strong>p.</strong></span> <span class='ocrx_word' id='word_1_624' title='bbox 2546 4244 2695 4300; x_wconf 66' lang='lat'><strong>178:</strong></span> <span class='ocrx_word' id='word_1_625' title='bbox 2763 4244 3505 4323; x_wconf 77' lang='lat' dir='ltr'><strong>EutliymiiZygadeni(sic)</strong></span> 
     </span>
    </p>
   </div>
   <div class='ocr_carea' id='block_1_84' title="bbox 1892 4338 3507 4416">
    <p class='ocr_par' dir='ltr' id='par_1_84' title="bbox 1892 4338 3507 4416">
     <span class='ocr_line' id='line_1_84' title="bbox 1892 4338 3507 4416; baseline -0.001 -19"><span class='ocrx_word' id='word_1_626' title='bbox 1892 4339 2277 4397; x_wconf 81' lang='lat' dir='ltr'><strong>Commentarii</strong></span> <span class='ocrx_word' id='word_1_627' title='bbox 2299 4340 2353 4391; x_wconf 84' lang='lat' dir='ltr'><strong>in</strong></span> <span class='ocrx_word' id='word_1_628' title='bbox 2376 4338 2643 4393; x_wconf 75' lang='lat' dir='ltr'><strong>Paulinus.</strong></span> <span class='ocrx_word' id='word_1_629' title='bbox 2694 4338 2847 4393; x_wconf 84' lang='lat' dir='ltr'><strong>Adde</strong></span> <span class='ocrx_word' id='word_1_630' title='bbox 2888 4339 3146 4394; x_wconf 89' lang='lat' dir='ltr'><strong>eumdem</strong></span> <span class='ocrx_word' id='word_1_631' title='bbox 3197 4357 3252 4412; x_wconf 91' lang='lat' dir='ltr'><strong>p.</strong></span> <span class='ocrx_word' id='word_1_632' title='bbox 3298 4341 3366 4396; x_wconf 87' lang='lat'><strong>58</strong></span> <span class='ocrx_word' id='word_1_633' title='bbox 3406 4342 3507 4416; x_wconf 81' lang='lat' dir='ltr'><strong>Zy-</strong></span> 
     </span>
    </p>
   </div>
   <div class='ocr_carea' id='block_1_85' title="bbox 1893 4434 3507 4508">
    <p class='ocr_par' dir='ltr' id='par_1_85' title="bbox 1893 4434 3507 4508">
     <span class='ocr_line' id='line_1_85' title="bbox 1893 4434 3507 4508; baseline 0.003 -17"><span class='ocrx_word' id='word_1_634' title='bbox 1893 4436 2141 4508; x_wconf 81' lang='lat' dir='ltr'><strong>gabenus</strong></span> <span class='ocrx_word' id='word_1_635' title='bbox 2164 4435 2500 4505; x_wconf 85' lang='lat' dir='ltr'><strong>appellatur,</strong></span> <span class='ocrx_word' id='word_1_636' title='bbox 2532 4434 2663 4489; x_wconf 91' lang='lat' dir='ltr'><strong>ibid.</strong></span> <span class='ocrx_word' id='word_1_637' title='bbox 2684 4449 2739 4505; x_wconf 91' lang='lat' dir='ltr'><strong>p.</strong></span> <span class='ocrx_word' id='word_1_638' title='bbox 2769 4434 2877 4490; x_wconf 71' lang='lat'><strong>200</strong></span> <span class='ocrx_word' id='word_1_639' title='bbox 2904 4444 2960 4491; x_wconf 92' lang='lat' dir='ltr'><strong>et</strong></span> <span class='ocrx_word' id='word_1_640' title='bbox 3011 4436 3140 4491; x_wconf 69' lang='lat'><strong>4‘25.</strong></span> <span class='ocrx_word' id='word_1_641' title='bbox 3196 4436 3507 4496; x_wconf 78' lang='lat' dir='ltr'><strong>licntenius</strong></span> 
     </span>
    </p>
   </div>
   <div class='ocr_carea' id='block_1_86' title="bbox 1891 4530 3508 4606">
    <p class='ocr_par' dir='ltr' id='par_1_86' title="bbox 1891 4530 3508 4606">
     <span class='ocr_line' id='line_1_86' title="bbox 1891 4530 3508 4606; baseline 0.003 -18"><span class='ocrx_word' id='word_1_642' title='bbox 1891 4547 2019 4588; x_wconf 89' lang='lat' dir='ltr'><strong>eum</strong></span> <span class='ocrx_word' id='word_1_643' title='bbox 2040 4532 2379 4604; x_wconf 83' lang='lat' dir='ltr'><strong>Zigabonum</strong></span> <span class='ocrx_word' id='word_1_644' title='bbox 2398 4530 2882 4602; x_wconf 80' lang='lat' dir='ltr'><strong>appellat.Quibus</strong></span> <span class='ocrx_word' id='word_1_645' title='bbox 2895 4534 3118 4588; x_wconf 91' lang='lat' dir='ltr'><strong>nomina</strong></span> <span class='ocrx_word' id='word_1_646' title='bbox 3136 4535 3293 4606; x_wconf 90' lang='lat' dir='ltr'><strong>plura</strong></span> <span class='ocrx_word' id='word_1_647' title='bbox 3313 4553 3508 4593; x_wconf 85' lang='lat' dir='ltr'><strong>recen-</strong></span> 
     </span>
    </p>
   </div>
   <div class='ocr_carea' id='block_1_87' title="bbox 1897 4626 3505 4705">
    <p class='ocr_par' dir='ltr' id='par_1_87' title="bbox 1897 4626 3505 4705">
     <span class='ocr_line' id='line_1_87' title="bbox 1897 4626 3505 4705; baseline 0.004 -23"><span class='ocrx_word' id='word_1_648' title='bbox 1897 4628 2098 4685; x_wconf 90' lang='lat' dir='ltr'><strong>tiorum</strong></span> <span class='ocrx_word' id='word_1_649' title='bbox 2120 4627 2436 4682; x_wconf 65' lang='lat' dir='ltr'><strong>Graecorum</strong></span> <span class='ocrx_word' id='word_1_650' title='bbox 2454 4636 2586 4682; x_wconf 90' lang='lat' dir='ltr'><strong>nota</strong></span> <span class='ocrx_word' id='word_1_651' title='bbox 2613 4634 2760 4694; x_wconf 89' lang='lat' dir='ltr'><strong>sunt,</strong></span> <span class='ocrx_word' id='word_1_652' title='bbox 2792 4626 2827 4681; x_wconf 92' lang='lat' dir='ltr'><strong>ii</strong></span> <span class='ocrx_word' id='word_1_653' title='bbox 2856 4637 3086 4693; x_wconf 90' lang='lat' dir='ltr'><strong>norunt,</strong></span> <span class='ocrx_word' id='word_1_654' title='bbox 3115 4632 3505 4705; x_wconf 79' lang='lat' dir='ltr'><strong>etymologiam</strong></span> 
     </span>
    </p>
   </div>
   <div class='ocr_carea' id='block_1_88' title="bbox 193 4699 1780 4794">
    <p class='ocr_par' dir='ltr' id='par_1_88' title="bbox 193 4699 1780 4773">
     <span class='ocr_line' id='line_1_88' title="bbox 193 4699 1780 4773; baseline 0.006 -22"><span class='ocrx_word' id='word_1_655' title='bbox 193 4699 443 4762; x_wconf 83' lang='lat' dir='ltr'><strong>scholiis,</strong></span> <span class='ocrx_word' id='word_1_656' title='bbox 493 4714 615 4769; x_wconf 63' lang='lat' dir='ltr'><strong>quae</strong></span> <span class='ocrx_word' id='word_1_657' title='bbox 657 4699 712 4753; x_wconf 88' lang='lat' dir='ltr'><strong>in</strong></span> <span class='ocrx_word' id='word_1_658' title='bbox 749 4710 949 4755; x_wconf 89' lang='lat' dir='ltr'><strong>neutro</strong></span> <span class='ocrx_word' id='word_1_659' title='bbox 979 4716 1228 4757; x_wconf 89' lang='lat' dir='ltr'><strong>meorum</strong></span> <span class='ocrx_word' id='word_1_660' title='bbox 1280 4713 1622 4773; x_wconf 87' lang='lat' dir='ltr'><strong>comparent.</strong></span> <span class='ocrx_word' id='word_1_661' title='bbox 1686 4705 1780 4761; x_wconf 75' lang='lat' dir='ltr'><strong>Ni-</strong></span> 
     </span>
    </p>
   </div>
   <div class='ocr_carea' id='block_1_89' title="bbox 1886 4699 3504 4794">
    <p class='ocr_par' dir='ltr' id='par_1_89' title="bbox 1896 4721 3504 4794">
     <span class='ocr_line' id='line_1_89' title="bbox 1896 4721 3504 4794; baseline 0.003 -18"><span class='ocrx_word' id='word_1_662' title='bbox 1896 4722 2113 4778; x_wconf 91' lang='lat' dir='ltr'><strong>illorum</strong></span> <span class='ocrx_word' id='word_1_663' title='bbox 2138 4722 2427 4777; x_wconf 90' lang='lat' dir='ltr'><strong>nominum</strong></span> <span class='ocrx_word' id='word_1_664' title='bbox 2442 4721 2600 4777; x_wconf 84' lang='lat' dir='ltr'><strong>valde</strong></span> <span class='ocrx_word' id='word_1_665' title='bbox 2618 4737 2742 4778; x_wconf 86' lang='lat' dir='ltr'><strong>esse</strong></span> <span class='ocrx_word' id='word_1_666' title='bbox 2756 4722 3102 4794; x_wconf 86' lang='lat' dir='ltr'><strong>impeditam.</strong></span> <span class='ocrx_word' id='word_1_667' title='bbox 3120 4725 3182 4780; x_wconf 82' lang='lat' dir='ltr'><strong>In</strong></span> <span class='ocrx_word' id='word_1_668' title='bbox 3203 4727 3504 4783; x_wconf 88' lang='lat' dir='ltr'><strong>hocnomi-</strong></span> 
     </span>
    </p>
   </div>
   <div class='ocr_carea' id='block_1_90' title="bbox 192 4793 1785 4856">
    <p class='ocr_par' dir='ltr' id='par_1_90' title="bbox 192 4793 1785 4856">
     <span class='ocr_line' id='line_1_90' title="bbox 192 4793 1785 4856; baseline 0.006 -9"><span class='ocrx_word' id='word_1_669' title='bbox 192 4793 497 4847; x_wconf 85' lang='lat' dir='ltr'><strong>hilominus</strong></span> <span class='ocrx_word' id='word_1_670' title='bbox 545 4802 728 4849; x_wconf 81' lang='lat' dir='ltr'><strong>tanien</strong></span> <span class='ocrx_word' id='word_1_671' title='bbox 760 4796 950 4851; x_wconf 88' lang='lat' dir='ltr'><strong>multis</strong></span> <span class='ocrx_word' id='word_1_672' title='bbox 983 4796 1037 4850; x_wconf 92' lang='lat' dir='ltr'><strong>in</strong></span> <span class='ocrx_word' id='word_1_673' title='bbox 1070 4796 1209 4852; x_wconf 91' lang='lat' dir='ltr'><strong>locis</strong></span> <span class='ocrx_word' id='word_1_674' title='bbox 1241 4798 1495 4853; x_wconf 73' lang='lat' dir='ltr'><strong>versione</strong></span> <span class='ocrx_word' id='word_1_675' title='bbox 1528 4797 1785 4856; x_wconf 88' lang='lat' dir='ltr'><strong>Henlenii</strong></span> 
     </span>
    </p>
   </div>
   <div class='ocr_carea' id='block_1_91' title="bbox 192 4888 1787 4961">
    <p class='ocr_par' dir='ltr' id='par_1_91' title="bbox 192 4888 1787 4961">
     <span class='ocr_line' id='line_1_91' title="bbox 192 4888 1787 4961; baseline 0.006 -20"><span class='ocrx_word' id='word_1_676' title='bbox 192 4904 291 4955; x_wconf 83' lang='lat' dir='ltr'><strong>pro</strong></span> <span class='ocrx_word' id='word_1_677' title='bbox 319 4889 512 4943; x_wconf 88' lang='lat' dir='ltr'><strong>codice</strong></span> <span class='ocrx_word' id='word_1_678' title='bbox 552 4888 627 4941; x_wconf 91' lang='lat' dir='ltr'><strong>uti</strong></span> <span class='ocrx_word' id='word_1_679' title='bbox 661 4889 834 4959; x_wconf 93' lang='lat' dir='ltr'><strong>potui.</strong></span> <span class='ocrx_word' id='word_1_680' title='bbox 872 4891 1004 4945; x_wconf 81' lang='lat' dir='ltr'><strong>Eam</strong></span> <span class='ocrx_word' id='word_1_681' title='bbox 1025 4890 1187 4961; x_wconf 70' lang='lat' dir='ltr'><strong>igitur</strong></span> <span class='ocrx_word' id='word_1_682' title='bbox 1214 4891 1317 4947; x_wconf 89' lang='lat' dir='ltr'><strong>hac</strong></span> <span class='ocrx_word' id='word_1_683' title='bbox 1334 4892 1498 4947; x_wconf 86' lang='lat' dir='ltr'><strong>etiam</strong></span> <span class='ocrx_word' id='word_1_684' title='bbox 1525 4894 1593 4948; x_wconf 90' lang='lat' dir='ltr'><strong>de</strong></span> <span class='ocrx_word' id='word_1_685' title='bbox 1622 4910 1787 4951; x_wconf 88' lang='lat' dir='ltr'><strong>causa</strong></span> 
     </span>
    </p>
   </div>
   <div class='ocr_carea' id='block_1_92' title="bbox 190 4981 1787 5058">
    <p class='ocr_par' dir='ltr' id='par_1_92' title="bbox 190 4981 1787 5058">
     <span class='ocr_line' id='line_1_92' title="bbox 190 4981 1787 5058; baseline 0.007 -23"><span class='ocrx_word' id='word_1_686' title='bbox 190 4981 457 5039; x_wconf 85' lang='lat' dir='ltr'><strong>intactam</strong></span> <span class='ocrx_word' id='word_1_687' title='bbox 511 4982 702 5053; x_wconf 87' lang='lat' dir='ltr'><strong>reliqui</strong></span> <span class='ocrx_word' id='word_1_688' title='bbox 736 5002 748 5038; x_wconf 91' lang='lat'><strong>:</strong></span> <span class='ocrx_word' id='word_1_689' title='bbox 777 4985 953 5055; x_wconf 88' lang='lat' dir='ltr'><strong>adjeci</strong></span> <span class='ocrx_word' id='word_1_690' title='bbox 992 4995 1175 5043; x_wconf 90' lang='lat' dir='ltr'><strong>tamen</strong></span> <span class='ocrx_word' id='word_1_691' title='bbox 1209 4988 1408 5058; x_wconf 90' lang='lat' dir='ltr'><strong>partim</strong></span> <span class='ocrx_word' id='word_1_692' title='bbox 1446 4989 1498 5043; x_wconf 91' lang='lat' dir='ltr'><strong>in</strong></span> <span class='ocrx_word' id='word_1_693' title='bbox 1537 4990 1787 5046; x_wconf 86' lang='lat' dir='ltr'><strong>animad-</strong></span> 
     </span>
    </p>
   </div>
   <div class='ocr_carea' id='block_1_93' title="bbox 188 5078 1789 5154">
    <p class='ocr_par' dir='ltr' id='par_1_93' title="bbox 188 5078 1789 5154">
     <span class='ocr_line' id='line_1_93' title="bbox 188 5078 1789 5154; baseline 0.006 -23"><span class='ocrx_word' id='word_1_694' title='bbox 188 5078 567 5141; x_wconf 69' lang='lat' dir='ltr'><strong>versaonibns,</strong></span> <span class='ocrx_word' id='word_1_695' title='bbox 602 5080 799 5148; x_wconf 88' lang='lat' dir='ltr'><strong>partim</strong></span> <span class='ocrx_word' id='word_1_696' title='bbox 843 5080 900 5134; x_wconf 91' lang='lat' dir='ltr'><strong>in</strong></span> <span class='ocrx_word' id='word_1_697' title='bbox 936 5081 1042 5137; x_wconf 83' lang='lat' dir='ltr'><strong>fine</strong></span> <span class='ocrx_word' id='word_1_698' title='bbox 1081 5084 1267 5154; x_wconf 85' lang='lat' dir='ltr'><strong>Operis</strong></span> <span class='ocrx_word' id='word_1_699' title='bbox 1312 5086 1609 5141; x_wconf 87' lang='lat' dir='ltr'><strong>nonnullas</strong></span> <span class='ocrx_word' id='word_1_700' title='bbox 1667 5103 1789 5142; x_wconf 90' lang='lat' dir='ltr'><strong>cor-</strong></span> 
     </span>
    </p>
   </div>
   <div class='ocr_carea' id='block_1_94' title="bbox 190 5172 1786 5233">
    <p class='ocr_par' dir='ltr' id='par_1_94' title="bbox 190 5172 1786 5233">
     <span class='ocr_line' id='line_1_94' title="bbox 190 5172 1786 5233; baseline 0.007 -11"><span class='ocrx_word' id='word_1_701' title='bbox 190 5172 491 5224; x_wconf 85' lang='lat' dir='ltr'><strong>rectiones.</strong></span> <span class='ocrx_word' id='word_1_702' title='bbox 548 5172 651 5225; x_wconf 80' lang='lat' dir='ltr'><strong>Sex</strong></span> <span class='ocrx_word' id='word_1_703' title='bbox 702 5182 885 5227; x_wconf 89' lang='lat' dir='ltr'><strong>autem</strong></span> <span class='ocrx_word' id='word_1_704' title='bbox 927 5175 1147 5231; x_wconf 81' lang='lat' dir='ltr'><strong>codices</strong></span> <span class='ocrx_word' id='word_1_705' title='bbox 1210 5176 1386 5232; x_wconf 60' lang='lat' dir='ltr'><strong>Grmci</strong></span> <span class='ocrx_word' id='word_1_706' title='bbox 1428 5177 1786 5233; x_wconf 89' lang='lat' dir='ltr'><strong>Commenta-</strong></span> 
     </span>
    </p>
   </div>
   <div class='ocr_carea' id='block_1_95' title="bbox 190 5266 1785 5338">
    <p class='ocr_par' dir='ltr' id='par_1_95' title="bbox 190 5266 1785 5338">
     <span class='ocr_line' id='line_1_95' title="bbox 190 5266 1785 5338; baseline 0.006 -21"><span class='ocrx_word' id='word_1_707' title='bbox 190 5268 410 5319; x_wconf 83' lang='lat' dir='ltr'><strong>riorum</strong></span> <span class='ocrx_word' id='word_1_708' title='bbox 457 5266 732 5337; x_wconf 60' lang='lat' dir='ltr'><strong>lauthymii</strong></span> <span class='ocrx_word' id='word_1_709' title='bbox 774 5269 828 5322; x_wconf 91' lang='lat' dir='ltr'><strong>in</strong></span> <span class='ocrx_word' id='word_1_710' title='bbox 860 5268 1152 5338; x_wconf 72' lang='lat' dir='ltr'><strong>Evangelia</strong></span> <span class='ocrx_word' id='word_1_711' title='bbox 1218 5271 1357 5326; x_wconf 89' lang='lat' dir='ltr'><strong>mihi</strong></span> <span class='ocrx_word' id='word_1_712' title='bbox 1400 5272 1582 5327; x_wconf 90' lang='lat' dir='ltr'><strong>adhuc</strong></span> <span class='ocrx_word' id='word_1_713' title='bbox 1626 5272 1785 5327; x_wconf 90' lang='lat' dir='ltr'><strong>inno-</strong></span> 
     </span>
    </p>
   </div>
   <div class='ocr_carea' id='block_1_96' title="bbox 187 5360 1787 5433">
    <p class='ocr_par' dir='ltr' id='par_1_96' title="bbox 187 5360 1787 5433">
     <span class='ocr_line' id='line_1_96' title="bbox 187 5360 1787 5433; baseline 0.006 -19"><span class='ocrx_word' id='word_1_714' title='bbox 187 5370 444 5415; x_wconf 85' lang='lat' dir='ltr'><strong>tucrunt.</strong></span> <span class='ocrx_word' id='word_1_715' title='bbox 492 5362 609 5416; x_wconf 81' lang='lat' dir='ltr'><strong>Duo</strong></span> <span class='ocrx_word' id='word_1_716' title='bbox 647 5360 1023 5433; x_wconf 82' lang='lat' dir='ltr'><strong>Mosquenses,</strong></span> <span class='ocrx_word' id='word_1_717' title='bbox 1060 5364 1338 5429; x_wconf 83' lang='lat' dir='ltr'><strong>llcntenii,</strong></span> <span class='ocrx_word' id='word_1_718' title='bbox 1393 5366 1502 5422; x_wconf 93' lang='lat' dir='ltr'><strong>duo</strong></span> <span class='ocrx_word' id='word_1_719' title='bbox 1551 5365 1787 5423; x_wconf 86' lang='lat' dir='ltr'><strong>Parisini</strong></span> 
     </span>
    </p>
   </div>
   <div class='ocr_carea' id='block_1_97' title="bbox 187 5455 1789 5529">
    <p class='ocr_par' dir='ltr' id='par_1_97' title="bbox 187 5455 1789 5529">
     <span class='ocr_line' id='line_1_97' title="bbox 187 5455 1789 5529; baseline 0.006 -22"><span class='ocrx_word' id='word_1_720' title='bbox 187 5456 329 5525; x_wconf 78' lang='lat' dir='ltr'><strong>regii</strong></span> <span class='ocrx_word' id='word_1_721' title='bbox 376 5472 533 5509; x_wconf 93' lang='lat' dir='ltr'><strong>num.</strong></span> <span class='ocrx_word' id='word_1_722' title='bbox 588 5455 730 5510; x_wconf 69' lang='lat'><strong>2395</strong></span> <span class='ocrx_word' id='word_1_723' title='bbox 765 5467 820 5511; x_wconf 86' lang='lat' dir='ltr'><strong>et</strong></span> <span class='ocrx_word' id='word_1_724' title='bbox 858 5457 1023 5522; x_wconf 60' lang='lat'><strong>‘2401,</strong></span> <span class='ocrx_word' id='word_1_725' title='bbox 1078 5467 1131 5513; x_wconf 88' lang='lat' dir='ltr'><strong>ct</strong></span> <span class='ocrx_word' id='word_1_726' title='bbox 1170 5459 1244 5529; x_wconf 75' lang='grc' dir='ltr'><strong>(ὁ)</strong></span> <span class='ocrx_word' id='word_1_727' title='bbox 1294 5458 1682 5518; x_wconf 78' lang='lat' dir='ltr'><strong>Baroccianns.</strong></span> <span class='ocrx_word' id='word_1_728' title='bbox 1727 5464 1789 5518; x_wconf 85' lang='lat' dir='ltr'><strong>In</strong></span> 
     </span>
    </p>
   </div>
   <div class='ocr_carea' id='block_1_98' title="bbox 184 5550 1787 5619">
    <p class='ocr_par' dir='ltr' id='par_1_98' title="bbox 184 5550 1787 5619">
     <span class='ocr_line' id='line_1_98' title="bbox 184 5550 1787 5619; baseline 0.007 -18"><span class='ocrx_word' id='word_1_729' title='bbox 184 5550 347 5604; x_wconf 89' lang='lat' dir='ltr'><strong>nullo</strong></span> <span class='ocrx_word' id='word_1_730' title='bbox 380 5550 575 5604; x_wconf 88' lang='lat' dir='ltr'><strong>horum</strong></span> <span class='ocrx_word' id='word_1_731' title='bbox 615 5550 863 5606; x_wconf 90' lang='lat' dir='ltr'><strong>codicum</strong></span> <span class='ocrx_word' id='word_1_732' title='bbox 894 5567 1092 5607; x_wconf 79' lang='lat' dir='ltr'><strong>noinen</strong></span> <span class='ocrx_word' id='word_1_733' title='bbox 1121 5554 1383 5619; x_wconf 88' lang='lat' dir='ltr'><strong>auctoris,</strong></span> <span class='ocrx_word' id='word_1_734' title='bbox 1409 5556 1514 5610; x_wconf 89' lang='lat' dir='ltr'><strong>nisi</strong></span> <span class='ocrx_word' id='word_1_735' title='bbox 1554 5557 1696 5613; x_wconf 82' lang='lat' dir='ltr'><strong>forte</strong></span> <span class='ocrx_word' id='word_1_736' title='bbox 1732 5562 1787 5613; x_wconf 91' lang='lat' dir='ltr'><strong>in</strong></span> 
     </span>
    </p>
   </div>
   <div class='ocr_carea' id='block_1_99' title="bbox 185 5642 1790 5720">
    <p class='ocr_par' dir='ltr' id='par_1_99' title="bbox 185 5642 1790 5720">
     <span class='ocr_line' id='line_1_99' title="bbox 185 5642 1790 5720; baseline 0.009 -25"><span class='ocrx_word' id='word_1_737' title='bbox 185 5642 552 5709; x_wconf 75' lang='lat' dir='ltr'><strong>Barocciano,</strong></span> <span class='ocrx_word' id='word_1_738' title='bbox 598 5659 760 5714; x_wconf 84' lang='lat' dir='ltr'><strong>quem</strong></span> <span class='ocrx_word' id='word_1_739' title='bbox 806 5644 1007 5701; x_wconf 76' lang='lat' dir='ltr'><strong>Miliius</strong></span> <span class='ocrx_word' id='word_1_740' title='bbox 1057 5648 1329 5716; x_wconf 86' lang='lat' dir='ltr'><strong>tractavit,</strong></span> <span class='ocrx_word' id='word_1_741' title='bbox 1381 5652 1672 5720; x_wconf 72' lang='lat' dir='ltr'><strong>reperitur,</strong></span> <span class='ocrx_word' id='word_1_742' title='bbox 1722 5655 1790 5709; x_wconf 92' lang='lat' dir='ltr'><strong>de</strong></span> 
     </span>
    </p>
   </div>
   <div class='ocr_carea' id='block_1_100' title="bbox 268 5782 1786 5861">
    <p class='ocr_par' dir='ltr' id='par_1_100' title="bbox 268 5782 1786 5861">
     <span class='ocr_line' id='line_1_100' title="bbox 268 5782 1786 5861; baseline 0.005 -24"><span class='ocrx_word' id='word_1_743' title='bbox 268 5784 342 5852; x_wconf 86' lang='lat' dir='ltr'><strong>(b)</strong></span> <span class='ocrx_word' id='word_1_744' title='bbox 380 5782 581 5861; x_wconf 64' lang='lat' dir='ltr'><strong>hlillius</strong></span> <span class='ocrx_word' id='word_1_745' title='bbox 619 5784 818 5861; x_wconf 81' lang='lat' dir='ltr'><strong>in__sua_</strong></span> <span class='ocrx_word' id='word_1_746' title='bbox 859 5785 927 5861; x_wconf 67' lang='grc' dir='ltr'><strong>Ν.</strong></span> <span class='ocrx_word' id='word_1_747' title='bbox 964 5786 1115 5861; x_wconf 81' lang='lat' dir='ltr'><strong>&#39;l&#39;est.</strong></span> <span class='ocrx_word' id='word_1_748' title='bbox 1147 5786 1417 5861; x_wconf 78' lang='lat' dir='ltr'><strong>editione,</strong></span> <span class='ocrx_word' id='word_1_749' title='bbox 1448 5800 1577 5844; x_wconf 90' lang='lat' dir='ltr'><strong>ante</strong></span> <span class='ocrx_word' id='word_1_750' title='bbox 1609 5790 1786 5861; x_wconf 80' lang='lat' dir='ltr'><strong>capita</strong></span> 
     </span>
    </p>
   </div>
   <div class='ocr_carea' id='block_1_101' title="bbox 186 5856 1788 5927">
    <p class='ocr_par' dir='ltr' id='par_1_101' title="bbox 186 5856 1788 5927">
     <span class='ocr_line' id='line_1_101' title="bbox 186 5856 1788 5927; baseline 0.003 -17"><span class='ocrx_word' id='word_1_751' title='bbox 186 5856 417 5910; x_wconf 72' lang='lat' dir='ltr'><strong>Eusebii</strong></span> <span class='ocrx_word' id='word_1_752' title='bbox 460 5856 735 5927; x_wconf 57' lang='lat' dir='ltr'><strong>Evangelii</strong></span> <span class='ocrx_word' id='word_1_753' title='bbox 777 5856 1033 5921; x_wconf 62' lang='lat' dir='ltr'><strong>Matii-aet,</strong></span> <span class='ocrx_word' id='word_1_754' title='bbox 1085 5860 1193 5913; x_wconf 87' lang='lat' dir='ltr'><strong>duo</strong></span> <span class='ocrx_word' id='word_1_755' title='bbox 1226 5860 1342 5913; x_wconf 83' lang='lat' dir='ltr'><strong>loca</strong></span> <span class='ocrx_word' id='word_1_756' title='bbox 1394 5856 1788 5917; x_wconf 65' lang='lat' dir='ltr'><strong>Comini-niani</strong></span> 
     </span>
    </p>
   </div>
   <div class='ocr_carea' id='block_1_102' title="bbox 182 5926 1791 6005">
    <p class='ocr_par' dir='ltr' id='par_1_102' title="bbox 182 5926 1791 6005">
     <span class='ocr_line' id='line_1_102' title="bbox 182 5926 1791 6005; baseline 0.004 -26"><span class='ocrx_word' id='word_1_757' title='bbox 182 5928 470 6005; x_wconf 61' lang='lat' dir='ltr'><strong>Euthymii</strong></span> <span class='ocrx_word' id='word_1_758' title='bbox 502 5926 762 6005; x_wconf 72' lang='lat' dir='ltr'><strong>Zigabeni</strong></span> <span class='ocrx_word' id='word_1_759' title='bbox 801 5930 853 5981; x_wconf 89' lang='lat' dir='ltr'><strong>in</strong></span> <span class='ocrx_word' id='word_1_760' title='bbox 889 5928 1555 6005; x_wconf 42' lang='lat' dir='ltr'><strong>biglltmilluli‘Olal,(illic</strong></span> <span class='ocrx_word' id='word_1_761' title='bbox 1598 5936 1791 6005; x_wconf 84' lang='lat' dir='ltr'><strong>legun-</strong></span> 
     </span>
    </p>
   </div>
   <div class='ocr_carea' id='block_1_103' title="bbox 177 5998 1785 6079">
    <p class='ocr_par' dir='ltr' id='par_1_103' title="bbox 177 5998 1785 6079">
     <span class='ocr_line' id='line_1_103' title="bbox 177 5998 1785 6079; baseline 0.007 -28"><span class='ocrx_word' id='word_1_762' title='bbox 177 6008 276 6054; x_wconf 88' lang='lat' dir='ltr'><strong>tur</strong></span> <span class='ocrx_word' id='word_1_763' title='bbox 310 5998 366 6055; x_wconf 85' lang='lat' dir='ltr'><strong>iu</strong></span> <span class='ocrx_word' id='word_1_764' title='bbox 404 5998 508 6055; x_wconf 91' lang='lat' dir='ltr'><strong>hac</strong></span> <span class='ocrx_word' id='word_1_765' title='bbox 542 6000 785 6057; x_wconf 85' lang='lat' dir='ltr'><strong>editione</strong></span> <span class='ocrx_word' id='word_1_766' title='bbox 808 6016 862 6073; x_wconf 90' lang='lat' dir='ltr'><strong>p.</strong></span> <span class='ocrx_word' id='word_1_767' title='bbox 894 6000 961 6058; x_wconf 76' lang='grc'><strong>15</strong></span> <span class='ocrx_word' id='word_1_768' title='bbox 999 6011 1053 6056; x_wconf 90' lang='lat' dir='ltr'><strong>et</strong></span> <span class='ocrx_word' id='word_1_769' title='bbox 1096 6002 1181 6061; x_wconf 77' lang='lat' dir='ltr'><strong>l5.</strong></span> <span class='ocrx_word' id='word_1_770' title='bbox 1221 6001 1295 6057; x_wconf 76' lang='lat' dir='ltr'><strong>Ea</strong></span> <span class='ocrx_word' id='word_1_771' title='bbox 1328 5998 1514 6062; x_wconf 72' lang='lat' dir='ltr'><strong>autem</strong></span> <span class='ocrx_word' id='word_1_772' title='bbox 1555 5998 1785 6079; x_wconf 71' lang='lat' dir='ltr'><strong>repeiiri</strong></span> 
     </span>
    </p>
   </div>
   <div class='ocr_carea' id='block_1_104' title="bbox 1893 4813 3507 4889">
    <p class='ocr_par' dir='ltr' id='par_1_104' title="bbox 1893 4813 3507 4889">
     <span class='ocr_line' id='line_1_104' title="bbox 1893 4813 3507 4889; baseline 0.004 -20"><span class='ocrx_word' id='word_1_773' title='bbox 1893 4824 2162 4869; x_wconf 88' lang='lat' dir='ltr'><strong>neautem</strong></span> <span class='ocrx_word' id='word_1_774' title='bbox 2182 4813 2571 4884; x_wconf 84' lang='lat' dir='ltr'><strong>Yoriripotuit</strong></span> <span class='ocrx_word' id='word_1_775' title='bbox 2609 4829 2677 4868; x_wconf 78' lang='lat' dir='ltr'><strong>ex</strong></span> <span class='ocrx_word' id='word_1_776' title='bbox 2709 4815 2893 4883; x_wconf 78' lang='grc' dir='ltr'><strong>ζυγός.</strong></span> <span class='ocrx_word' id='word_1_777' title='bbox 2948 4816 3015 4869; x_wconf 82' lang='lat' dir='ltr'><strong>H.</strong></span> <span class='ocrx_word' id='word_1_778' title='bbox 3036 4831 3104 4871; x_wconf 83' lang='lat' dir='ltr'><strong>ex</strong></span> <span class='ocrx_word' id='word_1_779' title='bbox 3129 4818 3301 4889; x_wconf 79' lang='grc' dir='ltr'>βαίνω</span> <span class='ocrx_word' id='word_1_780' title='bbox 3357 4821 3416 4874; x_wconf 91' lang='grc' dir='ltr'><strong>Δ.</strong></span> <span class='ocrx_word' id='word_1_781' title='bbox 3438 4836 3507 4876; x_wconf 80' lang='lat' dir='ltr'><strong>ex</strong></span> 
     </span>
    </p>
   </div>
   <div class='ocr_carea' id='block_1_105' title="bbox 1889 4907 3505 4974">
    <p class='ocr_par' dir='ltr' id='par_1_105' title="bbox 1889 4907 3505 4974">
     <span class='ocr_line' id='line_1_105' title="bbox 1889 4907 3505 4974; baseline 0.004 -9"><span class='ocrx_word' id='word_1_782' title='bbox 1889 4912 2015 4965; x_wconf 80' lang='grc' dir='ltr'><strong>δέω.</strong></span> <span class='ocrx_word' id='word_1_783' title='bbox 2042 4909 2197 4966; x_wconf 85' lang='lat' dir='ltr'><strong>Unde</strong></span> <span class='ocrx_word' id='word_1_784' title='bbox 2226 4907 2497 4974; x_wconf 89' lang='lat' dir='ltr'><strong>lvenerit,</strong></span> <span class='ocrx_word' id='word_1_785' title='bbox 2525 4924 2691 4964; x_wconf 92' lang='lat' dir='ltr'><strong>nemo</strong></span> <span class='ocrx_word' id='word_1_786' title='bbox 2720 4908 2881 4965; x_wconf 82' lang='lat' dir='ltr'><strong>facile</strong></span> <span class='ocrx_word' id='word_1_787' title='bbox 2904 4910 3505 4971; x_wconf 53' lang='lat' dir='ltr'><strong>hariolabiturfmter</strong></span> 
     </span>
    </p>
   </div>
   <div class='ocr_carea' id='block_1_106' title="bbox 1890 5003 3500 5078">
    <p class='ocr_par' dir='ltr' id='par_1_106' title="bbox 1890 5003 3500 5078">
     <span class='ocr_line' id='line_1_106' title="bbox 1890 5003 3500 5078; baseline 0.004 -19"><span class='ocrx_word' id='word_1_788' title='bbox 1890 5005 2115 5060; x_wconf 89' lang='lat' dir='ltr'><strong>codices</strong></span> <span class='ocrx_word' id='word_1_789' title='bbox 2162 5003 2706 5060; x_wconf 87' lang='lat' dir='ltr'><strong>Commentariorum</strong></span> <span class='ocrx_word' id='word_1_790' title='bbox 2780 5004 3060 5078; x_wconf 89' lang='lat' dir='ltr'><strong>Euthymii</strong></span> <span class='ocrx_word' id='word_1_791' title='bbox 3119 5007 3177 5062; x_wconf 90' lang='lat' dir='ltr'><strong>in</strong></span> <span class='ocrx_word' id='word_1_792' title='bbox 3231 5008 3500 5077; x_wconf 90' lang='lat' dir='ltr'><strong>Psalmos,</strong></span> 
     </span>
    </p>
   </div>
   <div class='ocr_carea' id='block_1_107' title="bbox 1891 5098 3498 5177">
    <p class='ocr_par' dir='ltr' id='par_1_107' title="bbox 1891 5098 3498 5177">
     <span class='ocr_line' id='line_1_107' title="bbox 1891 5098 3498 5177; baseline 0.005 -23"><span class='ocrx_word' id='word_1_793' title='bbox 1891 5099 2131 5170; x_wconf 70' lang='lat' dir='ltr'><strong>Mosqure</strong></span> <span class='ocrx_word' id='word_1_794' title='bbox 2165 5099 2349 5153; x_wconf 86' lang='lat' dir='ltr'><strong>inveni</strong></span> <span class='ocrx_word' id='word_1_795' title='bbox 2408 5098 2575 5154; x_wconf 90' lang='lat' dir='ltr'><strong>etiam</strong></span> <span class='ocrx_word' id='word_1_796' title='bbox 2619 5098 2839 5157; x_wconf 91' lang='lat' dir='ltr'><strong>codices</strong></span> <span class='ocrx_word' id='word_1_797' title='bbox 2883 5101 3135 5173; x_wconf 87' lang='lat' dir='ltr'><strong>ejusdem</strong></span> <span class='ocrx_word' id='word_1_798' title='bbox 3198 5104 3498 5177; x_wconf 68' lang='lat' dir='ltr'><strong>Panopliai.</strong></span> 
     </span>
    </p>
   </div>
   <div class='ocr_carea' id='block_1_108' title="bbox 1894 5192 3500 5266">
    <p class='ocr_par' dir='ltr' id='par_1_108' title="bbox 1894 5192 3500 5266">
     <span class='ocr_line' id='line_1_108' title="bbox 1894 5192 3500 5266; baseline 0.006 -19"><span class='ocrx_word' id='word_1_799' title='bbox 1894 5195 1971 5249; x_wconf 86' lang='lat' dir='ltr'><strong>De</strong></span> <span class='ocrx_word' id='word_1_800' title='bbox 2030 5194 2116 5248; x_wconf 91' lang='lat' dir='ltr'><strong>his</strong></span> <span class='ocrx_word' id='word_1_801' title='bbox 2171 5194 2333 5263; x_wconf 91' lang='lat' dir='ltr'><strong>paulo</strong></span> <span class='ocrx_word' id='word_1_802' title='bbox 2378 5192 2610 5248; x_wconf 87' lang='lat' dir='ltr'><strong>inferius</strong></span> <span class='ocrx_word' id='word_1_803' title='bbox 2660 5193 2797 5249; x_wconf 78' lang='lat' dir='ltr'><strong>dixi.</strong></span> <span class='ocrx_word' id='word_1_804' title='bbox 2830 5193 2992 5249; x_wconf 80' lang='lat' dir='ltr'><strong>Anna</strong></span> <span class='ocrx_word' id='word_1_805' title='bbox 3019 5195 3327 5266; x_wconf 90' lang='lat' dir='ltr'><strong>Comnena,</strong></span> <span class='ocrx_word' id='word_1_806' title='bbox 3401 5201 3500 5257; x_wconf 91' lang='lat' dir='ltr'><strong>lib.</strong></span> 
     </span>
    </p>
   </div>
   <div class='ocr_carea' id='block_1_109' title="bbox 1892 5287 3505 5361">
    <p class='ocr_par' dir='ltr' id='par_1_109' title="bbox 1892 5287 3505 5361">
     <span class='ocr_line' id='line_1_109' title="bbox 1892 5287 3505 5361; baseline 0.004 -15"><span class='ocrx_word' id='word_1_807' title='bbox 1892 5308 1983 5354; x_wconf 79' lang='lat' dir='ltr'><strong>xv,</strong></span> <span class='ocrx_word' id='word_1_808' title='bbox 2019 5307 2071 5361; x_wconf 90' lang='lat' dir='ltr'><strong>p.</strong></span> <span class='ocrx_word' id='word_1_809' title='bbox 2115 5289 2242 5354; x_wconf 68' lang='lat'><strong>490,</strong></span> <span class='ocrx_word' id='word_1_810' title='bbox 2307 5288 2439 5344; x_wconf 88' lang='lat' dir='ltr'><strong>edit.</strong></span> <span class='ocrx_word' id='word_1_811' title='bbox 2481 5287 2655 5343; x_wconf 84' lang='lat' dir='ltr'><strong>Paris.</strong></span> <span class='ocrx_word' id='word_1_812' title='bbox 2691 5288 2850 5355; x_wconf 80' lang='grc'>1651,</span> <span class='ocrx_word' id='word_1_813' title='bbox 2886 5300 2940 5346; x_wconf 92' lang='lat' dir='ltr'><strong>et</strong></span> <span class='ocrx_word' id='word_1_814' title='bbox 2971 5290 3082 5348; x_wconf 83' lang='lat' dir='ltr'><strong>Leo</strong></span> <span class='ocrx_word' id='word_1_815' title='bbox 3146 5293 3377 5351; x_wconf 82' lang='lat' dir='ltr'><strong>Allatius</strong></span> <span class='ocrx_word' id='word_1_816' title='bbox 3436 5297 3505 5353; x_wconf 82' lang='lat' dir='ltr'><strong>de</strong></span> 
     </span>
    </p>
   </div>
   <div class='ocr_carea' id='block_1_110' title="bbox 1894 5381 3505 5457">
    <p class='ocr_par' dir='ltr' id='par_1_110' title="bbox 1894 5381 3505 5457">
     <span class='ocr_line' id='line_1_110' title="bbox 1894 5381 3505 5457; baseline 0.004 -17"><span class='ocrx_word' id='word_1_817' title='bbox 1894 5400 2171 5441; x_wconf 90' lang='lat' dir='ltr'><strong>consensu</strong></span> <span class='ocrx_word' id='word_1_818' title='bbox 2246 5385 2535 5453; x_wconf 90' lang='lat' dir='ltr'><strong>utriusque</strong></span> <span class='ocrx_word' id='word_1_819' title='bbox 2590 5381 2853 5439; x_wconf 67' lang='lat' dir='ltr'><strong>Ecclesia:</strong></span> <span class='ocrx_word' id='word_1_820' title='bbox 2889 5401 3015 5457; x_wconf 86' lang='lat' dir='ltr'><strong>pag.</strong></span> <span class='ocrx_word' id='word_1_821' title='bbox 3076 5387 3203 5454; x_wconf 73' lang='lat'><strong>638,</strong></span> <span class='ocrx_word' id='word_1_822' title='bbox 3269 5402 3505 5449; x_wconf 83' lang='lat' dir='ltr'><strong>extunc</strong></span> 
     </span>
    </p>
   </div>
   <div class='ocr_carea' id='block_1_111' title="bbox 1896 5477 3506 5557">
    <p class='ocr_par' dir='ltr' id='par_1_111' title="bbox 1896 5477 3506 5557">
     <span class='ocr_line' id='line_1_111' title="bbox 1896 5477 3506 5557; baseline 0.004 -21"><span class='ocrx_word' id='word_1_823' title='bbox 1896 5480 2165 5551; x_wconf 86' lang='lat' dir='ltr'><strong>temporis</strong></span> <span class='ocrx_word' id='word_1_824' title='bbox 2190 5479 2331 5535; x_wconf 89' lang='lat' dir='ltr'><strong>libro</strong></span> <span class='ocrx_word' id='word_1_825' title='bbox 2358 5477 2571 5534; x_wconf 89' lang='lat' dir='ltr'><strong>inedito</strong></span> <span class='ocrx_word' id='word_1_826' title='bbox 2595 5479 2669 5534; x_wconf 90' lang='lat' dir='ltr'><strong>ita</strong></span> <span class='ocrx_word' id='word_1_827' title='bbox 2696 5478 2941 5536; x_wconf 87' lang='lat' dir='ltr'><strong>habent:</strong></span> <span class='ocrx_word' id='word_1_828' title='bbox 2967 5480 3343 5557; x_wconf 70' lang='grc' dir='ltr'><strong>Παραπέμπω</strong></span> <span class='ocrx_word' id='word_1_829' title='bbox 3378 5489 3506 5552; x_wconf 80' lang='grc' dir='ltr'>τοὺς</span> 
     </span>
    </p>
   </div>
   <div class='ocr_carea' id='block_1_112' title="bbox 1898 5573 3501 5653">
    <p class='ocr_par' dir='ltr' id='par_1_112' title="bbox 1898 5573 3501 5653">
     <span class='ocr_line' id='line_1_112' title="bbox 1898 5573 3501 5653; baseline 0.002 -24"><span class='ocrx_word' id='word_1_830' title='bbox 1898 5577 2263 5649; x_wconf 77' lang='grc' dir='ltr'>βουλομένους</span> <span class='ocrx_word' id='word_1_831' title='bbox 2322 5574 2423 5646; x_wconf 75' lang='grc' dir='ltr'><strong>τὴν</strong></span> <span class='ocrx_word' id='word_1_832' title='bbox 2479 5573 2609 5644; x_wconf 79' lang='grc' dir='ltr'><strong>ὅλην</strong></span> <span class='ocrx_word' id='word_1_833' title='bbox 2705 5573 2922 5645; x_wconf 79' lang='grc' dir='ltr'><strong>αἵρεσιν</strong></span> <span class='ocrx_word' id='word_1_834' title='bbox 2999 5576 3110 5632; x_wconf 83' lang='grc' dir='ltr'><strong>τῶν</strong></span> <span class='ocrx_word' id='word_1_835' title='bbox 3176 5578 3501 5653; x_wconf 73' lang='grc' dir='ltr'><strong>Βογομίὶων</strong></span> 
     </span>
    </p>
   </div>
   <div class='ocr_carea' id='block_1_113' title="bbox 1896 5670 3504 5745">
    <p class='ocr_par' dir='ltr' id='par_1_113' title="bbox 1896 5670 3504 5745">
     <span class='ocr_line' id='line_1_113' title="bbox 1896 5670 3504 5745; baseline 0.003 -19"><span class='ocrx_word' id='word_1_836' title='bbox 1896 5673 2193 5742; x_wconf 70' lang='grc' dir='ltr'><strong>διαγνῶναι</strong></span> <span class='ocrx_word' id='word_1_837' title='bbox 2240 5673 2319 5735; x_wconf 86' lang='grc' dir='ltr'><strong>εἰς</strong></span> <span class='ocrx_word' id='word_1_838' title='bbox 2376 5670 2438 5724; x_wconf 79' lang='grc' dir='ltr'><strong>τὸ</strong></span> <span class='ocrx_word' id='word_1_839' title='bbox 2496 5671 2641 5724; x_wconf 75' lang='grc' dir='ltr'>οὓτω</span> <span class='ocrx_word' id='word_1_840' title='bbox 2695 5672 3041 5744; x_wconf 76' lang='grc' dir='ltr'><strong>καλούμενον</strong></span> <span class='ocrx_word' id='word_1_841' title='bbox 3103 5675 3333 5745; x_wconf 79' lang='grc' dir='ltr'><strong>βιϐλίον,</strong></span> <span class='ocrx_word' id='word_1_842' title='bbox 3374 5677 3504 5744; x_wconf 70' lang='grc' dir='ltr'>δογο</span> 
     </span>
    </p>
   </div>
   <div class='ocr_carea' id='block_1_114' title="bbox 1899 5785 3505 5865">
    <p class='ocr_par' dir='ltr' id='par_1_114' title="bbox 1899 5785 3505 5865">
     <span class='ocr_line' id='line_1_114' title="bbox 1899 5785 3505 5865; baseline 0.001 -21"><span class='ocrx_word' id='word_1_843' title='bbox 1899 5789 2065 5865; x_wconf 84' lang='lat' dir='ltr'><strong>tradit</strong></span> <span class='ocrx_word' id='word_1_844' title='bbox 2108 5786 2388 5865; x_wconf 46' lang='lat' dir='ltr'><strong>inucodice</strong></span> <span class='ocrx_word' id='word_1_845' title='bbox 2430 5785 2751 5865; x_wconf 77' lang='lat' dir='ltr'><strong>Bodleiano.</strong></span> <span class='ocrx_word' id='word_1_846' title='bbox 2779 5788 2916 5865; x_wconf 86' lang='lat' dir='ltr'><strong>Cum</strong></span> <span class='ocrx_word' id='word_1_847' title='bbox 2968 5806 3098 5865; x_wconf 78' lang='lat' dir='ltr'><strong>vero</strong></span> <span class='ocrx_word' id='word_1_848' title='bbox 3149 5792 3202 5847; x_wconf 90' lang='lat' dir='ltr'><strong>in</strong></span> <span class='ocrx_word' id='word_1_849' title='bbox 3246 5794 3505 5865; x_wconf 83' lang='lat' dir='ltr'><strong>Prolego-</strong></span> 
     </span>
    </p>
   </div>
   <div class='ocr_carea' id='block_1_115' title="bbox 1900 5860 3505 5922">
    <p class='ocr_par' dir='ltr' id='par_1_115' title="bbox 1900 5860 3505 5922">
     <span class='ocr_line' id='line_1_115' title="bbox 1900 5860 3505 5922; baseline 0.002 -6"><span class='ocrx_word' id='word_1_850' title='bbox 1900 5860 2311 5916; x_wconf 76' lang='lat' dir='ltr'><strong>mcnisnnllatn</strong></span> <span class='ocrx_word' id='word_1_851' title='bbox 2362 5863 2701 5914; x_wconf 82' lang='lat' dir='ltr'><strong>mentionem</strong></span> <span class='ocrx_word' id='word_1_852' title='bbox 2741 5861 2934 5915; x_wconf 84' lang='lat' dir='ltr'><strong>iecerit</strong></span> <span class='ocrx_word' id='word_1_853' title='bbox 2982 5864 3263 5921; x_wconf 73' lang='lat' dir='ltr'><strong>lioilleiani</strong></span> <span class='ocrx_word' id='word_1_854' title='bbox 3294 5860 3505 5922; x_wconf 52' lang='lat' dir='ltr'><strong>codicis</strong></span> 
     </span>
    </p>
   </div>
   <div class='ocr_carea' id='block_1_116' title="bbox 1897 5932 3503 6010">
    <p class='ocr_par' dir='ltr' id='par_1_116' title="bbox 1897 5932 3503 6010">
     <span class='ocr_line' id='line_1_116' title="bbox 1897 5932 3503 6010; baseline 0.004 -23"><span class='ocrx_word' id='word_1_855' title='bbox 1897 5932 2203 6010; x_wconf 61' lang='lat' dir='ltr'><strong>Euthymii,</strong></span> <span class='ocrx_word' id='word_1_856' title='bbox 2253 5932 2878 6010; x_wconf 47' lang='lat' dir='ltr'><strong>suspiciousuboritur,</strong></span> <span class='ocrx_word' id='word_1_857' title='bbox 2923 5935 3154 5993; x_wconf 78' lang='lat' dir='ltr'><strong>Millium</strong></span> <span class='ocrx_word' id='word_1_858' title='bbox 3212 5957 3312 6010; x_wconf 85' lang='lat' dir='ltr'><strong>pro</strong></span> <span class='ocrx_word' id='word_1_859' title='bbox 3360 5939 3503 5999; x_wconf 71' lang='lat' dir='ltr'><strong>Bod-</strong></span> 
     </span>
    </p>
   </div>
   <div class='ocr_carea' id='block_1_117' title="bbox 1900 6004 3057 6066">
    <p class='ocr_par' dir='ltr' id='par_1_117' title="bbox 1900 6004 3057 6066">
     <span class='ocr_line' id='line_1_117' title="bbox 1900 6004 3057 6066; baseline 0.005 -6"><span class='ocrx_word' id='word_1_860' title='bbox 1900 6007 2080 6063; x_wconf 74' lang='lat' dir='ltr'><strong>leiano</strong></span> <span class='ocrx_word' id='word_1_861' title='bbox 2118 6005 2360 6063; x_wconf 88' lang='lat' dir='ltr'><strong>voluisse</strong></span> <span class='ocrx_word' id='word_1_862' title='bbox 2401 6004 2647 6061; x_wconf 88' lang='lat' dir='ltr'><strong>scribere</strong></span> <span class='ocrx_word' id='word_1_863' title='bbox 2694 6005 3057 6066; x_wconf 82' lang='lat' dir='ltr'><strong>Baroceiano.</strong></span> 
     </span>
    </p>
   </div>
  </div>
