4030 6494
614 450 701 516 ⁸ἱὸ
2035 442 2453 514 ΡΒᾸΞΡΛΤΚΟ.
3788 446 3860 511 ιθ

630 559 865 631 ματικὴν
916 561 1234 626 πανοπλίαν,
1282 561 1341 627 ἐξ
1381 561 1649 631 ἐπιταγῆς
1709 557 1912 631 τούμοῦ
1971 559 2179 629 πατρὸς
2215 572 2255 627 Α

627 653 992 706 συντεθεῖσαν.
1047 653 1153 705 Καὶ
1215 652 1324 723 γὰρ
1396 654 1628 723 μωαχὸν
1682 668 1805 710 τινα
1878 649 2184 721 Ζυγαδηνδν

625 745 981 815 καλούμενον,
1040 744 1279 811 γνωστὸν
1337 743 1437 813 μὶν
1496 747 1560 815 τῇ
1626 744 1880 815 δεσποίνῃ
1917 742 2181 813 καὶπρὸς

633 838 836 907 μητρὸς
885 837 991 906 ἐμῇ
1042 835 1262 907 μάμμῃ,
1312 836 1406 888 καὶ
1454 838 1586 888 πᾶσι
1618 838 1732 899 τοῖς
1776 836 1871 888 τοῦ
1906 833 2181 905 ἱερατικοῦ

627 927 953 994 καταλόγου,
1008 927 1403 997 γραμματικῆς
1447 924 1503 978 δὲ
1556 925 1636 988 είς
1670 926 1839 995 άκρον
1882 925 2184 996 ὲληλακὸτα

627 1020 723 1073 καὶ
753 1018 1049 1090 ῥητορικῆς
1074 1018 1175 1071 οὐκ
1210 1016 1545 1088 ἀμελέτητον
1594 1017 1743 1082 ὅντα,
1774 1018 1867 1072 καὶ
1907 1018 1968 1069 τὸ
2006 1017 2182 1086 δόγμα

623 1111 698 1173 ὡς
724 1113 822 1162 οὐκ
844 1109 1000 1172 ἄλλος
1025 1126 1108 1172 τις
1137 1108 1516 1179 ἐπιστάμενον.
1546 1109 1749 1163 Τοῦτον
1770 1111 1798 1162 ὁ
1826 1108 2181 1179 αὐτοκράτωρ

627 1202 1119 1271 μεταπεμψάμενος
1150 1202 1409 1268 ἐπέταξεν
1440 1201 1658 1265 ἁπάσας
1689 1200 1787 1263 τὰς
1819 1201 2064 1273 αἱρέσεις
2088 1202 2179 1253 ἐκ·

625 1292 834 1357 Θέσθαι,
886 1293 1122 1361 ἑκάστην
1185 1292 1311 1363 ἰδίᾳ,
1378 1293 1472 1345 καὶ
1513 1291 1596 1360 ἐφ’
1658 1292 1864 1363 ἑκάστῃ
1914 1289 2182 1362 [ἑκάστῳ

623 1384 753 1438 edit.
805 1383 977 1437 Paris.
1018 1383 1158 1452 quod
1194 1382 1368 1452 ipsum
1408 1397 1624 1453 quoque
1669 1382 1796 1437 ferri
1827 1380 2048 1453 potest]
2082 1382 2181 1444 τὰς

619 1475 728 1526 τῶν
776 1475 945 1542 ἁγίων
1003 1476 1260 1545 Πατέρων
1312 1474 1621 1545 ἀνατροπὰς
1668 1473 2068 1544 ἐγγράψασθαι.
2113 1504 2182 1515 ——

618 1566 834 1635 Ταύτην
861 1565 957 1635 τὴν
1013 1564 1193 1635 βίϐλον
1242 1566 1579 1635 ὁογματικὴν
1623 1565 1926 1618 πανοπλίαν
1958 1566 1987 1618 ὁ
2016 1566 2180 1620 αὑτο-

620 1660 841 1727 κράτωρ
879 1656 1182 1726 ὠνόμασεν.
1249 1656 1554 1726 Ζυγαδηνὸν
1616 1662 1745 1727 ergo
1791 1656 1954 1711 habet
2011 1657 2181 1712 editio

620 1747 1229 1813 Parisina,Allatiusex
1290 1748 1501 1815 codice,
1560 1764 1665 1804 nec
1731 1747 2179 1803 Montefalconius

2390 560 2469 613 Τὰ
2492 559 2670 631 πάντα
2696 559 2763 631 δ’,
2801 559 2876 624 ὥς
2907 558 3032 631 χρὴ,
3068 559 3162 614 καὶ
3192 556 3733 631 καλῶςὶσκεμμέναο

2391 629 2501 683 Καί
2529 646 2581 682 τι
2606 630 2777 699 ,πλέον
2797 628 3054 699 φέροντα,
3082 629 3358 698 τολμήσας
3382 628 3527 699 λίγω
3548 644 3560 657 ·

2389 699 2564 768 Χάρις
2595 698 2654 751 δὲ
2688 699 2837 751 πᾶσα
2866 698 2945 768 τῷ
2984 699 3133 769 σοφῷ
3158 698 3550 768 Χρυσοστόμῳ.

2289 809 2401 865 llos
2447 824 2638 865 versus
2688 809 2956 865 Macarius
2977 808 3468 879 Chrysocephalus,
3500 809 3735 879 scriptor
3761 824 3863 864 re-

2286 901 2522 964 centior,
2546 901 2621 955 ita
2650 900 2706 954 in
2736 914 2865 955 suos
2897 915 3029 954 usus
3074 900 3365 967 convertit,
3426 910 3486 956 ut
3542 911 3757 958 conatat
3786 916 3863 957 ex

2283 991 2536 1057 Fabricii,
2568 989 2705 1048 Bibl.
2735 992 2828 1049 Gr.
2874 1002 2914 1048 t.
2944 993 3054 1058 vn,
3086 1010 3120 1064 p
3167 993 3290 1048 772.

2389 1083 2608 1156 μολλῶν
2625 1084 3026 1156 πόνων-ἔρανος
3056 1082 3457 1156 ἡκριόῳι-εένοςο

2388 1154 2673 1224 Τᾲᾲπάντα
2701 1153 2770 1216 δ’,
2796 1153 2874 1216 ὡς
2900 1154 3029 1223 χρὴ,
3062 1153 3155 1207 καὶ
3186 1154 3365 1216 καλῶς
3390 1154 3742 1224 ἔσκεμμένα,

2385 1219 2553 1276 Οὐδὲν
2584 1223 2859 1292 περιττὸν,
2886 1219 3015 1276 όῦδι
3036 1224 3226 1292 λεῖπον
3253 1225 3460 1290 uocas,

2387 1291 2675 1362 Μακάριος
2700 1292 2907 1363 συνῆψε
2941 1291 3338 1364 φιλὶιόιλφείας.

2282 1401 2456 1458 Credo
2486 1411 2690 1468 autem,
2741 1401 2829 1458 Jo.
2911 1403 3367 1483 Christophorum
3428 1400 3718 1471 Wolﬂum,
3792 1406 3858 1461 in

2284 1494 2475 1550 codice
2500 1493 2832 1550 Barocciano
2852 1494 2955 1550 hos
2977 1510 3164 1551 versus
3185 1496 3258 1550 ita
3283 1496 3517 1567 scriptos
3535 1498 3810 1567 reperisse
3838 1517 3854 1552 :

2385 1606 2602 1659 Πολλῶν
2620 1635 2692 1647 -
2712 1606 3099 1677 ήκριϐωμένος
3118 1623 3133 1638 ·
3166 1606 3333 1663 Οὐδὲν
3357 1639 3424 1650 -
3444 1609 3654 1663 ἐνθάδε.

2384 1677 2464 1729 Τὰ
2486 1678 2662 1730 πάντα
2705 1704 2777 1717 —-
2815 1678 3155 1747 ἐσκεμμένα.
3186 1680 3471 1750 Μακάριος
3500 1679 3855 1821 -[φιῖαδελ-

3594 1766 3659 1818 φε
3687 1767 3778 1814 ας.

619 1839 673 1891 in
694 1839 828 1892 bibl.
858 1837 1081 1893 Coislin.
1136 1853 1193 1907 p.
1248 1838 1351 1893 559
1384 1853 1450 1891 ex
1497 1853 1597 1893 suo
1652 1839 1840 1894 codice
1902 1842 2006 1894 hoc
2057 1839 2177 1893 loco
2207 1908 2247 1930 ἢ
2279 1858 2395 1930 Ipse
2438 1869 2643 1929 autem,
2702 1869 2763 1916 ιη
2816 1860 3052 1928 videtur,
3137 1861 3383 1917 ordinem
3431 1866 3679 1918 mutu“.
3732 1863 3858 1920 Non

622 1930 835 1985 "Nam
886 1931 1214 1985 ἀίεεθυδυω·
1270 1930 1525 2000 ι’θηοριῖδ
1605 1930 1875 2001 Ευιῗιῖηιίί
1938 1933 2173 2002 Primum
2207 1908 2249 1962 Β
2281 1908 2459 2007 arutem
2492 1908 2741 2009 mirabile
2767 1964 2871 2020 est,
2902 1954 3149 2009 Graecum
3177 1954 3454 2010 hominem
3484 1954 3623 2010 alius
3673 1959 3858 2012 versi-

618 2022 761 2075 edita
820 2031 904 2075 est
956 2021 1147 2074 Latine
1172 2036 1234 2075 ex
1269 2023 1523 2077 versione
1545 2023 1689 2077 Petri
1750 2022 2173 2078 FrancisciZini

618 2110 943 2165 Veronensis
1000 2110 1187 2164 Venet.
1261 2113 1397 2167 1555
1455 2129 1487 2166 a
1532 2128 1639 2182 quo
1702 2113 1843 2169 haud
1891 2115 2056 2169 dubie
2111 2130 2175 2170 ex

617 2201 825 2256 codicis
871 2201 1049 2255 indice
1116 2213 1339 2256 vocatur
1385 2204 1707 2274 ligabenus.
1743 2205 1924 2260 Graece
1946 2208 2178 2275 primum

617 2295 867 2365 apparuit
914 2293 1232 2363 'l'ergobysti
1268 2295 1400 2350 l7lO
1420 2311 1525 2364 qua
1580 2297 1815 2352 editione
1858 2298 1936 2351 usi
1988 2314 2179 2353 sumus

613 2388 868 2455 Mosquze.
918 2386 1018 2439 illc
1070 2386 1369 2456 appellatur
1454 2388 1774 2458 Ζιγαδηνός.
1847 2388 2029 2443 Dicam
2110 2390 2177 2443 de

610 2478 889 2533 codicibus
917 2476 1327 2546 ilosquensibus
1369 2477 1533 2546 huius
1562 2478 1857 2548 PanOplim.
1894 2480 2177 2549 Antiquis-

613 2574 787 2625 simus
830 2581 915 2625 est
976 2570 1422 2624 membranaceus
1482 2584 1594 2624 sec.
1669 2586 1743 2624 xu
1832 2571 2177 2626 bibliothecae

614 2658 1452 2730 typographeisynodalisin-l‘ol.
1494 2673 1669 2723 num.,
1712 2658 1813 2723 10,
1843 2660 1934 2729 qui
1982 2662 2034 2714 in
2070 2662 2172 2714 hoc

613 2752 834 2804 nomine
857 2765 965 2803 non
994 2749 1177 2803 diﬂert
1208 2749 1275 2801 ab
1300 2748 1540 2803 editione
1590 2748 2013 2820 Tergobystana.
2080 2750 2177 2805 Sc—

611 2841 823 2897 cundus
851 2841 1097 2911 ejusdem
1147 2842 1487 2896 biblimhecie
1509 2840 1692 2896 in-lol.
1724 2859 1877 2897 num.
1913 2843 1998 2908 15,
2029 2844 2089 2897 Β.
2119 2845 2171 2898 in

610 2935 797 2987 charta
831 2934 1147 3002 bombycina
1181 2932 1341 2987 habet
1364 2933 1681 3001 Ζιγαὸηνός.
1716 2933 1931 2989 Tertius
1957 2936 2175 2990 charta-

610 3040 743 3079 ceus
768 3039 879 3079 sec.
906 3041 995 3087 xv,
1033 3024 1375 3078 bibliotheca:
1391 3024 1744 3078 sanctissima:
1770 3026 1957 3095 synodi
1986 3026 2038 3080 in
2076 3028 2170 3081 fol.

612 3132 764 3171 num.
795 3118 883 3181 50,
910 3116 1175 3187 Zygadcni
1224 3115 1464 3171 exhibet.
1522 3117 1757 3180 Quartus
1821 3119 2063 3187 ejusdem
2096 3120 2175 3171 bi-

608 3210 913 3270 bliothecae,
944 3223 1052 3262 sec.
1097 3224 1205 3272 λιν,
1238 3208 1290 3259 in
1316 3208 1498 3261 charta
1528 3208 1850 3277 bombycina
1877 3210 1932 3261 in
1953 3218 2167 3277 quarto,
2196 3233 2241 3295 ρ

608 3316 766 3354 num.
795 3300 896 3355 569
937 3300 1108 3369 primo
1129 3299 1257 3353 lolio
1283 3310 1451 3353 caret.
1490 3299 1597 3353 Etsi
1624 3300 1786 3370 igitur
1818 3300 1951 3354 satis
1973 3303 2170 3370 proba-

609 3395 720 3449 bile
772 3401 875 3455 est,
928 3393 1073 3446 hunc
1128 3392 1593 3445 Commentarium
1654 3393 1915 3461 scriptum
1949 3410 2071 3450 esse
2102 3396 2170 3450 ab

610 3485 942 3554 Eutliymio:
982 3492 1158 3537 tamen
1190 3483 1412 3537 dubium
1440 3494 1542 3550 eSt,
1594 3494 1775 3539 utrum
1832 3485 2166 3557 Zygadenus,

614 3590 685 3627 an
716 3575 1034 3646 Zigadenus,
1067 3590 1136 3627 an
1164 3574 1470 3641 Zigabenus
1491 3574 1667 3630 dictus
1723 3578 1813 3631 sit.
1864 3577 2165 3647 Plerisque,

608 3670 944 3729 utarbitror,
988 3681 1051 3719 ex
1104 3666 1192 3719 his
1224 3680 1341 3733 qua:
1365 3666 1619 3732 diximus,
1654 3666 1970 3735 probabitur
2000 3667 2168 3738 Zyga-

607 3760 803 3820 deum,
852 3756 993 3824 quod
1047 3754 1178 3807 inihi
1230 3754 1392 3808 etiam
1451 3756 1688 3819 interim,
1751 3756 1927 3811 donec
1986 3758 2169 3826 plures

606 3847 823 3899 codices
877 3845 1255 3915 consuluntur,
1318 3846 1514 3912 placet.
1579 3844 1647 3899 Ut
1702 3854 1883 3900 autem
1936 3846 2171 3901 lectores

604 3938 832 4001 scirent,
890 3950 1012 4005 quae.
1079 3934 1284 3990 scholia
1346 3934 1403 3987 in
1459 3936 1797 4004 marginibus
1862 3937 2171 4006 legerentur

610 4030 911 4082 lientenius
946 4029 996 4081 in
1025 4028 1296 4097 principio
1333 4041 1543 4093 eorum,
1576 4028 1631 4081 in
1677 4029 1926 4088 versione
1958 4029 2167 4091 Latina,

606 4122 930 4188 ascripserat
994 4120 1206 4186 signum
1294 4117 1495 4182 crucis,
1561 4118 1705 4186 quod
1781 4134 1881 4172 nos
1940 4119 2170 4172 retinui-

604 4226 747 4264 mus.
807 4212 937 4273 Quae
982 4210 1037 4262 in
1093 4208 1240 4262 nullo
1327 4223 1573 4262 meorum
1648 4211 1919 4279 leguntur,
1968 4213 2169 4283 duplici

604 4318 770 4357 cruce
825 4301 1031 4371 signavi
1072 4301 1129 4354 in
1187 4309 1443 4354 contextu
1490 4300 1699 4356 Graeco.
1755 4303 1952 4356 Eodem
2012 4306 2169 4358 modo

604 4394 791 4449 notavi
847 4394 1008 4447 etiam
1063 4393 1117 4445 in
1170 4393 1422 4447 versione
1482 4392 1669 4447 Latina
1723 4409 1785 4447 ea
1852 4410 1972 4464 quae
2027 4398 2169 4465 apud

604 4485 933 4540 Heutenium
967 4499 1077 4537 non
1141 4486 1508 4551 reperiuntur.
1548 4482 1657 4538 Etsi
1714 4485 1961 4540 llentcnii
2000 4489 2169 4542 inter-

602 4578 859 4649 pretatio,
889 4593 954 4629 ex
992 4590 1101 4629 uno
1142 4576 1278 4629 libro
1312 4576 1513 4646 scripto
1546 4592 1820 4647 expressa,
1851 4580 1923 4632 ita
1978 4581 2029 4633 in
2059 4582 2169 4649 ple-
2204 4567 2245 4621 Ῑ)
2279 4535 2377 4649 mh

602 4670 786 4738 risque
813 4667 967 4731 locis,
998 4675 1261 4735 quantum
1289 4666 1505 4734 quidem
1537 4666 1731 4737 lingua?
1762 4669 1967 4736 patitur
1988 4669 2169 4724 diver-

604 4762 758 4823 sitas,
793 4760 963 4814 lidelis
994 4766 1098 4822 est,
1137 4768 1196 4811 ut
1219 4758 1423 4811 codicis
1446 4758 1823 4812 auctoritatem
1870 4759 1923 4812 in
1966 4760 2167 4814 consti-

604 4852 811 4906 tuendo
858 4850 1133 4920 Euthymii
1193 4857 1447 4903 contextu
1505 4849 1707 4902 habere
1735 4850 1927 4918 possit,
1981 4860 2163 4905 tamen

604 4942 1058 4999 occurruntloca.
1094 4939 1207 4993 sive
1240 4939 1573 5007 interpretis,
1628 4938 1742 4992 sive
1802 4940 2005 4994 codicis
2055 4957 2165 5010 quo

604 5044 735 5084 usus
756 5038 838 5083 est
855 5030 1031 5098 culpa,
1053 5028 1107 5081 in
1131 5028 1329 5097 quibus
1351 5026 1548 5095 aliquis
1588 5027 1757 5095 possit
1776 5028 2067 5083 odendere.
2093 5030 2165 5083 Ea

602 5122 863 5189 deinceps
885 5119 1067 5173 notavi
1097 5128 1153 5171 et
1179 5133 1243 5172 cx
1276 5119 1411 5172 meis
1436 5118 1717 5172 codicibus
1764 5122 1994 5175 correxi.
2030 5122 2165 5176 lllud

601 5214 765 5267 etiam
823 5211 1151 5264 monendum
1213 5211 1361 5276 duxi,
1416 5210 1560 5279 quod
1620 5211 1674 5263 in
1705 5220 1932 5281 utroque
1957 5214 2163 5279 codice,

598 5305 727 5361 folio
748 5305 801 5367 5,
842 5305 892 5355 in
939 5302 1125 5357 codice
1157 5302 1374 5369 quidem
1429 5317 1459 5352 a
1496 5300 1597 5353 sub
1653 5300 1881 5370 imagine
1906 5303 2167 5371 Chrysos-

598 5396 747 5460 torni,
788 5395 840 5447 in
869 5395 919 5454 ὁ,
946 5403 1067 5461 post
1094 5392 1303 5445 Indices
1329 5392 1565 5460 capitum
1591 5400 1819 5459 quatuor
1839 5392 2161 5463 Evangelio-

598 5502 739 5549 rum,
774 5487 826 5539 hi
855 5502 1041 5540 versus
1074 5486 1347 5555 leguntur.

706 5577 917 5629 Πολλῶν
958 5579 1134 5629 πόνων
1167 5576 1358 5646 ἔρανος
1394 5577 1804 5646 ἠκριϐωμένος⁸

704 5648 864 5700 Οὐδὲν
893 5649 1163 5717 περιττὸν,
1197 5649 1349 5699 οὐδὲν
1380 5648 1565 5699 λεῖπον
1597 5648 1781 5700 ἐνθάδε
1804 5666 1816 5678 ’

2278 2045 2381 2100 bus
2411 2060 2509 2114 pro
2527 2046 2641 2099 suis
2664 2060 2820 2100 usum
2848 2061 2989 2101 esse.
3010 2047 3157 2113 Quos
3175 2048 3319 2101 enim
3339 2062 3439 2119 ego
3455 2064 3520 2102 ex
3541 2047 3853 2118 Mosquensi

2280 2136 2467 2189 codice
2530 2136 2947 2207 Evangeliorum
3008 2154 3063 2202 a,
3129 2140 3197 2193 ad
3253 2137 3549 2208 Epistolam
3578 2138 3729 2193 Pauli
3784 2139 3857 2194 ad

2282 2226 2825 2295 Tliessalonicenses,
2874 2245 2929 2300 p.
2968 2231 3097 2297 241,
3151 2230 3563 2297 edidi,eosdem
3619 2246 3685 2285 ex
3741 2231 3857 2287 alio

2279 2319 2463 2372 codice
2491 2319 2735 2373 ediderat
2764 2320 2876 2375 Leo
2910 2321 3159 2387 Allatius,
3205 2321 3276 2374 De
3321 2321 3469 2374 libris
3505 2320 3654 2387 eccl.,
3707 2322 3856 2392 apud

2279 2408 2513 2476 Fabric.,
2545 2409 2686 2465 Bibl.
2717 2410 2812 2465 Gr.
2849 2413 2958 2467 vol.
2996 2411 3057 2476 V,
3088 2429 3141 2482 p.
3175 2413 3265 2478 28,
3295 2428 3420 2467 cum
3443 2414 3638 2482 exigua
3669 2413 3853 2469 varie-

2280 2512 2411 2557 tate.

2348 2594 2615 2659 Quoniam
2655 2604 2835 2650 autem
2861 2596 3112 2651 idoneam
3148 2595 3237 2650 hic
3258 2599 3404 2650 nacti
3435 2611 3627 2650 sumus
3686 2610 3855 2652 occa-

2279 2687 2484 2741 sionem
2518 2688 2586 2742 de
2624 2686 2915 2759 Euthymio
2970 2688 3293 2751 disserendi,
3316 2688 3493 2757 primo
3526 2687 3612 2743 hic
3638 2688 3855 2742 addidi-

2279 2794 2400 2833 mus
2425 2780 2807 2849 supplementa
2842 2781 3087 2847 quaedam
3121 2780 3188 2832 ad
3223 2779 3519 2833 editionem
3572 2777 3855 2848 Panoplia:

2278 2869 2735 2941 Tergobystanam
2769 2887 2784 2923 :
2812 2868 3013 2924 deinde
3038 2871 3338 2939 adiecimus
3366 2872 3527 2924 unius
3553 2870 3752 2925 Psalmi
3782 2887 3855 2927 ex

2276 2963 2433 3016 codd.
2459 2963 2666 3017 scholia
2695 2980 2708 3028 ;
2733 2978 2797 3016 ac
2827 2964 3061 3032 denique
3078 2965 3142 3018 de
3162 2965 3284 3016 aliis
3307 2963 3613 3035 Euthymiis
3630 2964 3853 3018 monui-

2276 3072 2419 3119 mus,
2460 3071 2690 3127 quormu
2734 3055 2791 3110 tit
2828 3060 3034 3111 mentio
3058 3057 3114 3109 in
3173 3056 3455 3111 codicibus
3504 3056 3852 3126 Mosquensi-

2279 3149 2399 3202 bus.

2344 3340 2739 3411 (Supplementa
2770 3338 2840 3391 ad
2870 3338 3145 3391 editionem
3182 3334 3450 3405 l’anOplia:
3506 3337 3605 3405 ipsi
3664 3336 3848 3394 Pano-

2273 3434 2393 3503 pliec
2420 3431 2767 3501 pi'wmisimus
2811 3446 2927 3481 cum
2980 3429 3269 3481 recensione
3298 3428 3527 3479 codicum
3556 3426 3847 3497 Hosquen-

2271 3525 2403 3577 sium
2432 3540 2450 3586 ;
2482 3520 2677 3575 scholia
2736 3521 2894 3571 etiam
2922 3520 2991 3572 ad
3018 3519 3279 3587 psalmum
3339 3533 3423 3571 Cix
3450 3518 3605 3585 hujus
3646 3518 3841 3583 psalmi

2274 3615 2435 3667 textui
2455 3614 2789 3681 subjecimus.
2822 3611 2971 3664 Emr.
3006 3611 3107 3664 Pu
3121 3614 3195 3674 ιι.)

2346 3821 2421 3874 De
2452 3821 2573 3874 aliis
2634 3820 2950 3888 Euthymiis,
2987 3834 3213 3887 quorum
3247 3818 3306 3886 ﬁt
3354 3818 3548 3871 mentio
3600 3820 3656 3870 in
3696 3819 3846 3871 codi-

2766 3890 2910 3942 cibus
2937 3890 2983 3941 Μ
2995 3891 3352 3956 osquensibus.

2343 3987 2394 4054 a)
2466 3984 2784 4053 Euthymius
2838 3983 3137 4036 monachus
3190 3981 3259 4035 de
3330 3980 3573 4049 apostolo
3632 3978 3845 4034 Thoma

2273 4078 2508 4145 scripsit.
2535 4074 2592 4128 ln
2623 4074 2812 4127 codice
2844 4074 2976 4126 bibl.
3008 4076 3065 4125 ὃ.
3104 4070 3162 4124 S.
3196 4086 3349 4124 num.
3386 4070 3455 4124 26
3487 4069 3666 4123 inclol.
3698 4087 3713 4135 ;
3746 4071 3841 4137 qui

2274 4178 2356 4223 est
2388 4168 2837 4220 membran..ceus
2861 4179 2952 4217 sec
2984 4180 3037 4225 κ,
3064 4171 3158 4215 aut
3180 4178 3255 4227 ιι,
3318 4161 3447 4215 folio
3474 4158 3562 4224 64,
3597 4161 3669 4214 ita
3706 4161 3845 4231 legi-

2276 4270 2362 4313 tur
2387 4276 2400 4313 :
2426 4257 2701 4325 Εὐουμίου
2738 4256 2831 4308 τοῦ
2872 4254 3131 4307 ταπεινοῦ
3159 4253 3393 4323 μοναχοῦ
3441 4253 3715 4322 ἐγκώμιον
3762 4256 3847 4316 είς

2270 4355 2360 4405 τὸν
2383 4352 2534 4419 ἆγιον
2565 4350 2767 4417 Θωμᾶν
2814 4349 2905 4400 τὸν
2946 4347 3241 4399 ἀπόστολον
3269 4361 3285 4379 ο
3322 4347 3533 4416 incipit,
3576 4345 3641 4398 Ἦ
3690 4347 3847 4418 πηγὴ

2271 4444 2367 4511 τῆς
2408 4440 2620 4507 σοφίας.
2648 4439 2877 4491 Additur
2927 4449 3209 4507 praeterea,
3248 4439 3377 4508 μηνὶ
3406 4439 3740 4508 Ὀκτωϐρίῳ.
3763 4436 3841 4502 ς’.

2382 4532 2398 4601 )
2437 4532 2754 4602 Euthymius
2784 4531 2968 4584 abbas.
3009 4530 3064 4583 In
3102 4532 3286 4584 codice
3318 4531 3558 4599 ejusdem
3596 4532 3725 4585 bibl.
3756 4532 3845 4585 in-

2279 4626 2371 4679 l'ol.
2398 4642 2549 4678 num.
2579 4625 2642 4679 41
2674 4625 2765 4694 qui
2785 4634 2868 4678 est
2898 4624 3348 4678 membranaceus
3374 4638 3483 4678 sec.
3521 4640 3596 4689 ιι,
3640 4633 3733 4678 aut
3784 4641 3843 4691 ι,

2278 4721 2347 4773 ita
2381 4719 2578 4787 reperi.

2344 4813 2492 4867 Folio
2516 4812 2600 4865 59.
2630 4810 2902 4878 Πρόλογος
2930 4809 3023 4863 τοῦ
3055 4809 3123 4879 (s)
3159 4810 3214 4863 ἐν
3243 4810 3413 4878 ἁγίοις
3444 4811 3654 4881 Πατρὸς
3680 4812 3843 4881 ἡμῶν

2275 4905 2574 4973 Εὑθυμίου.
2606 4905 2771 4957 Index
2813 4911 2897 4957 est
2946 4921 2961 4959 ;
3014 4902 3102 4971 Τῷ
3146 4904 3464 4973 τιμιωτάτῳ
3498 4904 3590 4955 καὶ
3623 4903 3844 4971 άληθῶς

2272 5000 2512 5067 ὲναρέτῳ
2539 4999 2712 5068 [largi
2742 4998 3096 5066 πνευματικῴ
3121 4998 3264 5067 ἀδὸᾷ
3294 4998 3570 5067 Γεωργίῳ,
3596 4996 3841 5069 πρεσῦυ-

2272 5093 2414 5161 τέρῳ
2459 5092 2553 5143 καὶ
2591 5091 2900 5161 ἡγουμένῳ,
2933 5091 3241 5163 Θεαρέστως
3292 5091 3619 5160 ἡσυχάζοντι
3669 5090 3727 5142 ὲν
3758 5092 3841 5159 τῷ

2274 5185 2415 5237 κατὰ
2437 5182 2763 5237 Σκυθόπολιν
2784 5186 2953 5253 τόπῳ,
2979 5185 3300 5253 καλουμένῳ
3321 5184 3541 5247 Βεελλὰ,
3570 5184 3839 5253 Κύριλλος

2271 5276 2663 5345 πρεσῦύτερος,
2716 5278 2772 5327 ὲν
2823 5277 3012 5345 Κυρίῳ
3064 5276 3295 5345 χαίρειν.
3342 5275 3562 5329 Initium
3596 5293 3609 5329 :
3647 5277 3837 5341 Πίστις

2268 5369 2639 5439 προηγείσθω.

2341 5462 2489 5515 Folio
2508 5463 2592 5516 40.
2614 5462 2734 5525 Βίος
2752 5463 2847 5513 τοῦ
2866 5465 2920 5514 ἐν
2941 5463 3113 5531 ἁγίοις
3132 5466 3244 5516 Ha:
3255 5467 3343 5532 ρὺς
3362 5466 3518 5534 ἡμῶν
3536 5464 3835 5532 Εὑθυμίου.

2257 5557 2517 5612 Initium:
2561 5558 2617 5611 '0
2662 5560 2955 5627 μονογενὴς
3008 5559 3155 5620 Υἱός.
3223 5558 3347 5613 Haec
3386 5560 3502 5611 Vita
3536 5558 3704 5611 divisa
3752 5570 3836 5613 est

2260 5652 2312 5701 in
2351 5651 2552 5718 capita.
2600 5650 2706 5703 Sed
2767 5650 2817 5702 in
2869 5652 2971 5705 hoc
3024 5652 3212 5705 codice
3256 5662 3338 5705 cst
3386 5654 3596 5706 mutila.
3637 5652 3833 5707 Deﬁcit

670 5788 736 5855 (ι)
769 5785 868 5863 llic
920 5787 1170 5863 prologue
1224 5805 1328 5842 non
1379 5789 1609 5863 scriptus
1672 5798 1752 5841 est
1801 5788 1867 5843 ab
1915 5789 2221 5861 Euthymio,
2260 5791 2354 5845 scd
2396 5790 2464 5844 ab
2520 5791 2738 5861 Cyrillo,
2784 5804 2839 5846 ut
2891 5809 3010 5847 mox
3076 5794 3392 5863 appircbit,
3454 5794 3503 5846 in
3560 5793 3827 5847 honorent

598 5857 884 5928 Eutnymii,
921 5858 1217 5926 legiturque
1247 5870 1369 5913 ante
1396 5862 1512 5929 ejus
1546 5860 1737 5915 V;tani.
