4030 6532
306 428 382 494 29
1742 431 1897 495 ΡΒᾹ

2018 431 2170 496 T10.
3537 426 3609 486 90

409 744 516 807 Jo.
557 744 858 807 Albertus
895 743 1236 805 Faenrcms
1279 742 1344 804 in
1382 741 1778 804 Bibliotheca
1825 741 2046 804 Graeca
2090 740 2217 804 vol.
2264 740 2398 815 VII,
2441 756 2584 821 pag.
2639 737 2779 801 474.
2831 734 3181 815 Hamburgi
3224 731 3397 806 1727,
3434 717 3492 794 Ii.

365 908 808 965 Commentarios
851 906 1162 977 (Euthymii
1205 906 1508 977 Zigabeni)
1551 906 1605 960 in
1643 913 1885 978 quatuor
1921 916 1961 968 Α
1991 907 2085 961 sed
2138 903 2461 959 recentioris
2511 917 2707 957 manus
2747 901 3020 970 scriptura
3067 898 3272 954 Niretae
3319 900 3545 953 tribuitu
3572 921 3604 963 -,

297 994 613 1066 Evangelia,
641 1012 706 1051 ex
741 990 1131 1066 Chrysost'omo
1163 1004 1217 1049 et
1247 996 1370 1049 aliis
1404 995 1600 1065 priscis
1635 997 1889 1053 Patrihus
2000 998 2145 1068 quod
2178 1013 2287 1051 non
2322 998 2492 1066 magis
2525 995 2808 1060 credibile,
2841 1011 3004 1064 quam
3035 1009 3224 1047 eorum
3261 994 3602 1062 cuuierlu'a,

296 1103 410 1166 non
463 1089 586 1142 sine
624 1087 832 1156 judicio
881 1087 1150 1142 delectus.
1203 1085 1314 1142 Hoc
1361 1103 1579 1157 quoque
1625 1088 1885 1143 eximium
1997 1093 2089 1162 qui
2145 1092 2228 1147 vel
2282 1091 2622 1146 (Ecumenio
2672 1089 2756 1143 vel
2801 1088 3094 1141 Ammonio
3141 1086 3328 1142 nescio
3373 1088 3461 1141 cui
3522 1087 3605 1139 vel

295 1196 436 1252 opus
460 1196 564 1236 nec
591 1181 720 1237 dum
750 1180 938 1236 Graue
965 1181 1140 1235 lucem
1172 1181 1328 1244 vidit,
1365 1180 1488 1236 licet
1528 1181 1578 1235 id
1618 1180 1889 1237 allirmeut
1998 1181 2409 1254 Theophylacm
2436 1181 2711 1236 ascribere
2741 1182 3059 1234 voluerunt.

295 1275 399 1330 viri
435 1275 607 1340 docti,
649 1274 887 1338 Caveus,
928 1274 1070 1329 Elias
1103 1274 1174 1329 du
1212 1275 1330 1338 Pin,
1365 1286 1526 1344 atque
1555 1275 1666 1329 alii.
1695 1275 1889 1330 Latine
2073 1277 2228 1331 l‘lura
2283 1278 2398 1331 loca
2430 1275 2614 1331 Graece
2646 1292 2707 1329 ex
2760 1275 2865 1329 hoc
2903 1273 3320 1327 Commentario
3351 1272 3606 1342 producit

295 1369 621 1439 epraeclaro
648 1368 850 1423 Codice
900 1367 1040 1422 Bibl.
1086 1367 1323 1422 emnohii
1367 1367 1613 1439 Deiparze
1648 1367 1888 1440 Virginis
2001 1369 2303 1434 Simonius,
2364 1380 2478 1424 tum
2546 1369 2647 1424 hoc
2711 1369 2894 1438 capite
2969 1377 3086 1422 tum
3147 1367 3216 1435 (ε)
3278 1366 3376 1420 lib.
3440 1364 3478 1429 I,
3547 1379 3601 1434 p.

295 1459 735 1530 Guadalupensis
753 1460 884 1516 0rd.
919 1459 977 1513 D.
1002 1458 1313 1532 Hieronymi
1344 1462 1394 1514 in
1427 1475 1595 1532 regno
1613 1460 1885 1524 Castellze.
2001 1464 2124 1528 120,
2183 1463 2316 1531 “5;
2367 1474 2422 1518 et
2460 1463 2556 1518 lib.
2611 1479 2692 1524 tu,
2737 1479 2791 1532 p.
2835 1462 2926 1526 84,
2970 1470 3026 1516 et
3075 1460 3258 1530 magni
3313 1473 3439 1515 eum
3475 1457 3607 1512 facit

298 1554 587 1608 transtulit
622 1551 663 1608 Ι.
702 1552 1027 1620 llentenius,
1064 1551 1372 1606 accuratior
1408 1553 1567 1612 Zino.
1605 1550 1886 1622 Sauloque
1998 1557 2050 1610 in
2089 1556 2311 1627 primis,
2344 1555 2755 1627 asseutiturque
2783 1554 3095 1609 Maldonato
3119 1597 3133 1618 ,
3172 1553 3264 1624 qui
3299 1552 3366 1607 ad
3403 1551 3602 1606 Matth.

297 1645 595 1715 interpres,
654 1646 812 1716 cujus
873 1643 1052 1700 versio
1101 1644 1305 1712 prodiit
1355 1645 1594 1714 primum
1653 1644 1884 1702 Lovauii
1998 1663 2129 1712 xvu,
2161 1647 2216 1708 8.
2248 1646 2596 1718 Euthymiuru
2625 1645 2679 1699 in
2708 1645 3000 1700 verborum
3038 1642 3472 1714 proprietatibus
3500 1642 3606 1695 ob-

296 1738 461 1794 45M.
491 1738 585 1793 fol.
624 1753 818 1794 recusa
851 1736 924 1809 (q)
960 1736 1132 1792 Paris.
1172 1737 1330 1802 1547,
1366 1737 1519 1794 1560.
1556 1736 1716 1803 1002,
1742 1737 1798 1805 8,
1827 1745 1884 1791 et

2015 1739 2289 1796 servandis
2348 1739 2830 1807 diligentissimum
2891 1753 3014 1793 esse
3067 1736 3403 1792 observavit.
3453 1737 3606 1789 Inter

293 1832 352 1888 in
379 1831 720 1888 Bibliotheca
753 1831 996 1896 Patrum,
1031 1841 1162 1885 tom.
1195 1830 1332 1885 XIX.
1363 1831 1495 1886 edit.
1535 1830 1705 1901 Lugd.
1996 1833 2294 1903 scriptores
2325 1847 2354 1885 e
2378 1831 2579 1901 quibus
2610 1829 2788 1885 Aurea
2821 1829 3050 1884 Thomas
3079 1827 3368 1897 Aquinatis
3395 1827 3602 1880 Catena

366 1923 516 1979 Duos
549 1924 767 1978 codices
795 1940 894 1978 ms.
930 1923 1149 1978 Grmcos
1192 1924 1354 1992 hujus
1387 1920 1781 1978 Commentarii
1811 1923 1887 1978 si—
1995 1928 2048 1982 iu
2083 1925 2375 1997 Evangelia
2395 1925 2624 1980 collecta
2653 1934 2758 1985 est,
2787 1922 3068 1995 Euthymii
3099 1935 3302 1976 nomen
3330 1920 3382 1974 in
3409 1934 3604 1973 recen-

294 2016 520 2070 milibus
555 2017 737 2086 qualia
791 2015 1095 2071 llentenius
1145 2017 1198 2071 in
1249 2031 1348 2071 suo
1399 2016 1606 2086 reperit
1661 2015 1886 2070 scboliis
1999 2019 2228 2073 tioribus
2272 2018 2599 2089 quibusdam
2655 2015 2990 2071 editionibus
3035 2013 3310 2075 additum,
3359 2011 3414 2065 in
3453 2010 3602 2064 anti-

293 2105 593 2161 instructos
658 2106 712 2160 in
784 2106 920 2161 llibl.
1004 2106 1172 2176 llrgia
1241 2104 1536 2161 Parisiensi
1604 2106 1881 2160 evoivisse
1995 2112 2282 2183 quioribus
2321 2111 2468 2167 etin
2517 2110 2762 2165 Romana
2826 2108 2957 2163 anni
3013 2106 3173 2162 1670.
3232 2105 3599 2160 desideratur.

292 2213 350 2253 se
373 2207 605 2253 testatur
633 2198 793 2253 Rich.
822 2199 1057 2260 8ἱςιιοη..
1086 2198 1178 2253 lib.
1209 2214 1266 2253 In
1295 2199 1546 2253 Historiae
1568 2199 1782 2255 Critica:
1813 2198 1882 2269 (r)
2001 2205 2151 2260 Vide"
2176 2204 2419 2260 Simonis
2471 2205 2611 2260 Hist.
2659 2204 2923 2261 Criticam
2976 2201 3111 2258 Novi
3161 2199 3313 2257 Test.
3367 2198 3465 2255 lib.
3513 2213 3597 2262 tu,

295 2290 432 2347 Novi
468 2291 620 2348 Test.
656 2306 779 2361 cap.
811 2292 899 2355 ‘29,
928 2292 979 2346 in
1012 2306 1246 2360 quorum
1278 2291 1451 2346 altero
1481 2291 1846 2346 Mazariniano
1872 2333 1885 2355 ,

826 2292 899 2355 29,
928 2292 979 2346 in
1012 2306 1246 2360 quorum
1278 2291 1451 2346 altero
1481 2291 1846 2346 Mazariniano
1872 2333 1885 2355 ,
1923 2288 1962 2342 Β
1994 2313 2044 2369 p.
2075 2295 2181 2351 400
2209 2305 2262 2351 et
2289 2296 2417 2352 475.

361 2451 436 2523 (q)
477 2449 521 2507 Α
558 2451 770 2520 Voigtio
803 2451 854 2503 in
893 2451 1148 2520 Catalogo
1183 2450 1323 2506 llist.
1364 2451 1498 2506 Crit.
1542 2452 1636 2507 lib.
1675 2468 1784 2506 rar.
1826 2468 1884 2520 p.
1989 2455 2043 2508 in
2086 2454 2325 2510 editione
2352 2453 2702 2509 Lovaniensi.
2726 2451 2864 2520 Ergo
2895 2463 2954 2507 ut
2978 2453 3212 2512 vids-tur.
3238 2447 3601 2523 Lovaniensis

294 2520 424 2586 734,
458 2533 513 2578 et
538 2524 615 2595 ab
647 2522 1135 2595 aliisrtnemoratu‘r
1173 2524 1336 2576 etiam
1367 2537 1434 2577 ex
1474 2523 1725 2595 Theoph.
1759 2523 1888 2595 Siu-
1997 2535 2182 2579 tamen
2217 2536 2303 2580 est
2355 2525 2631 2595 princeps.
2663 2526 2762 2579 etsi
2795 2525 3103 2593 reperiatur
3141 2522 3387 2595 l‘arisina
3443 2520 3598 2595 ejus-

292 2595 402 2649 eeri
433 2592 695 2648 Biblioth.
733 2592 871 2647 llisl.
907 2594 1023 2648 crit.
1064 2593 1156 2647 lib.
1194 2609 1301 2647 rar.
1340 2609 1391 2659 p.
1437 2593 1538 2648 125
1568 2590 1684 2662 seq.
1718 2594 1887 2648 editio
1989 2596 2113 2649 dem
2149 2596 2278 2649 anni
2304 2638 2318 2654 .
2353 2590 2516 2650 Forte
2550 2590 2752 2649 autem
2789 2590 3032 2648 erratum
3078 2602 3164 2646 est
3218 2593 3272 2645 in
3325 2590 3600 2662 numeris,

293 2663 542 2737 Parisina
583 2665 711 2737 an_ni
761 2665 897 2737 liii}
932 2663 1082 2737 iri-8.
1147 2664 1295 2737 apud
1341 2665 1606 2737 Joannem
1650 2659 1883 2737 ‘lleiguy.
1987 2680 2052 2720 ac
2101 2682 2198 2734 pro
2248 2667 2387 2720 l5.“
2441 2667 2726 2737 legendum
2781 2673 2866 2718 est
2938 2665 3109 2737 15:477.
3145 2663 3203 2718 In
3266 2671 3418 2718 tanta
3471 2659 3598 2715 libri

294 2734 808 2791 ExcudebatCarol.
843 2734 1104 2790 Guillard.
1142 2733 1248 2789 Sed
1283 2737 1334 2787 in
1371 2735 1550 2788 Indice
1580 2736 1738 2800 hujus
1763 2733 1887 2788 'edi-
1989 2733 2214 2791 raritate
2249 2737 2389 2791 nibil
2429 2733 2530 2790 hac
2561 2738 2628 2790 de
2665 2751 2722 2790 re
2751 2744 2965 2790 certum
3011 2735 3210 2789 habeo.

294 2805 482 2867 tionis,
514 2820 676 2874 quem
711 2806 982 2874 integrum
1010 2805 1230 2860 videtur
1266 2805 1584 2859 exhibuisse
1619 2805 1884 2872 Voigtius,
2072 2809 2141 2876 (r)
2183 2807 2719 2862 Corumeutatoruru.

293 2891 406 2930 non
453 2877 652 2950 legitur
693 2892 707 2930 :
745 2876 895 2930 Liber
924 2876 1010 2929 hic
1053 2892 1216 2946 neque
1255 2877 1435 2931 Graece
1477 2892 1643 2950 neque
1695 2876 1888 2930 Latine
2073 2877 2144 2950 (ε)
2188 2877 2262 2932 De
2295 2888 2443 2934 textu
2477 2877 2544 2933 N.
2580 2876 2737 2933 Test.

293 2957 451 3002 antea
506 2948 641 3018 typis
685 2963 918 3018 unquam
977 2963 1198 3001 excusas
1252 2957 1326 3002 est
1377 2962 1396 3003 :
1455 2962 1576 3017 qua:
1631 2947 1886 3019 leguntur

616 3209 706 3270 Ex
749 3214 926 3272 tomo
964 3208 1174 3290 primo
1211 3209 1696 3272 Dissertationis
1737 3207 2054 3271 historica:
2091 3211 2164 3272 in
2201 3207 2659 3269 Bellarminum
2705 3208 2774 3268 P.
2814 3205 2980 3269 Phil.
3022 3209 3255 3271 LABBE.

362 3363 692 3435 Euthymius
731 3362 1041 3434 Zigabenus
1064 3404 1078 3429 ,
1114 3378 1423 3419 monacnus
1456 3361 1681 3418 Graecus
1704 3405 1718 3427 ,
1758 3363 1893 3419 vixit
2003 3379 2295 3420 conversas
2327 3379 2425 3434 per
2450 3363 2512 3416 Β.
2545 3364 2610 3417 P.
2637 3361 2948 3434 Philippum
2977 3360 3249 3428 Saulium,
3275 3360 3601 3431 episcopum

295 3455 524 3511 ineunte
558 3454 759 3509 sreculo
793 3470 866 3509 xu
929 3461 1318 3524 superstesque
1358 3454 1539 3509 adhuc
1581 3463 1701 3509 erat
1739 3469 1886 3509 anno
1915 3443 1961 3503 ϐ
1997 3457 2465 3529 Brugnatenscm;
2503 3456 2911 3511 Commentaria
2949 3458 3002 3510 in
3057 3455 3384 3527 Evangelia,
3422 3455 3601 3512 inter-

297 3548 457 3616 “!8,
503 3564 611 3619 quo
654 3547 880 3602 Alexius
920 3546 1238 3603 Comnenus
1285 3547 1585 3617 imperator
1632 3547 1786 3602 obiit.
1821 3577 1892 3589 —
1990 3559 2147 3620 prete
2180 3547 2394 3604 Joanne
2426 3547 2699 3604 Hentenio
2732 3548 3134 3604 Mechliniensi.
3468 3538 3480 3557 ’

295 3641 530 3713 Scripsit
563 3642 880 3696 orthodoxa;
905 3641 1026 3696 lidei
1055 3640 1374 3711 Panopliam
1407 3640 1674 3696 adversus
1698 3655 1891 3694 omnes
2066 3641 2164 3696 Hic
2192 3651 2384 3698 auctor
2413 3657 2442 3696 a
2477 3640 2631 3696 Sixto
2661 3640 2896 3695 Senensi
2923 3641 3157 3713 diligens
3183 3639 3600 3710 Seripturarum

295 3738 558 3804 hmreses,
596 3738 648 3791 iu
685 3737 822 3792 duas
850 3746 1035 3806 partes
1067 3735 1349 3800 tributam,
1389 3735 1696 3805 interprete
1729 3734 1891 3789 Petro
1995 3736 2310 3806 expositor,
2381 3749 2413 3789 a
2479 3733 2787 3790 cardinale.
2834 3733 3068 3788 Baronio
3141 3733 3600 3788 accuratissimus

296 3830 592 3886 Francisco
618 3830 754 3884 Zino
783 3827 1085 3884 Veronensi
1119 3829 1387 3885 canonico
1420 3847 1434 3882 :
1466 3827 1893 3884 Commentatio-
1992 3828 2310 3885 earumdem
2347 3829 2621 3900 interpres
2651 3844 2682 3883 a
2712 3827 2921 3883 Joanne
2951 3827 3286 3889 Maldonato,
3316 3827 3371 3881 in
3407 3828 3603 3882 obser-

298 3935 398 3976 nes
431 3921 487 3974 in
536 3935 728 3975 omnes
760 3919 863 3975 l50
897 3919 1161 3985 Psalmos,
1199 3930 1254 3976 et
1289 3920 1479 3976 decem
1525 3934 1697 3975 saeue
1745 3918 1894 3974 δτι-ἰ·
1993 3921 2186 3977 vandis
2215 3922 2512 3978 verborum
2550 3921 2984 3992 proprietatibus
3011 3919 3466 3992 diligentissimus
3498 3932 3601 3989 ap-

295 4022 474 4084 pturae
520 4013 755 4079 cantica,
814 4028 846 4069 e
905 4010 1095 4069 Graeco
1153 4012 1209 4068 in
1263 4013 1517 4068 Latinum
1571 4027 1885 4069 sermonem
1995 4014 2255 4086 pellatur.

558 4313 658 4375 Jo.
700 4314 1015 4389 Augustus
1043 4311 1324 4373 ERNESTI
1351 4307 1416 4372 in
1449 4310 1861 4374 Institutione
1897 4313 2171 4394 interpr.
2217 4315 2301 4377 N.
2343 4316 2508 4377 Test.
2549 4316 2701 4378 Pars
2729 4315 2808 4389 II,
2857 4331 3000 4396 cap.
3048 4313 3108 4392 9,
3158 4318 3185 4392 ἕ
3221 4313 3324 4378 24.

367 4462 478 4519 Nec
517 4459 936 4532 praetereundus
966 4457 1294 4531 Eutbymius
1323 4458 1634 4530 Zigabenus
1656 4499 1671 4523 ,
1712 4457 1894 4514 Pauo-
1987 4461 2257 4516 Sadoleto
2281 4461 2366 4533 (ε),
2392 4475 2556 4532 quem
2580 4461 2693 4516 vid.
2719 4460 2898 4532 Epist.
2926 4477 2982 4533 p.
3014 4461 3122 4517 2M
3142 4461 3275 4518 edit.
3303 4477 3434 4518 nov.
3467 4462 3600 4519 add-

291 4556 419 4628 plize
457 4551 785 4625 Dogmaticte
825 4550 1078 4622 scriptor,
1125 4567 1156 4606 e
1201 4567 1327 4606 suae.
1361 4567 1476 4619 xu;
1524 4552 1685 4621 cujus
1715 4550 1896 4620 {Com-
1999 4555 2215 4610 Fabric.
2251 4553 2389 4611 Bibl.
2426 4553 2602 4610 Graec.
2639 4563 2680 4611 t.
2721 4555 2836 4622 VII,
2869 4572 2926 4626 p.
2961 4555 3089 4611 484.
3123 4555 3190 4612 Et
3220 4564 3603 4612 memorantur

249 4665 254 4671 '
296 4646 594 4703 mentarios
623 4646 678 4699 in
712 4643 1001 4715 Evangelia
1035 4641 1229 4700 Latine
1255 4644 1434 4700 editos
1466 4660 1494 4699 a
1533 4642 1699 4700 .loan.
1736 4643 1891 4699 llen-
1996 4647 2215 4706 codices
2242 4649 2433 4705 scrioti
2466 4647 2780 4706 Comment.
2813 4649 2868 4705 in
2906 4649 3086 4721 Epist.
3121 4647 3301 4716 Pauli,
3333 4649 3465 4706 item
3495 4648 3604 4707 Ga-

297 4739 449 4795 tenio
476 4733 768 4799 habemus,
800 4736 1004 4806 pariter
1025 4752 1055 4792 e
1081 4736 1476 4808 Chrysostomo
1508 4737 1766 4804 maxime,
1798 4736 1896 4792 sed
2000 4743 2258 4799 tholicas.

298 4838 484 4887 tamen
515 4839 571 4887 et
598 4829 719 4885 aliis
753 4829 947 4885 ductos
968 4871 982 4895 ,
1020 4839 1076 4885 et
1100 4828 1278 4885 doctis
1308 4829 1460 4885 valde
1495 4827 1757 4900 probatos
1779 4866 1796 4892 .
1831 4837 1894 4884 ut

368 4992 437 5068 (ρ
471 4990 628 5068 Apud
662 4989 1052 5068 Sadoletuml.
1084 4991 1129 5068 l_.
1166 4989 1221 5068 in
1256 4989 1390 5068 edit.
1426 4988 1629 5068 Veron.
1667 4991 1892 5053 “57.4.
1997 4993 2340 5068 tiasllasilii,
2375 4993 2867 5068 Chrysostomique
2914 4995 3201 5065 referenti,
3239 4995 3298 5052 in
3341 4995 3603 5068 Epistolis

305 5061 440 5118 nihil
463 5063 566 5118 nisi
596 5062 700 5116 hoc
728 5063 903 5131 reperi
929 5080 942 5117 :
971 5062 1054 5118 Ab
1084 5061 1402 5134 Euthymio,
1429 5062 1517 5116 cui
1538 5078 1639 5134 ego
1668 5072 1898 5118 senten-
1997 5065 2156 5122 Pauli
2188 5061 2702 5122 enotandis'tribuo
2738 5061 3101 5139 permultum.

3543 5247 3600 5268 -η

481 5386 580 5448 Jo.
627 5387 945 5465 Augustus
997 5388 1326 5452 Noessem'
1363 5390 1450 5450 De
1494 5388 1751 5452 Catenis
1788 5388 2053 5530 Paégum
2098 5390 2487 5454 Graecorum.
2527 5391 2701 5454 Halm
2740 5389 2817 5453 ad
2854 5391 3061 5453 Salam
3107 5389 3291 5464 1762,
3351 5391 3408 5468 4,

1701 5487 1838 5530 nne.
1927 5514 1929 5516 -
1991 5488 2172 5530 seua.

1701 5487 1838 5547 pag.
1880 5487 1955 5530 2f;
1991 5488 2172 5550 seqq.

366 5616 444 5673 Ex
472 5616 666 5672 eodem
700 5634 900 5688 genere
925 5619 1003 5690 (ιι)
1032 5631 1116 5675 est
1143 5619 1420 5694 Euthymii
1461 5624 1720 5696 Zigabeni
1755 5641 1880 5680 srec.

2017 5625 2184 5680 ninali
2219 5625 2322 5693 τῆς
2353 5625 2750 5697 περιϐλέπτου,
2787 5623 3066 5697 Panoplize
3112 5625 3435 5697 dogmaticze
3469 5626 3608 5678 seri-

295 5710 644 5768 xumouachi
673 5714 989 5770 monasterii
1018 5712 1634 5785 ConstantiuoooLitani,
1671 5733 1876 5788 cogno-
1986 5719 2185 5791 ptoris,
2250 5718 2700 5776 Commentarius
2756 5718 2814 5775 in
2861 5735 2914 5775 tv
2973 5718 3294 5792 Evangefia,
3356 5735 3522 5790 quem
3574 5734 3612 5774 δ

370 5871 443 5940 (υ)
503 5871 843 5942 Exposuerat
892 5875 1136 5946 proxime
1197 5887 1324 5934 ante
1385 5876 1530 5934 hunc
1581 5877 1646 5932 de
1709 5877 2138 5951 'l'heophy'actn.
