4030 6486
422 443 488 514 3Ῑ.
1836 420 2254 491 ΓΒΞΕΡΑἸῚΟ.
3035 513 3039 514 ν
3274 505 3285 514 ⁸
3580 387 3653 449 33

2084 550 2115 591 e
2141 531 2381 602 margine
2412 530 2466 582 in
2496 531 2806 582 contextum
2855 513 3139 583 irrepsisse
3169 505 3506 575 expinra'um
3541 516 3649 559 Csl.

2088 598 2282 682 Refert
2300 622 2447 677 enim
2482 619 2781 672 licntenius
2812 614 2865 664 in
2895 607 3028 680 praef
3073 600 3295 671 margini
3328 598 3654 659 cxetnplaris

2087 716 2348 784 aseriptas
2381 710 2546 765 fuisse
2573 701 2947 761 adaotationes
2981 698 3073 767 (ι),
3106 708 3224 763 (ιιιιιι
3255 687 3449 745 deinde
3486 688 3537 739 in

2090 777 2246 875 liqua;
2281 800 2567 871 scriptura:
2606 794 2850 849 ordinem
2889 788 3122 841 redactae
3167 794 3327 850 atque
3376 786 3495 848 post
3523 777 3658 875 ejus

2091 869 2368 967 particula:
2396 869 2591 943 textus
2621 881 3046 941 enarrationem,
3083 876 3149 930 ad
3181 889 3345 944 quam
3376 869 3655 967 poneban-

415 566 572 622 Joan.
603 564 870 620 lientenio
899 566 950 620 in
984 564 1233 621 emnobio
1259 560 1408 631 regni
1436 555 1681 614 Castelltn
1705 560 1979 620 repertum
2013 546 2056 599 Α

418 666 476 710 et
502 674 532 710 e
561 654 747 710 Graeco
774 656 828 708 in
860 653 1111 709 Latinum
1136 665 1439 707 sermonem
1472 645 1787 702 translatum
1823 639 1984 693 babe-

421 761 545 803 mus
593 756 722 801 tom.
757 746 879 799 XIX
934 744 1069 800 Bibl.
1128 744 1228 799 PP.
1277 740 1523 795 maximat
1554 735 1748 805 Lugd,
1786 749 1840 801 p,
1888 730 1988 784 ιιἿό

424 851 576 903 seqq.
621 832 953 887 Concinnata
1004 841 1089 887 est
1135 833 1245 886 lucc
1296 828 1558 898 expositio
1607 841 1670 879 es
1714 820 1985 890 Origenis,

428 926 629 987 Basilii,
664 924 909 994 Gregorii
934 922 1261 977 Nazianzeni
1294 931 1345 975 et
1369 915 1736 988 Cltrysostmni
1771 912 1987 983 potissi-

430 1035 579 1072 mum
613 1019 852 1083 scriptis,
884 1031 948 1071 ea
982 1015 1214 1081 ratione,
1248 1025 1307 1067 ut
1335 1008 1714 1082 praetermissis
1738 1004 1993 1059 omnibus

430 1107 862 1180 digressionibus
890 1147 905 1171 ,
936 1123 1054 1175 quae
1075 1108 1159 1160 vel
1192 1104 1448 1159 dictionis
1476 1106 1814 1156 venustatem
1838 1095 1998 1149 subo-

430 1199 567 1260 lent,
587 1201 669 1253 vel
694 1199 759 1252 ad
784 1196 1132 1268 corrigendos
1156 1210 1335 1249 mores
1357 1202 1624 1264 spectant,
1647 1205 1710 1245 ea
1735 1186 1997 1257 inprimis

432 1293 669 1347 breviter
708 1303 761 1345 et
794 1291 1073 1345 succincte
1108 1290 1438 1356 tradat,qua2
1462 1285 1526 1339 ad
1562 1298 1780 1338 Sensum
1819 1294 1995 1348 gram-

438 1382 694 1435 matieum
738 1381 1145 1451 intelligendum
1188 1393 1421 1432 maxime
1461 1375 1685 1431 faciunt.
1718 1371 1870 1436 Quod
1902 1386 1998 1423 au-

438 1473 609 1526 ctoris
646 1474 813 1527 nostri
848 1473 1134 1527 consilium
1172 1486 1294 1526 eum
1326 1470 1445 1522 aliis
1477 1466 1604 1520 viris
1642 1465 1852 1523 doctis.
1889 1471 2001 1515 ttnn

436 1560 743 1615 Maldonato
772 1564 1069 1630 praesertim
1101 1572 1380 1631 acceptum
1413 1560 1533 1623 fuit,
1566 1560 1657 1628 qui
1689 1558 1741 1613 in
1767 1571 1907 1610 com.
1938 1556 2003 1608 ad

434 1649 625 1705 Matth.
656 1667 787 1713 xvtt,
819 1650 871 1711 8,
908 1651 961 1703 in
999 1652 1285 1705 verborum
1318 1649 1742 1719 proprietatibus
1771 1646 2001 1715 diligen-

437 1741 704 1794 tissimum
735 1756 855 1795 cum
894 1756 1012 1795 csse
1040 1742 1270 1795 monuit.
1309 1741 1633 1795 Dubitarunt
1663 1750 1843 1793 autem
1876 1736 1965 1790 alii
1988 1774 2004 1796 ,

439 1845 624 1885 utrum
658 1831 1000 1904 Eutbymius,
1030 1850 1097 1887 an
1125 1834 1261 1887 alius
1292 1833 1557 1903 quispiam
1588 1830 1823 1885 auctoris
1850 1829 2006 1883 lamle

440 1923 721 1976 ornandus
769 1923 876 1987 sit;
916 1924 981 1977 ad
1029 1939 1165 1993 quos
1202 1925 1435 1991 pertinet
1481 1922 1637 1977 Joan.
1682 1921 2007 1986 llentenius,

443 2013 536 2081 qui
564 2013 618 2067 in
653 2014 810 2082 epist.
845 2032 1089 2084 nuncup.
1119 2016 1305 2073 refert.
1332 2016 1579 2085 plurimis
1603 2024 1879 2069 auctorem
1907 2014 2011 2067 ltu-

440 2105 529 2178 jus
559 2105 775 2161 Catena:
800 2108 974 2160 visum
1012 2107 1177 2161 fuisse
1205 2108 1623 2164 ()Ecumenium.

520 2195 622 2251 Sed
651 2212 770 2250 cum
804 2196 935 2251 illttd
972 2200 1178 2253 videtur
1210 2200 1441 2253 maxime
1476 2200 1784 2269 ambiguum
1820 2200 1910 2260 sit,
1942 2201 2015 2253 ita

448 2302 552 2341 nec
581 2289 784 2341 certius
820 2290 944 2358 quid
981 2290 1181 2344 evincit
1213 2291 1442 2345 adducta
1473 2306 1503 2344 a
1534 2290 1693 2344 Rich.
1732 2290 1952 2345 Simone
1978 2292 2013 2347 Ι.

448 2389 499 2428 c.
530 2389 649 2445 pag.
674 2374 796 2437 ΗΟ,
824 2377 1157 2445 conjectura,
1188 2394 1313 2447 qua,
1348 2377 1809 2448 TbeOpbylactum
1833 2388 2021 2433 aucto-

448 2476 564 2516 rem
604 2478 725 2517 esse
760 2464 858 2519 sibi
893 2466 1201 2534 persuadet.
1239 2466 1340 2531 Qui
1376 2467 1520 2520 enim
1557 2466 1699 2521 inter
1730 2477 2019 2536 utrumque

448 2552 742 2608 intercedit
768 2569 1090 2619 consensus,
1134 2558 1216 2609 vel
1249 2572 1277 2609 a
1308 2556 1693 2627 Cbrysostomo
1715 2599 1728 2619 ,
1764 2565 2017 2625 tanquam

450 2642 726 2697 communi
762 2642 931 2705 fonte,
962 2644 1134 2707 tinxit,
1170 2644 1253 2699 vel
1288 2644 1329 2699 si
1359 2646 1683 2714 singularem
1712 2646 2020 2716 dogmatunt

452 2735 809 2804 quorumdam
846 2738 1214 2791 tractationem
1240 2738 1521 2807 spectes,ja
1552 2738 1801 2792 stabilitis
1836 2738 1889 2791 in
1922 2737 2025 2793 Ec-

454 2823 616 2879 clesia
647 2824 905 2880 Orientali
931 2826 1049 2881 tidci
1083 2828 1367 2896 capitibus.
1395 2828 1591 2882 Verum
1624 2829 1819 2897 saepius
1848 2828 2024 2883 disce-

453 2917 584 2970 dere
614 2916 959 2987 Euthymium
985 2933 1013 2971 a
1041 2917 1441 2988 Tlteophjlacto
1467 2934 1589 2973 cum
1618 2918 1668 2972 in
1700 2920 2025 2988 interpreta—

457 3006 627 3070 tione,
665 3014 777 3059 tum
820 3007 872 3060 in
903 3006 1151 3070 lectione,
1182 3007 1427 3077 exempla
1462 3008 1834 3078 comprobant.
1867 3007 1940 3062 lta
1970 3023 2022 3062 e.

457 3114 509 3154 c.
568 3112 688 3151 cum
734 3096 1137 3169 'l‘lteopbylacto
1191 3099 1409 3168 quidem
1466 3108 1521 3153 et
1567 3098 1689 3153 aliis
1747 3099 2027 3154 codicibus

2094 958 2201 1049 tur,
2237 984 2305 1039 ab
2336 983 2450 1050 ipso
2480 980 2667 1034 locata
2700 974 2832 1028 sint.
2870 968 3027 1026 Unde
3056 966 3219 1020 etiam
3262 962 3403 1015 haud
3435 958 3654 1050 mirum,

2094 1046 2236 1146 quod
2273 1046 2433 1127 toties
2463 1083 2586 1123 cum
2621 1059 2917 1131 exetnplari
2953 1056 3029 1127 (α)
3066 1048 3444 1121 Complutensi
3474 1046 3663 1146 Graeco

2096 1138 2149 1224 et
2177 1167 2401 1236 Vulgata
2424 1163 2719 1229 interprete
2747 1154 3029 1223 congruat,
3061 1142 3360 1217 pr;rsertim
3393 1155 3519 1236 cum
3548 1138 3665 1236 ipse

2098 1261 2267 1315 editor
2282 1228 2433 1310 iunia
2463 1228 2643 1307 lidein
2676 1243 2991 1314 corrigendo
3021 1235 3252 1291 subinde
3280 1233 3468 1303 egerit.
3500 1229 3577 1283 Ita
3612 1228 3667 1279 in

2100 1349 2416 1405 recensione
2449 1346 2690 1398 locorum
2737 1330 3097 1406 quorumdam
3121 1369 3133 1388 .
3166 1327 3219 1379 in
3254 1323 3453 1393 quibus
3484 1332 3671 1374 exem-

2103 1445 2219 1513 plar
2258 1438 2509 1495 lientcnii
2553 1434 2653 1488 alia
2704 1430 2952 1489 habebat,
3003 1437 3164 1491 quam
3212 1434 3299 1479 ea,
3340 1427 3458 1513 qua:
3511 1409 3673 1480 vulgo

2103 1532 2581 1591 circumferuntur,
2635 1520 2989 1591 exemplaria,
3052 1516 3168 1584 ipse
3222 1511 3342 1563 loco
3398 1504 3488 1561 cit.
3546 1517 3671 1570 pug.

2102 1626 2229 1691 485,
2277 1632 2479 1685 narrat,
2515 1618 2677 1674 verba
2720 1615 2852 1669 Luc.
2900 1626 3007 1670 xtx,
3051 1608 3134 1661 l5.
3185 1599 3267 1666 οἷς
3299 1602 3465 1691 ἔδωκε
3516 1595 3589 1691 (b)
3618 1593 3679 1645 τὸ

2107 1688 2367 1787 ἀργιῖριον
2391 1711 2533 1782 apud
2558 1707 2907 1777 Euthymium
2932 1716 3037 1753 non
3061 1695 3340 1752 exstitisse
3371 1710 3383 1745 :
3417 1688 3571 1787 Quod
3598 1696 3679 1787 ta-

2112 1779 2455 1874 nieu,vinqui—t
2485 1800 2780 1855 addidimus
2821 1797 2953 1850 sicut
2982 1787 3291 1861 quibusdam
3324 1784 3447 1836 aliis
3476 1783 3528 1835 in
3551 1779 3677 1832 locis

2114 1870 2246 1953 idem
2284 1870 2513 1967 fecimus,
2556 1891 2693 1963 quod
2727 1890 2779 1942 in
2812 1886 2935 1939 aliis
2963 1878 3348 1949 exemplaribus
3372 1885 3417 1928 et
3446 1875 3497 1926 in
3520 1870 3681 1925 Com-

2116 1995 2251 2065 plut.
2285 1994 2510 2048 editione
2546 1990 2819 2043 habeatur.
2872 1983 3028 2037 llisce
3074 1978 3237 2033 nmvis
3281 1974 3436 2029 facile
3478 1968 3684 2026 mederi

2118 2061 2419 2157 potuiSsent
2460 2082 2715 2142 editores,
2753 2078 2795 2131 si
2851 2082 3057 2128 textum
3108 2065 3382 2137 Entltymii
3434 2061 3689 2131 collegis-

2118 2156 2239 2233 sent
2262 2192 2292 2231 e
2313 2174 2588 2232 codicibus
2619 2168 2839 2229 Graecis,
2872 2165 3173 2235 prtesertim
3206 2156 3607 2213 l‘arisiensibus
3634 2161 3691 2207 ct

2123 2268 2454 2323 Barocciano
2478 2264 2569 2328 28,
2596 2262 2689 2331 qui
2716 2259 2887 2314 Millio
2913 2254 3187 2325 quondam
3217 2253 3271 2306 in
3297 2246 3689 2314 conquirendis

2122 2357 2445 2413 lectionibus
2493 2368 2688 2422 magno
2739 2350 3056 2419 adjumento
3110 2344 3233 2397 luit.
3276 2340 3413 2395 lllud
3469 2350 3689 2407 quoque

2123 2448 2404 2503 sciendum
2431 2454 2531 2509 est,
2562 2442 2904 2511 Euthymium
2932 2438 2998 2491 iis
3024 2438 3074 2489 in
3106 2434 3260 2498 locis,
3285 2431 3375 2485 ubi
3405 2442 3697 2501 argutnenu

2124 2550 2236 2594 tum
2266 2554 2323 2594 se
2352 2538 2532 2600 oﬂ'crt,
2567 2535 2710 2606 quod
2748 2535 2801 2587 in
2849 2531 2956 2585 alio
2991 2526 3321 2595 evangelista
3352 2524 3461 2591 jam
3499 2518 3696 2574 diluci-

2125 2633 2306 2685 datum
2342 2640 2477 2689 erat.
2514 2626 2881 2682 transmittere
2907 2622 3164 2676 lectorem
3202 2618 3265 2671 ad
3299 2618 3502 2671 dictam
3530 2627 3698 2681 espo-

2127 2718 2401 2782 sitionem,
2431 2717 2597 2771 citato
2618 2715 2871 2768 nimirum
2906 2712 3053 2781 juxta
3078 2708 3390 2762 Grtecorum
3425 2711 3694 2772 supputa-

2130 2810 2332 2864 tionem
2373 2808 2589 2877 capite;
2624 2805 2780 2875 cujus
2815 2801 3081 2873 allegandi
3123 2801 3221 2853 rati
3238 2798 3349 2851 )nis
3389 2794 3690 2849 secundum

2129 2903 2329 2968 majora
2389 2898 2657 2966 κεφάλαια
2727 2895 2986 2949 institutae
3043 2892 3377 2946 mentionem
3443 2887 3696 2957 iujicicns

2128 2993 2311 3048 Sixtus
2352 2991 2629 3055 Senensis,
2679 2989 2815 3043 Bibl.
2870 2988 2927 3043 S.
2964 2988 3025 3042 L.
3068 2986 3157 3049 Ill,
3202 3002 3255 3056 p.
3304 2984 3425 3048 ltiti,
3465 3000 3505 3035 ι’,
3527 2983 3632 3037 fert
3682 2999 3695 3035 :

2129 3083 2453 3155 Etttltymins
2482 3099 2592 3141 seu.
2633 3091 2687 3135 ut
2721 3080 3035 3152 quibusdam
3068 3079 3292 3139 videtur,
3330 3073 3703 3131 (licumcnius

462 3191 740 3259 conspirat
770 3191 823 3245 in
852 3190 1182 3246 lectionibus
1209 3207 1369 3258 supra
1396 3191 1470 3262 (π)
1495 3192 1810 3246 [nummus
1835 3190 2022 3247 Mauh_
2054 3202 2099 3265 Ο
2132 3177 2393 3231 distribuit
2412 3174 2769 3245 .Evengclium
2794 3172 3030 3227 Matthati
3054 3173 3104 3224 in
3123 3170 3298 3223 titulos
3324 3185 3412 3222 seu
3437 3168 3609 3236 capita
3630 3169 3702 3234 (cl

463 3293 547 3343 ιιι,
598 3279 698 3346 ll;
750 3296 822 3342 ν,
856 3281 952 3347 47ς
991 3280 1122 3335 Luc.
1155 3298 1249 3345 vn,
1298 3282 1359 3336 5|
1400 3291 1456 3337 et
1509 3282 1648 3337 aliis.
1692 3282 1845 3337 llaud
1910 3299 2032 3337 raro

468 3376 648 3424 tamen
680 3370 937 3442 singulari
970 3373 1201 3428 lectione
1226 3376 1445 3445 gaudet,
1475 3373 1533 3428 in
1564 3376 1883 3445 quibusdam
1914 3386 2034 3429 tan-

468 3464 748 3519 tummodo
779 3464 844 3518 N.
881 3465 943 3519 T.
978 3467 1254 3523 codicibus
1281 3468 1478 3535 obvia;
1512 3477 1571 3521 ut
1600 3466 1755 3522 Joan.
1787 3483 1903 3529 vm,
1940 3466 2033 3532 40,

468 3554 558 3609 ubi
606 3554 727 3611 loco
772 3558 918 3627 παρὰ
951 3556 1047 3613 τοῦ
1100 3558 1221 3611 θεοῦ
1266 3558 1584 3630 Eutbytnius
1624 3560 1752 3630 legit
1803 3578 1819 3615 :
1878 3560 2033 3630 Παρὰ

468 3643 563 3698 τοῦ
600 3646 808 3716 πατρὸς
864 3648 1013 3717 isque
1062 3647 1229 3711 solus,
1269 3659 1325 3701 et
1377 3663 1495 3712 xm,
1528 3648 1617 3713 9.5,
1661 3648 1777 3702 voci
1824 3650 2034 3712 ἐκεῖνος

472 3734 752 3805 subjungit
774 3735 946 3799 οὕτως
979 3778 992 3790 .
1026 3735 1155 3792 Cum
1184 3738 1413 3808 ergo-ille
1440 3740 1759 3793 recumberet
1781 3741 1856 3793 ita
1878 3744 2038 3808 supe’r

475 3834 653 3893 pectus
674 3825 828 3892 Iesu,
862 3838 967 3882 etc.
1000 3828 1154 3895 Quod
1189 3829 1577 3901 interpretatur
1609 3850 1622 3885 :
1661 3831 1745 3885 Ita
1774 3833 1928 3886 sicuti
1954 3850 2038 3886 re-

476 3920 771 3987 cumbebat,
809 3923 904 3977 hoc
930 3932 1006 3978 est
1037 3940 1137 3978 non
1167 3924 1437 3991 elevatus;
1469 3927 1557 3979 sed
1598 3935 1802 3979 tantum
1826 3943 2039 3981 conver-

473 4028 583 4067 sus.
628 4011 888 4071 Similiter
916 4013 1071 4069 Joan.
1124 4031 1236 4082 xu,
1279 4016 1358 4081 l6,
1400 4016 1530 4086 legit
1580 4017 1787 4086 ἤγαγον
1838 4018 1919 4077 εἰς
1980 4018 2041 4069 τὸ

480 4102 836 4175 πραιτώριον.
867 4103 1051 4159 Matth.
1085 4120 1199 4167 xm,
1232 4104 1324 4167 27,
1380 4104 1534 4161 deest
1564 4105 1641 4175 σῷ
1678 4107 1750 4176 (y)
1775 4123 1790 4172 ;
1819 4115 1869 4159 et
1909 4105 2039 4158 Luc.

480 4210 534 4246 v.
573 4194 637 4249 l9
667 4194 929 4249 omissum
974 4195 1431 4264 deprehendimus
1458 4198 1546 4250 διὰ
1576 4206 1702 4252 ante
1740 4196 1925 4258 ποίας.
1974 4197 2039 4249 ιι.

484 4285 615 4341 Luc.
636 4302 766 4351 xxtt,
787 4286 877 4349 ὃὸ,
899 4296 1040 4341 recte
1074 4302 1195 4341 cum
1220 4288 1377 4343 codd.
1396 4288 1718 4356 quibusdam
1736 4289 1937 4342 omittit
1953 4288 2046 4341 καὶ

480 4377 861 4448 ὑποδημάτων.
908 4378 1012 4434 Sed
1044 4378 1225 4436 cautio
1256 4380 1342 4434 hic
1376 4379 1680 4434 adhibenda
1724 4388 1806 4434 est
1834 4394 1897 4433 ac
1919 4378 2045 4433 dili-

481 4469 682 4539 gentia,
711 4479 1017 4540 protiterea,
1048 4470 1191 4541 quod
1219 4486 1407 4525 omnes
1432 4470 1726 4525 lectionum
1755 4469 2045 4524 varietates

2134 3268 2223 3325 86.
2264 3267 2582 3337 Cujusmodi
2622 3264 3006 3319 distinctiones
3036 3262 3180 3331 apud
3217 3261 3455 3315 Marcum
3488 3268 3707 3314 exstant

2134 3360 2236 3425 48;
2272 3358 2471 3413 Lucam
2507 3358 2610 3419 83;
2645 3355 2915 3410 Joannem
2944 3355 3178 3423 denique
3221 3354 3325 3417 l8;
3366 3368 3474 3406 non
3512 3367 3698 3406 nume-

2135 3459 2250 3505 rata
2277 3448 2516 3504 sectione
2543 3448 2608 3502 de
2636 3447 2862 3502 muliere
2887 3446 2939 3499 in
2972 3445 3239 3499 adulterio
3271 3444 3665 3513 comprehensa
3690 3485 3704 3506 ,

2136 3552 2256 3607 qua:
2282 3537 2522 3591 narratio
2550 3548 2857 3604 quanquam
2885 3549 2911 3586 a
2939 3532 3139 3588 Graecis
3165 3534 3481 3588 doctoribus
3501 3532 3704 3602 passim

2136 3629 2358 3696 omissa,
2400 3628 2468 3682 ab
2504 3627 2792 3698 Euthymio
2823 3625 3122 3695 explicatur
3166 3625 3267 3694 (d).
3310 3625 3495 3694 Neque
3542 3625 3708 3679 etiam

2138 3722 2370 3776 intactas
2390 3719 2649 3788 relinquit
2666 3718 2983 3777 sententias,
3005 3717 3200 3786 quibus
3218 3726 3383 3781 stant,
3399 3717 3486 3786 qui
3509 3716 3711 3772 Cnet-te

2140 3812 2397 3869 Ecclesia:
2434 3812 2679 3867 addictos
2707 3826 2828 3866 sese
2872 3809 3213 3880 proﬁtentur.
3245 3808 3432 3873 Qualis
3478 3820 3561 3862 est
3600 3810 3711 3871 illa,

2140 3920 2258 3974 quae
2275 3903 2563 3974 progenuit
2584 3900 2989 3957 contentionem
3012 3900 3154 3953 inter
3174 3897 3392 3953 Graecos
3410 3909 3463 3954 et
3487 3900 3710 3955 Latinos

2141 3996 2231 4051 diu
2260 3995 2386 4051 olim
2412 3996 2664 4065 agitatam
2698 4012 2711 4047 :
2741 4008 2851 4063 quo
2880 3992 3090 4047 scilicet
3111 3991 3199 4047 dic
3231 3991 3486 4047 Christus
3512 4007 3711 4063 agnum

2143 4086 2450 4158 paschalcm
2490 4085 2831 4141 comederit?
2880 4099 3043 4155 porro
3093 4084 3343 4140 doctrina
3374 4084 3441 4140 de
3484 4100 3712 4155 operum

2147 4179 2506 4234 retributione
2547 4194 2653 4231 non
2693 4177 2873 4232 statim
2922 4194 2949 4229 a
3000 4187 3172 4231 morte
3208 4178 3452 4247 cujusvis
3492 4178 3710 4232 initium

2147 4273 2429 4341 capiente,
2467 4269 2561 4324 scd
2597 4268 2893 4324 differenda
2926 4269 2991 4323 ad
3023 4268 3166 4323 diem
3202 4269 3391 4337 judicii
3429 4288 3442 4323 :
3476 4270 3716 4341 denique

2149 4366 2313 4421 ctiam
2349 4366 2417 4419 de
2450 4363 2656 4432 Spiritu
2686 4370 2873 4416 sancto
2920 4377 2948 4414 a
2991 4361 3107 4415 solo
3157 4361 3314 4416 Patre
3360 4363 3716 4431 procedente.

2150 4460 2237 4515 cui
2269 4458 2511 4529 opinioni
2541 4455 2824 4511 inlitesisse
2857 4454 3177 4521 scriptorem
3210 4464 3458 4510 nostrum
3484 4465 3719 4526 arguunt

480 4536 1133 4633 minime-ab‘Enthyniio
1162 4562 1428 4632 proﬁcisci
1451 4604 1466 4630 ,
1502 4562 1597 4618 θρα
1633 4562 1833 4618 multa;
1863 4561 2046 4632 potius
2076 4536 2119 4592 θ
2150 4552 2265 4605 loca
2287 4592 2301 4616 ,
2342 4550 2539 4619 quibus
2575 4547 2840 4619 Spiritum
2879 4556 3129 4599 sanctum
3164 4561 3193 4599 a
3232 4545 3391 4602 Patre
3426 4550 3721 4619 procedere

556 4832 632 4903 (at)
660 4831 787 4901 Pag.
821 4832 905 4887 l6.
932 4832 1071 4903 sunt
1098 4840 1278 4903 autem
1308 4832 1387 4886 ba:
1419 4830 1647 4903 :Matth.
1682 4846 1763 4903 tu,
1796 4830 1851 4903 ll
1889 4832 2051 4903 ofmit~

484 4899 622 4958 titur
648 4899 921 4973 καῐπυρῑ.
958 4902 1023 4973 Ν,
1065 4903 1153 4960 57.
1194 4901 1401 4969 φέλους,
1435 4916 1535 4971 pro
1592 4899 1875 4969 ἀδελφούς.
1915 4902 2046 4957 Luc.

485 4989 583 5032 vu.
617 4973 705 5034 ΞΑ.
725 4970 943 5034 absunt.
977 4970 1099 5027 εἷπε
1126 4973 1182 5027 δὲ
1218 4974 1246 5025 ὸ
1266 4970 1488 5042 Κύρεοξ.

559 5044 634 5111 (gl
662 5044 851 5096 Servat
889 5045 940 5099 id
974 5053 1201 5112 uterque
1229 5047 1400 5101 codex
1429 5055 1600 5112 meus.

561 5114 632 5181 (ι)
663 5114 808 5166 Idem
841 5129 1057 5181 quoque
1091 5111 1158 5169 de
1190 5113 1450 5171 Parisinis
1471 5111 1629 5166 codd.
1662 5112 1832 5166 refert
1869 5111 2051 5167 Simo-

491 5180 635 5237 nius'.
664 5182 717 5237 Id
748 5180 1064 5252 intelligitur
1094 5184 1256 5239 etiam
1285 5201 1349 5239 ex
1382 5184 1486 5237 hac
1515 5180 1749 5252 editione
1775 5192 1830 5235 et
1858 5197 1923 5236 ex
1959 5199 2052 5238 cn-

491 5252 704 5308 dicibns
767 5251 1197 5322 Mosquensibus.
1259 5255 1366 5309 Sed
1425 5253 1523 5306 ista
1576 5251 1941 5307 additamenta
1997 5254 2052 5308 in

492 5322 831 5393 marginibus
866 5323 1069 5377 scholia
1100 5334 1367 5393 spectant,
1400 5336 1509 5393 non
1542 5328 1879 5393 contextum.

563 5389 640 5461 (ιι)
668 5391 1107 5462 Complutcnsem
1130 5389 1424 5449 editionem
1447 5389 1744 5445 Hentenius
1766 5392 1831 5462 ad
1865 5408 2056 5448 manus

494 5462 703 5533 liabnit,
753 5460 821 5516 es
872 5479 978 5531 qua
1023 5464 1184 5519 etiam
1234 5468 1467 5533 di5putat
1508 5469 1708 5533 contra
1761 5460 2054 5533 editionem

498 5531 726 5586 Erasini.
757 5528 963 5601 Saepius
986 5535 1148 5590 etiam
1180 5528 1483 5589 versionem
1507 5530 1750 5585 Latinam
1777 5528 2056 5602 Vulgatam

497 5616 597 5668 pro
633 5602 919 5673 Euthymio
960 5604 1247 5674 expressit.
1294 5605 1350 5659 In
1385 5619 1452 5658 eo
1481 5608 1660 5655 autem
1713 5609 1933 5658 secutus
1976 5612 2059 5659 est

499 5675 953 5744 consuetudinem
986 5675 1200 5731 illorum
1235 5685 1560 5744 temporum.

572 5740 645 5811 (b)
680 5739 879 5815 Servat
897 5749 1010 5799 hate
1038 5756 1257 5815 uterch
1283 5739 1632 5815 alasqucnsis.

571 5818 642 5883 te)
682 5812 792 5869 lnto
826 5812 914 5868 68..

2223 4836 2302 4908 (d)
2333 4836 2493 4891 Addit
2518 4849 2645 4890 vero
2676 4830 3003 4908 Eutbymius
3032 4832 3087 4887 in
3120 4832 3371 4908 linecap.
3406 4849 3483 4908 Δγιι
3513 4832 3650 4908 Joan
3706 4853 3721 4889 :

2155 4903 2301 4967 Scire
2320 4917 2492 4959 autem
2526 4912 2746 4973 oportet,
2767 4905 2901 4973 quod
2930 4920 3013 4967 ea,
3038 4920 3151 4973 qua:
3182 4904 3247 4957 ab
3272 4903 3365 4956 Itoc
3396 4905 3510 4957 loco
3526 4906 3721 4958 Imber:-

2156 4992 2431 5046 tur,usque
2463 4976 2533 5028 ad
2564 4991 2703 5046 eum,
2732 4990 2832 5041 quo
2867 4974 3079 5026 dicitur.
3117 4973 3315 5028 lterum
3347 4989 3475 5043 ergo
3509 4976 3723 5028 locutus

2153 5060 2237 5107 est
2269 5044 2371 5103 illis
2405 5044 2595 5106 Jesus,
2644 5044 2877 5116 dicens:
2915 5062 2930 5095 ι
2965 5047 3076 5116 Ego
3105 5062 3224 5103 sum
3242 5048 3335 5116 ius
3365 5048 3582 5104 tnnndi.
3615 5064 3631 5093 ι
3672 5046 3724 5096 in

2155 5115 2502 5175 erectioribus
2546 5112 2929 5182 mntplaribus
2967 5112 3054 5165 aut
3092 5129 3193 5165 non
3232 5115 3591 5171 inveniantur.
3635 5129 3723 5165 am

2157 5190 2301 5245 obelo
2345 5185 2746 5257 confossa‘sint,
2788 5200 2868 5243 eo,
2925 5190 3061 5251 quod
3120 5182 3394 5252 illegitima
3422 5186 3729 5257 rideantur

2157 5272 2206 5315 et
2236 5254 2453 5312 addita.’
2476 5254 2543 5308 Et
2581 5255 2739 5322 hujus
2760 5262 3127 5322 argumentum
3166 5263 3260 5313 est,
3294 5254 3429 5319 quod
3454 5254 3631 5306 nullus
3667 5271 3726 5305 t’u

2156 5333 2221 5385 sit
2241 5332 2630 5393 interpretatus.
2654 5324 2760 5378 Sed
2783 5324 2962 5376 minus
2985 5332 3129 5393 recte
3153 5326 3437 5376 verborum
3457 5323 3724 5393 Euthymii

2158 5391 2384 5455 sensum
2419 5395 2723 5464 percepisse
2763 5393 2980 5446 videtur
3016 5391 3336 5452 Hentenius,
3372 5391 3627 5461 quoniam
3674 5394 3725 5445 in

2160 5470 2370 5526 duobus
2421 5479 2552 5519 mss.
2614 5464 3077 5526 codicibus,buic
3124 5464 3414 5534 exemplari
3440 5465 3728 5516 admodum

2161 5538 2451 5597 similibus,
2502 5549 2639 5604 quos
2690 5542 3079 5588 commemorat
3128 5533 3292 5587 Ricb.
3335 5534 3550 5597 Simon,
3598 5534 3630 5585 Ι.
3674 5550 3725 5586 c.

2160 5625 2286 5681 pag.
2312 5606 2433 5681 {ti-3,
2465 5606 2629 5658 verba
2657 5604 2819 5681 ita-se
2846 5604 3046 5681 habent
3080 5620 3092 5656 :
3120 5604 3275 5681 Μηρξ
3309 5604 3400 5655 τὸν
3424 5604 3729 5681 ῌριισόστο-

2166 5672 2445 5800 ξιοῦὴὸλιως
2484 5674 2855 5744 μνημονεῦσαι
2906 5675 3075 5744 αὐτῷ.
3110 5673 3193 5727 Ιια
3228 5672 3474 5729 Nocssclt
3514 5676 3567 5727 iu
3608 5686 3732 5727 nem

2166 5755 2232 5800 {ut
2311 5790 2320 5800 .
2388 5787 2396 5796 .

2165 5755 2232 5802 ad
2272 5750 2320 5802 Ιι.
2362 5750 2396 5800 ι.
