4030 6514
1794 392 2218 457 ΡΒΑΞΕΛΤῙΟ.
3588 391 3667 455 34

384 398 419 461 3
1794 397 2218 457 ΡΒΑΞΡΛΤΙΟ.
3588 397 3666 455 34

344 397 568 576 fuerit,
608 508 756 565 nulla
787 508 913 565 Filii
944 507 1085 564 facta
1119 506 1403 566 mentione
1429 504 1523 579 (ε).
1557 504 1789 578 Reliqua
1820 523 1944 579 qua
1978 516 2022 576 Α
2052 516 2147 564 net
2176 520 2205 562 a
2237 503 2523 562 nonnullis
2563 502 2863 577 Euthymio
2899 503 3201 574 ascriptam
3224 543 3240 569 ,
3270 502 3434 561 Rich.
3469 504 3666 562 Simon

338 603 620 668 Euthvmii
654 604 876 663 nomine
907 602 1161 658 feruntur
1200 604 1439 673 scripta,
1479 600 1728 657 nondum
1760 602 1942 668 edita,

340 713 473 752 num
508 697 576 753 ab
598 712 663 752 eo
686 695 932 768 profecta
956 696 1088 761 sint,
1118 696 1462 769 exploratum
1492 710 1603 749 non
1645 694 1939 752 habemus.

343 788 509 845 Certe
526 790 672 861 quod
706 788 777 843 ad
810 787 1220 860 Espositionem
1245 787 1604 859 epistolarum
1634 786 1784 842 Pauli
1818 786 1946 842 atti-

420 940 487 1013 (ε)
517 940 595 997 Ita
622 940 689 996 ad
714 938 875 996 Joan.
909 957 1022 1007 siv,
1061 940 1145 996 l0.
1168 939 1235 1013 Et
1258 939 1422 1013 datur
1447 937 1727 1013 quideme
1755 934 1938 1013 Patre,

344 1008 539 1081 utpote
566 1013 633 1067 ab
653 1014 747 1066 illo
766 1013 1096 1083 procedens,
1127 1010 1371 1083 mittitur
1405 1008 1536 1083 vero
1555 1024 1585 1063 a
1611 1008 1751 1063 Filio
1780 1008 1940 1083 quasi

343 1080 671 1154 cooperans.
705 1080 779 1139 et'
794 1097 907 1137 non
936 1084 1269 1154 contrarius.
1297 1080 1566 1136 Similiter
1596 1092 1769 1154 gsv,
1798 1080 1889 1134 26.
1924 1096 1938 1132 :

348 1150 485 1209 Vide
510 1156 886 1225 autem,.quod
913 1153 1083 1209 mittit
1107 1153 1329 1224 quidem
1355 1168 1486 1209 eum
1517 1159 1574 1208 et
1595 1150 1791 1218 Filius,
1824 1160 1946 1207 tan-

2053 597 2195 655 Bibl.
2227 599 2353 654 crit.
2375 598 2446 653 de
2472 597 2556 653 Du
2595 595 2693 651 Pin
2727 597 2764 651 l.
2792 612 2843 653 c.
2869 611 2994 669 pag.
3021 596 3149 659 525.
3187 611 3285 653 eos
3308 598 3667 672 Euthymium

2053 706 2179 747 cum
2214 689 2560 749 lEcumenio
2589 698 2964 746 commutasse
2992 690 3229 761 judicat.

2049 952 2215 1007 quam
2248 934 2498 1006 ejusdem
2531 948 2656 1007 cum
2687 930 2850 988 Patre
2869 929 3140 1007 honoris;
3168 945 3378 1007 verum
3405 922 3457 985 id
3476 946 3530 1007 _a
3559 927 3671 985 Pa-

2053 999 2137 1063 t're
2192 999 2347 1078 puis,
2403 1006 2817 1078 procedentem.
2867 1002 3355 1078 Proceditjtaque
3405 1019 3437 1078 a
3476 999 3663 1078 Patre,

2055 1070 2341 1203 ιεὲηὲὶιῖιη
2384 1070 2453 1133 de
2509 1078 2632 1149 ejus
2697 1074 3035 1132 substantia.
3098 1070 3353 1129 Noestselt
3407 1076 3464 1130 in
3507 1071 3671 1129 Notis

2053 1165 2084 1203 a
2192 1188 2209 1202 .
2268 1188 2283 1203 .

352 1347 3640 1372 MM.

831 1546 1354 1642 JOANNIS

1468 1544 2089 1636 HENTENII
2204 1544 3183 1636 MECHLINIENSIS

1477 1742 1862 1808 EPISTULA
1923 1738 2518 1806 DEDICATOBIA.

1974 1940 2045 1954 κ

411 2098 788 2158 Illustrissimo
815 2112 882 2152 ac
912 2095 1375 2152 reverendissimo
1417 2095 1643 2151 domino
1678 2096 1739 2151 D.
1774 2093 1915 2148 Frau
1975 2100 2021 2160 Β
2056 2096 2282 2153 humius
2310 2097 2527 2164 consul,
2558 2097 2652 2167 qui
2676 2094 3099 2167 ignominiosam
3127 2111 3320 2168 pacem
3346 2111 3471 2152 cum
3502 2096 3667 2153 Clau-

337 2195 488 2252 cisco
545 2209 575 2248 a
635 2191 911 2247 Bovadilla
990 2192 1248 2262 episcopo
1319 2190 1627 2255 Cauriensi,
1661 2190 1931 2244 archidia-

336 2299 481 2341 cono
546 2282 833 2348 Toletano,
885 2291 989 2337 etc.
1028 2282 1271 2338 Joannes
1323 2282 1631 2338 Henteuius
1709 2280 1937 2337 Mechli-

335 2376 570 2440 niensis,
598 2374 656 2430 S.
687 2374 750 2430 ι).

410 2469 470 2525 Si
500 2471 699 2524 bonum
723 2484 790 2523 eo
817 2470 1167 2537 praestantius
1187 2484 1309 2526 esse
1333 2477 1538 2541 quanto
1564 2472 1933 2538 communius,

336 2574 505 2615 nemo
534 2568 619 2614 est
640 2560 726 2615 vel
750 2561 1101 2616 mediocriter
1117 2562 1309 2616 morali
1330 2562 1675 2632 phiIOSOphia
1701 2564 1938 2618 instruc-

335 2661 427 2709 tus
448 2653 541 2724 qui
564 2653 797 2721 dubitet,
821 2656 1017 2724 praesul
1037 2655 1398 2727 amplissime,
1421 2655 1684 2711 virtutum
1710 2674 1775 2715 ac
1796 2655 1939 2714 litte-

335 2763 523 2801 rarum
555 2747 792 2801 antistes
830 2767 843 2802 :
879 2763 992 2803 non
1017 2750 1124 2803 erit
1152 2750 1319 2804 etiam
1376 2750 1469 2820 qui
1499 2751 1761 2823 ambigat,
1782 2768 1935 2807 com-

334 2858 505 2896 mune
526 2842 733 2896 bonum
759 2842 972 2911 privato
990 2858 1112 2899 esse
1134 2846 1583 2914 praeponendum.
1607 2844 1773 2915 quue
1799 2847 1937 2902 adeo

331 2951 526 2988 verum
572 2947 679 3000 εει,
713 2945 772 2988 ut
824 2937 989 2989 etiam
1026 2935 1274 2992 Christus
1317 2940 1748 2994 sacratissimum
1789 2941 1936 2994 illam

330 3030 502 3085 vitam
552 3045 708 3085 suam
752 3029 914 3085 vilem
968 3030 1244 3097 habuerit,
1275 3047 1384 3101 quo
1434 3032 1697 3088 universo
1747 3034 1935 3104 generi

333 3127 576 3182 humano
597 3128 745 3183 salus
764 3131 1016 3196 adempta
1034 3128 1204 3195 possit
1222 3125 1457 3182 restitui.
1474 3124 1679 3181 Verum
1701 3142 1771 3183 nc
1795 3126 1940 3182 dicat

332 3222 604 3293 quispiam
639 3223 847 3278 Christi
879 3240 1066 3295 opera,
1100 3234 1292 3294 utpote
1340 3223 1553 3289 divina,
1582 3238 1936 3293 nequaquam

332 3314 389 3369 in
430 3329 724 3369 numerum
779 3330 903 3370 esse
957 3316 1253 3387 redigenda
1290 3332 1303 3369 :
1339 3332 1439 3387 age
1485 3324 1542 3370 et
1588 3316 1657 3371 ab
1700 3315 1939 3370 ethnicis

330 3421 555 3477 quoque
602 3422 808 3476 paucos
837 3407 905 3462 de
941 3406 1257 3463 innumeris
1296 3410 1627 3474 referamus,
1652 3410 1745 3478 qui
1779 3423 1936 3462 suam

332 3515 672 3571 suorumque
706 3500 875 3555 vitam
900 3502 1178 3557 communi
1204 3501 1351 3557 bono
1385 3502 1851 3574 posthabuerunt.
1882 3501 1940 3555 In

334 3595 531 3667 primis
550 3604 734 3649 autem
757 3596 998 3649 occurrit
1016 3593 1217 3649 Junius
1236 3595 1327 3649 ille
1354 3594 1573 3659 Brutus,
1596 3596 1809 3665 primus
1826 3594 1940 3651 Ro-

336 3704 514 3743 mana:
547 3687 817 3743 libertatis
869 3697 1135 3752 assertor,
1163 3687 1255 3757 qui
1320 3688 1573 3759 proprios
1609 3688 1769 3750 ﬁlios,
1794 3690 1940 3759 quod

339 3782 581 3838 fuissent
625 3780 839 3836 consilii
888 3782 956 3836 de
1002 3780 1331 3836 reducendis
1372 3780 1590 3852 regibus
1622 3782 1938 3853 participes,

339 3874 525 3930 securi
553 3873 727 3944 jussit
778 3872 992 3943 percuti
1023 3891 1037 3925 :
1066 3873 1282 3927 tametsi
1303 3888 1369 3927 ex
1396 3888 1587 3928 eorum
1616 3873 1765 3928 caede
1788 3876 1941 3945 gravi

333 3967 453 4039 ipse
488 3968 831 4022 sauciaretur
866 3965 1094 4021 vulnere
1125 3980 1141 4030 ;
1171 3965 1294 4035 quis
1326 3965 1472 4020 enim
1515 3982 1670 4021 amor
1733 3966 1941 4038 aquari

333 4061 510 4133 possit
539 4070 755 4132 patrum
789 4075 918 4131 erga
953 4058 1095 4114 lilios
1128 4060 1344 4115 amori?
1372 4060 1486 4115 Nec
1518 4061 1570 4117 id
1590 4075 1725 4116 sane
1753 4061 1939 4135 Virgi-

331 4156 469 4211 lium
509 4156 692 4218 latuit,
721 4153 818 4225 qui
849 4155 916 4210 de
945 4169 1011 4209 eo
1052 4154 1296 4226 loquitur
1328 4156 1387 4211 in
1420 4156 1572 4210 hunc
1602 4156 1828 4211 modum
1864 4173 1879 4211 :

337 4246 423 4302 Vis
456 4256 506 4301 et
542 4248 879 4317 Tarquinios,
905 4262 1050 4315 reges
1081 4247 1425 4315 animamque
1456 4245 1743 4314 superbam

340 4318 538 4375 Ultoris
573 4317 753 4380 Bruti,
779 4319 1048 4387 fascesque
1081 4318 1260 4370 videre
1292 4318 1568 4385 receptos?

337 4390 586 4445 Consulis
616 4390 899 4455 imperium
929 4390 1013 4441 hic
1039 4389 1244 4456 primus
1266 4403 1541 4459 swvasque
1570 4405 1779 4447 secures

335 4461 572 4530 Accipiet
599 4476 617 4513 :
646 4469 903 4529 natosque
931 4473 1086 4527 pater
1112 4476 1246 4512 nova
1273 4459 1410 4513 bella
1437 4470 1700 4516 moventes

335 4534 419 4585 Ad
456 4548 666 4601 plenam
692 4531 916 4600 pulchra
950 4547 1047 4597 pro
1076 4531 1319 4583 libertate
1350 4534 1555 4585 vocabit

336 4602 559 4675 Infelix,
584 4612 847 4671 utcunque
874 4602 1039 4675 ferent
1074 4618 1135 4655 ea
1168 4602 1312 4671 facta
1346 4614 1554 4669 nepotes
1575 4619 1595 4658 .°

344 4673 523 4730 Vincet
554 4690 706 4727 amor
734 4674 951 4741 patrne,
976 4673 1306 4744 laudumque
1338 4675 1601 4730 immensa
1626 4675 1835 4747 cupido.

410 4786 474 4843 P.
496 4787 693 4844 Decius
738 4785 857 4843 Mus
887 4802 1011 4842 cum
1057 4788 1285 4844 consule
1320 4785 1388 4841 T.
1417 4788 1620 4845 Manlio
1654 4789 1937 4862 Torquato

336 4892 530 4939 contra
563 4882 789 4937 Latinos
820 4898 1090 4953 pugnans,
1118 4898 1242 4938 cum
1266 4898 1597 4953 responsum
1630 4894 1778 4941 esset
1810 4902 1935 4940 ora-

338 4977 487 5045 culo,
520 4976 697 5031 utrius
723 4985 999 5031 exercitus
1030 4976 1331 5047 imperator
1380 4977 1620 5048 legiones
1668 4979 1937 5047 hostium,

337 5085 511 5143 seque
556 5085 725 5141 super
769 5085 864 5125 eas
898 5070 1232 5135 devovisset,
1258 5072 1378 5143 ejus
1424 5071 1617 5143 populi
1651 5074 1935 5145 partisque

337 5169 456 5225 fore
492 5165 774 5222 victoriam
810 5185 822 5219 :
854 5181 911 5221 se
945 5165 1125 5236 ipsum
1175 5182 1277 5236 pro
1327 5169 1611 5224 communi
1660 5172 1937 5228 exercitus

338 5260 513 5317 salute
553 5258 795 5313 devovit.

412 5353 672 5423 idemque
707 5351 835 5406 fecit
862 5350 1006 5407 filius
1034 5352 1154 5424 ejus
1184 5353 1379 5408 eodem
1413 5355 1718 5425 appellatus
1752 5357 1937 5412 nomi-

336 5464 432 5512 ne,
459 5462 585 5501 cnm
611 5447 721 5517 jam
758 5446 976 5501 tertium
1019 5447 1211 5501 consul
1251 5447 1469 5511 fuisset.
1496 5451 1777 5521 semelque
1805 5466 1937 5507 cen-

339 5558 431 5598 sor
466 5562 479 5597 :
512 5558 746 5614 quorum
778 5542 941 5596 etiam
974 5542 1058 5597 his
1087 5542 1268 5597 verbis
1296 5552 1459 5613 poeta
1495 5545 1747 5599 meminit
1786 5563 1801 5600 :

338 5636 473 5703 Quin
509 5637 691 5708 Decios
727 5636 1027 5707 Drusosque
1057 5638 1239 5696 simul.
1268 5656 1569 5708 sa'uumque
1602 5641 1775 5693 securi

338 5710 527 5777 Aspice
561 5707 887 5780 Torquatum
922 5719 970 5762 et
1012 5711 1323 5781 referentem
1356 5714 1513 5781 signa
1544 5710 1858 5767 Camillum.

409 5821 623 5878 Marcus
665 5822 887 5878 Curtius
916 5833 1179 5894 praeterea
1215 5825 1285 5880 ob
1323 5825 1505 5897 populi
1541 5828 1771 5883 salutem
1814 5844 1935 5884 sese

337 5930 479 5983 equo
539 5912 815 5969 invectum
850 5916 903 5969 in
955 5924 1113 5971 terra:
1155 5917 1364 5973 hiatum
1398 5919 1613 5992 injecit.
1650 5921 1747 5994 Sp.
1775 5920 1934 5979 Post-

2043 2190 2144 2265 dio
2169 2191 2365 2246 Pontio
2409 2190 2740 2245 Samnitium
2771 2191 2913 2245 duce
2941 2190 3007 2244 ad
3041 2189 3226 2245 furcas
3262 2190 3543 2245 Caudinas
3569 2207 3671 2261 pe—

2044 2287 2332 2355 pigeratac
2352 2287 2744 2355 spoponderat,
2762 2293 2955 2339 auctor
2980 2283 3081 2338 fuit
3108 2284 3351 2348 senatui,
3369 2294 3428 2339 ut
3453 2300 3513 2340 se
3541 2300 3669 2339 cum

2042 2378 2247 2448 collega
2271 2393 2335 2432 ac
2371 2377 2610 2431 tribunis
2642 2379 2732 2447 qui
2770 2388 3031 2432 auctores
3063 2377 3384 2446 sponsionis
3418 2378 3664 2441 fuerant,

2040 2485 2139 2539 per
2171 2469 2417 2524 l'mciales
2467 2472 2647 2524 nudos
2684 2471 3010 2539 vinctosque
3045 2468 3392 2524 Samnitibus
3423 2471 3673 2535 dederet,

2042 2577 2152 2631 quo
2183 2563 2420 2633 p0pulus
2455 2561 2735 2618 Romanus
2770 2564 2838 2617 ab
2872 2562 2962 2617 illa
3004 2578 3139 2634 pace
3189 2565 3518 2619 solveretur.

2114 2655 2180 2721 ρ.
2231 2656 2480 2714 Ceditius
2539 2658 2799 2711 tribunus
2875 2648 3139 2722 militum,
3210 2672 3378 2727 quem
3452 2658 3674 2715 videtur

2043 2748 2202 2804 Titus
2254 2748 2444 2806 Livius
2472 2750 2873 2821 Calphurnium
2902 2751 3207 2806 Flammam
3238 2766 3460 2818 vocare,
3490 2752 3674 2821 primo

2043 2844 2186 2899 hcllo
2222 2843 2432 2900 Punico
2480 2862 2605 2900 cum
2665 2845 3087 2917 quadringentis
3137 2847 3433 2912 militibus,
3462 2844 3573 2909 vel,
3605 2851 3669 2901 ut

2045 2938 2214 2991 habet
2246 2937 2454 3001 Livius,
2491 2955 2619 2994 cum
2651 2940 2938 3003 trecentis,
2968 2939 3077 2995 nisi
3113 2941 3365 2995 fortassis
3396 2939 3488 2994 hic
3529 2941 3673 2995 alius

2044 3029 2228 3095 fuerit,
2262 3032 2426 3085 morti
2488 3047 2546 3087 se
2600 3033 2823 3087 tradidit
2859 3052 2872 3088 :
2901 3043 2961 3088 ut
2991 3033 3122 3088 dum
3158 3034 3214 3088 in
3247 3048 3365 3099 eos,
3396 3033 3671 3088 tumulum

2048 3124 2349 3191 quemdam
2423 3125 2726 3194 capientes,
2793 3135 3178 3182 averterentur
3238 3127 3428 3181 hostes
3495 3126 3675 3197 legio-

2043 3232 2144 3271 nes
2192 3232 2318 3271 cum
2376 3217 2699 3273 consulibus
2754 3219 3166 3285 circumventae,
3214 3220 3520 3276 incolumes
3602 3234 3673 3275 ex

2056 3310 2350 3365 obsidione
2430 3311 2696 3376 liberatae,
2724 3312 3152 3382 pertransirent.
3180 3312 3371 3367 Simile
3448 3327 3672 3383 quoque

2049 3404 2159 3475 egit
2184 3403 2383 3459 Decius
2412 3406 2668 3461 tribunus
2691 3406 2931 3460 militum
2957 3422 3083 3461 cum
3106 3408 3335 3461 consule
3358 3407 3418 3462 P.
3448 3405 3671 3464 Valerio

1969 3466 2015 3525 C
2049 3466 2310 3559 cervino,
2336 3496 2563 3565 junctus
2618 3497 2852 3551 hastatis
2879 3497 3296 3568 uniuslegionis
3332 3498 3669 3570 (quanquam

2048 3588 2149 3642 hos
2194 3587 2411 3643 fortuna
2450 3588 2789 3659 liberaverit)
2818 3605 2889 3644 ne
2925 3590 3113 3645 hostes
3146 3588 3453 3645 Samnites‘
3476 3593 3530 3645 in
3572 3607 3669 3647 eos

2046 3688 2377 3752 pugnarent.
2422 3680 2571 3736 Inter
2616 3680 3070 3738 Lacedaemonios
3116 3683 3313 3755 ingens
3362 3693 3449 3739 est
3498 3685 3669 3755 hujus

2046 3774 2195 3829 modi
2259 3774 2416 3845 copia
2474 3774 2855 3845 exemplorum
2912 3791 3158 3830 :verum
3216 3775 3475 3846 praecipui
3542 3791 3667 3831 sese

2046 3867 2184 3922 mihi
2220 3868 2465 3922 offerunt
2496 3867 2659 3923 Buris
2688 3877 2741 3923 et
2776 3868 3015 3939 Spartis,
3048 3870 3141 3939 qui
3168 3870 3236 3924 ad
3277 3869 3497 3923 Xerxen
3531 3869 3667 3925 Per-

2049 3975 2236 4015 sarum
2262 3974 2446 4031 regem
2464 3970 2662 4029 sponte
2682 3959 2912 4031 profecti
2934 3970 3066 4014 sunt
3084 3977 3098 4013 :
3114 3959 3293 4015 daturi
3319 3974 3514 4030 pmnas
3528 3974 3666 4029 quas

2049 4051 2456 4108 Lacedaemonii
2479 4054 2638 4124 juxta
2685 4054 2969 4109 oraculum
3003 4054 3248 4125 pendere
3286 4053 3669 4119 debebant,eo

2044 4148 2191 4218 quod
2225 4145 2490 4203 Oratores
2528 4164 2557 4203 a
2591 4148 2755 4204 Persa
2789 4149 2990 4205 missos
3040 4149 3398 4204 occidissent.
3428 4147 3495 4202 Hi
3532 4163 3667 4222 ergo

2050 4253 2177 4294 cum
2210 4238 2278 4292 ad
2308 4237 2528 4293 Xerxen
2572 4240 2876 4308 venissent,
2908 4240 3199 4310 jusserunt
3230 4248 3294 4294 ut
3321 4255 3381 4295 se
3409 4256 3665 4310 quocuno

2044 4346 2152 4401 que
2190 4331 2356 4387 modo
2391 4332 2696 4399 videretur,
2731 4347 2832 4403 pro
2892 4332 3330 4388 Lacedzemoniis
3384 4332 3665 4389 interﬁce-

2044 4433 2148 4480 ret.
2206 4423 2456 4495 Cumque
2487 4441 2584 4480 rex
2616 4428 2878 4495 pietatem
2934 4426 2990 4481 in
3042 4426 3294 4494 patriam
3334 4428 3664 4496 admiratus,

2046 4517 2473 4589 animorumque
2495 4517 2904 4585 fortitudinem,
2924 4520 3216 4577 liberasset
3247 4520 3370 4577 illos
3395 4538 3426 4576 a
3473 4537 3660 4592 pmna,

2042 4621 2366 4684 peteretque
2414 4623 2476 4671 ut
2511 4614 2659 4685 apud
2699 4630 2760 4671 se
2806 4626 3101 4672 manerent
3134 4617 3276 4684 :Qui
3340 4634 3661 4687 possumus,

2055 4706 2335 4774 inquiunt,
2368 4706 2459 4764 hic
2490 4710 2698 4775 vivere,
2730 4708 2922 4765 relicta
2959 4709 3158 4781 patria,
3191 4712 3499 4781 patriisque
3528 4712 3663 4785 legi-

2046 4798 2151 4855 bus
2177 4816 2242 4855 ac
2261 4800 2413 4865 viris,
2446 4818 2682 4871 quorum
2711 4804 2885 4875 gratia
2909 4813 3126 4860 tantum
3154 4807 3261 4861 iter
3312 4809 3664 4877 suscepimus

2046 4892 2301 4947 morituri
2331 4893 2353 4946 ?
2388 4892 2533 4961 Quid
2575 4896 2739 4951 Codri
2774 4897 3200 4953 Atheniensium
3235 4900 3381 4969 regis
3424 4909 3659 4954 mortem

2045 4988 2308 5054 referam,
2341 4990 2435 5059 qui
2499 5006 2625 5044 cum
2681 4991 2896 5047 videret
2958 4992 3240 5065 regionem
3297 5010 3456 5049 suam
3514 4998 3663 5051 ferro

2044 5081 2278 5155 ignique
2312 5084 2543 5150 vastari,
2576 5100 2681 5141 nec
2714 5086 2825 5143 alio
2857 5088 3021 5142 modo
3044 5088 3201 5159 juxta
3234 5088 3505 5159 Apollinis
3534 5106 3661 5146 ora-

2052 5178 2247 5233 culum
2281 5188 2392 5234 tam
2425 5196 2591 5250 grave
2632 5181 2838 5237 bellum
2892 5183 3096 5238 discuti
3146 5193 3359 5255 posset,
3392 5186 3494 5239 nisi
3543 5186 3662 5255 ipse

2042 5271 2289 5327 hostium
2318 5289 2487 5328 manu
2518 5275 2835 5338 occidisset,
2862 5276 3027 5345 idque
3053 5292 3161 5332 non
3197 5278 3379 5332 solum
3438 5278 3492 5331 in
3530 5280 3662 5333 totis

2049 5364 2482 5422 Atheniensium
2528 5368 2746 5436 castris,
2774 5368 2871 5424 sed
2910 5371 3075 5425 etiam
3114 5371 3171 5425 in
3207 5372 3503 5426 contrariis
3532 5386 3664 5442 per-

2042 5459 2372 5527 crebuisset,
2404 5461 2643 5533 ideoque
2701 5462 2945 5519 edictum
2998 5474 3168 5529 esset,
3197 5480 3268 5519 ne
3314 5466 3439 5535 quis
3489 5464 3658 5521 Codri

2048 5570 2255 5623 corpus
2310 5555 2655 5623 vulneraret,
2723 5556 2988 5626 depositis
3040 5558 3257 5629 imperii
3321 5559 3655 5628 insignibus,

2050 5646 2380 5702 familiarem
2413 5649 2591 5704 induit
2618 5650 2851 5716 cultum,
2881 5666 2945 5706 ac
2976 5651 3282 5722 palantium
3323 5652 3487 5724 globo
3532 5668 3658 5707 sese

2044 5739 2268 5807 objecit,
2300 5756 2583 5812 unumque
2639 5760 2707 5798 ex
2756 5744 2844 5799 his
2890 5745 3029 5800 falce
3080 5761 3405 5815 percussum
3461 5747 3517 5801 in
3569 5748 3657 5803 sui

2044 5832 2250 5887 caedem
2283 5836 2570 5905 compulit,
2598 5847 2657 5891 ut
2697 5836 2933 5907 patriam
2968 5848 3249 5906 servaret;
3282 5840 3450 5909 hujus
3480 5841 3655 5911 siqui-

2044 5925 2169 5984 dem
2214 5926 2464 5999 interitu,
2489 5944 2560 5985 ne
2599 5931 2828 5988 Athenae
2878 5932 3195 6007 occiderent
3245 5934 3504 5991 eﬂ’ectum
3548 5944 3657 5993 cst.
