4030 6452
459 440 530 501 35
1875 423 2287 488 PR.EFATIO.
3624 413 3710 476 3G

531 544 664 599 lluic
693 541 802 614 jam
837 542 914 596 rei
950 541 1108 595 linem
1161 537 1524 609 imp-«nanusi
1577 534 1727 606 prius
1773 532 2086 598 homiiiisA
2112 546 2238 586 men
2291 543 2416 584 cum
2481 526 2714 598 posteris
2769 526 2905 583 adeo
2965 525 3095 582 utile
3129 540 3193 581 ac
3247 523 3708 614 amplectenduiti

456 634 682 696 ethnici,
717 649 912 700 nempe
955 629 1234 686 Ciceronis
1274 627 1350 681 De
1397 629 1598 680 somnio
1654 624 1911 693 Scipionis
1934 625 2015 678 di-

452 740 602 782 ctum
631 741 756 778 vere
784 724 1151 779 Christianum
1195 722 1263 775 de
1296 723 1601 774 communis
1628 717 1755 771 boni
1803 716 2011 786 magni-

461 819 645 874 tudine
667 817 920 880 retulero,
949 814 1038 882 qui
1067 815 1145 867 sic
1162 813 1237 866 ait
1276 831 1287 864 :
1327 829 1344 862 ι
1375 809 1492 875 ριιο
1521 807 2013 870 sis,.-\fricaue,ala-

459 911 604 965 crior
625 910 689 963 ad
715 911 987 961 tutandam
1020 905 1429 974 rempublicam,
1466 904 1543 956 sic
1571 902 1766 954 habeto
1794 917 1804 950 :
1835 899 2014 952 omni-

459 1006 559 1058 bus
581 1003 670 1071 qui
694 1002 918 1070 patriam
941 997 1393 1055 conservaverint.
1421 994 1727 1063 adjuvcrint
1743 993 2013 1053 auxerint,

457 1076 665 1148 certoin
691 1105 810 1145 esse
849 1091 902 1142 in
923 1089 1062 1143 cutio
1097 1103 1159 1142 ac
1191 1086 1470 1140 deﬁnitum
1505 1084 1706 1144 locum,
1727 1082 1818 1136 tibi
1867 1081 2012 1134 beati

459 1199 574 1236 aevo
589 1185 921 1252 sempiterno
941 1181 1204 1233 fruantur.
1223 1197 1238 1227 i
1259 1175 1403 1229 Nihil
1424 1173 1660 1227 estenim
1679 1173 1750 1225 illi
1777 1171 1904 1236 Deo,
1923 1170 2013 1238 qui

456 1291 672 1328 omnem
704 1279 845 1327 hunc
873 1271 1130 1325 mundum
1165 1268 1317 1336 regit,
1345 1268 1487 1336 quod
1514 1266 1730 1335 quidem
1775 1265 1824 1317 in
1859 1264 2016 1315 terris

457 1369 572 1429 liat,
606 1364 900 1432 acceptius.
931 1377 1089 1421 quam
1117 1359 1345 1412 concilia
1400 1367 1680 1424 cwtusqtte
1732 1353 2012 1408 hominum

451 1460 574 1522 jure
603 1456 812 1514 sociati,
841 1468 959 1521 qua:
980 1453 1264 1505 societates
1292 1451 1631 1518 appellantur
1662 1466 1675 1499 :
1708 1447 1897 1500 hat-uni
1927 1462 2013 1500 rc-

455 1558 633 1600 ctores
659 1558 712 1599 et
740 1552 1148 1598 conservatores
1183 1541 1306 1593 hinc
1331 1539 1573 1606 prol'erli.
1599 1544 1704 1592 huc
1729 1548 2011 1592 reverten-

459 1648 566 1690 tur.
598 1635 689 1688 llis
715 1637 894 1704 igitur,
925 1635 1012 1701 qui
1043 1632 1127 1686 vel
1152 1632 1359 1698 seipsos
1390 1631 1601 1683 fortiter
1626 1645 1720 1698 pro
1742 1630 2014 1699 republica

461 1727 618 1778 morti
651 1726 1004 1781 tradileruiit.
1038 1724 1211 1775 autin
1252 1723 1370 1787 ejus
1402 1722 1685 1774 utilitatem
1713 1732 1880 1774 artem
1914 1720 2012 1772 ali-

458 1832 618 1886 quam
650 1816 995 1884 quantumvis
1016 1816 1176 1866 etiam
1207 1813 1521 1865 illiberalem
1546 1827 1607 1866 ac
1632 1813 2008 1871 sedentariam,

460 1910 573 1958 sive
602 1905 880 1973 quidpiam
908 1904 959 1956 in
983 1919 1044 1956 ea
1073 1903 1405 1972 principunm
1441 1915 1754 1972 gratumque
1782 1904 2012 1972 posteris
2043 1891 2086 1948 Β

459 1999 874 2059 adinvcneruiit,
908 1995 1046 2047 vices
1083 1997 1377 2063 rependere
1408 1997 1630 2064 cupiens
1671 1997 1963 2063 antiquitas
1996 2011 2011 2051 :

459 2099 512 2142 et
535 2105 638 2156 qua
662 2088 864 2151 liceret,
892 2095 1203 2155 perpetuam
1226 2101 1413 2139 eorum
1441 2087 1752 2139 memoriam
1780 2087 1845 2140 ab
1872 2086 2011 2140 inte.-

459 2183 566 2233 ritu
595 2177 1105 2241 vindicare,statuas
1126 2190 1294 2230 aereas
1317 2191 1408 2228 seu
1439 2191 1735 2230 niariiiort'a
1768 2176 2015 2243 sepulcra

461 2271 654 2325 erexit.
682 2268 950 2324 Praeterea
984 2267 1324 2321 ethnicorum
1360 2268 1524 2320 libros
1558 2271 1760 2337 ingenti
1803 2271 2014 2322 redem-

459 2375 581 2433 ptos
612 2363 785 2432 pretio
814 2377 1006 2430 magna
1043 2361 1143 2413 lide
1179 2359 1264 2411 vel
1295 2361 1557 2428 religione
1589 2371 1766 2425 ||0l|uS
1807 2360 2011 2413 descri-

459 2452 858 2524 ptos.eetlrinis
908 2451 1146 2504 inclusos
1209 2450 1468 2518 capsulis,
1499 2459 1608 2502 tuin
1662 2450 1805 2504 cedri
1853 2466 2015 2504 succo

457 2547 671 2607 oblitos,
695 2543 898 2612 posteri
931 2542 982 2594 in
1023 2542 1236 2608 templis
1274 2542 1584 2594 cautissime
1620 2543 1955 2610 reperiebant
1997 2560 2010 2595 :

459 2637 649 2706 partim
695 2646 754 2688 ut
798 2634 871 2688 rei
916 2644 1020 2687 tant
1051 2647 1236 2689 sacrae.
1266 2644 1480 2701 tamque
1528 2633 1724 2688 divitia:
1774 2634 2015 2686 custodia

458 2745 565 2782 tton
596 2729 717 2781 aliis
742 2743 900 2797 quam
927 2728 1054 2796 ipsis
1079 2727 1388 2780 numinibus
1409 2728 1862 2781 concrederewr:
1893 2742 2014 2795 par-

462 2819 558 2870 tim
593 2833 660 2870 uc
693 2817 820 2886 quid
855 2816 993 2869 situs
1025 2824 1118 2868 aut
1158 2817 1332 2870 caries
1374 2816 1462 2869 illa
1492 2829 1840 2870 monumenta
1863 2819 2016 2869 vitia-

460 2919 560 2962 ret.
589 2909 692 2961 Alii
716 2923 783 2962 ne
838 2908 938 2960 hac
968 2907 1182 2976 quidem
1207 2907 1445 2960 contenti
1471 2908 1765 2977 diligentia,
1797 2907 2016 2961 codices

456 3017 555 3055 ceu
599 3001 906 3055 thesaurum
949 2999 1424 3068 incomparabilem
1458 2999 1512 3051 in
1545 2999 1820 3053 altissimis
1863 3008 2017 3052 terrae

457 3093 676 3146 latebris
725 3093 1091 3146 recondebam
1125 3100 1274 3145 tanta
1323 3105 1474 3155 cura,
1500 3100 1558 3144 ιιι
1590 3105 1690 3144 nec
1731 3090 2013 3151 incendiis,

2114 620 2424 690 reliquisset
2475 633 2636 688 opus,
2678 628 2826 672 tanta
2873 617 2975 672 l'uit
3004 615 3171 670 animi
3215 600 3479 668 modestia
3536 613 3707 682 quod

2113 715 2275 768 etiam
2309 711 2510 782 passim
2545 726 2611 765 ex
2633 711 2754 779 ejus
2783 709 3002 777 scriptis
3023 708 3142 762 luce
3170 706 3372 762 clarius
3406 715 3483 760 est
3546 721 3696 774 pcr—

2114 805 2325 875 Spiccre
2357 814 2411 858 ut
2442 803 2544 857 sibi
2578 802 2630 856 id
2664 802 2804 855 adeo
2836 816 2943 854 non
2981 799 3364 860 vindicaverit,
3397 799 3542 866 quod
3571 815 3699 851 nec

2116 895 2397 965 proprium
2421 909 2621 948 nomen
2648 892 3013 962 adjii-iendum
3034 891 3333 953 censuerit,
3367 890 3461 944 sed
3491 887 3685 958 Chry-

2115 987 2337 1042 sostomi
2368 985 2550 1056 potius
2579 1000 2701 1038 cum
2753 983 2988 1049 eieteris,
3047 996 3279 1052 quorum
3321 983 3550 1050 ingenue
3607 982 3705 1032 fa-

2116 1079 2332 1131 tebatur
2359 1091 2480 1130 esse
2513 1075 2816 1146 potissima,
2858 1089 2979 1143 qua:
3014 1073 3070 1126 in
3103 1088 3269 1126 unum
3304 1073 3419 1142 ipse
3472 1071 3646 1140 colleg
3680 1081 3702 1124 t

2113 1184 2422 1239 quanquam
2470 1179 2523 1222 et
2555 1167 2668 1236 ipse
2697 1182 2798 1222 suo
2839 1175 3012 1221 marte
3042 1166 3274 1236 plurima
3303 1178 3422 1232 quin
3461 1172 3516 1218 et
3544 1178 3699 1232 prae-

2113 1261 2447 1316 stantissima
2490 1269 2668 1323 erant,
2725 1261 3070 1330 adjunxerat,
3125 1266 3185 1312 ut
3237 1256 3366 1310 hinc
3424 1257 3699 1322 conjicias

2114 1361 2374 1422 quantum
2402 1350 2584 1404 animo
2619 1349 2992 1406 dissideretab
3013 1349 3075 1403 iis
3103 1349 3196 1417 qui
3230 1347 3284 1401 in
3306 1347 3526 1400 inodum
3558 1361 3696 1400 cor-

2115 1445 2309 1496 ιιὶι-ιιιευ
2333 1443 2524 1495 alienis
2548 1456 2668 1496 sese
2701 1451 2896 1495 ornant
2915 1455 2978 1494 ac
3006 1439 3284 1495 venditant
3323 1437 3698 1508 plnniisJ’lu-

2118 1535 2273 1588 timis
2321 1547 2450 1586 sane
2483 1543 2674 1585 auctor
2711 1532 2799 1586 hic
2852 1532 3017 1586 fuisse
3044 1531 3257 1585 videtur
3314 1528 3694 1584 (Ecuineitius

2114 1631 2178 1693 is,
2213 1630 2303 1699 qui
2332 1630 2438 1681 sint
2467 1629 2533 1682 lia
2569 1627 2973 1682 Coninicniaria
3027 1643 3089 1680 ex
3118 1626 3320 1680 eisdem
3346 1624 3559 1694 collegit
3591 1640 3698 1678 :tll-

2112 1723 2376 1784 cioribus,
2425 1724 2478 1776 in
2535 1723 2668 1775 Acta
2708 1722 3091 1789 apostolorum,
3135 1719 3190 1772 in
3242 1716 3512 1787 Epistolas
3561 1732 3689 1786 quin

2113 1815 2408 1868 Catholicae
2432 1821 2844 1882 nuncupantur,
2888 1826 2951 1864 ac
2985 1811 3035 1863 iii
3070 1809 3328 1865 Panlinas
3361 1824 3575 1872 omnes,
3627 1816 3692 1861 ut

2115 1909 2279 1961 certis
2310 1906 2632 1975 quibusdam
2652 1903 2985 1974 argumentis
3020 1902 3310 1973 colligitur,
3335 1901 3547 1956 etiamsi
3585 1916 3690 1955 nec

2115 2002 2189 2054 ibi
2220 1999 2458 2053 voluerit
2491 2013 2648 2052 suum
2677 2012 2876 2050 nomen
2933 1996 3240 2064 exprimere
3277 2012 3292 2048 :
3343 2009 3446 2063 qua
3502 1994 3571 2048 de
3626 2007 3688 2047 re

2117 2091 2363 2160 pluribus
2405 2103 2648 2158 agemus,
2681 2103 2804 2142 cum
2838 2096 3040 2140 tomum
3093 2087 3242 2140 illum
3273 2087 3505 2139 alterum
3555 2100 3687 2154 pro-

2120 2182 2332 2249 peiliem
2393 2182 2445 2233 iii
2489 2180 2666 2234 lucem
2727 2179 3002 2234 dabimus.
3048 2177 3203 2232 llu'nc
3265 2180 3448 2248 itaque
3501 2178 3687 2232 Graeca

2117 2289 2283 2325 manu
2328 2272 2664 2340 descriptum
2695 2282 2819 2325 ante
2847 2271 3043 2324 multas
3093 2280 3280 2325 aetates
3325 2270 3467 2340 quod
3495 2280 3690 2340 praeter

2118 2366 2262 2432 ipsas
2288 2366 2746 2433 evangelistaruiii
2792 2378 2934 2417 novo
2982 2364 3142 2417 modo
3183 2362 3688 2431 depictas,jamque

2117 2455 2506 2524 propemodum
2573 2462 2843 2508 vetustate
2899 2454 3103 2508 deletas
3154 2453 3437 2523 imagines,
3495 2453 3684 2508 multis

2119 2548 2274 2600 nobis
2304 2547 2639 2617 argumentis
2670 2547 2907 2600 innotuit
2932 2563 3051 2599 cum
3083 2561 3210 2598 casu
3244 2545 3570 2614 reperissent
3629 2545 3686 2597 in

2119 2637 2444 2691 bibliotheca
2483 2638 2720 2691 cninohii
2757 2637 2998 2706 Deipara:
3033 2636 3271 2706 Virginis
3296 2651 3324 2689 a
3351 2636 3686 2704 Guadalupe,

2117 2728 2326 2781 ordinis
2375 2728 2482 2782 divi
2511 2727 2822 2797 Hieronymi
2869 2728 2921 2780 iii
2956 2743 3121 2797 regno
3168 2728 3437 2792 Castellie,
3492 2727 3544 2780 in
3583 2743 3688 2796 qua

2119 2822 2423 2873 etiamnum
2458 2821 2735 2874 delitescit
2770 2838 2784 2874 :
2828 2831 2885 2873 ut
2924 2831 3050 2873 sunt
3079 2821 3198 2888 ejus
3249 2821 3500 2884 sodalitii,
3549 2835 3688 2889 prte-

2118 2912 2304 2962 sertim
2346 2920 2526 2962 autem
2559 2909 2899 2963 celeberrimi
2927 2910 3071 2962 illius
3103 2909 3415 2962 monasterii
3445 2909 3688 2964 coenobi-

2121 3007 2211 3063 ιω,
2245 3015 2348 3051 non
2382 3001 2542 3053 modo
2566 3001 2892 3054 Christianae
2941 3012 3137 3053 nostra:
3169 3000 3459 3070 religionis,
3497 3015 3686 3055 verum

2118 3091 2280 3144 etiam
2315 3093 2886 3160 praestantissimorum
2913 3108 3129 3161 semper
3157 3105 3471 3158 auctorum,
3515 3094 3688 3162 potis-

459 3200 560 3236 iiec
593 3183 856 3236 bellorum
896 3183 1166 3251 procellis,
1189 3181 1387 3251 quibus
1414 3181 1595 3234 omnia
1635 3196 1786 3234 sacra
1832 3179 2012 3248 profa-
2043 3218 2087 3274 C
2121 3184 2316 3236 simum
2353 3193 2530 3237 tamen
2562 3195 2826 3246 veterum,
2877 3185 3276 3254 diligentissimi
3311 3187 3690 3238 observatores

459 3291 631 3343 usque.
655 3275 828 3328 solent
848 3275 1080 3334 misceri,
1107 3274 1410 3334 interirent.
1429 3284 1478 3326 et
1499 3273 1730 3341 posteris
1747 3283 1894 3327 certe
1924 3288 2014 3326 su-

458 3375 761 3437 peressent.
797 3367 961 3418 l’orro
996 3367 1038 3418 si
1069 3366 1155 3419 hic
1186 3367 1360 3419 honos
1394 3373 1475 3418 est
1509 3367 1724 3418 habitus
1749 3365 2012 3432 supersti-

459 3459 612 3512 tiosis
641 3440 801 3511 etiam
851 3458 1230 3520 voluminibus,
1255 3457 1638 3511 veluti'Nuiiize
1680 3472 1743 3511 ac
1782 3455 2013 3525 S}bliit£,

459 3560 551 3603 aut
575 3565 750 3602 l'et‘lllll
783 3551 851 3603 ab
879 3551 1188 3604 hominibus
1218 3560 1488 3622 gestarum
1519 3551 1836 3603 memoriam
1860 3563 2012 3602 com-

456 3643 838 3707 plecteiitibus,
861 3643 1046 3711 quales
1064 3641 1602 3712 erantJEgyptiorum
1625 3641 1746 3694 libri
1776 3658 1789 3691 :
1816 3652 1906 3692 aut
1923 3639 2023 3693 ali:

457 3749 620 3801 quam
676 3735 925 3787 humana:
977 3734 1254 3802 sapientiae
1303 3732 1604 3801 portionem
1658 3731 2012 3792 tradentibus,

458 3825 625 3879 veluti
678 3824 914 3880 Platonis
961 3836 1014 3879 et
1063 3825 1359 3879 Aristotelis
1389 3842 1402 3878 :
1431 3833 1632 3892 quanto
1681 3824 1880 3893 justius
1935 3831 2017 3874 est

457 3915 594 3968 idem
631 3914 807 3968 facere
858 3914 1192 3968 Christianos
1227 3915 1282 3967 iit
1317 3913 1596 3968 servandis
1648 3913 1857 3965 illorum
1904 3928 2017 3964 mo-

456 4006 731 4060 numentis
758 4007 780 4059 ‘i
810 4009 898 4074 qui
925 4022 1077 4060 sacro
1108 4007 1269 4059 aillati
1297 4005 1519 4074 Spiritu,
1550 4020 1657 4060 non
1691 4013 1796 4058 tam
1826 4004 2012 4068 libros,

457 4115 617 4166 quam
643 4097 859 4152 oracula
880 4098 1037 4151 nobis
1064 4097 1420 4166 reliquerunt,
1466 4097 1666 4165 quibus
1692 4095 2012 4160 lectitandis,

460 4199 650 4257 pectus
684 4203 792 4240 non
837 4187 1086 4240 doetrln'a
1131 4190 1303 4239 solum
1342 4195 1435 4238 aut
1477 4186 1691 4240 dicendi
1745 4186 2016 4250 facultate,

460 4283 551 4335 sed
583 4281 865 4335 virtutibus
887 4298 948 4336 ac
978 4282 1176 4351 pietate
1201 4297 1320 4352 erga
1348 4281 1513 4336 Deum
1540 4282 1864 4353 impleatur:
1897 4300 2017 4339 cum

459 4381 604 4425 certe
623 4373 958 4426 ethnicorum
977 4372 1232 4426 libroruin
1268 4376 1475 4441 jactura
1501 4372 1552 4427 id
1578 4383 1781 4430 tantum
1805 4375 2018 4442 ell'iciat,

461 4473 519 4518 ut
549 4465 726 4515 miuns
768 4462 961 4517 eruditi
1010 4467 1199 4526 simus,
1221 4474 1314 4517 aut
1352 4465 1530 4518 minus
1550 4465 1884 4534 eloquentes,
1914 4483 2019 4522 non

464 4566 519 4607 et
547 4555 724 4608 minus
760 4555 854 4624 pii.

535 4646 591 4699 lii
629 4646 712 4698 his
754 4648 931 4714 itaque
962 4646 1052 4714 qui
1098 4655 1342 4699 veterum
1377 4653 1659 4701 auctorum
1709 4663 1770 4702 'ic
1805 4647 2026 4704 Patrum

463 4734 663 4800 scripta
679 4732 829 4785 nobis
844 4736 1196 4796 tradiderunt,
1216 4738 1445 4790 maxime
1460 4749 1636 4791 autem
1657 4739 2024 4810 Cbrysostomi

463 4838 571 4889 quo
606 4837 766 4875 nemo
798 4824 852 4875 in
887 4825 1204 4877 enarrandis
1241 4825 1408 4880 sacris
1457 4829 1819 4884 voluminibus
1851 4831 2028 4886 dexte-

466 4913 577 4964 rius
600 4921 840 4967 versatus
859 4923 960 4979 est,
982 4924 1034 4968 et
1053 4931 1158 4983 quo
1178 4918 1448 4972 neminem
1478 4919 1722 4975 invenias
1752 4924 1922 4992 magis
1935 4939 2025 4978 ac-

466 5004 864 5058 couimodatum
899 5006 983 5059 liis
1007 5007 1097 5074 qui
1131 5007 1197 5060 ad
1221 5012 1780 5066 niunusconcionandi
1800 5029 1918 5067 sese
1936 5031 2027 5083 pa-

472 5104 592 5146 rant
615 5110 722 5148 non
759 5098 1088 5164 posteriores
1124 5100 1245 5153 tulit
1272 5097 1490 5153 Grtecus
1529 5103 1745 5170 quidam
1781 5116 1972 5159 auctor
2009 5123 2022 5158 :

469 5189 559 5254 qui
621 5202 854 5242 cernens
896 5201 1102 5244 veteres
1159 5206 1343 5248 sacros
1369 5202 1616 5248 auctores
1663 5205 1716 5250 et
1758 5199 2028 5268 prmcipue

469 5295 563 5331 eos
583 5279 675 5347 qui
709 5280 1000 5348 plurimum
1029 5281 1402 5337 laboraverant
1436 5287 1489 5338 iii
1513 5290 1831 5342 etiarraiidis
1857 5305 2026 5344 evan-

471 5375 654 5443 gelicae
700 5374 963 5428 doctrina:
1000 5375 1151 5430 libris
1209 5379 1275 5431 ad
1306 5395 1467 5447 quant
1503 5383 1803 5437 docendam
1861 5384 2026 5439 Filius

474 5465 566 5517 itei
598 5467 660 5516 ad
701 5475 897 5519 terrain
952 5466 1306 5523 descenderat
1336 5487 1671 5541 nequaquam
1707 5491 1802 5543 pro
1834 5479 2026 5530 mei-ito

471 5556 700 5610 lqctitari
722 5558 870 5612 :sive
892 5558 944 5612 id
972 5559 1231 5613 libroruin
1253 5565 1612 5624 multitudine.
1631 5568 1742 5620 sive
1766 5568 2025 5622 lectorum

473 5651 710 5710 fastidio,
747 5652 858 5702 sive
890 5654 1147 5721 temporis
1171 5656 1428 5708 acciderit
1462 5659 1685 5724 peiimia
1721 5677 1734 5711 :
1770 5663 1821 5713 iii
1860 5678 2026 5714 unum

475 5740 689 5808 collegit
745 5742 1016 5806 volumen,
1081 5748 1338 5814 quidquid
1403 5749 1474 5800 illi
1533 5766 1721 5820 magna
1779 5755 2026 5808 codicum

475 5835 630 5888 turba
657 5833 938 5903 selectum,
966 5836 1105 5891 circa
1131 5838 1416 5912 Evangelia
1450 5842 1798 5914 reliquerant.
1836 5845 1898 5900 Et
1950 5856 2029 5902 ta-

2121 3291 2184 3326 ac
2213 3274 2467 3338 cultores,
2496 3277 2667 3328 visunt
2704 3283 2788 3328 cst
2812 3276 2977 3329 invidi
3007 3291 3148 3338 esse,
3199 3292 3267 3328 ite
3302 3277 3477 3329 dicam
3512 3276 3686 3345 impii,

2115 3371 2180 3418 ‘i'e
2211 3366 2346 3418 adeo
2387 3365 2642 3436 frugilera
2678 3366 2791 3433 pati
2843 3367 3045 3420 diutius
3074 3367 3270 3435 privari
3302 3366 3541 3420 Latinos.
3573 3367 3690 3420 Nec

2109 3465 2300 3508 tamen
2332 3456 2535 3509 inscms
2561 3471 2732 3519 cram,
2786 3473 2946 3525 quam
3016 3457 3233 3520 duram,
3282 3473 3550 3526 quamque
3603 3473 3692 3510 ar-

2121 3545 2282 3596 duam
2318 3546 2522 3599 adirem
2575 3547 2904 3614 provincia-iii
2940 3563 2954 3599 ε
3007 3549 3200 3616 partim
3234 3549 3474 3616 quidem,
3542 3551 3687 3619 quod

2121 3649 2353 3703 propriae
2386 3639 2636 3690 conscius
2664 3637 3076 3699 imbecillitatis,
3123 3639 3422 3706 incultique
3461 3639 3687 3708 ingenii,

2123 3727 2416 3780 habueram
2448 3743 2664 3798 semper
2688 3729 2743 3781 in
2774 3733 2976 3794 animo,
3004 3729 3141 3782 nihil
3172 3730 3227 3782 iii
3259 3731 3533 3799 publicum
3558 3732 3692 3784 ede-

2123 3834 2183 3871 re
2214 3836 2226 3871 :
2255 3820 2450 3888 partim
2483 3835 2612 3874 vero
2637 3820 2780 3889 quod
2823 3821 2954 3874 mihi
2987 3835 3074 3875 res
3107 3835 3251 3876 esset
3274 3838 3394 3875 cum
3425 3823 3689 3892 ejusmodi

2123 3911 2281 3976 libro,
2309 3927 2470 3981 quem
2509 3914 2601 3966 vel
2625 3913 2801 3982 legere
2827 3928 2932 3966 non
2962 3913 3254 3969 mediocris
3301 3915 3437 3968 l‘oret
3467 3914 3690 3986 negotii,

2123 4012 2308 4074 utpote
2353 4003 2553 4073 ignotis
2583 4015 2640 4058 ut
2679 4006 2972 4075 plurimum
3007 4016 3229 4060 exarato
3279 4008 3692 4062 eltaractei-ibus

2123 4111 2186 4149 ac
2219 4096 2573 4165 compendiis,
2641 4099 2873 4151 maxima
2906 4098 3034 4152 licet
3070 4112 3199 4152 cura
3241 4113 3304 4152 ac
3360 4099 3637 4170 diligentia
3673 4115 3688 4152 :

2125 4186 2429 4240 litterarum
2456 4187 2618 4240 etiam
2655 4187 2841 4257 ﬁguris
2868 4191 3188 4258 plerumque
3211 4190 3291 4244 vel
3317 4192 3462 4244 carie
3499 4205 3560 4244 ac
3585 4193 3692 4244 situ

2126 4279 2471 4340 oblitteratis,
2493 4279 2576 4332 vel
2606 4279 2871 4334 tinearum
2896 4297 2959 4336 ac
2977 4283 3264 4337 blattarum
3292 4283 3488 4353 injuria
3513 4284 3693 4336 semi—

2126 4371 2287 4432 rosis,
2336 4370 2422 4426 vel
2469 4386 2611 4425 novo
2659 4372 2797 4426 adeo
2826 4388 2976 4427 more
3012 4375 3260 4444 depictis,
3293 4386 3352 4429 ut
3397 4378 3451 4430 in
3504 4374 3694 4429 lormis

2126 4461 2287 4513 etiam
2362 4461 2701 4516 noscitandis
2759 4464 2895 4517 mihi
2954 4464 3095 4518 foret
3166 4469 3690 4535 repuerasceiiduin.

2066 4567 2114 4625 Ι)
2141 4549 2346 4605 Omitto
2377 4552 2518 4621 quod
2556 4551 2868 4622 frequenter
2904 4555 2958 4608 in
2983 4556 3246 4610 orationis
3277 4568 3529 4612 coiitetitu
3577 4575 3684 4612 tioii

2129 4650 2257 4695 sunt
2299 4657 2400 4695 asc
2422 4643 2650 4697 invicem
2687 4654 2951 4715 separata:
2995 4648 3265 4703 dictiones
3299 4668 3311 4703 :
3340 4661 3395 4704 et
3428 4666 3456 4704 e
3480 4653 3694 4706 diverso

2129 4734 2374 4802 ejusdem
2416 4734 2670 4790 dictionis
2720 4736 2916 4794 littera:
2976 4749 3071 4794 aut
3124 4743 3340 4812 syllabae
3407 4745 3693 4814 plusquam

2126 4825 2272 4895 justo
2320 4840 2350 4878 a
2410 4841 2469 4880 se
2495 4827 2728 4881 invicem
2775 4842 3095 4900 separantur
3125 4834 3429 4899 intervallo,
3464 4839 3598 4893 adeo
3635 4849 3693 4893 ut

2127 4928 2231 4968 nec
2260 4929 2451 4968 versus
2482 4916 2739 4985 syllabam
2782 4921 2980 4988 sapius
3010 4922 3157 4977 liiiiat
3189 4941 3202 4977 :
3233 4935 3501 4979 commata
3527 4944 3588 4981 ac
3609 4945 3692 4980 iii-

2129 5008 2238 5057 cisa
2288 5005 2377 5059 vix
2431 5007 2727 5073 adduntur,
2785 5021 2878 5064 aut
2920 5013 3008 5066 tibi
3043 5015 3175 5068 nihil
3210 5031 3344 5081 Opus
3404 5028 3486 5072 est
3518 5038 3689 5088 appo-

2129 5107 2379 5149 nuntur:
2435 5112 2555 5165 qute
2611 5114 2697 5153 res
2725 5101 3049 5172 plerumque
3105 5107 3474 5162 dilliciiltateiii
3523 5115 3695 5181 gignit

2131 5201 2240 5239 non
2272 5201 2513 5255 parvam.
2572 5190 2820 5247 Sciebam
2843 5210 3104 5265 prieterea
3130 5211 3335 5268 quanto
3367 5211 3424 5255 ut
3477 5205 3529 5256 in
3570 5221 3697 5257 un:—

2131 5294 2346 5333 versum
2383 5280 2554 5334 dicam
2592 5298 2713 5339 sese
2765 5300 3042 5355 exponant
3079 5293 3339 5360 periculo,
3370 5297 3460 5364 qui
3527 5299 3692 5351 libros

2130 5365 2158 5423 ii
2193 5371 2470 5440 peregrina
2508 5372 2685 5441 lingua
2718 5378 2996 5433 traductos
3028 5383 3080 5433 in
3109 5383 3283 5438 Iucein
3319 5386 3489 5440 edunt
3521 5401 3692 5456 :quot

2131 5470 2184 5514 ct
2208 5478 2366 5528 quam
2397 5467 2574 5520 varios
2597 5468 3150 5539 suscipiantjudices,
3181 5490 3412 5542 quorum
3447 5477 3694 5549 plerique

2132 5553 2332 5608 (li-meis
2379 5557 2572 5613 litteris
2590 5561 2902 5615 tiealimine
2946 5564 3163 5632 quidem
3202 5569 3467 5634 salutatis,
3521 5575 3589 5626 ob
3641 5573 3690 5627 id

2134 5647 2315 5698 statim
2349 5649 2528 5702 omnia
2560 5651 2842 5718 damnant,
2886 5657 3030 5723 quod
3074 5659 3334 5712 mundum
3373 5660 3521 5715 illmn
3565 5663 3694 5717 rhe-

2133 5738 2359 5792 toricum
2397 5757 2505 5809 prie
2528 5757 2586 5796 se
2618 5758 2725 5797 non
2757 5743 2955 5810 ferant,
2987 5749 3294 5820 ignorantes
3322 5757 3518 5822 quibus
3577 5772 3697 5811 arc-

2133 5836 2276 5885 tctur
2329 5833 2503 5888 modis
2555 5835 2622 5902 is,
2679 5837 2768 5907 qui
2815 5836 3004 5894 alienae
3058 5840 3249 5911 lingua:
3295 5845 3597 5914 depositum
3631 5853 3695 5904 li-
