4030 6490
284 397 352 466 37
1730 387 2153 449 ritas-mo.
3517 386 3590 447 3s

280 516 481 571 deliter
536 511 771 570 reddere
806 508 1043 582 cogitur.
1094 506 1458 580 Summopere
1491 506 1640 565 enim
1682 522 1881 562 curan-
1910 514 1956 571 Α
1988 519 2191 561 seriem
2251 502 2426 573 magis
2456 500 2705 568 accedat,
2775 516 2885 555 non
2950 500 3089 555 nihil
3127 509 3312 556 tamen
3372 501 3593 558 subolet

279 604 410 659 dum
444 614 531 659 est
560 603 631 668 ei,
670 601 760 672 qui
787 600 858 655 ab
912 616 1017 655 una
1054 599 1241 672 lingua
1270 598 1556 669 quidpiam
1614 598 1877 654 transfert

280 697 337 750 in
394 696 559 751 aliam
614 714 628 750 :
690 710 761 749 ne
821 694 950 749 dum
1008 694 1247 749 sermoni
1301 692 1501 764 quierit
1568 699 1823 745 ornatum
1858 732 1873 757 ,

281 799 506 860 repente
534 803 632 859 pro
658 787 963 858 interprete
990 788 1390 858 paraphrasten
1415 794 1543 857 agat
1575 803 1589 840 :
1626 800 1878 840 rursum-

279 897 386 951 que
417 896 490 935 ne
527 881 601 934 ita
629 879 809 935 verbis
829 880 1053 948 haereat,
1086 888 1147 935 ut
1176 878 1377 950 prioris
1405 878 1607 949 lingua:
1629 877 1878 933 idioma-

282 982 334 1027 ta
370 981 465 1026 aut
495 972 758 1026 dialectos
792 970 1027 1025 retineat
1065 989 1079 1025 :
1115 970 1212 1026 sed
1248 984 1480 1039 quaeque
1510 969 1695 1041 lingua
1728 967 1873 1038 quod

282 1078 444 1118 suum
476 1072 558 1118 est
587 1062 790 1117 habeat
819 1078 833 1114 :
866 1061 1069 1131 alioqui
1102 1074 1204 1114 nec
1231 1059 1418 1115 Graece
1450 1060 1598 1130 l0qui
1638 1060 1875 1123 videtur,

282 1171 387 1211 nec
419 1154 616 1211 Latine
645 1173 659 1210 :
691 1155 859 1226 idque
888 1153 1035 1225 quod
1064 1153 1119 1207 in
1147 1153 1430 1209 indoctum
1486 1152 1755 1223 jactatu'iu
1790 1159 1876 1207 cst

286 1248 585 1310 comicum,
615 1247 721 1317 ipsi
758 1245 1129 1317 adaptabitur,
1159 1244 1305 1315 quod
1352 1260 1418 1299 ex
1448 1243 1652 1300 Griecis
1692 1243 1874 1309 bonis,

284 1339 477 1395 Latina
504 1340 693 1396 fecerit
716 1356 827 1396 non
867 1340 1031 1408 bona,
1061 1338 1117 1394 id
1146 1340 1292 1409 quod
1341 1339 1411 1393 de
1437 1338 1624 1392 multis
1654 1338 1877 1392 exulce-

285 1442 405 1485 rato
444 1433 549 1488 hoc
574 1434 775 1488 saeculo
802 1442 930 1503 apte
959 1432 1084 1501 quis
1114 1432 1335 1487 dixerit.
1360 1432 1495 1497 Quis
1517 1430 1666 1484 enim
1690 1443 1877 1484 sacras

280 1522 393 1592 jam
419 1523 658 1579 Litteras
686 1524 893 1595 passim
946 1537 1059 1577 non
1099 1523 1203 1577 sibi
1250 1522 1518 1587 vindicat,
1578 1531 1874 1592 antequam

286 1619 463 1671 discat
494 1636 509 1672 :
542 1626 783 1689 torquet,
848 1618 1053 1673 lacerat
1085 1634 1099 1671 :
1132 1633 1343 1686 suoque
1378 1616 1702 1683 intellectui,
1767 1616 1877 1670 imo

285 1710 399 1763 suis
433 1709 723 1766 aﬂ‘ectibus
755 1711 963 1765 servire
1002 1711 1147 1782 cogit
1202 1711 1533 1780 scripturam
1573 1710 1740 1763 etiam
1787 1724 1876 1764 re-

284 1804 663 1873 pugnantem?
703 1804 769 1859 Et
789 1804 1254 1875 quemadmodum
1309 1804 1605 1859 scribimus
1667 1803 1875 1859 indocti

1982 598 2246 654 dictionis
2295 596 2450 651 illum
2509 592 2802 651 aﬂeetasse
2868 602 3271 648 venustatem:
3331 596 3591 664 quodque

1982 689 2260 746 rhetorice
2293 688 2500 744 dixisse
2559 688 2696 743 satis
2756 686 2946 757 cupiat
2978 688 3174 753 videri,
3209 696 3265 741 et
3324 703 3435 740 non
3489 689 3591 741 soli

1982 781 2179 836 litterae
2197 779 2537 835 enarrationi
2566 780 2801 834 haerere.
2829 777 2900 832 At
2924 789 3112 832 noster
3133 780 3221 834 hic
3247 789 3439 833 auctor
3469 783 3593 834 uni-

1981 889 2106 930 cnm
2138 876 2289 929 hunc
2322 873 2513 930 habuit
2540 887 2794 943 scopum,
2822 880 2881 924 ut
2902 872 3279 942 evangelieant
3308 874 3593 928 succincte

1982 958 2202 1019 cunctis
2231 965 2479 1033 aperiret
2502 963 2820 1018 historiam.
2866 960 3025 1028 Quod
3053 962 3096 1017 si
3130 963 3196 1018 ad
3226 978 3410 1018 mores
3449 978 3591 1033 quo-

1981 1072 2088 1127 que
2115 1055 2475 1127 corrigendos
2504 1053 2759 1109 nonnihil
2790 1055 3200 1111 exhortationis
3228 1063 3480 1132 exoptes,
3538 1055 3593 1109 id

1982 1149 2147 1203 etiam
2182 1148 2425 1202 breviter
2458 1146 2684 1217 quidem
2749 1162 2813 1202 ac
2881 1147 3087 1211 rarius,
3137 1153 3233 1202 sed
3272 1149 3595 1202 felicissime

1983 1240 2151 1296 tradit
2183 1240 2270 1294 liie
2325 1250 2539 1294 auctor.
2612 1241 2789 1305 Quam
2847 1248 2997 1311 apte,
3056 1240 3199 1295 bone
3251 1239 3415 1305 Deus,
3464 1257 3592 1295 cum

1982 1332 2335 1403 evangelista:
2366 1332 2667 1403 plurimum
2697 1332 2969 1388 dissidere
3005 1334 3287 1397 videntur,
3317 1332 3391 1387 ita
3432 1331 3598 1387 dissi-

1982 1427 2169 1483 dentia
2199 1426 2482 1481 connectit
2510 1425 2653 1491 loca,
2680 1433 2740 1480 ut
2791 1425 2862 1480 ab
2917 1425 3112 1479 eodem
3177 1425 3339 1495 plane
3372 1424 3462 1478 illa
3506 1424 3594 1477 vi-

1983 1522 2223 1577 deantur
2253 1530 2380 1575 esse
2413 1519 2588 1574 dicta.
2622 1518 2691 1575 Et
2717 1519 2844 1574 huic
2865 1519 3089 1589 quidem
3124 1520 3204 1574 rei
3230 1520 3439 1583 nudus,
3470 1533 3597 1573 meo

1980 1614 2217 1685 judicio,
2242 1615 2383 1669 adeo
2420 1614 2633 1669 utiliter
2670 1628 2735 1668 ac
2758 1615 2904 1669 serio
2939 1614 3215 1668 hactenus
3268 1614 3592 1685 invigilavit.

1983 1708 2041 1763 lu
2074 1724 2183 1779 quo
2215 1720 2419 1773 tamen,
2449 1708 2593 1763 sicut
2625 1722 2803 1777 neque
2829 1708 2883 1761 in
2909 1708 3150 1769 caneris,
3210 1707 3380 1760 nolim
3438 1707 3595 1776 quis-

1983 1817 2147 1872 quam
2176 1800 2315 1855 meis
2345 1800 2507 1854 ﬁdem
2538 1798 2741 1855 habeat
2809 1799 3021 1864 verbis,
3076 1799 3186 1853 nisi
3234 1799 3396 1869 longe
3435 1799 3596 1869 plura

284 1893 541 1964 doctique
603 1904 855 1965 poemata
888 1896 1116 1966 passim,
1154 1896 1229 1950 ita
1285 1905 1342 1950 et
1394 1895 1666 1967 plerique,
1700 1910 1878 1967 quan-
1909 1895 1951 1949 Β
1985 1895 2041 1950 in
2099 1896 2205 1951 hoc
2255 1894 2581 1961 lectitando,
2636 1895 2803 1951 laude
2857 1896 3020 1967 digna
3074 1898 3368 1966 repererit,
3429 1912 3595 1966 quam

282 2000 445 2055 quam
478 1987 531 2041 iii
570 2002 668 2041 sua
702 2001 871 2041 arena
924 1985 1161 2044 feliciter
1197 1996 1572 2054 versarentur,
1619 1989 1876 2058 proprios

285 2077 490 2145 egressi
512 2076 740 2140 limites,
767 2078 896 2131 dum
920 2087 1159 2142 sutores,
1180 2078 1387 2134 relictis
1406 2079 1667 2146 crepidis,
1692 2080 1878 2153 ignota

285 2179 518 2236 quaeque
576 2168 883 2238 diiudicare
958 2180 1254 2236 conantur,
1318 2186 1431 2225 non
1487 2187 1613 2228 raro
1672 2188 1879 2229 misere

288 2258 722 2315 hallucinantur.
759 2262 905 2328 Quid
955 2261 1105 2316 enim
1160 2262 1377 2317 medico
1422 2264 1877 2334 antjurisperito

286 2364 409 2404 cum
450 2352 705 2406 versione
755 2363 850 2406 aut
902 2353 1357 2425 interpretatione
1416 2369 1701 2410 sacrorum
1762 2372 1881 2430 my-

284 2445 577 2498 steriorum
618 2446 639 2499 i
692 2445 959 2515 Quodque
1024 2445 1187 2517 longe
1224 2447 1395 2515 magis
1424 2446 1740 2502 dedendum
1770 2458 1874 2515 est,

287 2535 413 2589 dum
444 2537 629 2592 animo
659 2538 844 2607 pravis
897 2538 1091 2592 imbuti
1127 2547 1260 2593 sunt
1293 2540 1587 2609 dogmatis,
1634 2557 1757 2610 quae
1810 2557 1880 2598 ex

287 2623 479 2681 Graeco
506 2637 725 2682 vertunt
761 2630 818 2681 in
852 2628 1132 2692 Latinum,
1167 2644 1278 2682 non
1308 2630 1442 2684 satis
1484 2629 1725 2684 ﬁdeliter
1763 2640 1879 2683 tra-

287 2728 475 2773 ctant:
508 2734 654 2773 nunc
685 2722 933 2791 quidem,
964 2723 1111 2792 quod
1136 2721 1458 2792 frequenter
1512 2723 1735 2787 accidit,
1787 2737 1880 2778 co-

288 2820 454 2882 gente
491 2811 683 2865 harum
740 2830 923 2867 rerum
986 2814 1281 2885 imperitia,
1342 2818 1487 2883 quod
1527 2825 1731 2881 tamen,
1772 2816 1879 2872 nisi

290 2906 454 2958 illotis
504 2908 834 2960 accederent
868 2906 937 2960 ad
967 2906 1358 2963 c0iitrectatida
1398 2923 1552 2963 sacra
1604 2911 1877 2976 manibus,

290 2996 503 3053 facilius
562 3009 751 3069 posset
782 2999 987 3072 ignosci
1024 3018 1037 3054 :
1068 3016 1216 3055 nunc
1244 3017 1392 3065 vero,
1451 3017 1521 3056 ne
1561 3004 1677 3057 suis
1713 3020 1880 3073 repu-

289 3100 459 3163 gnent
492 3091 783 3163 dogmatis,
818 3102 914 3147 aut
950 3094 1270 3158 truncatim,
1306 3106 1402 3148 aut
1442 3110 1608 3164 prave
1654 3110 1883 3151 sensum

288 3185 452 3237 nobis
486 3186 742 3239 reddunt.
773 3186 928 3251 Quod
968 3185 1093 3240 luce
1124 3186 1329 3240 clarius
1369 3186 1751 3252 ostendemus,
1789 3189 1882 3243 ubi

290 3272 523 3325 alterum
562 3284 769 3327 tomum
806 3274 918 3327 Deo
950 3275 1190 3345 propitio
1220 3274 1277 3327 in
1308 3276 1486 3330 lucem
1520 3279 1879 3343 ediderimus,

289 3370 458 3437 quod,
487 3378 544 3423 ut
579 3386 762 3440 spero,
799 3372 953 3427 brevi
980 3372 1266 3428 faciemus.
1300 3373 1382 3428 Ob
1406 3375 1524 3427 haec
1551 3375 1715 3443 igitur
1749 3374 1883 3427 alia-

290 3472 396 3526 que
429 3459 659 3527 plurima
684 3478 805 3531 qua:
841 3465 1149 3517 versionem
1180 3464 1345 3517 variis
1379 3472 1713 3535 exaggerant
1740 3464 1883 3517 diili-

290 3552 607 3617 cultatibus,
646 3570 757 3607 non
788 3555 837 3609 is
858 3571 977 3609 sum
1006 3557 1099 3626 qui
1125 3573 1235 3611 non
1271 3559 1591 3627 intelligam,
1619 3568 1883 3627 quantum

293 3643 422 3698 huic
463 3647 676 3699 auctori
740 3642 1050 3717 dignitatis,
1122 3662 1506 3721 quantumque
1570 3652 1886 3721 splendoris

295 3741 677 3794 teliebricosus
708 3743 986 3815 interpres
1042 3746 1394 3801 abstulerim.
1443 3745 1550 3801 Sed
1606 3756 1886 3815 utcunque

290 3832 383 3899 sit,
417 3848 639 3887 sensum
694 3844 879 3889 tamen
910 3852 997 3891 me
1027 3848 1340 3892 assecutum
1388 3840 1607 3908 opinor,
1650 3839 1778 3893 licet
1802 3855 1884 3907 ip-

293 3944 416 3983 sum
472 3930 623 3985 nullo
683 3932 834 3985 cultu
869 3933 1254 3988 adornaverim
1295 3954 1309 3989 :
1345 3951 1539 3990 verum
1597 3936 1651 3990 id
1719 3950 1885 3989 nemo

295 4039 445 4078 sana:
513 4026 711 4079 mentis
761 4026 817 4080 in
870 4027 1292 4084 Commentariis
1333 4032 1599 4100 requiret,
1648 4031 1885 4083 maxime

293 4121 363 4171 ab
395 4132 462 4170 eo
494 4119 608 4187 qui,
654 4128 713 4172 ut
746 4119 1007 4189 prmfatus
1072 4136 1193 4176 sum
1222 4162 1237 4188 ,
1272 4124 1575 4193 peregrinae
1626 4125 1886 4177 astrictus

293 4219 379 4263 est
420 4210 638 4281 linguae.
666 4210 823 4277 Quod
863 4214 907 4267 si
945 4214 1563 4270 universis'satist‘acere
1592 4230 1705 4269 non
1731 4216 1885 4285 potui

295 4303 456 4358 facile
492 4306 685 4369 feram,
719 4321 843 4359 cum
867 4322 938 4361 ne
967 4307 1104 4361 mihi
1128 4307 1352 4377 quidem
1390 4309 1495 4378 ipsi
1537 4308 1592 4362 in
1624 4309 1887 4363 omnibus

296 4397 493 4449 iaciam
528 4403 683 4451 satis.
716 4388 973 4453 Attamen
1025 4415 1169 4455 onus
1220 4401 1347 4462 hoc.
1381 4416 1696 4471 quanquam
1746 4402 1886 4455 meis

297 4492 461 4561 longe
488 4494 665 4561 impar
691 4493 962 4559 humeris,
994 4495 1180 4549 subire
1210 4510 1503 4565 aggressus
1555 4511 1702 4559 sum,
1736 4494 1885 4564 quod

1982 2005 2083 2062 ego
2113 1989 2322 2060 possim
2348 1989 2571 2061 assequi
2596 1991 3013 2046 enumerando.

2056 2080 2375 2150 llocitaque
2414 2095 2574 2151 opus,
2598 2090 2658 2136 ut
2680 2081 2779 2138 tibi
2806 2098 3213 2152 nuncuparem,
3251 2080 3596 2152 amplissime

1982 2174 2210 2245 priesul,
2252 2173 2385 2229 fecit
2413 2173 2559 2229 inter
2585 2174 2913 2230 innumeras
2969 2185 3090 2230 tuas
3117 2176 3300 2241 dotes,
3354 2176 3595 2230 maxima

1984 2266 2299 2321 humanitas
2326 2277 2456 2321 tua:
2488 2283 2653 2338 quam
2687 2278 2889 2339 praeter
2916 2269 3157 2323 auditam
3182 2268 3389 2323 famam
3430 2269 3596 2339 longe

1983 2361 2203 2432 lateque
2235 2361 2563 2432 dispersam,
2600 2379 2710 2419 non
2741 2363 2910 2420 semel
2946 2363 3001 2418 in
3032 2373 3085 2419 te
3118 2380 3239 2419 sum
3286 2375 3547 2435 expertus
3579 2380 3592 2418 :

1983 2470 2111 2526 qua,
2150 2472 2275 2511 cuin
2315 2471 2512 2511 omnes
2547 2457 2713 2511 etiam
2743 2466 3009 2511 extrema:
3043 2456 3287 2513 fortuna:
3334 2458 3597 2513 homines

1984 2558 2099 2604 tum
2160 2549 2356 2604 studiis
2426 2550 2776 2619 potissimum
2848 2550 3088 2612 deditos,
3190 2550 3596 2621 benignissime

1984 2656 2208 2712 semper
2268 2641 2670 2710 amplecteris:
2712 2641 2946 2711 ipsaque
3008 2640 3217 2706 studia,
3280 2641 3597 2711 ubicunque

1984 2732 2074 2787 vel
2107 2732 2332 2785 minima
2375 2733 2537 2787 datur
2568 2734 2813 2797 occasio,
2873 2732 3003 2787 totis
3064 2733 3332 2803 provehis
3362 2734 3594 2787 viribus.

1986 2821 2261 2877 Prmterea
2302 2822 2355 2877 id
2393 2825 2566 2895 magis
2590 2824 2813 2895 aggredi
2851 2839 2973 2877 sum
3022 2839 3216 2885 ausus,
3271 2824 3418 2893 quod
3469 2840 3595 2879 cum

1986 2916 2087 2972 tibi
2156 2917 2298 2970 forte
2358 2916 2577 2971 fortuna
2622 2934 2725 2972 nos
2780 2918 3064 2983 invisenti,
3129 2918 3372 2987 primum
3450 2920 3597 2973 hunc

1989 3022 2171 3062 meum
2197 3018 2415 3078 partum
2456 3011 2687 3064 omnino
2760 3010 2944 3064 adhuc
3006 3008 3301 3065 informem
3361 3011 3596 3065 demon-

1987 3109 2274 3165 strassetn,
2295 3116 2402 3155 una
2426 3117 2556 3157 cum
2583 3102 2777 3162 Graeco
2800 3103 3127 3172 exemplari,
3159 3120 3509 3174 nequaquam
3539 3116 3597 3160 ut

1988 3205 2301 3252 monstrum
2339 3197 2695 3263 abhorriiisti,
2729 3197 2821 3250 sed
2846 3196 3011 3251 veluti
3042 3195 3373 3265 pulchellum
3402 3194 3595 3265 pusio-

1986 3304 2114 3344 nem
2143 3289 2301 3343 avide
2327 3288 2732 3345 deosculabaris
2759 3306 2772 3343 :
2801 3288 3077 3343 mirabare
3113 3304 3220 3342 non
3258 3288 3436 3342 nullas
3460 3304 3597 3357 quo-

1986 3395 2094 3454 que
2120 3385 2368 3439 occultas
2392 3386 2445 3439 iii
2475 3398 2539 3438 eo
2566 3384 2737 3446 dotes,
2766 3399 2873 3438 non
2897 3384 3144 3456 cujusvis
3169 3384 3345 3437 Ot'llllS
3370 3384 3593 3450 exposi-

1987 3480 2092 3529 tas.
2116 3473 2273 3541 Quod
2306 3474 2409 3529 nisi
2435 3475 2508 3528 ita
2534 3476 2881 3544 contigisset,
2909 3491 3013 3545 qua
3042 3478 3358 3530 temeritate
3386 3486 3594 3529 tentas-

1986 3575 2126 3627 seni,
2158 3573 2266 3617 tam
2294 3564 2576 3635 locupleti,
2609 3566 2712 3621 hac
2743 3568 2908 3621 etiam
2939 3569 2989 3619 iii
3020 3578 3196 3635 parte,
3234 3568 3374 3630 viro,
3403 3567 3594 3621 tantil—

1985 3653 2098 3709 lum
2129 3655 2330 3713 oﬂ'erre
2373 3661 2762 3715 munusculum
2808 3678 2823 3715 :
2874 3658 3276 3727 Miinusculum,
3316 3660 3533 3727 inquam
3577 3676 3591 3713 :

1989 3762 2118 3801 nam
2153 3748 2283 3802 licet
2314 3749 2370 3800 in
2403 3763 2463 3802 se
2490 3763 2693 3801 munus
2721 3748 2813 3810 sit,
2845 3746 3097 3801 fortassis
3124 3763 3232 3801 non
3290 3764 3597 3816 aSpernan-

1990 3840 2143 3903 dum,
2172 3841 2215 3895 si
2257 3850 2437 3894 tamen
2465 3841 2531 3893 ad
2568 3842 2870 3895 immensas
2897 3855 2962 3895 ac
2995 3842 3429 3910 pretiosissimas
3480 3851 3604 3896 tuas

1991 3947 2127 4002 opes
2186 3933 2530 3998 conferatur,
2612 3934 2899 4004 indignum
2968 3934 3310 3997 censebitur,
3362 3936 3511 4003 quod
3547 3936 3601 3988 in

1991 4038 2086 4082 tuo
2113 4028 2396 4092 thesauro,
2424 4027 2508 4081 vel
2536 4029 2793 4098 exiguum
2818 4027 3064 4082 inveniat
3084 4028 3291 4086 locum.
3318 4028 3600 4099 Siquidem

1990 4129 2051 4173 ut
2104 4121 2219 4174 [ιιιιο
2280 4120 2504 4174 interim
2556 4121 2928 4191 sileam,qu:e
2991 4122 3125 4175 dic.t
3185 4123 3484 4191 Apostolus
3546 4126 3604 4177 iit

1990 4216 2253 4283 episcopo
2308 4229 2418 4267 non
2504 4223 2762 4283 oportere
2856 4215 3210 4269 desiderari:
3284 4231 3485 4285 nempe
3546 4226 3604 4271 ut

1991 4304 2499 4373 irreprehensibilis
2564 4306 2658 4373 sit,
2719 4315 2979 4375 tanquam
3065 4305 3159 4360 Dei
3227 4309 3601 4376 dispensator,

1992 4398 2227 4467 vigilans
2289 4412 2457 4467 super
2515 4414 2755 4469 gregem,
2804 4399 3043 4465 sobrius,
3087 4416 3199 4452 non
3252 4406 3601 4467 Ira-Iractus,

1994 4506 2104 4544 non
2130 4490 2450 4555 iracundus,
2480 4498 2574 4544 sed
2610 4494 2914 4557 modestus,
2948 4493 3260 4561 hospitalis,
3300 4508 3465 4563 aptus
3532 4500 3599 4548 ad

296 4588 405 4640 alio
427 4601 546 4640 sese
581 4602 690 4639 non
724 4587 1015 4653 otl'erente,
1049 4589 1255 4658 grande
1294 4591 1553 4643 ducerem
1583 4588 1885 4657 piaculum,
1922 4605 1966 4659 ι)
1995 4582 2329 4645 docendum,
2361 4582 2505 4652 pius.
2543 4596 2879 4652 temperans,
2911 4590 3071 4637 tenax
3120 4588 3241 4654 ejus
3279 4604 3369 4654 qui
3396 4603 3590 4640 secun-

297 4684 343 4735 si
372 4677 559 4734 ﬁdeles
598 4681 803 4735 diutius
831 4690 981 4735 tanto
1020 4683 1411 4736 fi‘audarentur
1438 4684 1718 4737 thesauro.
1744 4684 1889 4749 Quid

301 4774 475 4830 enim.
504 4774 653 4846 quod
695 4776 766 4829 ad
791 4775 1122 4845 evangelica:
1182 4776 1425 4831 historiae
1479 4780 1887 4833 enarrationem

300 4870 515 4930 attinet,
549 4868 602 4921 in
638 4868 1035 4940 Chrysostomo
1071 4869 1444 4940 potissimum,
1476 4873 1678 4926 deinde
1719 4884 1774 4927 et
1833 4874 1889 4927 in

300 4964 558 5035 Origene,
612 4964 833 5032 Basilio,
870 4976 965 5021 aut
1023 4964 1377 5021 Nazianzeno
1410 4966 1684 5034 invenies,
1744 4972 1892 5039 quod

304 5056 392 5112 hic
433 5057 693 5112 facillime
764 5068 819 5113 et
860 5060 1300 5115 succinctissiiue
1345 5076 1459 5115 non
1491 5064 1773 5132 proferat?
1827 5065 1894 5118 Et

305 5152 695 5220 Chrysostomo
730 5152 957 5221 quidem
991 5155 1129 5207 satis
1184 5163 1336 5224 patet
1374 5170 1487 5209 non
1541 5171 1669 5209 eum
1722 5155 1892 5210 fuisse

303 5259 552 5314 scopum,
587 5258 643 5298 ut
682 5245 1102 5317 Evangelioruni
1136 5257 1232 5302 aut
1290 5249 1571 5303 actionum
1628 5249 1887 5319 apostoli~

304 5354 511 5405 carum,
542 5354 636 5393 seu
670 5339 1018 5396 Paulinarum
1072 5341 1441 5411 Epistolarum
1495 5346 1702 5399 nudum
1735 5344 1893 5398 nobis

306 5434 545 5487 traderet
578 5432 937 5488 intellectum.
972 5436 1191 5503 Alioqui
1252 5435 1398 5489 enim
1459 5444 1569 5489 tam
1629 5449 1781 5493 vasta
1835 5439 1890 5492 in

305 5543 506 5599 paucos
530 5542 700 5582 sacrae
737 5526 1035 5598 Scriptura:
1065 5528 1234 5584 libros
1288 5545 1401 5585 non
1436 5533 1747 5601 reliquisset
1799 5550 1895 5588 vo-

307 5626 539 5689 lumina,
582 5624 677 5678 sed
734 5624 909 5693 plebis
946 5623 1273 5679 formandos
1334 5641 1518 5681 mores
1581 5642 1897 5699 suscepisse

306 5724 476 5793 magis
511 5720 723 5775 videtur
760 5738 775 5774 :
808 5730 863 5777 et
890 5721 1271 5778 idcircolocos
1307 5724 1375 5776 ad
1408 5726 1625 5793 plebem
1689 5735 1894 5783 tractat

306 5832 647 5881 communes,
707 5828 761 5869 ct
810 5817 1215 5873 enarrationem
1282 5819 1525 5876 liomiliis
1580 5823 1892 5895 distinguit.

307 5914 444 5978 Quin
475 5923 527 5968 et
581 5912 1039 5987 'l‘lii-oiili)-lactus,
1090 5930 1399 5988 quanquam
1434 5916 1479 5973 is
1521 5921 1587 5976 ad
1650 5918 1893 5978 historiae

1999 4677 2130 4729 dum
2161 4677 2469 4730 doctrinam
2502 4687 2588 4730 est
2615 4677 2802 4731 ﬁdelis
2872 4692 3168 4745 sermonis,
3197 4690 3254 4732 tit
3314 4692 3509 4750 potens
3533 4696 3601 4735 sit

1997 4768 2165 4822 etiam
2252 4769 2535 4822 exhortari
2634 4784 2734 4838 per
2829 4772 3137 4825 doctrinam
3230 4788 3444 4839 sanam,
3549 4785 3603 4827 et

1998 4862 2441 4918 contradicentes
2491 4867 2847 4931 convincere,
2917 4880 3030 4920 non
3095 4868 3433 4934 vinolentus,
3492 4885 3600 4922 noi.

1997 4972 2311 5028 percussor,
2338 4973 2449 5011 non
2479 4960 2710 5027 turpiter
2736 4958 2874 5013 lucri
2904 4961 3121 5025 avidus,
3154 4962 3249 5016 sed
3311 4978 3501 5033 aaquus
3541 4982 3604 5018 ac

1992 5053 2177 5124 justus
2234 5053 2479 5123 apiignis
2534 5064 2590 5108 et
2652 5054 2721 5109 ab
2754 5056 2989 5109 avaritia
3012 5056 3248 5124 alienus,
3277 5058 3371 5127 qui
3412 5060 3602 5113 domui

1998 5161 2111 5201 suae
2170 5148 2311 5201 bene
2372 5150 2579 5218 prmsit.
2606 5147 2764 5217 (Nam
2822 5149 2867 5203 si
2938 5150 3081 5219 quis,
3121 5150 3325 5221 inquit,
3370 5157 3606 5222 proiiria:

1998 5242 2185 5296 domui
2214 5258 2454 5312 praeesse
2478 5259 2588 5298 non
2612 5244 2787 5311 novit,
2846 5247 3127 5314 quomodo
3170 5247 3472 5302 Ecclesiani
3509 5248 3603 5301 Dei

1999 5336 2281 5406 curabit?)
2320 5353 2432 5391 non
2470 5338 2525 5391 in
2556 5338 2663 5392 ﬁde
2696 5339 2963 5405 novitius,
3014 5355 3085 5393 ne
3122 5339 3343 5394 inﬂatus
3372 5342 3427 5395 in
3452 5342 3607 5412 judié-

2000 5430 2145 5485 cium
2174 5430 2379 5487 incidat
2412 5432 2615 5487 diaboli
2648 5450 2661 5487 :
2716 5435 2807 5503 qui
2838 5443 2892 5488 et
2954 5435 3161 5489 bonum
3193 5435 3395 5490 habeat
3450 5439 3607 5492 testi-

2000 5526 2254 5581 monium
2308 5528 2377 5581 ab
2434 5528 2739 5582 extraneis.
2818 5528 2889 5583 Ut
2952 5530 3094 5594 haec,
3135 5531 3385 5599 inquam,
3418 5535 3604 5584 omnia

2000 5623 2190 5676 sileam
2253 5638 2374 5691 quae
2416 5622 2600 5677 nullus
2638 5625 2734 5692 qui
2775 5632 2827 5676 te
2892 5625 3118 5693 propius
3173 5628 3412 5691 noverit,
3457 5630 3510 5679 in
3556 5636 3608 5679 te

2001 5716 2323 5771 desiderare
2355 5720 2560 5786 poterit
2590 5736 2603 5772 :
2637 5717 2769 5786 quin
2791 5718 3055 5788 pleraque
3085 5720 3251 5773 etiam
3312 5721 3603 5774 abundan-

2000 5808 2112 5864 tius
2146 5811 2411 5877 inveniet,
2446 5827 2614 5881 quam
2664 5811 2907 5883 exegerit
2946 5813 3263 5882 Apostolus.
3317 5832 3442 5869 cum
3481 5816 3603 5883 pul-

2001 5900 2281 5958 cherrimo
2340 5916 2559 5973 quoque
2630 5914 2683 5958 et
2738 5902 3146 5974 lulgentissimo
3200 5905 3293 5961 illo
3328 5902 3603 5959 castitatis
