4030 6500
493 410 562 474 39
1911 398 2324 465 PREFATIU.
3659 389 3738 458 ω

490 522 728 595 cingulo.
795 521 990 578 Verum
1059 520 1183 590 quis
1235 534 1346 575 non
1415 516 1772 593 admirabitur
1821 515 1878 570 in
1923 515 2043 571 viro
2071 529 2116 586 Α
2149 512 2430 578 facillime,
2469 511 2526 567 in
2581 508 2781 581 quibus
2821 523 2920 580 ego
2953 518 3147 565 noctes
3171 519 3336 578 atque
3397 508 3518 562 dies
3560 510 3734 563 desu-

495 625 604 672 tam
634 615 888 686 praclaro
918 629 1116 681 genere
1135 623 1278 676 orto,
1294 613 1380 668 cui
1412 613 1548 668 adeo
1567 625 1784 682 semper
1839 609 2043 665 arrise-

495 706 565 760 rit
588 719 656 759 ex
687 705 836 760 omni
871 715 1024 775 parte
1048 705 1286 769 fortuna,
1318 719 1438 774 quae
1467 702 1605 758 nihil
1648 700 1792 772 quod
1823 715 2045 755 suarum

494 805 578 849 est
633 797 866 866 partium
927 797 1029 866 ipsi
1082 810 1317 865 unquam
1368 807 1596 867 negasse
1642 793 1877 857 videtur,
1939 801 2044 846 tam

494 885 718 949 variam,
755 884 1337 955 tamquereconditam
1364 882 1750 947 eruditionem,
1780 881 2050 952 judicium

495 971 884 1035 certissimum,
905 973 1177 1043 ingenium
1197 959 1307 1026 tam
1333 986 1482 1039 acre,
1513 983 1758 1043 peneque
1781 971 2047 1036 divinum,

498 1066 813 1120 memoriam
837 1066 972 1120 adeo
1002 1075 1246 1121 tenacem
1271 1065 1293 1118 τ
1327 1066 1384 1120 in
1414 1079 1522 1136 quo
1571 1074 1764 1136 praeter
1802 1071 2049 1119 exactam

495 1158 778 1225 utriusque
832 1157 971 1227 juris
1056 1158 1422 1228 prudentiam,
1488 1157 1783 1228 perfectam
1835 1171 2052 1232 quoque

495 1246 660 1302 trium
685 1247 991 1318 linguarum
1015 1249 1266 1319 peritiam
1300 1249 1424 1319 quis
1460 1262 1569 1304 nou
1591 1247 1890 1319 suspiciat!
1913 1247 2051 1302 Nam

497 1336 552 1390 in
584 1337 786 1392 Graecis
831 1354 893 1393 ac
918 1339 1124 1394 Latinis
1171 1340 1350 1395 adhuc
1396 1355 1530 1410 puer
1552 1340 2043 1395 esercitatissimus

495 1437 611 1482 erat
642 1444 658 1482 :
689 1429 743 1482 in
777 1429 1016 1485 Hebraeis
1046 1444 1174 1486 vero
1209 1431 1351 1486 Deus
1415 1431 1557 1486 bone
1600 1446 1760 1501 quam
1824 1430 2054 1486 feliciter

494 1529 740 1576 versatus
777 1531 878 1582 est.
910 1536 1069 1590 quam
1123 1523 1287 1578 etiam
1314 1537 1439 1593 erga
1468 1537 1625 1580 suum
1659 1529 2052 1592 praeceptorem

496 1608 753 1665 liberalis.
785 1610 888 1678 Qui
920 1613 1006 1667 his
1062 1614 1227 1684 igitur
1287 1613 1581 1668 comitibus
1631 1615 1705 1668 ita
1753 1613 1820 1669 ad
1867 1627 2054 1668 sacras

490 1699 602 1770 jam
630 1701 831 1756 dudum
886 1704 1115 1759 accessit
1152 1697 1407 1768 Litteras,
1463 1713 1526 1758 ut
1551 1719 1728 1773 neque
1795 1704 2054 1758 naturalis

491 1791 869 1862 philosophia,
933 1809 1114 1864 neque
1183 1795 1497 1866 theologiae,
1549 1810 1710 1865 quam
1758 1794 2048 1850 scholasti-

2148 607 2312 673 dans,
2347 604 2578 660 necdum
2602 619 2766 660 omne
2789 605 2842 660 id
2872 605 3015 674 quod
3039 603 3345 674 quaerebam
3403 616 3489 656 tne
3535 603 3738 671 opinor

2145 706 2479 752 assecutum.
2503 694 2548 751 Ο
2577 695 2784 750 utinam
2853 697 2986 751 tales
3040 697 3222 750 ferent
3260 709 3450 749 omnes
3479 688 3735 764 episcOpi

2151 804 2216 845 ac
2271 789 2700 860 dispensatores,
2754 803 2892 860 quos
2938 789 3201 843 Dominus
3242 787 3526 844 coastituit
3560 801 3738 857 super

2150 881 2414 937 familiam
2462 895 2642 946 suam,
2698 890 2763 936 ut
2817 880 2950 936 dent
2981 880 3056 934 illi
3082 880 3264 934 cibum
3319 881 3378 934 in
3440 880 3730 950 temporel

2150 973 2398 1044 profecto
2465 971 2682 1028 felicius
2730 981 2985 1042 ageretur
3036 986 3162 1026 cum
3234 969 3442 1026 Christi
3495 970 3724 1034 ovibus,

2151 1063 2264 1119 imo
2317 1078 2439 1118 cum
2489 1070 2600 1119 tota
2648 1063 2927 1132 republica
3010 1060 3345 1117 Christiana.
3426 1060 3732 1117 Prataulum

2150 1168 2384 1224 namque
2411 1162 2467 1210 et
2491 1162 2772 1224 pastorum
2791 1154 2955 1210 vitam
2975 1167 3041 1208 ac
3065 1168 3247 1208 mores
3276 1168 3411 1224 grex
3439 1155 3735 1210 universus

2150 1240 2412 1298 imitatur.
2435 1242 2783 1313 Quapropter
2803 1243 3062 1298 omnibus
3084 1243 3138 1296 in
3165 1243 3354 1306 rebus,
3378 1243 3736 1300 ornatissime

2152 1334 2374 1403 prasini,
2415 1333 2520 1390 hoc
2575 1334 2790 1388 aurium
2851 1341 3234 1388 ornamentum
3273 1349 3344 1390 ne
3369 1333 3638 1400 fastidias,
3673 1343 3736 1390 te

2153 1437 2251 1492 per
2275 1431 2419 1476 tuam
2449 1419 2568 1477 orbi
2589 1422 2865 1493 cognitam
2895 1421 3291 1476 humanitatem
3343 1422 3510 1477 etiam
3557 1433 3728 1494 atque

2153 1514 2316 1569 etiam
2348 1515 2613 1570 obtestor.
2655 1514 2810 1570 Nosti
2851 1515 2998 1570 enim
3026 1515 3126 1586 ipsi
3180 1523 3515 1586 praeceptum
3559 1515 3734 1571 fuisse

2152 1603 2307 1670 Mosi,
2339 1613 2400 1658 ut
2427 1605 2494 1660 ad
2523 1603 2936 1660 tabernaculum
2969 1620 3033 1660 ac
3074 1607 3446 1660 sanctuarium
3473 1615 3734 1662 constru-

2155 1694 2360 1748 endum
2413 1710 2524 1751 non
2579 1695 2741 1751 modo
2798 1709 2990 1750 aurum
3013 1705 3068 1751 et
3089 1705 3398 1768 argentum,
3433 1712 3732 1767 purpuram

2152 1795 2206 1840 et
2228 1785 2471 1856 byssum,
2496 1785 2705 1857 lapides
2725 1787 3029 1857 onychinos
3057 1803 3120 1842 ac
3155 1803 3396 1860 gemmas
3417 1791 3734 1859 acciperet:

494 1895 615 1936 eam
670 1893 878 1950 vocant,
943 1885 1334 1939 destitueretur
1376 1885 1590 1954 peruia,
1637 1885 1758 1954 quis
1819 1885 2052 1956 ambigat
2084 1874 2122 1927 Β
2153 1891 2343 1931 verum
2409 1877 2569 1932 etiam
2624 1878 2758 1933 viles
2807 1879 2949 1933 inter
2994 1887 3192 1934 caetera
3223 1894 3511 1950 caprarum
3567 1879 3730 1949 pilos.

496 1971 676 2044 ipsum
734 1974 869 2028 mira
922 1977 1290 2044 praestiturum
1321 1976 1342 2028 ?
1375 1975 1558 2044 Itaque
1609 1978 1815 2029 nullum
1865 1976 1921 2030 in
1971 1978 2053 2031 eis

506 2066 853 2132 quantumvis
875 2066 1185 2120 abstrusum
1213 2067 1458 2121 invenias
1483 2066 1686 2131 locum,
1738 2065 1895 2136 cujus
1926 2081 2052 2120 exa-

500 2155 796 2207 ctiSsimam
827 2166 936 2209 non
961 2157 1128 2224 possit
1149 2173 1212 2210 ex
1245 2167 1486 2224 tempore
1510 2156 1734 2212 reddere
1763 2157 2051 2212 rationem.

501 2245 604 2299 Sed
638 2247 768 2312 quid
803 2261 901 2314 ego
933 2247 1047 2299 haec
1075 2261 1186 2299 non
1214 2246 1506 2300 credituris
1530 2247 1724 2303 frustra
1739 2248 2000 2303 denuntio
2034 2249 2056 2301 ?

498 2337 568 2387 de
603 2335 823 2388 homine
891 2337 1255 2406 potissimum,
1291 2337 1382 2406 qui
1413 2338 1657 2394 nondum
1719 2341 1971 2408 quintum
2001 2348 2056 2393 et

499 2427 831 2490 tricesimum
861 2428 1036 2496 attigit
1086 2441 1304 2491 annum,
1341 2428 1394 2480 in
1433 2429 1846 2496 praeclarissimo
1872 2430 2049 2501 digni-

500 2524 666 2569 tatom
690 2532 961 2586 opumque
984 2517 1275 2588 splendore
1306 2534 1521 2588 semper
1563 2521 1877 2587 constituto,
1937 2535 2058 2589 qum

503 2623 612 2663 non
676 2625 864 2677 parum
922 2610 1291 2678 impedimenti
1360 2611 1557 2665 studiis
1615 2610 1809 2666 alferre
1861 2613 2055 2667 solent.

503 2702 676 2768 Spero
699 2704 951 2769 equidem
983 2701 1124 2770 quod
1148 2702 1460 2756 concredita
1492 2703 1596 2757 sibi
1631 2705 1830 2757 talenta
1851 2719 2056 2773 nequa-

500 2806 661 2860 quam
686 2793 738 2845 in
782 2803 978 2845 terram
1020 2793 1276 2846 defodiet.
1325 2793 1643 2863 Quanquam
1700 2795 1845 2848 enim
1896 2797 2058 2849 etiam

499 2895 645 2935 nunc
703 2885 923 2936 lucerna
975 2883 1045 2934 sit
1103 2897 1210 2935 non
1240 2883 1427 2938 subter
1458 2884 1718 2948 modium,
1752 2884 1846 2938 sed
1895 2899 2058 2954 super

499 2975 892 3027 candelabrum
953 2974 1144 3042 posita,
1202 2976 1455 3028 omnibus
1528 2977 1620 3044 qui
1681 2976 1736 3028 in
1804 2977 2059 3031 Ecclesia:

499 3065 660 3118 domo
715 3076 862 3130 sunt,
917 3067 1038 3117 vita:
1066 3080 1127 3118 ac
1165 3081 1375 3119 morum
1409 3066 1738 3135 integritate,
1771 3067 2059 3122 librorum-

499 3173 604 3228 que
643 3158 916 3212 editorum
971 3159 1210 3213 doctrina
1273 3158 1590 3228 praelucens,
1622 3174 1684 3213 ac
1736 3171 1794 3213 ut
1825 3160 2056 3230 probum

502 3259 725 3319 praestet
770 3249 974 3303 Christi
1036 3250 1216 3303 rvium
1268 3250 1373 3303 sibi
1405 3250 1840 3305 concreditarum
1869 3262 2053 3321 pasto-

505 3357 642 3406 rem,
698 3341 944 3411 plurimis
975 3343 1149 3410 iisque
1204 3343 1439 3396 maxime
1467 3343 1655 3397 arduis
1695 3343 2055 3415 distringatur

504 3433 740 3505 negotiis
773 3434 957 3488 :dabit
984 3442 1165 3486 tamen
1192 3435 1532 3504 propediem,
1555 3435 1600 3489 si
1647 3435 1894 3491 divinare
1928 3437 2056 3492 licet

500 3526 675 3596 majus
727 3525 904 3578 adhuc
959 3525 1043 3578 sui
1103 3525 1375 3590 specimen
1413 3526 1467 3579 in
1494 3526 1827 3597 lucem,quo
1849 3530 2056 3599 perspi-

502 3633 664 3672 cuum
711 3618 963 3670 omnibus
1041 3616 1153 3680 fiet,
1197 3633 1282 3671 me
1348 3618 1463 3670 haec
1511 3620 1823 3674 assentandi
1882 3623 2052 3692 gratia

504 3709 732 3760 minime
766 3706 1158 3776 promulgasse,
1184 3709 1276 3760 sed
1297 3708 1454 3778 longe
1484 3709 1661 3764 adhuc
1687 3712 1827 3763 intra
1853 3713 2051 3767 verita-

503 3799 572 3852 tis
629 3799 832 3851 limites
890 3800 1157 3852 calamum
1194 3800 1548 3854 continuisse.
1609 3800 1762 3866 Quod
1793 3802 1839 3857 si
1891 3805 1977 3859 his
2027 3819 2058 3860 e

500 3891 688 3945 Graeco
759 3891 1032 3944 vertendis
1113 3906 1300 3945 vacare
1367 3893 1649 3958 voluisset,
1725 3909 2059 3964 supervacue

505 3980 662 4033 nobis
705 3981 972 4033 maximus
1017 3981 1106 4033 hic
1172 3981 1327 4034 labor
1381 3993 1707 4037 sumeretur.
1739 3983 1866 4040 Scio
1913 3988 2058 4040 enim

505 4073 772 4127 nonnulla
823 4088 946 4126 eum
976 4076 1126 4142 quasi
1163 4089 1258 4143 per
1279 4076 1463 4130 ludum
1529 4078 1631 4132 sibi
1678 4079 1779 4147 ipsi
1829 4079 2058 4134 vertisse

2155 1969 2273 2024 Scis
2318 1978 2374 2023 et
2429 1969 2605 2024 viduae
2655 1970 2764 2025 duo
2825 1985 2931 2024 ara
2984 1971 3195 2025 minuta
3224 1986 3334 2025 non
3370 1971 3533 2026 modo
3563 1971 3732 2027 fuisse

2156 2063 2370 2116 Christo
2391 2064 2717 2134 gratissima,
2741 2063 2834 2118 sed
2862 2064 3116 2120 omnibus
3173 2079 3393 2134 quoque
3427 2065 3729 2134 splendidis

2155 2154 2383 2208 divitum
2448 2155 2770 2209 muneribus
2819 2155 2887 2209 ab
2941 2169 3006 2210 eo
3035 2157 3444 2224 praepositazet
3473 2157 3727 2226 poculum

2156 2259 2310 2312 aqum.
2367 2245 2570 2314 frigidm
2620 2246 2820 2300 Christi
2884 2246 3105 2301 nomine
3154 2245 3492 2314 offerentem,
3525 2263 3731 2318 nequa-

2158 2350 2318 2402 quam
2342 2336 2566 2404 praemio
2594 2336 2978 2391 fraudandum.
3009 2337 3066 2391 Si
3086 2337 3250 2407 igitur
3276 2353 3479 2392 munus
3508 2339 3612 2394 hoc
3662 2341 3732 2394 ad

2159 2438 2283 2480 tuas
2328 2427 2474 2480 domi
2537 2426 2804 2496 repositas
2861 2428 3078 2482 divitias
3153 2429 3427 2492 conferas,
3486 2429 3733 2499 profecto

2156 2519 2320 2573 vilius
2342 2519 2448 2573 erit
2475 2519 2865 2589 abjectissimis
2883 2535 3172 2589 caprarum
3195 2521 3317 2590 pilis
3352 2539 3366 2577 :
3402 2525 3489 2576 cui
3522 2522 3733 2578 nihilo-

2157 2612 2359 2675 minus,
2386 2611 2528 2666 sicut
2562 2620 2616 2666 ct
2643 2611 2770 2676 illis,
2793 2611 2947 2667 locus
2976 2613 3078 2666 erit
3110 2612 3175 2665 ad
3219 2613 3495 2668 exteriora
3553 2615 3737 2670 taber-

2159 2703 2338 2756 naculi
2386 2703 2598 2758 Domini
2649 2706 2996 2760 asservanda.
3053 2707 3108 2759 Si
3165 2721 3294 2761 vero
3322 2707 3563 2761 animum
3627 2723 3736 2776 quo

2161 2794 2543 2848 munusculum
2599 2795 2703 2848 hoc
2733 2805 2836 2849 tuae
2871 2795 3254 2851 illustrissima:
3277 2797 3512 2852 olIertur
3558 2797 3738 2853 Celsi-

2162 2883 2329 2935 tudini
2355 2885 2726 2953 conspexeris,
2753 2885 2925 2938 audeo
2957 2900 3226 2951 asserere,
3259 2902 3395 2939 auro
3419 2894 3475 2941 ct
3523 2902 3729 2956 argen-

2160 2979 2232 3035 to,
2295 2988 2538 3042 purpura
2576 2981 2630 3027 et
2669 2975 2851 3044 bysso,
2886 2974 3156 3044 lapidibus
3181 2974 3473 3044 onychinis
3497 2989 3559 3029 ac
3580 2990 3736 3045 gem-

2159 3065 2264 3116 mis
2322 3065 2482 3133 longe
2541 3065 2891 3135 prmstantius
2936 3065 3075 3120 fore.
3104 3065 3318 3119 Etenim
3351 3065 3521 3135 siqua
3572 3065 3626 3118 in
3673 3079 3734 3119 re

2158 3157 2338 3219 detur,
2369 3164 2428 3210 ut
2455 3158 2710 3227 propensi
2741 3171 2864 3225 erga
2914 3166 2965 3212 te
3032 3157 3136 3212 mei
3167 3158 3333 3211 animi
3378 3159 3542 3213 iacias
3585 3159 3738 3228 prri-

2163 3249 2368 3313 culum,
2427 3249 2628 3302 nullam
2680 3249 2863 3303 subire
2908 3264 3235 3304 recusavero
3285 3249 3634 3315 sententiam,
3684 3250 3735 3304 si

2162 3357 2248 3394 me
2295 3343 2405 3395 ullo
2456 3341 2619 3395 modo
2681 3352 2734 3395 te
2789 3341 3071 3395 inveneris
3133 3341 3413 3396 fefellisse.
3465 3341 3545 3397 Ne
3602 3356 3734 3412 ergo

2162 3447 2360 3485 munus
2391 3432 2492 3485 hoc
2520 3435 2573 3485 in
2601 3446 2660 3486 se
2704 3433 3039 3498 consideres,
3082 3448 3185 3487 nec
3215 3435 3296 3487 ad
3316 3433 3622 3488 universam
3655 3433 3733 3488 tui

2161 3524 2332 3577 musci
2386 3523 2777 3592 supellectilem
2819 3523 3111 3579 conferas:
3161 3525 3256 3580 sed
3331 3525 3399 3580 ad
3452 3523 3733 3580 oti‘erentis

2162 3615 2425 3680 animum,
2471 3630 2580 3685 quo
2660 3615 2713 3670 id
2767 3617 3075 3671 verecunde
3135 3617 3387 3688 porrigit,
3439 3633 3732 3687 parumper

2164 3707 2602 3773 oculosdeﬂecte,
2618 3724 2679 3763 ac
2698 3710 3081 3763 munusculum
3101 3711 3257 3763 hilari
3278 3711 3456 3764 fronte
3471 3712 3689 3779 suscipe
3712 3729 3731 3768 :

2162 3811 2220 3854 ut
2259 3801 2387 3854 dum
2417 3802 2529 3856 haec
2561 3817 2670 3856 nou
2704 3803 2913 3872 ingrata
2949 3802 3044 3856 tibi
3084 3802 3253 3856 fuisse
3295 3803 3730 3872 deprehendero,

2162 3895 2394 3963 majores
2427 3896 2493 3949 ad
2514 3895 2825 3966 hujusmodi
2850 3897 3028 3951 studia
3056 3898 3198 3952 vires
3240 3913 3534 3953 assumant.
3578 3899 3727 3965 Vale,

2161 3988 2451 4056 praesulum
2506 3988 2673 4042 decus
2725 3989 3008 4042 eximium.
3072 3989 3296 4042 Lovanii
3328 4005 3475 4044 anno
3503 4007 3531 4045 a
3566 4000 3730 4062 partu

2161 4081 2424 4149 virgineo,
2463 4080 2622 4145 1545,
2657 4090 2812 4135 sexto
2844 4080 2970 4135 ldus
2997 4083 3249 4152 Augusti.

623 4341 918 4422 Ejusdem
956 4343 1298 4401 admonitio
1347 4353 1418 4402 ae
1455 4354 1705 4404 auctore
1761 4343 2630 4500 horurrltsﬁ‘omlmfntariorum
2691 4367 2765 4408 ex
2814 4348 3080 4410 editione
3125 4345 3208 4429 (α)
3242 4350 3614 4414 ιουαηίρηεί

2101 4470 2116 4496 ,
2199 4445 2229 4481 ο
2265 4470 2279 4485 .

2101 4470 2116 4496 ,
2161 4445 2279 4496 [οι.

585 4545 839 4602 Studioso
889 4549 1123 4604 Lectori.

577 4638 710 4692 Cum
737 4640 835 4692 hos
864 4639 1290 4699 Commentarios
1323 4653 1448 4699 ante
1488 4647 1689 4715 aliquot
1737 4663 1950 4703 menses
1986 4648 2058 4720 (ι)

509 4730 564 4783 in
599 4731 772 4784 lucem
799 4733 1106 4796 ederemus,
1135 4737 1373 4791 studiose
1405 4739 1596 4805 lector,
1617 4755 1716 4794 nec
1741 4742 1873 4796 certi
1899 4743 2059 4812 quid-

509 4839 671 4893 quam
733 4825 1073 4892 haberemus,
1137 4829 1277 4896 quod
1310 4830 1375 4883 de
1407 4841 1626 4885 auctore
1667 4832 2056 4899 divinaremus,

510 4916 735 4986 aliorum
782 4915 973 4986 magis,
1030 4934 1190 4985 quam
1249 4931 1490 4975 nostrum
1559 4925 1730 4978 secuti
1771 4925 2056 4993 judicium,

511 5006 714 5074 prmiati
766 5023 975 5072 sumus,
1031 5009 1354 5077 quibusdam
1415 5012 1580 5068 videri
1612 5023 1886 5069 auctorem
1937 5031 2059 5070 esse

583 5163 829 5238 (uillanc
864 5161 1361 5238 editioneruyquarn
1397 5163 1657 5218 beneﬂcio
1698 5166 1902 5238 Hcynii,
1958 5170 2057 5222 viri

517 5233 859 5298 perillustns,
892 5247 958 5282 ex
1001 5231 1321 5285 bibliotheca
1383 5231 2057 5291 universitatis'Goettin-

514 5302 693 5367 gerisis
715 5302 920 5367 accepi,
951 5314 1193 5373 recoiiset
1213 5302 1555 5373 ilamtierger,
1579 5307 1644 5355 im
1667 5309 1854 5358 vierleu
1885 5308 2057 5361 Theile

515 5373 608 5419 (λεν
650 5373 1026 5438 ειη-ετιᾶδδέρρη
1065 5371 1411 5425 Kac/melitera
1447 5371 1539 5425 con
1575 5377 1669 5428 den
1704 5385 2060 5431 come/master:

513 5439 939 5504 Sc/iril‘tstellem.
979 5455 1092 5508 pag
1120 5443 1205 5493 8'2.
1251 5445 1333 5494 85.

584 5514 655 5574 th)
690 5511 1030 5587 annoloda,
1073 5520 1224 5587 sexto
1257 5514 1378 5564 ldus
1438 5515 1683 5582 Augusti,
1724 5527 1779 5568 ut
1824 5531 1888 5570 ex
1941 5519 2059 5587 ejus

516 5582 829 5647 pra'latione
867 5579 1200 5650 intelligitur.

589 5650 932 5721 (cititagnum
962 5665 1076 5721 esse
1129 5651 1416 5703 discrimen
1485 5658 1768 5716 acuminis,
1827 5659 2056 5721 ordinis,

517 5719 747 5779 consilii,
808 5720 1198 5788 gul-citatisque
1236 5723 1376 5773 inter
1425 5719 2054 5784 Pseudo-llﬂcumenium

513 5797 568 5842 et
600 5798 738 5840 inter
765 5789 1131 5859 Euthymium.
1163 5805 1322 5844 nemo
1361 5794 1414 5845 in
1439 5795 1664 5853 dubium
1704 5799 1933 5859 vocabit.
1963 5801 2056 5869 qui

2088 4567 2134 4623 ι)
2164 4555 2589 4619 υΕευωθηὶυηι,
2650 4572 2811 4626 quem
2873 4557 2926 4610 in
2959 4569 3156 4613 caetera
3205 4556 3341 4612 Novi
3396 4561 3728 4619 Testamenti

2166 4645 2314 4699 brevi
2382 4664 2410 4700 a
2469 4649 2627 4702 nobis
2685 4649 2938 4704 Latinum
2975 4652 3237 4721 accipies.
3273 4654 3589 4724 Quanquam
3622 4661 3640 4728 (
3673 4669 3730 4712 ut

2163 4752 2350 4790 verum
2399 4739 2587 4810 fatear)
2623 4743 2785 4812 hujus
2835 4745 3051 4814 phrasis
3084 4746 3151 4799 ab
3182 4746 3271 4800 illo
3304 4762 3412 4800 non
3462 4753 3726 4820 paruin(c)

2165 4829 2579 4888 mihidissidere
2609 4835 2913 4890 videbatur.
2952 4837 3109 4892 Nunc
3132 4855 3260 4893 vero
3296 4844 3546 4895 eumdem
3583 4848 3725 4897 nacti

2166 4935 2443 4980 auctorem
2503 4927 2556 4979 in
2626 4927 2868 4984 Psalmos
2925 4930 3234 4996 Davidicos,
3292 4948 3346 4989 et
3385 4936 3435 4988 iu
3499 4937 3719 4990 Cantica

2168 5028 2283 5083 qua:
2323 5017 2398 5085 (ά)
2458 5033 2566 5071 una
2623 5033 2745 5074 cum
2787 5021 3016 5076 Psalmis
3069 5027 3219 5078 canit
3294 5027 3554 5091 Ecclesia,
3625 5030 3729 5092 iam

2167 5185 2458 5257 utrumque
2487 5177 2694 5257 legerit,
2723 5181 2814 5257 sed
2837 5182 2901 5257 de
2927 5181 3264 5257 OEcumenio
3287 5184 3410 5247 quid
3442 5187 3728 5257 sentirem,

2169 5248 2270 5322 dici
2293 5247 2452 5322 alibi.
2487 5249 2619 5299 Cum
2646 5249 2929 5318 Euthymio
2955 5254 3103 5305 nullo
3127 5256 3287 5305 modo
3310 5247 3726 5322 comparandus:

2171 5315 2491 5400 ESitnilliuiu's
2512 5327 2688 5400 autem
2723 5315 3012 5400 E'u’thfvmio
3058 5334 3139 5376 est
3191 5315 3729 5400 Pseudo—‘l‘heophy;

2170 5384 2344 5436 lactus
2377 5387 2427 5436 in
2454 5386 2721 5453 Epistolas
2747 5384 3022 5443 I’aulinas.

2173 5523 2181 5532 .
2242 5454 2444 5519 (djlsta
2475 5459 2683 5534 cantica
2731 5459 2784 5534 in
2846 5462 3119 5529 plerisque
3178 5464 3456 5519 codicibus
3512 5467 3622 5520 τῶν
3645 5474 3722 5534 θ’,

2166 5527 2467 5604 junguntur
2511 5527 2801 5604 “Psalmis:
2847 5527 3148 5604 Alqueiita
3218 5536 3380 5604 etiam
3449 5545 3620 5604 reperi
3659 5527 3725 5598 iui

2168 5596 2382 5668 duobus
2427 5596 2709 5668 codicibus
2758 5596 3172 5668 Mosqucnsibus
3219 5596 3554 5658 l‘salmoruin
3600 5596 3723 5665 cuni

2167 5666 2615 5738 interpretatione
2673 5666 2970 5738 Euthyniii,
3027 5674 3279 5726 nimirum
3315 5678 3368 5728 in
3402 5680 3522 5729 cod.
3580 5679 3720 5735 Bibl.

2168 5731 2266 5784 SS.
2305 5736 2490 5801 synodi
2520 5751 2671 5789 num.
2712 5731 2887 5793 l96'et
2916 5740 3002 5794 97.
