4030 6528
1596 430 2020 495 ΡΗᾹΞΕΑΤΙΟ.
3388 420 3458 482 43

159 456 221 519 ιι
1597 456 1906 495 fil/nihil
1922 456 2020 494 1U.
3388 456 3457 482 ευ

158 563 400 620 secundo
438 560 508 634 (ε)
538 560 679 633 typis
708 570 997 621 excusum,
1036 549 1350 607 certissimo
1374 530 1583 604 certius
1632 543 1753 599 ausi
1781 547 1833 607 Α
1860 542 1927 597 Et
1949 539 2241 611 utrobique
2291 552 2461 609 super
2491 552 2557 593 eo
2588 536 2780 604 verbo,
2821 534 3044 590 Prwibis
3087 544 3214 588 ante
3263 532 3459 603 [aciem

157 671 350 712 sumus
404 656 552 710 l‘erre
603 650 898 723 judicium,
954 648 1152 702 horum
1213 637 1754 698 Commentariorum

158 757 441 802 auctorem
478 758 603 799 esse
648 740 1007 814 Euthymium
1040 738 1105 809 (ι’)
1148 733 1512 804 Zigabonum.
1565 726 1755 798 Neque

158 838 305 893 enim
361 852 525 892 uvum
570 849 682 890 ovo
714 832 819 888 fuit
875 844 1117 900 unquam
1177 825 1318 881 adeo
1352 822 1553 886 simile,
1587 834 1751 890 quam

165 930 279 984 haec
300 930 377 999 (9)
416 925 635 998 phrasis
664 925 764 978 illi.
802 921 1001 977 Videas
1025 919 1079 972 in
1119 926 1355 986 utroque
1385 922 1600 985 gratam
1624 925 1749 964 cum

162 1022 328 1078 simili
367 1023 578 1091 pietate
608 1016 959 1078 brevitatem,
990 1010 1330 1066 succinctam
1394 1004 1760 1061 Hebraismo-

161 1130 283 1169 rum
328 1113 798 1183 explanationem.
828 1107 894 1161 Et
925 1101 1391 1177 quemadmodum
1423 1100 1499 1154 ibi
1538 1097 1749 1152 Psalte-

160 1208 328 1272 rium,
364 1207 438 1260 ita
468 1213 525 1260 et
557 1205 649 1259 hic
676 1202 1021 1272 singulorum
1060 1195 1528 1267 evangelistarum
1588 1206 1755 1245 enar-

161 1302 404 1352 rationes
431 1296 596 1351 simili
643 1310 708 1350 ac
759 1298 1091 1365 pervenusta
1148 1286 1431 1345 concludit
1455 1284 1529 1356 (It)
1548 1283 1760 1347 δοξολο-

161 1393 262 1461 γίᾳ
288 1392 479 1462 junCta
540 1386 887 1458 παραινέσει.
918 1384 1075 1439 Adde
1246 1380 1393 1451 quod
1444 1379 1591 1432 inter
1648 1390 1760 1431 ca:-

164 1494 286 1538 tera
344 1491 566 1537 enarrat
614 1490 670 1536 et
698 1479 885 1536 Mariae
925 1492 991 1532 ac
1014 1474 1299 1534 Zachariae
1356 1471 1593 1534 cantica,
1634 1483 1759 1538 qua:

165 1577 336 1631 habet
373 1576 551 1631 Lucas
608 1575 788 1646 primo
836 1572 1015 1641 capite
1045 1587 1061 1624 :
1094 1582 1327 1640 quorum
1361 1574 1416 1622 et
1482 1564 1540 1618 in
1574 1563 1679 1617 hoc
1707 1570 1765 1616 et

164 1674 228 1723 in
251 1668 345 1723 illo
365 1668 525 1729 libro.
558 1667 741 1723 verbis
777 1666 1046 1720 duntaxat
1073 1677 1175 1733 pro
1199 1660 1468 1715 varietate
1486 1656 1762 1726 interpre-

164 1770 284 1815 tum
311 1762 636 1827 immutatis,
673 1760 925 1815 eamdem
956 1755 1171 1813 videbis
1227 1750 1759 1825 interpretationem.

244 1920 312 1993 (ε)
352 1921 429 1976 Ex
458 1924 560 1978 hoc
590 1922 795 1993 colligit
821 1920 1433 1993 Hambergerus,_supra
1455 1912 1725 1993 laudatus
1747 1927 1762 1964 :

162 1982 494 2064 Da'u'einige
515 1982 853 2064 Exempiare,
868 1982 1582 2064 alleLWIr/trecheiitlyltlteit
1602 1982 1736 2064 nth
1748 2020 1763 2046 ,

161 2065 267 2117 da:
298 2053 456 2117 Jaltr'
478 2065 640 2128 15l5,
669 2053 772 2132 an]
810 2053 927 2116 dem
976 2059 1116 2115 Tite!
1147 2059 1359 2132 ῙῦΙίι-εη.
1400 2056 1509 2110 Sed
1536 2053 1771 2132 voca-bn-

165 2134 286 2188 lum
346 2124 634 2188 οπωςηηῖ
676 2124 757 2189 est
823 2124 1166 2203 ambiguum;
1233 2127 1542 2203 Incertum_
1592 2124 1766 2203 enim,

165 2214 359 2258 utrum
386 2206 451 2258 ad
485 2203 922 2259 Commentarios
959 2194 1015 2255 in
1038 2200 1308 2263 Psalmos,
1366 2212 1436 2251 an
1476 2196 1545 2251 ad
1600 2194 1765 2248 Com-

166 2274 478 2329 mentarios
505 2276 559 2329 in
600 2276 895 2345 Evangelia
920 2275 1003 2345 sit_
1051 2271 1435 2345 referendum.
1462 2265 1569 2321 Sed
1613 2263 1772 2345 “illud

169 2354 329 2413 puto.
366 2347 579 2399 Etenim
618 2334 1079 2398 iloni'el‘alconius
1127 2342 1181 2394 in
1212 2338 1578 2413 Bibliotheca
1608 2334 1771 2390 Cois-

166 2408 400 2480 iiniana,
434 2431 485 2482 p.
521 2415 610 2477 58,
635 2422 906 2468 memorat
939 2414 1158 2466 illorum
1209 2408 1768 2482 Commentariorum,

167 2500 240 2538 ex
268 2477 725 2555 interpretatione
750 2484 987 2552 Philippi
1004 2482 1196 2555 Sauli,
1216 2477 1772 2555 editionemnveronar

168 2556 230 2608 in
260 2556 354 2608 fol.
380 2548 511 2609 ann.
540 2556 698 2618 1530,
726 2563 781 2608 et
804 2548 981 2607 Lut'e't.
1000 2553 1057 2607 in
1080 2553 1134 2618 8,
1160 2567 1293 2606 ann.
1317 2549 1474 2604 1545.
1503 2548 1771 2610 Priorem,

170 2626 218 2679 si
254 2636 401 2679 recte
436 2626 684 2689 memini,
716 2625 823 2678 vidi
846 2623 1120 2693 quondam
1166 2623 1225 2678 in
1271 2619 1607 2693 bibliotheca
1651 2632 1770 2670 am-

170 2695 404 2765 plissimi
444 2706 667 2750 senatus
707 2690 1254 2765 Lipsiensis._liane,
1282 2699 1345 2745 ut
1393 2690 1632 2765 videtur,
1669 2702 1774 2741 no-

174 2759 257 2835 tat
308 2766 735 2835 Hambergerus,
772 2759 899 2819 loco
944 2763 1164 2819 laudato
1197 2775 1510 2832 quanquam
1542 2759 1631 2813 hic
1671 2772 1772 2827 pro

175 2832 427 2901 Lutetiae,
449 2832 671 2906 scripsit
692 2835 936 2891 Parisiis.
960 2835 1211 2889 Alterum
1236 2838 1624 2904 argumentum
1656 2836 1765 2893 est,

213 3004 2777 3035 __________________._____..__———————-——-———-

1856 636 2074 691 Domini
2107 633 2440 704 pararevias
2488 631 2629 701 ejus.
2691 630 2828 697 Qua
2890 629 3025 695 sint,
3087 628 3289 698 inquit,
3356 627 3461 679 via:

1858 729 1978 799 ejus
2023 728 2265 783 diximus
2320 726 2485 781 tertio
2540 724 2720 795 capite
2810 722 3099 791 Evangelii
3155 720 3463 776 secundum

1860 818 2199 884 Matthmum,
2218 814 2324 871 'ubi
2353 817 2586 871 habetur
2618 831 2631 868 :
2673 814 2781 869 Vox
2805 812 3092 867 clamantis
3122 816 3177 866 in
3236 813 3462 877 deserto,

1860 921 2057 983 parate
2089 912 2229 965 riam
2265 908 2504 963 Domini.
2536 906 2673 962 Cum
2701 909 2818 961 haec
2839 907 3056 976 aliaque
3118 906 3467 977 plurimaque

1863 1005 2173 1061 certissima
2223 1005 2290 1058 de
2352 1003 2458 1058 hoc
2529 1011 2760 1059 auctore
2843 1000 3049 1055 indicia
3106 998 3464 1061 haberemus,

1863 1098 2161 1154 maluimus
2214 1097 2269 1151 in
2306 1096 2394 1151 his
2447 1112 2570 1167 qua:
2635 1094 2882 1149 nondum
2956 1093 3223 1147 distracta
3281 1098 3464 1151 erant,

1864 1192 2299 1263 exemplaribus,
2360 1191 2612 1247 studioso
2666 1188 2859 1245 lectori
2895 1187 2949 1242 id
2984 1186 3253 1245 indicare.
3301 1198 3468 1254 quam

1864 1300 1992 1339 eum
2024 1283 2235 1339 diutius
2260 1298 2594 1353 suspensum
2661 1292 2874 1335 tenere.
2900 1278 3089 1344 Quare
3138 1275 3285 1330 sicut
3342 1273 3471 1328 illo-

1865 1391 1988 1430 rum
2017 1375 2559 1430 Commentariorum
2602 1372 2656 1425 in
2686 1370 2958 1433 Psalmos,
2994 1378 3278 1422 auctorem
3302 1379 3471 1420 nemo

1864 1469 2079 1524 dubitat
2138 1482 2269 1522 vere
2316 1480 2442 1521 esse
2506 1464 2865 1536 Euthymium
2946 1460 3316 1531 Zigabonutn,
3383 1457 3468 1511 sic

1868 1577 2051 1632 neque
2085 1561 2355 1629 deinceps
2408 1559 2605 1613 horum
2677 1558 2731 1612 in
2773 1553 3073 1626 Evangelia
3107 1551 3473 1607 Commenta-

1869 1656 2081 1711 riorum
2107 1654 2426 1724 suspicetur
2454 1654 2748 1723 quisquam
2806 1650 2974 1703 alium
3008 1661 3132 1703 esse
3163 1653 3471 1701 auctorem.

1869 1747 2021 1804 Vale.
2054 1746 2215 1802 Anno
2248 1746 2406 1801 1544.
2440 1744 2616 1800 Nonis
2647 1741 2962 1799 Februarii.

1872 1905 2017 1975 quod
2072 1904 2129 1957 in
2155 1902 2387 1975 haetpsa
2404 1902 2646 1975 editione
2674 1898 2976 1975 Euthymii,
3034 1895 3163 1975 anni
3222 1894 3386 1958 15M,
3419 1893 3476 1947 in

1874 1967 2058 2031 l'ndiee
2101 1967 2402 2027 scribitur:
2442 1992 2460 2024 ι
2493 1971 2658 2026 Liber
2702 1972 2792 2024 hic
2822 1967 3029 2038 'neque
3052 1967 3262 2038 Graece,
3296 1980 3479 2038 neque

1870 2046 2065 2119 Latine
2089 2056 2254 2119 antea
2280 2043 2422 2119 typis
2440 2036 2950 2119 unquamexeusus
2964 2049 3069 2094 est.
3086 2036 3365 2119 iQenique
3388 2036 3481 2090 hic

1872 2117 1927 2171 in
1964 2117 2070 2169 line
2118 2108 2735 2184 hujus'admon'itionis
2795 2112 3033 2184 legitur:
3071 2126 3090 2160 ι
3131 2108 3191 2162 ln
3238 2108 3325 2184 his
3357 2122 3483 2177 qua:

1872 2186 2121 2242 nondum
2191 2178 2456 2240 distracta
2478 2193 2660 2249 erant,
2712 2202 2730 2233 ι
2761 2178 2871 2237 etc:
2920 2182 3014 2235 Est
3050 2195 3212 2252 ergo_
3238 2178 3380 2252 haec,
3418 2184 3482 2231 ut

1874 2258 2063 2321 credo,
2127 2254 2298 2309 editio
2351 2248 2653 2326 princeps,’
2689 2262 2903 2307 mutato
2924 2248 3141 2305 tantum
3198 2248 3405 2304 Indice.

2044 2327 2143 2409 Ita,
2176 2341 2277 2409 pro
2308 2325 2632 2409 Zigabemts.

2070 2397 2128 2453 ld
2176 2390 2317 2471 ipse
2365 2390 2531 2471 etiam
2588 2395 2779 2449 testari
2829 2409 3080 2471 possum,
3105 2408 3233 2448 cum
3257 2390 3480 2447 codices

1875 2465 2244 2539 mosquenses
2284 2468 2645 2539 i’salmorum
2667 2465 3044 2539 tractaverim.

1947 2532 2160 2621 (h)'_$ed
2199 2539 2304 2593 hoc
2365 2538 2421 2591 in
2487 2536 2738 2609 pluribus
2799 2535 3025 2590 Patrum
3057 2532 3485 2590 Commentariis

1876 2619 2172 2665 reperitur.

1941 2628 2222 2751 et
2239 2678 2517 2751 similibus
2541 2675 2883 2751 argumentis
2914 2676 2969 2729 in
3001 2675 3197 2746 primis
3223 2674 3479 2751 efﬁcitur.

1880 2745 2167 2832 auctorem
2215 2750 2414 2804 horum
2480 2745 3025 2805 Commentariorum
3088 2762 3213 2803 esse
3272 2745 3487 2814 Euthy-

1883 2837 2077 2877 unum.

2839 2990 3456 3015 _———I—‘

1143 3179 1271 3269 EJ
1304 3175 1691 3269 USDEM
1818 3167 2513 3262 PREFATIO.

732 3541 977 3599 Candide
996 3538 1231 3596 Lectori.

254 3732 334 3789 Ne
396 3730 532 3803 quid
586 3729 645 3784 in
691 3727 800 3783 hoc
859 3735 1084 3781 auctore
1161 3723 1466 3781 evolvendo
1528 3720 1774 3786 haesites,

184 3827 421 3883 candide
442 3825 666 3885 Lector,
702 3819 893 3892 paucis
922 3819 990 3874 de
1036 3817 1200 3872 rebus
1234 3825 1288 3871 te
1337 3814 1595 3870 duximus
1634 3828 1777 3883 pra:-

184 3919 548 3976 monendum.
612 3914 671 3969 id
734 3914 897 3985 igitur
950 3911 1187 3981 primum
1237 3908 1331 3971 sit,
1402 3907 1639 3977 quodin
1707 3920 1776 3959 eo

184 4010 486 4080 exemplari
517 4008 663 4077 quod
695 4006 760 4059 ad
786 4013 1006 4058 nostras
1054 4016 1252 4055 manus
1276 3999 1549 4069 pervenit,
1618 4012 1773 4066 qua:—

188 4104 309 4157 dam
355 4099 747 4156 annotationes
802 4096 1081 4150 interdum
1176 4093 1525 4163 ponebantur
1585 4089 1657 4160 (lt)
1721 4089 1774 4142 in

189 4195 577 4267 marginibus:
631 4205 787 4260 quas,
845 4204 968 4243 cum
1031 4201 1375 4256 nequaquam
1428 4181 1777 4254 ptrnitendas

191 4302 497 4349 censerem,
528 4301 639 4339 non
698 4282 802 4337 fuit
831 4284 1048 4335 animus
1102 4280 1327 4349 penitus
1387 4278 1649 4348 abjicere,
1706 4289 1777 4328 ne

193 4378 278 4433 vel
316 4380 420 4433 hoc
450 4376 742 4431 commodo
797 4373 1152 4428 fraudareris.
1180 4368 1387 4423 Verum
1447 4384 1516 4422 ne
1578 4368 1775 4437 hujus—

192 4474 336 4528 modi
390 4469 843 4527 adnotationibus
894 4465 1172 4537 margines
1240 4464 1609 4533 replerentur,
1663 4468 1778 4516 nec

192 4576 336 4622 esset
382 4564 625 4635 spatium
679 4559 949 4632 ponendis
997 4574 1168 4647 sacra?
1254 4558 1555 4625 Scriptura:
1617 4555 1773 4620 locis,

191 4675 310 4731 qua
354 4659 555 4729 passim
614 4656 683 4711 ab
723 4663 948 4709 auctore
997 4652 1258 4719 citantur,
1317 4667 1410 4707 eas
1438 4651 1494 4704 in
1551 4649 1778 4719 reliqua:

192 4752 488 4822 Scriptura:
563 4749 813 4803 ordinem
862 4746 1198 4816 redegimus,
1257 4754 1422 4813 atque
1481 4752 1604 4812 post
1653 4742 1776 4810 ejus

193 4846 471 4914 particula:
507 4851 688 4898 textus
740 4840 1147 4895 enarrationem
1185 4838 1449 4906 adquam
1493 4834 1776 4905 poneban-

196 4947 300 5001 tur,
341 4935 640 4990 loeavimus
667 4952 680 4986 :
706 4932 873 4987 certis
894 4943 1077 4986 tamen
1097 4930 1424 5000 quibusdam
1458 4928 1520 4997 (ι)
1543 4928 1771 4993 notnlis,

194 5032 319 5085 hinc
347 5030 567 5099 quidem
586 5027 998 5082 adnotationem
1026 5024 1222 5095 ipsatn.
1254 5023 1406 5084 illinc
1440 5039 1571 5076 vero
1593 5023 1775 5077 locum

195 5125 279 5178 cui
306 5124 678 5193 respondeant
731 5118 1172 5190 designantibus.
1228 5118 1375 5171 Alias
1423 5125 1775 5186 autem,quaa

194 5217 404 5270 duobus
437 5214 622 5267 verbis
652 5212 892 5280 capitum
947 5210 1250 5265 sententias
1299 5210 1773 5271 demonstrabant,

194 5310 305 5363 suis
336 5308 470 5361 locis
496 5305 838 5373 reliquimus.
867 5301 1010 5366 Quin
1041 5310 1097 5355 et
1146 5301 1335 5370 paucis
1364 5302 1417 5354 in
1467 5300 1623 5363 locis,
1685 5301 1774 5355 ubi

194 5417 369 5471 operae
422 5400 661 5469 pretium
717 5398 895 5452 visum
927 5403 1033 5459 est,
1091 5406 1323 5448 nostras‘
1346 5409 1565 5463 quoque
1602 5395 1774 5448 adno—

198 5498 527 5550 tatiunculas
560 5492 789 5562 margini
817 5490 1123 5544 addidimus
1159 5505 1170 5540 :
1240 5490 1544 5557 praesertim
1576 5505 1591 5541 :
1652 5504 1776 5542 cum

194 5588 383 5643 littera
442 5586 613 5640 dictio
666 5584 849 5652 aliqua
901 5582 1222 5636 llebraicam
1281 5593 1378 5636 aut
1427 5580 1775 5637 Chaldaicam

262 5750 332 5819 (Κ)
361 5749 509 5803 ldem
535 5742 851 5819 observavit
874 5741 1186 5819 [iicltardus
1241 5740 1526 5819 Simonius
1587 5744 1642 5797 in
1669 5744 1778 5798 Eu—

197 5814 377 5889 thia-iii
437 5818 726 5872 codicibus
790 5814 1078 5877 l’arisinis,
1147 5825 1201 5867 et
1262 5830 1360 5867 nos
1420 5816 1473 5867 in
1544 5824 1779 5884 utroque

202 5891 523 5963 Mosquensi.

564 5988 830 6046 PATROL.
880 5986 996 6043 Cn.
1047 5980 1326 6045 CXXIX.

1818 3546 1861 3603 ε
1897 3534 2064 3589 habet
2126 3535 2420 3606 originem,
2479 3550 2603 3605 qua:
2659 3551 2777 3591 ioca
2843 3543 3040 3591 auctor
3067 3544 3282 3600 noster,
3308 3546 3369 3591 ut
3397 3538 3491 3606 qui

1883 3626 2108 3683 Grmcus
2137 3638 2351 3682 tantum
2370 3638 2537 3693 esset,
2557 3638 2653 3683 aut
2670 3628 2900 3684 omnino
2918 3629 3493 3700 praztermiserat','aut

1883 3720 2546 3776 infelicitertractaverat.
2577 3721 2635 3775 In
2660 3723 2839 3792 primo
2858 3725 3044 3778 statim
3063 3724 3309 3794 cujusvis
3329 3724 3493 3781 faciei

1883 3812 2041 3867 initio
2081 3827 2282 3868 nomen
2326 3813 2700 3884 evangelista',
2732 3830 2839 3869 una
2865 3830 2991 3870 cum
3032 3816 3228 3885 capitis
3262 3831 3495 3872 numero

1881 3910 2036 3979 juxta
2066 3910 2387 3965 Latinorum
2429 3913 2907 3967 enumerationem
2947 3914 3235 3982 posuimus
3273 3931 3287 3967 :
3324 3929 3496 3985 supra

1885 4002 2035 4073 ipsos
2052 4012 2235 4058 autem
2258 4003 2467 4074 pagina:
2486 4020 2697 4071 versus,
2712 4006 3034 4075 majusculis
3054 4006 3278 4072 litteris,
3297 4023 3497 4062 nurne-

1887 4109 2011 4149 rum
2042 4095 2238 4166 capitis
2276 4097 2433 4165 juxta
2476 4096 2788 4152 Graecorum
2837 4102 3312 4168 supputationem,
3348 4101 3497 4169 quod

1879 4202 2001 4244 eam
2038 4190 2206 4244 solam
2254 4199 2447 4244 auctor
2481 4200 2671 4245 noster
2714 4201 2827 4247 toto
2878 4208 3047 4262 opere
3095 4169 3491 4264 prosequatur.

1949 4282 2093 4337 Loca
2109 4299 2239 4338 vero
2266 4301 2294 4337 e
2314 4283 2505 4339 Bibliis
2557 4289 2743 4345 citata.
2776 4297 2872 4340 aut
2898 4302 2961 4340 ca
2990 4291 3401 4351 concerneutia,
3435 4290 3488 4343 in

1880 4377 2127 4445 margine
2172 4378 2602 4445 adnotavimus;
2648 4380 2897 4435 numeris
2955 4382 3109 4451 juxta
3166 4380 3489 4438 Latinomm

1882 4467 2297 4523 distinctionem
2340 4470 2521 4540 capita
2556 4470 2999 4542 designantihus,
3035 4473 3184 4543 quod
3226 4474 3344 4528 ha:c
3368 4476 3490 4543 Opi-

1880 4575 2080 4614 nemur
2123 4576 2246 4616 esse
2293 4563 2389 4616 tibi
2445 4564 2685 4621 notiora.
2753 4564 2856 4619 Ubi
2912 4576 3095 4620 autem
3158 4567 3490 4637 locusquis-

1883 4653 2027 4723 piam
2079 4654 2299 4721 citatus,
2334 4672 2443 4711 non
2478 4656 2643 4712 fuerit
2672 4658 2726 4711 in
2759 4660 3008 4727 margine
3052 4676 3370 4730 expressus,
3421 4664 3490 4716 ad

1882 4745 2133 4813 ejusdem
2161 4748 2459 4804 voluminis
2495 4752 2675 4805 locum
2724 4762 2887 4806 antea
2921 4752 3149 4807 citatum
3182 4756 3486 4820 recurrite;

1888 4839 1941 4893 id
1980 4842 2128 4893 enim
2179 4843 2247 4898 de
2301 4843 2575 4898 indusrria
2628 4844 2937 4909 omisimus,
3001 4862 3070 4899 ne
3123 4847 3265 4900 idem
3328 4859 3494 4918 caput

1890 4935 2135 5005 ejusdem
2180 4937 2472 4992 voluminis
2507 4939 2667 4993 toties
2710 4939 2920 4995 iteratis
2958 4941 3167 4995 vicibus
3198 4942 3495 4997 adnotare-

1890 5044 2032 5083 mus.
2094 5029 2349 5099 ignosces
2376 5032 2541 5085 etiam
2593 5046 2693 5100 pro
2723 5040 2815 5085 tua
2856 5032 3222 5097 humanitate,
3256 5034 3492 5089 candide

1890 5120 2086 5185 lector,
2106 5124 2250 5192 quod
2273 5139 2431 5178 voces
2466 5126 2731 5192 quasdam
2763 5140 2871 5178 non
2910 5126 3286 5190 vitaverimus,
3313 5142 3342 5178 a
3366 5128 3492 5196 qui-

1892 5210 1994 5265 bus
2028 5224 2215 5268 nostro
2241 5216 2347 5269 hoc
2377 5216 2606 5269 icliciori
2635 5217 2837 5269 sa-culo
2866 5216 3171 5271 abhorrent
3198 5218 3451 5272 nonnulli
3478 5236 3493 5285 ;

1886 5302 2052 5358 veluti
2088 5316 2238 5366 sunt.
2280 5308 2539 5369 salvator,
2576 5306 2812 5370 saloare,
2862 5309 3117 5375 compati.
3164 5310 3491 5373 comparsio,

1884 5395 2420 5467 incompasribilitar,
2471 5402 2819 5470 dispensatio,
2873 5401 3259 5468 dispensatorie
3302 5417 3365 5453 ac
3412 5403 3488 5454 si—

1886 5493 2081 5548 miles:
2132 5492 2474 5563 potiSsimum
2573 5510 2698 5548 cum
2750 5493 2995 5547 viderem
3049 5493 3399 5548 doctissimos
3428 5510 3492 5547 ai-

1888 5586 2371 5656 cloquentissimos
2436 5586 2750 5641 christiana:
2802 5586 3082 5657 religionis
3136 5602 3402 5655 proceres
3426 5588 3495 5641 ab

1892 5829 1906 5873 ι
1954 5750 2026 5873 ρ)
2053 5745 2325 5802 Nimirum
2360 5746 2515 5817 signo
2566 5746 2749 5803 crucis
2778 5746 2924 5817 quod
2970 5763 3072 5803 nos
3103 5761 3324 5819 quoque
3370 5745 3495 5801 imi-

1917 5834 1947 5873 3
1978 5837 1989 5873 l
2024 5834 2234 5873 SUUHIS.

1917 5834 1989 5873 all
2024 5834 2234 5874 SUUHIS.

3080 5970 3114 6031 2
