4030 6514
616 424 686 488 43
2008 423 2104 481 PR
2115 422 2173 480 ίΕ

2277 419 2418 480 T10.
3768 414 3843 475 Η

622 537 709 589 his
773 546 1105 603 nequaquam
1164 528 1532 595 abhorruisse,
1588 527 1772 582 Tertul
1798 528 1978 583 ianum
2033 528 2174 592 dico,
2210 538 2249 590 Α
2279 540 2515 596 praesens
2548 531 2640 579 aut
2674 523 3007 594 prmtcritum
3033 523 3354 590 efferuntur,
3388 523 3585 580 habeat
3611 524 3663 578 in
3692 524 3844 579 futu-

623 627 985 689 Lactantium,
1038 622 1385 693 Cyprianum,
1416 619 1802 692 Hieronymum
1873 631 1925 675 et
1959 620 2168 689 Augus-

620 717 814 773 tinum.
842 717 931 783 qui
969 714 1129 767 etiam
1154 728 1250 767 xitt
1276 713 1351 765 De
1382 711 1577 766 Trinit.
1600 749 1614 773 ,
1643 724 1743 780 cap
1776 710 1861 778 l0,
1894 712 1964 763 ita
1994 712 2170 779 loqui-

618 817 748 860 tur:
787 805 927 859 «Nisi
952 804 1252 865 .inﬁrmitas
1284 812 1447 862 esset.
1495 802 1761 856 medicum
1811 802 2170 855 necessarium

618 913 727 952 non
757 900 1032 957 haberent,
1065 896 1158 964 qui
1186 908 1266 949 est
1300 894 1557 949 Hebraice
1584 894 1751 959 Iesus,
1786 894 1967 948 Graece
2001 892 2172 959 Soter,

620 996 801 1040 nostra
863 996 1041 1038 autem
1101 985 1372 1039 locutione
1414 985 1699 1038 Salvator:
1756 985 1897 1052 quod
1951 985 2173 1036 verbum

620 1077 813 1131 Latina
860 1077 1039 1145 lingua
1077 1091 1187 1129 non
1244 1076 1492 1140 habebat,
1546 1075 1639 1129 sed
1694 1076 1888 1129 habere
1942 1086 2173 1145 paterat,

620 1169 760 1219 sicut
799 1166 985 1219 habuit
1023 1166 1236 1233 quando
1272 1164 1489 1218 voluit.»
1530 1165 1594 1218 Et
1624 1165 1815 1218 merito
1869 1166 1981 1219 haec
2046 1165 2178 1219 dicit

623 1260 979 1325 Augustinus.
1004 1255 1135 1320 Quis
1159 1256 1303 1307 enim
1331 1255 1561 1316 dubitat,
1587 1255 1719 1323 quin
1748 1255 1957 1320 Cicero,
1986 1257 2029 1309 si
2052 1270 2179 1309 nos-

626 1347 723 1399 tris
753 1346 947 1399 fuisset
977 1345 1333 1414 temporibus,
1382 1355 1686 1413 nostraeque
1723 1344 1847 1399 ﬁdei
1883 1347 2178 1416 recepisset

622 1436 889 1505 dogmata,
922 1437 1164 1503 plurimis
1193 1450 1322 1489 usus
1345 1437 1535 1489 fuisset
1573 1437 1792 1490 vocibus
1823 1437 2018 1505 quibus
2066 1452 2177 1490 non

624 1536 702 1580 est
742 1541 905 1579 usus:
939 1540 1244 1595 quanquam
1277 1534 1332 1578 et
1360 1527 1479 1594 ipso
1512 1527 1673 1580 verbo
1700 1525 1919 1581 Salvere
1949 1542 2079 1581 usus
2096 1536 2181 1581 est

622 1620 678 1672 in
707 1618 768 1670 L.
807 1620 1077 1681 Pisonem,
1114 1628 1168 1673 et
1215 1620 1332 1685 eius
1362 1634 1490 1673 voce
1522 1623 1754 1687 passiva,
1780 1620 1824 1673 ll
1856 1620 1933 1675 De
1985 1630 2178 1674 natura

627 1714 868 1766 deorum.
899 1713 1260 1777 Quintilianus
1289 1726 1502 1780 quoque
1528 1713 1619 1766 lib.
1652 1728 1743 1777 xit,
1776 1727 1895 1782 cap.
1931 1712 2019 1777 10,
2050 1725 2178 1766 usus

622 1810 708 1854 est
737 1803 927 1854 eodem
957 1803 1160 1866 verbo;
1210 1802 1352 1869 quod
1403 1801 1563 1854 etiam
1613 1802 2004 1855 adnotaverunt
2054 1811 2179 1855 ante

2274 632 2392 671 rum
2422 631 2596 679 versa,
2629 615 2769 669 sicut
2804 614 3049 669 nonnulli
3083 616 3391 685 frequenter
3425 614 3620 671 fecisse
3644 617 3848 671 viden-

2275 718 2405 763 tur:
2460 707 2997 761 animadvertendum
3036 715 3140 767 est,
3204 707 3561 777 evangelistas
3600 718 3657 763 et
3706 723 3848 778 apo-

2274 800 2440 853 stolos
2475 837 2491 863 ,
2519 813 2641 853 cum
2678 812 2873 867 genere
2918 797 3121 850 Hebraei
3156 808 3361 861 essent,
3398 799 3496 852 hac
3525 800 3579 852 in
3614 813 3673 853 re
3694 799 3847 854 sicut

2274 899 2327 943 et
2356 890 2409 941 in
2440 889 2561 942 aliis
2593 888 2799 950 multis,
2850 885 3171 941 llebraicum
3224 895 3440 942 secutos
3484 888 3698 954 idioma,
3731 904 3847 958 quo

2276 981 2352 1033 illi
2391 980 2834 1049 frequentissime
2888 994 2988 1047 pro
3043 980 3317 1047 pra-senti,
3372 981 3513 1049 quod
3558 980 3845 1050 praprium

2277 1085 2385 1124 non
2419 1070 2638 1133 habent,
2696 1078 2791 1123 aut
2816 1085 2914 1138 pro
2948 1068 3155 1132 futuro,
3186 1068 3423 1122 ederunt
3455 1074 3793 1139 praeteritum
3823 1088 3839 1125 :

2276 1170 2441 1230 utque
2471 1162 2521 1213 in
2553 1162 2862 1214 universum
2896 1161 3094 1224 dicam,
3129 1169 3342 1229 tempus
3383 1176 3551 1214 unum
3606 1177 3703 1229 pro
3732 1162 3846 1215 alio

2275 1248 2485 1304 Hebraei
2516 1264 2888 1319 smpenumero
2916 1249 3217 1304 collocant:
3244 1249 3387 1318 quod
3418 1249 3577 1304 etiam
3601 1265 3848 1323 evange-

2276 1341 2414 1394 lista:
2445 1356 2550 1395 non
2588 1356 2708 1393 raro
2734 1340 3006 1405 fecerunt,
3062 1355 3166 1395 nec
3196 1342 3343 1395 solus
3392 1340 3695 1408 Mattheus,
3745 1344 3846 1413 qui

2276 1430 2447 1500 patria
2491 1432 2703 1501 scripsit
2732 1432 2937 1502 lingua,
2986 1432 3089 1486 hoc
3116 1441 3199 1486 est
3244 1430 3492 1499 Hebraea,
3536 1433 3628 1489 sed
3659 1444 3849 1489 eteae-

2277 1522 2400 1585 teri,
2437 1524 2527 1592 qui
2573 1522 2753 1576 Graece
2784 1522 3137 1591 scripserunt.
3190 1520 3443 1587 Quaedam
3490 1536 3615 1593 ergo
3658 1538 3726 1578 ex
3756 1524 3846 1577 in~

2276 1616 2516 1667 numeris
2543 1614 2676 1668 locis
2706 1613 2933 1667 seorsim
2977 1614 3371 1678 reCcnsuimus,
3409 1616 3461 1667 in
3492 1614 3692 1683 quibus
3721 1631 3848 1669 ma-

2277 1701 2473 1757 nifeste
2510 1719 2768 1773 praesens,
2822 1704 3091 1757 interdum
3142 1705 3303 1758 etiam
3357 1704 3691 1774 praeteritum
3741 1720 3848 1775 pro

2281 1793 2465 1847 futuro
2496 1794 2729 1847 locatum
2778 1804 2901 1848 est:
2937 1811 3164 1862 quorum
3198 1805 3252 1849 et
3279 1811 3381 1848 nos
3428 1797 3673 1864 quaedam
3721 1798 3849 1851 exi-

629 1906 725 1943 Ι,οε
750 1891 848 1945 viri
882 1890 1202 1944 dociissimi,
1228 1868 1545 1959 Quanquam
1576 1891 1902 1945 recentiores
1932 1900 2175 1961 typogra-
2210 1868 2249 1922 Β
2278 1892 2436 1954 gente
2466 1884 2754 1947 sententia,
2784 1900 2879 1953 per
2895 1885 3135 1939 futurum
3158 1886 3445 1940 vertimus:
3475 1886 3601 1941 alibi
3626 1903 3850 1957 quoque

629 1983 851 2049 phorum
890 1984 1239 2053 castigatores
1270 1983 1382 2035 ha‘c
1417 1983 1700 2037 immutare
1730 1983 1844 2037 ausi
1877 1983 2021 2037 sint:
2059 1985 2175 2037 sive

627 2074 679 2126 id
730 2088 826 2126 suo
865 2073 1091 2126 fecerint
1135 2073 1377 2137 arbitrio,
1412 2075 1524 2128 sive
1566 2074 1790 2127 aliorum
1850 2088 2038 2139 suasu,
2082 2073 2175 2143 qui

631 2165 742 2216 haec
772 2163 1060 2231 depravata
1096 2161 1265 2217 fuisse
1293 2164 1625 2227 asserebant,
1655 2164 1798 2233 quod
1830 2179 1950 2217 rara
1994 2176 2178 2219 essent

629 2257 871 2308 inventu.
910 2255 1018 2324 Ego
1050 2263 1230 2308 tamen
1266 2255 1422 2326 vulgo
1458 2270 1543 2309 me
1574 2255 1821 2309 nonnihil
1866 2270 2177 2321 accommo-

627 2346 757 2398 dare
793 2344 969 2398 debui.
1004 2343 1139 2410 Quia
1175 2360 1301 2399 vero
1330 2346 1506 2399 locum
1536 2348 1779 2414 quemvis
1802 2350 2175 2400 occiirrentem

627 2436 767 2490 idem
819 2443 1030 2499 auctor,
1073 2436 1223 2489 nullo
1264 2436 1627 2505 praetermisso
1658 2436 1730 2489 ita
1796 2437 2067 2506 explanat,
2117 2445 2178 2491 ut

620 2535 959 2591 quaecunque
990 2522 1135 2575 circa
1158 2537 1275 2575 eam
1305 2523 1607 2586 materiam,
1639 2534 1731 2577 aut
1756 2524 1896 2577 idem
1948 2540 2179 2594 evange-

625 2612 742 2666 lista
775 2614 877 2665 alio
895 2614 949 2666 in
973 2613 1112 2677 loco,
1143 2622 1235 2667 aut
1263 2615 1441 2668 caueri
1469 2624 1775 2676 recensent,
1806 2616 2006 2684 pariter
2035 2617 2179 2669 edis-

626 2713 786 2767 serat,
818 2704 883 2756 ad
907 2704 1126 2757 minima
1159 2720 1329 2775 usque
1350 2706 1678 2776 singulorum
1700 2706 1970 2759 interdum
1995 2709 2175 2769 verba,

629 2794 717 2846 ubi
737 2808 861 2845 vero
878 2808 997 2847 sese
1012 2796 1352 2862 postmodum
1376 2797 1565 2849 eadem
1594 2811 1679 2850 res
1705 2796 1979 2857 obtulerit,
2004 2798 2071 2850 ad
2098 2799 2184 2850 di-

622 2893 761 2938 ctam
795 2885 1288 2952 interpretationem
1320 2887 1483 2940 citato
1529 2888 1681 2955 juxta
1706 2885 2015 2939 Graecorum
2046 2902 2177 2956 sup-

628 2975 954 3042 putationem
974 2977 1145 3044 capite
1168 2979 1524 3031 transmittat:
1550 2978 1747 3031 idcirco
1779 2988 1996 3045 praestat
2021 2986 2176 3031 ante-

628 3079 786 3132 quam
815 3066 1049 3119 auctoris
1080 3067 1238 3120 verba
1273 3067 1645 3137 aggrediamur
1684 3072 2010 3137 praemittere
2033 3068 2177 3121 ordi-

616 3168 750 3208 .tiem
774 3170 835 3208 ac
885 3171 1167 3210 numerum
1214 3158 1541 3226 singulorum
1595 3162 1827 3226 capitum
1884 3162 2041 3213 modo
2071 3175 2177 3229 quo

618 3245 767 3314 apud
794 3247 1005 3300 Graecos
1051 3248 1301 3300 distincta
1332 3256 1479 3308 sunt,
1515 3264 1673 3314 quem
1705 3260 1756 3301 et
1786 3265 1884 3303 nos
1916 3266 2018 3303 una
2049 3267 2174 3305 cum

624 3342 850 3387 auctore
908 3333 964 3385 in
1012 3342 1196 3386 nostra
1250 3333 1500 3386 \ersiune
1551 3336 1909 3389 servabimus.
1971 3336 2178 3393 Deinde

626 3422 750 3489 quia
775 3422 827 3475 in
853 3421 1062 3485 Graeco,
1102 3423 1156 3476 in
1188 3421 1329 3492 quod
1361 3422 1667 3489 incidimus,
1706 3426 2018 3495 exemplari,
2044 3443 2179 3482 cono

628 3520 801 3564 textus
816 3510 1082 3581 Evangelii
1117 3526 1222 3565 non
1270 3527 1390 3565 raro
1425 3512 1691 3582 discrepat
1719 3530 1750 3566 a
1778 3514 2045 3571 Novorum
2076 3517 2181 3573 Te-

628 3611 1021 3657 stamentorum
1064 3602 1319 3665 editione,
1350 3619 1467 3673 quae
1490 3606 1690 3673 passim
1733 3605 1931 3660 Grmcis
1984 3623 2180 3661 excusa

619 3695 767 3765 typis
801 3694 1297 3748 circumferuntur:
1345 3695 1488 3762 quod
1514 3695 1601 3747 ubi
1628 3696 1840 3758 accidit,
1867 3697 2182 3767 plerumque

625 3785 906 3840 conforme
944 3794 1028 3839 est
1065 3786 1336 3854 exemplar
1369 3785 1538 3840 Graeci
1591 3786 1749 3856 hujus
1794 3789 2029 3841 auctoris
2068 3788 2181 3841 edi—

617 3877 756 3930 .tioni
785 3875 1100 3941 Bibliorum,
1128 3892 1244 3945 qua:
1282 3877 1531 3930 dominus
1573 3874 1893 3931 Franciscus
1922 3878 2179 3933 Ximenez

622 3964 1064 4035 archiepisoOpus
1092 3965 1219 4020 olim
1250 3964 1562 4028 Taletanus,
1589 3980 1650 4019 ac
1677 3966 1733 4021 S.
1758 3966 1824 4019 R.
1849 3967 1912 4021 E.
1936 3968 2181 4023 cardina-

624 4055 716 4118 lis,
742 4056 1021 4109 immensis
1067 4055 1393 4125 sumptibus,
1423 4056 1694 4110 laboribus
1728 4072 1790 4110 ac
1828 4057 2035 4127 vigiliis,
2064 4074 2180 4112 ma-

624 4145 767 4198 xima
801 4160 924 4199 cum
956 4145 1227 4216 diligentia
1259 4146 1512 4214 compluti
1566 4149 1770 4201 curavit
1816 4150 2013 4202 nostris
2048 4158 2182 4203 tem-

624 4236 850 4305 poribus
878 4235 1041 4303 variis
1083 4235 1279 4304 linguis
1324 4234 1668 4289 excutienda:
1715 4236 1900 4289 accitis
1946 4237 2183 4307 undique

618 4336 887 4379 terrarum
918 4334 1031 4379 tum
1071 4325 1197 4379 viris
1227 4325 1282 4378 in
1314 4326 1615 4396 linguarum
1644 4327 1948 4394 cognitione
1978 4327 2185 4382 doctis-

618 4415 788 4479 simis,
838 4426 951 4469 tum
1013 4415 1411 4484 exemplaribus
1457 4414 1887 4485 castigatissimis
1912 4430 1977 4470 ac
2006 4427 2165 4470 vetu-

2281 1973 2332 2026 id
2382 1986 2449 2026 ex
2491 1973 2687 2027 littera:
2735 1983 2990 2029 contextu
3019 1982 3114 2029 aut
3163 1991 3225 2029 ex
3263 1975 3391 2044 ipsis
3426 1976 3847 2032 Commentariis

2280 2063 2501 2132 planum
2538 2065 2693 2120 erit:
2745 2065 3014 2121 interdum
3076 2082 3206 2121 vero
3245 2070 3316 2122 ob
3373 2070 3611 2123 auctoris
3667 2072 3847 2125 nostri

2282 2156 2682 2210 enarrationem
2712 2156 2997 2211 immutare
3018 2173 3125 2211 non
3152 2158 3317 2211 licuit.
3349 2159 3443 2212 Est
3466 2168 3519 2214 et
3554 2159 3653 2213 alia
3677 2176 3815 2229 pecu

2282 2246 2427 2301 liaris
2458 2246 2805 2302 Hebraeorum
2836 2249 3064 2318 phrasis,
3103 2265 3261 2319 quam
3296 2264 3402 2304 non
3432 2266 3556 2305 raro
3576 2252 3845 2305 aemulan-

2286 2349 2370 2393 tur
2419 2340 2779 2409 evangelistae,
2808 2357 2912 2409 qua
2938 2357 3036 2410 pro
3079 2342 3318 2409 epitheto
3347 2341 3460 2395 sive
3499 2343 3717 2397 nomine
3746 2346 3843 2397 ad-

2277 2430 2499 2499 jectivo,
2527 2430 2733 2483 addunt
2763 2431 3060 2500 genitivum
3093 2432 3517 2497 substantivum,
3558 2435 3841 2490 dicentes:

2284 2518 2419 2572 Deus
2441 2521 2601 2587 pacis,
2636 2521 3019 2587 misericordiae,
3050 2522 3294 2590 justitiw,
3334 2526 3566 2587 ultionis,
3608 2526 3713 2582 hoc
3738 2539 3842 2593 est,

2286 2609 2559 2677 pacificus,
2601 2611 2930 2677 misericors,
2963 2612 3163 2681 jusms,
3193 2614 3495 2669 ulciscens:
3529 2616 3613 2669 lea:
3637 2620 3844 2683 mortis,

2285 2698 2336 2752 id
2367 2708 2449 2752 est
2491 2701 2809 2767 mortifera;
2849 2702 2950 2770 ﬁlii
2994 2704 3378 2770 inobedieutiw,
3426 2705 3844 2773 inobedientes;

2277 2789 2445 2858 judrx
2475 2790 2787 2858 iniquitatis,
2809 2792 3042 2860 iniquus,
3068 2810 3367 2848 mammona
3398 2798 3714 2865 iniquitatis,
3740 2800 3849 2854 ini-

2283 2896 2449 2949 quum
2474 2898 2494 2944 ;
2538 2897 2633 2933 eoa:
2662 2882 2957 2947 clamantis,
2989 2883 3223 2937 clamans
3252 2900 3267 2949 ;
3301 2885 3543 2941 lortassis
3571 2900 3624 2942 et
3651 2906 3850 2946 merces

2290 2969 2605 3037 iniquitatis,
2634 2969 2843 3037 iniqua.
2880 2970 2969 3024 Sic
3004 2970 3170 3023 Judas
3198 2971 3393 3025 dicitur
3427 2974 3567 3039 ﬁlius
3590 2977 3853 3041 perditio-

2286 3061 2385 3123 nis,
2420 3059 2521 3113 hoc
2551 3070 2631 3115 est
2660 3063 2923 3131 perditus,
2953 3063 3162 3132 aliaque
3188 3064 3488 3117 innumera.
3519 3065 3573 3119 ld
3601 3070 3851 3135 plerum-

2284 3165 2389 3218 que
2434 3152 2717 3205 immutare
2772 3168 2881 3206 non
2933 3153 3086 3206 licuit
3122 3164 3345 3222 propter
3385 3157 3621 3209 auctoris
3670 3160 3848 3213 nostri

2283 3241 2508 3304 scholia,
2537 3257 2657 3310 qua:
2688 3243 2921 3295 litteram
2956 3258 3052 3311 per
3072 3244 3363 3312 genitivum
3386 3244 3849 3313 interpretantur:

2282 3331 2547 3384 interdum
2580 3346 2791 3400 quoque
2820 3347 2929 3385 non
2963 3333 3139 3397 libuit,
3177 3335 3318 3402 quod
3345 3337 3484 3403 apud
3515 3349 3705 3389 omnes
3732 3338 3846 3408 jam

2282 3422 2407 3476 olim
2434 3422 2537 3474 alia
2561 3431 2774 3491 recepta
2809 3433 2953 3477 esset
2993 3427 3284 3480 sententia.

2349 3512 2429 3565 Ad
2448 3512 2561 3565 haec
2579 3513 2754 3566 solent
2774 3512 2978 3567 Hebraei
3012 3514 3156 3568 hanc
3196 3515 3482 3569 dictionem
3508 3519 3717 3570 verbum
3749 3532 3849 3576 aut

2276 3617 2451 3654 sermo
2481 3616 2575 3669 pro
2605 3617 2662 3657 re
2699 3603 2781 3655 vel
2811 3601 2952 3655 facto
2979 3618 3219 3671 ponere:
3256 3610 3401 3673 quod
3435 3607 3487 3658 in
3520 3606 3695 3661 Veteri
3721 3612 3851 3677 qui-

2285 3692 2405 3745 dem
2430 3691 2776 3745 Testamento
2794 3692 3287 3762 frequentissimum
3307 3705 3408 3759 est,
3434 3699 3854 3756 utcum‘dicitur

2283 3776 2416 3845 (Isa.
2442 3774 2564 3845 '59):
2616 3775 2738 3829 Non
2765 3778 2859 3847 fuit
2896 3784 3101 3831 verbum
3127 3780 3262 3847 quod
3294 3796 3397 3833 non
3445 3784 3724 3836 ostenderit
3768 3789 3849 3842 eis

2285 3868 2539 3922 Ezechias
2573 3870 2627 3921 in
2660 3869 2813 3921 domo
2844 3885 2962 3932 sua,
3021 3868 3111 3921 ubi
3170 3877 3349 3923 tamen
3406 3872 3566 3939 paulo
3617 3872 3852 3930 inferius

2281 3960 2668 4029 subsequitur:
2723 3963 2843 4014 Non
2880 3963 2979 4032 fuit
3015 3978 3094 4016 res
3127 3979 3285 4031 quam
3331 3965 3616 4017 ostenderet
3669 3968 3742 4019 eis
3784 3968 3847 4022 in

2282 4055 2537 4108 thesauris
2576 4055 2725 4108 meis.
2768 4056 2833 4108 Et
2873 4057 2997 4109 alibi
3042 4054 3103 4125 (ll
3132 4054 3259 4123 Reg.
3294 4056 3333 4124 1)
3367 4070 3490 4109 cum
3544 4058 3620 4110 ait
3674 4058 3847 4115 David

2283 4157 2471 4212 puero,
2498 4146 2591 4213 qui
2620 4159 2684 4198 ex
2714 4146 2905 4199 castris
2929 4145 3092 4199 Israel
3121 4160 3178 4199 se
3205 4144 3403 4215 fugisse
3428 4146 3659 4202 dicebat.
3691 4148 3849 4213 Quod

2280 4244 2358 4289 est
2386 4236 2595 4289 verbum
2625 4239 2759 4306 quod
2792 4239 2993 4308 factum
3024 4249 3099 4291 est
3130 4241 3155 4292 ἲ
3188 4239 3364 4292 indica
3392 4240 3517 4292 mihi
3545 4257 3559 4305 ;
3591 4247 3646 4294 et
3676 4241 3845 4294 inmt-

2283 4326 2447 4381 meris
2476 4327 2594 4380 aliis
2618 4328 2672 4381 in
2708 4328 2861 4382 locis.
2916 4328 3065 4382 ldem
3122 4330 3175 4382 in
3210 4328 3361 4384 Novo
3403 4346 3619 4401 quoque
3648 4331 3849 4387 Testa-

2286 4424 2473 4468 mento
2503 4414 2703 4483 passim
2738 4414 2919 4484 (Marci
2957 4430 2994 4479 ι,
3026 4414 3137 4470 Luc
3175 4430 3210 4475 ι,
3242 4431 3301 4477 tt,
3329 4416 3401 4485 tv)
3450 4433 3548 4471 usu
3578 4419 3742 4479 venit,
3782 4430 3848 4475 ut

621 4506 896 4569 stissimis,
946 4505 1029 4559 vel
1108 4506 1177 4558 ab
1259 4508 1373 4573 ipsa
1445 4503 1640 4558 Leonis
1712 4505 1759 4558 Χ
1825 4505 2178 4571 Bibliotheca,
2211 4513 2405 4585 Deum
2471 4502 2718 4570 leprosus
2764 4512 2982 4556 curatus
3032 4504 3413 4559 disseminasse
3462 4507 3663 4560 dicitur
3712 4505 3847 4562 Ser-

621 4595 762 4647 vela
804 4594 1129 4649 Venetorum
1170 4605 1358 4649 senatu
1420 4594 1765 4658 transmissis,
1799 4606 1891 4649 aut
1936 4598 2173 4663 aliunde,

618 4685 767 4738 nulla
798 4699 1155 4753 expensarum
1189 4700 1285 4738 seu
1322 4687 1564 4738 laborum
1596 4685 1776 4739 habita
1803 4686 2012 4740 ratione
2044 4703 2173 4742 con-

619 4775 851 4843 quisitis.
896 4774 973 4829 Ne
997 4776 1118 4845 quis
1174 4791 1300 4846 ergo
1377 4776 1789 4847 Evangeliorum
1859 4786 2169 4833 contextam

618 4880 716 4919 nos
743 4874 942 4919 temere
976 4867 1290 4919 immutasse
1330 4866 1621 4931 existimet,
1654 4866 1769 4919 loca
1803 4865 2167 4936 discrepantia

617 4956 1020 5011 adnotavimus:
1057 4971 1364 5025 quanquam
1394 4956 1704 5025 frequenter
1752 4971 1839 5011 res
1867 4956 1935 5011 sit
1989 4959 2166 5029 exigui

618 5049 896 5111 momenti,
929 5063 1047 5117 qua:
1074 5050 1357 5103 uissidium
1410 5048 1588 5103 faciat.
1648 5049 1749 5105 Ubi
1796 5059 1971 5104 autem
2009 5050 2167 5107 Com-

616 5139 866 5207 plutense
897 5138 1002 5191 hoc
1051 5138 1399 5194 citaverimus
1437 5138 1731 5208 exemplar,
1772 5139 2013 5196 Graecum
2082 5142 2164 5196 in-

615 5230 907 5299 telligimus
951 5237 1260 5283 contextum
1316 5245 1420 5284 non
1458 5230 1749 5285 Latinum:
1816 5248 1939 5286 nam
1978 5234 2031 5287 in
2061 5233 2164 5289 hoc

616 5321 753 5374 nihil
781 5336 810 5374 a
855 5321 1078 5390 Vulgata
1109 5321 1347 5376 editione
1377 5324 1716 5376 immutatum
1756 5332 1861 5378 est.
1887 5323 2054 5378 Porro
2106 5326 2161 5379 in

612 5410 810 5476 quibus
839 5409 1096 5463 dissideat
1126 5408 1351 5477 Vulgata
1384 5411 1549 5465 editio
1600 5416 1667 5465 ab
1716 5411 1981 5466 universis
2012 5411 2158 5467 Cra:-

613 5514 796 5553 corum
846 5500 1264 5568 exemplaribus,
1307 5516 1373 5554 ex
1411 5502 1637 5555 aliorum
1678 5510 1788 5555 tum
1821 5503 2161 5559 versionibns

617 5597 730 5642 tum
754 5589 1216 5654 adnotationibus,
1262 5591 1416 5645 facile
1462 5592 1633 5647 cuivis
1661 5594 2003 5662 perspicuum
2033 5595 2153 5649 erit.

610 5680 870 5736 Prin-terea
906 5698 973 5739 ne
1012 5684 1137 5753 quis
1167 5685 1411 5755 protinus
1449 5684 1749 5755 Vulgatam,
1798 5686 1897 5739 hac
1928 5688 1978 5739 in
2006 5695 2157 5757 parte

608 5775 826 5827 damnet
855 5776 1165 5840 editionem,
1196 5776 1337 5844 quod
1368 5792 1427 5831 ea
1459 5791 1577 5846 quae
1608 5773 1792 5831 Gra'ce
1820 5791 1916 5846 per
1942 5787 2154 5847 tempus

2282 4606 2507 4648 manem.
2556 4592 2621 4646 Et
2650 4594 3085 4663 frequentissime
3132 4597 3273 4664 apud
3316 4596 3561 4664 Lucam;
3603 4598 3721 4652 Non
3741 4603 3845 4654 erit

2277 4679 2598 4749 impossibile
2638 4682 2745 4736 Deo
2771 4700 2920 4736 omne
2949 4687 3176 4738 verbum.
3214 4684 3483 4740 Videamus
3509 4696 3601 4740 hoc
3627 4693 3847 4745 verbum

2276 4776 2411 4848 quod
2442 4778 2638 4845 {actum
2672 4784 2767 4828 est.
2790 4804 2855 4814 —
2878 4773 3025 4838 Quod
3063 4776 3255 4829 esthoc
3293 4778 3524 4843 verbum,
3559 4783 3694 4847 quod
3718 4797 3841 4835 cum

2274 4869 2589 4921 aucmritate
2619 4883 2680 4918 ac
2710 4877 2963 4937 potestate
3002 4869 3221 4935 imperat
3266 4871 3537 4935 spiritibus
3568 4874 3592 4925 ἲ
3622 4872 3691 4925 Et
3711 4873 3843 4928 alibi

2272 4956 2602 5026 frequenter.
2631 4956 2800 5021 Quam
2841 4968 3015 5011 tamen
3067 4957 3413 5012 Hebrxorum
3455 4960 3694 5029 phrasim
3725 4980 3828 5017 au-

2271 5055 2387 5101 ctor
2426 5054 2611 5100 noster
2642 5046 2961 5116 plerumque
2998 5064 3103 5102 non
3132 5049 3345 5103 videtur
3367 5051 3839 5120 animadvertisse,

2269 5136 2407 5191 sicut
2435 5152 2536 5192 nec
2551 5140 2939 5207 praecedentem
2972 5156 2984 5191 :
3017 5144 3159 5210 quod
3185 5140 3446 5196 Hebraice
3464 5157 3571 5197 non
3598 5142 3844 5213 calleret,

2268 5229 2362 5284 sed
2389 5237 2598 5282 tantum
2631 5228 2833 5284 Crtece.
2860 5232 3034 5299 Atque
3062 5232 3131 5286 ob
3161 5232 3213 5286 id
3242 5248 3455 5302 quoque
3481 5234 3653 5288 cilans
3680 5250 3845 5307 quip-

2267 5322 2409 5391 piam
2427 5336 2492 5375 ex
2508 5320 2685 5376 Veteri
2705 5320 3068 5387 Testamento,
3092 5327 3469 5395 sempcrjuxta
3488 5325 3841 5397 Septuaginta

2265 5412 2469 5481 profert
2490 5412 2832 5483 lnterpretcs.
2853 5414 3115 5468 Caeterum
3143 5416 3242 5470 etsi
3260 5416 3468 5471 cunctis
3494 5417 3843 5474 manifestum

2264 5505 2337 5557 sit
2357 5519 2441 5559 me
2457 5504 2804 5575 interpretem
2824 5516 3025 5558 tantum
3046 5521 3226 5575 agere,
3246 5508 3488 5578 nihilque
3502 5508 3644 5577 quod
3663 5525 3845 5567 meum

2264 5596 2336 5649 sit
2382 5597 2561 5660 edere,
2598 5600 2711 5652 sive
2763 5598 2897 5651 illud
2945 5601 3348 5668 approbandutn
3382 5602 3473 5665 sit,
3495 5601 3608 5655 sive
3646 5617 3841 5673 repro-

2263 5687 2542 5741 bandum:
2594 5705 2661 5742 ne
2709 5690 2831 5760 quis
2880 5699 3056 5745 tamen
3104 5693 3249 5747 hunc
3290 5703 3569 5748 auctorem
3611 5693 3844 5747 minoris

2262 5776 2445 5846 faciat,
2469 5779 2610 5848 quod
2655 5794 2762 5834 uno
2805 5790 2897 5837 aut
2940 5781 3112 5839 altera
3157 5783 3210 5838 in
3241 5782 3361 5839 loco
3385 5798 3415 5838 a
3438 5784 3714 5839 communi
3742 5782 3847 5837 La-
