4030 6524
150 458 221 524 45
1589 442 1758 507 PRIE

1864 442 2018 505 TIO.
2598 428 2607 435 ’
3384 443 3455 508 ts

152 570 388 627 tinorum
421 568 801 640 theologorum
840 564 1099 636 opinione
1138 560 1433 618 dissentire
1463 558 1741 624 videatur,
1768 562 1824 624 Α
1847 573 1949 627 que
1989 574 2099 613 esse
2141 557 2429 613 subsistens
2459 556 2617 612 habet
2656 571 2721 611 ex
2755 552 2923 611 Patre
2963 554 3128 610 sintut
3175 568 3225 610 et
3270 556 3407 611 Filio
3437 575 3457 613 :

148 662 603 733 quemadmodum
632 670 689 717 et
713 660 807 716 alii
836 656 1007 714 ϐινιοί
1049 672 1063 709 :
1102 669 1303 725 nempe
1327 654 1395 709 de
1415 654 1502 709 die
1530 651 1739 708 mensis

148 771 255 825 quo
302 754 560 811 Christus
592 754 875 825 mysticam
917 748 1279 807 celebraverit
1310 746 1565 809 Coenam,
1587 754 1643 799 et
1671 742 1743 798 de

149 848 418 903 honorum
461 863 526 903 ac
553 849 817 903 malorum
852 842 1213 900 retributione
1246 856 1477 913 operum
1510 858 1522 893 :
1555 847 1739 893 utrum

146 943 330 998 statim
374 958 407 997 a
437 943 705 1011 cuiusque
752 948 926 995 morte
966 939 1078 1000 ﬁat,
1114 951 1184 991 an
1242 934 1309 990 ad
1363 934 1509 989 diem
1571 946 1743 1002 usque

146 1036 405 1105 postremi
428 1034 619 1105 judicii
642 1032 945 1095 dilicratur,
973 1028 1433 1100 quemadmodum
1466 1027 1595 1082 olim
1612 1041 1740 1080 sen-

147 1139 339 1183 serunt
372 1127 569 1183 Graeci.
593 1128 669 1182 De
694 1126 903 1196 Spiritu
934 1132 1126 1179 saneto
1144 1137 1360 1193 quoque
1401 1121 1549 1192 quod
1572 1136 1601 1173 a
1621 1119 1742 1175 solo

147 1220 310 1275 Patre
335 1220 617 1291 procedat,
634 1220 736 1274 etsi
767 1218 821 1272 id
840 1231 1111 1287 nusquam
1137 1218 1278 1271 dicat
1304 1226 1499 1269 auctor
1528 1222 1740 1277 noster,

148 1315 293 1370 idem
347 1325 535 1370 tamen
568 1328 693 1370 cum
732 1310 943 1367 caeteris
992 1308 1197 1365 Graecis
1228 1308 1470 1363 sensisse
1504 1306 1741 1369 videtur,

148 1422 273 1461 cum
307 1408 479 1462 semel
514 1418 673 1478 atque
710 1408 910 1461 iterum
965 1402 1117 1458 dicat
1154 1402 1306 1457 illum
1347 1416 1376 1456 a
1410 1399 1571 1455 Patre
1614 1415 1743 1470 pro-

146 1499 366 1564 cedere,
409 1500 554 1554 nulla
609 1498 729 1553 Filii
780 1497 925 1553 facta
975 1497 1277 1551 mentione.
1324 1494 1389 1548 Et
1429 1508 1742 1563 quanquam

146 1594 424 1665 praedictis
457 1594 511 1649 in
542 1594 695 1657 locis,
731 1590 1012 1663 marginali
1046 1588 1496 1647 adnotatiuncula
1538 1597 1588 1641 te
1612 1602 1747 1657 prte-

148 1685 535 1749 munierimus,
572 1685 803 1740 candide
844 1684 1067 1737 lector:
1123 1680 1194 1736 0h
1244 1680 1353 1734 duo
1412 1689 1595 1735 tamen
1652 1679 1742 1733 illa

148 1780 456 1846 posteriora
510 1777 609 1833 tibi
673 1773 1128 1846 perpendendum
1200 1781 1306 1837 est,
1356 1773 1504 1843 quod
1553 1781 1745 1826 auctor

148 1879 342 1925 noster
369 1870 556 1925 multis
588 1870 779 1939 procul
819 1867 987 1922 dubio
1031 1864 1194 1920 annis
1241 1874 1488 1935 tempora
1524 1862 1744 1918 concilii

146 1957 450 2013 Florentini
510 1957 853 2027 praecesserit
889 1972 902 2008 :
937 1954 992 2008 in
1064 1968 1173 2024 quo
1224 1953 1501 2024 Eugenius
1563 1950 1749 2007 Ponti-

145 2052 239 2108 lex
273 2051 366 2118 ιν,
429 2053 811 2107 consentiente
861 2050 1195 2119 imperatore
1239 2046 1748 2117 Constantinopoli-

148 2158 304 2209 tano,
338 2155 393 2200 et
422 2146 539 2201 loca
569 2145 883 2200 tenentibus
925 2142 1388 2213 patriarcharum,
1424 2141 1748 2211 ueterisque

143 2237 451 2295 Ecclesium
498 2237 831 2292 Orientalem
866 2234 1413 2304 reptzesentantihus,
1453 2248 1600 2287 anno
1640 2234 1747 2287 Do-

146 2331 367 2386 minicat
399 2329 796 2385 Incarnationis
834 2328 995 2393 M39,
1036 2328 1213 2398 pridie
1241 2326 1424 2381 Nonas
1454 2326 1608 2392 Julii,
1661 2326 1746 2381 sui

146 2424 502 2493 pontiﬁcatus
528 2438 674 2477 anno
718 2437 886 2489 nono,
922 2422 1134 2476 litteras
1162 2430 1370 2475 sanctae
1399 2420 1551 2474 dedit
1585 2420 1749 2473 unio-

147 2515 259 2579 nis,
290 2518 491 2586 quibus
520 2514 763 2586 praedicti
811 2529 1004 2568 omnes
1042 2530 1141 2567 sua
1195 2512 1418 2566 nomina
1470 2512 1753 2582 subscrip-

148 2621 366 2670 serunt,
400 2608 518 2663 haec
558 2610 701 2663 inter
733 2618 932 2662 caetera
969 2607 1337 2661 continentes.

221 2699 601 2756 Convenientes
650 2698 829 2753 Latini
875 2708 925 2753 et
969 2698 1140 2755 erci
1180 2698 1235 2750 in
1270 2699 1371 2750 hac
1406 2706 1751 2751 sacrosancta

152 2793 477 2846 mmenica
523 2792 745 2862 synodo,
780 2806 972 2861 magno
1002 2788 1180 2843 studio
1214 2788 1437 2841 invicem
1484 2789 1565 2840 usi
1608 2797 1752 2853 sunt,

152 2896 212 2939 stt
242 2888 382 2939 inter
413 2887 524 2938 alia
578 2886 741 2937 etiam
784 2882 1044 2936 articulus
1084 2881 1173 2934 ille
1208 2883 1271 2935 de
1307 2881 1489 2935 divina
1522 2879 1755 2951 Spiritus

153 2981 328 3034 sancti
350 2980 701 3049 processione,
732 2993 942 3030 summa
987 2992 1106 3028 cum
1133 2976 1415 3047 diligentia
1446 2986 1494 3029 et
1533 2976 1755 3030 assidua

156 3074 504 3133 inquisitione
542 3073 911 3125 discuteretur.
944 3068 1179 3123 Prolatis
1207 3086 1325 3123 vero
1355 3069 1670 3124 testimoniis
1693 3084 1757 3122 ex

156 3165 349 3217 divinis
386 3160 700 3231 Scripturis,
731 3162 1076 3231 plurimisque
1097 3161 1510 3215 auctontatibus
1541 3170 1758 3214 sancto-

160 3271 279 3307 rum
332 3260 608 3307 doctorum
653 3252 1018 3306 Orientalium
1053 3261 1103 3304 et
1142 3251 1570 3307 Occidentalium
1608 3251 1759 3304 :ali-

159 3345 349 3415 quibus
389 3346 601 3414 quidem
626 3360 690 3397 ea:
719 3344 877 3398 Patre
906 3355 953 3397 et
987 3344 1147 3404 Filio.
1176 3344 1495 3413 quibusdam
1528 3359 1650 3397 vero
1693 3359 1757 3397 ea:

161 3436 323 3490 Patre
344 3452 439 3504 per
466 3433 665 3489 Filium
699 3434 979 3503 procedere
1006 3434 1302 3488 dicentibus
1339 3432 1603 3503 Spiritum
1622 3449 1757 3487 san-

160 3540 329 3594 ctum,
360 3537 409 3581 et
436 3528 507 3581 ad
541 3528 779 3582 eamdem
807 3526 1217 3598 intelligentiam
1250 3526 1624 3595 aspicientibus
1648 3542 1759 3579 ont-

166 3623 312 3675 nibus
361 3630 455 3675 sub
500 3621 719 3675 diuersis
750 3620 1041 3675 vocabulis.
1071 3619 1242 3675 erci
1272 3619 1488 3689 quidem
1520 3635 1763 3672 asserue-

165 3723 286 3766 ntnt
311 3712 451 3783 quod
473 3712 527 3765 id
559 3714 695 3782 quod
720 3712 902 3765 dicunt
940 3710 1203 3782 Spiritum
1233 3721 1478 3765 sanctum
1502 3726 1567 3765 ex
1597 3708 1764 3764 Patre

162 3805 469 3875 procedere,
505 3820 608 3858 non
648 3807 748 3857 hac
797 3814 968 3858 mente
1010 3806 1331 3875 proferrent,
1364 3813 1421 3857 ut
1476 3802 1763 3857 excludant

168 3896 398 3963 Filium,
424 3899 517 3953 sed
538 3900 665 3969 quia
692 3900 765 3953 eis
786 3900 1084 3965 uidebatur,
1120 3908 1176 3951 ut
1208 3899 1386 3963 aiunt,
1413 3896 1636 3952 Latinos
1673 3913 1767 3951 as-

169 4008 341 4046 serere
376 3990 639 4063 Spiritum
680 4001 925 4046 sanctum
957 4007 1024 4045 ea:
1072 3991 1240 4046 Patre
1293 3990 1543 4064 Filioque
1581 4008 1768 4063 proce-

170 4085 311 4152 dere,
342 4094 599 4154 tanquam
629 4099 691 4137 επ
720 4084 919 4137 duobus
942 4084 1222 4153 principiis
1262 4092 1311 4138 et
1351 4083 1556 4138 duabus
1586 4084 1769 4153 spira-

175 4178 422 4243 tionibus,
453 4179 568 4232 ideo
603 4177 967 4232 abstinuerunt
1001 4194 1033 4230 a
1069 4177 1289 4231 dicendo
1341 4178 1480 4248 quod
1532 4176 1769 4246 Spiritus

175 4277 388 4323 sanctus
445 4283 509 4322 ea:
548 4265 717 4322 Patre
763 4268 1014 4339 procedat
1058 4284 1125 4322 ea:
1160 4266 1348 4322 Filio:
1404 4267 1590 4323 Latini
1648 4283 1771 4323 vero

174 4362 562 4433 ﬁrmaverunt
594 4378 700 4416 non
723 4377 779 4415 se
806 4367 905 4416 hac
926 4376 1096 4415 mente
1137 4363 1309 4416 dicere
1337 4360 1598 4430 Spiritum
1638 4378 1771 4416 san-

175 4464 311 4510 ctum
344 4472 409 4510 ea:
446 4454 583 4510 Filio
599 4455 897 4525 procedere,
928 4465 988 4509 ut
1026 4454 1314 4510 excludant
1361 4454 1606 4520 Patrem,
1642 4455 1771 4527 quin

175 4551 239 4603 sit
272 4550 389 4621 fons
428 4565 493 4602 ac
520 4549 843 4618 principium
892 4549 1053 4603 totius
1091 4531 1342 4613 Dcitatis,
1377 4546 1509 4603 Filii
1564 4548 1767 4602 scilicet

176 4652 225 4698 et
250 4641 485 4715 Spiritus
508 4644 705 4709 sancti,
741 4652 833 4697 aut
863 4644 1003 4715 quod
1031 4646 1084 4699 id
1116 4644 1256 4715 quod
1282 4641 1517 4713 Spiritus
1548 4653 1767 4696 sanctus
1802 4638 1844 4690 υ
1874 4659 2107 4705 mortem
2170 4663 2344 4719 usque
2398 4661 2620 4717 semper
2665 4647 2908 4702 servavit
2957 4646 3137 4717 legem
3178 4666 3190 4702 :

176 4737 410 4805 procedit
449 4752 513 4790 ea:
564 4734 732 4803 Filio,
765 4735 933 4792 Filius
972 4754 1005 4790 a
1045 4735 1214 4791 Patre
1247 4751 1351 4790 non
1398 4735 1612 4801 habeat,
1659 4724 1770 4788 si've

179 4834 315 4901 Quod
337 4835 447 4888 duo
466 4842 673 4901 ponant
706 4830 970 4901 principia
1006 4846 1099 4886 seu
1125 4831 1261 4884 duas
1306 4829 1649 4900 spirationes,
1679 4827 1769 4883 sed

179 4934 235 4978 ut
270 4941 438 4979 unum
471 4932 683 4978 tantum
707 4932 952 4977 asserant
974 4939 1085 4978 esse
1102 4922 1431 4993 principium
1452 4921 1771 4991 unicumque

181 5022 522 5086 spirationem
565 5014 796 5088 Spiritus
823 5018 1019 5083 sancti,
1059 5024 1217 5087 prout
1245 5016 1493 5068 hactenus
1530 5029 1773 5068 asserue-

185 5126 342 5170 ntnt:
369 5122 418 5168 et
447 5128 566 5165 cum
609 5127 673 5166 es:
698 5112 779 5166 his
808 5111 1048 5166 omnibus
1090 5126 1231 5164 unus
1270 5117 1319 5163 et
1354 5109 1492 5163 idem
1525 5109 1772 5162 eliciatur

187 5208 421 5262 veritatis
471 5220 675 5271 sensus,
712 5207 922 5259 tandem
952 5206 1007 5259 in
1055 5204 1196 5275 infra
1228 5203 1483 5271 scriptam
1528 5210 1773 5256 sanctam

186 5301 289 5355 Deo
330 5299 618 5355 amabilem
655 5301 833 5353 eodeni
864 5315 1018 5354 sensu
1062 5298 1349 5369 eademque
1402 5307 1573 5351 mente
1618 5297 1774 5351 unio-

190 5412 321 5462 nem,
367 5393 697 5449 unanimiter
747 5393 1133 5447 concordarunt
1161 5403 1207 5445 et
1254 5402 1678 5455 consenserunt;
1720 5390 1775 5442 in

191 5492 393 5543 normae
444 5488 610 5558 igitur
653 5494 854 5541 sancta
898 5484 1197 5551 Trinitatis,
1229 5482 1412 5538 Patris
1462 5491 1513 5537 et
1550 5480 1684 5536 Filii
1726 5492 1776 5537 et

192 5581 415 5654 Spiritus
433 5581 627 5650 sancti,
659 5583 754 5635 hoc
774 5597 929 5635 sacro
952 5578 1246 5635 universali
1284 5580 1615 5649 approbante
1649 5576 1776 5632 Flo—

195 5679 393 5734 rentino
430 5677 654 5733 concilio
704 5674 1005 5746 deﬁnimus,
1035 5685 1094 5729 ut
1143 5679 1252 5729 haec
1309 5672 1432 5743 ﬁdei
1468 5673 1664 5727 veritas
1711 5678 1777 5726 ab

196 5775 431 5832 omnibus
470 5772 789 5830 Christianis
828 5773 1079 5825 credatur
1120 5779 1167 5825 et
1212 5770 1559 5840 suscipiatur,
1599 5769 1781 5839 sicque

198 5885 367 5926 omnes
398 5868 747 5941 proﬁteantur
772 5882 791 5921 ε
828 5868 967 5935 quod
1004 5863 1238 5936 Spiritus
1279 5873 1492 5919 sanctus
1524 5878 1589 5918 ea:
1616 5861 1781 5917 Patre

200 5977 241 6021 ct
281 5965 423 6022 Filio
468 5962 793 6020 a'tcrnaliter
821 5969 919 6030 est,
950 5969 999 6015 et
1053 5960 1334 6017 essentiam
1384 5974 1560 6030 suum,
1593 5974 1747 6014 suum

1849 660 1896 703 et
1935 666 2000 705 ea:
2030 659 2251 721 utroque
2300 650 2632 706 atternaliter
2660 658 2922 718 tanquam
2963 650 3029 703 ab
3060 667 3164 704 uno
3194 652 3459 721 principio

1847 753 1893 797 et
1922 744 2079 796 unica
2104 742 2395 811 spiratione
2413 744 2671 813 procedit.
2700 742 3049 797 Declarantes
3078 744 3219 814 quod
3248 747 3299 798 id
3319 750 3458 817 quod

1844 835 2017 887 sancti
2053 835 2289 889 doctores
2320 844 2369 889 et
2404 834 2595 889 Patres
2628 835 2831 897 dicunt,
2861 852 2926 890 es:
2956 836 3118 891 Patre
3138 856 3231 905 per
3253 837 3461 894 Filium

1846 928 2126 997 procedere
2151 926 2415 993 Spiritum
2440 936 2709 991 sanctum,
2745 930 2816 982 ad
2861 932 2999 983 hanc
3042 930 3461 1003 intelligentiam

1849 1019 2037 1085 tendit,
2073 1029 2129 1073 ut
2160 1035 2254 1090 per
2282 1024 2379 1074 hoc
2406 1020 2735 1091 signiﬁcetur
2766 1021 2969 1076 Filium
2995 1041 3199 1094 quoque
3240 1043 3349 1080 esse
3374 1042 3461 1081 se-

1846 1114 2075 1166 cundum
2123 1112 2331 1168 ercos
2364 1114 2575 1184 quidem
2628 1130 2874 1179 causam,
2900 1119 3192 1171 secundum
3240 1119 3463 1175 Latinos

1846 1219 1966 1257 vero
2002 1203 2327 1273 principium
2354 1203 2709 1258 subsistentiw
2742 1202 2977 1274 Spiritus
3016 1209 3191 1259 sancti
3228 1209 3366 1261 sicut
3407 1217 3461 1262 et

1846 1295 2087 1352 Patrem.
2124 1296 2193 1351 Et
2238 1299 2488 1367 quoniam
2534 1299 2715 1352 omnia
2761 1314 2881 1369 qua:
2931 1298 3117 1353 Patris
3164 1311 3309 1366 sunt,
3347 1303 3460 1372 ipse

1850 1389 2016 1443 Pater
2038 1391 2308 1461 unigenito
2336 1390 2476 1444 Filio
2509 1406 2604 1445 suo
2628 1392 2891 1462 gignendo
2927 1393 3089 1456 dedit,
3124 1404 3317 1463 praeter
3349 1412 3465 1450 esse

1852 1480 2093 1544 Patrem,
2125 1484 2221 1535 hoc
2238 1484 2410 1553 ipsum
2436 1483 2573 1553 quod
2607 1482 2841 1551 Spiritus
2883 1493 3102 1537 sanctus
3123 1486 3360 1552 procedit
3394 1504 3461 1540 ea:

1848 1574 2007 1641 Filio,
2067 1576 2178 1644 ipse
2206 1574 2379 1630 Filius
2427 1592 2460 1629 a
2501 1574 2660 1629 Patre
2707 1576 3035 1631 wternaliter
3074 1578 3251 1642 habet,
3287 1595 3321 1631 a
3359 1594 3461 1647 quo

1850 1666 2171 1720 teternaliter
2197 1667 2360 1721 etiam
2397 1667 2606 1738 genitus
2646 1681 2745 1721 est.
2784 1668 3082 1736 Definimus
3106 1652 3321 1736 insuper
3360 1686 3456 1724 ex-

1850 1762 2193 1833 plicationem
2248 1762 2466 1817 illorum
2527 1764 2828 1831 verborum,
2880 1763 3151 1835 Filioque,
3216 1769 3461 1822 veritatis

1852 1856 2193 1912 declaranda:
2225 1859 2403 1929 gratia
2441 1868 2491 1912 et
2520 1859 2827 1913 imminente
2857 1867 2982 1911 tunc
3026 1861 3353 1923 necessitate,
3393 1861 3460 1915 li-

1852 1954 1953 2007 cite
1999 1967 2064 2005 ac
2119 1951 2515 2005 rationabiliter
2544 1950 2782 2021 symbolo
2820 1951 2985 2021 fuisse
3034 1952 3357 2020 appositam.
3394 1953 3465 2007 Et

1852 2046 1997 2102 inira
2029 2046 2098 2100 de
2158 2060 2387 2115 operum
2448 2044 2812 2099 retributione
2848 2044 3133 2116 subjungit
3162 2062 3175 2097 :
3210 2044 3467 2099 Illorum-

1852 2157 1951 2211 que
1980 2141 2193 2194 animas
2218 2140 2307 2211 qui
2329 2149 2445 2209 post
2481 2138 2747 2207 baptisma
2780 2148 3083 2207 susceptum
3117 2139 3323 2192 nullam
3349 2156 3465 2193 om-

1852 2234 1981 2287 nino
2028 2233 2231 2301 peccati
2282 2232 2548 2285 maculam
2598 2233 2959 2293 incurrerunt,
3000 2232 3125 2287 illas
3155 2234 3316 2286 etiam
3347 2248 3467 2305 qut:

1853 2331 1969 2389 post
2008 2316 2339 2375 contractam
2380 2322 2581 2390 peccati
2615 2324 2905 2387 maculam,
2937 2320 3018 2376 vel
3044 2323 3099 2375 in
3138 2325 3247 2377 suis
3277 2341 3467 2389 corpo-

1854 2414 2023 2479 ribus,
2052 2414 2134 2468 oel
2191 2416 2384 2469 eisdem
2417 2423 2590 2467 exuite
2622 2413 2944 2483 corporibus,
2974 2416 3029 2468 in
3068 2416 3235 2485 pomis
3264 2433 3467 2488 purga-

1856 2507 2001 2572 tarii,
2042 2517 2200 2575 prout
2252 2507 2498 2575 superius
2553 2507 2759 2562 dictum
2813 2516 2910 2573 est,
2950 2517 3075 2563 sunt
3110 2520 3373 2580 purgatae,
3408 2511 3468 2564 in

1856 2601 2048 2653 caelum
2083 2615 2206 2653 mox
2235 2600 2420 2667 recipi,
2448 2608 2498 2653 et
2530 2600 2728 2653 intueri
2755 2599 2900 2654 clare
2926 2601 3103 2667 ipsum
3142 2600 3308 2655 Deum
3358 2606 3459 2655 tri-

1856 2710 1984 2747 num
2017 2702 2067 2746 et
2098 2709 2262 2746 unum
2292 2692 2451 2746 sicuti
2477 2700 2573 2756 est,
2610 2692 2926 2745 meritorum
2957 2702 3136 2745 tamen
3157 2694 3468 2749 diversitate

1861 2786 2031 2840 alium
2073 2786 2183 2839 alio
2217 2786 2522 2856 perfectius.
2551 2782 2777 2839 Illorum
2810 2793 2992 2839 autem
3027 2786 3267 2851 animus,
3299 2788 3469 2858 quiin

1859 2882 2065 2935 actuali
2120 2879 2339 2934 mortali
2382 2888 2598 2949 peccato
2633 2878 2715 2933 vel
2743 2878 2856 2933 solo
2892 2881 3148 2951 originali
3181 2882 3465 2947 decedunt,

1860 2990 1984 3028 mox
2015 2974 2069 3027 in
2100 2975 2387 3042 infernum,
2418 2972 2583 3041 ptenis
2609 2982 2785 3025 tamen
2811 2971 3118 3042 disparibus
3144 2977 3467 3045 puniendus.

1860 3067 2032 3122 Porro
2068 3066 2135 3121 de
2186 3069 2365 3136 prima
2395 3065 2487 3119 illa
2546 3066 2869 3120 diversitate
2904 3065 3012 3120 diei
3054 3082 3166 3137 quo
3211 3068 3474 3125 Christus

1862 3176 2065 3232 agnum
2098 3159 2412 3230 paschalem
2458 3159 2652 3224 ederit,
2698 3169 2756 3214 et
2801 3160 2868 3214 de
2897 3175 2964 3215 eo
3009 3176 3121 3230 quo
3166 3176 3266 3231 pro
3311 3163 3473 3217 nobis

1789 3270 1832 3328 ρ
1866 3262 2116 3308 mortuus
2137 3251 2229 3317 sit,
2268 3251 2426 3321 longa
2460 3266 2678 3321 semper
2705 3250 2811 3305 iuit
2836 3251 2983 3307 inter
3021 3251 3241 3308 Grmcos
3272 3262 3325 3307 et
3363 3252 3475 3309 La-

1862 3347 2008 3401 tinos
2035 3345 2336 3409 contentio,
2362 3345 2672 3400 dicentibus
2704 3343 2908 3399 Graecis
2932 3345 3112 3414 ipsum
3134 3344 3474 3401 declinator-

1858 3440 1940 3492 tia
1988 3437 2119 3492 luna
2177 3453 2377 3507 agnum
2433 3437 2617 3491 edisse
2662 3437 3000 3506 paschalem,
3056 3454 3279 3507 passum
3339 3454 3473 3495 vero

1865 3530 2298 3600 decimaqnarta,
2346 3540 2403 3583 ut
2458 3530 2664 3585 veritas
2720 3530 3082 3599 respondi-ret
3133 3516 3373 3601 ﬁgurae?
3419 3543 3479 3589 et

1867 3635 2092 3694 propter
2119 3622 2250 3677 illud
2268 3620 2499 3677 Joannis
2538 3622 2719 3693 (Joan.
2745 3639 2872 3677 xvm
2927 3622 3020 3693 29)
3060 3641 3073 3676 :
3115 3622 3184 3678 Et
3238 3627 3342 3694 ipsi
3371 3642 3476 3681 non

1867 3717 2190 3770 introierunt
2245 3717 2302 3770 in
2339 3715 2676 3785 praetorium,
2710 3731 2774 3768 ne
2823 3716 3345 3782 contaminarentur,
3387 3722 3481 3771 sed

1871 3820 1928 3863 ut
1946 3809 2163 3864 ederent
2190 3808 2417 3863 Pascha.
2444 3810 2523 3863 Ac
2551 3807 2683 3862 illud
2708 3805 3008 3877 (locamus,
3044 3808 3131 3872 14)
3157 3826 3170 3862 :
3214 3809 3350 3864 Erat
3376 3826 3480 3863 au-

1875 3911 1978 3957 tem
2016 3902 2313 3957 Parasceve
2338 3901 2550 3972 pascha:
2588 3917 2609 3966 ,'
2647 3909 2738 3955 et:
2774 3899 2857 3954 Ibi
2886 3917 3011 3973 ergo
3050 3910 3267 3970 propter
3296 3901 3480 3956 Para-

1873 4013 2053 4052 sceven
2094 3995 2428 4061 Judworum,
2496 3996 2623 4065 quia
2675 4011 2838 4065 prope
2868 4006 2986 4049 erat
3048 4007 3472 4060 monumentum,

1874 4100 2162 4159 posuerunt
2211 4089 2417 4143 Iesum.
2486 4087 2773 4159 Siquidem
2834 4087 2923 4142 illa
2977 4086 3281 4145 Parasceve
3340 4089 3478 4147 nihil

1875 4186 2022 4241 aliud
2040 4192 2179 4249 erat,
2208 4198 2372 4253 quam
2401 4182 2523 4238 dies
2555 4181 3003 4253 praeparationis,
3034 4196 3145 4252 quo
3174 4196 3233 4235 se
3263 4197 3478 4254 praepa-

1877 4281 2074 4335 rabant
2116 4277 2288 4332 Judaei
2324 4276 2390 4330 ad
2443 4275 2719 4331 edendum
2750 4288 2953 4345 agnum
2994 4274 3329 4345 paschalem.
3377 4273 3483 4331 La-

1877 4373 1977 4427 tini
2024 4388 2156 4427 vero
2214 4378 2469 4425 asserunt
2488 4384 2617 4423 eum
2664 4368 3078 4438 decimaquarta
3111 4368 3239 4423 luna
3274 4384 3479 4439 agnum

1875 4465 2097 4537 quidem
2128 4464 2309 4520 edisse
2342 4461 2679 4535 paschalem,
2713 4461 2855 4516 sicut
2873 4469 2929 4515 et
2954 4472 3185 4517 exteros
3212 4461 3434 4516 Judaeos
3459 4480 3475 4514 :

1876 4557 2004 4627 quia
2072 4566 2134 4611 ut
2183 4555 2347 4609 habet
2405 4553 2572 4608 etiam
2627 4552 2851 4609 Graecus
2901 4550 3356 4625 Chrysostomus,
3410 4555 3480 4610 ad

3254 4662 3481 4719 passum

1878 4756 2009 4796 vero
2068 4739 2222 4795 aiunt
2281 4737 2691 4809 decimaquinta
2740 4739 2891 4805 luna,
2928 4747 3154 4810 propter
3201 4741 3337 4796 alios
3370 4749 3484 4799 tres

1873 4833 2247 4906 evangelistas
2289 4831 2504 4905 (Matth.
2540 4847 2699 4898 xxvi;
2754 4834 2925 4886 Marc.
2986 4848 3111 4900 xw;
3149 4833 3278 4888 Luc.
3316 4850 3426 4890 xm
3459 4835 3480 4910 ]

1878 4927 1974 4998 qui
2008 4934 2266 4982 astruunt
2299 4924 2469 4981 fuisse
2525 4924 2764 4996 primum
2814 4926 2960 4981 diem
3000 4943 3337 4999 azymorum,
3371 4945 3485 5000 quo

1873 5021 2130 5077 Christus
2165 5031 2499 5092 postremam
2524 5032 2741 5074 caenam
2772 5033 2898 5073 cum
2932 5019 3217 5092 discipulis
3243 5022 3483 5080 celebra-

1881 5112 1976 5167 vit.
2013 5109 2081 5166 Et
2120 5111 2176 5166 hi
2221 5120 2406 5165 autem
2448 5118 2506 5166 et
2550 5108 2624 5164 illi
2672 5121 3071 5182 repugnantem
3136 5113 3484 5186 Scripturam

1879 5204 2097 5261 obtorto
2118 5204 2261 5261 collo
2278 5203 2499 5260 trahere
2518 5203 2924 5275 quodammodo
2948 5206 3204 5262 videntur
3215 5209 3283 5263 ad
3316 5224 3481 5266 suum

1881 5313 2133 5355 sensum.
2159 5295 2510 5369 Quapropter
2530 5310 2712 5368 operte
2739 5296 2977 5369 pretium
2998 5300 3245 5356 tacturus
3268 5303 3480 5370 videor,

1882 5393 1928 5447 si
1958 5391 2015 5445 in
2042 5389 2120 5446 tui
2151 5390 2406 5461 gratiam,
2441 5389 2709 5445 benevole
2731 5388 2925 5457 lector,
2955 5390 3060 5446 hoc
3089 5392 3212 5447 loco
3243 5392 3485 5450 dilucide

1882 5487 2245 5549 adnotavero,
2273 5499 2397 5556 qua:
2425 5485 2575 5541 varia
2605 5484 2843 5541 lectione
2884 5487 3210 5558 magnisque
3261 5489 3483 5545 sudori-

1884 5580 1987 5635 hus
2012 5578 2115 5634 hac
2135 5576 2203 5633 de
2232 5591 2292 5633 re
2324 5576 2381 5632 in
2414 5578 2802 5648 compendium
2839 5580 3044 5651 redegi.
3076 5580 3323 5636 Primum
3379 5584 3485 5640 ita-

1884 5688 1993 5744 que
2046 5671 2351 5729 noundum
2399 5678 2504 5735 est,
2548 5672 2696 5742 quod
2729 5672 2996 5729 naturalis
3026 5674 3145 5730 dies
3194 5678 3339 5746 apud
3370 5675 3487 5733 He-

1885 5766 2065 5823 braeos
2095 5764 2290 5834 incipit
2318 5762 2388 5817 ab
2433 5777 2632 5819 occasu
2664 5764 2814 5831 solis,
2849 5775 2905 5819 et
2921 5765 3128 5820 desinit
3148 5768 3206 5820 in
3236 5768 3485 5838 ejusdem

1887 5876 2143 5918 occasqu
2177 5858 2286 5916 diei
2321 5859 2631 5927 sequentis,
2661 5859 2819 5931 juxta
2864 5859 3022 5928 illud,
3047 5859 3199 5932 (Gen.
3227 5861 3269 5935 ι)
3298 5877 3317 5917 :
3342 5860 3487 5917 Fae-

1892 5966 2005 6011 tum
2038 5961 2114 6011 est
2151 5967 2362 6021 vespere
2401 5960 2449 6007 et
2487 5967 2641 6009 mane
2678 5952 2788 6009 dies
2831 5968 2992 6010 unus.
3037 5952 3241 6014 Mensis
3294 5967 3424 6013 vero
3454 5965 3487 6008 ι
