4030 6492
606 427 674 490 ΣΙ
2001 416 2416 480 ΡΗΑΞΕΑΤΙΟ.
3435 400 3441 405 ’
3770 420 3840 481 48

598 543 975 613 coniunctione
1008 541 1183 597 media
1230 537 1571 595 luminarium
1609 554 1623 604 ;
1664 546 1719 591 et
1739 536 1895 591 durat
1937 535 2150 605 triginta
2179 543 2227 600 Α
2253 551 2374 605 quae
2400 533 2489 590 die
2513 532 2733 600 Sabbati
2754 535 2931 594 facere
2956 553 3064 592 non
3094 536 3351 601 licuisset.
3370 536 3572 608 septies
3594 539 3839 593 circum-

597 636 809 700 diebus,
837 634 1121 689 duodecim
1153 632 1318 696 horis,
1343 640 1397 683 et
1422 629 1631 684 duabus
1663 628 1838 683 tertiis
1869 628 2031 680 unius
2059 626 2151 679 ho-

596 742 671 782 rae
694 743 816 782 cum
851 726 1025 781 tribus
1056 725 1299 787 minutis,
1334 738 1454 792 quae
1496 720 1806 791 supputatio
1859 718 2150 772 invariabi-

595 818 718 873 liter
743 816 1033 872 conformis
1062 824 1144 870 est
1180 828 1302 867 eum
1329 811 1613 867 Ptolemaeo
1642 811 1866 880 aliisque
1897 817 2147 863 astrono-

598 909 701 964 mis
733 907 1029 962 secundum
1058 904 1294 959 medium
1321 919 1538 958 cursum
1570 903 1727 956 lunai.
1758 901 1947 955 Annus
1968 910 2149 954 autem

598 998 875 1051 exordium
903 996 1117 1050 sumita
1154 994 1447 1049 Neomeuia
1483 995 1599 1048 sive
1633 992 1762 1047 solis
1793 992 2014 1047 aclunte
2037 991 2151 1044 eoi-

600 1091 743 1143 tione
783 1087 1028 1157 proxima
1068 1086 1392 1156 aquinoctio
1441 1084 1666 1150 vernali,
1693 1083 1993 1139 secundum
2040 1097 2155 1135 me-

596 1181 744 1233 dium
798 1194 1016 1233 cursum
1068 1177 1197 1232 solis
1247 1186 1301 1231 et
1346 1178 1483 1230 lunae
1533 1176 1721 1246 (Lavit.
1763 1191 1937 1242 mn;
1988 1172 2149 1245 Num.

598 1286 759 1324 xxvm
780 1278 836 1323 et
861 1272 1011 1336 xxix)
1043 1308 1055 1321 .
1086 1268 1362 1323 Praeterea
1406 1267 1587 1321 omnia
1608 1265 1745 1321 festa
1780 1264 2152 1329 Hebraeorum,

598 1378 718 1432 quae
762 1377 793 1415 a
838 1360 1066 1415 Mosaica
1107 1360 1223 1431 lege
1254 1360 1782 1428 babentur,,pr:eter
1837 1357 2151 1419 Sabbatum,

599 1468 748 1507 suam
794 1454 1222 1507 numerationem
1271 1467 1334 1505 ac
1374 1450 1725 1505 variationem
1758 1463 1864 1519 per
1910 1448 2155 1503 diversos

601 1541 947 1598 hebdomadas
1005 1542 1142 1607 dies,
1205 1548 1491 1595 sumunta
1540 1540 1713 1608 primo
1761 1537 1847 1591 die
1886 1535 2155 1607 praedicta:

598 1634 923 1700 Neomeniae,
945 1650 975 1688 a
1008 1649 1112 1704 quo
1147 1633 1300 1703 juxta
1340 1631 1511 1701 legem
1542 1630 1724 1685 omnia
1759 1644 1856 1684 sua
1882 1627 2025 1684 festa
2049 1642 2154 1681 nu—

600 1736 810 1783 merant
854 1724 1101 1780 Hebraei:
1146 1733 1273 1794 puta
1319 1722 1530 1778 decimo
1568 1721 1758 1791 quinto
1789 1719 1878 1773 die
1910 1718 2152 1789 ejusdem

601 1819 757 1889 primi
789 1819 989 1873 mensis
1015 1817 1212 1873 festum
1235 1826 1349 1872 erat
1382 1830 1714 1887 azymorum,
1753 1822 1805 1868 et
1835 1813 2007 1883 pridie
2035 1812 2153 1881 ejus

599 1888 729 1975 diei,
758 1912 811 1966 id
848 1920 932 1965 est
963 1910 1170 1965 decima
1203 1918 1391 1979 quarta
1414 1909 1552 1961 luna
1591 1908 1657 1961 ad
1690 1920 1991 1976 vesperam,
2028 1904 2154 1959 ede-
2187 1888 2227 1942 Β

601 2002 759 2057 batur
806 2016 977 2071 agnus
1015 2001 1299 2069 paschalis.
1343 2003 1386 2053 Α
1427 2002 1569 2055 testo
1617 2008 1796 2053 autem
1825 1999 2152 2068 Azymorum

605 2094 884 2150 transactis
910 2103 1116 2164 septem
1153 2092 1521 2156 hebdomadis,
1557 2090 1932 2161 sequentidie,
1959 2104 2156 2160 nempe

601 2187 1065 2258 quinquagesimo,
1088 2185 1284 2241 festum
1310 2194 1426 2240 crat
1448 2184 1856 2239 Primitivorum
1878 2183 1993 2238 sive
2019 2182 2157 2236 Pen-

603 2287 863 2337 tecostes.
895 2277 1022 2333 Post
1058 2291 1153 2332 sex
1192 2291 1323 2331 vero
1353 2290 1566 2331 menses
1607 2274 1827 2330 lunares
1869 2274 1936 2328 ab
1968 2274 2157 2329 eadem

602 2370 774 2439 prima
795 2368 1106 2430 Neomenia,
1127 2365 1176 2419 id
1199 2377 1280 2420 est
1296 2379 1417 2435 post
1437 2374 1653 2419 centum
1672 2365 2011 2433 septuaginta
2030 2378 2156 2431 scp-

602 2474 707 2516 tem
766 2460 926 2525 dies;
986 2458 1234 2527 sequenti
1293 2458 1381 2513 die
1429 2464 1548 2510 erat
1609 2454 1807 2509 festum
1858 2453 2153 2521 Tubarum,

600 2569 795 2622 nempe
846 2552 899 2605 in
938 2550 1231 2604 Neomenia
1276 2548 1518 2618 proxima
1568 2545 1894 2615 equinoctio
1940 2554 2158 2599 autum-

602 2646 730 2700 nali.
764 2644 978 2699 Decimo
1016 2642 1143 2697 inde
1170 2643 1257 2697 die
1297 2642 1496 2695 [estum
1550 2638 1884 2710 Expiationis
1918 2638 2155 2694 celeber-

600 2741 816 2793 rimum.
854 2736 1070 2791 Decimo
1102 2736 1289 2804 quinto
1319 2733 1564 2804 ejusdem
1597 2732 1798 2785 mensis
1824 2732 1929 2795 die,
1956 2730 2155 2785 festum

603 2829 947 2900 Scenepegias
975 2828 1087 2881 sive
1120 2824 1632 2880 Tabernaculorum.
1661 2824 1729 2877 Et
1768 2822 1835 2876 ab
1860 2822 1965 2877 hoc
1992 2820 2155 2886 festo,

602 2926 689 2980 die
716 2932 924 2986 octavo,
959 2920 1011 2974 id
1046 2927 1130 2975 est
1166 2926 1285 2987 post
1318 2926 1525 2986 septem
1557 2915 1801 2985 ejusdem
1846 2914 1969 2969 festi
2015 2914 2153 2980 dies,

603 3015 920 3073 occurrebat
936 3013 1188 3067 ultimum
1206 3024 1395 3064 eorum
1422 3008 1639 3065 festum.
1664 3023 1858 3077 nempe
1884 3018 2056 3063 coetus
2072 3009 2156 3062 vel

599 3108 836 3163 collecta:
869 3104 981 3159 sive
1031 3102 1346 3157 retentionis
1379 3116 1395 3158 :
1424 3100 1570 3169 quod
1618 3100 1794 3153 solum
1842 3099 2157 3169 designabat

600 3197 838 3252 ﬁdelium
879 3194 934 3248 in
973 3202 1157 3248 sancta
1192 3191 1433 3246 Ecclesia
1457 3190 1928 3261 congregationem
1977 3206 2042 3244 ac
2070 3205 2157 3244 re-
2182 3223 2223 3279 ο

605 3290 903 3345 tentioncm
949 3287 1063 3343 sive
1108 3282 1583 3355 perseverantiam,
1617 3280 1761 3351 quod
1820 3281 2020 3336 factum
2074 3293 2159 3336 est

600 3393 723 3452 post
765 3382 963 3435 veteris
1007 3378 1138 3448 legis
1186 3375 1366 3430 [initas
1410 3373 1609 3442 figuras
1661 3387 1726 3426 ac
1780 3373 2154 3425 caeremonias.

602 3469 805 3525 Deinde
856 3464 1393 3522 animadvertendum
1436 3470 1519 3516 est
1547 3462 1691 3531 quod
1736 3461 1955 3531 quando
2003 3462 2158 3533 juxta

603 3559 817 3615 vernale
839 3555 1240 3627 requinoctium,
1270 3550 1578 3619 coniunctio
1598 3551 1946 3606 luminarium
1965 3566 2161 3605 secun-

598 3654 727 3708 dum
755 3651 988 3706 medium
1011 3662 1230 3702 cursum
1265 3644 1583 3698 occurrebat
1616 3649 1742 3711 post
1764 3640 2033 3695 decimam
2070 3656 2161 3707 09-

602 3758 775 3801 tavam
804 3740 912 3797 diei
973 3743 1179 3801 horam,
1219 3736 1344 3805 quia
1401 3734 1514 3803 jam
1554 3741 1785 3803 peracta:
1827 3740 1982 3785 erant
2038 3731 2160 3799 plus

598 3852 757 3907 quam
794 3846 903 3888 tres
927 3839 1129 3903 quarta:
1146 3837 1326 3898 partes
1346 3825 1473 3890 diei,
1492 3833 1547 3878 et
1567 3822 1870 3879 declinabat
1904 3822 2075 3893 magis
2095 3820 2161 3875 ad

599 3930 742 3985 diem
760 3934 1099 3996 sequentem,
1128 3920 1252 3974 ideo
1302 3916 1617 3972 servabatur
1670 3928 1887 3984 quoque
1934 3912 2019 3966 die
2076 3926 2163 3966 se-

598 4020 806 4091 quenti,
825 4026 879 4071 et
897 4017 964 4069 ab
982 4015 1083 4069 hoc
1102 4008 1521 4065 numerabantur
1535 4005 1714 4061 omnia
1732 4005 1983 4075 praedicta
2004 4002 2159 4057 festa.

668 4114 935 4164 Prmterca
994 4105 1039 4159 si
1084 4102 1227 4157 dicta
1272 4099 1442 4169 prima
1496 4095 1788 4152 Neomenia
1842 4095 2164 4149 occurrebat

595 4200 858 4261 secundo,
915 4203 1127 4265 quarto,
1184 4190 1267 4246 vel
1327 4197 1481 4245 sexto
1531 4184 1885 4242 hebdomade:
1923 4186 2009 4240 die
2049 4199 2163 4238 ser-

599 4293 794 4353 vanda,
825 4268 1165 4357 rejiciEbatur
1196 4282 1250 4337 iu
1292 4280 1433 4336 diem
1475 4288 1812 4348 sequentem.
1845 4276 1977 4330 Nam
2012 4277 2056 4331 si
2079 4291 2165 4330 se-

600 4384 778 4441 cundo
806 4376 1153 4436 hebdomade:
1181 4375 1270 4431 die
1298 4374 1487 4427 fuisset
1518 4380 1752 4436 servata,
1787 4380 1917 4425 tunc
1964 4370 2160 4424 festum

600 4462 957 4546 Expiationis,
1001 4469 1143 4537 quod
1196 4474 1312 4522 erat
1356 4464 1794 4525 celeberrimum,
1831 4464 2163 4517 occurrisset

2252 626 2429 682 eundo
2475 626 2643 682 altare
2674 643 2795 683 cum
2830 630 3131 699 palmarum
3168 629 3471 693 frondibus,
3533 631 3585 683 in
3621 645 3837 684 memo-

2255 718 2391 773 riam
2432 727 2604 788 captz
2643 715 2862 775 Jericho
2887 720 3075 790 primae
3111 720 3368 785 civitatis,
3395 738 3557 791 quam
3591 722 3647 775 in
3679 732 3833 775 terra

2253 811 2629 883 promissionis
2660 811 2755 866 lilii
2785 812 2949 867 Israel
3000 812 3313 881 hujusmodi
3359 815 3663 884 septenaria
3718 816 3835 870 cir-

2254 902 2489 956 cuitione
2517 910 2793 970 ceperant,
2840 906 2893 955 in
2923 902 3026 956 hoc
3074 912 3331 971 praeterea
3364 904 3452 957 die
3494 904 3656 959 lectio
3686 921 3834 974 quo-

2252 1008 2357 1063 que
2393 993 2480 1047 illa
2513 992 2811 1048 Psalmista:
2840 994 3009 1063 (Psal.
3037 995 3222 1064 exui),
3256 995 3471 1065 publice
3490 998 3803 1052 rdecantaba

2253 1093 2341 1139 tur
2359 1102 2371 1137 :
2388 1085 2629 1149 Obsecro,
2655 1084 2891 1152 Domine,
2913 1087 3084 1152 salva,
3102 1102 3274 1156 qurere
3301 1102 3319 1139 :
3344 1087 3569 1151 obsecra,
3586 1088 3831 1156 Domine,

2252 1195 2494 1246 prospere
2527 1195 2626 1249 age
2658 1193 2675 1229 .'
2711 1180 3004 1241 benedictus
3053 1180 3141 1248 qui
3186 1182 3322 1233 venit
3364 1180 3419 1233 in
3451 1181 3662 1235 nomine
3719 1182 3834 1236 Do-

2253 1268 2400 1321 mini.
2436 1268 2566 1321 Nam
2595 1278 2650 1323 et
2680 1269 2820 1323 hanc
2870 1271 3318 1325 constitutionem
3355 1272 3558 1325 scimus
3602 1288 3829 1343 quoque

2256 1358 2308 1412 iu
2351 1375 2449 1414 usu
2498 1360 2665 1416 fuisse
2688 1362 2967 1426 lsraelitis,
3001 1378 3122 1417 cum
3176 1364 3352 1417 adhuc
3397 1363 3451 1416 in
3510 1364 3833 1432 captivitate

2255 1460 2439 1511 essent
2475 1450 2814 1521 Babylonica.
2870 1450 3149 1521 Siquidem
3187 1467 3249 1505 ex
3295 1451 3565 1522 Thargum
3624 1451 3834 1508 Esther

2254 1545 2557 1615 colligimus
2581 1543 2720 1613 qnod
2751 1558 2816 1599 eo
2836 1543 2925 1598 die
2964 1545 3220 1599 secabant
3251 1544 3468 1599 frondes
3498 1545 3829 1614 palmarum,

2257 1646 2419 1706 atque
2446 1634 2808 1704 decerpebant
2848 1634 3020 1690 citrea
3057 1650 3239 1704 poma,
3269 1635 3660 1691 abscindebant
3704 1653 3835 1692 ros-

2258 1727 2555 1787 triarinum.
2589 1734 2645 1781 et
2696 1725 2965 1781 faciebant
3015 1727 3116 1782 sibi
3170 1736 3390 1792 rimam
3447 1728 3653 1783 hosana
3690 1744 3704 1781 :
3738 1729 3828 1785 le-

2256 1817 2559 1887 gebantque
2590 1814 2647 1869 in
2678 1815 2831 1870 libris
2882 1816 2995 1870 suis
3040 1825 3095 1870 et
3133 1816 3383 1883 orabant,
3416 1817 3744 1872 laetabantur
3774 1821 3849 1874 et’

2260 1908 2457 1963 hilares
2492 1916 2650 1962 erant
2698 1907 2751 1960 in
2794 1916 3009 1971 nam
3038 1908 3250 1963 hosaua
3285 1949 3302 1977 ,
3348 1910 3612 1964 saltabant
3637 1919 3693 1965 et
3724 1925 3833 1965 ex-

2257 1998 2511 2053 siliebant
2534 1998 2672 2053 sicut
2702 1997 2855 2053 haedi.
2895 1998 3052 2054 Unde
3083 1999 3267 2053 videre
3295 1999 3424 2053 licet
3450 2009 3507 2053 ut
3547 2000 3651 2055 hoc
3688 2018 3833 2071 quo-

2258 2106 2365 2160 que
2403 2089 2631 2144 docendi
2673 2090 2843 2161 gratia
2870 2089 3132 2144 addamus
3171 2091 3489 2145 vocabulum
3531 2090 3827 2147 Hebraeum

2256 2189 2354 2241 hu
2406 2188 2655 2245 Γτπηυππ
2704 2182 2911 2235 hosana
2988 2180 3127 2252 vulgi
3175 2197 3324 2235 more
3364 2182 3507 2251 apud
3563 2180 3830 2238 Hebraeos

2258 2272 2418 2326 etiam
2449 2282 2571 2328 ante
2600 2272 2875 2329 Christum
2920 2282 3104 2327 natum
3154 2258 3319 2327 fuisse
3364 2282 3681 2343 corruptum
3728 2283 3831 2327 aut

2256 2363 2378 2418 illos
2427 2378 2711 2431 usurpasse
2754 2364 2929 2433 ipsum
2980 2378 3129 2418 more
3175 2362 3484 2429 Chaldaico,
3524 2374 3578 2418 et
3624 2364 3831 2419 deinde

2255 2454 2457 2509 abusos
2489 2454 2660 2509 fuisse
2704 2470 2802 2524 pro
2851 2454 3196 2508 solemnitate
3246 2454 3575 2520 Palmarum,
3624 2456 3677 2509 in
3713 2472 3826 2525 qua

2256 2560 2379 2613 cum
2412 2548 2575 2600 ramis
2601 2546 2935 2600 caeremoniae
2976 2546 3194 2600 tiebant.
3228 2544 3286 2598 Et
3312 2546 3381 2599 ita
3412 2556 3539 2600 nato
3574 2555 3826 2616 postmo-

2258 2635 2386 2690 dum
2430 2633 2671 2699 Chrtsto,
2711 2650 2833 2689 cum
2887 2634 3048 2689 vellet
3088 2635 3319 2704 populus
3372 2650 3495 2690 eum
3524 2636 3823 2697 honorare.

2257 2738 2480 2781 etcum
2535 2726 2808 2796 triumpho
2879 2724 3249 2795 Hierosolyma
3311 2724 3599 2791 deducere,
3663 2726 3825 2797 igno-

2255 2825 2441 2871 rantes
2470 2816 2880 2885 compleverunt
2958 2813 3291 2883 prophetiam
3354 2814 3681 2881 Davidicam,
3732 2830 3830 2870 oe-

2253 2905 2470 2961 casione
2530 2916 2742 2975 sumpta
2773 2920 2837 2960 ex
2897 2903 3127 2958 surculis
3191 2903 3260 2957 ab
3310 2902 3470 2957 olivis
3544 2904 3825 2974 decerptis

2253 3008 2309 3054 et
2352 2998 2406 3051 in
2455 2997 2592 3051 viam
2644 2996 2850 3061 stratis,
2903 2995 3197 3049 clamantes
3272 2993 3525 3061 Hosana,
3563 2995 3619 3049 id
3671 2999 3825 3066 quod

2254 3092 2491 3146 clamare
2563 3097 2965 3143 consueverant
3036 3090 3090 3141 in
3172 3089 3527 3145 solemnitate
3615 3089 3827 3146 Rame-

2257 3180 2518 3236 rum.llis
2541 3185 2719 3251 itaque
2773 3181 3063 3252 praemissis
3104 3182 3648 3238 animadvertendum
3699 3194 3828 3252 est,

2258 3274 2402 3343 quod
2480 3288 2626 3328 anno
2689 3288 2798 3343 quo
2870 3288 3063 3343 passus
3130 3284 3213 3328 est
3270 3273 3518 3329 Christus
3585 3277 3833 3332 occurrit

2258 3364 2430 3432 prima
2465 3361 2777 3425 Neomenia,
2813 3363 2925 3415 sive
2956 3362 3267 3430 conjunctio
3290 3363 3649 3417 .luminarium
3688 3380 3829 3435 pro-

2260 3456 2401 3508 xima
2427 3454 2753 3523 tequinoctio
2784 3453 2985 3507 vernali
3015 3458 3310 3508 secundum
3339 3456 3574 3510 medium
3598 3472 3827 3512 cursum

2258 3547 2387 3600 solis
2414 3556 2467 3600 et
2490 3546 2633 3599 lunae
2658 3545 2811 3614 juxta
2832 3560 3014 3599 veram
3037 3556 3091 3600 et
3110 3557 3351 3601 exactam
3378 3550 3829 3619 supputationem

2255 3636 2706 3705 peritissimorum
2738 3634 3106 3700 llebmaorum,
3137 3638 3225 3693 die
3254 3639 3444 3707 quinto
3476 3638 3830 3695 hebdomadis:

2262 3735 2385 3797 post
2418 3726 2683 3781 decimam
2718 3742 2917 3779 nonam
2949 3726 3053 3779 diei
3087 3727 3295 3791 horam,
3327 3743 3451 3782 cum
3477 3729 3685 3799 aliquot
3717 3732 3828 3784 mi-

2262 3818 2411 3872 nutis
2452 3836 2467 3872 :
2504 3827 2559 3872 et
2588 3818 2660 3871 ita
2684 3818 2837 3886 juxta
2869 3816 3127 3885 praedicta
3150 3826 3276 3872 erat
3305 3819 3554 3888 sequenti
3583 3819 3671 3875 die
3699 3837 3829 3876 ser-

2261 3909 2455 3964 vanda.
2488 3908 2593 3963 Sed
2618 3908 2765 3977 quia,
2790 3917 2941 3961 sexto
2966 3907 3072 3970 die,
3104 3915 3161 3960 ut
3184 3907 3389 3963 dictum
3417 3918 3516 3971 est.
3546 3927 3829 3982 nunquam

2262 4001 2597 4067 servabatur,
2651 4000 2854 4054 idcirco
2883 3999 3055 4055 λιιι]εεὶ
3101 4017 3166 4054 eo
3213 4016 3356 4056 anno
3389 4004 3678 4057 servabant
3710 4007 3829 4073 pri-

2265 4106 2412 4144 mum
2439 4090 2568 4143 illud
2603 4089 2943 4143 novilunium
2976 4091 3062 4143 die
3088 4090 3306 4144 Sabbati
3344 4110 3359 4145 :
3395 4102 3450 4145 et
3478 4094 3550 4146 ita
3580 4093 3831 4151 decimus

2265 4184 2485 4253 quintus
2504 4184 2619 4237 dies
2636 4182 2876 4252 ejusdem
2902 4183 3121 4247 mensis,
3149 4199 3255 4253 quo
3283 4188 3599 4241 occurrebat
3624 4187 3830 4245 festum

2262 4274 2609 4346 Azymorum,
2647 4273 2801 4342 juxta
2847 4272 3156 4327 Judzcorutn
3217 4276 3615 4330 observantiam
3658 4280 3827 4333 etiam

2264 4374 2382 4419 erat
2434 4365 2550 4420 dies
2582 4363 2801 4418 Sabbati
2853 4380 2866 4417 :
2894 4363 3119 4435 ideoque
3136 4377 3368 4437 propter
3389 4368 3617 4422 duorum
3652 4370 3832 4426 festo-

2266 4470 2384 4509 rum
2421 4468 2765 4514 concursum,
2799 4454 2863 4507 de
2902 4456 2990 4507 illo
3020 4456 3151 4510 dicit
3180 4454 3412 4512 Joannes
3433 4460 3450 4528 (
3470 4458 3634 4515 Joan.
3664 4462 3829 4532 nx);

602 4544 867 4623 die—sexto
885 4559 1263 4617 celebrandum
1296 4572 1310 4608 :
1341 4555 1531 4624 quodsi
1557 4563 1709 4607 sexto
1732 4554 1818 4606 die
1842 4564 2156 4606 servaretur
2195 4588 2236 4641 ὓ
2266 4546 2409 4615 (μιοά
2449 4554 2563 4598 ενα⁸
2597 4559 2815 4611 ⁷¹⁸⁰9¹³¹⁴⁸
2848 4544 2954 4596 di“
2987 4544 3075 4597 me
3099 4544 3338 4610 suum";
3379 4556 3437 4600 ω’
3467 4550 3629 4603 etiam
3660 4552 3726 4604 ad
3762 4569 3829 4607 ea

597 4662 745 4717 dicta
767 4657 935 4727 prima
961 4650 1252 4705 Neomenia
1280 4648 1394 4700 sive
1422 4646 1627 4715 primus
1651 4644 1777 4697 anni
1806 4658 1995 4696 eorum
2019 4642 2157 4705 dies,

600 4764 729 4807 tunc
763 4749 962 4803 dictum
1011 4738 1341 4810 Expiationis
1388 4736 1583 4791 festum
1624 4736 1714 4789 die
1742 4735 1958 4805 primo,
1998 4748 2158 4803 quem

600 4857 699 4897 nos
746 4850 1000 4894 vocamus
1034 4831 1395 4891 Dominicum,
1429 4828 1755 4882 occurrisset
1801 4828 1866 4882 ab
1904 4827 1984 4881 eis
2014 4826 2156 4880 cele-

599 4933 862 4991 brandum
903 4945 916 4982 :
957 4940 1183 4996 quorum
1216 4934 1503 4988 utrumque
1521 4920 1807 4975 admodum
1842 4934 2001 4990 grave
2032 4933 2158 4972 cen-

603 5027 821 5081 sebatur
846 5030 898 5076 et
920 5019 1072 5073 valde
1099 5029 1388 5070 onerosum
1414 5014 1507 5066 toti
1530 5013 1833 5082 populo,eo
1860 5012 2002 5081 quod
2023 5011 2157 5065 duo-

603 5119 706 5173 bus
736 5112 1006 5169 continuis
1039 5110 1228 5163 diebus
1276 5106 1635 5168 naturalibus,
1658 5119 1855 5173 nempe
1885 5104 2021 5158 festo
2051 5102 2154 5156 Ex-

601 5206 854 5279 piatiouis
882 5211 937 5256 et
968 5197 1399 5261 Sabbato,nullo
1436 5197 1594 5248 modo
1641 5194 1824 5247 liceret
1854 5210 2044 5262 parare
2077 5194 2158 5247 ci—

599 5302 721 5363 bos,
753 5308 843 5351 aut
874 5294 1103 5363 sepelire
1140 5301 1377 5345 mortuos
1410 5306 1421 5339 :
1452 5303 1675 5356 corpora
1714 5296 1892 5338 autem
1927 5296 2158 5351 mortua,

604 5397 877 5444 autcmta
922 5386 1068 5439 olera
1127 5397 1233 5437 non
1292 5390 1512 5449 possent
1563 5381 1617 5430 in
1654 5380 1885 5431 tertium
1950 5379 2156 5431 servari

605 5486 765 5538 (lieni.
793 5478 1087 5549 prtesertim
1120 5476 1172 5527 in
1202 5472 1387 5526 calidis
1418 5471 1745 5537 regionibus.
1772 5471 1976 5535 Quodsi
2007 5481 2159 5525 sexto

606 5577 693 5629 die
722 5581 1020 5626 servaretur
1052 5568 1305 5637 praedicta
1331 5562 1620 5617 Neomeniu
1648 5564 1757 5617 sive
1788 5565 2017 5634 primum
2057 5581 2158 5617 no-

608 5666 889 5724 vilunium,
916 5670 1041 5714 tunc
1073 5659 1336 5727 septimus
1361 5656 1476 5708 dies
1511 5655 1629 5707 festi
1667 5655 2013 5725 Scenopcgite
2045 5656 2159 5708 sive

607 5753 1093 5812 'l'abernaculorum
1118 5750 1437 5805 occurrisset
1472 5746 1556 5801 die
1587 5748 1826 5800 Sabbati.
1852 5748 1907 5799 ln
1938 5748 2039 5801 hoc
2062 5765 2158 5800 au-

594 5864 714 5907 tem
751 5852 980 5917 septimo
1010 5848 1097 5901 die
1128 5848 1291 5901 multa
1334 5843 1532 5898 lzctitia:
1566 5840 1715 5911 signa
1776 5842 2157 5906 ostendebant,

2264 4636 2424 4692 verba
2444 4635 2609 4690 habet
2628 4645 2815 4689 auctor
2833 4644 3036 4689 noster.
3054 4635 3301 4691 Christus
3319 4653 3448 4692 vero
3464 4642 3696 4696 servavit
3710 4646 3833 4713 qui-

2263 4732 2384 4784 dem
2419 4726 2769 4784 Ncomcniam
2795 4737 2947 4781 sexto
2975 4728 3323 4783 bebdomadae
3356 4731 3445 4784 die
3471 4748 3486 4786 :
3516 4746 3637 4787 cum
3677 4738 3828 4790 enim

2260 4833 2384 4893 post
2414 4821 2677 4875 decimam
2696 4835 2890 4873 nonam
2923 4820 3111 4874 horam
3142 4823 3467 4877 occurrisset
3496 4824 3667 4893 quinti
3694 4827 3825 4895 diei,

2263 4914 2651 4970 rationabiliter
2682 4922 2741 4967 ut
2759 4913 2960 4967 dictum
2986 4922 3087 4975 est,
3111 4915 3280 4983 magis
3305 4916 3578 4984 pertinere
3600 4918 3828 4974 videba-

2264 5021 2349 5063 tur
2384 5010 2447 5063 ad
2476 5009 2615 5063 diem
2651 5018 2986 5077 sequentem.
3016 5005 3215 5060 Verum
3246 5024 3275 5059 a
3298 5018 3451 5062 sexto
3478 5008 3565 5063 die
3598 5011 3664 5064 ad
3692 5012 3829 5069 Sab-

2264 5103 2448 5155 batum
2477 5118 2598 5153 cum
2630 5099 2827 5155 .ludaeis
2861 5100 3151 5153 transferre
3179 5099 3372 5153 noluit.
3413 5099 3543 5154 Nam
3572 5102 3676 5157 hoc
3699 5119 3827 5173 pro-

2264 5205 2385 5263 pter
2429 5192 2561 5247 festa
2600 5194 2825 5263 septimo
2854 5208 3038 5247 mense
3095 5192 3273 5246 futura
3324 5191 3406 5248 fac
3429 5195 3591 5249 ebant
3628 5194 3827 5264 Judzei,

2266 5297 2321 5339 ut
2367 5286 2676 5354 priedictum
2711 5297 2826 5349 est;
2868 5286 3115 5339 Christus
3162 5296 3342 5339 autem
3386 5298 3629 5353 noverat,
3679 5292 3829 5357 quod

2257 5395 2361 5448 per
2383 5395 2533 5431 suam
2564 5377 2873 5431 Passionem
2904 5391 3021 5444 qua:
3055 5377 3311 5441 instabat,
3352 5389 3589 5433 cessaret
3616 5380 3827 5450 obliga-

2268 5470 2341 5520 tio
2393 5468 2728 5535 sequentium
2776 5466 2987 5518 illorum
3028 5465 3313 5531 festorum,
3360 5467 3501 5522 sicut
3544 5480 3597 5522 ct
3630 5482 3826 5526 uetera

2265 5560 2395 5628 legis
2422 5558 2831 5611 caeremonialin.
2858 5559 3075 5625 l‘ropter
3100 5558 3202 5611 hoc
3220 5559 3419 5627 itaque,
3446 5570 3497 5613 et
3522 5562 3682 5614 etiam
3701 5566 3827 5632 quia

2266 5652 2511 5720 sequenti
2540 5652 2623 5705 die
2657 5652 2950 5705 moriturus
2981 5663 3094 5706 erat
3124 5650 3397 5717 Christus,
3435 5655 3670 5723 typicum
3703 5660 3831 5725 qui-

2266 5746 2386 5797 dcnt
2422 5760 2614 5813 agnum
2650 5759 2772 5796 vera
2817 5750 2871 5795 et
2912 5743 3149 5814 legitima
3184 5744 3393 5797 decima
3436 5754 3627 5814 quarta
3676 5747 3830 5807 luna,

2268 5856 2385 5909 (ιιιίυ
2417 5838 2517 5892 fuit
2554 5838 2639 5891 die
2668 5838 2874 5907 quinto,
2922 5839 3193 5901 comedit;
3235 5848 3423 5907 quarta
3451 5837 3658 5894 decima
3700 5856 3833 5895 vero
