4030 6482
194 454 265 514 ta
1625 442 2052 506 PRIEFATIO.
3424 420 3495 498 ro

187 563 482 632 luuajttxla
510 561 1118 616 vetcremllebrteorum
1147 558 1587 613 numerationem
1607 556 1773 613 etiam
1803 563 1849 619 Α
1885 564 2010 610 rent
2035 553 2207 609 Exod.
2234 552 2352 623 xu),
2380 554 2436 607 et
2461 567 2569 606 non
2598 552 2988 607 fermentatum
3009 566 3202 621 panem
3231 560 3286 605 et
3305 560 3487 604 tamen

185 654 449 722 legitima,
491 654 545 707 in
585 655 745 722 cujus
786 667 1013 723 vespera
1059 646 1252 706 .ludzei‘
1280 650 1518 721 typicum
1570 663 1772 717 agnum

184 753 344 797 erant
372 743 729 805 immolaturi,
754 743 869 813 ipse
894 758 1051 797 verus
1076 742 1263 812 Agnus
1288 740 1392 795 fuit
1421 741 1773 794 immolatus:

184 846 238 890 et
268 837 342 889 ita
379 836 579 889 veritas
613 832 899 903 respondit
934 836 1140 905 ﬁguras.
1179 835 1383 889 llorum
1416 843 1599 889 autem
1637 849 1773 888 cau-

180 941 321 990 sam,
352 937 415 981 ut
441 927 733 983 verisimile
764 938 869 992 est,
892 928 1067 980 solum
1098 926 1439 982 indicaverat
1466 927 1774 996 patrifami-

184 1020 283 1075 lias
316 1020 367 1074 in
400 1022 557 1090 cujus
584 1021 793 1075 aedibus
823 1020 1022 1089 pascha
1055 1021 1268 1080 edebat,
1305 1030 1359 1074 et
1396 1020 1533 1090 ipsis
1568 1021 1777 1077 duode-

178 1116 285 1169 cim
312 1115 620 1185 discipulis,
652 1129 881 1185 quormn
903 1114 1052 1182 (Luc.
1082 1116 1211 1180 xxu)
1240 1113 1433 1169 Petrus
1461 1114 1775 1170 etJoannes

178 1223 244 1262 ex
268 1209 427 1277 jussu
451 1208 648 1263 Christi
674 1210 981 1263 necessaria
1006 1217 1353 1278 paraverant,
1373 1223 1573 1278 nempe
1602 1208 1777 1264 lactu-

177 1316 272 1353 cas
300 1312 542 1372 agrestes
570 1309 626 1356 et
654 1302 875 1357 baculos
909 1319 924 1356 :
955 1316 1080 1356 nam
1105 1317 1278 1372 agnus
1306 1303 1423 1372 ipse
1448 1302 1662 1358 decimo
1688 1303 1776 1358 die

177 1394 387 1446 mensis
423 1394 718 1462 parabatur
753 1410 766 1445 :
803 1409 969 1462 panes
1001 1408 1220 1463 quoque
1250 1396 1420 1464 azymi
1446 1438 1462 1462 ,
1491 1404 1552 1448 ut
1580 1395 1776 1450 verisi-

174 1485 307 1538 mile
347 1494 431 1540 est
460 1484 657 1555 (Exod.
690 1485 793 1557 xu)
828 1486 1037 1555 aliquot
1077 1497 1204 1541 ante
1240 1488 1457 1550 diebus,
1486 1488 1643 1556 juxta
1690 1487 1775 1541 fa-

176 1576 454 1630 miliarum
484 1578 917 1649 magnitudinem
952 1579 1123 1649 parati
1156 1590 1351 1647 erant;
1379 1580 1563 1651 itaque
1591 1580 1775 1637 nullus

172 1685 242 1724 ex
270 1671 378 1725 hoc
409 1687 601 1741 passus
628 1683 708 1727 est
738 1672 1157 1740 oﬂendiculum,
1189 1690 1370 1745 neque
1400 1676 1471 1731 ob
1496 1676 1547 1731 id
1582 1692 1768 1732 coram

172 1766 357 1837 judice
391 1767 570 1835 potuit
600 1768 869 1822 accusari.

248 1856 392 1923 Quin
450 1867 507 1913 et
559 1857 930 1915 Tertullianus
980 1859 1210 1916 Latinus
1256 1870 1451 1917 auctor
1492 1864 1777 1932 proximus

172 1948 546 2017 apostolorum
597 1952 975 2021 temporibus,
1030 1953 1097 2008 de
1151 1953 1238 2007 die
1294 1952 1573 2010 Passionis
1620 1957 1782 2011 Chri-

174 2042 248 2092 sti
302 2042 376 2093 ita
439 2041 680 2110 loquitur
740 2043 794 2096 in
840 2043 1177 2115 Apologelico
1238 2046 1487 2099 adversus
1541 2046 1777 2104 Judwos.

179 2148 198 2178 ι
232 2126 364 2195 Qum
404 2129 593 2184 Passio
636 2131 771 2186 intra
810 2140 1054 2203 tempora
1093 2138 1435 2208 septuaginta
1482 2138 1781 2194 hebdoma-

174 2218 367 2273 darum
424 2220 662 2288 perfecta
728 2234 830 2289 est,
891 2226 992 2281 sub
1053 2226 1272 2283 Tiberio
1324 2230 1576 2294 Caesare.
1629 2248 1774 2288 coss.

174 2308 431 2364 Rubellio
470 2312 704 2368 Gemino
738 2329 793 2371 et
830 2316 967 2371 Rufo
1015 2317 1283 2381 Gemino.
1330 2338 1517 2379 mense
1552 2325 1775 2392 Martio,

176 2405 524 2472 temporibus
561 2404 806 2472 Paschze,
848 2408 940 2463 die
978 2420 1172 2474 octavo
1202 2412 1571 2486 Kalendarum
1606 2416 1775 2486 Apri-

173 2494 343 2560 lium,
415 2495 505 2552 die
582 2498 759 2567 primo
826 2498 1193 2570 Azymorum.
1264 2521 1375 2573 quo
1440 2521 1642 2578 agnum
1716 2520 1775 2565 ut

172 2584 488 2642 occiderent
546 2589 611 2643 ad
686 2606 1012 2662 vesperam,
1077 2610 1107 2649 a
1169 2594 1317 2650 Mose
1384 2597 1563 2653 [uerat
1620 2617 1772 2670 pras-

172 2685 413 2745 ceptum.
461 2678 647 2748 Neque
681 2683 828 2737 enim
874 2685 944 2739 ob
994 2686 1047 2740 id
1087 2687 1194 2742 dici
1242 2698 1420 2757 potest
1454 2692 1631 2761 primo
1683 2695 1772 2751 die

174 2766 507 2838 Azymornm
571 2785 856 2841 mortuus,
914 2777 1070 2846 juxta
1128 2781 1388 2849 pra'dicta
1444 2784 1768 2841 Tertulliani

174 2863 364 2923 verba,
399 2864 543 2931 quod
584 2881 647 2919 ea
683 2877 839 2923 nocte
869 2879 1063 2939 captus
1104 2872 1293 2927 fuerit.
1328 2872 1609 2943 Siquidem
1650 2894 1770 2933 om-

174 2952 328 3008 nium
362 2956 677 3014 testimonio
702 2960 754 3014 in
780 2977 943 3017 cruce
972 2973 1026 3018 et
1050 2981 1156 3019 nou
1191 2966 1243 3020 in
1270 2969 1769 3036 comprehensione

177 3046 279 3098 fuit
322 3057 509 3101 nostra
561 3052 886 3121 redemptio.
932 3056 997 3109 Et
1028 3058 1216 3123 procul
1270 3060 1440 3114 dubio
1491 3062 1676 3118 divina
1713 3066 1767 3120 id

173 3148 355 3191 actum
381 3151 465 3194 est
493 3141 865 3210 Providentia,
886 3147 1033 3216 quod
1057 3164 1123 3203 eo
1148 3166 1294 3203 anno
1324 3152 1529 3219 duplex
1550 3155 1765 3212 decima

1882 648 2031 703 illam
2070 647 2476 703 immunditiam
2508 646 2819 703 levissimas
2851 646 2923 701 ob
2953 660 3149 700 causas
3186 645 3486 700 contrahe-

1879 739 2055 796 bant.

1948 833 2105 900 Quod
2174 843 2355 890 autem
2425 838 2580 889 alunt
2639 832 2947 896 nonnulli,
2996 831 3217 887 Judaeos
3282 846 3487 901 prmce-

1880 926 2031 982 deuti
2069 927 2160 983 die
2190 938 2491 999 occupatos
2513 929 2657 982 circa
2686 927 3016 996 capiendum
3044 926 3353 987 Christum.
3387 941 3486 979 ne-

1880 1020 2116 1089 glexisse
2159 1037 2360 1092 agnum
2406 1022 2572 1077 edere
2627 1020 2965 1090 pasclialem,
3009 1029 3066 1074 et
3099 1019 3247 1089 quod
3279 1019 3488 1075 idcirco

1879 1122 2045 1167 nocte
2068 1114 2320 1183 sequenti
2366 1114 2519 1169 illum
2552 1123 2739 1169 essent
2765 1113 3086 1171 eomesturi.
3121 1128 3233 1167 non
3263 1113 3323 1167 ﬁt
3345 1114 3490 1167 veri-

1879 1206 2080 1262 simile.
2112 1208 2399 1277 Siquidem
2434 1209 2602 1264 etiam
2636 1209 2712 1262 illi
2747 1210 2839 1279 qui
2872 1207 3120 1279 legitimo
3150 1207 3487 1263 tenebantur

1880 1298 2276 1368 impedimento
2308 1303 2522 1358 decimo
2560 1311 2759 1373 quarto
2787 1302 2876 1357 die
2909 1302 3071 1372 primi
3113 1302 3343 1365 mensis,
3369 1317 3483 1355 non

1879 1399 2137 1459 poterant
2179 1394 2430 1461 sequenti
2464 1394 2553 1448 die
2585 1410 2684 1463 pro
2727 1394 2884 1448 libito
2913 1409 3115 1464 agnum
3146 1393 3309 1447 edere
3360 1408 3485 1460 pas-

1882 1481 2097 1537 chalem
2120 1526 2135 1548 ,
2170 1486 2265 1539 sed
2298 1487 2587 1555 sequentis
2616 1487 2825 1541 mensis
2855 1486 2945 1540 die
2981 1486 3237 1540 similiter
3266 1486 3487 1541 decimo

1880 1586 2076 1646 quarto
2120 1578 2186 1633 ad
2224 1594 2533 1648 vesperam.
2583 1590 2642 1635 ut
2681 1580 2916 1635 habetur
2955 1577 3179 1634 Numeri
3212 1596 3267 1633 x.
3299 1578 3488 1648 Itaque

1878 1672 1968 1727 die
1997 1670 2275 1727 Passionis
2300 1672 2501 1727 Christi
2528 1689 2653 1728 cum
2676 1673 2922 1727 nondum
2947 1672 3203 1728 inchoata
3228 1682 3375 1728 esset
3397 1688 3489 1727 so-

1880 1766 2139 1820 lemnitas
2187 1765 2467 1821 Paschalis
2510 1775 2607 1821 aut
2652 1768 3009 1838 Azymorum,
3049 1766 3205 1836 juxta
3241 1776 3483 1822 veterem

1880 1857 2196 1914 Judaorum
2231 1859 2662 1921 observantiam.
2694 1860 2899 1917 licebat
2928 1862 3012 1915 eis
3054 1876 3229 1931 usque
3257 1860 3324 1914 ad
3354 1860 3487 1915 solis

1884 1964 2138 2003 occasum
2172 1949 2451 2019 judicialia
2484 1965 2765 2015 exercere,
2799 1965 3087 2014 accusare,
3121 1958 3293 2006 testes
3322 1950 3487 2006 adhi-

1885 2043 2013 2097 bere
2043 2053 2098 2098 et
2128 2042 2465 2103 examinare.
2496 2044 2830 2098 sententiam
2874 2044 3040 2104 ferre.
3072 2042 3358 2098 Simonem
3392 2060 3486 2099 co-

1882 2150 2009 2207 gere
2054 2146 2119 2191 ut
2146 2152 2366 2191 crucem
2396 2137 2635 2200 tolleret,
2678 2137 2936 2207 sepelire,
2969 2147 3216 2193 aromata
3267 2154 3483 2209 praepa-

1882 2244 2023 2293 rare,
2057 2229 2273 2299 aliaque
2301 2230 2535 2299 plurima
2568 2246 2751 2301 agere,
2782 2246 2905 2300 qum
2925 2229 3103 2287 Judaei
3131 2246 3482 2302 nequaquam

1881 2320 2164 2387 fecissent,
2196 2323 2239 2377 si
2276 2322 2549 2378 decimam
2590 2324 2839 2393 quintam
2873 2324 3060 2379 lunam
3085 2334 3143 2379 et
3175 2324 3246 2379 ita
3277 2325 3483 2381 festum

1882 2412 2105 2468 Pascha:
2169 2425 2225 2469 et
2266 2414 2596 2486 Azymorum
2652 2433 2720 2473 eo
2764 2419 2855 2471 die
2904 2418 3302 2479 relebrassent.
3355 2436 3485 2474 cum

1880 2503 2019 2559 facta
2044 2506 2144 2559 sua
2175 2522 2273 2576 per
2300 2507 2475 2576 legem
2503 2507 2794 2565 Mosaicam
2820 2508 3127 2578 justiﬂcare
3144 2510 3481 2576 niterentur,

1878 2598 2125 2653 dicentes
2159 2616 2173 2653 :
2212 2598 2323 2655 Nos
2357 2601 2521 2672 legem
2553 2602 2824 2666 habemus,
2855 2612 2990 2662 etc..
3023 2612 3081 2660 et
3117 2605 3356 2660 maxime
3385 2605 3483 2661 Jo-

1877 2691 2009 2761 seph
2044 2691 2113 2745 ab
2151 2692 2467 2748 Arimathea
2512 2695 2596 2748 vir
2626 2695 2807 2751 bonus
2847 2710 2908 2751 ac
2938 2696 3127 2763 justus
3157 2708 3213 2752 et
3244 2697 3483 2753 Nicocle-

1873 2799 1998 2838 mus
2024 2785 2116 2853 qui
2145 2784 2436 2840 Dominum
2462 2788 2821 2856 sepelierunt,
2852 2788 2944 2858 qui
2972 2798 3197 2859 propter
3224 2790 3485 2845 Parasce-

1872 2893 1977 2933 ven
2016 2876 2357 2940 Judzeorum,
2390 2880 2516 2949 quia
2557 2896 2729 2948 prope
2760 2892 2883 2936 erat
2917 2893 3363 2942 monumentum.
3404 2885 3481 2939 ibi

1870 2980 2177 3039 posuerunt
2213 2970 2425 3032 Jesum,
2458 2973 2532 3026 ait
2558 2972 2798 3027 Joannes
2839 2974 3056 3029 decimo
3080 2976 3279 3045 capite.
3320 2974 3478 3031 Circa

1870 3077 1992 3131 qme
2016 3063 2181 3116 verba
2207 3062 2371 3117 habet
2402 3063 2740 3132 Augustinus
2765 3082 2778 3118 :
2815 3066 3219 3122 «Acceleratam
3247 3069 3362 3123 vult
3395 3069 3483 3123 ἰη-

1872 3151 2038 3223 telligi
2070 3155 2522 3223 sepulturam,ne
2555 3157 3059 3226 advesperasceret,
3088 3175 3213 3213 cum
3235 3160 3345 3227 jam
3375 3161 3480 3214 ali-

172 3240 363 3299 quarta
397 3232 523 3287 luna
551 3237 891 3303 occurrebat,
939 3248 999 3292 ut
1028 3241 1259 3296 diversis
1295 3246 1661 3311 respectthus,
1710 3260 1765 3305 et
1792 3252 1836 3309 C
1870 3245 1998 3313 quid
2019 3246 2123 3297 tale
2139 3261 2248 3299 non
2270 3247 2460 3301 liceret
2483 3256 2706 3318 propter
2729 3264 3485 3320 parascevenquamcmnam

173 3321 301 3375 hinc
342 3326 453 3377 veri
504 3328 628 3392 agni
678 3329 983 3385 immolatio
1036 3336 1217 3402 typico
1273 3340 1655 3405 responderet.
1710 3353 1767 3397 et

173 3414 322 3469 illinc
360 3416 613 3473 Christus
640 3422 705 3475 ad
740 3421 897 3475 ﬁnem
934 3440 1107 3493 usque
1135 3427 1261 3481 vite
1297 3430 1467 3501 legem
1496 3446 1765 3500 servaret,

171 3513 230 3557 ut
269 3505 433 3561 habet
465 3510 631 3563 etiam
665 3512 886 3568 Grncus
925 3514 1373 3584 Chrysostomus,
1416 3536 1479 3575 ac
1513 3525 1761 3593 typicum

171 3610 370 3665 agnum
406 3614 529 3652 vera
564 3610 616 3654 et
648 3601 890 3673 legitima
920 3604 1133 3660 decima
1169 3620 1363 3677 quarta
1396 3614 1523 3668 luna
1550 3618 1763 3682 ederet,

171 3687 311 3740 sicut
361 3705 484 3743 eum
539 3693 718 3747 edisse
777 3696 908 3749 dicit
962 3696 1348 3772 Hieronymus.
1414 3705 1481 3759 Et
1536 3707 1604 3761 de
1664 3708 1767 3765 hac

171 3781 382 3833 decima
418 3798 610 3851 quarta
660 3786 807 3851 luna,
862 3789 1016 3858 juxta
1065 3793 1270 3850 Christi
1326 3801 1763 3857 numerationem

171 3869 471 3940 loquuntur
499 3876 721 3932 indubie
746 3878 1031 3937 Matthmus
1050 3925 1065 3947 ,
1110 3885 1323 3941 Marcus
1349 3898 1403 3943 et
1424 3890 1618 3955 Lucas.
1638 3910 1762 3949 cum

172 3964 325 4019 aiunt
356 3964 531 4022 fuisse
565 3970 800 4038 primum
834 3974 976 4028 diem
1008 3978 1361 4049 Azymorum.
1394 3982 1529 4037 Nam
1558 4001 1682 4040 cum
1711 3989 1763 4041 hi

173 4066 281 4110 tres
343 4062 690 4130 evangelista:
744 4079 994 4136 magnam
1065 4070 1310 4125 facerent
1372 4072 1536 4142 hujus
1592 4092 1766 4134 ccenze

174 4152 529 4215 mentionem,
558 4162 612 4207 et
636 4158 1067 4215 consecrationis
1097 4160 1476 4227 Eucharistiae,
1506 4171 1764 4225 ostende-

173 4251 300 4295 runt
355 4241 635 4299 Christum
693 4248 857 4303 etiam
916 4251 969 4305 in
1029 4254 1131 4307 hoc
1182 4254 1358 4325 legem
1413 4260 1759 4327 observasse,

173 4348 367 4406 nempe
388 4338 544 4405 juxta
567 4356 749 4394 veram
784 4342 954 4411 ipsius
984 4348 1451 4415 Supputationem,
1479 4360 1537 4406 ut
1560 4356 1761 4422 praedi-

173 4427 349 4484 ximus
377 4430 557 4501 (Joan.
592 4436 733 4505 xui).
771 4435 1012 4493 Joannes
1044 4454 1173 4494 vero
1201 4443 1294 4511 qui
1326 4443 1395 4498 de
1427 4460 1607 4511 cwna,
1641 4457 1763 4502 tau-

174 4537 333 4591 quam
369 4524 439 4579 ab
471 4527 593 4581 aliis
632 4528 795 4583 latius
835 4540 1087 4594 tractata,
1126 4535 1289 4590 unico
1323 4537 1492 4591 verbo
1524 4539 1760 4595 absolvit

172 4614 402 4671 dimndo
434 4637 446 4672 :
480 4618 635 4675 Cana
668 4624 811 4692 facta
834 4665 849 4689 ,
879 4625 1038 4679 aliam
1062 4627 1217 4697 juxta
1258 4639 1499 4685 veterem
1535 4632 1756 4689 ludazo-

173 4719 289 4760 rum
324 4710 727 4767 observantiam
768 4715 1037 4771 decimam
1072 4730 1321 4788 quartam
1355 4721 1539 4776 lunam
1575 4725 1758 4780 consi-

174 4798 417 4868 deravit;
464 4804 530 4856 ad
580 4806 974 4863 excludendum
1025 4825 1294 4876 errorem,
1346 4814 1440 4883 qui
1479 4818 1761 4873 nonnullis

175 4894 301 4949 oriri
351 4896 617 4964 potuisset
648 4914 710 4952 ex
760 4900 879 4957 aliis
916 4904 1304 4975 evangelistis,
1362 4922 1560 4977 nempe
1610 4912 1759 4980 quod

173 4986 371 5041 veritas
398 5002 505 5040 non
530 4991 884 5057 responderet
912 4993 1096 5063 ﬁgurae
1119 4995 1171 5047 in
1200 4996 1314 5051 veri
1345 4998 1469 5066 agni
1502 4993 1757 5054 immola-

170 5075 333 5131 tione.
388 5077 453 5131 Et
498 5078 618 5133 ideo
665 5081 795 5135 dicit
826 5082 1012 5153 (Joan.
1050 5102 1159 5145 xix.
1195 5088 1283 5160 14)
1334 5090 1480 5159 quod
1512 5092 1601 5146 die
1650 5108 1758 5161 quo

170 5181 419 5225 mortuus
471 5182 548 5226 est
586 5170 841 5228 Christus
888 5187 1008 5232 erat
1064 5193 1361 5248 parasceve
1410 5181 1652 5247 Paschze,
1702 5195 1759 5239 et

168 5265 309 5331 quod
363 5280 473 5318 non
520 5264 849 5322 introierunt
906 5267 959 5321 in
1003 5273 1319 5338 praetorium
1369 5289 1439 5328 ne
1486 5277 1758 5330 contami-

166 5365 451 5421 narentur,
488 5358 581 5412 sed
614 5366 671 5413 ut
698 5360 926 5414 ederent
951 5363 1155 5430 pascha
1189 5380 1202 5417 :
1230 5364 1320 5419 ubi
1346 5365 1516 5421 dictio
1544 5366 1753 5423 Pascha

171 5464 509 5520 nequaquam
542 5466 639 5519 pro
668 5452 876 5523 azymis
913 5454 1035 5524 capi
1067 5465 1274 5526 potest,
1310 5466 1370 5513 ut
1399 5456 1623 5529 quidam
1652 5475 1752 5516 vo-

171 5540 304 5603 Iunt,
338 5552 453 5596 tum
486 5544 631 5612 quod
662 5560 931 5617 nusquam
966 5549 1098 5604 alibi
1123 5550 1195 5604 ita
1226 5552 1472 5621 capiatur
1506 5554 1561 5608 in
1602 5553 1752 5610 Scri-

171 5635 363 5701 pturis.
399 5644 515 5689 tum
541 5638 684 5705 quod
712 5639 776 5693 ad
801 5640 1010 5695 edenda
1040 5657 1229 5712 azyma
1251 5658 1521 5713 nusquam
1540 5645 1754 5701 dicatur

173 5726 368 5794 requiri
393 5745 408 5794 ;
434 5744 615 5797 neque
637 5730 929 5785 verisimile
957 5733 1029 5785 sit
1057 5748 1181 5788 esse
1205 5750 1454 5802 necesse,
1475 5744 1534 5790 ut
1562 5739 1753 5793 mundi

172 5814 296 5880 sint,
337 5833 461 5871 cum
500 5834 661 5887 pana
698 5821 888 5876 mortis
933 5822 1225 5889 intentata,
1271 5833 1490 5895 septem
1525 5826 1753 5899 integris

171 5906 358 5966 diebus
392 5912 736 5969 naturalibus
770 5915 1161 5986 praeciperetur
1200 5915 1281 5973 cis
1316 5925 1378 5973 ut
1405 5932 1594 5990 azyma
1620 5920 1753 5977 cde-

1872 3336 2247 3406 puratuJud:ei
2265 3340 2455 3395 Latine
2480 3342 2738 3398 usitatius
2757 3344 2900 3411 apud
2919 3359 3017 3399 nos
3044 3356 3265 3401 vocant.
3292 3346 3480 3417 Neque

1874 3430 2022 3483 enim
2042 3440 2137 3485 aut
2165 3432 2240 3493 bi.
2276 3443 2371 3487 aut
2396 3434 2497 3503 piae
2516 3435 2622 3489 illa:
2637 3436 2895 3490 mulieres
2909 3438 3090 3491 adhuc
3108 3449 3484 3509 cognoverant

1875 3539 2095 3579 cessare
2132 3525 2185 3579 in
2219 3525 2427 3580 Christi
2460 3540 2636 3583 morte
2662 3529 2873 3595 legalia.
2906 3529 3155 3591 Demum.
3180 3540 3237 3585 ut
3264 3534 3481 3604 epilogo

1872 3616 2287 3680 concludamus,
2340 3617 2595 3673 Christus
2650 3635 2808 3675 suum
2866 3621 3071 3676 Pascha
3103 3624 3278 3691 'jTtxta
3327 3625 3479 3696 legis

1872 3704 2121 3761 Mosaicae
2165 3716 2412 3763 tenorem
2456 3711 2771 3777 celebravit,
2810 3710 2985 3766 Judaei
3035 3724 3219 3768 autem
3249 3715 3339 3769 die
3389 3733 3478 3770 se-

1873 3798 2062 3866 quenti
2094 3799 2250 3865 juxta
2281 3800 2509 3856 Patrum
2547 3804 2873 3858 traditiones
2904 3822 2916 3869 ;
2952 3804 3156 3875 quippe
3180 3806 3275 3875 qui
3302 3806 3477 3877 legale

1872 3903 2210 3962 pneceptum
2242 3894 2310 3949 de
2342 3894 2567 3951 Pascha!
2597 3897 2988 3952 observatione
3024 3898 3129 3953 hac
3165 3914 3265 3953 sua
3303 3900 3481 3954 tradi-

1873 3984 2024 4037 tione
2047 3997 2437 4054 corruperunt,
2464 4003 2630 4057 quam
2663 3987 2832 4042 refert
2866 3988 3348 4059 historiographus
3377 4005 3487 4045 eo-

1871 4089 1993 4126 rum
2024 4074 2196 4129 Sedar
2226 4076 2415 4129 Olam:
2442 4077 2950 4146 cujustraditionis.
2976 4076 3183 4133 relictis
3208 4094 3473 4148 compen-

1869 4166 1942 4219 dii
1970 4167 2137 4237 gratia
2170 4166 2449 4224 Hebraicis
2478 4170 2596 4225 haec
2621 4179 2752 4225 sunt
2783 4170 2945 4225 verba
2983 4188 2997 4225 :
3034 4170 3125 4226 Sic
3159 4180 3474 4227 statuerunt

1870 4261 2115 4329 magistri
2165 4262 2335 4317 nostri
2380 4263 2593 4332 judices
2653 4263 2965 4319 Sanhedrin
3000 4265 3183 4335 magni
3232 4266 3486 4321 nominis

1869 4353 1923 4405 iu
1975 4356 2194 4408 saeculo.
2232 4354 2289 4408 in
2344 4354 2509 4410 domo
2557 4356 2858 4412 sanctuarii
2911 4358 3149 4412 secunda
3197 4374 3322 4413 cum
3374 4374 3473 4413 ex-

1868 4454 2072 4499 structa
2110 4456 2258 4503 esset
2296 4457 2351 4502 et
2387 4460 2796 4515 consummata,
2828 4458 2961 4505 tunc
2986 4450 3237 4520 apparuit
3271 4449 3484 4505 solium.

1867 4534 2087 4606 igneum
2141 4538 2630 4609 perfectissimum,
2675 4557 2844 4613 super
2885 4544 3032 4613 quod
3070 4544 3300 4598 sedebat
3356 4543 3472 4598 [tes

1868 4631 2055 4686 mundi
2090 4633 2341 4689 sublimis
2371 4634 2527 4690 valde
2558 4645 2715 4690 stans
2750 4635 2895 4690 inter
2926 4638 3199 4707 porticum
3238 4657 3251 4693 :
3285 4648 3341 4693 ct
3371 4655 3467 4693 ac-

1866 4736 2135 4793 ceperunt
2164 4741 2447 4791 coronam,
2474 4730 2971 4799 appenderuntque
2997 4729 3235 4801 sigillum
3271 4746 3469 4786 recon»

1866 4816 2063 4882 ditum,
2083 4829 2140 4873 et
2159 4830 2481 4885 sanxerunt,
2512 4821 3020 4892 ordinaveruntque
3043 4833 3308 4879 statutum
3343 4841 3466 4893 per-

1866 4921 2091 4980 petuum
2128 4930 2142 4967 :
2180 4924 2240 4968 et
2272 4913 2533 4969 traditum
2576 4924 2661 4969 est
2697 4918 2759 4969 in.
2798 4932 2965 4970 manu
3008 4916 3177 4972 Rabbi
3212 4918 3473 4982 Eliezcr,

1863 5006 1956 5073 qui
2005 5007 2230 5076 reliquis
2269 5009 2530 5063 omnibus
2566 5010 2738 5078 major
2769 5020 2932 5065 erat:
2979 5022 3035 5065 et
3088 5011 3133 5066 is
3193 5013 3465 5067 ordinavit

1862 5096 2009 5151 diem
2075 5098 2307 5153 sortium
2370 5116 2483 5155 non
2545 5101 2826 5156 observari
2898 5104 3178 5168 secundo,
3232 5113 3462 5173 quarto,

1863 5192 2100 5258 septimo
2140 5192 2499 5249 hebdomadas
2532 5194 2621 5250 die
2662 5210 2678 5248 :
2716 5211 2895 5266 neque
2932 5196 3148 5253 Pascha.
3183 5200 3453 5256 secundo.

1862 5292 2058 5350 quarto
2143 5293 2299 5338 sexto
2356 5303 2370 5339 :
2428 5301 2607 5354 neque
2667 5287 2810 5341 diem
2866 5287 3213 5343 Retentionis
3274 5291 3459 5353 trrtio,

1861 5370 2075 5440 quinto,
2112 5374 2345 5444 septimo
2383 5392 2397 5430 :
2433 5392 2611 5446 neque
2636 5377 2967 5447 principium
3004 5379 3135 5433 anui
3181 5382 3456 5443 secundo,

1858 5471 2056 5530 quarto
2081 5474 2240 5518 sexto
2269 5482 2289 5518 1
2312 5481 2490 5537 neque
2514 5467 2656 5521 diem
2683 5466 3021 5537 Expiationis
3045 5471 3245 5541 primo,
3276 5473 3461 5537 tertio,

1860 5565 2017 5610 sexto
2052 5560 2104 5610 iu
2126 5567 2413 5613 :eternum.
2447 5558 2591 5623 Haec,
2628 5558 2673 5614 si
2705 5559 2789 5615 cui
2824 5559 3056 5631 placeat,
3086 5561 3249 5617 latius
3275 5563 3465 5619 videre

1862 5648 2062 5716 poterit
2094 5648 2147 5702 in
2195 5648 2363 5706 Paulo
2408 5650 2669 5722 Burgensi
2725 5667 2892 5721 super
2946 5652 3282 5718 Mattbaeum,
3333 5671 3455 5726 cap.

1857 5739 1952 5801 26,
2007 5746 2063 5793 et
2128 5739 2181 5792 in
2245 5739 2383 5795 libro
2439 5758 2602 5812 quem
2664 5742 2834 5797 edidit
2901 5742 3102 5799 Paulus
3160 5743 3457 5801 Midelbur-

1858 5830 2043 5898 pensis
2069 5830 2359 5904 episcopus
2390 5831 2821 5911 semproniauus
2842 5834 2909 5891 de
2935 5837 3302 5894 celebratione
3329 5840 3456 5893 l’as-

1859 5922 2000 5977 clue.
