4030 6506
611 411 677 477 51
2004 420 2416 482 ΡΡιΕΠΑΤΙΟ.

3756 424 3837 486 52

670 523 954 596 Nihilcrgo
970 542 1154 582 eorum
1187 545 1303 598 quin
1322 536 1506 585 noster
1535 528 1698 585 habet
1721 538 1906 585 auctor
1935 529 2026 584 tibi
2059 545 2151 583 no-
2185 538 2228 593 Α
2256 534 2359 586 niri
2396 536 2673 590 curaveris
2714 536 2989 592 antidotis.
3048 539 3183 609 Lege
3234 539 3413 611 itaque
3449 555 3660 607 secure,
3695 556 3838 610 qum

605 626 853 670 cumento
887 634 1007 673 esse
1040 622 1258 687 poterit,
1291 622 1377 691 pie
1415 621 1602 686 lector,
1645 622 1690 675 si
1720 621 1803 675 bis
1837 628 1888 675 te
1916 635 2148 691 praemu—

2256 640 2363 678 non
2401 627 2517 679 sine
2551 628 2785 683 maximo
2815 628 2991 683 fructu
3020 630 3184 700 leges.

2030 948 2105 1006 Ε]
2117 945 2401 1006 USDEM.

674 1087 806 1143 Loca
858 1091 1097 1159 quadam
1144 1093 1201 1146 in
1258 1096 1439 1165 quibus
1500 1103 1731 1149 nostrum
1788 1097 2055 1222 exemglar
2101 1098 2207 1151 alio
2259 1099 2433 1219 mtildo.
2466 1099 2616 1154 liabet
2669 1116 2829 1170 quam
2883 1118 2943 1157 ea
3004 1117 3118 1171 qua:
3172 1102 3323 1173 vulgo
3376 1103 3841 1173 circumferuntur

1977 1182 2109 1221 maca
2148 1183 2326 1222 exemp
2350 1184 2491 1222 aria.

1977 1182 2109 1221 ritca
2148 1182 2380 1233 exempta
2390 1184 2491 1222 ria.

2158 1327 2229 1340 ..σι-ι

1198 1456 1281 1509 Ex
1298 1455 1562 1511 Matutam.

673 1545 859 1601 Matth.
897 1547 950 1612 2,
987 1549 1045 1601 11
1083 1548 1181 1619 (a).
1212 1549 1279 1603 Et
1306 1550 1568 1604 intrantes
1597 1549 1814 1604 domum
1847 1546 2154 1618 (viderunt)

602 1654 850 1710 puerum.
897 1638 1067 1695 Habet
1108 1642 1250 1695 enim
1294 1636 1434 1694 εἶδον
1475 1656 1583 1696 non
1625 1632 1781 1710 εὗρον
1810 1638 2153 1693 invenerunt.

606 1729 753 1785 Facit
786 1732 1067 1786 nobiscum
1096 1733 1371 1801 exemplar
1395 1733 1803 1801 Complutense.

2254 1451 2544 1511 Nobiscum
2575 1456 2777 1511 faciunt
2807 1464 2861 1511 et
2886 1457 3159 1527 exemplar
3187 1458 3570 1526 Complutense
3602 1468 3658 1513 et
3691 1461 3832 1515 vul—

2256 1560 2374 1622 gata
2429 1552 2610 1607 editio.
2678 1551 2935 1606 Similiter
2983 1551 3121 1605 infra
3175 1550 3249 1621 (ν.
3307 1551 3422 1617 51.)
3472 1553 3525 1604 in
3580 1551 3841 1607 dictione

2257 1643 2563 1707 Bethsaida,
2596 1659 2701 1699 non
2727 1644 3075 1699 Bethsaidan.

2326 1737 2410 1797 12,
2447 1736 2500 1788 8.
2536 1736 2792 1790 Dominus
2826 1745 2909 1790 est
2940 1733 3160 1789 Sabbati
3200 1732 3365 1788 Filius
3402 1733 3659 1788 hominis.
3694 1734 3833 1789 Non

676 1822 728 1885 5,
784 1822 868 1875 ll.
932 1822 1049 1891 Ipse
1103 1829 1282 1875 autem
1338 1821 1631 1891 baptizabit
1685 1837 1779 1875 vos
1840 1821 1891 1873 in
1951 1820 2151 1890 Spiritu

2263 1832 2400 1885 enim
2458 1830 2673 1885 additur
2730 1831 2826 1884 καὶ
2885 1839 2959 1884 et.
3029 1830 3119 1883 Sic
3172 1836 3226 1882 et
3273 1824 3655 1895 Complutense
3718 1844 3838 1883 ex-

606 1922 816 1968 sancto.
839 1910 952 1966 Non
974 1913 1121 1966 addit
1145 1914 1237 1964 xat
1264 1912 1415 1982 πυρί,
1434 1920 1488 1966 et
1516 1911 1644 1981 igni.
1667 1910 1969 1965 Concordat
1997 1912 2153 1965 etiam

606 1999 1005 2069 Complutensis
1035 2000 1221 2054 editio.

675 2090 727 2153 6,
758 2090 843 2145 l8.
878 2090 953 2144 Ne
984 2090 1212 2143 videaris
1244 2088 1553 2143 hominibus
1583 2088 1849 2158 ieiunare,
1887 2097 1991 2142 etc.
2027 2084 2154 2139 Post

604 2183 767 2236 verba
804 2182 891 2234 illa
945 2200 958 2233 :
1001 2180 1206 2235 Reddet
1252 2181 1370 2244 tibi,
1420 2196 1529 2235 non
1575 2181 1812 2245 additur,
1846 2182 1904 2231 ἐν
1933 2179 2008 2231 τῶ
2052 2195 2155 2245 φα-

609 2274 769 2343 νερῷ,
811 2274 861 2325 in
893 2273 1195 2341 propatulo.
1232 2272 1403 2327 Habet
1427 2272 1776 2327 confortiiiter
1801 2282 1855 2324 et
1882 2270 2158 2335 exemplar

606 2362 1009 2432 Complutense,
1056 2374 1109 2416 et
1150 2362 1371 2432 Vulgata
1423 2364 1608 2417 editio.
1652 2366 1968 2430 Quanquam
2010 2370 2063 2412 et
2103 2360 2154 2410 in

608 2464 793 2507 nostro
822 2463 874 2507 et
907 2453 958 2505 in
988 2453 1354 2521 Complutensi
1389 2452 1679 2521 exemplari
1710 2460 1865 2504 antea
1901 2450 1970 2503 sit
2000 2448 2153 2502 addi-

608 2558 718 2597 tum
750 2560 869 2598 cum
902 2547 968 2598 de
997 2545 1334 2614 eleemosyna
1368 2544 1518 2597 lieret
1550 2557 1772 2603 sermo.,

678 2636 730 2696 7,
764 2635 848 2687 l2.
892 2633 1011 2700 (ita)
1038 2637 1179 2687 enim
1213 2644 1294 2687 est
1345 2632 1429 2686 lex
1460 2641 1513 2686 et
1550 2631 1844 2700 prophetae.
1882 2628 2154 2697 Siquidem

608 2727 767 2780 habet
794 2727 983 2787 οὕτως,
1022 2727 1090 2779 ita
1122 2726 1205 2779 vel
1237 2726 1334 2789 sic,
1363 2740 1467 2779 non
1503 2719 1677 2787 οὗτος,
1718 2724 1821 2778 hic.
1855 2723 1967 2777 Pati
1998 2721 2157 2773 modo

608 2816 734 2885 legit
761 2816 1027 2883 Complut.
1056 2814 1350 2883 exemplar.

679 2907 732 2968 7,
767 2907 851 2961 14.
894 2906 1104 2973 (Quam)
1133 2915 1356 2975 angusta
1398 2914 1480 2958 est
1532 2912 1681 2972 porta
1726 2912 1780 2956 et
1830 2903 2014 2955 stricta
2074 2900 2154 2952 via

609 3014 728 3065 qua:
756 2997 902 3051 ducit
942 2998 1006 3049 ad
1034 2997 1215 3050 vitam.
1251 2994 1417 3049 Habet
1440 2999 1580 3048 enim
1605 2994 1679 3055 τὶ,
1739 3008 1846 3047 non
1880 2993 1982 3055 ὄτι,
2013 2991 2152 3058 quod

610 3089 695 3141 vel
742 3088 1013 3156 quoniam.
1070 3088 1186 3140 Pari
1238 3087 1395 3140 modo
1446 3085 1628 3155 legunt
1674 3093 1727 3139 et
1779 3081 2155 3152 Complutense

610 3179 884 3248 exemplar
912 3188 966 3232 et
987 3178 1152 3231 editio
1188 3178 1421 3247 vulgata.

681 3272 733 3336 8,
770 3272 854 3325 ll.
902 3271 1049 3324 Multi
1092 3271 1158 3325 ab
1191 3270 1399 3324 oriente
1438 3278 1493 3321 et
1547 3266 1827 3323 occidente
1860 3266 2081 3320 venient
2114 3274 2166 3319 et

611 3365 932 3420 accumbent
984 3365 1057 3431 (in
1111 3361 1338 3430 sinibus)
1379 3361 1668 3416 Abraham.
1718 3358 1888 3413 Habet
1932 3358 2073 3410 enim
2109 3359 2166 3408 ἐν

610 3459 720 3518 τοῖς
754 3457 995 3517 κόλποις,
1034 3455 1085 3508 in
1119 3455 1349 3515 sinibus.
1386 3470 1490 3507 non
1528 3452 1663 3523 μετά
1705 3468 1845 3506 cum.
1877 3449 2165 3504 Nobiscum

611 3546 808 3617 legisse
838 3547 912 3615 (Ii)
942 3545 1380 3617 Chrysostomum
1409 3543 1753 3599 manifestum
1781 3551 1863 3597 est
1893 3557 1954 3596 ex
1992 3541 2166 3595 homi-

611 3641 680 3694 lia
712 3642 879 3711 ipsius
900 3641 990 3701 ‘27.
1018 3657 1181 3710 super
1204 3641 1531 3695 Mattliaeum.

681 3730 735 3795 8,
763 3731 846 3784 15.
867 3730 1115 3785 Surrexit
1136 3742 1184 3785 et
1208 3731 1541 3785 ministrabat
1566 3730 1654 3798 (ei)
1680 3729 1809 3784 Nam
1833 3729 1995 3783 habet
2016 3728 2165 3797 αὐτῷ

614 3820 979 3889 singulariter,
1014 3838 1118 3875 non
1162 3823 1341 3885 αὐτοῖς
1384 3823 1482 3877 eis.
1514 3822 1802 3876 Nobiscum
1836 3820 1965 3874 facit
2009 3818 2167 3871 Com-

611 3908 858 3977 plutense
895 3909 1187 3976 exemplar,
1222 3918 1275 3961 et
1305 3909 1519 3979 Vulgata
1554 3911 1718 3964 editio
1763 3910 1813 3963 in
1844 3907 2161 3978 quibusdam

610 3999 881 4052 veteribus
908 3999 1327 4066 exemplaribus.

680 4091 769 4152 l0,
804 4091 851 4144 l.
885 4091 1171 4144 Accersitis
1204 4092 1267 4144 12
1297 4091 1576 4161 discipulis
1603 4092 1735 4157 suis,
1768 4092 1917 4146 dedit
1942 4091 2021 4143 eis
2064 4105 2159 4160 po-

615 4186 865 4232 testatem
922 4178 1243 4247 (adversus)
1290 4182 1509 4248 spiritus
1558 4181 1882 4234 immundos.
1940 4179 2047 4233 Nec
2110 4179 2162 4230 in

612 4281 798 4325 nostro
846 4286 945 4325 nec
989 4271 1041 4323 in
1092 4270 1457 4341 Complutensi
1500 4272 1787 4341 exemplari
1842 4272 2164 4342 exprimitur

614 4364 897 4431 praeposito
931 4363 1069 4414 κατὰ
1102 4365 1377 4418 adversus.
1415 4365 1481 4419 Et
1512 4364 1581 4417 ita
1610 4381 1823 4434 quoque
1854 4365 2045 4434 legisse
2077 4363 2146 4415 vi-

613 4456 769 4508 detur
797 4454 886 4522 qui
918 4454 1188 4523 vulgarem
1218 4454 1363 4509 dedit
1387 4455 1673 4509 editionem
1711 4474 1722 4509 :
1749 4456 1818 4509 ait
1842 4457 1985 4510 enim
2015 4472 2028 4506 :
2062 4458 2161 4509 De-

612 4546 689 4598 dit
720 4547 797 4598 cis
835 4554 1152 4613 potestatem
1189 4546 1474 4612 spirituum
1523 4546 1949 4611 immutidorum,
1987 4548 2155 4601 Addi.

614 4635 790 4688 rlimiis
808 4643 1005 4695 tamen,
1029 4635 1274 4704 exigente
1306 4636 1357 4688 id
1381 4636 1672 4689 sententia.

686 4727 772 4789 lO,
804 4726 856 4778 5.
878 4724 1108 4779 Jacobus
1128 4727 1331 4795 Alphaai
1360 4727 1499 4782 ﬁlius
1526 4736 1577 4781 et
1608 4726 1875 4797 (LL-biens)
1899 4728 2033 4780 Nam
2062 4728 2159 4780 ha-

619 4818 708 4870 bet
740 4816 935 4885 ubique
965 4816 1177 4879 ὶεὸαῖος
1210 4816 1436 4887 simplici
1480 4818 1527 4886 β.
1558 4818 1619 4871 Et
1656 4818 1723 4871 ita
1759 4833 1973 4887 semper
1999 4818 2163 4871 habet

618 4909 822 4977 vulgata
847 4909 1029 4963 editio.

690 5002 771 5063 ll,
814 5002 899 5054 16.
956 5001 1155 5055 Similis
1189 5012 1272 5055 est
1319 5002 1499 5070 pueris
1538 5002 1850 5057 sedentibus
1893 5002 1943 5055 in
1999 5000 2160 5070 (foro)

620 5090 786 5144 liabet
814 5092 954 5144 enim
1000 5094 1171 5163 ἀγορᾷ
1207 5093 1567 5163 singulariter,
1607 5108 1711 5146 non
1750 5096 1977 5163 ἀγοραῖς
2008 5095 2158 5148 loris.

686 5288 760 5353 (α)
818 5287 1240 5361 Locaquatuor
1281 5292 1732 5361 evangelistarttm
1785 5294 1852 5346 ab
1895 5293 2162 5346 Hciilenin

615 5357 795 5475 mgnus
830 5358 1048 5437 deﬁnite
1078 5370 1255 5412 rimata
1292 5363 1342 5412 in
1375 5357 1528 5415 usum
1565 5365 1821 5416 lectorem
1855 5364 2162 5416 accuratius

615 5440 668 5475 ΙΙὶ
710 5442 862 5475 ι-τινι.

615 5440 862 5477 "Nil-'3“.

686 5501 756 5557 (bi
790 5495 1069 5563 (Ihrysost.
1105 5506 1141 5550 t.
1179 5495 1289 5555 VII,
1321 5512 1372 5564 p.
1405 5498 1527 5559 9.09,
1560 5499 1618 5552 C.
1653 5501 1733 5560 εἰς
1758 5502 1881 5563 τοὺς
1912 5501 2161 5562 κόλπους.

618 5563 761 5635 idem
796 5566 924 5635 ibid.
969 5582 1019 5632 ρ.
1073 5567 1173 5619 515
1228 5563 1383 5633 μετὰ.
1429 5569 1492 5619 ΕΙ.
1546 5584 1599 5635 p.
1651 5569 1771 5627 561,
1809 5571 1861 5621 l).
1900 5574 1978 5634 εἰς
2036 5572 2164 5633 τοὺς

620 5634 995 5708 x6).i:o-J;._Pcr
1031 5636 1429 5708 inACOgitaiitiam
1480 5634 1588 5708 hcce
1640 5638 1793 5691 ﬁnxit
1845 5639 2162 5708 Chrysosto-

620 5718 833 5824 inusnex.
864 5703 988 5757 Luc.
1032 5705 1112 5769 16,
1145 5703 1232 5767 25,
1274 5716 1325 5752 ι’·
1361 5722 1422 5760 ex
1454 5706 1627 5776 primo
1657 5703 2019 5774 Chrysostomi
2046 5712 2163 5765 loco

620 5784 725 5824 lnlt'
771 5782 950 5824 tuttur.

619 5784 950 5842 intelligitur.

2254 1924 2483 1992 emplar.

2327 2017 2412 2080 l3,
2452 2017 2539 2071 52.
2565 2015 2735 2084 Maius
2763 2026 2845 2070 est
2872 2015 3166 2086 (omnibus)
3204 2015 3463 2079 oleribus,
3494 2014 3609 2068 sive
3641 2015 3833 2069 maxi—

2256 2121 2401 2159 mum
2443 2107 2584 2160 inter
2610 2104 2789 2159 omnia
2820 2104 2986 2157 olera.
3020 2104 3249 2157 Additur
3270 2105 3415 2157 enim
3458 2105 3677 2155 πάντων
3701 2120 3838 2158 om-

2257 2200 2428 2253 nium.
2472 2200 2538 2254 Et
2574 2200 2643 2253 ita
2685 2198 2845 2253 habet
2892 2208 2945 2252 et
2978 2198 3196 2267 Vulgata
3237 2198 3405 2253 editio
3444 2208 3499 2252 et
3543 2199 3837 2268 exemplar

2259 2290 2484 2358 Complu
2495 2300 2668 2344 tense.

2330 2380 2415 2440 ll,
2444 2380 2529 2433 54.
2559 2380 2933 2449 (Gcnnezaret)
2956 2398 3169 2451 semper
3192 2383 3351 2436 habet
3371 2385 3424 2436 in
3451 2382 3556 2437 ﬁne
3581 2399 3608 2434 τ
3637 2391 3835 2445 tenue,

2258 2479 2314 2522 et
2368 2470 2561 2537 duplex
2628 2488 2708 2523 νν.
2761 2472 3064 2526 Cbanantea
3118 2490 3248 2528 vero
3299 2476 3475 2543 capite
3532 2473 3835 2542 sequenti.

2258 2560 2335 2622 (ν.
2357 2561 2470 2630 ‘22.)
2500 2571 2551 2616 et
2576 2562 2706 2615 alias
2727 2564 2942 2631 saepius.
2975 2580 3187 2633 semper
3219 2566 3381 2618 habet
3405 2565 3458 2619 iii
3493 2564 3647 2617 initio
3670 2581 3703 2631 χ
3728 2578 3835 2617 as-

2258 2663 2523 2722 peratum.
2580 2652 2730 2708 Facit
2786 2654 2838 2707 in
2892 2665 3123 2724 utroque
3192 2657 3473 2710 nobiscum
3544 2656 3839 2725 exemplar

2258 2742 2663 2810 Compltitense.

2329 2834 2413 2895 lG,
2442 2835 2529 2887 9.0.
2562 2833 2713 2887 Tunc
2743 2836 3000 2904 prmi-epit
3032 2835 3313 2904 discipuus
3353 2851 3487 2898 suis,
3526 2846 3584 2889 ut
3612 2836 3831 2890 nemini

2256 2923 2519 2985 dicereut,
2548 2923 2687 2991 quod
2718 2925 2831 2991 ipse
2856 2934 2999 2977 esset
3028 2923 3297 2977 Christus.
3327 2921 3443 2977 Non
3472 2923 3691 2976 additur
3721 2940 3832 2977 no-

2258 3030 2380 3069 men
2427 3015 2649 3083 Ἰησοῦς.
2686 3012 2748 3067 Ει
2778 3013 2850 3068 ita
2894 3014 3062 3086 liquet
3096 3014 3381 3086 Origenem
3421 3014 3492 3085 (c)
3538 3014 3732 3084 legisse
3764 3014 3830 3070 in

2260 3106 2376 3159 suis
2408 3105 2665 3160 liomiliis.
2883 3125 2915 3154 ι

2337 3194 2418 3260 18,
2451 3195 2502 3247 8.
2530 3196 2798 3250 Abscinde
2825 3195 2954 3264 (ea).
2982 3194 3152 3250 Habet.
3180 3197 3324 3250 enim
3354 3195 3493 3250 αὐτὰ
3521 3196 3834 3266 pluraliter,

2266 3302 2375 3340 non
2420 3287 2581 3341 αὐτὸν
2614 3286 2975 3357 singulariter.
3006 3288 3311 3342 Coneordat
3342 3288 3503 3341 etiam
3545 3286 3833 3355 exemplar

2266 3379 2536 3448 Complut.

2338 3470 2401 3523 l8
2421 3512 2434 3534 ,
2471 3471 2552 3526 l9.
2589 3470 2823 3527 Rursum
2857 3469 3082 3543 (amen)
3111 3470 3231 3523 dico
3259 3469 3412 3524 vobis
3432 3509 3446 3533 ,
3473 3466 3614 3537 quod
3643 3466 3687 3520 si
3715 3466 3832 3521 duo

2264 3579 2326 3617 ex
2358 3564 2531 3627 vobis,
2564 3574 2672 3618 etc.
2699 3562 2831 3617 Nam
2860 3563 3074 3618 additur
3102 3562 3249 3631 ἀμὴν
3278 3562 3439 3615 etiam
3470 3561 3521 3613 in
3545 3559 3828 3628 Complut.

2267 3655 2582 3724 exemplari.

2340 3746 2443 3819 l8._
2468 3746 2556 3800 ἓξ).
2603 3744 2899 3798 Procidens
2940 3759 3067 3813 ergo
3112 3743 3345 3811 (servus)
3380 3742 3447 3795 ad
3478 3739 3641 3810 pedes
3682 3740 3828 3810 ejus.

2270 3838 2440 3892 liabet
2463 3838 2605 3891 cnim
2630 3838 2706 3906 (ά)
2732 3837 2936 3899 δοῦλος.
2963 3851 3068 3889 non
3102 3834 3387 3894 σύνδουλος
3414 3832 3577 3885 αὐτοῦ
3600 3846 3831 3885 conser-

2271 3948 2371 3984 vus
2402 3931 2540 3997 ejus,
2573 3944 2879 3997 quanquam
2916 3942 3043 3980 vere
3078 3940 3375 3979 conservus
3400 3933 3533 3978 erat.
3569 3921 3632 3976 Et
3661 3920 3829 3983 infra,

2266 4017 2453 4071 eodem
2497 4031 2691 4078 versu,
2734 4015 2799 4067 Et
2828 4016 3028 4069 solvam
3071 4014 3165 4067 tihi
3208 4032 3221 4067 :
3254 4030 3363 4067 non
3396 4013 3610 4067 additur
3646 4011 3831 4063 πάντα

2266 4109 2466 4161 omnia.
2504 4106 2570 4159 Et
2604 4107 2655 4159 in
2702 4108 2805 4159 hoc
2852 4106 3153 4175 posteriore
3196 4104 3498 4160 concordat
3540 4103 3833 4157 nobiscum

2266 4198 2538 4266 exemplar
2570 4197 2841 4264 Complut.

2336 4286 2426 4349 2|,
2470 4287 2517 4338 l.
2545 4285 2604 4338 Et
2633 4285 2876 4338 similiter
2903 4285 3035 4340 Luc.
3064 4285 3151 4349 l9,
3185 4285 3273 4339 29.
3307 4284 3665 4353 Betbsphage,
3696 4283 3829 4337 scri-

2267 4377 2413 4431 bitur
2444 4376 2510 4443 (e)
2544 4376 2860 4445 interposito
2891 4394 2941 4429 σ.
2971 4376 3274 4431 Concordat
3305 4377 3503 4445 ubique
3527 4372 3824 4442 exemplar.

2267 4469 2533 4537 Complut.

2335 4559 2425 4621 21,
2461 4560 2511 4610 7.
2561 4559 2627 4611 Et
2652 4559 2813 4627 (sedit
2840 4573 3000 4626 super
3034 4560 3120 4625 ea)
3172 4560 3426 4612 videlicet
3476 4557 3821 4611 vestimenta.

2270 4649 2442 4704 Habet
2490 4650 2632 4703 enim
2686 4649 3026 4719 singulariter
3085 4650 3336 4701 ἐκάθισεν
3396 4648 3556 4711 sedit,
3609 4656 3661 4700 et
3724 4647 3821 4699 αὑ-

2268 4743 2374 4796 τῶν
2421 4743 2719 4811 pluraliter.
2779 4742 2975 4794 Eodem
3019 4741 3178 4794 modo
3222 4740 3500 4808 exemplar
3551 4737 3821 4805 Complut.

2268 4833 2440 4903 quoad
2461 4848 2699 4895 sensum,
2721 4834 2841 4887 licet
2874 4832 3089 4885 verbum
3132 4832 3327 4883 habeat
3350 4827 3705 4896 compositum
3729 4827 3800 4877 ὲπ

2268 4922 2521 4975 excidium
2553 4921 2637 4993 (Γ),
2668 4938 2770 4974 non
2801 4930 2977 4974 autent
3008 4930 3059 4973 ut
3092 4920 3192 4973 alia
3216 4918 3542 4988 exemplaria
3572 4915 3827 4967 ἐπεκάθι-

2272 5032 2368 5066 σαν
2398 5014 2580 5066 ἐπάνω
2617 5016 2689 5082 (g)
2732 5014 2896 5083 αὐτῆς
2927 5013 3264 5070 collocarunt.
3294 5026 3457 5080 super
3485 5009 3626 5062 illam
3652 5048 3666 5073 ,
3697 5016 3823 5076 ptlla

2270 5119 2470 5157 asmam
2485 5145 2494 5155 .

2340 5300 2408 5364 (ei
2438 5300 2594 5353 Tum.
2629 5300 2711 5359 Ill.
2748 5317 2801 5368 ι).
2839 5300 2960 5354 552.
2988 5302 3050 5354 A.

2342 5372 2415 5435 (di
2446 5371 2728 5443 ξύνδουλος
2756 5373 3175 5443 liabet‘utcrque
3203 5388 3354 5428 meus
3389 5369 3679 5443 Euthymii.

2343 5443 2409 5507 (ι’)
2441 5438 2641 5512 Scribis
2676 5442 2877 5494 scilicet
2914 5438 3112 5495 Graecis
3143 5454 3329 5497 iiotiiin
3360 5455 3475 5499 erat
3508 5438 3713 5512 σ’ςραγή.

2341 5512 2403 5577 (Η
2426 5511 2745 5563 ἐπεκάθισεν
2772 5521 2995 5579 uterque
3024 5527 3194 5565 mens.

2344 5581 2413 5647 (ῃ)
2462 5582 2636 5648 Αὐτῆς
2687 5582 2943 5635 Erasmus
2995 5582 3298 5649 importavit
3350 5595 3541 5637 contra
3588 5586 3821 5640 codices.

2271 5647 2528 5771 gt‘gllttdﬂ‘
2556 5647 2733 5731 tamen
2767 5653 2883 5720 ejus
2916 5647 3084 5707 editio
3116 5663 3261 5707 recte
3299 5655 3460 5708 habet
3502 5655 3823 5708 ἐπεκάθισεν

2302 5734 2339 5767 π
2381 5737 2451 5771 νο)
2472 5739 2664 5771 αυτιυν.

2302 5734 2451 5771 πανω
2472 5734 2535 5774 αυ
2545 5740 2645 5773 των
2657 5762 2664 5773 ι
