4030 6496
176 402 247 462 53
1607 401 2028 465 PBJEFATIO.
3397 390 3466 455 54

246 510 340 575 2t,
387 510 476 563 ll.
522 508 589 563 Et
620 516 970 563 accesserunt
1025 507 1094 563 ad
1136 524 1260 564 eum
1302 508 1481 565 claudi
1522 521 1577 566 et
1615 513 1765 566 cmci.
1801 517 1845 571 Α
1878 514 2104 581 vigilare
2134 526 2349 568 meeum
2386 511 2503 566 ?Et
2536 509 2654 565 hmc
2678 505 2960 565 distinctio
2993 506 3167 579 magis
3205 507 3469 577 quadrat:

177 601 309 655 Nam
340 602 445 656 hoc
467 602 655 657 ordine
680 601 810 670 legit
830 601 1107 670 exemplar
1136 601 1300 656 etiam
1331 600 1723 673 Complutense
1751 620 1765 656 :

178 709 289 747 non
347 706 407 747 ut
460 693 562 747 alia
613 693 940 763 exemplaria
993 693 1212 747 diverso
1263 693 1477 755 ordine,
1538 688 1771 748 emci'ct

178 787 388 840 claudi.

251 879 343 942 ΕΞ,
378 879 430 933 4.
464 878 602 933 Ecce
630 878 915 947 prandium
943 894 1121 933 meum
1150 879 1420 948 (paratum
1444 878 1549 948 est)
1575 879 1765 950 Siqui-

176 972 303 1025 dt-m
353 972 515 1024 habet
550 971 879 1037 ητοὶμασται
925 971 1082 1026 tertia
1127 987 1361 1042 persona
1414 974 1627 1041 passiva
1662 988 1767 1026 non

178 1064 467 1134 ἡτοίμασεν.
503 1066 714 1133 νήιά.

252 1156 344 1221 2‘2.
381 1156 469 1211 35.
505 1157 567 1210 Et
596 1156 952 1226 interrogavit
982 1171 1106 1209 eum
1140 1171 1281 1210 unus
1312 1172 1378 1210 ex
1407 1156 1487 1210 eis
1510 1154 1645 1226 legis
1674 1155 1772 1210 do-

178 1261 305 1304 ctor
344 1258 559 1302 tentans
595 1263 743 1301 eum.
798 1246 915 1299 Non
948 1248 1092 1301 enim
1123 1246 1341 1301 additur
1371 1246 1456 1309 τίς
1507 1246 1581 1314 (h)
1622 1246 1775 1316 quis-

180 1340 354 1409 piam,
388 1349 511 1393 ante
539 1338 802 1392 Tentans.
831 1337 1061 1391 Faciunt
1092 1338 1379 1392 nobiscum
1408 1346 1463 1393 et
1494 1339 1774 1408 exemplar

178 1431 572 1500 Cumpltttense
600 1440 654 1485 et
687 1428 911 1500 Vulgata
936 1429 1128 1483 editio.

254 1525 349 1585 25,
385 1526 434 1576 7.
471 1522 531 1576 Et
564 1523 739 1576 vocari
773 1521 841 1575 ab
875 1521 1188 1575 hominibus
1212 1520 1405 1590 (Rabbi
1445 1520 1645 1589 Rabbi)
1684 1535 1777 1591 ge-

180 1617 393 1669 minata
421 1614 481 1683 (i)
508 1614 771 1669 dictione.
799 1611 908 1667 Nec
939 1622 1022 1666 est
1058 1612 1253 1683 ῥαϐϐεί
1279 1629 1376 1682 per
1405 1612 1770 1683 dipthongum

181 1709 284 1762 sed
316 1708 497 1775 ῤαῦῐ.
534 1706 684 1760 Facit
717 1721 817 1775 per
850 1705 1033 1759 omnia
1072 1705 1362 1759 nobiscum
1403 1704 1573 1758 editio
1601 1704 1768 1759 Com-

181 1799 480 1869 plutensis.

260 1893 351 1950 9.3.
410 1893 494 1946 15.
532 1891 614 1945 Η.
663 1889 752 1944 Va:
796 1888 952 1944 vobis
1004 1888 1209 1945 Scriba:
1254 1896 1307 1942 et
1365 1889 1628 1943 l’hariszei
1683 1868 1851 1961 hy-B

184 1986 446 2054 pocritm,
483 1983 606 2051 quia
639 1983 917 2037 devoratis
956 1983 1147 2036 domos
1196 1981 1508 2034 viduarum.
1564 1982 1629 2035 Et
1660 1990 1784 2051 post

187 2075 335 2128 hanc
372 2075 826 2144 deplorationem,
868 2073 1116 2143 sequitur
1153 2074 1263 2136 illa,
1313 2090 1417 2141 qua
1458 2073 1590 2128 dicit
1638 2092 1649 2126 :
1686 2072 1780 2127 Vae

187 2168 347 2221 vobis
382 2168 586 2222 Scriba:
626 2178 680 2221 et
710 2167 969 2221 Pharismi
1005 2167 1325 2237 hypocritre.
1362 2165 1486 2236 quia
1518 2166 1779 2221 clauditis

187 2274 417 2328 regnum
456 2259 740 2313 oculorum.
775 2257 887 2312 Hoc
915 2258 1080 2311 etiam
1113 2258 1307 2311 ordine
1341 2257 1472 2327 legit
1500 2255 1785 2326 exemplar

188 2350 604 2419 Complutense.

259 2443 350 2507 21,
407 2444 497 2498 45.
540 2442 801 2509 Quisnam
854 2453 937 2498 est
969 2441 1145 2497 fidelis
1194 2456 1388 2497 servus
1419 2450 1473 2495 et
1522 2439 1785 2510 prudens,

187 2552 351 2607 quem
402 2537 646 2606 przefeeit
687 2538 951 2593 Dominus
990 2535 1194 2608 (suus).
1242 2535 1474 2591 Additur
1499 2535 1647 2589 enim
1690 2535 1789 2588 αὐ·-

188 2630 288 2682 τθῦ
320 2630 416 2699 (Ir).
455 2629 717 2684 Similiter
751 2630 889 2683 infra
925 2632 999 2691 (ν.
1036 2628 1125 2696 49)
1166 2648 1177 2682 :
1213 2628 1282 2682 Et
1315 2627 1548 2697 eceperit
1586 2642 1783 2697 percu-

202 2731 320 2776 tere
361 2736 658 2775 ronservos
699 2723 895 2791 (suos).
921 2718 1205 2789 Siquidem
1240 2719 1347 2774 hoe
1379 2719 1544 2773 etiam
1580 2722 1630 2771 in
1670 2718 1791 2773 loco

192 2816 497 2869 addebatur
537 2814 726 2867 αὑτοῦ.
766 2814 992 2868 Faciunt
1031 2812 1316 2867 nobiscum
1353 2812 1407 2865 in
1456 2811 1622 2881 priori
1664 2811 1790 2881 qui-

194 2907 316 2961 dem
350 2907 625 2977 exemplar
647 2906 1070 2977 Complutense;
1099 2905 1151 2958 in
1180 2903 1473 2975 posteriori
1492 2918 1644 2969 vero,
1676 2904 1793 2958 edi-

202 2997 279 3052 tio
304 2995 561 3063 Vulgata.

265 3091 358 3156 9.5,
407 3092 458 3146 Ξ.
500 3089 750 3160 Quinque
780 3099 961 3144 autem
986 3105 1049 3143 ex
1084 3103 1164 3143 eis
1199 3096 1358 3143 erant
1386 3089 1690 3160 prudentes
1724 3098 1782 3144 et

1875 608 2078 677 alioqui
2113 607 2258 661 enim
2300 605 2433 660 nihil
2466 616 2549 659 est
2599 603 2747 674 quod
2783 602 2885 657 soli
2935 600 3099 656 Petro
3129 601 3348 656 locutus
3376 609 3471 656 snt.

1875 700 2167 769 Exemplar
2194 699 2357 754 etiam
2384 698 2774 767 Conipluteusc
2808 693 2963 748 addit
2999 694 3095 763 (ιη)
3128 692 3476 765 hypostigma

1875 804 1997 861 post
2023 794 2319 848 dictionem
2350 791 2523 852 οὕτως
2550 790 2649 843 sic.

1945 889 2037 951 27,
2064 887 2151 941 42.
2186 886 2492 941 Descendat
2551 899 2696 937 nunc
2729 883 2798 936 de
2856 895 3021 935 cruce
3082 890 3137 933 et
3182 879 3478 934 credemus

1878 980 1955 1050 (in
1992 979 2161 1051 eum).
2192 979 2379 1047 Neque
2408 978 2552 1031 enim
2613 974 2940 1044 simpliciter
2986 973 3155 1027 habet
3189 971 3343 1039 αὐτῷ
3402 971 3477 1034 ei,

1877 1074 1973 1129 sed
2003 1073 2101 1127 ἐπ’
2136 1071 2307 1141 αὐτῷ.
2337 1070 2460 1124 Pari
2522 1068 2685 1123 modo
2718 1067 2849 1138 legit
2893 1076 2950 1120 et
2983 1068 3265 1134 exemplar
3316 1064 3480 1118 Com~

1879 1167 2155 1237 plutense.

1948 1260 2039 1321 27,
2064 1258 2151 1313 54.
2185 1257 2447 1313 Centurio
2480 1265 2665 1311 autem
2702 1254 2872 1325 etqui
2899 1269 3023 1308 eum
3060 1268 3126 1306 eo
3170 1261 3332 1306 erant
3358 1266 3480 1303 ser-

1877 1362 2069 1408 vantes
2088 1349 2297 1413 Jesum,
2336 1366 2459 1405 cum
2497 1348 2767 1404 vidissent
2802 1363 2922 1417 qua:
2944 1346 3167 1405 liebant,
3197 1354 3305 1398 etc.
3336 1341 3483 1396 Nihil

1879 1446 1973 1501 hic
2004 1444 2208 1500 dicitur
2237 1444 2305 1497 de
2339 1453 2501 1497 terrae
2536 1451 2687 1496 motu
2716 1458 2730 1494 :
2767 1456 2947 1509 neque
2982 1438 3130 1492 enim
3174 1436 3486 1490 addebatur

1880 1540 1972 1592 τὸν
2004 1538 2229 1607 σεισμὸν
2260 1535 2375 1599 καὶ,
2406 1543 2806 1597 terrazmotum,
2853 1542 2924 1587 et.
2954 1532 3065 1586 Nec
3096 1541 3276 1584 tamen
3306 1526 3382 1598 (η)
3431 1527 3482 1582 id

1879 1627 2091 1683 librarii
2146 1626 2278 1681 vitio
2302 1629 2566 1681 omissum
2607 1625 2857 1679 videtur:
2899 1639 3023 1677 nam
3058 1620 3311 1678 Joannis.
3357 1636 3483 1688 cap.

1882 1738 2003 1785 vui,
2057 1739 2107 1775 v.
2165 1721 2256 1784 9.8,
2320 1736 2484 1788 super
2534 1735 2599 1773 eo
2655 1718 2853 1773 verbo:
2913 1715 3050 1769 Cum
3110 1712 3486 1768 exaltaveritis

1885 1818 2076 1871 Filium
2111 1815 2370 1879 hominis,
2404 1822 2508 1868 etc.
2545 1811 2673 1867 llzec
2714 1810 2877 1866 verba
2931 1808 2985 1861 in
3036 1806 3290 1861 eumdem
3354 1804 3487 1859 citat

1890 1910 2138 1963 modum.

1954 2006 2045 2068 ‘28,
2084 2004 2168 2059 19.
2214 2004 2445 2067 Euntes,
2483 2001 2677 2056 docete
2707 2015 2903 2055 omnes
2927 2009 3139 2069 gentes.
3178 1994 3297 2049 Non
3329 1992 3487 2049 addi-

1885 2108 1974 2152 tur
2010 2096 2083 2167 (ο)
2111 2091 2203 2150 οὗν
2238 2111 2381 2165 ergo,
2419 2105 2543 2163 post
2581 2094 2880 2147 dictionem
2919 2098 3123 2145 euntes.
3190 2085 3313 2143 Pari
3348 2101 3488 2156 quo-

1886 2204 1994 2259 que
2012 2187 2175 2241 modo
2210 2186 2338 2257 legit
2373 2186 2656 2254 exemplar
2681 2182 3103 2253 Complutensc.

2527 2322 2609 2375 Ea:
2644 2320 2849 2376 Marco.

1961 2443 2013 2506 t,
2046 2440 2133 2495 l6.
2169 2438 2317 2493 Vidit
2343 2436 2626 2493 Simonem
2658 2445 2713 2491 et
2742 2435 3021 2491 Andream
3052 2432 3276 2488 fratrem
3312 2429 3489 2499 ipsius

1890 2531 2198 2602 (Simonis.)
2238 2531 2470 2585 Additur
2500 2544 2735 2598 namque
2764 2530 2857 2581 τοῦ
2900 2528 3171 2597 Σίμωνος,
3232 2523 3399 2579 etiam
3430 2521 3486 2575 in

1891 2625 2191 2694 exemplari
2223 2623 2626 2693 Complutensi.

1967 2719 2017 2781 l,
2049 2719 2140 2772 δῦ.
2177 2718 2324 2772 Abiit
2352 2716 2402 2770 in
2425 2717 2704 2771 desertum
2753 2714 2957 2769 locum.
2992 2712 3047 2765 In
3079 2719 3269 2765 nostro
3300 2723 3491 2763 exem-

1889 2810 2028 2882 plari
2070 2826 2182 2864 non
2237 2809 2651 2878 exprimebatur
2698 2822 2899 2861 nomen
2940 2803 3175 2873 Ἰησοῦς.
3214 2801 3492 2857 Facitau-

1893 2913 2000 2959 tem
2033 2903 2322 2958 nobiscum
2352 2904 2458 2957 hoc
2492 2901 2546 2955 in
2582 2900 2701 2953 loco
2731 2898 2946 2967 vulgata
2980 2896 3173 2951 editio.

1966 2999 2021 3061 ὅ,
2067 2997 2156 3052 54.
2183 2996 2434 3065 Cumque
2470 2994 2961 3063 circumspexisset
2996 2993 3048 3044 in
3091 2989 3328 3043 circuitu
3381 2984 3493 3039 eir—

1894 3107 2018 3147 cum
2051 3092 2326 3145 sedentes.
2366 3087 2485 3144 Non
2519 3089 2667 3143 addit
2693 3088 2767 3156 (ρ)
2804 3086 3059 3155 μαθητάς
3087 3082 3409 3152 discipulos,
3440 3088 3499 3133 et

198 3186 440 3255 quinque
486 3183 668 3237 fatuae.
706 3184 823 3237 Hoc
875 3183 1068 3235 ordine
1111 3182 1204 3250 qui
1239 3182 1545 3236 naturalior
1572 3192 1677 3244 est,
1737 3192 1792 3236 et
1818 3221 1860 3278 C
1895 3185 1968 3239 ita
1988 3184 2301 3255 generalins
2326 3183 2589 3253 loquitur.
2633 3181 2864 3235 Faciunt
2894 3180 3184 3233 nobiseum
3223 3184 3277 3229 et
3312 3189 3500 3229 exem-

195 3280 349 3346 juxta
392 3285 658 3348 prmccpta
688 3275 1011 3337 rhetorices,
1041 3273 1206 3329 habet
1232 3276 1397 3328 etiam
1438 3275 1604 3329 editio
1629 3274 1793 3330 Com-

200 3370 494 3439 pluteusis.
534 3368 599 3422 Et
624 3367 877 3421 similiter
912 3367 1052 3421 infra
1098 3368 1173 3436 (ν.
1198 3367 1293 3436 4);
1325 3367 1631 3422 Prudentes
1660 3384 1793 3423 vero

199 3472 534 3533 acceperunt
578 3464 759 3516 oleum
811 3462 866 3515 in
898 3461 1043 3515 vasis
1102 3461 1217 3515 suis
1265 3476 1393 3515 cum
1450 3462 1795 3531 lampadibus

204 3555 387 3625 (suis.)
420 3552 585 3608 Addit
609 3552 772 3606 etiam
805 3549 1093 3605 nobiseum
1120 3552 1379 3620 prmdicta
1405 3552 1574 3606 editio
1612 3553 1795 3606 αὐτῶν

204 3650 337 3706 suis.

278 3743 370 3809 ‘26,
399 3743 485 3798 18.
510 3743 589 3798 Ite
612 3743 669 3797 in
688 3744 965 3799 civitatem
986 3742 1053 3798 ad
1079 3742 1395 3811 quemdam,
1434 3750 1490 3796 et
1523 3739 1691 3795 dicite
1711 3740 1793 3795 ei:

211 3834 447 3905 Tempus
477 3851 658 3891 meum
709 3851 879 3907 prope
908 3845 1015 3891 est.
1068 3834 1188 3888 Non
1232 3832 1400 3886 habet
1460 3834 1487 3885 ὁ
1542 3832 1799 3886 διδάσκα-

209 3927 298 3989 λος
327 3926 502 3994 λέγει,
562 3926 821 3996 Magister
855 3926 1027 3992 dicit;
1081 3940 1264 3993 neque
1302 3924 1470 3977 ullam
1508 3922 1641 3977 facit
1679 3924 1799 3991 ejus

212 4021 544 4075 mentionem
580 4020 633 4074 in
670 4017 1119 4074 Commentariis.
1157 4015 1332 4072 Habet
1362 4026 1544 4071 tamen
1579 4016 1713 4071 illud
1742 4020 1797 4070 in

211 4112 396 4170 Marco
428 4121 483 4166 et
550 4110 720 4174 Luca,
754 4112 897 4167 sicut
952 4121 1008 4165 et
1056 4120 1254 4165 emtera
1317 4108 1654 4179 exemplaria
1734 4108 1803 4160 Et

209 4207 335 4277 quia
394 4206 498 4261 hoc
545 4204 712 4259 etiam
768 4204 889 4259 loco
951 4203 1004 4259 id
1065 4202 1232 4257 habet
1300 4203 1473 4257 editio
1541 4201 1802 4271 Complu-

212 4301 381 4355 tensis
417 4316 432 4365 ;
486 4314 681 4353 vereor
741 4313 811 4353 ne
868 4297 920 4353 id
956 4297 1018 4367 (ι)
1055 4297 1265 4352 librarii
1329 4296 1465 4350 vitio
1510 4295 1585 4350 si.
1627 4295 1801 4351 omis-

211 4408 354 4447 sum.

285 4485 378 4548 26,
408 4484 494 4539 40.
523 4482 589 4537 Et
619 4483 905 4553 ait;Petro:
934 4480 1070 4538 Sic?
1102 4480 1221 4537 Non
1241 4482 1496 4553 potuistis
1519 4499 1626 4538 una
1664 4484 1799 4538 hora

286 4641 360 4712 (Ii)
394 4642 660 4698 Erasmus
691 4641 900 4697 scilicet
940 4652 1063 4711 post
1093 4642 1318 4711 νομικός
1354 4642 1521 4697 habet
1551 4662 1657 4707 τις.

285 4712 347 4783 (i)
380 4713 642 4784 Erasmus
680 4712 823 4784 enim
857 4715 908 4784 in
941 4714 1169 4781 gratiam
1208 4714 1413 4768 Latinae
1444 4713 1685 4784 Vulgata:
1717 4732 1805 4769 se-

216 4782 335 4839 mel
356 4784 539 4855 omisit
594 4782 777 4855 passi,
808 4783 1020 4854 ῥαϐϐεί,
1057 4799 1156 4853 per
1182 4800 1252 4846 ει,
1283 4784 1336 4838 in
1362 4782 1639 4855 plerisque
1672 4787 1805 4841 locis

216 4858 359 4925 apud
386 4854 848 4925 Theophylactum
886 4856 1050 4908 etiam
1085 4854 1302 4922 legitur.

287 4926 361 4993 (k)
405 4923 662 4978 Erasinus
698 4923 957 4978 nimirum
1007 4925 1211 4979 omittit
1246 4925 1412 4977 αὑτοῦ
1459 4926 1515 4980 in
1562 4927 1804 4983 editione

217 4996 452 5050 secunda
492 5004 548 5049 et
582 4995 738 5047 tertia
772 5010 893 5063 quae
931 5010 1082 5049 nunc
1116 4997 1180 5049 ad
1218 5012 1414 5050 manus
1452 5007 1611 5050 erant
1650 4999 1800 5053 sobe.

217 5065 489 5120 Omissum
521 5064 590 5118 ab
626 5064 849 5119 Erasmo
878 5066 1041 5119 αὑτοῦ
1072 5075 1126 5120 et
1157 5066 1299 5120 ilillii
1330 5076 1385 5121 et
1416 5067 1698 5123 Wetstenii
1729 5070 1806 5122 la—

222 5138 324 5191 tuit
354 5136 708 5204 diligentiam.

290 5207 349 5275 (li
390 5207 791 5274 lloeteiudicat
834 5205 1162 5263 Hentenius.
1226 5208 1399 5264 Habet
1452 5208 1599 5263 enim
1657 5219 1805 5264 uter-

220 5294 326 5348 que
364 5293 536 5348 meus.

298 5349 392 5416 (nt)
432 5346 591 5425 [forte
626 5346 1028 5425 hypostigmen.
1072 5348 1259 5404 Graece
1304 5359 1387 5404 est
1430 5350 1797 5425 ὕποστιγμήν.

292 5424 371 5485 (n)
441 5417 679 5485 l'troque
734 5417 866 5473 loco
903 5429 1133 5488 uterque
1186 5438 1340 5475 meus
1390 5417 1801 5477 omittunt-ista

220 5491 385 5546 verba
428 5488 722 5563 Euthymio
738 5490 967 5563 videtur
1001 5491 1103 5563 hoc
1127 5492 1247 5563 loco
1286 5493 1613 5563 imposuisse
1637 5493 1803 5563 Chry-

223 5572 355 5615 sost.
388 5558 573 5632 t._\’ll.
618 5574 670 5627 p.
700 5560 801 5613 8‘26
828 5576 867 5632 ei
894 5603 906 5623 ,
936 5562 1028 5629 qui
1063 5562 1179 5616 lucc
1202 5558 1422 5617 silentio
1469 5558 1802 5632 prauermii-

224 5634 287 5685 tit
315 5648 379 5685 ae
427 5630 632 5684 Lucam
667 5645 767 5698 pro
825 5631 1081 5686 Matthreo
1103 5633 1361 5702 explicat.
1418 5630 1631 5689 llahent
1686 5636 1801 5690 lucc

224 5702 728 5827 fgdiceseggegares
771 5717 961 5758 omnes
1009 5712 1173 5773 atque
1222 5706 1386 5759 etiam
1438 5704 1711 5776 Origines,
1759 5718 1795 5761 ι.

301 5816 314 5827 .
343 5790 394 5827 n.
610 5810 623 5824 .

300 5845 373 5905 (ο)
412 5843 727 5901 Latinorum
761 5846 851 5900 alii
884 5844 977 5898 νῦν
1004 5862 1172 5915 nunc,
1202 5847 1288 5902 alii
1318 5841 1410 5900 οὖν
1444 5862 1574 5918 ergo
1601 5847 1800 5904 intule-

1897 3277 2016 3348 plar
2039 3275 2436 3345 Complutense
2474 3284 2529 3329 et
2567 3273 2793 3343 Vulgata
2836 3272 3026 3327 editio.

1966 3370 2019 3422 4.
2049 3366 2142 3419 21.
2179 3365 2315 3419 Num
2377 3366 2602 3419 lucerna
2648 3364 2841 3432 (venit)
2879 3372 2935 3417 ut
2999 3362 3192 3417 subter
3251 3358 3495 3413 modium

1896 3460 2184 3531 ponatur?
2216 3458 2350 3512 Nam
2385 3459 2551 3511 habet
2588 3457 2834 3527 ἔρχεται,
2871 3472 2982 3509 non
3021 3457 3094 3525 (q)
3140 3452 3361 3506 καίεται
3402 3465 3498 3504 ac-

1898 3550 2177 3607 cenditur.
2217 3548 2280 3602 Et
2313 3549 2403 3601 hic.
2453 3562 2673 3617 quoque
2720 3547 3007 3601 nobiscum
3061 3544 3274 3599 faciunt
3311 3548 3500 3595 et-ex-

1898 3645 2109 3713 emplar
2139 3641 2532 3712 Complutense
2561 3649 2613 3695 et
2654 3639 2883 3709 Vulgata
2909 3639 3106 3693 editio.

1971 3736 2025 3799 5,
2071 3737 2153 3790 ll.
2188 3736 2317 3790 Erat
2350 3744 2533 3789 autem
2572 3735 2644 3788 ibi
2670 3734 2821 3804 juxta
2858 3733 3152 3803 (montem)
3197 3749 3327 3805 grex
3377 3751 3499 3789 ma-

1901 3861 2038 3916 gnus
2077 3860 2394 3915 porcorum.
2433 3844 2716 3915 Siquidem
2743 3843 2907 3897 habet
2934 3845 3073 3914 πρὸς
3103 3844 3179 3915 τῷ
3212 3844 3354 3915 ὄρει,
3387 3862 3500 3900 non

1901 3938 2187 4008 pluraliter
2244 3940 2312 3991 τὰ
2343 3939 2444 4011 ὅρη
2503 3948 2740 3993 montes.
2802 3939 3072 3994 Similiter
3131 3950 3186 3995 et
3251 3940 3338 3995 hic
3385 3942 3505 4011 pari

1902 4034 2064 4084 moto
2102 4032 2289 4101 legunt
2322 4031 2445 4085 dum
2477 4031 2748 4099 prredictae
2786 4031 3080 4085 editiones.

1974 4124 2146 4185 6,18.
2213 4123 2331 4178 Non
2368 4124 2495 4177 licet
2533 4124 2626 4177 tibi
2687 4124 2889 4177 habere
2945 4139 3170 4177 uxorem
3220 4123 3499 4197 (Philippi)

1904 4213 2091 4269 fratris
2125 4217 2198 4268 tui
2234 4232 2248 4281 ;
2292 4215 2516 4270 additur
2545 4215 2689 4269 enim
2724 4214 3021 4268 Φιλίππου.

1976 4305 2140 4368 6,59,.
2178 4304 2241 4359 Et
2270 4304 2499 4376 (egressi
2549 4305 2698 4375 sunt)
2742 4306 2962 4377 navigio
3005 4306 3058 4359 in
3115 4306 3394 4361 desertum
3420 4306 3500 4360 lo-

1903 4416 2051 4455 eum.
2108 4398 2423 4469 Siquidem.
2464 4398 2631 4453 habet
2695 4398 2984 4468 pluraliter
3052 4398 3323 4467 ἀπῆλῦον,
3390 4415 3501 4453 non

1903 4493 2171 4564 ἀπῆλθεν,
2226 4494 2378 4547 abiit.
2437 4490 2537 4546 llic
2600 4492 2763 4546 etiam
2824 4492 3165 4547 concordant
3223 4492 3507 4563 exemplar

1910 4663 2056 4707 runt.
2089 4652 2397 4719 Utrumque
2428 4656 2578 4705 recte
2629 4648 2893 4703 omittunt
2928 4647 3326 4707 Tertullianus,
3356 4718 3361 4719 γ
3386 4645 3502 4700 Ire-

1906 4741 2081 4783 meus.
2135 4718 2462 4794 Cyprianus,
2521 4730 2579 4774 ut
2621 4729 2775 4794 notat
2839 4719 3182 4773 Sabatierius
3234 4719 3299 4771 ad
3332 4718 3503 4794 _hun_c

1908 4795 2109 4850 locum.
2135 4788 2523 4848 Εἶςοίιὶεἰὶηις
2556 4790 2835 4851 omnibus,
2870 4806 3007 4858 quos
3036 4806 3135 4859 ego
3165 4788 3501 4844 examinari.

1909 4866 2077 4920 habet
2107 4866 2256 4919 solus
2284 4862 2631 4929 Mosqucnsis
2661 4878 2710 4914 e.
2742 4861 3071 4914 vocabulum
3130 4860 3245 4916 οὖν),
3278 4859 3369 4927 qui
3419 4869 3505 4912 est

1907 4954 2032 4990 eum
2067 4936 2471 4991 commentario
2510 4942 2563 4985 et
2596 4942 2813 4987 catena.
2852 4930 3123 4998 luterpres
3146 4946 3277 4995 ergo
3306 4930 3503 4996 aliquis

1909 5010 1998 5062 hic
2025 5008 2209 5061 denuo
2242 5004 2538 5072 incipiebat
2568 5002 3109 5072 interpretationem.
3166 5004 3305 5069 largo
3333 4999 3507 5072 vinci-

1906 5080 2060 5132 endae
2089 5069 2368 5132 orationis
2388 5090 2554 5130 causa
2580 5075 2818 5129 addebat
2847 5069 2961 5126 οὖν.
2993 5072 3095 5125 Pro
3126 5088 3193 5127 eo
3226 5072 3319 5125 alii
3354 5071 3502 5142 lege-

1908 5159 2034 5203 runt
2058 5150 2174 5200 νῦν.

1979 5223 2056 5289 (p)
2086 5222 2348 5275 Erasmus
2395 5234 2593 5286 nempe
2612 5219 2664 5271 in
2692 5214 2936 5271 editione
2975 5213 3217 5268 secunda
3243 5222 3354 5279 etc,
3379 5224 3504 5282 post

1906 5295 2034 5360 mp)
2067 5294 2231 5343 a'rro'v
2261 5292 2426 5346 habet
2464 5290 2735 5359 μαθητάς.

1979 5355 2052 5433 (q)
2110 5363 2330 5416 Scilicet
2369 5362 2421 5415 in
2460 5355 3073 5433 nonnullis‘codieibus
3103 5355 3311 5433 Latinis
3364 5357 3505 5427 legi-

1908 5429 2350 5493 tur'arreuditur,
2398 5449 2496 5497 pro
2530 5435 2687 5485 venit.
2725 5430 2823 5485 "in:
2856 5430 3003 5483 fraus
3038 5429 3500 5496 interpolatorutn

1905 5506 2103 5559 elucet.
2157 5504 2290 5557 Nam
2337 5504 2428 5556 alii
2482 5504 2532 5555 id
2576 5502 2933 5555 reddiderunt
2977 5500 3216 5561 καίεται,
3270 5499 3385 5557 alii.
3448 5498 3503 5552 in

1906 5575 1990 5630 his
2018 5575 2202 5631 Codex
2237 5575 2720 5643 Cantabrigiensis,
2748 5574 2993 5625 omnium
3041 5573 3284 5625 intimus.
3333 5571 3507 5643 55331:-

1902 5665 1994 5701 ται
2027 5648 2298 5701 Audacter
2327 5662 2476 5699 nunc
2501 5638 2591 5698 ‘ita
2619 5646 2684 5698 de
2719 5645 2843 5699 eod.
2878 5643 3139 5698 Cantabr.
3179 5656 3275 5693 seu
3346 5638 3505 5692 Wet-

1904 5718 2066 5773 stenii
2097 5719 2155 5770 D.
2230 5717 2373 5785 loqui
2418 5732 2663 5784 possum.
2710 5716 2829 5770 Mox
2874 5716 3023 5768 enim
3058 5713 3112 5765 in
3148 5713 3325 5767 lucem
3353 5708 3495 5765 istud

1906 5798 2211 5844 monstrum
2248 5788 2627 5858 protrahetur.
