4030 6528
556 410 624 476 55
1944 414 2107 475 ΡΒ.Ε

2210 415 2357 478 T10.
3710 415 3790 478 56

554 523 933 595 (Inmpluten'se
959 532 1013 578 et
1044 521 1262 594 Vulgata
1293 523 1480 586 editio,
1535 524 1682 594 quod
1711 525 1879 580 etiam
1929 523 2112 595 magis
2133 528 2176 584 Α
2206 537 2288 582 cst
2328 525 2464 581 nihil
2493 528 2674 583 habet.
2714 525 2825 581 Nec
2882 526 3087 581 librarii
3120 526 3182 597 (ι)
3237 525 3444 581 incuria
3500 524 3783 581 omissutr.

555 615 780 685 quadrat
811 630 932 668 eum
969 614 1395 683 pratccdentibus
1417 622 1472 669 et
1491 616 1863 685 sequentibus.

623 705 676 766 6,
706 705 795 756 57.
826 705 1039 774 Egressi
1063 699 1344 774 (ememits)
1365 707 1616 762 ducentis
1641 706 1878 762 denariis
1909 723 2096 777 panes.

558 792 834 863 Siquidem
881 794 1224 863 ἀγορὰσομεν
1287 794 1449 849 habet
1497 797 1765 853 indicandi
1816 799 1997 859 modo.
2050 807 2105 851 et

555 901 662 939 non
682 887 1040 955 ἀγοράσωμεν
1062 902 1314 950 amamus,
1339 903 1434 956 per
1462 889 1887 955 subjunetivum.

623 975 678 1040 6,
704 978 792 1030 Η.
818 978 983 1031 Erant
1009 985 1188 1031 autem
1215 979 1311 1047 qui
1338 980 1792 1036 manducaverant
1819 981 1984 1053 (ipsos
2013 999 2104 1052 pa-

556 1069 673 1139 nes)
710 1071 938 1124 Additur
980 1071 1124 1125 enim
1167 1071 1295 1134 τοὺς
1351 1073 1568 1142 ἄρτους.
1628 1074 1781 1129 Facit
1819 1077 2099 1131 nobiscum

553 1161 824 1230 exemplar
856 1162 1260 1232 Complutense.

623 1250 673 1312 7,
692 1251 779 1306 26.
808 1250 935 1306 Erat
957 1262 1133 1307 autem
1163 1254 1354 1309 mulier
1375 1253 1555 1310 Graeca
1576 1256 1726 1328 (Syra
1745 1257 2099 1325 thnicissa)

552 1357 748 1411 genere
780 1360 794 1404 ;
837 1358 943 1397 non
977 1343 1160 1400 Graeca
1191 1345 1605 1415 Syrophmnissa
1635 1363 1732 1417 per
1753 1350 2100 1418 compositio-

551 1451 697 1490 nem.
759 1436 880 1490 Pari
934 1435 1094 1490 modo
1164 1436 1294 1506 legit
1346 1447 1401 1492 et
1473 1438 1851 1508 Complutcnse
1914 1454 2100 1494 exem-

552 1527 687 1596 plar.

625 1620 678 1681 9,
720 1617 772 1672 6.
807 1617 923 1672 Non
981 1619 1126 1672 enim
1181 1619 1386 1674 sciebat
1418 1619 1568 1690 (quid
1632 1620 1876 1676 dicturus
1911 1622 2099 1690 esset).

552 1709 724 1763 Habet
768 1711 910 1763 enim
978 1709 1223 1779 λαλήσει,
1295 1726 1394 1780 per
1462 1711 1834 1778 indicativum,
1887 1722 1944 1767 et
1992 1727 2102 1766 non

551 1799 776 1870 λαλήσῃ,
808 1816 905 1870 per
936 1801 1361 1871 subjunctivum.
1418 1802 1569 1858 Facit
1599 1803 1882 1858 nobiscum
1941 1803 2104 1857 Com-

551 1889 680 1956 plut.
715 1890 920 1955 editio;
957 1905 1059 1944 nec
1089 1891 1331 1945 eamdem
1364 1900 1446 1946 est
1482 1892 1771 1962 utrobique
1809 1895 2102 1958 sententia,

552 1991 610 2034 ut
671 1992 820 2051 patet
877 1997 940 2035 ex
996 1981 1161 2050 hujus
1215 1981 1344 2037 dicti
1408 1978 1851 2053 interpretatione
1908 1984 2101 2041 Matth.

549 2089 677 2136 xvtt,
709 2074 765 2128 4.

619 2160 707 2223 10,
743 2159 831 2213 45.
864 2157 968 2213 Sed
1001 2162 1312 2230 quicunque
1329 2159 1564 2216 voluerit
1612 2162 1726 2219 ﬁeri
1754 2179 1982 2234 magnus
2020 2163 2105 2218 in-

555 2260 635 2304 ter
669 2266 785 2306 vos.
833 2251 948 2305 Non
984 2252 1126 2306 enim
1166 2252 1379 2306 additur
1409 2255 1560 2322 ὑμῶν
1618 2265 1740 2325 post
1794 2259 2104 2327 quicunque.

550 2339 778 2396 Faciunt
835 2342 1112 2416 nobiscum
1144 2345 1419 2413 exemplar
1453 2345 1722 2416 Complut.
1755 2357 1808 2402 et
1839 2347 1961 2402 Vul.
1994 2349 2108 2403 edi-

554 2430 650 2484 tio.
681 2431 733 2484 ld
754 2439 940 2484 autem
978 2448 1083 2486 non
1128 2441 1332 2487 rectum
1360 2443 1462 2499 est,
1493 2435 1634 2503 quod
1660 2452 1836 2505 neque
1897 2437 1949 2490 in
1997 2437 2104 2492 [ine

551 2520 816 2574 dictorum
842 2522 1124 2575 verborum
1162 2523 1323 2578 habet
1344 2524 1568 2595 Vulgata
1598 2527 1798 2581 editio:
1828 2527 2100 2591 lntervos,

551 2621 664 2672 aut.
699 2612 758 2666 In
788 2613 958 2667 vobis.

631 2703 722 2764 Il.
754 2704 843 2757 52.
887 2704 954 2757 At
991 2705 1274 2775 (dicamus)
1300 2706 1381 2760 Ab
1415 2707 1722 2763 hominibus
1757 2727 1769 2762 :
1812 2718 1869 2763 ut
1909 2711 2108 2763 subau-

552 2795 748 2858 diatur,
778 2811 898 2848 non.
934 2793 1118 2863 Neque
1161 2797 1304 2850 enim
1335 2797 1550 2851 additur
1595 2800 1692 2851 ἐάν
1721 2802 1787 2861 si,
1844 2811 1903 2853 ut
1938 2802 2106 2869 possit

554 2886 652 2955 legi
686 2904 702 2940 :
745 2888 810 2938 At
836 2885 877 2938 si
899 2886 1214 2941 dixerimus.
1249 2886 1434 2956 Neque
1459 2889 1592 2941 adeo
1616 2890 1895 2943 commode
1925 2898 2106 2958 potest

555 2977 725 3047 aptari
752 2977 1124 3046 sequentibus.
1154 2978 1303 3033 Facit
1323 2979 1610 3034 nobiscum
1644 2982 1917 3050 exemplar
1944 2981 2105 3037 Com-

554 3069 691 3136 plut.

2205 620 2475 684 arbitror;
2505 619 2700 689 alioqui
2731 621 2949 673 citasset
2985 619 3166 686 utique
3222 619 3276 673 in
3311 617 3531 673 scholiis
3563 619 3659 672 ubi
3725 619 3784 667 iu

2205 708 2479 778 Scriptura
2520 708 2684 772 dicat,
2715 705 3170 776 quemadmodum
3203 707 3256 761 in
3285 707 3551 761 similibus
3580 704 3790 760 facere

2205 803 2358 856 solet.
2386 800 2577 855 Nescio
2605 817 2672 854 an
2707 816 2734 853 a
2772 799 3018 854 studioso
3049 800 3302 868 quopiam
3336 798 3658 868 prophetam
3692 796 3790 850 ci-

2207 903 2351 946 taute
2381 892 2431 946 id
2462 891 2694 961 primum
2720 889 2948 960 margini
2975 888 3047 944 sit
3084 888 3351 951 additum,
3403 888 3600 943 deinde
3625 896 3786 941 ten:-

2203 999 2333 1054 pore
2359 983 2710 1052 procedente,
2738 981 2929 1035 litterae
2961 979 3034 1034 sit
3061 978 3373 1032 admistum.

2276 1074 2359 1127 I5.
2390 1074 2478 1128 29.
2509 1070 2668 1142 (Vah)
2698 1071 2789 1139 qui
2819 1069 3054 1124 destruis
3088 1067 3347 1135 templum
3408 1067 3525 1120 Dei.
3583 1065 3790 1120 Habet

2203 1181 2434 1234 namque
2492 1164 2612 1229 οὺά,
2678 1178 2785 1216 non
2850 1160 2997 1224 οὐαί,
3042 1176 3138 1214 va.
3193 1159 3421 1213 Faciunt
3475 1158 3781 1214 nobiscum

2203 1253 2585 1319 Complutense
2623 1251 2916 1319 exemplar.
2952 1249 3285 1320 Vulgataque
3325 1247 3518 1302 editio.

2275 1339 2362 1404 l6,
2399 1339 2483 1394 Il.
2543 1337 2688 1393 Loco
2714 1338 2855 1407 ejus,
2886 1338 3027 1406 quod
3065 1339 3116 1391 in
3143 1337 3264 1390 aliis
3309 1335 3518 1391 Latinis
3565 1335 3791 1390 editio-

2204 1435 2363 1488 nibus
2384 1447 2446 1486 ex
2480 1429 2680 1487 Grecis
2715 1431 2952 1485 dicitur:
2995 1431 3061 1484 Et
3088 1429 3162 1483 illi
3193 1429 3378 1483 audito
3425 1429 3566 1498 quod
3592 1430 3782 1484 vive-

2203 1535 2287 1580 ret
2307 1533 2390 1580 est
2414 1523 2561 1579 visus
2590 1532 2733 1578 esset
2763 1522 2831 1576 ab
2877 1538 2962 1586 ea,
3015 1537 3125 1576 non
3181 1520 3573 1574 crediderunt:
3623 1519 3786 1574 nihil

2209 1619 2366 1673 habet
2393 1617 2464 1688 (tt)
2498 1625 2744 1676 nostrum
2770 1617 3066 1686 exemplar.
3120 1613 3227 1667 Nec
3291 1614 3511 1678 mirum,
3566 1613 3612 1667 si
3663 1613 3789 1667 hoc

2203 1710 2468 1778 quispiam
2506 1709 2785 1772 addiderit.
2819 1726 2944 1764 cum
2983 1719 3151 1764 totum
3189 1708 3294 1763 hoc
3346 1707 3413 1762 de
3462 1705 3787 1760 Resurrec-

2207 1802 2354 1856 tione
2386 1810 2549 1871 caput
2584 1800 2921 1868 adjectitium
2969 1816 3092 1857 esse
3145 1801 3393 1870 plerique
3451 1797 3785 1854 Graecorum

2205 1897 2472 1956 asserunt,
2507 1898 2566 1942 ut
2600 1888 2763 1944 habet
2790 1898 2978 1943 noster
3034 1901 3258 1946 auctor:
3313 1890 3564 1957 idemque
3622 1887 3786 1942 inter

2206 1978 2424 2034 Latinos
2447 1979 2602 2032 divus
2629 1977 2983 2048 Hieronymus
3008 1979 3061 2032 in
3086 1978 3337 2048 Epistolis
3365 1977 3529 2032 relert
3552 1975 3781 2046 pleros-

2204 2088 2307 2142 que
2366 2071 2570 2126 dicere.
2608 2070 2675 2124 Et
2704 2081 2966 2140 praeterea
3001 2072 3245 2127 secundo
3298 2071 3560 2124 adversus
3611 2067 3785 2122 Pela-

2206 2164 2390 2233 gianos
2415 2161 2518 2216 hoc
2547 2159 2625 2214 ait
2644 2159 2711 2214 de
2733 2161 3058 2230 exprobrata
3077 2160 3455 2218 incredulitate
3479 2158 3782 2228 cordisque

2206 2252 2420 2309 duritie.

2853 2344 2936 2400 Ea:
2965 2344 3138 2398 Luca.

2273 2455 2342 2518 2,
2398 2453 2498 2507 33.
2551 2453 2615 2506 Et
2661 2460 2817 2506 erant
2872 2448 3072 2518 Joseplt
3143 2457 3198 2502 et
3245 2456 3417 2501 mater
3481 2444 3600 2514 ejus
3666 2443 3780 2499 ad-

2205 2545 2486 2611 mirantes,
2535 2552 2638 2598 etc.
2712 2541 2830 2596 Non
2901 2541 3067 2596 habet
3127 2540 3273 2593 enim
3321 2542 3347 2592 ὁ
3413 2539 3620 2608 πατήρ,
3668 2537 3773 2592 sed

2206 2638 2234 2686 ὁ
2273 2635 2490 2703 Ἰωσήφ.
2553 2633 2707 2688 Facit
2769 2633 3051 2707 nobiscum
3127 2631 3397 2700 Complut.
3471 2628 3775 2699 exemplar.

2209 2727 2316 2780 imo
2340 2737 2393 2781 et
2424 2725 2645 2797 Vulgata
2683 2726 2874 2785 editio,
2909 2726 3096 2779 saltem
3130 2723 3185 2776 in
3215 2722 3492 2775 veteribus
3537 2719 3776 2788 quibus-

2207 2819 2328 2870 dam
2350 2817 2770 2886 exemplaribus.
2799 2813 3246 2876 Similiterinfra,
3273 2828 3414 2865 vers.
3441 2812 3509 2865 43
3533 2827 3546 2864 :
3574 2811 3634 2863 Et
3659 2825 3770 2864 non

2206 2910 2463 2978 cognovit
2502 2906 2775 2976 Joseph.et
2829 2918 3001 2960 mater
3047 2905 3182 2970 ejus,
3233 2904 3566 2958 assentiente
3609 2902 3772 2956 etiam

2208 3002 2296 3056 hic
2315 3001 2684 3071 Complutcnsi
2710 2999 3000 3068 exemplari
3036 3013 3159 3053 cum
3204 2996 3294 3050 alii
3331 2997 3593 3050 habeant:
3661 2995 3775 3046 Καὶ

2207 3095 2305 3147 οὐκ
2338 3094 2579 3160 ἔγνωσαν
2611 3096 2656 3146 οἱ
2694 3096 2870 3160 γονεῖς
2894 3091 3077 3154 αὑτοῦ,
3113 3089 3178 3143 Et
3229 3105 3338 3142 non
3403 3095 3778 3158 cognoverunt

629 3159 714 3223 l2,
744 3159 833 3212 29.
864 3161 999 3215 Audi
1036 3159 1196 3258 Israel
1225 3163 1493 3258 Dominus
1521 3163 1661 3218 Deus
1715 3165 1939 3234 (vester)
2000 3166 2104 3219 Do-
2132 3178 2176 3237 α
2209 3193 2463 3258 parentes
2495 3187 2629 3255 ejus_

554 3250 733 3303 minus
768 3267 908 3305 unus
951 3261 1054 3305 est.
1088 3251 1366 3321 Siquidem
1404 3268 1510 3306 ncn
1547 3255 1885 3323 ltabetijué‘ov
1910 3266 2102 3319 noster.

553 3341 646 3396 sed
682 3341 832 3410 ὑμῶν
856 3352 1039 3396 vester.
1072 3343 1139 3396 Et
1196 3343 1338 3397 infra
1396 3359 1537 3398 vers.
1602 3347 1690 3410 30,
1751 3362 1860 3400 non
1919 3347 2105 3410 habet,

554 3432 648 3485 καὶ
682 3432 740 3496 ἐξ
771 3432 899 3501 ὅλης
944 3435 1041 3500 τῆς
1071 3433 1254 3503 ἰσχύος
1284 3451 1398 3486 σου·
1437 3435 1502 3489 Ει
1525 3451 1588 3490 ex
1623 3444 1730 3490 tota
1765 3438 1963 3491 virtute
1992 3446 2102 3501 tua,

556 3523 700 3592 quod
740 3531 920 3577 tamen
951 3523 1153 3578 librarii
1188 3523 1256 3594 (r)
1289 3526 1421 3579 vitio
1448 3526 1650 3580 factum
1685 3527 1941 3590 arbitror,
1967 3539 2026 3582 ut
2051 3530 2104 3582 in

556 3614 650 3667 illo
681 3613 797 3668 loco
820 3615 1211 3669 adnotavimus.
1251 3616 1382 3670 Item
1417 3616 1574 3670 infra.
1614 3634 1663 3670 v.
1697 3619 1783 3672 3i.
1815 3618 1879 3674 Et
1911 3634 2113 3674 secun:

553 3706 681 3759 dum
736 3707 910 3760 simile
974 3717 1056 3760 est
1114 3707 1272 3779 (illi).
1334 3706 1466 3761 Nam
1527 3708 1688 3763 habet
1755 3713 1939 3779 αὐτῇ,
1997 3727 2105 3764 non

557 3795 694 3865 αὕτη
720 3799 842 3863 hoc;
879 3807 937 3851 ut
969 3798 1074 3867 legi
1109 3800 1282 3867 possit
1310 3818 1322 3852 :
1356 3800 1422 3852 Et
1447 3801 1750 3855 secundum
1781 3802 1958 3857 simile
2005 3804 2108 3857 hoc

559 3897 663 3942 est.
705 3887 997 3942 Nobiscum
1041 3889 1234 3958 legisse
1265 3890 1499 3955 videtur,
1536 3891 1626 3960 qui
1659 3892 1932 3961 Vulgatam
1964 3893 2110 3948 dedit

558 3979 876 4034 editionem.

628 4066 715 4130 η,
744 4065 832 4119 56.
865 4067 982 4132 Ipse
1005 4066 1151 4120 enim
1185 4065 1352 4121 David
1384 4066 1518 4121 dixit
1549 4081 1646 4135 per
1689 4066 1946 4136 Spiritum
1979 4084 2107 4122 san-

559 4166 748 4211 etum:
787 4157 972 4227 (Dicit)
1001 4157 1259 4211 Dominus
1294 4158 1522 4212 Domino
1551 4173 1691 4222 meo,
1727 4174 1833 4212 non
1867 4159 1931 4231 (ε)
1955 4157 2107 4213 εἶπεν

561 4250 714 4304 dixit.
745 4246 810 4301 Et
844 4249 897 4301 in
931 4248 1153 4302 scholiis
1181 4248 1310 4302 facit
1337 4249 1496 4303 etiam
1525 4249 1688 4319 hujus
1743 4253 2106 4305 mentionem:

558 4347 612 4394 et
640 4341 710 4393 ita
762 4339 922 4393 habet
956 4339 1235 4407 exemplar
1263 4338 1535 4408 Complut.

630 4433 716 4494 Η,
758 4431 844 4483 52.
886 4429 1081 4483 Sedete
1113 4430 1200 4483 hic
1228 4429 1354 4482 dum
1389 4431 1567 4483 orabo.
1603 4429 1719 4484 Non
1752 4432 1896 4486 enim
1941 4433 2106 4488 habet

559 4520 806 4575 ἀπελθὼν
834 4523 1113 4588 digressus,
1142 4528 1267 4574 ante
1305 4520 1496 4574 Orabo.
1527 4522 1869 4578 Concordant
1917 4528 2108 4580 nobis-
2139 4501 2179 4555 θ

558 4629 685 4668 eum
735 4622 790 4665 et
851 4613 1234 4680 Coinplutense
1293 4613 1567 4682 exemplar
1608 4623 1661 4668 et
1717 4616 1943 4684 Vulgata
1997 4620 2110 4673 edi-

562 4715 656 4757 ιίο.

632 4794 719 4853 15.
747 4795 838 4848 28.
866 4794 1009 4848 Loco
1033 4793 1169 4862 ejus,
1198 4795 1340 4863 quod
1382 4795 1469 4848 alii
1498 4797 1720 4865 legunt:
1765 4799 1832 4853 Et
1889 4802 2108 4869 impleta

560 4897 644 4942 est
674 4885 950 4955 Scriptura
981 4901 1100 4954 qua:
1130 4887 1260 4940 dicit
1288 4905 1299 4940 :
1332 4887 1397 4941 Et
1431 4903 1551 4941 cum
1589 4889 1789 4958 iniquis
1832 4904 2110 4962 reputatus

635 5067 703 5133 (r)
769 5064 935 5117 Recte
997 5062 1237 5116 monuit.
1296 5061 1487 5117 Servat
1539 5064 1682 5117 enim
1738 5065 1838 5120 ista
1882 5077 2108 5138 uterque

597 5150 736 5186 )CUS.

597 5151 612 5164 π
653 5151 736 5187 us.

560 5151 985 5328 :jrglNimirum
1014 5216 1110 5270 pro
1147 5200 1386 5256 secundo
1421 5201 1584 5273 hujus
1607 5220 1795 5259 versus
1825 5204 1974 5258 εἶπεν
2009 5208 2108 5262 ha-

635 5286 645 5323 Ι
708 5289 840 5328 ογει.

629 5286 882 5411 ξιῖῖθῖιῗζει
921 5342 974 5394 in
1003 5350 1226 5409 utroque
1255 5360 1394 5400 meo.
1437 5343 1517 5399 Ad
1564 5343 1751 5398 Matth.
1794 5361 1960 5408 xxvu,
2017 5347 2105 5411 '58,

555 5411 975 5479 laudatquideut
1011 5411 1327 5482 Eutltymius
1385 5415 1518 5474 hate,
1566 5415 1658 5467 sed
1718 5430 1780 5468 ex
1837 5417 1994 5469 Isaia.
2035 5416 2108 5470 lio

559 5493 741 5533 tamen
773 5483 821 5532 in
849 5483 1291 5549 interpretatione
1316 5483 1475 5537 Marci
1505 5486 1732 5537 lectores
1754 5487 1999 5539 remittit.
2033 5487 2110 5538 Ex

556 5549 908 5621 Lectionariis
940 5551 1078 5603 hanc.
1121 5553 1523 5621 corruptionem
1583 5563 1749 5607 ortam
1795 5571 1912 5608 esse
1946 5555 2106 5610 docui

557 5632 679 5689 quae
714 5619 823 5672 haec
857 5621 908 5671 in
940 5621 1100 5674 altera
1136 5619 1365 5676 lectione
1420 5622 1695 5689 omittunt,
1745 5641 1867 5678 cum
1928 5634 2106 5679 tamen

556 5688 614 5744 in
663 5689 829 5740 altera
874 5689 1128 5744 habeant.

630 5759 701 5827 (v)
735 5757 1177 5815 lluucdefectum
1217 5764 1357 5831 apud
1405 5762 1574 5817 solum
1625 5764 1960 5834 Eutbymiunt
1994 5765 2106 5816 ani-

2277 3279 2332 3339 5,
2357 3278 2446 3331 55.
2479 3277 2543 3331 Ει
2569 3277 2682 3345 ipse
2707 3273 2861 3329 J’esus
2891 3282 3009 3328 erat
3056 3272 3226 3327 ferme
3255 3285 3521 3324 annorum
3551 3268 3773 3340 triginta

2208 3367 2488 3432 incedens,
2525 3365 2642 3420 Non
2676 3367 2965 3434 incipiens.
3031 3365 3202 3418 liabet
3265 3377 3499 3429 namque
3552 3361 3778 3431 ἐρχόμε-

2208 3478 2296 3522 νος
2330 3459 2404 3529 (x)
2436 3474 2543 3514 non
2578 3459 2901 3529 ἀρχόμενος,
2935 3457 3078 3527 quod
3107 3455 3270 3509 etiam
3297 3452 3646 3507 manifestum
3692 3463 3778 3508 est

2207 3567 2273 3607 ex
2299 3551 2532 3605 auctoris
2561 3549 2795 3604 seholiis.

2279 3643 2413 3697 Ibid.
2444 3641 2546 3708 Qui
2571 3641 2670 3695 fuit
2720 3641 2818 3694 Eli.
2876 3639 3183 3694 Notandum
3240 3642 3292 3693 in
3347 3647 3532 3694 nostro
3578 3651 3770 3690 exem-

2210 3735 2346 3806 plari
2391 3735 2531 3803 ὴλεί,
2585 3733 2757 3786 lenem
2805 3733 3008 3786 habere
3054 3732 3328 3800 spiritum.
3392 3730 3657 3781 Przeterca
3713 3737 3774 3782 et

2211 3826 2388 3895 ἡλίκς,
2409 3825 2840 3895 quotiescunque
2880 3823 3019 3892 apud
3063 3823 3423 3891 cvangelistas
3451 3818 3660 3888 legitur.
3686 3816 3776 3869 Iri-

2209 3933 2312 3987 que
2342 3916 2671 3972 conformius
2700 3924 2783 3970 est
2815 3915 3013 3985 linguae
3066 3913 3341 3967 Hebraicae
3377 3913 3431 3965 in
3471 3926 3575 3978 qua
3631 3907 3776 3960 Elias

2209 4011 2275 4065 ab
2300 4009 2469 4080 Aleph
2500 4009 2679 4063 littera
2713 4008 2880 4062 sumit
2910 4007 3192 4061 exordium
3222 4021 3236 4067 ;
3283 4004 3387 4058 hoc
3423 4010 3600 4057 autem
3643 4000 3766 4054 ele—

2209 4110 2474 4162 mentum,
2533 4108 2592 4152 ut
2645 4099 3006 4152 communiter
3048 4097 3268 4157 dicitur,
3321 4095 3529 4149 nullam
3587 4107 3772 4146 secum

2212 4188 2807 4256 trahitaspirationcm.
2861 4187 3180 4255 Quanquam
3227 4192 3286 4239 ut
3341 4199 3528 4239 verum
3577 4183 3770 4242 fatear.

2211 4295 2385 4348 neque
2417 4279 2578 4339 Elias.
2609 4279 2702 4334 sed
2735 4279 2944 4332 Eliiahu
2969 4277 3314 4332 scribendum
3349 4287 3528 4339 esset,
3555 4274 3600 4327 si
3623 4281 3772 4327 recte

2210 4373 2465 4426 Hebraeos
2518 4371 2748 4424 velimus
2794 4370 3033 4424 imitari:
3076 4371 3219 4422 sicut
3252 4378 3304 4422 et
3330 4367 3626 4422 Jesahialtu
3683 4369 3776 4416 aut

2209 4463 2484 4518 lesaeiahu
2517 4477 2621 4515 non
2654 4462 2840 4516 Esaias
2869 4471 2961 4515 aut
2983 4460 3205 4514 IIesaias
3228 4461 3339 4513 sive
3375 4460 3562 4513 Isaias.

2283 4557 2336 4617 '5,
2363 4554 2450 4606 24.
2477 4553 2578 4618 Qui
2608 4552 2708 4606 fuit
2740 4552 3022 4620 (ilatlhan)
3049 4567 3155 4604 non
3187 4551 3405 4610 Matltat,
3439 4559 3496 4602 ut
3532 4565 3596 4604 ex
3621 4565 3772 4601 cntu-

2214 4645 2474 4699 munihus
2499 4644 2725 4697 habetur
2749 4642 2946 4696 Grazcis
2969 4642 3388 4710 exemplaribus.
3419 4642 3478 4694 In
3502 4642 3774 4711 plerisque

2211 4733 2374 4787 etiam
2439 4731 2599 4799 hujus
2658 4730 2982 4800 genealogite
3051 4729 3384 4785 nominibus.
3411 4736 3465 4782 et
3520 4729 3768 4784 similiter

2210 4826 2346 4890 ejus,
2380 4839 2538 4892 quam
2574 4821 2835 4876 describit
2865 4821 3166 4881 Matth-eus,
3201 4819 3438 4870 variatur
3483 4818 3622 4884 apud
3663 4834 3768 4872 au-

2210 4927 2414 4971 ctorem
2461 4925 2701 4970 nostrum
2744 4913 3125 4982 orthographia
3168 4927 3197 4964 a
3240 4909 3469 4964 lectione
3523 4923 3770 4963 commu-

2211 5093 2499 5146 madverti.
2528 5091 2710 5159 Neque
2757 5088 3021 5159 Birchius,
3055 5087 3380 5159 novissimus
3405 5083 3774 5159 editor,__hunc

2209 5163 2478 5216 defectum
2506 5177 2570 5215 ex
2595 5154 2778 5213 cbdice
2802 5158 3024 5212 notavit.
3059 5159 3207 5211 Alter
3231 5155 3414 5218 etiam,
3442 5155 3524 5207 vir
3543 5154 3774 5222 diligen-

2211 5233 2471 5293 tissimus,
2512 5231 2714 5282 nullum
2744 5230 2827 5282 hic
2859 5244 2923 5282 ex
2954 5228 3108 5280 codd.
3149 5225 3658 5280 Vimlobonensibus
3679 5225 3774 5293 de-

2210 5301 2407 5353 iectum
2442 5292 2663 5352 notavit.
2696 5298 2804 5350 lmo
2837 5307 3024 5351 contra
3074 5313 3136 5349 ex
3188 5296 3344 5350 codd.
3369 5294 3628 5348 indicavit
3648 5292 3770 5363 ὴπί·

2211 5387 2414 5438 στησαν
2448 5384 2543 5435 pro
2607 5370 2794 5422 vitiosa
2841 5367 2998 5419 unius
3047 5367 3249 5420 codicis
3279 5366 3507 5438 lectione
3539 5365 3747 5438 ῂπίξτη

2209 5434 2330 5492 xw}.
2363 5434 2573 5506 Aliquid
2600 5438 2813 5490 humani
2835 5452 3024 5505 passus
3073 5447 3152 5492 est
3180 5445 3268 5490 aut
3291 5437 3403 5506 ipse
3432 5434 3775 5505 Euthymius,

2209 5517 2302 5561 aut
2336 5509 2525 5560 scriba:
2553 5509 2693 5575 ejus.

2281 5578 2356 5645 (at)
2393 5577 2502 5630 lloc
2544 5573 2628 5630 eSt
2665 5578 2853 5631 vitium
2899 5573 3245 5628 manifestum
3297 5575 3511 5630 scribae.
3569 5573 3775 5628 Neuter

2208 5663 2453 5700 meorum
2504 5648 2577 5699 ita
2637 5648 2814 5701 habet.
2882 5647 3261 5713 Interpretatio
3331 5646 3473 5699 illius
3521 5645 3624 5698 loci
3687 5653 3776 5697 est

2209 5717 2368 5768 etiam
2403 5732 2499 5785 pro
2521 5718 2844 5786 ἀρχόμεννις.
2875 5714 3005 5770 Nam
3041 5717 3271 5785 ἔρχομαι
3305 5731 3410 5769 non
3436 5715 3776 5769 construitur

2209 5803 2330 5840 cum
2368 5797 2620 5856 gl‘lttllVO.
