4030 6480
255 451 323 515 b7
1688 446 1785 506 PR
1801 446 2115 507 .EFATIO.
3491 444 3561 509 58

252 569 406 623 nium
440 562 1180 635 Gmcornmesemplarium,
1211 560 1527 632 frequenter
1554 574 1771 630 quoque
1790 568 1845 613 et
1878 566 1919 615 Α
1956 562 2056 617 fuit
2091 562 2305 629 Melchi,
2338 561 2429 633 qui
2465 560 2567 617 fuit
2617 559 2892 630 Addi,qui
2942 557 3043 614 fuit
3076 559 3295 622 Cosam,
3320 560 3411 629 qui
3457 562 3560 615 fuit

252 678 282 716 a
316 660 585 715 Germana
637 660 984 715 Hebraeorum
1016 658 1269 713 lectione.
1325 655 1674 726 Quapropter
1731 670 1846 724 pri-

259 770 403 807 roum
435 763 551 807 erat
582 753 798 807 animus
838 752 1033 806 borum
1074 748 1521 819 orthographiam
1557 748 1843 802 nominum

253 848 538 901 ad'verum
586 846 937 901 Hebraeorum
989 845 1194 899 fontem
1250 844 1513 898 reducere
1550 860 1563 895 :
1598 849 1844 911 postmo-

253 939 381 993 dum
403 954 534 992 vero
563 955 677 992 rem
704 939 928 1007 propius
957 931 1309 1007 inspectanti,
1337 944 1391 990 et
1420 936 1565 1005 quod
1591 934 1705 988 haec
1731 950 1841 988 non

254 1033 320 1086 ab
355 1031 618 1097 Hebraais,
642 1034 736 1088 sed
771 1049 799 1086 a
832 1032 1037 1087 Graecis
1072 1031 1413 1085 traducerem
1450 1029 1837 1099 perpendenti,

253 1127 425 1181 satius
456 1128 631 1181 visum
656 1137 738 1183 est
770 1143 878 1181 non
909 1126 1048 1181 adeo
1074 1126 1241 1179 multa
1273 1126 1327 1178 in
1351 1125 1532 1179 littera
1557 1122 1838 1194 Evangelii

254 1219 566 1283 immutare,
597 1236 665 1276 ne
706 1220 833 1290 quid
864 1220 1140 1273 interdum
1172 1218 1408 1272 hmreret
1433 1217 1627 1279 lector,
1656 1216 1838 1269 incer-

254 1322 341 1367 tus
374 1314 439 1368 de
471 1330 579 1383 quo
611 1314 766 1368 ﬁeret
795 1328 996 1368 sermo.
1021 1311 1131 1366 Nec
1162 1321 1342 1365 tamen
1380 1309 1701 1364 llebraicam
1741 1309 1837 1361 ho-

252 1423 373 1460 rum
426 1408 713 1461 nominum
754 1405 1197 1477 orthographiam
1248 1403 1465 1473 penitus
1520 1402 1837 1470 relinquere

249 1500 417 1561 volui,
444 1513 514 1553 ne
570 1499 700 1567 quid
740 1513 769 1552 a
803 1512 889 1552 me
925 1497 1210 1552 studiosus
1262 1493 1437 1549 lector
1474 1493 1834 1558 desideraret,

248 1587 341 1641 sed
374 1587 423 1640 in
460 1589 605 1641 hunc
635 1587 814 1643 locum
838 1588 1039 1657 redegi.
1073 1585 1319 1639 Breviter
1344 1586 1525 1655 itaque
1548 1586 1835 1655 utriusque

249 1677 605 1750 Evangelista:
638 1678 1004 1750 generationis
1035 1678 1230 1733 seriem
1268 1688 1412 1731 recta
1444 1678 1834 1748 orthographia

246 1782 508 1826 retexam.
546 1770 729 1832 Liber.
760 1771 934 1841 inquit
964 1771 1270 1833 Blatthmus,
1296 1769 1667 1839 generationis
1702 1769 1834 1825 Jesu

244 1863 470 1930 Christi,
511 1864 603 1919 filii
640 1864 829 1931 David,
866 1864 959 1918 filii
994 1863 1264 1917 Abraham
1299 1879 1315 1915 :
1350 1862 1623 1916 Abraham
1646 1862 1838 1933 genuit

244 1951 439 2011 lishac.
475 1953 648 2007 lishac
698 1962 881 2006 autem
914 1951 1101 2021 genuit
1151 1948 1601 2014 Jaacob,Jaacob
1651 1960 1836 2005 autem

244 2047 425 2114 genuit
445 2045 713 2100 Jehudam
751 2054 805 2100 et
826 2045 1020 2099 fratres
1037 2045 1175 2113 ejus,
1199 2044 1440 2099 Jehudas
1457 2054 1639 2098 autem
1658 2046 1846 2114 genuit

243 2135 455 2192 Pharez
489 2147 542 2192 et
576 2137 754 2191 Zarah
786 2137 854 2191 de
885 2136 1145 2199 Thamar,
1179 2136 1387 2190 Pharez
1428 2145 1612 2189 autem
1646 2137 1842 2205 genuit

242 2229 476 2293 Ilesron,
502 2229 711 2285 Hesron
766 2240 945 2284 autem
998 2230 1184 2301 genuit
1218 2228 1601 2294 Amminadab,
1632 2228 1843 2284 Ammi-

243 2325 422 2383 nadab
443 2336 624 2379 autem
648 2324 833 2395 genuit
851 2323 1126 2384 Nahason,
1154 2322 1405 2377 Nahason
1429 2333 1613 2378 autem
1655 2325 1843 2392 genuit

244 2410 489 2479 Salmon,
520 2414 738 2469 Salmon
771 2424 951 2469 autem
974 2415 1162 2485 genuit
1186 2414 1325 2469 Boaz
1356 2414 1423 2469 de
1460 2415 1668 2472 Rahab.
1701 2416 1842 2470 Boaz

244 2522 426 2565 autem
483 2508 670 2580 genuit
702 2506 853 2563 Obed
905 2524 967 2561 ex
1009 2507 1173 2570 Ruth,
1226 2506 1377 2562 Obed
1434 2516 1616 2561 autem
1654 2508 1843 2577 genuit

242 2603 391 2668 Iisai,
422 2602 545 2656 iisai
584 2612 769 2655 autem
799 2603 985 2671 genuit
1021 2600 1187 2654 David
1217 2615 1421 2670 regem,
1456 2600 1624 2654 David
1651 2609 1838 2654 autem

242 2713 335 2752 rex
378 2696 565 2767 genuit
596 2694 943 2749 Solomonem
978 2709 1040 2748 ex
1068 2709 1131 2747 ea
1171 2708 1293 2761 qua:
1340 2692 1443 2747 fuit
1486 2692 1650 2753 Uriaa.
1679 2692 1838 2747 Solo-

244 2805 373 2843 mon
421 2797 602 2841 aulem
637 2788 827 2858 genuit
871 2784 1237 2847 Rechabeam,
1267 2785 1613 2839 Rechabeam
1654 2794 1836 2840 autem

242 2882 431 2952 genuit
466 2880 658 2934 Abiam
700 2922 714 2943 ,
747 2880 933 2932 Ahiam
975 2892 1153 2933 autem
1186 2878 1375 2949 genuit
1423 2877 1709 2948 Josaphat,
1739 2879 1835 2934 Jo-

241 2976 438 3045 saphat
457 2984 637 3027 autem
654 2974 844 3044 genuit
864 2972 1142 3033 Jvhoram,
1164 2972 1419 3027 Jehoram
1445 2982 1627 3026 autem
1649 2974 1837 3044 genuit

240 3063 449 3129 Osiam,
494 3064 651 3119 Osias
679 3074 860 3136 autem
909 3065 1096 3134 genuit
1122 3062 1363 3125 Jothani,
1396 3064 1614 3118 Jotham
1652 3078 1834 3118 autem

242 3160 429 3231 genuit
456 3158 660 3223 Acbaz,
691 3160 869 3212 Achaz
898 3167 1079 3212 autem
1116 3158 1305 3228 genuit
1328 3157 1613 3223 llizkiahu,
1648 3157 1831 3212 Hizki-

1954 655 2263 721 Elmodam,
2293 656 2384 725 qui
2420 654 2521 709 fuit
2556 654 2648 716 Er,
2683 654 2776 724 qui
2818 654 2921 706 fuit
2946 653 3097 711 Jose,
3131 652 3225 721 qui
3270 652 3372 705 fuit
3409 652 3556 705 Elie-

1952 764 2063 808 zer,
2095 749 2185 817 qui
2223 748 2324 801 fuit
2350 747 2559 811 Joram,
2592 748 2683 817 qui
2711 747 2813 802 fuit
2845 746 3107 805 Matatha,
3134 746 3229 814 qui
3266 745 3368 799 fuit
3396 745 3551 803 Levi.

1949 840 2039 908 qui
2078 839 2177 893 fuit
2208 839 2453 903 Simeon,
2474 838 2941 908 quifuilJehnda,
2970 826 3062 906 qui
3084 834 3189 890 fuit
3216 835 3551 905 Joseplr,qui

1948 933 2049 987 fuit
2074 934 2336 1002 Joua,qui
2368 932 2475 987 fuit
2517 932 2769 998 Eliacim,
2798 932 2891 1001 qui
2918 930 3025 984 fuit
3076 928 3295 987 Milcha,
3323 929 3415 996 qui
3454 928 3556 982 fuit

1948 1023 2193 1083 Mainan.
2225 1025 2317 1093 qui
2352 1024 2454 1078 fuit
2491 1024 2753 1085 Matatha,
2776 1022 2871 1092 qui
2906 1021 3018 1093 fuit.
3041 1018 3283 1083 Nathan,
3313 1020 3407 1089 qui
3443 1018 3551 1073 fuit

1948 1116 2139 1177 David,
2166 1115 2259 1185 qui
2295 1115 2397 1170 fuit
2429 1115 2574 1180 lisai,
2610 1116 2703 1187 qui
2741 1115 2845 1169 fuit
2890 1111 3179 1182 Obed,qui
3225 1112 3329 1166 fuit
3380 1111 3547 1173 Boaz,

1946 1211 2036 1280 qui
2068 1209 2433 1272 fuitSalmon,
2460 1211 2551 1281 qui
2577 1209 2679 1264 fuit
2705 1208 2981 1270 Nahason,
3010 1206 3104 1276 qni
3135 1204 3239 1259 fuit
3264 1203 3550 1259 Ammina-

1945 1304 2069 1365 dab,
2099 1304 2189 1373 qui
2228 1303 2328 1356 fuit
2361 1303 2584 1361 Haram.
2611 1303 2703 1372 qui
2740 1302 2843 1356 fuit
2873 1302 3111 1358 Hesron.
3135 1299 3227 1369 qui
3269 1298 3373 1352 fuit
3406 1296 3553 1351 Pha-

1946 1411 2058 1453 rez.
2094 1396 2189 1464 qui
2212 1395 2311 1449 fuit
2337 1395 2589 1455 Jehudaz,
2612 1394 2705 1464 qui
2734 1394 2837 1449 fuit
2863 1391 3056 1448 Jacob.
3084 1393 3177 1461 qui
3208 1390 3313 1444 fuit
3344 1388 3548 1453 lishac,

1943 1488 2033 1557 qui
2060 1488 2159 1542 fuit
2186 1489 2477 1550 Abraham,
2498 1488 2591 1557 qui
2620 1487 2721 1541 fuit
2741 1484 2979 1545 Nachor,
2999 1485 3090 1555 qui
3123 1484 3225 1537 fuit
3248 1481 3547 1551 Serug,qui

1943 1580 2047 1636 fuit
2077 1581 2247 1652 Ragu,
2278 1584 2370 1651 qui
2426 1578 2527 1634 fuit
2574 1579 2800 1648 Phaleg,
2828 1579 2919 1648 qui
2948 1576 3053 1631 fuit
3077 1577 3284 1639 lleber,
3313 1577 3407 1645 qui
3444 1574 3551 1628 l‘uit

1944 1674 2189 1744 Sala,qui
2214 1674 2315 1729 fuit
2336 1674 2567 1732 Cainan.
2588 1675 2679 1743 qui
2708 1672 2807 1726 fuit
2828 1670 3141 1741 Arphaxad,
3161 1668 3252 1738 qui
3280 1666 3381 1722 fuit
3396 1666 3548 1728 Sem.

1942 1768 2033 1839 qui
2080 1767 2180 1823 fuit
2213 1768 2386 1833 Noah,
2412 1767 2503 1837 qui
2538 1768 2638 1820 fuit
2668 1765 2930 1827 Lameeh,
2959 1764 3053 1833 qui
3090 1763 3194 1816 fuit
3221 1760 3544 1821 Mathusale,

1942 1862 2033 1932 qui
2076 1861 2179 1915 fuit
2207 1862 2419 1923 Enocu,
2450 1860 2539 1929 qui
2584 1858 2686 1913 fuit
2724 1858 3013 1927 lared,qui
3064 1856 3169 1909 fuit
3204 1852 3544 1913 Mahalaleel.

1948 1957 2039 2028 qui
2075 1956 2174 2011 fuit
2204 1955 2551 2024 Cainan,qui
2605 1954 2709 2007 fuit
2762 1954 2931 2016 Enos,
2958 1955 3052 2021 qui
3111 1949 3214 2005 fuit
3263 1948 3420 2015 Seth,
3451 1947 3545 2018 qui

1946 2048 2039 2120 qui
2079 2047 2181 2101 fuit
2214 2047 2503 2115 Adam,qui
2536 2046 2631 2098 fuit
2668 2043 2780 2097 Dei.
3548 2038 3559 2045 ’

2020 2142 2073 2207 5,
2104 2139 2191 2195 19.
2223 2139 2469 2209 Cumque
2502 2154 2609 2192 non
2646 2135 3011 2200 invenissent,
3039 2148 3147 2202 qua
3184 2132 3336 2185 illum
3370 2129 3545 2185 infero

1955 2242 2102 2288 rent.
2165 2230 2285 2285 Non
2339 2232 2672 2301 exprimitur
2717 2226 3037 2299 prmpositio
3089 2224 3179 2278 διὰ
3238 2239 3359 2294 per.
3393 2223 3547 2279 Facit

1945 2327 2234 2382 nobiscum
2266 2325 2537 2395 Complut.
2568 2322 2759 2379 editio.

2014 2419 2069 2480 5,
2098 2418 2190 2472 27.
2227 2416 2373 2470 Vidit
2432 2416 2792 2487 publicanum
2846 2412 3073 2467 nomine
3108 2409 3324 2479 (Levin)
3368 2408 3546 2462 Habet

1944 2511 2090 2565 enim
2124 2510 2292 2563 λευέν.
2322 2510 2388 2563 Et
2420 2510 2605 2563 statim
2645 2506 2794 2560 infra
2824 2522 2877 2561 v.
2909 2504 2980 2559 29
3012 2523 3025 2559 :
3062 2504 3128 2559 Et
3167 2502 3298 2557 fecit
3328 2500 3377 2554 ei
3410 2514 3546 2554 con-

1943 2603 2150 2657 virium
2192 2616 2451 2673 magnum
2491 2599 2697 2671 (Levis)
2742 2599 2919 2664 λευίς,
2946 2612 3056 2651 non
3093 2611 3191 2665 per
3240 2593 3549 2661 diphthon-

1942 2713 2067 2766 gum
2108 2696 2161 2749 in
2190 2694 2480 2765 posteriori
2513 2693 2783 2763 sillaba(g)
2827 2691 3007 2745 λευείν
3036 2699 3091 2745 et
3137 2689 3339 2749 λευείς.
3393 2686 3549 2740 Facit

1941 2790 2232 2843 nobiscum
2287 2788 2453 2843 etiam
2512 2787 2793 2855 exemplar
2844 2784 3261 2853 Complutense.
3306 2782 3547 2835 Possunt

1941 2896 2126 2939 autem
2157 2883 2209 2937 hi
2247 2898 2408 2937 casus
2444 2883 2497 2935 in
2546 2882 2794 2935 Latinam
2832 2894 3049 2948 quoque
3078 2879 3319 2947 linguam
3359 2884 3544 2927 trans-

1942 2978 2184 3037 formari,
2218 2976 2681 3044 quemadmodum
2746 2990 2775 3027 a
2853 2971 3171 3026 nominibus
3231 2966 3542 3038 Empliasis,

1940 3071 2204 3130 Protasis,
2238 3069 2473 3137 Epitasis
2504 3084 2568 3123 ac
2602 3069 2895 3122 similibus.

2012 3166 2064 3229 5,
2094 3164 2183 3219 30.
2208 3162 2271 3217 Et
2289 3163 2702 3222 murmurabant
2724 3159 2918 3215 scriba:
2945 3157 3054 3229 (qui
3082 3158 3227 3211 inter
3248 3170 3345 3209 eos
3363 3151 3544 3220 erant)

241 3248 349 3302 ahu
377 3258 555 3301 autem
590 3246 780 3317 genuit
804 3246 1113 3310 Manassen,
1141 3246 1416 3302 Manassi-s
1440 3256 1621 3301 autem
1648 3249 1838 3319 genuit
1864 3256 1907 3314 α
1944 3258 2179 3314 Additur
2212 3270 2450 3325 namque
2487 3255 2695 3309 αὐτῶν,
2734 3253 2827 3308 Sic
2859 3261 2914 3307 ει
2944 3251 3233 3321 exempla.-
3278 3247 3546 3317 ροωριυ-

243 3341 440 3402 Amon,
473 3338 647 3390 Amou
676 3347 858 3391 autem
892 3337 1082 3408 genuit
1111 3337 1360 3401 Josiahu,
1388 3337 1615 3391 Josiahu
1646 3348 1831 3393 autem

241 3431 431 3500 genuit
458 3429 767 3493 Jekoniam,
798 3441 852 3484 et
891 3429 1089 3483 fratres
1119 3430 1238 3498 ejus
1262 3430 1314 3483 in
1355 3430 1835 3500 transmigratione

243 3524 593 3596 Babylonica.
620 3522 688 3577 Et
718 3533 840 3592 post
874 3523 1412 3592 transmigrationem
1447 3523 1833 3594 Babylonicam

242 3616 539 3671 Jechonias
598 3617 791 3686 genuit
845 3615 1340 3677 Sealtiel,Sealtiel
1394 3625 1577 3670 autem
1646 3617 1836 3687 genuit

244 3708 970 3772 Zorobbabel,anobbahel
1050 3718 1230 3762 autem
1317 3709 1508 3779 genuit
1590 3709 1833 3773 Abihud,

243 3805 461 3858 Abihud
488 3812 669 3856 autem
698 3802 885 3870 genuit
911 3801 1156 3859 Eliakim.
1189 3802 1416 3855 Eliakim
1442 3811 1623 3856 autem
1648 3803 1837 3873 genuit

244 3898 405 3958 Azor,
434 3896 574 3948 Azor
594 3904 774 3947 autem
801 3894 987 3965 genuit
1008 3893 1205 3961 Zadoc,
1238 3893 1419 3949 Zadoc
1438 3904 1619 3948 autem
1645 3895 1837 3966 genuit

246 3987 683 4050 Acbim,Achini
747 3996 930 4042 autem
985 3989 1175 4059 genuit
1227 3989 1597 4053 Eliud,Eliud
1652 3998 1837 4044 autem

245 4085 434 4155 genuit
458 4082 698 4139 Eleazar.
719 4081 941 4135 Eleazar
955 4090 1134 4136 autem
1150 4082 1338 4153 genuit
1358 4080 1598 4148 )latlian,
1616 4081 1836 4135 Mathan

244 4186 427 4230 autem
459 4175 649 4245 genuit
692 4174 912 4240 Jaacob,
940 4174 1142 4229 Jaacob
1175 4183 1360 4228 autem
1403 4175 1593 4246 genuit
1628 4172 1837 4244 Joseph

250 4269 424 4321 virum
470 4265 649 4319 Maria:
688 4266 755 4320 de
787 4281 891 4335 qua
927 4274 1091 4319 natus
1130 4274 1215 4320 est
1256 4264 1419 4321 Jesus
1472 4266 1566 4337 qui
1609 4276 1839 4323 vocatur

248 4360 525 4415 Christus.
604 4357 783 4412 Lucas
861 4374 1034 4413 vero:
1073 4359 1221 4429 Ipse,
1252 4359 1453 4428 inquit,
1485 4358 1649 4413 Jesus
1718 4367 1838 4413 erat

247 4454 422 4508 ferme
479 4466 750 4505 annorum
810 4450 1033 4521 triginta
1090 4450 1377 4515 incedens,
1418 4459 1479 4505 nt
1542 4452 1838 4521 putabatur

248 4547 394 4600 filius
430 4546 633 4614 Joseph
668 4542 761 4612 qui
792 4544 895 4598 fuit
924 4545 1026 4610 Eli,
1054 4544 1147 4613 qui
1184 4544 1287 4598 fuit
1316 4542 1557 4608 Mathan,
1595 4545 1688 4613 qui
1735 4545 1839 4599 fuit

250 4638 403 4698 Levi,
423 4635 640 4707 qui-fuit
664 4633 883 4697 Melebi,
910 4634 1003 4705 qui
1030 4634 1129 4689 fuit
1149 4632 1349 4699 Jauna,
1372 4635 1462 4705 qui
1486 4634 1591 4689 fuit
1612 4634 1838 4705 Ioseph,

249 4732 342 4802 qui
385 4730 486 4784 fuit
516 4727 843 4788 llatatheiai.
874 4727 968 4797 qui
999 4726 1101 4781 fuit
1134 4726 1319 4791 Amos,
1348 4727 1442 4797 qui
1490 4726 1593 4781 fuit
1638 4726 1840 4791 Naum,

248 4824 340 4893 qui
376 4821 476 4875 fuit
526 4819 673 4883 Ezel,
706 4820 797 4890 qui
839 4819 939 4873 fuit
992 4818 1212 4889 Naggaz,
1237 4819 1331 4889 qui
1368 4818 1473 4873 fuit
1520 4818 1721 4879 Mahat,
1748 4820 1839 4889 qui

252 4916 356 4971 fuit
390 4913 715 4975 Matatheiar,
737 4911 833 4982 qui
866 4913 968 4967 luit
1000 4912 1205 4978 Semei,
1243 4912 1335 4982 qui
1366 4911 1468 4974 fuit
1494 4911 1723 4981 Joseph,
1747 4911 1841 4982 qui

254 5008 357 5062 fuit
388 5006 645 5069 Jeliuda"
673 5006 763 5075 qui
807 5005 907 5060 fuit
935 5004 1251 5067 Johaunan,
1279 5004 1372 5075 qui
1414 5004 1517 5059 fuit
1550 5004 1715 5070 “csa,
1748 5006 1840 5075 qui

253 5101 357 5157 fuit
381 5081 746 5165 Zordbbabel,
770 5097 865 5169 qui
894 5098 995 5154 fuit
1022 5098 1265 5164 Sealtiel,
1290 5102 1383 5169 qul
1409 5099 1509 5153 fuit
1552 5098 1705 5164 Neri,
1749 5098 1843 5170 qui

331 5319 403 5390 (gi
440 5318 699 5373 Erasmus
738 5319 786 5372 ει
819 5318 991 5390 edidit
1026 5358 1041 5383 ,
1066 5328 1126 5373 ut
1156 5334 1319 5388 supra
1352 5319 1565 5387 ῥαϐϐεί.

326 5388 396 5453 (ii)
425 5392 707 5462 Chrysost.
736 5399 776 5462 t.
819 5388 937 5449 VII.
971 5406 1022 5457 p.
1055 5391 1178 5462 19‘2,
1210 5390 1659 5462 Arvebementer
1688 5400 1846 5462 urget

253 5461 317 5514 τὸ
347 5463 571 5522 πάντες.
615 5458 675 5511 Ὀ
723 5460 781 5513 δὲ
817 5462 1055 5524 Λουκᾶς,
1092 5461 1238 5515 enim
1286 5460 1482 5530 inquit,
1520 5463 1614 5514 καὶ
1650 5458 1837 5514 ἐπιξε-

256 5532 506 5601 ταμένως
535 5532 629 5582 καὶ
670 5532 809 5599 μετὰ
837 5532 1085 5592 πλείονος
1106 5532 1270 5585 αὑτὸν
1300 5531 1654 5601 παραμυθίας
1678 5532 1844 5586 τοῦτα

256 5602 541 5671 ἠργμέναι
578 5601 764 5671 φησίν.
798 5602 873 5654 Οὐ
906 5603 1014 5672 γὰρ
1043 5602 1113 5672 δὴ
1142 5602 1304 5671 μόνον
1348 5604 1475 5665 τοὺς
1520 5604 1710 5666 κακῶς
1752 5604 1842 5657 διὰ

256 5673 349 5744 τὸν
378 5672 514 5725 Θεὸν
544 5672 847 5744 ἀκούοντας
869 5671 1180 5744 ’μακαρὶζει
1201 5689 1214 5703 ο
1244 5672 1382 5741 ἀλλὰ
1414 5673 1507 5725 καὶ
1536 5675 1664 5737 τοὺς
1694 5677 1845 5744 παρὰ

257 5741 501 5795 πάντων
532 5742 713 5804 καλῶς
748 5741 1052 5806 ἀκούοντας
1075 5743 1517 5806 ταλανίζειόὑαὶ
1539 5746 1648 5813 γὰρ
1677 5741 1843 5813 ὑμῖν,

258 5812 446 5879 φησὶν,
479 5814 609 5865 ὅταν
640 5813 821 5875 καλῶς
852 5814 995 5881 ὑμᾶς
1032 5815 1231 5867 εἴπωσι
1290 5814 1512 5879 πάντες
1547 5818 1596 5867 οἱ
1622 5812 1843 5882 ἅνθρωὲ

261 5898 371 5938 ποι.
406 5884 602 5939 Καίτοι
641 5886 735 5938 καὶ
760 5884 883 5948 τοὺς
907 5885 1239 5951 ἀποστόλους
1270 5886 1449 5951 καλῶς
1479 5887 1664 5955 ἔλεγην
1684 5905 1697 5919 θ
1728 5889 1844 5943 ἀλλ’

1874 4605 1921 4663 D

1940 3357 2123 3404 tense.

2010 3438 2173 3505 6,18.
2190 3436 2257 3491 Et
2274 3437 2365 3507 qui
2394 3437 2737 3491 vexabantur
2754 3450 2782 3488 a
2803 3433 3090 3504 spiritibus
3106 3431 3427 3495 immundis,
3448 3446 3548 3485 cu-

1938 3534 2220 3588 rabantur.
2248 3530 2367 3586 Non
2400 3533 2548 3585 enim
2598 3531 2797 3597 repetit
2846 3528 3305 3596 conjunctionem
3350 3526 3543 3580 καίειν.

1940 3636 2066 3680 ante
2116 3625 2346 3679 verbum
2403 3626 2753 3679 curabuntur.
2788 3622 2941 3680 Facit
2984 3622 3270 3678 nobiseum
3316 3618 3545 3689 Vulgata

1942 3720 2133 3774 editio.

2012 3812 2066 3875 6,
2097 3813 2185 3866 ‘20.
2216 3812 2280 3867 Et
2328 3812 2445 3883 ipse
2474 3812 2703 3866 elevatis
2758 3812 2933 3866 oculis
2975 3810 3092 3864 suis
3139 3808 3194 3862 in
3244 3806 3547 3874 discipulos

1944 3903 2287 3971 (suos).Nam
2319 3905 2585 3975 repetitur
2612 3903 2777 3957 αὑτοῦ
2806 3920 2949 3958 suos.
2982 3901 3213 3955 Faciunt
3248 3900 3543 3953 nobiscum

1940 4004 1999 4051 et
2032 3998 2441 4067 Complutensis
2469 3999 2525 4051 et
2554 3997 2781 4065 Vulgata
2814 3996 2989 4049 editio
3028 4012 3041 4047 :
3076 4007 3390 4063 quanquam
3426 3992 3547 4044 haec

1944 4089 2014 4143 ad
2053 4089 2348 4143 dictionem
2379 4088 2581 4146 Oculis.
2606 4103 2715 4141 non
2746 4086 2994 4159 adjungit
3030 4085 3378 4155 reciprocum
3408 4084 3545 4137 suis.

1943 4181 2114 4252 idque
2149 4183 2315 4238 male.

2014 4271 2071 4336 6,
2095 4272 2187 4327 25.
2238 4274 2383 4328 Ecce
2429 4273 2578 4329 enim
2637 4286 2849 4327 merces
2884 4279 3065 4325 vestra
3130 4269 3303 4324 multa
3347 4276 3434 4323 est
3488 4265 3544 4319 in

1944 4364 2129 4437 (ccelo)
2156 4380 2268 4419 non
2316 4366 2375 4417 ἐν
2401 4367 2516 4427 τοῖς
2541 4366 2818 4433 οὐρανοῖς,
2843 4362 2900 4415 in
2932 4361 3075 4414 caelis
3107 4360 3411 4430 pluraliter.
3442 4356 3547 4411 Fa-

1946 4455 2022 4511 cit
2056 4455 2347 4510 nobiscum
2387 4454 2782 4523 Complntense
2812 4450 3114 4521 exemplar.

2022 4546 2185 4612 6,26.
2220 4548 2309 4601 Va:
2341 4564 2468 4603 cum
2516 4545 2872 4601 laudaverint
2934 4559 3030 4598 vos
3096 4541 3371 4596 homines.
3425 4539 3547 4593 Non

1948 4640 2095 4695 enim
2128 4640 2348 4694 additur
2383 4640 2513 4709 ὑμῖν
2538 4640 2833 4708 vobis,post
2860 4635 3305 4705 interiectionem
3351 4648 3451 4685 um.
3481 4631 3551 4684 Et

1949 4733 2005 4787 in
2048 4733 2150 4789 hoc
2180 4732 2313 4788 facit
2343 4732 2630 4787 nobiscum
2690 4740 2889 4800 praeter
2936 4728 3219 4797 exemplar
3268 4725 3549 4794 Complut.

1948 4825 2117 4880 etiam
2160 4824 2391 4895 Vulgata
2430 4824 2623 4878 editio.
2654 4824 2710 4876 In
2748 4838 2815 4876 eo
2845 4830 3027 4875 autem
3062 4818 3206 4887 quod
3243 4832 3354 4870 non
3399 4816 3553 4869 addit

1948 4928 2141 4975 auctor
2178 4928 2365 4971 noster
2403 4918 2604 4980 πάντες
2624 4915 2695 4987 (2.)
2715 4931 2916 4978 omnes,
2947 4920 3077 4967 ante
3131 4910 3393 4971 homines,
3423 4907 3553 4961 facit

1948 5013 2240 5069 nobiscum
2276 5010 2555 5081 Complut.
2582 5008 2775 5071 editio,
2813 5015 2868 5061 et
2908 5004 3105 5060 melius
3156 5000 3554 5071 corrcspoudet

1949 5105 2241 5164 contraria:
2264 5104 2622 5161 beatitudini.

1948 5327 2010 5381 οὐ
2043 5324 2272 5391 πάντες
2294 5342 2306 5358 ·
2340 5325 2429 5379 διὰ
2464 5324 2624 5379 τοῦτο
2654 5326 2756 5379 οὐκ
2801 5319 2978 5386 εἶπεν,
3009 5323 3139 5376 ὅταν
3188 5321 3372 5376 καλῶς
3408 5322 3553 5391 ὑμᾶς

1950 5399 2181 5452 εἴπωσιν
2216 5398 2265 5449 οἱ
2298 5396 2599 5465 ἄνθρωποι.
2648 5396 2763 5448 ἀλλ’
2798 5397 2927 5447 ὅταν
2970 5394 3215 5465 πάντες.
3272 5394 3409 5446 Οὐδὲ
3445 5398 3555 5465 γὰρ

1947 5468 2175 5522 δυνατὸν
2203 5469 2329 5530 τοὺς
2356 5464 2413 5517 ὲν
2435 5468 2849 5536 ἀρετῇζώντας
2875 5468 3025 5535 παρὰ
3053 5464 3304 5517 πάντων
3331 5464 3555 5536 ἀκούεεν

1951 5539 2157 5601 καλῶς·
2185 5540 2250 5592 Ει
2276 5549 2314 5592 ι.
2365 5536 2500 5603 VIII,
2543 5535 2669 5597 485.
2710 5540 2773 5590 Δ.
2810 5539 2951 5591 Οὐαὶ
2991 5537 3155 5603 ὑμῖν,
3191 5537 3322 5588 ὅταν
3372 5535 3553 5596 καλῶς

1952 5610 2150 5662 εἴπωσι
2208 5611 2411 5671 πάντες
2484 5610 2535 5661 οἱ
2591 5608 2894 5677 ἄνθρωποι.
2956 5608 3063 5661 Sed
3124 5606 3555 5677 Chrysmtmnvs

1951 5682 2122 5735 multa
2167 5669 2482 5735 homiletice
2532 5669 2712 5751 magis
2759 5695 2921 5750 quam
2952 5680 3166 5751 _eritice
3217 5669 3552 5751 dicit.'i‘_pAF-_z

1949 5752 2154 5812 omitti,
2183 5754 2408 5814 πάντες.
2436 5751 2493 5805 ἰη
2529 5746 2677 5806 textu
2712 5746 2900 5805 servat
2947 5748 3347 5819 Tlieophyiact.
3368 5746 3555 5816 p.15“

1951 5825 2015 5875 A.
2050 5821 2155 5875 Sed
2203 5822 2366 5890 hujus
2414 5824 2790 5892 interpretatio
2836 5821 2928 5875 vix
2959 5821 3203 5892 videtur
3241 5820 3556 5892 _adu_nttere

1954 5892 2174 5956 πάντες.
2203 5889 2337 5949 Vide
2360 5894 2476 5949 ibit.
2497 5889 2892 5967 (ΣζΦρὶξωμεν,
2916 5891 3157 5962 ἀδελφώ,
3188 5890 3302 5955 πῶς
3333 5890 3393 5943 τὸ
3422 5889 3551 5944 οὐαὶ
