4030 6496
518 437 589 501 59

587 548 732 611 6,37.
760 546 864 620 (Et)
886 548 1054 603 nolite
1101 547 1367 618 judicare.
1398 546 1675 617 Siquidem
1735 548 2068 616 praeponitur
2096 545 2142 601 Α

521 640 613 695 καί
641 648 710 702 et,
741 638 794 693 in
831 638 1122 708 exemplari
1152 652 1367 707 quoque
1396 638 1789 705 Complutensi.

584 731 639 795 6,
670 731 757 785 £0.
792 730 1069 786 Perfectus
1097 741 1276 784 autem
1314 729 1417 783 erit
1449 731 1591 784 sicut
1621 729 1878 800 magister
1915 743 2066 785 suus.

517 837 626 877 non
656 824 799 877 enim
833 823 988 876 habet
1019 824 1123 884 πᾶς
1152 823 1228 890 (a)
1255 823 1442 883 omnis,
1463 832 1587 878 ante
1617 822 1732 873 erit.

589 916 641 975 7,
670 914 719 965 7.
753 912 895 967 Loco
923 928 1109 966 eorum
1139 927 1258 982 quae
1283 913 1421 981 apud
1452 914 1584 965 alios
1619 911 1886 965 habentur
1922 911 2071 980 (pro-

518 1014 640 1074 pter
662 1006 805 1075 quod
838 1015 893 1058 et
922 1020 1007 1058 me
1039 1005 1214 1072 ipsum
1243 1020 1351 1059 non
1382 1020 1497 1058 sum
1526 1004 1743 1070 dignum
1778 1002 2071 1058 arbitratus

517 1101 575 1145 ut
610 1093 846 1146 venirem
875 1091 942 1145 ad
990 1092 1063 1159 te)
1097 1092 1235 1146 nihil
1294 1092 1455 1145 habet
1488 1101 1677 1145 auctor
1725 1101 1929 1147 noster.
1964 1092 2069 1146 Sed

518 1194 694 1248 neque
723 1180 777 1233 in
816 1181 1086 1242 Mattlmo.
1115 1183 1561 1253 evangelistarum
1585 1182 1725 1236 dicta
1752 1183 2066 1247 concilians,

514 1269 708 1324 horum
758 1270 888 1325 facit
925 1274 1277 1327 mentionem.
1302 1272 1417 1326 Non
1448 1274 1662 1328 videtur
1695 1289 1822 1344 ergo
1861 1274 2068 1329 librarii

513 1358 837 1428 negligentia
875 1362 1318 1428 praetermissum.
1344 1361 1403 1415 ln
1449 1362 1553 1417 hoc
1598 1362 1740 1416 enim
1782 1362 1957 1431 capite
2004 1363 2069 1417 ad

509 1450 626 1505 haec
662 1459 945 1505 contextus
978 1452 1143 1506 verba
1178 1471 1191 1505 :
1235 1454 1388 1507 «Non
1420 1456 1562 1508 enim
1596 1470 1715 1507 sum
1754 1454 2001 1514 idoneus.
2042 1472 2059 1506 ι

514 1548 644 1601 etc.,
675 1540 797 1593 loco
823 1541 1147 1594 scholiorum
1185 1543 1336 1611 ponit
1376 1545 1537 1597 verba
1568 1560 1687 1613 quae
1715 1553 2019 1612 sequuntur
2052 1564 2066 1600 :

523 1627 647 1681 Haac
691 1628 851 1681 etiam
895 1629 1029 1683 dixit
1074 1630 1357 1686 hlatthzeus
1389 1649 1403 1686 :
1432 1632 1496 1685 Et
1535 1634 1799 1688 declarata
1833 1644 1957 1689 sunt
1994 1634 2065 1704 (b)

513 1718 773 1786 praedicto
804 1719 1003 1787 capite.
1032 1719 1185 1786 Quod
1219 1722 1261 1776 si
1285 1722 1581 1791 judicasset
1612 1724 1716 1778 hoc
1746 1725 1864 1779 loco
1894 1726 2065 1779 inter-

509 1808 817 1875 ponendum
846 1825 859 1861 :
885 1809 1108 1877 Propter
1127 1811 1269 1879 quod
1295 1820 1348 1865 et
1370 1828 1456 1866 me
1484 1813 1680 1882 ipsum.
1707 1824 1839 1878 etc.,
1868 1830 2067 1883 nequa-

508 1914 669 1965 quam
704 1900 930 1954 dixisset
954 1903 1131 1956 omnia
1163 1920 1190 1956 a
1217 1904 1467 1959 Muttineo
1492 1922 1611 1961 esse
1640 1908 1803 1972 dicta,
1835 1917 1889 1962 et
1912 1907 1967 1961 in
2002 1923 2067 1963 eo

510 1988 777 2043 declarata
810 2006 928 2043 cum
964 1992 1033 2045 ibi
1067 1994 1209 2046 nulla
1243 1995 1331 2047 fiat
1378 1998 1567 2049 horum
1604 2000 1827 2051 mentio.

580 2101 634 2164 7,
665 2100 751 2153 28.
792 2099 920 2154 Dico
956 2104 1097 2156 enim
1126 2106 1271 2161 vocis
1303 2126 1315 2160 :
1342 2108 1399 2161 In
1440 2108 1523 2163 his
1553 2110 1641 2178 qui
1671 2125 1699 2164 e
1734 2110 2056 2166 mulieribus

508 2190 621 2243 nati
657 2198 801 2253 sunt,
838 2191 1028 2259 major,
1057 2191 1264 2251 Joanne
1305 2196 1542 2267 Baptista
1582 2214 1744 2254 nemo
1791 2210 1892 2256 est.
1947 2199 2066 2254 Non

513 2276 662 2331 addit
692 2280 995 2350 προφήτης,
1042 2297 1141 2336 nec
1184 2294 1359 2339 tamen
1416 2288 1631 2342 videtur
1680 2290 2064 2359 negligentiam

509 2369 789 2426 omissum.
820 2370 889 2423 ob
916 2373 1157 2427 eamdem
1191 2390 1431 2442 causam,
1466 2394 1625 2446 quam
1674 2381 1935 2450 superiori
1968 2382 2067 2436 ad-

504 2459 877 2513 notatiuncula
908 2463 1209 2519 retulimus.

571 2545 624 2608 8,
667 2548 716 2601 5.
746 2549 811 2602 Et
843 2551 1090 2607 volucres
1117 2556 1238 2609 ςαξὶί
1280 2558 1483 2627 (etiam)
1522 2561 1873 2616 comederunt
1911 2563 2063 2620 illud.

502 2635 732 2690 Additur
755 2639 895 2693 enim
926 2643 993 2711 (ι’)
1022 2660 1234 2698 rursum
1262 2648 1356 2699 καὶ
1391 2658 1459 2703 et.

569 2725 625 2790 9,
656 2729 742 2782 45.
769 2728 1033 2787 Omnibus
1064 2750 1192 2789 vero
1213 2736 1606 2793 admirantibus
1638 2755 1801 2810 supra
1825 2742 1911 2796 his
1940 2759 2058 2811 quae

503 2817 738 2874 faciebat
790 2822 1006 2891 (Iesus).
1073 2826 1302 2881 Additur
1365 2831 1508 2884 enim
1557 2848 1756 2887 nomen
1835 2834 2062 2904 Ἰησοῦς,

500 2909 661 2963 etiam
695 2911 745 2962 in
774 2914 1061 2981 exemplari
1096 2916 1365 2987 Complut.
2070 2930 2071 2933 “

577 3004 630 3062 9.
663 3005 749 3057 55.
805 3006 1109 3063 Conversus
1158 3022 1357 3071 autem.
1418 3015 1713 3086 increpavit
1769 3019 1905 3075 illos.
1943 3022 2060 3075 Non

502 3095 645 3175 enim
683 3096 897 3151 additur
920 3116 1114 3156 nomen
1188 3105 1407 3173 Ἰησοῦς,
1445 3126 1617 3178 neque
1668 3114 1720 3165 iu
1765 3115 2059 3181 exemplari

1897 433 2313 496 PRJEFATIO.

3664 438 3743 499 6.)

2243 544 2328 610 10,
2358 545 2450 600 25.
2477 546 2626 602 Beati
2661 549 2801 605 oculi
2834 550 2929 621 qui
2956 550 3138 607 vident
3168 565 3286 619 qua:
3312 549 3524 605 videtis.
3559 550 3755 620 Neque

2172 635 2315 689 enim
2349 637 2401 690 in
2440 649 2660 693 auctore
2691 651 2897 704 nostro,
2943 658 3117 710 neque
3149 644 3201 695 in
3249 643 3539 711 exemplari
3583 646 3752 699 Com-

2170 728 2305 796 plut.
2349 730 2666 799 exprimitur
2700 733 2855 804 ὑμεῖς
2893 749 2999 786 vos.
3057 733 3223 788 Video
3274 743 3329 788 et
3382 734 3506 796 hoc,
3552 744 3605 787 et
3640 735 3749 788 alia

2172 819 2417 886 quaedam
2452 820 2759 889 hujusmodi
2796 822 3060 875 minutula
3095 839 3235 885 esse,
3260 834 3313 877 et
3336 839 3453 891 qua:
3484 823 3742 876 fortassis

2175 909 2340 964 alicui
2424 912 2776 966 adnotatione
2851 914 3066 982 indigna
3156 916 3523 979 videbuntur:
3590 913 3749 969 nolui

2179 1009 2362 1055 tamen
2398 1002 2463 1071 (Γ)
2514 1003 2947 1077 praetermittere,
2995 1018 3065 1058 ne
3095 1005 3380 1073 quisquam
3417 1004 3746 1076 negligentia

2171 1102 2267 1146 aut
2290 1092 2597 1147 temeritate
2628 1094 2812 1148 relicta
2849 1104 3003 1165 putet
3030 1110 3124 1149 seu
3156 1097 3438 1150 immutata

2241 1205 2326 1269 10,
2356 1204 2443 1260 '59.
2468 1205 2596 1271 Quae
2622 1207 2782 1261 etiam
2805 1208 3048 1262 assidens
3074 1208 3139 1262 ad
3157 1209 3318 1275 pedes
3338 1206 3467 1262 Jesu
3490 1209 3749 1264 audiebat

2171 1295 2494 1365 (sermones)
2521 1298 2684 1352 illius.
2720 1299 2892 1353 liabet
2915 1301 3058 1353 enim
3092 1300 3254 1354 etiam
3283 1300 3559 1370 exemplar
3580 1300 3749 1356 Com-

2170 1388 2427 1458 plutense
2452 1390 2561 1441 τῶν
2593 1390 2767 1458 λόγων
2800 1392 3101 1460 pluraliter.

2242 1479 2329 1542 11,
2357 1479 2444 1532 55.
2503 1479 2795 1548 Coeperunt
2822 1481 3065 1552 (Seribaz)
3101 1493 3153 1537 et
3189 1483 3449 1539 Pharisaei
3502 1489 3747 1557 graviter

2174 1570 2450 1624 insistere.
2504 1570 2621 1623 Non
2656 1571 2800 1625 enim
2830 1572 2993 1626 habet
3020 1576 3232 1641 νομικοὶ
3265 1576 3391 1645 legis
3432 1577 3607 1644 periti,
3645 1578 3745 1632 sed

2169 1662 2518 1731 γραμματεῖς
2544 1660 2755 1716 Scribrz.
2792 1660 2858 1715 Et
2900 1664 3077 1716 statim
3146 1664 3282 1717 infra
3327 1666 3517 1720 eodem
3552 1682 3742 1726 versu.

2169 1767 2277 1805 non
2309 1753 2472 1806 habet
2497 1752 2885 1822 ἀποκομίζειν
2917 1757 3146 1821 captiose
3167 1758 3495 1827 interrogare
3522 1777 3532 1810 :
3561 1773 3746 1828 neque

2093 1862 2141 1921 Β
2169 1861 2290 1898 cum
2323 1844 2441 1898 aliis
2508 1844 2878 1913 ἐπιστομίζειν
2909 1864 2963 1899 os
3004 1849 3291 1914 obstruere,
3342 1851 3436 1903 sed
3500 1852 3741 1903 ἀποστο-

2173 1932 2436 2002 ματίζειν,
2504 1934 2605 1986 hoc
2640 1944 2743 1997 est,
2785 1934 2852 1988 ab
2905 1951 3000 1988 ore
3040 1938 3400 2008 interrogare.
3461 1938 3601 2004 Quid
3636 1942 3741 1995 hoc

2168 2033 2348 2077 autem
2391 2026 2491 2078 sibi
2550 2027 2696 2087 velit,
2749 2026 2870 2081 vide
2924 2028 2974 2080 in
3017 2028 3177 2095 hujus
3228 2030 3328 2083 loci
3364 2033 3735 2086 enarratione.

2242 2115 2325 2178 l2,
2370 2114 2452 2169 18.
2521 2116 2583 2169 Et
2632 2117 2757 2171 illuc
2814 2122 3153 2189 congregabo
3211 2124 3394 2175 omnia
3438 2139 3556 2191 qua:
3609 2134 3735 2177 nata

2170 2218 2300 2260 sunt
2349 2207 2503 2262 mihi.
2540 2207 2724 2277 Neque
2763 2213 2835 2280 (g)
2868 2212 3011 2265 enim
3051 2213 3266 2268 additur
3298 2217 3391 2267 καὶ
3434 2215 3502 2269 τὰ
3557 2215 3739 2284 ἀγαθά

2171 2313 2294 2366 μου,
2326 2295 2388 2350 Ει
2416 2298 2549 2352 bona
2584 2316 2723 2353 mea.

2241 2389 2326 2452 l5,
2358 2390 2440 2443 15.
2476 2390 2818 2463 (llypocritm)
2851 2394 3226 2462 unusquisque
3260 2402 3500 2447 vestrum
3527 2394 3734 2451 Sabba-

2164 2480 2261 2534 tho
2294 2496 2400 2533 non
2428 2483 2609 2546 solvit,
2648 2493 2753 2537 etc.
2822 2484 2995 2539 llabet
3054 2486 3199 2555 enim
3259 2486 3541 2555 pluraliter
3600 2489 3736 2540 ὑπο-

2170 2574 2372 2642 κριταί.
2421 2574 2765 2631 Concordant
2808 2586 2862 2631 ct
2909 2580 3186 2649 exemplar
3239 2578 3623 2647 Complutense
3679 2589 3737 2636 et

2169 2662 2389 2734 Vulgata
2420 2667 2610 2722 editio.

2239 2757 2326 2821 13,
2358 2758 2443 2812 35.
2499 2759 2638 2814 Ecce
2690 2761 3014 2829 relinquitur
3066 2764 3221 2819 vobis
3258 2765 3453 2819 domus
3491 2775 3670 2820 vestra
3715 2783 3732 2823 :

2165 2846 2281 2901 Non
2324 2851 2645 2918 exprimitur
2694 2853 2896 2921 ἔρημος
2948 2855 3176 2917 deserta,
3228 2859 3371 2926 quod
3410 2873 3476 2912 ex
3509 2874 3734 2913 enarra-

2166 2940 2309 2994 tione
2342 2951 2487 3009 patet
2528 2943 2729 2997 librarii
2763 2946 2893 2998 vitio
2924 2948 3120 3000 factum
3155 2964 3261 3001 non
3302 2965 3442 3004 esse.

2236 3034 2321 3097 11,
2358 3034 2441 3088 15.
2478 3034 2676 3090 Beatus
2716 3039 2806 3104 qui
2861 3039 3195 3110 (prandium)
3237 3042 3401 3095 sumit
3453 3042 3504 3096 in
3562 3059 3732 3114 regno

2168 3123 2278 3177 Dei.
2313 3124 2496 3194 Neque
2528 3127 2668 3180 enim
2717 3127 2878 3182 habet
2908 3131 3070 3198 ἄρτον
3124 3147 3330 3198 panem.
3380 3134 3473 3187 sed
3508 3134 3730 3203 ἄρκτον

502 3186 796 3288 Complut.,
840 3208 1015 3261 neque
1050 3197 1101 3248 in
1136 3198 1359 3267 Vulgata
1386 3202 1645 3258 editione.
1681 3205 1882 3260 Deinde
1914 3208 2055 3275 quod
2087 3187 2127 3242 (ἶ
2161 3186 2462 3281 prandium.
2529 3218 2831 3274 Concordat
2899 3186 3063 3275 etiam
3124 3186 3406 3293 exemp-lar
3465 3186 3728 3294 Coiuplu-

501 3278 746 3344 sequitur
777 3282 827 3333 in
852 3284 1101 3341 omnibus
1130 3290 1485 3357 versiouibus,
1516 3304 1568 3348 et
1595 3294 1645 3349 in
1672 3296 1854 3352 Graeca
1894 3302 2055 3354 etiam

498 3368 736 3421 editione
776 3371 1144 3440 (Jomplutensi
1190 3388 1315 3446 puta
1352 3401 1366 3433 :
1407 3383 1469 3435 Et
1498 3383 1575 3437 ait
1618 3386 1772 3439 illis:
1822 3388 2056 3443 Nescitis

498 3460 658 3511 cuius
710 3462 930 3528 spiritus
978 3468 1107 3523 estis
1144 3485 1260 3524 vos.
1294 3472 1459 3527 Filius
1499 3476 1640 3529 enim
1678 3479 1914 3533 hominis
1949 3496 2054 3534 non

496 3547 640 3601 venit
663 3550 727 3603 ad
762 3554 1092 3621 perdendum
1126 3561 1332 3617 animas
1369 3564 1666 3632 hominum,
1703 3569 1795 3622 sed
1842 3571 1907 3623 ad
1946 3573 2055 3625 sal-

493 3642 727 3695 vandum
756 3662 768 3696 :
794 3661 1097 3717 quanquam
1129 3668 1225 3707 nos
1264 3656 1567 3712 addidimus
1602 3677 1615 3712 :
1651 3677 1841 3716 vereor
1870 3663 1946 3731 (ά)
1987 3682 2053 3720 ne

493 3742 601 3783 neu
662 3733 733 3786 sit
776 3735 979 3791 librarii
1043 3742 1247 3799 incuria
1298 3749 1555 3804 omissum
1594 3771 1606 3805 :
1644 3754 1875 3809 maxime
1930 3764 2053 3811 eum

497 3818 553 3874 in
586 3822 807 3878 scholiis
832 3829 1031 3883 nullam
1064 3832 1221 3888 faciat
1262 3837 1452 3893 horum
1486 3843 1838 3899 mentionem.

653 3914 739 3967 57.
774 3916 982 3984 Sequar
1019 3932 1070 3975 te
1099 3939 1421 3999 quocunque
1454 3932 1578 3986 ieris
1607 3932 1903 4006 (Domine).
1943 3938 2054 3993 Ad-

493 4000 695 4092 diditur
738 4007 880 4060 enim
924 4011 1111 4080 Κύριε,
1161 4017 1321 4072 etiam
1362 4020 1412 4074 in
1447 4020 1836 4092 Complutensi.

562 4091 646 4186 to,
678 4094 874 4186 eam:
896 4114 1187 4158 conversus
1213 4108 1277 4161 ad
1310 4091 1599 4181 discipulos
1625 4117 1776 4186 dixit)
1808 4136 1821 4171 ι
1858 4120 2046 4176 Omnia

490 4179 625 4279 mihi
663 4183 852 4237 tradita
885 4199 1012 4243 sunt
1053 4208 1081 4244 a
1109 4192 1266 4249 Patre
1302 4179 1459 4253 meo.
1507 4179 1781 4269 Siquidem
1836 4210 1904 4279 (e)
1957 4213 2047 4265 ad-

492 4269 696 4325 duntur
747 4277 907 4333 etiam
944 4280 994 4332 in
1052 4288 1341 4355 exemplari
1396 4290 1666 4363 Complut.
1699 4297 1811 4353 haec
1842 4269 2046 4371 verba;

489 4362 599 4414 Καὶ
622 4369 881 4436 στραφεὶς
914 4374 1048 4442 πρὸς
1096 4379 1221 4440 τοὺς
1267 4362 1670 4450 μαθητὰςνεῖἓτε
1729 4408 1742 4444 :
1798 4392 1862 4448 Et
1913 4362 2047 4451 con;

490 4468 677 4511 versus
708 4460 771 4513 ad
800 4460 1091 4532 discipulos
1118 4468 1271 4526 dixit.

713 4659 761 4709 οι
802 4661 951 4744 napi
985 4663 1118 4744 διξῶν-
1135 4666 1437 4744 ἀνέθρώηεων
1489 4673 1890 4744 ἐπαινούμενοι.
1944 4685 2037 4736 Δεῖ

486 4723 589 4805 μὲγ
618 4728 724 4796 γὰρ
754 4731 855 4811 καὶ*
880 4723 1026 4811 ῂαρᾲ
1052 4735 1159 4811 τῷν
1183 4723 1482 4811 ᾁν’θριὶ›πων

484 4802 746 4878 πρῆτερον
764 4802 1038 4879 ἀποφξοῦ..
1061 4806 1113 4857 Si
1137 4802 1372 4879 πᾲντὼν,
1394 4812 1691 4879 probasset,
1720 4802 2033 4877 liaud'diubie

483 4866 807 4961 seripsisset,
832 4871 946 4923 ἀλλ’
975 4874 1034 4926 οὐ
1065 4878 1213 4961 παρέξ
1242 4866 1476 4933 πάν-ἰὼν.
1506 4866 1577 4961 Ita
1609 4866 1783 4941 c'éi-i'é“

480 4942 689 5025 {to-mus
722 4942 1283 5025 argumentatumlloe
1324 4960 1500 5004 autem
1544 4954 1595 5007 in
1638 4960 1890 5013 confesso
1908 4942 2028 5025 “est,

484 4997 827 5098 {ﬁliiﬁliyinium
866 5014 1423 5098 eth'l‘lu‘ophylaetum,
1487 5028 1870 5082 accedentibus
1905 4997 2027 5098 ὧῖῖ

483 5069 1111 5158 μοιίοὶὶρυεηςοόίοἰιωεξ
1143 5069 1354 5158 semper
1384 5069 1556 5150 videare
1574 5069 1763 5151 contra
1787 5069 2027 5155 Clir'vsii-

481 5146 739 5229 sto-mLEx
778 5146 1313 5229 Chrysostomorergo
1340 5146 1554 5229 Stridet.

479 5210 1030 5293 scho‘liisercatenis.
1059 5240 1121 5277 ac
1150 5210 1857 5293 deiddeiertiam‘

550 5280 624 5363 (ft)
654 5286 944 5363 gishabet
976 5280 1206 5363 uterque?

548 5350 847 5447 ξὸζιίξνυιὲο
874 5350 1559 5447 ξιιμ-ἒβη.ἶιιιεζρὶοίοιίοηθ
1588 5376 1775 5433 Matth.
1795 5396 1912 5433 vut.
1937 5380 2020 5447 15,

478 5420 593 5506 οιαὶῄ
612 5424 754 5505 ὶάρη.
780 5428 1041 5506 (2011518.ιῇ
1089 5436 1171 5488 hic
1210 5420 1387 5494 Videtis

473 5494 1018 5589 auctoritate!
1037 5507 1178 5589 quod
1205 5523 1305 5563 nec
1338 5494 2017 5589 Βὶε-οῇἷῖίίξοίῖῖῗοῖἸξδᾷ

473 5570 527 5608 tu
554 5567 783 5639 gratiam
813 5567 1123 5627 Latinorum
1158 5576 1269 5633 haec
1306 5567 1562 5639 omittit?

548 5633 616 5753 (te?
653 5635 855 5693 Neuter
886 5656 1127 5697 meorum
1169 5633 1563 5717 agnoseit—Qat',

545 5700 563 5765 (
605 5705 622 5769 )
672 5706 895 5769 CODiOSC
949 5713 1015 5767 de
1070 5716 1171 5769 hoc
1198 5722 1312 5769 loco
1343 5723 1553 5769 dignum

672 5706 1015 5793 ACopioscnde
1070 5706 1611 5793 lnociocodisputavi
1636 5728 1690 5780 in
1726 5744 1844 5785 mea
1884 5730 2018 5788 Novi

476 5765 803 5833 Testamenti
846 5765 1100 5840 cditiond
1198 5765 1739 5868 vl

2161 3315 2332 3360 tense.

2232 3398 2316 3457 M,
2365 3397 2455 3452 2|.
2518 3400 2583 3453 Et
2637 3415 2887 3456 reversus
2932 3419 3125 3460 servus
3177 3407 3309 3476 (ille)
3365 3411 3721 3475 renuntiavit,

2156 3496 2261 3540 etc.
2312 3488 2443 3541 Nam
2480 3492 2695 3545 additur
2720 3494 2924 3557 ἐκεῖνος
2950 3497 3056 3560 ille,
3095 3499 3256 3551 etiam
3314 3500 3367 3552 in
3426 3501 3725 3570 exemplari

2154 3577 2551 3646 Complutensi.

2228 3666 2320 3727 l5,
2348 3666 2438 3721 26.
2474 3668 2537 3721 Et
2567 3672 2835 3726 accersito
2866 3689 2976 3727 uno
3006 3674 3073 3729 de
3097 3678 3289 3731 servis.
3328 3676 3446 3731 Non
3502 3678 3725 3733 additur

2154 3758 2318 3809 αὑτοῦ
2372 3762 2483 3813 suis
2519 3760 2617 3830 (Ii),
2656 3779 2759 3817 nec
2790 3765 2841 3817 in
2872 3767 3165 3836 exemplari
3194 3768 3587 3839 Complutensi,
3617 3787 3723 3827 nec

2155 3847 2208 3900 in
2242 3849 2479 3904 editione
2526 3850 2771 3921 Vulgata.

2224 3940 2311 4001 17,
2337 3940 2389 3992 4.
2429 3939 2495 3994 Et
2530 3944 2729 4010 septies
2759 3945 2810 3997 in
2840 3944 2927 4000 die
2962 3963 3261 4003 conversus
3290 3949 3453 4005 fuerit
3483 3951 3673 4007 dicens
3700 3972 3715 4009 :

2151 4027 2385 4085 Paenitet
2414 4050 2520 4087 me.
2553 4034 2669 4089 Non
2724 4036 2887 4091 habet
2927 4039 3019 4091 ὲπί
3068 4057 3126 4092 σε
3178 4041 3249 4094 ad
3292 4052 3358 4096 te.
3409 4042 3719 4101 Coneordat

2151 4120 2318 4173 editio
2349 4122 2769 4192 Complutensis.

2221 4211 2305 4277 17,
2347 4213 2434 4267 21.
2462 4214 2646 4283 Neque
2685 4218 2907 4273 dicent:
2964 4220 3104 4275 Ecce
3132 4221 3241 4287 hic,
3264 4237 3390 4278 ecce
3424 4225 3553 4279 illic.
3593 4225 3714 4281 Non

2150 4304 2381 4373 (i)halict
2435 4307 2463 4377 ἢ
2513 4320 2604 4361 aut
2640 4327 2652 4363 :
2686 4311 2826 4365 sicut
2885 4312 3047 4373 etiam
3107 4315 3243 4370 infra
3305 4333 3464 4372 versu
3494 4318 3584 4382 25,
3621 4321 3711 4374 ubi

2145 4397 2331 4450 eadem
2368 4411 2683 4467 repetuntur
2720 4403 2903 4469 verba,
2963 4406 3015 4459 in
3051 4407 3198 4462 nullo
3254 4409 3485 4463 habetur
3526 4428 3712 4468 exem-

2071 4533 2115 4587 Β
2143 4488 2300 4558 plari.
2335 4490 2697 4548 Conformiter
2722 4496 2849 4566 legit
2877 4505 2933 4550 et
2968 4498 3373 4570 Complutensis
3415 4503 3603 4557 editio.

2206 4671 2277 4750 (e)
2308 4672 2384 4750 lle
2414 4673 2710 4750 hoe_eti_am
2741 4676 2859 4750 loco
2897 4679 2969 4733 ibi
3020 4681 3152 4741 dixi,
3192 4696 3310 4750 pag.
3359 4681 3487 4741 210.

2206 4743 2272 4811 (f)
2328 4742 2493 4796 Recte
2525 4744 2722 4810 fecisti,
2765 4746 3014 4803 llenteui.
3055 4742 3305 4803 Nam-vel
3341 4767 3406 4803 ex
3447 4755 3555 4808 tuis
3588 4754 3709 4807 ani-

2136 4813 2597 4887 mailversionibus
2647 4828 2908 4883 apparent
2958 4818 3405 4875 hallucinationes
3470 4825 3700 4887 Erasmi,

2134 4881 2371 4936 hominis
2401 4884 2553 4958 levis,
2588 4881 2933 4954 negligentis.
2963 4891 3237 4943 temerarii
3263 4900 3315 4943 et
3338 4894 3546 4958 perfidi.
3581 4881 3701 4944 Ριεὲ

2133 4966 2303 5017 raque
2332 4954 2645 5027 enim,qua3
2682 4958 3014 5027 memorasti,
3078 4975 3174 5027 per
3235 4954 3385 5012 illum
3451 4965 3515 5015 ad
3568 4961 3702 5014 Vul-

2132 5031 2307 5097 gatam
2349 5022 2923 5097 Latinam‘suutiﬁcta.
2960 5022 3168 5091 Quanta
3199 5028 3301 5080 fide
3330 5039 3384 5082 et
3417 5032 3697 5097 diligentia

2134 5092 2185 5143 in
2218 5094 2502 5166 postremis
2531 5092 2861 5166 edideuibus
2915 5099 3029 5149 suis
3084 5092 3533 5166 Complutensem
3582 5109 3696 5154 tra-

2131 5162 2311 5239 ctarit,
2344 5178 2500 5241 ut}.qu
2526 5163 2748 5241 criticus
2778 5162 3321 5241 ig-llOI'aILQltntltDtiO
3345 5185 3472 5241 ergo
3499 5180 3666 5225 tracta

2128 5230 2267 5305 verit
2292 5232 2556 5305 _codices?
2584 5232 2713 5285 Nam
2739 5230 2838 5286 etsi
2872 5249 2969 5287 nec
3000 5230 3459 5305 Complutensisva
3488 5242 3697 5295 criticis

2128 5300 2333 5380 idoneis
2388 5311 2569 5380 curata
2627 5313 2729 5365 est,
2792 5313 2970 5380 tamen
3028 5300 3191 5361 habet
3246 5310 3444 5364 multas
3500 5312 3697 5380 probas

2126 5368 2390 5443 lectiones
2424 5372 2490 5423 ab
2526 5371 2751 5424 Erasmo
2787 5375 3080 5443 neglectas.

2198 5440 2271 5510 (g)
2306 5439 2497 5493 Servat
2542 5450 2768 5510 uterque
2810 5439 2984 5497 méus.

2196 5511 2271 5585 (ii)
2326 5510 2777 5585 ab:o§_Er_a_smus
2807 5514 3011 5585 intulit,
3041 5532 3139 5585 pro
3170 5533 3279 5585 quo
3305 5528 3488 5575 tamen
3526 5521 3690 5577 silent

2124 5581 2357 5637 codices.
2386 5596 2412 5633 a
2454 5581 2670 5635 Birchio
2700 5584 2988 5639 examinati
3020 5581 3229 5641 omnes.
3284 5590 3470 5645 Miror.

2195 5650 2255 5714 (ἰ)
2308 5651 2486 5705 Primo
2544 5654 2663 5707 loco
2720 5664 2947 5724 uterque
2997 5673 3151 5713 meus
3185 5660 3409 5727 omittit,
3448 5663 3694 5718 secundo

2124 5731 2349 5789 uterque
2402 5733 2603 5777 servat.
