4030 6492
295 446 358 512 ει
1706 439 2131 501 ΡΒΕΡΑΤΙΟ.
3506 442 3579 506 62

365 561 452 625 17,
484 557 577 617 39.
607 555 877 614 Memores
904 563 1080 612 estote
1104 554 1293 611 uxoris
1323 554 1446 610 Lot.
1477 552 1600 607 Non
1640 550 1877 607 habetur
1909 556 1955 611 Α
2053 553 2146 610 22.
2211 550 2298 608 30.
2361 548 2433 608 Ut
2489 550 2665 607 edatis
2720 564 2785 605 ac
2852 549 3055 606 bibatis
3105 565 3274 620 super
3326 566 3575 606 mensam

288 652 346 705 δὲ
386 660 586 715 autem,
644 665 743 704 nec
784 650 839 702 in
882 646 1181 718 exemplari
1212 644 1615 716 Complutensi,
1659 659 1763 698 nec
1815 643 1871 697 in

290 744 462 798 veteri
526 742 902 797 translatione.
970 740 1037 793 Et
1094 739 1349 795 similiter
1394 737 1449 791 in
1503 736 1611 792 ﬁne
1677 736 1873 806 capitis

288 850 452 891 versu
482 834 675 889 ultimo
713 851 727 887 :
761 833 836 888 lbi
868 834 1342 905 congregabuntur
1374 829 1592 901 aquilae,
1638 845 1747 884 non
1780 829 1875 883 ad-

291 928 440 983 ditur
467 928 561 979 καὶ
590 936 659 989 et,
695 941 796 980 nec
824 926 876 979 in
905 925 1144 979 editione
1190 920 1561 993 Complutensi
1597 919 1693 991 (Ir).

364 1017 454 1083 18,
474 1020 526 1073 5.
560 1017 730 1072 Vidua
759 1028 939 1073 autem
965 1026 1083 1073 erat
1107 1016 1158 1070 in
1188 1016 1406 1071 civitate
1437 1016 1546 1070 illa.
1572 1015 1686 1070 Non
1711 1013 1875 1069 habet

293 1109 377 1172 τὶς
401 1112 665 1181 ᾳαωάαπι,
697 1126 799 1165 nec
830 1110 883 1165 id
919 1111 1084 1165 habet
1114 1108 1389 1180 Complut.
1446 1110 1634 1173 editio,
1698 1122 1876 1178 neque

293 1199 580 1269 Chrysost.
629 1201 684 1253 in
722 1200 888 1270 priori
929 1199 999 1255 de
1032 1199 1242 1254 orando
1275 1199 1445 1254 Deum
1482 1199 1729 1266 bomilia,
1781 1199 1875 1255 ubi

293 1307 537 1361 praesens
566 1294 765 1347 citatur
818 1294 989 1349 locus.

366 1382 455 1440 l9.
494 1383 547 1435 4.
597 1385 862 1438 Ascendit
898 1386 953 1438 in
984 1384 1372 1456 (caprificum).
1424 1383 1481 1441 lu
1516 1393 1706 1442 nostro
1730 1394 1786 1440 et
1819 1385 1873 1439 in

292 1472 667 1541 Complutensi
702 1475 997 1544 exemplari
1055 1476 1282 1531 habetur
1330 1476 1487 1531 tertia
1537 1476 1741 1548 syllaba
1777 1491 1877 1546 per

294 1580 341 1615 ω
375 1581 388 1617 :
422 1580 492 1617 ne
522 1566 683 1621 nobis
709 1566 933 1622 Stnnica
962 1569 1020 1632 (ι)
1044 1569 1355 1639 objiriatoh
1378 1569 1427 1622 id
1458 1585 1624 1639 prave
1655 1584 1875 1624 versum

298 1670 421 1710 esse
452 1658 793 1726 caprificum,
835 1660 981 1728 quod
1018 1675 1117 1728 per
1145 1678 1173 1713 ο
1199 1662 1408 1715 micron
1446 1662 1739 1716 scribatur.
1778 1661 1878 1716 At.

297 1752 482 1800 tamen
535 1748 811 1819 Complut.
862 1751 1023 1805 habet
1081 1752 1438 1820 penultimam
1502 1766 1601 1821 per
1669 1752 1875 1821 ἑψιλὸν,

296 1854 424 1894 cum
484 1842 732 1897 eamdem
786 1844 980 1899 habeat
1027 1853 1276 1899 nostrum
1341 1845 1620 1915 exemplar
1668 1861 1766 1915 per
1817 1861 1875 1899 αι

298 1933 694 2005 diphthongum
730 1937 823 2008 (ut)
873 1940 1277 2009 συκομωραῖαν.

373 2025 459 2087 19,
506 2028 593 2082 15.
652 2029 819 2083 .lussit
872 2031 1057 2083 vocari
1118 2032 1183 2085 ad
1240 2046 1299 2085 se
1348 2046 1534 2085 servos
1586 2031 1726 2085 illos.
1764 2031 1882 2086 Non

302 2117 525 2172 additur
580 2118 658 2188 (η)
712 2115 795 2181 οἷς
854 2120 1023 2172 ἔδωκε
1064 2121 1125 2173 τὸ
1180 2123 1449 2191 ἀργύριον
1484 2139 1497 2175 ε
1531 2122 1743 2187 Quibus
1790 2123 1885 2176 de-

301 2208 457 2263 derat
479 2211 785 2277 pecuniam.
815 2212 968 2278 Quod
1002 2223 1182 2267 tamen
1240 2214 1575 2279 addidimus,
1612 2214 1754 2269 sicut
1808 2214 1881 2281 (ο)

302 2302 629 2371 quihusdam
688 2305 810 2359 aliis
844 2306 896 2360 in
934 2308 1065 2361 locis
1131 2308 1274 2361 idem
1335 2307 1585 2371 fecimus,
1632 2308 1774 2375 quod
1828 2307 1884 2360 in

299 2394 422 2449 aliis
454 2397 853 2466 exemplaribus
902 2408 959 2453 et
1004 2400 1166 2454 etiam
1206 2401 1258 2455 in
1313 2401 1584 2469 Complut.
1643 2401 1885 2456 editione

301 2486 607 2543 habeatur:
639 2501 694 2545 et
745 2502 921 2545 tamen
962 2509 1177 2556 vereor,
1234 2509 1302 2547 ne
1343 2494 1395 2548 id
1435 2494 1640 2547 librarii
1671 2493 1885 2548 incuria

304 2580 509 2636 factum
540 2600 647 2639 non
675 2586 767 2650 sit,
801 2587 1033 2640 maxime
1072 2586 1213 2654 quod
1248 2586 1299 2638 iu
1349 2584 1773 2641 Conmentariis
1806 2584 1885 2655 (p)

304 2676 511 2730 nullam
548 2678 740 2731 horum
768 2679 927 2732 faciat
960 2682 1317 2732 mentionem.

372 2768 463 2831 20,
491 2772 547 2824 5.
578 2770 633 2824 Si
664 2772 986 2835 dixerimus,
1023 2772 1062 2823 E
1111 2772 1270 2834 coelo,
1307 2772 1453 2825 dicet
1490 2789 1502 2825 :
1546 2771 1724 2838 Quare
1772 2788 1884 2828 non

302 2861 616 2916 credidistis
642 2863 713 2915 illi
747 2863 769 2914 ἲ
801 2862 914 2917 Non
947 2863 1167 2918 additur
1196 2862 1290 2917 οὖν
1324 2881 1470 2933 ergo,
1498 2880 1599 2920 nec
1635 2864 1687 2919 id
1720 2865 1887 2919 habet

304 2952 582 3021 exemplar
610 2952 883 3022 Complut.

374 3046 466 3107 20,
492 3048 544 3100 9.
581 3047 755 3100 llomo
806 3048 1075 3117 plantavit
1103 3050 1343 3103 vineam.
1403 3050 1522 3105 Non
1554 3051 1773 3106 additur
1808 3052 1882 3122 (q)

302 3140 390 3201 τὶς
447 3141 685 3208 quidam.
722 3139 785 3194 Et
821 3140 1074 3194 similiter
1102 3142 1239 3195 infra
1278 3158 1436 3197 versu
1465 3145 1547 3198 19.
1588 3146 1652 3198 Et
1684 3146 1887 3201 timue-

1982 661 2183 701 meam.
2211 644 2328 700 Non
2357 645 2574 700 additur
2604 645 2669 715 (δ)
2703 646 2761 698 ἐν
2789 646 2855 713 τῇ
2888 644 3137 715 βασιλείᾳ
3168 660 3291 712 μων
3329 643 3384 697 In
3408 661 3577 715 regno

1983 754 2125 796 meo.
2166 737 2353 809 Neque
2392 738 2445 792 in
2476 736 2828 793 enarratione
2870 736 2930 791 fit
2984 737 3089 790 ulla
3142 737 3306 804 hujus
3346 738 3573 793 mentio.

2051 832 2143 899 22,
2184 833 2272 887 55.
2312 829 2544 897 Quando
2573 828 2696 883 misi
2740 844 2835 883 vos
2894 828 3013 889 sine
3066 828 3260 882 loculis
3310 837 3365 882 et
3421 843 3572 896 pera.

1980 925 2100 981 Non
2156 923 2379 978 additur
2441 922 2555 976 Kal.
2623 920 2998 990 ὑποδημάτων
3043 929 3097 973 et
3132 919 3572 972 calceamentis:

1980 1036 2088 1075 nec
2116 1019 2225 1073 ulla
2258 1016 2318 1072 fit
2346 1017 2516 1087 hujus
2554 1016 2763 1071 mentio
2802 1014 2858 1068 in
2904 1011 3341 1069 commentariis.
3385 1010 3578 1078 Arguit

1985 1112 2050 1185 (t)
2079 1120 2260 1167 autem
2297 1108 2637 1181 adjectitium
2684 1122 2826 1172 esse,
2871 1104 3017 1176 quod
3074 1104 3213 1158 infra
3262 1118 3422 1157 versu
3485 1102 3576 1167 56,

1984 1219 2110 1261 cum
2145 1203 2345 1259 dicitur
2376 1219 2392 1259 :
2426 1200 2524 1255 sed
2577 1214 2729 1255 nunc
2757 1199 2849 1268 qui
2901 1196 3067 1251 habet
3126 1193 3357 1254 loculos,
3392 1192 3568 1251 tollat,

1984 1296 2239 1354 similiter
2265 1304 2321 1350 et
2376 1307 2587 1365 peram,
2650 1291 2782 1346 illud
2824 1292 2881 1344 in
2915 1287 3069 1343 nullo
3116 1286 3356 1341 addatur:
3388 1300 3577 1338 exem-

1982 1390 2147 1461 piari.

2056 1482 2152 1548 εἳ,
2193 1482 2287 1537 47.
2315 1479 2386 1535 Et
2439 1473 2908 1550 appropinquavit
2957 1472 3085 1527 Jesu
3130 1480 3190 1523 ut
3237 1468 3578 1522 oscularetur

1984 1592 2130 1632 eum.
2160 1575 2393 1629 Additur
2444 1571 2627 1627 statim
2662 1577 3081 1638 consequenter,
3112 1564 3277 1617 etiam
3324 1561 3375 1614 in
3418 1559 3579 1611 Cotu-

1985 1667 2227 1741 plutensi
2298 1664 2601 1735 exemplari
2640 1679 2653 1716 :
2694 1661 2868 1715 Τοῦτο
2923 1659 3034 1728 γὰρ
3091 1656 3317 1725 σημεῖον
3354 1650 3575 1704 δεδώκει

1986 1764 2189 1828 αὐτοῖς,
2222 1762 2318 1812 ⁸ον
2339 1758 2403 1812 ἃν
2422 1758 2661 1828 φιλήσω,
2684 1754 2847 1816 αὑτός
2878 1755 3013 1805 ἐστι·
3049 1750 3165 1802 Hoc
3188 1746 3335 1801 enim
3359 1745 3575 1815 signum

1987 1858 2208 1912 dederat
2276 1853 2381 1907 illis
2418 1868 2432 1906 :
2466 1850 2863 1916 Quemcunque
2912 1846 3193 1900 osculatus
3221 1838 3398 1901 fuero,
3460 1836 3577 1907 ipse

1913 1922 1957 1979 Β
1987 1959 2092 2004 est.

2055 2045 2148 2105 23,
2188 2043 2243 2097 2.
2295 2040 2453 2095 Hunc
2517 2036 2827 2093 invenimus
2888 2036 3293 2103 pervertentcm
3360 2032 3575 2093 gentem

1988 2136 2279 2209 (nostram)
2308 2134 2442 2188 Nam
2486 2132 2558 2203 (ι’)
2588 2131 2640 2183 in
2675 2136 2865 2181 nostro
2918 2119 3218 2191 exemplari
3271 2116 3578 2172 addebatur

1984 2233 2167 2303 ἡμῶν,
2225 2229 2369 2283 sicut
2410 2234 2468 2280 et
2521 2222 2752 2293 Vulgata
2802 2218 2965 2273 habet
3000 2214 3190 2269 editio.

2058 2325 2115 2378 ln
2153 2324 2258 2377 fine
2288 2318 2565 2389 Evangelii
2625 2315 2701 2382 (πῖ)
2771 2328 2878 2365 non
2940 2307 3161 2361 additur
3203 2305 3372 2373 ἁμήν,
3435 2300 3577 2354 sicut

1985 2435 2090 2475 nec
2114 2420 2166 2471 in
2201 2416 2308 2469 line
2337 2414 2570 2468 aliorum
2604 2404 3079 2477 Evangelistarum
3110 2399 3167 2452 in
3201 2397 3310 2451 ullo
3346 2394 3577 2449 habetur

1988 2508 2309 2580 exemplari.

2600 2594 2683 2647 Ex
2734 2589 2966 2644 Joanne.

2060 2694 2113 2756 1,
2148 2690 2238 2746 28.
2298 2688 2419 2743 Haec
2454 2686 2507 2742 in
2541 2684 2852 2755 (Bethania)
2909 2680 3048 2735 facta
3108 2686 3261 2732 sunt.
3324 2672 3445 2727 Non
3500 2670 3576 2741 (y)

1991 2780 2303 2854 βηθαόαρά.
2351 2776 2661 2833 Conformis
2713 2782 2798 2828 est
2856 2782 2908 2825 et
2952 2766 3355 2836 Compluteusis
3411 2762 3579 2854 editio

1989 2852 2056 2931 et”
2093 2874 2367 2943 Vulgata:
2422 2882 2735 2941 quanquam
2790 2873 2983 2917 auctor
3039 2861 3185 2915 dicat
3236 2859 3292 2911 in
3353 2852 3579 2910 scboliis

1987 2968 2172 3023 verius
2218 2966 2319 3035 legi
2359 2962 2682 3017 Bethabara.

2061 3063 2115 3119 1.
2150 3060 2239 3113 30.
2297 3057 2414 3111 Non
2446 3061 2771 3122 repetuntur
2822 3051 2935 3104 lucc
2981 3056 3075 3101 aut
3113 3045 3310 3100 similia
3364 3041 3529 3096 verba
3564 3057 3579 3093 :

1989 3147 2165 3215 Οὗτός
2195 3154 2309 3204 ἐστι
2341 3149 2469 3218 περὶ
2500 3140 2561 3200 οὗ
2590 3144 2700 3214 ἐγὼ
2744 3142 2922 3208 εἷπον,
2966 3140 3180 3193 Ὀπίσω
3232 3153 3335 3205 μου
3365 3134 3583 3203 ἔρχεται

305 3243 454 3289 runt.
506 3234 622 3290 Non
676 3236 899 3291 additur
927 3238 1020 3290 τὸν
1068 3238 1197 3290 λαόν
1252 3239 1525 3307 populum.
1575 3241 1884 3295 Concordat

2008 3248 2152 3315 iv-‘qp,
2208 3243 2267 3305 ὃς
2330 3237 2645 3311 ἔμπροσθέν
2711 3253 2815 3306 μου
2896 3235 3143 3303 γέγονεν,
3205 3230 3288 3281 ὅτι
3364 3224 3585 3296 πρῶτός

305 3328 596 3398 utrobique
658 3328 1063 3398 Complutens’s
1124 3332 1314 3387 editio.

375 3421 468 3483 20,
499 3420 588 3474 ΞΟ.
629 3420 696 3475 Ut
728 3433 989 3493 caperent
1019 3424 1137 3490 ejus
1190 3424 1566 3493 (sermonem).
1591 3424 1766 3482 liabet
1813 3425 1884 3497 (ν)

311 3530 545 3584 namque
582 3514 741 3582 λόγον
794 3516 972 3585 patrio
1011 3532 1139 3570 casu
1173 3534 1186 3570 :
1215 3533 1321 3571 non
1362 3516 1528 3589 λόγῳ,
1563 3528 1623 3573 ut
1651 3521 1885 3584 dicatur,

308 3610 363 3660 in
393 3608 473 3661 vel
515 3625 580 3662 ea:
609 3625 862 3663 sermone.
891 3607 1198 3664 Concordat
1229 3610 1391 3664 etiam
1423 3612 1698 3681 exemplar
1722 3612 1888 3669 Com-

306 3701 395 3771 plu
405 3710 578 3756 tense.

377 3796 468 3860 2|,
506 3796 594 3850 ili.
629 3794 943 3850 Trademini
965 3804 1161 3872 autem
1202 3812 1230 3849 a
1258 3800 1577 3867 parentibus
1602 3810 1656 3856 et
1684 3818 1887 3872 cogna—

308 3889 402 3952 tis,
452 3889 644 3943 amicis
694 3898 748 3943 et
786 3869 1072 3944 fratribus.
1134 3887 1250 3945 Hoc
1309 3892 1475 3946 etiam
1530 3894 1725 3949 ordine
1758 3869 1890 3966 legit

308 3982 584 4053 Complut.
620 3981 808 4045 editio,
852 3990 911 4036 ut
950 3981 1147 4038 fratres
1179 3982 1374 4037 ultimo
1406 3994 1684 4053 ponantur
1745 3986 1886 4041 loco.

382 4188 454 4253 (k)
513 4186 848 4243 Mirabuntur
883 4186 1153 4251 nonnulli,
1207 4186 1275 4241 ab
1331 4184 1604 4241 Hentenio
1635 4204 1744 4243 non
1784 4204 1888 4243 no-

310 4268 481 4315 tatum
516 4274 635 4313 esse
664 4259 933 4313 defectum
962 4272 1152 4312 versus
1186 4257 1378 4329 integri
1413 4258 1503 4329 36,
1536 4273 1698 4323 quem
1747 4275 1888 4329 prte-

313 4330 627 4384 termittunt
676 4331 891 4384 codices
927 4329 1030 4381 mei
1074 4328 1374 4389 Euthvmii.
1431 4328 1536 4383 Sed
1588 4330 1634 4383 is
1677 4329 1887 4384 Erasmi

311 4401 608 4480 editionem
644 4400 1000 4480 comparavit,
1035 4414 1153 4480 qua;
1207 4389 1306 4451 ista
1353 4398 1658 4480 appehdice
1710 4408 1885 4480 caret.

310 4471 480 4542 igitur
538 4472 702 4524 etiam
756 4470 896 4523 infra
940 4470 992 4521 in
1036 4470 1506 4542 ititcrpretatione
1561 4471 1726 4542 hujus
1779 4470 1887 4542 loci

310 4538 460 4596 h'unc
492 4551 661 4596 totum
690 4556 908 4593 versum
939 4538 1126 4593 omisit
1160 4540 1489 4594 Hentenius.
1559 4540 1781 4596 Scilicet
1833 4540 1888 4594 in

1993 3356 2096 3409 pou
2146 3332 2237 3408 ἦν.
2294 3332 2391 3389 llic
2430 3342 2510 3387 est
2540 3332 2607 3386 de
2634 3345 2744 3401 quo
2800 3342 2903 3399 ego
2948 3323 3195 3380 dicebam
3253 3338 3267 3374 :
3314 3317 3477 3372 Post;
3497 3329 3584 3369 me

1990 3442 2257 3486 venturus
2280 3436 2363 3481 est
2386 3426 2491 3487 vir,
2522 3423 2615 3494 qui
2674 3429 2802 3475 ante
2858 3433 2945 3473 me
2994 3416 3117 3477 fuit,
3159 3413 3284 3483 quia
3314 3411 3462 3481 prior
3496 3424 3584 3462 me

1990 3533 2127 3579 erat.
2162 3520 2365 3575 Eadem
2396 3528 2579 3571 tamen
2612 3509 3009 3584 propemodum
3067 3506 3234 3560 verba
3281 3502 3445 3568 paulo
3492 3516 3585 3557 suo

1988 3616 2178 3688 perius
2220 3614 2399 3684 posita
2444 3616 2625 3665 erant.

2059 3712 2116 3777 2,
2155 3710 2248 3766 22.
2305 3705 2674 3762 Crediderunt
2736 3697 2977 3757 sermoni
3028 3694 3189 3765 (ejus)
3230 3693 3360 3747 Nam
3421 3691 3589 3746 habet

1989 3800 2158 3856 αὐτοῦ
2212 3801 2356 3869 ejus,
2399 3812 2511 3851 non
2542 3788 2587 3864 ᾧ
2644 3791 2798 3848 εἶπεν
2827 3794 2855 3845 ὁ
2904 3789 3138 3861 Ἰησοῦς,
3173 3802 3337 3857 quem
3370 3786 3587 3839 dixerat

1989 3898 2241 4053 Ιϐἒίςέι.
2274 3985 2355 4041 Eo
2399 3982 2546 4055 quod
2577 3981 2696 4053 ipse
2739 3987 2930 4035 nosset
2963 3975 3193 4049 (omnia)
3230 3973 3406 4028 liabet
3436 3972 3587 4027 enim

2067 4186 2134 4281 (τ’)
2167 4185 2271 4241 Mei
2302 4183 2488 4253 λόγου.
2546 4179 2808 4235 Erasmus
2841 4190 2903 4233 se
2958 4173 3171 4251 volutat
3224 4168 3369 4222 inter
3424 4166 3590 4235 λόγον

1992 4259 2310 4399 “divitiae
2330 4327 2417 4399 ide
2444 4324 2553 4380 hoc
2583 4321 2708 4378 loco
2754 4317 2983 4389 copiose
3015 4315 3075 4370 in
3107 4326 3231 4367 mea
3279 4306 3349 4365 Ν.
3386 4308 3590 4365 Testa-

1992 4398 2164 4455 menti
2211 4398 2474 4453 editione.

2090 4452 2417 4541 it)wiArguta_
2451 4462 2820 4541 est_omissio.
2870 4453 3284 4541 PrimoLquod‘
3324 4452 3592 4541 continuo

2065 4474 2130 4594 (t)
2191 4474 2396 4539 Arguta
2451 4474 2535 4521 est
2575 4474 2820 4520 omissro.
2872 4474 3083 4521 Primo,
3118 4474 3267 4536 quod
3324 4474 3592 4534 continuo

1991 4558 2068 4597 nu
2097 4543 2145 4597 la
2170 4540 2229 4594 fit
2249 4539 2457 4594 mentio
2486 4538 3007 4592 calceamentorum.
3071 4527 3177 4581 Sed
3208 4524 3592 4597 lnieillgltpo—

312 4593 658 4667 bibliotheca
709 4610 957 4682 Patrunr
984 4610 1217 4664 maxima
1255 4593 1629 4682 Lugduitcnsi,
1667 4593 1716 4665 ti.
1744 4609 1888 4677 XIX,
1922 4613 1969 4671 Ι)
1995 4593 2145 4667 {eiii
2170 4593 2666 4682 eixisuperioribus.
2726 4598 3132 4682 Deinde._quod
3168 4611 3291 4651 non
3329 4593 3595 4649 credibile

310 4699 366 4754 p.
403 4682 529 4743 652.
562 4683 815 4754 columna
839 4698 907 4754 a,_
928 4680 1109 4754 littera
1141 4698 1196 4734 a.
1238 4680 1420 4736 Bonus
1448 4680 1611 4744 Beza,
1661 4683 1765 4737 hac
1796 4697 1893 4750 ap-

313 4751 542 4835 pendiee
578 4768 682 4807 nos
732 4751 1086 4821 locupletavit
1134 4759 1189 4806 et
1218 4767 1286 4806 ex
1327 4768 1393 4808 eo
1414 4753 1657 4809 editores
1711 4762 1895 4809 textus

312 4834 536 4893 recepti.

385 4891 448 4963 (t)
506 4894 731 4949 Stunica
783 4893 987 4948 nobilis
1038 4892 1141 4949 fuit
1187 4894 1538 4950 adversarius
1578 4891 1795 4949 Erasmi
1840 4901 1896 4948 et

312 4963 475 5091 ἔτιέπί
510 4964 1069 5036 Stapulensis.Forte
1128 4979 1259 5037 ergo
1318 4965 1408 5022 hic
1460 4965 1895 5035 reprehenderat

356 5052 384 5089 a
430 5052 576 5091 rum.

356 5052 576 5092 aurum.

384 5108 481 5176 (m)
512 5107 755 5175 Uterque
780 5122 937 5161 meus
956 5106 1356 5177 συκομοραὶαν.
1388 5106 1563 5177 Atque
1588 5107 1663 5161 ita
1692 5108 1895 5163 habent

313 5178 476 5231 etiam
510 5179 723 5233 codices
781 5178 1128 5246 Mosquenses
1160 5177 1216 5232 h.
1248 5188 1302 5233 et
1333 5195 1383 5233 v.
1419 5179 1513 5248 qui
1543 5187 1673 5233 sunt
1699 5180 1752 5233 in
1798 5195 1894 5235 or-

317 5248 637 5318 thographia
683 5250 1101 5303 accuratissimi.

388 5323 464 5387 (η)
508 5318 605 5373 Mei
634 5335 755 5373 cum
788 5319 1013 5387 reliquis
1035 5318 1193 5373 codd.
1230 5318 1328 5372 ista
1366 5329 1605 5373 servant.

386 5394 457 5455 (0)
500 5390 630 5443 Sine
680 5388 1046 5444 admonitione
1088 5390 1141 5442 in
1189 5390 1323 5443 locis
1383 5390 1615 5455 singulis
1671 5392 1721 5447 id
1770 5391 1889 5447 ﬁeri

317 5475 422 5513 non
444 5454 704 5515 debebat.
743 5458 856 5512 Hoc
892 5462 1052 5513 modo
1096 5460 1286 5514 multis
1328 5462 1381 5513 in
1431 5454 1564 5515 locis
1594 5474 1891 5531 corruptus

315 5541 397 5585 est
436 5533 859 5601 (llirysiustomus
892 5546 921 5583 a
956 5532 1157 5586 Savilio
1210 5541 1265 5585 et
1316 5530 1541 5600 reliquis
1565 5530 1889 5596 editoribus,

319 5610 368 5654 et
402 5604 490 5656 alii
538 5604 835 5670 scriptores
867 5602 1047 5665 plures
1085 5603 1147 5656 ab
1174 5603 1298 5655 aliis
1336 5603 1605 5670 pluribus.

388 5676 463 5743 (ιι)
504 5672 1014 5745 "ecargumettttttn
1049 5689 1156 5726 non
1187 5674 1345 5725 valet.
1389 5672 1552 5745 Multa
1582 5674 1729 5737 talia,
1771 5691 1891 5745 qu;c

312 5742 647 5823 tritellectum
682 5742 882 5797 habent
908 5744 1143 5805 facilem,
1181 5742 1607 5814 prtctcrntittunt
1645 5746 1696 5799 iu
1727 5742 1887 5804 scho-

316 5830 420 5867 HS.

385 5890 458 5952 (q)
496 5887 897 5941 Altermcorum
929 5885 1153 5950 omittit,
1181 5886 1314 5941 alter
1351 5886 1531 5940 habet.

2002 4684 2315 4741 videbatur,
2344 4672 2467 4733 sine
2490 4674 2877 4732 calceamentis
2911 4672 3112 4725 missos
3156 4681 3304 4721 esse.

2424 4749 2633 4824 addunt
2694 4749 2817 4800 mei.
2877 4742 3195 4799 Proximum
3248 4735 3345 4790 καὶ
3383 4744 3592 4801 autem,

2002 4819 2140 4880 ante"
2178 4819 2481 4881 κῶλύονται,
2515 4819 2796 4873 omittunt.

2075 4895 2150 4966 (ας)
2186 4892 2411 4949 Scilicet
2448 4880 2797 4966 interpretes,
2830 4884 3264 4966 Chry'sostomus
3289 4891 3344 4966 et
3379 4880 3589 4966 czeteri.

2000 4954 2329 5035 locoldpljv,
2348 4962 2505 5035 Aquod
2540 4954 2865 5035 textusest.
2896 4966 3019 5023 post
3045 4971 3178 5035 suas
3195 4954 3596 5035 explicationes

1999 5037 2067 5090 de
2097 5027 2209 5091 suo'
2249 5027 2301 5088 in
2340 5027 2447 5086 ﬁne
2487 5032 2696 5087 addunt
2733 5027 2902 5098 ἀμὴν,
2949 5036 3111 5096 atque
3166 5027 3241 5081 ita
3292 5028 3592 5081 terminant

2000 5105 2528 5177 interpretationem.

2074 5168 2162 5248 (ω’
2182 5176 2244 5231 In
2283 5175 2369 5248 his
2402 5185 2458 5229 et
2487 5173 2760 5227 similibus
2791 5169 3327 5248 Origepesﬂantiquis
3349 5168 3597 5248 “criticis

1998 5239 2371 5318 expectoravit
2396 5254 2658 5318 mentem,
2690 5252 2752 5318 ut
2778 5239 3196 5318 recentioribus,
3222 5256 3318 5310 per
3339 5240 3594 5318 libellum

2001 5311 2469 5373 Hérmeneutische
2508 5315 2909 5381 Vorbcreitung.
2932 5311 3237 5375 Semlerus,
3260 5312 3350 5379 qui
3386 5313 3597 5381 dudum

1996 5399 2157 5445 antea
2188 5404 2247 5443 se
2285 5388 2353 5442 ab
2403 5386 2608 5442 criticis
2638 5386 2705 5439 ad
2760 5379 3075 5437 triumviros
3129 5383 3188 5435 Α.
3226 5383 3290 5435 Α.
3327 5381 3395 5436 Α.
3435 5381 3496 5437 F.
3530 5379 3596 5435 Ρ.

1999 5460 2304 5515 transferre
2339 5457 2643 5512 debuisset.
2674 5454 2808 5509 Illud
2856 5463 3039 5507 autem
3073 5452 3204 5507 mihi
3239 5454 3306 5506 de
3337 5454 3443 5507 hoc
3472 5453 3599 5505 love

1997 5531 2249 5585 mirabile
2281 5530 2456 5585 visum
2485 5538 2587 5587 est,
2607 5528 2752 5594 quod
2778 5525 2962 5579 nullus
2999 5540 3064 5578 ex
3111 5524 3393 5578 veteribus
3423 5524 3600 5576 inter~

1997 5602 2244 5671 pretibus
2308 5599 2511 5671 Graecis
2571 5597 2733 5671 infra,
2803 5613 2924 5671 cap.
2979 5613 3031 5659 κ,
3096 5612 3240 5648 vers.
3287 5595 3402 5671 40,_
3446 5594 3595 5671 hunc

2000 5664 2177 5727 locum
2227 5670 2529 5726 lectoribus
2580 5670 2633 5723 in
2688 5668 3010 5722 memoriam
3062 5678 3301 5720 revocat.
3370 5664 3598 5719 Scilicet

1996 5744 2203 5799 conscii
2266 5750 2426 5796 erant
2482 5741 2604 5802 sibi,
2664 5755 2723 5793 se
2789 5750 2994 5793 temere
3031 5748 3252 5792 secutos
3311 5752 3436 5791 essa
3468 5734 3598 5789 Ori-

1995 5830 2213 5884 genem,
2245 5814 2433 5867 relicta
2468 5810 2797 5865 auctoritate
2840 5810 3141 5884 codicum.‘
3178 5808 3321 5879 Ergo
3372 5806 3601 5864 consul-

1998 5879 2109 5941 tius
2141 5884 2427 5955 putabant,
2462 5884 2740 5939 abstinere
2781 5897 2839 5937 sc
2879 5882 2946 5938 ab
2975 5882 3080 5937 isto
3128 5879 3272 5935 loco.
