4030 6482
250 452 329 513 (ὦ

1680 434 2109 496 I‘RJSFATIO.

3475 425 3548 488 66

256 567 390 631 ἦγεν
424 561 599 623 οὕτως
624 578 634 587 ·
663 557 1046 615 l'ertransiens
1086 571 1182 629 per
1234 554 1475 611 medium
1517 552 1738 608 illorum
1794 559 1851 606 et
1882 562 1927 619 Α
1957 549 2119 604 abeo.
2166 548 2401 605 Additur
2446 548 2595 604 enim
2653 563 2778 620 μου,
2816 545 2981 602 etiam
3032 543 3086 599 in
3118 542 3366 599 editione
3386 541 3555 598 Com-

256 656 329 710 ita
358 653 695 725 praeteribat.

324 771 378 829 9.
421 768 476 822 8.
540 765 720 821 Vicini
770 766 975 836 itaque,
1024 774 1077 821 et
1105 764 1199 836 qui
1250 763 1503 819 viderant
1546 774 1671 815 eum
1699 758 1853 829 prius

256 859 401 929 quod
453 858 676 928 (eamus)
714 865 882 912 esset.
916 858 1095 912 Habet
1136 855 1284 910 enim
1320 854 1540 923 τυφλός,
1570 868 1682 906 non
1709 866 1855 902 πτω-

255 951 350 1020 χός
384 952 456 1019 (ε)
488 948 789 1005 mendicus.
840 948 1124 1003 Consonat
1154 947 1318 1001 etiam
1359 943 1636 1014 exemplar
1688 939 1852 997 Com-

255 1045 534 1113 plutense.

330 1158 418 1221 10,
450 1156 502 1211 8.
534 1157 738 1211 Omnes
766 1161 1037 1225 quotquot
1084 1160 1376 1215 venerunt,
1420 1149 1570 1205 fures
1628 1156 1759 1204 sunt
1795 1158 1853 1203 et

260 1249 522 1303 latrones.
563 1249 681 1305 Non
742 1248 963 1303 additur
994 1246 1107 1317 Πρὸ
1128 1244 1286 1315 ἐμοῦ,
1339 1247 1482 1299 Ante
1527 1259 1634 1305 me,
1674 1255 1854 1311 neque

257 1340 314 1395 in
356 1342 655 1412 exemplari
691 1340 1093 1411 Complutensi,
1120 1353 1303 1409 neque
1340 1338 1392 1392 in
1438 1336 1681 1393 editione
1724 1334 1853 1389 Vul-

256 1438 404 1499 gata.

334 1542 411 1604 l0,
453 1540 541 1595 59.
589 1539 921 1606 Quaerebam
954 1538 1130 1610 (ergo)
1183 1553 1397 1592 rursum
1436 1534 1854 1607 apprehendere

257 1647 407 1686 cum.
444 1632 678 1685 Additur
704 1632 848 1685 enim
884 1626 978 1683 οὖν
1007 1645 1150 1700 ergo,
1191 1630 1323 1682 etin
1356 1626 1656 1697 exemplari
1689 1626 1854 1680 Coni-

258 1724 522 1793 plutensi,
576 1733 626 1776 ct
657 1722 711 1775 in
741 1722 966 1790 Vulgata
1011 1721 1278 1774 editione.

330 1816 421 1878 15,
457 1815 508 1868 9.
552 1814 781 1869 Domine
814 1829 921 1867 non
979 1823 1192 1867 tantum
1246 1813 1436 1883 pedes.
1470 1811 1589 1867 Non
1622 1811 1847 1867 additur

267 1924 373 1976 μου
405 1924 567 1960 meos.

334 2021 425 2080 15.
450 2020 538 2075 25.
586 2020 720 2075 Cum
749 2037 879 2091 ergo
924 2021 1015 2075 ille
1058 2018 1398 2074 recumberet
1427 2018 1546 2089 (ita)
1576 2033 1741 2090 super
1763 2032 1861 2087 pe—

258 2123 383 2167 ctus
410 2112 559 2169 Iesu.
583 2112 815 2167 Additur
839 2112 984 2167 enim
1020 2110 1214 2176 οὕτως,
1251 2110 1395 2181 quod
1428 2112 1591 2165 etiam
1616 2110 1671 2164 in
1707 2108 1863 2165 sebo-

268 2205 360 2259 liis
392 2217 586 2260 auctor
620 2207 891 2260 declarat.

335 2320 423 2381 15,
457 2317 546 2373 30.
598 2320 730 2373 Erat
764 2326 946 2374 autem
999 2335 1105 2374 nox
1174 2318 1397 2389 quando
1426 2317 1619 2372 exivit.
1657 2315 1862 2371 Deinde

260 2412 546 2467 subditur:
587 2412 678 2465 Ait
722 2411 902 2466 .lesus.
957 2410 1072 2465 Non
1126 2412 1273 2465 enim
1313 2410 1532 2464 additur
1586 2405 1679 2461 οὖν
1709 2422 1861 2477 ergo.

266 2518 397 2559 ante
451 2505 674 2558 verbum
723 2504 913 2572 ἐξῆλθε
962 2504 1146 2567 exivit,
1203 2512 1261 2556 ut
1288 2502 1452 2555 alium
1513 2500 1685 2570 possit
1733 2501 1863 2553 red-

267 2598 402 2653 dere
446 2612 690 2651 sensum.
751 2596 904 2651 Facit
947 2595 1232 2650 nobiscum
1284 2594 1563 2664 exemplar
1600 2591 1863 2661 Complu-

273 2700 451 2746 tense.

343 2806 395 2860 1.
449 2807 503 2861 4.
536 2806 658 2859 Non
701 2806 952 2861 turbetur
974 2820 1069 2859 cor
1089 2812 1354 2859 vestrum.
1384 2803 1525 2857 Ante
1551 2802 1668 2857 haec
1693 2801 1861 2856 verba

268 2914 383 2953 non
415 2899 782 2968 praemittitur,
813 2914 991 2969 neque
1024 2899 1077 2952 in
1131 2906 1340 2961 nostro,
1386 2912 1565 2965 neque
1597 2896 1656 2949 in
1700 2895 1868 2951 Com-

273 2992 507 3059 plutensi
539 2992 835 3060 exemplari
886 2990 939 3049 id
981 2990 1123 3059 quod
1180 2990 1415 3043 habetur
1458 2988 1512 3041 in
1541 2986 1860 3060 vulgaribus

271 3078 478 3132 Graecis
504 3078 910 3148 exemplaribus
943 3079 1045 3149 (ηε
1090 3080 1199 3131 Καὶ
1247 3075 1371 3132 εἶπε
1426 3081 1539 3141 τοῖς
1596 3078 1867 3149 μαθηταῖς

276 3157 470 3235 αὐτλοῦ,
504 3170 571 3224 Ει
605 3171 681 3225 ait
711 3170 995 3241 discipulis
1024 3171 1161 3225 suis.

1997 640 2220 695 lulensi.

1997 655 2009 693 ι
2057 655 2070 692 ι
2206 680 2220 695 .

1956 655 2234 797 pliangb.
2287 730 2414 789 Haec
2469 748 2571 805 per
2622 730 2926 803 proverbia
2981 729 3155 802 (dico)
3205 730 3383 788 vobis.
3434 730 3558 789 Non

1954 826 2102 881 enim
2156 826 2320 882 habet
2354 825 2426 897 (ς)
2464 825 2744 897 λελάληκα
2781 824 3000 879 locutus
3043 839 3165 877 sum
3202 837 3222 876 :
3254 824 3351 880 sed
3382 824 3551 894 λέγω,

1955 919 2115 1069 dwioti,
2156 1004 2247 1059 '53.
2285 1002 2345 1058 ln
2372 1004 2579 1059 mundo
2612 1017 2925 1073 pressuram
2946 1001 3262 1073 (habebitis)
3295 999 3428 1055 Nam
3452 1001 3557 1058 ha-

1953 1097 2044 1151 bet
2106 1097 2255 1164 ἕξετε
2289 1097 2363 1169 (Ιι)
2390 1095 2660 1160 futurum,
2694 1111 2804 1149 non
2842 1094 2997 1165 ἔχετε
3026 1094 3256 1148 habetis.
3287 1092 3412 1148 Pari
3435 1109 3557 1149 mo-

1956 1189 2027 1242 do
2059 1188 2254 1260 legisse
2308 1187 2661 1243 manifestum
2707 1188 2767 1256 (i)
2797 1194 2877 1241 cst
2932 1201 3083 1252 eum,
3139 1185 3233 1256 qui
3267 1183 3556 1258 angatam

1956 1277 2107 1331 dedit
2138 1276 2460 1330 editionem.

2031 1369 2121 1433 17,
2171 1369 2258 1422 il.
2290 1367 2454 1422 Pater
2484 1377 2677 1423 sancte
2707 1381 2863 1423 serva
2894 1381 2989 1422 eos
3038 1381 3137 1437 per
3166 1380 3368 1422 nomen
3403 1374 3555 1421 tuum

1958 1459 2091 1529 (quo
2118 1459 2337 1515 donasti
2382 1460 2516 1514 me).
2577 1460 2693 1514 Non
2738 1458 2883 1512 enim
2926 1457 3093 1511 habet
3135 1455 3230 1520 οὓς
3270 1474 3419 1528 quos,
3462 1456 3559 1511 sed

1955 1548 1999 1620 ᾧ
2028 1570 2149 1623 quo.
2203 1553 2409 1607 Eodem
2445 1552 2612 1606 etiam
2662 1552 2825 1606 modo
2859 1552 3026 1605 habet
3066 1551 3348 1621 exemplar
3396 1548 3561 1604 Com-

1953 1644 2228 1715 plutense.
2270 1646 2347 1700 Ex
2379 1645 2603 1700 scholiis
2646 1653 2826 1699 tamen
2870 1644 3070 1716 legisse
3104 1645 3326 1699 videtur
3363 1650 3561 1697 auctor

1962 1746 2155 1791 noster
2183 1738 2229 1799 ὃ,
2266 1736 2405 1807 quod
2440 1735 2539 1807 (k),
2570 1746 2703 1806 puta
2740 1751 2940 1789 nomen
2968 1734 3263 1789 accusandi
3295 1748 3450 1787 casu.

2033 1830 2118 1891 18,
2151 1829 2241 1883 25.
2303 1828 2530 1899 Negavit
2581 1825 2754 1900 (ergo)
2789 1829 2880 1882 ille
2928 1840 2985 1882 et
3032 1829 3110 1882 ait
3176 1825 3345 1884 :Non
3413 1841 3557 1879 sum.

1888 1944 1925 1996 υ
1956 1918 2247 1990 Repetitur
2276 1922 2422 1975 enim
2480 1915 2576 1974 οὖν
2616 1937 2760 1992 ergo.
2814 1921 2871 1975 In
2924 1922 3071 1976 hunc
3129 1920 3296 1975 etiam
3332 1922 3561 1973 modum

1961 2013 2197 2083 legimus
2229 2012 2282 2065 in
2311 2012 2555 2066 editione
2588 2010 2987 2081 Complutensi.

2034 2102 2125 2167 28,
2157 2101 2249 2155 29.
2286 2101 2466 2156 Exivit
2497 2102 2676 2171 itaque
2707 2101 2917 2158 Pilatus
2955 2090 3023 2157 ad
3062 2118 3179 2165 eos.
3210 2111 3266 2157 et
3299 2102 3396 2156 ait.
3439 2102 3561 2157 Non

1962 2194 2182 2250 additur
2242 2192 2349 2257 ἔξω
2382 2194 2443 2264 (Ι)
2513 2195 2679 2264 foras.
2751 2195 2831 2248 Ad
2871 2197 3015 2248 hunc
3064 2209 3286 2266 quoque
3339 2194 3564 2251 modum

1962 2287 2277 2341 invenimus
2305 2287 2359 2340 in
2386 2285 2686 2356 exemplari
2711 2284 3115 2356 Complutensi.

2043 2398 2126 2461 l9,
2173 2396 2260 2450 16.
2283 2395 2631 2466 Acceperunt
2650 2403 2833 2448 autem
2856 2393 3044 2448 Jesuui
3069 2403 3123 2449 et
3145 2394 3462 2466 (duxerunt)
3483 2395 3563 2468 (in

1965 2488 2308 2564 prmtorium)
2365 2487 2607 2540 Primum
2645 2486 2829 2556 itaque
2882 2498 2991 2539 neu
3052 2487 3219 2541 habet
3270 2490 3565 2556 ἀπήγαγον

1966 2583 2332 2644 abduxerunt,
2365 2580 2458 2632 sed
2494 2580 2705 2650 ἤγαγον
2738 2580 3028 2632 duxerunt.
3069 2578 3133 2633 Et
3168 2578 3223 2632 in
3284 2580 3388 2633 hoc
3425 2596 3565 2634 con-

1964 2676 2161 2728 cordat
2193 2670 2479 2739 exemplar
2517 2670 2915 2739 Conplutense.
2945 2669 3265 2724 Addebatur
3300 2681 3565 2740 praeterea

1966 2760 2024 2816 in
2052 2772 2243 2816 nostro
2276 2759 2575 2829 exemplari
2606 2761 2687 2823 εις
2728 2760 2786 2811 τὸ
2822 2758 3186 2829 πραιτώριον.

2042 2855 2128 2916 19,
2154 2855 2243 2908 55.
2284 2855 2349 2907 Et
2390 2854 2478 2906 ille
2508 2852 2611 2905 scit
2664 2852 2810 2921 quod
2844 2867 2968 2905 vera
3010 2852 3158 2905 dicat
3194 2851 3340 2922 (sed)
3368 2859 3431 2906 ut
3469 2866 3570 2903 vos

1967 2946 2228 3002 credatis.
2256 2946 2390 2999 Nam
2432 2945 2600 2999 habet
2631 2942 2790 3006 ἀλλά,
2840 2944 2953 2998 sed.
2989 2941 3105 2998 Nec
3155 2945 3320 2998 habet
3341 2945 3436 2997 καί
3493 2953 3565 3006 et,

1968 3048 2097 3094 ante
2124 3054 2240 3092 vos.
2294 3037 2586 3107 Exemplar
2617 3036 2838 3106 quidem
2869 3036 3262 3105 Complutense
3301 3052 3411 3091 non
3465 3036 3569 3090 ha-

1969 3129 2523 3199 betconjunctioncm
2556 3127 2671 3191 καί,
2714 3129 2809 3181 sed
2840 3141 2942 3181 nec
2966 3127 3133 3181 habet
3158 3126 3316 3182 ἀλλά.

2044 3223 2133 3285 19,
2158 3220 2246 3275 38.
2303 3220 2371 3273 Et
2400 3219 2652 3291 permisit
2681 3218 2910 3273 Pilatus.
2947 3220 3256 3289 Statimque
3277 3219 3497 3274 additur
3552 3238 3568 3273 :

349 3283 442 3345 M.
491 3284 579 3338 50.
628 3284 789 3339 Venit
839 3285 984 3338 enim
1034 3285 1293 3354 princeps
1344 3284 1559 3338 mundi.
1610 3282 1728 3338 Non
1768 3283 1862 3338 ad-

1991 3282 2177 3366 'moév
2209 3316 2303 3379 (nt)
2335 3282 2449 3373 obit,
2485 3312 2579 3363 καὶ
2622 3306 2724 3381 ἦρι
2771 3311 2830 3363 τὸ
2867 3309 3024 3380 σῶμα
3051 3309 3145 3386 τοῦ
3168 3282 3379 3383 ’⁸1ησοῦ.
3409 3310 3571 3366 Venit

276 3370 424 3426 ditur
470 3372 659 3425 τούτου
712 3371 895 3441 huius,
934 3387 1114 3443 neque
1150 3375 1208 3427 in
1270 3372 1569 3443 exemplari
1608 3370 1870 3443 Complu-

282 3463 450 3517 tensi.

352 3555 442 3617 16,
500 3555 553 3619 5,
619 3553 683 3608 Et
745 3553 861 3609 haec
900 3554 1125 3618 facient,
1199 3555 1326 3625 quia
1394 3570 1506 3609 non
1571 3564 1866 3610 noverunt.

278 3641 396 3696 Non
430 3642 649 3697 additur
675 3643 801 3711 ὑμῖν
838 3643 997 3705 vobis,
1018 3658 1118 3698 nec
1134 3643 1189 3696 in
1207 3642 1448 3697 editione
1470 3642 1867 3712 Complutensi.

354 3753 442 3817 16,
514 3753 566 3806 5.
620 3752 689 3806 Et
735 3767 899 3806 nemo
967 3754 1274 3824 interrogat
1346 3767 1475 3807 me:
1527 3751 1649 3817 Quo
1705 3751 1870 3806 abis?

282 3844 399 3898 Non
432 3844 768 3914 przepnnitur
795 3852 921 3898 ante
960 3845 1186 3899 verbum
1241 3843 1549 3915 lnterrogat
1585 3843 1645 3910 ἐξ
1686 3843 1868 3913 ὑμῶν,

283 3952 346 3992 ex
378 3938 547 3991 vobis.

354 4028 443 4095 16,
480 4032 568 4084 10.
601 4028 674 4083 De
700 4028 908 4098 iustitia
923 4035 1128 4095 autem,
1162 4028 1290 4099 quia
1308 4028 1375 4085 ad
1398 4026 1615 4084 Patrem
1641 4026 1869 4102 (meum)

286 4262 339 4307 et
364 4251 575 4306 invenit
612 4259 665 4304 et
710 4265 819 4303 non
848 4249 1078 4304 invenit.
1132 4245 1267 4303 Nam
1306 4248 1361 4302 in
1416 4249 1593 4319 prima
1629 4249 1871 4305 editione

290 4327 471 4386 habet,
529 4323 581 4374 in
634 4320 858 4390 reliquis
898 4322 1105 4375 omisit.
1159 4321 1427 4389 Compara
1460 4321 1581 4388 ejus
1618 4322 1685 4373 ad
1722 4321 1872 4375 hunc

290 4397 468 4449 locum
502 4391 1057 4445 animadversionem.
1100 4390 1282 4443 Altera
1326 4395 1568 4459 quaestio.
1600 4394 1709 4444 (iur
1740 4391 1870 4444 Hie-

291 4478 550 4535 ronvuius
610 4462 663 4513 in
719 4460 941 4531 Vulgata
995 4460 1183 4535 Latina
1243 4461 1475 4514 omisit?
1519 4460 1741 4535 Scilicet
1785 4460 1875 4516 hic

287 4531 502 4604 quoilue
554 4546 768 4604 servum
803 4546 967 4604 pecus
998 4532 1530 4604 sequituryesanum
1554 4531 1869 4604 Origenem.

289 4601 400 4658 Nec
420 4601 795 4667 diligentiores
823 4601 1045 4655 fuerunt
1076 4603 1495 4671 Chrysostomus
1527 4613 1580 4654 et
1615 4602 1867 4670 Lyrillus.

290 4673 465 4744 Vulgo
507 4673 742 4744 credunt
790 4673 905 4725 haec
952 4681 1138 4725 assuta
1192 4686 1314 4725 esse
1371 4686 1439 4725 ex
1481 4672 1612 4744 Luc.
1655 4687 1741 4744 iv,
1780 4672 1872 4726 30.

292 4738 515 4799 Stuﬁe!
567 4742 679 4795 Suo
748 4748 997 4809 tempore
1043 4750 1207 4794 totam
1262 4756 1377 4794 rem
1426 4743 1493 4795 ad
1547 4742 1735 4795 oculos
1779 4746 1875 4796 de~

294 4814 631 4938 glOtlfld‘abo.
683 4809 807 4865 Haec
833 4813 970 4866 adeo
1009 4818 1196 4867 servat
1230 4810 1526 4866 Vaticanus
1561 4812 1701 4868 1209
1730 4810 1876 4883 apud

340 4901 419 4938 n-c
440 4899 598 4938 :iuni.

340 4885 598 4939 nchiuui.

366 4975 723 5044 (e)Erasmus,
771 4972 1059 5043 impostor,
1108 4988 1219 5026 non
1265 4972 1511 5037 criticus,
1563 4972 1617 5024 in
1652 4971 1878 5042 Vulgata

295 5046 604 5115 reperiebat
670 5047 974 5115 mendicus.
1029 5044 1109 5098 Ex
1152 5045 1348 5097 Lexico
1398 5060 1525 5113 ergo
1556 5058 1656 5096 suo
1682 5049 1879 5115 redde-

298 5114 384 5170 bat
426 5118 661 5184 πτωχός.
703 5114 914 5184 lnepte.
972 5115 1222 5168 Reddere
1256 5115 1491 5167 debebat
1548 5114 1875 5182 προσαίτης.

299 5186 373 5259 lta
411 5188 557 5240 enim
612 5184 1057 5259 Qhrysostoinus,
1094 5186 1397 5259 undehmc
1440 5194 1525 5238 est
1575 5187 1877 5259 corruptio.

302 5257 431 5312 Vide
470 5265 580 5309 tum
645 5255 776 5322 Vlll,
816 5272 869 5325 p.
898 5257 1003 5310 355
1033 5258 1098 5309 Α.
1144 5255 1298 5309 Unde
1332 5264 1514 5309 autem
1564 5257 1874 5326 προσαίτης

298 5327 620 5407 invectum?
674 5330 777 5383 Per
816 5342 1090 5407 summam
1131 5327 1517 5407 negligentiam
1572 5335 1629 5379 et
1672 5328 1881 5397 incogi-

301 5401 525 5471 tantialn
554 5414 620 5451 ex
671 5400 922 5471 proximo
954 5400 1295 5471 προσαιτῶν.

366 5473 430 5541 υ)
473 5468 569 5522 Est
628 5468 840 5526 initium
892 5470 1144 5541 lectionis
1202 5468 1607 5541 ecclesiasticae,
1656 5471 1722 5539 τῇ
1777 5485 1878 5520 πα-

336 5540 543 5609 ειοκευῆ
580 5542 680 5608 τῆς
724 5559 805 5595 at.
840 5540 1158 5607 ὲῦὂομά.ο;,
1198 5546 1342 5606 quod
1376 5540 1628 5593 homines
1659 5555 1883 5593 somno-

336 5559 543 5609 ειοκευη
580 5559 680 5608 της
724 5559 805 5595 at.
840 5559 1158 5607 aooouamg,
1198 5559 1269 5606 qu

295 5559 433 5667 {cuti
470 5612 777 5666 intulerunt
828 5612 884 5665 in
930 5621 1271 5665 contextum.

384 5706 458 5776 (g)
504 5706 846 5759 Dissentiunt
900 5706 1010 5759 mei
1053 5702 1327 5775 Eutliyuiii
1375 5704 1615 5771 codices,
1664 5705 1757 5775 qui
1800 5705 1884 5756 λε-

301 5778 515 5846 λάληκα
576 5787 818 5830 servant.
1219 5844 1260 5846 μ
1354 5798 1357 5801 ⁷

370 5844 447 5918 (η)
491 5849 774 5917 ωλι-χδοδι.
814 5855 853 5900 t.
914 5844 1043 5910 \‘lll,
1084 5861 1139 5915 p.
1169 5844 1273 5899 468
1314 5846 1380 5911 A,
1412 5845 1881 5918 negligitquidem

303 5916 463 5974 verba
508 5916 715 5985 textus,
771 5921 934 5973 habet
977 5926 1158 5972 tamen
1216 5919 1329 5972 suis
1374 5920 1595 5973 verbis:
1631 5916 1779 5979 "tim;
1821 5936 1886 5970 av

1972 3420 2121 3475 ergo,
2153 3416 2209 3457 et
2238 3403 2361 3457 tulit
2391 3416 2593 3472 corpus
2621 3400 2772 3456 Jesu.
2805 3402 3155 3458 Concordant
3207 3413 3263 3458 et
3291 3405 3571 3476 exemplar

1972 3495 2365 3566 Complutense
2390 3506 2444 3550 et
2460 3495 2690 3566 Vulgata
2712 3496 2903 3549 editio.

2041 3589 2253 3654 20,29.
2285 3587 2424 3654 Quia
2472 3587 2655 3642 vidisti
2690 3603 2779 3643 me
2835 3588 3295 3647 credidisti.Non
3348 3567 3572 3646 addiiur

1973 3678 2155 3749 οωμᾶ,
2192 3693 2296 3733 nec
2323 3679 2378 3732 in
2406 3677 2649 3732 editione
2678 3677 3084 3749 Complutensi.

2042 3769 2133 3835 21,
2170 3771 2222 3824 1.
2258 3770 2455 3825 Postea
2510 3769 2885 3825 manifestavit
2918 3786 2977 3825 se
3030 3772 3229 3826 iterum
3269 3772 3431 3827 Jesus
3466 3774 3566 3843 (di-

1973 3860 2220 3932 scipulis)
2290 3861 2361 3916 ad
2399 3877 2548 3917 mare
2594 3862 2927 3917 Tiberiadis.
2981 3863 3214 3917 Additur
3260 3864 3410 3918 enim
3468 3882 3569 3934 μα-

1975 3954 2165 4025 Θηταῐς
2190 3954 2268 4025 (n)
2295 3953 2593 4024 discipulis.
2628 3953 2941 4010 Concordat
2972 3955 3023 4008 in
3064 3946 3170 4009 lioc
3204 3965 3261 4009 et
3288 3959 3573 4025 exemplar

1974 4046 2368 4118 Complutense
2395 4055 2452 4101 et
2475 4045 2650 4101 editio
2679 4043 2930 4115 Vulgata.

1973 4267 2073 4345 ἦτε
2104 4274 2164 4326 ὲν
2200 4271 2278 4343 τῷ
2303 4272 2518 4345 κόσμῳ,
2554 4270 2738 4345 enim
2783 4271 2959 4345 iisiis.
2990 4270 3212 4345 _Eodem
3265 4271 3429 4327 modo
3484 4289 3576 4329 re-

1976 4342 2117 4415 petit
2153 4342 2305 4409 alibi,
2364 4342 2421 4399 ut
2461 4344 2516 4398 in
2576 4344 2822 4398 editione
2872 4342 2956 4415 N._
2988 4342 3331 4397 'l'estamenti
3385 4345 3573 4415 docui.

1976 4412 2213 4486 Cyrinus
2246 4423 2375 4468 ante
2432 4415 2645 4486 scholia
2678 4415 2846 4486 habet
2899 4412 3075 4486 ἑξετε,
3126 4415 3222 4486 sed
3276 4415 3332 4486 in
3392 4414 3571 4469 inter-

1980 4484 2292 4555 pretatione
2346 4485 2523 4555 ἔχετε.
2550 4484 2711 4539 Tom.
2741 4484 2827 4547 IV,
2871 4501 2923 4553 p.
2958 4485 3063 4538 9M
3094 4486 3160 4545 A,
3196 4484 3302 4539 945
3350 4488 3415 4540 Α.

2051 4578 2113 4648 (i)
2146 4577 2371 4631 Minime
2427 4592 2580 4631 vero.
2628 4578 2763 4631 Nam
2806 4577 3079 4648 interpres
3110 4574 3340 4630 Latinus
3374 4578 3576 4647 srepius

1907 4641 1951 4696 ο
1983 4641 2272 4719 praesentia
2312 4664 2412 4719 per
2440 4648 2626 4702 futura
2694 4646 2897 4702 reddit.
2935 4641 3124 4718 ﬁeque
3182 4648 3286 4701 hoc
3331 4641 3571 4718 ignoras,

1981 4718 2240 4775 Henteni.

2053 4790 2129 4861 (k)
2170 4791 2234 4842 '0
2268 4787 2523 4861 ponitiin
2560 4789 3015 4861 interpretatione
3055 4788 3200 4853 ideo,
3252 4789 3403 4858 quod
3460 4804 3573 4843 non

1982 4860 2228 4931 repetiit,
2282 4866 2340 4931 ἐγ
2384 4860 2461 4930 τῷ
2490 4860 2720 4930 ὀνόματί
2749 4878 2865 4923 σου,
2906 4860 2991 4931 ad
3047 4862 3192 4929 quod
3236 4861 3577 4931 qrel’erturjn

1982 4925 2135 5002 textu
2184 4926 2251 4999 ᾧ.
2305 4925 2601 4995 Ουοίευώ
2636 4946 2765 5002 ergo
2824 4925 3178 4986 referendum
3229 4929 3428 4984 fuisset
3481 4925 3577 4999 t'p?

1981 5001 2146 5057 Forte
2185 5003 2253 5056 ad
2296 5003 2558 5064 δέδωκας.

2055 5094 2118 5163 (ι)
2162 5094 2373 5149 lncerta
2406 5094 2565 5149 sedes
2614 5094 2779 5163 hujus
2818 5095 3068 5150 vocabuli
3120 5094 3255 5149 satis
3286 5095 3484 5165 arguit.
3519 5094 3576 5148 id

1984 5166 2208 5220 aliunde
2246 5168 2619 5219 introductum
2656 5181 2802 5222 esse.
2856 5168 2992 5219 Nam
3018 5180 3173 5219 meus
3229 5165 3577 5234 Mosquensis

1986 5242 2159 5291 codex
2192 5236 2249 5289 S.
2288 5239 2379 5305 qui
2409 5236 2595 5307 Cyrilli
2622 5237 2831 5291 scholia
2860 5239 3027 5291 etiam
3075 5238 3268 5307 habet,
3322 5238 3471 5289 addit
3524 5237 3577 5290 id

1984 5318 2113 5362 ante
2146 5310 2306 5377 πρὸς.
2346 5307 2421 5360 lia
2456 5307 2640 5377 Cyrill.
2681 5318 2721 5363 t.
2754 5307 2843 5372 ιν,
2867 5323 2919 5376 p.
2956 5306 3113 5371 1054,
3150 5307 3207 5358 Β.
3230 5307 3386 5361 Alius
3406 5308 3577 5361 Codex

1984 5379 2072 5443 41,
2108 5394 2232 5433 cum
2270 5378 2497 5432 scholiis
2530 5379 2694 5433 habet
2733 5390 2858 5449 post
2880 5378 3101 5439 αὐτούς.

2059 5471 2310 5542 (m)lla-c
2360 5472 2618 5525 nimirum
2638 5472 2843 5527 omittit
2874 5472 3161 5542 Erasmus;
3220 5468 3373 5524 Unus
3424 5485 3580 5542 nien-

1985 5536 2105 5597 rum
2136 5536 2359 5612 quoque
2386 5544 2639 5597 eumdem
2672 5545 2869 5596 saltum
2894 5546 3024 5596 fecit
3048 5548 3115 5596 ab
3135 5537 3394 5613 ἦλθενυο
3422 5536 3457 5610 ἦ
3496 5545 3578 5592 Os.

1988 5624 2223 5683 uterque
2277 5625 2461 5668 autem
2525 5615 2804 5686 Euthymii
2859 5631 2983 5668 cuin
3023 5612 3248 5683 reliquis
3302 5612 3408 5665 ista
3460 5632 3581 5665 sei--

1995 5699 2143 5739 vant.

2061 5780 2136 5847 (ιι)
2172 5777 2371 5830 Praeter
2399 5774 2675 5846 μαθηταῖς
2710 5790 2853 5832 unus
2885 5790 3134 5833 meorum
3178 5773 3442 5830 Codicum
3471 5773 3584 5829 Eu-

1990 5850 2180 5921 tbymii
2212 5850 2360 5903 addit
2403 5848 2591 5903 αὑτοῦ.
