4030 6486
405 485 475 548 5-,
1795 456 2206 522 PREFATIO.
3548 443 3619 505 68

477 595 568 659 2i,
598 593 688 647 15.
717 589 908 645 Simon
941 584 1114 657 (.lona)
1161 581 1340 651 diligis
1366 595 1449 634 me
1482 577 1599 647 pius
1632 574 1756 628 his?
1794 574 1962 628 Habet
1990 582 2034 636 ,ξι
2067 572 2181 624 vice
2229 567 2594 634 subsequitur.
2643 564 2900 619 Similiter
2930 564 3090 617 etiam
3135 560 3297 615 habet.
3347 559 3622 630 exemplar

410 701 665 754 namque,
711 684 884 744 Ἰωνᾶ,
920 696 1026 734 11011
1075 677 1292 729 Ίωαννᾶ
1328 684 1424 727 .οι
1470 673 1539 723 ita
1581 683 1794 723 rursum
1835 667 1959 720 bina.

1541 849 1684 861 ﬂ
1687 847 1808 858 anu..-
1813 845 1972 857 ἰο-ο...

1359 850 1536 864 μ

1978 844 2224 856 ’.ι-ο,-

2066 665 2194 718 Com
2204 663 2468 731 plutense.

1608 965 1965 1027 EIUSDEM
2005 962 2412 1023 ΗΕΝΤΕΝΙΙ.

491 1104 555 1159 In
583 1106 658 1158 his
685 1119 796 1172 qua
817 1109 1101 1171 sequuntur
1134 1100 1431 1172 multisque_
1451 1095 1583 1172 aliis
1609 1097 1660 1147 in
1694 1093 1815 1172 iocis
1844 1087 2194 1172 ΙιυηηέτειὶιιγηΔ
2213 1087 2427 1153 phrasin
2456 1085 2656 1172 imitati
2686 1084 3017 1149 Hebraicam,
3055 1092 3334 1150 posuerunt
3379 1096 3623 1148 praesens,

1414 1167 1676 1219 interdum
1710 1163 1867 1216 etiam
1895 1169 1941 1213 et
1969 1159 2286 1227 prwtcritum
2331 1171 2423 1224 pro
2449 1157 2650 1224 futuro.

497 1459 687 1516 hianti.
720 1457 808 1520 11,
833 1457 888 1521 '5,
911 1465 964 1509 et
991 1453 1148 1510 Luca:
1177 1456 1231 1518 7,
1266 1454 1353 1518 19,
1389 1453 1476 1514 20.
1526 1450 1760 1507 occurrit
1788 1451 1841 1502 in
1871 1449 1981 1518 pri-
2011 1457 2055 1510 Α

427 1552 529 1606 mis
561 1549 688 1603 illud
724 1547 958 1601 maxime
987 1546 1261 1614 vulgatum
1299 1563 1310 1598 :
1346 1544 1424 1596 Tu
1459 1559 1517 1597 c5
1538 1543 1624 1596 ille
1659 1541 1774 1611 (qui
1808 1539 1978 1608 venit)

428 1659 493 1695 an
553 1643 712 1693 alium
766 1637 1206 1706 exspectamus?
1260 1636 1360 1690 Ubi
1417 1635 1632 1705 ponitur
1694 1632 1981 1702 ἐρχόμενος

425 1734 650 1793 ueniens,
687 1744 782 1799 pro
808 1744 870 1782 eo
893 1729 1031 1797 quod
1056 1735 1137 1780 est
1167 1766 1178 1778 .
1210 1726 1312 1791 Qui
1336 1738 1579 1778 venturus
1619 1733 1715 1787 est,
1755 1732 1847 1774 aut
1877 1728 1984 1789 ’ρο-

429 1823 554 1885 tius,
589 1819 688 1883 Qui
722 1826 977 1870 venturus
1011 1825 1148 1868 erat.
1195 1813 1259 1866 Et
1290 1813 1482 1868 eodem
1534 1812 1694 1866 modo
1736 1810 1891 1864 Joan.
1927 1809 1981 1871 6,

431 1911 498 1964 11
531 1927 544 1963 :
583 1909 677 1961 1110
706 1919 785 1961 est
828 1922 954 1960 vere
992 1906 1251 1974 propheta
1304 1903 1571 1974 (veniens)
1602 1903 1654 1956 in
1701 1902 1981 1963 mundum,

429 2002 482 2055 id
517 2007 618 2062 est,
656 1999 743 2066 qui
783 2004 1040 2051 venturus
1069 2005 1204 2049 erat.
1245 1994 1477 2047 Rursum
1512 1993 1699 2047 Matth.
1740 1993 1821 2054 l'i',
1861 1991 1911 2043 ll
1968 2007 1982 2041 :

432 2093 576 2145 Elias
598 2091 815 2159 quidem
850 2089 1039 2155 (venit)
1075 2088 1304 2155 primum
1347 2104 1359 2136 :
1397 2083 1657 2151 Ἔρχεται
1709 2096 1805 2151 pro
1847 2079 1987 2133 νειμ

433 2197 584 2238 turus
618 2193 718 2242 est,
759 2182 997 2250 ponitur.
1032 2179 1093 2232 Et
1120 2191 1248 2231 sane
1280 2176 1329 2228 id
1355 2175 1408 2229 in
1444 2174 1720 2228 liocverbo
1762 2173 1987 2242 ἔρχομαι

435 2273 936 2342 frequentissimum
972 2278 1075 2323 est.

506 2386 692 2437 Matth.
759 2382 844 2443 10,
871 2380 960 2434 20.
991 2380 1106 2432 Non
1134 2379 1276 2432 enim
1307 2393 1403 2432 vos
1442 2377 1613 2444 (estis)
1667 2375 1763 2442 (illi
1796 2373 1885 2442 qui
1917 2375 1992 2426 lo-

432 2481 697 2541 quuntur)
758 2473 850 2525 sed
894 2470 1126 2538 Spiritus
1164 2468 1334 2520 Patris
1359 2468 1524 2520 vestri
1583 2467 1691 2534 (qui
1728 2464 1989 2532 loquitur)

439 2565 497 2616 in
529 2563 698 2615 vobis.
732 2561 830 2614 Ubi
869 2573 1105 2629 prtesens
1139 2558 1260 2608 ὲστέ
1287 2571 1385 2625 pro
1436 2556 1581 2608 eritis
1639 2555 1908 2618 sumitur;
1939 2562 1994 2605 et.

438 2652 726 2712 λαλοῦντες
761 2664 857 2719 pro
886 2664 949 2701 eo
988 2647 1131 2716 quod
1172 2656 1271 2709 est,
1299 2646 1398 2709 Qui
1433 2646 1758 2712 loquentur;
1808 2651 1860 2695 et
1896 2643 1994 2694 λαο

439 2740 587 2802 LBV,
618 2755 715 2809 pro
747 2740 1020 2809 loquetur.
1064 2737 1263 2789 Eadem
1314 2735 1474 2788 etiam
1516 2736 1780 2788 habentur
1828 2731 1990 2784 Marc.

446 2834 532 2895 15,
575 2833 656 2885 11.

514 2942 704 2994 Matth.
722 2941 811 3006 112,
837 2940 924 2993 30.
952 2938 1008 2991 111
1031 2936 1422 2992 resurrectione
1453 2949 1625 3003 neque
1650 2933 1998 3002 (contrahunt

438 3033 873 3098 matrimonium)
903 3045 1078 3098 neque
1109 3029 1320 3098 (nuptui
1349 3026 1675 3093 traduntur),
1708 3027 1802 3079 sed
1846 3025 1998 3095 quasi

442 3126 620 3193 angeli
652 3123 743 3175 Dei
775 3139 826 3174 111
860 3121 996 3174 ctelo
1014 3123 1179 3188 (sunt)
1211 3118 1443 3170 Verbum
1478 3115 1732 3186 γαμοῦσι,
1768 3116 1908 3184 quod
1933 3130 1995 3168 ex

440 3215 794 3285 sequentibus
830 3213 1023 3277 verbis,
1056 3226 1174 3280 quin
1211 3210 1500 3265 manifeste
1527 3208 1814 3277 praesentia
1842 3218 1990 3272 sunt,

448 3307 608 3359 etiam
640 3305 914 3374 iudicatur
936 3318 1055 3355 esse
1089 3317 1346 3369 praesens,
1371 3315 1468 3368 pro
1497 3301 1675 3353 futuro
1696 3300 2000 3352 contrahant

445 3396 712 3466 accipitur
746 3412 759 3447 :
792 3402 844 3446 et
880 3392 1265 3460 ὲκγαμῐζονται
1302 3405 1425 3457 pro,
1454 3388 1655 3457 antui
1686 3391 1997 3453 tradentur;

445 3487 703 3539 11111ιὶ11101-
737 3485 839 3536 εἰσί
880 3499 976 3553 pro
1015 3493 1186 3536 erunt.
1240 3481 1361 3535 Pari
1419 3495 1633 3550 quoque
1697 3483 1853 3534 modo
1905 3480 2002 3534 ha-

451 3579 650 3631 bentur
683 3577 844 3631 verba
872 3577 980 3630 haec
1011 3573 1143 3628 Luc.
1171 3573 1260 3636 20,
1295 3574 1380 3637 35,
1409 3574 1506 3638 56;
1541 3573 1700 3626 Marc.
1735 3574 1819 3638 12,
1839 3572 1928 3626 25.

525 3689 712 3743 Matth.
739 3690 825 3753 17,
859 3689 947 3743 20.
979 3688 1033 3742 Si
1066 3687 1353 3756 (habeatis)
1388 3688 1544 3741 fidem
1597 3690 1736 3742 sicut
1778 3697 1998 3759 granum

446 3779 680 3848 sinapis.
713 3781 910 3848 Ἕχητε
945 3795 1041 3847 pro
1068 3778 1251 3832 futuro
1289 3779 1572 3832 habueritis
1613 3779 1862 3832 sumitur.

522 3868 712 3923 Matth.
739 3870 828 3934 26,
857 3871 940 3921 11.
971 3869 1240 3937 Pauperes
1261 3869 1404 3922 enim
1436 3884 1650 3935 semper
1679 3869 1889 3921 habetis
1913 3885 2005 3922 vo-

449 3959 681 4023 biscum,
719 3975 805 4013 tne
830 3974 956 4012 vero
980 3975 1083 4012 non
1119 3974 1330 4027 semper
1369 3958 1643 4027 (habetis).
1674 3957 1784 4011 Hoc
1806 3960 1855 4009 in
1883 3959 2001 4012 loco

453 4065 690 4118 presens
715 4050 861 4118 ἔχετε.
885 4066 980 4118 pro
998 4051 1177 4103 futuro
1197 4051 1447 4103 habebitis
1474 4055 1701 4118 capitur.
1722 4051 1788 4103 Et
1813 4052 2003 4104 eodem

459 4143 620 4196 modo
659 4143 812 4196 Joan.
842 4144 930 4206 1‘2,
961 4143 1013 4195 8.

530 4235 720 4287 Matth.
774 4233 864 4295 28,,
900 4236 951 4287 ’1.
1007 4233 1147 4287 Ecce
1209 4233 1505 4302 (ιη-10001111)
1534 4248 1628 4287 vos
1651 4234 1702 4286 in
1738 4232 2010 4288 Galilaeam

460 4323 685 4392 προάγει
738 4338 835 4391 pro
882 4323 1059 4376 futuro
1113 4324 1364 4389 praecedet
1409 4324 1695 4393 accipitur.
1749 4324 2011 4382 Similiter

457 4415 620 4467 etiam
653 4414 816 4468 habet
841 4413 1053 4466 Marcus
1086 4414 1171 4478 16,
1205 4413 1252 4464 7.

529 4503 692 4558 Marc.
732 4506 786 4567 ὅ,
814 4504 901 4559 29.
934 4505 1249 4571 Quicunque
1280 4505 1724 4573 blasphemaverit
1754 4510 2013 4565 adversus

459 4595 723 4664 Spiritum
780 4606 1049 4656 sanctum,
1103 4601 1231 4663 (non
1312 4596 1488 4664 habet.)
1537 4599 1907 4651 remissionem
1957 4600 2010 4657 in

460 4695 742 4749 aiternmn,
772 4687 866 4738 sed
907 4701 1031 4738 reus
1061 4692 1186 4753 (est)
1227 4686 1412 4738 aeterni
1449 4687 1659 4754 judicii.
1712 4691 1864 4758 Ἔχει
1913 4707 2016 4760 pro

461 4775 661 4845 habebit
702 4777 981 4846 accipitur,
1016 4787 1069 4830 et
1104 4777 1251 4829 ἐστὶν
1303 4791 1399 4845 pro
1427 4781 1542 4831 crit.

532 4887 700 4942 Marc.
735 4889 788 4954 9,
821 4890 904 4942 l2.
935 4889 1076 4943 Elias
1119 4905 1238 4945 cum
1309 4891 1454 4960 prius
1486 4893 1698 4948 venerit
1730 4893 2013 4962 (restituit)

463 4979 666 5034 omnia.
730 4979 841 5033 lloc
870 4981 922 5032 in
988 4981 1105 5033 loco
1156 4981 1492 5048 ἀποκαθιστᾷ
1527 4983 1748 5036 verbum
1784 4998 2017 5053 przesens

468 5073 700 5125 sumitur
735 5087 833 5140 pro
859 5073 1042 5125 futuro
1079 5074 1334 5125 restituet.
1358 5073 1496 5142 Cap.
1526 5076 1578 5139 9,
1603 5077 1690 5129 '51.
1725 5075 1890 5130 Filius
1919 5075 2018 5129 ho-

467 5163 629 5218 minis
659 5165 931 5233 (traditur)
962 5165 1015 5217 in
1043 5179 1237 5218 manus
1291 5166 1588 5220 hominum.
1627 5167 1888 5223 Similiter
1917 5170 2019 5226 hoc

467 5254 520 5306 in
563 5255 681 5308 loco
729 5258 1079 5324 παραδίδοται
1112 5259 1332 5311 verbum
1369 5273 1606 5328 prmscns
1641 5263 1896 5330 accipitur
1923 5276 2020 5331 pro

467 5345 650 5401 futuro
683 5350 941 5402 tradetur.

2153 1447 2284 1500 Luc.
2320 1448 2404 1510 15,
2432 1446 2519 1499 55.
2551 1444 2689 1499 Ecce
2715 1442 3082 1512 (relinquitur)
3119 1441 3270 1497 vobis
3309 1443 3504 1496 domus
3542 1457 3638 1496 ve-

2081 1549 2191 1591 stra
2234 1537 2474 1604 Ἀφίεται
2503 1551 2600 1602 pro
2629 1536 2809 1590 futuro
2850 1535 3186 1604 relinquetur.

2149 1627 2302 1680 Joan.
2324 1627 2374 1689 6,
2396 1625 2485 1678 28.
2506 1623 2647 1688 Quid
2671 1623 2942 1694 (facimus)
2961 1635 3016 1677 ut
3037 1638 3325 1693 operemur
3343 1638 3506 1694 opera
3532 1624 3632 1680 Dei

2081 1714 2340 1781 ποιοῦμεν
2371 1726 2468 1780 pro
2519 1712 2795 1779 faciemus.

2151 1803 2307 1859 Joan.
2345 1804 2397 1868 7,
2436 1802 2526 1855 27.
2581 1801 2832 1858 Christus
2880 1817 3004 1857 eum
3069 1803 3300 1868 venerit,
3339 1818 3499 1858 nemo
3547 1820 3647 1858 co-

2083 1894 2293 1966 gnoscit
2332 1893 2475 1946 unde
2501 1893 2608 1963 (sit)
2639 1896 2750 1945 ἐστὶ
2787 1909 2882 1962 pro
2919 1893 3098 1946 futuro
3118 1895 3238 1946 erit.

2152 1985 2289 2040 Joan
2346 1986 2396 2047 7,
2431 1985 2519 2038 55.
2553 1985 2642 2039 51.
2676 1983 2822 2038 Vado
2879 1985 2944 2038 ad
2976 1999 3100 2038 eum
3162 1984 3252 2053 qui
3309 1985 3456 2039 misit
3508 2000 3590 2039 me
3630 2004 3643 2037 :

2084 2077 2332 2146 qumretis
2380 2091 2466 2129 me
2504 2085 2557 2129 et
2609 2091 2718 2129 non
2759 2076 3086 2129 invenietis:
3122 2085 3171 2129 et
3221 2075 3311 2131 ubi
3334 2092 3433 2147 ego
3483 2087 3646 2148 (sum)

2086 2185 2151 2222 eo
2185 2183 2279 2220 vos
2314 2182 2420 2220 non
2481 2169 2753 2238 (potestis)
2806 2168 3012 2221 venire.
3069 2167 3197 2238 εξμε
3249 2183 3346 2237 pro
3396 2185 3482 2221 ero
3535 2186 3548 2220 :
3591 2179 3647 2222 et

2086 2262 2311 2316 δύνασθε
2343 2277 2440 2330 pro
2471 2263 2654 2314 futuro
2684 2261 2920 2330 poteritis
2950 2260 3309 2329 accipiuntur.

2158 2354 2315 2408 Joan.
2351 2353 2403 2417 8,
2455 2354 2541 2406 3i.
2576 2353 2630 2406 Si
2657 2368 2751 2405 vos
2786 2351 3098 2405 manseritis
3128 2351 3180 2404 in
3216 2365 3468 2405 sermone
3499 2364 3643 2415 meo,

2091 2445 2203 2496 veri
2235 2444 2484 2512 discipuli
2521 2444 2627 2496 inci
2668 2443 2814 2511 (esti)
2867 2445 2988 2495 ἐστὲ
3019 2459 3116 2511 pro
3146 2445 3292 2495 eritis
3324 2442 3580 2495 sumitur.

2159 2532 2314 2586 Joan.
2345 2535 2398 2597 8,
2424 2534 2510 2586 46.
2536 2533 2634 2596 Qui
2657 2548 2723 2584 ex
2753 2533 2906 2586 vobis
2934 2534 3150 2604 (arguit)
3181 2549 3266 2588 me
3292 2535 3357 2588 de
3385 2530 3654 2602 peccato?

2091 2624 2299 2692 ἐλέγχει
2327 2641 2420 2690 pro
2460 2634 2639 2692 arguet
2671 2624 2952 2691 accipitur.

2161 2713 2316 2767 Joan.
2351 2716 2434 2775 15,
2467 2716 2519 2766 8.
2554 2713 2607 2767 Si
2639 2730 2746 2767 non
2773 2715 2955 2767 lavero
2971 2725 3043 2777 te,
3074 2730 3179 2768 non
3210 2715 3420 2784 (habes)
3449 2727 3655 2784 partem

2028 2817 2069 2872 Β
2099 2819 2331 2857 meeum.
2363 2804 2543 2872 Ἔχεις
2571 2804 2725 2856 habes
2761 2820 2856 2872 pro
2887 2804 3115 2857 habebis.

2168 2894 2323 2948 Joan.
2358 2894 2443 2955 14,
2477 2894 2562 2949 1⁵1.
2591 2892 2699 2947 Vos
2730 2905 2910 2948 autem
2943 2897 3308 2965 (cognoscitis)
3343 2912 3488 2958 eum,
3520 2898 3648 2967 quia

2100 2990 2239 3056 apud
2265 3001 2359 3041 vos
2418 2986 2666 3056 (manet.)
2709 2987 3009 3038 Γινώσκετε
3059 3003 3156 3056 pro
3183 2991 3497 3058 cognoscetis
3533 3007 3548 3042 ε
3603 2999 3658 3045 cl.

2103 3078 2250 3146 μένει
2285 3093 2380 3146 pro
2408 3080 2653 3132 manebit.
2685 3078 2869 3131 Ethoc
2893 3078 3034 3132 sicut
3060 3089 3114 3132 et
3147 3081 3250 3132 alia
3271 3083 3655 3150 propemodum

2100 3170 2301 3234 omnia,
2322 3169 2512 3222 littera:
2535 3169 2703 3222 series
2733 3170 2848 3239 ipsa
2869 3170 3130 3223 declarat.

2169 3259 2324 3313 Joan.
2364 3262 2449 3321 H,
2482 3260 2564 3314 19.
2597 3260 2788 3315 Adhuc
2817 3263 3117 3326 modicum,
3160 3274 3213 3315 et
3253 3264 3487 3318 mundus
3549 3267 3658 3332 jam

2103 3367 2189 3405 me
2244 3366 2352 3404 non
2403 3351 2652 3420 (videbit)
2722 3367 2818 3406 vos
2854 3363 3036 3406 autem
3087 3352 3335 3425 (videbit)
3395 3371 3499 3409 me.
3564 3357 3660 3410 Hie

2104 3457 2232 3495 sane
2262 3458 2569 3511 quanquam
2625 3443 2700 3511 (a)
2734 3454 2923 3497 auctor
2953 3446 3169 3514 quidam
3207 3462 3313 3500 non
3363 3448 3514 3516 parvi
3559 3461 3660 3501 no-

2103 3535 2264 3588 minis
2312 3535 2460 3588 dicat
2518 3535 2712 3604 Θεωρεί
2759 3549 2812 3590 et
2881 3538 3137 3608 Θεωρεῖτε
3202 3539 3487 3605 βτεδθηιίε
3540 3554 3662 3593 esse

2105 3628 2362 3695 temporis
2395 3644 2407 3680 :
2437 3636 2564 3681 sunt
2591 3637 2769 3682 tamen
2814 3628 2976 3683 etiam
3009 3630 3162 3699 juxta
3188 3645 3426 3686 canones
3458 3629 3660 3684 Grteeae

2105 3719 2480 3786 grammatices
2501 3719 2677 3772 futura
2707 3721 2964 3773 secunda.
2990 3720 3268 3785 Similiter,
3296 3735 3421 3810 ’cap.
3459 3722 3655 3786 {5,26,

2107 3808 2195 3871 27,
2248 3823 2372 3861 cuin
2407 3808 2646 3864 dicitur:
2679 3808 2774 3862 llle
2821 3811 3189 3863 testimonium
3228 3808 3537 3879 perhibebit
3597 3813 3663 3865 de

2108 3912 2214 3958 me,
2255 3907 2310 3950 et
2374 3913 2470 3950 vos
2500 3900 2686 3966 (testes
2719 3899 2917 3967 eritis.)
2951 3900 3123 3953 Etiam
3160 3901 3235 3954 ait
3294 3902 3434 3956 idem
3482 3913 3670 3956 auctor

2109 3994 2439 4059 μαρτυρεῖτε
2468 4006 2707 4060 praesens
2728 4007 2847 4046 esse
2901 3992 3207 4058 indicantis,
3263 4003 3319 4047 ut
3353 3995 3617 4063 signiticet
3648 4011 3661 4048 :

2111 4083 2303 4135 Testes
2337 4083 2486 4146 estis,
2526 4093 2616 4136 aut
2649 4093 2824 4146 estote,
2859 4086 3314 4152 quemadmodum
3350 4086 3513 4138 etiam
3567 4085 3669 4140 hoc

2034 4141 2080 4203 c
2113 4175 2231 4228 loco
2261 4177 2438 4228 vertit.
2472 4175 2914 4244 Attamen§multo
2939 4175 3276 4229 commodius
3300 4176 3511 4229 dicetur
3548 4190 3669 4230 esse

2111 4264 2356 4319 futurum
2384 4266 2682 4319 secundum
2711 4282 2723 4319 :
2751 4265 3052 4334 praesertim
3081 4281 3200 4320 cum
3225 4267 3344 4321 Act.
3376 4282 3495 4336 cap.
3529 4269 3578 4328 1,
3613 4268 3666 4330 8,

2106 4357 2298 4410 eadem
2331 4357 2501 4412 ferme
2531 4359 2691 4412 verba
2742 4358 2983 4412 referens
3017 4358 3210 4419 Lucas,
3265 4359 3408 4413 dicat
3450 4376 3462 4412 :
3516 4359 3671 4413 Acci-

2112 4446 2270 4514 pietis
2297 4447 2547 4502 virtutem
2583 4451 3001 4517 superveniente
3023 4449 3229 4518 Spiritu
3263 4458 3447 4504 sancto
3476 4451 3529 4504 in
3573 4464 3671 4504 vos

2114 4548 2167 4591 et
2199 4539 2349 4592 eritis
2382 4541 2512 4593 mihi
2547 4551 2734 4594 testes.
2770 4540 2871 4595 Ubi
2903 4551 3087 4610 aperte
3116 4558 3213 4610 per
3242 4542 3482 4596 futurum
3509 4544 3671 4596 habet

2112 4627 2294 4682 Graeca
2324 4630 2502 4682 littera
2534 4631 2744 4693 ἔσεσθε,
2777 4630 2919 4685 facta
2949 4632 3110 4684 etiam
3156 4633 3388 4702 primum
3416 4648 3643 4701 superve

2115 4719 2314 4774 nientis
2351 4721 2586 4789 Spiritus
2637 4723 2807 4775 sancti
2851 4724 3149 4788 mentione,
3185 4723 3510 4779 sicutetiam
3567 4725 3667 4779 hoc

2114 4810 2256 4864 loco.
2325 4807 2592 4863 Praeterea
2631 4825 2754 4864 cum
2780 4811 2971 4865 eodem
3009 4812 3183 4878 capite
3216 4811 3302 4876 16,
3332 4812 3398 4865 10
3429 4812 3665 4866 dicitur:

2115 4902 2195 4954 Ad
2249 4910 2455 4969 patrem
2500 4901 2654 4966 vado,
2684 4911 2743 4955 et
2801 4904 3024 4970 posthac
3053 4916 3160 4954 non
3205 4901 3502 4970 (videbitis)
3561 4917 3667 4956 me.

2117 4993 2183 5046 Et
2223 5004 2344 5061 post
2378 5009 2541 5060 pauca
2586 5007 2727 5046 vers.
2765 4993 2830 5046 16
2883 4992 3126 5048 :l’usillo
3174 5003 3418 5062 tempore
3467 5004 3522 5047 et
3560 5009 3667 5047 non

2119 5083 2409 5152 (videbitis)
2448 5099 2550 5139 ine.
2606 5087 2810 5139 Asserit
2863 5085 3003 5139 idem
3062 5085 3134 5154 (b)
3193 5097 3421 5154 utroque
3477 5087 3671 5142 horum

2118 5174 2358 5228 locorum
2413 5176 2791 5245 evangelistam
2855 5177 3086 5232 abusum
3115 5185 3358 5246 tempore
3420 5180 3670 5247 praesenti

2119 5283 2216 5336 pro
2261 5267 2468 5321 futuro.
2516 5267 2625 5322 Nos
2683 5281 2864 5322 amem
2914 5268 3217 5336 opinamur,
3255 5270 3396 5338 quod
3455 5272 3673 5339 proprie

2120 5361 2358 5413 futurum
2378 5362 2672 5414 secundum
2707 5361 2969 5430 posuerit.
3023 5361 3174 5425 Quod
3209 5363 3335 5415 inde
3385 5362 3542 5415 facile
3592 5370 3673 5415 est

538 5436 706 5492 Marc.
740 5439 825 5503 11,
853 5441 940 5492 11.
975 5439 1318 5511 Quaecunque
1337 5455 1554 5496 orantes
1579 5442 1781 5512 petitis,
1813 5444 1998 5498 crediti

2121 5451 2394 5521 colligere,
2448 5451 2588 5520 quod
2644 5452 2828 5504 statim
2885 5463 3138 5521 sequatur
3182 5453 3424 5505 futurum
3484 5452 3677 5520 ὄψεσθε

469 5531 611 5598 quod
666 5530 947 5600 (accipitis)
997 5542 1053 5587 et
1093 5544 1252 5588 erunt
1304 5533 1478 5588 vobis.
1540 5535 1856 5606 Δαμόἀνετε
1918 5550 2017 5605 pro

471 5618 760 5686 accipietis.

2124 5540 2400 5596 videbitis.
2457 5543 2700 5594 Solemus
2749 5550 2926 5595 tamen
2978 5543 3240 5612 quosdam
3297 5545 3676 5611 grammaticos

2125 5632 2305 5685 futura
2360 5633 2596 5687 secunda
2649 5648 2679 5686 a
2708 5634 2888 5688 verbis
2908 5634 3270 5690 circumﬂexis
3303 5635 3354 5687 in
3377 5644 3544 5689 totum
3573 5650 3673 5689 au-

545 5754 622 5843 i?)
648 5753 850 5843 ἕξιππα
878 5771 934 5839 ει,
953 5762 1110 5841 [³³1³10
1153 5775 1272 5832 Ροεῐ
1298 5766 1507 5821 videtur
1557 5765 1849 5834 intelligere
1883 5766 2186 5836 Erasmum,
2212 5783 2370 5840 quem
2402 5772 2522 5828 vide
2553 5772 2607 5827 in
2634 5772 3075 5843 interpretatione
3109 5779 3164 5826 et
3195 5772 3246 5824 in
3276 5770 3434 5828 notis.

545 5826 616 5893 (b)
644 5825 894 5885 Erasmus
927 5825 978 5884 in
1005 5825 1167 5888 notis;
