4030 6570
467 482 533 548 71
1864 459 2027 522 PIUE

2122 461 2176 521 .T
2184 460 2283 520 10.
3616 457 3693 522 72

531 592 704 662 Βάρος
737 590 816 660 (η)
843 588 940 658 τῆς
968 586 1067 655 γῆς
1093 584 1179 645 15,
1218 582 1271 643 5,
1302 577 1519 647 irrepsit
1548 591 1576 629 c
1609 589 1775 643 marg.

525 686 599 738 Τὸ
633 682 850 751 ἄριστόν
884 694 984 749 μου
1020 676 1093 745 (ο)
1128 674 1455 743 ἡτοίμασται
1501 667 1592 733 22,
1622 667 1678 731 4;
1720 666 1800 718 sic
1853 664 2015 717 etiam

456 775 629 831 codex
657 788 795 827 unus
824 781 872 824 et
903 770 1057 823 alter.
1096 760 1473 834 lnterpolatori
1517 774 1593 813 sc.
1627 754 1869 827 quisquis
1907 753 2015 816 ille,

459 862 841 934 coiigruentius
876 860 1049 912 visum
1085 865 1169 911 est
1200 857 1265 909 de
1297 854 1439 921 ri-gis
1471 850 1719 919 prandio,
1758 847 1887 901 illud
1918 861 2016 915 pa-

461 966 633 1008 ratum
662 967 783 1006 esse
815 952 1018 1013 dicere,
1054 964 1215 1018 quam
1246 961 1302 999 se
1330 944 1459 997 illud
1499 956 1736 1011 parasse.

530 1046 637 1097 Καὶ
669 1041 987 1111 ἀποκριθεὶς
1020 1036 1168 1090 εἶπεν
1199 1035 1379 1097 αὐτοῖς
1411 1034 1572 1101 γενεὰ
1598 1049 1717 1083 ¹τιον.
1751 1030 1834 1093 16,
1863 1028 1918 1093 4,
1950 1042 2014 1081 ex

461 1150 600 1188 vers.
632 1133 667 1186 2
697 1133 863 1201 hujus
894 1130 1106 1199 capitis.

531 1219 716 1282 Οὕτως
751 1221 850 1271 οὐκ
907 1216 1182 1288 ἰσχύσατε,
1211 1224 1315 1267 etc.
1348 1213 1439 1275 26,
1467 1212 1552 1277 40,
1585 1210 1661 1265 sic
1691 1209 1765 1279 (ρ)
1786 1218 1837 1262 et
1870 1222 2020 1262 com-

460 1311 644 1379 plures
673 1308 831 1363 codd.
866 1306 1095 1375 repetita
1123 1303 1568 1371 interrogatione,
1608 1314 1715 1369 quo
1755 1298 1923 1368 magis
1951 1295 2019 1347 ad

462 1402 700 1455 Marcum
738 1401 809 1470 (ο.
845 1400 932 1464 14,
963 1415 1013 1451 v.
1046 1397 1132 1465 '57)
1164 1394 1532 1450 accederetur.

531 1491 822 1559 Γολγοθᾶν.
858 1490 951 1554 27,
985 1489 1074 1550 '53,
1115 1488 1194 1542 sic
1226 1485 1384 1541 codd.
1422 1484 1493 1540 al.
1536 1498 1667 1537 casu
1705 1479 2017 1535 accusativo

458 1583 525 1637 ad
562 1583 789 1637 formam
815 1581 1139 1634 Grmcoruni.

542 1675 759 1734 Ἰδόντες
788 1674 855 1724 τὰ
890 1672 1170 1738 γενόμενα.
1204 1668 1292 1731 27,
1326 1666 1415 1731 54,
1451 1665 1615 1718 misso
1639 1663 1729 1716 τὸν
1767 1660 2015 1731 σεισμὸν,

462 1774 521 1818 ιιι
555 1762 845 1833 superﬂuo,
878 1762 948 1814 ob
1012 1775 1172 1829 supra
1197 1759 1338 1812 dicta
1368 1772 1420 1820 v,
1453 1756 1543 1821 5|,
1578 1754 1665 1808 52.

544 1855 931 1921 Ἀγορὰσομεν.
970 1850 1134 1904 Mare.
1168 1850 1222 1911 6,
1250 1848 1340 1911 '57,
1380 1847 1474 1901 sed
1508 1846 1711 1899 editum
1741 1851 1905 1905 recte,
1946 1840 2017 1895 ob

2044 584 2089 639 Α
2188 568 2299 622 Καὶ
2326 564 2617 637 ἐπληρώθη
2648 567 2680 637 ἡ
2710 567 2899 638 Γραφὴ
2926 569 2959 639 ἡ
2987 568 3242 636 λέγουσα,
3275 572 3369 625 καὶ
3397 570 3537 639 μετὰ
3566 572 3697 625 ἀνό-

2119 675 2236 727 μων
2266 656 2536 725 ἐλογίσθη.
2576 654 2672 719 15,
2702 653 2770 709 ΞΒ
2791 693 2805 718 ,
2834 656 3134 711 versiculus
3167 654 3257 711 hic
3287 657 3693 726 praetermissus

2118 758 2201 803 est
2237 748 2380 817 apud
2412 762 2513 800 ms.
2545 746 2915 816 Euthyniium.
2969 749 3065 804 sed
3096 748 3387 817 ascriptum
3422 749 3693 802 habemus

2117 840 2185 895 ad
2257 853 2407 892 oram
2468 835 2673 891 codicis
2728 850 2758 888 a
2830 852 2990 890 manu
3051 838 3297 892 nonnihil
3359 840 3689 894 recentiore.

2118 928 2386 982 Oiuittunt
2407 928 2569 981 etiam
2595 925 2665 996 (υ)
2695 927 3112 992 Alexandrinus,
3144 928 3345 998 aliique
3370 928 3526 983 codd.
3553 929 3694 995 aliq.

2118 1020 2387 1074 Caeterum
2408 1059 2422 1082 ,
2464 1026 2822 1087 praeterquam
2851 1018 2996 1086 quod
3029 1018 3083 1070 in
3116 1018 3271 1073 libris
3302 1020 3572 1089 plerisque
3606 1019 3690 1073 lo-

2120 1127 2243 1166 cum
2290 1112 2506 1173 habeat,
2556 1111 2685 1163 mihi
2730 1119 2877 1164 certe
2927 1112 3069 1164 haud
3112 1111 3234 1166 leve
3280 1112 3541 1166 indicium
3581 1122 3692 1176 est,

2118 1204 2278 1256 etiam
2306 1203 2359 1255 in
2402 1201 2563 1255 Marci
2603 1203 2939 1271 autOgraplio
2972 1202 3286 1265 exstitisse,
3319 1205 3466 1280 quod
3497 1204 3693 1257 eadem

2120 1294 2237 1364 ipsa
2274 1293 2508 1363 proferat
2560 1308 2624 1347 ex
2671 1294 2956 1347 occasione
2997 1292 3192 1357 Lucas,
3229 1293 3487 1347 assiduus
3522 1293 3693 1349 Marci

2122 1394 2375 1440 sectator.
2424 1385 2501 1438 Ne
2537 1385 2737 1449 dicam,
2786 1384 2930 1453 quod
2960 1385 3030 1438 oh
3065 1383 3205 1438 idem
3257 1383 3476 1439 initium
3522 1384 3693 1455 hujus

2123 1492 2313 1532 versus
2349 1485 2403 1531 et
2435 1492 2547 1546 seq.
2582 1475 2738 1530 facile
2772 1475 2950 1529 omitti
2988 1482 3227 1545 poterat.

2188 1567 2321 1619 Τίνα
2347 1567 2403 1619 δὲ
2430 1566 2488 1631 ἐξ
2521 1565 2676 1634 ὑμῶν
2706 1566 2839 1620 Luc.
2870 1565 2957 1630 11,
2992 1564 3078 1619 11.
3114 1564 3249 1619 Illud
3276 1566 3336 1631 ἐξ
3359 1604 3373 1627 ,
3409 1573 3692 1635 utcunque

2121 1658 2177 1712 in
2223 1659 2551 1727 exemplaria
2607 1657 2839 1726 plurima
2882 1656 3185 1728 irrepserit,
3231 1671 3343 1712 non
3385 1667 3470 1711 est
3522 1657 3692 1726 hujus

2120 1750 2482 1820 evangelista,
2514 1750 2607 1803 sed
2638 1747 2894 1803 Matthxi.

2192 1840 2329 1902 Τοὺς
2354 1839 2570 1901 δούλους
2591 1840 2833 1901 τούτους
2868 1840 2953 1891 ἵνα
2969 1839 3089 1906 ’γνῶ
3117 1848 3226 1894 etc.
3252 1839 3453 1910 (missis
3471 1839 3691 1902 mediis,

463 1959 576 2013 seq.
603 1920 795 2011 δῶμενο
819 1943 1170 2010 omniumque
1191 1939 1303 1993 fere
1322 1939 1577 1993 librorum
1601 1937 1672 2007 (ᾳ)
1696 1934 2020 1989 auctoritate

2124 1926 2207 1993 οἷς
2266 1930 2433 1983 ἔδωκε
2492 1930 2553 1984 τὸ
2602 1929 2898 2002 ἀργύριον,
2947 1933 3149 1999 credo,
3210 1940 3271 1987 ιιι
3327 1929 3692 2001 superﬂuis),

464 2034 847 2087 confirmatum
883 2042 984 2087 est.

540 2122 760 2187 Ἕδοξαν
792 2120 1089 2190 φαντασίαν
1119 2113 1279 2182 εἶναι,
1314 2116 1368 2179 6,
1398 2116 1483 2181 l9,
1517 2116 1596 2170 sic
1633 2115 1803 2170 codex
1845 2114 2023 2185 Ephe-

464 2216 634 2267 sinus.
695 2211 798 2265 Sed
864 2212 1155 2279 φάντασμα
1211 2211 1544 2279 reliquorum
1602 2207 1850 2262 codicum
1906 2216 2022 2273 est,

460 2317 519 2359 ct
545 2304 801 2357 Matthxi.

539 2396 717 2447 Ἔστω
757 2399 828 2462 (r)
866 2393 1083 2444 πάντων
1116 2390 1320 2455 δοῦλος,
1363 2389 1417 2455 9,
1446 2391 1535 2454 55,
1578 2390 1657 2444 sic
1687 2389 1844 2445 codd.
1895 2390 2021 2461 aliq.

462 2480 704 2549 zEthiop.
742 2496 806 2533 ex
838 2479 1112 2532 Matthaao.

539 2572 603 2623 ‘0
638 2572 704 2639 (ε)
742 2569 798 2622 δὲ
852 2569 978 2637 ὑμῖν
1026 2567 1190 2634 λέγω,
1226 2566 1315 2632 15,
1369 2567 1459 2630 37,
1508 2566 1817 2636 complures
1862 2567 2020 2621 codd.

465 2675 661 2729 nempe
695 2662 765 2713 ob
793 2659 1027 2728 simplex
1053 2658 1185 2712 illud
1209 2659 1556 2728 γρηγορεῖτε,
1590 2657 1731 2727 quod
1757 2658 2025 2726 sequitur,

469 2751 649 2818 potius
689 2750 866 2803 visum
914 2751 966 2815 ὃ,
1016 2763 1179 2819 quam
1215 2752 1269 2803 ὅ..
1307 2749 1374 2802 Ει
1418 2749 1497 2801 sie
1530 2748 1868 2817 interpretati
1898 2757 2028 2802 sunt

474 2840 500 2889 ξ
518 2839 625 2909 ulg.
660 2838 782 2910 Syr.

546 2927 715 2998 ’Δμὴν
751 2930 807 2981 δὲ
845 2929 987 2996 λέγω
1017 2928 1166 2997 ὑμῖν,
1210 2925 1297 2989 is,
1329 2925 1383 2987 9,
1416 2927 1624 2979 inserto
1652 2925 1728 2987 δέ,
1778 2936 1837 2979 ιιι
1884 2926 2027 2995 apud

466 3018 796 3085 Matthasum,
853 3029 910 3073 et
978 3019 1033 3073 in
1086 3016 1239 3071 libris
1295 3016 1423 3084 aliq.
1477 3015 1608 3085 γάρ,
1668 3018 2027 3072 conuexionis

467 3111 657 3179 gratia.

544 3204 647 3254 Καὶ
698 3202 763 3271 (ι)
810 3200 1142 3270 εὐλογήσας,
1200 3197 1303 3261 14,
1357 3197 1449 3263 33;
1509 3195 1726 3266 praeﬁxo
1775 3198 1903 3265 καί,
1961 3214 2026 3254 ex

471 3293 746 3349 Blatthaco.

546 3453 622 3518 (ii)
656 3451 860 3503 Neuter
892 3464 959 3501 ex
988 3445 1123 3518 uicis
1155 3443 1731 3518 Euthymii_eodici_bus
1761 3447 1815 3502 id
1842 3447 2028 3503 habet.

472 3513 741 3589 Rapo-{ne
763 3518 978 3586 quidem
1004 3513 1249 3568 Graecum
1278 3513 1382 3568 est.
1418 3514 1588 3577 Βάθος
1616 3516 1786 3570 erci
1818 3519 2026 3572 dicunt.

476 3587 612 3643 Ηιιιε
645 3587 946 3657 βαθύγειος.

543 3658 617 3729 (ο)
645 3651 723 3729 ita
752 3651 858 3729 duo
887 3655 1102 3729 codices
1132 3651 1479 3729 hiosq_ueiises
1500 3652 1886 3729 Chrysostomi.

546 3723 622 3797 (ρ’)
654 3727 763 3779 Hoc
794 3727 849 3797 in
889 3724 1165 3797 Euthymii
1192 3723 1470 3797 codicibus
1505 3738 1617 3775 non
1648 3726 2027 3797 animadverti.

474 3793 582 3852 Sed
608 3793 693 3848 ita
741 3796 941 3847 habent
987 3794 1225 3861 codices,
1253 3793 2027 3861 Μοδίίυθηδθε.-(έί¹¹’ῗ⁸⁰³ί⁰¹“ί’

476 3866 576 3921 etsi
598 3866 753 3917 aliter
775 3862 1000 3916 ediderit
1025 3857 1489 3923 Montefalconius,
1519 3870 1557 3914 t.
1593 3857 1702 3915 Vll.
1734 3857 1788 3928 ιι.
1823 3863 1943 3925 791,
1973 3857 2026 3918 a.

474 3932 976 4001 d.Theopliylactus
1004 3932 1162 4001 etiam
1194 3945 1309 4000 pag.
1347 3930 1448 3984 164
1473 3946 1521 3984 e.
1542 3928 1662 3995 165,
1686 3946 1739 3984 a.
1771 3946 1935 3986 unum
1959 3935 2033 3988 si-

475 4020 638 4074 gnum
659 4000 1031 4074 interrogandi
1072 4000 1248 4074 habet
1266 4008 1393 4074 post
1416 4002 1572 4068 ἐμοῦ.

545 4077 616 4143 (q)
654 4073 762 4143 lloc
790 4083 1164 4143 argumentum
1199 4070 1287 4121 hic
1318 4070 1474 4143 valet,
1508 4084 1617 4124 non
1643 4082 1823 4128 autem
1855 4072 2029 4140 prius.

474 4138 773 4197 Neeenim
820 4140 1030 4195 Marcus
1066 4148 1318 4193 accurate
1352 4138 1539 4193 Graece
1573 4144 1781 4197 scribit.
1818 4138 2033 4196 Poterat

478 4227 605 4281 ergo
638 4215 944 4278 prmeedere
986 4215 1226 4262 tuturum
1246 4247 1259 4271 ,
1286 4220 1344 4281 et
1372 4220 1492 4276 post
1514 4212 1615 4281 irai
1653 4214 1803 4281 sequi
1831 4211 2030 4279 δῶμεν.

475 4274 714 4343 ὃοῖιίοἱει,
748 4287 805 4330 ιιι
839 4282 931 4329 καί
961 4288 1107 4332 esset
1145 4292 1242 4344 pro
1278 4274 1463 4329 Gracco
1509 4280 1615 4335 ἵνα.
1649 4274 1763 4335 Nisi
1812 4274 2029 4335 codices

478 4353 785 4421 obstarent,
834 4348 976 4421 apud
1028 4347 1262 4421 Marcum
1296 4348 1621 4421 probassem
1651 4352 2029 4421 Δᾲγοράσομεν.

477 4422 644 4471 Aliter
698 4418 838 4469 enim
868 4419 1051 4470 Craace
1099 4416 1420 4485 Xenophon,
1456 4418 1610 4471 aliter
1648 4416 1856 4473 Matri-us
1900 4416 2035 4473 scri-

474 4489 572 4541 bit.
614 4488 727 4551 ttoc
766 4486 895 4537 illud
927 4487 1148 4539 dubium
1187 4497 1269 4539 eSt
1314 4500 1367 4537 in
1392 4487 1531 4539 Crisi
1571 4489 1632 4539 Ν.
1675 4487 2030 4555 Testamenti,

475 4557 621 4626 quod
647 4557 935 4623 scriptores
982 4571 1082 4609 nec
1112 4557 1307 4623 ubique
1334 4556 1667 4623 hebraizant,
1704 4575 1804 4614 nec
1836 4562 2035 4628 ubique

477 4628 808 4696 graecissant.

550 4697 618 4764 (r)
674 4695 762 4745 Sic
815 4700 1038 4764 uterque
1090 4710 1263 4750 meus.
1315 4692 1544 4750 Servant
1588 4707 1764 4751 tamen
1813 4700 2029 4753 πάντων

479 4762 701 4832 ἔσχατος
732 4762 843 4814 καί.

568 4839 613 4896 s)
656 4833 752 4884 Mei
788 4833 842 4885 ἆ.

573 4915 613 4968 ι)
649 4901 796 4954 Unus
829 4910 1036 4956 tantum
1071 4919 1313 4958 nieorum
1345 4906 1493 4960 addit
1532 4907 1646 4959 καί.

553 4978 622 5039 (υ)
684 4969 1144 5046 νὶιιιιιιι-ςοάίειδ-
1183 4975 1529 5030 Alexandrini
1579 4985 1815 5046 arguunt
1864 4978 2029 5031 additi

481 5056 714 5096 canones
766 5040 1008 5098 Eusebii.
1053 5044 1221 5097 liabet
1270 5049 1412 5098 enim
1458 5047 1512 5098 in
1543 5040 1781 5100 editione
1832 5047 2029 5101 Woidii

484 5112 603 5189 ita“:
648 5111 754 5189 lﬂal
787 5112 883 5189 σὺν
911 5114 1058 5182 αὑτῴ
1086 5113 1405 5184 σταυροῦσιν
1420 5115 1512 5167 δύο
1533 5117 1751 5184 λῃστάς,
1775 5128 1829 5171 et
1855 5120 1909 5170 iit
1943 5119 2031 5170 ίιιιο

483 5183 664 5233 teriori
720 5183 959 5245 margine
994 5192 1145 5236 notat
1184 5183 1481 5238 sectionem
1528 5183 1789 5239 minorem
1820 5194 1935 5238 ets'.
1977 5200 2030 5240 et

480 5264 743 5322 caiioiiem
788 5247 872 5322 11'.
914 5251 1117 5305 liursus
1174 5254 1319 5304 εέναι
1351 5258 1414 5305 ὲκ
1459 5255 1647 5319 δεξιῶν
1694 5264 1784 5308 καὶ
1834 5260 1927 5309 ἕνα
1972 5260 2028 5322 ἐξ

482 5320 775 5386 εὐωνύμων
819 5320 1002 5375 αὑτοῦ.
1056 5324 1121 5375 Et
1166 5326 1221 5395 in
1267 5325 1511 5395 interiori
1556 5330 1818 5395 margine,
1863 5320 2029 5381 sectio

479 5406 654 5465 mmor
685 5394 815 5465 σις’.
852 5405 1023 5444 canon
1038 5398 1126 5465 ς’.
1149 5393 1309 5461 Atqui
1337 5394 1518 5447 omnia
1541 5396 1610 5448 ah
1638 5393 1730 5447 xat
1764 5397 1857 5447 σὺν
1883 5399 2028 5465 αὐτῷ

477 5464 544 5514 ab
574 5460 863 5525 εὐωνύμων
890 5462 1059 5530 ,αὑτού
1097 5460 1371 5530 pertinent
1399 5467 1466 5517 ad
1494 5466 1788 5519 sectionem
1826 5466 1940 5517 cia'.
1976 5460 2029 5520 εἰ

480 5542 543 5580 an
566 5544 827 5582 eanoiiem
850 5529 916 5603 a'.
937 5529 1172 5595 Quatuor
1190 5535 1335 5585 enim
1358 5535 1696 5603 evangelista:
1720 5552 1829 5589 non
1856 5537 2028 5591 solum

483 5611 701 5651 narrant
729 5604 866 5651 duos
901 5602 1135 5656 latrones
1169 5618 1291 5655 cuiu
1326 5602 1541 5657 Christo
1574 5606 1721 5659 cruci
1758 5622 1877 5661 esse
1910 5608 2028 5660 nili-

484 5684 601 5729 xos,
628 5669 927 5741 sedetiam,
960 5674 1232 5724 Christum
1265 5674 1586 5741 pependisse
1619 5678 1879 5729 medium.
1910 5677 2029 5729 Jani

480 5754 601 5789 cum
634 5754 683 5789 .n
710 5738 797 5791 illo
822 5740 1017 5795 Codice
1048 5758 1234 5795 tersus
1260 5738 1351 5801 29,
1399 5746 1464 5796 sit
1495 5748 1663 5798 sectio
1697 5746 1815 5809 σις’,
1862 5758 1921 5801 ut
1958 5748 2027 5799 ibi

477 5817 638 5859 «Lam
698 5818 944 5874 notatur,
991 5814 1145 5880 culpa
1196 5814 1382 5866 scriba:
1437 5817 1635 5869 excidit
1682 5832 1845 5871 sectio
1897 5823 2027 5879 σις’.

480 5894 619 5947 quae,
654 5880 795 5950 quod
827 5896 857 5933 a
886 5882 1065 5938 Marco
1094 5893 1147 5937 et
1175 5883 1315 5938 Luca
1344 5896 1547 5940 tantum
1581 5889 1832 5957 refertur,
1861 5899 2027 5959 perti-

2126 2021 2214 2087 19,
2253 2021 2339 2075 15.

2209 2116 2333 2171 Ἐάν
2374 2134 2455 2178 τις
2497 2116 2724 2185 ἀδελφὸς
2768 2115 3037 2187 ἀποθάνῃ,
3086 2116 3179 2181 20,
3211 2116 3303 2171 28.
3350 2116 3418 2171 Et
3446 2116 3519 2172 ita
3564 2116 3687 2171 cod.

2124 2222 2267 2262 unus
2296 2216 2350 2261 et
2382 2207 2539 2261 alter.
2570 2205 2781 2276 Reliqui
2812 2222 3003 2261 omnes
3032 2216 3088 2261 et
3131 2206 3287 2261 editt.
3314 2207 3481 2271 τινός·
3520 2216 3578 2262 et
3609 2206 3690 2261 sic

2126 2298 2358 2364 Marcus,
2392 2313 2551 2367 quem
2582 2300 2733 2366 sequi
2761 2305 2906 2351 amat
2939 2298 3025 2352 liic
3053 2297 3405 2368 evangelista.

2194 2390 2305 2443 Καὶ
2338 2388 2636 2458 παρεκάλει
2674 2388 2858 2442 αὐτόν.
2892 2388 2945 2455 8,
2976 2389 3064 2443 52.
3101 2386 3479 2443 Βειξωοηίειοιιε
3508 2401 3587 2443 sc.
3620 2404 3686 2443 ex

2124 2496 2269 2534 vers.
2304 2481 2546 2549 proxime
2579 2481 2941 2549 praecedente.

2205 2572 2264 2623 '0
2314 2571 2371 2623 δὲ
2425 2569 2631 2640 Ἰησοῦς
2675 2570 2831 2625 εἶπεν
2880 2572 3041 2644 αὐτῇ.
3090 2574 3143 2640 8,
3194 2572 3285 2637 48,
3336 2571 3508 2629 Codd.
3560 2573 3691 2645 aliq.

2124 2660 2291 2718 Goth.
2316 2660 2436 2733 Syr.
2480 2660 2687 2732 Ἰησοῦς
2718 2660 2955 2716 Mattliaei
2986 2672 3090 2717 est.

2201 2752 2388 2820 Ὀχλοι
2443 2749 2763 2821 ιπεζήτουν.
2830 2750 2885 2815 4,
2951 2749 3044 2804 42.
3106 2749 3333 2805 Plurimi
3392 2750 3470 2821 (at)
3528 2752 3691 2809 codd.

2127 2843 2465 2912 explicatius.

2198 2934 2273 2985 Τὸ
2320 2934 2471 2994 εθνος
2513 2932 2691 3003 ἡμῶν.
2746 2932 2837 2997 25,
2884 2931 2939 2987 Ξ.
2988 2931 3213 2987 Plurimi
3260 2932 3423 2989 codd.
3478 2933 3695 3006 adjecto

2127 3024 2307 3093 ἡμῶν,
2336 3024 2715 3095 explicationis
2742 3026 2933 3095 gratia.

2199 3114 2386 3186 Μαρία
2440 3118 2474 3186 ἠ
2541 3114 2821 3170 Ἰακώϐου.
2876 3114 2967 3181 21,
3025 3114 3116 3193 10.
3163 3114 3489 3188 Complures
3530 3117 3690 3175 codd.

2130 3206 2469 3276 explicatius.

2216 3298 2525 3363 ’Υπέδειξεν
2565 3299 2640 3370 (υ)
2677 3298 2768 3356 24.
2808 3300 2898 3354 40.
2932 3298 3235 3371 Singularis
3257 3300 3444 3357 .lectio.

2132 3460 2226 3525 net
2252 3451 2317 3505 ad
2337 3465 2599 3525 canonern
2632 3448 2701 3525 η’.
2727 3450 3167 3525 Reprehenditur
3191 3451 3599 3525 ergo,_scriham
3629 3453 3691 3509 il-

2132 3522 2243 3575 lum
2273 3538 2303 3573 a
2336 3522 2429 3573 καί
2462 3522 2530 3575 ad
2579 3523 2671 3574 καί
2713 3522 3000 3602 deiecisse.
3036 3522 3313 3579 Addamus
3340 3522 3430 3579 hic
3456 3523 3574 3580 illos
3594 3538 3696 3580 uu-

2132 3606 2313 3645 ιιιετοε
2345 3606 2467 3645 cum
2498 3603 2838 3646 ιιοττθιιιιοιιθ
2865 3609 2879 3645 2

2446 3661 2599 3716 Alex.
2882 3660 3179 3718 Correctio.

2448 3728 2563 3783 σιδ¹.
2708 3760 2776 3771 -
2988 3731 3106 3786 σιδ’.

2462 3804 2532 3851 α’.
2712 3826 2784 3837 -
3028 3809 3097 3855 a'.

2457 3875 2575 3922 ete'.
2714 3896 2783 3907 -
3003 3869 3120 3923 σις’.

2450 3935 2520 4008 η’.
2555 3942 2571 3959 '
2714 3966 2784 3978 --
3025 3938 3094 3994 α’.

2442 4006 2574 4072 σις’.
2717 4034 2785 4047 -
2999 4006 3131 4072 σις’.

2449 4076 2525 4142 ς’.
2719 4106 2789 4117 -
3004 4076 3073 4147 η’.
3096 4085 3116 4147 γ’

2452 4165 2481 4199 σ
2490 4148 2539 4210 ις
2547 4146 2575 4198 .'
2718 4173 2789 4185 —-
3001 4146 3123 4212 σις’.

2479 4219 2543 4285 β’.
2722 4244 2792 4255 -
3026 4225 3100 4281 ς’.

2462 4292 2587 4356 σιη’.
2730 4315 2801 4326 -
3013 4293 3135 4356 συγ.

2482 4355 2548 4425 βύ
2730 4385 2799 4395 -
3047 4355 3111 4425 i1"-

2448 4428 2570 4480 céﬁ'.
2729 4455 2801 4465 —
3012 4428 3133 4481 σιο’.

2726 4526 2797 4567 -έ
3043 4499 3073 4567 β

2138 4566 2343 4641 Deiecit
2372 4535 2513 4641 erg;
2534 4535 2601 4641 ab
2633 4565 2700 4619 a'.
2732 4566 2806 4641 ad
2824 4573 2892 4641 η’.
2929 4583 2990 4621 ac
3020 4535 3108 4621 sit.
3121 4570 3399 4640 deinceps.
3436 4572 3574 4641 Ergo
3604 4590 3699 4632 co-

2060 4624 2114 4682 Ῑ)
2140 4637 2241 4690 dex
2272 4624 2690 4700 Alexandrinus,
2720 4639 2811 4702 qui
2846 4624 2993 4689 hunc
3023 4653 3240 4691 versum
3264 4624 3696 4704 roriiisitjvdel‘en-

2134 4707 2214 4759 dit
2246 4707 2607 4773 integritatem
2640 4705 2803 4773 hujus
2830 4720 3041 4760 versus.
3090 4708 3226 4761 illud
3262 4721 3442 4762 autem
3498 4712 3697 4767 intellio

2134 4776 2313 4851 git_u_r_,
2351 4775 2582 4851 scribam
2612 4775 2817 4851 codieis
2850 4776 3204 4851 Alexandrini
3237 4779 3326 4832 hic
3363 4780 3487 4832 data
3528 4797 3695 4851 Opera

2133 4845 2411 4898 fefellisse.
2448 4845 2581 4896 Cum
2638 4847 2785 4897 enim
2832 4845 3001 4899 semel
3037 4847 3315 4903 omisisset
3345 4845 3695 4914 versum'28.

2136 4914 2282 4990 hunc
2310 4928 2547 4990 errorem
2582 4926 2762 4966 autem
2802 4914 2970 4968 nollet
2998 4918 3302 4990 corrigere,
3344 4920 3587 4990 corrupit
3627 4922 3697 4975 de

2134 4983 2396 5055 industria
2417 4998 2675 5045 canones,
2714 4994 2928 5037 servato
2953 4995 3131 5038 tamen
3148 4983 3456 5042 sectionum
3481 4983 3694 5055 o'rdine,

2134 5068 2202 5104 ne
2242 5053 2485 5105 defectus
2526 5064 2826 5120 appareret.
2873 5055 2983 5107 Cur
3024 5065 3205 5109 autem
3254 5058 3419 5110 nollet
3454 5053 3695 5114 eirorem

2133 5136 2291 5199 suum
2332 5122 2599 5200 corrigere
2643 5124 2722 5200 vel
2769 5126 3061 5200 pertinacia
3109 5125 3368 5191 hominis,
3396 5129 3493 5200 vel
3528 5130 3694 5200 negli-

2133 5193 2331 5258 gentia,
2391 5192 2471 5244 vel
2534 5193 2665 5244 lucri
2713 5196 2951 5248 studium
3002 5196 3059 5250 in
3119 5211 3281 5250 causa
3333 5198 3451 5251 iuit.
3520 5192 3695 5255 Crédo

2137 5271 2471 5335 postremum
2508 5263 2559 5315 in
2590 5262 2747 5331 culpa
2782 5264 2980 5328 fuisse,
3018 5281 3086 5320 ne
3117 5269 3370 5335 perderet
3397 5268 3649 5323 lucelzum
3678 5310 3693 5332 ,

2132 5344 2175 5381 SI
2204 5331 2447 5384 delectus
2470 5335 3005 5388 autaduitameutum
3040 5338 3091 5388 in
3118 5331 3303 5393 l‘ronte
3333 5350 3426 5391 aut
3462 5343 3516 5391 in
3549 5331 3694 5393 calce

2134 5400 2246 5452 folii
2284 5412 2589 5467 appareret.
2626 5403 2773 5456 Alias
2804 5406 2949 5457 enim
2984 5410 3281 5460 necessitas
3312 5410 3457 5461 nulla
3500 5410 3695 5463 fuisset

2132 5475 2525 5547 corrumpendi
2554 5482 2709 5525 notas
2755 5491 3043 5528 canonum.
3091 5478 3284 5529 Sancta
3321 5479 3521 5532 Thecla
3565 5494 3695 5547 ergo

2131 5549 2290 5592 aetate
2320 5544 2688 5609 apostolorum
2729 5548 2999 5599 scribebat
3028 5549 3246 5601 codices
3281 5553 3533 5602 mei-cede
3564 5544 3697 5601 coii-

2131 5613 2314 5685 ducta,
2342 5613 2628 5685 admodum
2655 5614 2958 5681 perﬁdiose.
2988 5617 3136 5680 Vide,
3176 5632 3294 5685 qua:
3319 5620 3453 5670 inira
3474 5619 3604 5683 dixi,
3627 5618 3695 5671 ad

2131 5681 2263 5733 Luc.
2299 5697 2451 5745 xxiii,
2490 5684 2574 5735 l7.

2206 5754 2281 5831 (ξιξ)
2317 5751 2396 5829 0b
2427 5769 2544 5804 eam
2579 5769 2794 5807 causam
2826 5757 3068 5825 probavi,
3098 5758 3238 5821 etsi,
3273 5767 3331 5811 ut
3358 5759 3658 5831 elegantius
3678 5799 3692 5824 ,

2132 5820 2199 5874 de
2215 5821 2505 5893 Craicitatc
2529 5820 2840 5893 suspectum
2858 5838 2993 5880 erat.

2204 5891 2280 5963 (ν)
2310 5892 2389 5949 Ita
2415 5908 2554 5952 unus
2571 5891 2836 5953 ineorum.
2865 5900 3007 5965 Alte,
3040 5897 3336 5970 vulgatum.
3363 5898 3694 5955 Vocabulum
