4030 6486
528 332 599 393 83
1967 331 2375 395 PREFATIO.
3717 323 3792 386 δε

596 446 681 499 Η..
714 446 837 499 Ὅτι
863 445 1031 510 οὕτω,
1068 444 1343 503 οὐδέποτε.

595 516 682 570 Ην.
714 516 865 569 Λευτ.
894 532 946 569 a.
1046 520 1049 523 ’

592 628 795 685 Scribae
851 629 1044 694 inmi,
1102 639 1160 686 ut
1187 630 1252 684 ad
1317 631 1464 686 hunc
1516 631 1694 686 locum
1736 630 1791 685 in
1855 631 2095 687 editione

522 718 657 774 Νυνὶ
694 719 1027 775 Testamenti
1057 720 1168 790 jam
1196 720 1409 785 notavi,
1445 720 1593 777 hunc
1624 722 1802 777 locum
1834 737 2095 792 corrupe-

524 819 652 864 runt
671 826 730 864 es
751 811 990 865 scholiis.
1010 808 1330 867 Scholiastis
1343 820 1523 868 autem
1537 813 1794 883 imposuit
1809 811 2093 883 Origenes.

524 900 577 953 Is
600 917 727 971 ergo
752 909 941 954 contra
960 900 1177 956 Celsum
1230 913 1365 958 tom.
1392 903 1433 968 l,
1475 920 1527 974 p.
1564 905 1668 959 376
1695 904 1755 970 D,
1781 904 1853 958 ita
1871 904 2055 958 scribit
2079 922 2092 958 :

525 989 708 1043 Ἔστω
755 990 811 1044 δὲ
858 992 953 1044 καὶ
993 995 1021 1045 ὁ
1077 993 1243 1065 λὲσης
1295 994 1532 1064 τελώνης
1587 995 1963 1065 ἀκολουθήσας
2017 996 2094 1065 τῷ

535 1082 732 1151 Ἰησοῦς
759 1082 888 1136 ἀλλ’
932 1082 1050 1137 οὔτε
1084 1102 1146 1153 γε
1179 1085 1274 1139 τοῦ
1331 1087 1567 1157 ἀριθμοῦ
1630 1086 1738 1141 τῶν
1777 1087 2093 1140 ἀποστόλων

523 1174 689 1227 αὐτοῦ
730 1171 818 1244 ἦν,
870 1179 917 1229 ει
947 1177 1022 1245 μὴ
1068 1178 1210 1233 κατὰ
1250 1196 1368 1231 τινα
1427 1180 1535 1232 τῶν
1597 1180 1950 1248 ἀντιγράφων
2000 1179 2096 1232 τοῦ

521 1268 663 1319 κατὰ
699 1268 928 1337 Μάρκον
975 1270 1333 1338 Εὑαγγελίου.
1393 1272 1493 1327 llic
1537 1273 1716 1343 primo
1772 1273 2093 1335 notandum,

520 1357 684 1429 λέϐης
756 1360 882 1429 poni
940 1374 1039 1430 pro
1101 1364 1270 1426 λενῖς.
1325 1361 1457 1416 Nam
1535 1362 1602 1418 de
1675 1363 1930 1427 λεόὅαίος
1997 1380 2093 1418 seu

517 1443 730 1508 λεϐαἶος
800 1449 973 1518 accipi
1033 1451 1241 1520 nequit.
1329 1450 1594 1508 Lebbaaus
1673 1455 1820 1508 enim
1901 1455 2093 1509 nullibi

516 1535 756 1607 τελώνης
806 1542 1133 1610 appellatur,
1202 1549 1297 1599 sed
1325 1544 1477 1598 Levi.
1513 1544 1630 1600 Jam
1666 1546 1791 1615 quia
1829 1545 2096 1617 Origenes

519 1629 751 1694 dixerat,
784 1636 925 1687 κατά
954 1651 1078 1688 τινα
1115 1636 1223 1688 τῶν
1258 1637 1611 1705 ἀντιγράφων
1646 1636 1738 1690 τοῦ
1768 1640 1911 1691 κατὰ
1937 1640 2089 1709 Μάρ-

518 1737 613 1774 κον
673 1722 1030 1791 Εὐαγγιλίου,
1085 1724 1502 1795 interpolatorcs
1561 1728 1690 1782 inde
1741 1729 2089 1797 colligebant,

516 1814 713 1869 alicubi
750 1815 803 1868 in
833 1812 1125 1886 Evangelio
1156 1815 1317 1871 Marci
1352 1833 1452 1885 pro
1488 1818 1621 1871 Levi
1648 1818 1809 1872 aliter
1866 1818 1996 1888 legi,
2026 1836 2088 1875 ac

515 1907 622 1961 nisi
649 1907 717 1961 ita
772 1908 930 1962 aliter
962 1908 1258 1979 legeretur,
1303 1908 1461 1964 aliter
1510 1909 1893 1981 corrigendum
1947 1927 2090 1966 esse.

515 1995 694 2052 Locus
723 1996 973 2068 Origenis
1003 2009 1185 2055 autem
1237 1999 1454 2056 duobus
1500 2001 1663 2056 Marci
1710 2003 1842 2058 locis
1879 2019 2095 2058 accom—

516 2089 727 2144 modari
761 2098 957 2159 potest.
991 2089 1126 2145 Nam
1152 2101 1375 2161 propter
1418 2092 1587 2163 λέϐης
1616 2094 1644 2145 ὁ
1671 2093 1911 2164 τελώνης
1966 2096 2094 2147 ἀκο-

515 2179 785 2248 λουθήσας
822 2180 1012 2235 referri
1066 2190 1250 2252 potest
1308 2184 1376 2239 ad
1406 2183 1571 2237 Marc.
1607 2200 1669 2250 ιι,
1716 2185 1803 2239 Η.
1859 2187 2094 2255 Propter

516 2268 758 2323 additum
794 2280 999 2333 autem,
1033 2270 1128 2324 τοῦ
1154 2271 1390 2343 ἀριθμοῦ
1424 2273 1533 2325 τῶν
1576 2272 1916 2338 ἀποστόλων,
1950 2275 2091 2328 trahi

515 2375 733 2430 quoque
764 2362 936 2431 possit
966 2362 1031 2416 ad
1062 2361 1227 2417 Marc.
1266 2378 1347 2427 ιιι,
1389 2361 1576 2428 16-18,
1620 2364 1709 2417 ubi
1740 2374 1824 2419 est
1877 2373 2095 2433 aposto-

514 2453 690 2505 lorum
714 2454 1001 2522 catalogus.
1036 2454 1323 2509 Probabile
1348 2455 1638 2509 videbatur
1668 2456 2085 2526 interpolatori—

516 2548 638 2604 bus.
665 2547 954 2617 Origenem
981 2548 1221 2603 locutum
1257 2563 1379 2602 esse
1436 2548 1503 2602 de
1531 2549 1701 2617 priori
1755 2548 1895 2603 loco.
1953 2550 2091 2603 Cum

515 2643 694 2687 aut-an
730 2635 819 2688 hic
850 2635 1139 2704 legeretur,
1167 2635 1260 2688 τὴν
1292 2635 1384 2689 τοῦ
1426 2636 1706 2705 Ἁλφαίου,
1741 2636 1881 2691 inl'ra
1910 2648 2093 2693 autem

516 2740 616 2792 cap
671 2740 749 2781 ιιι.
783 2725 869 2788 18,
889 2725 1030 2779 idem
1062 2725 1303 2779 additum
1335 2726 1839 2796 reperirentJacobi
1865 2731 2092 2797 nomini,

518 2831 617 2883 pro
660 2814 787 2869 Levi
818 2815 1163 2884 corrigehant
1189 2816 1473 2871 Jacobum.
1506 2816 1645 2871 Nolo
1674 2819 1763 2873 hic
1794 2819 2091 2889 inquirere,

515 2922 675 2976 quam
701 2906 857 2960 ﬁdem
884 2919 1125 2962 mercatu
1186 2908 1463 2979 Origenes.
1492 2926 1613 2963 cum
1646 2911 1951 2981 ἀντίγρςιςά
1974 2931 2095 2967 τινα

517 3005 804 3050 memorat.
836 2995 967 3050 lllud
1010 3007 1219 3053 tantum
1250 3014 1465 3065 moneo,
1502 3015 1651 3063 eum,
1672 3001 1716 3055 si
1747 3004 1981 3071 primum
2012 3004 2094 3058 lo—

2126 448 2443 518 Alaqueos,
2504 464 2575 516 v,
2630 449 2720 513 27,
2771 447 2863 516 28,
2902 456 3066 517 atque
3123 446 3224 517 ipsi
3276 444 3434 502 inviti
3486 441 3788 513 Origenem

2201 542 2286 595 vel
2343 540 2711 613 negligentiae,
2768 543 2850 595 vcl
2917 541 3125 595 fraudis
3190 539 3419 594 crimine
3487 536 3781 590 irretiunt.

2202 631 2331 687 Tale
2376 644 2459 689 est
2512 633 2881 687 mendacium.
2922 632 3107 702 lpsum
3164 647 3221 686 se
3274 630 3475 701 prodit.
3528 625 3790 697 Origenis

2200 724 2618 788 animadversio,
2673 734 2733 779 ut
2764 725 3019 787 arbitror,
3077 731 3289 777 tantum
3323 736 3388 776 eo
3448 717 3789 791 pertinebat.

2198 833 2269 872 ne
2296 818 2419 886 quis
2432 824 2650 887 putaret
2671 815 2838 871 Levin
2872 817 3162 884 quemdam
3182 814 3352 869 fuisse
3378 811 3786 883 apostolorum.

2201 906 2257 962 Id
2290 916 2473 963 autem
2526 908 2783 974 efﬁcitur,
2813 907 2856 963 si
2893 906 3054 962 Levis
3086 907 3229 977 apud
3265 907 3430 961 Mare.
3488 921 3550 969 ιι,
3605 903 3695 963 Η.
3734 912 3793 955 et

2203 1000 2333 1056 Luc.
2370 1019 2400 1054 ν
2422 1042 2436 1067 ,
2459 1002 2549 1065 ΞῚ,
2574 1017 2674 1071 pro
2712 1002 2923 1057 diversa
2954 1016 3184 1069 persona
3218 998 3507 1057 habeatur.
3542 1013 3656 1052 non
3684 1009 3794 1065 pro

2203 1094 2453 1148 Matthzco
2485 1093 2669 1148 Matth.
2706 1110 2778 1159 Ix,
2806 1094 2859 1148 9.
2949 1093 3042 1146 Ἐκ
3082 1092 3402 1160 περιουσίας
3438 1089 3605 1161 igitur
3660 1086 3793 1142 Ori-

2199 1198 2388 1252 genes,
2443 1183 2733 1237 immemor
2805 1183 2985 1247 Luem,
3039 1197 3137 1252 pro
3178 1191 3461 1251 .tempore,
3522 1186 3789 1246 tanquam

2200 1283 2577 1346 argumentum
2626 1274 2903 1329 addebat:
2982 1275 3141 1326 Κατά
3197 1290 3316 1329 τινα
3358 1272 3469 1325 τῶν
3518 1269 3790 1337 ἀντιγρά-

2200 1384 2338 1434 (ρων.

2268 1456 2407 1523 Quid
2442 1446 2910 1525 autetnellicitur,
2956 1460 3000 1514 si
3036 1458 3123 1513 hic
3165 1455 3327 1511 Marc.
3391 1471 3463 1514 ll,
3518 1442 3608 1514 Η,
3656 1466 3788 1504 cum

2200 1549 2320 1604 istis
2380 1550 2723 1620 interpolatis
2779 1551 3063 1606 codicibus
3118 1551 3238 1604 loco
3316 1546 3482 1601 Λευτν
3568 1546 3795 1615 legatur

2210 1641 2503 1704 Ἵάκωὸονς
2537 1640 2745 1695 scilicet
2781 1652 2910 1696 tunc
2954 1652 3068 1695 tres
3114 1641 3403 1710 portitores
3458 1637 3528 1706 (c)
3578 1652 3641 1691 ac
3676 1645 3795 1690 tres

2201 1731 2342 1785 ﬁlios
2378 1731 2583 1801 Alphmi
2612 1732 2958 1788 habebimus.
2992 1730 3229 1787 Necesse
3260 1748 3391 1802 ergo
3423 1731 3549 1793 erit,
3584 1737 3642 1781 ut
3690 1736 3794 1781 aut

2202 1825 2268 1879 de
2307 1824 2481 1879 tribus
2526 1827 2776 1894 personis
2827 1835 2940 1881 tres
2995 1825 3342 1895 evangelista:
3383 1822 3645 1884 dixerint,
3687 1827 3793 1873 aut

2200 1916 2438 1972 Iacobus
2468 1924 2523 1971 et
2569 1917 2725 1984 Levi,
2758 1929 2851 1973 aut
2884 1918 3010 1972 Levi
3058 1926 3114 1971 et
3162 1916 3450 1973 Matthaaus
3503 1928 3602 1983 pro
3674 1927 3790 1966 una

2205 2023 2434 2078 persona
2485 2008 2808 2062 habeantur.
2848 2007 2902 2061 In
2933 2007 3178 2061 eamdem
3225 2020 3351 2074 ergo
3400 2001 3792 2058 difficultatem

2204 2100 2557 2155 revolvimur.
2592 2101 2781 2155 Adhuc
2809 2101 2954 2155 enim
2986 2108 3196 2153 tantum
3229 2098 3626 2163 interrogatqu
3678 2101 3793 2155 est,

2203 2203 2387 2248 utrum
2422 2194 2708 2249 Matthaaus
2740 2202 2797 2248 et
2830 2192 2989 2248 Levis
3042 2191 3112 2246 sit
3154 2190 3344 2244 eadem
3401 2202 3666 2259 persona,
3717 2202 3794 2239 an

2202 2287 2371 2342 dum?
2422 2284 2578 2341 Nunc
2616 2287 2781 2341 etiam
2816 2284 3197 2356 quaerendum,
3231 2290 3416 2336 utrum
3446 2280 3687 2335 Iacobus
3733 2286 3797 2332 et

2203 2378 2333 2433 Levi
2367 2395 2473 2433 una
2512 2394 2580 2432 an
2626 2378 2751 2433 duae
2798 2378 2910 2433 sint
2936 2392 3206 2447 personae.
3240 2375 3345 2429 Sed
3401 2373 3531 2427 Levi
3560 2387 3629 2425 ex
3687 2370 3795 2425 de-

2202 2478 2352 2525 creto
2383 2470 2635 2540 Origenis
2667 2484 2777 2524 non
2806 2468 2905 2523 luit
2938 2467 3238 2537 apostolus.
3273 2467 3378 2519 Aut
3408 2478 3536 2533 ergo
3565 2477 3665 2517 nec
3695 2460 3795 2515 Ja-

2204 2564 2376 2618 cobus
2408 2563 2506 2617 fuit
2535 2562 2839 2632 apostolus,
2873 2572 2964 2615 aut
2998 2570 3105 2615 tres
3133 2560 3385 2614 feruntur
3409 2556 3701 2626 portitores
3733 2553 3795 2608 in

2205 2656 2532 2723 Evangeliis,
2552 2670 2743 2710 onmes
2762 2654 2854 2708 lilii
2882 2653 3110 2723 Alphaei.
3135 2650 3241 2706 Sed
3264 2649 3549 2718 Origenes,
3572 2656 3631 2700 ut
3658 2662 3761 2701 ceu
3779 2674 3796 2685 -

2205 2757 2316 2801 tum
2346 2747 2478 2801 locis
2504 2745 2645 2807 aliis,
2681 2747 2751 2799 ita
2779 2746 2867 2799 hic
2885 2758 3101 2813 quoque
3131 2740 3419 2795 inl‘atuavit
3441 2738 3795 2805 scholiastas,

2203 2853 2434 2907 quorum
2465 2837 2630 2890 etiam
2657 2836 2723 2890 ad
2758 2841 2903 2890 hunc
2931 2835 3107 2888 locum
3146 2833 3343 2895 verba,
3368 2830 3513 2899 quod
3541 2830 3798 2883 diverso-

2204 2946 2323 2983 runn
2383 2936 2666 2982 auctorum
2707 2925 3189 2996 interpretationes
3235 2924 3659 2991 conjunxcruut.
3712 2918 3791 2971 ita

2204 3019 2437 3072 obseura
2465 3026 2628 3085 atque
2658 3015 2800 3070 inter
2839 3030 2899 3069 se
2942 3012 3299 3083 repugnantia
3332 3019 3479 3074 sunt,
3527 3018 3584 3062 ut
3623 3023 3796 3061 nemo

515 3104 637 3141 cum
674 3090 932 3157 respexit,
987 3106 1176 3159 parum
1234 3098 1502 3146 attentum
1558 3092 1745 3148 fuisse.
1786 3093 1897 3149 Nec
1946 3097 2090 3150 cutim

2210 3107 2548 3163 commodum
2586 3121 2779 3161 eruere
2807 3105 2974 3175 possit
3001 3120 3243 3159 sensum.
3285 3102 3499 3157 Scholia
3531 3100 3796 3169 leguntur

517 3180 732 3236 Marcus
777 3192 983 3236 tantum
1014 3191 1217 3247 narrat,
1282 3183 1449 3238 Leviu
1502 3186 1799 3242 accessisse
1853 3188 2094 3247 Christo.

518 3274 613 3327 sed
667 3274 841 3329 Lucas
893 3274 1001 3328 etia
1029 3296 1055 3321 τι
1112 3291 1165 3341 ν,
1196 3275 1267 3330 27
1314 3291 1467 3345 seqq.
1505 3277 1617 3331 fere
1653 3278 1846 3332 iisdem
1897 3282 2096 3345 verbis,

516 3366 716 3433 quibus
735 3365 964 3421 Marcus.
998 3367 1072 3421 Ad
1103 3370 1475 3423 excusandum
1500 3368 1787 3439 Origenem
1810 3388 1937 3441 ergo
1966 3372 2100 3428 nihil

518 3458 704 3511 achrri
741 3467 943 3528 potest.
973 3462 1099 3522 nisi,
1142 3462 1285 3530 quod
1324 3460 1559 3514 fortasse
1608 3461 2101 3530 desperatissimos

523 3551 785 3604 defensor
824 3552 943 3620 ejus
988 3552 1209 3616 dixerit,
1242 3554 1472 3612 sciliret,
1527 3552 1730 3609 Lucam
1772 3573 1990 3626 quoque
2048 3559 2101 3611 in

524 3642 678 3698 libris
710 3644 962 3697 omnibus
1000 3659 1120 3713 cap.
1176 3662 1230 3708 v,
1272 3664 1322 3697 v.
1356 3646 1447 3708 27,
1482 3646 1573 3711 98,
1624 3649 1709 3702 bis
1757 3661 2100 3719 corruptum,

520 3744 688 3801 atque
715 3735 786 3788 ibi
827 3736 990 3789 etiam
1019 3735 1103 3789 bis
1164 3736 1420 3789 Ἰάκωϐον
1461 3736 1920 3806 interponendum
1956 3755 2098 3795 esse.

520 3827 678 3882 Prior
703 3843 828 3898 ergo
861 3826 1023 3881 Marci
1058 3828 1210 3883 l'ocus
1242 3839 1463 3899 propter
1506 3831 1888 3886 auctoritatem
1940 3831 2101 3888 Luca:

522 3920 717 3991 corrigi
750 3923 961 3991 nequit.
999 3922 1295 3978 Videamus
1332 3924 1395 3977 de
1423 3926 1714 3993 pesteriori
1752 3925 1915 3979 Marci
1952 3928 2094 3982 loco.

522 4011 622 4065 llic
653 4028 780 4067 vero
809 4013 1062 4068 facillime
1092 4016 1363 4083 :‘orruu:pi
1391 4024 1620 4084 poterat,
1658 4018 1699 4071 si
1758 4017 1962 4071 scilicet
2019 4034 2101 4082 In,

528 4108 610 4169 l3,
646 4123 743 4175 pro
791 4108 1069 4160 Mzﬁaiov
1129 4117 1222 4161 aut
1278 4108 1533 4160 Ἰάκωϐον
1588 4109 1700 4179 [τὸν
1745 4108 1839 4162 τοῦ
1886 4107 2106 4177 Ἀλφαῖ-

521 4197 607 4269 ου]
666 4200 997 4252 scriberetur
1032 4200 1213 4252 Λευῖν.
1258 4199 1366 4253 lloc
1396 4216 1505 4253 uno
1532 4202 1694 4254 modo
1728 4212 1981 4257 constare
2007 4218 2104 4272 po-

522 4298 665 4345 terat
692 4290 941 4360 Origenis
978 4292 1399 4345 animadversio.
1454 4291 1550 4347 llic
1591 4303 1799 4355 autem,
1848 4295 1975 4348 dum
2014 4298 2101 4349 in-

523 4381 883 4450 terpolatores
962 4392 1213 4435 metuunt
1269 4384 1647 4437 auctoritatem
1731 4384 1967 4440 Matthcci
2034 4404 2090 4448 χ.

2202 3202 2255 3254 in
2286 3215 2403 3253 mea
2446 3197 2580 3253 Novi
2612 3198 2946 3253 Testamenti
2992 3196 3252 3251 editione.

2274 3356 2340 3413 V.
2375 3359 2457 3431 ιβ.
2498 3360 2660 3431 l'llv'g.
2696 3375 2746 3414 a.

2276 3430 2362 3483 l7.
2405 3429 2497 3490 Et;
2532 3429 2825 3496 μετάνοιαν
2857 3429 3073 3481 absunt.

2279 3500 2365 3551 l7.
2402 3500 2508 3552 Καὶ
2534 3495 2795 3567 ἔρχονται
2819 3498 2883 3550 ad
2917 3495 3273 3567 νηστεύουσιν
3304 3495 3523 3546 absunt.
3556 3506 3607 3545 ει.

2281 3570 2362 3623 19.
2400 3565 2581 3620 ’Ὅσον
2602 3565 2792 3637 χρόνον
2817 3568 2883 3621 ad
2912 3566 3197 3637 νηστεύειν
3221 3565 3440 3617 absunt.
3479 3577 3530 3614 a.

2274 3639 2363 3692 ⁸ὶὸ.
2416 3640 2502 3690 Ἐν
2531 3641 2641 3698 τοῖς
2675 3636 2939 3695 Σάϐϐασι]
2969 3639 3024 3688 ἐν
3058 3636 3230 3688 abest.
3268 3649 3319 3688 τι.

2272 3708 2363 3761 ‘26.
2395 3708 2501 3761 Τοῦ
2532 3706 2855 3775 ἀρχιερέως]
2885 3708 2979 3758 τοῦ
3008 3706 3286 3758 omittunt.

2275 3780 2365 3832 27.
2400 3778 2510 3831 Καὶ
2543 3775 2753 3847 ἔλεγεν]
2785 3778 2879 3829 καὶ
2901 3777 3070 3847 λέγει,
3186 3816 3196 3825 .

2276 3850 2409 3918 Cap.
2441 3848 2532 3901 111.
2569 3839 2710 3902 v.'7.
2742 3839 2823 3900 'Ab
2846 3848 2939 3898 καὶ
2971 3839 3078 3898 ἀπὸ
3112 3839 3504 3913 Ἰεροσολύμων
3521 3843 3587 3896 ad
3627 3841 3793 3897 Ἰδου..

2214 3920 2377 3989 μαίας
2414 3918 2634 3989 absunt.
2660 3933 2708 3970 a.

2287 3989 2372 4043 l2.
2414 3988 2653 4055 Φανερδν
2682 3986 2843 4055 αὑτὸν
2881 3987 3173 4053 ποιήσωσι.

2285 4060 2371 4114 17.
2410 4056 2516 4109 Τοῦ
2557 4054 2837 4126 Ἰακώϐου]
2869 4057 3136 4126 αὐτοῦεει.

2280 4131 2370 4184 27.
2409 4129 2479 4197 Οὔ
2511 4126 2736 4179 δύναται
2771 4125 2971 4197 οὐδεὶς]
2997 4125 3171 4188 οὐδεὶς
3202 4126 3450 4179 δύναται.

2283 4196 2478 4280 nti-.033“
2493 4198 2788 4280 διαρξτάσῃ.

2283 4270 2373 4322 28.
2415 4265 2695 4328 Ὂσαςᾶν.
2742 4265 2845 4320 Sed
2874 4266 3025 4328 ὅσαις
3046 4275 3132 4320 est
3168 4281 3322 4321 error
3352 4265 3612 4321 editionis
3648 4265 3795 4321 Gre‘

2242 4357 2363 4397 Ol‘ll.

2206 4362 2371 4465 802;.
2408 4406 2518 4461 Καὶ
2543 4409 2591 4459 οἱ
2618 4404 2838 4469 ἀδελφοί
2871 4423 2963 4457 σου
3001 4409 3093 4457 καὶ
3134 4408 3188 4457 αἱ
3219 4407 3444 4474 ἁδελφαξ
3472 4424 3590 4461 σου.

522 4474 591 4538 3;
617 4470 730 4528 Luc
758 4513 770 4527 .
806 4462 881 4537 vi,
918 4473 1018 4540 15;
1050 4481 1104 4527 et
1130 4474 1253 4531 Act.
1282 4473 1325 4539 l,
1355 4475 1421 4529 1⁸5
1444 4512 1458 4537 ,
1518 4474 1766 4530 incidunt
1832 4477 1887 4531 in
1946 4479 2098 4534 Luca:

2282 4462 2516 4549 iiapJV.
2554 4475 2612 4531 V.
2636 4477 2691 4531 2.
2720 4462 2828 4528 Καὶ
2856 4476 3134 4528 ἐδίδασκεν
3165 4476 3232 4531 ad
3270 4462 3441 4529 ποὶῘλά
3475 4477 3697 4532 absunt.
3728 4493 3789 4533 a.

596 4674 666 4744 (c)
700 4674 863 4742 Atqui
896 4674 1203 4730 scholiastaa
1237 4676 1302 4731 ad
1330 4676 1478 4730 hunc
1506 4674 1683 4730 locum
1712 4690 1779 4729 ne
1819 4674 1956 4729 duos
1990 4676 2106 4744 qui-

526 4745 651 4801 dem
686 4746 841 4799 nobis
878 4746 1185 4813 largiuntur
1217 4748 1533 4815 portitores.
1585 4746 1903 4815 Proppnnnt
1953 4746 2101 4799 enim

524 4817 885 4886 quaestionem
922 4811 1097 4870 hanc:
1141 4811 1287 4883 Ἑρεί
1316 4833 1420 4880 τις,
1454 4817 1537 4886 ὅτι
1577 4811 1858 4886 δύοξῆσαν
1881 4817 1942 4866 ἐκ
1997 4816 2104 4868 τῶν

525 4884 735 4939 δώδεκα.
769 4885 1018 4945 τελῶναι,
1053 4888 1332 4949 Matinio:
1369 4888 1461 4938 καὶ
1505 4884 1759 4948 Ἰάκωϐος
1789 4887 1817 4937 ὁ
1846 4886 1939 4937 τοῦ
1982 4886 2103 4938 Ἀλο

527 4956 712 5023 φαξου,
743 4957 876 5023 ὅπερ
911 4957 1010 5008 oux.
1039 4956 1208 5009 ἔστιν·
1245 4951 1325 5019 εἷς
1350 4957 1458 5025 γὰρ
1500 4957 1595 5008 καὶ
1624 4958 1652 5007 ὁ
1698 4955 1862 5025 αὐτός
1931 4956 2101 5008 ἐστιν.

531 5025 639 5080 Sed
670 5026 771 5079 hoc
809 5042 1030 5093 prorsus
1058 5028 1300 5085 stultum.
1321 5023 1437 5079 nisi»
1470 5042 1568 5095 pro
1620 5023 1867 5095 ΪΙάκωῦος
1896 5026 2105 5095 scriba-

532 5107 624 5150 tur
671 5095 855 5157 Λευῖς,
884 5095 938 5148 Si
969 5098 1115 5151 enim
1174 5094 1560 5150 Matthasus’et
1610 5094 1845 5148 JaCobus
1896 5094 2105 5164 Alphaci

528 5177 614 5222 est
648 5182 755 5219 una
790 5180 1040 5233 persona,
1070 5166 1226 5220 Levis
1259 5177 1437 5220 autem
1464 5166 1644 5219 nullus
1671 5166 1763 5218 fuit
1803 5167 2105 5232 apostolus,

534 5235 786 5288 undet-im
820 5245 1028 5288 tantum
1062 5245 1421 5290 munerantnr
1444 5236 1692 5304 apostoli.
1720 5234 1874 5289 llunc
1906 5236 2109 5288 scholi-

527 5315 661 5359 ast-a:
691 5307 864 5358 lootnn
890 5306 960 5358 ita
980 5308 1140 5359 etiam
1165 5308 1333 5359 edidit
1353 5305 1687 5361 Wctstenius
1722 5304 1863 5360 adh.
1892 5304 1925 5355 Ι.
1948 5305 2109 5358 sicuti

536 5392 634 5428 nos
657 5392 720 5428 ex
740 5386 971 5442 quatuor
1000 5376 1275 5431 codicibus
1320 5375 1524 5443 lilosqq.
1570 5374 1797 5429 Pholius
1819 5376 1956 5440 apud
1980 5374 2109 5428 Pos—

534 5452 713 5499 sinum
740 5446 806 5497 :nl
832 5447 861 5497 h
917 5447 975 5511 l.,
1004 5446 1277 5500 liberalior
1298 5456 1397 5499 est.
1446 5447 1589 5499 Duos
1616 5445 1760 5500 enim
1822 5444 2112 5510 portitores

538 5520 677 5568 inter
720 5517 1003 5569 duodecim
1046 5526 1310 5569 numerat.
1352 5517 1658 5569 Matthmum
1718 5524 1767 5567 ct
1825 5512 2108 5568 Jacobum.

548 5586 703 5639 Unde
728 5598 905 5639 autent
926 5588 972 5637 ei
1002 5588 1100 5639 hoc
1121 5587 1387 5638 innotuit?
1410 5589 1510 5637 Sed
1546 5596 1713 5637 totum
1735 5583 2025 5644 scholinm,
2056 5595 2112 5637 ut

535 5658 736 5707 editum
759 5666 838 5708 est
868 5672 895 5707 a
921 5657 1208 5723 PtISsiltOp.
1249 5656 1335 5711 50.
1374 5656 1668 5709 absurdum
1704 5664 1805 5707 cst.
1836 5652 1903 5706 Ut
1930 5665 2110 5707 autem

538 5726 625 5788 hic
650 5728 871 5780 untaino
894 5729 957 5780 dc
978 5726 1169 5781 Photio
1198 5741 1465 5778 moneam.
1494 5726 1583 5779 Ille
1612 5726 1825 5778 uuidcsn
1868 5723 2111 5780 l‘hzdius.

2209 4681 2299 4753 qui
2333 4679 2723 4753 Bibliothecam
2746 4678 2989 4753 scripsit,
3030 4679 3149 4753 fuit,
3200 4680 3301 4753 etsi
3338 4682 3537 4753 multos
3597 4682 3792 4740 habuit

2210 4748 2621 4813 obtrectatores,
2654 4748 2737 4801 vir
2775 4750 3161 4817 copiosissima:
3191 4751 3470 4814 doctrinae.
3508 4753 3610 4804 Sed
3646 4754 3791 4808 alter

2176 4862 2177 4867 η
2211 4822 2458 4876 Photius.
2484 4818 2639 4890 cujus
2670 4820 2721 4871 in
2744 4819 2968 4873 Catenis
3008 4820 3320 4889 longissima
3372 4821 3691 4890 plerumque
3731 4834 3790 4878 ct

2213 4890 2550 4960 ineptissima
2570 4889 2822 4957 leguntur
2843 4891 3073 4953 scholia,
3096 4890 3179 4943 vel
3200 4891 3422 4943 omnino
3449 4891 3631 4943 nullus
3662 4893 3786 4958 luit,

2212 4978 2276 5016 ac
2307 4959 2567 5013 mentitus
2606 4968 2689 5012 est
2731 4974 2931 5012 nomen
2963 4960 3165 5023 Photii,
3205 4962 3287 5013 vel
3339 4961 3434 5013 fuit
3484 4964 3790 5018 monachus

2215 5029 2464 5100 ignobilis
2481 5028 2945 5100 etineptissimus.
2980 5029 3193 5095 Quibus
3212 5044 3318 5100 non
3339 5030 3403 5083 ad
3422 5047 3616 5084 manus
3636 5043 3784 5093 sunt,

2214 5098 2373 5154 sicuti
2422 5099 2578 5163 mihi,
2611 5099 2808 5151 inedita
2855 5102 3022 5153 multa
3061 5100 3217 5156 istius
3254 5098 3431 5153 Photii
3484 5102 3713 5164 scholia,
3750 5103 3786 5157 ii

2216 5172 2413 5241 adeant
2438 5167 3101 5241 Pseudo-(Alicumcnium,
3131 5170 3313 5237 ibique
3348 5179 3446 5241 tot,
3476 5182 3612 5241 quot
3654 5174 3789 5241 ipsis

2217 5238 2502 5362 placuerit,
2564 5239 2787 5293 nomine
2853 5238 3029 5313 Photii
3093 5249 3281 5293 notata
3338 5240 3540 5293 scholia
3584 5238 3784 5311 .‘rgant.

2264 5309 2486 5362 relecto.
2549 5316 2605 5360 ut
2663 5310 2953 5362 Drzevideo.
2992 5326 3126 5362 mere
3157 5310 3419 5362 accedent
3474 5312 3784 5362 sententiae.

2264 5309 2486 5369 relecto,
2549 5316 2605 5360 ut
2663 5309 3126 5375 prazvideojmere
3157 5310 3419 5363 accedent
3474 5309 3785 5368 sententiae.

2218 5378 2409 5431 Omnia
2446 5379 2591 5430 enim
2624 5393 2685 5447 ex
2719 5379 2836 5433 aliis
2877 5380 3075 5442 hausit,
3105 5389 3159 5433 et
3204 5394 3421 5447 aquam,
3457 5389 3511 5433 ct
3544 5390 3783 5444 acetum,

2218 5459 2273 5501 et
2308 5448 2514 5508 vinum,
2540 5462 2602 5499 ac
2634 5446 2855 5501 (lumine
2905 5450 3130 5502 turbidae
3160 5446 3485 5518 elomtcntiae
3520 5467 3629 5504 sua:
3667 5468 3788 5504 ont-

2220 5520 2307 5572 nia
2363 5519 2586 5569 sentina:
2640 5519 2869 5589 reddidit
2908 5520 3203 5572 simillima.
3249 5520 3323 5571 lle
3359 5518 3581 5581 Jacobo,
3618 5536 3783 5589 quem

2222 5589 2538 5655 portitorem
2584 5588 2710 5641 l'acit
2756 5588 3195 5656 Chrysostomus,
3237 5589 3360 5643 vide
3420 5590 3557 5642 inl'ra
3594 5588 3781 5644 notam

2222 5661 2273 5719 5.
2312 5672 2435 5729 pag.
2467 5656 2591 5729 578,
2620 5659 2684 5711 ad
2727 5657 2912 5712 Matth.
2948 5658 3108 5713 Forte
3162 5659 3583 5729 Chrysostomus
3619 5662 3787 5728 etiam

2222 5726 2469 5789 ()ritrcnis
2510 5727 2974 5783 anixnadvcrsionr
3003 5726 3403 5788 deceptus'est.
