4030 6500
188 457 285 521 109

1294 443 1683 509 CUMMENT.
1733 443 1808 503 IN
1854 436 2337 501 .II.\TTII.“EU.\I.

3383 428 3484 495 110

186 576 270 638 ιγ’.
313 567 455 635 Περὶ
488 566 592 621 τοῦ
619 562 1059 635 παραλυτικοῦ.
1092 562 1208 631 (IX,
1247 559 1327 631 ἑ.)
1367 563 1482 629 Μρ.
1506 556 1571 613 ε’.
1620 563 1762 612 Λευ.
1798 564 1846 619 Α
1873 553 1969 609 ἰδ’.
2010 552 2150 623 Περὶ
2178 550 2288 620 τῆς
2316 548 2835 621 μεταμορφώσεως
2858 549 2962 604 τοῦ
2986 549 3265 619 Χριστοῦ.
3295 549 3488 623 (XVII.

355 664 447 729 ιδ’.
487 659 590 714 Ἰω.
628 654 691 718 ζ’.

186 754 263 807 ιδ’.
300 753 774 821 ΠεριΜατθαίου
814 754 921 806 τοῦ
965 751 1252 806 τελώνου.
1286 749 1403 821 (IX,
1434 749 1512 817 9.)
1557 750 1669 815 Mp.
1699 743 1774 809 ς’.

357 848 504 900 Λου.
547 843 641 899 ιδ’.

185 936 263 991 ιε’.
311 939 451 1006 Περὶ
484 936 593 1004 τῆς
629 937 925 1007 θυγατρὸς
959 936 1065 991 τοῦ
1104 930 1627 1004 ἀρχισυναγώγου.
1661 928 1777 1001 (IX,

356 1032 477 1103 23.)
518 1034 633 1100 Μρ.
668 1031 767 1096 ιβ’.
796 1036 941 1085 Λου.
972 1026 1078 1082 κε’.

186 1131 281 1189 ις’.
308 1122 446 1191 Περὶ
474 1121 586 1190 τῆς
611 1122 1079 1192 αιμορροούσης.
1099 1115 1353 1187 (ΙΧ,20.)
1374 1119 1463 1185 Μρ
1511 1118 1599 1185 ιγ’.
1630 1116 1777 1168 Λου.

358 1210 477 1277 κζ’.

186 1302 271 1367 ιζ’.
312 1304 456 1371 Περὶ
492 1301 613 1357 τῶν
640 1301 751 1357 δύο
784 1299 1055 1371 τυφλῶν.
1085 1299 1201 1366 (IX,
1231 1299 1348 1368 27.)

185 1399 275 1464 ιη’.
314 1394 460 1462 Περὶ
496 1393 602 1448 τοῦ
625 1388 1114 1463 δαιμονιζομένου
1145 1388 1368 1459 κωφοῦ.
1408 1384 1522 1459 (IX,
1557 1384 1673 1454 52.)

187 1488 271 1541 ιθ.
316 1486 460 1555 Περὶ
508 1485 621 1553 τῆς
661 1485 784 1540 τῶν
833 1485 1196 1540 ἀποστόλων
1247 1481 1530 1552 ἐκλογῆς.
1574 1479 1665 1551 (X,
1707 1480 1780 1550 I.)

366 1583 481 1647 Μρ.
508 1586 561 1647 η’
583 1580 680 1634 καὶ
706 1579 797 1636 ιδ’.
817 1585 964 1635 Λου.
988 1577 1068 1643 ις’
1098 1577 1197 1631 καὶ
1239 1574 1351 1637 κζ’.

208 1680 277 1728 κ’.
322 1674 462 1743 Περὶ
532 1673 651 1728 τῶν
711 1674 1187 1729 ἀποσταλέντων
1253 1671 1413 1740 παρὰ
1474 1669 1779 1726 Ἰωάννου.

366 1766 485 1836 (XI,
526 1765 607 1836 2)
639 1770 783 1821 Λου.
815 1765 890 1820 κ’.

188 1858 291 1915 κα’.
326 1862 421 1926 Hs,
452 1860 469 1913 I
502 1859 608 1914 τοῦ
631 1859 826 1930 ξηρὰν
851 1859 1105 1928 ἔχοντος
1127 1858 1244 1927 τὴν
1270 1857 1462 1930 χεῖρα.
1493 1856 1634 1930 (XII,
1672 1857 1783 1927 l0.)

365 1956 479 2021 Mp.
513 1947 574 2012 ζ’.
608 1956 755 2007 Λου.
794 1956 880 2005 ιε’.

191 2045 293 2116 ιβ’.
342 2046 481 2113 Περὶ
513 2043 623 2098 τοῦ
651 2041 1143 2114 δαιμονιζομένου
1165 2041 1399 2112 τυφλοῦ
1426 2041 1525 2096 καὶ
1556 2040 1782 2114 κωφοῦ.

370 2139 515 2208 (xu,
558 2139 675 2209 εξ.)
708 2144 855 2193 Λου.
874 2136 984 2191 λον.

193 2229 295 2299 κγ’·
340 2232 481 2299 Περὶ
510 2228 632 2285 τῶν
655 2231 986 2285 αἰτούντων
1019 2228 1295 2299 σημεῖον.
1332 2226 1472 2302 (XII,
1497 2228 1613 2300 '58.)
1639 2235 1785 2284 on.

363 2323 485 2395 μα’.

192 2417 290 2473 κδ’.
327 2418 472 2488 Περὶ
502 2418 621 2472 τῶν
651 2416 1015 2488 παραϐολῶν
1048 2417 1215 2489 (XIII,
1248 2416 1329 2486 2.)
1376 2420 1487 2485 Μρ.
1538 2414 1606 2471 θ’.
1640 2423 1786 2472 Λου.

370 2510 467 2575 κβ¹
496 2513 594 2564 καὶ
627 2510 749 2580 μθ’.

196 2604 289 2658 κε’.
329 2606 470 2673 Περὶ
517 2606 805 2659 Ἰωάννου
836 2606 930 2658 καὶ
962 2604 1240 2674 Ἡρώδου.
1274 2603 1439 2676 (XIV,
1475 2604 1549 2675 1.)
1572 2610 1678 2674 My.
1703 2612 1787 2660 ta’.

195 2705 308 2764 κς·’.
340 2697 485 2765 Περὶ
516 2696 636 2751 τῶν
682 2696 865 2751 πέντε
904 2696 1119 2766 άρτων.
1154 2697 1315 2770 (XIV,
1362 2697 1475 2768 15.)
1521 2702 1633 2767 Μρ.
1687 2697 1788 2763 ις’.

373 2793 518 2843 Λου.
548 2784 661 2856 κη’.
705 2789 817 2843 Ἰω.
850 2795 927 2854 η’.

196 2879 296 2945 κζ’.
338 2882 480 2949 Περὶ
514 2881 622 2935 τοῦ
660 2883 732 2936 ἐν
758 2881 1046 2953 θαλάσσῃ
1077 2882 1433 2951 περιπάτου.
1477 2881 1641 2957 (XIV,
1672 2882 1787 2953 22.)

375 2976 488 3041 Μρ.
519 2973 603 3034 ιζ’.
643 2975 745 3029 Ἱω.
773 2973 841 3032 θ’.

198 3064 301 3137 κη’.
340 3068 480 3135 Περὶ
508 3067 619 3135 τῆς
646 3067 1043 3133 παραϐάσεως
1069 3068 1170 3137 τῆς
1202 3069 1457 3137 ἐντολῆς
1479 3069 1586 3124 τοῦ
1616 3070 1789 3125 Θεοῦ.

226 3147 234 3155 ’
380 3157 521 3227 (XV,
555 3160 631 3229 1.)
667 3164 781 3228 Μρ.
818 3159 914 3227 ιη’.

199 3256 300 3309 κδ’.
337 3254 481 3322 Περὶ
512 3252 621 3323 τῆς
646 3253 1012 3319 Χαναναίας.
1039 3251 1180 3324 (XV,
1214 3252 1333 3324 21.)
1361 3256 1475 3325 Μρ.
1515 3255 1609 3310 ιθ’.

234 3348 299 3400 λ’.
334 3348 476 3416 Περὶ
502 3345 622 3400 τῶν
651 3345 1139 3415 θεραπευθέντων
1170 3346 1394 3417 ὄχλων.
1430 3346 1572 3418 (XV,
1602 3349 1718 3420 50.)

199 3436 300 3492 λα.
335 3439 476 3506 Περὶ
508 3436 626 3492 τῶν
658 3438 807 3491 ἑπτὰ
833 3437 1046 3506 ἄρτων.
1082 3436 1222 3508 (XV,
1250 3439 1364 3499 52.)
1389 3442 1502 3505 Μρ.
1537 3438 1647 3493 κα’.

200 3528 298 3600 λβ’.
334 3530 473 3597 Περὶ
510 3529 620 3597 τῆς
659 3528 843 3599 ζύμης
881 3529 1002 3583 τῶν
1029 3532 1374 3599 Φαρισαίων
1403 3535 1501 3585 καὶ
1524 3530 1793 3587 Σαδδου-

376 3624 583 3675 καίων.
617 3619 778 3695 (XVI,
817 3622 849 3676 5
877 3629 895 3692 )
937 3627 1048 3692 Mp.
1076 3620 1191 3688 νβ’.
1223 3628 1367 3678 Λευ.
1388 3621 1506 3694 μδ’.

199 3709 302 3780 λγ’.
339 3713 481 3781 Περὶ
512 3711 621 3779 τῆς
666 3713 734 3765 ὲν
766 3714 1089 3783 Καισαρείᾳ
1135 3714 1585 3783 ἐπερωτήσεως.
1623 3714 1788 3778 (XVI,

383 3806 495 3876 15.)
525 3808 634 3874 Μρ.
670 3803 780 3861 κδ’.
812 3816 957 3863 Λου.
995 3805 1102 3863 κδ’.

204 3968 294 4025 15.
337 3967 415 4023 De
432 3967 753 4039 paralytico.

203 4061 292 4115 14.
331 4062 407 4115 De
432 4060 680 4117 Matt/two
704 4063 1005 4132 publicano.

204 4152 295 4207 15.
340 4153 417 4206 De
442 4153 557 4222 ﬁlia
606 4155 1038 4228 arcliisynagogi.

203 4246 292 4298 16.
328 4244 410 4298 De
440 4245 661 4300 muliere
683 4250 959 4318 sanguinis
986 4250 1248 4319 proﬂuuio
1268 4248 1567 4304 laborante.

202 4337 292 4392 17.
339 4336 414 4390 De
437 4340 640 4393 duobus
668 4340 839 4394 catcis.

207 4433 293 4487 18.
334 4430 411 4486 De
435 4434 766 4486 daemoniaco
798 4444 964 4489 muto.

202 4524 291 4581 19.
332 4523 410 4578 De
424 4528 780 4594 apostolorum
802 4526 1069 4583 electione.

200 4618 291 4671 20.
330 4618 406 4672 De
436 4619 755 4690 discipulisa
783 4620 991 4676 Joanne
1021 4623 1214 4677 missis.

202 4714 294 4768 21.
338 4714 413 4767 De
436 4731 494 4767 eo
533 4716 624 4786 qui
648 4732 863 4770 manum
894 4718 1118 4771 habebat
1149 4719 1384 4773 aridam.

201 4803 293 4861 22.
340 4808 417 4861 De
436 4808 763 4862 danwniaeo
784 4826 920 4864 cwco
950 4818 997 4864 et
1026 4822 1193 4865 muto.

202 4902 294 4956 '23.
336 4903 413 4957 De
440 4904 824 4974 requirentibus
843 4908 1055 4975 signum

202 4996 295 5051 24.
341 4996 415 5051 De
434 4997 702 5067 parabolis

204 5090 295 5145 25.
336 5089 417 5145 De
455 5090 962 5158 lierodetetrarclta,
993 5094 1083 5165 qui
1101 5092 1363 5149 Joannem
1394 5097 1678 5151 interemit.

203 5184 295 5237 26.
329 5184 404 5237 De
436 5185 665 5255 quinque
695 5186 945 5257 panibus.

202 5280 292 5335 27.
340 5279 416 5334 De
440 5280 798 5335 ambulatione
828 5281 1023 5336 Christi
1046 5297 1203 5351 super
1233 5299 1400 5337 mare.

204 5374 291 5427 28.
331 5373 408 5427 De
432 5375 845 5444 transgressione
875 5375 1123 5445 praerepti
1157 5375 1271 5431 Dei.

205 5465 291 5521 29.
329 5466 403 5521 De
432 5466 701 5521 Phoenissa
731 5485 820 5523 seu
844 5468 1174 5523 Cltauauwa.

205 5560 293 5613 50.
334 5560 410 5615 De
447 5561 611 5614 turbis
645 5563 877 5616 sanatis.

207 5656 293 5709 31.
332 5655 408 5707 De
440 5666 637 5723 septem
667 5656 909 5721 panibus.

206 5752 291 5804 5'2.
334 5751 409 5804 De
447 5753 703 5820 fermento
736 5750 1127 5806 Pharisaeorum
1161 5762 1207 5805 et
1224 5751 1660 5807 Sadduca'urmn.

206 5846 291 5898 53.
330 5844 402 5898 De
440 5846 851 5914 interrogatione
882 5848 1024 5915 apud
1049 5845 1379 5901 C‘a'saream.

206 5936 289 5990 34.
329 5937 404 5988 lle
438 5935 912 6003 ιιἰιιιεῙοιίιιιιΙὶιιιιρ
943 5937 1162 5992 Christi.

2062 651 2140 717 1.)
2173 651 2285 717 Μρ.
2331 652 2436 701 κε’.
2472 650 2619 701 Λου.
2648 648 2725 699 λ’.

1883 737 1977 793 λε’.
2018 737 2163 807 Περὶ
2217 736 2326 793 τοῦ
2375 734 2920 806 σεληνιαζομένου.
2967 735 3154 806 (XVII,
3209 738 3322 809 14.)
3370 741 3489 808 Μρ.

2067 828 2189 895 σις’.
2221 833 2368 885 Λου.
2396 831 2514 884 λα’.

1881 922 1996 988 λς’.
2039 922 2179 991 Περὶ
2235 918 2361 975 τῶν
2414 922 2748 976 αἰτούντων
2800 922 2873 977 τὰ
2924 921 3246 995 δίδραχμα.
3298 926 3488 997 (XVII,

2061 1014 2179 1085 ει.)

1884 1105 1983 1171 λζ’.
2026 1106 2169 1176 Περὶ
2199 1106 2319 1161 τῶν
2365 1110 2695 1178 λεγόντων,
2739 1108 2842 1178 Τίς
2880 1111 3118 1183 μείζων.
3160 1114 3367 1187 (XVIII,
3406 1117 3487 1189 1.)

2066 1205 2180 1270 Μρ.
2206 1200 2316 1262 κζ’.
2354 1206 2501 1258 Λου.
2533 1204 2657 1270 λβ.

1884 1292 1988 1365 λη’.
2034 1296 2176 1364 Περὶ
2209 1293 2331 1350 τῶν
2360 1296 2584 1352 ἑκατὸν
2605 1299 2945 1369 προϐάτων.
2982 1301 3199 1373 (XVIII,
3238 1306 3353 1374 12.)

1886 1386 1985 1440 λθ’.
2024 1387 2165 1457 Περὶ
2222 1388 2331 1442 τοῦ
2388 1389 2744 1459 ὀφείλοντος
2815 1390 2889 1446 τὰ
2942 1395 3130 1465 μύρια
3194 1397 3488 1457 τάλαντα.

2068 1480 2285 1551 (xvm,
2316 1482 2435 1554 εδ.)

1918 1579 1990 1643 μ’.
2031 1574 2171 1643 Περὶ
2206 1572 2328 1629 τῶν
2354 1576 2893 1649 ἐπερωτησάντων,
2914 1584 2967 1637 ει
2995 1582 3244 1649 ἔξεστιν
3260 1586 3492 1643 ἀπολῦ·

2066 1683 2171 1723 σαι
2203 1669 2321 1738 τὴν
2360 1670 2640 1739 γυναῖκα.
2672 1671 2844 1743 (XIX,
2873 1676 2955 1747 5.)
2995 1679 3110 1747 Μρ.
3138 1678 3253 1749 κη’.

1892 1768 2004 1829 μα’.
2033 1764 2174 1832 Περὶ
2199 1763 2306 1818 τοῦ
2333 1764 2835 1837 ἐπερωτήσαντος
2860 1771 2970 1824 τὸν
2999 1773 3250 1841 Ἰησοῦν
3300 1778 3495 1831 πλου·

2067 1857 2232 1913 σίου.
2267 1856 2435 1929 (XIX,
2460 1858 2573 1930 I6.)
2604 1863 2720 1931 Μρ.
2763 1862 2857 1918 κδ.
2894 1872 3040 1922 Λου.
3070 1865 3166 1938 Er.

1818 1943 1861 1999 Β
1892 1950 2003 2022 μβ’.
2043 1952 2186 2021 Περὶ
2218 1953 2339 2006 τῶν
2361 1954 2791 2024 μισθουμένων
2815 1958 3107 2029 ἐργατῶν.
3139 1961 3281 2035 (XX,
3308 1966 3386 2038 I.)

1893 2048 2005 2113 μγι.
2036 2043 2182 2113 Περὶ
2206 2042 2329 2098 τῶν
2358 2046 2505 2100 υίῶν
2534 2046 2880 2104 Ζεϐεδαίου.
2909 2048 3050 2120 (XX,
3074 2053 3190 2122 20.)
3221 2058 3335 2125 Μρ.
3367 2056 3444 2114 λ’.

1894 2135 1997 2205 μδ’.
2037 2137 2182 2205 Περὶ
2213 2135 2333 2190 τῶν
2387 2137 2498 2193 δύο
2533 2140 2803 2210 τυφλῶν.
2856 2141 3000 2211 (XX,
3053 2146 3169 2215 29.)
3215 2151 3332 2219 Μρ,
3371 2155 3493 2222 λαυρ

2065 2234 2211 2284 Λου.
2248 2229 2358 2296 ξδ’.

1894 2318 1998 2390 με’.
2040 2322 2179 2390 Περὶ
2211 2324 2324 2393 τῆς
2355 2324 2502 2380 ὄνου
2534 2328 2769 2384 καὶτοῦ
2793 2330 3005 2387 πώλου
3052 2332 3223 2405 (XXI,
3268 2336 3345 2408 I.)
3376 2341 3492 2408 Mp.

2069 2411 2195 2477 λ,ϐ’.
2228 2419 2378 2469 Λου.
2412 2415 2504 2484 ξη⁹
2575 2421 2683 2476 Ἰω.
2718 2422 2814 2476 ιδ’.

1896 2510 2017 2573 pg“.
2047 2506 2186 2574 Περὶ
2220 2506 2340 2562 τῶν
2370 2511 2623 2580 τυφλῶν
2648 2515 2747 2569 καί
2781 2518 3019 2586 χωλῶν.
3062 2522 3231 2594 (XXI,
3257 2524 3372 2594 14.)

1898 2596 2006 2667 μζ’.
2049 2600 2191 2667 Περὶ
2248 2600 2360 2670 τῆς
2409 2604 2824 2678 ξηρανθείσης
2873 2614 3095 2683 συκῆς.
3157 2616 3335 2688 (XXI,
3379 2621 3496 2692 18.)

2072 2695 2185 2762 Μρ.
2218 2693 2336 2765 λγ’.

1898 2784 2009 2857 μη’.
2053 2788 2196 2857 Περὶ
2230 2788 2363 2879 τῶν
2405 2792 2926 2864 ἐπερωτησάντων
2974 2802 3081 2856 τὸν
3128 2805 3350 2874 Κύριον
3393 2809 3497 2879 dp-

2073 2878 2325 2948 χιερέων
2358 2881 2461 2936 καὶ
2513 2886 2958 2956 πρεσϐυτέρων.
3013 2890 3181 2959 (XXI,
3232 2894 3349 2966 25.)
3379 2878 3494 2966 Μρ.

2071 2974 2179 3026 λε’.
2212 2978 2359 3028 Λου.
2394 2973 2504 3041 εἷθ’.

1899 3061 2008 3133 ρλϐ’.
2048 3064 2190 3133 Περὶ
2220 3065 2341 3120 τῶν
2370 3067 2481 3123 δύο
2512 3070 2661 3126 υἱῶν
2686 3074 3021 3142 παραϐολή.
3058 3076 3226 3149 (XXI,
3255 3080 3372 3153 28.)

1927 3156 1989 3213 ν’.
2029 3158 2171 3228 Περὶ
2223 3160 2329 3215 τοῦ
2379 3162 2740 3232 ἀμπελῶνος
2790 3168 3130 3236 παραϐολή.
3182 3171 3352 3241 (XXI,
3380 3174 3496 3242 35.)

2070 3255 2185 3323 Mp.
2229 3253 2349 3319 λς’.
2380 3260 2527 3310 Λου.
2567 3264 2634 3314 0'.

1897 3351 1997 3403 va'.
2033 3349 2176 3417 Περὶ
2216 3347 2338 3403 τῶν
2372 3350 2770 3421 καλουμένων
2806 3357 2895 3421 εις
2919 3356 3028 3410 τὸν
3056 3358 3272 3427 γάμον.
3301 3360 3495 3431 (XXII,

2076 3440 2153 3512 1.)
2186 3447 2335 3497 Λου.
2366 3442 2477 3496 νδ’.

1895 3534 1996 3605 νβ’.
2031 3536 2172 3604 Περὶ
2217 3536 2325 3592 τοῦ
2365 3538 2625 3605 κήνσου.
2661 3540 2855 3614 (XXII,
2900 3544 3010 3615 15.)
3043 3548 3155 3614 Μρ.
3202 3543 3308 3606 λζ’.
3346 3552 3492 3605 Λου.

2076 3635 2184 3683 οα’.
3177 3639 3239 3656 ”

1896 3726 1998 3789 νγ’.
2038 3721 2181 3790 Περὶ
2229 3721 2352 3776 τῶν
2395 3725 2843 3783 Σαδδουκαίων.
2897 3729 3039 3802 (XX,
3084 3732 3200 3804 25.)
3230 3738 3343 3804 Μρ.
3373 3738 3499 3807 λη’.“

2080 3818 2223 3868 Λου.
2253 3816 2367 3879 οβ’.

1904 3973 1995 4028 55.
2040 3973 2119 4029 De
2149 3974 2407 4029 luuatico.

1898 4065 1988 4122 3‘3.
2034 4066 2111 4121 De
2140 4069 2471 4139 exigentibus
2501 4070 2837 4129 didrachma.

1896 4160 1984 4214 37.
2028 4159 2101 4214 De
2127 4161 2445 4223 dicentibus,
2484 4164 2601 4232 quis
2628 4164 2827 4234 major.

1894 4253 1985 4309 38.
2025 4254 2104 4308 De
2136 4265 2346 4310 centum
2377 4257 2559 4311 ovibus

1901 4345 1990 4402 '59.
2034 4346 2109 4400 De
2136 4362 2196 4400 eo
2216 4349 2305 4418 qui
2326 4346 2540 4401 debebat
2562 4348 2737 4402 decem
2770 4350 2942 4404 millia
2972 4353 3314 4411 talentorum.

1822 4428 1832 4441 ’
1900 4438 1991 4494 40.
2033 4437 2111 4492 De
2144 4438 2585 4510 interrogatione,
2651 4457 2723 4493 an
2774 4440 2950 4496 liceret
2988 4443 3274 4500 divortium
3324 4449 3498 4517 facere

1973 4547 2092 4584 ειιηι
2117 4548 2299 4586 tutore.

1828 4648 1871 4703 ι)
1900 4623 1990 4678 41.
2036 4624 2111 4678 De
2139 4626 2298 4680 divite
2319 4628 2686 4699 interrogante
2708 4626 2915 4683 Iesum.

1897 4720 1987 4773 42.
2026 4719 2104 4774 De
2139 4721 2373 4775 mercede
2407 4723 2680 4777 conductis
2706 4724 2985 4792 operariis.

1900 4812 1988 4868 45.
2033 4814 2106 4867 De
2132 4814 2261 4882 ﬁliis
2290 4812 2555 4870 Zebedwi.

1895 4906 1987 4961 44.
2034 4905 2111 4960 De
2143 4909 2345 4962 duobus
2380 4910 2551 4964 ca'cis.

1898 4999 1989 5053 45.
2037 4998 2111 5053 De
2145 5001 2303 5054 asina
2338 5012 2387 5054 et
2415 5000 2584 5071 pullo.

1898 5092 1988 5146 46.
2033 5089 2111 5145 De
2150 5093 2302 5147 εωοίδ
2328 5106 2372 5147 et
2405 5093 2637 5148 claudis.

1900 5186 1989 5239 4⁸7.
2037 5184 2112 5238 De
2130 5185 2235 5255 ﬁcu
2268 5202 2386 5254 quae
2413 5188 2647 5241 exaruit.

1898 5277 1988 5333 48.
2035 5278 2107 5332 De
2137 5279 2465 5348 principibus
2484 5280 2819 5336 sacerdotum
2841 5289 2891 5335 et
2906 5281 3197 5337 senioribus
3214 5281 3496 5341 Dominum

1971 5374 2440 5445 interrogantibus.

1899 5468 1986 5522 49.
2032 5466 2108 5520 De
2138 5467 2338 5521 duobus
2365 5467 2492 5535 ﬁliis
2530 5466 2812 5535 parabola.

1900 5560 1987 5613 5'0.
2037 5559 2110 5613 De
2138 5561 2291 5613 vinea
2326 5559 2611 5629 parabola.

1899 5652 1989 5707 5|.
2033 5651 2114 5706 De
2151 5653 2348 5706 vocatis
2374 5655 2443 5706 ad
2473 5655 2706 5723 nuptias.

1900 5747 1985 5801 52.
2033 5747 2107 5800 De
2135 5748 2490 5817 quturcntibus
2518 5749 2790 5802 occasione
2819 5764 3028 5803 census.

1900 5840 1987 5895 55.
2036 5838 2109 5893 De
2136 5840 2463 5894 Sadducteis.

1903 5932 1990 5986 Si.
2036 5933 2108 5987 De
2138 5932 2264 5994 leuis
2289 5934 2518 5988 doctore.
