4030 6500
203 429 305 497 113

1322 435 1718 496 COMMENT.
1764 433 1848 492 ΙΝ
1892 433 2362 493 ΜΑἸἽἨΑΞΙΙΜ.

3387 419 3488 487 114

183 546 391 616 γράψω
442 548 702 614 αὐτούς’
755 548 854 603 καὶ
906 547 1156 604 ἔσονται
1219 548 1447 612 πάντες
1506 546 1775 602 διδακτοὶ

1887 565 2031 602 mea:
2063 549 2116 602 in
2163 558 2389 602 mentem
2442 565 2645 613 eorum,
2684 558 2732 601 et
2775 547 2831 600 in
2860 561 3016 600 carae
3071 541 3302 598 scribam
3333 545 3481 607 eas',

191 641 359 694 Θεοῦ.
397 641 508 694 Καὶ
544 643 572 694 ό
605 641 818 706 Παῦλος
847 640 925 708 δὲ,
964 643 1175 715 ταύτην
1223 642 1642 712 ἐνδεικνύμενος
1676 641 1776 712 τὴν

193 733 492 803 υπεροχὴν,
555 735 740 802 ἔλεγεν
799 736 1084 807 εἰληφέναι
1137 737 1322 807 νόμον,
1355 740 1460 790 οὐκ
1516 738 1576 788 ἐν
1607 734 1778 800 πλαξὶ

181 824 437 888 λιθίναις,
466 825 581 878 ἀλλ’
613 827 670 880 ἐν
716 826 883 893 πλαξὶ
912 828 1147 898 καρδίας
1172 828 1484 898 σαρκίναις.
1525 829 1686 882 Ἐπεὶ
1715 827 1775 881 δὲ

183 917 376 987 χρόνου
437 920 723 987 προίόντος
753 918 1073 986 ἐξώκειλαν,
1115 922 1164 974 οἱ
1204 923 1306 992 μὲν
1336 922 1626 993 δογμάτων
1662 922 1778 976 ἓνε-

188 1027 305 1074 κεν,
349 1011 400 1063 οἱ
451 1011 511 1064 δὲ
555 1010 673 1080 βίου
722 1014 815 1066 καὶ
862 1014 1091 1084 τρόπου,
1119 1015 1310 1086 ἐδέησε
1345 1016 1508 1071 πάλιν
1534 1019 1634 1088 τῆς
1668 1018 1778 1071 ἀπὸ

178 1097 283 1151 τῶν
310 1102 656 1170 γραμμάτων
687 1103 1073 1175 ὑπομνήσεως.
1116 1107 1405 1176 Ἐννόησον
1445 1105 1562 1174 οὖν,
1587 1108 1776 1180 ἡλίκον

181 1192 298 1243 ἐστὶ
356 1193 549 1254 κακὸν,
607 1195 736 1258 τοὺς
784 1194 928 1251 οὕτω
982 1197 1243 1269 καθαρῶς
1291 1198 1613 1268 ὀφείλοντας
1674 1201 1777 1271 ζῇν

178 1283 254 1346 ὡς
307 1284 384 1355 μὴ
453 1285 660 1342 δεῖσθαι
714 1291 1059 1361 γραμμάτων
1093 1333 1108 1357 ,
1184 1293 1301 1346 ἀλλ’
1367 1295 1490 1348 ἀντὶ
1550 1295 1776 1364 βιϐλίων

181 1376 446 1446 παρέχειν
503 1381 604 1444 τὰς
661 1382 890 1453 καρδίας
944 1383 1023 1456 τῷ
1088 1386 1393 1456 Πνεύματι,
1437 1388 1628 1459 ἐπειδὴ
1677 1388 1776 1459 τὴν

177 1470 342 1539 τιμὴν
404 1473 774 1544 ἀπωλέσαμεν
820 1478 1076 1550 ἐκείνην,
1136 1480 1230 1533 καὶ
1287 1481 1642 1554 κατέστημεν
1695 1484 1778 1546 είς

178 1561 276 1630 τὴν
332 1567 544 1618 τούτων
575 1568 789 1636 χρείαν,
841 1570 979 1642 μηδὲ
1026 1572 1103 1643 τῷ
1166 1573 1412 1646 δευτέρῳ
1469 1577 1777 1648 κεχρῆσθαι

181 1657 486 1728 φαρμάκῳ,
537 1661 655 1714 ἀλλ’
685 1664 805 1733 εἰκῆ
858 1664 953 1718 καὶ
1014 1665 1194 1736 μάτην
1231 1671 1497 1740 περιορᾷν
1543 1669 1777 1743 κείμενα

179 1749 245 1799 τὰ
299 1750 631 1820 γράμματα,
663 1755 802 1825 ὅπερ
841 1757 930 1810 ἵνα
961 1757 1036 1829 μὴ
1067 1760 1317 1832 γένηται,
1376 1762 1534 1833 φέρε,
1573 1763 1775 1834 προσέ-

183 1858 369 1910 χωμεν
402 1843 483 1913 (3)
520 1848 634 1909 τοῖς
691 1852 1129 1920 γεγραμμένοις,
1187 1853 1284 1909 καὶ
1338 1855 1777 1927 φιλοπονώτερον

183 1938 535 2008 ἐξετάζωμεν
558 1941 657 2011 τὴν
714 1943 950 1998 ἑκάστου
999 1945 1256 2017 δύναμιν,
1293 1948 1435 2002 ὥστε
1481 1951 1577 2003 καὶ
1609 1950 1775 2004 πλοῦ-

180 2045 271 2080 τον
309 2030 491 2099 ὀρθῶν
524 2031 810 2102 δογμάτων
843 2036 1096 2092 ἐντεῦθεν
1144 2040 1636 2114 ἀποθησαυρίζειν,
1679 2045 1777 2098 καὶ

183 2121 466 2191 συλλέγειν
495 2126 774 2190 πολιτείας
813 2128 1001 2194 ὕνιοῦς
1046 2131 1451 2205 ὑποδείγματα.

254 2304 406 2357 Διατί
431 2305 507 2369 δὲ,
540 2306 749 2362 δώδεκα
774 2309 884 2364 τῶν
922 2311 1244 2365 ἀποστόλων
1271 2311 1467 2378 όντων,
1499 2315 1595 2370 δύο
1621 2315 1777 2388 μόνοι

183 2395 491 2464 γράφουσιν
551 2399 609 2464 ἐξ
674 2400 855 2453 αὐτῶν
922 2403 1262 2471 Εὑαγγέλια,
1333 2407 1618 2472 Ματθατος
1680 2412 1777 2463 καὶ

196 2486 453 2574 Ἰωάννης
476 2507 490 2556 ;
519 2491 582 2543 Ol
601 2492 710 2563 γὰρ
734 2492 916 2563 ἐτεροι
935 2496 1030 2550 δύο
1056 2498 1342 2552 ἀκόλουθοι
1369 2501 1573 2570 μᾶλλον
1589 2499 1732 2574 ἦσαν
1758 2521 1773 2537 ο

183 2573 404 2648 Μάρκος
467 2581 586 2648 μὲν,
641 2582 851 2654 Πέτρου
881 2603 894 2616 ·
945 2587 1164 2642 Παύλου
1219 2590 1299 2654 δὲ,
1339 2593 1574 2658 Λουκᾶς.
1614 2573 1777 2650 ΫΔιότι

183 2669 334 2723 οὐδὲν
360 2673 582 2726 ἐποίουν
628 2677 764 2748 πρὸς
823 2680 1164 2752 φιλοτιμίαν,
1213 2684 1353 2738 ἀλλὰ
1402 2687 1583 2742 πάντα
1640 2688 1778 2759 πρὸς

184 2761 395 2828 χρείαν.
455 2765 559 2819 Τὸν
616 2769 718 2838 μὲν
781 2771 888 2841 γὰρ
945 2774 1229 2830 Ματθαίον
1276 2778 1324 2830 οί
1375 2777 1435 2844 ἐξ
1508 2779 1778 2836 Ἰουδαίων

183 2854 580 2922 πιστεύσαντες
614 2865 1002 2932 παρεκάλεσαν
1029 2852 1308 2938 ἔγγραφον
1336 2872 1522 2936 αὐτοῖς
1554 2875 1776 2942 ἀφεῖναι

187 2945 283 3012 τὴν
340 2947 436 3002 τοῦ
500 2952 855 3024 κηρύγματος
904 2959 1169 3029 ἱστορίαν,
1230 2962 1300 3032 ἣν
1365 2965 1640 3035 πρότερον
1674 2967 1766 3019 διὰ

183 3038 428 3109 γλώττης
461 3043 659 3109 αὐτοὺς
699 3047 906 3116 ἐδίδαξε
928 3066 942 3081 ο
975 3054 1068 3105 τὸν
1101 3054 1160 3106 δὲ
1190 3057 1420 3127 Μάρκον
1463 3059 1670 3126 ὁμοίως
1724 3062 1773 3112 οί

183 3131 243 3182 ἐν
269 3133 529 3204 Αἰγύπτῳ
570 3137 1003 3209 μαθητευθέντες
1049 3145 1226 3217 αὐτῷ.
1286 3148 1395 3200 Καὶ
1423 3148 1450 3199 ό
1478 3150 1696 3212 Λουκᾶς
1721 3150 1776 3203 δὲ

1882 653 2137 712 primique
2167 659 2349 696 omnes
2383 641 2559 696 edocti
2592 659 2624 696 α
2667 640 2774 696 Deo
2798 641 2839 695 ³.
2880 639 2999 709 lpsc
3030 653 3248 709 quoque
3282 634 3484 692 Paulus

1882 737 2025 790 hanc
2060 735 2310 790 indicans
2357 736 2739 791 excellentiam
2779 736 2822 800 δ,
2857 733 2992 788 dicit
3047 741 3328 801 acceptam
3365 746 3487 785 csse

1883 830 2056 899 legem
2090 843 2200 881 non
2231 828 2285 881 in
2316 828 2517 882 tabulis
2543 827 2797 898 lapideis.
2833 825 2931 881 sed
2970 825 3024 879 in
3059 823 3260 879 tabulis
3289 822 3476 877 cordis

1880 919 2117 974 carneis.
2175 918 2278 975 Ubi
2335 936 2464 978 vero
2497 920 2763 990 temporis
2795 932 3088 990 progressu
3121 913 3477 985 naufragium

1882 1005 2130 1066 fecerunt
2160 1029 2174 1066 :
2210 1011 2432 1082 quidam
2470 1027 2602 1067 sane
2635 1012 2956 1084 dogmatum
3009 1025 3199 1073 causa,
3234 1008 3324 1061 alii
3353 1022 3486 1062 vero

1882 1107 1989 1158 vita
2021 1120 2085 1160 ac
2125 1105 2373 1160 moribus
2407 1123 2419 1159 :
2473 1122 2693 1160 rursum
2732 1104 2998 1159 memoria
3033 1118 3172 1172 opus
3207 1103 3328 1168 fuit,
3364 1116 3487 1170 quae

1881 1198 2141 1254 alitteris
2178 1198 2589 1254 subministrari
2624 1199 2788 1254 solet.
2821 1196 3016 1268 Cogita
3051 1212 3182 1267 ergo
3216 1205 3486 1266 quantum

1883 1292 2052 1348 fuerit
2089 1291 2318 1355 malum,
2347 1291 2459 1360 qui.
2489 1291 2629 1346 adeo
2679 1306 2814 1362 pure
2867 1291 3053 1344 vivere
3106 1288 3486 1353 debuerimus,

1883 1393 1944 1440 ut
1992 1385 2189 1440 litteris
2222 1399 2332 1438 non
2364 1383 2760 1455 indigeremus,
2808 1384 2903 1439 sed
2936 1397 3035 1454 pro
3070 1381 3228 1436 libris
3263 1381 3484 1451 praebe-

1880 1495 2067 1535 remus
2122 1478 2287 1535 corda
2321 1476 2590 1548 Spiritui;
2653 1487 2945 1549 postquam
3010 1476 3278 1530 honorem
3335 1472 3488 1527 illum

1881 1576 2242 1646 perdidimus,
2275 1593 2339 1634 ac
2369 1592 2471 1631 nos
2507 1576 2653 1646 ipsos
2688 1577 2741 1630 in
2780 1574 2923 1630 hanc
2953 1572 3348 1630 consumimus
3385 1585 3488 1650 ne-

1879 1654 2223 1734 cessitatem:
2271 1677 2332 1723 ut
2361 1684 2432 1723 ne
2459 1668 2634 1724 altero
2662 1668 2886 1739 quidem
2923 1676 3142 1721 utamur
3169 1665 3486 1735 pharmace,

1879 1763 1974 1818 sed
2005 1765 2160 1833 quasi
2217 1762 2418 1818 frustra
2469 1778 2532 1819 ac
2578 1763 2630 1817 in
2689 1778 2890 1816 vanum
2919 1762 3179 1831 iacentes
3209 1756 3485 1827 despicia-

1879 1873 2002 1911 mus
2032 1857 2260 1912 litteras.
2315 1856 2372 1911 ld
2398 1871 2528 1927 ergo
2562 1871 2631 1909 ne
2668 1855 2780 1915 flat.
2833 1870 2934 1926 age
3001 1868 3134 1908 sane
3170 1893 3183 1916 ,
3241 1852 3325 1905 his
3367 1866 3490 1920 qua:

1879 1947 2086 2016 scripta
2150 1955 2281 2003 sunt
2331 1947 2577 2002 animum
2643 1948 3017 2015 advertantus,
3069 1960 3133 1998 ac
3172 1943 3491 2013 diligentius

1879 2039 2148 2109 cujusque
2188 2039 2334 2092 vircs
2388 2046 2721 2102 scrutemur,
2764 2047 2823 2091 ut
2852 2045 2908 2091 et
2942 2043 3225 2092 rectorum
3264 2034 3491 2103 dogma—

1881 2139 1996 2186 tum
2025 2131 2270 2198 divitias,
2321 2139 2585 2200 tanquam
2634 2130 2978 2194 thesaurum,
3027 2128 3269 2183 ellodere
3303 2127 3487 2192 lica-at,

1879 2235 1935 2281 et
1973 2232 2180 2280 sanctae
2213 2225 2658 2280 conversationis
2692 2223 2942 2295 exempla
2977 2222 3256 2292 colligere.

1950 2318 2125 2386 Quam
2157 2319 2230 2374 ob
2262 2333 2510 2381 cauSam.
2537 2319 2796 2382 obsecro,
2832 2332 2959 2372 cum
3014 2313 3306 2370 duodecim
3369 2311 3489 2366 fue-

1879 2409 1989 2465 rint
2041 2409 2298 2480 apostoli,
2334 2409 2436 2463 soli
2469 2426 2534 2464 ex
2568 2409 2649 2464 eis
2703 2411 2834 2474 duo,
2882 2406 3173 2462 Mattheus
3229 2406 3490 2460 videlicet

1880 2514 1932 2558 et
1992 2502 2256 2566 Joannes,
2327 2502 2624 2573 Evangelia
2693 2499 3134 2570 conscripsere?
3199 2498 3488 2568 Siquidmn

1881 2596 2077 2666 rcliqui
2146 2597 2274 2659 duo,
2333 2595 2587 2663 discipuli
2635 2594 2820 2664 potius
2852 2609 2915 2648 ac
2939 2602 3250 2661 sectatores
3285 2599 3486 2646 erant:

1881 2689 2098 2744 Marcus
2143 2689 2366 2759 quidem
2424 2687 2592 2751 Petri,
2647 2687 2824 2742 Lucas
2897 2701 3026 2742 vero
3087 2685 3265 2748 Pauli,
3319 2684 3374 2738 Id
3424 2698 3488 2738 ea

1882 2799 2048 2838 causa
2085 2791 2268 2837 actum
2311 2789 2414 2847 est,
2451 2781 2578 2851 quia
2604 2780 2740 2834 nihil
2772 2779 2960 2850 gloriae
2989 2793 3152 2834 causa
3185 2775 3484 2837 faciebant,

1881 2877 1973 2931 scd
2009 2876 2190 2930 omnia
2250 2875 2502 2944 exigente
2532 2873 2887 2928 necessitate.
2948 2871 3265 2926 Matthmum
3315 2869 3486 2928 enim.

1881 2968 1970 3037 qui
1998 2983 2063 3021 ex
2092 2965 2300 3022 Judaeis
2326 2966 2702 3029 crediderant,
2730 2966 3187 3030 ol;secraverunt,
3236 2971 3295 3015 ut
3345 2959 3488 3016 sui-

1883 3072 2030 3130 ptam
2074 3060 2407 3130 relinqueret
2453 3060 2588 3128 ipsis
2643 3058 2925 3129 Evangelii
2967 3057 3275 3120 historiam,
3319 3070 3487 3126 quam

1884 3153 2037 3222 prius
2087 3167 2184 3205 eos
2226 3151 2394 3205 verbo
2458 3150 2749 3205 docuerat.
2811 3147 3079 3203 Similiter
3135 3156 3192 3203 ct
3225 3145 3490 3204 Marcum.

185 3223 396 3279 τέθεικε
459 3229 558 3300 τὴν
614 3233 796 3286 αἰτίαν
842 3237 942 3305 τῆς
990 3241 1206 3309 γραφῆς
1251 3239 1348 3292 τοῦ
1415 3242 1772 3310 Εὐαγγελίου,

1884 3247 1971 3315 qui
1999 3248 2052 3298 in
2087 3244 2321 3316 Aigyplo
2356 3245 2532 3301 edocti
2569 3246 2809 3299 fuerant.
2855 3244 3032 3298 Lucas
3057 3253 3238 3297 autent
3266 3254 3488 3294 causam

185 3317 673 3392 ἀπολογησάμενος
726 3327 864 3397 πρὸς
913 3329 1006 3382 τὸν
1065 3330 1344 3399 Θεόφιλον,
1379 3334 1461 3387 ὅτι
1491 3335 1562 3388 δι’
1601 3335 1770 3405 ἀσφά-

183 3408 331 3462 λειαν
366 3412 533 3466 αὑτοῦ
565 3413 723 3468 τοῦτο
756 3418 1087 3488 συνέγραψε,
1122 3422 1262 3491 Φησὶ
1301 3421 1442 3492 γάρ·
1479 3422 1605 3477 Ἵνα
1655 3426 1782 3478 ἐπι-

184 3494 361 3562 γνῷς,
403 3502 539 3566 περὶ
585 3496 674 3555 ὦν
723 3506 1076 3575 κατηχήθης
1163 3511 1387 3581 λόγων,
1419 3513 1536 3582 τὴν
1581 3515 1782 3585 ἀσφά-

183 3587 356 3642 λειαν
382 3630 397 3644 .
444 3591 505 3644 '0
539 3591 598 3646 δὲ
638 3594 892 3666 Ἰωάννης
923 3600 1165 3670 ἐντυχὼν
1198 3606 1313 3666 τοῖς
1347 3604 1559 3659 τούτων
1598 3609 1782 3675 Εὐαγ-

183 3680 415 3747 γελίοις,
473 3684 565 3737 καὶ
627 3686 772 3753 ἰδὼν,
829 3691 1035 3747 sum
1074 3694 1128 3748 οί
1175 3698 1326 3767 τρεῖς
1377 3699 1455 3769 τῷ
1500 3703 1630 3770 περὶ
1680 3703 1780 3770 τῆς

183 3775 656 3850 ἐνανθρωπήσεως
707 3783 802 3838 τοῦ
841 3785 1096 3857 Σωτῆρος
1146 3789 1493 3862 ἐνδιέτριψαν
1537 3793 1780 3863 μάλιστα

184 3862 349 3934 λόγῳ,
387 3866 483 3919 καὶ
521 3867 711 3922 λοιπὸν
758 3871 984 3943 ἔμελλον
1023 3878 1484 3948 ἁποσιωπηθῆναι
1538 3862 1605 3935 τὰ
1651 3886 1782 3955 περὶ

184 3955 284 4026 τῆς
312 3955 566 4025 θεότητος
605 3961 771 4016 αὐτοῦ
804 3965 1074 4036 δόγματα,
1105 3968 1203 4022 τοῦ
1237 3971 1480 4042 Χριστοῦ
1515 3976 1780 4046 κινήσαν-

186 4067 274 4112 τος
295 4051 480 4120 αὐτδν,
497 4051 662 4126 ἦλθεν
688 4058 781 4111 ἐπὶ
809 4059 906 4129 τὴν
929 4059 1022 4113 τοῦ
1046 4061 1388 4131 Εὐαγγελίου
1422 4072 1774 4140 συγγραφήν.

185 4141 276 4195 Διὸ
313 4145 408 4196 καὶ
435 4147 501 4199 ἐκ
530 4149 836 4220 προοιμίων
879 4155 1006 4223 περὶ
1055 4155 1238 4208 αὒτῶν
1265 4157 1614 4226 διαλέγεται.
1678 4161 1777 4215 Διὰ

183 4235 356 4289 ταῦτα
387 4238 496 4308 γὰρ
526 4240 621 4293 καὶ
646 4242 705 4294 τὸ
747 4245 854 4297 πᾶν
903 4245 1108 4316 βιϐλίον
1143 4249 1431 4322 συνέθηκε.
1462 4253 1536 4306 Σὺ
1564 4253 1620 4308 δὲ
1642 4253 1777 4308 θαύ-

187 4346 382 4398 μασον,
419 4332 537 4396 πῶς
567 4334 705 4405 μήτε
755 4337 900 4391 κατὰ
934 4340 1027 4392 τὸν
1059 4341 1226 4394 αὑτὸν
1255 4345 1451 4414 καιρὸν
1485 4346 1552 4398 τὰ
1593 4346 1777 4416 Εὐαγ-

185 4421 342 4488 γέλια
379 4425 826 4496 συγγράψαντες,
880 4433 1015 4501 μήτε
1061 4435 1207 4487 κατὰ
1243 4437 1336 4489 τὸν
1375 4438 1545 4490 αὑτὸν
1585 4446 1773 4507 τόπον,

189 4515 326 4584 μήτε
349 4517 870 4591 κοινολογησάμενοι
904 4525 1041 4594 πρὸς
1069 4527 1357 4599 ἀλλήλους,
1384 4530 1557 4602 ὅμως,
1583 4532 1776 4606 ὥσπερ

1886 3338 2057 3400 addit,
2103 3353 2204 3391 cur
2263 3336 2612 3407 Evangelium
2665 3335 3087 3405 conscripserit.
3160 3333 3355 3387 dicens
3414 3330 3485 3384 ad

1885 3427 2277 3497 Theophilum,
2317 3442 2375 3482 se
2408 3426 2514 3483 hoc
2557 3437 2783 3498 propter
2835 3425 3224 3480 certitudinem
3283 3423 3483 3477 facere.

1885 3522 1977 3576 Ait
2024 3522 2215 3576 enim:
2259 3521 2322 3576 Ut
2349 3537 2604 3591 agnoscas
2627 3522 2844 3588 ﬁcorum,
2879 3521 2945 3574 de
2998 3521 3190 3590 quibus
3253 3517 3488 3576 imbutus

1885 3614 2086 3683 fueras,
2146 3612 2581 3666 certitudinem'.
2621 3608 2866 3666 Joannes
2891 3625 3024 3664 vero
3071 3609 3267 3662 horum
3293 3615 3490 3660 nactus

1887 3704 2206 3775 Evangelia,
2254 3704 2565 3774 vidensque
2600 3715 2712 3757 tres
2757 3711 3008 3757 versatos
3040 3701 3093 3754 in
3138 3716 3205 3753 eo
3252 3699 3490 3752 maxime

1884 3812 2162 3862 sermone,
2189 3813 2301 3868 quo
2324 3796 2630 3852 Salvatoris
2661 3795 3098 3852 incarnationem
3131 3795 3482 3848 demonstra-

1886 3899 2028 3952 rent,
2075 3899 2132 3944 et
2162 3900 2460 3960 propterea
2493 3889 2747 3961 dogmata
2801 3905 2923 3959 qua:
2982 3886 3331 3942 divinitatem
3367 3885 3490 3954 ejus

1885 3983 2199 4055 tangebam,
2233 3983 2454 4039 silentio
2494 3984 2918 4054 praeterieram:
2971 3982 3094 4037 ideo
3125 3980 3348 4035 Christo
3405 3980 3482 4045 ip-

1881 4092 2003 4131 sum
2031 4075 2098 4130 ad
2130 4075 2482 4133 scribendum
2518 4075 2876 4147 Evangelium
2935 4076 3257 4144 instigante,
3300 4086 3490 4125 acces-

1882 4164 1970 4218 sit.
2027 4163 2183 4220 Unde
2226 4165 2390 4220 etiam
2429 4167 2681 4237 protinus
2712 4166 2780 4220 ab
2822 4165 2980 4220 initio
3015 4165 3081 4219 de
3115 4165 3202 4219 his
3228 4163 3485 4218 disserit:

1881 4271 2006 4310 nam
2025 4257 2095 4312 ob
2118 4256 2234 4312 haec
2252 4257 2453 4312 librum
2469 4273 2690 4313 omnem
2717 4257 2969 4314 confecit.
2993 4255 3280 4310 Admirare
3305 4267 3487 4309 autem

1879 4349 2026 4418 quod
2069 4365 2195 4404 cum
2235 4365 2420 4420 neque
2449 4365 2559 4405 uno
2590 4359 2858 4421 tempore,
2887 4365 3066 4420 neque
3127 4351 3244 4404 loco
3294 4348 3486 4402 eodem

1881 4440 2230 4510 Scripserim,
2270 4458 2448 4513 neque
2501 4459 2588 4497 res
2655 4443 2801 4498 inter
2855 4459 2976 4498 sese
3043 4440 3490 4498 comuninicavc-

1883 4533 2014 4594 rint,
2059 4543 2241 4589 tamen
2290 4537 2448 4605 quasi
2492 4553 2557 4590 cx
2592 4553 2702 4591 uno
2738 4553 2832 4591 ore
2892 4546 3130 4602 quatuor
3166 4537 3490 4604 loquuntur,

187 4607 279 4674 ἀφ’
310 4608 432 4671 ἐνὸς
481 4611 771 4681 στόματος,
809 4617 858 4669 ol
906 4617 1174 4690 τέσσαρες
1226 4620 1580 4692 φθέγγονται,
1624 4626 1682 4682 ἐν
1714 4645 1775 4696 γε

1890 4627 1940 4677 in
1979 4624 2065 4680 his
2098 4630 2368 4696 placcipuc
2412 4628 2760 4699 dogmatibus
2789 4644 2909 4699 qua:
2937 4629 3058 4683 fidei
3086 4629 3397 4682 tinnitatcm
3426 4644 3491 4680 ac

186 4701 298 4762 τοῖς
323 4702 559 4772 καιρίοις
611 4706 703 4759 καὶ
733 4715 1073 4776 συνεκτικοίς
1105 4713 1204 4783 τῆς
1245 4717 1484 4781 πίστεως
1513 4717 1774 4790 δόγμασι,

193 4793 286 4884 καὶ
337 4792 545 4884 πολλὴν
594 4797 1000 4857 ἐπιδείκνυνται
1049 4808 1180 4877 περὶ
1209 4807 1383 4863 ταῦτα
1417 4811 1516 4880 τὴν
1547 4828 1777 4884 συμφω-

187 4883 325 4948 νίαν,
358 4881 494 4951 οἷον,
528 4890 609 4944 ὅτι
639 4892 668 4944 ό
693 4893 825 4958 Θεὸς
856 4898 1080 4966 γέγονεν
1130 4901 1443 4973 ἅνθρωπος,
1479 4906 1572 4959 καὶ
1597 4881 1684 4960 ὅτι
1710 4910 1774 4963 ἐκ

187 4975 466 5073 Παρθένου
512 4979 859 5058 γεγέννηται,
898 4992 994 5044 καὶ
1039 4993 1122 5046 δτι
1158 4994 1415 5071 θαύματα
1473 5002 1769 5073 πεποίηκε,

188 5069 281 5122 καὶ
313 5069 398 5122 ὅτι
427 5075 792 5144 σωτηριώδεις
815 5077 1051 5134 δέδωκεν
1083 5069 1326 5152 ἐντολὰς,
1353 5090 1446 5143 καὶ
1468 5091 1549 5144 ὅτι
1572 5069 1772 5147 ἐσταυέ

382 5162 477 5215 καὶ
505 5163 586 5218 ὅτι
616 5168 816 5240 ἐτάφη,
842 5171 938 5226 καὶ
960 5173 1040 5227 ὅτι
1062 5177 1290 5250 ἀνέστη,
1315 5183 1410 5234 καὶ
1437 5182 1520 5236 ὃτι
1544 5185 1771 5256 ἀνῆλθε,

189 5254 280 5351 καὶ
310 5254 400 5351 ὅτι
414 5256 611 5351 μέλλει
668 5264 854 5332 κρῖναι
897 5267 1131 5334 πάντας,
1187 5273 1283 5326 καὶ
1337 5274 1420 5329 ὅτι
1473 5254 1772 5351 μονογενής

187 5343 332 5443 ἐστιν
384 5347 541 5443 Υἱὸς,
573 5353 667 5405 καὶ
714 5355 796 5409 ὄτι
825 5358 1112 5427 όμοούσιος
1149 5367 1242 5419 καὶ
1277 5343 1629 5443 ὁμοδιῖναμος⁷
1675 5343 1770 5428 καί

185 5435 440 5507 ὁμότιμος
476 5441 554 5512 τῷ
586 5445 784 5516 Πατρῖ,
819 5453 910 5502 καὶ
946 5452 1046 5506 ὅσα
1100 5435 1347 5514 τοιαῦτα.
1398 5462 1458 5516 Et
1500 5435 1555 5517 δέ
1578 5435 1630 5521 τι
1675 5467 1770 5521 καὶ

193 5710 226 5758 ι.
256 5695 303 5750 4.

1888 4728 2092 4773 statum
2153 4731 2447 4790 spectant:
2492 4722 2663 4776 veluti
2713 4762 2727 4785 ,
2766 4722 2913 4793 quod
2987 4722 3130 4778 Dcus
3187 4720 3364 4774 iactus
3419 4721 3491 4774 sit

1892 4813 2094 4876 homo;
2131 4813 2276 4882 quod
2311 4813 2380 4868 sit
2415 4829 2447 4868 e
2482 4813 2703 4884 Virgine
2738 4823 2901 4869 natus
2931 4829 2946 4880 ;
2981 4813 3126 4884 quod
3167 4811 3486 4866 admiranda

1886 4916 2147 4976 operatus
2198 4910 2268 4962 εἰ
2297 4927 2308 4973 ;
2341 4909 2484 4978 quod
2522 4910 2713 4964 salutis
2747 4917 3018 4979 praecepta
3058 4907 3306 4972 dederit;
3337 4904 3486 4976 quod

1886 5001 2186 5056 crucifixus
2223 5003 2294 5056 sit
2328 5023 2388 5055 ac
2452 5004 2725 5074 sepultus,
2787 5002 2933 5072 quod
2992 5001 3379 5064 resurrexerit,
3437 5010 3490 5053 rt

1886 5095 1940 5148 in
1977 5095 2178 5149 coelum
2232 5105 2550 5165 aSsumptus
2582 5097 2684 5162 sit;
2724 5099 2980 5166 quodque
3014 5110 3209 5149 omnes
3236 5094 3306 5147 sit
3337 5093 3487 5160 judi-

1883 5197 2145 5252 caturus;
2200 5190 2344 5258 quod
2408 5190 2725 5261 unigenitus
2785 5192 2857 5244 sit
2907 5188 3078 5244 Filius
3132 5197 3187 5242 ιι
3239 5187 3484 5257 ejusdem

1884 5280 2231 5343 substantiae,
2287 5283 2597 5352 similisilne
2645 5280 2906 5352 potentia:
2960 5296 3023 5336 ac
3081 5279 3308 5334 honoris
3362 5293 3485 5332 cum

1884 5373 2064 5437 l’atl‘c,
2099 5385 2406 5443 ceteraque
2461 5375 2796 5444 hujusmodi.
2840 5373 2998 5440 Quod
3041 5372 3085 5428 si
3137 5373 3482 5440 aliquantum

1885 5469 1937 5521 in
1984 5467 2068 5520 his
2103 5484 2222 5534 quzc
2263 5469 2584 5523 necessari"
2621 5483 2728 5522 ‘ton
2762 5477 2914 5534 sunt,
2968 5465 3174 5521 dissmd
3207 5467 3483 5525 vidi-titur.

309 5625 506 5681 .crcni.
540 5645 763 5691 xxsvztt,
787 5632 875 5688 5i.
905 5634 992 5696 53,
1019 5637 1303 5689 secundum
1331 5638 1571 5712 LXani
1598 5646 1775 5714 ubique

1884 5649 2212 5704 :l-mdantur
2289 5653 2308 5684 ³
2342 5652 2444 5708 lsa.
2488 5653 2703 5722 ι.ιι’,15.
2782 5655 2802 5686 ⁵
2827 5654 2874 5710 ll
2895 5653 3023 5710 Cor.
3053 5669 3136 5718 ιιι,
3166 5653 3220 5708 3.
3300 5655 3483 5708 'l.ttc.

1356 5780 1554 5841 ναι-ιω
1603 5781 1908 5847 lectiones
1957 5793 2015 5847 cl
2063 5793 2251 5851 nota).

261 5893 323 5961 {Td
355 5897 503 5949 Ὶίετᾶι
540 5898 829 5966 ἀκρεϐεεας
863 5902 1006 5956 addit
1045 5904 1055 5954 1
1107 5906 1139 5957 1.
1171 5907 1450 5975 (Thrysnst.
