  <div class='ocr_page' id='page_1' title='image "/cluster/home/n/w/nwhite01/storage/ocr_20150623/129/ien.35556001660034/067.png"; bbox 0 0 4030 6488; ppageno 0'>
   <div class='ocr_carea' id='block_1_1' title="bbox 591 397 694 463">
    <p class='ocr_par' dir='ltr' id='par_1_1' title="bbox 591 397 694 463">
     <span class='ocr_line' id='line_1_1' title="bbox 591 397 694 463; baseline -0.019 -1"><span class='ocrx_word' id='word_1_1' title='bbox 591 397 694 463; x_wconf 75' lang='grc'><strong>115</strong></span> 
     </span>
    </p>
   </div>
   <div class='ocr_carea' id='block_1_2' title="bbox 1837 403 2625 466">
    <p class='ocr_par' dir='ltr' id='par_1_2' title="bbox 1837 403 2625 466">
     <span class='ocr_line' id='line_1_2' title="bbox 1837 403 2625 466; baseline 0.006 -5"><span class='ocrx_word' id='word_1_2' title='bbox 1837 403 2206 464; x_wconf 76' lang='lat' dir='ltr'><strong>EU&#39;l‘lIl&#39;Mll</strong></span> <span class='ocrx_word' id='word_1_3' title='bbox 2264 405 2625 466; x_wconf 79' lang='lat' dir='ltr'><strong>ZlGABENI</strong></span> 
     </span>
    </p>
   </div>
   <div class='ocr_carea' id='block_1_3' title="bbox 3719 397 3834 463">
    <p class='ocr_par' dir='ltr' id='par_1_3' title="bbox 3719 397 3834 463">
     <span class='ocr_line' id='line_1_3' title="bbox 3719 397 3834 463; baseline 0.026 -4"><span class='ocrx_word' id='word_1_4' title='bbox 3719 397 3834 463; x_wconf 75' lang='lat' dir='ltr'><strong>H6</strong></span> 
     </span>
    </p>
   </div>
   <div class='ocr_carea' id='block_1_4' title="bbox 584 515 2148 595">
    <p class='ocr_par' dir='ltr' id='par_1_4' title="bbox 584 515 2132 587">
     <span class='ocr_line' id='line_1_4' title="bbox 584 515 2132 587; baseline 0.004 -17"><span class='ocrx_word' id='word_1_5' title='bbox 584 516 701 574; x_wconf 64' lang='lat' dir='ltr'><strong>Iw:</strong></span> <span class='ocrx_word' id='word_1_6' title='bbox 757 515 894 584; x_wconf 84' lang='lat' dir='ltr'><strong>ipsa,</strong></span> <span class='ocrx_word' id='word_1_7' title='bbox 936 532 1053 585; x_wconf 65' lang='lat' dir='ltr'><strong>quae</strong></span> <span class='ocrx_word' id='word_1_8' title='bbox 1102 528 1344 587; x_wconf 88' lang='lat' dir='ltr'><strong>apparet,</strong></span> <span class='ocrx_word' id='word_1_9' title='bbox 1399 517 1756 583; x_wconf 76' lang='lat' dir='ltr'><strong>dissonantia,</strong></span> <span class='ocrx_word' id='word_1_10' title='bbox 1802 521 2032 574; x_wconf 78' lang='lat' dir='ltr'><strong>maxima</strong></span> <span class='ocrx_word' id='word_1_11' title='bbox 2080 522 2132 576; x_wconf 83' lang='lat' dir='ltr'><strong>lit</strong></span> 
     </span>
    </p>
   </div>
   <div class='ocr_carea' id='block_1_5' title="bbox 2251 515 3832 595">
    <p class='ocr_par' dir='ltr' id='par_1_5' title="bbox 2251 519 3832 595">
     <span class='ocr_line' id='line_1_5' title="bbox 2251 519 3832 595; baseline -0.002 -19"><span class='ocrx_word' id='word_1_12' title='bbox 2251 525 2463 594; x_wconf 72' lang='grc' dir='ltr'>περὶτὰ</span> <span class='ocrx_word' id='word_1_13' title='bbox 2495 526 2571 595; x_wconf 85' lang='grc' dir='ltr'>μὴ</span> <span class='ocrx_word' id='word_1_14' title='bbox 2616 527 2892 592; x_wconf 78' lang='grc' dir='ltr'>ἀναγκαία</span> <span class='ocrx_word' id='word_1_15' title='bbox 2929 527 3216 595; x_wconf 78' lang='grc' dir='ltr'><strong>διαφωνεῖν</strong></span> <span class='ocrx_word' id='word_1_16' title='bbox 3269 523 3476 588; x_wconf 77' lang='grc' dir='ltr'>ἔδοξαν,</span> <span class='ocrx_word' id='word_1_17' title='bbox 3537 519 3743 591; x_wconf 78' lang='grc' dir='ltr'>μᾶλλον</span> <span class='ocrx_word' id='word_1_18' title='bbox 3789 519 3832 588; x_wconf 79' lang='grc' dir='ltr'>ἡ</span> 
     </span>
    </p>
   </div>
   <div class='ocr_carea' id='block_1_6' title="bbox 580 608 2139 681">
    <p class='ocr_par' dir='ltr' id='par_1_6' title="bbox 580 608 2139 681">
     <span class='ocr_line' id='line_1_6' title="bbox 580 608 2139 681; baseline 0.004 -21"><span class='ocrx_word' id='word_1_19' title='bbox 580 608 824 663; x_wconf 72' lang='lat' dir='ltr'><strong>veritatis</strong></span> <span class='ocrx_word' id='word_1_20' title='bbox 865 610 1271 673; x_wconf 84' lang='lat' dir='ltr'><strong>demonstratio,</strong></span> <span class='ocrx_word' id='word_1_21' title='bbox 1330 619 1387 664; x_wconf 89' lang='lat' dir='ltr'><strong>et</strong></span> <span class='ocrx_word' id='word_1_22' title='bbox 1418 625 1512 666; x_wconf 88' lang='lat' dir='ltr'><strong>eos</strong></span> <span class='ocrx_word' id='word_1_23' title='bbox 1544 611 1687 666; x_wconf 91' lang='lat' dir='ltr'><strong>omni</strong></span> <span class='ocrx_word' id='word_1_24' title='bbox 1737 610 1936 666; x_wconf 90' lang='lat' dir='ltr'><strong>liberat</strong></span> <span class='ocrx_word' id='word_1_25' title='bbox 1961 613 2139 681; x_wconf 89' lang='lat' dir='ltr'><strong>suspi-</strong></span> 
     </span>
    </p>
   </div>
   <div class='ocr_carea' id='block_1_7' title="bbox 583 700 2144 773">
    <p class='ocr_par' dir='ltr' id='par_1_7' title="bbox 583 700 2144 773">
     <span class='ocr_line' id='line_1_7' title="bbox 583 700 2144 773; baseline 0.005 -21"><span class='ocrx_word' id='word_1_26' title='bbox 583 700 757 754; x_wconf 86' lang='lat' dir='ltr'><strong>cionc.</strong></span> <span class='ocrx_word' id='word_1_27' title='bbox 792 700 844 755; x_wconf 92' lang='lat' dir='ltr'><strong>Si</strong></span> <span class='ocrx_word' id='word_1_28' title='bbox 891 701 1031 754; x_wconf 87' lang='lat' dir='ltr'><strong>enim</strong></span> <span class='ocrx_word' id='word_1_29' title='bbox 1062 703 1113 754; x_wconf 84' lang='lat' dir='ltr'><strong>in</strong></span> <span class='ocrx_word' id='word_1_30' title='bbox 1155 701 1409 757; x_wconf 90' lang='lat' dir='ltr'><strong>omnibus</strong></span> <span class='ocrx_word' id='word_1_31' title='bbox 1437 703 1504 756; x_wconf 78' lang='lat' dir='ltr'><strong>ad</strong></span> <span class='ocrx_word' id='word_1_32' title='bbox 1562 713 1772 773; x_wconf 84' lang='lat' dir='ltr'><strong>tempus</strong></span> <span class='ocrx_word' id='word_1_33' title='bbox 1845 719 2034 772; x_wconf 87' lang='lat' dir='ltr'><strong>usque,</strong></span> <span class='ocrx_word' id='word_1_34' title='bbox 2068 705 2144 760; x_wconf 91' lang='lat' dir='ltr'><strong>lo—</strong></span> 
     </span>
    </p>
   </div>
   <div class='ocr_carea' id='block_1_8' title="bbox 584 789 2141 856">
    <p class='ocr_par' dir='ltr' id='par_1_8' title="bbox 584 789 2141 856">
     <span class='ocr_line' id='line_1_8' title="bbox 584 789 2141 856; baseline 0.004 -13"><span class='ocrx_word' id='word_1_35' title='bbox 584 805 728 853; x_wconf 81' lang='lat' dir='ltr'><strong>cum,</strong></span> <span class='ocrx_word' id='word_1_36' title='bbox 761 805 823 843; x_wconf 93' lang='lat' dir='ltr'><strong>ac</strong></span> <span class='ocrx_word' id='word_1_37' title='bbox 863 790 1022 845; x_wconf 86' lang='lat' dir='ltr'><strong>verba</strong></span> <span class='ocrx_word' id='word_1_38' title='bbox 1057 789 1364 850; x_wconf 82' lang='lat' dir='ltr'><strong>conformes</strong></span> <span class='ocrx_word' id='word_1_39' title='bbox 1391 791 1638 856; x_wconf 76' lang='lat' dir='ltr'><strong>fuissent,</strong></span> <span class='ocrx_word' id='word_1_40' title='bbox 1681 793 1862 848; x_wconf 89' lang='lat' dir='ltr'><strong>nullus</strong></span> <span class='ocrx_word' id='word_1_41' title='bbox 1901 794 2141 849; x_wconf 87' lang='lat' dir='ltr'><strong>animum</strong></span> 
     </span>
    </p>
   </div>
   <div class='ocr_carea' id='block_1_9' title="bbox 585 879 2144 950">
    <p class='ocr_par' dir='ltr' id='par_1_9' title="bbox 585 879 2144 950">
     <span class='ocr_line' id='line_1_9' title="bbox 585 879 2144 950; baseline 0.006 -19"><span class='ocrx_word' id='word_1_42' title='bbox 585 879 839 934; x_wconf 83' lang='lat' dir='ltr'><strong>inducere</strong></span> <span class='ocrx_word' id='word_1_43' title='bbox 865 880 1148 948; x_wconf 89' lang='lat' dir='ltr'><strong>potuisset,</strong></span> <span class='ocrx_word' id='word_1_44' title='bbox 1184 882 1314 950; x_wconf 89' lang='lat' dir='ltr'><strong>quin</strong></span> <span class='ocrx_word' id='word_1_45' title='bbox 1344 883 1483 938; x_wconf 89' lang='lat' dir='ltr'><strong>inter</strong></span> <span class='ocrx_word' id='word_1_46' title='bbox 1534 899 1592 938; x_wconf 88' lang='lat' dir='ltr'><strong>se</strong></span> <span class='ocrx_word' id='word_1_47' title='bbox 1640 886 2050 950; x_wconf 87' lang='lat' dir='ltr'><strong>convenissent,</strong></span> <span class='ocrx_word' id='word_1_48' title='bbox 2083 894 2144 941; x_wconf 89' lang='lat' dir='ltr'><strong>ut</strong></span> 
     </span>
    </p>
   </div>
   <div class='ocr_carea' id='block_1_10' title="bbox 584 972 2139 1048">
    <p class='ocr_par' dir='ltr' id='par_1_10' title="bbox 584 972 2139 1048">
     <span class='ocr_line' id='line_1_10' title="bbox 584 972 2139 1048; baseline 0.008 -27"><span class='ocrx_word' id='word_1_49' title='bbox 584 985 647 1022; x_wconf 79' lang='lat' dir='ltr'><strong>ex</strong></span> <span class='ocrx_word' id='word_1_50' title='bbox 700 972 975 1024; x_wconf 83' lang='lat' dir='ltr'><strong>communi</strong></span> <span class='ocrx_word' id='word_1_51' title='bbox 1043 981 1198 1040; x_wconf 91' lang='lat' dir='ltr'><strong>pacto</strong></span> <span class='ocrx_word' id='word_1_52' title='bbox 1239 972 1555 1036; x_wconf 86' lang='lat' dir='ltr'><strong>scriberent,</strong></span> <span class='ocrx_word' id='word_1_53' title='bbox 1599 991 1718 1044; x_wconf 67' lang='lat' dir='ltr'><strong>qua:</strong></span> <span class='ocrx_word' id='word_1_54' title='bbox 1776 977 2139 1048; x_wconf 84' lang='lat' dir='ltr'><strong>scripserunt.</strong></span> 
     </span>
    </p>
   </div>
   <div class='ocr_carea' id='block_1_11' title="bbox 581 1057 2144 1129">
    <p class='ocr_par' dir='ltr' id='par_1_11' title="bbox 581 1057 2144 1129">
     <span class='ocr_line' id='line_1_11' title="bbox 581 1057 2144 1129; baseline 0.008 -20"><span class='ocrx_word' id='word_1_55' title='bbox 581 1057 976 1113; x_wconf 89' lang='lat' dir='ltr'><strong>Dissonantiam</strong></span> <span class='ocrx_word' id='word_1_56' title='bbox 1008 1069 1184 1114; x_wconf 87' lang='lat' dir='ltr'><strong>autem</strong></span> <span class='ocrx_word' id='word_1_57' title='bbox 1234 1077 1376 1115; x_wconf 87' lang='lat' dir='ltr'><strong>nunc</strong></span> <span class='ocrx_word' id='word_1_58' title='bbox 1397 1061 1652 1129; x_wconf 85' lang='lat' dir='ltr'><strong>dicimus,</strong></span> <span class='ocrx_word' id='word_1_59' title='bbox 1707 1081 1812 1119; x_wconf 90' lang='lat' dir='ltr'><strong>non</strong></span> <span class='ocrx_word' id='word_1_60' title='bbox 1846 1069 2144 1122; x_wconf 77' lang='lat' dir='ltr'><strong>contrarie-</strong></span> 
     </span>
    </p>
   </div>
   <div class='ocr_carea' id='block_1_12' title="bbox 583 1149 2141 1220">
    <p class='ocr_par' dir='ltr' id='par_1_12' title="bbox 583 1149 2141 1220">
     <span class='ocr_line' id='line_1_12' title="bbox 583 1149 2141 1220; baseline 0.01 -24"><span class='ocrx_word' id='word_1_61' title='bbox 583 1155 789 1211; x_wconf 77' lang='lat' dir='ltr'><strong>tatem,</strong></span> <span class='ocrx_word' id='word_1_62' title='bbox 844 1162 1018 1215; x_wconf 84' lang='lat' dir='ltr'><strong>neque.</strong></span> <span class='ocrx_word' id='word_1_63' title='bbox 1089 1149 1233 1202; x_wconf 88' lang='lat' dir='ltr'><strong>enim</strong></span> <span class='ocrx_word' id='word_1_64' title='bbox 1293 1153 1548 1206; x_wconf 85' lang='lat' dir='ltr'><strong>contrarii</strong></span> <span class='ocrx_word' id='word_1_65' title='bbox 1599 1153 1834 1220; x_wconf 81' lang='lat' dir='ltr'><strong>fuerunt,</strong></span> <span class='ocrx_word' id='word_1_66' title='bbox 1888 1158 2046 1210; x_wconf 82' lang='lat' dir='ltr'><strong>etiam</strong></span> <span class='ocrx_word' id='word_1_67' title='bbox 2088 1157 2141 1210; x_wconf 89' lang='lat' dir='ltr'><strong>in</strong></span> 
     </span>
    </p>
   </div>
   <div class='ocr_carea' id='block_1_13' title="bbox 583 1235 2144 1307">
    <p class='ocr_par' dir='ltr' id='par_1_13' title="bbox 583 1235 2144 1307">
     <span class='ocr_line' id='line_1_13' title="bbox 583 1235 2144 1307; baseline 0.009 -21"><span class='ocrx_word' id='word_1_68' title='bbox 583 1235 666 1290; x_wconf 78' lang='lat' dir='ltr'><strong>IIIS</strong></span> <span class='ocrx_word' id='word_1_69' title='bbox 716 1251 834 1304; x_wconf 66' lang='lat' dir='ltr'><strong>quae</strong></span> <span class='ocrx_word' id='word_1_70' title='bbox 875 1238 1240 1307; x_wconf 82' lang='lat' dir='ltr'><strong>contingontia</strong></span> <span class='ocrx_word' id='word_1_71' title='bbox 1303 1250 1478 1304; x_wconf 84' lang='lat' dir='ltr'><strong>erant,</strong></span> <span class='ocrx_word' id='word_1_72' title='bbox 1539 1243 1632 1297; x_wconf 87' lang='lat' dir='ltr'><strong>sed</strong></span> <span class='ocrx_word' id='word_1_73' title='bbox 1668 1256 1730 1297; x_wconf 86' lang='lat' dir='ltr'><strong>ea</strong></span> <span class='ocrx_word' id='word_1_74' title='bbox 1777 1243 2144 1300; x_wconf 81' lang='lat' dir='ltr'><strong>divers’imode</strong></span> 
     </span>
    </p>
   </div>
   <div class='ocr_carea' id='block_1_14' title="bbox 583 1323 2146 1400">
    <p class='ocr_par' dir='ltr' id='par_1_14' title="bbox 583 1323 2146 1400">
     <span class='ocr_line' id='line_1_14' title="bbox 583 1323 2146 1400; baseline 0.009 -27"><span class='ocrx_word' id='word_1_75' title='bbox 583 1323 747 1376; x_wconf 83' lang='lat' dir='ltr'><strong>loculi</strong></span> <span class='ocrx_word' id='word_1_76' title='bbox 814 1335 959 1378; x_wconf 88' lang='lat' dir='ltr'><strong>sunt.</strong></span> <span class='ocrx_word' id='word_1_77' title='bbox 1019 1324 1074 1378; x_wconf 93' lang='lat' dir='ltr'><strong>ln</strong></span> <span class='ocrx_word' id='word_1_78' title='bbox 1129 1327 1450 1394; x_wconf 89' lang='lat' dir='ltr'><strong>quihusdam</strong></span> <span class='ocrx_word' id='word_1_79' title='bbox 1521 1330 1686 1394; x_wconf 89' lang='lat' dir='ltr'><strong>enim,</strong></span> <span class='ocrx_word' id='word_1_80' title='bbox 1749 1339 1898 1393; x_wconf 88' lang='lat' dir='ltr'><strong>tunc,</strong></span> <span class='ocrx_word' id='word_1_81' title='bbox 1973 1331 2146 1400; x_wconf 90' lang='lat' dir='ltr'><strong>inquit</strong></span> 
     </span>
    </p>
   </div>
   <div class='ocr_carea' id='block_1_15' title="bbox 582 1413 2145 1486">
    <p class='ocr_par' dir='ltr' id='par_1_15' title="bbox 582 1413 2145 1486">
     <span class='ocr_line' id='line_1_15' title="bbox 582 1413 2145 1486; baseline 0.008 -22"><span class='ocrx_word' id='word_1_82' title='bbox 582 1413 689 1479; x_wconf 90' lang='lat' dir='ltr'><strong>ille,</strong></span> <span class='ocrx_word' id='word_1_83' title='bbox 742 1417 1058 1470; x_wconf 83' lang='lat' dir='ltr'><strong>miraculum</strong></span> <span class='ocrx_word' id='word_1_84' title='bbox 1110 1425 1365 1485; x_wconf 83' lang='lat' dir='ltr'><strong>operatus</strong></span> <span class='ocrx_word' id='word_1_85' title='bbox 1417 1429 1536 1484; x_wconf 89' lang='lat' dir='ltr'><strong>est;</strong></span> <span class='ocrx_word' id='word_1_86' title='bbox 1612 1421 1699 1474; x_wconf 88' lang='lat' dir='ltr'><strong>hic</strong></span> <span class='ocrx_word' id='word_1_87' title='bbox 1758 1429 1963 1486; x_wconf 88' lang='lat' dir='ltr'><strong>autem,</strong></span> <span class='ocrx_word' id='word_1_88' title='bbox 2039 1422 2145 1476; x_wconf 86' lang='lat' dir='ltr'><strong>alio</strong></span> 
     </span>
    </p>
   </div>
   <div class='ocr_carea' id='block_1_16' title="bbox 580 1503 2146 1577">
    <p class='ocr_par' dir='ltr' id='par_1_16' title="bbox 580 1503 2146 1577">
     <span class='ocr_line' id='line_1_16' title="bbox 580 1503 2146 1577; baseline 0.008 -22"><span class='ocrx_word' id='word_1_89' title='bbox 580 1516 843 1574; x_wconf 78' lang='lat' dir='ltr'><strong>tempore.</strong></span> <span class='ocrx_word' id='word_1_90' title='bbox 903 1503 1054 1571; x_wconf 88' lang='lat' dir='ltr'><strong>Item,</strong></span> <span class='ocrx_word' id='word_1_91' title='bbox 1109 1507 1198 1561; x_wconf 87' lang='lat' dir='ltr'><strong>hic</strong></span> <span class='ocrx_word' id='word_1_92' title='bbox 1248 1508 1488 1576; x_wconf 83' lang='lat' dir='ltr'><strong>quidem,</strong></span> <span class='ocrx_word' id='word_1_93' title='bbox 1527 1511 1616 1564; x_wconf 87' lang='lat' dir='ltr'><strong>tali</strong></span> <span class='ocrx_word' id='word_1_94' title='bbox 1669 1511 1810 1577; x_wconf 90' lang='lat' dir='ltr'><strong>loco,</strong></span> <span class='ocrx_word' id='word_1_95' title='bbox 1871 1513 1958 1567; x_wconf 90' lang='lat' dir='ltr'><strong>ille</strong></span> <span class='ocrx_word' id='word_1_96' title='bbox 2017 1529 2146 1568; x_wconf 86' lang='lat' dir='ltr'><strong>vero</strong></span> 
     </span>
    </p>
   </div>
   <div class='ocr_carea' id='block_1_17' title="bbox 584 1595 2144 1670">
    <p class='ocr_par' dir='ltr' id='par_1_17' title="bbox 584 1595 2144 1670">
     <span class='ocr_line' id='line_1_17' title="bbox 584 1595 2144 1670; baseline 0.008 -22"><span class='ocrx_word' id='word_1_97' title='bbox 584 1597 694 1650; x_wconf 89' lang='lat' dir='ltr'><strong>tali.</strong></span> <span class='ocrx_word' id='word_1_98' title='bbox 751 1595 980 1651; x_wconf 81' lang='lat' dir='ltr'><strong>Ilursum</strong></span> <span class='ocrx_word' id='word_1_99' title='bbox 1045 1599 1132 1652; x_wconf 87' lang='lat' dir='ltr'><strong>hic</strong></span> <span class='ocrx_word' id='word_1_100' title='bbox 1187 1601 1346 1654; x_wconf 82' lang='lat' dir='ltr'><strong>talem</strong></span> <span class='ocrx_word' id='word_1_101' title='bbox 1399 1601 1587 1656; x_wconf 88' lang='lat' dir='ltr'><strong>habuit</strong></span> <span class='ocrx_word' id='word_1_102' title='bbox 1650 1604 1977 1670; x_wconf 86' lang='lat' dir='ltr'><strong>orationem,</strong></span> <span class='ocrx_word' id='word_1_103' title='bbox 2055 1605 2144 1661; x_wconf 90' lang='lat' dir='ltr'><strong>illc</strong></span> 
     </span>
    </p>
   </div>
   <div class='ocr_carea' id='block_1_18' title="bbox 580 1688 2145 1761">
    <p class='ocr_par' dir='ltr' id='par_1_18' title="bbox 580 1688 2145 1761">
     <span class='ocr_line' id='line_1_18' title="bbox 580 1688 2145 1761; baseline 0.008 -24"><span class='ocrx_word' id='word_1_104' title='bbox 580 1694 757 1740; x_wconf 86' lang='lat' dir='ltr'><strong>autem</strong></span> <span class='ocrx_word' id='word_1_105' title='bbox 814 1688 996 1750; x_wconf 86' lang='lat' dir='ltr'><strong>talem,</strong></span> <span class='ocrx_word' id='word_1_106' title='bbox 1060 1690 1127 1744; x_wconf 92' lang='lat' dir='ltr'><strong>de</strong></span> <span class='ocrx_word' id='word_1_107' title='bbox 1187 1691 1385 1759; x_wconf 86' lang='lat' dir='ltr'><strong>quibus</strong></span> <span class='ocrx_word' id='word_1_108' title='bbox 1443 1695 1556 1747; x_wconf 86' lang='lat' dir='ltr'><strong>suis</strong></span> <span class='ocrx_word' id='word_1_109' title='bbox 1585 1694 1830 1749; x_wconf 88' lang='lat' dir='ltr'><strong>dicemus</strong></span> <span class='ocrx_word' id='word_1_110' title='bbox 1862 1696 2011 1761; x_wconf 89' lang='lat' dir='ltr'><strong>locis,</strong></span> <span class='ocrx_word' id='word_1_111' title='bbox 2033 1713 2145 1750; x_wconf 87' lang='lat' dir='ltr'><strong>ma-</strong></span> 
     </span>
    </p>
   </div>
   <div class='ocr_carea' id='block_1_19' title="bbox 581 1776 2144 1852">
    <p class='ocr_par' dir='ltr' id='par_1_19' title="bbox 581 1776 2144 1852">
     <span class='ocr_line' id='line_1_19' title="bbox 581 1776 2144 1852; baseline 0.008 -24"><span class='ocrx_word' id='word_1_112' title='bbox 581 1776 772 1830; x_wconf 81' lang='lat' dir='ltr'><strong>cifeste</strong></span> <span class='ocrx_word' id='word_1_113' title='bbox 821 1778 1279 1845; x_wconf 79' lang='lat' dir='ltr'><strong>demonstrantes,</strong></span> <span class='ocrx_word' id='word_1_114' title='bbox 1326 1784 1469 1852; x_wconf 89' lang='lat' dir='ltr'><strong>quod</strong></span> <span class='ocrx_word' id='word_1_115' title='bbox 1526 1785 1750 1839; x_wconf 89' lang='lat' dir='ltr'><strong>omnino</strong></span> <span class='ocrx_word' id='word_1_116' title='bbox 1799 1801 1908 1840; x_wconf 92' lang='lat' dir='ltr'><strong>non</strong></span> <span class='ocrx_word' id='word_1_117' title='bbox 1941 1785 2144 1840; x_wconf 73' lang='lat' dir='ltr'><strong>fuerint</strong></span> 
     </span>
    </p>
   </div>
   <div class='ocr_carea' id='block_1_20' title="bbox 582 1870 2215 1942">
    <p class='ocr_par' dir='ltr' id='par_1_20' title="bbox 582 1870 2215 1942">
     <span class='ocr_line' id='line_1_20' title="bbox 582 1870 2215 1942; baseline 0.009 -23"><span class='ocrx_word' id='word_1_118' title='bbox 582 1870 864 1923; x_wconf 86' lang='lat' dir='ltr'><strong>contrarii.</strong></span> <span class='ocrx_word' id='word_1_119' title='bbox 915 1870 1071 1924; x_wconf 88' lang='lat' dir='ltr'><strong>Aliud</strong></span> <span class='ocrx_word' id='word_1_120' title='bbox 1103 1871 1367 1942; x_wconf 86' lang='lat' dir='ltr'><strong>siquidem</strong></span> <span class='ocrx_word' id='word_1_121' title='bbox 1402 1884 1484 1929; x_wconf 87' lang='lat' dir='ltr'><strong>est</strong></span> <span class='ocrx_word' id='word_1_122' title='bbox 1538 1879 1811 1932; x_wconf 90' lang='lat' dir='ltr'><strong>contrario</strong></span> <span class='ocrx_word' id='word_1_123' title='bbox 1869 1879 2028 1934; x_wconf 92' lang='lat' dir='ltr'><strong>modo</strong></span> <span class='ocrx_word' id='word_1_124' title='bbox 2062 1880 2138 1933; x_wconf 94' lang='lat' dir='ltr'><strong>lo-</strong></span> <span class='ocrx_word' id='word_1_125' title='bbox 2178 1875 2215 1928; x_wconf 80' lang='grc' dir='ltr'><strong><em>Β</em></strong></span> 
     </span>
    </p>
   </div>
   <div class='ocr_carea' id='block_1_21' title="bbox 583 1961 1504 2035">
    <p class='ocr_par' dir='ltr' id='par_1_21' title="bbox 583 1961 1504 2035">
     <span class='ocr_line' id='line_1_21' title="bbox 583 1961 1504 2035; baseline 0.009 -24"><span class='ocrx_word' id='word_1_126' title='bbox 583 1961 698 2027; x_wconf 84' lang='lat' dir='ltr'><strong>qui,</strong></span> <span class='ocrx_word' id='word_1_127' title='bbox 730 1961 873 2014; x_wconf 90' lang='lat' dir='ltr'><strong>aliud</strong></span> <span class='ocrx_word' id='word_1_128' title='bbox 916 1962 1129 2016; x_wconf 81' lang='lat' dir='ltr'><strong>diverso</strong></span> <span class='ocrx_word' id='word_1_129' title='bbox 1157 1965 1316 2019; x_wconf 85' lang='lat' dir='ltr'><strong>modo</strong></span> <span class='ocrx_word' id='word_1_130' title='bbox 1339 1965 1504 2035; x_wconf 84' lang='lat' dir='ltr'><strong>loqui.</strong></span> 
     </span>
    </p>
   </div>
   <div class='ocr_carea' id='block_1_22' title="bbox 654 2049 2134 2134">
    <p class='ocr_par' dir='ltr' id='par_1_22' title="bbox 654 2049 2134 2134">
     <span class='ocr_line' id='line_1_22' title="bbox 654 2049 2134 2134; baseline 0.011 -33"><span class='ocrx_word' id='word_1_131' title='bbox 654 2049 863 2104; x_wconf 85' lang='lat' dir='ltr'><strong>Primus</strong></span> <span class='ocrx_word' id='word_1_132' title='bbox 881 2061 1057 2106; x_wconf 87' lang='lat' dir='ltr'><strong>autem</strong></span> <span class='ocrx_word' id='word_1_133' title='bbox 1085 2054 1301 2124; x_wconf 87' lang='lat' dir='ltr'><strong>scripsit</strong></span> <span class='ocrx_word' id='word_1_134' title='bbox 1333 2056 1631 2124; x_wconf 68' lang='lat' dir='ltr'><strong>Mattltazus,</strong></span> <span class='ocrx_word' id='word_1_135' title='bbox 1665 2063 1807 2129; x_wconf 89' lang='lat' dir='ltr'><strong>quod</strong></span> <span class='ocrx_word' id='word_1_136' title='bbox 1841 2079 1986 2116; x_wconf 87' lang='lat' dir='ltr'><strong>nunc</strong></span> <span class='ocrx_word' id='word_1_137' title='bbox 2023 2080 2134 2134; x_wconf 64' lang='lat' dir='ltr'><strong>pra:</strong></span> 
     </span>
    </p>
   </div>
   <div class='ocr_carea' id='block_1_23' title="bbox 587 2145 2143 2220">
    <p class='ocr_par' dir='ltr' id='par_1_23' title="bbox 587 2145 2143 2220">
     <span class='ocr_line' id='line_1_23' title="bbox 587 2145 2143 2220; baseline 0.01 -25"><span class='ocrx_word' id='word_1_138' title='bbox 587 2145 840 2198; x_wconf 90' lang='lat' dir='ltr'><strong>manibus</strong></span> <span class='ocrx_word' id='word_1_139' title='bbox 898 2156 980 2200; x_wconf 90' lang='lat' dir='ltr'><strong>cst</strong></span> <span class='ocrx_word' id='word_1_140' title='bbox 1009 2147 1379 2217; x_wconf 79' lang='lat' dir='ltr'><strong>Evangelium,</strong></span> <span class='ocrx_word' id='word_1_141' title='bbox 1436 2165 1556 2220; x_wconf 91' lang='lat' dir='ltr'><strong>post</strong></span> <span class='ocrx_word' id='word_1_142' title='bbox 1588 2163 1709 2209; x_wconf 88' lang='lat' dir='ltr'><strong>octo</strong></span> <span class='ocrx_word' id='word_1_143' title='bbox 1742 2171 1915 2210; x_wconf 91' lang='lat' dir='ltr'><strong>annos</strong></span> <span class='ocrx_word' id='word_1_144' title='bbox 1944 2157 2143 2211; x_wconf 78' lang='lat' dir='ltr'><strong>Christi</strong></span> 
     </span>
    </p>
   </div>
   <div class='ocr_carea' id='block_1_24' title="bbox 587 2237 2140 2310">
    <p class='ocr_par' dir='ltr' id='par_1_24' title="bbox 587 2237 2140 2310">
     <span class='ocr_line' id='line_1_24' title="bbox 587 2237 2140 2310; baseline 0.014 -23"><span class='ocrx_word' id='word_1_145' title='bbox 587 2238 638 2288; x_wconf 89' lang='lat' dir='ltr'><strong>in</strong></span> <span class='ocrx_word' id='word_1_146' title='bbox 673 2237 866 2291; x_wconf 74' lang='lat' dir='ltr'><strong>t-(elum</strong></span> <span class='ocrx_word' id='word_1_147' title='bbox 930 2241 1210 2308; x_wconf 77' lang='lat' dir='ltr'><strong>:tssumpti.</strong></span> <span class='ocrx_word' id='word_1_148' title='bbox 1249 2241 1472 2310; x_wconf 83' lang='lat' dir='ltr'><strong>Scripsit</strong></span> <span class='ocrx_word' id='word_1_149' title='bbox 1505 2256 1683 2299; x_wconf 78' lang='lat' dir='ltr'><strong>autent</strong></span> <span class='ocrx_word' id='word_1_150' title='bbox 1720 2248 1847 2300; x_wconf 86' lang='lat' dir='ltr'><strong>illud</strong></span> <span class='ocrx_word' id='word_1_151' title='bbox 1907 2250 1972 2302; x_wconf 80' lang='lat' dir='ltr'><strong>ad</strong></span> <span class='ocrx_word' id='word_1_152' title='bbox 2026 2267 2140 2308; x_wconf 76' lang='lat' dir='ltr'><strong>eos.</strong></span> 
     </span>
    </p>
   </div>
   <div class='ocr_carea' id='block_1_25' title="bbox 581 2329 2142 2405">
    <p class='ocr_par' dir='ltr' id='par_1_25' title="bbox 581 2329 2142 2405">
     <span class='ocr_line' id='line_1_25' title="bbox 581 2329 2142 2405; baseline 0.01 -27"><span class='ocrx_word' id='word_1_153' title='bbox 581 2329 671 2394; x_wconf 88' lang='lat' dir='ltr'><strong>qui</strong></span> <span class='ocrx_word' id='word_1_154' title='bbox 695 2345 754 2382; x_wconf 75' lang='lat' dir='ltr'><strong>ex</strong></span> <span class='ocrx_word' id='word_1_155' title='bbox 790 2330 923 2383; x_wconf 68' lang='lat' dir='ltr'><strong>Judt</strong></span> <span class='ocrx_word' id='word_1_156' title='bbox 946 2333 988 2382; x_wconf 79' lang='lat' dir='ltr'><strong>is</strong></span> <span class='ocrx_word' id='word_1_157' title='bbox 1022 2333 1387 2396; x_wconf 80' lang='lat' dir='ltr'><strong>credideram,</strong></span> <span class='ocrx_word' id='word_1_158' title='bbox 1426 2345 1481 2389; x_wconf 83' lang='lat' dir='ltr'><strong>ut</strong></span> <span class='ocrx_word' id='word_1_159' title='bbox 1513 2339 1893 2405; x_wconf 66' lang='lat' dir='ltr'><strong>pra&#39;diximts;</strong></span> <span class='ocrx_word' id='word_1_160' title='bbox 1937 2341 2142 2395; x_wconf 74' lang='lat' dir='ltr'><strong>Hebra-</strong></span> 
     </span>
    </p>
   </div>
   <div class='ocr_carea' id='block_1_26' title="bbox 580 2420 2143 2498">
    <p class='ocr_par' dir='ltr' id='par_1_26' title="bbox 580 2420 2143 2498">
     <span class='ocr_line' id='line_1_26' title="bbox 580 2420 2143 2498; baseline 0.012 -29"><span class='ocrx_word' id='word_1_161' title='bbox 580 2420 661 2472; x_wconf 86' lang='lat' dir='ltr'><strong>iea</strong></span> <span class='ocrx_word' id='word_1_162' title='bbox 691 2436 818 2474; x_wconf 89' lang='lat' dir='ltr'><strong>usus</strong></span> <span class='ocrx_word' id='word_1_163' title='bbox 851 2422 1029 2490; x_wconf 82' lang='lat' dir='ltr'><strong>lingua</strong></span> <span class='ocrx_word' id='word_1_164' title='bbox 1086 2440 1148 2476; x_wconf 87' lang='lat' dir='ltr'><strong>ac</strong></span> <span class='ocrx_word' id='word_1_165' title='bbox 1193 2437 1534 2492; x_wconf 74' lang='lat' dir='ltr'><strong>conzextura,</strong></span> <span class='ocrx_word' id='word_1_166' title='bbox 1569 2440 1752 2498; x_wconf 86' lang='lat' dir='ltr'><strong>postea</strong></span> <span class='ocrx_word' id='word_1_167' title='bbox 1790 2449 1914 2487; x_wconf 75' lang='lat' dir='ltr'><strong>vero</strong></span> <span class='ocrx_word' id='word_1_168' title='bbox 1947 2435 2000 2486; x_wconf 94' lang='lat' dir='ltr'><strong>in</strong></span> <span class='ocrx_word' id='word_1_169' title='bbox 2044 2453 2143 2488; x_wconf 84' lang='lat' dir='ltr'><strong>no-</strong></span> 
     </span>
    </p>
   </div>
   <div class='ocr_carea' id='block_1_27' title="bbox 581 2513 1510 2583">
    <p class='ocr_par' dir='ltr' id='par_1_27' title="bbox 581 2513 1510 2583">
     <span class='ocr_line' id='line_1_27' title="bbox 581 2513 1510 2583; baseline 0.013 -21"><span class='ocrx_word' id='word_1_170' title='bbox 581 2521 748 2564; x_wconf 90' lang='lat' dir='ltr'><strong>stram</strong></span> <span class='ocrx_word' id='word_1_171' title='bbox 791 2513 1025 2583; x_wconf 73' lang='lat' dir='ltr'><strong>linguam</strong></span> <span class='ocrx_word' id='word_1_172' title='bbox 1066 2517 1368 2572; x_wconf 83' lang='lat' dir='ltr'><strong>traductum</strong></span> <span class='ocrx_word' id='word_1_173' title='bbox 1410 2531 1510 2574; x_wconf 83' lang='lat' dir='ltr'><strong>est.</strong></span> 
     </span>
    </p>
   </div>
   <div class='ocr_carea' id='block_1_28' title="bbox 657 2603 2149 2680">
    <p class='ocr_par' dir='ltr' id='par_1_28' title="bbox 657 2603 2149 2680">
     <span class='ocr_line' id='line_1_28' title="bbox 657 2603 2149 2680; baseline 0.013 -25"><span class='ocrx_word' id='word_1_174' title='bbox 657 2603 731 2672; x_wconf 69' lang='lat' dir='ltr'><strong>ﬁ-</strong></span> <span class='ocrx_word' id='word_1_175' title='bbox 782 2603 1015 2660; x_wconf 79' lang='lat' dir='ltr'><strong>Joannes</strong></span> <span class='ocrx_word' id='word_1_176' title='bbox 1051 2621 1252 2666; x_wconf 82' lang='lat' dir='ltr'><strong>autem.</strong></span> <span class='ocrx_word' id='word_1_177' title='bbox 1314 2620 1371 2664; x_wconf 90' lang='lat' dir='ltr'><strong>ut</strong></span> <span class='ocrx_word' id='word_1_178' title='bbox 1424 2615 1729 2680; x_wconf 82' lang='lat' dir='ltr'><strong>perhibent,</strong></span> <span class='ocrx_word' id='word_1_179' title='bbox 1780 2633 1842 2670; x_wconf 80' lang='lat' dir='ltr'><strong>cx</strong></span> <span class='ocrx_word' id='word_1_180' title='bbox 1881 2618 2149 2676; x_wconf 86' lang='lat' dir='ltr'><strong>Ilehraico</strong></span> 
     </span>
    </p>
   </div>
   <div class='ocr_carea' id='block_1_29' title="bbox 583 2693 2150 2781">
    <p class='ocr_par' dir='ltr' id='par_1_29' title="bbox 583 2693 2150 2781">
     <span class='ocr_line' id='line_1_29' title="bbox 583 2693 2150 2781; baseline 0.013 -33"><span class='ocrx_word' id='word_1_181' title='bbox 583 2693 827 2749; x_wconf 49' lang='lat' dir='ltr'><strong>Graecum</strong></span> <span class='ocrx_word' id='word_1_182' title='bbox 884 2697 1027 2752; x_wconf 80' lang='lat' dir='ltr'><strong>fecit.</strong></span> <span class='ocrx_word' id='word_1_183' title='bbox 1062 2699 1268 2755; x_wconf 85' lang='lat' dir='ltr'><strong>Marcus</strong></span> <span class='ocrx_word' id='word_1_184' title='bbox 1304 2718 1428 2758; x_wconf 71' lang='lat' dir='ltr'><strong>vero</strong></span> <span class='ocrx_word' id='word_1_185' title='bbox 1483 2705 1741 2777; x_wconf 89' lang='lat' dir='ltr'><strong>(scripsit)</strong></span> <span class='ocrx_word' id='word_1_186' title='bbox 1771 2710 1982 2765; x_wconf 88' lang='lat' dir='ltr'><strong>decimo</strong></span> <span class='ocrx_word' id='word_1_187' title='bbox 2029 2724 2150 2781; x_wconf 90' lang='lat' dir='ltr'><strong>post</strong></span> 
     </span>
    </p>
   </div>
   <div class='ocr_carea' id='block_1_30' title="bbox 583 2789 2146 2867">
    <p class='ocr_par' dir='ltr' id='par_1_30' title="bbox 583 2789 2146 2867">
     <span class='ocr_line' id='line_1_30' title="bbox 583 2789 2146 2867; baseline 0.014 -30"><span class='ocrx_word' id='word_1_188' title='bbox 583 2789 1002 2858; x_wconf 66' lang='lat' dir='ltr'><strong>assumptione&quot;:</strong></span> <span class='ocrx_word' id='word_1_189' title='bbox 1037 2808 1198 2854; x_wconf 86' lang='lat' dir='ltr'><strong>anno,</strong></span> <span class='ocrx_word' id='word_1_190' title='bbox 1237 2811 1264 2847; x_wconf 94' lang='lat' dir='ltr'><strong>a</strong></span> <span class='ocrx_word' id='word_1_191' title='bbox 1302 2795 1462 2850; x_wconf 82' lang='lat' dir='ltr'><strong>Petro</strong></span> <span class='ocrx_word' id='word_1_192' title='bbox 1491 2799 1714 2864; x_wconf 88' lang='lat' dir='ltr'><strong>doctus;</strong></span> <span class='ocrx_word' id='word_1_193' title='bbox 1745 2801 1918 2857; x_wconf 87' lang='lat' dir='ltr'><strong>Lucas</strong></span> <span class='ocrx_word' id='word_1_194' title='bbox 1943 2815 2146 2867; x_wconf 77' lang='lat' dir='ltr'><strong>autem,</strong></span> 
     </span>
    </p>
   </div>
   <div class='ocr_carea' id='block_1_31' title="bbox 586 2882 2145 2962">
    <p class='ocr_par' dir='ltr' id='par_1_31' title="bbox 586 2882 2145 2962">
     <span class='ocr_line' id='line_1_31' title="bbox 586 2882 2145 2962; baseline 0.013 -33"><span class='ocrx_word' id='word_1_195' title='bbox 586 2886 902 2946; x_wconf 84' lang='lat' dir='ltr'><strong>postannos</strong></span> <span class='ocrx_word' id='word_1_196' title='bbox 959 2882 1568 2949; x_wconf 84' lang='lat' dir='ltr'><strong>quindecitn;Joamtes</strong></span> <span class='ocrx_word' id='word_1_197' title='bbox 1595 2889 1850 2958; x_wconf 86' lang='lat' dir='ltr'><strong>denique,</strong></span> <span class='ocrx_word' id='word_1_198' title='bbox 1897 2895 1988 2962; x_wconf 94' lang='lat' dir='ltr'><strong>qui</strong></span> <span class='ocrx_word' id='word_1_199' title='bbox 2029 2912 2145 2949; x_wconf 85' lang='lat' dir='ltr'><strong>ma-</strong></span> 
     </span>
    </p>
   </div>
   <div class='ocr_carea' id='block_1_32' title="bbox 590 2971 2148 3044">
    <p class='ocr_par' dir='ltr' id='par_1_32' title="bbox 590 2971 2148 3044">
     <span class='ocr_line' id='line_1_32' title="bbox 590 2971 2148 3044; baseline 0.014 -25"><span class='ocrx_word' id='word_1_200' title='bbox 590 2971 731 3024; x_wconf 57' lang='lat' dir='ltr'><strong>xivnc</strong></span> <span class='ocrx_word' id='word_1_201' title='bbox 787 2972 1110 3042; x_wconf 81' lang='lat' dir='ltr'><strong>theologiam</strong></span> <span class='ocrx_word' id='word_1_202' title='bbox 1142 2973 1387 3044; x_wconf 62' lang='lat' dir='ltr'><strong>(Clu-isti)</strong></span> <span class='ocrx_word' id='word_1_203' title='bbox 1421 2987 1636 3044; x_wconf 80' lang='lat' dir='ltr'><strong>tractat,</strong></span> <span class='ocrx_word' id='word_1_204' title='bbox 1696 2999 1839 3035; x_wconf 84' lang='lat' dir='ltr'><strong>anno</strong></span> <span class='ocrx_word' id='word_1_205' title='bbox 1877 2985 2148 3041; x_wconf 84' lang='lat' dir='ltr'><strong>tricesimo</strong></span> 
     </span>
    </p>
   </div>
   <div class='ocr_carea' id='block_1_33' title="bbox 586 3063 845 3116">
    <p class='ocr_par' dir='ltr' id='par_1_33' title="bbox 586 3063 845 3116">
     <span class='ocr_line' id='line_1_33' title="bbox 586 3063 845 3116; baseline 0.004 -2"><span class='ocrx_word' id='word_1_206' title='bbox 586 3063 845 3116; x_wconf 80' lang='lat' dir='ltr'><strong>secundo.</strong></span> 
     </span>
    </p>
   </div>
   <div class='ocr_carea' id='block_1_34' title="bbox 681 3155 2049 3226">
    <p class='ocr_par' dir='ltr' id='par_1_34' title="bbox 681 3155 2049 3226">
     <span class='ocr_line' id='line_1_34' title="bbox 681 3155 2049 3226; baseline 0.014 -19"><span class='ocrx_word' id='word_1_207' title='bbox 681 3155 1151 3213; x_wconf 74' lang='lat' dir='ltr'><strong>EVANCELIUM</strong></span> <span class='ocrx_word' id='word_1_208' title='bbox 1188 3160 1580 3220; x_wconf 73' lang='lat' dir='ltr'><strong>SECUNDUM</strong></span> <span class='ocrx_word' id='word_1_209' title='bbox 1621 3167 2049 3226; x_wconf 63' lang='lat' dir='ltr'><strong>M.~lTTH;EU.ll.</strong></span> 
     </span>
    </p>
   </div>
   <div class='ocr_carea' id='block_1_35' title="bbox 658 3247 2147 3335">
    <p class='ocr_par' dir='ltr' id='par_1_35' title="bbox 658 3247 2147 3335">
     <span class='ocr_line' id='line_1_35' title="bbox 658 3247 2147 3335; baseline 0.013 -37"><span class='ocrx_word' id='word_1_210' title='bbox 658 3247 1004 3317; x_wconf 73' lang='lat' dir='ltr'><strong>Evangelista:</strong></span> <span class='ocrx_word' id='word_1_211' title='bbox 1035 3250 1087 3302; x_wconf 90' lang='lat' dir='ltr'><strong>in</strong></span> <span class='ocrx_word' id='word_1_212' title='bbox 1115 3251 1575 3323; x_wconf 89' lang='lat' dir='ltr'><strong>inscriptionibus,</strong></span> <span class='ocrx_word' id='word_1_213' title='bbox 1604 3256 1887 3328; x_wconf 80' lang='lat' dir='ltr'><strong>[librorum</strong></span> <span class='ocrx_word' id='word_1_214' title='bbox 1904 3262 2147 3335; x_wconf 89' lang='lat' dir='ltr'><strong>suorum]</strong></span> 
     </span>
    </p>
   </div>
   <div class='ocr_carea' id='block_1_36' title="bbox 586 3340 2152 3424">
    <p class='ocr_par' dir='ltr' id='par_1_36' title="bbox 586 3340 2152 3424">
     <span class='ocr_line' id='line_1_36' title="bbox 586 3340 2152 3424; baseline 0.012 -32"><span class='ocrx_word' id='word_1_215' title='bbox 586 3340 928 3411; x_wconf 76' lang='lat' dir='ltr'><strong>Emngelittm</strong></span> <span class='ocrx_word' id='word_1_216' title='bbox 959 3345 1372 3412; x_wconf 85' lang='lat' dir='ltr'><strong>appellaverunt</strong></span> <span class='ocrx_word' id='word_1_217' title='bbox 1405 3351 1766 3405; x_wconf 82' lang='lat' dir='ltr'><strong>narrationem</strong></span> <span class='ocrx_word' id='word_1_218' title='bbox 1798 3369 1977 3419; x_wconf 89' lang='lat' dir='ltr'><strong>suam,</strong></span> <span class='ocrx_word' id='word_1_219' title='bbox 2011 3358 2152 3424; x_wconf 79' lang='lat' dir='ltr'><strong>quod</strong></span> 
     </span>
    </p>
   </div>
   <div class='ocr_carea' id='block_1_37' title="bbox 587 3432 2153 3515">
    <p class='ocr_par' dir='ltr' id='par_1_37' title="bbox 587 3432 2153 3515">
     <span class='ocr_line' id='line_1_37' title="bbox 587 3432 2153 3515; baseline 0.015 -37"><span class='ocrx_word' id='word_1_220' title='bbox 587 3432 750 3485; x_wconf 82' lang='lat' dir='ltr'><strong>ctiam</strong></span> <span class='ocrx_word' id='word_1_221' title='bbox 782 3441 1009 3488; x_wconf 86' lang='lat' dir='ltr'><strong>testatur</strong></span> <span class='ocrx_word' id='word_1_222' title='bbox 1045 3435 1241 3500; x_wconf 86' lang='lat' dir='ltr'><strong>Lucas,</strong></span> <span class='ocrx_word' id='word_1_223' title='bbox 1274 3439 1464 3496; x_wconf 86' lang='lat' dir='ltr'><strong>dicens</strong></span> <span class='ocrx_word' id='word_1_224' title='bbox 1493 3458 1506 3494; x_wconf 90' lang='lat'><strong>:</strong></span> <span class='ocrx_word' id='word_1_225' title='bbox 1560 3442 1822 3507; x_wconf 81' lang='lat' dir='ltr'><strong>Quoniam</strong></span> <span class='ocrx_word' id='word_1_226' title='bbox 1860 3448 2153 3515; x_wconf 84' lang='lat' dir='ltr'><strong>complures</strong></span> 
     </span>
    </p>
   </div>
   <div class='ocr_carea' id='block_1_38' title="bbox 587 3526 2151 3598">
    <p class='ocr_par' dir='ltr' id='par_1_38' title="bbox 587 3526 2151 3598">
     <span class='ocr_line' id='line_1_38' title="bbox 587 3526 2151 3598; baseline 0.01 -21"><span class='ocrx_word' id='word_1_227' title='bbox 587 3526 816 3593; x_wconf 76' lang='lat' dir='ltr'><strong>aggressi</strong></span> <span class='ocrx_word' id='word_1_228' title='bbox 848 3537 966 3579; x_wconf 82' lang='lat' dir='ltr'><strong>sunt</strong></span> <span class='ocrx_word' id='word_1_229' title='bbox 1002 3538 1269 3584; x_wconf 76' lang='lat' dir='ltr'><strong>contexere</strong></span> <span class='ocrx_word' id='word_1_230' title='bbox 1301 3535 1661 3587; x_wconf 79' lang='lat' dir='ltr'><strong>narrationem</strong></span> <span class='ocrx_word' id='word_1_231' title='bbox 1697 3552 1880 3590; x_wconf 81' lang='lat' dir='ltr'><strong>earum</strong></span> <span class='ocrx_word' id='word_1_232' title='bbox 1923 3541 2151 3598; x_wconf 75' lang='lat' dir='ltr'><strong>cchissi-</strong></span> 
     </span>
    </p>
   </div>
   <div class='ocr_carea' id='block_1_39' title="bbox 584 3617 2145 3717">
    <p class='ocr_par' dir='ltr' id='par_1_39' title="bbox 584 3617 2145 3717">
     <span class='ocr_line' id='line_1_39' title="bbox 584 3617 2145 3717; baseline 0.011 -50"><span class='ocrx_word' id='word_1_233' title='bbox 584 3632 683 3669; x_wconf 72' lang='lat' dir='ltr'><strong>ma:</strong></span> <span class='ocrx_word' id='word_1_234' title='bbox 738 3617 860 3684; x_wconf 84' lang='lat' dir='ltr'><strong>ﬁdei</strong></span> <span class='ocrx_word' id='word_1_235' title='bbox 892 3636 1091 3683; x_wconf 84' lang='lat' dir='ltr'><strong>rerum,</strong></span> <span class='ocrx_word' id='word_1_236' title='bbox 1142 3638 1256 3691; x_wconf 74' lang='lat' dir='ltr'><strong>quw</strong></span> <span class='ocrx_word' id='word_1_237' title='bbox 1306 3625 1360 3676; x_wconf 85' lang='lat' dir='ltr'><strong>in</strong></span> <span class='ocrx_word' id='word_1_238' title='bbox 1409 3627 1556 3679; x_wconf 82' lang='lat' dir='ltr'><strong>nobis</strong></span> <span class='ocrx_word' id='word_1_239' title='bbox 1617 3630 1885 3697; x_wconf 79' lang='lat' dir='ltr'><strong>completa:</strong></span> <span class='ocrx_word' id='word_1_240' title='bbox 1941 3642 2061 3684; x_wconf 81' lang='lat' dir='ltr'><strong>sunt</strong></span> <span class='ocrx_word' id='word_1_241' title='bbox 2081 3634 2145 3717; x_wconf 38' lang='grc' dir='ltr'><strong>δ’).</strong></span> 
     </span>
    </p>
   </div>
   <div class='ocr_carea' id='block_1_40' title="bbox 587 3705 2153 3790">
    <p class='ocr_par' dir='ltr' id='par_1_40' title="bbox 587 3705 2153 3790">
     <span class='ocr_line' id='line_1_40' title="bbox 587 3705 2153 3790; baseline 0.012 -32"><span class='ocrx_word' id='word_1_242' title='bbox 587 3705 737 3760; x_wconf 87' lang='lat' dir='ltr'><strong>Ilanc</strong></span> <span class='ocrx_word' id='word_1_243' title='bbox 827 3718 1004 3764; x_wconf 88' lang='lat' dir='ltr'><strong>autem</strong></span> <span class='ocrx_word' id='word_1_244' title='bbox 1099 3715 1501 3781; x_wconf 84' lang='lat' dir='ltr'><strong>narrationem,</strong></span> <span class='ocrx_word' id='word_1_245' title='bbox 1577 3718 1917 3790; x_wconf 72' lang='lat' dir='ltr'><strong>Evangelium</strong></span> <span class='ocrx_word' id='word_1_246' title='bbox 1992 3705 2153 3779; x_wconf 60' lang='lat' dir='ltr'><strong>voca-</strong></span> 
     </span>
    </p>
   </div>
   <div class='ocr_carea' id='block_1_41' title="bbox 586 3801 2151 3881">
    <p class='ocr_par' dir='ltr' id='par_1_41' title="bbox 586 3801 2151 3881">
     <span class='ocr_line' id='line_1_41' title="bbox 586 3801 2151 3881; baseline 0.013 -33"><span class='ocrx_word' id='word_1_247' title='bbox 586 3807 804 3862; x_wconf 73' lang='lat' dir='ltr'><strong>verunt,</strong></span> <span class='ocrx_word' id='word_1_248' title='bbox 833 3801 974 3869; x_wconf 89' lang='lat' dir='ltr'><strong>quod</strong></span> <span class='ocrx_word' id='word_1_249' title='bbox 1020 3802 1162 3856; x_wconf 88' lang='lat' dir='ltr'><strong>bona</strong></span> <span class='ocrx_word' id='word_1_250' title='bbox 1194 3805 1503 3862; x_wconf 83' lang='lat' dir='ltr'><strong>hominibus</strong></span> <span class='ocrx_word' id='word_1_251' title='bbox 1532 3810 1765 3872; x_wconf 87' lang='lat' dir='ltr'><strong>nuntiet,</strong></span> <span class='ocrx_word' id='word_1_252' title='bbox 1807 3822 1956 3881; x_wconf 88' lang='lat' dir='ltr'><strong>puta,</strong></span> <span class='ocrx_word' id='word_1_253' title='bbox 1986 3813 2151 3868; x_wconf 86' lang='lat' dir='ltr'><strong>Deum</strong></span> 
     </span>
    </p>
   </div>
   <div class='ocr_carea' id='block_1_42' title="bbox 593 3889 2156 3971">
    <p class='ocr_par' dir='ltr' id='par_1_42' title="bbox 593 3889 2156 3971">
     <span class='ocr_line' id='line_1_42' title="bbox 593 3889 2156 3971; baseline 0.014 -30"><span class='ocrx_word' id='word_1_254' title='bbox 593 3889 870 3946; x_wconf 90' lang='lat' dir='ltr'><strong>hominem</strong></span> <span class='ocrx_word' id='word_1_255' title='bbox 907 3893 1130 3960; x_wconf 82' lang='lat' dir='ltr'><strong>factum,</strong></span> <span class='ocrx_word' id='word_1_256' title='bbox 1166 3897 1441 3953; x_wconf 88' lang='lat' dir='ltr'><strong>hominem</strong></span> <span class='ocrx_word' id='word_1_257' title='bbox 1474 3916 1607 3955; x_wconf 80' lang='lat' dir='ltr'><strong>vero</strong></span> <span class='ocrx_word' id='word_1_258' title='bbox 1645 3901 1912 3971; x_wconf 86' lang='lat' dir='ltr'><strong>divinum,</strong></span> <span class='ocrx_word' id='word_1_259' title='bbox 1959 3907 2156 3962; x_wconf 68' lang='lat' dir='ltr'><strong>da-mo—</strong></span> 
     </span>
    </p>
   </div>
   <div class='ocr_carea' id='block_1_43' title="bbox 590 3982 2156 4063">
    <p class='ocr_par' dir='ltr' id='par_1_43' title="bbox 590 3982 2156 4063">
     <span class='ocr_line' id='line_1_43' title="bbox 590 3982 2156 4063; baseline 0.015 -31"><span class='ocrx_word' id='word_1_260' title='bbox 590 3996 718 4033; x_wconf 91' lang='lat' dir='ltr'><strong>num</strong></span> <span class='ocrx_word' id='word_1_261' title='bbox 756 3982 1190 4053; x_wconf 81' lang='lat' dir='ltr'><strong>dissolutionem,</strong></span> <span class='ocrx_word' id='word_1_262' title='bbox 1220 4001 1567 4058; x_wconf 87' lang='lat' dir='ltr'><strong>peccatorum</strong></span> <span class='ocrx_word' id='word_1_263' title='bbox 1603 3995 2005 4063; x_wconf 74' lang='lat' dir='ltr'><strong>remissionem,</strong></span> <span class='ocrx_word' id='word_1_264' title='bbox 2069 4017 2156 4054; x_wconf 86' lang='lat' dir='ltr'><strong>rc-</strong></span> 
     </span>
    </p>
   </div>
   <div class='ocr_carea' id='block_1_44' title="bbox 592 4075 2157 4156">
    <p class='ocr_par' dir='ltr' id='par_1_44' title="bbox 592 4075 2157 4156">
     <span class='ocr_line' id='line_1_44' title="bbox 592 4075 2157 4156; baseline 0.015 -33"><span class='ocrx_word' id='word_1_265' title='bbox 592 4075 1014 4142; x_wconf 79' lang='lat' dir='ltr'><strong>generationem,</strong></span> <span class='ocrx_word' id='word_1_266' title='bbox 1044 4079 1487 4149; x_wconf 85' lang='lat' dir='ltr'><strong>adOptionem.ct</strong></span> <span class='ocrx_word' id='word_1_267' title='bbox 1519 4087 1667 4156; x_wconf 79' lang='lat' dir='ltr'><strong>regni</strong></span> <span class='ocrx_word' id='word_1_268' title='bbox 1691 4089 1951 4143; x_wconf 70' lang='lat' dir='ltr'><strong>cmlorum</strong></span> <span class='ocrx_word' id='word_1_269' title='bbox 1991 4092 2157 4148; x_wconf 69' lang='lat' dir='ltr'><strong>haere-</strong></span> 
     </span>
    </p>
   </div>
   <div class='ocr_carea' id='block_1_45' title="bbox 592 4164 2155 4241">
    <p class='ocr_par' dir='ltr' id='par_1_45' title="bbox 592 4164 2155 4241">
     <span class='ocr_line' id='line_1_45' title="bbox 592 4164 2155 4241; baseline 0.013 -24"><span class='ocrx_word' id='word_1_270' title='bbox 592 4164 835 4218; x_wconf 68' lang='lat' dir='ltr'><strong>ditatem.</strong></span> <span class='ocrx_word' id='word_1_271' title='bbox 867 4167 1220 4238; x_wconf 70' lang='lat' dir='ltr'><strong>Evangelistae</strong></span> <span class='ocrx_word' id='word_1_272' title='bbox 1267 4188 1395 4227; x_wconf 78' lang='lat' dir='ltr'><strong>vero</strong></span> <span class='ocrx_word' id='word_1_273' title='bbox 1428 4176 1704 4241; x_wconf 89' lang='lat' dir='ltr'><strong>dicuntur,</strong></span> <span class='ocrx_word' id='word_1_274' title='bbox 1737 4195 1845 4234; x_wconf 88' lang='lat' dir='ltr'><strong>non</strong></span> <span class='ocrx_word' id='word_1_275' title='bbox 1905 4183 2077 4238; x_wconf 89' lang='lat' dir='ltr'><strong>solum</strong></span> <span class='ocrx_word' id='word_1_276' title='bbox 2103 4186 2155 4238; x_wconf 77' lang='lat' dir='ltr'><strong>lii</strong></span> 
     </span>
    </p>
   </div>
   <div class='ocr_carea' id='block_1_46' title="bbox 588 4267 2155 4344">
    <p class='ocr_par' dir='ltr' id='par_1_46' title="bbox 588 4267 2155 4344">
     <span class='ocr_line' id='line_1_46' title="bbox 588 4267 2155 4344; baseline 0.015 -35"><span class='ocrx_word' id='word_1_277' title='bbox 588 4269 838 4326; x_wconf 83' lang='lat' dir='ltr'><strong>quatuor,</strong></span> <span class='ocrx_word' id='word_1_278' title='bbox 878 4276 1062 4317; x_wconf 85' lang='lat' dir='ltr'><strong>verum</strong></span> <span class='ocrx_word' id='word_1_279' title='bbox 1125 4267 1284 4321; x_wconf 89' lang='lat' dir='ltr'><strong>etiam</strong></span> <span class='ocrx_word' id='word_1_280' title='bbox 1345 4285 1535 4325; x_wconf 90' lang='lat' dir='ltr'><strong>omnes</strong></span> <span class='ocrx_word' id='word_1_281' title='bbox 1567 4272 1726 4326; x_wconf 86' lang='lat' dir='ltr'><strong>simul</strong></span> <span class='ocrx_word' id='word_1_282' title='bbox 1771 4277 2032 4344; x_wconf 86' lang='lat' dir='ltr'><strong>apostoli;</strong></span> <span class='ocrx_word' id='word_1_283' title='bbox 2089 4279 2155 4332; x_wconf 87' lang='lat' dir='ltr'><strong>de</strong></span> 
     </span>
    </p>
   </div>
   <div class='ocr_carea' id='block_1_47' title="bbox 586 4351 2154 4434">
    <p class='ocr_par' dir='ltr' id='par_1_47' title="bbox 586 4351 2154 4434">
     <span class='ocr_line' id='line_1_47' title="bbox 586 4351 2154 4434; baseline 0.016 -35"><span class='ocrx_word' id='word_1_284' title='bbox 586 4351 784 4419; x_wconf 83' lang='lat' dir='ltr'><strong>quibus</strong></span> <span class='ocrx_word' id='word_1_285' title='bbox 847 4356 1047 4423; x_wconf 91' lang='lat' dir='ltr'><strong>pariter</strong></span> <span class='ocrx_word' id='word_1_286' title='bbox 1106 4369 1262 4412; x_wconf 78' lang='lat' dir='ltr'><strong>antea</strong></span> <span class='ocrx_word' id='word_1_287' title='bbox 1299 4361 1513 4416; x_wconf 84' lang='lat' dir='ltr'><strong>locutus</strong></span> <span class='ocrx_word' id='word_1_288' title='bbox 1546 4374 1628 4418; x_wconf 90' lang='lat' dir='ltr'><strong>est</strong></span> <span class='ocrx_word' id='word_1_289' title='bbox 1686 4366 1851 4422; x_wconf 78' lang='lat' dir='ltr'><strong>Isaias</strong></span> <span class='ocrx_word' id='word_1_290' title='bbox 1914 4388 1925 4424; x_wconf 90' lang='lat'>:</span> <span class='ocrx_word' id='word_1_291' title='bbox 1984 4369 2154 4434; x_wconf 81' lang='lat' dir='ltr'><strong>Quam</strong></span> 
     </span>
    </p>
   </div>
   <div class='ocr_carea' id='block_1_48' title="bbox 588 4445 2151 4528">
    <p class='ocr_par' dir='ltr' id='par_1_48' title="bbox 588 4445 2151 4528">
     <span class='ocr_line' id='line_1_48' title="bbox 588 4445 2151 4528; baseline 0.012 -34"><span class='ocrx_word' id='word_1_292' title='bbox 588 4445 812 4506; x_wconf 79' lang='lat' dir='ltr'><strong>pulchri.</strong></span> <span class='ocrx_word' id='word_1_293' title='bbox 852 4450 1122 4515; x_wconf 81' lang='lat' dir='ltr'><strong>inquiens,</strong></span> <span class='ocrx_word' id='word_1_294' title='bbox 1200 4453 1354 4520; x_wconf 81' lang='lat' dir='ltr'><strong>pedes</strong></span> <span class='ocrx_word' id='word_1_295' title='bbox 1384 4456 1858 4524; x_wconf 79' lang='lat' dir='ltr'><strong>euangelizantiunt</strong></span> <span class='ocrx_word' id='word_1_296' title='bbox 1950 4478 2151 4528; x_wconf 79' lang='lat' dir='ltr'><strong>pacem,</strong></span> 
     </span>
    </p>
   </div>
   <div class='ocr_carea' id='block_1_49' title="bbox 2243 611 3835 689">
    <p class='ocr_par' dir='ltr' id='par_1_49' title="bbox 2243 611 3835 689">
     <span class='ocr_line' id='line_1_49' title="bbox 2243 611 3835 689; baseline 0.001 -18"><span class='ocrx_word' id='word_1_297' title='bbox 2243 619 2475 674; x_wconf 78' lang='grc' dir='ltr'>δοκοῦσα</span> <span class='ocrx_word' id='word_1_298' title='bbox 2489 617 2630 689; x_wconf 75' lang='grc' dir='ltr'>αὕτη</span> <span class='ocrx_word' id='word_1_299' title='bbox 2642 619 2932 688; x_wconf 79' lang='grc' dir='ltr'><strong>διαφωνία,</strong></span> <span class='ocrx_word' id='word_1_300' title='bbox 2955 619 3187 688; x_wconf 78' lang='grc' dir='ltr'><strong>μεγίστη</strong></span> <span class='ocrx_word' id='word_1_301' title='bbox 3211 617 3418 684; x_wconf 87' lang='grc' dir='ltr'>γίνεται</span> <span class='ocrx_word' id='word_1_302' title='bbox 3440 614 3539 683; x_wconf 82' lang='grc' dir='ltr'>τῆς</span> <span class='ocrx_word' id='word_1_303' title='bbox 3556 611 3835 682; x_wconf 77' lang='grc' dir='ltr'><strong>ἀληθείας</strong></span> 
     </span>
    </p>
   </div>
   <div class='ocr_carea' id='block_1_50' title="bbox 2243 705 3830 782">
    <p class='ocr_par' dir='ltr' id='par_1_50' title="bbox 2243 705 3830 782">
     <span class='ocr_line' id='line_1_50' title="bbox 2243 705 3830 782; baseline -0.005 -16"><span class='ocrx_word' id='word_1_304' title='bbox 2243 714 2539 781; x_wconf 81' lang='grc' dir='ltr'>ἀπόδειξις,</span> <span class='ocrx_word' id='word_1_305' title='bbox 2569 715 2664 766; x_wconf 77' lang='grc' dir='ltr'><strong>καὶ</strong></span> <span class='ocrx_word' id='word_1_306' title='bbox 2693 713 2873 782; x_wconf 80' lang='grc' dir='ltr'><strong>πάσης</strong></span> <span class='ocrx_word' id='word_1_307' title='bbox 2913 711 3116 775; x_wconf 81' lang='grc' dir='ltr'>αὐτοὺς</span> <span class='ocrx_word' id='word_1_308' title='bbox 3167 710 3401 775; x_wconf 81' lang='grc' dir='ltr'>ὑποψίας</span> <span class='ocrx_word' id='word_1_309' title='bbox 3453 705 3830 762; x_wconf 80' lang='grc' dir='ltr'><strong>ἀπαλλάττει.</strong></span> 
     </span>
    </p>
   </div>
   <div class='ocr_carea' id='block_1_51' title="bbox 2245 801 3830 876">
    <p class='ocr_par' dir='ltr' id='par_1_51' title="bbox 2245 801 3830 876">
     <span class='ocr_line' id='line_1_51' title="bbox 2245 801 3830 876; baseline -0.006 -16"><span class='ocrx_word' id='word_1_310' title='bbox 2245 808 2307 860; x_wconf 84' lang='grc' dir='ltr'>Εί</span> <span class='ocrx_word' id='word_1_311' title='bbox 2338 805 2448 876; x_wconf 85' lang='grc' dir='ltr'>γὰρ</span> <span class='ocrx_word' id='word_1_312' title='bbox 2478 806 2657 860; x_wconf 85' lang='grc' dir='ltr'>πάντα</span> <span class='ocrx_word' id='word_1_313' title='bbox 2689 807 2850 875; x_wconf 83' lang='grc' dir='ltr'>μέχρι</span> <span class='ocrx_word' id='word_1_314' title='bbox 2874 805 3067 874; x_wconf 80' lang='grc' dir='ltr'><strong>καιροῦ</strong></span> <span class='ocrx_word' id='word_1_315' title='bbox 3104 805 3197 858; x_wconf 79' lang='grc' dir='ltr'><strong>καὶ</strong></span> <span class='ocrx_word' id='word_1_316' title='bbox 3224 805 3388 859; x_wconf 81' lang='grc' dir='ltr'>τόπου</span> <span class='ocrx_word' id='word_1_317' title='bbox 3425 801 3518 856; x_wconf 77' lang='grc' dir='ltr'><strong>καὶ</strong></span> <span class='ocrx_word' id='word_1_318' title='bbox 3548 802 3830 871; x_wconf 74' lang='grc' dir='ltr'>ῥημάτων</span> 
     </span>
    </p>
   </div>
   <div class='ocr_carea' id='block_1_52' title="bbox 2246 891 3831 968">
    <p class='ocr_par' dir='ltr' id='par_1_52' title="bbox 2246 891 3831 968">
     <span class='ocr_line' id='line_1_52' title="bbox 2246 891 3831 968; baseline -0.004 -17"><span class='ocrx_word' id='word_1_319' title='bbox 2246 899 2656 968; x_wconf 80' lang='grc' dir='ltr'><strong>συνεφώνησαν,</strong></span> <span class='ocrx_word' id='word_1_320' title='bbox 2687 897 2862 961; x_wconf 76' lang='grc' dir='ltr'>οὐδεὶς</span> <span class='ocrx_word' id='word_1_321' title='bbox 2896 898 2962 951; x_wconf 82' lang='grc' dir='ltr'>ἂν</span> <span class='ocrx_word' id='word_1_322' title='bbox 2997 897 3336 959; x_wconf 73' lang='grc' dir='ltr'>ἐπίστευσεν,</span> <span class='ocrx_word' id='word_1_323' title='bbox 3381 897 3461 949; x_wconf 85' lang='grc' dir='ltr'>ὅτι</span> <span class='ocrx_word' id='word_1_324' title='bbox 3495 893 3594 964; x_wconf 81' lang='grc' dir='ltr'>μὴ,</span> <span class='ocrx_word' id='word_1_325' title='bbox 3625 891 3831 946; x_wconf 84' lang='grc' dir='ltr'>συνελ-</span> 
     </span>
    </p>
   </div>
   <div class='ocr_carea' id='block_1_53' title="bbox 2246 987 3830 1060">
    <p class='ocr_par' dir='ltr' id='par_1_53' title="bbox 2246 987 3830 1060">
     <span class='ocr_line' id='line_1_53' title="bbox 2246 987 3830 1060; baseline -0.004 -16"><span class='ocrx_word' id='word_1_326' title='bbox 2246 991 2429 1054; x_wconf 86' lang='grc' dir='ltr'>θόντες</span> <span class='ocrx_word' id='word_1_327' title='bbox 2476 990 2746 1060; x_wconf 74' lang='grc' dir='ltr'>ἀλλήλοις,</span> <span class='ocrx_word' id='word_1_328' title='bbox 2799 988 2907 1042; x_wconf 79' lang='grc' dir='ltr'><strong>ἀπὸ</strong></span> <span class='ocrx_word' id='word_1_329' title='bbox 2966 990 3154 1057; x_wconf 83' lang='grc' dir='ltr'>κοινῆς</span> <span class='ocrx_word' id='word_1_330' title='bbox 3209 988 3488 1059; x_wconf 79' lang='grc' dir='ltr'><strong>συνθήκης</strong></span> <span class='ocrx_word' id='word_1_331' title='bbox 3539 987 3830 1057; x_wconf 76' lang='grc' dir='ltr'>ἔγραψαν,</span> 
     </span>
    </p>
   </div>
   <div class='ocr_carea' id='block_1_54' title="bbox 2245 1079 3831 1154">
    <p class='ocr_par' dir='ltr' id='par_1_54' title="bbox 2245 1079 3831 1154">
     <span class='ocr_line' id='line_1_54' title="bbox 2245 1079 3831 1154; baseline -0.004 -18"><span class='ocrx_word' id='word_1_332' title='bbox 2245 1084 2388 1154; x_wconf 79' lang='grc' dir='ltr'>άπερ</span> <span class='ocrx_word' id='word_1_333' title='bbox 2445 1082 2712 1154; x_wconf 75' lang='grc' dir='ltr'>ἔγραψαν.</span> <span class='ocrx_word' id='word_1_334' title='bbox 2772 1082 3080 1151; x_wconf 87' lang='grc' dir='ltr'>Διαφωνίαν</span> <span class='ocrx_word' id='word_1_335' title='bbox 3118 1082 3174 1135; x_wconf 75' lang='grc' dir='ltr'>δὲ</span> <span class='ocrx_word' id='word_1_336' title='bbox 3219 1081 3316 1135; x_wconf 82' lang='grc' dir='ltr'>νῦν</span> <span class='ocrx_word' id='word_1_337' title='bbox 3366 1098 3568 1151; x_wconf 81' lang='grc' dir='ltr'>φαμεν,</span> <span class='ocrx_word' id='word_1_338' title='bbox 3623 1080 3684 1133; x_wconf 84' lang='grc' dir='ltr'>οὐ</span> <span class='ocrx_word' id='word_1_339' title='bbox 3716 1079 3831 1149; x_wconf 78' lang='grc' dir='ltr'>τὴν</span> 
     </span>
    </p>
   </div>
   <div class='ocr_carea' id='block_1_55' title="bbox 2245 1171 3832 1245">
    <p class='ocr_par' dir='ltr' id='par_1_55' title="bbox 2245 1171 3832 1245">
     <span class='ocr_line' id='line_1_55' title="bbox 2245 1171 3832 1245; baseline -0.004 -17"><span class='ocrx_word' id='word_1_340' title='bbox 2245 1175 2706 1245; x_wconf 78' lang='grc' dir='ltr'>ὲναντιοφωνίαν’</span> <span class='ocrx_word' id='word_1_341' title='bbox 2747 1175 2870 1229; x_wconf 73' lang='grc' dir='ltr'>οὐδὲ</span> <span class='ocrx_word' id='word_1_342' title='bbox 2919 1175 3028 1244; x_wconf 83' lang='grc' dir='ltr'><strong>γάρ</strong></span> <span class='ocrx_word' id='word_1_343' title='bbox 3101 1174 3514 1244; x_wconf 67' lang='grc' dir='ltr'>ἠναντιώθησαν</span> <span class='ocrx_word' id='word_1_344' title='bbox 3567 1171 3832 1242; x_wconf 84' lang='grc' dir='ltr'>ἀλλήλοις</span> 
     </span>
    </p>
   </div>
   <div class='ocr_carea' id='block_1_56' title="bbox 2249 1265 3831 1337">
    <p class='ocr_par' dir='ltr' id='par_1_56' title="bbox 2249 1265 3831 1337">
     <span class='ocr_line' id='line_1_56' title="bbox 2249 1265 3831 1337; baseline -0.001 -19"><span class='ocrx_word' id='word_1_345' title='bbox 2249 1267 2410 1337; x_wconf 81' lang='grc' dir='ltr'>μέχρι</span> <span class='ocrx_word' id='word_1_346' title='bbox 2461 1267 2556 1320; x_wconf 83' lang='grc' dir='ltr'><strong>καὶ</strong></span> <span class='ocrx_word' id='word_1_347' title='bbox 2587 1266 2680 1320; x_wconf 85' lang='grc' dir='ltr'>τοῦ</span> <span class='ocrx_word' id='word_1_348' title='bbox 2735 1268 3024 1336; x_wconf 74' lang='grc' dir='ltr'><strong>τυχόντος·</strong></span> <span class='ocrx_word' id='word_1_349' title='bbox 3076 1265 3215 1319; x_wconf 85' lang='grc' dir='ltr'>ἀλλὰ</span> <span class='ocrx_word' id='word_1_350' title='bbox 3263 1266 3364 1336; x_wconf 78' lang='grc' dir='ltr'><strong>τήν</strong></span> <span class='ocrx_word' id='word_1_351' title='bbox 3397 1266 3472 1336; x_wconf 74' lang='grc'><strong>(4)</strong></span> <span class='ocrx_word' id='word_1_352' title='bbox 3525 1265 3831 1332; x_wconf 81' lang='grc' dir='ltr'>ἁλλοιοφω-</span> 
     </span>
    </p>
   </div>
   <div class='ocr_carea' id='block_1_57' title="bbox 2247 1355 3829 1427">
    <p class='ocr_par' dir='ltr' id='par_1_57' title="bbox 2247 1355 3829 1427">
     <span class='ocr_line' id='line_1_57' title="bbox 2247 1355 3829 1427; baseline -0.003 -18"><span class='ocrx_word' id='word_1_353' title='bbox 2247 1358 2384 1414; x_wconf 84' lang='grc' dir='ltr'>νίαν.</span> <span class='ocrx_word' id='word_1_354' title='bbox 2421 1358 2518 1410; x_wconf 86' lang='grc' dir='ltr'>Ἕν</span> <span class='ocrx_word' id='word_1_355' title='bbox 2550 1373 2660 1409; x_wconf 91' lang='grc' dir='ltr'>τισι</span> <span class='ocrx_word' id='word_1_356' title='bbox 2689 1357 2798 1426; x_wconf 85' lang='grc' dir='ltr'>γὰρ</span> <span class='ocrx_word' id='word_1_357' title='bbox 2831 1359 2858 1410; x_wconf 98' lang='lat'><strong>6</strong></span> <span class='ocrx_word' id='word_1_358' title='bbox 2894 1356 3012 1427; x_wconf 84' lang='grc' dir='ltr'>μὲν,</span> <span class='ocrx_word' id='word_1_359' title='bbox 3044 1357 3163 1410; x_wconf 86' lang='grc' dir='ltr'>τόδε</span> <span class='ocrx_word' id='word_1_360' title='bbox 3215 1356 3278 1408; x_wconf 84' lang='grc' dir='ltr'><strong>τὺ</strong></span> <span class='ocrx_word' id='word_1_361' title='bbox 3317 1355 3504 1425; x_wconf 84' lang='grc' dir='ltr'>θαῦμα</span> <span class='ocrx_word' id='word_1_362' title='bbox 3548 1355 3829 1418; x_wconf 80' lang='grc' dir='ltr'><strong>τέθεικεν,</strong></span> 
     </span>
    </p>
   </div>
   <div class='ocr_carea' id='block_1_58' title="bbox 2246 1447 3828 1518">
    <p class='ocr_par' dir='ltr' id='par_1_58' title="bbox 2246 1447 3828 1518">
     <span class='ocr_line' id='line_1_58' title="bbox 2246 1447 3828 1518; baseline -0.004 -15"><span class='ocrx_word' id='word_1_363' title='bbox 2246 1451 2273 1504; x_wconf 92' lang='lat'><strong>6</strong></span> <span class='ocrx_word' id='word_1_364' title='bbox 2301 1449 2379 1512; x_wconf 82' lang='grc' dir='ltr'>δὲ,</span> <span class='ocrx_word' id='word_1_365' title='bbox 2402 1449 2547 1502; x_wconf 83' lang='grc' dir='ltr'>τόδε·</span> <span class='ocrx_word' id='word_1_366' title='bbox 2583 1450 2675 1501; x_wconf 84' lang='grc' dir='ltr'><strong>καί</strong></span> <span class='ocrx_word' id='word_1_367' title='bbox 2707 1450 2735 1501; x_wconf 89' lang='lat'><strong>6</strong></span> <span class='ocrx_word' id='word_1_368' title='bbox 2768 1449 2888 1518; x_wconf 81' lang='grc' dir='ltr'>μὲν,</span> <span class='ocrx_word' id='word_1_369' title='bbox 2923 1448 3072 1501; x_wconf 83' lang='grc' dir='ltr'>τόνδε</span> <span class='ocrx_word' id='word_1_370' title='bbox 3103 1448 3194 1501; x_wconf 73' lang='grc' dir='ltr'>τὸν</span> <span class='ocrx_word' id='word_1_371' title='bbox 3235 1450 3422 1507; x_wconf 87' lang='grc' dir='ltr'>τόπον,</span> <span class='ocrx_word' id='word_1_372' title='bbox 3448 1451 3476 1501; x_wconf 87' lang='lat'><strong>6</strong></span> <span class='ocrx_word' id='word_1_373' title='bbox 3507 1447 3586 1512; x_wconf 73' lang='grc' dir='ltr'>δὲ,</span> <span class='ocrx_word' id='word_1_374' title='bbox 3623 1447 3774 1498; x_wconf 76' lang='grc' dir='ltr'>τόνδε</span> <span class='ocrx_word' id='word_1_375' title='bbox 3810 1461 3828 1476; x_wconf 79' lang='grc' dir='ltr'><strong>ο</strong></span> 
     </span>
    </p>
   </div>
   <div class='ocr_carea' id='block_1_59' title="bbox 2247 1527 3831 1608">
    <p class='ocr_par' dir='ltr' id='par_1_59' title="bbox 2247 1527 3831 1608">
     <span class='ocr_line' id='line_1_59' title="bbox 2247 1527 3831 1608; baseline -0.004 -16"><span class='ocrx_word' id='word_1_376' title='bbox 2247 1539 2386 1593; x_wconf 71' lang='grc' dir='ltr'><strong>καὶὸ</strong></span> <span class='ocrx_word' id='word_1_377' title='bbox 2424 1538 2543 1606; x_wconf 82' lang='grc' dir='ltr'>μὲν,</span> <span class='ocrx_word' id='word_1_378' title='bbox 2597 1538 2756 1606; x_wconf 80' lang='grc' dir='ltr'>τήνδε</span> <span class='ocrx_word' id='word_1_379' title='bbox 2791 1536 2892 1608; x_wconf 70' lang='grc' dir='ltr'>τὴν</span> <span class='ocrx_word' id='word_1_380' title='bbox 2947 1536 3114 1602; x_wconf 80' lang='grc' dir='ltr'>λέξιν,</span> <span class='ocrx_word' id='word_1_381' title='bbox 3155 1538 3182 1589; x_wconf 89' lang='lat'><strong>6</strong></span> <span class='ocrx_word' id='word_1_382' title='bbox 3210 1535 3289 1598; x_wconf 72' lang='grc' dir='ltr'>δὲ,</span> <span class='ocrx_word' id='word_1_383' title='bbox 3338 1536 3495 1606; x_wconf 83' lang='grc' dir='ltr'>τήνδε</span> <span class='ocrx_word' id='word_1_384' title='bbox 3519 1551 3531 1565; x_wconf 87' lang='grc'><strong>·</strong></span> <span class='ocrx_word' id='word_1_385' title='bbox 3585 1537 3718 1603; x_wconf 71' lang='grc' dir='ltr'>περὶ</span> <span class='ocrx_word' id='word_1_386' title='bbox 3744 1527 3831 1587; x_wconf 80' lang='grc' dir='ltr'>ὧν</span> 
     </span>
    </p>
   </div>
   <div class='ocr_carea' id='block_1_60' title="bbox 2246 1628 3832 1701">
    <p class='ocr_par' dir='ltr' id='par_1_60' title="bbox 2246 1628 3832 1701">
     <span class='ocr_line' id='line_1_60' title="bbox 2246 1628 3832 1701; baseline -0.002 -18"><span class='ocrx_word' id='word_1_387' title='bbox 2246 1629 2479 1701; x_wconf 81' lang='grc' dir='ltr'>ἐροῦμεν</span> <span class='ocrx_word' id='word_1_388' title='bbox 2531 1631 2588 1682; x_wconf 79' lang='grc' dir='ltr'>ὲν</span> <span class='ocrx_word' id='word_1_389' title='bbox 2627 1630 2740 1692; x_wconf 77' lang='grc' dir='ltr'>τοῖς</span> <span class='ocrx_word' id='word_1_390' title='bbox 2797 1630 3135 1700; x_wconf 83' lang='grc' dir='ltr'>προσήκουσι</span> <span class='ocrx_word' id='word_1_391' title='bbox 3193 1629 3401 1692; x_wconf 85' lang='grc' dir='ltr'>τόποις,</span> <span class='ocrx_word' id='word_1_392' title='bbox 3461 1628 3555 1679; x_wconf 83' lang='grc' dir='ltr'><strong>καὶ</strong></span> <span class='ocrx_word' id='word_1_393' title='bbox 3610 1628 3832 1698; x_wconf 77' lang='grc' dir='ltr'>προδήτ</span> 
     </span>
    </p>
   </div>
   <div class='ocr_carea' id='block_1_61' title="bbox 2245 1721 3827 1792">
    <p class='ocr_par' dir='ltr' id='par_1_61' title="bbox 2245 1721 3827 1792">
     <span class='ocr_line' id='line_1_61' title="bbox 2245 1721 3827 1792; baseline -0.001 -17"><span class='ocrx_word' id='word_1_394' title='bbox 2245 1725 2353 1786; x_wconf 83' lang='grc' dir='ltr'><strong>λως</strong></span> <span class='ocrx_word' id='word_1_395' title='bbox 2415 1723 2808 1792; x_wconf 77' lang='grc' dir='ltr'>ἀποδείξομεν,</span> <span class='ocrx_word' id='word_1_396' title='bbox 2865 1724 2946 1775; x_wconf 85' lang='grc' dir='ltr'>ὅτι</span> <span class='ocrx_word' id='word_1_397' title='bbox 3003 1723 3111 1775; x_wconf 75' lang='grc' dir='ltr'>οὐδ’</span> <span class='ocrx_word' id='word_1_398' title='bbox 3157 1723 3292 1783; x_wconf 85' lang='grc' dir='ltr'>ὅλως</span> <span class='ocrx_word' id='word_1_399' title='bbox 3358 1721 3827 1790; x_wconf 71' lang='grc' dir='ltr'>ἠναντιώθησαν.</span> 
     </span>
    </p>
   </div>
   <div class='ocr_carea' id='block_1_62' title="bbox 2252 1811 3831 1886">
    <p class='ocr_par' dir='ltr' id='par_1_62' title="bbox 2252 1811 3831 1886">
     <span class='ocr_line' id='line_1_62' title="bbox 2252 1811 3831 1886; baseline -0.004 -17"><span class='ocrx_word' id='word_1_400' title='bbox 2252 1817 2413 1869; x_wconf 76' lang='grc' dir='ltr'>Ἀλλο</span> <span class='ocrx_word' id='word_1_401' title='bbox 2445 1818 2552 1886; x_wconf 89' lang='grc' dir='ltr'><strong>γάρ</strong></span> <span class='ocrx_word' id='word_1_402' title='bbox 2594 1817 2739 1868; x_wconf 78' lang='grc' dir='ltr'>ἐστιν</span> <span class='ocrx_word' id='word_1_403' title='bbox 2769 1813 3026 1877; x_wconf 65' lang='grc' dir='ltr'>ἐναντίως</span> <span class='ocrx_word' id='word_1_404' title='bbox 3073 1815 3267 1875; x_wconf 77' lang='grc' dir='ltr'>εἰπεῖν,</span> <span class='ocrx_word' id='word_1_405' title='bbox 3309 1814 3406 1865; x_wconf 77' lang='grc' dir='ltr'><strong>καὶ</strong></span> <span class='ocrx_word' id='word_1_406' title='bbox 3451 1811 3579 1864; x_wconf 85' lang='grc' dir='ltr'>ἄλλο</span> <span class='ocrx_word' id='word_1_407' title='bbox 3615 1813 3831 1881; x_wconf 79' lang='grc' dir='ltr'>ἑτέρως</span> 
     </span>
    </p>
   </div>
   <div class='ocr_carea' id='block_1_63' title="bbox 2248 1927 2442 1962">
    <p class='ocr_par' dir='ltr' id='par_1_63' title="bbox 2248 1927 2442 1962">
     <span class='ocr_line' id='line_1_63' title="bbox 2248 1927 2442 1962; baseline 0 0"><span class='ocrx_word' id='word_1_408' title='bbox 2248 1927 2442 1962; x_wconf 87' lang='grc' dir='ltr'>ειπειν.</span> 
     </span>
    </p>
   </div>
   <div class='ocr_carea' id='block_1_64' title="bbox 2323 2081 3829 2158">
    <p class='ocr_par' dir='ltr' id='par_1_64' title="bbox 2323 2081 3829 2158">
     <span class='ocr_line' id='line_1_64' title="bbox 2323 2081 3829 2158; baseline -0.01 -14"><span class='ocrx_word' id='word_1_409' title='bbox 2323 2090 2575 2158; x_wconf 78' lang='grc' dir='ltr'>Ἔγραψε</span> <span class='ocrx_word' id='word_1_410' title='bbox 2609 2090 2664 2142; x_wconf 81' lang='grc' dir='ltr'>δὲ</span> <span class='ocrx_word' id='word_1_411' title='bbox 2702 2090 2917 2158; x_wconf 81' lang='grc' dir='ltr'>πρῶτος</span> <span class='ocrx_word' id='word_1_412' title='bbox 2955 2088 2983 2139; x_wconf 87' lang='lat'><strong>6</strong></span> <span class='ocrx_word' id='word_1_413' title='bbox 3018 2087 3296 2147; x_wconf 80' lang='grc' dir='ltr'>Ματοαῖος</span> <span class='ocrx_word' id='word_1_414' title='bbox 3355 2085 3414 2135; x_wconf 66' lang='grc' dir='ltr'><strong>τὸ</strong></span> <span class='ocrx_word' id='word_1_415' title='bbox 3457 2081 3829 2150; x_wconf 63' lang='grc' dir='ltr'>προκείμεκον</span> 
     </span>
    </p>
   </div>
   <div class='ocr_carea' id='block_1_65' title="bbox 2250 2176 3829 2252">
    <p class='ocr_par' dir='ltr' id='par_1_65' title="bbox 2250 2176 3829 2252">
     <span class='ocr_line' id='line_1_65' title="bbox 2250 2176 3829 2252; baseline -0.009 -14"><span class='ocrx_word' id='word_1_416' title='bbox 2250 2187 2604 2252; x_wconf 84' lang='grc' dir='ltr'>Εὐαγγέλιον,</span> <span class='ocrx_word' id='word_1_417' title='bbox 2639 2184 2775 2251; x_wconf 84' lang='grc' dir='ltr'>μετά</span> <span class='ocrx_word' id='word_1_418' title='bbox 2808 2181 2953 2235; x_wconf 85' lang='grc' dir='ltr'><strong>ὀκτὼ</strong></span> <span class='ocrx_word' id='word_1_419' title='bbox 3008 2181 3102 2248; x_wconf 83' lang='grc' dir='ltr'>ἔτη</span> <span class='ocrx_word' id='word_1_420' title='bbox 3139 2180 3234 2249; x_wconf 83' lang='grc' dir='ltr'>τῆς</span> <span class='ocrx_word' id='word_1_421' title='bbox 3271 2177 3363 2231; x_wconf 83' lang='grc' dir='ltr'>τοῦ</span> <span class='ocrx_word' id='word_1_422' title='bbox 3402 2176 3653 2243; x_wconf 78' lang='grc' dir='ltr'>Σωτῆρος</span> <span class='ocrx_word' id='word_1_423' title='bbox 3686 2176 3829 2225; x_wconf 73' lang='grc' dir='ltr'>ἀνα·</span> 
     </span>
    </p>
   </div>
   <div class='ocr_carea' id='block_1_66' title="bbox 2249 2267 3828 2351">
    <p class='ocr_par' dir='ltr' id='par_1_66' title="bbox 2249 2267 3828 2351">
     <span class='ocr_line' id='line_1_66' title="bbox 2249 2267 3828 2351; baseline -0.009 -18"><span class='ocrx_word' id='word_1_424' title='bbox 2249 2280 2482 2351; x_wconf 82' lang='grc' dir='ltr'>λήψεως.</span> <span class='ocrx_word' id='word_1_425' title='bbox 2519 2278 2763 2347; x_wconf 80' lang='grc' dir='ltr'>Ἔγραψε</span> <span class='ocrx_word' id='word_1_426' title='bbox 2812 2277 2869 2328; x_wconf 80' lang='grc' dir='ltr'>δὲ</span> <span class='ocrx_word' id='word_1_427' title='bbox 2913 2274 3068 2326; x_wconf 82' lang='grc' dir='ltr'>τοῦτο</span> <span class='ocrx_word' id='word_1_428' title='bbox 3118 2273 3248 2342; x_wconf 64' lang='grc' dir='ltr'>πρὸς</span> <span class='ocrx_word' id='word_1_429' title='bbox 3281 2272 3404 2331; x_wconf 76' lang='grc' dir='ltr'>τοὺς</span> <span class='ocrx_word' id='word_1_430' title='bbox 3451 2268 3512 2333; x_wconf 78' lang='grc' dir='ltr'>ἐξ</span> <span class='ocrx_word' id='word_1_431' title='bbox 3551 2267 3828 2320; x_wconf 76' lang='grc' dir='ltr'>Ἰουδαίων</span> 
     </span>
    </p>
   </div>
   <div class='ocr_carea' id='block_1_67' title="bbox 2250 2359 3828 2437">
    <p class='ocr_par' dir='ltr' id='par_1_67' title="bbox 2250 2359 3828 2437">
     <span class='ocr_line' id='line_1_67' title="bbox 2250 2359 3828 2437; baseline -0.01 -12"><span class='ocrx_word' id='word_1_432' title='bbox 2250 2373 2673 2434; x_wconf 79' lang='grc' dir='ltr'>πιστεύσαντας,</span> <span class='ocrx_word' id='word_1_433' title='bbox 2729 2370 2802 2431; x_wconf 79' lang='grc' dir='ltr'>ὡς</span> <span class='ocrx_word' id='word_1_434' title='bbox 2866 2367 3209 2437; x_wconf 80' lang='grc' dir='ltr'>προέφημεν,</span> <span class='ocrx_word' id='word_1_435' title='bbox 3255 2363 3514 2430; x_wconf 78' lang='grc' dir='ltr'>Ἐσραῖκῇ</span> <span class='ocrx_word' id='word_1_436' title='bbox 3578 2359 3828 2428; x_wconf 79' lang='grc' dir='ltr'>συνθήκῃ</span> 
     </span>
    </p>
   </div>
   <div class='ocr_carea' id='block_1_68' title="bbox 2249 2451 3828 2534">
    <p class='ocr_par' dir='ltr' id='par_1_68' title="bbox 2249 2451 3828 2534">
     <span class='ocr_line' id='line_1_68' title="bbox 2249 2451 3828 2534; baseline -0.001 -20"><span class='ocrx_word' id='word_1_437' title='bbox 2249 2463 2628 2534; x_wconf 83' lang='grc' dir='ltr'>χρησάμενος·</span> <span class='ocrx_word' id='word_1_438' title='bbox 2679 2460 2908 2528; x_wconf 75' lang='grc' dir='ltr'>ὕστερον</span> <span class='ocrx_word' id='word_1_439' title='bbox 2963 2459 3018 2510; x_wconf 81' lang='grc' dir='ltr'>δὲ</span> <span class='ocrx_word' id='word_1_440' title='bbox 3065 2453 3491 2526; x_wconf 75' lang='grc' dir='ltr'>μεθηρμηνεύθη</span> <span class='ocrx_word' id='word_1_441' title='bbox 3535 2451 3672 2522; x_wconf 78' lang='grc' dir='ltr'>πρὸς</span> <span class='ocrx_word' id='word_1_442' title='bbox 3720 2453 3828 2519; x_wconf 77' lang='grc' dir='ltr'><strong>τὴν</strong></span> 
     </span>
    </p>
   </div>
   <div class='ocr_carea' id='block_1_69' title="bbox 2252 2553 2837 2627">
    <p class='ocr_par' dir='ltr' id='par_1_69' title="bbox 2252 2553 2837 2627">
     <span class='ocr_line' id='line_1_69' title="bbox 2252 2553 2837 2627; baseline -0.007 -18"><span class='ocrx_word' id='word_1_443' title='bbox 2252 2557 2522 2627; x_wconf 79' lang='grc' dir='ltr'>ἡμετέραν</span> <span class='ocrx_word' id='word_1_444' title='bbox 2544 2553 2837 2607; x_wconf 86' lang='grc' dir='ltr'>διάλεκτον.</span> 
     </span>
    </p>
   </div>
   <div class='ocr_carea' id='block_1_70' title="bbox 2325 2635 3828 2720">
    <p class='ocr_par' dir='ltr' id='par_1_70' title="bbox 2325 2635 3828 2720">
     <span class='ocr_line' id='line_1_70' title="bbox 2325 2635 3828 2720; baseline -0.011 -18"><span class='ocrx_word' id='word_1_445' title='bbox 2325 2648 2665 2720; x_wconf 77' lang='grc' dir='ltr'>[Μετέφρασε</span> <span class='ocrx_word' id='word_1_446' title='bbox 2690 2647 2764 2716; x_wconf 82' lang='grc'><strong>(5)</strong></span> <span class='ocrx_word' id='word_1_447' title='bbox 2782 2644 2837 2698; x_wconf 82' lang='grc' dir='ltr'>δὲ</span> <span class='ocrx_word' id='word_1_448' title='bbox 2863 2643 3018 2696; x_wconf 74' lang='grc' dir='ltr'>τοῦτο</span> <span class='ocrx_word' id='word_1_449' title='bbox 3059 2642 3314 2708; x_wconf 81' lang='grc' dir='ltr'>Ἰωάννης</span> <span class='ocrx_word' id='word_1_450' title='bbox 3339 2639 3445 2692; x_wconf 78' lang='grc' dir='ltr'><strong>άπὸ</strong></span> <span class='ocrx_word' id='word_1_451' title='bbox 3467 2637 3564 2704; x_wconf 81' lang='grc' dir='ltr'>τῆς</span> <span class='ocrx_word' id='word_1_452' title='bbox 3600 2635 3828 2703; x_wconf 75' lang='grc' dir='ltr'>Ἑϐραῖ-</span> 
     </span>
    </p>
   </div>
   <div class='ocr_carea' id='block_1_71' title="bbox 2249 2728 3829 2807">
    <p class='ocr_par' dir='ltr' id='par_1_71' title="bbox 2249 2728 3829 2807">
     <span class='ocr_line' id='line_1_71' title="bbox 2249 2728 3829 2807; baseline -0.011 -14"><span class='ocrx_word' id='word_1_453' title='bbox 2249 2741 2338 2803; x_wconf 88' lang='grc' dir='ltr'><strong>δος</strong></span> <span class='ocrx_word' id='word_1_454' title='bbox 2363 2739 2609 2807; x_wconf 74' lang='grc' dir='ltr'>γλώττης</span> <span class='ocrx_word' id='word_1_455' title='bbox 2644 2737 2723 2797; x_wconf 88' lang='grc' dir='ltr'><strong>είς</strong></span> <span class='ocrx_word' id='word_1_456' title='bbox 2751 2734 2847 2804; x_wconf 83' lang='grc' dir='ltr'>τὴν</span> <span class='ocrx_word' id='word_1_457' title='bbox 2885 2733 3184 2800; x_wconf 79' lang='grc' dir='ltr'>Ἑλληνίδα,</span> <span class='ocrx_word' id='word_1_458' title='bbox 3214 2731 3287 2792; x_wconf 83' lang='grc' dir='ltr'>ὡς</span> <span class='ocrx_word' id='word_1_459' title='bbox 3319 2729 3558 2796; x_wconf 74' lang='grc' dir='ltr'>λέγουσι.</span> <span class='ocrx_word' id='word_1_460' title='bbox 3595 2728 3829 2795; x_wconf 79' lang='grc' dir='ltr'>Μάρκος</span> 
     </span>
    </p>
   </div>
   <div class='ocr_carea' id='block_1_72' title="bbox 2250 2816 3827 2898">
    <p class='ocr_par' dir='ltr' id='par_1_72' title="bbox 2250 2816 3827 2898">
     <span class='ocr_line' id='line_1_72' title="bbox 2250 2816 3827 2898; baseline -0.011 -15"><span class='ocrx_word' id='word_1_461' title='bbox 2250 2832 2326 2894; x_wconf 84' lang='grc' dir='ltr'>δὲ,</span> <span class='ocrx_word' id='word_1_462' title='bbox 2356 2829 2493 2898; x_wconf 77' lang='grc' dir='ltr'>μετὰ</span> <span class='ocrx_word' id='word_1_463' title='bbox 2515 2827 2646 2881; x_wconf 80' lang='grc' dir='ltr'>δέκα</span> <span class='ocrx_word' id='word_1_464' title='bbox 2681 2827 2775 2894; x_wconf 79' lang='grc' dir='ltr'><strong>ἐτη</strong></span> <span class='ocrx_word' id='word_1_465' title='bbox 2815 2824 2914 2893; x_wconf 80' lang='grc' dir='ltr'>τῆς</span> <span class='ocrx_word' id='word_1_466' title='bbox 2942 2821 3282 2889; x_wconf 78' lang='grc' dir='ltr'>ἀναλήψεως,</span> <span class='ocrx_word' id='word_1_467' title='bbox 3310 2819 3458 2888; x_wconf 78' lang='grc' dir='ltr'>παρὰ</span> <span class='ocrx_word' id='word_1_468' title='bbox 3490 2816 3580 2869; x_wconf 80' lang='grc' dir='ltr'><strong>τοῦ</strong></span> <span class='ocrx_word' id='word_1_469' title='bbox 3615 2818 3827 2883; x_wconf 78' lang='grc' dir='ltr'>Πέτρου</span> 
     </span>
    </p>
   </div>
   <div class='ocr_carea' id='block_1_73' title="bbox 2251 2907 3827 2993">
    <p class='ocr_par' dir='ltr' id='par_1_73' title="bbox 2251 2907 3827 2993">
     <span class='ocr_line' id='line_1_73' title="bbox 2251 2907 3827 2993; baseline -0.013 -16"><span class='ocrx_word' id='word_1_470' title='bbox 2251 2923 2555 2993; x_wconf 84' lang='grc' dir='ltr'>διδαχθείς’</span> <span class='ocrx_word' id='word_1_471' title='bbox 2617 2919 2832 2981; x_wconf 76' lang='grc' dir='ltr'>Λουκᾶς</span> <span class='ocrx_word' id='word_1_472' title='bbox 2881 2918 2958 2981; x_wconf 79' lang='grc' dir='ltr'>δὲ,</span> <span class='ocrx_word' id='word_1_473' title='bbox 3003 2915 3137 2984; x_wconf 85' lang='grc' dir='ltr'>μετὰ</span> <span class='ocrx_word' id='word_1_474' title='bbox 3188 2912 3609 2965; x_wconf 68' lang='grc' dir='ltr'>πεντεκαίδεκα*</span> <span class='ocrx_word' id='word_1_475' title='bbox 3639 2907 3827 2960; x_wconf 63' lang='grc' dir='ltr'><strong>Ἰωεὶν⁸</strong></span> 
     </span>
    </p>
   </div>
   <div class='ocr_carea' id='block_1_74' title="bbox 2249 3003 3604 3086">
    <p class='ocr_par' dir='ltr' id='par_1_74' title="bbox 2249 3003 3604 3086">
     <span class='ocr_line' id='line_1_74' title="bbox 2249 3003 3604 3086; baseline -0.013 -15"><span class='ocrx_word' id='word_1_476' title='bbox 2249 3035 2344 3086; x_wconf 75' lang='lat' dir='ltr'><strong>vn;</strong></span> <span class='ocrx_word' id='word_1_477' title='bbox 2372 3016 2426 3068; x_wconf 81' lang='grc' dir='ltr'>δὲ</span> <span class='ocrx_word' id='word_1_478' title='bbox 2457 3018 2483 3068; x_wconf 89' lang='lat'><strong>6</strong></span> <span class='ocrx_word' id='word_1_479' title='bbox 2510 3011 2980 3078; x_wconf 76' lang='grc' dir='ltr'>θεολογικώτατος,</span> <span class='ocrx_word' id='word_1_480' title='bbox 3015 3007 3150 3076; x_wconf 72' lang='grc' dir='ltr'>μετὰ</span> <span class='ocrx_word' id='word_1_481' title='bbox 3175 3005 3468 3075; x_wconf 82' lang='grc' dir='ltr'>τριάκοντα</span> <span class='ocrx_word' id='word_1_482' title='bbox 3490 3003 3604 3054; x_wconf 70' lang='grc' dir='ltr'>δύο.</span> 
     </span>
    </p>
   </div>
   <div class='ocr_carea' id='block_1_75' title="bbox 2502 3185 3609 3250">
    <p class='ocr_par' dir='ltr' id='par_1_75' title="bbox 2502 3185 3609 3250">
     <span class='ocr_line' id='line_1_75' title="bbox 2502 3185 3609 3250; baseline -0.014 -1"><span class='ocrx_word' id='word_1_483' title='bbox 2502 3194 2979 3250; x_wconf 81' lang='grc' dir='ltr'><strong>ΕΥΑΙἸἜΛῙΟΝ</strong></span> <span class='ocrx_word' id='word_1_484' title='bbox 3011 3193 3182 3242; x_wconf 81' lang='grc' dir='ltr'><strong>ΚΑἹἉ</strong></span> <span class='ocrx_word' id='word_1_485' title='bbox 3217 3185 3609 3241; x_wconf 80' lang='grc' dir='ltr'><strong>ΜΑΤΘΛῙΟΝ.</strong></span> 
     </span>
    </p>
   </div>
   <div class='ocr_carea' id='block_1_76' title="bbox 2326 3271 3830 3350">
    <p class='ocr_par' dir='ltr' id='par_1_76' title="bbox 2326 3271 3830 3350">
     <span class='ocr_line' id='line_1_76' title="bbox 2326 3271 3830 3350; baseline -0.01 -12"><span class='ocrx_word' id='word_1_486' title='bbox 2326 3287 2412 3338; x_wconf 84' lang='grc' dir='ltr'>Ἐν</span> <span class='ocrx_word' id='word_1_487' title='bbox 2449 3287 2564 3347; x_wconf 86' lang='grc' dir='ltr'>ταῖς</span> <span class='ocrx_word' id='word_1_488' title='bbox 2591 3283 2923 3350; x_wconf 68' lang='grc' dir='ltr'>ἐπιγραφαῖς</span> <span class='ocrx_word' id='word_1_489' title='bbox 2947 3277 3313 3346; x_wconf 73' lang='grc' dir='ltr'>Εὑαγγέλιον</span> <span class='ocrx_word' id='word_1_490' title='bbox 3353 3277 3401 3326; x_wconf 79' lang='grc' dir='ltr'>οἱ</span> <span class='ocrx_word' id='word_1_491' title='bbox 3436 3271 3830 3340; x_wconf 74' lang='grc' dir='ltr'>εὐαγγελισταὶ</span> 
     </span>
    </p>
   </div>
   <div class='ocr_carea' id='block_1_77' title="bbox 2254 3366 3830 3448">
    <p class='ocr_par' dir='ltr' id='par_1_77' title="bbox 2254 3366 3830 3448">
     <span class='ocr_line' id='line_1_77' title="bbox 2254 3366 3830 3448; baseline -0.01 -17"><span class='ocrx_word' id='word_1_492' title='bbox 2254 3379 2352 3448; x_wconf 83' lang='grc' dir='ltr'>τὴν</span> <span class='ocrx_word' id='word_1_493' title='bbox 2409 3379 2657 3446; x_wconf 79' lang='grc' dir='ltr'>διήγησιν</span> <span class='ocrx_word' id='word_1_494' title='bbox 2720 3374 3033 3440; x_wconf 83' lang='grc' dir='ltr'>ὠνόμασαν.</span> <span class='ocrx_word' id='word_1_495' title='bbox 3102 3371 3208 3422; x_wconf 69' lang='grc' dir='ltr'><strong>Καὶ</strong></span> <span class='ocrx_word' id='word_1_496' title='bbox 3280 3367 3552 3436; x_wconf 77' lang='grc' dir='ltr'>μαρτυρεῖ</span> <span class='ocrx_word' id='word_1_497' title='bbox 3612 3366 3830 3425; x_wconf 74' lang='grc' dir='ltr'>Λουκᾶς</span> 
     </span>
    </p>
   </div>
   <div class='ocr_carea' id='block_1_78' title="bbox 2255 3457 3832 3540">
    <p class='ocr_par' dir='ltr' id='par_1_78' title="bbox 2255 3457 3832 3540">
     <span class='ocr_line' id='line_1_78' title="bbox 2255 3457 3832 3540; baseline -0.011 -17"><span class='ocrx_word' id='word_1_498' title='bbox 2255 3469 2528 3540; x_wconf 76' lang='grc' dir='ltr'>εἰρηκώς”’</span> <span class='ocrx_word' id='word_1_499' title='bbox 2577 3465 2930 3533; x_wconf 80' lang='grc' dir='ltr'>Ἐπειδήπερ</span> <span class='ocrx_word' id='word_1_500' title='bbox 2966 3463 3182 3516; x_wconf 69' lang='grc' dir='ltr'><strong>πολλοὶ</strong></span> <span class='ocrx_word' id='word_1_501' title='bbox 3231 3461 3632 3528; x_wconf 74' lang='grc' dir='ltr'>ἐπεχείρησαν</span> <span class='ocrx_word' id='word_1_502' title='bbox 3687 3457 3832 3508; x_wconf 80' lang='lat' dir='ltr'><strong>dra-</strong></span> 
     </span>
    </p>
   </div>
   <div class='ocr_carea' id='block_1_79' title="bbox 2253 3549 3832 3628">
    <p class='ocr_par' dir='ltr' id='par_1_79' title="bbox 2253 3549 3832 3628">
     <span class='ocr_line' id='line_1_79' title="bbox 2253 3549 3832 3628; baseline -0.009 -14"><span class='ocrx_word' id='word_1_503' title='bbox 2253 3563 2543 3626; x_wconf 79' lang='grc' dir='ltr'>τὰξασθαι</span> <span class='ocrx_word' id='word_1_504' title='bbox 2571 3559 2852 3628; x_wconf 74' lang='grc' dir='ltr'>διήγησιν</span> <span class='ocrx_word' id='word_1_505' title='bbox 2876 3556 3009 3624; x_wconf 82' lang='grc' dir='ltr'>περί</span> <span class='ocrx_word' id='word_1_506' title='bbox 3057 3553 3172 3606; x_wconf 78' lang='grc' dir='ltr'><strong>τῶν</strong></span> <span class='ocrx_word' id='word_1_507' title='bbox 3194 3549 3832 3619; x_wconf 70' lang='grc' dir='ltr'>πεπληροφορημένων</span> 
     </span>
    </p>
   </div>
   <div class='ocr_carea' id='block_1_80' title="bbox 2252 3643 3832 3720">
    <p class='ocr_par' dir='ltr' id='par_1_80' title="bbox 2252 3643 3832 3720">
     <span class='ocr_line' id='line_1_80' title="bbox 2252 3643 3832 3720; baseline -0.01 -12"><span class='ocrx_word' id='word_1_508' title='bbox 2252 3657 2320 3709; x_wconf 77' lang='grc' dir='ltr'>ἐν</span> <span class='ocrx_word' id='word_1_509' title='bbox 2352 3653 2495 3720; x_wconf 71' lang='grc' dir='ltr'>ἡμῖν</span> <span class='ocrx_word' id='word_1_510' title='bbox 2551 3650 2929 3720; x_wconf 72' lang='grc' dir='ltr'>πραγμάτων.</span> <span class='ocrx_word' id='word_1_511' title='bbox 2995 3646 3367 3716; x_wconf 75' lang='grc' dir='ltr'>Εὺατγέλιον</span> <span class='ocrx_word' id='word_1_512' title='bbox 3393 3644 3448 3696; x_wconf 74' lang='grc' dir='ltr'>δὲ</span> <span class='ocrx_word' id='word_1_513' title='bbox 3498 3643 3704 3711; x_wconf 79' lang='grc' dir='ltr'>ταύτην</span> <span class='ocrx_word' id='word_1_514' title='bbox 3733 3659 3832 3693; x_wconf 82' lang='grc' dir='ltr'><strong>κε·</strong></span> 
     </span>
    </p>
   </div>
   <div class='ocr_carea' id='block_1_81' title="bbox 2255 3729 3829 3818">
    <p class='ocr_par' dir='ltr' id='par_1_81' title="bbox 2255 3729 3829 3818">
     <span class='ocr_line' id='line_1_81' title="bbox 2255 3729 3829 3818; baseline -0.01 -16"><span class='ocrx_word' id='word_1_515' title='bbox 2255 3750 2524 3818; x_wconf 73' lang='grc' dir='ltr'>κλήκασι·</span> <span class='ocrx_word' id='word_1_516' title='bbox 2553 3747 2686 3798; x_wconf 82' lang='grc' dir='ltr'>διότι</span> <span class='ocrx_word' id='word_1_517' title='bbox 2718 3743 2895 3810; x_wconf 68' lang='grc' dir='ltr'>ἀγαθὰ</span> <span class='ocrx_word' id='word_1_518' title='bbox 2927 3741 3121 3810; x_wconf 75' lang='grc' dir='ltr'>μηνύει</span> <span class='ocrx_word' id='word_1_519' title='bbox 3167 3742 3280 3801; x_wconf 83' lang='grc' dir='ltr'>τοῖς</span> <span class='ocrx_word' id='word_1_520' title='bbox 3321 3737 3651 3808; x_wconf 81' lang='grc' dir='ltr'>ἀνθρώποις,</span> <span class='ocrx_word' id='word_1_521' title='bbox 3687 3729 3829 3799; x_wconf 72' lang='grc' dir='ltr'>οἷον,</span> 
     </span>
    </p>
   </div>
   <div class='ocr_carea' id='block_1_82' title="bbox 2253 3828 3830 3906">
    <p class='ocr_par' dir='ltr' id='par_1_82' title="bbox 2253 3828 3830 3906">
     <span class='ocr_line' id='line_1_82' title="bbox 2253 3828 3830 3906; baseline -0.008 -15"><span class='ocrx_word' id='word_1_522' title='bbox 2253 3838 2388 3891; x_wconf 77' lang='grc' dir='ltr'>Θεοῦ</span> <span class='ocrx_word' id='word_1_523' title='bbox 2438 3835 2870 3906; x_wconf 80' lang='grc' dir='ltr'>ἐνανορὼπησιν,</span> <span class='ocrx_word' id='word_1_524' title='bbox 2932 3832 3219 3901; x_wconf 80' lang='grc' dir='ltr'>ἀνθρώπου</span> <span class='ocrx_word' id='word_1_525' title='bbox 3273 3829 3490 3889; x_wconf 80' lang='grc' dir='ltr'>Θέωσιν,</span> <span class='ocrx_word' id='word_1_526' title='bbox 3554 3828 3830 3896; x_wconf 81' lang='grc' dir='ltr'>δαιμόνων</span> 
     </span>
    </p>
   </div>
   <div class='ocr_carea' id='block_1_83' title="bbox 2256 3922 3830 4001">
    <p class='ocr_par' dir='ltr' id='par_1_83' title="bbox 2256 3922 3830 4001">
     <span class='ocr_line' id='line_1_83' title="bbox 2256 3922 3830 4001; baseline -0.009 -15"><span class='ocrx_word' id='word_1_527' title='bbox 2256 3932 2567 3992; x_wconf 76' lang='grc' dir='ltr'>κατάλυσιν,</span> <span class='ocrx_word' id='word_1_528' title='bbox 2593 3927 3006 4001; x_wconf 80' lang='grc' dir='ltr'>ἁμαρτημάτων</span> <span class='ocrx_word' id='word_1_529' title='bbox 3029 3927 3208 3987; x_wconf 85' lang='grc' dir='ltr'>λύσιν,</span> <span class='ocrx_word' id='word_1_530' title='bbox 3243 3924 3621 3992; x_wconf 75' lang='grc' dir='ltr'>ἀναγιίννησιν,</span> <span class='ocrx_word' id='word_1_531' title='bbox 3645 3922 3794 3974; x_wconf 75' lang='lat' dir='ltr'><strong>uices</strong></span> <span class='ocrx_word' id='word_1_532' title='bbox 3814 3954 3830 3964; x_wconf 70' lang='grc' dir='ltr'><strong><em>ο</em></strong></span> 
     </span>
    </p>
   </div>
   <div class='ocr_carea' id='block_1_84' title="bbox 2257 4015 3826 4090">
    <p class='ocr_par' dir='ltr' id='par_1_84' title="bbox 2257 4015 3826 4090">
     <span class='ocr_line' id='line_1_84' title="bbox 2257 4015 3826 4090; baseline -0.005 -16"><span class='ocrx_word' id='word_1_533' title='bbox 2257 4023 2380 4075; x_wconf 90' lang='grc' dir='ltr'>σίαν</span> <span class='ocrx_word' id='word_1_534' title='bbox 2412 4022 2505 4074; x_wconf 77' lang='grc' dir='ltr'><strong>καὶ</strong></span> <span class='ocrx_word' id='word_1_535' title='bbox 2544 4019 2909 4090; x_wconf 69' lang='grc' dir='ltr'>κληρονομίαν</span> <span class='ocrx_word' id='word_1_536' title='bbox 2940 4019 3036 4087; x_wconf 83' lang='grc' dir='ltr'>τῆς</span> <span class='ocrx_word' id='word_1_537' title='bbox 3069 4017 3344 4087; x_wconf 79' lang='grc' dir='ltr'>βασιλείας</span> <span class='ocrx_word' id='word_1_538' title='bbox 3394 4016 3504 4069; x_wconf 77' lang='grc' dir='ltr'>τῶν</span> <span class='ocrx_word' id='word_1_539' title='bbox 3555 4015 3826 4081; x_wconf 76' lang='grc' dir='ltr'>οὐρανῶν.</span> 
     </span>
    </p>
   </div>
   <div class='ocr_carea' id='block_1_85' title="bbox 2260 4102 3828 4181">
    <p class='ocr_par' dir='ltr' id='par_1_85' title="bbox 2260 4102 3828 4181">
     <span class='ocr_line' id='line_1_85' title="bbox 2260 4102 3828 4181; baseline -0.008 -15"><span class='ocrx_word' id='word_1_540' title='bbox 2260 4113 2656 4181; x_wconf 72' lang='grc' dir='ltr'>Εὐαγγελισταὶ</span> <span class='ocrx_word' id='word_1_541' title='bbox 2683 4112 2740 4165; x_wconf 74' lang='grc' dir='ltr'>δέ</span> <span class='ocrx_word' id='word_1_542' title='bbox 2782 4115 2940 4176; x_wconf 86' lang='grc' dir='ltr'>είσιν,</span> <span class='ocrx_word' id='word_1_543' title='bbox 2968 4111 3064 4178; x_wconf 70' lang='grc' dir='ltr'><strong>οὐχ</strong></span> <span class='ocrx_word' id='word_1_544' title='bbox 3095 4113 3142 4162; x_wconf 89' lang='grc' dir='ltr'><strong>οί</strong></span> <span class='ocrx_word' id='word_1_545' title='bbox 3173 4109 3433 4176; x_wconf 73' lang='grc' dir='ltr'>τέσσαρες</span> <span class='ocrx_word' id='word_1_546' title='bbox 3459 4102 3605 4160; x_wconf 74' lang='grc' dir='ltr'>οὗτοι</span> <span class='ocrx_word' id='word_1_547' title='bbox 3641 4107 3828 4175; x_wconf 78' lang='grc' dir='ltr'>μόνον,</span> 
     </span>
    </p>
   </div>
   <div class='ocr_carea' id='block_1_86' title="bbox 2257 4194 3830 4275">
    <p class='ocr_par' dir='ltr' id='par_1_86' title="bbox 2257 4194 3830 4275">
     <span class='ocr_line' id='line_1_86' title="bbox 2257 4194 3830 4275; baseline -0.006 -16"><span class='ocrx_word' id='word_1_548' title='bbox 2257 4206 2392 4260; x_wconf 70' lang='grc' dir='ltr'>ἀλλὰ</span> <span class='ocrx_word' id='word_1_549' title='bbox 2414 4205 2722 4275; x_wconf 82' lang='grc' dir='ltr'>σύμπαντες</span> <span class='ocrx_word' id='word_1_550' title='bbox 2745 4204 2793 4256; x_wconf 83' lang='grc' dir='ltr'>οἱ</span> <span class='ocrx_word' id='word_1_551' title='bbox 2818 4201 3125 4262; x_wconf 80' lang='grc' dir='ltr'>ἀπόστολοι,</span> <span class='ocrx_word' id='word_1_552' title='bbox 3151 4200 3276 4268; x_wconf 73' lang='grc' dir='ltr'>περὶ</span> <span class='ocrx_word' id='word_1_553' title='bbox 3306 4194 3380 4251; x_wconf 83' lang='grc' dir='ltr'>ὧν</span> <span class='ocrx_word' id='word_1_554' title='bbox 3406 4201 3554 4266; x_wconf 83' lang='grc' dir='ltr'>κοινῇ</span> <span class='ocrx_word' id='word_1_555' title='bbox 3588 4216 3830 4266; x_wconf 79' lang='grc' dir='ltr'>προανε-</span> 
     </span>
    </p>
   </div>
   <div class='ocr_carea' id='block_1_87' title="bbox 2257 4290 3832 4368">
    <p class='ocr_par' dir='ltr' id='par_1_87' title="bbox 2257 4290 3832 4368">
     <span class='ocr_line' id='line_1_87' title="bbox 2257 4290 3832 4368; baseline -0.006 -16"><span class='ocrx_word' id='word_1_556' title='bbox 2257 4298 2506 4368; x_wconf 79' lang='grc' dir='ltr'>φώνησεν</span> <span class='ocrx_word' id='word_1_557' title='bbox 2540 4297 2785 4359; x_wconf 74' lang='grc' dir='ltr'>Ἡσαΐαςο</span> <span class='ocrx_word' id='word_1_558' title='bbox 2821 4296 2916 4360; x_wconf 84' lang='grc' dir='ltr'>Ὠς</span> <span class='ocrx_word' id='word_1_559' title='bbox 2939 4294 3161 4362; x_wconf 76' lang='grc' dir='ltr'>ὡραῖοι,</span> <span class='ocrx_word' id='word_1_560' title='bbox 3188 4293 3385 4360; x_wconf 83' lang='grc' dir='ltr'>λέγων,</span> <span class='ocrx_word' id='word_1_561' title='bbox 3419 4294 3473 4345; x_wconf 81' lang='grc' dir='ltr'>οἱ</span> <span class='ocrx_word' id='word_1_562' title='bbox 3499 4291 3681 4356; x_wconf 81' lang='grc' dir='ltr'>πόδες</span> <span class='ocrx_word' id='word_1_563' title='bbox 3707 4290 3832 4344; x_wconf 74' lang='grc' dir='ltr'>τῶν</span> 
     </span>
    </p>
   </div>
   <div class='ocr_carea' id='block_1_88' title="bbox 2254 4383 3833 4460">
    <p class='ocr_par' dir='ltr' id='par_1_88' title="bbox 2254 4383 3833 4460">
     <span class='ocr_line' id='line_1_88' title="bbox 2254 4383 3833 4460; baseline -0.006 -16"><span class='ocrx_word' id='word_1_564' title='bbox 2254 4389 2791 4460; x_wconf 67' lang='grc' dir='ltr'>εὐαγγελιζομένων</span> <span class='ocrx_word' id='word_1_565' title='bbox 2821 4387 3089 4455; x_wconf 73' lang='grc' dir='ltr'>εἰρήνην,</span> <span class='ocrx_word' id='word_1_566' title='bbox 3133 4383 3252 4438; x_wconf 82' lang='grc' dir='ltr'>τῶν</span> <span class='ocrx_word' id='word_1_567' title='bbox 3288 4383 3833 4453; x_wconf 50' lang='grc' dir='ltr'>εὐαγγελιζομένων</span> 
     </span>
    </p>
   </div>
   <div class='ocr_carea' id='block_1_89' title="bbox 2257 4478 3830 4555">
    <p class='ocr_par' dir='ltr' id='par_1_89' title="bbox 2257 4478 3830 4555">
     <span class='ocr_line' id='line_1_89' title="bbox 2257 4478 3830 4555; baseline -0.004 -19"><span class='ocrx_word' id='word_1_568' title='bbox 2257 4487 2327 4540; x_wconf 79' lang='grc' dir='ltr'>τὰ</span> <span class='ocrx_word' id='word_1_569' title='bbox 2353 4484 2572 4552; x_wconf 72' lang='grc' dir='ltr'>ἀγαθά]</span> <span class='ocrx_word' id='word_1_570' title='bbox 2604 4482 2746 4534; x_wconf 76' lang='grc' dir='ltr'>Ἀλλ’</span> <span class='ocrx_word' id='word_1_571' title='bbox 2781 4484 2828 4534; x_wconf 90' lang='grc' dir='ltr'><strong>οί</strong></span> <span class='ocrx_word' id='word_1_572' title='bbox 2858 4483 3127 4555; x_wconf 40' lang='grc' dir='ltr'>τέσσαρες.</span> <span class='ocrx_word' id='word_1_573' title='bbox 3145 4480 3242 4548; x_wconf 80' lang='grc' dir='ltr'>μὲν</span> <span class='ocrx_word' id='word_1_574' title='bbox 3273 4481 3416 4538; x_wconf 63' lang='lat' dir='ltr'><strong>tam;</strong></span> <span class='ocrx_word' id='word_1_575' title='bbox 3441 4478 3830 4544; x_wconf 73' lang='grc' dir='ltr'>εὐαγγελισταὶ</span> 
     </span>
    </p>
   </div>
   <div class='ocr_carea' id='block_1_90' title="bbox 591 4538 2148 4645">
    <p class='ocr_par' dir='ltr' id='par_1_90' title="bbox 591 4538 2148 4622">
     <span class='ocr_line' id='line_1_90' title="bbox 591 4538 2148 4622; baseline 0.012 -34"><span class='ocrx_word' id='word_1_576' title='bbox 591 4538 1061 4603; x_wconf 80' lang='lat' dir='ltr'><strong>evanqelizantium</strong></span> <span class='ocrx_word' id='word_1_577' title='bbox 1095 4540 1230 4599; x_wconf 81' lang='lat' dir='ltr'><strong>bona</strong></span> <span class='ocrx_word' id='word_1_578' title='bbox 1251 4543 1290 4595; x_wconf 91' lang='grc'>⁷.</span> <span class='ocrx_word' id='word_1_579' title='bbox 1332 4541 1525 4598; x_wconf 81' lang='lat' dir='ltr'><strong>Verum</strong></span> <span class='ocrx_word' id='word_1_580' title='bbox 1569 4547 1621 4600; x_wconf 88' lang='lat' dir='ltr'><strong>hi</strong></span> <span class='ocrx_word' id='word_1_581' title='bbox 1665 4559 1895 4616; x_wconf 86' lang='lat' dir='ltr'><strong>quatuor</strong></span> <span class='ocrx_word' id='word_1_582' title='bbox 1938 4554 2148 4622; x_wconf 80' lang='lat' dir='ltr'><strong>prapric</strong></span> 
     </span>
    </p>
   </div>
   <div class='ocr_carea' id='block_1_91' title="bbox 2251 4538 3831 4645">
    <p class='ocr_par' dir='ltr' id='par_1_91' title="bbox 2259 4538 3831 4645">
     <span class='ocr_line' id='line_1_91' title="bbox 2259 4538 3831 4645; baseline -0.004 -15"><span class='ocrx_word' id='word_1_583' title='bbox 2259 4538 2570 4645; x_wconf 60' lang='grc' dir='ltr'>κέκληνται,</span> <span class='ocrx_word' id='word_1_584' title='bbox 2610 4577 2683 4637; x_wconf 87' lang='grc' dir='ltr'>ὼς</span> <span class='ocrx_word' id='word_1_585' title='bbox 2715 4576 3008 4642; x_wconf 48' lang='grc' dir='ltr'>ὲγγράςςως</span> <span class='ocrx_word' id='word_1_586' title='bbox 3031 4538 3172 4642; x_wconf 64' lang='grc' dir='ltr'><strong>¹περὶ</strong></span> <span class='ocrx_word' id='word_1_587' title='bbox 3195 4572 3410 4624; x_wconf 82' lang='grc' dir='ltr'>πάντων</span> <span class='ocrx_word' id='word_1_588' title='bbox 3435 4573 3831 4640; x_wconf 79' lang='grc' dir='ltr'>διηγησάμενοι</span> 
     </span>
    </p>
   </div>
   <div class='ocr_carea' id='block_1_92' title="bbox 592 4630 2150 4712">
    <p class='ocr_par' dir='ltr' id='par_1_92' title="bbox 592 4630 2150 4712">
     <span class='ocr_line' id='line_1_92' title="bbox 592 4630 2150 4712; baseline 0.012 -33"><span class='ocrx_word' id='word_1_589' title='bbox 592 4630 934 4699; x_wconf 70' lang='lat' dir='ltr'><strong>evangelista:</strong></span> <span class='ocrx_word' id='word_1_590' title='bbox 979 4633 1150 4688; x_wconf 76' lang='lat' dir='ltr'><strong>vocati</strong></span> <span class='ocrx_word' id='word_1_591' title='bbox 1191 4645 1337 4699; x_wconf 79' lang='lat' dir='ltr'><strong>sunt,</strong></span> <span class='ocrx_word' id='word_1_592' title='bbox 1375 4638 1528 4705; x_wconf 91' lang='lat' dir='ltr'><strong>quasi</strong></span> <span class='ocrx_word' id='word_1_593' title='bbox 1561 4641 1650 4708; x_wconf 91' lang='lat' dir='ltr'><strong>qui</strong></span> <span class='ocrx_word' id='word_1_594' title='bbox 1687 4657 1782 4709; x_wconf 88' lang='lat' dir='ltr'><strong>per</strong></span> <span class='ocrx_word' id='word_1_595' title='bbox 1825 4643 2150 4712; x_wconf 81' lang='lat' dir='ltr'><strong>scripturam</strong></span> 
     </span>
    </p>
   </div>
   <div class='ocr_carea' id='block_1_93' title="bbox 592 4722 2153 4799">
    <p class='ocr_par' dir='ltr' id='par_1_93' title="bbox 592 4722 2153 4799">
     <span class='ocr_line' id='line_1_93' title="bbox 592 4722 2153 4799; baseline 0.01 -25"><span class='ocrx_word' id='word_1_596' title='bbox 592 4722 770 4774; x_wconf 91' lang='lat' dir='ltr'><strong>omnia</strong></span> <span class='ocrx_word' id='word_1_597' title='bbox 820 4736 1178 4780; x_wconf 78' lang='lat' dir='ltr'><strong>narraverunt</strong></span> <span class='ocrx_word' id='word_1_598' title='bbox 1223 4742 1285 4783; x_wconf 89' lang='lat' dir='ltr'><strong>ac</strong></span> <span class='ocrx_word' id='word_1_599' title='bbox 1340 4731 1719 4799; x_wconf 84' lang='lat' dir='ltr'><strong>prodiderunt;</strong></span> <span class='ocrx_word' id='word_1_600' title='bbox 1788 4737 1968 4790; x_wconf 87' lang='lat' dir='ltr'><strong>caeteri</strong></span> <span class='ocrx_word' id='word_1_601' title='bbox 2025 4753 2153 4790; x_wconf 81' lang='lat' dir='ltr'><strong>vero</strong></span> 
     </span>
    </p>
   </div>
   <div class='ocr_carea' id='block_1_94' title="bbox 590 4819 2151 4894">
    <p class='ocr_par' dir='ltr' id='par_1_94' title="bbox 590 4819 2151 4894">
     <span class='ocr_line' id='line_1_94' title="bbox 590 4819 2151 4894; baseline 0.012 -31"><span class='ocrx_word' id='word_1_602' title='bbox 590 4829 800 4877; x_wconf 83' lang='lat' dir='ltr'><strong>omnes.</strong></span> <span class='ocrx_word' id='word_1_603' title='bbox 849 4825 1101 4884; x_wconf 87' lang='lat' dir='ltr'><strong>tanquam</strong></span> <span class='ocrx_word' id='word_1_604' title='bbox 1139 4819 1230 4886; x_wconf 90' lang='lat' dir='ltr'><strong>qui</strong></span> <span class='ocrx_word' id='word_1_605' title='bbox 1278 4822 1376 4873; x_wconf 86' lang='lat' dir='ltr'><strong>hoc</strong></span> <span class='ocrx_word' id='word_1_606' title='bbox 1417 4823 1590 4892; x_wconf 89' lang='lat' dir='ltr'><strong>ipsum</strong></span> <span class='ocrx_word' id='word_1_607' title='bbox 1625 4825 1743 4878; x_wconf 89' lang='lat' dir='ltr'><strong>sine</strong></span> <span class='ocrx_word' id='word_1_608' title='bbox 1776 4826 2037 4894; x_wconf 85' lang='lat' dir='ltr'><strong>scriptura</strong></span> <span class='ocrx_word' id='word_1_609' title='bbox 2076 4828 2151 4882; x_wconf 86' lang='lat' dir='ltr'><strong>l&#39;e-</strong></span> 
     </span>
    </p>
   </div>
   <div class='ocr_carea' id='block_1_95' title="bbox 593 4914 804 4958">
    <p class='ocr_par' dir='ltr' id='par_1_95' title="bbox 593 4914 804 4958">
     <span class='ocr_line' id='line_1_95' title="bbox 593 4914 804 4958; baseline -0.005 0"><span class='ocrx_word' id='word_1_610' title='bbox 593 4914 804 4958; x_wconf 77' lang='grc' dir='ltr'>εεῐυηι.</span> 
     </span>
    </p>
   </div>
   <div class='ocr_carea' id='block_1_96' title="bbox 663 4996 2150 5074">
    <p class='ocr_par' dir='ltr' id='par_1_96' title="bbox 663 4996 2150 5074">
     <span class='ocr_line' id='line_1_96' title="bbox 663 4996 2150 5074; baseline 0.011 -25"><span class='ocrx_word' id='word_1_611' title='bbox 663 4996 794 5065; x_wconf 84' lang='lat' dir='ltr'><strong>Cap.</strong></span> <span class='ocrx_word' id='word_1_612' title='bbox 826 4998 1031 5062; x_wconf 78' lang='lat' dir='ltr'><strong>I,\&#39;ers.</strong></span> <span class='ocrx_word' id='word_1_613' title='bbox 1070 5003 1118 5054; x_wconf 85' lang='lat' dir='ltr'><strong>I.</strong></span> <span class='ocrx_word' id='word_1_614' title='bbox 1147 5002 1303 5058; x_wconf 82' lang='lat' dir='ltr'><strong>Liber</strong></span> <span class='ocrx_word' id='word_1_615' title='bbox 1352 5009 1705 5074; x_wconf 72' lang='lat' dir='ltr'><strong>generationis</strong></span> <span class='ocrx_word' id='word_1_616' title='bbox 1755 5009 1880 5062; x_wconf 82' lang='lat' dir='ltr'><strong>Jesu</strong></span> <span class='ocrx_word' id='word_1_617' title='bbox 1938 5011 2150 5066; x_wconf 82' lang='lat' dir='ltr'><strong>Christi.</strong></span> 
     </span>
    </p>
   </div>
   <div class='ocr_carea' id='block_1_97' title="bbox 595 5087 2153 5174">
    <p class='ocr_par' dir='ltr' id='par_1_97' title="bbox 595 5087 2153 5174">
     <span class='ocr_line' id='line_1_97' title="bbox 595 5087 2153 5174; baseline 0.01 -32"><span class='ocrx_word' id='word_1_618' title='bbox 595 5087 700 5142; x_wconf 82' lang='lat' dir='ltr'><strong>Per</strong></span> <span class='ocrx_word' id='word_1_619' title='bbox 745 5093 1147 5159; x_wconf 80' lang='lat' dir='ltr'><strong>generationem</strong></span> <span class='ocrx_word' id='word_1_620' title='bbox 1205 5097 1456 5169; x_wconf 78' lang='lat' dir='ltr'><strong>intelligit</strong></span> <span class='ocrx_word' id='word_1_621' title='bbox 1498 5099 1580 5152; x_wconf 88' lang='lat' dir='ltr'><strong>hic</strong></span> <span class='ocrx_word' id='word_1_622' title='bbox 1624 5101 1861 5156; x_wconf 81' lang='lat' dir='ltr'><strong>Joannes</strong></span> <span class='ocrx_word' id='word_1_623' title='bbox 1917 5104 2153 5174; x_wconf 69' lang='lat' dir='ltr'><strong>Chryso-</strong></span> 
     </span>
    </p>
   </div>
   <div class='ocr_carea' id='block_1_98' title="bbox 595 5185 2150 5258">
    <p class='ocr_par' dir='ltr' id='par_1_98' title="bbox 595 5185 2150 5258">
     <span class='ocr_line' id='line_1_98' title="bbox 595 5185 2150 5258; baseline 0.01 -27"><span class='ocrx_word' id='word_1_624' title='bbox 595 5191 822 5247; x_wconf 85' lang='lat' dir='ltr'><strong>stomus,</strong></span> <span class='ocrx_word' id='word_1_625' title='bbox 859 5185 1214 5241; x_wconf 81' lang='lat' dir='ltr'><strong>nativitatem.</strong></span> <span class='ocrx_word' id='word_1_626' title='bbox 1257 5189 1432 5244; x_wconf 88' lang='lat' dir='ltr'><strong>Dictio</strong></span> <span class='ocrx_word' id='word_1_627' title='bbox 1461 5191 1727 5258; x_wconf 84' lang='lat' dir='ltr'><strong>siquidem</strong></span> <span class='ocrx_word' id='word_1_628' title='bbox 1766 5195 1996 5258; x_wconf 75' lang='grc' dir='ltr'>γένεσις,</span> <span class='ocrx_word' id='word_1_629' title='bbox 2031 5211 2150 5248; x_wconf 87' lang='lat' dir='ltr'><strong>cum</strong></span> 
     </span>
    </p>
   </div>
   <div class='ocr_carea' id='block_1_99' title="bbox 667 5360 1447 5428">
    <p class='ocr_par' dir='ltr' id='par_1_99' title="bbox 667 5360 1447 5428">
     <span class='ocr_line' id='line_1_99' title="bbox 667 5360 1447 5428; baseline 0.013 -19"><span class='ocrx_word' id='word_1_630' title='bbox 667 5360 683 5387; x_wconf 72' lang='grc'><strong>⁸</strong></span> <span class='ocrx_word' id='word_1_631' title='bbox 721 5360 827 5412; x_wconf 82' lang='lat' dir='ltr'><strong>Luc</strong></span> <span class='ocrx_word' id='word_1_632' title='bbox 885 5378 917 5418; x_wconf 83' lang='grc' dir='ltr'><strong>ι,</strong></span> <span class='ocrx_word' id='word_1_633' title='bbox 956 5364 1001 5413; x_wconf 87' lang='lat' dir='ltr'><strong>l.</strong></span> <span class='ocrx_word' id='word_1_634' title='bbox 1082 5365 1096 5390; x_wconf 85' lang='grc'><strong>⁷</strong></span> <span class='ocrx_word' id='word_1_635' title='bbox 1134 5364 1229 5414; x_wconf 70' lang='lat' dir='ltr'><strong>lsn.</strong></span> <span class='ocrx_word' id='word_1_636' title='bbox 1269 5381 1357 5428; x_wconf 84' lang='lat' dir='ltr'><strong>Ltt,</strong></span> <span class='ocrx_word' id='word_1_637' title='bbox 1401 5369 1447 5419; x_wconf 87' lang='lat'><strong>7.</strong></span> 
     </span>
    </p>
   </div>
   <div class='ocr_carea' id='block_1_100' title="bbox 2261 4664 3828 4739">
    <p class='ocr_par' dir='ltr' id='par_1_100' title="bbox 2261 4664 3828 4739">
     <span class='ocr_line' id='line_1_100' title="bbox 2261 4664 3828 4739; baseline -0.003 -16"><span class='ocrx_word' id='word_1_638' title='bbox 2261 4672 2354 4724; x_wconf 75' lang='grc' dir='ltr'><strong>καὶ</strong></span> <span class='ocrx_word' id='word_1_639' title='bbox 2387 4672 2773 4739; x_wconf 77' lang='grc' dir='ltr'>ἱστορήσαντες</span> <span class='ocrx_word' id='word_1_640' title='bbox 2796 4684 2809 4696; x_wconf 88' lang='grc'><strong>·</strong></span> <span class='ocrx_word' id='word_1_641' title='bbox 2844 4669 2891 4720; x_wconf 82' lang='grc' dir='ltr'>οἱ</span> <span class='ocrx_word' id='word_1_642' title='bbox 2917 4667 2960 4718; x_wconf 80' lang='grc' dir='ltr'>δ’</span> <span class='ocrx_word' id='word_1_643' title='bbox 2990 4665 3139 4719; x_wconf 80' lang='grc' dir='ltr'>ἄλλοι</span> <span class='ocrx_word' id='word_1_644' title='bbox 3198 4666 3417 4726; x_wconf 82' lang='grc' dir='ltr'>πάντες,</span> <span class='ocrx_word' id='word_1_645' title='bbox 3455 4664 3529 4727; x_wconf 82' lang='grc' dir='ltr'>ὡς</span> <span class='ocrx_word' id='word_1_646' title='bbox 3563 4666 3828 4735; x_wconf 72' lang='grc' dir='ltr'>ἀγράφως</span> 
     </span>
    </p>
   </div>
   <div class='ocr_carea' id='block_1_101' title="bbox 2257 4761 2788 4830">
    <p class='ocr_par' dir='ltr' id='par_1_101' title="bbox 2257 4761 2788 4830">
     <span class='ocr_line' id='line_1_101' title="bbox 2257 4761 2788 4830; baseline -0.002 -14"><span class='ocrx_word' id='word_1_647' title='bbox 2257 4762 2417 4816; x_wconf 81' lang='grc' dir='ltr'>τοῦτο</span> <span class='ocrx_word' id='word_1_648' title='bbox 2449 4761 2788 4830; x_wconf 80' lang='grc' dir='ltr'>ποιήσαντες.</span> 
     </span>
    </p>
   </div>
   <div class='ocr_carea' id='block_1_102' title="bbox 2335 5002 3825 5074">
    <p class='ocr_par' dir='ltr' id='par_1_102' title="bbox 2335 5002 3825 5074">
     <span class='ocr_line' id='line_1_102' title="bbox 2335 5002 3825 5074; baseline -0.003 -15"><span class='ocrx_word' id='word_1_649' title='bbox 2335 5007 2552 5070; x_wconf 74' lang='grc' dir='ltr'><strong>Βίϐλος</strong></span> <span class='ocrx_word' id='word_1_650' title='bbox 2593 5005 2883 5074; x_wconf 76' lang='grc' dir='ltr'>γενέσεως</span> <span class='ocrx_word' id='word_1_651' title='bbox 2934 5002 3137 5070; x_wconf 86' lang='grc' dir='ltr'>Ἰησοῦ</span> <span class='ocrx_word' id='word_1_652' title='bbox 3177 5002 3454 5068; x_wconf 81' lang='grc' dir='ltr'>Χριστοῦ.</span> <span class='ocrx_word' id='word_1_653' title='bbox 3493 5002 3712 5054; x_wconf 78' lang='grc' dir='ltr'>Γένεσιν</span> <span class='ocrx_word' id='word_1_654' title='bbox 3748 5004 3825 5072; x_wconf 71' lang='lat' dir='ltr'><strong>((ife</strong></span> 
     </span>
    </p>
   </div>
   <div class='ocr_carea' id='block_1_103' title="bbox 2264 5093 3822 5168">
    <p class='ocr_par' dir='ltr' id='par_1_103' title="bbox 2264 5093 3822 5168">
     <span class='ocr_line' id='line_1_103' title="bbox 2264 5093 3822 5168; baseline -0.004 -17"><span class='ocrx_word' id='word_1_655' title='bbox 2264 5098 2491 5151; x_wconf 61' lang='lat' dir='ltr'><strong>ambo;</strong></span> <span class='ocrx_word' id='word_1_656' title='bbox 2521 5100 2618 5168; x_wconf 82' lang='grc' dir='ltr'>τὴν</span> <span class='ocrx_word' id='word_1_657' title='bbox 2640 5098 2896 5166; x_wconf 85' lang='grc' dir='ltr'>γέννησιν</span> <span class='ocrx_word' id='word_1_658' title='bbox 2919 5096 3138 5164; x_wconf 77' lang='grc' dir='ltr'>ἐνόησεν</span> <span class='ocrx_word' id='word_1_659' title='bbox 3160 5096 3186 5146; x_wconf 84' lang='grc' dir='ltr'>ὁ</span> <span class='ocrx_word' id='word_1_660' title='bbox 3229 5095 3614 5162; x_wconf 77' lang='grc' dir='ltr'>Χρυσόστομος</span> <span class='ocrx_word' id='word_1_661' title='bbox 3639 5093 3822 5146; x_wconf 74' lang='grc' dir='ltr'>Ἰωάν-</span> 
     </span>
    </p>
   </div>
   <div class='ocr_carea' id='block_1_104' title="bbox 2263 5184 3824 5260">
    <p class='ocr_par' dir='ltr' id='par_1_104' title="bbox 2263 5184 3824 5260">
     <span class='ocr_line' id='line_1_104' title="bbox 2263 5184 3824 5260; baseline -0.003 -16"><span class='ocrx_word' id='word_1_662' title='bbox 2263 5211 2379 5259; x_wconf 77' lang='grc' dir='ltr'>νης.</span> <span class='ocrx_word' id='word_1_663' title='bbox 2429 5193 2488 5244; x_wconf 86' lang='lat' dir='ltr'><strong>&#39;II</strong></span> <span class='ocrx_word' id='word_1_664' title='bbox 2533 5192 2640 5260; x_wconf 75' lang='grc' dir='ltr'><strong>γὰρ</strong></span> <span class='ocrx_word' id='word_1_665' title='bbox 2671 5191 2880 5258; x_wconf 82' lang='grc' dir='ltr'>γένεσις</span> <span class='ocrx_word' id='word_1_666' title='bbox 2917 5188 3177 5258; x_wconf 77' lang='grc' dir='ltr'>καθολικὴ</span> <span class='ocrx_word' id='word_1_667' title='bbox 3216 5188 3358 5252; x_wconf 80' lang='grc' dir='ltr'>λέξις</span> <span class='ocrx_word' id='word_1_668' title='bbox 3381 5184 3534 5250; x_wconf 77' lang='grc' dir='ltr'>οὖτα,</span> <span class='ocrx_word' id='word_1_669' title='bbox 3569 5189 3824 5256; x_wconf 76' lang='grc' dir='ltr'>σημαίνει</span> 
     </span>
    </p>
   </div>
   <div class='ocr_carea' id='block_1_105' title="bbox 1731 5435 2597 5500">
    <p class='ocr_par' dir='ltr' id='par_1_105' title="bbox 1731 5435 2597 5500">
     <span class='ocr_line' id='line_1_105' title="bbox 1731 5435 2597 5500; baseline 0.008 -10"><span class='ocrx_word' id='word_1_670' title='bbox 1731 5435 1926 5493; x_wconf 63' lang='lat' dir='ltr'><strong>Varia:</strong></span> <span class='ocrx_word' id='word_1_671' title='bbox 1967 5436 2268 5500; x_wconf 66' lang='lat' dir='ltr'><strong>lectiones</strong></span> <span class='ocrx_word' id='word_1_672' title='bbox 2303 5446 2363 5498; x_wconf 80' lang='lat' dir='ltr'><strong>et</strong></span> <span class='ocrx_word' id='word_1_673' title='bbox 2409 5445 2597 5499; x_wconf 66' lang='lat' dir='ltr'><strong>notae.</strong></span> 
     </span>
    </p>
   </div>
   <div class='ocr_carea' id='block_1_106' title="bbox 669 5594 2160 5662">
    <p class='ocr_par' dir='ltr' id='par_1_106' title="bbox 669 5594 2160 5662">
     <span class='ocr_line' id='line_1_106' title="bbox 669 5594 2160 5662; baseline 0.005 -17"><span class='ocrx_word' id='word_1_674' title='bbox 669 5594 743 5661; x_wconf 64' lang='lat'><strong>(5)</strong></span> <span class='ocrx_word' id='word_1_675' title='bbox 804 5596 875 5646; x_wconf 74' lang='grc' dir='ltr'><strong>Τὸ</strong></span> <span class='ocrx_word' id='word_1_676' title='bbox 935 5597 1062 5648; x_wconf 78' lang='grc' dir='ltr'>ἄλλο</span> <span class='ocrx_word' id='word_1_677' title='bbox 1123 5598 1211 5648; x_wconf 75' lang='grc' dir='ltr'><strong>καὶ</strong></span> <span class='ocrx_word' id='word_1_678' title='bbox 1260 5596 1409 5657; x_wconf 80' lang='grc' dir='ltr'>ἄλλο,</span> <span class='ocrx_word' id='word_1_679' title='bbox 1473 5600 1502 5662; x_wconf 83' lang='grc' dir='ltr'><strong>ἥ</strong></span> <span class='ocrx_word' id='word_1_680' title='bbox 1543 5601 1632 5650; x_wconf 77' lang='grc' dir='ltr'><strong>καί</strong></span> <span class='ocrx_word' id='word_1_681' title='bbox 1661 5599 1830 5651; x_wconf 68' lang='grc' dir='ltr'>ἄλλως</span> <span class='ocrx_word' id='word_1_682' title='bbox 1863 5601 1955 5651; x_wconf 71' lang='grc' dir='ltr'>καὶ</span> <span class='ocrx_word' id='word_1_683' title='bbox 1987 5602 2160 5660; x_wconf 75' lang='grc' dir='ltr'>ἄλλως</span> 
     </span>
    </p>
   </div>
   <div class='ocr_carea' id='block_1_107' title="bbox 598 5663 2156 5734">
    <p class='ocr_par' dir='ltr' id='par_1_107' title="bbox 598 5663 2156 5734">
     <span class='ocr_line' id='line_1_107' title="bbox 598 5663 2156 5734; baseline 0.004 -19"><span class='ocrx_word' id='word_1_684' title='bbox 598 5663 923 5730; x_wconf 46' lang='grc' dir='ltr'>διηγεῖσθαι.</span> <span class='ocrx_word' id='word_1_685' title='bbox 954 5667 1040 5718; x_wconf 78' lang='lat' dir='ltr'><strong>Sit:</strong></span> <span class='ocrx_word' id='word_1_686' title='bbox 1082 5668 1508 5734; x_wconf 66' lang='grc' dir='ltr'>ἀλλοιοσχήμων.</span> <span class='ocrx_word' id='word_1_687' title='bbox 1539 5669 1683 5734; x_wconf 64' lang='lat' dir='ltr'><strong>Diog.</strong></span> <span class='ocrx_word' id='word_1_688' title='bbox 1725 5670 1898 5724; x_wconf 64' lang='lat' dir='ltr'><strong>Lucri.</strong></span> <span class='ocrx_word' id='word_1_689' title='bbox 1934 5671 1983 5721; x_wconf 83' lang='lat' dir='ltr'><strong>in</strong></span> <span class='ocrx_word' id='word_1_690' title='bbox 2036 5672 2156 5734; x_wconf 66' lang='grc' dir='ltr'><strong>κνῖ-</strong></span> 
     </span>
    </p>
   </div>
   <div class='ocr_carea' id='block_1_108' title="bbox 599 5736 2126 5806">
    <p class='ocr_par' dir='ltr' id='par_1_108' title="bbox 599 5736 2126 5806">
     <span class='ocr_line' id='line_1_108' title="bbox 599 5736 2126 5806; baseline 0 -22"><span class='ocrx_word' id='word_1_691' title='bbox 599 5751 747 5786; x_wconf 63' lang='grc' dir='ltr'>ωιτη.</span> <span class='ocrx_word' id='word_1_692' title='bbox 797 5751 843 5800; x_wconf 73' lang='grc' dir='ltr'><strong>ιδ.</strong></span> <span class='ocrx_word' id='word_1_693' title='bbox 877 5736 994 5787; x_wconf 63' lang='grc' dir='ltr'>ιον.</span> <span class='ocrx_word' id='word_1_694' title='bbox 1021 5737 1498 5804; x_wconf 64' lang='grc' dir='ltr'>ἀλλοιοτροπεῖται,</span> <span class='ocrx_word' id='word_1_695' title='bbox 1527 5739 1710 5789; x_wconf 55' lang='lat' dir='ltr'><strong>(iul-ﬁn.</strong></span> <span class='ocrx_word' id='word_1_696' title='bbox 1738 5741 1786 5789; x_wconf 70' lang='lat' dir='ltr'><strong>in</strong></span> <span class='ocrx_word' id='word_1_697' title='bbox 1820 5740 2040 5793; x_wconf 68' lang='lat' dir='ltr'><strong>Glossis.</strong></span> <span class='ocrx_word' id='word_1_698' title='bbox 2097 5759 2126 5806; x_wconf 84' lang='lat' dir='ltr'><strong>p</strong></span> 
     </span>
    </p>
   </div>
   <div class='ocr_carea' id='block_1_109' title="bbox 599 5804 1453 5874">
    <p class='ocr_par' dir='ltr' id='par_1_109' title="bbox 599 5804 1453 5874">
     <span class='ocr_line' id='line_1_109' title="bbox 599 5804 1453 5874; baseline 0.006 -20"><span class='ocrx_word' id='word_1_699' title='bbox 599 5805 681 5856; x_wconf 49' lang='lat' dir='ltr'><strong>hi.</strong></span> <span class='ocrx_word' id='word_1_700' title='bbox 723 5804 830 5854; x_wconf 54' lang='lat' dir='ltr'><strong>\I&#39;“.</strong></span> <span class='ocrx_word' id='word_1_701' title='bbox 864 5817 960 5866; x_wconf 74' lang='grc' dir='ltr'>‹“;,-ί,</span> <span class='ocrx_word' id='word_1_702' title='bbox 1031 5809 1223 5874; x_wconf 60' lang='grc' dir='ltr'><strong>ιΪ’τ⁵ς‹ι›;</strong></span> <span class='ocrx_word' id='word_1_703' title='bbox 1263 5810 1453 5859; x_wconf 69' lang='grc' dir='ltr'><strong>τῖπῖῖ··.</strong></span> 
     </span>
    </p>
   </div>
   <div class='ocr_carea' id='block_1_110' title="bbox 2341 5601 3823 5671">
    <p class='ocr_par' dir='ltr' id='par_1_110' title="bbox 2341 5601 3823 5671">
     <span class='ocr_line' id='line_1_110' title="bbox 2341 5601 3823 5671; baseline 0.007 -18"><span class='ocrx_word' id='word_1_704' title='bbox 2341 5601 2414 5667; x_wconf 77' lang='lat'><strong>(5)</strong></span> <span class='ocrx_word' id='word_1_705' title='bbox 2444 5602 2654 5656; x_wconf 88' lang='lat' dir='ltr'><strong>Inclusa</strong></span> <span class='ocrx_word' id='word_1_706' title='bbox 2692 5603 2742 5655; x_wconf 93' lang='lat' dir='ltr'><strong>in</strong></span> <span class='ocrx_word' id='word_1_707' title='bbox 2773 5606 3009 5671; x_wconf 76' lang='lat' dir='ltr'><strong>margine</strong></span> <span class='ocrx_word' id='word_1_708' title='bbox 3041 5606 3198 5658; x_wconf 76' lang='lat' dir='ltr'><strong>habet</strong></span> <span class='ocrx_word' id='word_1_709' title='bbox 3261 5607 3324 5658; x_wconf 84' lang='lat' dir='ltr'><strong>A.</strong></span> <span class='ocrx_word' id='word_1_710' title='bbox 3359 5603 3628 5659; x_wconf 81' lang='lat' dir='ltr'><strong>Omiserat</strong></span> <span class='ocrx_word' id='word_1_711' title='bbox 3681 5605 3823 5663; x_wconf 78' lang='lat' dir='ltr'><strong>llett-</strong></span> 
     </span>
    </p>
   </div>
   <div class='ocr_carea' id='block_1_111' title="bbox 2269 5684 2465 5726">
    <p class='ocr_par' dir='ltr' id='par_1_111' title="bbox 2269 5684 2465 5726">
     <span class='ocr_line' id='line_1_111' title="bbox 2269 5684 2465 5726; baseline -0.01 -1"><span class='ocrx_word' id='word_1_712' title='bbox 2269 5684 2465 5726; x_wconf 74' lang='lat' dir='ltr'><strong>ICIlIIIS.</strong></span> 
     </span>
    </p>
   </div>
   <div class='ocr_carea' id='block_1_112' title="bbox 2333 5742 3281 5812">
    <p class='ocr_par' dir='ltr' id='par_1_112' title="bbox 2333 5742 3281 5812">
     <span class='ocr_line' id='line_1_112' title="bbox 2333 5742 3281 5812; baseline 0.003 -19"><span class='ocrx_word' id='word_1_713' title='bbox 2333 5745 2406 5804; x_wconf 61' lang='lat' dir='ltr'><strong>ili)</strong></span> <span class='ocrx_word' id='word_1_714' title='bbox 2438 5742 2590 5796; x_wconf 86' lang='lat' dir='ltr'><strong>Tom.</strong></span> <span class='ocrx_word' id='word_1_715' title='bbox 2636 5742 2738 5804; x_wconf 75' lang='lat' dir='ltr'><strong>\‘ll,</strong></span> <span class='ocrx_word' id='word_1_716' title='bbox 2775 5762 2824 5812; x_wconf 84' lang='lat' dir='ltr'><strong>p.</strong></span> <span class='ocrx_word' id='word_1_717' title='bbox 2860 5745 3006 5797; x_wconf 52' lang='grc' dir='ltr'>νοω.</span> <span class='ocrx_word' id='word_1_718' title='bbox 3042 5761 3090 5812; x_wconf 89' lang='lat' dir='ltr'><strong>p.</strong></span> <span class='ocrx_word' id='word_1_719' title='bbox 3123 5746 3183 5799; x_wconf 68' lang='lat'><strong>9.1</strong></span> <span class='ocrx_word' id='word_1_720' title='bbox 3221 5745 3281 5800; x_wconf 74' lang='grc' dir='ltr'>Α.</span> 
     </span>
    </p>
   </div>
  </div>
