4030 6536
549 399 652 462 123

1737 394 2118 460 EUTIIYMH
2185 391 2544 451 ZIGABENI

3676 377 3794 444 19.5

546 517 780 586 propriis
808 517 1085 596 operibus,
1122 533 1230 571 non
1255 519 1324 574 ab
1352 518 1547 573 alienis
1577 517 1779 588 probus
1825 515 2098 585 judicatur

2214 508 2287 571 ὣς
2316 507 2348 576 ἢ
2407 505 2628 575 φαῦλος.
2668 504 2776 556 Καὶ
2808 501 2913 571 γὰρ
2939 499 3031 554 καὶ
3063 498 3152 552 διὰ
3177 493 3335 552 τοῦτο
3383 493 3551 569 ἦλθεν
3581 499 3608 551 ὁ
3640 495 3766 566 XM

547 616 643 661 aut
695 606 994 676 improbus.
1048 606 1181 662 Nam
1233 611 1302 664 ob
1345 609 1400 664 id
1421 609 1584 664 etiam
1619 609 1767 665 venit
1809 607 2100 664 Christus:

547 714 657 754 non
710 713 764 753 ut
814 708 1000 754 nostra
1063 699 1269 770 fugeret
1298 702 1612 771 opprobria,
1638 701 1729 756 sed
1765 709 1824 755 ut
1846 715 1908 754 ea
1933 699 2103 754 susci-

545 799 721 858 peret,
777 789 996 858 suisque
1049 789 1341 852 virtutibus
1403 791 1708 859 perimeret.
1745 789 1818 845 Ut
1859 789 2100 843 medicus

544 897 783 948 namque
833 881 1056 935 advenit
1109 881 1383 947 Christus,
1447 899 1556 936 non
1614 891 1673 935 ut
1727 882 1913 952 judex.
1980 880 2103 935 "33c

548 973 714 1041 igitur
746 974 914 1041 prima
948 981 1239 1028 estcausa.
1266 973 1445 1027 Altera
1479 988 1627 1038 vero,
1683 974 1810 1042 quia
1833 988 1900 1027 eo
1960 972 2102 1041 quod

547 1065 718 1119 δικίςοί
753 1065 995 1128 virtutis,
1028 1081 1146 1134 quae
1175 1067 1317 1120 circa
1347 1065 1582 1120 animam
1620 1076 1889 1130 versatur,
1957 1065 2102 1118 nulla

550 1157 731 1210 habita
789 1172 939 1221 cura,
991 1157 1058 1210 de
1086 1158 1522 1228 progenitoribus
1570 1158 1861 1227 plurimum
1901 1157 2102 1228 gloria-

547 1247 768 1308 bantur.
801 1249 1218 1316 generositatem
1242 1248 1460 1303 illorum
1495 1264 1714 1304 sursum
1759 1264 1821 1303 ac
1849 1235 2102 1304 deorsum

548 1338 1037 1393 circumferentes:
1117 1341 1367 1408 reprimit
1451 1351 1718 1396 tumorem
1813 1339 2099 1409 ipsorum:

549 1429 842 1484 ostendens
871 1429 1034 1485 etiam
1066 1430 1184 1501 illos
1216 1446 1281 1495 ex
1344 1429 1637 1501 illegitimis
1668 1441 1823 1484 natos
1879 1430 2102 1499 nuptiis.

549 1518 742 1572 Statim
767 1520 911 1574 enim
940 1499 1245 1590 patriarc‘ha
1281 1537 1490 1587 eorum,
1559 1522 1800 1590 ejusdem
1862 1522 2104 1577 nominis

549 1609 740 1675 ludas,
768 1626 830 1664 ex
867 1626 926 1664 ea
957 1628 1076 1681 qua
1108 1613 1210 1668 sibi
1243 1613 1475 1668 scelesto
1505 1613 1664 1668 modo
1699 1614 1942 1682 copulata
2001 1621 2102 1680 est,

556 1701 949 1768 progenitorcm
1029 1703 1265 1781 ipsorum
1321 1703 1524 1758 Phares
1571 1713 1625 1757 et
1697 1703 1830 1758 Zara
1897 1705 2103 1774 genuit.

556 1791 723 1844 Daxid
779 1808 995 1861 quoque
1058 1793 1147 1848 ille
1197 1794 1330 1848 adeo
1412 1795 1663 1858 celebris,
1746 1811 1810 1849 ex
1861 1797 2102 1850 adultera

558 1883 904 1938 Solomonem
934 1886 1227 1954 generavit.
1256 1886 1443 1942 Restat
1472 1888 1676 1957 itaque,
1739 1904 1928 1942 vanam
1983 1905 2104 1944 esse

553 1977 621 2028 de
646 1975 1155 2047 primogenitoribus
1190 1979 1525 2046 iactantiam.
1559 1978 1765 2050 Opinor
1810 1989 1990 2035 autem
2035 1982 2104 2035 ob

555 2070 695 2122 hanc
749 2071 908 2123 etiam
964 2070 1306 2138 potissimum
1367 2073 1858 2136 eausam,frutrum
1891 2091 2106 2144 quoque

553 2160 706 2214 Judze
735 2161 1064 2219 meminisse.
1099 2165 1342 2228 Quatuor
1370 2165 1514 2219 enim
1551 2166 1787 2234 ipsorum
1811 2167 1877 2222 ab
1902 2169 2107 2222 ancillis

552 2251 720 2306 Jacob
768 2253 876 2306 nati
922 2262 1070 2319 sunt,
1127 2269 1181 2309 et
1245 2264 1426 2310 tamen
1475 2258 1608 2311 nulli
1655 2275 1843 2312 eorum
1895 2261 2109 2331 generis

555 2345 727 2399 obfuit
761 2344 1068 2400 dili‘erentia
1096 2363 1110 2411 ;
1140 2363 1328 2401 omnes
1358 2363 1591 2417 namque
1616 2352 1864 2405 similiter
1907 2363 1959 2407 et
2016 2369 2110 2421 pa-

559 2437 806 2490 triarchae
836 2437 1072 2502 fuerunt,
1104 2446 1158 2491 et
1215 2439 1390 2507 capita
1442 2441 1700 2494 tribuum.
1758 2441 1938 2497 Tertia
1979 2459 2108 2497 vero

558 2544 719 2581 causa
741 2537 844 2590 est,
862 2529 1006 2598 quod
1026 2530 1394 2585 mulieresillte
1411 2531 1810 2603 fuerunttigura
1832 2533 2106 2594 Ecclesize,

558 2636 678 2689 qme
699 2637 763 2676 ex
795 2623 1046 2690 gentibus
1096 2633 1420 2693 congregata
1477 2635 1579 2678 est.
1647 2624 2108 2689 Quemadmodum

559 2714 704 2766 enim
737 2713 857 2766 illas
877 2714 1110 2768 diversis
1137 2714 1407 2784 subiectas
1437 2716 1674 2784 peccatis
1709 2717 1809 2770 viri
1868 2719 2107 2786 praedicti

560 2801 830 2857 duxerunt
862 2821 877 2857 :
915 2805 986 2858 ita
1008 2820 1219 2874 quoque
1243 2806 1491 2862 Christus
1527 2808 1817 2862 humanam
1862 2821 2108 2863 naturam

558 2892 721 2946 variis
744 2909 1053 2962 oppressam
1087 2897 1342 2964 peccatis,
1371 2897 1468 2952 sibi
1497 2899 1597 2968 ipsi
1623 2901 1815 2954 univit.
1853 2900 1917 2954 Et
1969 2901 2113 2955 sicut

561 2999 729 3051 genus
779 2985 961 3038 taliqu
1032 2987 1317 3040 mulierum
1402 3005 1741 3058 nequaquam
1831 2990 2110 3060 indignum

561 3074 846 3141 reputavit,
904 3076 974 3132 ita
1068 3091 1168 3131 nec
1237 3079 1488 3134 Ecclesia:
1572 3096 1754 3135 secum
1820 3083 2114 3151 desponsa-

562 3175 783 3218 tionem.

561 3269 669 3306 non
715 3255 779 3307 de
838 3257 1241 3324 progenitorum
1308 3261 1569 3329 peccatis,
1632 3263 1725 3317 sed
1777 3263 1842 3318 de
1875 3267 2111 3334 propriis

563 3347 918 3401 erubescere:
950 3363 1127 3418 neque
1168 3349 1233 3403 de
1264 3351 1560 3420 majoribus
1594 3354 1834 3423 gloriari,
1870 3356 1964 3410 sed
1991 3373 2114 3426 pro—

564 3438 695 3503 pria:
724 3451 906 3490 curam
933 3438 1134 3493 habere
1160 3440 1402 3496 virtutis.
1433 3441 1619 3512 Neque
1664 3445 1807 3499 viros
1873 3448 2117 3518 egregios

565 3524 759 3580 talibus
799 3530 1079 3598 copulatas
1105 3533 1305 3601 nuptiis
1339 3543 1558 3604 propter
1588 3535 1899 3606 hujusmodi
1925 3540 2115 3593 matri-

565 3618 748 3671 monia
802 3620 1154 3689 \‘ilipendere.
1217 3621 1400 3694 Neque
1439 3641 1534 3681 eos
1592 3629 1870 3698 repellere,
1929 3631 2020 3700 qui
2086 3647 2115 3684 a

567 3709 790 3765 diversis
820 3711 1191 3779 iniquitatibus
1208 3715 1272 3768 ad
1301 3716 1458 3770 ﬁdem
1485 3720 1766 3774 accedunt.

638 3801 791 3855 Vers.
853 3803 904 3856 5.
956 3802 1154 3858 Phares
1210 3815 1404 3860 autem.
1436 3838 1502 3847 —
1549 3808 1608 3864 ν.
1642 3809 1727 3864 Η.
1784 3809 2120 3882 Babylonica.

567 3891 802 3956 Quartus
872 3903 1018 3949 certe
1105 3895 1308 3966 Regum
1396 3898 1529 3954 liber
1587 3902 1632 3932 "
1721 3917 1784 3956 ac
1851 3904 2121 3960 secundus

568 3983 1014 4053 Paralipomenon
1045 3987 1108 4051 ι’,
1140 3997 1247 4042 tres
1265 3986 1423 4044 Josiae
1454 3991 1589 4047 ﬁlios
1616 3991 2116 4062 ponuntJoacham,

570 4073 797 4143 Joacim,
849 4079 937 4147 qui
986 4087 1039 4132 et
1090 4080 1311 4136 Eliacim
1365 4085 1673 4150 vocabatur,
1724 4103 1788 4142 ac
1818 4087 2118 4157 Sedeciam,

575 4173 666 4238 qui
754 4181 810 4225 et
863 4171 1189 4227 Mattbanias
1253 4175 1568 4240 dicebatur;
1647 4179 1715 4232 ab
1781 4195 1891 4232 uno
1943 4191 2121 4235 autem

572 4263 790 4330 horum,
879 4258 1008 4334 puta
1082 4266 1356 4328 Joacham.
1411 4269 1750 4325 descendisse
1807 4269 2121 4327 Jechoniam

572 4354 780 4408 dicunt.
842 4354 1004 4410 Liber
1056 4365 1234 4411 autem
1283 4357 1467 4413 Esdrm
1541 4359 1858 4414 Jechoniam
1947 4361 2119 4416 ﬁlium

572 4446 736 4501 Josite
791 4447 960 4503 fuisse
1035 4449 1190 4514 dicit,
1286 4450 1428 4506 sicut
1477 4460 1532 4506 et
1586 4467 1829 4522 praesens
1888 4469 2120 4524 evange-

2205 601 2348 666 στδς,
2395 599 2493 670 ούχ
2544 599 2629 650 ἵνα
2683 597 2830 667 φύγῃ
2869 595 2936 648 τὰ
2965 595 3210 664 ἡμέτερα
3269 591 3469 660 ὀνείδη,
3508 588 3627 643 ἀλλ’
3692 589 3794 641 ἵνα

2199 693 2418 762 δέξηται
2460 689 2653 753 ταῦτα,
2691 690 2784 742 καὶ
2817 686 2981 756 ἀνέλῃ
3036 685 3126 739 διὰ
3158 685 3267 738 τῶν
3301 683 3499 737 ἑαυτοῦ
3530 679 3794 752 ἀρετῶν.

2213 781 2302 844 Ὦς
2330 780 2515 850 ἰατρὸς
2566 779 2694 848 γὰρ,
2751 778 2847 849 οὐχ
2884 776 2959 839 ὡς
3008 776 3223 846 κριτὴς,
3266 772 3630 842 παραγέγονε.
3660 767 3790 823 Μία

2204 875 2303 944 μὲν
2329 869 2419 927 οὖν
2449 873 2588 943 αὓτη
2618 872 2787 924 αίτία.
2842 867 3086 936 Δευτέρα
3119 866 3201 928 δὲ,
3245 867 3350 931 ὅτι,
3405 862 3588 932 ἐπειδὴ
3636 861 3779 913 Ἰου-

2202 966 2344 1020 δαῖοι
2375 966 2487 1035 τῆς·
2509 962 2652 1016 κατὰ
2678 961 2858 1032 ψυχὴν
2888 959 3091 1027 ἀρετῆς
3122 955 3476 1027 ἀμελοῦντες,
3508 954 3650 1024 μέγα
3681 954 3793 1004 ἐπὶ

2203 1060 2313 1122 τοῖς
2343 1055 2631 1126 προγόνοις
2681 1051 3016 1123 ἐκόμπαζον,
3049 1050 3149 1118 τὴν
3204 1048 3488 1115 εὐγένειαν
3543 1042 3791 1097 ἐκείνων

2202 1152 2314 1204 ἄνω
2347 1150 2441 1203 καὶ
2505 1148 2656 1202 κάτω
2704 1144 3120 1214 περιφέροντες,
3182 1137 3543 1193 καταστέλλει
3573 1136 3634 1189 τὸ
3665 1134 3789 1204 φύ-

2206 1260 2359 1314 σημα
2384 1241 2612 1304 τούτων,
2637 1237 2919 1296 δεικνύων,
2946 1239 3029 1290 ὅτι
3059 1235 3304 1288 κάκεῖνοι
3337 1233 3400 1284 ἐκ
3437 1229 3789 1299 παρανόμων

2203 1335 2398 1403 γάμων
2427 1333 2700 1399 ἐγένοντο.
2752 1328 2964 1382 Αὐτίκα
3019 1326 3125 1396 γὰρ
3150 1327 3178 1378 ὀ
3205 1322 3558 1392 πατριάρχης
3592 1321 3789 1374 αὐτῶν

2205 1426 2299 1480 καλὶ
2346 1424 2633 1494 ὁμώνυμος
2675 1421 2899 1485 Ἰούδας,
2927 1419 2986 1483 ἐξ
3012 1417 3448 1486 ἀθεμιτογαμίας
3506 1414 3597 1466 τὸν
3633 1414 3752 1484 πρὸ
3776 1443 3789 1455 ο

2204 1539 2361 1590 γονον
2388 1520 2566 1572 αὐτῶν
2600 1519 2775 1587 Φαρὲς
2815 1515 3027 1569 καὶτὸν
3080 1513 3232 1583 Ζαρὰ
3268 1513 3627 1580 ἁπεγέννησε.
3663 1511 3789 1562 Καὶ

2204 1616 2231 1665 ὁ
2258 1611 2580 1684 περιϐόητος
2605 1609 2663 1662 δὲ
2715 1608 2825 1676 (ίὸ)
2892 1606 3074 1669 Δαυῖδ,
3107 1608 3170 1658 ὲκ
3210 1603 3456 1675 μοιχείας
3486 1603 3579 1654 τὶν
3611 1602 3784 1654 Σολο-

2208 1702 2412 1772 μῶντα.
2454 1703 2560 1755 Καὶ
2592 1699 2778 1752 λοιπὸν
2806 1698 2982 1767 μάτην
3010 1695 3103 1748 ἐπὶ
3152 1696 3263 1756 τοῖς
3287 1691 3570 1762 προγόνοις
3597 1706 3784 1759 μεγα-

2204 1796 2520 1866 λαυχοῦσιν.
2540 1790 2706 1864 Οἶμαι
2738 1795 2845 1861 γὰρ
2883 1791 2972 1844 διὰ
2997 1789 3096 1858 τὴν
3126 1787 3306 1844 αἰτίαν
3340 1784 3542 1854 μᾶλλον
3565 1781 3785 1850 ταύτην

2213 1885 2654 1957 μνημονευθῆναι
2707 1883 2802 1935 καὶ
2846 1882 2970 1943 τοὺς
3023 1879 3284 1946 ἀδελφοὺς
3359 1875 3452 1929 τοῦ
3491 1874 3676 1928 Ἰούδα.
3712 1874 3784 1925 Οἱ

2206 1981 2471 2050 τέσσαρες
2501 1978 2610 2046 γὰρ
2643 1975 2822 2028 αὐτῶν
2857 1974 2964 2028 ἀπὸ
2995 1972 3252 2025 δουλίδων
3284 1970 3361 2040 τῷ
3391 1967 3589 2022 Ἰακὼό
3620 1968 3750 2032 ὲγεν
3770 1995 3784 2004 -

2208 2071 2587 2142 νήθησαν,καὶ
2611 2070 2761 2137 ὅμως
2800 2067 2901 2119 οὐκ
2949 2065 3184 2133 ἔόλαψεν
3218 2064 3409 2116 οὐδένα
3471 2059 3675 2112 τούτων
3745 2059 3780 2126 ἡ

2208 2165 2302 2217 τοῦ
2336 2164 2521 2233 γένους
2580 2161 2831 2228 διαφορά.
2893 2159 3098 2220 Πάντες
3150 2157 3258 2226 γὰρ
3291 2154 3491 2217 ὁμοίως
3521 2152 3783 2218 ἐγένοντο

2211 2260 2307 2312 καὶ
2331 2257 2688 2325 πατριάρχαι,
2736 2255 2827 2306 καὶ
2877 2252 3165 2320 φύλαρχοι.
3208 2249 3376 2317 Τρίτη
3403 2247 3459 2299 δὲ
3495 2244 3665 2304 αίτία,
3691 2243 3781 2294 ὅτι

2209 2351 2264 2401 αἱ
2300 2349 2556 2416 γυναῖκες
2603 2347 2832 2406 ἐκεῖναι,
2857 2343 3025 2405 τύπος
3063 2338 3202 2410 ἦσαν
3224 2339 3322 2407 τῆς
3355 2335 3413 2400 ἐξ
3439 2335 3608 2388 ὲονῶν
3651 2334 3782 2384 Ἐκ·

2211 2442 2458 2511 κλησίας.
2495 2439 2705 2508 ’Ὠσπερ
2727 2439 2834 2506 γὰρ
2866 2436 3101 2498 ὲκείνας,
3129 2432 3409 2500 διαφόροις
3442 2427 3784 2498 ἁμαρτήμα-

2214 2550 2296 2584 σιν
2333 2529 2719 2598 ὺποκειμένας,
2753 2529 2802 2579 οἱ
2840 2525 3172 2597 δηλωθέντες
3233 2522 3429 2591 ἄνδρες
3479 2517 3780 2587 ὴγὰγοντο’

2213 2624 2353 2676 οὕτω
2378 2625 2469 2675 καὶ
2491 2625 2517 2674 ὁ
2543 2622 2775 2690 Χριστὸς
2807 2618 2904 2688 τὴν
2923 2615 3276 2686 ἀνθρωπίνην
3302 2612 3481 2680 φύσιν,
3502 2608 3784 2676 διαφόροις

2215 2716 2604 2784 ἁμαρτήμασιν
2646 2709 3044 2772 ύποπεσοῦσαν,
3111 2707 3389 2777 ἡρμόσατο
3442 2701 3638 2770 ἐαυτῷ.
3671 2701 3786 2751 Καὶ

2213 2809 2402 2877 ὥσπερ
2436 2805 2496 2858 τὸ
2523 2805 2679 2872 γένος
2730 2802 2838 2854 τῶν
2887 2799 3150 2852 τοιούτων
3183 2795 3461 2863 γυναικῶν
3495 2793 3594 2845 οὐκ
3629 2793 3783 2858 ἀπη-

2214 2899 2408 2966 ξίωσεν
2431 2913 2444 2928 ·
2479 2896 2652 2958 οὕτως
2683 2893 2803 2948 οὐδὲ
2835 2893 2932 2962 τὴν
2959 2893 3058 2960 τῆς
3097 2889 3422 2956 Ἐκκλησίας
3447 2884 3781 2952 νύμφευσιν.

2219 2993 2367 3060 Ἀμα
2395 2991 2449 3043 δὲ
2476 2990 2571 3042 καὶ
2614 2985 2983 3054 διδασκόμεθα
3007 2983 3096 3038 διὰ
3124 2983 3232 3035 τῶν
3267 2980 3550 3042 τοιούτοιν,
3588 2979 3663 3047 μὴ
3687 2979 3786 3030 ἐπὶ

2215 3087 2334 3145 ταῖς
2366 3081 2472 3135 τῶν
2491 3081 2768 3154 προγόνων
2793 3079 3113 3148 ἁμαρτίαις,
3144 3074 3256 3126 ἀλλ’
3281 3075 3374 3127 ἐπὶ
3398 3074 3518 3134 ταῖς
3547 3072 3785 3131 οἰκείαις

873 3166 1043 3222 Simul
1121 3185 1337 3240 quoque
1430 3187 1527 3241 per
1607 3173 1727 3227 talia
1808 3175 2106 3240 docemur,

2214 3173 2587 3246 αἰσχύνεσθαι,
2616 3173 2749 3244 μηδὲ
2783 3171 2925 3240 μέγα
2958 3171 3177 3240 φρονεῖν
3210 3169 3302 3221 ἐπὶ
3330 3168 3634 3237 προγόνοις,
3665 3164 3783 3215 ἀλλ’

2217 3270 2422 3333 οἰκείας
2452 3266 2830 3336 ἐπιμελεῖσθαι
2864 3263 3065 3331 ἀρετῆς
3092 3278 3106 3293 ·
3169 3261 3305 3331 μηδὲ
3339 3259 3622 3330 φαυλίζειν
3653 3258 3785 3319 τοὺς

2218 3363 2324 3417 ἀπὸ
2350 3359 2794 3430 διαϐεϐλημένων
2819 3358 3013 3425 γάμων
3036 3355 3328 3424 ἐναρέτους
3354 3353 3784 3421 γεγενημένους,

2221 3456 2355 3527 μηδὲ
2378 3452 2746 3523 παρωθεῖσοαι
2802 3451 2924 3522 τούς
2955 3451 3019 3502 ὲκ
3066 3448 3335 3516 διαφόρων
3365 3445 3788 3516 ἁμαρτημάτων

2216 3551 2283 3619 τῇ
2321 3547 2499 3601 πίστει
2529 3543 3019 3616 προσερχομένους.

2293 3796 2481 3864 Φαρὲς
2514 3824 2581 3836 -ο
2611 3793 2992 3858 Βαὸυλῶνος.
3038 3791 3102 3843 ἸΙ
3155 3791 3254 3860 μὲν
3308 3789 3542 3858 τετάρτη
3605 3787 3790 3858 βίϐλος

2221 3892 2329 3944 τῶν
2355 3889 2655 3942 Βασιλειῶν
2685 3889 2778 3941 καὶ
2809 3886 3090 3957 ἡδευτέρα
3117 3883 3226 3937 τῶν
3274 3882 3789 3952 Παραλειπομένων

2220 3985 2368 4055 τρεῖς
2397 3984 2544 4043 υἱοὺς
2577 3981 2848 4051 ἱστοροῦσι
2899 3979 2994 4032 τού
3035 3977 3261 4039 Ἰωσίου,
3294 3977 3386 4030 τὸν
3432 3973 3662 4044 Ἰωάχαζ
3689 3976 3791 4028 καὶ

2223 4077 2312 4129 τὸν
2357 4075 2635 4143 Ἰωακεὶμ,
2661 4073 2716 4134 ὃς
2743 4073 2838 4124 καὶ
2879 4071 3164 4139 Ἐλιακεὶμ
3217 4068 3485 4133 ἐκαλεῖτο,
3545 4067 3641 4120 καὶ
3695 4066 3790 4120 τὸν

2224 4169 2501 4230 Σεδεκίαν,
2531 4169 2589 4229 ὃς
2610 4166 2704 4220 καὶ
2723 4164 3036 4226 Ματθανίας
3061 4163 3297 4231 ἐλέγετο,
3329 4160 3446 4222 ἐνὸς
3478 4161 3532 4212 δὲ
3558 4160 3785 4226 τούτων,

2224 4261 2318 4315 τοῦ
2372 4261 2626 4329 Ἰωακεὶμ
2660 4260 2792 4329 (13')
2837 4255 3275 4325 ἀπογεννηθῆναι
3305 4253 3394 4304 τὸν
3434 4251 3690 4322 Ἰεχονίαν
3715 4267 3730 4282 ο
3752 4252 3790 4321 ὴ

2224 4354 2280 4406 δὲ
2312 4354 2404 4405 τοῦ
2431 4353 2605 4424 Ἔσρα
2662 4351 2864 4420 βίϐλος,
2923 4350 3015 4401 τὸν
3059 4347 3334 4416 Ἰεχονίαν,
3382 4345 3496 4397 υἱὸν
3523 4341 3660 4396 εἶναι
3691 4341 3790 4396 τοῦ

2238 4447 2442 4499 Ἰωσίου
2498 4445 2682 4514 φησὶν,
2741 4442 2928 4510 ὥσπερ
2959 4442 3051 4494 καὶ
3080 4442 3106 4492 ὁ
3147 4438 3337 4510 παρὼν
3368 4435 3790 4505 εύαγγελιστής.

571 4539 712 4591 lista.
768 4540 906 4604 Quid
948 4557 1077 4610 ergo
1136 4541 1424 4596 dicemus?
1458 4515 1611 4607 Quod
1666 4559 1831 4613 quem
1884 4546 1961 4598 illi
1988 4515 2110 4601 15:.-

2226 4541 2291 4594 Τί
2323 4539 2414 4592 οὖν
2445 4538 2709 4608 ὲροῦμενς
2743 4536 2867 4588 Ὅτι
2894 4534 2952 4586 δν
2979 4528 3354 4585 ὲκεῖναιεῖπον
3390 4529 3638 4600 Ἰωάχαζ,
3673 4528 3794 4581 τοῦ-

570 4629 729 4683 etiam
793 4631 1064 4692 dixerunt.
1112 4631 1199 4687 hic
1257 4631 1570 4688 Jechoniam
1625 4637 1906 4706 appellat;
1955 4639 2116 4693 bino-

571 4723 734 4775 minis
765 4724 905 4776 enim
939 4731 1073 4787 erat,
1106 4724 1243 4779 sicut
1269 4735 1322 4780 et
1349 4725 1543 4782 fratres
1583 4727 1690 4784 sui.
1725 4726 1939 4784 Etenim
1965 4747 2119 4801 qua:-

571 4830 787 4881 cunque
843 4815 917 4868 illi
959 4815 1104 4869 circa
1143 4815 1398 4870 Joacham
1441 4817 1716 4883 dixerunt,
1773 4821 1888 4876 haec
1935 4823 2120 4877 omnia

572 4906 756 4960 Esdrre
807 4907 940 4961 liber
1007 4907 1396 4962 invariabiliter
1424 4910 1488 4963 de
1543 4910 1803 4965 Jechonia
1856 4913 2028 4968 dixit:
2068 4927 2122 4970 et

573 4997 712 5066 quod
745 5008 967 5053 matrem
1007 5000 1197 5053 habuit
1245 5001 1479 5062 Amitad,
1543 5003 1704 5056 tiliam
1736 5003 2026 5058 Jeremtm:
2066 5016 2119 5059 et

573 5089 714 5157 quod
746 5090 929 5158 viginti
995 5090 1151 5144 trium
1205 5105 1468 5144 annorum
1521 5101 1656 5154 erat,
1711 5108 1832 5146 cum
1888 5111 2116 5164 regnare

653 5272 692 5300 ”
727 5270 790 5323 IV
839 5270 963 5340 Reg.
1004 5286 1132 5323 xui.
1208 5269 1250 5299 ⁸³
1280 5267 1322 5321 ll
1351 5268 1520 5322 Paral.
1582 5282 1767 5323 ιιιγι.

2226 4651 2318 4686 τον
2349 4627 2672 4701 αὖτηιφησὶν
2709 4625 2983 4696 Ἰεχονίαν.
3046 4624 3323 4693 Διώνυμος
3350 4622 3457 4691 γὰρ
3491 4617 3576 4692 ἦν,
3601 4622 3792 4690 ὥσπερ

2227 4725 2320 4777 καὶ
2350 4725 2397 4776 oi
2427 4722 2645 4791 ἀδελφοὶ
2669 4720 2855 4775 αὐτοῦ.
2880 4719 2988 4771 Καὶ
3009 4719 3138 4789 γὰρ,
3166 4717 3309 4785 ἅπερ
3340 4717 3548 4785 ἔφασαν
3582 4716 3790 4766 ἐκεῖναι

2227 4817 2530 4886 παράσημα
2552 4814 2644 4866 τοῦ
2693 4812 2945 4882 Ἰωάχας,
3006 4811 3179 4866 ταῦτα
3212 4812 3431 4879 εἴρηκεν
3467 4806 3788 4877 ἀπαραλλά-

2228 4911 2423 4979 κτωςή
2453 4909 2544 4962 τοῦ
2580 4909 2752 4976 Ἐσρα
2781 4906 2961 4974 βίῦλος
2979 4905 3155 4959 πάντα
3191 4905 3284 4956 ἐπὶ
3314 4904 3391 4971 τῷ
3426 4902 3674 4970 Ἰεχονίᾳ,
3707 4901 3788 4953 ὅτι

2227 5005 2513 5071 τεμητέρα
2535 4997 2647 5071 εἷχε
2672 5000 2768 5069 τὴν
2796 4997 3020 5069 Ἀμιτὰδ
3041 4997 3174 5067 (15),
3196 4995 3472 5066 Θυγατέρα
3498 4992 3785 5063 Ἰερεμίου,

2228 5098 2316 5148 κα“.
2343 5096 2422 5146 ὅτι
2457 5093 2628 5145 εἴκοσι
2687 5091 2781 5145 καὶ
2830 5090 2998 5160 τριῶν
3037 5090 3174 5143 ὲτῶν
3211 5088 3552 5149 ἐϐασίλευσε,
3588 5085 3679 5138 καὶ
3705 5085 3786 5137 ὅτι

1733 5432 2254 5496 νειοὶωὶοριὶοηοε
2301 5435 2358 5490 et
2401 5437 2588 5490 noue.

653 5603 761 5666 (ιε)
790 5601 873 5657 Δέ,
906 5601 1120 5653 omittit.
1156 5602 1215 5654 A.

653 5673 783 5740 (13⁸)
827 5671 1069 5737 ’1ωὰχοιζ.
1088 5673 1155 5723 Λ.

654 5737 698 5800 (ί
725 5743 763 5808 il
829 5742 1040 5794 Vill-tur
1064 5743 1325 5808 respicere
1354 5742 1366 5793 1
1393 5742 1570 5795 Εςιίιτικ
1599 5755 1654 5800 ιι,
1681 5737 1766 5791 3‘2.
1802 5737 1885 5790 ubi
1912 5738 2114 5790 variant

2234 5595 2284 5647 in
2318 5595 2531 5649 noniine
2572 5596 2795 5662 Ίωέθχᾶζ
2821 5607 2870 5649 «ιι
2894 5594 3166 5660 Ἰεγονίαν.

2226 5733 2250 5781 ί
2309 5664 2422 5743 (15)
2474 5667 2510 5719 ίι
2561 5665 2575 5717 Ι
2627 5667 2870 5734 munit).
2907 5667 3007 5719 Sed
3046 5668 3113 5719 iiii
3175 5682 3386 5734 quoque
3418 5665 3533 5718 libri
3581 5665 3780 5717 \ariant

2253 5750 2414 5781 .rm-i.

2253 5764 2263 5782 ι
2276 5750 2372 5786 Ι“.(“(¹
2382 5751 2390 5785 l
2402 5773 2414 5784 .
