4030 6492
535 422 634 489 127

1741 428 2120 490 EUTHYMII
2158 428 2513 488 ZIGABENI

3667 427 3777 493 128

533 539 688 600 dicit,
749 537 850 590 hoc
896 546 979 592 est
1015 554 1300 610 sponsum.
1337 538 1472 594 Nam
1521 550 1576 595 et
1625 542 1972 611 postmodum
2037 542 2088 594 in

2211 540 2355 592 nisi
2394 539 2621 611 προῖὼν,
2651 541 2724 605 ὡς
2757 545 3021 614 μνηστήν.
3066 545 3221 600 Οὕτω
3267 545 3376 618 γὰρ
3402 541 3470 618 ἦν
3503 545 3626 610 ἔθος
3665 561 3775 598 κα-

531 631 881 699 sequentibus
933 649 1051 686 eam
1080 643 1235 688 vocat
1261 647 1505 699 uxorem,
1559 633 1662 688 hoc
1704 643 1786 687 est
1813 649 2089 702 sponsam.

532 719 608 772 Ita
644 720 787 772 enim
841 732 1162 776 consuetum
1216 731 1332 776 erat
1395 723 1576 778 vocari
1609 724 1768 778 etiam
1803 732 2091 793 antequam

532 809 1012 878 coniungerentur.

606 899 761 956 \‘ers.
818 903 896 955 17.
934 901 1121 954 Omnes
1155 903 1315 971 igitur
1348 935 1414 944 —
1444 905 1854 973 quatuordecim.
1897 903 2097 956 Omnes

533 991 920 1058 generationes
987 993 1248 1046 trifariam
1312 995 1521 1058 divisit,
1575 1004 1630 1048 et
1689 997 1906 1048 merito.
1966 993 2099 1047 Tres

537 1083 681 1134 enim
729 1081 947 1136 {nerunt
1002 1085 1412 1153 gubernationis
1471 1087 1636 1140 modi.
1693 1088 1970 1155 Siquidem
2031 1090 2096 1141 ab

531 1171 797 1226 Abraham
855 1184 974 1242 post
1034 1175 1217 1229 Mosen
1281 1185 1332 1229 et
1381 1175 1568 1231 Jesum
1629 1180 1775 1233 Nave
1827 1195 1997 1247 usque
2034 1180 2097 1234 ad

531 1260 721 1323 David,
792 1266 892 1318 sub
941 1267 1218 1333 judicihus
1278 1269 1770 1338 gubernahautur;
1839 1287 1866 1323 a
1929 1273 2094 1326 David

533 1369 708 1422 usque
732 1355 798 1408 ad
822 1358 1344 1426 transmigrationem
1388 1359 1789 1431 Babylonicam.
1823 1364 1926 1416 sub
1954 1363 2100 1432 regi-

530 1443 636 1496 bus
670 1461 684 1509 ;
719 1457 748 1498 a
805 1449 1272 1517 transmigratione
1300 1466 1430 1505 vero
1474 1451 1792 1522 Babylonica
1828 1471 2002 1524 usque
2033 1455 2098 1509 ad

533 1534 833 1601 Christum,
862 1541 961 1593 sub
991 1542 1353 1608 pontiﬁcibus.
1390 1543 1651 1598 Veniente
1679 1554 1857 1599 autem
1879 1546 2099 1601 Christo

535 1642 662 1680 vero
688 1627 899 1693 Judice,
936 1629 1074 1700 Rege
1113 1647 1176 1686 ac
1206 1632 1486 1698 Pontiﬁce,
1540 1647 1893 1693 cessaverunt
1949 1638 2104 1692 dictae

529 1715 750 1782 politiae.
776 1716 1010 1786 Equum
1064 1729 1149 1773 est
1204 1729 1384 1775 autem
1415 1738 1660 1790 quaarere
1713 1726 1986 1792 quomodo
2039 1725 2090 1777 in

531 1806 694 1859 tertia
725 1820 896 1874 parte,
930 1809 1019 1862 ubi
1051 1810 1333 1864 duodecim
1396 1821 1603 1866 tantum
1636 1816 1787 1883 punit
1809 1829 2096 1883 personas,

532 1871 942 1961 quatuordecim
970 1899 1114 1952 dicat
1145 1915 1265 1954 esse
1302 1871 1682 1970 generationes
1713 1944 1726 1957 .
1779 1871 1901 1958 Idt-o
1947 1903 2100 1957 vide-
2133 1871 2176 1929 Β

527 1983 675 2048 licet,
699 1986 824 2054 quia
849 1989 1025 2057 ipsum
1052 1991 1544 2059 transmigrationis
1572 2001 1782 2060 tempus
1819 1994 1874 2047 in
1909 1994 2104 2048 ordine

529 2075 892 2143 generationis
949 2081 1148 2147 posuit,
1213 2089 1267 2135 et
1307 2082 1557 2136 similiter
1616 2084 2102 2153 ipsumChristum,

527 2164 666 2222 sicut
697 2182 921 2236 magnus
938 2170 1118 2224 docuit
1148 2171 1579 2241 Chrysostomus.

603 2257 757 2314 Vera.
784 2259 868 2312 I8.
897 2259 1019 2313 Jesu
1047 2259 1245 2314 Christi.
1270 2273 1443 2314 autent
1473 2291 1542 2302 —
1572 2263 1647 2314 ita
1707 2262 1827 2332 fuit.
1868 2260 1947 2331 ἢ·
2002 2261 2103 2326 Ita,

529 2359 591 2404 ut
637 2349 884 2405 dicturus
916 2361 1019 2410 est.
1057 2368 1150 2406 seu
1179 2352 1438 2419 subjuccl.

599 2440 750 2495 Vera.
787 2441 874 2496 18.
899 2442 1026 2496 Cum
1048 2451 1176 2496 esset
1197 2445 1504 2512 desponsata
1531 2473 1597 2485 —
1625 2461 1652 2498 e
1676 2442 1876 2513 Spiritu
1900 2452 2103 2498 sancto.

528 2530 844 2602 Priusquam
867 2533 1220 2588 convenirent
1241 2536 1305 2589 ad
1326 2535 1549 2589 coitum.
1574 2534 1688 2590 Non
1720 2535 1856 2589 dixit
1887 2545 2093 2596 autem,

530 2624 848 2693 priusquam
891 2625 1006 2694 ipsa
1038 2627 1247 2680 veniret
1273 2628 1339 2681 ad
1362 2628 1580 2682 domum
1601 2627 1764 2681 illius.
1793 2626 1910 2682 Jam
1941 2628 2104 2682 etiam

536 2715 593 2767 in
636 2729 698 2768 ea
726 2723 864 2770 erat.
899 2715 1080 2771 Multis
1111 2717 1374 2787 siquidem
1403 2721 1567 2774 moris
1595 2730 1729 2786 erat,
1765 2730 1825 2775 ut
1871 2722 2012 2790 apud
2045 2737 2103 2778 se

539 2805 812 2861 haberent
863 2823 1111 2878 sponsas,
1162 2821 1384 2881 propter
1447 2813 1817 2867 securitatem.
1870 2813 2103 2885 Reperta

533 2903 616 2950 est
645 2905 846 2962 autem,
873 2897 973 2952 hoc
1000 2909 1103 2964 est,
1145 2902 1390 2970 apparuit
1422 2919 1436 2956 ι
1467 2902 1542 2956 ait
1575 2911 1754 2957 autem
1782 2914 1986 2972 reperta
2009 2915 2104 2968 ert,

530 2997 754 3056 prepter
808 2989 1156 3058 inopinatum
1216 2992 1492 3048 effectura.
1533 2992 1610 3048 Ne
1658 2994 1924 3063 quispiam
1979 3010 2106 3049 vero

532 3081 801 3143 turbetur,
857 3097 922 3136 eo
960 3083 1102 3152 quod
1132 3082 1348 3149 dixerit,
1409 3094 1619 3152 reperta
1654 3097 1737 3140 est
1779 3102 1905 3140 esse
1963 3103 2104 3156 prm-

531 3184 720 3236 guans,
763 3169 804 3224 si
843 3171 894 3224 id
923 3173 1097 3225 solum
1156 3173 1338 3227 audiat
1382 3175 1549 3229 :ideo
1605 3177 1904 3230 orationem
1967 3191 2106 3231 con-

533 3262 719 3325 t-xuit,
751 3261 954 3316 addens
979 3279 1005 3315 e
1033 3260 1237 3331 Spiritu
1297 3275 1503 3319 sancto.

603 3349 666 3403 Et
700 3367 859 3420 quam
891 3353 960 3406 ob
987 3367 1200 3406 causam
1233 3370 1341 3408 non
1399 3364 1481 3409 est
1528 3357 1898 3429 impregnata.
1948 3370 2106 3415 aute-

532 3461 693 3512 quam
737 3446 1218 3514 desponderetur?
1253 3449 1331 3504 Ne
1363 3451 1723 3517 occideretur,
1773 3463 1957 3523 utpote
2012 3472 2106 3510 su-

545 3534 789 3602 spicione
829 3537 894 3591 de
951 3553 1013 3592 ea
1057 3539 1256 3604 habita,
1290 3541 1432 3609 quod
1489 3551 1744 3610 corrupta
1796 3554 1958 3598 esset.
2007 3545 2105 3600 Cui

533 3627 677 3679 enim
707 3629 1032 3696 persuadere
1085 3631 1372 3700 potuisset,
1410 3648 1531 3686 cum
1566 3634 1682 3688 viro
1715 3650 1773 3690 se
1826 3651 1931 3689 nou
1969 3651 2090 3692 esse

535 3730 884 3786 congressam
916 3719 938 3771 ?
987 3717 1213 3788 Pr0pter
1251 3721 1352 3775 hoc
1409 3737 1541 3790 ergo
1571 3733 1691 3791 post
1720 3724 2098 3794 desponsatid-

537 3823 681 3870 item,
713 3820 912 3864 etcqu
947 3811 1055 3879 jam
1087 3813 1141 3866 iu
1171 3814 1330 3868 domo
1363 3816 1459 3869 viri
1490 3825 1657 3880 esset,
1688 3817 2096 3889 impregnatur,

534 3909 595 3954 ut
625 3901 912 3956 verisimile
946 3903 1034 3966 sit,
1075 3919 1140 3957 ex
1192 3905 1310 3974 ipso
1354 3908 1673 3978 concepisse
1716 3926 1727 3962 :
1765 3919 1818 3962 et
1846 3910 1920 3964 ita
1953 3914 2106 3980 peri-

542 3995 723 4048 eulum
753 3997 964 4050 evadat.
1020 3998 1309 4065 Praeterea,
1342 4009 1402 4055 ut
1447 4003 1498 4055 in
1524 4006 1848 4060 necessariis
1907 4007 2104 4060 habeat

533 4085 1062 4142 suhntinistratorem
1084 4098 1138 4142 et
1164 4101 1598 4158 procuratorem:
1622 4108 1687 4147 eo
1707 4095 1941 4150 maxime
1967 4105 2102 4150 tem-

538 4188 675 4240 pore
708 4189 818 4242 quo
851 4175 906 4228 in
937 4176 1224 4246 Egyptum
1256 4177 1572 4248 fugiendum
1596 4192 1732 4236 erat.

606 4264 686 4318 Tu
715 4282 843 4320 vero
873 4283 942 4321 ne
974 4285 1212 4337 quaeras,
1246 4272 1516 4340 quomodo
1544 4275 1855 4344 conceperit
1881 4293 1896 4338 ;
1933 4291 2110 4344 neque

535 4356 748 4412 curiose
778 4361 1058 4418 scruteris.
1092 4377 1198 4430 quo
1247 4374 1403 4430 pacto
1443 4363 1709 4420 formatus
1743 4366 1815 4420 sit
1861 4368 2102 4438 embryo-

2198 631 2427 694 λεῖσοαι,
2456 633 2544 685 καὶ
2586 632 2691 702 πρὸ
2720 634 2816 702 τῆς
2851 636 3165 704 συναφείας.

2275 900 2465 957 Πᾶσαι
2491 896 2605 956 οὖν
2632 931 2698 941 -
2729 899 3194 966 δεκατέσσαρες.
3232 899 3322 960 Εἰς
3368 897 3514 968 τρεῖς
3543 896 3779 966 μερίδας

2199 995 2358 1047 διεῖλε
2389 993 2484 1054 τὰς
2516 991 2712 1058 γενεὰς
2742 991 2961 1052 ἁπάσας
2985 1009 2998 1022 ·
3051 991 3298 1050 εἰκότως.
3333 990 3498 1059 Τρεῖς
3535 988 3645 1056 γὰρ
3675 1005 3782 1040 ποι

2199 1085 2392 1137 λιτεῖαι
2418 1083 2620 1136 τούτων
2651 1084 2916 1148 ἐγένοπτο.
2945 1080 3077 1134 Ἀπὸ
3120 1079 3217 1148 μὲν
3241 1078 3350 1148 γὰρ
3391 1078 3647 1148 ’Δϐραὰμ
3667 1077 3782 1138 ἔως

2200 1175 2382 1239 Δαυῒδ,
2413 1175 2549 1244 μετὰ
2578 1175 2816 1228 Μωῡσέα
2841 1175 2934 1224 καὶ
2971 1170 3179 1240 Ἰησοῦν
3202 1167 3296 1223 τδν
3324 1168 3420 1224 τοῦ
3453 1168 3637 1236 Ναυῆ.
3665 1167 3780 1220 ὑπὸ

2201 1269 2308 1319 τῶν
2339 1267 2540 1338 κριτῶν
2583 1264 3016 1335 ήγεμονεύοντο·
3058 1260 3164 1316 ἀπὸ
3203 1261 3259 1314 δὲ
3307 1262 3401 1314 τοῦ
3449 1257 3613 1313 Δαυῒδ
3669 1259 3780 1318 ἕως

2198 1359 2300 1426 τῆς
2333 1356 2677 1427 μετοικεσίας
2706 1353 3039 1419 Βαϐυλῶνος,
3065 1352 3170 1407 ὑπὸ
3205 1351 3473 1421 βασιλέων
3506 1347 3775 1401 ἰθύνοντοο

2202 1453 2310 1502 ἀπὸ
2331 1451 2385 1503 δὲ
2417 1451 2512 1518 τῆς
2542 1447 2887 1516 μετοικεσίας
2911 1445 3231 1505 Βαϐυλῶνος
3255 1443 3360 1505 ἔως
3382 1441 3477 1493 τοῦ
3503 1437 3774 1508 Χριστοῦ,

2203 1540 2306 1592 ὑπὸ
2338 1539 2636 1607 ἀρχιερέων
2683 1535 3072 1605 ἐκυϐερνῶντο.
3109 1531 3386 1593 Ἐλοόντος
3415 1531 3471 1583 δὲ
3502 1530 3595 1582 τοῦ
3637 1531 3780 1600 Χρι-

2202 1629 2350 1695 στοῦ,
2376 1629 2468 1681 τοῦ
2504 1626 2735 1696 ἀληθοῦς
2764 1625 2967 1695 Κριτοῦ
2993 1628 3085 1677 καὶ
3109 1625 3400 1688 Βασιλέως,
3431 1624 3525 1676 καὶ
3551 1624 3778 1691 Ἀρχιε-

2204 1721 2362 1791 ρέως,
2394 1718 2706 1789 ἐπαύθησαν
2731 1719 2785 1770 αί
2813 1716 3132 1786 δηλωθεῖσαι
3171 1716 3458 1768 πολιτεῖαι.
3499 1713 3685 1777 Ἀξιον
3721 1713 3782 1765 δὲ

2204 1813 2460 1880 ζητῆσαι,
2490 1810 2606 1871 πῶς
2649 1809 2707 1861 ὲν
2744 1811 2807 1878 τῇ
2834 1809 2992 1878 τρίτῃ
3043 1807 3222 1876 μερίδι
3270 1805 3478 1859 δώδεκα
3506 1805 3782 1874 πρόσωπα

2205 1901 2336 1962 θεὶς,
2388 1899 2794 1966 δεκατέσσαρας
2847 1895 3025 1948 ταῦτα
3074 1896 3265 1962 γενεὰς
3321 1894 3570 1948 ἐκάλεσε.
3631 1895 3782 1945 Διότι

2205 1991 2299 2043 καὶ
2331 1991 2421 2043 τδν
2449 1992 2639 2060 χρόνον
2666 1989 2766 2056 τῆς
2795 1987 2904 2057 (23)
2936 1987 3278 2056 μετοικεσίας
3300 1987 3356 2037 ὲν
3387 1986 3537 2050 τάξει
3561 1985 3781 2036 τέθεικε

2203 2083 2417 2148 γενεᾶς,
2450 2083 2542 2133 καὶ
2595 2081 2757 2134 αὑτὸν
2797 2080 2887 2131 τὴν
2938 2079 3195 2148 Χριστὸν,
3239 2078 3314 2140 ὡς
3362 2081 3390 2132 ὁ
3427 2079 3601 2148 μέγας
3637 2079 3782 2147 φησὶ

2207 2173 2614 2242 Χρυσόστομος.

2279 2263 2391 2317 Τοῦ
2447 2264 2514 2316 δὲ
2557 2263 2760 2328 Ἰησοῦ
2801 2291 2864 2302 —-
2893 2262 3080 2327 οὕτως
3109 2258 3205 2332 ἦν.
3257 2260 3443 2324 Οὕτως
3484 2260 3596 2329 (24)
3622 2300 3636 2322 ,
3701 2260 3782 2321 ὡς

2204 2357 2377 2407 εἰπεῖν
2415 2355 2616 2423 μέλλει,
2643 2354 2810 2424 ἤγουν
2841 2354 2952 2422 (25)
2977 2355 3290 2407 ἀπόκειται.

2274 2449 2766 2512 Μνηστευθείσης
2796 2471 2860 2483 -—
2889 2445 2956 2497 ἐκ
3005 2446 3353 2513 Πνεύματος
3411 2444 3606 2512 ἁγίου.
3667 2445 3786 2515 Πρ⁵›

2204 2538 2298 2592 τοῦ
2335 2536 2609 2590 συνελθεῖν
2648 2537 2845 2597 αὐτοὺς
2897 2536 2979 2598 είς
3009 2535 3326 2604 συνάφειαν.
3363 2535 3481 2589 Οὐκ
3521 2531 3645 2588 εἶπε
3698 2536 3782 2597 δὲ.

2205 2632 2287 2684 ὅτι
2327 2630 2437 2700 Πρὸ
2491 2628 2588 2682 τοῦ
2634 2629 2807 2681 ἐλθεῖν
2856 2627 3024 2700 αὐτὴν
3075 2629 3156 2691 είς
3207 2629 3306 2698 τὴν
3357 2629 3533 2680 οἰκίαν
3568 2627 3738 2680 αὑτοῦ
3767 2645 3782 2661 ο

2206 2722 2354 2775 ἔνδον
2393 2721 2505 2791 (26)
2536 2720 2644 2790 γὰρ
2689 2716 2778 2791 ἦν.
2831 2720 2996 2782 Ἔοος
3023 2719 3132 2790 γὰρ
3183 2721 3297 2781 τοῖς
3346 2718 3586 2778 πολλοῖς,
3647 2719 3786 2788 παρ’

2208 2816 2423 2876 ἑαυτοῖς
2461 2813 2603 2881 ἔχειν
2634 2812 2732 2874 τὰς
2783 2811 3045 2880 μνηστὰς,
3079 2811 3146 2864 δι’
3180 2810 3502 2875 ἀσφάλειαν.
3545 2809 3786 2877 Εὐρέθη

2206 2906 2282 2966 δὲ,
2307 2905 2427 2957 ἀντὶ
2458 2903 2572 2966 τοῦ,
2607 2903 2830 2972 Ἑφάνη.
2868 2902 3096 2970 Εὑρέθη
3125 2903 3179 2955 δὲ
3198 2897 3341 2966 εἷπε,
3367 2901 3456 2954 διὰ
3480 2903 3538 2954 το
3568 2902 3786 2972 ἀπροσο

2206 2997 2454 3066 δόκη-εον.
2507 2996 2660 3048 Ἐπεὶ
2707 2995 2762 3046 δὲ
2807 2995 3050 3064 εἴρηκεν,
3101 2996 3182 3047 ὅτι
3232 2993 3431 3063 εὑρέθη
3476 2995 3534 3047 ἔν
3585 2997 3789 3062 γαστρὶ

2209 3087 2426 3158 ἔχουσα,
2465 3088 2548 3139 ίνα
2579 3087 2651 3156 μὴ
2698 3086 2809 3155 (27)
2851 3084 3053 3156 θροηθῇ
3085 3103 3187 3150 τις,
3227 3085 3468 3146 ἀκούσας
3494 3083 3653 3138 τοῦτο
3682 3086 3786 3154 μό·

2208 3198 2318 3242 νον,
2345 3181 2678 3250 ἐθεράπευσε
2711 3177 2800 3232 τὸν
2823 3177 3001 3245 λόγον,
3038 3177 3314 3246 προσθεὶς,
3339 3178 3420 3229 ὅτι
3460 3177 3561 3230 Ἐκ
3591 3176 3786 3230 Πνεύ-

2201 3291 2389 3344 ματος
2421 3273 2616 3340 ἁγίου.

2276 3366 2382 3417 Καὶ
2408 3364 2549 3424 τίνος
2580 3363 2764 3416 ἕνεκεν
2797 3362 2856 3414 οὗ
2883 3361 3106 3430 γέγονεν
3137 3359 3330 3429 ἔγκυος
3363 3359 3470 3432 πρὸ
3506 3360 3607 3429 τῆς
3641 3378 3787 3431 μνη-

2219 3456 2419 3517 στείας;
2452 3456 2567 3508 ἰνα
2603 3456 2674 3523 μὴ
2707 3455 2974 3526 ἀποθάνῃ,
3019 3454 3094 3517 ὼς
3126 3452 3525 3506 ὑποπτευθεῖσα
3549 3453 3790 3522 διαφθα-

2209 3552 2392 3620 ρῆναι.
2422 3549 2554 3601 Τίνα
2587 3551 2693 3618 γὰρ
2722 3548 2786 3601 ἂν
2835 3549 3069 3612 ἔπεισεν,
3109 3548 3191 3600 ὅτι
3238 3547 3335 3615 οὐχ
3365 3546 3647 3614 ὡμίλησεν
3679 3547 3786 3598 ἀν-

2204 3640 2324 3710 δρί;
2355 3641 2451 3693 Διὰ
2494 3640 2651 3692 τοῦτο
2685 3639 2862 3692 τοίνυν
2901 3639 3040 3708 μετὰ
3075 3639 3172 3706 τὴν
3209 3638 3525 3707 μνηστείαν,
3562 3639 3658 3691 καὶ
3688 3638 3784 3690 ἔν-

2204 3731 2292 3784 δον
2325 3731 2424 3800 τῆς
2452 3731 2628 3792 οίκίας
2674 3729 2857 3789 αὐτοῦ,
2893 3731 3207 3798 ἐγκυμονεῑ,
3259 3729 3344 3780 ἵνα
3375 3729 3610 3798 νομισθῇ
3647 3730 3782 3780 συλ-

2206 3823 2391 3874 λαϐεῖν
2443 3822 2502 3884 ἐξ
2550 3821 2737 3885 αὐτοῦ,
2773 3820 2867 3874 καλ⁵
2900 3821 3040 3873 οὕτω
3073 3820 3336 3889 διαδράσῃ
3384 3820 3476 3872 τὸν
3505 3820 3787 3886 κίνδυνον,

2207 3914 2299 3967 καὶ
2334 3915 2419 3966 ἵνα
2453 3915 2553 3982 σχῇ
2593 3911 2782 3965 τοῦτον
2823 3912 3058 3982 χορηγόν
3088 3928 3146 3963 τε
3179 3911 3289 3963 τῶν
3328 3911 3650 3979 ἀναγκαίων
3683 3913 3784 3965 καὶ

2207 4005 2500 4076 κηδεμόνα,
2542 4004 2637 4056 καὶ
2686 4005 2919 4071 μάλιστα
2981 4003 3131 4074 παρὰ
3177 4001 3270 4054 τὸν
3334 4003 3524 4073 καιρὸν
3569 4005 3667 4075 τῆς
3701 4005 3788 4068 είς

2209 4099 2483 4164 Αιγυπτον
2531 4095 2734 4165 φυγῆς.

2283 4273 2353 4324 Σὺ
2384 4272 2440 4324 δὲ
2486 4271 2558 4340 μὴ
2611 4269 2874 4340 ζητήσῃς.
2910 4267 3025 4331 πῶς
3058 4266 3342 4332 συνέλαϐε,
3393 4267 3527 4338 μηδὲ
3557 4284 3794 4339 περιερ-

2212 4366 2374 4435 γάσῃ,
2405 4365 2518 4426 πῶς
2543 4363 2624 4416 διε
2637 4361 2843 4432 πλάσθη
2877 4362 2936 4414 τὺ
2966 4360 3226 4431 ἔμϐρυον.
3253 4360 3423 4413 Τοῦτο
3457 4359 3566 4430 γὰρ
3592 4359 3720 4413 οὕτε
3758 4361 3792 4413 δ

538 4448 652 4503 lloc
714 4451 859 4503 enim
893 4467 1067 4520 neque
1119 4454 1450 4523 evangelista
1499 4455 1702 4522 docuit,
1754 4473 1933 4527 neque
1981 4468 2102 4514 ante

2213 4452 2603 4522 εὐαγγελιστὴς
2641 4451 2899 4516 ἐδίδαξεν,
2928 4450 3052 4503 οὕτε
3085 4450 3193 4518 πρὸ
3219 4449 3385 4503 αὑτοῦ
3419 4453 3447 4503 ὀ
3471 4450 3726 4518 ἄγγελος,
3758 4451 3792 4504 ὁ

538 4540 714 4606 ipsum
753 4542 993 4610 angelus,
1023 4543 1113 4610 qui
1148 4541 1354 4612 Virgini
1388 4556 1712 4614 conceptum
1740 4549 2102 4603 annuntiavit.

2213 4541 2702 4610 εὐαγγελισάμενος
2730 4544 2794 4609 τῇ
2822 4541 3068 4609 Θεοτόκῳ
3112 4540 3210 4611 τὴν
3243 4540 3525 4610 σύλληψιν.
3553 4541 3786 4609 Ἦγνόη-

540 4627 656 4680 lloe
684 4627 946 4697 siquidem
997 4630 1338 4699 ignorabant,
1374 4647 1441 4686 eo
1496 4633 1640 4702 quod
1690 4633 2102 4704 incomprehen-

2217 4650 2314 4686 σαν
2346 4633 2454 4700 γὰρ
2486 4632 2642 4685 τοῦτο
2666 4632 2761 4684 καὶ
2793 4631 2974 4694 αὐτοὶ,
3005 4630 3092 4684 διὰ
3122 4631 3181 4682 τδ
3211 4626 3345 4684 εἶναι
3383 4634 3548 4683 πᾶσιν
3578 4631 3791 4686 ἀκατά-

541 4717 699 4772 sihile
723 4718 813 4782 sit,
847 4719 1054 4789 solique
1085 4721 1254 4774 beatae
1293 4722 1543 4778 Trinitati
1581 4725 1877 4795 cognitum.
1912 4725 2102 4780 Verum

2214 4724 2438 4790 ληπτον,
2492 4723 2581 4776 καὶ
2626 4723 2762 4793 μόνῃ
2812 4725 2878 4791 τῇ
2941 4721 3188 4791 μακαρίᾳ
3241 4720 3430 4791 Τριάδι
3483 4721 3788 4791 γνώριμον.

541 4809 593 4862 id
641 4817 845 4862 tantum
873 4811 1030 4876 scito,
1077 4813 1218 4880 quod
1247 4813 1418 4868 Filius
1444 4815 1756 4870 incarnatus
1793 4826 1876 4871 est
1915 4832 2102 4872 secun-

2217 4814 2389 4868 Τοῦτο
2417 4815 2472 4866 δὲ
2499 4815 2735 4883 γίνωσκε
2769 4813 2948 4881 μόνον,
2981 4814 3061 4867 ὄτι
3085 4813 3427 4880 σεσάρκωται
3456 4815 3484 4865 ὁ
3517 4813 3664 4876 Υίὸς,
3691 4813 3750 4865 εὑ
3770 4842 3788 4854 ο

545 4903 673 4955 dum
713 4902 886 4956 Patris
921 4906 1277 4971 voluntatem,
1324 4920 1652 4978 cooperante
1682 4911 1845 4964 etiam
1904 4910 2102 4980 Spiritu

2213 4906 2367 4977 δοκία
2399 4906 2490 4958 τοῦ
2524 4907 2755 4977 Πατρδς,
2789 4907 2880 4958 καὶ
2927 4903 3186 4975 συνεργίᾳ
3219 4905 3310 4957 τοῦ
3343 4905 3500 4973 ἁγίου
3537 4904 3787 4974 Πνεύμαο

546 5000 755 5046 sancto.
2213 5013 2324 5059 τος.

611 5082 764 5138 Vers.
798 5085 880 5139 19.
902 5085 1087 5156 Ioseph
1113 5116 1170 5125 —-
1199 5086 1468 5142 dimittere
1500 5105 1638 5143 eam.
1666 5088 1854 5144 Justus
1883 5090 2100 5159 quidem

2295 5090 2520 5156 Ἰωσὴφ
2571 5117 2640 5128 -
2691 5086 3000 5142 ἀπολῦσαι
3030 5087 3246 5156 αὐτήν.
3298 5089 3512 5150 Δίκαιος
3568 5089 3786 5157 λέγεται

544 5173 764 5239 dicitur,
795 5177 885 5244 qui
917 5177 1196 5231 avaritiam
1225 5178 1374 5244 odit;
1411 5179 1613 5235 dicitur
1642 5181 1802 5233 etiam
1835 5180 2102 5251 generali-

2216 5182 2334 5252 μὶν,
2372 5182 2468 5234 καὶ
2491 5181 2516 5232 ὁ
2549 5180 2720 5249 μισῶν
2764 5180 2861 5248 τὴν
2890 5179 3220 5245 πλεονεξίαν,
3258 5179 3472 5248 λέγεται
3510 5180 3588 5244 δὲ,
3631 5180 3726 5232 καὶ
3755 5181 3786 5232 ὁ

548 5274 650 5330 ter,
686 5268 776 5336 qui
807 5268 1056 5324 virtutem
1089 5269 1242 5324 colit.
1271 5269 1421 5326 Sicut
1471 5281 1526 5326 et
1583 5271 1670 5327 hic
1695 5271 1894 5344 Joscph
1923 5273 2102 5340 justus

2211 5273 2436 5325 καθόλου
2465 5273 2737 5339 ἐνάρετος,
2769 5268 2961 5338 ὥσπερ
2999 5272 3093 5323 καὶ
3125 5269 3219 5324 νῦν
3251 5272 3280 5323 ὁ
3311 5272 3535 5342 Ἰωσὴφ,
3574 5271 3784 5334 δίκαιος

1731 5432 1932 5492 Variae
1981 5428 2281 5491 lectiones
2325 5435 2386 5489 et
2426 5435 2609 5491 notae.

623 5585 745 5663 (ἰᾷ).
768 5588 919 5656 Apud
958 5588 1244 5663 Chrysost.
1271 5604 1313 5644 t.
1333 5590 1446 5658 Vll,
1480 5609 1532 5662 p.
1556 5593 1623 5648 45
1647 5593 1708 5647 Β.
1736 5610 1894 5663 quem
1922 5595 2100 5649 locum

552 5655 902 5730 respi_eit,_est
929 5655 1322 5728 αἰχμαλωσίας,
1343 5655 1496 5730 quod'
1516 5664 1704 5718 eodem
1729 5655 1890 5720 redit.

626 5724 736 5792 (Eli)
767 5726 876 5780 Iloe
914 5724 1173 5782 scholium
1196 5724 1454 5785 omiserat
1501 5731 1818 5788 Heuteuius.
1884 5735 2104 5789 Transi-

558 5796 713 5848 liet'nt
738 5797 964 5850 furuisse
989 5800 1159 5853 btriba
1193 5800 1345 5853 istius
1389 5803 1610 5856 codicis.

2288 5595 2400 5665 (9.5)
2435 5595 2639 5661 Ἠγουν
2664 5591 3210 5656 ἀπόκειται,οηιίιιίι.
3243 5594 3304 5644 Λ.
3346 5592 3524 5644 malim
3561 5594 3775 5649 ὑπόχειρ

2213 5682 2395 5804 ταξὲθ)
2421 5734 2605 5804 ζενδον
2637 5732 2742 5801 γὰρ
2768 5728 2856 5801 ἦν,
2893 5732 3214 5804 οῐηὶιιίια-Λ.

2288 5801 2394 5872 (‘27)
2422 5802 2742 5870 Plerumque,
2769 5805 2820 5868 in
2845 5804 3035 5856 talibus
3067 5802 3325 5855 :ttlltilu‘nt
3365 5801 3657 5871 Οοραϐηῢῇ.
