4030 6488
212 436 314 500 12)

1139 432 1524 492 COMMEX'I‘.
1572 433 1653 491 IN
1700 428 2177 489 MATTHJSUM.
2225 454 2292 462 --
2337 429 2497 489 CAP.
2540 431 2586 493 Ι.

3422 436 3529 495 1230

209 554 354 604 εὶναι
389 544 800 616 μαρτυρηθεὶς,
841 543 927 597 διὰ
954 560 1012 597 τε
1051 544 1149 607 τάς
1187 544 1356 606 ἄλλας
1389 544 1557 597 αὑτοῦ
1582 542 1805 613 ἀρετάς,

1920 554 2037 594 esse
2071 540 2417 609 perhibetur,
2462 557 2587 596 cum
2630 550 2860 613 propter
2918 542 3056 597 alias
3092 542 3217 613 ejus
3269 542 3531 611 virtutes,

205 647 299 699 καὶ
322 643 411 696 διὰ
432 641 531 709 τὴν
567 639 854 710 πραότητα
884 640 977 692 καὶ
1003 638 1387 709 ἀγαθωσύνην.
1425 638 1812 708 Παραδειγμα-

205 738 356 791 τίσαι
383 736 441 789 δὲ
482 734 726 800 ἐλέγετο,
752 732 881 788 ὅταν
904 731 1045 801 ἀνὴρ
1095 730 1248 806 παρά
1280 731 1340 783 τὸ
1375 730 1658 799 συνέδριον
1704 724 1810 799 ἦγε

204 832 304 901 τὴν
349 826 825 898 ὑποπτευομένην,
855 827 949 879 καὶ
983 824 1284 894 κατηγόρει
1324 824 1552 893 ταύτης,
1585 824 1680 875 καὶ⁷
1720 820 1811 875 οὖ-

204 941 315 986 τως
350 921 523 990 αὐτὴν
560 920 810 990 φανερῶς
859 919 1097 973 ἀπέλυεν
1134 916 1246 972 ἀπὸ
1274 917 1377 987 τῆς
1416 916 1597 980 οἰκίας
1618 914 1808 980 αὑτοῦ,

203 1018 343 1085 ὅπερ
379 1016 453 1084 μὴ
502 1012 670 1067 θέλων
723 1013 949 1082 ποιῆσαι
994 1013 1023 1064 6
1056 1010 1279 1082 Ἰωσὴφ.
1315 1010 1596 1081 ἠόουλήθη
1631 1010 1809 1081 λάθρα

205 1110 485 1163 ἀπολῦσαι
529 1108 725 1179 αὐτὴν,
761 1107 848 1160 ἵνα
887 1106 980 1159 καὶ
1009 1106 1175 1168 αὐτὸς
1208 1104 1509 1170 ἀνεύθυνος
1555 1108 1665 1160 ἀπὸ
1712 1106 1808 1161 τοῦ

205 1206 375 1271 νόμου
423 1204 605 1273 μείνῃ,
642 1199 737 1253 τοῦ
771 1199 1109 1264 κελεύοντος,
1144 1199 1407 1252 ἀπολύειν
1442 1201 1542 1263 τὰς
1570 1201 1807 1265 κυούσας

206 1296 506 1365 ἑτέρωθεν,
548 1294 813 1364 κάκείνην
863 1292 1049 1362 ἀπαθῆ
1091 1293 1281 1347 κακῶν
1331 1295 1673 1368 συντηρὴσῃ.
1732 1294 1810 1366 μὴ

203 1386 586 1458 δημοσιεύσας
616 1387 677 1440 τὸ
702 1386 952 1455 γεγονός.

286 1564 483 1621 Ταῦτα
510 1565 579 1619 δὲ
602 1597 673 1607 -
694 1567 888 1638 ἐφάνη
913 1570 1096 1636 αὐτῷ.
1126 1571 1269 1642 Ὀρα
1296 1572 1603 1642 πραότητος
1634 1574 1811 1644 ὑπερ-

206 1658 411 1728 ϐολήνί
449 1660 512 1712 οὐ
568 1660 733 1729 μόνον
762 1661 873 1732 γὰρ
918 1661 1018 1716 οὐκ
1069 1662 1288 1726 ἐξεῖπεν
1338 1666 1513 1736 ἑτέρῳ
1548 1666 1805 1736 περὶτοῦ

204 1750 559 1819 πράγματος,
594 1749 712 1803 ἀλλ’
754 1749 875 1802 οὐδὲ
901 1752 1039 1820 αὐτῇ
1078 1754 1145 1822 τῇ
1190 1753 1635 1824 ὑποπτευομένῃ,
1670 1754 1807 1807 ἀλλά

203 1841 331 1893 καθ’
361 1842 557 1893 ἑαυτὸν
592 1842 928 1913 ἐνεθυμήθη,
959 1844 1135 1914 λάθρα
1161 1845 1435 1898 ἀπολῦσαι
1465 1847 1657 1915 αὑτήν.
1696 1846 1806 1900 Καὶ

1920 642 2036 687 tum
2071 644 2297 703 propter
2336 636 2821 691 mansuetudinem
2860 652 2924 691 ac
2986 636 3322 706 probitatem
3380 642 3527 709 ejus.

1919 725 2240 781 Traducere
2268 737 2456 783 autem
2499 730 2815 797 dicebatur,
2850 730 3074 800 quando
3108 732 3190 785 vir
3220 733 3289 786 ad
3343 734 3534 787 conci-

1915 818 2049 872 lium
2081 819 2319 875 ducebat
2352 838 2605 887 uxorem,
2626 824 2695 878 de
2720 840 2828 893 qua
2844 824 3222 893 suspicionem
3269 826 3533 890 habebat,

1914 918 2203 987 ipsamque
2235 919 2533 974 accusabat
2570 936 2583 971 :
2643 928 2699 973 et
2730 918 2802 972 ita
2834 918 3125 973 manifeste
3151 935 3273 973 eam
3307 935 3336 973 a
3369 922 3534 975 domo

1918 1013 2144 1082 propria
2210 1012 2552 1067 dimittebat.
2609 1011 2766 1077 Quod
2810 1012 3007 1067 nolens
3063 1011 3245 1065 facere
3302 1010 3532 1082 Joseph,

1921 1103 2095 1157 voluit
2124 1104 2265 1157 clam
2299 1103 2582 1159 dimittere
2609 1119 2753 1169 eam,
2790 1112 2848 1157 ut
2882 1112 2937 1158 et
3007 1103 3125 1173 ipse
3185 1105 3321 1157 nulli
3357 1106 3534 1159 obno-

1913 1197 2038 1250 xius
2068 1197 2285 1250 crimini
2323 1198 2628 1251 secundum
2663 1197 2836 1269 legem
2872 1208 3140 1265 maneret,
3194 1213 3288 1254 eas
3330 1200 3536 1269 juben-

1917 1298 2024 1343 tem
2070 1290 2375 1356 dimittere,
2433 1305 2557 1360 quae
2588 1291 2817 1345 aliunde
2846 1290 2901 1344 in
2960 1298 3119 1345 utero
3146 1291 3437 1357 haberent,
3481 1303 3537 1347 et

1920 1382 2067 1436 illam
2102 1399 2131 1436 a
2163 1384 2434 1437 malorum
2462 1378 2821 1454 perpessione
2844 1392 3115 1450 servaret,
3138 1385 3267 1454 quia
3304 1388 3354 1438 id
3383 1387 3535 1454 quod

1913 1475 2117 1529 factum
2149 1485 2291 1540 erat,
2358 1492 2468 1530 non
2518 1476 2930 1533 manifestabat.

1989 1568 2145 1624 Vers.
2174 1569 2264 1623 20.
2298 1568 2425 1623 Haec
2458 1580 2644 1623 autem
2669 1600 2741 1610 —
2774 1570 3027 1638 apparuit
3063 1571 3131 1624 ei.
3184 1569 3318 1626 Vide
3374 1588 3535 1627 man-

1913 1661 2233 1717 suetudinis
2262 1661 2671 1726 excellentiam.
2704 1660 2822 1716 Non
2858 1662 3039 1716 solum
3062 1662 3164 1717 hac
3201 1663 3269 1718 de
3294 1680 3353 1718 re
3380 1664 3528 1731 nihil

1912 1756 2072 1809 alteri
2110 1754 2526 1813 manifestabat.
2562 1754 2660 1809 sed
2693 1770 2797 1809 nec
2840 1754 2966 1824 ipsi,
3031 1754 3101 1809 de
3168 1771 3275 1825 qua
3339 1756 3532 1826 suspi-

1914 1849 2131 1903 cionem
2176 1847 2458 1901 habebat:
2503 1857 2713 1901 tantum
2748 1846 2895 1916 apud
2949 1862 3009 1901 se
3049 1846 3334 1916 cogitavit,
3391 1848 3533 1902 clam

204 1934 349 1986 διατί
385 1936 484 2005 μὴ,
520 1936 627 2003 πρὸ
656 1935 752 1989 τοῦ
785 1936 1162 2007 ἐξογκωθῆναι
1205 1940 1304 2008 τὴν
1336 1941 1580 2011 γαστέρα
1611 1943 1808 2011 αὐτῆς,

1920 1942 2197 1997 dimittere
2242 1955 2395 1994 eam:
2445 1941 2512 1994 Et
2565 1954 2737 2010 quare
2795 1954 2905 1993 non
2978 1948 3275 2009 antequam
3340 1950 3538 1995 venter

203 2029 231 2080 6
257 2028 494 2095 ἄγγελος
522 2025 643 2081 εἶπε
671 2028 752 2099 τῷ
772 2030 970 2100 Ἰωσὴφ
998 2032 1065 2084 τὰ
1097 2036 1225 2103 περὶ
1269 2034 1369 2105 τῆς
1398 2037 1645 2107 ἀσπόρου
1686 2038 1811 2091 συλ-

204 2120 455 2189 λήψεωςς
490 2120 637 2174 Διότι
663 2122 891 2191 ἔμελλεν
937 2126 1311 2189 ἀπιστεῖσθαι,
1347 2128 1434 2183 διά
1465 2131 1526 2183 τὸ
1562 2130 1808 2202 παράδοο

207 2212 317 2276 ξον.
352 2215 557 2276 Λοιπὸν
591 2215 709 2277 οὖν,
756 2217 1038 2285 ὁρωμένου
1070 2218 1163 2271 τοῦ
1200 2221 1548 2291 πράγματος,
1588 2222 1805 2293 μηνύει,

205 2307 302 2358 καὶ
360 2307 543 2359 πείθει
593 2308 799 2379 ῥᾴδιον.
836 2310 947 2361 Καὶ
987 2310 1132 2363 διατί
1198 2313 1273 2383 μὴ
1326 2316 1359 2384 ἡ
1397 2316 1673 2386 Παρθένος
1734 2317 1810 2387 τῷ

204 2396 411 2466 Ἰωσὴφ
449 2398 768 2467 ἀνήγγειλε,
827 2401 1250 2472 προδιδαχθεῑσα
1298 2405 1474 2461 ταῦτα
1510 2411 1661 2479 παρὰ
1711 2410 1808 2464 τοῦ

206 2490 491 2559 Γαϐριήλς
546 2492 692 2543 Διότι
747 2493 1067 2560 ἐγίνωσκεν,
1118 2496 1194 2558 ὡς
1251 2499 1313 2551 οὐ
1356 2502 1806 2572 πιστευθήσεται,

210 2584 419 2649 μᾶλλον
476 2583 577 2652 μὲν
642 2579 736 2636 οὖν
796 2586 891 2637 καὶ
941 2588 1261 2657 παροξυνεῖ,
1320 2592 1397 2656 ὡς
1453 2595 1811 2665 ἐπιχειροῦσα

208 2674 534 2734 συσκιάζειν
565 2672 625 2725 τὸ
662 2674 1236 2747 πεπλημμελημένον.
1272 2682 1383 2735 Καὶ
1414 2683 1557 2736 διατί
1603 2687 1678 2756 μὴ
1716 2687 1811 2739 καὶ

207 2768 273 2836 τῇ
308 2766 596 2836 Παρθένῳ.
622 2768 763 2835 μετά
792 2768 883 2819 τὸν
910 2768 1077 2837 ὄγκον
1108 2772 1204 2840 τῆς
1237 2776 1500 2845 γαστρὸς,
1536 2780 1811 2848 ἐμήνυσεν

209 2861 235 2909 ὁ
275 2858 515 2926 ἅγγελος
540 2859 638 2929 τὴν
664 2861 727 2911 ὲκ
765 2860 1087 2931 Πνεύματος
1116 2865 1274 2933 ἀγίου
1304 2868 1606 2939 σύλληῲιν;
1641 2875 1808 2937 Διότι,

211 2952 260 3002 εἰ
296 2952 372 3022 μὴ
420 2954 821 3023 προμεμάθηκε
853 2956 1033 3022 τοῦτο,
1068 2958 1296 3029 ἔμελλεν
1332 2962 1389 3013 ὲν
1423 2962 1642 3033 θορύϐῳ
1667 2960 1811 3019 εἶναι

211 3046 308 3096 καὶ
339 3050 576 3116 ταραχῇ.
619 3050 714 3100 καὶ
764 3051 857 3103 ἐπὶ
905 3050 1103 3121 βρόχον
1153 3052 1333 3105 ἐλθεῖν
1388 3052 1447 3107 εὖ
1504 3056 1703 3120 εἰδυῖα,
1736 3059 1811 3121 ὡς

210 3138 315 3189 οὐκ
347 3137 413 3191 ἄν
449 3155 579 3191 ποτε
612 3143 778 3213 πείσῃ
809 3144 954 3209 τινὰ,
988 3144 1248 3212 λέγουσα,
1304 3145 1381 3217 μὴ
1424 3148 1685 3218 ὁμιλῆσαι
1720 3151 1813 3201 ἁν-

1917 2037 2325 2090 intumeseeret
2382 2034 2621 2105 Virginis
2687 2032 2827 2088 dixit
2885 2034 3117 2104 angelus
3169 2033 3274 2104 ipsi
3307 2034 3535 2105 Ioseph,

1912 2145 2033 2200 qua:
2064 2129 2205 2183 facta
2240 2127 2461 2182 fuerant
2484 2129 2629 2181 circa
2657 2125 3083 2195 conceptionem
3120 2127 3241 2181 sine
3272 2128 3535 2181 Semine?

1914 2226 2052 2291 Quia
2102 2233 2329 2293 propter
2370 2239 2623 2293 magnam
2711 2222 2792 2276 rei
2851 2223 3151 2277 novitatem
3210 2222 3537 2277 incredulus

1915 2315 2132 2370 fuisset.
2168 2317 2307 2370 Cum
2335 2330 2467 2382 ergo
2511 2329 2599 2369 res
2650 2314 2761 2384 iam
2796 2324 3116 2384 appareret,
3144 2315 3359 2369 iudicat
3389 2315 3532 2369 faci-

1916 2409 2133 2479 liusque
2176 2409 2495 2479 persuadet.
2545 2407 2843 2470 Piaeterea,
2886 2424 2984 2463 cur
3054 2423 3166 2462 non
3216 2410 3332 2478 ipsa
3368 2408 3536 2480 Virgo

1914 2504 2302 2558 manifestavit
2341 2502 2573 2572 Joseph,
2616 2517 2741 2555 eum
2799 2502 2954 2568 prius
3006 2517 3035 2555 a
3065 2501 3322 2555 Gabriele
3384 2513 3537 2558 esset

1914 2597 2148 2653 edocta?
2239 2596 2399 2663 Quod
2467 2596 2679 2651 sciebat
2766 2604 2982 2648 tantum
3058 2595 3257 2648 abesse
3306 2604 3365 2649 ut
3427 2595 3534 2652 sibi

1916 2690 2053 2744 ﬁdes
2088 2689 2451 2743 adhiberetur
2481 2697 2541 2741 ut
2594 2687 2765 2757 magis
2790 2687 2953 2740 etiam
3010 2687 3254 2740 irritaret
3290 2688 3379 2747 (ad
3413 2690 3536 2741 vin-

1915 2784 2118 2837 dictam
2148 2781 2479 2850 Josephuni)
2511 2780 2556 2833 si
2606 2780 2824 2849 culpam
2854 2788 3153 2833 conaretur
3193 2780 3394 2833 celare.
3451 2780 3535 2834 Ad

1917 2876 2034 2931 lizee
2070 2893 2083 2929 :
2125 2881 2308 2941 Quare
2338 2888 2449 2927 non
2484 2882 2609 2943 post
2643 2875 2856 2929 ventris
2883 2882 3160 2927 tumorem
3186 2872 3530 2943 significavit

1914 2970 2143 3039 angelus
2185 2967 2427 3038 Virginis
2476 2968 2925 3036 conceptionem,
2962 2982 3086 3037 quae
3123 2981 3218 3035 per
3248 2966 3525 3036 Spiritum

1914 3073 2166 3119 sanetum
2193 3061 2332 3117 facta
2366 3060 2563 3115 esset?
2589 3059 2728 3125 Quia
2759 3060 2866 3113 nisi
2887 3062 3039 3127 prius
3072 3075 3187 3114 rem
3222 3060 3526 3114 didicisset

1917 3159 2115 3211 timore
2152 3172 2218 3211 ac
2278 3154 2698 3225 perturbatione
2730 3153 2869 3208 adeo
2917 3153 3181 3223 exagitari
3218 3164 3416 3224 potuit,
3474 3165 3534 3208 ut

209 3229 323 3296 δρί.
372 3230 475 3283 Διά
503 3232 681 3301 τοῦτο,
729 3238 798 3306 τῇ
848 3236 950 3306 μὲν
997 3236 1286 3308 Παρθένῳ,
1337 3240 1441 3310 πρὸ
1475 3244 1573 3311 τῆς
1611 3242 1808 3313 συλλή-

1921 3259 2150 3304 mortem
2193 3250 2308 3314 ipsa
2346 3249 2450 3301 sibi
2484 3246 2887 3311 conscisceret,
2912 3247 3074 3316 plane
3122 3246 3329 3312 sciens,
3380 3246 3530 3315 quod

208 3322 380 3391 ψεως,
417 3326 445 3376 ὁ
488 3325 718 3393 ἀγγελος
763 3327 1114 3397 διαλέγεται*
1153 3330 1234 3400 τῷ
1265 3331 1323 3385 δὲ
1369 3331 1590 3406 Ἰωσὴφ,
1634 3337 1693 3389 ὲν
1735 3339 1808 3407 τῷ

1920 3344 2051 3396 nulli
2087 3356 2328 3411 unquam
2361 3339 2694 3409 persuadere
2724 3339 3023 3417 potuisset,
3054 3354 3113 3393 se
3140 3339 3273 3392 nulli
3294 3338 3530 3395 commi-

214 3414 398 3486 καιρῷ
418 3417 525 3471 τῶν
551 3418 778 3474 ὠδίνων.

287 3684 397 3737 Καὶ
433 3685 462 3737 6
495 3686 595 3755 μὲν
624 3688 913 3754 Ματθαίος
946 3693 1077 3762 περὶ
1112 3694 1212 3749 τοῦ
1260 3697 1499 3766 ἀγγέλου
1546 3701 1640 3755 τοῦ
1689 3703 1814 3757 ἑπι-

215 3775 449 3839 στάντος
491 3778 571 3849 τῷ
607 3779 809 3851 Ἰωσὴφ
858 3783 1203 3856 ἀνέγραψεν·
1259 3790 1288 3843 6
1324 3789 1382 3844 δὲ
1417 3792 1634 3858 Λουκᾶς
1682 3797 1813 3867 περὶ

212 3869 310 3923 τοῦ
338 3873 843 3945 εὐαγγελισαμένου
889 3880 957 3950 τῇ
991 3880 1255 3953 Παρθένῳ
1284 3883 1383 3956 τὴν
1420 3885 1574 3941 θείαν
1612 3889 1814 3959 σύλλη-

212 3964 328 4032 ψιν.
356 3966 673 4039 ’Δμςρότερα
717 3969 825 4040 γὰρ
874 3974 1155 4040 γεγόνασι.
1189 3977 1297 4030 Καὶ
1327 3978 1470 4031 διατί
1522 3980 1643 4033 κατ’
1676 3983 1811 4053 δναρ

214 4055 364 4127 αὐτῷ
392 4058 648 4127 φαίνεται
677 4061 705 4113 6
744 4063 1000 4131 ἄγγελος,
1042 4070 1137 4119 καὶ
1178 4071 1252 4139 μὴ
1305 4073 1582 4141 φανερῶς,
1622 4074 1811 4146 ὥσπερ

216 4154 312 4203 καὶ
353 4153 421 4221 τῇ
474 4153 777 4225 Παρθένῳ;
824 4159 970 4211 Διύτι
1028 4162 1059 4229 ἠ
1118 4162 1218 4231 μὲν
1268 4165 1549 4235 Παρθένος
1606 4168 1811 4246 ἔχρῃζε

214 4246 461 4315 ςανερᾶς
496 4246 693 4316 ὅψεως,
738 4250 827 4304 διά
868 4252 929 4304 τὸ
970 4256 1281 4326 παράδοξον
1323 4259 1418 4311 τοῦ
1452 4263 1807 4335 μηνύματος·

213 4338 240 4388 6
274 4336 338 4429 δε
362 4336 581 4410 Ἰωσὴφ,
609 4341 822 4410 βλέπων
850 4345 951 4414 μὲν
975 4351 1070 4399 καὶ
1094 4349 1185 4401 τὸν
1218 4350 1381 4419 ὄγκον
1412 4355 1509 4424 τῆς
1545 4358 1808 4429 γαστρὸς,

214 4425 503 4494 γινώσκων
532 4430 589 4483 δὲ
619 4432 716 4483 καὶ
751 4435 844 4487 τὸν
881 4435 998 4505 βίον
1026 4438 1122 4509 τῆς
1161 4442 1442 4511 Παρθένου
1478 4425 1720 4519 καθαρόν
1749 4468 1808 4503 τε

217 4527 309 4577 καὶ
344 4527 737 4598 ἀνεπίληπτον,
800 4534 1198 4605 εὐχερέστερον
1250 4538 1446 4608 ἔμελλε
1500 4546 1805 4603 πιστεύειν.

1916 3446 2055 3491 stam
2107 3450 2229 3488 esse
2278 3435 2413 3486 viro.
2471 3432 2771 3501 Propterea
2847 3430 3056 3501 Virgini
3115 3429 3339 3500 quidem
3403 3438 3533 3483 ante

1913 3529 2339 3597 conceptionem
2372 3522 2601 3594 angelus
2625 3523 2927 3589 nuntiavit,
2962 3522 3136 3594 Josph
3185 3534 3369 3577 autem
3398 3538 3533 3593 par-

1914 3620 2196 3677 turitionis
2228 3628 2498 3687 tempore.

1987 3713 2363 3769 Ethlatthaaus
2387 3712 2614 3780 quidem
2650 3709 2719 3765 de
2746 3709 2944 3781 angelo
2976 3708 3183 3779 Joseph
3226 3718 3531 3779 apparente

1914 3806 2245 3875 conscripsit
2275 3824 2290 3872 ;
2330 3803 2505 3858 Lucas
2540 3818 2694 3869 vero,
2722 3803 3006 3873 quomodo
3041 3802 3250 3873 Virgini
3290 3803 3516 3857 divinus

1914 3910 2214 3968 conceptus
2238 3900 2309 3953 sit
2359 3897 2725 3950 annuntialus
2757 3915 2771 3963 ;
2813 3906 3111 3965 utrumque
3140 3897 3287 3949 enim
3318 3896 3529 3951 factum

1913 4004 2016 4050 est.
2051 3995 2309 4056 lini-sum,
2348 4008 2511 4061 quam
2554 3991 2626 4045 ob
2668 4005 2893 4044 causam
2932 3992 2988 4044 in
3015 3991 3225 4046 somnis
3282 3992 3386 4061 ipsi
3428 3991 3525 4046 Jo-

1914 4088 2049 4158 seph
2074 4088 2331 4157 apparuit
2366 4085 2595 4156 angelus
2622 4096 2677 4137 et
2708 4100 2820 4138 non
2868 4085 3187 4149 manifeste,
3223 4085 3369 4139 sicut
3408 4084 3530 4139 Vir-

1916 4183 2027 4253 gini
2074 4186 2094 4233 't
2143 4181 2283 4246 Quia
2355 4178 2560 4251 Virgini
2616 4178 2839 4249 quidem
2890 4179 3186 4233 manitesta
3237 4194 3378 4248 Opus
3410 4188 3529 4233 erat

1916 4276 2128 4329 visione
2149 4282 2374 4343 propter
2405 4273 2503 4335 rei,
2536 4284 2658 4340 qua:
2690 4270 3124 4341 significabatur,
3159 4273 3463 4325 novitatem
3510 4290 3524 4325 :

1912 4368 2140 4437 Josepb,
2176 4378 2363 4421 autem
2414 4366 2607 4419 videns
2647 4366 2870 4434 quidem
2910 4366 3051 4418 uteri
3091 4374 3386 4431 tumorem,
3424 4382 3521 4419 (:0-

1911 4464 2119 4535 gnitam
2151 4473 2336 4517 tamen
2392 4461 2602 4515 habens
2656 4460 2780 4515 vita:
2830 4458 3068 4529 Virginis
3115 4461 3411 4529 puritatem
3462 4476 3528 4516 ac

1915 4554 2312 4615 innocentiam,
2349 4552 2455 4605 alio
2491 4566 2711 4619 quoque
2763 4552 2927 4604 modo
2979 4550 3198 4604 facilius
3236 4563 3355 4605 erat
3400 4568 3525 4606 cre-

220 4618 431 4683 Ἀλλως
470 4638 531 4673 τε
568 4622 647 4687 δὲ,
682 4626 777 4678 καὶ
806 4624 882 4689 ὡς
920 4622 979 4682 εὖ
1022 4628 1179 4693 εἰδὼς
1211 4632 1513 4705 διακρίνειν
1540 4637 1808 4708 ὀνείρους,

1920 4650 2154 4713 iliturus,
2191 4656 2451 4715 tanquam
2504 4646 2597 4714 qui
2649 4643 2864 4698 somnia
2895 4644 3064 4713 probe
3102 4654 3333 4699 noverat
3384 4646 3527 4715 diju-

215 4713 273 4765 ὲν
303 4714 502 4785 ὀνείρῳ
530 4716 721 4786 βλέπει
740 4720 832 4773 τὸν
855 4721 1109 4791 ἄγγελον.

284 4807 491 4877 Λόγων
519 4837 588 4849 --
616 4812 875 4882 γυναῖκὰ
908 4832 1047 4870 σου.
1080 4816 1207 4873 Υἱὸν
1236 4821 1402 4875 Δαυῖδ
1428 4825 1591 4881 αὑτὸν
1618 4830 1811 4884 ἑκάλε-

216 4917 329 4991 σεν,
362 4902 587 4969 ἀνάγων
614 4905 711 4974 τὴν
737 4906 981 4961 διάνοιαν
1015 4910 1185 4963 αὑτοῦ
1216 4913 1311 4965 ἐπὶ
1352 4914 1446 4971 τὸν
1492 4916 1684 4985 Δαυτδ,
1712 4924 1809 4991 ἀφ’

214 4986 274 5045 οὒ
299 4994 648 5063 προσεδόκων
671 4998 919 5052 Ἰουδαῖοι
948 5000 1040 5053 τὸν
1079 5002 1317 5075 Χριστὸν
1352 5006 1593 5066 ἔσεσθαι.
1623 4986 1809 5069 Εἰπῶν

212 5086 287 5153 δὲ,
324 5087 421 5155 Μὴ
452 5087 743 5158 φοϐηθῇς,
778 5092 1118 5163 ἀνεκάλυψεν
1157 5096 1307 5167 αὺτῷ
1344 5098 1405 5151 τὸ
1443 5102 1544 5171 τῆς
1574 5106 1807 5175 καρδίας

214 5182 381 5235 αὑτοῦ
414 5185 740 5255 μυστήριον.
768 5188 1050 5257 Ἐφοϐεἰτο
1083 5192 1192 5261 γὰρ
1211 5194 1465 5265 κατέχειν
1489 5198 1588 5269 τὴν
1611 5199 1806 5255 Θεοτό-

214 5294 329 5343 κον,
365 5278 442 5348 μὴ
474 5282 835 5353 προσκρούσῃ
868 5283 964 5353 ,τῷ
1015 5284 1159 5356 Θεῷ,
1206 5290 1499 5359 μοιχαλίδα
1553 5296 1805 5367 κατέχων

212 5372 362 5441 παρά
387 5376 479 5425 τὸν
500 5374 686 5443 νόμον.
725 5374 789 5426 Τί
817 5376 873 5428 δέ
896 5379 1012 5430 ἐστι
1046 5380 1127 5446 τὸ,
1164 5384 1574 5450 παραλαϐεἷν;
1612 5388 1802 5442 Ἐνδον

212 5467 462 5537 κατέχειν
487 5466 620 5535 παρ’
662 5468 863 5538 ἑαυτῷ,
905 5470 1091 5524 λαϐεῖν
1124 5469 1304 5537 αὖθις.
1333 5476 1475 5547 Ἤδη
1510 5478 1619 5550 γὰρ
1651 5483 1800 5555 αὐτῷ

212 5562 350 5614 κατά
404 5560 647 5614 διάνοιαν
697 5563 1019 5619 ἀπολέλυτο.
1068 5567 1420 5637 Παραλαῦεἰν
1474 5572 1529 5625 δὲ
1570 5574 1669 5627 οὐκ
1721 5579 1801 5642 είς

214 5654 405 5723 γάμον,
432 5655 551 5707 ἀλλ’
572 5657 651 5718 είς
680 5657 945 5728 φυλακήν.
998 5658 1118 5726 Τὴν
1146 5663 1403 5729 γυναῖκα
1426 5681 1544 5720 σου
1570 5669 1625 5721 δὲ
1652 5666 1796 5739 εἷπε,

214 5750 505 5803 κάντεῦθεν
557 5750 917 5824 πληρφορῶν
971 5755 1188 5820 αὑτὸν,
1242 5758 1321 5809 ὅτι
1373 5761 1468 5831 οὐχ
1516 5762 1797 5835 ὡμίλησεν

214 5846 380 5917 attigi.

284 5935 348 5986 Ιὺ
382 5936 490 6005 γὰρ
554 5967 618 5978 --
669 5939 735 5991 ἐκ
789 5941 1128 6010 Urse/card;
1174 5944 1348 5999 ἐστιν
1393 5949 1589 6011 ἁγίου,
1628 5953 1703 6005 Τὸ
1734 5956 1792 6009 ἐν

1916 4744 2140 4797 dicare:
2175 4740 2302 4794 ideo
2342 4740 2396 4793 in
2429 4737 2641 4794 somnis
2664 4737 2924 4808 angelum
2960 4737 3133 4791 videt.

1987 4838 2147 4893 Vers.
2179 4838 2271 4892 ‘20.
2295 4836 2485 4890 Dicent
2517 4864 2585 4875 --
2607 4838 2887 4907 conjngcm
2928 4844 3098 4891 tuam.
3134 4834 3298 4891 David
3328 4834 3520 4901 filium,

1916 4933 2095 5003 ipsum
2148 4931 2421 4996 nomii'at,
2458 4938 2699 4984 mentem
2742 4930 2861 4999 ejus
2917 4930 2986 4984 ad
3034 4928 3202 4984 ΒίηνῙά
3247 4928 3524 4984 reducens

1913 5040 1943 5079 a
1966 5040 2073 5095 quo
2103 5023 2385 5078 Christum
2407 5037 2528 5077 esse
2558 5032 2855 5076 venturum
2887 5023 3289 5091 exspectabant
3319 5021 3517 5076 Judaei.

1916 5120 2115 5173 Diceris
2156 5126 2365 5177 autem,
2397 5114 2478 5169 Ne
2526 5115 2789 5180 timueris,
2827 5114 3004 5170 eidem
3041 5115 3353 5170 manifestat
3388 5130 3518 5186 pro-

1913 5212 2017 5282 prii
2068 5210 2251 5265 cordis
2285 5224 2574 5263 arcanum.
2637 5208 2893 5263 Timebat
2943 5210 3215 5279 siquidem
3269 5208 3519 5264 retinere

1912 5303 2006 5358 Dei
2042 5301 2295 5364 Matrem,
2338 5315 2407 5354 ne
2464 5300 2633 5354 Deum
2666 5300 2995 5366 offenderet,
3054 5309 3267 5354 retenta
3321 5312 3517 5354 contra

1909 5397 2085 5466 legem
2139 5392 2407 5447 adultera.
2468 5390 2610 5457 Quid
2645 5402 2730 5446 est
2773 5403 2958 5446 autem
3013 5392 3307 5462 accipere?
3364 5391 3519 5446 lntus

1912 5493 2175 5557 retinere,
2204 5486 2288 5542 vel
2316 5487 2383 5541 ad
2402 5500 2460 5540 se
2484 5485 2663 5555 ipsum
2703 5502 2896 5540 rursus
2946 5502 3168 5557 capere.
3195 5486 3313 5540 Jan)
3362 5488 3514 5540 enim

1910 5591 2091 5635 incute
2122 5582 2283 5633 abeo
2319 5579 2495 5633 divisa
2520 5588 2659 5632 erat.
2688 5579 2957 5649 Accipere
2990 5595 3121 5633 vero
3155 5594 3267 5632 non
3301 5579 3367 5632 ad
3406 5595 3511 5632 nu-

1908 5677 2069 5745 ptias,
2100 5675 2195 5729 sed
2223 5675 2286 5727 ad
2316 5674 2643 5727 custodiam.
2677 5673 2911 5727 Uxorem
2938 5689 3157 5743 quoque
3178 5684 3327 5726 tuam
3352 5672 3512 5737 dixit,

1908 5780 1964 5824 ut
1994 5770 2121 5823 inde
2153 5770 2443 5823 certiorem
2476 5783 2601 5823 eum
2626 5768 2851 5827 facrret.
2886 5768 3029 5837 quod
3062 5784 3089 5821 a
3126 5768 3275 5820 nullo
3298 5777 3512 5837 cognita

1908 5874 2055 5919 esset
2086 5864 2225 5918 viro.

1986 5956 2143 6012 Vers.
2173 5956 2265 6011 ‘20.
2294 5957 2448 6021 Quod
2473 5959 2613 6011 cnim
2641 5986 2701 5997 —-
2740 5973 2770 6009 α
2805 5958 3009 6011 Spiritu
3037 5968 3219 6011 sancto
3247 5965 3339 6011 est.
3375 5956 3512 6010 For-
