4030 6508
575 467 671 534 131

1777 461 2156 522 EU‘I‘HYMll
2219 460 2577 521 ZlGABENl

3689 450 3793 518 132

568 586 769 636 malum
799 579 851 629 in
875 591 956 639 ca,
1013 574 1249 646 genitum
1277 571 1433 635 dixit,
1467 583 1525 625 ut
1558 571 1829 628 discamus
1851 587 1956 625 non
1992 587 2120 640 pau-

2228 573 2364 640 αὺτῇ
2393 569 2746 626 διαπλασθέν.
2770 568 3034 639 Γιννηοὶν
3067 567 3174 640 γὰρ
3197 560 3370 634 εἶπεν,
3393 566 3478 618 ἵνα
3506 565 3794 636 μάθωμεν,

573 669 742 732 latim,
780 667 940 722 modo
978 665 1222 724 seminis,
1269 663 1557 717 formatum
1587 678 1706 718 esse
1735 679 1750 718 ε
1779 663 1872 718 sed
1900 673 2124 732 repente

574 771 840 831 quantum
876 758 942 813 ad
967 756 1342 811 formationem
1368 755 1606 825 perfecte
1637 756 1811 808 factus
1857 764 1961 810 cst.
1996 754 2124 809 Vide

565 856 771 909 autem,
807 843 1075 915 quomodo
1108 844 1282 912 ipsum
1309 842 1588 897 admonuit
1614 843 1755 912 ejus,
1783 844 1922 911 quod
1955 859 1984 897 a
2023 844 2126 897 Da-

568 937 655 991 vid
689 935 1098 1005 exspectabatur
1133 951 1148 987 :
1198 933 1395 990 deinde
1426 933 1790 988 manifestarit
1814 934 1913 1004 ipsi
1943 935 2119 988 occul-

567 1036 681 1082 tum
715 1027 896 1080 cordis
945 1026 1214 1086 timorem,
1245 1036 1299 1079 et
1342 1026 1469 1094 quid
1516 1025 1693 1080 facere
1715 1025 2048 1080 decrevisset
2107 1045 2121 1079 :

568 1127 755 1188 postea
818 1117 1040 1178 docuit,
1093 1130 1282 1185 puram
1328 1129 1450 1169 esse
1479 1116 1598 1184 ejus
1629 1124 1996 1184 sponsam:et
2055 1114 2124 1167 ita

567 1209 806 1270 tandem,
836 1207 977 1276 quod
997 1207 1072 1260 rei
1097 1215 1259 1275 caput
1286 1213 1404 1260 erat
1435 1205 1642 1270 intulit,
1675 1205 1948 1271 videlicet,
1980 1207 2124 1276 quod

568 1317 595 1351 a
635 1298 840 1367 Spiritu
905 1305 1092 1350 saneto
1132 1305 1296 1360 esset,
1326 1304 1383 1349 ut
1410 1293 1512 1350 hoc
1548 1296 1708 1351 modo
1749 1294 1970 1349 facilius
1986 1296 2125 1350 reei-

568 1393 618 1459 pi
648 1399 853 1459 possﬂ.

639 1479 678 1550 ’ί-
709 1479 863 1545 Quod
886 1481 953 1534 ab
977 1480 1155 1549 aliquo
1173 1494 1292 1532 esse
1332 1479 1548 1538 dicitur,
1579 1477 1663 1532 vel
1689 1487 1772 1531 est
1790 1477 1948 1530 modo
1965 1491 2125 1546 gene-

569 1573 812 1634 rationis.
841 1573 995 1639 juxta
1033 1570 1163 1625 illud
1194 1587 1210 1626 ;
1243 1570 1354 1640 Ego
1389 1587 1420 1623 a
1453 1571 1560 1622 Deo
1604 1571 1738 1622 exivi
1764 1569 1811 1600 ¹⁵
1844 1571 1927 1622 vel
1966 1569 2126 1621 modo

564 1662 883 1726 creationis,
918 1661 1070 1728 juxta
1111 1661 1241 1714 illud
1276 1677 1289 1712 :
1319 1659 1456 1715 Unus
1484 1661 1622 1736 Deus
1661 1670 1709 1712 et
1741 1658 1927 1723 Paler,
1962 1677 1993 1710 α
2024 1675 2124 1727 quo

565 1754 741 1805 omnia
775 1752 848 1817 ¹⁶;
890 1752 975 1805 vel
1009 1751 1167 1805 modo
1211 1752 1462 1816 naturali,
1509 1752 1648 1805 sicut
1675 1751 1899 1804 eﬂ‘ectus
1928 1760 2012 1804 est
2056 1752 2125 1802 ab

565 1851 842 1911 operante.
870 1841 1023 1907 Quod
1055 1841 1216 1911 igitur
1246 1841 1298 1893 in
1357 1840 1571 1911 Virgine
1617 1842 1855 1912 genitum
1887 1850 1987 1901 est.
2014 1855 2121 1893 non

564 1935 932 2004 generationis
950 1935 1109 1987 modo
1129 1948 1156 1985 a
1188 1932 1390 2000 Spiritu
1420 1946 1606 1987 sancto
1630 1945 1716 1989 est
1748 1953 1762 1988 :
1794 1934 1940 2002 quia,
1973 1931 2115 2002 quod

2224 1937 2574 2003 Πνεῦματος·
2614 1936 2694 1988 ὅτι
2725 1936 2784 1987 τὸ
2831 1933 3087 2002 γεννηθὲν
3123 1929 3293 2000 σάρξ*

565 2037 750 2078 natum
782 2033 882 2089 est,
912 2040 1038 2079 caro
1064 2032 1147 2078 est
1177 2042 1189 2077 :
1231 2038 1402 2092 neque
1450 2025 1677 2078 naturali
1713 2025 1874 2078 modo
1907 2043 1919 2077 :
1957 2023 2120 2092 Spiri-

566 2126 651 2180 tus
690 2117 835 2171 enim
885 2116 1237 2184 incorporeus
1265 2125 1365 2169 est.
1412 2115 1691 2184 lttluquum
1739 2126 1820 2169 est
1846 2115 2032 2184 igitur,
2065 2123 2123 2168 ut

566 2211 632 2263 ab
682 2225 746 2264 eo
767 2210 858 2274 sit,
891 2220 1144 2278 tanquam
1174 2218 1444 2269 creatura,
1472 2209 1553 2261 vel
1585 2207 1867 2277 plasmatio
1899 2209 2035 2277 ejus.

638 2298 792 2354 Vera.
833 2300 922 2354 2i.
955 2300 1139 2353 Pariet
1173 2329 1235 2338 —
1291 2315 1321 2351 a
1354 2300 1576 2367 peccatis
1614 2315 1810 2352 eorum.
1845 2299 1924 2352 'l'u
1981 2299 2122 2353 hunc

567 2390 784 2444 \ocabis
824 2390 1034 2453 Jesum,
1079 2391 1231 2458 quasi
1264 2389 1379 2458 lege
1411 2399 1580 2457 pater.
1614 2387 1746 2452 Etsi,
1784 2389 1975 2456 inquit,
2002 2403 2122 2456 qua:

564 2481 730 2550 patris
763 2491 890 2535 sunt
931 2483 1072 2535 circa
1128 2482 1304 2550 ipsum
1371 2496 1478 2532 non
1512 2479 1842 2544 exercueris,
1875 2481 2121 2549 quamvis

567 2587 717 2628 tuum
748 2589 857 2628 non
890 2587 992 2636 est,
1024 2577 1164 2642 quod
1190 2584 1374 2626 natum
1388 2582 1491 2636 est,
1523 2572 1751 2640 ideoque
1778 2587 1975 2625 nomen
2005 2573 2120 2641 ipse

565 2665 631 2718 de
663 2666 913 2733 supernis
934 2667 1090 2718 attuli
1127 2681 1140 2717 :
1169 2673 1222 2718 tu
1247 2674 1425 2718 tamen
1469 2663 1571 2731 ipsi
1607 2664 1875 2732 impones.
1910 2661 2114 2716 Verum

568 2757 696 2826 quia
734 2771 929 2812 nomen
963 2756 1141 2822 Jesus,
1175 2754 1505 2810 Salvatorem
1538 2754 1830 2825 signiﬁcat,
1858 2753 2117 2818 ostendit,

563 2849 755 2903 merito
807 2848 880 2902 ita
940 2849 1238 2902 vocandum
1299 2862 1420 2902 esse
1463 2865 1475 2900 :
1520 2847 1646 2917 Ipse
1703 2852 1838 2899 enim
1902 2847 2118 2915 (inquit)

564 2940 763 2994 salvum
793 2941 948 3012 faciet
976 2940 1221 3009 populum
1253 2956 1426 3002 suum,
1456 2955 1566 2996 non
1595 2956 1624 2993 a
1676 2940 1832 2994 bellis
1875 2940 2109 2993 sensibi-

567 3030 726 3094 libus,
763 3030 880 3093 sed,
900 3031 1043 3098 quod
1070 3030 1224 3099 longe
1255 3032 1425 3100 majus
1451 3040 1554 3095 est,
1587 3047 1620 3083 a
1646 3031 1866 3099 peccatis
1896 3047 2074 3084 eorum
2101 3047 2119 3082 :

564 3121 706 3188 quod
747 3123 927 3173 nullus
958 3134 1190 3188 unquam
1218 3118 1345 3174 iecit
1372 3119 1655 3173 hominum
1688 3138 1700 3171 :
1735 3121 1940 3174 uthinc
1981 3135 2120 3191 quo-

568 3227 673 3280 que
731 3209 1073 3265 manifestum
1126 3210 1286 3265 faciat
1318 3208 1487 3264 Deum
1540 3224 1683 3277 esse,
1715 3211 1808 3280 qui
1863 3211 2114 3282 gignitur.
2147 3210 2188 3266 C

566 3301 826 3371 Populum
865 3311 1047 3355 autem
1111 3318 1289 3368 suum,
1326 3305 1480 3372 juxta
1532 3302 1838 3370 proximum
1900 3302 2116 3371 quidem

566 3392 918 3451 intellectum.
973 3401 1124 3446 vocat
1153 3391 1387 3456 Judmos,
1436 3408 1503 3446 ex
1549 3391 1745 3460 quibus
1793 3402 1951 3446 natus
1983 3403 2120 3456 erat,

560 3483 714 3552 juxta
745 3498 1003 3536 arcanum
1049 3498 1195 3548 vero,
1232 3498 1442 3548 omnes,
1476 3484 1569 3554 qui
1605 3485 1658 3536 in
1709 3485 1889 3553 ipsum
1930 3485 2118 3538 crede-

564 3583 705 3640 rent,
727 3583 782 3630 et
809 3573 912 3629 sibi
944 3575 1073 3644 ipsis
1110 3589 1287 3646 regem
1322 3577 1467 3630 hunc
1494 3573 1854 3630 ascriberent.

639 3769 788 3824 Ἶρι-ε.
827 3769 917 3824 22.
953 3769 1065 3824 Hoc
1121 3782 1295 3824 autem
1323 3799 1391 3811 -—
1426 3773 1756 3840 prophetam.
1799 3773 1970 3827 Etiam
2014 3777 2117 3828 hoc

565 3862 741 3918 subdit
773 3863 1016 3932 angelus.
1062 3862 1174 3917 lloc
1210 3875 1388 3919 autem
1445 3875 1618 3919 totum
1661 3865 1834 3931 :tale,
1874 3867 2114 3936 inquam,

565 3953 840 4024 Virginem
896 3953 1106 4008 scilicet
1152 3971 1182 4008 a
1240 3955 1445 4024 Spiritu
1511 3963 1702 4011 sancto
1754 3957 2114 4027 impragnari.

564 4045 765 4099 Deinde
794 4045 1013 4100 adducit
1069 4046 1459 4108 testimonium,
1490 4061 1586 4116 per
1631 4047 1949 4118 prophetam
1993 4048 2114 4116 qui-

564 4137 685 4189 dem
718 4135 907 4190 lsaiam
965 4138 1258 4206 prolatum,
1290 4153 1398 4192 non
1431 4148 1608 4191 tamen
1645 4139 1798 4207 quasi
1855 4139 1974 4209 ejus
2024 4141 2113 4204 sit,

565 4227 658 4280 sed
694 4227 822 4280 Dei:
865 4227 1078 4282 Dictum
1109 4229 1253 4281 enim
1303 4237 1408 4294 est,
1440 4229 1636 4298 inquit,
1691 4245 1719 4282 a
1758 4228 1980 4284 Domino
2028 4248 2117 4299 per

562 4316 886 4385 prophetam.

638 4411 792 4468 Vers.
823 4414 912 4466 22.
948 4414 1210 4465 Dicentem
1255 4441 1322 4449 —
1375 4413 1470 4464 erit
1519 4413 1743 4481 gravida
1811 4412 1922 4467 Hoc
1945 4411 2113 4466 Judaei

2227 663 2397 716 ὅτιού
2438 663 2574 715 κατὰ
2630 661 2825 730 μικρὸν
2880 659 3196 729 ὲμορφώθη,
3249 658 3397 728 νόμῳ
3452 657 3792 725 σπέρματος,

2227 753 2342 807 ἀλλ’
2369 752 2550 816 εὐθὺς,
2583 752 2704 804 ὅσον
2743 753 2822 812 εἰς
2865 750 3166 820 μόρφωσιν,
3226 749 3430 801 τέλειον
3469 746 3794 814 διεπλάσυη.

2228 845 2368 913 Ὅρα
2413 843 2492 908 δὲ,
2526 842 2642 904 πῶς
2692 841 2957 913 πρότερον
3009 841 3317 909 ἀνέμνησεν
3365 839 3524 892 αὑτὸν
3571 837 3672 906 τῆς
3734 840 3798 890 ἐκ

2226 933 2388 988 Δαυῒδ
2443 933 2808 1004 προσδοκίας,
2872 931 3064 982 ἔπειτα
3117 928 3446 998 ὲξεκάλυψεν
3507 928 3658 996 αὐτῷ
3706 927 3798 979 τὶν

2226 1027 2534 1096 ἀπόρρητον
2565 1023 2729 1092 φόϐον
2761 1023 2860 1091 τῆς
2889 1021 3136 1092 καρδίας,
3165 1021 3261 1072 καὶ
3297 1021 3324 1071 ὃ
3351 1018 3642 1090 ἐϐουλήθη,
3674 1013 3795 1070 εἶτα

2227 1116 2483 1180 ἐδίδαξεν,
2514 1117 2594 1168 ὅτι
2629 1112 3128 1184 καθαρῶς⁹μνηστή
3156 1111 3509 1171 ἑστι-καύτοῦ,
3545 1112 3639 1162 καὶ
3672 1109 3794 1160 τόῖε

2223 1209 2284 1261 τὸ
2318 1207 2612 1275 κεφάλαιον
2663 1207 2985 1275 ἐπήνεγκεν,
3037 1203 3118 1255 ὅτι
3175 1203 3238 1254 ὲκ
3285 1202 3602 1273 Πνεῦματός
3647 1204 3796 1253 ἐστιν

2228 1302 2408 1367 ἁγίου,
2443 1300 2528 1352 ἵνα
2559 1294 2962 1366 εὐπαράδυίτον
2986 1293 3128 1348 οὕτω
3163 1294 3411 1364 γένηται.

2295 1483 2392 1555 [Τὸ
2419 1484 2531 1551 ιβιδ)
2560 1481 2622 1534 ἐκ
2662 1497 2827 1544 τινος,
2877 1479 2911 1550 ἦ
2953 1475 3280 1548 γεννητικῶς
3319 1473 3460 1528 κατὰ
3507 1475 3600 1526 τό’
3647 1470 3799 1540 Ἐγὼ

2224 1577 2292 1629 ἐκ
2321 1575 2425 1628 τοῦ
2455 1573 2602 1627 Θεοῦ
2647 1570 2913 1641 ἐξῆλθον
2935 1587 2949 1600 ·
2977 1571 3036 1639 ἧς
3056 1565 3488 1638 δημιουργικῶς,
3519 1568 3662 1617 κατὰ
3701 1565 3793 1615 τό-

2224 1661 2329 1731 Εἷς
2374 1667 2515 1730 Θεὸς
2544 1667 2577 1717 ό
2607 1663 2831 1731 Πατὴρ,
2861 1663 2930 1726 ἐξ
2958 1657 3028 1718 οὗ
3065 1662 3137 1714 τὰ
3181 1658 3414 1712 πάντα·
3452 1657 3486 1727 ἢ
3522 1655 3796 1723 φυσικῶς,

2224 1755 2299 1817 ὡς
2328 1755 2359 1824 ὴ
2399 1754 2651 1822 ἐνέργεια
2684 1753 2748 1805 ἐκ
2777 1751 2872 1803 τοῦ
2915 1749 3288 1821 ἐνεργοῦντος.
3322 1746 3395 1798 Τὸ
3431 1745 3611 1825 τοίνυν
3640 1744 3700 1796 ὲν
3728 1744 3796 1813 τῇ

2225 1846 2485 1918 Παρθένῳ
2533 1844 2809 1915 γεννηθὲν,
2852 1841 2976 1896 οὔτε
3025 1839 3354 1911 γεννητικῶς
3382 1841 3446 1890 ὲκ
3482 1836 3575 1889 τοῦ
3630 1835 3796 1902 ἁγίου

3345 1927 3470 1980 οὕτε
3507 1926 3757 1996 φυσικῶς
3777 1939 3792 1954 °

2221 2030 2303 2082 ὅτι
2334 2029 2392 2080 τὸ
2415 2027 2636 2096 Πνεῦμα
2663 2024 2970 2094 ἀσώματον.
3012 2024 3350 2091 Αειπόμενον
3392 2017 3485 2072 οῦν
3529 2021 3704 2081 ἐστιν,
3736 2016 3796 2081 ἐξ

2222 2117 2384 2171 αὐτοῦ
2423 2115 2581 2181 εἶναι,
2625 2116 2700 2179 ὡς
2732 2116 3124 2186 δημιούργημα
3174 2115 3268 2167 καὶ
3322 2111 3529 2179 κτίσμα
3573 2106 3794 2177 αὐτοὶ]

2299 2303 2535 2367 Τέξεται
2567 2333 2632 2343 --
2658 2302 2776 2356 ἀπὸ
2800 2300 2917 2354 τῶν
2941 2297 3237 2369 ἁμαρτιῶν
3257 2296 3476 2352 αὐτῶν.
3501 2295 3573 2348 Σὺ
3600 2293 3796 2347 τοῦτον

2223 2396 2471 2458 καλέσεις
2511 2395 2744 2464 Ἰησοῦν,
2775 2395 2849 2456 ὼς
2881 2395 3029 2463 νόμῳ
3063 2391 3264 2463 πατὴρ,
3299 2393 3345 2441 εξ
3377 2389 3472 2442 καὶ
3499 2389 3573 2457 μὴ
3602 2386 3791 2455 φύσει,

2222 2489 2315 2542 καὶ
2354 2487 2422 2540 τὰ
2460 2485 2571 2556 (29)
2606 2486 2808 2556 πατρὸς
2840 2483 3084 2555 ἐπιδείξῃ
3124 2483 3252 2552 περὶ
3287 2480 3474 2544 αὑτὸν,
3500 2481 3549 2531 εί
3583 2478 3678 2530 καὶ
3714 2477 3793 2548 μὴ

2224 2579 2315 2632 σόν
2341 2580 2455 2631 ἔστι
2487 2579 2752 2650 γέννημα.
2789 2578 2888 2629 Διὰ
2915 2575 3075 2629 τοῦτο
3104 2577 3212 2643 γὰρ
3247 2573 3306 2626 τὸ
3337 2573 3438 2643 μὲν
3480 2571 3651 2640 ὄνομα
3685 2571 3791 2622 αῦ-

2223 2671 2311 2734 τδς
2351 2671 2554 2724 ἄνωυεν
2584 2668 2836 2738 ἐκόμισα,
2891 2668 2954 2720 σὺ
3000 2666 3055 2717 δὲ
3097 2665 3255 2718 τοῦτο
3287 2663 3568 2733 ἐπιθήσεις
3608 2660 3790 2730 αὐτῷ.

2221 2767 2377 2819 Ἐπεὶ
2413 2766 2470 2818 δὲ
2498 2765 2558 2818 τὸ
2587 2763 2796 2832 Ἰησοῦς
2844 2762 3034 2831 δνομα,
3078 2759 3323 2828 Σωτῆρα
3374 2757 3648 2826 σημαίνει,
3684 2755 3797 2808 δεί-

2223 2876 2435 2923 κνυσιν,
2483 2858 2565 2910 ὅτι
2595 2855 2818 2917 δικαίως
2857 2854 2999 2906 οὕτω
3044 2853 3400 2920 κληθήσεται.
3450 2847 3643 2913 Αὐτὸς
3677 2847 3794 2914 γὰρ

2221 2951 2425 3011 σώσει,
2466 2951 2620 3019 φησι,
2672 2947 2778 2999 τὸν
2801 2947 2955 2999 λαὸν
2998 2943 3206 3006 αὐτοῦ,
3240 2944 3339 2994 οὐκ
3365 2942 3475 2994 ἀπὸ
3508 2939 3790 3008 πολεμίων

2221 3040 2516 3110 αἰσθητῶν,
2548 3039 2660 3093 ἀλλ’
2691 3037 2719 3091 ὃ
2754 3035 2934 3106 πολλῷ
2968 3035 3151 3106 μεῖζον
3183 3031 3272 3104 ἦν,
3304 3033 3422 3088 ἀπὸ
3447 3030 3566 3085 τῶν
3594 3033 3788 3098 ἁμαρ-

2222 3132 2363 3188 τιῶν
2397 3130 2615 3197 αὐτῶν,
2665 3134 2800 3201 ὅπερ
2842 3129 3016 3192 οὐδεὶς
3048 3127 3354 3199 ἀνθρώπων
3387 3129 3518 3179 ποτὶ
3549 3125 3790 3194 πεποίηο

2223 3243 2338 3281 κεν.
2389 3226 2474 3290 Ὠς
2507 3222 2647 3279 εἶναι
2691 3223 2984 3279 κάντεῦθεν
3019 3221 3318 3292 γνώριμον,
3354 3221 3438 3273 ὅτι
3477 3219 3608 3280 Θεός
3633 3218 3791 3269 ἐστιν

2221 3321 2247 3371 ὁ
2303 3321 2638 3388 τικτόμενος.
2691 3317 2832 3371 Λαὸν
2872 3316 2930 3368 δὲ
2980 3314 3144 3368 αὐτοῦ
3192 3331 3348 3383 φησι,
3382 3311 3522 3365 κατὰ
3555 3311 3653 3381 μὲν
3682 3309 3790 3379 τὴν

2222 3412 2511 3481 πρόχειρον
2545 3410 2767 3478 γνῶσιν,
2814 3409 2940 3470 τοὺς
2987 3407 3303 3467 Ἰουδαίους,
3353 3403 3412 3467 ἐξ
3451 3395 3526 3454 ὧν
3559 3398 3794 3454 ἀνεϐλά-

2223 3520 2386 3574 στησε
2407 3519 2419 3531 '
2457 3502 2598 3555 κατὰ
2624 3501 2680 3554 δὲ
2709 3503 2807 3572 τὴν
2846 3499 3170 3570 βαθυτέραν,
3240 3498 3446 3557 πάντας
3478 3494 3602 3556 τοὺς
3634 3493 3793 3564 αὑτῷ

2221 3596 2629 3661 πιστεύσοντας,
2665 3595 2756 3648 καὶ
2791 3593 3015 3664 βασιλέα
3061 3591 3252 3644 τοῦτον
3295 3591 3506 3651 ἑαυτοῖς
3548 3589 3787 3654 ἐπιγρα-

2217 3688 2502 3757 ψομὲνους.

2293 3777 2472 3832 Τοῦτο
2487 3775 2958 3845 δαί-προφήτου.
2993 3775 3052 3827 Ὀ
3080 3772 3307 3842 ἄγγελος
3331 3772 3428 3824 καὶ
3443 3770 3602 3823 τοῦτό
3623 3782 3785 3840 (pust.

2220 3869 2389 3923 Τοῦτο
2409 3869 2464 3922 δὲ
2488 3867 2628 3933 ὅλον,
2647 3870 2705 3920 τὸ
2722 3865 3064 3936 τηλικοῦτον,
3087 3864 3231 3934 φημὶ
3252 3864 3315 3933 δὴ
3336 3864 3397 3914 τὸ
3411 3863 3543 3928 ἐγκυ
3553 3861 3792 3930 μονῇσαι

2217 3963 2314 4030 τὴν
2348 3958 2619 4028 Παρθένον
2656 3960 2720 4010 ὲκ
2756 3956 3072 4024 Πνεῦματος
3133 3955 3311 4022 ἁγίου.
3360 3951 3492 4005 Εἶτα
3543 3951 3792 4019 παράγει

2220 4051 2546 4122 μαρτυρίαν,
2600 4048 2688 4100 διὰ
2739 4046 2835 4100 τοῦ
2878 4047 3157 4117 προφήτου
3215 4045 3313 4113 μὲν
3346 4044 3564 4096 Ἡσαΐου
3596 4042 3791 4112 ῥηθεῖ-

2221 4158 2340 4205 σαν,
2408 4141 2508 4192 οὺκ
2574 4138 2738 4192 αὐτοῦ
2777 4140 2832 4191 δὲ
2885 4135 3072 4203 οὖσαν,
3129 4136 3264 4190 ἀλλὰ
3319 4136 3411 4188 τοῦ
3443 4135 3580 4188 Θεοῦ
3632 4134 3786 4203 (50)·

2224 4233 2297 4285 Τὸ
2328 4231 2516 4299 ῥηθὲν
2553 4233 2682 4301 γὰρ,
2731 4232 2917 4300 φησὶν,
2953 4231 3070 4285 ὑπὸ
3106 4229 3211 4283 τοῦ
3263 4229 3482 4297 Κυρίου
3534 4226 3630 4279 διὰ
3669 4228 3784 4280 τοῦ

2218 4324 2543 4390 προφήτου.

2288 4416 2759 4486 Λέγοντος-ἐν
2797 4417 3008 4484 γαστρὶ
3046 4415 3191 4480 ἕξει.
3232 4415 3495 4469 Ἐνταῦθα
3540 4430 3790 4484 κακουρ-

563 4508 876 4574 depravant,
936 4505 1196 4574 quosdam
1247 4503 1584 4574 prot'erentes
1617 4507 1961 4573 interpretes,
2023 4507 2115 4574 qui

2222 4507 2409 4574 γοῦσιν
2454 4509 2722 4574 Ἰουδαῖοι,
2759 4506 3188 4580 προϐαλλόμενοί
3215 4525 3368 4571 τινας
3413 4509 3786 4578 ὲρμηνευτᾰς,

563 4595 895 4662 scripserunt
923 4609 936 4644 :
963 4592 1094 4646 Ecce
1127 4593 1533 4645 adolescentula.
1586 4593 1792 4658 Quibus
1827 4596 2120 4665 responde-

567 4701 706 4748 mus,
734 4685 946 4738 cunctis
975 4684 1081 4737 illis
1110 4684 1512 4753 interpretibus,
1553 4686 1721 4738 multo
1755 4686 1858 4739 ﬁde
1905 4688 2119 4757 dignius

567 4793 684 4832 (3:56
706 4778 782 4841 id,
812 4779 955 4846 quod
989 4778 1188 4832 habent
1225 4777 1595 4848 Septuaginta,
1628 4795 1734 4832 non
1787 4780 1956 4832 solum
1991 4796 2115 4850 pro-

567 4880 686 4937 pter
761 4885 943 4922 eorum
1026 4870 1423 4922 multitudinem
1515 4884 1569 4923 et
1637 4872 2111 4933 conl'ormitatem,

565 4976 750 5014 verum
783 4962 943 5014 etiam
993 4963 1249 5030 temporis
1283 4962 1507 5015 ratione.
1564 4962 1628 5016 lli
1675 4964 1940 5031 siquidem
1993 4976 2116 5018 ante

567 5064 782 5105 centum
816 5065 868 5105 et
902 5070 965 5105 eo
987 5055 1170 5121 plures
1207 5068 1378 5106 annos
1407 5064 1532 5106 ante
1564 5053 1764 5108 Christi
1822 5055 2114 5108 adventum

569 5143 904 5212 interpretati
934 5153 1063 5198 sunt
1094 5163 1110 5198 :
1137 5145 1366 5213 ideoque
1391 5145 1540 5197 omni
1565 5157 1755 5199 carent
1780 5147 2114 5214 suspicione.

567 5232 668 5297 Qui
691 5243 868 5288 autem
900 5238 1234 5305 scripserunt
1277 5256 1288 5288 :

567 5325 766 5379 Christi
820 5327 1239 5382 incarnationem
1274 5331 1609 5396 interpretati
1647 5339 1792 5391 sunt,
1825 5331 1949 5382 odio
2005 5346 2116 5382 ma-

641 5465 984 5529 1“duumviri,
1022 5466 1107 5517 Η.
1188 5469 1228 5497 ¹⁶
1262 5469 1278 5519 l
1309 5469 1428 5521 Cor.
1466 5487 1575 5530 \"lil,
1607 5474 1655 5519 li.

1727 5629 1911 5686 Veritr

636 5766 745 5841 (ἑᾷ)
767 5767 986 5841 inclusa
1011 5772 1141 5823 Cod.
1170 5778 1231 5822 Α.
1261 5773 1421 5825 habet.
1443 5773 1492 5824 in
1526 5790 1693 5841 marg.

630 5837 870 5898 (‘19)1‘95
903 5840 1191 5908 interponit
1213 5843 1396 5909 Chrys.
1426 5853 1462 5895 ι.
1497 5843 1602 5904 Vll,
1645 5837 1694 5910 ᾗ.
1729 5844 1814 5897 58.
1839 5846 1900 5894 Α.

1976 5631 2176 5688 iu'iiul

2223 4601 2538 4670 γράψαντας
2564 4620 2576 4630 -
2615 4601 2762 4654 Ἰδοὺ
2814 4604 2850 4668 ἡ
2886 4601 3108 4666 νεᾶνις.
3155 4600 3294 4670 υρδς
3324 4601 3417 4663 οῦς
3471 4617 3674 4668 φαμεν,
3701 4603 3790 4653 ὃτι

2225 4695 2425 4763 μᾶλλον
2447 4694 2554 4746 τῶν
2583 4693 2756 4748 ἄλλων
2799 4695 3054 4746 ἁπάντων
3080 4693 3430 4762 ἑρμηνευτῶν
3481 4694 3542 4744 τὸ
3572 4694 3791 4756 ἀξιοπι-

2223 4787 2474 4857 στότερον
2507 4787 2555 4838 ol
2609 4785 3008 4858 Ἐσδομὴκοντα
3030 4787 3266 4854 ἔχουσιν,
3297 4787 3358 4839 οὐ
3404 4785 3565 4853 μόνον
3604 4785 3695 4838 διὰ
3725 4790 3788 4838 το

2222 4878 2420 4948 πλῆθος
2456 4879 2548 4930 καὶ
2592 4879 2692 4948 τὴν
2751 4879 3090 4947 συμφωνίαν,
3129 4877 3262 4930 ἀλλὰ
3294 4878 3385 4930 καὶ
3411 4877 3498 4930 διὰ
3533 4878 3622 4930 τὸν
3655 4882 3787 4949 χρό-

2221 4989 2329 5024 νον.
2383 4964 2546 5023 Οῦτοι
2596 4973 2693 5040 μὲν
2746 4973 2853 5041 γὰρ
2916 4971 3021 5041 πρὸ
3065 4973 3259 5024 ἑκατὸν
3308 4971 3459 5040 ἧκα).
3519 4971 3785 5024 πλειόνων

2216 5061 2354 5112 ἐτῶν
2388 5061 2486 5127 τῆς
2540 5063 2631 5113 τοῦ
2674 5063 2911 5132 Χριστοῦ
2969 5064 3269 5133 παρουσίας
3323 5065 3782 5132 ἐρμηνεύσαντες,

2216 5154 2391 5221 πάσης
2413 5154 2550 5205 εἰσὶν
2581 5154 2815 5222 ὑποψίας
2836 5156 3249 5226 ἀπηλλαγμένοι
3270 5176 3282 5188 ’
3313 5162 3360 5212 oi
3382 5160 3436 5212 δὲ
3467 5160 3785 5230 γράψαντες

1342 5237 1472 5289 Ecce
1529 5237 1938 5297 adolescentulo,
1997 5249 2118 5307 post

2222 5245 2293 5307 τὺ,
2346 5243 2499 5298 Ἰδοὺ
2528 5245 2564 5310 ἡ
2618 5243 2851 5312 νεᾶνις,
2899 5249 3035 5315 μετὰ
3093 5250 3191 5317 τὴν
3240 5251 3651 5320 ἐνανθρώπησιν
3687 5253 3784 5304 τοῦ

2218 5335 2454 5405 Χριστοῦ
2529 5338 3009 5405 ὲρμηνεύσαντες,
3069 5341 3335 5412 ἀπεχθείᾳ
3402 5342 3645 5411 μᾶλλον,
3706 5345 3784 5407 ὡς

2189 5654 2272 5689 ιίις
2305 5640 2360 5690 (:l
2399 5644 2581 5692 ιιυιίυ.

2297 5779 2405 5846 εδο)
2437 5779 2540 5831 Τοῦ
2587 5779 2785 5833 omittit
2811 5780 2869 5832 Β.
