4030 6502
592 512 691 572 139

1803 494 2181 556 EUTHYMII
2223 490 2576 550 ZiGABEN‘l

3732 480 3851 546 140

585 625 859 682 euntibus.
895 621 1311 675 demonstratur.
1342 615 1404 668 Et
1437 615 1540 667 illis
1579 612 1795 682 quidem
1866 610 2144 672 euntibus,

2270 607 2519 673 μπεφάνη,
2554 605 2648 656 καὶ
2675 603 3001 671 βαδιζόντων
3029 601 3126 671 μὲν
3154 599 3473 670 προηγεῖτο,
3508 595 3855 665 ἱσταμένων

587 711 1232 788 pmeedcbat,stantibus
1288 720 1413 759 vero
1471 701 1951 763 circummanebat,
1990 700 2142 768 juxta

587 808 802 860 illorum
833 801 1211 856 necessitatem
1244 795 1670 864 suum'przehens
1694 802 1918 846 motum.
1939 789 2144 856 Quarto

586 913 655 951 ex
685 911 750 950 co
781 893 922 963 quod
956 904 1110 946 terrae
1140 889 1384 959 proxima
1429 887 1736 950 incedebat,
1794 899 1968 953 neque
1999 883 2143 937 enim

586 989 900 1058 speluncam
931 992 1024 1038 aut
1053 980 1408 1037 diversorium
1447 979 1886 1040 demonstrasset,
1910 974 1954 1029 si
2026 973 2146 1026 aliis

587 1079 833 1148 proxima
871 1076 1061 1137 stellis,
1087 1072 1334 1128 sublimis
1366 1074 1470 1125 lata
1500 1069 1688 1124 luisset
1723 1086 1736 1121 :
1774 1082 1923 1122 nunc
1963 1074 2146 1118 autem

589 1172 832 1233 veniens,
865 1167 1015 1221 stetit
1047 1181 1208 1234 supra
1234 1164 1431 1224 locum,
1460 1161 1512 1214 in
1540 1175 1648 1231 quo
1681 1168 1797 1214 erat
1837 1172 1989 1226 puer.

658 1261 812 1314 Vers.
870 1260 923 1312 5.
965 1257 1094 1313 Cum
1129 1256 1355 1309 audisset
1381 1250 1869 1308 autem—cumulo.
1906 1248 2148 1303 Herodes

584 1352 804 1423 quidem
849 1348 1250 1420 jure-turbatus
1279 1354 1384 1412 est,
1412 1359 1610 1416 nempe
1661 1343 1858 1397 timens
1887 1341 1952 1395 de
1983 1353 2149 1410 regno

587 1457 709 1505 suo,
754 1441 1094 1507 ﬁliorumque
1125 1451 1347 1492 suorum
1375 1453 1390 1503 ;
1427 1443 1536 1489 tota
1571 1443 1753 1488 autem
1787 1431 1998 1495 civitas,
2030 1445 2150 1498 qure

590 1531 961 1601 llierOSuIyma
987 1529 1348 1599 appellantur,
1381 1539 1550 1594 quare
1584 1522 1795 1576 turbata
1831 1521 1956 1576 est?
1985 1518 2149 1589 Atqui

585 1624 820 1695 gaudere
861 1623 1030 1691 ipsam
1073 1619 1241 1690 magis
1266 1616 1526 1688 oportuit,
1564 1615 1707 1685 quod
1739 1614 1867 1683 ipsis
1905 1610 2019 1666 Rex
2055 1626 2152 1664 na-

586 1728 673 1770 tus
735 1723 901 1778 esset,
957 1727 1117 1782 quem
1164 1710 1296 1765 olim
1356 1709 1633 1778 prophetae
1697 1705 2028 1760 Salvatorem
2090 1718 2153 1757 ac

592 1807 1015 1876 Redemptorem
1069 1802 1234 1858 Israel
1270 1801 1791 1871 prmnuntiaverant,
1839 1805 1894 1850 et
1937 1794 2150 1865 gloriari

587 1909 844 1964 tanquam
913 1893 1265 1964 propinquos.
1340 1891 1482 1960 quod
1560 1889 1743 1944 statim
1795 1904 1824 1942 a
1872 1886 2152 1942 cunabulis

591 1991 782 2042 Persas
861 1987 927 2039 ad
989 1985 1071 2038 sui
1145 1983 1515 2039 adorationem
1580 1982 1891 2036 attraherct.
1956 1971 2230 2032 VerumB

588 2079 884 2134 excmcavit
934 2077 1055 2130 illos
1096 2075 1320 2139 invidia,
1377 2074 1664 2142 statimque
1701 2072 2006 2133 audientes,
2037 2083 2156 2122 tur-

587 2171 690 2225 Lati
711 2177 836 2224 sunt
867 2170 1044 2238 quasi
1066 2171 1424 2227 timeutes,ne
1440 2165 1579 2219 forte
1609 2163 1836 2218 salutem
1857 2176 2158 2230 conseque.

589 2273 792 2317 rentur.
828 2261 1003 2316 Persa:
1033 2275 1161 2313 vero
1199 2273 1319 2312 cum
1349 2266 1533 2311 essent
1549 2255 1814 2317 extranei,
1843 2269 1951 2307 non
1979 2253 2154 2306 solum

589 2353 725 2408 Nato
756 2368 863 2408 non
913 2351 1258 2414 inviderunt;
1304 2349 1414 2402 imo
1451 2362 1479 2400 a
1536 2346 1736 2400 finibus
1784 2360 1894 2400 sua:
1925 2344 2159 2414 regionis

595 2460 766 2515 usque
819 2443 1094 2498 Bethleem
1160 2450 1381 2510 propter
1457 2455 1578 2492 eum
1653 2445 1938 2492 venerunt.
1991 2435 2160 2490 Judazi

592 2548 774 2592 autem
829 2552 951 2590 eum
984 2543 1167 2588 essent
1208 2532 1443 2602 cognati,
1499 2531 1660 2584 etiam
1707 2529 1891 2599 gloria:
1925 2531 2041 2598 ejus
2075 2530 2158 2580 iu-

587 2630 856 2694 viderunt,
919 2642 989 2680 ne
1022 2627 1158 2679 forte
1208 2637 1434 2695 magnus
1486 2622 1699 2676 iuturus
1735 2630 1918 2675 esset:
1954 2630 2008 2673 et
2035 2636 2158 2673 eum

594 2721 870 2774 Bethleem
932 2732 1100 2787 prepe
1153 2716 1440 2777 haberent,
1503 2714 1574 2768 ita
1602 2713 1768 2767 invidi
1826 2713 2044 2765 {uernat
2099 2728 2162 2766 ac

592 2813 753 2883 pigri,
801 2819 860 2864 ut
891 2810 959 2864 ad
995 2824 1115 2863 eam
1146 2823 1256 2861 non
1290 2805 1616 2860 accederent
1640 2805 1732 2874 (c).

665 2905 816 2959 Vers.
853 2903 908 2956 4.
978 2901 1044 2954 Et
1117 2897 1752 2970 congregatis—Christus
1836 2908 2161 2950 nasceretur.

597 2996 759 3064 Atqui
797 2993 932 3063 Magi
971 3008 1076 3047 non
1138 2993 1397 3046 dixerunt
1458 3007 1516 3044 se
1567 2989 1838 3043 Christum
1872 3004 2112 3058 qumrere
2144 3003 2158 3046 ;

593 3103 690 3141 cur
741 3086 903 3156 igitur
956 3084 1196 3140 Herodes
1256 3084 1322 3137 de
1369 3083 1588 3137 Christo
1636 3082 1986 3152 interrogat?
2036 3081 2162 3149 quia

593 3178 917 3245 jamdudum
975 3177 1252 3240 audiebat,
1305 3176 1358 3228 in
1393 3174 1637 3244 proximo
1676 3175 2010 3227 nasciturum
2043 3190 2164 3227 esse

595 3272 869 3324 Christum
913 3285 1091 3339 regem
1146 3270 1332 3333 Israel,
1388 3269 1677 3336 statimque
1711 3268 1935 3320 audiens
1980 3270 2034 3320 in
2062 3265 2159 3320 Ju-

603 3360 718 3413 daea
791 3369 978 3413 natum
1055 3372 1176 3413 esse
1229 3372 1430 3428 regem,
1487 3369 1538 3411 et
1603 3357 1747 3426 quod
1808 3358 1952 3410 hunc
2007 3355 2163 3408 stella

599 3451 780 3504 Persis
817 3449 1132 3513 indicasset,
1189 3448 1454 3503 intellexit
1486 3463 1611 3501 cum
1667 3448 1917 3514 essc,qui
1946 3445 2166 3499 diceba-

600 3555 689 3599 tur
719 3542 1010 3605 Christus;
1061 3550 1115 3594 et
1160 3549 1426 3594 convorat
1488 3539 1764 3608 principes
1825 3538 2165 3592 sacerdotum

601 3651 664 3690 ac
713 3635 940 3697 scribas,
999 3643 1185 3701 utpote
1241 3634 1382 3687 dicta
1433 3632 1770 3701 prophetica,
1808 3631 2080 3698 librosque
2113 3632 2165 3684 in

600 3745 699 3784 ore
757 3729 1039 3789 habentes,
1075 3736 1129 3779 et
1165 3727 1479 3794 interrogat,
1544 3724 1632 3777 ubi
1673 3723 1921 3778 Chrisrus
1984 3738 2172 3787 nasce-

601 3834 774 3881 retur,
819 3820 918 3871 hoc
945 3826 1051 3880 est,
1104 3818 1156 3869 in
1193 3831 1300 3882 quo
1343 3826 1501 3868 teme
1555 3815 1674 3868 loco
1734 3816 2043 3867 nasciturus
2083 3815 2168 3866 in-

611 3909 914 3962 veniretur.
969 3905 1046 3958 llli
1117 3920 1244 3958 vero
1296 3915 1349 3958 et
1381 3905 1555 3958 locum
1603 3905 1811 3967 dicunt,
1866 3912 1920 3956 et
1981 3913 2171 3957 testem

601 4003 774 4056 citant
807 3999 1156 4069 prophetam.
1213 3995 1364 4050 Scire
1409 4007 1589 4050 autem
1629 4007 1863 4064 oportet,
1893 3996 2034 4064 quod
2069 4012 2172 4048 no-

605 4092 854 4145 minatim
894 4090 1171 4144 Christum
1198 4103 1318 4142 esse
1351 4087 1545 4152 Deum,
1585 4088 1798 4141 cazteris
1826 4087 2170 4140 manifestius

603 4183 821 4253 scripsit
860 4179 1070 4234 Daniel.

675 4356 833 4413 Vers.
863 4357 917 4412 6.
939 4357 1004 4409 At
1026 4357 1105 4409 illi
1126 4354 1329 4410 —Vers.
1356 4355 1408 4409 6.
1436 4354 1620 4407 Israel.
1645 4352 1876 4408 Michaea:
1897 4354 2179 4424 prophetia

605 4459 708 4514 est,
746 4460 804 4505 ut
849 4449 1216 4518 praediximus.
1271 4447 1753 4525 Recitantautem
1807 4449 1980 4517 ipsam
2044 4465 2180 4517 pon-

608 4539 788 4595 tiﬁces
841 4547 898 4593 et
962 4537 1149 4592 scribas
1205 4537 1307 4590 sub
1377 4536 1779 4606 compendium.
1843 4538 1971 4592 Vide
2028 4554 2176 4610 ergo,

2246 701 2301 751 δὲ
2331 699 2648 767 περιέμενε,
2691 697 2826 767 πρὸς
2866 697 2964 765 τὴν
3004 694 3192 764 χρείαν
3244 691 3424 744 αὐτῶν
3471 692 3571 756 τὴν
3618 685 3850 741 ἐαυτοῦ

2248 793 2565 861 ποιούμενος
2609 790 2847 857 κίνησιν.
2900 790 3211 857 Τέταρτον,
3269 784 3377 838 ἀπὸ
3425 780 3519 835 τοῦ
3574 780 3854 846 βαδίζειν

2249 883 2551 954 πρόσγεια·
2606 881 2665 934 οὐ
2712 879 2819 949 γὰρ
2868 879 2934 932 ἂν
2990 878 3159 943 ἔδειξε
3211 878 3272 930 τὸ
3302 876 3411 945 (55)
3440 874 3741 942 σπήλαιον,
3799 872 3855 922 εί

2248 974 2647 1044 παραπλησίως
2670 975 2782 1033 τοῖς
2812 970 2992 1033 ἄλλοις
3027 969 3292 1039 ἄστροισιν
3341 966 3542 1039 ὑψηλὸς
3570 965 3851 1033 ἐφέρετο.

2250 1061 2415 1128 Οὗτος
2456 1066 2537 1128 δὲ,
2567 1065 2736 1119 ἐλοὼν
2760 1063 2892 1133 ἔστη
2921 1064 3128 1127 ἐπάνω,
3160 1056 3222 1116 οὗ
3247 1057 3315 1132 ἦν
3345 1061 3404 1113 τὸ
3436 1060 3670 1112 παιδίον.

2333 1223 2621 1287 Ἀκούσας
2680 1221 2750 1274 δὲ
2785 1251 2854 1260 -
2879 1219 3004 1288 μετ’
3049 1216 3258 1270 αὑτοῦ.
3310 1215 3371 1267 ὐ
3429 1215 3529 1281 μὲν
3574 1209 3858 1281 Ἡρώδης

2253 1315 2555 1386 ἐταράχθη,
2608 1314 2883 1375 δειλιάσας
2915 1312 3041 1376 περὶ
3089 1309 3191 1377 τῆς
3239 1304 3512 1375 βασιλείας
3546 1301 3753 1355 ἑαυτοῦ
3788 1317 3858 1351 τε

2252 1410 2346 1463 καὶ
2385 1409 2492 1460 τῶν
2518 1406 2724 1458 παίδων
2757 1403 2948 1456 αὑτοῦ.
3010 1403 3169 1454 Πᾶσα
3205 1399 3260 1449 δὲ
3291 1399 3323 1466 ἡ
3376 1397 3546 1456 πύλη,
3578 1405 3607 1454 ἡ
3641 1395 3859 1445 m‘mu-

2255 1502 2389 1572 μένη
2419 1498 2792 1569 Ἰεροσόλυμα,
2827 1495 2969 1548 διατί
2992 1495 3361 1561 τετάρακταις
3403 1493 3584 1542 καίτοι
3617 1486 3857 1556 χαίρειν

2253 1594 2423 1662 αὐτὴν
2473 1593 2581 1645 ἔδει
2624 1589 2850 1659 μᾶλλον,
2884 1588 2965 1640 ὅτι
3020 1584 3284 1654 ἐγεννήθη
3321 1584 3504 1643 αὐτοῖς
3552 1579 3853 1649 βασιλεὺς,

2255 1685 2314 1738 ὃν
2348 1687 2396 1737 οί
2424 1684 2701 1755 προφῆται
2750 1681 2920 1734 πάλαι
2965 1675 3440 1750 προκατήγγειλαν
3468 1673 3698 1740 Σωτῆρα
3746 1671 3858 1723 καὶ

2253 1777 2544 1848 Λυτρωτὴν
2567 1775 2660 1828 τοῦ
2693 1773 2932 1844 Ἰσραὴλ,
2959 1772 3053 1824 καὶ
3085 1764 3593 1838 ἐγκαλλωπίζεσθαι
3616 1763 3690 1825 ώς
3719 1761 3852 1830 (56)

2259 1870 2567 1937 συγγενεῖς,
2618 1869 2699 1920 δτι
2743 1864 2904 1927 εὐθὺς
2945 1866 3007 1916 ὲκ
3060 1861 3388 1930 σπαργάνων
3430 1857 3556 1918 τοὺς
3613 1855 3857 1923 Πέρσας

2263 1965 2520 2017 εἵλκυσεν
2578 1963 2654 2022 είς
2709 1959 3084 2026 προσκύνησιν
3109 1971 3122 1982 ·
3158 1953 3272 2008 ἀλλ’
3308 1953 3340 2022 ἡ
3385 1949 3653 2020 βασκανία
3687 1946 3860 1997 τετύ-

2259 2061 2471 2125 φλωκεν
2507 2055 2730 2116 αὐτοὺς,
2755 2053 2848 2104 καὶ
2877 2052 3039 2112 εὐθὺς
3064 2047 3395 2105 ἀκούσαντες
3430 2039 3856 2111 ἐταράχθησαν,

2257 2148 2446 2217 ὥσπερ
2473 2145 2795 2206 δεδοικότες,
2829 2143 3039 2213 μήποτε
3077 2137 3352 2206 σωτηρίας
3385 2135 3642 2203 τύχωσιν.
3671 2130 3857 2183 Ἀλλὰ

2257 2242 2474 2312 Πέρσαι
2502 2237 2624 2307 μὲν,
2660 2236 2967 2301 ἀλλογενεῖς
2994 2234 3163 2292 ὄντες,
3189 2231 3248 2282 οὐ
3282 2230 3442 2297 μόνον
3470 2228 3571 2279 οὐκ
3599 2225 3854 2291 ἐφθόνη-

2261 2350 2360 2386 σαν
2390 2331 2467 2401 τῴ
2497 2328 2836 2399 γεννηοέντι,
2873 2326 3010 2379 ἀλλὰ
3039 2325 3135 2377 καὶ
3173 2322 3278 2375 ἀπὸ
3317 2322 3425 2373 τῶν
3457 2319 3710 2388 περάτων
3743 2315 3858 2382 τῆς

2258 2425 2583 2494 οἰκουμένης
2607 2422 2769 2491 μέχρι
2801 2423 2897 2488 τῆς
2927 2418 3176 2488 Βηθλεέμ
3204 2411 3366 2486 ἦλθον
3400 2413 3466 2465 δι’
3496 2412 3681 2465 αὐτόν.
3702 2410 3857 2463 Ἰου-

2259 2517 2396 2568 δαῖοι
2453 2516 2556 2578 δέρ
2594 2514 2880 2578 συγγενεῖς
2935 2511 3317 2581 τυγχάνοντες,
3366 2507 3457 2557 καὶ
3531 2503 3856 2572 ἐφθόνησαν

2259 2609 2407 2678 αὑτῴ
2448 2608 2541 2678 τῆς
2566 2608 2746 2677 δόξης,
2777 2609 2824 2658 εί
2869 2605 3053 2673 μέλλοι
3091 2603 3264 2672 μέγας
3316 2597 3556 2662 ἔσεσθαί,
3606 2597 3700 2647 καὶ
3739 2597 3857 2663 τὴν

2261 2701 2510 2770 Βηθλεέμ
2577 2701 2744 2766 ἐγγὺς
2779 2699 3019 2766 ἔχοντες,
3056 2696 3158 2746 οὐκ
3209 2689 3476 2761 ἀπῆλθον.
3538 2687 3695 2740 Οὕτω
3750 2686 3856 2738 καὶ

2263 2791 2512 2860 ιέοονεροὶ
2546 2786 2686 2860 ἦσαν
2722 2792 2815 2841 καὶ
2853 2786 3099 2856 ὀκνηροί.

2333 2883 2444 2935 Καὶ
2473 2880 2836 2950 συναγαγὼν
2880 2909 2952 2917 —
3007 2881 3038 2931 ό
3076 2874 3335 2944 Χριστὸς
3367 2871 3670 2943 γεννᾶται.
3731 2869 3858 2923 Καὶ

2268 2977 2375 3046 μὴν
2417 2977 2474 3037 οί,
2495 2975 2679 3039 Μάγοι
2734 2973 2834 3023 οὐκ
2879 2966 3055 3029 εἶπον,
3091 2970 3172 3020 ὅτι
3211 2967 3304 3018 τὸν
3333 2964 3569 3032 Χριστὸν
3597 2961 3856 3031 ζητοῦσι.

2265 3069 2387 3131 Πῶς
2421 3064 2514 3120 οὖν
2542 3067 2570 3118 ὁ
2616 3064 2861 3135 Ἡρώδης
2891 3060 3134 3133 περὶτοῦ
3168 3059 3405 3131 Χριστοῦ
3438 3057 3650 3127 spur-.4;
3699 3057 3860 3107 Διότι

2266 3161 2437 3214 πάλαι
2488 3160 2688 3229 ἤκουεν
2725 3196 2740 3219 ,
2796 3157 2880 3208 ὅτι
2940 3154 3123 3223 μέλλει
3183 3151 3514 3221 γεννηθῆναι
3551 3146 3857 3217 ὀΧριστδς

2269 3253 2525 3324 βασιλεὺς
2558 3248 2652 3302 τοῦ
2693 3247 2936 3318 Ἰσραὴλ,
2972 3246 3067 3299 καὶ
3096 3246 3254 3306 εὐθὺς
3288 3242 3552 3305 ἀκούσας,
3587 3241 3667 3292 ὅτι
3689 3239 3859 3308 ﬁam.-

2266 3349 2390 3409 λεὺς
2440 3347 2704 3415 ἐγεννήθη
2761 3347 2818 3398 ἐν
2881 3339 3130 3410 Ἰουδαίᾳ,
3183 3340 3276 3391 καὶ
3307 3337 3386 3390 ὅτι
3437 3335 3610 3403 ἀστὴρ
3649 3333 3859 3386 τοῦτον

2268 3443 2503 3512 Πέρσαις
2541 3441 2803 3510 ἐμήνυσε,
2839 3435 3095 3504 συνῆκεν,
3149 3434 3230 3486 ὅτι
3262 3425 3415 3494 οὗτός
3452 3433 3596 3482 ἐστιν
3632 3430 3659 3480 ὁ
3686 3428 3859 3493 λεγό-

2273 3553 2431 3605 μενος
2492 3534 2751 3604 Χριστος,
2786 3532 2878 3581 καὶ
2928 3525 3193 3596 συγκαλεῖ
3252 3525 3378 3585 τοὺς
3439 3522 3714 3591 ἀρχιερεῖς
3757 3520 3861 3570 καὶ

2268 3631 2396 3690 τοὺς
2434 3625 2812 3696 Γραμματεῖς,
2850 3623 2924 3684 ὡς
2956 3623 3055 3684 τὰς
3108 3617 3456 3686 προφητικέις
3492 3614 3707 3682 βίϐλους
3759 3611 3864 3664 καὶ

2274 3723 2464 3791 ῥήσεις
2501 3719 2613 3786 (57)
2650 3717 2740 3768 διὰ
2769 3715 3036 3784 στόματος
3070 3727 3321 3781 εχοντας,
3358 3709 3451 3760 καὶ
3479 3706 3710 3774 διερωτᾷ
3750 3705 3862 3756 ποῦ

2272 3816 2299 3866 ὁ
2331 3813 2567 3884 Χριστὸς
2611 3812 2889 3880 γεννᾶται,
2926 3810 3230 3867 τουτέστιν,
3285 3808 3342 3857 ἐν
3394 3801 3532 3869 ποίῳ
3580 3800 3729 3867 τόπῳ
3756 3799 3862 3867 τῆς

2275 3907 2379 3975 γῆς
2408 3905 2752 3974 εὑρίσκεται,
2781 3901 2862 3952 ὅτι
2905 3899 3203 3965 γεννᾶταιο
3244 3896 3292 3946 οί
3327 3893 3382 3946 δὲ
3420 3892 3514 3943 καὶ
3562 3891 3652 3942 τὸν
3687 3889 3865 3941 τόπον

2274 3999 2517 4062 λέγουσι,
2542 3996 2634 4047 καὶ
2667 3994 2925 4063 μάρτυρα
2950 3990 3259 4056 παράγουσι
3282 3986 3372 4038 τὸν
3398 3984 3703 4054 προφήτην.
3733 3984 3867 4052 Χρὴ

2275 4091 2332 4143 δὲ
2367 4087 2681 4157 γινώσκειν,
2718 4088 2801 4138 ὅτι
2843 4081 3104 4153 ὀνομαστὶ
3156 4080 3267 4149 ('58)
3313 4075 3546 4146 Χριστὸν
3591 4076 3682 4127 τὸν
3710 4076 3861 4143 Χρι-

2281 4185 2402 4234 στδν
2444 4180 2829 4251 φανερώτερον
2888 4178 2998 4230 τῶν
3050 4175 3226 4229 ἄλλων
3280 4171 3625 4242 προφητῶνὸ
3653 4169 3866 4239 Δανιὴλ

2281 4271 2609 4341 ἀνέγραψεν.
3533 4297 3544 4305 .

2357 4367 2422 4418 Ol
2452 4364 2521 4416 δὲ
2542 4361 2890 4429 -Ἰσραήλ.
2919 4359 3156 4429 Μιχαίου
3191 4358 3290 4427 μέν
3315 4359 3347 4427 ἡ
3384 4355 3870 4428 προφητεία,καθ-

2282 4456 2356 4519 ὼς
2416 4455 2677 4522 ἀνωτέρω
2703 4450 3111 4520 δεδηλώκαμεν
3149 4446 3640 4515 ἀπαγγέλλουσιδέ
3685 4446 3866 4516 αὐτὴν

2283 4547 2404 4600 κατ’
2434 4543 2702 4612 ἐπιτομὴν
2731 4543 3083 4610 οίάρχιερεῖς
3144 4540 3237 4591 καί
3284 4538 3661 4608 Γραμματεῖς.
3714 4536 3866 4605 Ὅρα.

609 4645 730 4701 (ιη
757 4633 814 4686 in
873 4630 1085 4683 laudem
1143 4627 1416 4683 Bethleem
1440 4629 1700 4682 Dominus
1729 4646 1825 4699 per
1859 4631 2163 4700 prophetan

2287 4636 2364 4698 δέ,
2389 4636 2545 4686 ὁποῖα
2580 4632 2710 4701 περὶ
2743 4631 2841 4698 τῆς
2879 4630 3130 4698 Βηθλεέμ
3159 4629 3245 4681 διὰ
3277 4628 3371 4679 τοῦ
3407 4628 3686 4695 προφήτου
3719 4642 3862 4695 προ-

609 4721 1039 4776 annuntiaverit.
1097 4717 1228 4783 Etsi,
1271 4720 1466 4788 inquit,
1526 4719 1646 4773 vilis
1699 4736 1931 4789 appares
1981 4722 2047 4774 ad
2098 4738 2163 4774 as

2283 4725 2633 4795 ανεφώνησεν
2663 4726 2690 4777 ὁ
2721 4723 2874 4786 Θεὸς,
2931 4722 3012 4774 ὃτι
3065 4722 3126 4772 Εἰ
3165 4721 3259 4772 καὶ
3293 4719 3354 4770 τὸ
3381 4718 3706 4787 φαινόμενον
3763 4717 3863 4768 εὑ.

614 4822 855 4884 pectunt,
906 4820 1168 4882 quantum
1204 4821 1386 4865 tamen
1422 4810 1487 4864 ad
1521 4811 1594 4874 id,
1651 4812 1794 4881 quod
1842 4812 2024 4866 animo
2054 4828 2163 4867 cou

2287 4821 2447 4889 τελὴς
2487 4815 2533 4870 εἷ
2559 4817 2693 4890 (59),
2757 4817 2893 4871 ἀλλὰ
2926 4832 2987 4883 γε
3016 4814 3076 4866 τὸ
3106 4813 3396 4880 νοούμενον
3448 4810 3547 4862 οὐκ
3600 4808 3861 4877 ἐλαχίστη

611 4907 832 4976 cipitur,
895 4920 1005 4959 non
1072 4918 1132 4959 es
1189 4903 1414 4958 minima
1469 4903 1611 4957 inter
1679 4905 1958 4974 principes
2011 4906 2157 4960 tribu

2288 4928 2371 4971 τις
2416 4909 2682 4979 ὑπάρχεις
2729 4909 2785 4959 ἐν
2828 4906 2980 4969 ὅλαις
3027 4908 3148 4966 ταῖς
3218 4903 3541 4972 ἡγεμονίαις
3600 4902 3697 4971 τῆς
3763 4900 3860 4951 τοῦ

610 5000 771 5056 Juda.
830 4998 1098 5065 Quaelibet
1131 5012 1368 5067 namque
1415 4999 1590 5051 tribus
1638 4999 1892 5052 diversos
1952 4999 2191 5052 habebat

615 5095 671 5146 in
728 5093 961 5162 propriis
1011 5091 1322 5146 civitatibus
1365 5091 1660 5160 p‘rincipcs.
1718 5092 1782 5146 Et
1832 5108 1961 5146 vere
2003 5095 2182 5146 nomi-

615 5186 897 5241 natissima
951 5184 1054 5238 fuit
1110 5192 1230 5252 post
1284 5184 1578 5239 Salvatoris
1628 5183 1993 5238 Nalivitatcm.
2031 5183 2179 5250 Quo-

2302 4999 2478 5054 Ἰούδα
2522 5000 2715 5070 φυλῆς.
2767 4999 3006 5066 Ἕκὰστη
3042 4997 3148 5067 γὰρ
3191 4995 3332 5063 φυλὴ
3383 4993 3670 5062 διαφόρους
3715 4986 3865 5060 εἶχεν

2292 5091 2591 5160 ἡγεμονίας
2615 5092 2671 5140 ἐν
2702 5094 2817 5151 ταῖς
2873 5088 3101 5148 οἰκείαις
3137 5086 3345 5140 πόλεσι,
3390 5085 3497 5135 Καὶ
3523 5083 3690 5146 ὅντως
3745 5083 3864 5134 ὀνο-

2294 5183 2603 5253 μαστοτάτη
2638 5185 2850 5250 γέγονε,
2882 5181 3020 5249 μετὰ
3048 5179 3145 5247 τὴν
3170 5177 3425 5246 γέννησιν
3451 5177 3545 5229 τοῦ
3577 5176 3858 5244 Σωτῆρος.

1841 5369 2038 5429 Variae
2071 5368 2377 5431 lectiones
2422 5374 2484 5429 et
2527 5373 2710 5428 nota).

693 5532 806 5602 (55)
835 5531 1094 5602 Καλύόην
1123 5531 1356 5601 appellat
1378 5529 1750 5600 Cltrysostmn.
1788 5541 1824 5602 t7.
1844 5529 1966 5602 _\'ll,
1997 5547 2029 5599 p
2083 5531 2186 5602 88;

620 5600 927 5670 κατάλυμα,
958 5600 1059 5655 seu
1093 5600 1472 5659 diversorium,
1505 5603 1582 5670 ille
1640 5617 1737 5653 suo
1775 5600 1989 5670 videtur
2040 5601 2192 5668 adje-

617 5671 765 5727 cissc
816 5669 1086 5741 interpres
1148 5670 1467 5741 Hentenius.
1499 5669 1630 5722 Vide
1658 5670 1792 5722 infra
1823 5669 1886 5722 ad
1923 5685 2064 5723 vers.
2101 5671 2186 5722 Η.

699 5743 810 5810 (50)
843 5741 917 5794 Ita
950 5740 1240 5809 interpres.
1261 5740 1464 5808 Conjici
1485 5752 1664 5793 tamen
1698 5742 1888 5808 possit,
1914 5743 2186 5807 συγγενεῖ.

2297 5529 2416 5583 Mox
2450 5538 2627 5583 tamen
2653 5539 2734 5584 est
2763 5529 3064 5594 ἁλλογενεῖῖ
3099 5537 3153 5582 et
3191 5543 3379 5583 rursus
3412 5529 3717 5595 συγγενεῖς.

2392 5601 2480 5668 57)
2513 5601 2618 5651 Kal.
2653 5599 3089 5669 ῥήσεις,ίοηιίιιὶι
3123 5599 3186 5650 Α.

2369 5667 2482 5738 (58)
2511 5667 2810 5722 lienteriius
2843 5668 3052 5740 videtur
3084 5669 3280 5740 legisse
3312 5667 3470 5722 Θεόν.

2373 5731 2484 5811 (59)
2517 5742 2724 5805 Δοκεῖς,
2757 5753 2855 5807 pro
2905 5731 2976 5790 εἷ.
3005 5738 3068 5793 Α.

693 5901 764 5972 (c)
803 5894 1578 5964 Acccdcrmt.Vidcturlegisse
1603 5894 1856 5966 ἐπῆλθον,
1885 5893 2027 5962 quod
2072 5909 2178 5947 non
2207 5893 2478 5963 displicet.
