4030 6508
171 427 269 496 159

1078 432 1467 495 COMMENTL
1509 433 1590 495 IN
1632 432 2104 495 MATTIL‘EUM.
2146 460 2216 470 ·-
2254 436 2415 499 CAP.
2456 436 2540 497 II.

3350 434 3453 503 150

168 546 443 617 καομένης
465 545 689 617 ἁπάσης
719 546 785 616 τῇ
811 542 972 615 φλογὶ
990 544 1090 612 τῆς
1115 546 1376 611 ἀσεϐείας
1416 541 1560 617 ἦσαν
1595 548 1753 600 ἐκκε-

1863 544 2077 616 bylonia
2134 556 2188 602 et
2246 546 2512 618 IEgyptus
2571 545 2626 600 in
2690 544 2825 601 orbe
2884 555 3155 601 terrarum
3216 550 3456 606 maxime

168 638 469 703 καυμέναι,
527 642 596 712 τῇ
634 639 735 710 μὲν
789 638 918 703 τοὺς
978 639 1188 708 μάγους
1222 639 1540 705 ἀπέστειλε,
1568 641 1666 712 τῆς
1699 642 1756 693 δὲ

167 727 331 791 αὐτὸς
361 729 562 800 ἐπέϐη,
595 729 926 799 βουλόμενος
970 730 1297 801 ἀμφοτέρας
1325 730 1754 801 διορθώσασθαι.

167 820 426 873 Διδάσκει
447 821 503 873 δὲ
536 822 684 892 ἡμᾶς
720 822 995 888 ἐντεῦθεν,
1035 824 1129 877 καὶ
1169 824 1251 877 ὅτι
1278 823 1386 895 χρὴ
1413 826 1505 878 τὸν
1561 824 1756 877 πιστὸν

165 909 331 972 εὐθὺς
379 913 445 964 ὲκ
499 913 804 984 προοιμίων
852 915 1200 985 πειρασμοὺς
1248 916 1579 988 προσδοκᾷν.
1612 917 1757 987 Ὅρα

167 998 266 1054 οὖν
291 1003 457 1057 αὑτὸν
489 1006 555 1059 ὲκ
604 1006 941 1079 σπαργάνων
970 1009 1463 1080 ἐπιϐουλευόμενον
1494 1011 1589 1065 καὶ
1623 1011 1757 1080 φεύ-

165 1111 334 1161 γοντα
355 1098 496 1165 πρὸς
524 1098 623 1170 τὴν
683 1100 1009 1172 ὑπερορίαν·
1059 1101 1257 1173 φεύγει
1289 1103 1347 1157 δὲ
1376 1106 1474 1158 καὶ
1498 1106 1532 1175 ἡ
1572 1106 1757 1177 μήτηρ

164 1190 258 1238 καὶ
289 1190 317 1239 ὁ
354 1188 576 1261 Ἰωσήφ.
648 1191 759 1247 Καὶ
813 1195 863 1246 οἰ
894 1194 1060 1264 μάγοι
1116 1195 1173 1249 δὲ
1223 1197 1284 1250 ὲν
1312 1197 1468 1264 τάξει
1499 1198 1759 1268 φυγάδων

163 1278 471 1347 mnsam;
510 1282 891 1357 ἀνεχώρησαν.
955 1288 1067 1341 Καὶ
1116 1288 1345 1359 μυρίους
1374 1290 1613 1355 ἅπαντες
1641 1292 1756 1363 (49)

162 1371 485 1443 ὑπέστησαν
544 1382 917 1451 πειρασμοὺς,
975 1381 1089 1451 ἵνα,
1126 1383 1259 1438 ὅταν
1284 1386 1381 1439 καὶ
1407 1384 1472 1438 σὺ
1499 1386 1758 1457 διακονῇς

163 1466 531 1535 πνευματικῷ
564 1469 879 1539 πράγματι,
907 1472 1004 1525 καὶ
1035 1473 1383 1545 περιπίπτῃς
1401 1477 1755 1546 πειρασμοῖς,

160 1554 295 1625 ἔχῃς
325 1557 657 1630 ὑπόδειγμα,
686 1562 783 1615 καὶ
809 1562 887 1635 μὴ
906 1564 1210 1637 δυσφορῇς,
1266 1565 1404 1621 ἀλλά
1452 1567 1755 1639 γινώσκῃς,

157 1649 243 1701 ὅτι
274 1655 575 1723 πειρασμοὶ
622 1658 738 1720 τοῖς
799 1657 1028 1726 ἀγαθοῖς
1097 1660 1395 1731 πράγμασι
1448 1663 1759 1734 συγκεκλη-

161 1758 369 1811 ρωνται
413 1786 429 1810 ,
486 1745 581 1800 τοῦ
636 1749 891 1803 διαϐόλου
948 1753 1050 1819 μὲν
1105 1755 1186 1817 εἰς
1237 1755 1503 1825 ἐμπόδιον
1556 1756 1756 1821 αὑτοὺς

1858 648 2018 693 erant
2070 639 2312 695 incensa:
2371 640 2668 711 impietatis
2727 638 2986 696 flamma.
3044 641 3127 696 Ab
3177 641 3266 696 illa
3324 660 3457 715 ergo

1859 729 2045 800 Magos
2099 732 2347 794 attraxit.
2409 732 2463 785 in
2503 731 2647 786 hanc
2703 739 2889 786 autem
2949 731 3199 793 intravit.
3243 743 3455 788 utram.

1862 837 1969 891 que
1998 822 2187 877 volens
2220 823 2285 877 ad
2320 832 2529 877 rectam
2597 822 2739 877 viam
2774 823 2988 877 reduci.
3034 822 3175 878 Hinc
3234 838 3459 893 quoque

1859 913 2024 968 docet
2075 929 2196 975 uos,
2262 914 2407 983 quod
2462 924 2519 967 et
2571 914 2786 969 ﬁdelem
2844 915 3030 969 statim
3073 928 3103 969 a
3139 914 3458 985 primordiis

1860 1006 2194 1060 tentationes
2221 1014 2541 1077 exspectare
2595 1014 2870 1075 oporteat.
2938 1004 3073 1060 Vide
3102 1006 3249 1061 enim
3317 1022 3459 1077 quo-

1862 1098 2025 1153 modo
2055 1099 2174 1168 ipse
2202 1099 2388 1154 statim
2417 1115 2445 1152 a
2480 1099 2643 1154 cunis
2676 1099 2959 1169 appetitur
3014 1099 3255 1165 insidiis,
3311 1100 3459 1154 abit-

1861 1204 1967 1260 que
2002 1189 2056 1243 in
2101 1189 2353 1243 exs’lium
2386 1208 2399 1243 :
2436 1188 2572 1261 fugit
2622 1204 2843 1260 quoque
2888 1199 3065 1245 mater
3100 1205 3166 1245 ac
3222 1189 3458 1261 Joseph.

1862 1282 1972 1336 Sed
2005 1289 2060 1335 et
2089 1279 2227 1351 Magi
2261 1280 2316 1334 in
2350 1280 2577 1335 modum
2617 1280 2951 1352 fugientium
3002 1282 3144 1336 clam
3182 1280 3459 1337 discesse-

1861 1382 2012 1438 runt,
2085 1388 2390 1445 omnesque
2460 1372 2595 1444 justi
2673 1374 2997 1436 innumeras
3076 1374 3466 1431 sustinuerunt

1866 1469 2239 1532 tentationes,
2320 1477 2381 1522 ut
2433 1468 2480 1522 si
2536 1467 2759 1539 quando
2824 1467 2903 1523 rei
2986 1468 3259 1540 spirituali
3330 1484 3465 1539 ope-

1864 1574 1980 1613 ram
2013 1558 2253 1625 dederis,
2286 1569 2453 1630 atque
2483 1561 2539 1613 in
2577 1559 2920 1617 tentationes
2944 1559 3231 1624 incideris,
3258 1560 3466 1616 habeas

1861 1654 2206 1725 exemplum,
2269 1661 2325 1708 et
2373 1670 2443 1708 ne
2496 1654 2725 1710 moleste
2785 1653 2951 1717 feras,
3016 1654 3112 1709 sed
3175 1669 3465 1725 agnoscas.

1861 1747 2009 1818 quod
2062 1749 2397 1803 teutatiunes
2442 1748 2496 1803 in
2544 1757 2750 1803 sortem
2791 1748 2954 1802 bonis
3004 1748 3269 1819 operibus
3324 1749 3467 1802 datae

158 1834 572 1907 ἐπεγείροντος,
610 1842 704 1896 τοῦ
737 1844 875 1897 Θεοῦ
905 1846 963 1899 δὲ
1000 1849 1491 1920 παραχωροῦντος,
1544 1853 1625 1915 είς
1674 1853 1755 1905 δι-

1863 1852 2028 1897 sunt:
2080 1841 2302 1897 diabolo
2343 1840 2563 1912 quidem
2617 1840 2670 1894 in
2717 1842 3059 1896 obstaculum
3111 1841 3421 1896 adducente
3450 1881 3465 1904 ,

159 1929 352 1997 κέμιον
382 1931 493 1984 τῶν
528 1934 877 2001 ἀγαπώντων
910 1939 1096 1995 αὐτόν.

233 2109 349 2162 Καὶ
384 2110 551 2180 βλέπε
576 2115 904 2185 παράδοξον.
978 2120 1318 2192 Παλαιστίνη
1374 2124 1474 2196 μὲν
1530 2126 1757 2180 ἐπιϐου-

160 2202 333 2268 λεύει,
362 2206 637 2273 Αἷγυπτος
670 2208 728 2261 δὲ
778 2210 943 2276 σώζει
968 2212 1060 2267 τὸν
1085 2215 1384 2284 φεύγοντα·
1419 2219 1507 2271 ἵνα
1552 2220 1754 2295 μάθῃς.

162 2296 245 2349 ὅτι
288 2300 317 2349 ὁ
346 2296 483 2362 Θεὸς
522 2302 636 2363 τοῖς
670 2302 954 2369 ἐπιπόνοις
1014 2306 1083 2359 τὰ
1111 2307 1252 2377 ἡδέα
1300 2310 1616 2377 συνέζευξε,
1660 2314 1759 2367 καὶ

158 2390 560 2460 ἀμφοτέρωθεν
615 2395 907 2465 ὑφαίνεται
950 2398 1061 2453 τῶν
1084 2400 1263 2470 ἁγίων
1287 2404 1316 2456 ὀ
1338 2401 1454 2473 βίος
1514 2404 1542 2457 ὃ
1570 2403 1634 2476 δὴ
1662 2405 1760 2460 arat

158 2478 399 2569 ινταὺθα
431 2482 644 2551 γέγονε.
673 2488 922 2559 Πρῶτον,
941 2489 1147 2562 ὑποψία
1169 2495 1301 2565 περί
1326 2496 1427 2567 τὴν
1451 2498 1756 2569 Παρθένον·

156 2568 303 2637 εἶτα,
342 2577 486 2644 μετὰ
507 2578 599 2631 τὸν
632 2580 810 2645 τόκον,
841 2583 989 2653 χαρά
1019 2601 1033 2615 ο
1074 2587 1241 2641 πάλιν
1295 2590 1446 2661 φυγὴ
1478 2568 1560 2655 είς
1593 2597 1762 2666 Δίγυ-

156 2681 316 2732 πτον,
348 2666 474 2723 εἶτα
500 2672 714 2728 ἐκεῖθεν
736 2675 1040 2748 ἀνάκλησις
1061 2697 1076 2712 ·
1114 2677 1276 2745 αὖθις
1300 2685 1492 2753 φόϐος,
1534 2689 1625 2743 διὰ
1664 2690 1759 2745 τὸν

170 2760 505 2832 Ἀρχέλαον
573 2765 771 2823 ἔπειτα
805 2774 865 2824 ὲν
910 2775 976 2843 τῇ
1030 2775 1290 2850 Ναζαρὲτ
1330 2779 1540 2847 ἄνεσις.
1587 2783 1757 2839 Οὔπω

157 2853 266 2924 γὰρ
293 2852 363 2947 ἦν
394 2856 489 2910 τοῦ
518 2858 964 2935 θαυματουργεὼ
1013 2870 1226 2939 καιρός.
1259 2872 1322 2925 Εί
1353 2873 1465 2945 γὰρ
1496 2875 1560 2930 ἐκ
1598 2878 1753 2947 πρώ-

157 2961 257 3014 της
288 2946 508 3042 ἡλικίας
552 2953 874 3021 ἐπεδείξατο
904 2956 1191 3028 θαύματα,
1222 2964 1325 3017 οὐκ
1354 2965 1423 3019 ἂν
1451 2968 1755 3042 ἐπιστεύθη

158 3039 439 3133 γεγονέναι
455 3040 763 3112 ἄνθρωπος,
779 3045 855 3110 ὼς
878 3051 1225 3121 προὲφημεν.
1256 3055 1357 3109 Διὰ
1374 3056 1536 3113 τοῦτο
1558 3039 1757 3133 κύησις

159 3223 227 3277 τὰ
256 3226 418 3324 ἑξῆς,⁸
445 3228 532 3324 tua.
582 3230 670 3324 διὰ
700 3235 923 3287 πάντων
974 3235 1390 3307 εὑπαράδεκτος
1419 3244 1753 3316 ήὲνανθρώ-
1782 3266 1827 3324 c

163 3333 329 3386 πησις
358 3319 526 3373 αὑτοῦ
560 3322 809 3395 γένηται.
837 3325 954 3380 Οὑκ
980 3325 1062 3380 ἔτι
1091 3328 1149 3381 δὲ
1198 3329 1227 3382 ὁ
1258 3329 1494 3399 ἄγγελος
1551 3336 1753 3405 ὀνομά-

162 3408 244 3472 ζει
264 3410 367 3481 τὴν
398 3412 674 3484 Παρθένον
700 3420 940 3484 γυναῖκα
972 3418 1069 3472 τοῦ
1115 3421 1342 3493 Ἰωσὴφ,
1372 3424 1512 3479 ἀλλὰ
1538 3428 1756 3498 μητέρα

160 3499 254 3553 τοῦ
284 3501 521 3558 παιδίου.
568 3504 765 3575 Ἐλύθη
796 3507 908 3579 γὰρ
937 3510 1041 3581 ήδη
1070 3512 1105 3581 ἡ
1138 3512 1372 3582 ὑποψία,
1405 3516 1500 3570 καὶ
1531 3518 1752 3591 πεπλη-

164 3593 437 3664 ροερόρητο
491 3596 679 3651 λοιπὸν
716 3600 940 3672 Ἰωσὴφ,
1000 3604 1083 3657 ὅτι
1114 3604 1258 3670 θεῖός
1302 3609 1457 3662 ἐστιν
1489 3610 1519 3661 ὁ
1568 3611 1753 3676 τόκος.

162 3685 349 3740 Εἰπὼν
371 3689 451 3751 δὲ,
472 3691 557 3744 ὅτι
583 3691 775 3761 Φεῦγε
788 3695 878 3760 είς
899 3696 1230 3765 Αἴγυπτον,
1250 3701 1353 3755 οὑκ
1380 3703 1753 3773 ἐπηγγείλατο

164 3781 511 3836 συνοδεύσειν
567 3786 778 3851 αὐτοῖς,
818 3790 1223 3861 αἰνιττόμενος,
1254 3794 1339 3849 ὅτι
1365 3797 1543 3868 μέγαν
1566 3799 1753 3870 ἔχουσι

169 3875 551 3948 συνοδοιπόρον
583 3878 644 3932 τὸ
698 3879 935 3948 παιδίον,
970 3882 998 3936 ὅ
1025 3884 1122 3938 καὶ
1156 3887 1237 3950 εἰς
1270 3888 1551 3958 Αἴγυπτον
1579 3893 1753 3963 ὑπερ-

161 3968 400 4034 ορισθὲν,
422 3968 624 4023 δέδωκε
677 3975 791 4035 τοῖς
849 3976 1178 4044 Αἰγυπτίοις
1218 3982 1480 4053 ἀφορμὴν
1534 3985 1752 4039 οἰκειώ-

164 4077 319 4124 σεως.
341 4062 613 4132 ’Ὕστερον
642 4068 751 4136 γὰρ
782 4068 1026 4134 ἅπαντες
1068 4064 1216 4126 οὗτοι
1239 4072 1527 4145 δεξάμενοι
1550 4075 1612 4130 τὸ
1648 4079 1751 4149 κή-

164 4173 349 4227 ρυγμα
408 4158 505 4211 τοῦ
568 4159 903 4230 Εὑαγγελίου
938 4204 953 4229 ,
1017 4164 1163 4235 μέγα
1205 4168 1475 4238 ἐφρόνουν
1524 4171 1621 4225 ἐπὶ
1672 4170 1752 4242 τῷ

163 4249 529 4314 ὑποδέξασθαι
582 4253 858 4323 φεύγοντα
888 4257 981 4310 τὸν
1003 4258 1232 4327 Κύριον.

1797 1904 1977 2002 nDeo
2007 1951 2137 1991 vero
2168 1938 2233 1990 all
2285 1935 2669 2006 probationem
2720 1950 2913 1991 eorum
2978 1936 3071 2006 qui
3140 1936 3296 1991 illum
3341 1934 3466 1990 dili-

1863 2040 2020 2102 gunt,
2068 2031 2383 2086 ordinante.

1939 2125 2070 2181 \‘ide
2126 2135 2312 2181 autem
2377 2125 2453 2179 rei
2530 2124 2885 2180 novitatem:
2940 2124 3218 2194 siquidem
3293 2125 3468 2180 Patie-
3568 2150 3575 2156 σ

1861 2220 2006 2274 stina
2039 2218 2359 2284 insidiatur,
2412 2217 2684 2289 Egyptus
2731 2232 2862 2272 vero
2902 2228 3092 2273 servat
3137 2217 3466 2290 fugientem,

1862 2320 1923 2366 ut
1946 2311 2125 2367 discas
2157 2310 2330 2365 Deum
2364 2308 2620 2364 tristibus
2659 2308 2782 2363 lteta
2813 2309 3193 2381 conjunxisse.
3230 2307 3366 2364 Nam
3397 2312 3469 2365 ab

1861 2402 2110 2472 utrisque
2152 2412 2471 2457 sanctorum
2512 2401 2628 2455 vita
2687 2401 2991 2472 probatur,
3047 2402 3195 2473 quod
3236 2418 3371 2457 sane
3412 2412 3469 2458 et

1862 2497 1951 2551 hic
2004 2496 2206 2552 factum
2249 2504 2357 2551 est.
2416 2494 2665 2550 Primum
2719 2494 2967 2566 suspicio
3014 2496 3198 2551 habita
3258 2506 3345 2552 est
3398 2496 3468 2551 de

1866 2589 2125 2659 Virgine;
2165 2588 2369 2644 deinde
2404 2603 2469 2643 ex
2505 2596 2667 2659 partu
2699 2588 2986 2659 gaudium.
3030 2588 3273 2645 Rursum
3338 2589 3465 2659 fuga

1862 2682 1915 2737 in
1970 2678 2304 2753 Egyptum;
2341 2687 2533 2749 postea
2567 2688 2753 2734 autem
2798 2678 2953 2734 illinc
3003 2680 3305 2734 revocatio.
3360 2681 3467 2735 lte-

1860 2790 1981 2828 rum
2040 2781 2221 2827 metus
2272 2782 2500 2843 propter
2556 2770 2931 2838 Archelaum;
2991 2770 3193 2827 deinde
3247 2772 3469 2842 requies

1862 2865 2235 2922 inNazarcth.
2272 2864 2517 2922 Necdum
2554 2866 2703 2920 enim
2754 2863 2954 2920 edendi
3003 2864 3273 2921 miracula
3325 2873 3465 2919 lem-

1860 2975 1963 3030 pus
1987 2968 2127 3014 erat.
2166 2956 2299 3013 Nam
2341 2958 2387 3014 si
2427 2974 2457 3013 ιι
2517 2958 2694 3029 prima
2746 2959 2934 3014 statim
2971 2966 3135 3013 aetate
3194 2958 3467 3028 stupenda

1860 3051 2321 3114 demonstrasset,
2350 3066 2699 3121 nequaquam
2731 3050 2897 3105 homo
2929 3050 3179 3105 creditus
3208 3058 3379 3114 esset,
3408 3058 3468 3103 ut

1861 3140 2237 3213 praediximus.
2295 3139 2354 3195 In
2392 3141 2546 3197 hunc
2595 3141 2745 3197 enim
2788 3141 2952 3196 finem
3000 3156 3199 3197 novem
3258 3140 3467 3195 mensi-

1861 3235 1966 3290 bus
2023 3243 2183 3289 utero
2234 3243 2502 3305 gestatus,
2554 3244 2717 3289 natus
2770 3250 2834 3289 ac
2873 3233 3018 3290 lacte
3064 3233 3312 3289 nutritus
3358 3242 3466 3295 est,

1862 3337 2175 3398 caeteraque
2214 3341 2318 3382 suo
2343 3324 2487 3382 facta
2521 3336 2656 3382 sunt
2685 3326 2904 3391 ordine,
2957 3335 3022 3398 ut
3069 3342 3167 3398 per
3196 3327 3314 3382 haec
3349 3342 3471 3381 om-

1862 3426 1953 3480 nia
2018 3423 2178 3479 facile
2242 3424 2363 3493 ejus
2427 3424 2738 3478 incaruatio
2799 3420 3159 3490 suscipiatur.
3222 3419 3472 3491 Angelus

1861 3528 2043 3574 autem
2075 3516 2338 3587 deinceps
2376 3513 2663 3587 Virginem
2697 3530 2809 3569 non
2842 3512 3092 3568 nominat
3117 3510 3467 3594 uxoremOJo-

1861 3612 2023 3681 seph.
2077 3611 2173 3665 sed
2204 3609 2361 3680 pueri
2419 3617 2673 3663 matrem.
2716 3607 2838 3663 Jam
2904 3607 3053 3661 enim
3113 3607 3295 3661 soluta
3348 3614 3470 3659 erat

1864 3703 2126 3772 suspicio,
2173 3713 2229 3757 et
2258 3700 2469 3772 Joseph
2503 3700 2711 3756 certior
2765 3698 3019 3760 effectus,
3057 3699 3307 3753 divinum
3341 3712 3465 3752 esse

1862 3807 2101 3869 partum.
2145 3798 2344 3853 Diceus
2375 3807 2609 3853 autem:
2678 3795 2911 3869 Fugein
2965 3795 3284 3867 {Egyplunu
3353 3809 3465 3848 non

1861 3891 2117 3961 promisit
2146 3891 2406 3945 comitem
2440 3906 2500 3947 se
2526 3890 2645 3946 fore
2677 3890 2916 3955 itineris,
2959 3889 3274 3954 insinuans,
3319 3886 3463 3958 quod

1860 4000 2121 4056 magnum
2188 3984 2459 4039 haberent
2514 3984 2618 4038 via:
2678 3983 2963 4047 comitem,
3022 3991 3159 4053 puta
3205 3996 3465 4052 puerum.

1861 4077 1987 4131 Ilazc
2053 4085 2315 4145 praaterea
2344 4075 2466 4146 ejus
2506 4074 2561 4129 in
2626 4073 2929 4146 Egyptum
2996 4075 3283 4147 relegatio,
3351 4089 3467 4128 mae

1862 4186 2023 4242 gnam
2087 4169 2241 4225 dedit
2303 4169 2578 4241 Egyptiis
2628 4171 2980 4227 occasionem
3049 4167 3465 4224 familiaritatis.

1864 4264 2063 4319 Postea
2088 4263 2237 4318 enim
2267 4278 2463 4319 omnes
2497 4264 2574 4331 lii,
2640 4273 2893 4335 suscepta
2926 4264 3207 4335 Evangelii
3269 4261 3469 4333 praedi-

170 4345 437 4412 catione,
507 4347 805 4416 plurimum
873 4351 1257 4422 gloriabantur
1344 4357 1642 4429 animoque
1709 4358 2057 4429 gestiebant,
2124 4374 2225 4424 eo,
2309 4359 2456 4429 quod
2534 4358 2839 4430 fugientem
2905 4358 3202 4413 Dominum
3274 4373 3467 4414 δυεςι-

163 4440 384 4510 pissent.

230 4539 337 4593 Kal
365 4540 487 4590 Ic”;
520 4570 584 4579 -—
607 4545 716 4596 τοῦ
744 4545 1046 4602 ἀπολέσαι
1070 4550 1243 4605 αὐτό.
1279 4552 1438 4608 Ἰσθι
1467 4554 1583 4625 (50)
1610 4557 1749 4619 ἐκεῖ,

1930 4552 2089 4607 Vers.
2124 4552 2210 4606 15.
2254 4549 2319 4605 Et
2350 4552 2634 4605 esto—ad
2661 4552 2987 4613 perdendum
3006 4567 3145 4606 eum.
3172 4552 3322 4618 Esto,
3360 4555 3465 4611 hoc

165 4633 281 4687 ἀντὶ
312 4652 404 4687 τυδ
440 4639 619 4701 Uini,
662 4641 928 4709 διατριὸε.
961 4642 1148 4698 Ταῦτα
1172 4645 1231 4699 δὲ
1257 4646 1499 4711 ἀκούσας
1529 4648 1753 4719 Ἰωσὴφ,

170 4906 340 4961 πάντα
393 4910 629 4976 γίνεται,
685 4915 782 4968 καὶ
828 4917 888 4969 οὑ
934 4918 1043 4989 χρὴ
1084 4922 1581 4993 περιεργάζεσθαι,
1631 4928 1756 4981 οὐδὲ

169 5000 488 5073 ἀντιλέγειν,
520 5006 637 5059 ἀλλ’
667 5010 935 5076 εὐπειθῶς
984 5015 1177 5083 εἴκειν,
1217 5015 1296 5083 οἷς
1322 5019 1389 5072 ἂν
1424 5021 1452 5073 ὁ
1492 5020 1628 5086 Θεὸς
1654 5040 1750 5075 κε-

170 5090 315 5165 λεὺῃ.

242 5184 296 5239 '0
341 5186 408 5241 δὲ
458 5219 527 5229 -
566 5191 673 5243 τὸν
697 5194 834 5247 Υίύν
852 5214 990 5263 μου.
1035 5199 1108 5251 Τὸ
1159 5200 1239 5264 δὲ,
1281 5203 1385 5268 Ἐξ
1446 5208 1752 5275 Αἰγύπτου

172 5275 426 5335 ἐκάλεσα
455 5285 564 5336 τὸν
602 5288 738 5340 Υἱόν
761 5306 898 5355 μου.
939 5292 1069 5362 περί
1094 5295 1193 5360 τῆς
1220 5298 1576 5367 ἀνακλήσεως
1618 5302 1752 5353 ἑαυ-

172 5372 275 5427 τῶν
308 5374 551 5431 Ἰουδαῖοι
580 5380 814 5450 ῥηθῆναι
849 5382 1090 5453 λέγουσι.
1124 5390 1264 5459 Πρδς
1286 5390 1381 5454 οὓς
1410 5392 1523 5463 (5|)
1549 5410 1755 5463 φαμεν,

1856 4658 1959 4713 est,
1995 4647 2211 4711 Habita,
2235 4662 2591 4706 conversare.
2616 4647 2742 4702 Haec
2756 4654 2944 4702 autem
2975 4648 3207 4704 audiens
3233 4649 3463 4721 Ioseph,

1855 4758 1966 4797 non
1995 4757 2190 4807 passus
2219 4750 2304 4796 est
2336 4740 2757 4797 ot‘feuiliculum.
2791 4740 2929 4796 Nam
2983 4742 3256 4798 intellexit
3287 4747 3461 4815 quod,

1688 4835 1757 4899 ὦς
1855 4852 1980 4892 cum
2000 4836 2180 4907 angeli
2205 4835 2443 4891 ministri
2472 4848 2661 4891 essent
2700 4836 2768 4891 ad
2805 4852 2867 4891 ea
2892 4853 3014 4906 quae
3047 4837 3192 4893 circa
3226 4855 3460 4909 puerum

1857 4930 2185 4998 agebantur,
2216 4928 2401 4983 omnia
2455 4928 2929 4984 administratorie
2980 4929 3227 4994 flebant;
3267 4946 3372 4985 nec
3406 4931 3459 4984 iu

1861 5021 1947 5077 bis
1980 5020 2260 5076 curiosum
2293 5037 2419 5077 esse
2458 5022 2771 5093 oportebat,
2804 5022 2900 5077 sed
2949 5020 3109 5077 facile
3148 5024 3216 5077 ad
3272 5024 3461 5077 omnia

1860 5132 1983 5188 quae
2016 5116 2282 5170 Dominus
2314 5116 2592 5184 jussisset,
2624 5116 2877 5171 obedire.

1938 5208 2091 5263 νοτε.
2116 5209 2200 5262 M.
2220 5208 2319 5262 Ille
2348 5206 2607 5261 vcro—V.
2654 5207 2736 5262 ιδ.
2770 5205 2973 5261 Filium
3011 5223 3204 5261 meum.
3245 5206 3458 5261 Dictum

1862 5301 2038 5355 illud;
2095 5301 2175 5355 Ea:
2209 5300 2439 5371 /Egypto
2470 5301 2651 5354 vocavi
2699 5299 2874 5369 ﬁlium
2930 5316 3125 5363 meum,
3160 5299 3335 5355 Jude
3390 5301 3462 5355 de

1860 5412 1959 5449 sua
1999 5396 2245 5465 ipsorum
2275 5393 2632 5449 revocatione
2664 5393 2877 5449 dictum
2917 5408 3199 5449 asserunt.
3243 5393 3462 5461 Quibus

1370 5568 1567 5631 Variae
1615 5572 1927 5634 lectiones
1971 5579 2033 5633 et
2079 5577 2275 5632 notae.

198 5790 210 5801 ‘
244 5718 354 5803 (i9)
403 5723 636 5803 Aliquid;
678 5728 763 5783 hic
790 5730 978 5803 ileest._
1015 5728 1317 5803 lienteuius
1379 5735 1541 5788 habet
1579 5737 1735 5803 justi.

174 5788 329 5873 Forte
350 5810 480 5877 ergo
510 5788 560 5847 ει
588 5797 786 5877 δίκαιοι
821 5800 1027 5870 legerit.
1065 5802 1171 5855 Sed
1202 5806 1408 5865 matrix,
1464 5788 1735 5877 ἐνάρετοξ,

174 5871 225 5915 et
278 5868 496 5931 similia,
544 5870 707 5924 etiam
744 5889 850 5925 ltuit
889 5868 1038 5924 aunt
1099 5874 1296 5927 aliena.
1358 5875 1477 5931 Mat
1542 5868 1735 5946 legitur

1853 5742 2022 5807 ἅγιοι.

1923 5810 2034 5867 {550)
2082 5810 2251 5869 Ἰ-Σκεῖ,
2287 5807 2495 5862 omittit
2526 5809 2587 5862 Λ.

1924 5882 2034 5949 ιδι)
2065 5881 2192 5936 νίιίιξ
2220 5882 2480 5951 (ἶὲιΐμωςρῐ
2543 5892 2582 5935 ι.
2620 5877 2805 5951 Vll,p.
2842 5879 2965 5938 124.
