4026 6508
252 539 356 608 Ῑῡίὶ

1143 536 1516 598 CUMMENT
1581 533 1660 594 ΙΝ
1702 532 2180 594 MATTIMZUM.
2225 556 2290 565 -
2331 531 2492 590 CAP.
2545 529 2664 589 lli.

3470 523 3574 590 166

249 657 536 726 θελήσητε.
580 653 848 726 Παραινετ
895 651 974 714 δὲ,
1024 649 1099 719 μὴ
1149 649 1335 718 λέγειν
1383 651 1441 702 ἐν
1488 650 1608 711 ταί,
1649 646 1864 700 ἑαυτῶν

1977 653 2074 706 rst,
2099 643 2176 696 Nc
2205 644 2287 696 \ei
2319 644 2407 696 tis.
2443 644 2718 695 Admonet
2741 649 2952 705 autem,
2991 655 3060 696 ne
3091 641 3144 695 in
3181 642 3442 698 cordibus
3460 644 3577 696 suis

246 749 467 817 ψυχαῖς,
524 747 607 799 ὅτι
676 743 907 811 Πατέρα
974 741 1200 812 ἔχομεν
1269 742 1379 794 τὸν
1438 743 1714 809 Ἀϐρααμ.
1763 743 1858 790 καὶ

249 841 414 908 ἀρκεῖ
467 838 600 908 ἡμῖν
633 841 712 898 είς
745 833 970 905 ἀρετὴν,
1017 833 1079 887 τὸ
1107 833 1204 886 ἀπ’
1234 834 1449 885 ἐκείνου
1491 831 1855 900 κατάγεσθαι.

247 933 325 984 Οὐ
356 933 463 1002 χρὴ
503 931 633 999 γὰρ,
665 927 812 998 μέγα
860 925 1195 998 φρονοῦντας
1227 927 1323 978 ἐπὶ
1355 928 1473 988 ταῖς
1505 926 1615 977 τῶν
1653 924 1860 993 προγό-

252 1044 360 1077 νων
384 1025 631 1094 ἀρεταῖς,
651 1022 852 1084 αὐτοὺς
882 1020 1109 1090 ἀμελεῖν
1133 1018 1354 1072 οἰκείων
1380 1018 1854 1087 κατορθωμάτων,

323 1203 489 1270 Λέγω
549 1231 615 1240 ——
656 1200 930 1269 Ἀϐραάμ.
978 1200 1071 1268 Μὴ
1103 1198 1388 1268 νομίσητε,
1420 1196 1610 1266 φησιν,
1637 1198 1741 1256 ὅτι,
1764 1197 1858 1248 ἐᾏν

250 1299 412 1366 ὑμεῖς
470 1294 772 1365 ἀπόλησθε,
821 1293 895 1354 ὡς
952 1293 1197 1362 ἄκαρποι
1233 1291 1460 1361 ἀρετῆς,
1505 1291 1694 1343 οὐκέτι
1747 1291 1858 1356 ἔξει

247 1389 416 1441 τέκνα
449 1389 477 1441 δ
524 1387 782 1458 Ἀϐραάμ
804 1402 818 1416 °
852 1386 1081 1438 δύναται
1109 1386 1217 1456 γὰρ
1250 1389 1278 1437 ὁ
1309 1383 1444 1446 Θεὸς
1477 1384 1541 1435 ὲκ
1572 1384 1682 1436 τῶν
1713 1383 1856 1452 ἀψύ-

249 1497 364 1548 χων
399 1477 607 1531 τούτων
649 1477 814 1530 λίθων
867 1477 1082 1544 ἐγεῖραι
1125 1477 1293 1527 τέκνα
1321 1473 1399 1544 τῷ
1441 1473 1716 1545 Ἀϐραάμ.
1748 1477 1859 1528 Καὶ

249 1571 362 1638 γὰρ
407 1571 502 1622 καὶ
555 1569 646 1620 τὸν
705 1569 896 1620 Ἰσαὰκ
938 1569 1002 1619 ὲκ
1031 1567 1132 1634 τῆς
1177 1565 1390 1636 ἀψύχου
1446 1567 1542 1617 καὶ
1598 1563 1860 1629 λιθώδσυς

251 1666 471 1732 μήτρας
505 1663 599 1731 τῆς
638 1660 859 1731 Σάρῤας
891 1661 1113 1728 ἤγειρεν
1146 1658 1317 1728 αὐτῷ.
1350 1658 1508 1710 Ἔστι
1536 1657 1592 1710 δὲ
1621 1661 1717 1710 καῖ.
1743 1659 1861 1710 ἐτέ-

262 1769 371 1822 pm;
423 1754 618 1815 εἰπεῖν,
675 1751 768 1821 Μὴ
806 1750 1122 1820 κομπάζετε
1167 1751 1256 1802 ἐπὶ
1287 1749 1366 1819 τῷ
1397 1750 1544 1820 ἔχειν
1577 1749 1735 1821 ῥίζαν
1769 1750 1860 1815 γέ·-

260 1863 387 1908 νους
437 1845 528 1896 τὸν
573 1843 850 1914 Ἀϐραάμ.
895 1840 1067 1894 Τοῦτο
1118 1842 1225 1913 γὰρ
1281 1842 1380 1910 οὐχ
1433 1841 1697 1912 ὑμέτερόν
1740 1844 1858 1893 ἐστι

257 1937 619 2008 κατόρθωμα,
653 1938 791 1990 ἀλλά
825 1934 961 1988 Θεοῦ
1007 1934 1206 2004 δῶρον,
1235 1934 1294 1997 ὃς
1324 1933 1552 1986 δύναται
1585 1933 1663 2004 μὴ
1694 1935 1859 2004 μόνον

1965 735 2152 788 dicant
2180 750 2193 786 :
2253 734 2470 786 Patrem
2499 732 2756 785 habemus
2801 733 3070 786 Abraham
3102 750 3121 788 :
3163 743 3218 787 et
3247 732 3449 788 snﬁicit
3478 749 3580 788 n0-

1964 826 2048 880 b:s
2075 826 2140 878 ad
2188 826 2472 886 virtutem,
2501 825 2658 892 quod
2704 824 2772 877 ab
2804 823 2896 876 illo
2932 823 3355 877 descendemus.
3387 823 3578 894 Neque

1964 921 2109 973 enim
2170 920 2311 972 ullos
2366 928 2605 986 oportet,
2676 919 2744 972 de
2801 918 3216 988 progenitornm
3281 917 3580 972 virtutibus

1964 1011 2185 1081 gloriari
2221 1027 2239 1064 :
2295 1026 2419 1063 cum
2461 1010 2566 1079 ipsi
2611 1010 2954 1081 negligentes
2989 1010 3100 1062 sint
3129 1009 3198 1062 dc
3230 1009 3576 1079 propriarum

1963 1100 2229 1168 Operibus
2267 1099 2556 1154 virtutum.

2037 1195 2194 1249 V't-rs.
2235 1194 2287 1248 9.
2366 1193 2858 1248 Dico—Abrahae.
2948 1195 3027 1250 Nc
3081 1200 3314 1266 pntet's,
3378 1197 3578 1266 inquit,

1965 1287 2110 1355 qnud
2166 1286 2210 1340 si
2285 1303 2384 1341 vos
2436 1285 2645 1355 absque
2705 1285 2887 1340 fructu
2955 1288 3220 1343 virtutum
3281 1289 3577 1358 periei-itis,

1966 1379 2099 1431 nulli
2146 1377 2341 1448 reliqui
2391 1387 2558 1433 erunt
2618 1378 2852 1434 Abrahae
2886 1379 3007 1434 ﬁlii.
3043 1380 3231 1436 Potest
3261 1383 3410 1437 enim
3437 1382 3582 1436 Deus

1963 1473 2032 1526 de
2089 1471 2411 1526 inanimatis
2460 1473 2546 1527 bis
2608 1473 2887 1542 lapidibus
2932 1475 3206 1530 suscitare
3262 1477 3403 1531 ﬁlios
3471 1477 3578 1545 ipsi

1962 1565 2221 1619 Abralue.
2285 1563 2498 1620 Etenim
2581 1565 2763 1636 ipsum
2819 1582 3040 1637 quoque
3097 1567 3249 1622 lsaac
3294 1569 3584 1624 suscitavit

1962 1657 2036 1719 ei,
2100 1659 2169 1712 de
2206 1658 2510 1714 inanimato
2550 1677 2614 1714 ac
2681 1660 2902 1729 lapideo
2957 1661 3112 1717 Sara:
3165 1673 3345 1717 utero.
3392 1661 3585 1717 Potest

1963 1759 2020 1803 et
2057 1750 2164 1804 alio
2213 1753 2378 1806 modo
2407 1752 2516 1807 dici
2545 1771 2559 1808 :
2592 1751 2672 1807 Ne
2715 1753 3050 1824 gloriemini,
3104 1756 3253 1824 quod
3307 1755 3581 1825 originem

1938 1841 2211 1897 habeatis
2246 1843 2424 1913 ipsum
2461 1845 2764 1901 Abraham.
2794 1844 2984 1916 Neque
3011 1846 3161 1900 enim
3204 1847 3311 1903 hoc
3333 1856 3578 1902 vestrum

1964 1936 2169 1989 bonum
2228 1951 2367 2005 opus
2439 1949 2544 2001 est,
2606 1939 2699 1993 sed
2749 1939 2842 1994 Dei
2898 1941 3150 1994 donum:
3215 1941 3310 2010 qui
3376 1950 3584 2011 potem,

256 2028 317 2092 ἐξ
347 2027 674 2098 ἀνθρώπων,
700 2027 838 2078 ἀλλὰ
879 2027 972 2077 καὶ
1003 2025 1068 2076 ὲκ
1107 2025 1217 2076 τῶν
1249 2023 1599 2092 φαινομένων
1649 2023 1860 2075 τούτων

1977 2045 2168 2097 nempe
2203 2027 2578 2097 omnipotens,
2611 2030 2678 2084 de
2734 2031 3134 2100 apparentibus
3173 2031 3258 2086 bis
3282 2032 3580 2103 lapidibus,

245 2121 418 2174 λίθων
450 2126 665 2190 ἐγεῖραι
689 2121 856 2174 τέκνα
887 2119 964 2190 τῷ
1001 2118 1277 2188 Ἀϐραὰμ,
1300 2114 1388 2169 οἶα
1420 2117 1857 2186 παντοδύναμος.

326 2214 484 2276 Τινὲς
517 2215 575 2266 δέ
610 2212 910 2281 (paciﬁci);
940 2211 999 2275 ἐξ
1023 2211 1196 2262 ἐθνῶν
1222 2211 1666 2272 πεπστευκὸτας
1695 2213 1865 2262 αἰνίτ-

247 2307 442 2360 τεσθαι
473 2309 565 2361 τὸν
611 2307 793 2374 λόγον,
820 2304 893 2370 οἳ,
947 2305 1352 2372 πεπωρωμένοι
1398 2307 1490 2355 καὶ
1541 2301 1862 2368 ἀναίσθητοι

246 2403 405 2466 ὅντες
443 2403 540 2473 τῆς
574 2401 836 2471 ἀληθείας
867 2403 1160 2470 πρότερον,
1190 2399 1279 2452 διὰ
1300 2401 1400 2468 τῆς
1426 2399 1661 2461 πίστεως
1688 2398 1865 2450 υἱοθε-

247 2497 500 2567 τήθησαν
530 2495 784 2566 ὕστερον.
813 2494 1000 2547 ’Ἄλλοι
1039 2494 1094 2546 δὲ
1122 2494 1367 2561 λέγουσι,
1405 2485 1862 2562 παραδηὶῖοὖσοαι

247 2594 380 2654 τοὺς
417 2593 474 2643 ὲν
503 2589 582 2662 τῷ
609 2589 790 2664 καιρῷ
830 2587 925 2642 τοῦ
957 2588 1167 2648 πάθους
1195 2588 1288 2639 τοῦ
1319 2586 1727 2655 Σωτῆρος,ἁπδ
1765 2585 1862 2638 τοῦ

253 2684 541 2752 σχίζεσθαι
575 2683 673 2746 τὰς
726 2682 955 2752 πέτρας,
1000 2681 1088 2734 διὰ
1121 2681 1362 2743 πίστεως
1417 2680 1859 2748 υίοθετηθέντας.

249 2777 370 2830 Καὶ
423 2770 570 2830 οὗτοι
607 2775 665 2829 δὲ
701 2777 946 2828 κάκεῖνοι
1004 2775 1083 2844 τῷ
1132 2773 1390 2844 Ἀϐραὰμ
1439 2774 1862 2844 υἱοθετήοησαν,

249 2871 328 2934 ὡς
377 2869 473 2923 τοῦ
516 2871 637 2922 κατ’
685 2869 849 2922 αὑτὸν
896 2867 1121 2921 αἰωνίου
1171 2869 1378 2938 κλήρου
1437 2867 1858 2938 μεταλαχόντες.

251 2966 479 3037 Κυρίως
500 2965 612 3033 γὰρ
650 2964 820 3017 τέκνα
850 2963 945 3015 τοῦ
1005 2961 1244 3033 Λϐραᾶμ
1273 2963 1414 3014 εἰσιν
1446 2962 1496 3013 οἱ
1529 2961 1630 3024 τὰς
1659 2961 1864 3031 ἀρετὰς

251 3057 421 3112 αὐτοῦ
461 3057 818 3128 μιμούμενοι,
846 3058 938 3108 καὶ
965 3058 1067 3125 τῆς
1095 3055 1270 3122 αὐτῆς
1309 3053 1460 3122 αὐτῷ
1489 3054 1752 3120 καταξιού
1764 3070 1862 3123 με-

251 3171 332 3206 νοι
397 3152 617 3221 μερίδος
675 3152 732 3202 ὲν
777 3153 842 3220 τῇ
882 3147 1138 3220 βασιλείᾳ
1199 3149 1308 3200 τῶν
1359 3148 1628 3217 οὐρανῶν,
1668 3147 1770 3200 κᾶν
1804 3147 1864 3212 ἐξ

263 3245 537 3299 Ἰουδαίων
571 3240 702 3308 εἷεν,
732 3242 836 3295 xiv
868 3242 928 3306 ἐξ
955 3241 1147 3295 ἐθνῶν.
1178 3240 1398 3304 bis-Con:
1430 3243 1540 3310 γὰρ
1567 3244 1601 3313 ή
1645 3241 1703 3308 ἐξ
1730 3242 1862 3311 ἀρε-

1968 2119 2238 2172 suscitate
2291 2117 2434 2172 ﬁlios
2485 2119 2590 2188 ipsi
2637 2120 2896 2174 Abrahae.

2039 2208 2276 2274 Quidam
2328 2219 2514 2262 autem
2571 2210 2768 2265 dicunt
2831 2226 2929 2266 eos
2980 2212 3072 2281 qui
3112 2212 3431 2283 egentibus
3467 2229 3587 2267 crc-

1968 2301 2249 2366 diderunt,
2313 2301 2402 2355 bis
2442 2301 2627 2356 verbis
2701 2302 3014 2358 insinuari:
3078 2304 3174 2373 qui
3234 2305 3474 2375 primu'm
3514 2307 3584 2359 ad

1973 2394 2265 2464 veritatem
2321 2395 2578 2449 obdurati
2614 2403 2669 2449 et
2709 2395 3002 2462 insensati,
3051 2407 3240 2467 postea
3282 2415 3382 2468 per
3420 2398 3582 2454 ﬁdem

1971 2485 2027 2538 in
2087 2485 2226 2540 ﬁlios
2280 2486 2526 2557 adOptati
2589 2497 2741 2542 sunt.
2809 2489 2919 2542 Alii
2959 2505 3094 2543 vero
3138 2490 3262 2544 illos
3308 2491 3583 2562 designari

1970 2582 2190 2643 dicunt,
2225 2579 2318 2648 qui
2345 2589 2595 2651 tempore
2641 2579 2930 2636 Passionis
2959 2581 3166 2637 Christi
3206 2585 3278 2636 ob
3301 2595 3583 2653 petrarum

1973 2671 2304 2726 scissionem
2362 2687 2462 2742 per
2517 2673 2679 2728 ﬁdem
2733 2672 2789 2728 in
2845 2674 2985 2728 Iilios
3031 2675 3278 2746 adoptati
3323 2687 3492 2740 sunt;
3529 2688 3588 2732 et

1972 2763 2243 2817 hiantem
2300 2772 2356 2818 et
2417 2763 2496 2818 illi
2555 2765 2609 2818 in
2662 2763 2902 2820 Abrahae
2953 2765 3096 2822 ﬁlios
3159 2771 3400 2838 coeptati
3432 2779 3586 2835 sunt,

1971 2866 2160 2927 utpote
2205 2873 2330 2912 cum
2375 2858 2496 2928 ipso
2581 2867 2810 2914 aeternae
2869 2861 3212 2918 haereditatis
3265 2863 3585 2933 participes.

1969 2952 2198 3022 Pmprie
2245 2953 2395 3008 enim
2445 2953 2680 3009 Abraha:
2735 2954 2831 3010 ﬁlii
2878 2965 3030 3023 sunt,
3069 2958 3163 3028 qui
3201 2958 3437 3012 virtutes
3463 2960 3588 3029 ejus

1970 3046 2284 3110 imitantur,
2348 3062 2413 3102 ac
2464 3057 2620 3104 sorte
2694 3049 2868 3118 ipsius
2943 3051 2996 3103 in
3063 3066 3236 3123 regno
3318 3053 3586 3106 caelorum

1970 3138 2121 3208 digni
2157 3139 2459 3205 habentur,
2512 3139 2631 3194 sive
2690 3157 2756 3195 ex
2792 3139 2997 3197 Judaeis
3028 3143 3162 3208 sint,
3201 3146 3318 3199 sive
3354 3161 3421 3199 ex
3449 3160 3585 3216 gen-

1974 3232 2142 3287 tibus.
2189 3231 2326 3286 Nam
2404 3243 2560 3288 tanto
2623 3237 2801 3306 major
2862 3246 2948 3290 est
3020 3237 3245 3292 virtutis
3309 3240 3587 3309 cognatio,

251 3339 352 3410 τῆς
386 3338 677 3406 συγγένεια
714 3337 814 3404 τῆς
848 3336 907 3402 ἐξ
940 3335 1175 3404 αἵματος
1210 3334 1567 3399 οίκειὼσεως,
1591 3335 1717 3388 ὅσον
1762 3334 1859 3387 καὶ

1977 3340 2133 3394 quam
2186 3325 2493 3398 sanguinis,
2556 3337 2770 3397 quanto
2824 3329 3009 3383 anima
3051 3345 3284 3400 corpore
3317 3341 3588 3401 praestan-

251 3435 288 3502 ἡ
316 3432 463 3502 ψυχὴ
508 3431 812 3500 τιμιωτέρα
851 3429 945 3482 τοῦ
979 3428 1259 3498 σώματος.

332 3525 477 3592 Ἦδη
505 3555 571 3565 -
604 3526 691 3587 είς
714 3521 835 3588 πῦρ
889 3520 1211 3584 βάλλεται.
1240 3518 1462 3592 [Ὰξίνη
1513 3520 1623 3590 (80)
1679 3521 1800 3591 μὲν,
1830 3521 1863 3591 ἠ

253 3616 588 3686 εὖαγγελικὴ
647 3613 810 3685 τομὴ,
856 3612 1202 3681 ὲκτέμνουσα
1268 3611 1394 3674 τοὺς
1446 3612 1732 3682 ἀκάρπους
1783 3614 1862 3675 εἰς

256 3712 461 3780 ἀρετὰς
494 3710 593 3762 καὶ
622 3707 806 3761 πίστιν
840 3705 1135 3767 Ἰουδαίους
1167 3705 1278 3757 ἀπὸ
1313 3703 1408 3757 τοῦ
1439 3704 1632 3775 νόμου,
1655 3705 1718 3757 οὐ
1755 3708 1864 3774 μὴν

255 3803 577 3877 ὲκριζοῦσα.
635 3801 794 3866 Ῥίζα
839 3798 1172 3870 γὰρ,αὐτῶν
1206 3801 1233 3851 ὁ
1285 3799 1470 3868 νόμος,
1497 3792 1543 3866 ᾧ
1567 3799 1685 3852 ἀντ’
1717 3798 1864 3851 ἐκεί-

256 3913 368 3948 νων
399 3895 449 3946 οἱ
504 3891 904 3952 πιστεύσαντες
959 3887 1409 3960 ἐγκεντρίζονται
1434 3905 1448 3919 °
1479 3889 1675 3957 δένδρα
1722 3890 1780 3942 δὲ
1813 3891 1864 3942 oi

271 3985 658 4058 Ἰσραηλῖται]

331 4081 584 4153 Φυϐήσας
630 4081 687 4134 δὲ
719 4080 832 4153 (8|)
862 4079 1091 4145 αὐτοὺς,
1117 4080 1194 4144 ὡς
1225 4075 1720 4146 ἀποπεσουμὲνους
1772 4073 1864 4128 τοῦ

264 4174 454 4240 γένους
506 4174 600 4227 τοῦ
646 4172 925 4246 Ἀϐραὰμ,
978 4176 1027 4227 ει
1085 4172 1161 4244 μὴ
1213 4171 1557 4241 προσέχοιεν,
1603 4167 1868 4220 ἐπιτείνει

261 4268 354 4319 τὸν
401 4267 565 4335 φόϐον
622 4265 727 4320 ἔτι.
772 4265 849 4319 Ut)
887 4267 1051 4336 μόνον
1105 4266 1239 4335 γὰρ,
1272 4263 1461 4332 φησιν,
1489 4258 1866 4314 ἀποπεσεῖσθε

259 4361 355 4414 τοῦ
382 4361 628 4414 τοιούτου
653 4359 869 4430 γένους,
900 4359 1040 4424 ἀλλ’,
1063 4359 1140 4422 ὡς
1173 4356 1384 4410 ἀνίατοι
1415 4354 1623 4417 λοιπὸν,
1655 4349 1868 4422 ταχέως

266 4455 641 4516 ἀποκοπέντες
686 4451 786 4522 τῆς
835 4450 1077 4506 ἐνταῦθα
1126 4449 1299 4519 ζωῆς,
1333 4447 1429 4502 καὶ
1460 4448 1578 4500 ἐκεῖ
1611 4460 1866 4516 τιμωρη-

267 4547 526 4617 θήσεσθε.
569 4545 786 4616 ’Δξίνην
819 4546 920 4616 μὲν
975 4545 1086 4615 γὰρ
1142 4542 1421 4614 τροπικῶς
1473 4539 1730 4609 ὠνόμασε
1775 4538 1868 4590 τὸν

264 4620 519 4692 θάνατον·
553 4639 751 4710 δένδρα
773 4638 852 4703 δὲ,
875 4639 1000 4700 τοὺς
1025 4635 1373 4708 ἀνθρώπους·
1405 4634 1564 4706 ῥίζαν
1582 4632 1638 4685 δὲ
1661 4631 1866 4698 αὐτῶν,

264 4738 361 4804 τὴν
398 4735 564 4806 ζωήν.
600 4733 719 4804 Πῦρ
741 4732 798 4786 δὲ
824 4727 946 4785 εἷπε
971 4731 1033 4784 τὸ
1061 4731 1161 4802 τῆς
1192 4730 1444 4800 γεέννης.

335 4830 492 4891 Τινὲς
543 4828 600 4881 δὲ
661 4828 819 4898 ῥίζαν
859 4827 960 4896 μὲν
1010 4826 1391 4895 ὴρμήνευσαν,
1446 4821 1537 4877 τὸν
1581 4819 1867 4891 Ἀϐραὰμ,

267 4923 455 4992 δένδρα
487 4921 567 4984 δὲ,
604 4919 826 4983 τούτους
861 4919 988 4980 τοὺς
1040 4915 1565 4984 ἀναϐλαστῆσαντας
1593 4912 1654 4977 ἐξ
1698 4910 1867 4966 αὐτοῦ

281 5019 597 5080 Ἰουδαίους,
626 5014 820 5085 ἀξίνην
847 5013 927 5079 δὲ,
958 5012 1053 5066 τὸν
1079 5011 1341 5083 Χριστὸν,
1372 5010 1430 5073 ὃς
1465 5009 1699 5079 ἔμελλεν
1726 5009 1868 5062 ἀπο-

269 5111 456 5179 τεμεῖν
481 5109 580 5177 μὶν
605 5108 824 5172 αὐτοὺς,
851 5104 1110 5175 μένοντας
1128 5101 1417 5173 ἀκάρπους
1447 5103 1528 5165 είς
1553 5101 1653 5170 τὴν
1679 5099 1867 5153 πίστιν

271 5203 365 5257 τοῦ
444 5199 805 5269 Εὑαγγελίου,
854 5197 1208 5266 ὲγκεντρίσαι
1261 5194 1317 5248 δὲ
1367 5198 1495 5258 τοὺς
1551 5193 1612 5259 ἐξ
1673 5192 1867 5248 ἐθνῶν.

275 5296 458 5359 Οὕτως
489 5291 584 5350 οὖν
618 5290 955 5352 κατασείσας
989 5290 1172 5342 αὑτων
1204 5287 1265 5340 τὸ
1312 5289 1593 5360 φρόνημα,
1628 5287 1727 5341 καὶ
1762 5303 1870 5357 μα-

277 5391 443 5455 ὶάξας
477 5391 576 5459 τῆς
603 5386 810 5440 τούτων
834 5383 1068 5454 καρδίας
1099 5383 1162 5435 τὸ
1196 5381 1459 5453 σκληρὸν,
1484 5381 1562 5450 τῷ
1588 5380 1740 5451 φόϐῳ
1769 5381 1870 5451 τῆς

276 5482 606 5543 ἐκπτώσεως
636 5477 728 5532 τοῦ
759 5479 954 5545 γένους
1001 5473 1279 5546 Ἀϐραὰμ,
1305 5475 1405 5527 καὶ
1432 5477 1501 5543 τῇ
1525 5475 1754 5544 ἐκτομῇ,
1778 5473 1871 5526 καὶ

275 5576 353 5645 τῷ
386 5576 539 5643 πυρὶ,
572 5571 758 5624 λοπὸν
784 5570 998 5637 εἰσάγει
1025 5568 1117 5620 τὸν
1148 5570 1276 5639 περὶ
1305 5567 1397 5618 τοῦ
1450 5566 1689 5636 Χριστοῦ
1714 5566 1874 5634 λόγον

285 5669 421 5738 μετα
472 5665 676 5736 πολλῆς
710 5663 808 5733 τῆς
863 5660 1164 5733 ὑπεροχῆς,
1191 5661 1279 5714 ἵνα
1335 5660 1560 5728 φανέντι
1595 5658 1868 5732 προσδρᾱ·

287 5777 460 5831 μωσιν
489 5759 662 5831 αὐτῷ.

1971 3418 2076 3472 tior
2125 3424 2233 3472 est.

2043 3529 2200 3585 Vers.
2231 3529 2315 3585 i0.
2353 3530 2476 3586 1am
2507 3562 2579 3574 ——
2606 3535 2661 3585 in
2702 3534 2877 3604 ignem
2915 3535 3170 3589 mittitur.
3201 3535 3308 3614 fi
3331 3534 3585 3602 Securis,

1968 3624 2288 3694 evangelica
2327 3637 2413 3678 est
2452 3630 2784 3696 amputatio,
2821 3645 2945 3696 qua:
2974 3638 3225 3694 amputat
3256 3631 3481 3686 steriles
3512 3634 3582 3686 ad

1970 3714 2206 3769 virtutes
2235 3725 2291 3770 et
2323 3716 2490 3771 ﬁdem
2515 3717 2736 3774 Judaeos
2767 3735 2797 3773 a
2829 3720 2970 3791 lege,
3007 3735 3110 3776 nec
3141 3729 3325 3776 tamen
3358 3739 3590 3794 prorsus

1971 3807 2239 3862 eradicat.
2270 3807 2450 3864 Radix
2478 3812 2628 3864 enim
2663 3812 2882 3866 illorum
2933 3814 3040 3876 lex,
3084 3813 3174 3868 cui
3209 3815 3427 3870 illortnn
3461 3817 3587 3871 loco

1973 3900 2298 3954 inseruntur
2325 3901 2638 3956 credentes.
2687 3902 2929 3958 Arbores
2987 3913 3173 3959 autem
3232 3915 3363 3960 sunt
3413 3906 3590 3961 Israe-

1974 3993 2106 4046 litae.

2043 4085 2184 4139 Cum
2213 4086 2329 4156 jam
2363 4100 2461 4141 eos
2495 4087 2789 4144 terruisset
2819 4089 3033 4153 dicens,
3071 4091 3220 4161 quod
3271 4094 3380 4148 nisi
3417 4110 3581 4152 cave-

1973 4187 2122 4244 rent,
2158 4195 2186 4233 a
2219 4194 2421 4249 genere
2472 4180 2750 4234 Abraham
2814 4182 3158 4246 exciderent,
3211 4195 3376 4256 auget
3406 4186 3591 4243 adhuc

1976 4282 2208 4328 metum.
2249 4272 2369 4326 Non
2404 4275 2606 4337 solum,
2635 4274 2833 4343 inquit,
2867 4291 2897 4328 a
2931 4276 3024 4330 tali
3061 4292 3266 4347 genere
3289 4281 3586 4345 excidetis,

1973 4381 2168 4420 verum
2217 4367 2382 4420 etiam
2416 4365 2809 4429 lrremediabili
2847 4372 3034 4437 modo,
3061 4371 3228 4427 citius
3259 4389 3288 4427 a
3325 4377 3589 4444 praesenti

1973 4458 2083 4511 vita
2116 4457 2312 4522 excisi,
2346 4458 2512 4512 etiam
2548 4459 2622 4513 ibi
2654 4459 2707 4513 in
2737 4459 2928 4516 futuro
2954 4477 3174 4532 pinnam
3237 4464 3424 4520 luetis.
3483 4467 3586 4521 Se-

1973 4548 2151 4602 curim
2177 4548 2324 4602 enim
2380 4549 2669 4620 ﬁgurative
2708 4560 2945 4607 mortem
2979 4555 3299 4624 appellavit,
3358 4557 3589 4612 arbores

1974 4650 2158 4696 autem
2182 4642 2458 4708 homines,
2487 4643 2701 4699 radices
2734 4660 2866 4700 vero
2896 4647 3064 4702 vitam
3102 4648 3373 4719 ipsorum,
3401 4653 3587 4722 ignem

1903 4729 1952 4787 D
1980 4736 2147 4788 etiam
2173 4733 2310 4789 dixit
2339 4735 2518 4806 ipsius
2559 4736 2850 4806 gehennze.

2050 4824 2287 4891 Quidam
2311 4842 2446 4881 vero
2473 4827 2713 4882 radicem
2740 4827 3181 4900 interprrtantur
3201 4831 3382 4903 ipsum
3413 4836 3590 4892 Abra-

1978 4915 2129 4982 ham,
2159 4919 2390 4972 arbores
2438 4927 2622 4972 autem
2651 4915 2878 4974 Iudaeos
2936 4922 3029 4991 qui
3076 4923 3146 4978 ab
3179 4924 3302 4994 ipso
3342 4928 3588 4996 pullula-

1977 5019 2130 5075 runt,
2169 5012 2408 5067 securim
2439 5026 2659 5082 quoque
2690 5012 2995 5081 Christum,
3043 5016 3138 5086 qui
3179 5018 3329 5087 ipsos
3361 5019 3584 5088 quidem

1978 5105 2268 5161 excisnrns
2297 5116 2438 5173 erat,
2461 5106 2705 5162 iructum
2733 5109 2803 5164 ad
2831 5109 3112 5180 Evangelii
3147 5111 3309 5167 ﬁdem
3361 5129 3471 5167 non
3503 5113 3586 5169 fe-

1977 5208 2166 5254 rentes
2199 5216 2213 5251 :
2253 5199 2569 5255 inserturus
2591 5211 2776 5257 autem
2822 5202 2965 5265 illos,
2992 5206 3085 5274 qui
3122 5221 3152 5260 e
3179 5207 3436 5276 gentibus
3461 5223 3586 5262 cre-

1979 5289 2201 5344 derent.
2234 5290 2532 5360 Postquam
2565 5307 2698 5363 ergo
2731 5292 2934 5348 fastum
2984 5299 3228 5365 ipsorum
3263 5299 3474 5363 terruit,
3521 5313 3587 5351 ac

1980 5382 2165 5437 cordis
2218 5398 2412 5439 eorum
2467 5384 2730 5440 duritiem
2794 5385 2991 5441 timore
3041 5389 3272 5443 cadendi
3308 5404 3337 5442 a
3375 5406 3589 5459 genere

1980 5475 2289 5541 Abraham,
2341 5476 2626 5532 excisione
2660 5493 2725 5531 ac
2774 5477 2900 5549 igne
2957 5481 3270 5535 emollivit:
3315 5481 3587 5552 deinceps

1981 5584 2296 5624 sermonem
2333 5571 2400 5625 de
2431 5571 2657 5625 Christo
2690 5587 2815 5627 cum
2841 5573 3010 5628 multa
3046 5574 3315 5647 dignitate
3344 5576 3584 5644 inducit,

1979 5672 2040 5717 nt
2073 5663 2179 5734 ipsi
2217 5666 2508 5738 apparenti
2553 5677 2936 5723 occurrerent.

1443 5825 1647 5888 Varia:
1691 5826 2001 5897 lectiones
2047 5839 2106 5896 et
2156 5840 2350 5897 notua.

356 5940 465 6008 (80)
502 5939 714 5994 inclusa
744 5937 800 5992 in
853 5951 1030 6008 marg.
1073 5932 1240 5990 habet
1279 5933 1344 5986 A.
1375 5931 1580 5989 Eadem
1604 5935 1873 5994 omiserat

287 6008 611 6068 llcutenius.

2057 5938 2171 6012 (81)
2199 5941 2291 6009 Δέ,
2317 5941 2522 5997 omittit
2553 5942 2614 5996 A.
