4026 6490
620 376 713 442 ῙΤΙ

1870 375 2239 435 [ἑυῊΙΥΜΙι
2283 375 2638 434 ΖΙΒᾹΒΕΝῙ

3765 369 3876 437 172

608 499 712 555 quc
764 483 1139 552 posteritatem
1187 481 1496 552 perﬁciam,
1548 492 1601 535 et
1638 500 1664 534 a
1713 484 2156 537 condemnationi

2278 486 2305 534 6
2337 486 2453 547 νέος
2485 485 2675 554 Ἀδὰμ,
2706 485 2820 539 ἀντ’
2850 486 3014 540 αὑτοῦ
3061 486 3330 556 κληρώσω
3367 488 3564 550 πάσας,
3614 489 3709 540 καὶ
3732 488 3876 540 ἀνα-

606 592 766 646 quam
803 575 891 631 ille
931 594 959 629 a
985 593 1042 631 se
1074 575 1528 630 descendentibus
1584 575 1880 638 distribuit,
1937 578 2059 630 illos
2115 576 2174 628 li-

1592 667 1928 736 l‘r.eeeptum
1989 677 2170 721 autem

2070 763 2174 826 Qui

606 667 815 731 berem,
851 668 939 737 qni
999 684 1082 722 me
1133 666 1511 719 imitabuntur.

606 774 723 816 erat
779 765 890 826 Dei,
939 771 991 815 et
1030 761 1328 830 baptismus
1383 760 1625 815 Joannis.
1670 761 1760 814 Ait
1816 762 2007 818 enim:

607 856 750 907 misit
778 870 856 906 me
885 855 953 906 ad
985 854 1364 920 buplizandum
1403 855 1453 905 iu
1479 869 1616 920 aqua
1638 853 1682 883 ⁵⁸
1710 892 1722 917 ,
1748 862 1852 906 etc.

673 1119 830 1176 Vers.
890 1121 976 1175 i6.
1025 1119 1256 1174 Timc—
1292 1137 1452 1190 aqua.
1519 1121 1715 1176 Dicunt
1768 1123 1957 1190 aliqui,
2025 1122 2170 1191 quod

598 1229 1042 1284 unumquemque
1092 1216 1490 1283 baptizatorum
1539 1216 1583 1269 is
1643 1215 1733 1284 qui
1766 1216 2075 1284 baptizabat
2114 1217 2165 1268 in

596 1321 792 1374 aquam
831 1307 896 1359 ad
927 1307 1120 1359 collum
1158 1321 1331 1376 usque
1369 1307 1674 1361 immissum
1705 1309 2004 1372 detinebat,
2035 1325 2166 1377 quo-

599 1413 767 1466 usque
798 1408 1019 1467 peccata
1052 1414 1149 1452 sua
1189 1401 1478 1454 confessus
1505 1411 1667 1466 esset,
1698 1411 1751 1454 et
1788 1411 1910 1470 post
1946 1402 2165 1455 confes—

596 1497 710 1547 sion
736 1511 800 1547 -m
821 1497 881 1564 (ι)
907 1495 1236 1572 ascendebat
1269 1497 1335 1550 de
1367 1511 1520 1564 aqua.
1553 1495 1804 1549 Christus
1833 1506 2014 1549 autem
2044 1512 2164 1548 eum

596 1598 876 1656 peccatum
911 1605 1020 1642 non
1056 1591 1300 1653 haberet,
1347 1603 1452 1641 non
1489 1597 1572 1641 est
1597 1589 1853 1642 detentus
1882 1590 1935 1641 in
1984 1605 2161 1658 aqua:

593 1689 648 1732 et
682 1681 749 1734 ob
782 1681 920 1735 hanc
949 1697 1166 1735 causam
1196 1682 1350 1735 aiunt
1378 1679 1762 1750 evangelistam
1789 1681 1991 1746 dicere,
2019 1682 2164 1749 quod

594 1773 774 1824 statim
808 1774 1050 1825 ascendit
1080 1774 1147 1826 de
1175 1787 1333 1841 aqua.

2280 577 2550 646 πληρώσω
2575 579 2634 629 τὸ
2657 578 2866 630 ἐκείνου
2894 580 3176 650 ὑστέρημα
3195 597 3207 611 ·
3239 581 3332 633 καὶ
3359 575 3425 648 ἧς
3454 581 3658 644 ἐκεῖνος
3688 580 3869 635 πάλαι

2279 668 2573 736 καταδίκης
2603 670 2715 730 τοῖς
2751 667 2810 730 ἐξ
2841 667 3006 720 αὑτοῦ
3045 671 3342 736 μετέδωκε,
3378 671 3580 740 ταύτης
3616 671 3728 738 ἐγὼ
3764 673 3870 725 νῦν

2277 755 2570 820 ἀπαλλάξω
2602 759 2726 819 τοὺς
2758 756 2816 821 ἐξ
2847 756 3003 826 ἐμοῦ.
3035 757 3256 828 Ἑντολὴ
3290 760 3346 810 δὲ
3381 755 3450 828 ἦν
3489 759 3648 821 Θεοῦ,
3678 762 3776 812 καὶ
3802 763 3868 813 τὸ

2275 847 2522 900 Ἰωάννου
2546 848 2861 918 βάπτισμαο
2885 850 3071 919 εἴρηκε
3096 849 3202 919 γὰρ
3223 853 3406 915 αὐτὸς,
3427 852 3508 904 ὅτι
3535 852 3596 903 Ὀ
3613 851 3867 920 πέμψας

2269 957 2343 1007 με
2371 941 2685 1003 ,βαπτίζειν
2721 942 2790 995 ἐν
2830 941 3022 1006 ὕδατι,
3058 941 3291 1006 ἐκεῖνός
3317 961 3420 1010 μοι
3456 939 3608 1004 εἶπε,
3652 943 3746 994 καὶ
3791 942 3868 996 τὰ

2273 1032 2421 1100 ἑξῆς.

2347 1124 2487 1178 Τότε
2534 1155 2603 1166 --
2649 1126 2886 1190 ὕδατος.
2935 1127 3071 1180 Φασι
3113 1143 3279 1191 τινες,
3328 1126 3412 1178 ὃτι
3447 1126 3680 1178 ἕκαστον
3743 1126 3866 1179 τῶν

2273 1217 2683 1287 βλπτιξομὲνων
2706 1257 2720 1280 ,
2757 1217 2936 1287 χαλῶν
2972 1219 3000 1271 6
3035 1217 3338 1287 βαπτιστὴς
3371 1217 3502 1286 ἄχρι
3532 1217 3819 1286 τραχήλου
3847 1260 3863 1284 ,

2273 1313 2520 1378 κατεῖχεν
2573 1312 2757 1373 αὑτὸν,
2798 1312 2901 1374 ἕως
2953 1310 3018 1364 ἂν
3073 1310 3183 1380 (93)
3236 1309 3694 1380 ὲξωμολογήσατο
3751 1314 3862 1373 τὰς

2273 1405 2547 1470 ἁμαρτίας
2595 1403 2781 1467 αὑτοῦ,
2831 1404 2926 1456 καὶ
2963 1405 3084 1456 τότε
3121 1403 3339 1472 ἀφεθεὶ,
3373 1404 3595 1456 ἀνέδυεν
3623 1406 3733 1457 ἀπὸ
3765 1402 3865 1454 τοῦ

2271 1493 2458 1558 ὓδατος
2487 1512 2497 1522 ·
2531 1498 2558 1547 6
2605 1495 2660 1546 δὲ
2696 1493 2954 1565 Χριστὸς,
2993 1499 3066 1566 μὴ
3101 1496 3242 1565 ἔχων
3275 1497 3588 1566 ἁμαρτίαν,
3617 1498 3720 1548 οὐκ
3769 1500 3863 1549 ὲν-

2267 1588 2530 1657 εδραδυνε
2561 1590 2669 1658 (94)
2700 1589 2775 1657 τῷ
2795 1588 2970 1654 ὕδατι,
3004 1591 3097 1642 καὶ
3119 1589 3312 1641 τούτου
3346 1589 3508 1660 χάριν
3531 1588 3644 1659 (95)
3678 1589 3865 1641 εἰπεῖν

2262 1683 2358 1732 τὸν
2397 1679 2815 1750 εὐαγγελιστὴν,
2850 1680 2930 1733 ὅτι
2966 1679 3127 1744 εὐθὺς
3157 1680 3324 1752 ἀνέϐη
3355 1681 3465 1733 ἀπὸ
3497 1681 3594 1733 τοῦ
3631 1681 3858 1744 ὓδατος.

666 1862 816 1914 Veis.
856 1861 939 1914 16.
997 1861 1063 1914 Et
1108 1840 1318 1915 eccei—
1357 1863 1733 1927 complacitum
1794 1874 1888 1917 est.
1951 1863 2156 1918 Veteris

2339 1862 2445 1914 Καὶ
2470 1861 2677 1914 160i)—
2696 1862 3026 1930 εὐδόκησα.
3047 1864 3109 1915 Ἦ
3135 1863 3236 1934 μὲν
3268 1865 3522 1935 παρακοὴ
3551 1861 3646 1917 τοῦ
3679 1866 3862 1919 παλαι

590 1954 758 2008 Adam
815 1955 1184 2008 inobedientia
1241 1958 1554 2024 paradisum
1605 1956 1763 2009 nobis
1788 1957 2005 2022 clausit,
2035 1959 2159 2010 novi

590 2053 770 2096 autem
833 2046 1148 2099 obedientia
1194 2045 1391 2099 cmlum
1429 2045 1586 2100 nobis
1621 2049 1854 2114 aperuit.
1904 2046 2161 2117 Majorem

590 2140 734 2188 enim
764 2138 1037 2191 bonorum
1088 2138 1400 2192 l'ruitionem
1453 2139 1608 2192 nobis
1661 2141 1966 2208 acquisivit,
1999 2157 2160 2210 quan:

590 2234 753 2286 fuerit
794 2235 1044 2301 perditio.
1111 2234 1172 2286 Et
1211 2233 1331 2286 vide
1363 2248 1471 2302 quo
1498 2243 1656 2301 pacto
1688 2234 1938 2288 Christus
1966 2237 2163 2304 populo

588 2327 998 2380 demonstratus
1045 2334 1172 2380 cst:
1227 2325 1374 2378 clare
1426 2324 1678 2379 videlicet
1722 2342 1785 2379 ac
1851 2327 2156 2380 manifeste.

587 2417 881 2486 Postquam
911 2419 1056 2469 enim
1093 2416 1331 2470 Joannes
1357 2415 1423 2470 de
1452 2417 1572 2485 ipso
1610 2418 1783 2470 turbis
1814 2419 2158 2486 pra-dixerat,

586 2526 650 2563 ac
681 2510 882 2564 sensim
903 2511 971 2564 ad
1009 2510 1168 2580 hujus
1209 2509 1353 2563 dicta
1393 2512 1635 2563 animum
1669 2511 2049 2575 advertebant,
2102 2523 2160 2566 ut

587 2601 843 2654 viderunt
900 2605 1063 2654 etiam
1096 2602 1269 2670 ipsum
1301 2600 1455 2670 quasi
1487 2618 1652 2655 unum
1703 2603 1769 2656 de
1818 2605 2016 2672 papulo
2063 2605 2158 2658 ba-

587 2693 801 2760 ptizari,
832 2692 1219 2747 oﬂendieulum
1278 2693 1421 2761 passi
1467 2701 1616 2747 sunt.
1673 2693 1737 2746 lit
1769 2694 1971 2748 idcirco
2037 2696 2159 2749 coeli

586 2787 806 2854 quidem
839 2787 1182 2855 aperiuntur,
1220 2787 1594 2853 ostendentes,
1626 2789 1770 2856 quod
1806 2789 1873 2841 ab
1901 2789 2029 2857 ipsis
2059 2791 2156 2843 de-

585 2880 861 2933 scenderit
891 2878 1162 2939 columba,
1199 2888 1256 2931 ut
1282 2893 1449 2948 super
1476 2896 1603 2932 eum
1640 2895 1829 2934 VOCCIII
1858 2883 2152 2947 derivaret,

585 2987 653 3026 ne
709 2973 876 3040 ipsam
919 2971 985 3025 de
1040 2970 1255 3024 Joanne
1317 2972 1599 3027 testiﬁcari
1635 2980 1910 3042 putarent.
1963 2976 2027 3028 Et
2083 2980 2155 3029 ita

585 3064 745 3116 Pater
790 3064 1161 3117 testimonium
1211 3062 1363 3118 dedit
1420 3063 1591 3130 Filio;
1648 3066 1882 3134 Spiritus
1931 3078 2155 3122 sanctus

2280 1953 2450 2022 Ἀδὰμ
2481 1953 2802 2006 ἀπέκλεισεν
2829 1955 2962 2024 ⁴ἡμῖν
2998 1957 3088 2008 τὸν
3117 1956 3472 2026 παράδεισον,
3497 1959 3530 2026 ὴ
3555 1956 3600 2008 δ’
3632 1957 3860 2025 ὑπακοὴ

2264 2045 2359 2097 τοῦ
2393 2045 2537 2109 νέου,
2593 2046 2771 2116 ἧνοιξε
2833 2048 2958 2110 τοὺς
2994 2048 3278 2117 οὐρανοὺς,
3329 2049 3852 2119 περιποιησαμένου

2267 2137 2398 2206 ἡμῖν
2457 2135 2761 2189 ἀπόλαυσιν
2827 2137 3050 2205 μείζονα
3114 2139 3210 2206 τῆς
3266 2138 3627 2200 ἀπολωλυίας.
3703 2140 3858 2208 Ὅρα

2262 2228 2340 2294 δὲ,
2371 2228 2484 2290 πῶς
2509 2231 2536 2281 6
2569 2229 2801 2298 Χριστὸς
2831 2231 3210 2284 ἀναδείκνυται
3240 2230 3318 2300 τῷ
3348 2232 3464 2301 λαῷ
3487 2231 3758 2300 λαμπρῶς
3795 2249 3857 2284 τε

2265 2323 2359 2376 καὶ
2401 2322 2864 2393 μεγαλοπρεπῶς.
2897 2324 3054 2376 Ἐπεὶ
3099 2325 3208 2394 γὰρ
3249 2326 3277 2376 6
3310 2326 3564 2393 Ἰωάννης
3615 2327 3858 2395 προεῖπε

2262 2416 2391 2485 περὶ
2423 2415 2588 2468 αὐτοῦ
2613 2418 2726 2479 τοῖς
2752 2416 2951 2485 δχλοις,
2983 2420 3077 2469 καὶ
3113 2417 3298 2488 ἠρέμα
3327 2417 3502 2487 τούτῳ
3530 2421 3857 2487 προσεῖχον,

2261 2505 2334 2566 ὡς
2353 2501 2491 2558 εἶδον
2520 2507 2614 2558 καὶ
2636 2507 2798 2558 αὑτὸν
2821 2506 3240 2576 βαπτιζόμενον,
3264 2507 3338 2570 ὡς
3361 2509 3456 2561 ἕνα
3480 2509 3586 2561 τῶν
3609 2509 3855 2571 πολλῶν,

2263 2596 2788 2668 ἐσκανδαλίσθησαν.
2829 2599 2941 2653 Καὶ
2975 2599 3162 2651 λοιπὸν
3191 2599 3499 2667 ἀνοίγονται
3536 2599 3636 2669 μὲν
3670 2601 3721 2652 οἱ
3752 2603 3856 2653 οὖα

2264 2692 2437 2757 ρανοὶ,
2467 2691 2826 2759 δεικνύοντες,
2856 2695 2939 2746 ὄτι
2971 2693 3032 2756 ἐξ
3061 2693 3240 2746 αὐτῶν
3278 2692 3512 2760 κατῆλθε
3549 2693 3646 2745 καὶ
3680 2695 3712 2762 ή
3744 2708 3857 2744 πε-

2265 2783 2510 2852 ριστερὰ,
2547 2785 2639 2837 καὶ
2687 2785 2718 2854 ὴ
2757 2791 2930 2854 φωνή.
2976 2786 3204 2838 Κάτεισι
3242 2786 3358 2854 δὲή
3404 2784 3504 2854 μὲν
3547 2785 3725 2853 φωνὴ,
3758 2786 3856 2837 ἵνα

2262 2874 2508 2942 μάθωσιν
2539 2877 2587 2926 οἱ
2619 2877 2904 2943 παρόντες,
2932 2876 3011 2937 τίς
3038 2879 3187 2928 ἐστιν
3215 2877 3242 2927 6
3273 2876 3666 2946 βαπτιζόμενος
3688 2893 3699 2906 ο
3733 2878 3766 2945 ἡ
3795 2877 3854 2927 δὲ

2259 2970 2581 3037 περιστερὰ,
2615 2969 2701 3021 ἵνα
2730 2969 2932 3039 ἑλκύσῃ
2967 2971 3065 3039 τὴν
3102 2971 3284 3038 φωνὴν
3312 2967 3400 3021 ἐπ’
3423 2969 3607 3031 αὑτὸν,
3640 2969 3732 3019 καὶ
3769 2969 3855 3038 μὴ

2259 3062 2575 3130 νομίσωσιν,
2607 3062 2689 3113 ὃτι
2719 3062 2846 3127 περὶ
2881 3062 3130 3114 Ἰωάννου
3160 3063 3427 3131 μαρτυρεῖ
3455 3064 3488 3129 ἡ
3527 3061 3703 3129 φωνή.
3734 3063 3856 3114 Καὶ

581 3172 712 3211 vero
764 3171 928 3225 super
967 3171 1089 3210 eum
1146 3157 1447 3221 descendit,
1499 3159 1650 3227 quasi
1707 3160 1875 3229 digito
1927 3161 2155 3215 demon-

2266 3156 2290 3205 6
2322 3156 2420 3224 μὲν
2443 3156 2633 3224 Πατὴρ
2662 3155 2867 3207 ἄνωθεν
2897 3155 3248 3225 ἐμαρτύρησε
3286 3156 3411 3223 περὶ
3443 3154 3532 3206 τοῦ
3568 3153 3700 3205 Υἱοῦ
3725 3171 3737 3183 ·
3783 3157 3853 3206 τὸ

582 3261 762 3306 strans
796 3252 939 3305 hunc
970 3267 1112 3314 esse,
1155 3252 1222 3306 de
1251 3269 1360 3322 quo
1403 3254 1637 3307 ferretur
1684 3256 2072 3310 testimonium.
2101 3257 2155 3309 In

583 3345 766 3419 specie
799 3353 978 3398 autem
1013 3345 1301 3398 columbae.
1331 3343 1439 3398 Hoc
1469 3347 1614 3398 enim
1649 3346 1849 3400 animal
1883 3349 1934 3400 in
1973 3351 2156 3403 multis

582 3438 849 3507 Spiritum
891 3447 1137 3491 sanctum
1167 3438 1429 3490 imitatur.
1465 3437 1747 3506 Siquidem
1784 3439 1989 3493 homini
2019 3441 2156 3494 ami-

582 3545 705 3584 cum
735 3538 837 3592 est,
864 3543 965 3582 nec
1004 3529 1158 3582 facile
1183 3529 1429 3582 irritatur
1477 3531 1541 3582 ad
1573 3532 1731 3592 iram,
1754 3531 1918 3600 puliis
1939 3549 2154 3603 quoque

580 3623 851 3692 privatum
902 3621 1170 3690 patienter
1215 3623 1470 3685 sustinet,
1525 3637 1700 3690 neque
1748 3625 1929 3677 minus
1965 3629 2031 3678 ad
2062 3641 2156 3679 eos

583 3717 675 3785 qui
717 3731 776 3768 se
824 3716 1194 3784 privaverunt,
1240 3715 1485 3779 accedit;
1523 3717 1942 3770 mundissimum
1991 3721 2153 3772 etiam

583 3818 691 3871 est,
727 3818 782 3860 et
839 3806 980 3860 bono
1013 3806 1210 3877 gaudet
1254 3806 1441 3860 odore.

653 3984 826 4054 Hujus
856 3998 1072 4052 quoque
1102 3985 1368 4038 columbae
1400 3983 1569 4055 ﬁgura
1601 3997 1718 4040 erat
1747 3987 1858 4052 iha,
1891 4005 2012 4058 quae
2043 3990 2155 4046 Noe

583 4076 747 4129 ﬁnem
777 4075 963 4130 diluvii
991 4077 1286 4128 nuntiavit.
1332 4076 1803 4140 Quemadmodum
1837 4083 1984 4136 enim
2025 4095 2155 4140 tunc

583 4179 700 4222 erat
729 4169 990 4222 diluvium
1029 4170 1097 4222 ab
1127 4185 1286 4236 aqua,
1316 4170 1389 4223 ita
1442 4183 1496 4222 et
1547 4185 1693 4225 nunc
1723 4187 1752 4225 a
1801 4186 2025 4242 peccato
2058 4195 2070 4231 :
2103 4189 2156 4233 et

582 4264 725 4317 sicut
771 4263 855 4315 illa
893 4261 1237 4321 denuntiavit
1265 4263 1625 4319 cessationem
1660 4265 1807 4322 illius
1839 4269 2049 4333 diluvii.
2082 4274 2154 4327 ita

579 4368 635 4410 et
667 4356 768 4409 ista
800 4354 961 4424 hujus
983 4356 1291 4424 praesentis.
1322 4356 1507 4424 Aperti
1543 4367 1670 4410 sunt
1707 4369 1890 4414 autem
1927 4364 2069 4428 creti,
2099 4375 2155 4420 et

579 4463 744 4516 super
800 4447 1132 4516 baptizatum
1192 4449 1470 4504 descendit
1507 4448 1744 4520 Spiritus
1799 4465 2038 4522 sanctus,
2094 4467 2153 4512 ut

576 4541 846 4595 discamus
871 4556 1034 4609 super
1061 4556 1278 4595 omnem
1309 4541 1584 4598 hominem
1616 4546 1950 4620 baptizatum
1983 4551 2153 4606 caelos

577 4631 800 4700 aperiri,
826 4639 1082 4684 vocantes
1112 4632 1289 4699 ipsum
1319 4634 1385 4686 ad
1408 4649 1700 4704 supernam
1735 4638 2152 4695 habitationem.

577 4725 662 4777 Ad
694 4739 819 4777 eum
872 4738 1088 4792 quoque
1133 4727 1345 4780 accedit
1388 4726 1625 4798 Spiritus
1655 4743 1893 4788 sanctus.
1946 4736 2152 4802 Quodsi

579 4819 692 4870 hrcc
727 4816 1077 4869 sensibilibus
1117 4817 1288 4871 oculis
1341 4834 1450 4872 non
1497 4821 1760 4885 videmus,
1805 4841 1873 4880 ne
1917 4828 2147 4885 dillidas.

578 4913 740 4980 Signa
768 4926 1002 4980 namque
1028 4911 1275 4967 ﬁdelibus
1302 4930 1409 4967 non
1438 4918 1652 4985 dantur,
1688 4921 1780 4973 sed
1808 4922 2149 4991 inﬁdelibus;

576 5005 732 5056 nabis
759 5012 937 5056 autem
973 5002 1250 5072 signorum
1289 5005 1406 5058 loco
1441 5008 1634 5061 sullicit
1675 5010 1824 5066 ﬁdes.

643 5275 686 5303 5”
705 5272 860 5336 Joan,
896 5291 930 5337 ι,
963 5276 1048 5328 55.

2259 3248 2315 3300 δὲ
2347 3244 2570 3315 Πνεῦμα
2602 3247 2659 3297 τὸ
2687 3246 2842 3313 ἅγιον
2868 3248 3075 3317 κατέϐη
3099 3246 3184 3298 ἐπ’
3209 3247 3392 3310 αὐτὸν,
3421 3248 3544 3300 ἀντὶ
3569 3246 3850 3300 δακτύλου

2259 3340 2523 3404 δεικνύον,
2557 3341 2638 3393 ὃτι
2669 3333 2823 3403 οὗτός
2851 3343 2996 3392 ἐστιν
3021 3343 3049 3392 6
3083 3339 3554 3410 μαρτυρούμενος.
3588 3339 3680 3393 Ἐν
3713 3341 3855 3394 εῖδει

2258 3435 2313 3487 δὲ
2337 3435 2686 3502 περιστερᾶς,
2719 3432 2852 3485 διότι
2880 3435 3031 3484 τουτὶ
3053 3431 3114 3484 τὸ
3145 3432 3283 3495 ζῶον
3313 3435 3378 3485 ἐκ
3417 3433 3630 3500 φύσεως
3666 3439 3852 3501 μιμή-

2261 3545 2407 3598 ματα
2452 3528 2562 3596 ἔχει
2597 3526 2886 3590 τοῦ’ἀγίου
2925 3524 3262 3594 [Ινεύματος.
3310 3525 3700 3596 οιλάνθρωπον
3736 3532 3853 3598 γάρ

2257 3620 2373 3670 ἐστι
2435 3618 2528 3669 καὶ
2589 3617 2935 3684 ἀνεξίκακον.
3000 3615 3508 3685 Ἀποστερούμενον
3564 3617 3674 3686 γὰρ
3734 3620 3850 3672 τῶν

2257 3711 2491 3764 νεοσσῶν
2522 3711 2807 3779 ὑπομένει,
2832 3709 2926 3762 καὶ
2953 3707 3104 3760 οὐδὲν
3131 3704 3294 3779 ἦττον
3316 3711 3442 3770 τοὺς
3469 3710 3850 3780 ἀποστεροῦν-

2259 3821 2355 3864 τας
2395 3803 2700 3871 προσίεται.
2740 3801 2851 3854 Καὶ
2883 3799 3270 3870 καθαρώτατόν
3328 3803 3465 3862 ἐστι,
3501 3803 3594 3854 καὶ
3633 3806 3701 3872 τῇ
3760 3805 3856 3854 εὑ-

2257 3898 2390 3967 ιιρδία
2414 3900 2610 3966 χαίρει.

2330 3990 2482 4058 ’Ἅμα
2511 3989 2568 4040 δὲ
2599 3987 2803 4057 ταύτης
2834 3986 2935 4055 τῆς
2974 3987 3306 4056 περιστερᾶς
3335 3987 3504 4050 τύπος
3537 3983 3606 4058 ἦν
3631 3989 3852 4059 ἐκείνη,

2257 4087 2290 4155 ἡ
2323 4083 2400 4154 τῷ
2434 4083 2556 4135 Νῶε
2596 4079 2689 4133 τοῦ
2723 4079 3112 4149 κατακλυσμοῦ
3151 4082 3254 4150 ¹τὴν
3287 4079 3441 4132 λύσιν
3473 4081 3853 4150 εὐαγγελισα-

2263 4181 2417 4247 μένη,
2459 4176 2670 4243 -Ωσπερ
2699 4174 2808 4244 γὰρ
2839 4174 2958 4226 τότε
2989 4173 3376 4242 κατακλυσμὸς
3407 4169 3474 4244 ἦν
3507 4176 3566 4240 ἐξ
3609 4174 3812 4241 ὓδατος
3835 4221 3850 4246 ,

2258 4271 2400 4324 οὕτω
2428 4270 2522 4322 καὶ
2555 4267 2648 4320 νῦν
2683 4267 2739 4330 ἐξ
2771 4265 3068 4335 ἁμαρτίας.
3103 4266 3214 4317 Καὶ
3239 4265 3429 4334 ὥσπερ
3464 4268 3647 4338 ἐκείνη
3678 4273 3853 4342 εὑηγ-

2257 4364 2514 4432 γελίσατο
2565 4359 2664 4430 τὴν
2719 4360 2954 4412 κὸπασιν
3009 4358 3220 4411 ἐκείνου
3276 4357 3371 4412 τοῦ
3425 4361 3850 4433 κατακλυσμοῦ,

2258 4457 2401 4510 οὕτω
2433 4456 2528 4508 καὶ
2557 4453 2696 4524 αῦτη
2725 4455 2818 4507 τοῦ
2850 4456 3139 4525 παρόντος.
3169 4454 3558 4527 Ἢνεῴχοησαν
3581 4459 3639 4512 δὲ
3666 4463 3716 4514 οξ
3751 4467 3851 4518 οὑ-

2264 4549 2435 4620 ρανοὶ,
2463 4550 2553 4602 καὶ
2579 4547 2846 4614 κατῆλθεν
2871 4549 2961 4600 ἐπὶ
2982 4549 3072 4600 τὸν
3101 4548 3499 4618 βαπτιζόμενον
3527 4552 3587 4604 τὸ
3613 4555 3712 4606 Πν;
3729 4555 3849 4628 ῦμα

2259 4645 2319 4696 τὸ
2368 4644 2542 4709 ἆγιον,
2587 4642 2675 4694 ἵνα
2722 4641 2981 4710 μάθωμεν
3021 4641 3102 4694 ὅτι
3143 4642 3238 4694 ἐπὶ
3299 4643 3502 4706 παντὸς
3546 4647 3847 4717 ἀνθρώπου

2261 4735 2659 4808 βαπτιζομένου
2695 4734 3004 4801 ἀνοίγονται
3041 4736 3141 4804 μὲν
3178 4735 3228 4788 οἱ
3262 4737 3504 4806 οὐρανοὶ,
3545 4743 3849 4810 καλοῦντες

2258 4832 2420 4884 αὑτὸν
2453 4830 2530 4892 εἰς
2558 4827 2655 4898 τὴν
2678 4829 2790 4881 ἅνω
2824 4829 3108 4880 κατοικίαν
3129 4845 3141 4857 '
3175 4833 3510 4900 ὲπιφοτςῖδὲ
3542 4835 3718 4907 τούτῳ
3749 4844 3849 4894 καὶ

2252 4925 2309 4975 τὸ
2343 4924 2568 4990 Πνεῦμα
2599 4921 2659 4972 τὸ
2694 4919 2870 4986 ἅγιον.
2909 4919 2969 4972 Ei
2999 4921 3055 4972 δὲ
3091 4922 3165 4990 μὴ
3198 4927 3310 4985 τοίς
3344 4925 3623 4995 αίσθητοῖς
3661 4932 3846 4987 ταῦτα

2253 5018 2522 5084 βλέπομεν
2556 5013 2879 5081 ὀρθαὶμοῖς,
2919 5013 2992 5083 μὴ
3021 5017 3354 5087 ἀπιστήσῃς.
3387 5017 3468 5069 Τὰ
3497 5025 3697 5090 σημεῖα
3730 5028 3844 5094 γὰρ

2249 5113 2310 5161 οὑ
2359 5113 2471 5170 τοῖς
2523 5108 2899 5168 πιστεύουσιν,
2938 5108 3075 5159 ἀλλὰ
3116 5112 3226 5171 τοῖς
3271 5111 3562 5174 ἀπίστοις·
3612 5116 3746 5184 ἡμῖν
3785 5120 3842 5173 6‘5

2247 5207 2406 5271 ἀρκεῖ
2494 5205 2691 5264 πίστις,
2723 5203 2842 5253 ἀντὶ
2876 5203 3137 5269 σημείων.

1744 5379 1943 5440 Variae
1985 5383 2284 5446 lectiones
2327 5395 2382 5444 et
2440 5395 2622 5446 notic-

638 5495 748 5563 (95)
803 5495 1010 5562 (lonjici
1071 5497 1238 5569 possit
1298 5498 1771 5569 ἐξομολογήσαιτο,
1851 5508 1950 5557 etsi
2026 5526 2129 5559 non

571 5564 779 5640 ignoro,
818 5568 1106 5620 memorati
1144 5564 1696 5638 exemplipartimin
1731 5564 1794 5625 iv
1831 5592 1950 5627 cum
1997 5581 2135 5629 imii-

567 5646 764 5686 eativo.

2321 5509 2428 5574 (94)
2476 5510 2762 5579 Ἐϐρίτὸυνε
2799 5518 2860 5568 Α.

2323 5583 2434 5648 ωδ)
2476 5584 2604 5633 Ἀπὸ
2633 5585 2811 5636 κοινοῦ
2845 5588 2901 5638 τὸ
2939 5589 3125 5653 φασίν.

638 5792 698 5858 (ι)
751 5789 990 5858 ’Δςρεοείς
1028 5811 1130 5846 non
1168 5805 1266 5860 est,
1310 5807 1422 5864 post
1459 5798 1861 5864 confessionem,
1917 5801 2030 5864 sed,
2067 5813 2109 5854 e1
2149 5812 2271 5854 tunc
2298 5803 2503 5868 missus,
2545 5806 2812 5862 dimissus.
