4026 6494
210 336 313 402 185

269 448 433 517 (ΚΕΦ
467 454 519 503 Δ¹
548 450 567 518 )
626 450 762 518 Περὶ
795 449 901 517 τῆς
924 447 1333 514 διδασκαλίας
1362 446 1471 502 τοῦ
1498 444 1797 516 Σωτῆρος.
1830 449 1879 503 Α

284 547 421 599 Ἀπὸ
446 547 583 598 τότε
610 575 675 586 -——
709 542 1008 611 οὐρανῶν,
1062 542 1238 596 Τοῦτο
1263 544 1368 613 πρὸ
1407 541 1505 595 τοῦ
1540 542 1802 609 Σωτῆρος

200 640 226 692 6
261 638 518 706 Ἰωάννης
548 636 835 706 ἐκήρυξεν.
872 638 1135 707 ’Δρχεται
1165 636 1221 689 δὲ
1254 635 1345 687 uel
1376 637 1403 687 6
1445 635 1685 703 Χριστὸς
1713 636 1800 686 ἐν-

204 730 418 792 τεῦθεν,
457 732 545 782 ἵνα
581 730 751 799 δείξῃ.
797 731 880 782 ὅτι
922 728 1214 798 προοίμιον
1256 727 1423 781 αὑτοῦ
1450 723 1517 798 ἦν
1545 730 1573 780 6
1615 728 1800 781 Ἰωάν-

201 842 320 891 νης,
365 827 463 876 καὶ
502 824 586 874 ὅτι
622 822 722 875 οὐκ
754 822 904 874 ἔστιν
938 815 1097 885 οὗτος
1126 822 1374 885 ἐναντίος
1424 822 1643 890 ἐκείνῳ.
1688 820 1800 874 Καὶ

202 921 310 987 γάρ
337 917 445 968 ἔδει
498 915 722 985 πρῶτον
784 915 946 969 ἄλλον
1014 915 1372 985 μαρτυρῆσαι
1430 918 1560 985 περὶ
1605 912 1797 977 αὑτοῦ,

202 1008 296 1061 καὶ
337 1009 457 1060 τότε
492 1008 657 1060 αὐτὸν
692 1006 891 1060 ἐλθεῖν.
933 1006 1090 1065 Τινὲς
1117 1007 1175 1060 δὲ
1200 1005 1488 1073 λίγουστν,
1527 1007 1611 1059 ὄτι
1650 1006 1803 1059 δοκεῖ

203 1098 304 1167 μὲν
327 1098 354 1150 6
382 1099 466 1167 Χρ
496 1099 621 1161 στδς
660 1097 730 1151 τά
764 1098 905 1151 αὐτὰ
943 1098 1021 1168 τῷ
1054 1098 1287 1171 Ἰωάννῃ
1323 1101 1653 1168 κηρύσσειν,
1683 1093 1801 1154 οἷον

198 1191 258 1241 τὸ
286 1190 665 1253 Μετανοεῖτε,
704 1190 797 1242 καὶ
847 1191 906 1243 τὸ
957 1192 1239 1259 Ἤγγικεν
1272 1190 1310 1258 ἡ
1341 1189 1638 1254 ,ϐασιλεία
1680 1187 1802 1243 τῶν

197 1283 497 1353 οὐρανῶν,
547 1286 647 1337 οὐκ
683 1285 799 1337 ἐστι
831 1285 909 1339 δέ.
963 1284 1023 1338 Ὀ
1080 1284 1183 1354 μὲν
1212 1284 1324 1356 γάρ
1359 1285 1643 1356 Ἰωάννης,
1679 1287 1800 1340 Με-

197 1379 470 1438 τανοεῖτε,
511 1378 726 1445 ἔλεγεν,
776 1375 862 1444 ἐφ’
893 1373 976 1440 οἷς
1039 1378 1437 1447 ἡμαρτήκατε·
1477 1380 1505 1431 6
1542 1376 1600 1431 δὲ
1663 1378 1801 1450 Χρι-

198 1469 345 1531 στδς,
379 1469 738 1535 Μετανοεῖτε,
771 1470 893 1523 ἀντὶ
926 1469 1045 1533 τοῦ,
1085 1470 1515 1524 Μεταδάλλεσθε
1554 1472 1666 1525 ἀπὸ
1696 1472 1799 1541 τῆς

198 1562 443 1625 παλαιᾶς
473 1562 566 1614 επὶ
601 1562 703 1632 τὴν
751 1566 969 1631 καινήν.
1020 1565 1132 1617 Καὶ
1170 1565 1488 1634 παράγουσι
1542 1541 1800 1636 μάρτυρα

194 1655 287 1706 τὸν
325 1656 580 1725 Μάρκον,
615 1655 928 1724 προσθέντα
963 1657 1047 1709 τό·
1104 1657 1216 1711 Καὶ
1269 1659 1594 1712 πιστεύετε
1621 1658 1693 1712 ἐν
1720 1658 1802 1724 τῷ

198 1748 567 1814 Εὺαξη-ελίῳ.
614 1748 723 1802 Καὶ
758 1748 788 1800 6
830 1748 931 1818 μὲν
973 1748 1255 1819 Ἰωάννης,
1291 1750 1801 1819 φασὶηϐασιλείαν·

198 1838 499 1905 οὐρανῶν,
566 1841 659 1894 τὸν
713 1841 949 1912 Χριστὸν
1002 1840 1309 1912 ὠνόμασενο
1366 1844 1394 1895 6
1442 1842 1501 1896 δὲ
1565 1843 1801 1914 Χριστὸς

194 1932 297 2000 τὴν
357 1933 611 2002 οὐράνιον
662 1936 757 1988 καὶ
800 1934 1104 2007 ἀγγελικὴν
1161 1937 1467 2001 πολιτείαν,
1517 1940 1585 2009 ήν
1636 1940 1799 2001 αὐτὸς

193 2021 394 2088 ἔμελλε
442 2024 784 2091 νομοθετεῖν,
845 2024 922 2088 ὡς
978 2028 1425 2096 προειρήκαμεν.
1495 2026 1557 2079 '0
1612 2025 1800 2096 μέντοι

191 2115 446 2185 Μάρκος,
482 2118 603 2170 ἀντὶ
629 2117 724 2169 τοῦ
757 2117 1050 2172 Βασιλεία
1075 2116 1193 2171 τῶν
1217 2117 1515 2186 οὐραγῶν,
1580 2118 1654 2173 Ἠ
1677 2117 1799 2183 ,βα-

192 2211 401 2263 σιλεία
434 2211 540 2264 τοῦ
581 2210 731 2265 Θεοῦ
763 2207 908 2267 εἶπε.
935 2213 1047 2267 Καὶ
1076 2215 1281 2266 νοεῖται
1314 2212 1420 2276 ἔτι,
1452 2214 1535 2266 ὅτι
1565 2213 1800 2285 ήγγικεν

193 2304 226 2371 ή
256 2301 511 2372 βασιλεία
545 2303 638 2355 τοῦ
668 2304 826 2369 Θεοῦ,
852 2305 940 2360 ἵνα
994 2305 1300 2377 βασιλεύσῃ
1352 2306 1464 2362 τῶν
1507 2307 1801 2360 πιστευόν-

192 2411 303 2447 των
357 2395 479 2447 τῶν
524 2396 623 2463 μὲν
678 2396 786 2467 γάρ
841 2397 1091 2451 ἀπίστων
1142 2397 1306 2467 φύσει
1353 2398 1476 2451 ἐστὶ
1540 2398 1801 2469 βασιλεὺς

195 2486 224 2537 6
254 2485 388 2549 Υίὺς
421 2486 535 2555 (15)
581 2488 675 2540 καὶ
727 2488 937 2554 Λόγος’
976 2487 1088 2541 τῶν
1146 2487 1202 2542 δὲ
1254 2490 1647 2553 πιστευόντων,
1702 2491 1801 2543 καὶ

194 2578 359 2644 φύσει
416 2580 512 2633 καὶ
550 2580 900 2651 προαιρέσει,
928 2580 1202 2646 ἑκουσίως
1238 2581 1554 2653 δεχομένων
1600 2582 1663 2636 τὸ
1706 2582 1799 2636 ὐπ’

191 2670 363 2723 αὑτοῦ
420 2671 829 2740 βασιλεύεσθαι.

264 2764 619 2832 Περιπατῶν
644 2795 716 2806 -
739 2767 925 2831 αὐτῷ.
956 2766 1239 2832 Ματθαῖος
1272 2766 1372 2837 μὲν
1419 2766 1658 2823 ἐνταῦθά
1690 2784 1800 2838 φη·

193 2874 299 2922 σιν,
330 2858 414 2911 ὅτι
486 2859 626 2926 μετά
658 2860 719 2911 τὸ
752 2860 1128 2929 παραδοθῆναι
1158 2860 1251 2913 τὸν
1278 2859 1536 2929 Ἰωάννην
1565 2861 1799 2930 ἠκολού-

192 2950 370 3018 θησαν
403 2946 549 3004 οὗτοι
596 2950 674 3020 τῷ
709 2952 888 3019 Ἰησοῦ
912 2965 928 2980 ⁸
965 2952 993 3004 6
1028 2952 1071 3005 δ’
1109 2951 1509 3022 εὖαγγελιστὴς
1543 2952 1803 3022 Ἰωάννης

192 3044 417 3114 μᾶλλον,
452 3046 533 3098 ὅτι
562 3046 670 3116 πρὸ
699 3043 793 3098 τοῦ
818 3046 1213 3117 παραδοθῆναι.
1248 3046 1361 3101 Καὶ
1390 3045 1671 3110 Ματθαῖος
1698 3046 1801 3118 μὲν

1098 332 1493 395 COMMENT.
1541 286 2152 394 INJMATTIIA‘JUM.
2201 357 2265 367 —
2304 333 2465 393 CAP.
2514 332 2613 393 IV.

3422 338 3525 403 186

2225 447 2403 513 (CAP.
2442 446 2559 517 IV.)
2600 447 2675 501 De
2710 448 2955 502 doctrina
2988 447 3213 507 Christi.

1978 537 2138 594 Vers.
2174 540 2263 592 I7.
2290 540 2373 595 Ex
2423 558 2483 595 eo
2518 552 2761 608 tempore
2788 572 2861 580 —
2893 542 3166 596 caelorum.
3204 543 3333 600 "sec
3385 557 3517 605 ante

1906 630 2245 687 Salvatorem
2269 631 2511 687 Joannes
2538 633 2883 702 prredicavit.
2912 633 3113 704 Incipit
3141 645 3324 690 autem
3355 638 3524 692 etiam

1908 726 2034 781 inde
2077 725 2363 790 Christus,
2397 734 2456 779 ut
2484 725 2743 780 ostendat
2766 727 3103 798 principium
3154 744 3316 782 suum
3348 728 3526 784 fuisse

1906 818 2200 882 Joannem,
2260 828 2317 873 et
2387 834 2741 889 nequaquam
2812 820 2886 873 illi
2954 821 3298 873 contrarium
3372 837 3523 877 esse.

1899 908 2101 981 Operae
2134 910 2373 981 pretium
2411 911 2559 965 enim
2588 920 2729 979 erat,
2777 922 2837 966 ut
2869 911 3111 981 primum
3160 913 3303 966 alius
3336 912 3406 967 de
3458 928 3526 967 eo

1905 1005 2077 1059 ferret
2115 1005 2521 1068 testimonium,
2584 1014 2639 1060 et
2694 1014 2827 1060 tunc
2858 1005 3078 1060 veniret
3112 1005 3254 1075 ipse.
3286 1006 3524 1071 Quidam

1902 1101 2089 1147 autem
2149 1093 2364 1159 dicunt,
2439 1094 2617 1149 videri
2679 1095 2903 1165 quidem
2961 1096 3155 1150 eadem
3226 1098 3526 1166 praedicare

1903 1184 2212 1249 Christum,
2237 1202 2359 1257 quae
2376 1186 2643 1253 Joannes,
2673 1197 2807 1258 puta
2834 1203 2848 1240 :
2875 1187 3212 1256 Resipitcite,
3250 1198 3300 1242 et
3356 1190 3525 1245 instat

1904 1295 2127 1349 regnum
2180 1272 2454 1346 celerum,
2521 1297 2634 1336 non
2692 1290 2879 1336 tamen
2937 1281 3014 1335 ita
3075 1298 3225 1337 esse.
3275 1280 3526 1336 Joannes

1902 1372 2179 1442 siquidem
2229 1373 2369 1428 dixit
2426 1390 2439 1426 :
2492 1373 2865 1445 Resipiscite,
2917 1385 3144 1445 propter
3186 1384 3419 1445 peccata
3469 1375 3524 1428 in

1903 1466 2110 1535 quibus
2135 1465 2474 1522 oﬂ'endistis.
2511 1467 2769 1523 Christus
2804 1484 2937 1523 vero
2966 1490 2977 1523 :
3043 1467 3400 1538 Resipiscite,
3464 1476 3528 1521 ut

1905 1559 2204 1614 transferri
2263 1561 2592 1617 mereamini
2647 1578 2676 1616 a
2712 1562 2887 1617 veteri
2940 1561 3305 1616 Tesmmento
3336 1561 3437 1628 (ee)
3469 1561 3527 1615 in

1902 1668 2131 1707 novum.
2164 1654 2229 1708 Et
2264 1653 2508 1709 Marcum
2539 1670 2639 1725 pro
2674 1664 2821 1709 teste
2850 1654 3161 1715 adducunt,
3189 1652 3283 1725 qui
3311 1652 3467 1707 addit
3505 1666 3520 1705 :

1903 1745 1972 1800 Et
2024 1747 2221 1800 credite
2288 1746 2687 1817 Evangelia".
2746 1746 2811 1803 Et
2870 1745 3141 1809 Joannes,
3234 1746 3520 1816 inquiunt,

1911 1840 2199 1896 Christum
2228 1842 2448 1897 vocavit
2488 1858 2709 1911 regnum
2748 1842 3028 1896 caelorum.
3051 1840 3311 1894 Christus
3338 1848 3525 1893 autem

1904 1935 2187 1989 caelestem
2217 1934 2643 2005 angelicamque
2670 1934 2947 2005 politiam,
2968 1948 3135 2003 quam
3177 1932 3295 2001 ipse
3324 1931 3525 1993 condi-

1906 2034 2065 2080 turus
2094 2036 2235 2092 erat,
2265 2034 2327 2080 ut
2358 2025 2745 2096 praediximus.
2775 2024 2992 2079 Marcus
3020 2038 3156 2078 sane
3207 2038 3309 2093 pro
3344 2021 3526 2092 Regna

1906 2118 2159 2171 calorum
2189 2118 2355 2181 dixit,
2383 2116 2626 2189 Regnum
2654 2116 2752 2171 Dei
2783 2118 2852 2168 ⁷⁸.
2885 2116 3222 2188 lntelligitur
3248 2122 3525 2186 praeterea

1905 2226 2137 2281 regnum
2202 2210 2298 2266 Dei
2332 2211 2568 2275 instare,
2624 2221 2685 2264 ut
2745 2224 2916 2280 super
2972 2208 3271 2264 credentes
3305 2216 3523 2277 regnet.

1904 2300 2187 2373 Siquidem
2242 2303 2656 2358 incredulorum
2682 2311 2882 2357 natura
2912 2300 3025 2355 Rex
3061 2311 3147 2354 est
3181 2299 3363 2354 Filius
3422 2298 3523 2352 Dei

1903 2406 1960 2449 et
2000 2394 2266 2461 Verbum,
2300 2394 2652 2451 credentium
2668 2408 2805 2449 vero
2833 2402 3072 2462 utroque
3102 2391 3291 2453 modo,
3316 2398 3522 2445 natura

1903 2490 2165 2545 videlicet
2200 2499 2256 2545 et
2286 2489 2594 2555 voluntate,
2623 2502 2755 2543 cum
2810 2494 3014 2557 sponte
3060 2483 3524 2558 gubernationem

1904 2579 2025 2647 ejus
2049 2578 2374 2648 suscipiant.

1982 2772 2137 2830 Vers.
2206 2776 2295 2831 I8.
2342 2776 2821 2832 Ambulaus—V.
2858 2776 2953 2832 20.
3024 2773 3195 2829 Eum.
3236 2774 3529 2831 Mattbaaus

1902 2869 2130 2937 quidem
2190 2870 2245 2924 in
2298 2870 2404 2925 hoc
2461 2872 2584 2926 loco
2610 2870 2769 2936 dicit,
2801 2880 3094 2941 postquam
3137 2869 3375 2924 traditus
3434 2879 3528 2923 est

1902 2956 2148 3013 Joannes
2208 2960 2311 3015 hos
2368 2974 2494 3015 esse
2549 2959 2836 3017 Christum
2865 2967 3114 3015 secutos.
3172 2958 3526 3029 Evangelista

1906 3068 2042 3105 vero
2074 3050 2338 3116 Joannes,
2382 3052 2529 3123 quod
2556 3053 2744 3124 potius
2776 3062 3074 3124 antequam
3113 3052 3428 3106 traderetur
3451 3050 3524 3106 "".

191 3133 374 3201 εἶπεν,
409 3138 493 3189 ὅτι
524 3139 617 3191 καὶ
654 3139 1001 3211 ἀμφοτέρους
1033 3141 1062 3193 6
1092 3139 1311 3211 Ἰησοῦς
1347 3139 1613 3194 ἐκάλεσεν
1633 3152 1647 3169 ⁶
1680 3140 1709 3193 6
1739 3140 1794 3194 δὲ

1910 3142 2181 3199 Przeterea
2206 3144 2498 3201 Matthzeus
2530 3146 2733 3201 asserit
2756 3145 2923 3202 simul
2960 3156 3259 3211 utrumque
3292 3157 3526 3198 vocasse

189 3232 469 3301 Ἰωάννης,
502 3232 586 3285 ὅτι
630 3231 721 3284 τὸν
758 3231 859 3302 μὲν
897 3231 1183 3302 Ἀνδρέαν,
1239 3233 1268 3285 6
1310 3230 1546 3302 Ἰησοῦς,
1596 3231 1690 3286 τὸν
1738 3232 1793 3287 δὲ

1910 3236 2140 3304 Iesum;
2203 3237 2458 3293 Joannes
2516 3247 2728 3306 autem,
2783 3237 2930 3309 quod
2960 3235 3525 3305 Andreamquidcm

192 3326 421 3397 Πέτρον,
470 3328 498 3379 6
552 3326 833 3393 Ἀνδρέας.
883 3326 1051 3381 Ὅθεν
1105 3327 1364 3399 φανερὸν,
1417 3329 1503 3382 ὄτι
1560 3329 1798 3401 δευτέρα

192 3418 335 3490 αὕτη
377 3421 410 3491 ἡ
462 3418 655 3491 κλῆσις
702 3416 792 3492 ἦν·
830 3422 937 3475 Καὶ
966 3423 1077 3492 γὰρ
1110 3421 1583 3495 ἀκολουθήσαντες
1620 3424 1795 3495 αὐτῷ’

192 3512 303 3583 πρὸ
324 3513 421 3567 τοῦ
452 3514 826 3589 παραδοθῆναι
849 3514 942 3568 τὸν
976 3514 1261 3585 Ἰωάννην,
1288 3516 1600 3586 ἐπανῆλθον
1630 3517 1797 3570 πάλιν

195 3608 275 3667 είς
308 3606 410 3675 τὴν
434 3605 574 3659 ίδίαν
607 3605 870 3676 πατρίδα,
900 3606 993 3659 καὶ
1017 3605 1117 3675 τὴν
1144 3607 1422 3678 προτέραν
1440 3609 1641 3679 τέχνην
1662 3627 1798 3679 μετ-

192 3698 545 3771 αχειρίζοιντο,
599 3700 696 3753 ἀτε
750 3699 844 3752 τὸν
887 3701 987 3770 μὶν
1016 3699 1283 3771 Ἰωάννην
1317 3700 1523 3764 ἰδόντες
1554 3704 1797 3773 παραδο-

194 3791 379 3855 θέντα,
430 3792 524 3843 τὴν
568 3792 627 3844 δὲ
675 3792 889 3862 Ἰησοῦν
938 3792 1401 3863 ἀναχωρήσαντα.
1455 3795 1662 3849 Λοιπὸν
1705 3790 1800 3849 οὖν

194 3883 224 3934 6
257 3883 512 3953 Χριστὸς,
548 3882 733 3947 ἐνδοὺς
767 3884 958 3949 αὐτοῖς
989 3884 1051 3937 τὸ
1091 3884 1336 3956 πρῶτον,
1372 3883 1597 3957 ἔρχεται
1631 3886 1797 3939 πάλιν

196 3975 643 4045 ἀνακτησάμενος
669 3975 766 4028 καὶ
798 3974 1014 4029 κελεύει
1047 3976 1389 4042 ἀκολουθεῖν,
1426 3976 1537 4045 ἴνα,
1573 3978 1692 4031 ἀνθ’
1720 3972 1797 4033 ὧν

196 4064 341 4136 εἶχον
390 4066 649 4132 δικτύων,
704 4064 963 4132 λαϐόντες
1006 4068 1141 4140 παρ’
1197 4068 1365 4123 αὐτοῦ
1416 4070 1515 4141 τήν
1568 4070 1796 4142 λογικὴν

198 4160 470 4230 σαγήνην,
507 4160 603 4213 καὶ
637 4158 928 4229 βάλλοντες
964 4162 1045 4225 είς
1080 4160 1180 4233 τήν
1207 4161 1488 4217 θάλασσαν
1518 4163 1613 4217 τοῦ
1654 4163 1795 4234 βίου,

196 4256 325 4317 τοὺς
353 4252 682 4324 ἀνθρώπους
714 4256 829 4327 (ιι)
863 4254 1237 4327 θηρεύσωσιν,
1278 4256 1400 4310 ἀντὶ
1430 4256 1541 4311 τῶν
1574 4258 1796 4329 ἰχθύων.

198 4347 403 4400 Σκόπει
462 4346 543 4416 δὲ,
601 4348 720 4411 πῶς
772 4348 980 4412 εὐθέως
1036 4350 1382 4420 ὑπήκουσαν,
1437 4351 1536 4405 καὶ
1581 4354 1803 4424 ἀφῆκαν

196 4439 233 4494 ἃ.
272 4435 437 4510 εἶχον,
473 4439 641 4510 μηδέν
669 4458 721 4494 τι
750 4442 1257 4513 προφασισάμενοι,
1291 4444 1402 4497 Kel
1428 4444 1543 4515 γὰρ
1572 4444 1749 4509 οὕτως
1773 4447 1802 4500 6

198 4532 436 4603 Χριστὸς
484 4531 760 4602 βούλεται,
803 4533 1007 4599 παντὸς
1051 4534 1362 4603 ἀναγκαίου
1406 4538 1691 4608 προτιμᾷν
1736 4538 1800 4591 τὸ

196 4626 513 4679 ἀκολουθεῖν
540 4626 715 4697 αὐτῷ.
741 4626 921 4681 Δεῦτε
948 4628 1027 4695 δὲ,
1068 4628 1267 4683 ὀπίσω
1289 4647 1436 4699 μου,
1470 4626 1648 4698 εἶπεν,
1679 4633 1803 4687 ἀντὶ

196 4717 316 4785 τοῦ,
352 4718 788 4789 ’Δκολουθήσατέ
825 4737 937 4790 μοι.

270 4807 547 4881 [Ἀδελφοὶ
587 4810 700 4882 (15)
748 4809 865 4874 δύο,
914 4811 1181 4880 γεγόνασι
1230 4813 1423 4884 πρώτη
1482 4814 1678 4885 κλῆσις
1718 4819 1800 4891 τῷ

197 4899 443 4972 Χριστῷ,
490 4902 802 4957 διδάσκοντι
844 4904 943 4957 καὶ
994 4904 1086 4957 διά
1128 4904 1325 4959 τούτου
1371 4906 1435 4959 τὸ
1488 4908 1798 4980 προσήκειν

198 4992 508 5061 ἀδάφικῶς
556 4995 960 5061 πολιτεύεσθαι,
1005 4998 1101 5051 καὶ
1132 4998 1345 5068 ἀδελφά
1387 5002 1629 5070 φρονεῖν,
1667 5002 1797 5068 τοὺς

199 5088 676 5161 μαθητευομένους
708 5091 879 5162 αὐτῷ.
907 5090 927 5163 ]

306 5236 350 5267 ⁷³
384 5234 551 5291 Marc.
602 5250 641 5298 ι,
680 5235 770 5290 15.
882 5236 927 5269 ⁷³
962 5237 1099 5293 Ibid.

1212 5239 1259 5271 "
1299 5239 1459 5297 Joatt.
1490 5258 1527 5309 ι,
1570 5242 1642 5300 35
1675 5260 1831 5322 seqq.

1902 3328 2090 3397 Jesus,
2116 3329 2346 3385 Petrum
2383 3346 2515 3386 vero
2540 3330 2797 3387 Andreas
2828 3330 3137 3385 vocaverit.
3160 3326 3320 3383 Unde
3338 3326 3531 3381 mani-

1901 3424 2106 3480 festum
2166 3434 2251 3479 est
2275 3426 2420 3480 hanc
2447 3424 2755 3480 secundam
2781 3423 2957 3480 fuisse
3005 3422 3387 3479 vocationem.
3419 3422 3518 3476 Et-

1904 3516 2055 3573 enim
2095 3532 2221 3573 cum
2258 3533 2383 3572 eum
2420 3518 2595 3572 secuti
2641 3517 2878 3573 fuissent
2907 3525 3039 3571 ante
3066 3513 3302 3570 Joannis
3350 3512 3527 3568 tradi-

1904 3613 2138 3678 tionem,
2180 3626 2401 3666 rursum
2431 3611 2499 3665 ad
2531 3610 2769 3682 patriam
2797 3609 3007 3666 reversi
3039 3619 3191 3676 sunt,
3223 3617 3515 3678 artemque

1905 3706 2147 3776 priorem
2205 3712 2583 3759 exercuerunt
2633 3721 2647 3757 :
2703 3711 2899 3773 utpote
2932 3702 3193 3759 videntes
3250 3700 3527 3757 Joannem

1906 3795 2132 3864 quidem
2198 3794 2463 3850 traditum
2521 3809 2667 3861 esse,
2742 3793 2933 3850 Jesum
3002 3808 3137 3850 vero
3197 3792 3526 3853 secessisse.

1909 3890 2269 3945 Postmodum
2324 3888 2494 3960 igitur
2538 3886 2824 3954 Christus,
2888 3886 3131 3957 primum
3164 3886 3249 3942 eis
3307 3886 3520 3942 factum

1910 3983 2227 4052 ignoscens,
2273 3980 2428 4035 venit
2463 3988 2523 4033 ut
2557 3993 2780 4034 rursum
2832 3992 2934 4033 eos
2962 3984 3299 4048 recuperet:
3338 3970 3526 4047 jubet-

1910 4091 2019 4146 que
2051 4083 2114 4129 ut
2138 4083 2464 4145 sequantur,
2500 4080 2557 4128 et
2590 4087 2690 4143 pro
2716 4071 2931 4126 retibus
2970 4087 3094 4140 qua:
3134 4068 3523 4141 possidebant,

1913 4177 2136 4226 sumant
2193 4169 2263 4224 ab
2307 4184 2374 4224 eo
2405 4168 2732 4223 rationalem
2771 4179 3037 4236 sagenam
3086 4181 3099 4219 :
3158 4171 3214 4218 et
3260 4162 3316 4217 in
3370 4177 3527 4218 mare

1912 4264 2102 4320 saeculi
2138 4264 2450 4328 mittentes,
2481 4276 2583 4331 pro
2625 4260 2874 4331 piscibus
2914 4258 3175 4314 homines
3192 4255 3431 4327 capiant.
3460 4254 3529 4311 Et

1912 4357 2039 4412 vide
2070 4356 2351 4427 quomodo
2381 4355 2593 4417 statim,
2627 4353 2716 4408 his
2744 4368 2870 4423 qua:
2900 4350 3268 4423 possidebant
3316 4346 3530 4402 relictis

1912 4451 2266 4517 obedierunt,
2312 4447 2455 4502 nihil
2512 4446 2966 4518 tergiversantes.
3030 4443 3109 4499 Ita
3173 4456 3373 4512 nempe
3404 4438 3526 4495 vult

1908 4542 2187 4609 Christus,
2235 4550 2297 4599 ut
2344 4540 2524 4597 cuivis
2570 4538 2899 4595 necessitati
2940 4552 3077 4594 suus
3161 4543 3529 4606 praeponatur

1904 4638 2301 4710 discipulatus.
2327 4635 2477 4691 Dixit
2504 4643 2691 4690 autem
2725 4650 2741 4688 :
2772 4633 2953 4690 Venite
2988 4642 3109 4704 post
3144 4648 3252 4696 me,
3282 4630 3392 4685 hoc
3414 4638 3528 4691 est.

1905 4733 2215 4804 Sequimini
2243 4748 2352 4787 me.

1980 4825 2203 4881 Fratres
2236 4825 2486 4892 fuerunt,
2520 4824 2614 4896 qui
2641 4824 2883 4896 primum
2923 4836 2954 4875 a
2991 4820 3219 4875 Christo
3283 4815 3531 4871 docente

1906 4920 2089 4975 vocati
2127 4930 2258 4975 sunt
2291 4938 2305 4976 :
2336 4928 2449 4975 tum
2474 4920 2601 4990 quia
2640 4918 2774 4974 huic
2795 4914 3062 4972 convenit
3088 4912 3339 4967 fraterno
3358 4906 3531 4963 modo

1908 5015 2222 5086 gubernare
2257 5030 2272 5069 :
2302 5023 2417 5069 tum
2432 5015 2563 5085 quia
2589 5013 2838 5069 fraterno
2858 5008 3023 5066 modo
3046 5021 3247 5081 sapere
3269 5009 3527 5077 oporteat

1903 5121 2003 5162 eos
2024 5107 2119 5178 qui
2144 5107 2214 5163 ab
2236 5108 2357 5178 ipso
2380 5107 2675 5163 docentur.

1403 5404 1606 5467 Varim
1636 5408 1950 5475 lectiones
1994 5420 2061 5475 et
2105 5420 2303 5477 notas.

276 5520 389 5662 itii

451 5521 562 5573 Καὶ
591 5520 765 5588 Λόγος
791 5522 820 5573 6
847 5522 995 5586 Υίός.
1039 5524 1104 5579 Α.

419 5590 761 5660 Θηρεύωσιν.
796 5591 854 5646 Β.

1980 5534 2098 5607 (l5)
2126 5534 2343 5593 Inclusa
2373 5536 2426 5592 in
2470 5536 2717 5609 margine
2752 5535 2920 5593 habet
2944 5537 3012 5591 Α.

277 5708 371 5776 (ee)
412 5709 762 5793 Testamento.
798 5710 894 5793 V_ix
941 5723 1150 5793 putem,
1184 5712 1468 5793 duilius}:
1502 5730 1783 5789 repertum

1911 5742 1943 5782 c
1994 5725 2063 5782 ab
2095 5722 2369 5780 IIentenio
2411 5724 2466 5780 in
2492 5722 2707 5780 codice.
2761 5721 2943 5779 Malim
2995 5717 3256 5793 equidem
3292 5712 3516 5773 intelli-

205 5796 329 5853 gere
364 5783 657 5845 πολιτεῖας,
690 5783 832 5850 qttml
872 5785 1033 5852 paulu
1064 5784 1292 5839 inferius
1320 5786 1537 5859 legitur.
