4026 6492
282 345 390 412 189

1175 340 1574 403 COMMENT.
1618 338 1705 401 IN
1747 339 2235 404 MATTIUEUM.
2275 363 2342 376 ··-
2386 325 2548 402 CAP.
2584 339 2654 400 ν.

3486 338 3589 405 190

275 466 484 530 πίστιν,
513 464 590 528 ὥς
627 463 780 535 παρά
801 459 1018 515 πολλῶν
1048 459 1226 515 ἄλλων
1254 459 1521 532 ὕστερονς
1547 459 1694 514 Διύτι
1720 457 1876 514 οὔπω

1993 459 2137 514 ribus
2169 457 2193 512 2
2219 457 2362 526 Quia
2394 458 2641 514 nondum
2681 454 3032 513 manifestam
3065 471 3180 512 sum
3204 459 3468 528 polentia
3497 459 3596 517 do-

285 559 386 628 τῆς
451 556 650 612 ἑαυτοῦ
721 555 1010 626 δυνάμεως
1068 552 1350 619 ἀπόδειξιν
1390 553 1543 624 σαφῆ
1612 552 1870 607 δέδωκεν.

281 653 492 713 Ἄλλως
512 651 627 719 (18)
649 667 708 703 τε
730 648 814 713 δι,
837 648 972 704 αὐτὸ
987 647 1167 710 τοῦτο,
1191 647 1252 701 τὺ
1275 647 1562 722 προσιέναι
1585 646 1683 702 καὶ
1702 659 1877 700 ποοσ-

276 749 456 816 ἀγειν,
486 747 549 798 οὐ
578 747 678 815 τῆς
705 743 982 814 τυχούσης
1008 741 1249 806 πίστεως
1281 739 1373 812 ἦν.

349 839 460 892 Καὶ
485 835 924 905 ἠκολούθησαν
942 864 1012 874 -
1041 833 1233 903 πέραν
1257 833 1365 888 τοῦ
1411 832 1735 902 Ἰορδάνου.
1765 831 1877 886 Καὶ

278 925 382 979 ἀπὸ
411 927 510 980 τοῦ
543 925 710 979 τόπου
753 924 980 997 δηλαδὴ.
1013 923 1110 978 τοῦ
1139 924 1316 997 πέραν
1343 923 1442 978 τοῦ
1471 924 1766 997 Ἰορδάνου.

563 1110 722 1163 ΚΕΦ.
757 1108 821 1163 Ε.
856 1107 997 1178 Περὶ
1023 1106 1146 1162 τῶν
1163 1106 1586 1180 ιιακαρισμῶν.

346 1197 504 1251 Ἰδὼν
531 1226 596 1238 —
624 1197 784 1265 ὅρος.
821 1197 832 1268 |
863 1197 955 1260 Είς
984 1196 1095 1268 (19)
1126 1198 1252 1268 ὅρος
1275 1197 1481 1261 ἀναϐὰς
1505 1197 1722 1263 ἐξέθετο
1751 1199 1879 1262 τοὺς

281 1289 671 1360 μακαρισμοὺς
718 1291 748 1342 ὁ
803 1288 1032 1357 Κύριος,
1081 1289 1353 1344 διδάσκων
1411 1290 1732 1353 κάντεῦθεν,
1794 1292 1877 1345 ὅτι

277 1383 383 1453 χρὴ
429 1383 522 1436 τὸν
574 1379 933 1453 μακαρισμοῦ
986 1383 1171 1451 τυχεῖν
1224 1382 1515 1452 ἐφιέμενον
1567 1383 1879 1454 ἀποστῆναι

276 1477 387 1530 τῶν
455 1475 838 1547 χαμαιζήλων,
915 1477 1013 1530 καὶ
1075 1475 1213 1546 πρὸς
1274 1476 1344 1530 τὰ
1405 1475 1722 1547 ὑψηλότερα
1782 1493 1879 1547 με·

275 1568 689 1642 τεωρισθῆναι.]

349 1663 542 1733 Ἀνέϐη
584 1663 641 1715 δὲ
687 1661 802 1733 (20)
855 1663 936 1726 εἰς
983 1662 1044 1715 τὺ
1077 1662 1204 1732 690;
1232 1663 1294 1716 τὸ
1332 1663 1586 1734 πλησίον,
1629 1664 1746 1732 ἅμα
1780 1665 1880 1733 μὲν

278 1754 548 1810 ἐκκλίνων
589 1757 714 1819 τοὺς
755 1757 814 1808 ιν
844 1756 998 1826 μέσῳ
1042 1755 1332 1826 θορύϐους,
1371 1757 1488 1825 ἅμα
1517 1756 1576 1808 δὲ
1607 1757 1703 1808 καὶ
1736 1756 1876 1808 ἀπε-

1981 547 2442 603 monstrationem
2491 548 2716 604 dederat
2751 568 2763 600 :
2805 548 3025 616 alioque
3073 549 3241 603 modo
3283 548 3429 604 idem
3461 565 3596 620 proo

1980 639 2185 696 ducere
2218 650 2274 696 et
2301 641 2568 696 adhibere
2609 648 2843 711 poterat,
2881 640 2987 696 fide
3040 642 3210 696 etiam
3261 657 3373 696 non
3432 657 3598 699 acce—

1982 732 2170 788 dente.

2067 829 2221 888 Vcrs.
2280 830 2372 884 25.
2431 829 2503 884 Et
2554 838 2748 884 secuta:
2789 857 2859 870 --
2895 838 3046 882 trans
3102 829 3396 884 Iordanem
3453 833 3596 886 sitis.

1983 928 2168 998 Πέραν
2197 922 2292 977 τοῦ
2317 921 2613 993 Ἰορδάνου,
2637 921 2804 976 etiam
2845 921 3103 977 videlicet
3131 937 3162 976 α
3196 923 3421 995 regione
3471 940 3597 996 quae

1982 1021 2088 1076 sita
2123 1029 2240 1075 erat
2263 1028 2418 1074 trans
2442 1014 2766 1072 Iordanem.

2325 1110 2482 1166 CAP.
2521 1110 2581 1166 V.
2623 1111 2700 1166 De
2729 1110 3176 1166 beatitudinibus.

2055 1209 2190 1280 Cap.
2223 1205 2291 1271 ν,
2331 1221 2477 1260 vers.
2523 1205 2575 1259 l.
2610 1204 2741 1260 Cum
2783 1205 2996 1260 vidisset
3028 1235 3100 1244 —
3135 1213 3392 1259 montem.
3448 1203 3488 1274 -ι-
3537 1202 3598 1257 In

1984 1313 2174 1358 monte
2223 1298 2593 1354 beatitudines
2652 1299 2909 1367 exposuit
2968 1297 3254 1364 Dominus,
3290 1299 3496 1354 docens
3529 1313 3598 1353 ex

1984 1396 2090 1451 hoc
2128 1401 2386 1462 oportere
2428 1388 2747 1460 cupientem
2796 1391 3068 1461 attingere
3109 1391 3532 1454 beatitudinem,
3567 1406 3599 1444 a

1985 1486 2264 1559 depressis
2330 1482 2480 1538 humi
2555 1483 2722 1539 rebus
2781 1484 3054 1549 abstrahi,
3109 1494 3166 1540 et
3218 1486 3284 1540 ad
3343 1487 3599 1540 sublimia

1985 1581 2209 1638 elevari.

2059 1676 2118 1728 ln
2167 1681 2410 1728 montem
2471 1671 2784 1740 proximum
2825 1668 3110 1731 ascendit,
3157 1669 3322 1723 simul
3374 1669 3598 1737 quidem

1986 1768 2274 1828 tumultus,
2310 1765 2405 1836 qui
2437 1765 2490 1818 in
2521 1765 2631 1819 imo
2653 1773 2814 1818 erant
2857 1763 3146 1818 declinans
3181 1781 3194 1829 ;
3233 1763 3396 1816 simul
3432 1763 3599 1817 etiam

279 1847 581 1917 ρίσπαστον
617 1847 716 1918 τὴν
750 1847 1108 1901 διδασκαλίαν
1140 1847 1483 1917 ποιήσασθαι
1522 1847 1874 1918 βουλόμενος.

1993 1861 2191 1930 absque-
2233 1859 2340 1913 ulla
2397 1857 2758 1912 distractione
2808 1857 3012 1911 docere
3067 1855 3322 1925 cupiens.
3379 1853 3601 1910 Transit

277 1940 498 2010 Μετιϐη
539 1942 650 2009 γὰρ
691 1940 799 1994 ἀπὸ
834 1940 933 2008 τῆς
968 1939 1272 2009 θεραπείας
1312 1939 1420 1992 τῶν
1464 1941 1737 2007 σωμάτων
1780 1939 1875 1992 ἐπὶ

274 2034 376 2102 τὴν
404 2033 652 2102 ἰατρείαν
681 2032 790 2085 τῶν
818 2032 1025 2101 ψυχῶν.
1062 2032 1221 2086 Οὕτω
1246 2032 1356 2103 γὰρ
1387 2033 1476 2087 ἀεὶ
1511 2033 1680 2087 ποιῶν
1705 2032 1877 2086 διετέ-

281 2131 392 2199 λει,
427 2133 778 2202 μεταϐαίνων
809 2131 904 2187 ἀπ’
934 2131 1151 2200 ἐκείνης
1182 2131 1276 2182 ἐπὶ
1311 2128 1550 2201 ταύτην,
1589 2131 1685 2182 καὶ
1717 2130 1875 2192 αὖθις

275 2228 386 2282 ἀπὸ
417 2228 623 2296 ταύτης
655 2226 742 2278 ἐπ’
781 2225 1024 2293 ἐκείνην,
1062 2225 1158 2278 καὶ
1201 2225 1460 2296 ποικίλην
1496 2225 1876 2295 παρεχόμενος

277 2327 380 2394 τὴν
413 2323 704 2391 ὠφέλειαν.

349 2416 460 2470 Καὶ
497 2415 863 2478 καθίσαντος
900 2443 970 2454 -
1005 2413 1218 2468 αὐτοῦ.
1263 2411 1606 2482 Συνανῆλοον
1647 2412 1746 2481 μὲν
1781 2411 1877 2464 καὶ

277 2509 324 2560 οἱ
361 2508 531 2578 ὄχλοι,
580 2506 891 2576 προσῆλθον
923 2507 979 2559 δὲ
1013 2507 1062 2558 οἱ
1115 2505 1381 2575 μαθηταὶ,
1415 2504 1491 2568 ὡς
1539 2505 1876 2574 οἰκειότερον

278 2600 430 2671 αὐτῷ
491 2601 869 2670 διακείμενοι,
932 2599 1183 2661 θέλοντες
1237 2598 1560 2669 διδαχθῆναί
1624 2617 1676 2652 τι
1741 2597 1875 2669 παρ’

280 2694 470 2749 αὑτοῦ.

350 2787 457 2842 Καὶ
486 2787 741 2852 ἀνοίξας
779 2817 848 2827 —-
866 2786 1191 2840 ἐδίδασκεν
1211 2786 1459 2850 αὐτούς.
1500 2787 1658 2848 Τίνος
1686 2785 1876 2839 ἕνεκεν

278 2878 456 2945 εἶπεν,
484 2882 568 2935 ὅτι
625 2881 722 2934 καὶ
780 2882 1000 2945 ἀνοίξας
1029 2881 1090 2932 τὸ
1124 2881 1300 2949 στόμα
1353 2877 1561 2944 αὑτοῦ;
1591 2878 1738 2931 Διότι
1764 2878 1879 2947 {ut

282 2977 359 3045 μὴ
393 2977 628 3042 ἀνοίγων
657 2975 792 3028 αὐτὸ
821 2975 1103 3028 ἐδίδασκεν
1134 2974 1356 3036 αὐτοὺς,
1390 2973 1484 3040 ἀφ’
1510 2967 1877 3044 ὦνζεπραττε.

282 3069 425 3135 Πρὸς
465 3068 565 3139 μὲν
595 3065 689 3122 οὖν
720 3068 847 3130 τοὺς
887 3066 1142 3137 μαθητὰς
1175 3065 1458 3119 ἀποτείνει
1503 3065 1634 3128 τοὺς
1657 3066 1874 3133 λόγους,

284 3163 374 3214 ἵνα
426 3160 745 3230 ἀνεπαχθὴς
790 3159 916 3230 δόξῃ
957 3162 1072 3222 τοῖς
1103 3158 1310 3229 ὄχλοις,
1348 3159 1563 3222 κοινοὺς
1589 3160 1646 3212 δὲ
1674 3159 1878 3222 αὐτοὺς

283 3253 523 3306 ποιεῖται
561 3251 698 3320 πρὸς
753 3252 965 3314 πάντας
994 3250 1328 3322 ἀνθρώπους
1370 3254 1463 3304 καὶ
1519 3250 1873 3313 καθολικούς.

350 3345 556 3415 Aerior
594 3374 658 3384 ——
703 3344 1004 3411 οὐρανῶν.
1054 3347 1172 3399 Οὐκ
1221 3341 1400 3411 εἶπεν,
1452 3347 1501 3397 οί
1526 3345 1736 3414 πτωχοὶ
1760 3346 1876 3407 τοῖς

284 3442 589 3510 χρήμασιν,
610 3438 725 3490 ἀλλ’
754 3440 802 3490 οἱ
821 3443 1027 3508 πτωχοὶ
1054 3437 1130 3508 τῷ
1160 3438 1466 3508 πνεύματι·
1501 3439 1787 3490 τουτέστιν
1822 3437 1874 3490 οἱ

284 3531 539 3584 ταπεινοὶ
564 3533 632 3601 τῇ
671 3529 782 3599 (9.1)
825 3531 1150 3601 προαιρέσει
1179 3532 1274 3583 καὶ
1304 3533 1368 3600 τῇ
1391 3530 1560 3601 ψυχῇ,
1581 3531 1760 3585 ταῦτα
1780 3529 1877 3583 νῦν

281 3623 505 3694 πνεῦμα
553 3624 853 3693 ὀνομάσας.
882 3622 957 3676 Οὐ
997 3623 1108 3693 γὰρ
1138 3624 1166 3676 ὁ
1197 3625 1263 3676 ἐκ
1315 3623 1699 3694 περιστάσεώς
1727 3637 1878 3687 τινος

281 3719 562 3783 ταπεινὸς,
623 3713 779 3781 οὗτος
811 3717 1178 3788 μακαριστὸς,
1207 3718 1345 3772 διότι
1375 3718 1534 3772 οὐδὲν
1566 3718 1675 3771 τῶν
1703 3719 1878 3789 ἀπρο-

283 3811 522 3882 αιρέτων
573 3811 941 3880 μακαριστόν.
999 3811 1159 3864 Πᾶσα
1208 3812 1317 3881 γὰρ
1345 3811 1517 3881 ἀρετὴ
1538 3811 1618 3880 τῷ
1641 3812 1878 3879 ἑκουσίῳ

281 3904 774 3975 χαρακτηρίζεται.
829 3903 1054 3974 Πτωχδν
1082 3903 1139 3956 δὲ
1190 3903 1451 3966 ἐνταῦθα,
1495 3905 1588 3957 τὸν
1616 3903 1878 3957 ταπεινὸν

280 3999 543 4051 ἐκάλεσεν
579 3997 687 4050 ἀπὸ
721 3997 815 4050 τοῦ
867 3995 1332 4066 κατεπτηχέναι,
1373 3998 1399 4050 ὃ
1438 3999 1555 4050 ἐστι
1612 3998 1878 4068 πεφοϐῆ-

280 4090 443 4141 σθαι.
484 4087 544 4139 '0
575 4086 684 4156 γὰρ
720 4087 1104 4155 ταπεινόφρων
1145 4087 1234 4138 ἀεὶ
1298 4087 1546 4155 φοϐεῖται
1582 4087 1674 4140 τὸν
1719 4088 1876 4150 Θεὸν,

281 4179 355 4240 ὼς
391 4179 668 4248 μηδέποτε
722 4178 1106 4248 εὐαρεστήσας
1133 4177 1307 4246 αὐτῷ.
1350 4180 1551 4234 Σκόπει
1586 4181 1662 4244 δὲ,
1695 4183 1879 4235 ὁποῖον

282 4272 540 4341 θεμέλιον
575 4272 676 4341 τῆς
728 4271 1089 4336 διδασκαλίας
1117 4271 1473 4327 κατεϐάλετο.
1517 4275 1673 4328 Ἐπεὶ
1710 4275 1877 4345 γὰρὴ

284 4364 712 4435 ὑψηλοφροσύνη
757 4365 849 4416 τόν
877 4382 934 4417 τε
991 4365 1246 4419 διάϐολον
1289 4367 1582 4430 κατέϐαλε,
1630 4369 1726 4422 καὶ
1787 4371 1878 4423 τὸν

285 4455 723 4525 πρωτόπλαστον
752 4454 1030 4520 ἐξέϐαλεν,
1052 4456 1308 4527 οἰηθέντα
1327 4457 1460 4510 Θεὸν
1486 4457 1706 4511 ἔσεσθαι
1739 4462 1879 4529 μετά

1981 1952 2129 2007 enim
2167 1967 2195 2004 a
2230 1966 2362 2005 cura
2414 1964 2713 2020 corporum
2746 1950 2812 2002 ad
2870 1964 3059 2003 curam
3090 1948 3426 2002 animarum.
3460 1947 3597 2003 Nam

1979 2050 2052 2103 ita
2100 2062 2322 2117 semper
2376 2045 2445 2100 ab
2494 2045 2582 2100 illa
2648 2045 2846 2098 transit
2882 2044 2947 2097 ad
3003 2044 3187 2103 istam,
3225 2053 3281 2096 et
3306 2059 3498 2098 rursus
3531 2044 3601 2097 ab

1984 2147 2086 2200 hac
2116 2145 2180 2199 ad
2229 2143 2400 2206 illam,
2437 2151 2498 2196 ut
2528 2140 2738 2194 variam
2761 2148 2986 2210 prestat
3016 2138 3328 2193 utilitatem.

2053 2319 2211 2377 Yers.
2253 2321 2307 2375 1.
2338 2316 2577 2388 Cumque
2597 2319 2815 2372 sedisset
2845 2343 2916 2357 —
2945 2315 3134 2385 ipsius.
3162 2313 3337 2369 Simul
3365 2312 3592 2382 quidem

1980 2417 2156 2472 turbae
2207 2414 2601 2477 ascenderunt,
2652 2411 2911 2481 discipuli
2978 2419 3164 2464 autem
3211 2417 3597 2468 accesserunt,

1983 2518 2240 2579 tanquam
2269 2505 2597 2561 tamiliarius
2644 2518 2772 2575 erga
2814 2517 2942 2559 eum
2974 2500 3181 2565 atl‘ecti,
3224 2510 3278 2555 et
3310 2498 3598 2569 quippiam

1982 2603 2051 2658 ab
2076 2617 2142 2657 eo
2170 2601 2388 2656 discere
2410 2597 2720 2668 cupientes.

2053 2782 2214 2837 Vers.
2246 2781 2302 2834 Ξ.
2330 2781 2398 2835 Et
2423 2788 2606 2848 aperto
2630 2805 2701 2816 -—-—
2731 2775 2957 2829 docebat
2989 2791 3095 2828 eos.
3133 2771 3308 2840 Quam
3341 2772 3411 2826 ob
3451 2785 3587 2826 cau-

1979 2891 2096 2930 sam
2130 2875 2281 2935 dicit,
2308 2872 2453 2942 quod
2500 2888 2563 2925 os
2593 2884 2754 2923 suum
2817 2866 3084 2937 aperuit?
3114 2864 3252 2930 Quia
3284 2864 3450 2918 etiam
3483 2879 3596 2917 non

1980 2977 2172 3037 aperto
2194 2981 2289 3020 ore
2313 2963 2550 3021 docebat
2579 2978 2674 3017 eos
2705 2961 2986 3031 operibus.
3015 2960 3096 3014 Ad
3125 2957 3434 3040 discipulos
3467 2960 3596 3027 qui-

1980 3063 2103 3116 dem
2130 3058 2314 3130 dirigit
2351 3072 2691 3119 sermonem,
2724 3071 2795 3109 ne
2825 3054 3001 3109 turbis
3033 3052 3299 3107 molestus
3329 3066 3453 3106 esse
3506 3049 3599 3104 vi-

1983 3153 2198 3217 deatur,
2234 3149 2608 3205 communiter
2641 3158 2825 3202 tamen
2858 3147 3012 3202 illum
3060 3143 3322 3218 proponit
3369 3142 3437 3197 ad
3473 3143 3601 3197 uni-

1933 3242 1946 3262 ‘
1985 3260 2173 3300 versos
2196 3259 2261 3299 ac
2287 3242 2531 3314 singulos
2575 3241 2859 3295 homines.

2052 3337 2207 3393 Vere.
2236 3336 2290 3391 ‘5.
2323 3335 2516 3389 Diccns
2547 3364 2620 3373 ——
2655 3332 2928 3388 caelorum.
2969 3331 3094 3386 Non
3128 3327 3285 3392 dixit,
3326 3339 3601 3397 pauperes

1979 3432 2447 3504 possessionibus,
2475 3432 2571 3486 sed
2601 3428 2871 3495 Pauperes
2897 3427 3112 3490 spiritu,
3144 3425 3251 3479 hoc
3290 3432 3396 3486 est,
3429 3420 3607 3478 humi-

1980 3532 2055 3584 les
2092 3528 2277 3582 animo
2319 3542 2385 3580 ac
2423 3526 2750 3587 voluntate;
2789 3523 3037 3576 animum
3069 3536 3314 3592 namque
3350 3518 3602 3588 πνεῦμα,

1981 3622 2032 3680 id
2069 3630 2173 3686 est,
2210 3623 2458 3690 spiritum
2509 3618 2836 3672 nominavit.
2867 3614 3059 3685 Neque
3106 3615 3256 3669 enim
3291 3613 3384 3683 qui
3419 3612 3597 3667 infor-

1985 3714 2143 3769 tunio
2178 3715 2375 3782 quovis
2416 3711 2763 3774 humiliatur,
2792 3708 2882 3762 hic
2915 3707 3112 3761 beatus
3147 3713 3253 3770 est,
3295 3704 3422 3775 quia
3459 3704 3600 3758 nihil

1981 3807 2126 3877 quod
2189 3803 2623 3860 involuntarium
2686 3812 2792 3867 est,
2829 3798 3136 3856 beatiﬁcat.
3193 3797 3389 3852 Omnis
3448 3797 3599 3852 enim

1979 3899 2154 3954 virtus
2185 3915 2282 3967 per
2303 3897 2354 3951 id
2412 3898 2557 3966 quod
2603 3893 2976 3948 voluntarium
3005 3901 3112 3957 est,
3139 3890 3476 3960 imprimitur
3498 3890 3604 3959 (Π).

1980 3990 2284 4061 Paupcrem
2311 4000 2494 4044 autem
2543 3990 2636 4044 hic
2681 3987 2900 4043 vocavit
2948 3985 3137 4040 animo
3189 3983 3481 4049 humilem,
3541 3992 3604 4038 ut

1980 4087 2218 4154 πτωχὸς,
2252 4085 2305 4139 id
2339 4093 2442 4148 est,
2475 4098 2706 4154 pauper,
2741 4082 2960 4137 dicatur
3013 4079 3123 4135 ἀπὸ
3158 4077 3249 4133 τοῦ
3308 4094 3598 4147 πατεπτη-

1981 4184 2157 4254 χέναι,
2191 4182 2336 4251 quod
2375 4190 2457 4237 est
2486 4183 2722 4236 timuisse
2764 4181 2882 4236 sive
2926 4178 3173 4234 territum
3232 4193 3358 4230 esse.
3409 4175 3601 4247 Siqui—

1979 4273 2105 4327 dem
2139 4271 2364 4325 humilis
2413 4279 2509 4324 aut
2559 4270 2844 4324 modestus
2885 4269 3095 4332 animo,
3153 4266 3325 4320 Deum
3372 4279 3600 4334 semper

1983 4369 2160 4429 timet,
2196 4376 2456 4435 tanquam
2479 4364 2571 4434 qui
2607 4363 2743 4417 nihil
2780 4378 3019 4433 unquam
3049 4362 3201 4431 juxta
3247 4359 3394 4414 illius
3425 4359 3598 4414 bene-

1982 4460 2244 4531 placitum
2293 4458 2592 4528 peregerit.
2654 4457 2959 4513 Considera
3005 4471 3156 4519 vero,
3202 4455 3364 4524 quale
3402 4453 3601 4507 funda-

280 4549 382 4617 τὴν
410 4546 508 4600 τοῦ
540 4546 702 4612 ξύλου
729 4545 955 4617 βρῶσιν,
997 4547 1095 4600 καὶ
1152 4548 1280 4620 ῥίζα
1315 4551 1404 4601 καὶ
1441 4551 1592 4620 πηγὴ
1623 4551 1734 4603 τῶν
1774 4570 1873 4606 κα-

1993 4565 2230 4609 mcntum
2251 4555 2518 4609 doctrina:
2542 4570 2655 4609 suae
2684 4550 3182 4616 substernat.Quia
3213 4549 3362 4604 enim
3404 4565 3604 4618 super-

282 4639 398 4692 κῶν
422 4641 682 4693 ἀπάντων
714 4639 944 4707 γέγονεν
972 4638 1138 4709 αὕτη,
1185 4641 1483 4694 ἀντίπαλον
1525 4643 1665 4711 αὐτῇ
1702 4661 1874 4696 κατα-

284 4734 550 4796 σκευάζει
583 4734 900 4805 φάρμακον,
921 4737 1022 4806 τὴν
1046 4735 1581 4807 ταπεινοφροσύνην,
1606 4739 1699 4790 καὶ
1717 4738 1879 4808 ῥίζαν

277 4829 488 4897 ταύτην
545 4831 640 4882 καὶ
696 4831 941 4900 κρηπῖδα
993 4829 1104 4884 τῶν
1165 4832 1379 4902 ἀρετῶν
1403 4831 1749 4903 ὑποτίθησιν,
1810 4827 1880 4903 ἦς

287 4922 740 4995 ύποσπαςθείσης
780 4926 995 4977 ᾶπαντα
1023 4925 1212 4990 τᾶλλα,
1240 4925 1334 4978 καὶ
1376 4925 1424 4976 εἰ
1459 4940 1623 4996 μεχρι
1659 4924 1755 4979 τοῦ
1783 4925 1877 4979 ού-

285 5013 446 5084 ρανοῦ
476 5013 794 5083 φθάνουσιν,
848 5016 1222 5088 ὑποσύρονται
1260 5016 1354 5070 καὶ
1408 5017 1876 5083 καταπίπτουσιν,

279 5110 355 5171 ὡς
381 5109 476 5162 ὲπί
504 5106 598 5160 τοῦ
629 5110 957 5179 Φαρισαίου.

1987 4649 2074 4703 hia
2119 4648 2398 4703 diabolqu
2437 4648 2685 4717 dejecit;
2718 4662 2781 4701 ac
2833 4645 3260 4713 protoplastum,
3311 4652 3598 4712 putantem

1987 4746 2134 4815 quod
2199 4754 2489 4814 postquam
2522 4745 2587 4798 de
2626 4743 2772 4814 ligno
2823 4742 3181 4804 comedisset,
3221 4738 3369 4793 Deus
3417 4737 3596 4801 ﬁeret,

1987 4835 2252 4893 continuo
2278 4839 2575 4907 prostravit
2602 4855 2616 4903 ;
2657 4836 2918 4905 radixque
2947 4843 3004 4888 et
3026 4833 3148 4888 fons
3174 4831 3424 4887 omnium
3455 4828 3599 4883 facta

1988 4940 2071 4986 cst
2113 4933 2383 4985 malorum
2421 4949 2434 4997 ;
2481 4930 2823 4985 contrarium
2876 4927 2981 4998 ipsi
3025 4933 3301 4996 praeparat
3337 4924 3598 4994 pharma—

1985 5038 2137 5088 cum,
2190 5022 2360 5077 animi
2406 5021 2664 5077 videlicet
2712 5021 3058 5084 modestiam,
3088 5030 3143 5074 et
3171 5019 3316 5073 hanc
3355 5016 3599 5070 radicem

1985 5131 2052 5172 ac
2080 5117 2499 5171 fundamentum
2531 5115 2800 5170 subslruit
2825 5114 3093 5169 virtutum
3129 5130 3143 5179 ;
3191 5128 3300 5182 quo
3352 5111 3595 5179 dt-jccto,

280 5204 488 5275 reliqua
519 5204 700 5259 omnia
733 5205 896 5260 etiam
934 5205 978 5259 si
1006 5205 1072 5260 ad
1105 5205 1306 5262 coelum
1357 5221 1530 5276 usque
1562 5207 1897 5277 pertingant,
1972 5210 2343 5266 detrahuntur
2367 5225 2432 5266 ac
2457 5210 2741 5278 decidunt,
2779 5209 3245 5281 quemadmodum
3301 5208 3357 5261 in
3407 5205 3602 5260 l‘ltari-

281 5318 395 5359 SIBO
428 5313 712 5359 ostensum
747 5313 852 5360 85L

1448 5445 1650 5506 Vat-ire
1694 5443 2002 5508 lectiones
2046 5454 2105 5507 et
2146 5453 2338 5508 notae.

359 5593 469 5662 (l8)
500 5591 557 5646 In
587 5594 669 5648 his
704 5610 928 5663 prorsus
962 5597 1218 5650 abhorret
1253 5597 1429 5652 rersio
1467 5595 1746 5652 Ilcntcnii.

359 5665 470 5732 (l9)
501 5664 715 5721 Inclusa
745 5668 798 5721 in
832 5670 1074 5740 margine
1109 5669 1275 5724 habet
1299 5675 1364 5724 Δ.

2065 5597 2175 5666 (9.0)
2209 5596 2275 5650 Δέ
2315 5598 2471 5652 abest
2498 5597 2561 5650 Α.

2067 5669 2180 5740 (9.1)
2213 5671 2293 5740 Τῇ
2322 5669 2468 5739 ψυχῇ
2514 5669 2606 5721 καὶ
2742 5666 3060 5738 προαιρέσει
3081 5668 3148 5726 Α.

357 5825 445 5900 (β’)
484 5823 843 5896 Imprimittu'.
899 5825 1171 5896 Nascitur,
1216 5830 1478 5902 signatur.
1527 5829 1994 5902 X19axtr,;.i§::v,
2032 5841 2209 5886 notum
2241 5849 2313 5884 ret
2341 5830 2662 5900 imprimere,
2700 5833 2932 5902 signare.
