4026 6502
478 347 573 414 101

1734 328 2116 393 EU'I‘IIYMII
2157 330 2518 388 ZIG.\BEN[

3619 318 3729 386 192

544 457 738 525 Aptum
781 465 998 520 quoque
1052 447 1330 519 praemium
1384 444 1511 497 huic
1556 441 1911 510 rependitur:
1946 453 2040 504 pro

2218 436 2570 505 Κατάλλτρον
2604 437 2682 496 δὲ,
2718 440 2812 488 καὶ
2846 435 2905 487 τὸ
2926 435 3128 504 ταύτης
3161 431 3578 487 ἔπαο>.ον.“Δντὶ
3611 451 3728 501 γαρ

474 559 715 598 extrema
782 543 1032 596 videlicet
1099 537 1407 606 abjeetioue
1455 549 1700 588 summus
1760 532 1954 591 honor,
1989 539 2044 582 et

475 652 582 704 quo
612 633 790 686 nullus
825 641 994 704 major
1033 629 1256 698 reperiri
1288 635 1487 695 potest.
1525 625 1624 680 Per
1681 624 1900 676 modum
1949 639 2045 676 au-

477 736 585 778 tem
633 724 1024 778 beatitudinum
1077 727 1344 789 praecepta
1397 719 1508 771 haec
1543 716 1777 779 induxit,
1811 713 2044 766 invidio—

479 832 600 869 sum
659 815 905 868 tlevitans
961 826 1292 865 sermonem.
1341 809 1636 878 Oportebat
1688 808 1830 860 enim
1881 814 1942 858 ut
1989 805 2041 856 in

477 908 740 975 principio
772 914 1054 958 mansuete
1075 919 1199 966 cum
1238 903 1668 971 eisloqueretur,
1707 909 1762 952 et
1801 900 1874 950 ita
1907 912 2044 966 pau-

475 997 623 1052 latim
649 996 714 1049 ad
753 996 1175 1064 praecipiendum
1211 993 1509 1047 deieuiret.

545 1088 716 1153 Quam
771 1087 841 1142 ob
875 1101 1094 1142 causam
1146 1084 1283 1139 dixit
1333 1097 1632 1152 pauperes.
1688 1089 1742 1135 et
1794 1096 1900 1135 non
1944 1081 2045 1134 bu.

477 1182 633 1235 miles
659 1180 681 1231 ?
705 1179 840 1244 Quia
873 1192 1164 1247 pauperem
1202 1191 1323 1231 esse
1352 1176 1470 1244 plus
1514 1181 1615 1237 est,
1649 1189 1810 1242 quam
1861 1172 2043 1226 humi-

476 1273 581 1326 lem
613 1287 754 1326 esse.
820 1269 959 1324 Sunt
1000 1269 1143 1324 enim
1176 1266 1307 1322 varii
1351 1265 1673 1320 humilitatis
1722 1263 1866 1317 modi
1901 1279 1916 1315 :
1954 1261 2044 1316 hic

476 1359 690 1428 quidem
725 1357 1070 1412 mediocriter
1101 1357 1287 1411 animo
1315 1354 1596 1408 modestus
1644 1361 1746 1416 est,
1775 1352 1864 1405 ille
1914 1367 2045 1405 vero

476 1464 598 1502 cum
634 1447 988 1511 excellentia;
1023 1461 1182 1515 quam
1235 1444 1598 1499 humilitatem
1652 1445 1816 1496 etiam
1874 1442 2044 1497 David

474 1539 839 1601 commendat,
892 1537 1080 1592 dicens
1114 1553 1126 1589 :
1176 1535 1281 1591 Cor
1322 1536 1598 1589 contritum
1631 1543 1679 1586 et
1709 1532 2046 1586 Immitiatum

474 1630 614 1684 Deus
639 1648 741 1684 non
768 1631 1016 1699 despicies
1042 1630 1109 1683 ⁸⁸.

553 1723 704 1777 V'ers.
753 1723 804 1776 4.
858 1722 1011 1776 Βεαιί
1040 1753 1108 1763 -
1134 1720 1543 1774 consolatione»:
1595 1721 1870 1788 accipient.
1907 1717 2042 1783 Quia

2148 529 2246 596 τῆς
2279 529 2452 598 ἄκρας
2473 529 2724 597 ἀτιμίας,
2756 528 2904 598 ἄκρα
2937 529 3089 597 τιμὴ.
3126 530 3220 579 καὶ
3243 528 3342 578 οὑκ
3371 525 3519 578 ἔστιν
3542 525 3730 593 εὑρεῖν

2151 619 2428 672 ἐπέκεινα.
2500 620 2586 670 Ἐν
2627 620 2777 684 τάξει
2830 620 2886 672 δὲ
2938 617 3295 688 μακαρισμοῦ
3343 618 3441 678 τὰς
3505 615 3732 678 ἐντολὰς

2149 708 2356 770 ταύτας
2385 710 2703 776 εἰσήγαγεν,
2738 709 3216 778 ἀνεπαχθέστερον
3236 709 3327 760 τὸν
3353 707 3511 774 λόγον
3532 707 3732 760 ποιῶν.

2156 801 2426 868 Ἐδειγάρ
2450 802 2506 852 ὲν
2537 803 2678 870 ἀρχῇ
2713 801 3019 872 πραότερον
3065 803 3249 863 αὑτοῖς
3309 800 3592 870 ὁμιλῆσαι,
3631 813 3732 852 και

2151 891 2323 953 οὕτως
2352 892 2536 962 ἠρέμα
2573 893 2894 964 προϐαίνειν
2915 893 2994 956 είς
3018 894 3078 943 τὸ
3095 893 3439 947 ἐπιτάττειν.

2221 1071 2379 1134 Τίνος
2403 1088 2591 1126 ενεκεν
2633 1072 2747 1142 (2‘2)
2781 1072 2881 1125 οὑκ
2915 1071 3090 1134 εἶπεν,
3126 1073 3189 1125 Oi
3213 1073 3482 1136 ταπεινοὶ,
3506 1070 3624 1122 ἀλλ’
3665 1073 3735 1123 Ol

2152 1164 2379 1231 πτωχοί
2389 1181 2408 1228 ;
2447 1165 2568 1216 Ὀτι
2617 1164 2776 1218 τοῦτο
2806 1166 3019 1217 ἐκείνου
3046 1164 3227 1217 πλέον.
3265 1164 3375 1216 Καὶ
3399 1166 3507 1232 γάρ
3542 1162 3736 1215 πολλοὶ

2151 1257 2248 1322 τῆς
2275 1256 2778 1326 ταπεινοφροσύνης
2812 1258 2861 1307 οἱ
2911 1257 3124 1325 τρόποι.
3176 1255 3282 1307 Καὶ
3310 1256 3339 1306 6
3369 1255 3470 1323 μέν
3492 1257 3610 1306 ἐστι
3634 1271 3738 1305 ἐα-

2154 1347 2337 1409 πεινὸς
2384 1348 2710 1416 συμμέτρως
2739 1364 2751 1377 ·
2782 1347 2889 1400 όδὲ
2953 1347 3074 1416 μεθ’
3125 1347 3432 1416 ὑπερῦολῆς
3483 1346 3731 1415 ἁπάσης.

2153 1437 2371 1505 Ταύτην
2413 1441 2507 1491 καὶ
2542 1440 2570 1490 6
2601 1439 2871 1508 μακάριος
2893 1438 3056 1490 Δαυῒδ
3089 1441 3303 1491 ἐπαινεῖ
3323 1438 3502 1505 λέγων
3535 1453 3548 1465 ·
3577 1441 3735 1503 Καρ-

2151 1527 2288 1579 δίαν
2313 1528 2830 1597 συντετριμμένην
2857 1531 2953 1579 καί
2992 1527 3508 1597 τεταπεινωμένην
3529 1530 3562 1581 ό
3585 1527 3738 1591 Θεὸς

2151 1621 2260 1672 οὐκ
2285 1619 2698 1682 ἐξουδενώσει.

2222 1708 2512 1776 Μακάριοι
2541 1739 2611 1749 —-
2660 1709 3260 1777 παρακληθήσονται.
3314 1709 3467 1760 Ἐπεὶ
3529 1709 3738 1771 πάντες

475 1829 668 1868 omnes
701 1814 963 1882 putabant
994 1829 1089 1868 eos
1116 1829 1236 1868 esse
1273 1814 1482 1876 beatos,
1515 1814 1606 1882 qui
1642 1814 1694 1866 in
1724 1812 1920 1884 gaudio
1953 1827 2042 1864 es-

2159 1801 2538 1870 ΰπελάμὸαντν
2573 1803 2877 1872 μακαρίους
2911 1803 3032 1872 μὲν,
3073 1804 3199 1866 τοὺς
3226 1804 3284 1855 έν
3314 1804 3481 1872 χαρᾷ,
3514 1801 3740 1862 ἀθλίους

475 1913 619 1969 sent,
677 1906 905 1959 miseros
957 1920 1084 1959 vero
1142 1905 1234 1974 qui
1283 1905 1337 1959 in
1379 1903 1688 1968 alllictione,
1738 1901 2047 1971 hujusmodi

476 1997 785 2064 op'nioncm
817 1996 1074 2050 radicitus
1103 1996 1302 2058 evellit.
1325 1997 1655 2051 contrariam
1686 1995 2045 2050 substituens.

476 2083 750 2153 Lugentes
783 2095 963 2139 autem
1004 2086 1157 2150 dicit,
1188 2101 1298 2140 non
1344 2086 1437 2156 qui
1477 2086 1795 2156 simpliciter
1843 2087 2048 2156 lugent,

476 2177 568 2228 sed
594 2178 684 2244 qui
720 2193 818 2245 pro
854 2179 1091 2246 peccatis
1120 2179 1324 2248 lugent.
1360 2178 1613 2233 Miserum
1639 2179 1785 2232 enim
1828 2195 1892 2233 ac
1920 2194 2049 2248 pro-

476 2266 708 2319 hibitum
765 2275 848 2320 est
907 2267 1091 2336 lugere
1145 2269 1214 2322 ob
1241 2284 1301 2322 ea
1342 2283 1462 2337 quae
1499 2271 1619 2336 quis
1673 2268 1874 2336 patitur
1918 2273 2047 2337 (gg).

477 2354 713 2409 Tristitia
766 2359 904 2410 enim
967 2360 1173 2424 mundi,
1207 2360 1284 2413 ait
1323 2360 1538 2426 Paulus,
1596 2369 1813 2412 mortem
1860 2375 2047 2427 opera-

477 2455 562 2499 tur
589 2465 607 2508 ς
634 2466 694 2503 ea
723 2467 860 2516 vero,
894 2467 1010 2521 quae
1035 2453 1318 2504 secundum
1354 2451 1518 2504 Deum
1561 2462 1660 2516 est,
1685 2453 2048 2520 paenitentiam

476 2539 530 2590 in
555 2539 776 2592 salutem
806 2542 1043 2594 stabilem
1062 2542 1127 2595 θ’.
1164 2540 1446 2607 Quomodo
1472 2558 1602 2611 ergo
1632 2544 1738 2597 alio
1777 2543 1894 2596 loco
1921 2542 2054 2596 chit

475 2629 677 2684 Paulus
707 2647 721 2683 :
755 2631 989 2686 Gaudete
1015 2634 1068 2684 iu
1106 2632 1329 2686 Domino
1365 2650 1567 2702 semper
1588 2633 1676 2687 υτ
1701 2633 1837 2701 Quia
1879 2643 1934 2689 et
1965 2635 2052 2688 ille

476 2722 734 2790 gaudium
786 2722 938 2786 dicit,
973 2723 1116 2792 quod
1139 2738 1170 2777 e
1204 2723 1352 2779 luctu
1384 2725 1576 2779 oritur.
1605 2723 1778 2780 Habet
1813 2741 2053 2795 namque

475 2811 657 2866 luctus
678 2828 966 2883 repensum
999 2815 1097 2868 sibi
1114 2816 1388 2884 gaudium.
1414 2816 1881 2882 Quemadmodum
1902 2821 2048 2874 enim

474 2912 761 2973 postquam
804 2904 1096 2960 vehemens
1127 2907 1305 2976 pluvia
1338 2908 1640 2978 impetuosc
1670 2911 2046 2978 descenderit,

475 2995 738 3048 serenitas
761 2981 1003 3050 sta‘hilior
1023 3011 1143 3050 esse
1167 2997 1304 3052 solet
1333 3015 1348 3053 :
1377 3000 1448 3052 ita
1460 3015 1673 3069 quoque
1699 3001 1945 3056 deductis
1979 3005 2052 3056 la-

473 3090 694 3156 crymis,
727 3088 1088 3155 tranquillitas
1113 3098 1168 3143 et
1199 3080 1455 3158 gaudium
1491 3091 1660 3144 animi
1692 3094 1962 3147 succedit.

553 3172 678 3228 Vult
707 3183 888 3228 autem
923 3174 1010 3228 hic
1046 3189 1249 3240 sermo,
1275 3191 1381 3231 non
1403 3178 1566 3230 modo
1597 3179 1664 3234 de
1699 3182 1931 3250 propriis
1951 3199 2052 3237 nos

481 3266 665 3336 lugere
691 3251 921 3328 delictis,
951 3282 1136 3321 verum
1165 3268 1326 3323 etiam
1357 3269 1424 3322 de
1452 3269 1646 3325 alienis
1678 3281 1764 3326 :et
1797 3273 1920 3328 talis
1935 3283 2052 3327 erat

477 3358 642 3411 Mosis
696 3357 932 3422 animus,
967 3358 1203 3421 Davidis.
1234 3360 1472 3415 ll-mielis
1500 3361 1635 3430 (liii),
1694 3363 1846 3417 Pauli
1890 3373 2053 3419 caate—

476 3465 772 3518 rorumque
808 3450 1137 3518 hujusmodi.
1160 3452 1592 3508 (Ionsolationem
1614 3469 1741 3509 vero
1763 3457 2050 3526 accipient,

475 3541 588 3594 sive
619 3541 963 3597 laetabuntur.
1003 3543 1104 3599 Ubi
1131 3544 1153 3596 τ
1184 3544 1249 3598 Ει
1284 3544 1338 3598 in
1371 3547 1648 3615 praesenti,
1673 3559 1727 3601 et
1755 3547 1808 3601 in
1840 3548 2048 3603 futuro.

476 3629 533 3683 In
560 3633 812 3700 prasenti
842 3632 1059 3702 quidem
1087 3648 1149 3687 ea
1193 3649 1311 3702 spe,
1343 3637 1487 3704 quod
1519 3649 1736 3706 peccata
1768 3655 1865 3693 sua
1904 3639 2049 3695 luctu

477 3720 746 3776 redimant
777 3738 792 3790 ;
826 3724 880 3777 in
920 3723 1111 3807 futuro
1154 3740 1287 3779 vero
1319 3743 1426 3780 non
1475 3730 1591 3783 sola
1623 3729 1820 3786 horum
1853 3731 2050 3787 remis-

475 3816 651 3877 sione,
686 3831 872 3870 verum
902 3817 1067 3871 etiam
1106 3817 1459 3874 beatitudine.

541 3907 581 3975 ἰ-
610 3905 742 3960 Nam
772 3907 861 3977 qui
895 3907 1033 3963 ﬁlios
1055 3917 1149 3964 aut
1191 3925 1388 3965 uxores
1426 3920 1670 3966 mortuas
1698 3912 1905 3984 lugent,
1941 3929 2050 3967 non

473 3999 846 4068 pos-sessiones
876 4009 970 4054 aut
1013 4001 1231 4070 prepria
1255 4011 1448 4056 amant
1471 4017 1698 4072 corpora
1725 4005 1828 4074 (ii),
1858 4020 1961 4060 nec
1982 4020 2050 4060 eo

474 4090 709 4144 turbinis
741 4100 985 4160 tempore
1012 4092 1121 4145 ullo
1152 4092 1312 4146 modo
1360 4096 1779 4164 concupiscunt,
1808 4111 1916 4150 non
1962 4096 2048 4150 in-

468 4180 631 4249 juriis
659 4192 1069 4250 cxasperantur,
1093 4198 1193 4238 nec
1222 4183 1324 4238 alia
1355 4186 1674 4240 obsidentur
1703 4185 1996 4241 atlectione
2029 4205 2044 4242 :

471 4283 677 4340 quanto
721 4273 889 4342 magis
919 4273 1008 4341 qui
1060 4288 1186 4327 suas
1215 4274 1402 4345 lugent
1444 4275 1796 4348 egritudines
1831 4277 1960 4352 (Μ),
1983 4294 2049 4334 co

473 4363 636 4418 modo
660 4379 768 4432 quo
789 4379 881 4418 eas
913 4365 1093 4434 lugere
1122 4364 1344 4436 dignum
1373 4374 1478 4422 est.

549 4561 703 4617 νοτε.
742 4563 793 4616 5.
837 4562 1315 4617 Beati—terram.
1351 4565 1618 4632 Quoniam
1649 4568 1778 4622 olim
1824 4570 1893 4624 ab
1952 4571 2048 4624 bo-

474 4653 714 4707 minibus
733 4668 926 4722 magno
950 4653 1131 4707 studio
1171 4653 1524 4709 aﬂectabatur
1556 4666 1714 4712 terra:
1751 4661 2047 4727 possessio,

476 4746 616 4799 hanc
639 4746 804 4799 etiam
847 4760 942 4814 pro
981 4745 1199 4800 virtutis
1216 4747 1438 4815 premio
1463 4749 1634 4819 ponit.
1662 4750 1892 4815 Quidam
1917 4767 2050 4807 sane

581 4932 624 4965 “
651 4929 791 4984 Psal.
820 4947 871 4994 ι,
911 4928 995 4984 l9.
1105 4930 1150 4961 “
1190 4927 1232 4983 ΙΙ
1265 4928 1390 4983 Cor.
1424 4947 1517 4998 vn,
1553 4932 1638 4989 10.

2149 1892 2204 1945 δὲ
2254 1893 2380 1956 τοὺς
2409 1895 2466 1946 ὲν
2498 1894 2700 1964 θλίψει,
2737 1893 3040 1965 πρόρριζον
3098 1895 3322 1961 ἀνασπᾷ
3344 1893 3445 1963 τὴν
3475 1892 3742 1963 τοιαύτην

2152 1985 2440 2054 ὑπόληψιν,
2494 1987 2806 2039 τούναντίον
2839 1986 3258 2055 ὑποτιθέμενος.
3313 1985 3658 2048 Πενθοῦντας
3677 1985 3740 2037 δὲ

2152 2078 2321 2142 λέγει,
2351 2077 2411 2130 οὑ
2439 2080 2567 2141 τοὺς
2610 2077 2798 2142 ἀπλῶς
2857 2079 3212 2142 πενθοῦντας,
3269 2078 3406 2131 ἀλλά
3438 2079 3562 2140 τοὺς
3592 2078 3742 2147 ὑπὲρ

2152 2169 2590 2238 ἁμαρτημάτων.
2656 2171 2730 2222 Τὸ
2794 2170 2903 2240 γὰρ
2957 2170 3100 2243 ὑπὲρ
3156 2170 3414 2241 βιωτικοῦ
3471 2171 3742 2240 πράγμα-

2151 2279 2242 2322 τος
2285 2261 2524 2327 πενθεῖν,
2595 2262 2781 2317 ἄθλιον
2813 2264 2910 2316 καὶ
2960 2263 3371 2333 κεκωλυμένον.
3401 2265 3541 2334 Φησὶ
3571 2265 3676 2334 γὰρ
3710 2265 3741 2317 6

2155 2353 2382 2416 Παῦλος,
2419 2355 2501 2406 ὅτι
2545 2355 2616 2408 Ἡ
2636 2355 2755 2423 μὲν
2819 2356 2926 2410 τοῦ
2993 2357 3230 2425 κόσμου
3254 2357 3444 2422 λύπη,
3474 2355 3742 2409 θάνατον

2151 2446 2590 2516 κατεργάζεται·
2651 2450 2688 2516 ὴ
2737 2448 2805 2501 δὲ
2853 2449 3004 2503 κατὰ
3061 2449 3230 2512 Θεὸν,
3289 2447 3609 2517 μετάνοιαν
3650 2450 3741 2513 είς

2153 2541 2456 2606 σωτηρίαν
2481 2542 2955 2610 ἀμεταμέλητον.
2998 2542 3108 2595 Καὶ
3133 2543 3248 2605 πῶς
3266 2543 3294 2594 6
3330 2541 3543 2604 Παῦλος
3573 2542 3741 2595 πάλιν

2153 2626 2276 2682 εἶπε
2294 2646 2306 2660 ·
2338 2631 2580 2698 Χαίρετε
2596 2632 2666 2683 ὲν
2695 2632 2888 2699 Κυρίῳ
2909 2632 3168 2688 πάντοτε
3185 2649 3204 2696 ;
3235 2631 3350 2702 (25)
3379 2631 3525 2684 Διότι
3543 2632 3740 2683 κάκεῖ-

2153 2743 2244 2789 νος
2291 2727 2390 2798 τὴν
2438 2731 2504 2782 ἐκ
2563 2726 2658 2782 τοῦ
2718 2727 2950 2789 πένθους
3011 2727 3158 2792 λέγει
3188 2726 3302 2796 (26)
3352 2725 3548 2796 χαράν.
3581 2726 3738 2794 Ἔχει

2153 2822 2263 2891 γὰρ
2293 2821 2456 2876 τοῦτο
2489 2824 2665 2894 χαράν
2700 2819 3263 2890 συγκεκληρωμένην.
3303 2817 3573 2886 Καθάπερ
3601 2816 3734 2884 γὰρ,

2154 2915 2310 2967 ὑετοῦ
2344 2914 2576 2986 σφοδροῦ
2630 2912 3103 2984 καταρραγέντος,
3136 2909 3291 2963 εὑδία
3320 2907 3573 2976 γίνεσθαι
3609 2907 3736 2960 εῐω-

2155 3005 2268 3071 θεν,
2298 3003 2443 3057 οὑτω
2473 3007 2590 3069 καὶ,
2640 3004 2895 3074 δακρύων
2922 2999 3382 3071 κατενεχθέντων,
3407 3000 3620 3070 γαλήνη
3643 2999 3739 3054 καὶ

2074 3114 2115 3169 c
2154 3099 2301 3170 χαρά
2325 3102 2390 3169 τῇ
2418 3099 2561 3169 ψυχῇ
2591 3098 2890 3167 ἐγγίνεται.

2229 3190 2490 3244 Βούλεται
2523 3191 2578 3244 δὲ
2619 3190 2718 3244 νῦν
2757 3193 2786 3242 ό
2829 3190 2988 3258 λόγος
3030 3186 3250 3242 πενθειν
3283 3189 3432 3259 ἡμᾶς
3463 3187 3539 3258 μὴ
3575 3185 3738 3257 μόνον

2157 3282 2298 3351 ὑπὲρ
2327 3282 2435 3336 τῶν
2455 3283 2674 3336 οἰκείων
2698 3281 3136 3352 ἁμαρτημάτων,
3162 3281 3300 3334 ἀλλά
3330 3279 3426 3333 καὶ
3453 3280 3593 3348 ὑπὲρ
3625 3278 3736 3331 τῶν

2156 3376 2476 3444 ἀλλοτρίων,
2503 3371 2591 3429 οἷα
2629 3371 2698 3446 ἦν
2728 3378 2762 3445 ἡ
2792 3374 2939 3445 ψυχὴ
2966 3373 3249 3434 Μωῦσέως
3283 3375 3379 3426 καὶ
3420 3370 3586 3424 Δαυτδ
3640 3371 3737 3424 καὶ

2156 3467 2370 3520 Παύλου
2389 3470 2485 3520 καὶ
2509 3466 2617 3520 τῶν
2633 3465 3448 3536 τοιούτων.Παρακληθὴσονται
3467 3463 3544 3524 δὲ,
3566 3465 3737 3534 ἡγουν

2155 3561 2654 3631 εὐφρανθήσονται.
2700 3559 2854 3624 Βοῦς
2890 3560 3002 3613 Καὶ
3037 3558 3271 3612 ἐνταῦθα
3301 3557 3396 3611 καὶ
3426 3558 3564 3610 ἐκεῖ.
3615 3556 3734 3608 Ἐν-

2152 3654 2331 3708 ταῦθα
2393 3654 2609 3724 μὲν,τῇ
2635 3652 2812 3706 ἑλπίδι
2868 3652 2970 3722 τῆς
3022 3651 3457 3721 ἀπολυτρώσεως
3517 3649 3724 3700 αὐτῶν·

2151 3748 2272 3800 ἐκεῖ
2287 3747 2366 3806 δὲ.
2399 3747 2461 3799 οὐ
2495 3747 2654 3816 μόνον
2693 3748 2759 3817 τῇ
2793 3745 2988 3814 ἀφέσει
3058 3744 3288 3806 τούτων,
3348 3741 3487 3794 ἀλλά
3540 3741 3636 3793 καὶ
3664 3743 3734 3810 τῇ

2156 3837 2546 3908 μακαριότητι.

2225 3929 2289 3981 Οί
2319 3929 2429 3999 γάρ
2470 3927 2584 3998 (25)
2639 3927 2834 3990 παῖδας
2885 3925 2980 3978 καὶ
3051 3927 3317 3992 γυναῖκας
3359 3923 3736 3986 ἀποθανόντας

2154 4017 2501 4088 θρηνοῦντες,
2519 4018 2580 4070 οὑ
2603 4018 2929 4088 χρημάτων,
2960 4017 3025 4070 οὑ
3055 4017 3330 4085 σωμάτων
3359 4014 3583 4085 ἐρῶσιν,
3612 4014 3739 4068 οὑδὲ

2153 4111 2276 4167 κατ’
2335 4112 2544 4164 ἐκεῖνον
2635 4111 2735 4180 τῆς
2789 4109 2987 4178 ὀδύνης
3049 4108 3142 4161 τὸν
3176 4107 3369 4177 καιρὸν
3399 4108 3565 4162 ἄλλου
3588 4109 3740 4170 τινος

2151 4203 2417 4275 ἐφίενται,
2467 4203 2566 4272 οὑχ
2592 4200 2787 4273 ὖόρεσι
2840 4200 3261 4274 παροξύνονται,
3296 4199 3396 4270 οὐχ
3429 4199 3535 4252 ὑπὸ
3569 4199 3740 4254 ἄλλοι)

2153 4294 2572 4365 πολιορκοῦνται
2631 4311 2782 4357 τινος
2824 4292 3072 4356 πάθους·
3126 4292 3279 4362 πόσῳ
3332 4291 3538 4362 μᾶλλον
3591 4293 3643 4344 ot
3667 4293 3740 4345 τὰ

2150 4390 2529 4459 ἁμαρτήματα
2586 4386 2910 4448 πενθοῦντες
2965 4385 3034 4440 τὰ
3087 4385 3320 4449 ἑαυτῶν,
3369 4385 3446 4449 ὡς
3512 4385 3742 4439 πενθεῖν

2077 4472 2132 4533 D
2156 4483 2308 4548 ἀξιον
2329 4497 2346 4548 ;

2224 4571 2740 4640 Μακάριοι-τὴν
2761 4571 2899 4640 γῆν.
2957 4570 3109 4624 Ἐπεὶ
3150 4571 3319 4624 πάλαι
3365 4572 3480 4631 τοῖς
3528 4565 3744 4636 ἀνθρὼ-

2155 4683 2279 4728 ποις
2313 4665 2787 4735 περισπούδαστος
2810 4662 2879 4735 ἦν
2900 4668 2932 4735 ἡ
2952 4664 3290 4735 κληρονομία
3308 4662 3409 4731 τῆς
3431 4662 3556 4730 γῆς,
3575 4661 3740 4730 τίθη-

2155 4757 2316 4810 σικαὶ
2333 4757 2540 4828 ταύτην
2555 4756 2788 4810 ἔπαθλον
2807 4758 3031 4826 ἀρετῆς.
3070 4757 3177 4808 Καί
3204 4771 3349 4818 τινες
3370 4755 3468 4822 μὲν
3485 4753 3589 4822 γῆν
3611 4768 3743 4821 νοη-

1746 4933 1793 4964 ⁸³
1826 4933 2066 5004 Philipp.
2102 4952 2175 5002 Iv,
2204 4936 2257 4989 ιι.

1743 5118 1940 5180 Variaa
1980 5117 2288 5185 lectiones
2317 5131 2378 5184 et
2402 5131 2594 5185 notae.

553 5287 662 5355 (2‘2)
710 5286 821 5340 lloc
864 5287 1128 5342 scholium
1184 5289 1237 5342 in
1279 5298 1475 5342 neutro
1523 5301 1769 5343 meorum
1827 5291 2044 5359 legitur.

479 5358 805 5429 Exci-rptnm
829 5369 1013 5412 autem
1035 5367 1119 5412 est
1139 5374 1202 5411 cx
1224 5359 1414 5427 Chrys.
1449 5365 1579 5409 tom.
1609 5359 1721 5425 VII,
1750 5377 1802 5429 p.
1835 5358 1950 5416 1875.
1979 5361 2041 5415 Ε.

574 5428 663 5498 25)
700 5429 903 5492 Πάντες
931 5429 989 5480 Β.

552 5585 655 5654 (gq)
681 5586 752 5639 Ob
776 5602 836 5637 ea
877 5601 991 5652 quia
1017 5587 1132 5653 quis
1165 5587 1384 5653 patitur.
1415 5586 1497 5640 0b
1545 5605 1658 5642 rem
1710 5598 2022 5644 terrestrem

481 5655 553 5709 ob
578 5671 783 5716 casum,
810 5657 880 5706 ob
910 5656 1264 5710 infortunium
1292 5657 1610 5710 humanum.

554 5726 661 5794 (fili)
699 5725 896 5793 Δανιὴλ
922 5726 974 5779 in
1006 5725 1153 5779 nullo
1190 5745 1433 5782 meorum
1463 5728 1674 5799 legitur.

2227 5291 2339 5357 (Ἡ)
2373 5293 2579 5344 Φάτκει
2600 5293 2667 5347 Α.

2223 5361 2336 5429 (25)
2377 5363 2491 5434 Hoc
2530 5363 2581 5416 in
2612 5364 2759 5417 nullo
2793 5380 3039 5434 ineorum
3086 5372 3386 5432 comparet.
3417 5363 3730 5434 llepetittlm

2150 5442 2234 5486 est
2268 5448 2332 5485 ex
2358 5433 2639 5503 Chrysost.
2672 5445 2804 5488 tom.
2842 5433 2951 5498 Vll,
2979 5451 3030 5503 p.
3065 5436 3188 5488 {87.
3221 5435 3282 5488 ι).

2233 5589 2320 5653 (ii)
2350 5588 2509 5642 Forte
2538 5589 2746 5643 invenit
2778 5608 3046 5658 σωματων
3078 5592 3248 5646 ἰδίων.

2231 5659 2322 5728 (jjl
2358 5660 2497 5715 Suus
2521 5662 2878 5730 (egritudines.
2905 5663 3133 5718 Peccata
3162 5679 3283 5718 sua.
