4026 6496
277 350 379 418 293

1236 350 1636 413 COMMENT.
1678 347 1761 408 IN
1806 341 2289 406 MATTHEUM.
2333 365 2395 377 --
2439 341 2602 401 CAP.
2651 342 2713 402 V.

3472 330 3582 398 194

268 462 368 533 τὴν
397 464 455 515 ὲν
471 461 693 534 οὖρανῷ
714 464 987 531 λέγουσιν,
1020 462 1048 513 ὁ
1071 459 1124 512 δὲ
1151 459 1265 530 (26)
1287 456 1677 529 Χρυσόστομὸς
1708 470 1867 523 φησι,

1985 459 2182 503 terram
2214 447 2664 509 intellectualem,
2708 442 2909 498 coelum
2967 455 3092 497 esse
3149 439 3365 496 dicunt.
3401 438 3581 511 Chryv

270 558 349 609 ὅτι
380 558 473 610 καὶ
495 557 761 628 αἰσθητὸν
816 556 1061 610 τέθεικεν
1108 552 1367 617 ἔπαθλον,
1406 552 1495 605 διὰ
1528 552 1656 613 τοὺς
1684 566 1863 618 παχυσ

270 650 326 700 τὲ
334 666 485 719 ρους,
516 652 644 713 τοὺς
674 650 743 703 τὰ
768 648 1002 718 αἰσθητά
1029 646 1137 718 πρὸ
1167 646 1275 699 τῶν
1302 643 1512 715 νοητῶν
1534 642 1858 713 ζητοῦντας.

273 740 444 795 Εῐωθε
500 745 609 813 γὰρ
653 744 721 797 δι’
746 743 869 796 ὅλου
901 741 998 795 τοῦ
1048 737 1389 806 Εὐαγγελίου
1414 736 1752 807 προτρέπειν
1781 734 1862 795 si;

270 836 498 903 ἀρετὴν,
560 836 693 889 ποτὲ
750 834 871 905 μὲν,
934 833 1044 887 ἀπὸ
1084 834 1193 884 τῶν
1236 829 1564 901 μελλόντων,
1615 826 1746 879 ποτὲ
1779 825 1860 887 δὲ,

271 928 379 979 ἀπὸ
408 927 519 979 τῶν
545 929 853 999 παρόντων.
889 928 986 981 καὶ
1022 924 1152 979 οὔτε
1186 925 1315 977 ᾶταν
1342 923 1511 993 νοητά
1542 920 1753 974 ἔπαθλα
1780 918 1863 970 τί-

270 1017 452 1087 θησιν,
486 1020 787 1085 ἀποστερεῖ
814 1016 921 1069 τῶν
944 1014 1247 1085 αἰσθητῶν,
1267 1012 1415 1077 οὔτε,
1447 1014 1576 1066 ὃταν
1596 1008 1859 1079 αἰσθητὰ,

268 1110 588 1181 ἀφαιρεῖται
613 1116 683 1163 τὰ
715 1110 905 1180 νοητά.
934 1109 1178 1177 Ζητεῖτε
1202 1107 1335 1178 γὰρ,
1382 1105 1540 1177 φησι,
1606 1102 1724 1171 τὴν
1743 1102 1861 1167 ,βα-

269 1203 515 1255 σιλείαν
543 1202 651 1257 τοῦ
676 1204 846 1264 Θεοῦ.
881 1203 978 1259 καὶ
1013 1201 1201 1256 ταῦτα
1226 1199 1424 1254 πάντα
1451 1195 1863 1266 προστεθήσε-

268 1310 363 1346 ται
389 1295 554 1363 ὑμῖν.
614 1298 725 1349 Καὶ
782 1295 977 1359 αῦθις·
1041 1294 1257 1359 Οὐδείς
1298 1292 1475 1345 ἐστιν
1517 1290 1587 1356 ὃς
1616 1287 1862 1357 ἀφῆκεν

269 1387 490 1450 οὶκίαν,
523 1387 561 1454 ἢ
589 1387 806 1454 γονεῖς,
826 1395 920 1440 και
957 1386 1025 1439 τὰ
1055 1385 1202 1455 ἑξῆς,
1237 1385 1306 1450 ὃς
1336 1386 1409 1438 οὐ
1436 1383 1523 1453 μὴ
1578 1379 1861 1447 ἀπολάϐῃ

270 1480 788 1535 πολλαπλασίονα
847 1480 917 1532 ἐν
955 1477 1035 1543 τῷ
1072 1478 1253 1545 καιρῷ
1302 1478 1511 1543 τούτῳ,
1548 1475 1646 1528 και
1669 1473 1740 1527 ἐν
1780 1471 1862 1538 τῷ

269 1569 437 1623 anim
478 1572 559 1636 τῷ
583 1572 872 1641 μέλλοντι
907 1572 1061 1641 ζωὴν
1091 1573 1355 1625 αἰώνιον.

349 1746 549 1813 Πραεῖς
578 1748 690 1813 (ΞῚ)
716 1747 988 1816 λέγονται,
1016 1747 1116 1817 οὐχ
1145 1748 1197 1800 οἱ
1255 1747 1507 1817 μηδόλως
1564 1744 1863 1816 ὀργιζόμε-

1971 548 2248 595 sostomus
2283 556 2416 595 vero
2454 540 2551 601 ait,
2586 538 2731 607 quod
2787 546 2843 591 et
2874 534 3191 591 sensiliilem
3223 548 3325 603 pro
3349 534 3579 602 prtemio

1970 631 2237 700 posuerit,
2267 642 2494 701 proiiter
2538 634 2863 690 crassiores,
2898 627 2991 697 qui
3049 624 3337 681 sensibilia
3392 625 3578 693 potius

1970 739 2135 793 quam
2158 723 2512 793 intelligibilia
2546 729 2819 791 quaerunt.
2855 716 2995 772 Tuto
3047 730 3290 785 namque
3326 714 3579 784 Evange-

1971 817 2044 871 lio
2083 816 2150 871 ad
2177 820 2437 871 virtutem
2469 817 2613 869 solet
2652 813 2960 873 adhortari,
2991 810 3323 881 quandoque
3352 824 3451 879 per
3484 807 3575 862 fu-

1974 919 2114 976 tura,
2168 908 2444 963 interdum
2492 921 2712 977 quoque
2772 915 2827 959 et
2867 919 2965 975 per
3020 902 3335 973 praesentia.
3384 900 3581 967 Quan-

1969 1018 2131 1072 quam
2163 1016 2343 1071 neque
2376 1001 2465 1055 ubi
2509 998 2873 1069 iutelligibilia
2906 996 3060 1067 ponit
3112 994 3359 1065 praemia,
3396 996 3577 1063 privat

1969 1092 2319 1148 sensibilihus
2354 1108 2367 1144 :
2406 1108 2588 1159 neque
2616 1107 2649 1145 e
2692 1094 2934 1153 diverso,
2978 1104 3104 1141 cum
3140 1087 3426 1142 sensibilia
3462 1086 3581 1157 pol-

1970 1182 2585 1254 1icetur,intelligihilia
2634 1181 2839 1235 aufert.
2867 1180 3104 1246 Quterite
3151 1179 3326 1242 enim,
3368 1178 3573 1248 inquit,

1968 1278 2199 1345 primum
2232 1292 2451 1346 regnum
2483 1256 2583 1328 Dei
2608 1285 2657 1328 et
2668 1274 2941 1343 justitiam
2980 1272 3117 1341 eius,
3151 1282 3201 1327 et
3238 1272 3347 1326 hac
3391 1272 3574 1325 omnia

1968 1369 2292 1438 adjicientur
2322 1368 2467 1421 vobis
2494 1368 2561 1421 “.
2595 1368 2659 1422 Et
2690 1380 2881 1421 rursus
2914 1384 2927 1420 :
2964 1364 3137 1418 Nemo
3190 1376 3267 1419 est
3319 1365 3411 1434 qui
3450 1363 3579 1417 reli-

1970 1461 2142 1530 querit
2170 1460 2385 1513 domum
2416 1467 2509 1513 aut
2548 1447 2846 1527 patrem",
2902 1466 3034 1516 etc..
3078 1457 3170 1527 qui
3225 1471 3328 1509 non
3368 1456 3583 1527 fruatur

1971 1552 2142 1605 multo
2180 1551 2423 1621 pluribus
2456 1551 2511 1603 in
2562 1552 2659 1605 hoc
2692 1561 2946 1620 tmpore,
2970 1559 3019 1604 ct
3049 1550 3106 1603 in
3137 1547 3322 1618 futuro
3359 1549 3580 1615 swrulo,

1970 1645 2078 1698 vita
2103 1654 2324 1698 aeterna.

2044 1735 2085 1805 1-
2117 1735 2273 1790 Mites
2299 1734 2582 1800 dicuntur,
2624 1748 2737 1788 non
2773 1733 2868 1802 qui
2902 1732 3124 1803 penitus
3150 1748 3262 1788 non
3321 1732 3575 1788 irascun-

271 1857 355 1891 νοι
382 1855 395 1868 ’
431 1842 481 1891 ot
508 1842 742 1893 τοιοῦτοι
774 1841 884 1912 γὰρ
908 1841 1259 1911 ἀναίσθητοι⁹
1296 1840 1414 1894 ἀλλ’
1447 1842 1498 1894 oi
1533 1840 1710 1909 θυμὸν
1767 1839 1868 1910 μὲν

1985 1837 2065 1883 iur
2099 1847 2113 1884 :
2148 1828 2468 1899 hujusmodi
2504 1826 2653 1881 enim
2690 1826 2960 1886 insensati
2992 1828 3144 1891 sunt,
3176 1824 3273 1879 sed
3308 1824 3404 1895 qui
3434 1824 3577 1879 iram

272 1932 515 2001 ἔχοντες,
554 1932 888 2003 κρατοῦντες
918 1933 996 1997 δὲ,
1030 1934 1126 1986 ita).
1159 1932 1249 1986 ὅτε
1279 1933 1363 1985 δεῖ
1397 1926 1771 2001 ὀργιζόμενοι,
1794 1931 1870 1995 ὼς

274 2026 370 2075 καὶ
395 2023 562 2076 Δαυῖδ
591 2019 747 2077 εἶπεν
771 2040 787 2055 ο
830 2022 1175 2092 Ὀργίζεσθε,
1203 2023 1305 2077 καὶ
1343 2022 1431 2092 μὴ
1474 2022 1866 2092 ἁμαρτάνετε.

345 2116 636 2185 Μακάριοι
664 2147 728 2159 -—-
751 2117 1301 2185 χορτασθήσονται.
1340 2118 1495 2169 Ἐπεὶ
1524 2118 1710 2186 μέλλει
1740 2118 1870 2183 περὶ

274 2209 653 2278 ὲλεημοσύνης
679 2211 879 2272 εἰπεῖν,
917 2213 1249 2279 προαναιρεῖ
1273 2208 1374 2281 τὴν
1404 2209 1748 2275 πλεονεξίαν,
1779 2208 1870 2261 {vat

274 2302 519 2372 καθαρὸς
549 2303 577 2354 ὁ
598 2302 750 2365 ἔλεος
782 2302 1025 2372 γίνηται.
1076 2302 1139 2354 Ἦ
1180 2300 1502 2371 δικαιοσύνη
1558 2304 1689 2372 γὰρ,
1717 2303 1871 2354 ἀντί-

274 2395 446 2456 παλός
468 2396 587 2446 ἑστι
610 2398 675 2465 τῇ
707 2394 1015 2465 πλεονεξίᾳ.
1055 2396 1120 2447 Ol
1150 2393 1479 2460 πεινῶντες
1511 2394 1568 2446 δὲ
1630 2394 1729 2447 καὶ
1779 2395 1871 2448 δι-

274 2491 513 2559 ψῶντες
544 2489 720 2555 εἶπεν,
747 2493 869 2544 ἀντὶ
896 2491 1013 2553 τοῦ,
1057 2492 1119 2543 0i
1184 2491 1393 2561 σφόδρα
1445 2489 1867 2561 ἐπιθυμοῦντες,

279 2584 368 2635 ἵνα
399 2585 427 2636 ὁ
460 2584 685 2654 σφοδρὸς
721 2583 863 2654 ἔρως
896 2586 995 2652 τῆς
1020 2582 1362 2648 πλεονεξίας,
1394 2581 1488 2636 ἐπὶ
1533 2582 1635 2653 τὴν
1664 2583 1869 2636 δικαιο-

280 2673 450 2742 σύνην
479 2674 777 2743 μεταστὰς,
802 2674 968 2746 ἀνέλῃ
1001 2674 1244 2744 εκείνην.
1270 2672 1756 2744 Χορτασθήσονται
1787 2673 1867 2738 δὲ,

276 2765 481 2826 παντὸς
513 2763 743 2831 ἀγαθοῦ.

363 2856 583 2928 Ἐπειδὴ
615 2856 729 2927 (28)
766 2858 815 2910 oi
848 2856 1175 2910 πλεονέκται
1224 2854 1479 2909 δοκοῦσιν
1532 2855 1761 2927 εὔποροι
1796 2849 1873 2908 εί-

279 2971 368 3004 ναι
396 2952 491 3005 καὶ
514 2950 905 3021 χορτάζεσθαι,
932 2950 1019 3002 διὰ
1046 2950 1207 3002 τοῦτό
1236 2965 1423 3019 φησιν,
1464 2951 1544 3001 ὅτι
1589 2952 1638 3001 οἱ
1670 2948 1872 3001 δίκαιοι

280 3046 487 3115 μᾶλλον
516 3045 1015 3116 χορτασθήσονται.

1974 1921 2198 1992 quidem
2234 1921 2506 1982 sentiunt,
2560 1935 2683 1975 sese
2740 1919 2923 1973 tamen
2979 1918 3293 1983 continent,
3354 1918 3583 1986 quando

1946 2010 2163 2068 'autem
2190 2020 2409 2083 oportet
2439 2012 2782 2076 irascuntur,
2817 2007 2970 2067 sicut'
3014 2009 3149 2065 dicit
3178 2006 3352 2063 David
3402 2027 3417 2063 :
3459 2007 3585 2063 Ira-

1973 2105 2186 2160 scimini
2209 2114 2258 2158 et
2294 2104 2461 2158 nolite
2486 2120 2707 2173 peccare
2743 2104 2792 2134 ⁸⁸

2050 2197 2207 2257 vers.
2223 2198 2273 2251 6.
2296 2196 2452 2251 Beati
2464 2222 2525 2235 --
2539 2196 2952 2251 saturabuntur.
2975 2194 3117 2262 Quia
3134 2195 3205 2251 de
3220 2195 3576 2268 eleemosyna

1973 2288 2223 2344 dicturus
2250 2299 2360 2353 εει,
2391 2288 2576 2344 aufert
2610 2288 2854 2359 primum
2882 2288 3174 2344 avaritiam
3208 2297 3269 2343 ut
3308 2304 3447 2354 pura
3481 2288 3579 2343 ﬂat

1976 2382 2379 2448 misericordia,
2400 2382 2620 2453 justitia
2651 2380 2802 2436 enim
2832 2380 3079 2437 avaritiae
3109 2381 3395 2437 contraria
3462 2392 3574 2436 est.

1980 2476 2123 2530 Dixit
2164 2487 2370 2541 autem,
2415 2476 2704 2529 esurientes
2748 2486 2796 2528 et
2846 2474 3107 2537 sitientes,
3151 2473 3256 2527 hoc
3296 2482 3401 2539 est,
3456 2475 3584 2543 plu-

1977 2570 2178 2623 riuium
2210 2566 2697 2637 concupiscentes,
2724 2576 2785 2620 ut
2810 2565 3113 2622 vehemens
3138 2564 3388 2619 avaritiae
3423 2580 3581 2620 amor

1977 2662 2033 2715 in
2066 2660 2337 2730 justitiam
2379 2660 2699 2724 translatus,
2752 2659 2899 2713 illam
2925 2657 3183 2728 perimat.
3226 2656 3581 2714 Saturabun-

1979 2763 2067 2808 tur
2101 2762 2310 2817 autem,
2344 2750 2496 2806 omni
2542 2750 2799 2806 videlicet
2834 2750 3001 2805 bono.

2046 2846 2086 2915 -ξι
2119 2846 2256 2912 Quia
2292 2846 2439 2899 avari
2478 2844 2831 2898 abundantes
2880 2857 3004 2898 esse
3044 2842 3308 2899 videntur
3350 2853 3406 2900 et
3430 2856 3583 2900 satu-

1979 2940 2101 3002 rati,
2139 2941 2261 2994 ideo
2292 2939 2367 2992 ait
2392 2938 2577 3007 justos
2607 2936 2794 3008 potius
2816 2936 3153 2993 saturandos
3182 2951 3333 2992 esse.

350 3138 642 3205 Μακάριοι
694 3165 765 3175 -
820 3136 1281 3204 ἐλεηθήσονται.
1345 3134 1507 3206 Παρά
1552 3132 1647 3187 τοῦ
1709 3133 1868 3197 Θεοῦ,

2057 3140 2217 3197 Vers.
2274 3141 2326 3194 7.
2360 3139 2515 3194 Beati
2549 3166 2622 3179 -—-
2689 3137 3113 3191 misericordiam
3171 3148 3586 3205 consequentur.

278 3229 546 3299 δηλονότι.
606 3228 755 3297 Πλὴν
790 3229 853 3281 οὑ
914 3227 1196 3293 τοσοῦτον,
1247 3229 1373 3281 ὅσον
1424 3227 1688 3297 ἠλέησαν.
1726 3226 1868 3294 Ὀση

1985 3237 2023 3288 Λ
2059 3235 2170 3289 Deo
2231 3245 2401 3294 certe,
2439 3232 2535 3287 sed
2570 3247 2681 3286 nou
2736 3240 2944 3286 tantam
3005 3230 3294 3291 duntaxat.
3321 3240 3587 3300 quantam

280 3322 390 3391 γάρ
417 3323 533 3374 ἐστι
558 3321 794 3392 διαφορά
828 3321 1099 3391 πονηρίας
1146 3322 1243 3375 καὶ
1276 3322 1644 3391 ἀγαοότητος,
1673 3320 1704 3391 ἦ
1736 3319 1875 3387 μᾶλ-

265 3406 393 3479 ⁵λον,
450 3415 552 3482 ὅση
606 3413 905 3482 ἀνθρώπου
974 3414 1072 3467 καὶ
1117 3413 1281 3475 Θεοῦ,
1340 3412 1585 3483 τοσαύτη
1649 3412 1746 3464 καὶ
1776 3412 1873 3465 ἅν-

280 3504 563 3575 θρωπίνης
597 3506 692 3557 καὶ
720 3504 871 3567 θείας
896 3503 1295 3574 ἑλιημοσύνης.

355 3686 493 3755 Οὐχὶ
530 3686 643 3755 (29)
666 3684 756 3738 διὰ
784 3687 1089 3757 χρημάτων
1133 3686 1295 3755 μόνον
1326 3686 1476 3740 ἔστιν
1506 3687 1703 3753 ἐλεεῖν,
1736 3688 1874 3741 ἀλλὰ

283 3780 378 3833 καὶ
411 3779 596 3847 λόγου,
634 3778 736 3833 κᾶν
769 3779 939 3851 μηδὲν
984 3780 1139 3851 ἔχῃς,
1179 3779 1269 3833 διὰ
1308 3780 1588 3851 δακρύων.
1619 3780 1875 3845 Ποικίλος

280 3878 391 3942 γὰρ
424 3873 452 3924 ὁ
474 3871 574 3941 τῆς
603 3872 981 3942 ὲλεημοσύνης
1011 3873 1237 3944 τρόπος,
1275 3874 1373 3925 καὶ
1406 3873 1637 3927 πλατεῖα
1667 3873 1811 3944 αὕτη
1841 3876 1873 3945 ἡ

280 3964 496 4031 δντολή.
515 3964 941 4034 Ἐλεηθήσονται
967 3964 1025 4017 δὲ
1048 3965 1289 4019 ἐνταῦθα
1320 3964 1444 4036 μὲν,
1476 3966 1631 4037 παρά
1659 3966 1870 4038 ἀνθρώ·

280 4074 401 4112 πων
426 4075 438 4086 ·
477 4058 610 4122 ἐκεῖ,
637 4057 717 4122 δὲ,
748 4058 901 4127 παρὰ
923 4057 1017 4110 τοῦ
1040 4055 1202 4111 Θεοῦ.

354 4245 648 4314 Μακάριοι
675 4274 744 4285 -
770 4246 1047 4315 ὄψονται.
1083 4244 1380 4315 Καθαροὺς
1408 4246 1476 4316 τῇ
1503 4245 1703 4318 καρδίᾳ
1739 4246 1872 4311 νόει,

285 4339 411 4399 τοὺς
472 4337 639 4407 μηδὲν
670 4353 722 4388 τι
761 4338 1000 4407 πονηρὸν
1052 4337 1269 4400 ἑαυτοῖς
1312 4338 1643 4401 συνειδότας,
1679 4340 1710 4409 ἡ
1748 4340 1876 4401 τοὺς

1983 3326 2087 3394 ipsi
2153 3325 2553 3395 praestiterunt.
2608 3323 2889 3387 Quantum
2943 3319 3093 3375 enim
3141 3321 3380 3375 interest
3442 3323 3589 3375 inter

1983 3419 2191 3472 malum
2229 3429 2282 3471 et
2312 3418 2544 3479 bonum,
2582 3422 2680 3470 aut
2714 3414 2897 3484 potius
2926 3421 3194 3482 quantum
3232 3414 3378 3468 inter
3410 3414 3590 3467 homi-

1985 3528 2107 3567 ucm
2136 3522 2193 3566 et
2227 3511 2422 3575 Deum,
2456 3516 2672 3562 tantum
2708 3507 2950 3561 humana
2987 3506 3370 3562 misericordia
3410 3507 3585 3562 distat

1981 3618 2009 3656 a
2026 3602 2231 3657 divina.

2050 3693 2260 3765 1-.Non
2292 3688 2742 3762 possessionibus
2792 3696 3007 3743 tantum
3042 3695 3335 3756 praestatur
3370 3688 3587 3743 miseri-

1980 3788 2192 3852 cordia,
2228 3787 2325 3841 sed
2356 3794 2412 3840 et
2440 3783 2813 3840 sermonibus.
2846 3781 3008 3847 Quod
3040 3780 3088 3835 si
3116 3781 3257 3835 nihil
3294 3782 3587 3845 habueris.

1980 3883 2145 3936 etiam
2186 3880 2437 3950 lacrymis
2470 3885 2764 3947 praestatur
2797 3892 2811 3929 :
2839 3874 3028 3931 varius
3055 3883 3141 3929 est
3171 3874 3318 3928 enim
3343 3875 3590 3930 eleemo—

1980 3986 2128 4043 syna:
2162 3971 2380 4036 modus,
2418 3969 2706 4037 latumque
2741 3977 3103 4037 praceptum.
3142 3965 3581 4022 Misericordiam

1980 4078 2112 4119 vero
2144 4070 2574 4131 consequentur,
2612 4060 2701 4117 hic
2722 4060 2794 4117 ab
2818 4059 3146 4113 hominibus
3172 4068 3229 4113 et
3249 4062 3304 4114 in
3336 4060 3591 4116 futurum

1980 4174 2010 4213 a
2042 4159 2176 4213 Deo.

2054 4253 2213 4307 Vers.
2247 4251 2299 4306 8.
2334 4248 2585 4303 Beati—
2619 4247 2890 4302 videbunt.
2913 4246 3090 4302 Puros
3124 4245 3293 4302 corde
3327 4246 3594 4317 intelligit

1980 4343 2074 4415 qui
2118 4343 2323 4398 nullius
2354 4342 2564 4412 peccati
2599 4340 2703 4397 sibi
2732 4338 2944 4396 conscii
2982 4350 3113 4395 sunt
3150 4357 3164 4394 :
3221 4349 3317 4394 aut
3346 4340 3443 4410 qui
3492 4355 3595 4396 cor

289 4430 669 4499 φυλάσσοντας
730 4430 830 4500 τὴν
858 4430 1093 4499 καρδίαν
1139 4430 1446 4500 ἀμόλυντον
1470 4433 1578 4486 ἀπὸ
1606 4433 1717 4487 τῶν
1748 4434 1868 4501 ἡδυ-

1985 4445 2263 4491 servants
2298 4434 2677 4505 voluptatibus
2714 4432 3089 4503 impollutum,
3150 4447 3315 4501 quam
3377 4432 3591 4486 sancti-

286 4520 556 4586 παθειῶν,
590 4521 728 4589 ὅπερ
760 4522 789 4573 ὁ
819 4520 1033 4584 Παῦλος
1060 4522 1338 4591 ἀγιασμὸν
1364 4524 1643 4587 ἐκάλεσεν,
1680 4526 1868 4577 είπών·

1987 4532 2230 4585 moniam
2264 4537 2423 4583 vocat
2439 4526 2663 4590 Paulus,
2688 4526 2881 4581 dicens
2898 4524 2945 4557 "
2967 4542 2980 4578 :
3002 4524 3195 4579 Pacem
3222 4525 3504 4578 sectamini
3520 4527 3595 4578 ad

280 4612 552 4681 Εἰρήνην
581 4611 823 4666 διώκετε
843 4614 993 4682 μετὰ
1020 4614 1284 4679 πάντων,
1300 4616 1395 4669 καί
1422 4615 1530 4669 τὸν
1550 4618 1868 4687 ἁγιασμόν,

1989 4640 2167 4677 omnes
2245 4632 2295 4677 et
2349 4623 2812 4685 sanctimoniam;
2873 4619 2987 4672 sine
3032 4635 3137 4689 qua
3186 4634 3337 4672 nemo
3395 4619 3595 4672 videbit

285 4702 359 4763 οὗ
396 4705 575 4773 χωρὶς
608 4704 811 4769 οὐδεὶς
862 4706 1074 4775 ὄψεται
1104 4711 1212 4759 τίν
1232 4711 1475 4775 Κύριον.
1523 4710 1787 4779 Ὄψονται
1821 4712 1868 4765 δὲ

1985 4713 2175 4768 Deum.
2210 4712 2625 4768 Videbitautem
2659 4711 2854 4775 Deum,
2875 4708 3033 4773 dixit,
3063 4720 3320 4779 tanquam
3347 4709 3595 4763 humana

284 4802 380 4854 τὸν
397 4801 552 4864 Θεζν,
590 4801 666 4863 ὡς
696 4800 925 4854 δυνατὸν
956 4802 1279 4872 ἀνθρωπίνῃ
1333 4802 1517 4871 φύσει.
1554 4804 1785 4859 Τέθεικε
1824 4806 1868 4858 δέ

1986 4816 2183 4861 natura
2223 4815 2506 4878 potentem
2538 4804 2663 4877 (kk).
2694 4802 2848 4858 lianc
2877 4817 3010 4858 vero
3043 4802 3441 4858 beatitudinem
3468 4811 3595 4873 post

284 4895 378 4947 τὸν
410 4894 769 4964 μακαρισμὸν
797 4894 989 4947 τοῦτον
1018 4894 1158 4965 μετὰ
1213 4896 1307 4948 τὸν
1345 4895 1444 4967 τῆς
1474 4897 1868 4969 ἐλεημοσύνης1

1985 4905 2393 4973 eleemosynam
2450 4900 2657 4970 posuit,
2708 4913 2836 4953 nam
2870 4898 3027 4953 multi
3051 4898 3322 4971 justitiam
3349 4914 3413 4955 ac
3444 4898 3596 4953 elee-

396 5079 443 5111 "
488 5077 678 5135 Matth.
711 5095 787 5144 vn,
810 5079 903 5136 55.
1012 5079 1061 5111 ⁸⁸
1092 5080 1228 5136 Luc.
1252 5097 1409 5150 xvm,
1442 5082 1535 5147 29,
1568 5081 1658 5137 50.

1772 5082 1818 5115 ⁸⁵
1856 5082 2001 5139 Psal.
2051 5100 2126 5147 iv,
2186 5085 2240 5140 5.
2354 5080 2399 5113 "
2425 5080 2595 5139 Hebr.
2632 5079 2850 5144 1:11,“.

1459 5248 1657 5311 Varias
1699 5250 2012 5314 lectiones
2041 5259 2102 5312 et
2142 5261 2333 5314 uota}.

366 5416 480 5488 (26)
514 5416 675 5470 Tom.
714 5417 825 5478 VH,
854 5434 909 5488 p.
946 5418 1070 5472 188.
1099 5419 1163 5473 C.

366 5489 479 5558 (27)
515 5488 623 5541 lluc
650 5490 703 5541 in
732 5490 865 5543 meis
888 5506 995 5543 non
1026 5490 1245 5561 legitur.
1286 5492 1362 5545 Ex
1395 5490 1704 5561 Tlieophyl.
1732 5507 1787 5561 p.
1812 5490 1883 5545 9.6

293 5560 347 5615 Ο
369 5563 742 5625 (insumptum.

367 5632 479 5700 (23)
513 5629 685 5683 Etiam
716 5631 820 5684 hoc
848 5646 913 5685 ex
944 5631 1336 5703 TiieOpliylact.
1363 5652 1416 5705 p.
1446 5634 1515 5688 26
1547 5633 1607 5689 D.
1640 5632 1741 5688 Mei
1776 5650 1887 5689 non

1989 5435 2317 5497 agnoscunt.

1996 5496 2610 5638 pqg291isghgophylact.
2646 5516 2703 5569 p.
2726 5498 2797 5552 9.6
2831 5498 2871 5552 Ε
2900 5507 2953 5557 et
2985 5496 3365 5572 Clirysostom.
3404 5507 3444 5555 t.
3478 5496 3597 5567 VII,

370 5791 479 5863 (Ak)
514 5792 783 5863 Tanquam
808 5803 1175 5863 --_notentem.
1214 5792 1278 5846 Ut
1305 5809 1630 5851 concessum
1660 5805 1925 5851 creaturae
1952 5794 2232 5854 humana).
