4026 6506
524 353 626 418 199

1769 353 2151 415 EUTllYMll
2200 351 2564 412 Zt‘GABENl

3700 351 3813 413 209

518 471 588 524 iis
619 477 725 532 est,
769 468 987 537 pr0pria
1045 467 1250 539 lugebit
1312 474 1533 532 errata;
1596 480 1688 534 qui
1739 480 1868 519 vero
1929 466 2094 535 luget,

2219 463 2423 524 πεινὸς,
2453 463 2548 513 καὶ
2582 462 2648 515 τά
2680 463 2857 516 οἰκεῖα
2886 463 3149 535 πενθήσει
3194 463 3306 534 (Η)
3339 462 3809 535 παραπτώματαο

518 562 685 613 etiam
745 559 894 613 mitis
957 559 1102 622 erit;
1145 567 1200 611 et
1251 558 1345 628 qui
1397 567 1721 610 mansuetus
1774 566 1876 619 est,
1925 557 2106 625 justus

520 667 738 721 quoque
766 653 867 705 erit
905 649 1130 704 omnino
1164 667 1178 705 :
1211 650 1391 718 justus
1417 664 1564 714 vero,
1613 650 1776 702 etiam
1817 649 2105 701 miserebi-

523 754 630 797 tur.
694 741 784 793 llis
835 751 1016 794 autem
1071 741 1325 795 omnibus
1375 755 1542 809 opere
1607 740 1884 808 perfectis,
1939 740 2102 792 etiam

519 835 756 888 mundus
829 837 932 885 crit
989 833 1173 895 corde,
1228 831 1348 886 talis
1394 846 1522 884 vero
1574 830 1830 900 paciﬁcus
1890 847 2104 899 quoque

519 925 653 986 erit;
699 924 789 992 qui
815 934 994 976 autem
1047 925 1152 978 huc
1197 939 1367 992 usque
1413 922 1646 992 profecit
1677 963 1690 983 ,
1745 921 1811 974 ad
1864 921 2102 990 pericula

521 1019 682 1069 etiam
713 1016 1062 1081 extendetur,
1096 1031 1157 1066 ac
1187 1024 1381 1067 cmtera
1419 1030 1538 1082 qua:
1564 1021 1873 1081 sequuntur
1911 1028 2104 1081 magno

527 1107 711 1161 animo
765 1107 1036 1160 tolerabit.
1099 1105 1389 1173 Postquam
1440 1122 1568 1175 ergo
1609 1121 1727 1174 qua:
1796 1115 2102 1174 Opportuna

518 1207 679 1250 erant
732 1198 1040 1258 admonuit,
1089 1210 1283 1248 rursus
1341 1194 1598 1250 laudibus
1627 1210 1724 1250 eos
1772 1205 1980 1250 recreat
2018 1196 2102 1247 di-

522 1304 676 1342 εειιε.

583 1376 734 1430 Vers.
764 1378 849 1429 15.
878 1376 1054 1430 Vos—
1076 1385 1248 1430 terrar.
1269 1376 1492 1431 Terram
1516 1378 1604 1430 hic
1623 1378 1876 1432 homines
1912 1375 2101 1446 appel-

513 1470 660 1534 lavit,
690 1470 846 1539 quasi
876 1485 905 1524 e
935 1479 1078 1523 terra
1113 1470 1392 1523 formatos.
1432 1469 1527 1522 Est
1550 1480 1731 1523 autem
1769 1479 1979 1524 tantum
2040 1485 2102 1524 ac

511 1563 556 1616 si
614 1563 824 1616 diceret
869 1561 1254 1616 :llomiuesin
1311 1562 1550 1630 peccatis
1615 1560 1904 1631 putrefacti
1973 1571 2102 1615 sunt

517 1655 766 1722 corrupti
796 1653 864 1707 ab
893 1653 1121 1706 hutnore
1169 1652 1545 1706 aﬂectionutn.
1579 1651 1689 1706 Vos
1747 1653 1912 1723 igitur
1949 1669 1978 1706 a
2014 1669 2100 1708 me

512 1743 672 1798 electi
699 1745 765 1797 ad
794 1745 1090 1797 curandam
1120 1744 1257 1798 hanc
1289 1745 1458 1797 totius
1490 1744 1678 1798 mundi
1720 1746 2090 1814 putredinem,

510 1835 644 1887 estis
665 1835 744 1887 sal
771 1843 927 1888 terra:
963 1852 976 1884 :
1015 1846 1237 1904 accepta
1275 1837 1475 1890 virtute
1501 1836 1564 1889 ad
1603 1838 2088 1908 constringendum
2122 1807 2166 1865 Β

510 1925 659 1993 ipsos
698 1935 755 1980 et
801 1926 1218 1992 coarctandum,
1265 1937 1528 1996 prieterea
1584 1943 1649 1980 ac
1701 1929 2088 1994 occidendum,

512 2033 728 2072 vermes
757 2018 1078 2080 invisibiles.
1117 2019 1221 2073 hoc
1256 2027 1360 2084 est,
1397 2029 1453 2072 ut
1497 2035 1591 2089 per
1628 2020 1827 2074 bonam
1862 2020 2086 2086 famam,

513 2106 809 2162 rationales
839 2107 1066 2163 allectus
1090 2124 1119 2162 a
1166 2111 1314 2181 gravi
1349 2120 1697 2179 peccatorqu
1734 2111 1902 2167 odore
1954 2113 2093 2168 libe-

508 2209 665 2252 retis.

581 2394 620 2466 ’ζ-
654 2395 944 2466 Propheta:
985 2399 1051 2454 ad
1077 2415 1241 2455 uuam
1276 2413 1492 2473 gentem
1559 2402 1707 2456 missi
1773 2412 1922 2466 sunt,
1994 2419 2092 2459 vos

507 2496 690 2540 autem
718 2489 795 2541 sal
823 2490 955 2543 estis
1005 2492 1245 2546 universi
1283 2494 1462 2557 orbis,
1501 2509 1599 2563 per
1649 2494 1956 2548 doctrinam
2001 2511 2091 2548 ar—

507 2580 722 2649 guendo
766 2596 830 2634 ac
856 2581 1174 2650 stringendo
1226 2584 1545 2650 dissolutos,
1600 2601 1669 2640 ne
1696 2595 1930 2640 aeternos
1967 2603 2096 2657 pro-

509 2670 710 2725 ducant
745 2688 981 2732 vermes.
1020 2672 1136 2727 Non
1163 2691 1292 2746 ergo
1333 2668 1746 2731 mordacitatem
1796 2678 2095 2748 reprehen-

507 2760 719 2814 sionum
754 2764 1043 2832 abjiciatis,
1079 2766 1173 2820 sed
1203 2777 1258 2821 et
1287 2767 1577 2837 opprobria
1599 2783 1662 2822 ac
1683 2771 2094 2839 persecutiones

505 2855 796 2907 sustinete.
851 2854 977 2910 Ideo
1026 2858 1214 2911 subdit
1261 2857 1369 2912 :Si
1415 2869 1594 2913 autem
1657 2862 1742 2914 sal
1795 2864 2095 2932 infamatus

503 2945 684 3013 fuerit,
713 2946 766 2997 in
797 2962 897 3013 quo
931 2949 1154 3000 salietur
1186 2950 1211 3002 ?
1238 2949 1319 3002 Ad
1375 2950 1509 3003 nihil
1534 2955 1764 3019 amplius
1793 2957 1954 3020 valet,
1991 2958 2093 3010 nisi

507 3044 564 3086 ut
623 3039 767 3104 foras
847 3040 1186 3108 projiciatur,
1253 3042 1318 3094 ab
1376 3044 1670 3099 hominibus
1737 3047 2088 3102 conculcetur.

2209 558 2236 609 6
2282 557 2339 609 δὲ
2387 554 2560 608 ταῦτα
2602 555 2835 620 πενθῶν,
2869 559 2963 609 καὶ
3014 559 3190 626 πρᾶος
3236 557 3413 610 ἔσται’
3446 561 3473 610 6
3501 557 3558 610 δὲ
3602 558 3810 628 πρᾶος,

2209 648 2427 710 πάντως
2452 648 2604 700 ἔσται
2635 649 2728 699 καὶ
2756 648 2988 711 δίκαιος·
3028 651 3055 700 6
3080 649 3137 701 δὲ
3173 650 3400 714 δίκαιος,
3433 651 3527 703 καὶ
3555 650 3806 718 ἐλεήσειο

2208 737 2235 786 6
2267 737 2321 787 δὲ
2373 735 2550 788 ταῦτα
2607 737 2785 790 πάντα
2821 736 3199 804 κατορθώσας,
3235 739 3328 790 καὶ
3390 738 3504 808 (42)
3556 740 3811 808 καθαρὸς

2208 826 2360 879 ἔσται
2393 830 2458 896 τῇ
2495 828 2710 898 καρδίᾳ·
2747 829 2776 880 6
2807 827 2863 880 δὲ
2914 828 3176 894 τοιοῦτος,
3238 830 3332 882 καὶ
3371 832 3741 900 εἰρηνοποιός·
3782 834 3812 884 ὁ

2205 918 2260 970 δὲ
2292 919 2461 988 μέχρι
2497 921 2680 971 τούτου
2736 921 3044 989 προκόψας,
3077 923 3170 974 καὶ
3211 923 3341 990 πρὸς
3377 923 3657 985 κινδύνους
3700 940 3814 974 πα-

2211 1012 2522 1081 ρατὰξεται,
2554 1015 2648 1064 καὶ
2683 1014 2746 1065 ca
2803 1012 2928 1080 ἑξῆς
2965 1014 3335 1084 ὑποστήσεται
3374 1013 3805 1085 μεγαλοψύχως.

2211 1104 2554 1173 Παραινέσας
2582 1108 2760 1157 τοίνυν
2791 1105 2826 1159 ἃ
2867 1107 3162 1177 προσῆκεν,
3197 1109 3473 1161 ἀναπαύει
3512 1110 3675 1161 πάλιν
3707 1111 3813 1161 αὑ-

2204 1196 2330 1258 τοὺς
2363 1199 2472 1258 τοῖς
2509 1199 2829 1267 ἐγκωμίοις.

2289 1375 2569 1441 Ὑμεῖς-
2610 1373 2742 1444 γῆς.
2805 1375 2914 1444 Γῆν
2961 1375 3223 1440 ἐνταῦθα,
3276 1377 3405 1440 τοὺς
3472 1378 3810 1448 ἀνθρώπους

2204 1467 2486 1530 ἐκάλεσεν,
2517 1469 2590 1529 ώς
2624 1471 2689 1520 ἐκ
2743 1469 2848 1538 γῆς
2897 1468 3259 1531 πλασθέντας.
3299 1471 3364 1522 ὐ
3390 1471 3444 1522 δὲ
3480 1470 3652 1538 λέγει,
3686 1490 3810 1525 τοι-

2201 1558 2355 1611 οὗτόν
2387 1561 2562 1612 ἐστιν.
2614 1560 2678 1614 Oi
2734 1560 3016 1631 ἀνθρωττοι
3086 1563 3293 1625 πάντες
3351 1565 3629 1633 σεσήπασι
3677 1569 3812 1618 ταῖς

2202 1651 2523 1722 ἁμαρτίαις,
2577 1653 2974 1723 διαφθαρέντες
3038 1654 3143 1706 ὑπὸ
3196 1657 3293 1726 τῆς
3353 1656 3655 1728 ὑγρότητος
3691 1659 3807 1711 τῶν

2202 1744 2409 1795 παθὼνο
2452 1744 2608 1812 ὑμεῖς
2643 1745 2755 1811 οὖν,
2785 1746 3104 1814 ὲκλεγέντες
3139 1749 3270 1820 παρ’
3306 1748 3441 1818 ἐμοῦ
3506 1751 3644 1821 πρὸς
3713 1753 3800 1803 ία-

2194 1835 2381 1902 τρείαν
2410 1835 2507 1904 τῆς
2544 1837 2895 1905 παγκοσμίου
2942 1837 3147 1906 ταύτης
3206 1839 3526 1908 σηπεδόνος,
3574 1840 3707 1892 ἐστὲ
3739 1841 3808 1893 τὸ

2192 1930 2326 1993 ἁλας
2361 1929 2470 1982 τῶν
2499 1931 2827 2000 ἀνθρώπων,
2856 1931 3085 2002 δύναμιν
3107 1935 3342 2003 λογικὴν
3374 1934 3433 1998 ἐξ
3463 1935 3595 2004 ἐμοῦ
3640 1936 3795 2004 λαμ-

2194 2019 2450 2082 ϐάνοντες
2478 2021 2587 2088 (45)
2613 2021 2838 2088 στύφειν
2892 2025 3094 2084 αὐτοὺς
3151 2029 3255 2076 καὶ
3291 2027 3662 2094 ὲπισφίγγειν,
3700 2028 3806 2077 καὶ

2193 2111 2541 2166 ἀποκτείνειν
2578 2113 2676 2182 μὲν
2722 2114 2848 2176 τοὺς
2876 2114 3146 2183 ἀοράτους
3195 2115 3515 2187 σκώληκας,
3548 2118 3692 2188 φημὶ
3730 2120 3803 2192 δὴ

2193 2205 2320 2266 τοὺς
2344 2204 2610 2274 ἐμπαθεῖς
2645 2205 2964 2276 λογισμοὺς,
3000 2207 3374 2263 ἀπαλλάττειν
3418 2210 3476 2264 δὲ
3531 2213 3633 2282 τῆς
3663 2212 3804 2265 δυσο

2195 2295 2357 2357 ωδίας
2382 2295 2490 2348 τῶν
2513 2297 2956 2367 ἁμαρτημάτων.

2264 2385 2304 2456 -ι-
2337 2387 2400 2439 Ui
2425 2387 2524 2455 μὲν
2552 2389 2829 2456 προφῆται
2860 2389 2973 2460 (44)
3003 2392 3080 2452 είς
3112 2391 3173 2444 ἓν
3189 2392 3342 2458 ἔθνος
3368 2394 3798 2466 ἀπεστάλησαν

2195 2477 2352 2546 ὑμεῖς
2377 2478 2431 2531 δὲ
2459 2479 2556 2550 τῆς
2575 2483 2677 2550 γῆς
2695 2481 2912 2551 ἀπάσης
2950 2484 3076 2535 ὲσ;ὲ
3104 2485 3165 2538 τὸ
3187 2485 3344 2553 ἆλας,
3368 2486 3454 2539 διὰ
3482 2489 3578 2555 τῆς
3614 2488 3806 2542 διδαξ-

2195 2569 2390 2633 καλίας
2411 2571 2629 2623 καὶτῶν
2659 2572 2902 2644 ἐλέγχων
2943 2577 3238 2644 στύφοντες
3263 2582 3390 2642 τοὺς
3411 2583 3668 2651 χαύνους,
3704 2584 3802 2636 ἵνα

2199 2665 2274 2732 μὴ
2300 2666 2607 2734 γεννήσωσι
2643 2668 2771 2730 τοὺς
2822 2667 3225 2740 ἀτελευτήτους
3272 2675 3588 2744 σκώληκας.
3620 2678 3798 2730 ’Ὥστε

2201 2759 2276 2827 μὴ
2311 2757 2655 2829 ἁποὸάλλητε
2694 2761 2796 2830 τὴν
2843 2763 3191 2833 στυφνότητα
3240 2766 3351 2818 τῶν
3387 2767 3648 2836 ἐλέγχων,
3685 2771 3800 2823 κᾶν

2194 2845 2486 2916 διώκησθε.
2524 2849 2615 2900 Διό
2649 2864 2836 2916 φησιν·
2865 2848 3009 2903 Ἐὰν
3029 2851 3180 2912 δὲτὸ
3213 2853 3366 2921 ἅλας
3384 2856 3692 2928 μωρανθῇ,
3717 2860 3798 2912 ἐν

2195 2939 2316 2990 τίνι
2346 2939 2749 3004 ἁλισθήσεται
2781 2959 2801 3006 ;
2852 2945 2958 3008 Εἰς
2988 2943 3172 2998 οὐδὲν
3205 2947 3405 3014 ἰσχύει
3455 2948 3563 3016 ἔτι,
3599 2955 3652 3003 εἱ
3699 2953 3796 3023 μὴ

2191 3027 2503 3098 βληθῆναι
2535 3029 2672 3093 ἔξω,
2705 3031 2806 3083 καὶ
2863 3031 3338 3089 καταπατεῖσθαι
3375 3038 3494 3090 ὑπὸ
3528 3035 3647 3090 τῶν
3689 3040 3803 3093 ἁν-

505 3125 560 3179 Si
587 3128 734 3180 enim
767 3128 817 3182 is
845 3131 936 3198 qui
964 3132 1122 3186 docet
1155 3132 1453 3187 infatuatus
1483 3134 1671 3202 fuerit,
1700 3137 1805 3192 hoc
1837 3150 1940 3204 est,
1981 3155 2085 3193 non

2201 3121 2467 3188 θρώπων.
2485 3118 2543 3174 '0
2564 3121 2671 3192 γὰρ
2696 3120 3018 3184 διδάσκαλος
3045 3123 3142 3177 ἐὰν
3172 3126 3458 3197 μωρανθῇ,
3478 3129 3796 3198 τουτέστιν⁹

502 3221 681 3288 arguit
710 3234 773 3272 ac
798 3221 1038 3292 stringit,
1071 3222 1165 3275 sed
1203 3223 1479 3278 emollitus
1518 3234 1622 3290 est,
1653 3229 1705 3280 in
1755 3244 1864 3297 quo
1923 3229 2088 3284 salie-

503 3320 613 3372 tur,
654 3311 703 3364 id
748 3322 832 3366 est
862 3315 1213 3384 corrigetur?
1240 3315 1314 3370 Ex
1348 3332 1414 3370 eo
1461 3325 1707 3389 tempore
1750 3323 1910 3392 igitur
1942 3321 2088 3377 foras

504 3404 792 3473 projicitur
821 3419 849 3456 a
883 3406 1123 3475 magistri
1180 3405 1464 3476 dignitate,
1500 3419 1555 3463 et
1581 3412 1950 3477 conculcatur,
1985 3413 2088 3467 hoc

500 3505 606 3558 est,
637 3495 954 3563 despicitur.

576 3608 726 3665 Vers.
766 3607 852 3663 13.
914 3607 1061 3673 Quod
1089 3610 1134 3663 si
1160 3641 1232 3652 -—
1260 3611 1502 3666 satietur.
1545 3610 1688 3666 Salis
1735 3611 1957 3668 fatuitas
2000 3625 2087 3669 est

501 3702 754 3755 debilitas
785 3701 1158 3756 mordacitatis
1223 3703 1414 3772 ipsius.
1461 3703 1601 3756 Dicit
1656 3717 1832 3773 ergo:
1895 3702 2085 3759 Videte

499 3791 660 3861 quale
717 3791 1084 3845 ministerium
1139 3793 1298 3856 yobis
1351 3796 1805 3848 committendum
1864 3807 1968 3861 est,
2028 3807 2086 3852 et

500 3883 818 3936 contendite
853 3899 921 3936 ne
952 3883 1211 3937 laxeiuini
1249 3885 1753 3954 persecutionibus,
1778 3888 2086 3956 opprobriis

497 3989 562 4026 ac
615 3974 938 4039 maiedictis,
995 3983 1054 4028 ut
1111 3975 1432 4045 praadictum
1499 3986 1601 4041 est,
1653 3993 1833 4046 neque
1897 3978 2083 4032 utilem

502 4065 915 4118 mordacitatem
977 4067 1272 4136 respuatis.
1330 4066 1388 4122 Si
1436 4070 1573 4120 enim
1643 4070 1724 4122 sal
1787 4070 2086 4138 infatuatur

497 4157 682 4226 fuerit,
708 4173 808 4226 quo
848 4158 1098 4211 satietur?
1134 4159 1243 4213 Hoc
1274 4170 1376 4225 εει,
1422 4163 1465 4214 si
1504 4166 1599 4214 vos
1661 4162 1855 4216 molles
1903 4162 2084 4218 eﬂ‘ecti

497 4247 737 4313 fueritis,
763 4257 857 4302 aut
888 4251 1073 4303 utilem
1107 4251 1521 4305 mordacitatem
1569 4255 1940 4324 neglexeritis,
1974 4271 2085 4324 quo

497 4340 607 4392 alio
652 4339 764 4393 sa’le
805 4339 1100 4406 saliemini,
1159 4341 1274 4394 sive
1332 4342 1689 4405 condiemini,
1727 4346 1867 4397 sicut
1921 4347 2083 4399 liabet

499 4431 716 4486 Marcus
743 4430 832 4484 “‘l
873 4431 979 4487 Vos
1031 4433 1176 4486 enim
1231 4434 1308 4486 sal
1367 4433 1572 4489 electus
1602 4435 1757 4499 estis,
1819 4453 1922 4493 nec
1945 4437 2081 4492 alius

2191 3215 2240 3265 εἰ
2293 3213 2397 3266 οὐκ
2449 3212 2663 3284 ἐλέγχει
2698 3216 2793 3267 καὶ
2824 3215 3040 3282 στύφει,
3074 3217 3214 3269 ἀλλά
3251 3221 3534 3291 χαυνωθῇ,
3567 3222 3626 3274 ἐν
3680 3223 3797 3279 τίνι

2193 3307 2572 3378 ἁλισθήσεται,
2614 3309 2887 3373 τουτέστι,
2959 3309 3438 3382 διορθωθήσεται;
3493 3317 3628 3369 Ἀπὸ
3661 3319 3797 3373 τότε

2194 3396 2291 3452 οὖν
2330 3400 2432 3464 ἔξω
2480 3400 2737 3470 ῥίπτεται
2784 3400 2879 3454 τοῦ
2909 3403 3294 3458 διδασκαλικοῢ
3353 3407 3663 3479 ἀξιώματος
3695 3416 3798 3466 καὶ

2192 3495 2615 3555 καταπατεῖται,
2643 3496 2921 3560 τουτέστι,
2953 3501 3399 3565 καταφρονεῖται.

2272 3587 2414 3640 Ἐὰν
2445 3615 2504 3625 -
2537 3587 2960 3653 ἁλισθήσεται.
3015 3590 3215 3662 Μωρία
3269 3592 3466 3657 ἆλατός
3524 3597 3692 3660 ἐστιν,
3752 3600 3791 3668 ἡ

2189 3677 2448 3730 ἀσθένεια
2499 3681 2600 3747 τῆς
2633 3680 2925 3748 ποιότητος
2984 3681 3177 3736 αὑτοῦ.
3253 3685 3420 3752 Λέγει
3462 3685 3667 3754 τοίνυν,
3704 3688 3795 3742 ὅτι

2189 3769 2445 3832 Βλέπετε,
2475 3770 2594 3823 οἵαν
2622 3770 2902 3827 διακονίαν
2935 3773 3343 3846 ὲγχειρίξεσθαι
3377 3777 3625 3847 μέλλετε,
3685 3782 3793 3836 καὶ

2188 3861 2547 3928 ἀγωνίζεσθε,
2575 3863 2649 3932 μὴ
2669 3865 3019 3935 χαυνωθῆναι
3039 3867 3327 3936 διωγμοῖς,
3358 3869 3390 3940 ἢ
3424 3871 3786 3940 ὀνειδισμοῖς,

2187 3954 2218 4022 ἦ
2249 3953 2623 4022 κακολογίαις,
2656 3954 2733 4018 ὡς
2759 3957 3188 4028 προδεδήλωται,
3213 3961 3338 4030 μηδ’
3360 3963 3660 4017 ἀποϐαλεῖν
3679 3968 3787 4035 τὴν

2188 4044 2465 4114 ώρέλιμσν
2495 4047 2782 4116 ποιότητα.
2819 4047 2962 4102 Ἐὰν
2990 4051 3097 4121 γὰρ
3127 4052 3237 4122 (45)
3261 4055 3324 4106 τὸ
3360 4055 3516 4128 ᾂλας
3540 4073 3788 4125 μωραίνε-

2189 4135 2286 4205 θιῙ,
2333 4137 2402 4188 ἐν
2434 4137 2550 4190 τίνι
2609 4139 3031 4206 ἁλισθήσεται,
3092 4147 3395 4210 τουτέστιν,
3442 4146 3568 4201 Ἐἀν
3621 4148 3787 4218 ὑμεῖς

2189 4230 2531 4301 χαυνωθῆτε,
2566 4231 2597 4302 ἢ
2629 4232 2725 4303 τὴν
2753 4231 3034 4304 ὠφέλιμον
3065 4237 3328 4308 ποιότητα
3367 4238 3784 4310 ἀποδάλητε,ὲν

2187 4326 2290 4377 τίνι
2322 4325 2493 4394 ἑτέρῳ
2534 4325 2691 4378 ἅλατι
2722 4327 3109 4399 ἀλισθήσεσθε,
3149 4329 3330 4382 εἴτουν
3377 4333 3780 4404 ἀρτυθήσεσθε,

2185 4419 2259 4481 ὼς
2290 4422 2316 4471 6
2351 4419 2581 4487 Μάρκος
2614 4419 2728 4490 (46)
2769 4415 2946 4475 εἶπεν.
2995 4422 3186 4493 Ὑμεῖς
3218 4425 3328 4495 γάρ
3360 4427 3486 4478 ἐστε
3521 4429 3582 4480 τὸ
3615 4427 3782 4480 ἐκλε-

499 4522 743 4591 reliquus
803 4532 905 4576 est.
956 4522 1169 4588 Quanto
1201 4523 1363 4592 igitur
1419 4540 1528 4593 prae
1558 4528 1770 4580 caeteris
1823 4529 1889 4582 ad
1975 4528 2081 4581 hu-

2201 4514 2280 4581 (ὲν
2315 4513 2469 4578 ἃλας,
2501 4515 2594 4566 καὶ
2626 4515 2725 4584 οὐχ
2748 4515 3140 4571 ὑπολέλειπται
3177 4519 3386 4588 ἕτερον.
3414 4519 3564 4590 Ὀσῳ
3593 4521 3778 4574 τοίνυν

493 4613 735 4683 jusmodi
791 4614 1158 4668 ministerium
1207 4615 1365 4670 electi
1431 4619 1584 4684 estis,
1628 4627 1779 4672 tanto
1853 4620 2087 4690 amplius

501 4719 697 4758 cavere
727 4705 959 4768 debetis,
994 4721 1063 4760 ne
1119 4707 1187 4761 ob
1215 4708 1490 4778 propriam
1523 4710 1810 4764 mollitiem
1839 4726 1903 4765 ac
1957 4712 2084 4764 inus

501 4796 772 4862 tilitatem,
801 4807 858 4853 et
903 4799 1333 4869 putrefactorum
1366 4802 1749 4872 perditionem,
1788 4812 1848 4857 ut
1881 4804 2083 4859 dictum

499 4895 603 4952 est,
630 4890 872 4943 accusari
902 4891 1145 4960 possitis.

577 4979 728 5036 νει-ε.
769 4984 852 5036 15.
888 4985 970 5037 Ad
994 5015 1056 5024 ——
1079 4987 1395 5042 hominibus.
1436 4987 1514 5042 Ad
1544 4988 1682 5042 nihil
1711 4987 1943 5058 amplius
1977 4988 2073 5041 uti-

605 5155 650 5186 ⁸⁹
681 5154 844 5210 Marc.
867 5172 944 5218 ιι,
979 5155 1065 5211 50.

2187 4608 2553 4677 προεκρίθητε
2581 4608 2801 4660 πάντων
2833 4610 2911 4671 εἰς
2945 4611 3046 4679 τὴν
3063 4611 3322 4682 τοιαύτην
3345 4612 3783 4681 διακονίανῃοσ·

2183 4702 2327 4769 ούτῳ
2382 4702 2678 4770 προσέχειν
2722 4700 2995 4768 ὀφείλετε,
3029 4702 3115 4754 ἵνα
3174 4703 3248 4772 μὴ
3284 4703 3513 4774 καὶτῆς
3562 4706 3779 4758 ἑαυτῶν

2180 4797 2534 4866 χαυνότητος,
2591 4802 2688 4847 καὶ
2725 4795 3143 4863 ἀνενεργησίας,
3174 4797 3268 4847 καὶ
3296 4797 3395 4862 τῆς
3428 4797 3536 4848 τῶν
3566 4815 3776 4869 σεσημ-

2184 4893 2382 4960 μένων,
2415 4890 2490 4950 ὡς
2517 4891 2758 4959 εἴρηται,
2787 4887 3067 4950 ἀπωλείας
3101 4889 3449 4960 ἀπαιτηθῆτε
3479 4889 3660 4962 δίκην.

2268 4985 2372 5048 Εἰς
2428 5013 2490 5023 -η
2539 4980 2886 5050 ἀνθρώπων.
2939 4981 3029 5044 Εἰς
3081 4982 3238 5035 οὐδὲν
3291 4984 3370 5036 ἔτι
3417 4984 3774 5056 χρησιμεύει,

1665 5252 1858 5311 Varia:
1909 5250 2214 5311 lectiones
2245 5259 2301 5312 et
2344 5255 2530 5309 nota).

574 5419 685 5484 (Η)
732 5416 1133 5490 Ἀμαρτήματα
1154 5419 1199 5474 Α

570 5490 682 5559 (ιε)
719 5489 847 5550 Καί,
881 5490 1167 5544 omittitA.

573 5560 684 5632 με)
721 5559 960 5632 Δύναμιν
985 5560 1204 5632 στύφειν
1238 5575 1346 5614 non
1383 5559 1646 5632 cohaeret.
1670 5561 1774 5614 Aut
1804 5577 1933 5632 ergo
1961 5559 2076 5626 τοῦ,

503 5639 597 5682 aut
618 5628 758 5698 ὥστε
786 5628 1243 5698 interponendum
1274 5638 1401 5682 ante
1435 5630 1678 5697 στύφειν.

575 5697 686 5770 (μ)
718 5697 793 5752 Ex
834 5697 1227 5768 TheOphylact.
1261 5717 1314 5770 p.
1344 5700 1410 5752 ‘27
1449 5699 1511 5752 E.

574 5767 686 5841 (45)
717 5770 782 5821 At
813 5787 910 5841 pro
933 5767 1037 5841 γάρ
1058 5767 1124 5824 Ᾱ.

2261 5417 2372 5485 (46)
2411 5417 2630 5470 Scilicet
2657 5416 2866 5471 “arcus
2895 5417 3057 5470 habet
3091 5418 3378 5487 ἀρτύσετε.
3409 5419 3512 5474 Sed
3541 5424 3774 5477 mutavit

2191 5498 2426 5554 tempus,
2481 5497 2539 5539 ut
2587 5489 2927 5556 atquiparare
2975 5500 3157 5557 posset
3201 5490 3438 5542 Matthrei
3481 5495 3771 5546 vocabulo.

2187 5559 2293 5611 Sed
2325 5558 2697 5628 ἀρτυθήσεται
2723 5569 2901 5610 tamen
2926 5575 2988 5611 ex
3023 5560 3205 5627 aliquo
3239 5559 3444 5614 scholio
3481 5575 3774 5628 occupavit

2188 5627 2482 5680 nonnullos
2513 5628 2676 5680 Marci
2708 5630 2948 5692 codices,
2977 5629 3029 5683 in
3054 5628 3138 5684 his
3170 5646 3350 5684 meum
3375 5646 3496 5684 cum
3527 5627 3772 5695 scholiis,

2188 5713 2349 5765 quem
2391 5701 2607 5765 appello
2635 5698 2716 5750 l2.
