4026 6500
188 365 283 429 ΞἿΙ
1108 362 1504 423 ΕΟΜΜΕΝΤ.
1552 360 1632 420 ΙΝ
1671 360 1777 419 MA

1901 359 2153 419 H/EUM.
2195 383 2266 397 —
2305 360 2461 423 CAP.
2510 361 2579 420 V.

3392 363 3495 428 202

189 478 475 551 μωρανοεν
526 479 586 529 τὸ
637 474 875 544 δηλωοὲν
936 472 1095 539 ἃλας.
1152 476 1201 526 εἰ
1237 475 1311 543 μὴ
1344 476 1423 537 εἰς
1456 473 1515 524 τδ
1553 472 1778 542 ῥιφῆναι

1901 469 1955 523 ‘is
1987 480 2071 524 est
2098 470 2179 524 sal
2216 471 2544 534 infatuatus,
2573 471 2677 525 nisi
2705 480 2763 525 ut
2805 483 2958 527 extra
3014 474 3352 531 Dominicam
3396 494 3494 534 au-

185 572 287 636 ἐξω
316 571 415 639 τῆς
472 568 811 636 Δεσποτικῆς
862 565 1058 636 αὐλῆς,
1098 568 1193 619 καὶ
1250 564 1717 625 καταπατεῖσθαι,
1752 565 1779 616 ὃ

182 666 290 714 ἐστι
324 660 789 729 καταφρονεῖσθαι
820 661 968 729 παρὰ
1001 660 1111 711 τῶν
1160 658 1487 729 ἀνθρώπων.

259 756 459 824 ’Υμεῖς
490 784 560 793 —-
594 756 851 822 κόσμου.
918 754 1141 821 Κόσμον
1193 755 1358 807 πάλιν
1408 757 1537 817 τοὺς
1595 757 1653 807 ἐν
1698 755 1779 825 τῷ

178 849 364 917 κόσμῳ
390 844 545 901 εἶπεν
586 846 936 915 ἀνθρώπους.
968 842 1042 899 ὧν
1080 848 1482 900 σκοτισοέντων
1510 847 1590 917 τῷ
1624 848 1778 917 ξόφίξι

174 942 271 1005 τῆς
306 941 535 1010 πλάνης,
581 938 791 1007 Ὑμεῖς,
818 940 1003 1008 φησιν,
1025 938 1313 1009 ἐξελέγητε
1354 936 1497 993 εἶναι
1531 940 1649 1009 φῶς
1678 941 1776 992 αὐ-

173 1034 305 1097 τῶν,
336 1033 482 1086 ὥστε
517 1033 778 1101 φωτίζειν
820 1035 885 1084 τὰ
946 1032 1173 1102 ὄμματα
1207 1034 1317 1085 τῶν
1343 1034 1533 1103 ψυχῶν
1565 1034 1773 1097 αὐτῶν,

172 1128 313 1192 φωτὶ
363 1123 721 1187 διδασκαλίας
774 1123 871 1177 καὶ
909 1128 1049 1193 φωτὶ
1080 1128 1360 1195 γνώσεως,
1405 1131 1774 1199 χειραγωγεῖν

169 1218 366 1279 αὐτοὺς
404 1215 499 1268 ἐπὶ
534 1217 634 1286 τὴν
660 1217 1034 1287 ὀρθὴντρίὸον
1067 1219 1164 1288 τῆς
1193 1220 1500 1282 εὐσεϐείας.
1536 1221 1643 1274 Δύο
1659 1221 1772 1274 τοί-

169 1328 263 1363 νυν
294 1309 572 1372 διακονίας
607 1308 1080 1381 ὲνεχειρίσθησαν,
1111 1312 1171 1363 τι
1200 1312 1411 1377 ἁλίζειν
1441 1315 1537 1367 καὶ
1568 1316 1627 1367 τὸ
1653 1332 1773 1383 φω-

168 1400 365 1464 τίζειν.
398 1403 491 1454 Δεῖ
512 1402 621 1471 γὰρ
650 1403 869 1471 πρῶτον
905 1404 1296 1477 ἀπαλλαγῆναι
1329 1408 1428 1478 τῆς
1451 1409 1771 1479 σηπεδόνος,

166 1491 289 1550 εἶτα
320 1497 723 1567 συνετισθῆναι.

243 1592 329 1644 οὐ
363 1620 429 1631 -
463 1593 734 1663 κειμένη.
788 1594 890 1649 Διὰ
923 1594 1131 1663 ταύτης
1158 1596 1257 1665 τῆς
1292 1595 1636 1668 παραϐολῆς,
1676 1601 1774 1650 καὶ

167 1685 263 1755 τῆς
292 1685 435 1754 μετὰ
462 1685 695 1756 ταύτην,
724 1690 805 1752 εἰς
837 1689 1130 1761 ἀκρίϐειαν
1163 1691 1258 1743 καί⁵
1292 1690 1599 1759 ἀσφάλειαν
1651 1690 1770 1761 βίου

168 1777 396 1841 τούτους
429 1780 637 1846 ἐνάγει,
695 1783 793 1835 καὶ
847 1783 1185 1852 ἐναγωνίους
1228 1780 1385 1837 εἶναι’
1423 1782 1662 1849 κελεύει,
1695 1788 1771 1847 ὡς

171 1869 278 1924 ὕπὸ
306 1874 420 1935 τοῖς
444 1874 702 1927 ἁπάντων
726 1876 1032 1946 ὀφθαλμοῖς
1066 1875 1159 1929 τοῦ
1216 1876 1409 1929 λοιποῦ
1458 1880 1777 1945 κειμένους,

170 1962 267 2015 καὶ
288 1964 352 2015 ὲν
389 1964 543 2035 μέσῳ
568 1966 646 2036 τῷ
672 1967 889 2038 θεάτρῳ
909 1970 1009 2039 τῆς
1049 1970 1383 2038 οἰκουμένης
1429 1969 1779 2040 ἀγωνιζομέ-

170 2074 320 2119 νους.
357 2060 442 2112 Οὐ
479 2059 757 2124 δύναται,
801 2062 964 2131 φησὶ,
993 2063 1172 2128 πόλις
1227 2062 1526 2131 κρυϐῆναι
1573 2063 1780 2117 ἐπάνω

174 2148 358 2217 ὅρους
382 2150 652 2221 κειμένη·
684 2153 805 2207 οὐδὲ
858 2158 1019 2225 ὑμεῖς
1072 2154 1305 2209 δύνασθε
1352 2156 1651 2225 κρυὸῆναι,
1686 2157 1780 2209 ἐπὶ

168 2242 261 2297 τοῦ
281 2241 453 2315 ὕψους
477 2247 573 2315 τῆς
598 2245 945 2311 διδασκαλίας
967 2248 1235 2312 τεθέντες.
1259 2250 1461 2303 Λοιπὸν
1489 2246 1581 2303 οὖν
1609 2266 1779 2318 προσο

171 2338 349 2407 ἔχετε,
380 2338 500 2401 πῶς
562 2339 923 2394 πολιτεύεσθε
962 2343 1057 2395 καὶ
1092 2344 1313 2410 γίνεσθε
1362 2346 1475 2405 τοῖς
1534 2342 1777 2395 ἀποϐλέ-

170 2449 369 2485 πουσιν
403 2434 485 2497 είς
518 2433 663 2502 ὑμᾶς
699 2433 986 2488 κάλλιστον
1030 2435 1349 2505 ἀρχέτυπον
1390 2437 1484 2489 καὶ
1516 2435 1638 2505 βίον
1686 2436 1779 2489 καὶ

169 2524 358 2594 λόγου.

248 2617 605 2684 Οὐδὲ-τοῖς
629 2620 699 2672 ἐν
729 2618 802 2687 τῇ
851 2620 1033 2686 οἰκίᾳ.
1080 2619 1219 2673 Οὐδ’
1250 2618 1599 2674 ἀνάπτουσι
1617 2638 1777 2687 τινες

170 2712 433 2780 λύχνον,
462 2716 555 2765 καὶ
584 2713 651 2765 τὰ
677 2712 825 2783 ἑξῆς.
883 2712 1089 2766 Λοιπὸν
1117 2709 1212 2766 οὖν
1243 2712 1353 2765 οὐδ’
1388 2714 1524 2779 ἐγὼ,
1560 2713 1775 2782 ἀνάψας

173 2803 323 2871 ὑμᾶς
358 2804 502 2872 φωτὶ
517 2788 879 2871 θεογνωσίας,
914 2804 1181 2874 βούλομαι
1210 2806 1355 2875 ὑμᾶς
1391 2803 1774 2875 κρύπτεσθαι*

172 2896 291 2949 ἀλλ’
322 2896 431 2950 ίδοῦ
460 2897 653 2967 τίθημι
695 2898 842 2966 ὑμᾶς
874 2898 973 2951 ὲπί
1023 2900 1123 2967 τὴν
1177 2899 1425 2967 λυγνίαν,
1490 2898 1639 2966 λέγω
1687 2899 1773 2969 δὴ,

171 2988 269 3039 ἰπὶ
296 2986 388 3038 τὸν
444 2986 648 3058 ὑψηλὸν
687 2990 851 3041 τόπον
884 2990 982 3057 τῆς
1017 2989 1392 3053 διδασκαλίας,
1429 2988 1571 3042 ὥστε
1606 2993 1775 3060 φωτί·

172 3078 290 3142 ζειν
335 3079 544 3143 πάντας
574 3082 703 3143 τοὺς
735 3082 793 3134 ἑν
822 3084 890 3151 τῇ
924 3082 1250 3153 οίκουμένῃ.

248 3170 502 3225 Οὕτω-
536 3172 644 3225 τὸν
688 3173 758 3226 ἐν
786 3172 914 3239 τοῖς
962 3174 1269 3240 οὐρανοῖς.
1317 3174 1628 3246 [Λαμψάτω
1660 3175 1773 3244 (47)
1809 3212 1849 3269 c

168 3258 269 3317 οὖν
289 3262 482 3326 είπὼν,
504 3263 564 3315 οὐ
585 3263 801 3317 κελεύει
816 3264 1127 3333 θεατρίζειν
1146 3265 1244 3336 τὴν
1264 3268 1489 3337 ἀρετὴν,
1522 3266 1639 3319 ἀλλ’
1662 3267 1777 3336 (48)

169 3354 508 3427 ἐργάζεσθαι
565 3356 760 3426 αὐτὴν,
821 3357 1081 3410 εἰωθυῖαν
1116 3358 1208 3427 ἀφ’
1252 3358 1459 3427 ἑαυτῆς
1515 3358 1777 3428 λάμπειν,

174 3450 271 3501 καὶ
310 3449 513 3519 ἑαυτὴν
534 3448 889 3519 δημοσιεύειν
926 3449 1070 3503 κατὰ
1092 3450 1194 3519 τὴν
1214 3450 1311 3503 τοῦ
1357 3451 1534 3520 μύρου
1565 3449 1778 3523 φύσιν.]

173 3544 277 3598 Διὰ
327 3542 487 3595 τοῦτο
539 3542 595 3596 δὲ
651 3542 763 3611 (49)
816 3542 1088 3612 λαμψάτω
1121 3547 1147 3614 ἡ
1179 3544 1494 3614 καθαρότης
1530 3544 1624 3597 τοῦ
1658 3544 1777 3613 βίου

174 3638 271 3687 καὶ
298 3635 465 3702 λόγου
499 3635 658 3705 ὑμῶν
690 3634 930 3717 ἑνώπιρν
960 3636 1069 3688 τῶν
1096 3636 1427 3706 ἀνθρώπων,
1460 3636 1561 3707 οὐχ
1588 3637 1777 3690 ἕνεκεν

170 3727 725 3798 ἁνθρωπαρεσκείας,
758 3727 876 3780 ἀλλ’
928 3729 1031 3782 ἵνα
1062 3728 1280 3782 ἴδωσιν
1312 3728 1484 3798 ὑμῶν
1518 3730 1591 3783 τὰ
1617 3730 1778 3784 καλὰ

171 3822 339 3890 ἔργα,
368 3823 437 3873 τὰ
460 3823 515 3873 ὲν
547 3822 783 3891 πράξεσι
842 3822 939 3874 καὶ
987 3822 1170 3890 λόγοις
1195 3864 1210 3887 ,
1267 3824 1363 3874 καὶ
1417 3822 1776 3892 μιμήσωνται

172 3912 370 3967 ταῦτα.
390 3914 511 3967 Ἔτι
530 3914 587 3967 δὲ
617 3916 734 3980 καὶ,
762 3916 863 3969 ἵνα
887 3914 1201 3980 δοξάσωσι
1226 3915 1334 3969 τὸν
1355 3916 1589 3984 Πατέρα
1608 3916 1779 3985 ὑμῶν

173 4006 285 4059 τὸν
314 4008 387 4061 ἐν
436 4008 561 4074 τοῖς
590 4008 896 4077 οὐρανοῖς,
957 4009 1079 4078 ἦτοι
1119 4010 1214 4061 τὸν
1272 4008 1428 4071 Θεὸν,
1482 4002 1636 4077 ᾧτινι
1687 4008 1777 4061 διὰ

178 4102 423 4163 πίστεως
484 4099 869 4171 υἱοθετήθητε,
900 4102 1009 4153 υίοὶ
1056 4103 1158 4170 μὲν
1210 4100 1403 4165 αὐτοῦ,
1458 4102 1683 4169 ἀδελφοὶ
1719 4101 1779 4154 δὲ

175 4194 314 4264 ἐμοῦ
337 4195 643 4264 γενόμενοι.
691 4194 1031 4266 Ὑμνήσουσι
1070 4195 1384 4265 γὰραύτὸν,
1413 4194 1489 4259 ὡς
1512 4194 1777 4265 τοιαύτην

173 4284 559 4352 ἐντειλάμενον
606 4284 911 4338 πολιτείαν.
970 4285 1082 4337 Καὶ
1150 4285 1258 4355 μὴν
1318 4286 1486 4349 αὐτὸς
1564 4286 1777 4356 ταύτην

175 4376 507 4439 ἐνετείλατο,
572 4376 689 4431 ἀλλ’
746 4378 905 4431 εἴωθε
961 4378 1033 4430 τὰ
1098 4376 1297 4430 ἑαυτοῦ
1365 4378 1778 4450 κατορθώματα

173 4470 254 4540 τῷ
273 4472 449 4541 "arpi
472 4470 737 4534 πολλάκις
755 4470 1094 4536 ἀνατιθέναι,
1110 4472 1185 4535 ὡς
1214 4474 1501 4542 προϊόντες
1534 4473 1774 4545 εὑρήσο-

1886 563 1992 616 lam
2030 564 2377 633 projiciatur,
2410 573 2467 619 et
2501 564 2885 632 conculcetur,
2923 568 3029 625 hoc
3066 581 3173 636 est,
3225 572 3498 643 despicia-

1887 666 1975 709 tur
2001 656 2071 711 ab
2106 656 2447 711 hominibus.

1957 750 2112 805 Vers.
2177 751 2264 805 Η.
2335 750 2737 806 Vos-~—nrundi.
2802 752 3067 808 Mundum
3115 770 3311 810 rursus
3362 755 3501 810 dixit

1884 844 2138 898 homines
2206 845 2259 898 in
2328 846 2538 900 mundo
2604 847 2963 904 habitantes:
3027 849 3230 918 quibus
3292 850 3502 906 erroris

1881 937 2117 1008 caligine
2178 938 2509 1003 obscuratis,
2562 938 2691 1005 Vos,
2746 940 2949 1009 inquit,
3005 941 3169 995 electi
3235 942 3397 1005 estis,
3443 954 3503 1001 ut

1882 1031 2200 1089 luxseorum
2263 1032 2410 1093 sitis.
2449 1043 2618 1102 utque
2658 1034 2851 1090 oculos
2906 1035 3217 1089 animarum
3257 1036 3503 1106 ipsorum

1881 1126 2004 1179 luce
2041 1126 2310 1181 doctrinae
2357 1142 2421 1181 ac
2462 1127 2711 1181 scientiae
2745 1127 3095 1194 illuminetis,
3137 1138 3195 1184 et
3238 1130 3304 1184 ad
3333 1132 3503 1187 semi-

1881 1224 1963 1270 tas
1996 1225 2177 1271 rectas
2228 1217 2401 1271 divini
2444 1218 2629 1272 cultus
2660 1219 2972 1274 deducatis.
3006 1219 3141 1275 Ideo
3177 1237 3379 1293 nempe
3398 1223 3507 1279 mi-

1879 1309 2170 1363 nisterium
2214 1309 2447 1365 saliendi
2498 1326 2560 1365 ac
2595 1311 2947 1366 illuminandi
3011 1314 3095 1368 eis
3138 1316 3501 1373 commissum

1878 1408 2020 1453 erat.
2077 1399 2328 1455 Primum
2361 1403 2513 1456 enim
2572 1412 2792 1473 oportet
2825 1419 2856 1458 a
2913 1404 3209 1474 putredine
3252 1406 3504 1474 liberari,

1881 1494 2083 1547 deinde
2130 1494 2362 1548 erudiri.

1958 1588 2114 1644 Vers.
2175 1588 2263 1643 M.
2302 1588 2425 1643 Non
2452 1592 2723 1654 hposita.
2782 1590 2889 1647 Per
2951 1592 3097 1649 hanc
3148 1605 3506 1665 sequentem-

1880 1697 1988 1751 que
2019 1682 2337 1750 parabolam
2386 1682 2453 1737 ad
2499 1685 2625 1739 vitae
2670 1684 3070 1755 perfectionem
3129 1704 3194 1744 ac
3231 1690 3503 1745 munitio-

1889 1792 2016 1830 nem
2044 1776 2193 1845 ipsos
2242 1777 2457 1831 inducit
2494 1777 2619 1848 (rr),
2682 1789 2739 1833 et
2785 1782 3158 1836 certaminum
3210 1782 3506 1853 praefectos

1893 1885 2015 1924 esse
2045 1871 2224 1939 jubet,
2258 1881 2520 1941 tanquam
2546 1872 2651 1926 sub
2695 1875 2946 1928 omnium
2998 1876 3177 1930 oculis
3225 1876 3279 1931 in
3320 1887 3509 1948 poste-

1893 1980 2015 2017 rum
2048 1966 2358 2034 ponendos,
2392 1975 2447 2020 et
2478 1968 2532 2019 in
2563 1967 2747 2021 medio
2814 1966 2984 2037 hujus
3034 1970 3227 2024 mundi
3289 1972 3505 2029 theatro

1893 2071 2197 2116 certantes.
2257 2062 2376 2116 Non
2409 2073 2599 2129 potest,
2653 2065 2856 2134 inquit,
2888 2066 3081 2119 civitas
3122 2068 3379 2122 abscondi
3410 2086 3505 2123 sn-

1891 2171 1984 2222 per
2031 2165 2262 2208 montem
2298 2156 2497 2225 posita.
2554 2156 2744 2226 Neque
2801 2173 2897 2213 vos
2947 2159 3215 2213 occultari
3268 2163 3508 2230 potestis

1893 2246 1947 2299 in
1970 2247 2257 2315 doctrina:
2288 2247 2580 2303 altitudine
2632 2249 2913 2332 collocati.
2954 2249 3252 2321 Reliquum
3287 2264 3375 2309 est
3399 2254 3505 2327 igi-

1894 2347 2004 2401 tur,
2042 2337 2347 2393 utsolliciti
2375 2338 2520 2404 sitis,
2557 2340 2838 2407 quomodo
2872 2341 3218 2411 gubernetis,
3268 2352 3326 2398 et
3384 2344 3507 2399 aliis
3580 2332 3586 2341 ’

1891 2433 2084 2484 oculos
2117 2432 2170 2482 in
2208 2446 2308 2484 vos
2343 2429 2661 2501 figentibus,
2706 2432 2979 2503 Optimum
3046 2434 3168 2490 sitis
3220 2436 3508 2506 exemplar

1890 2523 2018 2575 vitae
2052 2538 2115 2577 ac
2151 2522 2441 2577 doctrinm.

1966 2613 2124 2668 Vers.
2185 2615 2274 2668 15.
2306 2615 2492 2685 Neque
2517 2618 2694 2687 —qui
2724 2618 2780 2671 in
2838 2619 2997 2673 domo
3039 2629 3185 2673 sunt.
3216 2649 3277 2662 -—
3318 2619 3510 2691 Neque

1889 2709 2128 2761 accendit
2162 2710 2448 2779 quisquam
2487 2710 2785 2776 lucernam,
2826 2722 2936 2767 etc.
2993 2712 3186 2767 Restat
3236 2713 3419 2785 igitur,
3450 2723 3510 2769 ut

1890 2816 2070 2868 neque
2103 2816 2204 2871 ego
2236 2817 2330 2855 vos
2360 2816 2428 2855 eo
2473 2800 2584 2855 fine
2628 2800 2816 2855 divina
2841 2801 3077 2856 scientia
3125 2805 3505 2871 accentteriin,

1890 2902 1947 2945 ut
1978 2892 2381 2947 absconderem
2409 2909 2423 2945 :
2456 2893 2554 2947 sed
2603 2908 2735 2947 ecce
2767 2909 2917 2964 pono
2948 2910 3046 2949 vos
3103 2910 3273 2965 super
3306 2896 3511 2950 cande-

1887 2986 2128 3046 labrum,
2156 2984 2263 3039 hoc
2289 2993 2395 3049 est.
2452 3000 2622 3055 super
2655 2985 2945 3041 excelsum
2998 2988 3266 3041 doctrinae
3298 2988 3505 3055 locum,

1889 3088 1949 3131 ut
1974 3092 2169 3132 omnes
2197 3079 2290 3148 qui
2327 3079 2382 3131 in
2413 3078 2579 3132 domo
2613 3086 2766 3143 sunt,
2803 3079 3160 3135 illuminetis.

1966 3170 2123 3225 Vers.
2156 3170 2242 3223 IG.
2277 3168 2559 3241 Sic—qui
2588 3173 2643 3224 in
2687 3171 2833 3225 caelis
2886 3179 2985 3226 est.
3024 3171 3233 3227 Luceat
3273 3188 3409 3228 sane
3427 3173 3511 3228 di-

1888 3278 2045 3327 cens,
2076 3279 2184 3317 non
2215 3262 2374 3331 jubet
2412 3273 2472 3317 ut
2509 3262 2564 3315 in
2599 3265 2979 3333 spectaculum
3010 3263 3187 3319 virtus
3242 3275 3509 3335 ponatur,

1886 3356 1983 3410 sed
2032 3356 2238 3425 utipsa
2268 3371 2439 3424 opere
2491 3357 2866 3426 compleatur,
2917 3371 3040 3425 quae
3074 3372 3174 3425 per
3228 3372 3288 3411 se
3319 3358 3508 3412 lucere

1886 3449 2054 3510 solet,
2102 3462 2167 3501 ac
2198 3449 2439 3516 seipsam
2473 3444 2745 3517 unguenti
2801 3458 2961 3501 more
2990 3447 3286 3517 prapalare
3317 3465 3331 3500 :
3382 3447 3509 3504 ideo

1884 3538 2067 3592 luceat
2108 3540 2321 3608 puritas
2357 3539 2483 3592 vitae
2515 3553 2580 3591 ac
2630 3538 2913 3592 sermonis
2960 3541 3133 3594 vestri
3192 3556 3381 3595 coram
3415 3541 3513 3596 ho—
3594 3536 3607 3547 ’

1887 3632 2153 3698 minibus,
2208 3648 2317 3686 non
2382 3632 2455 3686 ob
2519 3631 2770 3685 studium
2856 3630 3182 3687 hominibus
3229 3633 3511 3702 placendi,

1885 3727 1982 3780 sed
2023 3736 2078 3777 ut
2109 3725 2321 3778 videant
2348 3734 2519 3777 vestra
2575 3740 2737 3791 opera
2768 3723 2930 3789 bona,
2978 3741 3102 3795 qua:
3154 3726 3419 3795 operibus
3449 3743 3514 3782 ac

1886 3819 2243 3873 sermonibus
2301 3819 2617 3882 imitentur,
2652 3825 2707 3871 et
2759 3829 3025 3885 praeterea
3087 3828 3145 3871 ut
3213 3819 3511 3889 gloriﬁcent

1886 3911 2110 3967 Patrem
2141 3921 2396 3974 vestrum,
2431 3911 2523 3981 qui
2571 3912 2628 3963 in
2672 3910 2814 3965 (telis
2881 3921 2983 3975 est,
3027 3910 3135 3965 hoc
3188 3922 3277 3967 est
3316 3914 3509 3976 Deum.

1888 4021 1917 4058 a
1950 4020 2061 4075 quo
2092 4020 2191 4074 per
2230 4004 2393 4058 fidem
2430 4002 2679 4081 adoptati
2747 4007 2923 4066 estis;
2963 4002 3059 4057 lilii
3107 4004 3332 4073 quidem
3361 4008 3508 4078 ejus.

1894 4093 2099 4147 fratres
2130 4100 2316 4146 autem
2350 4090 2461 4145 mei
2491 4089 2708 4145 effecti:
2736 4089 2970 4143 laudant
3020 4091 3169 4144 enim
3206 4094 3414 4162 ipsum,
3452 4104 3514 4147 ut

1886 4186 1981 4256 qui
2048 4184 2368 4255 hujusmodi
2426 4183 2677 4253 politiam
2739 4181 3107 4237 ordinaverit.
3152 4183 3275 4254 Ipse
3326 4196 3513 4242 tamen

1885 4278 2153 4334 Christus
2199 4278 2344 4332 hanc
2373 4275 2689 4341 constituit,
2739 4275 2835 4330 sed
2871 4276 3097 4347 prepria
3140 4293 3308 4346 opera
3373 4280 3515 4335 solet

1888 4374 2038 4428 Patri
2068 4372 2394 4443 frequenter
2424 4370 2756 4438 attribuere,
2801 4381 2861 4426 ut
2907 4371 2964 4425 in
2996 4375 3365 4443 sequentibus
3410 4381 3516 4432 erit

1888 4464 2187 4519 invenire:
2232 4464 2457 4519 Patrem
2489 4462 2754 4518 videlicet
2803 4463 3108 4531 honorans,
3154 4474 3211 4520 et
3255 4467 3516 4522 similiter

180 4581 304 4633 μεν,
338 4563 521 4632 τιμῶν
563 4562 638 4625 ὡς
680 4564 925 4634 Πατέρα,
975 4568 1070 4617 καί
1113 4567 1233 4636 ἅμα
1267 4567 1555 4634 δεικνύων,
1592 4568 1676 4622 ὅτι
1718 4570 1778 4623 ἐν

1901 4560 2307 4625 demonstrans,
2346 4558 2496 4629 quod
2547 4572 2719 4613 unum
2753 4556 2867 4611 sint
2920 4558 3065 4614 sicut
3092 4569 3313 4627 natura,
3353 4561 3431 4617 ita
3459 4571 3517 4619 et

176 4661 334 4720 εἰσιν,
370 4656 561 4726 ὥσπερ
583 4662 649 4726 τῇ
688 4656 871 4727 φύσει,
907 4658 1050 4711 οὕτω
1082 4660 1178 4712 καὶ
1212 4659 1294 4730 τῷ
1335 4659 1630 4732 θελήματι.

256 4751 505 4823 [’Υμῶν,
535 4753 647 4823 (50)
682 4753 869 4821 φησὶν,
898 4753 1291 4823 ἐργαζομένων
1330 4758 1398 4807 τὰ
1433 4757 1599 4821 καλὰ,
1633 4759 1780 4827 λαμ-

178 4845 333 4915 ψάτω
366 4848 426 4898 τὸ
449 4846 544 4899 ἀπ’
571 4846 754 4898 αὐτῶν
786 4846 901 4914 φῶς
929 4849 1109 4917 ὺμιον,
1146 4848 1174 4900 ὃ
1194 4848 1313 4913 καὶ,
1348 4849 1579 4919 μηδενὸς
1604 4850 1775 4920 δημο-

179 4937 478 5001 σιεύοντος,
503 4938 695 4991 εἴωθεν
719 4939 853 4992 αὐτὸ
884 4940 1049 4993 ἑαυτὸ
1078 4939 1439 5012 θριαμϐεύειν
1462 4943 1781 4996 ἀποπαλλό-

181 5052 345 5104 μενον
384 5035 494 5087 τῶν
520 5034 750 5107 καλῶν]

248 5130 351 5197 Μὴ
386 5160 458 5169 -
487 5129 831 5199 πληρῶσαι.
874 5130 1102 5203 Ἐπειδὴ
1137 5129 1367 5202 μείζονα
1393 5131 1505 5185 τῶν
1530 5130 1785 5185 παλαιῶν

1885 4654 2200 4708 voluntate.

1953 4745 1995 4817 -ι-
2038 4744 2234 4810 Vobis,
2262 4745 2463 4816 inquit,
2498 4745 2644 4801 bona
2694 4760 2864 4817 opera
2898 4743 3261 4811 facientibus,
3334 4746 3516 4801 luceat

1884 4841 1953 4896 ab
1978 4841 2063 4895 eis
2096 4840 2187 4895 lux
2221 4853 2409 4896 veStra
2435 4858 2451 4895 :
2480 4856 2603 4911 quae
2636 4840 2793 4896 nullo
2833 4840 3003 4896 etiam
3038 4840 3387 4912 publicante,
3416 4855 3517 4911 per

1884 4937 2127 5006 seipsam
2187 4935 2536 5007 triumphare
2589 4937 2732 4992 solet
2765 4935 2892 5010 (ss),
2944 4953 2977 4993 a
3027 4935 3194 4992 bonis
3246 4934 3514 5007 operibus

1891 5030 2211 5102 prosiliens.

1972 5126 2133 5183 Vers.
2180 5128 2273 5183 I7.
2328 5127 2601 5183 Ne—ad
2655 5126 3057 5202 complendum.
3119 5123 3263 5192 Quia
3304 5123 3519 5195 majora

1382 5318 1590 5381 Varia
1633 5317 1948 5383 lectiones
1981 5320 2045 5381 et
2074 5322 2272 5380 notua.

256 5491 367 5562 (47)
402 5490 613 5543 Inclusa
650 5490 704 5544 in
736 5506 907 5562 marg.
937 5493 1103 5547 habet
1130 5491 1198 5547 A.

254 5566 367 5635 (48)
416 5562 556 5614 Ἀλλ’
587 5563 922 5631 ἐργάζεσθαι
962 5566 1158 5635 αὑτήν,
1195 5564 1395 5620 absunt
1424 5563 1489 5618 Α.

259 5725 359 5795 (rr)
393 5723 573 5777 Malim
609 5730 678 5777 ad
726 5724 891 5778 vitam
928 5731 1083 5777 caute
1128 5738 1218 5776 seu
1253 5726 1544 5791 prudenter
1576 5740 1642 5779 ac
1675 5734 1790 5779 tuto

185 5800 470 5869 agendam.
524 5795 887 5863 Ἐναγωνίους
935 5806 1120 5849 autem
1179 5797 1548 5865 reddiderim,
1600 5799 1786 5867 fortes,

505 5896 779 5956 Parnm.
823 5892 939 5953 Gn.
980 5891 1242 5952 CXXIX.

1971 5492 2077 5565 (ω’
2115 5493 2194 5557 δὲ,
2227 5491 2433 5547 omittit
2460 5491 2528 5547 Α.

1971 5510 2087 5636 (5ος
2129 5564 2343 5622 Inclusa
2384 5563 2528 5620 Code

1968 5558 2083 5633 (50)
2129 5564 2343 5622 Inclusa
2384 5563 2574 5620 Codex
2629 5569 2864 5633 uterque
2904 5560 3077 5618 habet
3130 5560 3187 5616 in
3241 5558 3516 5631 margine.

1904 5734 2230 5780 constantes.

1978 5798 2071 5866 (ss)
2105 5796 2211 5850 Per
2241 5828 2311 5841 —
2340 5797 2575 5854 solrt.Se
2609 5796 2788 5869 ipsam
2822 5795 3128 5859 illustrare,
3176 5790 3514 5863 patefacere.

3134 5890 3165 5950 7
