4026 6534
550 391 655 455 207

1792 388 2173 448 EUTHYMH
2213 386 2572 447 ZIGABENI

3709 379 3818 444 208

543 521 595 563 ct
620 524 727 560 non
751 506 980 571 faciunt,
1004 506 1164 560 vitam
1190 505 1432 558 viventes
1459 502 1720 556 doctrinae
1746 501 2107 555 contrariam:

2223 500 2359 553 ἀλλὰ
2418 500 2580 569 μόνον
2615 498 2984 561 διδάσκωσιν,
3034 495 3541 566 ἀντιφθεγγὸμενον
3572 497 3641 565 τῇ
3667 495 3816 547 διδὶι·

546 619 640 657 vos
673 616 855 656 amem
902 611 955 653 et
1000 600 1195 653 dicere
1226 607 1281 651 et
1332 596 1513 650 facere
1544 595 1778 654 debetis.
1842 604 1902 647 ut
1942 594 2119 647 verbis

544 692 685 745 facta
726 691 1075 745 concordem.
1116 689 1222 741 Aut
1265 687 1430 740 etiam
1464 686 1621 740 aliter
1654 687 1755 739 hoc
1782 680 2053 755 intelliges
2103 703 2115 737 :

545 784 625 836 Illi
652 784 876 852 quidem
903 791 1251 851 peccatorum
1276 778 1413 834 lines
1443 780 1739 834 observant
1763 798 1774 832 :
1806 794 1904 832 vos
1930 788 2115 831 autem

542 876 816 947 principia
848 890 1066 945 quoque
1119 874 1414 928 observare
1440 872 1675 928 debetis.
1718 870 1935 926 Scribas
1967 886 2119 925 nam-

544 984 651 1036 que
694 977 749 1021 et
807 964 1114 1020 Pbarismos
1169 965 1260 1020 hic
1317 975 1466 1020 recte
1534 975 1847 1033 cperantes,
1904 972 1959 1017 et
2008 978 2115 1016 non

546 1055 1000 1125 transgredientes
1038 1054 1291 1125 accipito.
1324 1052 1603 1109 Justitiam
1635 1067 1765 1108 vero
1791 1053 2119 1123 simpliciter

541 1149 677 1204 dixit
706 1163 925 1204 omnem
955 1148 1233 1204 virtutem.

607 1329 908 1384 Considera
980 1338 1162 1383 autem
1228 1328 1498 1400 quomodo
1560 1337 1614 1384 et
1666 1344 1763 1399 per
1823 1328 2115 1399 pmsentia

539 1422 724 1483 verba,
757 1430 812 1475 et
842 1436 939 1491 per
973 1437 1035 1476 ea
1066 1438 1185 1491 qua:
1211 1422 1462 1491 superius
1493 1420 1635 1476 dicta
1671 1431 1822 1486 sunt,
1871 1437 1979 1475 non
2023 1438 2117 1476 ca-

538 1511 837 1565 lumnietur
870 1512 1045 1583 legem
1081 1521 1356 1575 veterem,
1410 1514 1505 1568 sed
1565 1515 1738 1582 ipsam
1789 1513 1972 1581 potius
2016 1530 2113 1567 au-

535 1612 675 1671 geat.
722 1601 923 1657 Verum
949 1605 991 1657 si
1027 1604 1115 1659 illa
1144 1606 1647 1675 irrepreltcnsibilis
1677 1616 1783 1670 est,
1811 1622 1907 1659 cur
1937 1606 2113 1661 salvos

537 1710 665 1751 non.
691 1694 822 1750 facit
849 1696 971 1750 illos
999 1697 1091 1767 qui
1120 1697 1294 1767 ipsam
1325 1698 1583 1753 servant?
1614 1696 1797 1767 Usque
1827 1697 1893 1752 ad
1950 1695 2111 1753 Chri-

539 1788 606 1840 sti
638 1788 856 1857 quidem
886 1790 1182 1844 adventum
1210 1792 1399 1846 salvos
1431 1806 1526 1845 eos
1556 1790 1809 1857 faciebat,
1835 1792 1924 1860 qui
1973 1807 2109 1861 gua-

2226 592 2428 662 σκαλίᾳ.
2477 594 2569 644 τὸν
2606 590 2721 661 βίον
2749 590 2965 661 ἔχοντες
2989 609 3004 623 ο
3049 594 3210 663 ὑμεῖς
3241 592 3297 645 δὲ
3328 591 3423 643 καὶ
3476 591 3679 651 ποιεῖν,
3722 587 3821 640 καὶ

2222 683 2500 736 διδάσκειν
2531 682 2801 751 ὀφείλετε,
2846 685 2932 738 ἵνα
2976 686 3249 757 συνᾴδωσι
3298 684 3367 736 τὰ
3415 683 3554 752 ἔργα
3583 684 3695 743 τοῖς
3732 680 3822 731 λό-

2220 794 2361 844 γοις.
2398 778 2467 829 Ἠ
2502 778 2596 829 καὶ
2621 776 2826 847 ἑτέρως
2866 775 3026 829 τοῦτο
3058 780 3296 847 νοήσεις,
3329 778 3411 829 ὅτι
3448 775 3681 827 Ἐκεῖνοι
3713 772 3816 842 μὲν

2224 868 2294 920 τὰ
2324 869 2451 933 τέλη
2492 870 2602 920 τῶν
2637 870 3057 940 ἁμαρτημάτων
3109 869 3474 938 φυλάττουσιν
3500 884 3513 897 ·
3552 867 3714 935 ὑμεῖς
3760 864 3818 915 δὲ

2220 959 2442 1023 καὶτὰς
2467 961 2641 1031 ἀρχὰς
2680 962 2972 1030 φυλάττειν
3008 960 3274 1031 ὀφείλετε,
3312 962 3428 1028 εἴγε
3459 958 3819 1029 Γραμματεῖς

2218 1054 2312 1106 καὶ
2347 1054 2677 1123 Φαρισαίους
2712 1056 2948 1109 ἐνταῦθα
2984 1055 3111 1117 τοὺς
3141 1054 3567 1123 κατορθοῦντας,
3616 1049 3716 1103 καὶ
3748 1050 3814 1102 οὐ

2216 1147 2343 1208 τοὺς
2398 1146 2855 1216 παρανομοῦντας
2901 1145 3110 1209 λάϐοις.
3173 1144 3537 1213 Δικαιοσύνην
3567 1141 3624 1193 δὲ
3658 1134 3817 1192 εἶπεν

2218 1235 2405 1299 ἁπλῶς
2435 1237 2615 1289 πᾶσαν
2652 1237 2877 1307 ἀρετήν.

2292 1327 2433 1396 Ὅρα
2470 1326 2549 1389 δὲ,
2595 1327 2744 1390 ὅπως
2783 1326 2878 1379 καὶ
2921 1326 3008 1378 διὰ
3059 1324 3169 1377 τῶν
3197 1324 3482 1393 παρόντων
3527 1323 3818 1394 ρηυάτων,

2216 1420 2309 1472 καὶ
2336 1419 2424 1473 διὰ
2474 1419 2583 1472 τῶν
2636 1421 2898 1489 ἀνωτέρω
2940 1416 3357 1489 είρημένων,οὑ
3406 1414 3684 1469 διαϐάλλει
3716 1415 3818 1483 τὴν

2216 1513 2455 1565 παλαιὰν
2482 1512 2832 1582 νομοθεσίαν,
2890 1509 3009 1564 ἀλλ’
3037 1511 3304 1563 ἐπιτείνει
3362 1509 3567 1579 μᾶλλον
3613 1508 3817 1576 αὐτήν.

2214 1605 2325 1656 Καὶ
2349 1606 2397 1656 εἰ
2430 1602 2755 1671 ἀδιάϐλητος
2788 1604 2929 1665 ἐστι,
2970 1602 3113 1654 διατί
3160 1601 3221 1654 οὑ
3256 1599 3417 1663 σώζει
3458 1601 3584 1662 τοὺς
3617 1615 3819 1668 μετερ-

2212 1695 2479 1764 χομένους
2521 1695 2729 1764 αὑτήν;
2781 1696 2965 1764 Μέχρι
3009 1694 3111 1763 μὲν
3147 1692 3249 1761 τῆς
3282 1691 3376 1745 τοῦ
3431 1689 3673 1761 Χριστοῦ
3702 1707 3817 1741 πα-

2216 1786 2439 1853 ρουσίας
2470 1782 2641 1849 ἔσωζε
2680 1788 2807 1847 τοὺς
2841 1783 3088 1855 ἀκριϐεῖς
3147 1783 3398 1853 φύλακας
3444 1782 3639 1851 αὐτῆς,
3672 1780 3818 1849 μετὰ

534 1851 674 1929 viter
700 1878 871 1947 ipsam
900 1879 1313 1934 custodiebant:
1349 1888 1540 1951 postea
1578 1894 1708 1934 vero
1728 1851 2107 1933 curm-infantia

2216 1851 2372 1930 τοῦτο
2401 1876 2478 1941 δὲ,
2505 1877 2603 1947 τῆς
2621 1851 2950 1946 νηπιότητος
2978 1878 3060 1939 εἰς
3084 1851 3392 1944 ἀνδρὸτητα
3426 1871 3814 1943 προκοψάσης,

516 1971 590 2022 τίη
647 1968 855 2023 virilem
885 1970 997 2039 jam
1027 1970 1324 2041 profecerit
1349 1981 1586 2033 mtatem,
1607 1979 1661 2025 et
1686 1972 1906 2041 copiosa
1939 1974 2112 2041 gratia

534 2059 849 2114 hominibus
871 2060 995 2115 data
1025 2060 1117 2127 sit,
1162 2064 1505 2130 maximaque
1526 2063 1801 2131 proposita
1835 2064 1944 2117 sint
1976 2079 2113 2133 pric-

532 2149 640 2199 mia
664 2162 760 2215 pro
776 2148 1041 2201 bonorum
1087 2148 1450 2202 retributione
1486 2163 1714 2217 operum
1743 2148 1943 2219 (neque
1964 2152 2110 2203 enim

533 2239 765 2308 amplius
793 2238 1068 2309 possessio
1117 2248 1274 2294 terra:
1326 2240 1686 2308 promittitur,
1713 2250 1807 2294 aut
1838 2241 2110 2295 bonorum

534 2343 898 2394 terrenorum,
920 2345 1097 2400 neque
1128 2330 1298 2400 prolis
1326 2330 1655 2396 fecunditas,
1691 2343 1785 2387 aut
1813 2334 1968 2402 longa
1999 2335 2108 2389 vita

530 2438 625 2478 seu
660 2422 881 2479 victoria
917 2421 985 2477 de
1024 2421 1282 2485 inimicis,
1309 2422 1402 2476 sed
1430 2422 1552 2477 coeli
1590 2423 1903 2488 luereditas,
1931 2425 2107 2479 bono-

528 2527 762 2582 rumque
789 2512 1119 2575 ctelestium,
1149 2520 1204 2567 et
1240 2512 1338 2567 Dei
1364 2514 1664 2583 adoptatio,
1694 2530 1758 2569 ac
1792 2515 2108 2572 fraternitas

532 2621 657 2660 cum
694 2604 990 2681 linigenito
1017 2604 1159 2674 eius,
1193 2604 1418 2658 victoria
1444 2619 1660 2674 quoque
1683 2614 1873 2660 contra
1908 2606 2107 2661 daemo-

536 2712 657 2763 nes,
687 2705 742 2751 et
774 2695 1022 2766 perpetui
1054 2694 1203 2766 regni
1235 2696 1714 2765 communicatio):
1750 2697 1947 2752 merito
1974 2713 2108 2752 sane

532 2803 723 2859 magna
754 2789 1046 2859 exiguntur
1095 2787 1400 2842 certamina
1448 2789 1515 2842 ab
1556 2788 1814 2843 omnibus
1858 2790 1951 2859 qui
2000 2791 2105 2844 bu-

527 2881 764 2955 jusmodi
796 2880 1017 2952 praemia
1040 2880 1179 2935 forte
1206 2889 1332 2935 sunt
1362 2881 1679 2950 accepturi;
1720 2889 1775 2935 et
1806 2880 1893 2938 bis
1923 2892 2103 2936 certa-

529 2976 769 3031 minibus
834 2973 1117 3044 supposita
1181 2981 1310 3027 sunt
1364 2971 1569 3028 Clu-isti
1646 2982 1919 3043 praecepta
1965 2976 2102 3044 (xx),

530 3068 622 3138 qui
680 3066 938 3137 praedicta
998 3064 1251 3135 promisit
1322 3065 1587 3135 praamia:
1665 3068 2101 3137 magnitudinem

530 3163 679 3217 enim
710 3160 955 3215 laborum
990 3160 1057 3212 ad
1085 3157 1511 3229 magnitudinem
1543 3159 1798 3228 opposuit
1824 3160 1933 3232 (yy)
1961 3176 2100 3230 prue-
2130 3198 2174 3257 ϐ

531 3256 793 3309 miorum.

604 3344 755 3399 Vers.
793 3343 883 3398 2|.
924 3339 1130 3395 Auditis
1168 3370 1236 3379 —
1279 3338 1341 3392 ν.
1379 3339 1469 3393 22.
1510 3339 1737 3409 judicio.
1778 3342 1818 3411 τ
1864 3341 1922 3396 In
1968 3344 2107 3399 libro

530 3437 701 3494 Exodi
747 3436 944 3491 dicitur
985 3448 1000 3485 :
1041 3432 1158 3485 Non
1198 3432 1397 3486 occides
1431 3433 1508 3500 ⁹³;
1546 3445 1601 3489 et
1638 3447 1761 3505 post
1788 3438 1956 3491 multa
1996 3455 2009 3491 :
2046 3437 2107 3493 Si

528 3531 645 3601 quis
678 3528 905 3598 aliquem
933 3523 1265 3590 percusserit,
1296 3532 1458 3578 morte
1480 3526 1759 3594 moriatur,
1786 3528 1832 3558 ”
1862 3538 1969 3583 etc.

598 3622 891 3690 Postquam
909 3619 1075 3673 corda
1098 3617 1336 3686 ipsorum
1357 3616 1787 3675 beatitudinibus
1807 3622 2103 3691 praemolli-

530 3716 626 3777 vit,
661 3722 713 3766 et
748 3712 816 3763 ad
853 3710 1106 3763 virtutem
1138 3705 1377 3769 exacuit,
1430 3705 1638 3775 majora
1673 3706 1931 3777 deinceps
1954 3708 2102 3763 addit

527 3812 817 3877 praecepta.
854 3799 1048 3869 incipit
1081 3806 1263 3851 autem
1293 3796 1361 3849 ab
1392 3794 1712 3862 alfectibus,
1745 3798 1837 3867 qui
1873 3810 2101 3853 natura-

526 3901 695 3953 liores
723 3904 883 3959 sunt,
921 3902 1048 3962 puta
1080 3890 1158 3944 ira
1189 3899 1243 3943 et
1272 3888 1740 3958 concupiscentia.
1768 3890 1837 3945 Et
1863 3892 2101 3961 primum

530 3994 598 4048 de
647 3992 725 4044 ira.
774 3987 1012 4052 disserit,
1073 3981 1270 4039 deinde
1319 3982 1485 4037 etiam
1531 3982 1600 4037 de
1656 3985 2099 4055 concupiscentia

528 4092 745 4142 tractat.

603 4173 835 4244 Dignum
874 4179 957 4226 est
995 4180 1176 4225 autem
1212 4179 1272 4224 ut
1306 4171 1667 4241 inquiramus,
1704 4185 1873 4240 quare
1894 4188 2003 4226 non
2032 4173 2099 4227 ab

525 4283 592 4323 eo
638 4264 903 4333 inceperit
950 4265 1093 4332 quod
1140 4263 1195 4317 in
1242 4262 1361 4332 lege
1408 4264 1644 4333 primum
1693 4274 1813 4316 erat
1863 4265 2101 4333 positum

526 4366 879 4428 praeceptum.
898 4353 1031 4417 Quia
1055 4367 1175 4406 cum
1195 4352 1325 4405 illud
1360 4352 1426 4407 de
1450 4353 1734 4407 divinitate
1754 4356 2097 4424 loqueretur,

525 4447 814 4517 oportebat
846 4443 1063 4513 quidem
1096 4442 1229 4497 illud
1256 4443 1420 4497 etiam
1449 4444 1722 4513 complere
1743 4485 1756 4507 ,
1797 4454 1852 4498 et
1891 4445 2095 4513 aliquid

2215 1970 2313 2022 καὶ
2353 1969 2560 2037 πολλῆς
2600 1969 2827 2039 χάριτος
2885 1966 3134 2039 δοθείσης
3190 1969 3306 2030 τοῖς
3344 1965 3680 2036 ἀνθρώποις,
3715 1964 3819 2016 καὶ

2218 2065 2492 2135 μεγίστων
2540 2065 2791 2120 ἐπάθλων
2849 2066 3226 2135 προτεθέντων
3270 2066 3350 2127 είς
3407 2063 3650 2133 ἀμοιϐὴν
3698 2062 3817 2115 τῶν

2215 2159 2687 2229 κατορθωμάτων·
2708 2159 2893 2212 οὐκέτι
2922 2161 3029 2229 γὰρ
3058 2158 3398 2229 κληρονομία
3427 2159 3551 2228 γῆς,
3572 2158 3672 2210 καὶ
3698 2156 3815 2210 τῶν

2214 2253 2277 2304 ἐκ
2299 2254 2401 2323 γῆς
2420 2252 2663 2319 ἀγαθῶν,
2687 2252 2808 2303 οἱδδέ
2823 2252 3173 2315 πολυπαιδία,
3198 2253 3291 2305 καὶ
3310 2253 3515 2321 γῆρας,
3540 2251 3636 2303 καὶ
3654 2252 3813 2303 νῖκαι

2213 2344 2335 2397 κατ’
2394 2344 2626 2415 ἐχθρῶν,
2686 2346 2802 2399 ἀλλ’
2854 2346 3089 2413 οὐρανοῦ
3145 2345 3489 2415 κληρονομία
3537 2346 3636 2396 καὶ
3694 2344 3813 2396 τῶν

2210 2436 2480 2506 οὐρανίων
2506 2436 2751 2505 ἀγαθῶν,
2780 2438 2876 2490 καὶ
2904 2435 3156 2489 υἱοθεσία
3186 2436 3344 2502 Θεοῦ,
3378 2438 3471 2489 καὶ
3500 2435 3812 2505 ἀδελφότης

2211 2529 2347 2599 πρὸς
2372 2528 2463 2581 τὸν
2487 2530 2794 2600 Μονογενῆ,
2831 2531 2925 2583 καὶ
2972 2532 3121 2583 νῖκαι
3174 2529 3317 2582 κατά
3363 2529 3666 2599 δαιμόνων,
3707 2533 3811 2582 καὶ

2211 2620 2470 2673 κοινωνία
2495 2619 2775 2689 βασιλείας
2805 2620 3172 2690 ἀτελευτήτου
3195 2636 3209 2651 ·
3247 2621 3475 2685 εἰκότως
3508 2620 3604 2675 καὶ
3630 2624 3813 2691 μεγά-

2209 2714 2336 2775 λους
2387 2713 2610 2781 ἀγῶνας
2653 2713 3022 2766 ἀπαιτοῦνται
3057 2715 3259 2777 πάντες
3291 2714 3340 2767 οί
3370 2713 3482 2766 τῶν
3538 2712 3811 2768 τοιούτων

2210 2803 2465 2857 ἐπάθλων
2508 2806 2694 2874 τυχεῖν
2748 2804 3061 2873 μέλλοντες,
3123 2806 3219 2858 καὶ
3267 2805 3415 2868 οἴους
3450 2805 3809 2863 ὑποτίθενται

2206 2895 2261 2947 αἱ
2323 2896 2535 2947 ἐντολαὶ
2586 2893 2684 2947 τοῦ
2742 2895 3019 2965 Χριστοῦ,
3073 2893 3171 2947 τοῦ
3229 2897 3325 2949 καὶ
3366 2898 3434 2949 τὰ
3487 2896 3808 2963 δηλωθέντα

2206 2985 2421 3038 ἔπαθλα
2469 2988 2971 3057 ἐπαγγειλαμένου.
2996 2987 3078 3042 Τὰ
3118 2988 3230 3059 γὰρ
3265 2988 3476 3057 μεγέθη
3510 2987 3623 3040 τῶν
3646 2987 3808 3055 ἀγώ-

2206 3095 2335 3144 νων,
2370 3079 2503 3147 πρδς
2533 3080 2601 3132 τὰ
2626 3079 2836 3150 μεγέθη
2864 3080 2977 3133 τῶν
3017 3081 3271 3137 ἐπάθλων
3305 3082 3729 3153 ἐνομοθέτησεν.

2297 3346 2916 3415 Ἠκούσατε-κρίσει.
2938 3346 3073 3419 [Τῆς
3098 3347 3212 3419 (55)
3234 3347 3421 3418 βίϐλου
3443 3349 3538 3418 τῆς
3556 3346 3803 3413 Ἐξύδοω

2213 3441 2296 3493 Ob
2318 3441 2666 3508 φονεύσεις.
2703 3440 2811 3493 Καὶ
2844 3442 2984 3509 μετὰ
3025 3441 3219 3494 πολλὰ·
3270 3441 3414 3494 Ἐὰν
3435 3439 3672 3510 πατάξῃ
3702 3441 3803 3507 τίς

2207 3549 2361 3596 τινα,
2389 3530 2625 3597 θανάτῳ
2656 3532 3068 3595 θανατούσθω,
3108 3533 3203 3585 καὶ
3240 3534 3308 3586 τά
3337 3530 3512 3603 ἐξῆς.]

2278 3623 2683 3693 Προιπαλύνας
2733 3622 2829 3685 τὰς
2863 3623 3093 3693 καρδίας
3132 3623 3316 3677 αὐτῶν
3362 3626 3421 3677 ἐν
3452 3626 3563 3687 τοῖς
3615 3642 3804 3692 μακαο

2212 3716 2446 3785 ρισμοῖς,
2476 3717 2569 3767 καὶ
2600 3714 2923 3785 παραθήξας
2968 3718 3050 3778 εἰς
3071 3716 3295 3785 ἀρετὴν,
3341 3715 3574 3768 ἅπτεται
3604 3714 3803 3767 λοιπὸν

2207 3809 2303 3861 καὶ
2358 3806 2620 3877 μειζόνων
2668 3807 2923 3862 ἐντολῶν.
2973 3807 3106 3859 Ἀπὸ
3145 3806 3256 3859 τῶν
3293 3808 3691 3877 φυσικωτέρων
3736 3810 3800 3861 δὲ

2204 3900 2433 3970 ἄρχεται
2486 3899 2697 3963 παθῶν,
2749 3898 2925 3969 θυμοῦ
2966 3897 3110 3966 λέγω
3161 3897 3255 3950 καὶ
3299 3898 3621 3968 ἐπιθυμίας.
3680 3899 3799 3951 Καὶ

2206 3991 2427 4062 πρῶτον
2456 3992 2554 4059 μὲν
2587 3991 2716 4060 περὶ
2770 3989 2867 4045 τοῦ
2921 3989 3097 4059 θυμοῦ
3153 3989 3492 4059 διαλέγεται,
3517 3985 3636 4043 εἶτα
3668 3990 3797 4043 δια-

2204 4083 2472 4153 λαμὸάνει
2494 4085 2586 4134 καὶ
2611 4085 2739 4152 περὶ
2767 4086 2865 4153 τῆς
2899 4082 3218 4150 ἐπιθυμίας.

2279 4177 2463 4242 ΙἌξιον
2483 4178 2540 4228 δὲ
2567 4177 2823 4247 ζητῆσαι,
2852 4176 2992 4228 διατι
3020 4176 3094 4246 μὴ
3122 4177 3328 4246 ἦρξατο
3356 4175 3463 4228 ἀπὸ
3500 4175 3598 4246 τῆς
3630 4177 3688 4227 ἐν
3709 4176 3797 4248 τῷ

2204 4267 2354 4337 νόμῳ
2382 4266 2601 4337 πρώτης
2627 4268 2891 4337 κειμένης
2919 4267 3109 4335 ἐντολῆ
3147 4307 3163 4321 .
3194 4269 3283 4319 Διό
3297 4285 3362 4333 τι,
3384 4270 3509 4338 περὶ
3538 4269 3638 4337 τῆς
3669 4269 3797 4321 θεό-

2201 4376 2363 4429 τητος
2383 4354 2570 4424 οὖσαν,
2600 4358 2709 4411 ἔδει
2734 4360 2827 4411 καὶ
2859 4360 3029 4429 αὐτὴν
3056 4360 3475 4429 ἀναπληρῶσαι,
3494 4360 3587 4413 καὶ
3618 4378 3797 4432 προσ.

2204 4452 2375 4505 θεῖναι
2407 4452 2518 4521 (56)
2538 4452 2790 4523 φανερῶς
2821 4456 2950 4522 περὶ
2977 4454 3075 4522 τῆς
3104 4453 3301 4507 ἑαυτοῦ
3325 4452 3795 4523 θεότητο;.οῦπω

520 4540 593 4593 de
628 4538 712 4593 sui
751 4537 923 4607 ipsius
953 4536 1214 4605 dignitate
1251 4535 1538 4589 manifeste
1575 4534 1798 4589 addere.
1837 4537 2090 4591 Nondum

2216 4543 2255 4595 5's
2286 4543 2475 4613 καιρὸς
2504 4539 2593 4613 ἦν.
2624 4544 2687 4595 Εἰ
2712 4544 2815 4613 γὰρ
2850 4545 2941 4596 καὶ
2968 4546 3104 4614 μετά
3149 4548 3248 4615 τὴν
3290 4545 3647 4599 διδασκαλίαν
3691 4551 3793 4600 καὶ

522 4641 705 4683 autem
732 4638 948 4695 tempus
965 4636 1103 4679 erat.
1135 4625 1347 4679 Etenim
1380 4626 1424 4677 si
1457 4627 1620 4678 etiam
1650 4636 1771 4694 post
1790 4628 2094 4682 doctrinam

521 4730 681 4789 atque
728 4718 880 4789 signa
922 4716 1248 4772 daemonium
1279 4716 1527 4771 dicebant
1556 4730 1682 4771 eum
1721 4718 1940 4785 habere,
1973 4735 2094 4774 cum

522 4822 701 4868 tamen
742 4811 961 4866 nibilde
1000 4811 1112 4880 ipsa
1144 4808 1433 4864 manifeste
1467 4810 1676 4865 diceret
1704 4828 1718 4864 :
1749 4813 1899 4881 quid,
1932 4815 2098 4870 obse-

522 4919 638 4970 cro,
672 4918 780 4957 non
815 4902 1084 4957 dixissent
1113 4912 1277 4972 atque
1306 4900 1589 4968 fecissent,
1608 4902 1653 4957 si
1671 4912 1799 4959 ante
1831 4905 1947 4960 hanc
1973 4921 2095 4961 om-

624 5111 670 5143 "
694 5110 866 5165 Exod.
897 5126 985 5176 xx,
1023 5109 1108 5162 1⁸5.
1224 5107 1270 5138 “
1294 5105 1469 5166 Exod.
1506 5125 1616 5179 xxi,
1649 5108 1735 5164 l2.

2199 4636 2269 4686 τὰ
2288 4637 2513 4705 σημεῖα,
2543 4637 2891 4705 δαιμονῶντα
2915 4637 3080 4690 αὐτὸν
3100 4636 3334 4690 ἐκάλουν
3356 4677 3372 4701 ,
3404 4639 3585 4691 καίτοι
3618 4640 3794 4709 μηδὲν

2201 4727 2332 4798 περὶ
2361 4727 2534 4797 αὐτῆς
2568 4730 2804 4798 φανερὸν
2837 4731 3062 4781 εἰπόντα
3085 4746 3097 4759 ο
3151 4730 3201 4780 τί
3232 4731 3334 4782 οὐκ
3378 4731 3444 4782 ἂν
3476 4732 3568 4781 καὶ
3603 4727 3789 4797 εἷπον,

2199 4822 2293 4873 καὶ
2316 4822 2601 4891 ἐποίησαν,
2626 4825 2674 4874 εἰ
2695 4824 2800 4892 πρὸ
2836 4823 3041 4877 τούτων
3071 4823 3328 4877 ἁπάντων
3357 4824 3691 4894 ἐπεχείρησέ
3734 4843 3791 4877 τι

2201 4911 2444 4965 τοιοῦτον
2473 4913 2842 4982 φθέγξασθαι;
2876 4917 2986 4969 Καὶ
3014 4916 3159 4968 διατί
3189 4917 3266 4986 μὴ
3297 4916 3546 4986 φανερῷ,
3574 4915 3790 4983 ἔλεγεν,

1716 5294 1914 5355 Variis
1942 5293 2248 5358 lectiones
2279 5303 2339 5358 et
2377 5310 2567 5360 noue.

598 5478 708 5549 (55)
750 5478 958 5534 Inclusa
992 5480 1045 5531 in
1087 5485 1325 5553 margine
1361 5481 1527 5537 habet
1560 5482 1727 5538 codex
1758 5492 2006 5554 uterque.

592 5665 701 5747 (sxa)
723 5666 801 5744 _Et
836 5667 986 5721 his...
1018 5679 1293 5747 prwccpla,
1318 5668 1700 5747 Etcujusmodi
1735 5672 2080 5747 (certamina)

518 5740 839 5817 principium
870 5742 1121 5820 mandata
1160 5742 1379 5795 Clu-isti.
1405 5740 1499 5795 Est
1541 5742 1759 5797 uberior
1794 5740 2084 5813 explicatio

515 5819 605 5855 suo
635 5822 901 5873 μεγαλοις
933 5826 1165 5878 αγωνλς.

2272 5489 2385 5559 (56)
2427 5488 2747 5559 προσθῆναι.
2783 5491 2824 5543 A
2837 5531 2851 5544 .

2196 5675 2378 5798 ιιιί(ιείξι)
2407 5672 2676 5743 Opposuit.
2735 5677 2841 5733 Pro
2892 5680 3269 5750 magnitudine
3317 5684 3501 5755 jussit,
3567 5693 3783 5746 consti-
