  <div class='ocr_page' id='page_1' title='image "/cluster/home/n/w/nwhite01/storage/ocr_20150623/129/ien.35556001660034/112.png"; bbox 0 0 4026 6492; ppageno 0'>
   <div class='ocr_carea' id='block_1_1' title="bbox 226 353 326 416">
    <p class='ocr_par' dir='ltr' id='par_1_1' title="bbox 226 353 326 416">
     <span class='ocr_line' id='line_1_1' title="bbox 226 353 326 416; baseline -0.02 0"><span class='ocrx_word' id='word_1_1' title='bbox 226 353 326 416; x_wconf 79' lang='lat'><strong>209</strong></span> 
     </span>
    </p>
   </div>
   <div class='ocr_carea' id='block_1_2' title="bbox 1134 341 2587 409">
    <p class='ocr_par' dir='ltr' id='par_1_2' title="bbox 1134 341 2587 409">
     <span class='ocr_line' id='line_1_2' title="bbox 1134 341 2587 409; baseline -0.006 0"><span class='ocrx_word' id='word_1_2' title='bbox 1134 347 1531 409; x_wconf 82' lang='lat' dir='ltr'><strong>COMMENT.</strong></span> <span class='ocrx_word' id='word_1_3' title='bbox 1572 343 1651 404; x_wconf 79' lang='grc' dir='ltr'><strong>ΙΝ</strong></span> <span class='ocrx_word' id='word_1_4' title='bbox 1696 341 2173 404; x_wconf 72' lang='lat' dir='ltr'><strong>MATTH/EUM.</strong></span> <span class='ocrx_word' id='word_1_5' title='bbox 2215 366 2277 377; x_wconf 85' lang='grc'><strong>--</strong></span> <span class='ocrx_word' id='word_1_6' title='bbox 2324 341 2484 402; x_wconf 82' lang='lat' dir='ltr'><strong>CAP.</strong></span> <span class='ocrx_word' id='word_1_7' title='bbox 2520 341 2587 400; x_wconf 89' lang='lat' dir='ltr'><strong>V.</strong></span> 
     </span>
    </p>
   </div>
   <div class='ocr_carea' id='block_1_3' title="bbox 3401 338 3521 401">
    <p class='ocr_par' dir='ltr' id='par_1_3' title="bbox 3401 338 3521 401">
     <span class='ocr_line' id='line_1_3' title="bbox 3401 338 3521 401; baseline 0.017 -2"><span class='ocrx_word' id='word_1_8' title='bbox 3401 338 3521 401; x_wconf 71' lang='lat'><strong>219&#39;</strong></span> 
     </span>
    </p>
   </div>
   <div class='ocr_carea' id='block_1_4' title="bbox 217 451 1791 533">
    <p class='ocr_par' dir='ltr' id='par_1_4' title="bbox 217 460 1791 533">
     <span class='ocr_line' id='line_1_4' title="bbox 217 460 1791 533; baseline -0.004 -13"><span class='ocrx_word' id='word_1_9' title='bbox 217 460 289 520; x_wconf 79' lang='grc' dir='ltr'>ὅτι</span> <span class='ocrx_word' id='word_1_10' title='bbox 316 465 445 529; x_wconf 80' lang='grc' dir='ltr'>Θεός</span> <span class='ocrx_word' id='word_1_11' title='bbox 476 467 628 529; x_wconf 76' lang='grc' dir='ltr'>ἐστις</span> <span class='ocrx_word' id='word_1_12' title='bbox 661 467 807 520; x_wconf 84' lang='grc' dir='ltr'>Διότι</span> <span class='ocrx_word' id='word_1_13' title='bbox 848 463 1104 531; x_wconf 78' lang='grc' dir='ltr'>θορυϐεῖν</span> <span class='ocrx_word' id='word_1_14' title='bbox 1165 464 1360 533; x_wconf 77' lang='grc' dir='ltr'>ἔμελλε</span> <span class='ocrx_word' id='word_1_15' title='bbox 1407 466 1533 525; x_wconf 69' lang='grc' dir='ltr'>τοὺς</span> <span class='ocrx_word' id='word_1_16' title='bbox 1590 464 1791 531; x_wconf 82' lang='grc' dir='ltr'>ἀκροα-</span> 
     </span>
    </p>
   </div>
   <div class='ocr_carea' id='block_1_5' title="bbox 1900 451 3508 533">
    <p class='ocr_par' dir='ltr' id='par_1_5' title="bbox 1901 451 3508 526">
     <span class='ocr_line' id='line_1_5' title="bbox 1901 451 3508 526; baseline -0.004 -15"><span class='ocrx_word' id='word_1_17' title='bbox 1901 457 1992 511; x_wconf 91' lang='lat' dir='ltr'><strong>nia</strong></span> <span class='ocrx_word' id='word_1_18' title='bbox 2069 457 2173 510; x_wconf 99' lang='lat' dir='ltr'><strong>tale</strong></span> <span class='ocrx_word' id='word_1_19' title='bbox 2232 455 2512 526; x_wconf 82' lang='lat' dir='ltr'><strong>quippiam</strong></span> <span class='ocrx_word' id='word_1_20' title='bbox 2589 453 2736 523; x_wconf 84' lang='lat' dir='ltr'><strong>loqui</strong></span> <span class='ocrx_word' id='word_1_21' title='bbox 2800 454 3104 506; x_wconf 88' lang='lat' dir='ltr'><strong>tentasset?</strong></span> <span class='ocrx_word' id='word_1_22' title='bbox 3162 451 3271 505; x_wconf 83' lang='lat' dir='ltr'><strong>Cur</strong></span> <span class='ocrx_word' id='word_1_23' title='bbox 3321 463 3508 506; x_wconf 88' lang='lat' dir='ltr'><strong>autem</strong></span> 
     </span>
    </p>
   </div>
   <div class='ocr_carea' id='block_1_6' title="bbox 212 555 1802 629">
    <p class='ocr_par' dir='ltr' id='par_1_6' title="bbox 212 555 1802 629">
     <span class='ocr_line' id='line_1_6' title="bbox 212 555 1802 629; baseline -0.002 -20"><span class='ocrx_word' id='word_1_24' title='bbox 212 557 320 620; x_wconf 80' lang='grc' dir='ltr'>τάς.</span> <span class='ocrx_word' id='word_1_25' title='bbox 345 557 408 610; x_wconf 80' lang='lat' dir='ltr'><strong>Et</strong></span> <span class='ocrx_word' id='word_1_26' title='bbox 440 561 547 629; x_wconf 79' lang='grc' dir='ltr'><strong>γὰρ</strong></span> <span class='ocrx_word' id='word_1_27' title='bbox 578 560 627 611; x_wconf 83' lang='grc' dir='ltr'><strong>οί</strong></span> <span class='ocrx_word' id='word_1_28' title='bbox 656 559 919 628; x_wconf 75' lang='grc' dir='ltr'>μαθηταὶ,</span> <span class='ocrx_word' id='word_1_29' title='bbox 941 558 1193 619; x_wconf 76' lang='grc' dir='ltr'><strong>συνόντες</strong></span> <span class='ocrx_word' id='word_1_30' title='bbox 1223 555 1395 626; x_wconf 81' lang='grc' dir='ltr'>αὐτῷ,</span> <span class='ocrx_word' id='word_1_31' title='bbox 1430 558 1523 608; x_wconf 72' lang='grc' dir='ltr'>καὶ</span> <span class='ocrx_word' id='word_1_32' title='bbox 1556 555 1802 607; x_wconf 71' lang='grc' dir='ltr'>καθεκά-</span> 
     </span>
    </p>
   </div>
   <div class='ocr_carea' id='block_1_7' title="bbox 214 649 1801 720">
    <p class='ocr_par' dir='ltr' id='par_1_7' title="bbox 214 649 1801 720">
     <span class='ocr_line' id='line_1_7' title="bbox 214 649 1801 720; baseline -0.002 -18"><span class='ocrx_word' id='word_1_33' title='bbox 214 667 334 719; x_wconf 88' lang='grc' dir='ltr'>στην</span> <span class='ocrx_word' id='word_1_34' title='bbox 356 650 760 719; x_wconf 83' lang='grc' dir='ltr'>διδασκόμενοι,</span> <span class='ocrx_word' id='word_1_35' title='bbox 804 654 897 704; x_wconf 70' lang='grc' dir='ltr'>καὶ</span> <span class='ocrx_word' id='word_1_36' title='bbox 921 652 1447 720; x_wconf 83' lang='grc' dir='ltr'>θαυματουργοῦντα</span> <span class='ocrx_word' id='word_1_37' title='bbox 1486 649 1801 719; x_wconf 77' lang='grc' dir='ltr'>βλέποντες,</span> 
     </span>
    </p>
   </div>
   <div class='ocr_carea' id='block_1_8' title="bbox 215 740 1802 812">
    <p class='ocr_par' dir='ltr' id='par_1_8' title="bbox 215 740 1802 812">
     <span class='ocr_line' id='line_1_8' title="bbox 215 740 1802 812; baseline -0.001 -19"><span class='ocrx_word' id='word_1_38' title='bbox 215 743 300 794; x_wconf 70' lang='grc' dir='ltr'>καὶ</span> <span class='ocrx_word' id='word_1_39' title='bbox 324 742 434 794; x_wconf 87' lang='grc' dir='ltr'><strong>τῶν</strong></span> <span class='ocrx_word' id='word_1_40' title='bbox 472 745 807 812; x_wconf 68' lang='grc' dir='ltr'>ἀπορρήτων</span> <span class='ocrx_word' id='word_1_41' title='bbox 840 743 1251 805; x_wconf 78' lang='grc' dir='ltr'><strong>κοινωνοῦντες,</strong></span> <span class='ocrx_word' id='word_1_42' title='bbox 1283 743 1379 795; x_wconf 77' lang='grc' dir='ltr'>καὶ</span> <span class='ocrx_word' id='word_1_43' title='bbox 1404 741 1639 810; x_wconf 85' lang='grc' dir='ltr'>δύναμιν</span> <span class='ocrx_word' id='word_1_44' title='bbox 1671 740 1802 807; x_wconf 76' lang='grc' dir='ltr'>παρ’</span> 
     </span>
    </p>
   </div>
   <div class='ocr_carea' id='block_1_9' title="bbox 218 832 1799 902">
    <p class='ocr_par' dir='ltr' id='par_1_9' title="bbox 218 832 1799 902">
     <span class='ocr_line' id='line_1_9' title="bbox 218 832 1799 902; baseline -0.001 -17"><span class='ocrx_word' id='word_1_45' title='bbox 218 832 378 885; x_wconf 80' lang='grc' dir='ltr'>αὑτοῦ</span> <span class='ocrx_word' id='word_1_46' title='bbox 434 834 709 902; x_wconf 79' lang='grc' dir='ltr'><strong>τοσαύτην</strong></span> <span class='ocrx_word' id='word_1_47' title='bbox 754 834 1046 898; x_wconf 75' lang='grc' dir='ltr'>λαϐόντες,</span> <span class='ocrx_word' id='word_1_48' title='bbox 1094 834 1171 895; x_wconf 86' lang='grc' dir='ltr'>ὠς</span> <span class='ocrx_word' id='word_1_49' title='bbox 1234 834 1328 887; x_wconf 73' lang='grc' dir='ltr'>καὶ</span> <span class='ocrx_word' id='word_1_50' title='bbox 1388 850 1619 902; x_wconf 80' lang='grc' dir='ltr'>νεκρους</span> <span class='ocrx_word' id='word_1_51' title='bbox 1684 832 1799 897; x_wconf 81' lang='grc'><strong>(57)</strong></span> 
     </span>
    </p>
   </div>
   <div class='ocr_carea' id='block_1_10' title="bbox 211 923 1803 995">
    <p class='ocr_par' dir='ltr' id='par_1_10' title="bbox 211 923 1803 995">
     <span class='ocr_line' id='line_1_10' title="bbox 211 923 1803 995; baseline 0 -20"><span class='ocrx_word' id='word_1_52' title='bbox 211 924 451 992; x_wconf 79' lang='grc' dir='ltr'>ἀν;στᾷν,</span> <span class='ocrx_word' id='word_1_53' title='bbox 513 925 613 975; x_wconf 75' lang='grc' dir='ltr'>οὐκ</span> <span class='ocrx_word' id='word_1_54' title='bbox 675 924 941 992; x_wconf 72' lang='grc' dir='ltr'><strong>ἠδύναντο</strong></span> <span class='ocrx_word' id='word_1_55' title='bbox 980 924 1160 978; x_wconf 85' lang='grc' dir='ltr'>πάντα</span> <span class='ocrx_word' id='word_1_56' title='bbox 1221 923 1517 993; x_wconf 75' lang='grc' dir='ltr'>βαστάζειν</span> <span class='ocrx_word' id='word_1_57' title='bbox 1566 924 1803 995; x_wconf 75' lang='grc' dir='ltr'>πρὸτῆς</span> 
     </span>
    </p>
   </div>
   <div class='ocr_carea' id='block_1_11' title="bbox 210 1015 1801 1087">
    <p class='ocr_par' dir='ltr' id='par_1_11' title="bbox 210 1015 1801 1087">
     <span class='ocr_line' id='line_1_11' title="bbox 210 1015 1801 1087; baseline 0.001 -22"><span class='ocrx_word' id='word_1_58' title='bbox 210 1015 505 1082; x_wconf 75' lang='grc' dir='ltr'><strong>ἐπιδημίας</strong></span> <span class='ocrx_word' id='word_1_59' title='bbox 534 1016 625 1067; x_wconf 78' lang='grc' dir='ltr'>τοῦ</span> <span class='ocrx_word' id='word_1_60' title='bbox 655 1017 811 1080; x_wconf 71' lang='grc' dir='ltr'>ἁγίου</span> <span class='ocrx_word' id='word_1_61' title='bbox 844 1017 1197 1086; x_wconf 74' lang='grc' dir='ltr'>[ινεύματοςο</span> <span class='ocrx_word' id='word_1_62' title='bbox 1233 1018 1349 1079; x_wconf 86' lang='grc' dir='ltr'><strong>πῶς</strong></span> <span class='ocrx_word' id='word_1_63' title='bbox 1399 1018 1571 1087; x_wconf 81' lang='grc' dir='ltr'>δῆμος</span> <span class='ocrx_word' id='word_1_64' title='bbox 1610 1015 1801 1069; x_wconf 74' lang='grc' dir='ltr'>ἀσύνε-</span> 
     </span>
    </p>
   </div>
   <div class='ocr_carea' id='block_1_12' title="bbox 206 1108 1797 1178">
    <p class='ocr_par' dir='ltr' id='par_1_12' title="bbox 206 1108 1797 1178">
     <span class='ocr_line' id='line_1_12' title="bbox 206 1108 1797 1178; baseline -0.002 -18"><span class='ocrx_word' id='word_1_65' title='bbox 206 1126 314 1169; x_wconf 85' lang='grc' dir='ltr'>τος,</span> <span class='ocrx_word' id='word_1_66' title='bbox 348 1108 442 1160; x_wconf 71' lang='grc' dir='ltr'>καὶ</span> <span class='ocrx_word' id='word_1_67' title='bbox 470 1111 746 1177; x_wconf 80' lang='grc' dir='ltr'>τοσαύτης</span> <span class='ocrx_word' id='word_1_68' title='bbox 780 1110 984 1178; x_wconf 79' lang='grc' dir='ltr'>ἀρετῆς</span> <span class='ocrx_word' id='word_1_69' title='bbox 1027 1109 1575 1178; x_wconf 82' lang='grc' dir='ltr'>ἁπολιμπανόμενος,</span> <span class='ocrx_word' id='word_1_70' title='bbox 1604 1108 1797 1177; x_wconf 78' lang='grc' dir='ltr'>ἔμελλε</span> 
     </span>
    </p>
   </div>
   <div class='ocr_carea' id='block_1_13' title="bbox 210 1201 1799 1273">
    <p class='ocr_par' dir='ltr' id='par_1_13' title="bbox 210 1201 1799 1273">
     <span class='ocr_line' id='line_1_13' title="bbox 210 1201 1799 1273; baseline 0.001 -22"><span class='ocrx_word' id='word_1_71' title='bbox 210 1202 283 1268; x_wconf 79' lang='grc' dir='ltr'>μὴ</span> <span class='ocrx_word' id='word_1_72' title='bbox 342 1201 709 1271; x_wconf 71' lang='grc' dir='ltr'>ταραχθῆναι,</span> <span class='ocrx_word' id='word_1_73' title='bbox 776 1206 868 1254; x_wconf 72' lang='grc' dir='ltr'>καὶ</span> <span class='ocrx_word' id='word_1_74' title='bbox 910 1204 987 1272; x_wconf 81' lang='grc' dir='ltr'>μὴ</span> <span class='ocrx_word' id='word_1_75' title='bbox 1038 1203 1278 1273; x_wconf 81' lang='grc' dir='ltr'>μάλιστα</span> <span class='ocrx_word' id='word_1_76' title='bbox 1336 1203 1555 1273; x_wconf 79' lang='grc' dir='ltr'>νομίσαι</span> <span class='ocrx_word' id='word_1_77' title='bbox 1608 1202 1799 1255; x_wconf 74' lang='grc' dir='ltr'>τοῦτον</span> 
     </span>
    </p>
   </div>
   <div class='ocr_carea' id='block_1_14' title="bbox 204 1292 1796 1365">
    <p class='ocr_par' dir='ltr' id='par_1_14' title="bbox 204 1292 1796 1365">
     <span class='ocr_line' id='line_1_14' title="bbox 204 1292 1796 1365; baseline 0.003 -22"><span class='ocrx_word' id='word_1_78' title='bbox 204 1292 454 1346; x_wconf 80' lang='grc' dir='ltr'>ἀντίθεον</span> <span class='ocrx_word' id='word_1_79' title='bbox 487 1335 501 1358; x_wconf 95' lang='grc'><strong>,</strong></span> <span class='ocrx_word' id='word_1_80' title='bbox 554 1296 647 1347; x_wconf 73' lang='grc' dir='ltr'>καὶ</span> <span class='ocrx_word' id='word_1_81' title='bbox 696 1296 797 1365; x_wconf 81' lang='grc' dir='ltr'>τὴν</span> <span class='ocrx_word' id='word_1_82' title='bbox 854 1295 947 1347; x_wconf 79' lang='grc' dir='ltr'>τοῦ</span> <span class='ocrx_word' id='word_1_83' title='bbox 996 1295 1137 1348; x_wconf 81' lang='grc' dir='ltr'>Θεοῦ</span> <span class='ocrx_word' id='word_1_84' title='bbox 1194 1296 1361 1364; x_wconf 79' lang='grc' dir='ltr'>τιμὴν</span> <span class='ocrx_word' id='word_1_85' title='bbox 1417 1294 1796 1362; x_wconf 69' lang='grc' dir='ltr'>ἀναισχύντως</span> 
     </span>
    </p>
   </div>
   <div class='ocr_carea' id='block_1_15' title="bbox 203 1383 1793 1455">
    <p class='ocr_par' dir='ltr' id='par_1_15' title="bbox 203 1383 1793 1455">
     <span class='ocr_line' id='line_1_15' title="bbox 203 1383 1793 1455; baseline 0.003 -22"><span class='ocrx_word' id='word_1_86' title='bbox 203 1383 663 1452; x_wconf 74' lang='grc' dir='ltr'>σφετεριζόμενον</span> <span class='ocrx_word' id='word_1_87' title='bbox 689 1402 704 1451; x_wconf 89' lang='grc'>;</span> <span class='ocrx_word' id='word_1_88' title='bbox 761 1386 859 1437; x_wconf 83' lang='grc' dir='ltr'><strong>Διὰ</strong></span> <span class='ocrx_word' id='word_1_89' title='bbox 884 1384 1044 1437; x_wconf 81' lang='grc' dir='ltr'>τοῦτο</span> <span class='ocrx_word' id='word_1_90' title='bbox 1079 1385 1261 1452; x_wconf 83' lang='grc' dir='ltr'>σοφῶς</span> <span class='ocrx_word' id='word_1_91' title='bbox 1288 1385 1401 1455; x_wconf 82' lang='grc'>(58)</span> <span class='ocrx_word' id='word_1_92' title='bbox 1431 1403 1491 1437; x_wconf 89' lang='grc' dir='ltr'><strong>τε</strong></span> <span class='ocrx_word' id='word_1_93' title='bbox 1521 1386 1615 1438; x_wconf 59' lang='grc' dir='ltr'><strong>καὶ⁵</strong></span> <span class='ocrx_word' id='word_1_94' title='bbox 1646 1386 1793 1438; x_wconf 68' lang='grc' dir='ltr'>οἱκο-</span> 
     </span>
    </p>
   </div>
   <div class='ocr_carea' id='block_1_16' title="bbox 198 1472 1795 1547">
    <p class='ocr_par' dir='ltr' id='par_1_16' title="bbox 198 1472 1795 1547">
     <span class='ocr_line' id='line_1_16' title="bbox 198 1472 1795 1547; baseline 0.003 -22"><span class='ocrx_word' id='word_1_95' title='bbox 198 1472 467 1542; x_wconf 82' lang='grc' dir='ltr'>νομικῶς,</span> <span class='ocrx_word' id='word_1_96' title='bbox 504 1476 633 1528; x_wconf 81' lang='grc' dir='ltr'>ποτὲ</span> <span class='ocrx_word' id='word_1_97' title='bbox 686 1476 809 1545; x_wconf 81' lang='grc' dir='ltr'>μὲν,</span> <span class='ocrx_word' id='word_1_98' title='bbox 842 1477 1174 1547; x_wconf 82' lang='grc' dir='ltr'>θεοπρεπεῖς</span> <span class='ocrx_word' id='word_1_99' title='bbox 1202 1476 1579 1547; x_wconf 76' lang='grc' dir='ltr'>ἐργαζόμενος</span> <span class='ocrx_word' id='word_1_100' title='bbox 1612 1494 1795 1546; x_wconf 84' lang='grc' dir='ltr'>παρα-</span> 
     </span>
    </p>
   </div>
   <div class='ocr_carea' id='block_1_17' title="bbox 198 1564 1793 1639">
    <p class='ocr_par' dir='ltr' id='par_1_17' title="bbox 198 1564 1793 1639">
     <span class='ocr_line' id='line_1_17' title="bbox 198 1564 1793 1639; baseline 0.004 -23"><span class='ocrx_word' id='word_1_101' title='bbox 198 1564 530 1629; x_wconf 80' lang='grc' dir='ltr'>δοξοποιίας,</span> <span class='ocrx_word' id='word_1_102' title='bbox 562 1568 768 1629; x_wconf 81' lang='grc' dir='ltr'>ταύτας</span> <span class='ocrx_word' id='word_1_103' title='bbox 804 1569 997 1638; x_wconf 77' lang='grc' dir='ltr'>ἀφίησι</span> <span class='ocrx_word' id='word_1_104' title='bbox 1029 1569 1346 1639; x_wconf 80' lang='grc' dir='ltr'>κηρύττειν,</span> <span class='ocrx_word' id='word_1_105' title='bbox 1380 1570 1461 1623; x_wconf 79' lang='grc' dir='ltr'>ὅτι</span> <span class='ocrx_word' id='word_1_106' title='bbox 1490 1569 1623 1633; x_wconf 89' lang='grc' dir='ltr'>Θεός</span> <span class='ocrx_word' id='word_1_107' title='bbox 1644 1571 1761 1622; x_wconf 80' lang='grc' dir='ltr'>ἐστι</span> <span class='ocrx_word' id='word_1_108' title='bbox 1782 1589 1793 1599; x_wconf 74' lang='grc'><strong><em>⁸</em></strong></span> 
     </span>
    </p>
   </div>
   <div class='ocr_carea' id='block_1_18' title="bbox 198 1657 1793 1730">
    <p class='ocr_par' dir='ltr' id='par_1_18' title="bbox 198 1657 1793 1730">
     <span class='ocr_line' id='line_1_18' title="bbox 198 1657 1793 1730; baseline 0.003 -22"><span class='ocrx_word' id='word_1_109' title='bbox 198 1657 329 1709; x_wconf 74' lang='grc' dir='ltr'>ποτὶ</span> <span class='ocrx_word' id='word_1_110' title='bbox 382 1657 463 1721; x_wconf 83' lang='grc' dir='ltr'>δὲ,</span> <span class='ocrx_word' id='word_1_111' title='bbox 499 1660 823 1729; x_wconf 79' lang='grc' dir='ltr'>παρακιρνᾷ</span> <span class='ocrx_word' id='word_1_112' title='bbox 880 1660 975 1712; x_wconf 67' lang='grc' dir='ltr'>καὶ</span> <span class='ocrx_word' id='word_1_113' title='bbox 1022 1662 1248 1730; x_wconf 76' lang='grc' dir='ltr'>ῥήματα</span> <span class='ocrx_word' id='word_1_114' title='bbox 1285 1663 1399 1724; x_wconf 85' lang='grc' dir='ltr'>τοῖς</span> <span class='ocrx_word' id='word_1_115' title='bbox 1456 1660 1661 1729; x_wconf 87' lang='grc' dir='ltr'>λόγοις,</span> <span class='ocrx_word' id='word_1_116' title='bbox 1695 1664 1793 1729; x_wconf 84' lang='grc' dir='ltr'><strong>ὲμ-</strong></span> 
     </span>
    </p>
   </div>
   <div class='ocr_carea' id='block_1_19' title="bbox 202 1748 1789 1821">
    <p class='ocr_par' dir='ltr' id='par_1_19' title="bbox 202 1748 1789 1821">
     <span class='ocr_line' id='line_1_19' title="bbox 202 1748 1789 1821; baseline 0.004 -23"><span class='ocrx_word' id='word_1_117' title='bbox 202 1748 442 1815; x_wconf 75' lang='grc' dir='ltr'>φαντικὰ</span> <span class='ocrx_word' id='word_1_118' title='bbox 493 1748 596 1816; x_wconf 83' lang='grc' dir='ltr'>τῆς</span> <span class='ocrx_word' id='word_1_119' title='bbox 654 1750 824 1802; x_wconf 80' lang='grc' dir='ltr'>αὑτοῦ</span> <span class='ocrx_word' id='word_1_120' title='bbox 878 1750 1163 1821; x_wconf 77' lang='grc' dir='ltr'>θεότητος·</span> <span class='ocrx_word' id='word_1_121' title='bbox 1209 1753 1273 1805; x_wconf 82' lang='grc' dir='ltr'>ὲκ</span> <span class='ocrx_word' id='word_1_122' title='bbox 1300 1751 1396 1803; x_wconf 85' lang='grc' dir='ltr'>τοῦ</span> <span class='ocrx_word' id='word_1_123' title='bbox 1426 1752 1665 1821; x_wconf 81' lang='grc' dir='ltr'>φανεροῦ</span> <span class='ocrx_word' id='word_1_124' title='bbox 1710 1752 1789 1816; x_wconf 78' lang='grc' dir='ltr'>δὲ,</span> 
     </span>
    </p>
   </div>
   <div class='ocr_carea' id='block_1_20' title="bbox 200 1838 1794 1913">
    <p class='ocr_par' dir='ltr' id='par_1_20' title="bbox 200 1838 1794 1913">
     <span class='ocr_line' id='line_1_20' title="bbox 200 1838 1794 1913; baseline 0.004 -23"><span class='ocrx_word' id='word_1_125' title='bbox 200 1840 297 1891; x_wconf 75' lang='grc' dir='ltr'>καὶ</span> <span class='ocrx_word' id='word_1_126' title='bbox 331 1838 408 1902; x_wconf 88' lang='grc' dir='ltr'><strong>ὡς</strong></span> <span class='ocrx_word' id='word_1_127' title='bbox 440 1841 534 1892; x_wconf 71' lang='grc' dir='ltr'><strong>ἐπὶ</strong></span> <span class='ocrx_word' id='word_1_128' title='bbox 550 1840 610 1893; x_wconf 85' lang='grc' dir='ltr'>τὸ</span> <span class='ocrx_word' id='word_1_129' title='bbox 641 1841 916 1908; x_wconf 84' lang='grc' dir='ltr'>πλεῖστον,</span> <span class='ocrx_word' id='word_1_130' title='bbox 951 1845 1186 1896; x_wconf 73' lang='grc' dir='ltr'>ταπεινὰ</span> <span class='ocrx_word' id='word_1_131' title='bbox 1218 1844 1349 1913; x_wconf 72' lang='grc' dir='ltr'>περὶ</span> <span class='ocrx_word' id='word_1_132' title='bbox 1382 1843 1581 1897; x_wconf 81' lang='grc' dir='ltr'>ἑαυτοῦ</span> <span class='ocrx_word' id='word_1_133' title='bbox 1618 1844 1794 1912; x_wconf 72' lang='grc' dir='ltr'>φθὲγ·</span> 
     </span>
    </p>
   </div>
   <div class='ocr_carea' id='block_1_21' title="bbox 199 1934 1794 2006">
    <p class='ocr_par' dir='ltr' id='par_1_21' title="bbox 199 1934 1794 2006">
     <span class='ocr_line' id='line_1_21' title="bbox 199 1934 1794 2006; baseline 0.003 -21"><span class='ocrx_word' id='word_1_134' title='bbox 199 1950 377 2001; x_wconf 78' lang='grc' dir='ltr'>γεται,</span> <span class='ocrx_word' id='word_1_135' title='bbox 412 1934 498 1987; x_wconf 70' lang='grc' dir='ltr'>διὰ</span> <span class='ocrx_word' id='word_1_136' title='bbox 537 1934 638 2004; x_wconf 81' lang='grc' dir='ltr'>τὴν</span> <span class='ocrx_word' id='word_1_137' title='bbox 671 1935 960 1988; x_wconf 77' lang='grc' dir='ltr'>ἀσθένειαν</span> <span class='ocrx_word' id='word_1_138' title='bbox 986 1935 1097 1988; x_wconf 89' lang='grc' dir='ltr'><strong>τῶν</strong></span> <span class='ocrx_word' id='word_1_139' title='bbox 1131 1936 1443 2006; x_wconf 81' lang='grc' dir='ltr'>ἀκροατῶν.</span> <span class='ocrx_word' id='word_1_140' title='bbox 1494 1937 1794 2005; x_wconf 82' lang='grc' dir='ltr'>Ἐγίνωσκε</span> 
     </span>
    </p>
   </div>
   <div class='ocr_carea' id='block_1_22' title="bbox 199 2025 1794 2098">
    <p class='ocr_par' dir='ltr' id='par_1_22' title="bbox 199 2025 1794 2098">
     <span class='ocr_line' id='line_1_22' title="bbox 199 2025 1794 2098; baseline 0.003 -22"><span class='ocrx_word' id='word_1_141' title='bbox 199 2026 332 2095; x_wconf 76' lang='grc' dir='ltr'>γὰρ,</span> <span class='ocrx_word' id='word_1_142' title='bbox 359 2027 443 2078; x_wconf 81' lang='grc' dir='ltr'>ὅτι</span> <span class='ocrx_word' id='word_1_143' title='bbox 468 2028 538 2079; x_wconf 68' lang='grc' dir='ltr'>τὰ</span> <span class='ocrx_word' id='word_1_144' title='bbox 576 2025 716 2096; x_wconf 76' lang='grc' dir='ltr'>ἔργα</span> <span class='ocrx_word' id='word_1_145' title='bbox 757 2026 945 2081; x_wconf 84' lang='grc' dir='ltr'>τοῦτον</span> <span class='ocrx_word' id='word_1_146' title='bbox 1004 2026 1118 2097; x_wconf 79' lang='grc'><strong>(59)</strong></span> <span class='ocrx_word' id='word_1_147' title='bbox 1152 2028 1597 2098; x_wconf 83' lang='grc' dir='ltr'>φανερώσουσιν,</span> <span class='ocrx_word' id='word_1_148' title='bbox 1631 2028 1667 2083; x_wconf 74' lang='grc' dir='ltr'><strong>ὅ.</strong></span> <span class='ocrx_word' id='word_1_149' title='bbox 1699 2030 1794 2082; x_wconf 80' lang='grc' dir='ltr'>ού-</span> 
     </span>
    </p>
   </div>
   <div class='ocr_carea' id='block_1_23' title="bbox 203 2116 1795 2193">
    <p class='ocr_par' dir='ltr' id='par_1_23' title="bbox 203 2116 1795 2193">
     <span class='ocr_line' id='line_1_23' title="bbox 203 2116 1795 2193; baseline 0.004 -23"><span class='ocrx_word' id='word_1_150' title='bbox 203 2116 316 2179; x_wconf 73' lang='grc' dir='ltr'>δεὶς</span> <span class='ocrx_word' id='word_1_151' title='bbox 369 2119 532 2183; x_wconf 75' lang='grc' dir='ltr'>ἄλλος</span> <span class='ocrx_word' id='word_1_152' title='bbox 597 2120 878 2192; x_wconf 74' lang='grc' dir='ltr'>ἐποίησεν.</span> <span class='ocrx_word' id='word_1_153' title='bbox 945 2120 1297 2186; x_wconf 79' lang='grc' dir='ltr'>Ἀλαζονικδν</span> <span class='ocrx_word' id='word_1_154' title='bbox 1375 2123 1504 2193; x_wconf 85' lang='grc' dir='ltr'>γὰρ,</span> <span class='ocrx_word' id='word_1_155' title='bbox 1554 2123 1614 2176; x_wconf 82' lang='grc' dir='ltr'>τὸ</span> <span class='ocrx_word' id='word_1_156' title='bbox 1662 2124 1795 2193; x_wconf 71' lang='grc' dir='ltr'>περὶ</span> 
     </span>
    </p>
   </div>
   <div class='ocr_carea' id='block_1_24' title="bbox 202 2209 1444 2281">
    <p class='ocr_par' dir='ltr' id='par_1_24' title="bbox 202 2209 1444 2281">
     <span class='ocr_line' id='line_1_24' title="bbox 202 2209 1444 2281; baseline 0.006 -20"><span class='ocrx_word' id='word_1_157' title='bbox 202 2209 399 2264; x_wconf 73' lang='grc' dir='ltr'>ἑαυτοῦ</span> <span class='ocrx_word' id='word_1_158' title='bbox 428 2228 546 2265; x_wconf 85' lang='grc' dir='ltr'>τινα</span> <span class='ocrx_word' id='word_1_159' title='bbox 572 2211 787 2281; x_wconf 72' lang='grc' dir='ltr'>μεγάλα</span> <span class='ocrx_word' id='word_1_160' title='bbox 821 2211 1028 2281; x_wconf 81' lang='grc' dir='ltr'>λέγειν,</span> <span class='ocrx_word' id='word_1_161' title='bbox 1059 2214 1153 2267; x_wconf 78' lang='grc' dir='ltr'>καὶ</span> <span class='ocrx_word' id='word_1_162' title='bbox 1178 2213 1444 2269; x_wconf 76' lang='grc' dir='ltr'>ὕποπτον.</span> 
     </span>
    </p>
   </div>
   <div class='ocr_carea' id='block_1_25' title="bbox 278 2501 1796 2575">
    <p class='ocr_par' dir='ltr' id='par_1_25' title="bbox 278 2501 1796 2575">
     <span class='ocr_line' id='line_1_25' title="bbox 278 2501 1796 2575; baseline 0.005 -20"><span class='ocrx_word' id='word_1_163' title='bbox 278 2501 423 2555; x_wconf 81' lang='grc' dir='ltr'>Ἀλλ’</span> <span class='ocrx_word' id='word_1_164' title='bbox 454 2502 547 2555; x_wconf 73' lang='grc' dir='ltr'><strong>ἐπὶ</strong></span> <span class='ocrx_word' id='word_1_165' title='bbox 572 2502 633 2556; x_wconf 81' lang='grc' dir='ltr'>τὸ</span> <span class='ocrx_word' id='word_1_166' title='bbox 664 2502 781 2574; x_wconf 85' lang='grc'><strong>(60)</strong></span> <span class='ocrx_word' id='word_1_167' title='bbox 819 2504 1183 2575; x_wconf 80' lang='grc' dir='ltr'>προκείμενον</span> <span class='ocrx_word' id='word_1_168' title='bbox 1214 2506 1630 2574; x_wconf 74' lang='grc' dir='ltr'>ἐπανελθόντες,</span> <span class='ocrx_word' id='word_1_169' title='bbox 1664 2508 1796 2563; x_wconf 88' lang='grc' dir='ltr'>θεα-</span> 
     </span>
    </p>
   </div>
   <div class='ocr_carea' id='block_1_26' title="bbox 198 2590 1783 2668">
    <p class='ocr_par' dir='ltr' id='par_1_26' title="bbox 198 2590 1783 2668">
     <span class='ocr_line' id='line_1_26' title="bbox 198 2590 1783 2668; baseline 0.004 -22"><span class='ocrx_word' id='word_1_170' title='bbox 198 2590 460 2664; x_wconf 83' lang='grc' dir='ltr'>σώμεθα,</span> <span class='ocrx_word' id='word_1_171' title='bbox 500 2594 617 2658; x_wconf 87' lang='grc' dir='ltr'><strong>πῶς</strong></span> <span class='ocrx_word' id='word_1_172' title='bbox 646 2596 709 2648; x_wconf 81' lang='grc' dir='ltr'>οὐ</span> <span class='ocrx_word' id='word_1_173' title='bbox 744 2595 1006 2651; x_wconf 81' lang='grc' dir='ltr'>καταλύει</span> <span class='ocrx_word' id='word_1_174' title='bbox 1040 2598 1133 2652; x_wconf 80' lang='grc' dir='ltr'><strong>τὸν</strong></span> <span class='ocrx_word' id='word_1_175' title='bbox 1163 2598 1362 2668; x_wconf 85' lang='grc' dir='ltr'>νόμον,</span> <span class='ocrx_word' id='word_1_176' title='bbox 1405 2600 1539 2656; x_wconf 77' lang='grc' dir='ltr'><strong>ἀλλά</strong></span> <span class='ocrx_word' id='word_1_177' title='bbox 1582 2601 1783 2661; x_wconf 80' lang='grc' dir='ltr'>μᾶλλον</span> 
     </span>
    </p>
   </div>
   <div class='ocr_carea' id='block_1_27' title="bbox 197 2690 1792 2768">
    <p class='ocr_par' dir='ltr' id='par_1_27' title="bbox 197 2690 1792 2768">
     <span class='ocr_line' id='line_1_27' title="bbox 197 2690 1792 2768; baseline 0.006 -28"><span class='ocrx_word' id='word_1_178' title='bbox 197 2690 523 2758; x_wconf 75' lang='grc' dir='ltr'>ἀναπληροῖ,</span> <span class='ocrx_word' id='word_1_179' title='bbox 545 2690 621 2751; x_wconf 87' lang='grc' dir='ltr'>ὼς</span> <span class='ocrx_word' id='word_1_180' title='bbox 634 2691 868 2755; x_wconf 75' lang='grc' dir='ltr'><strong>ἐλλιπῶς</strong></span> <span class='ocrx_word' id='word_1_181' title='bbox 888 2691 1106 2763; x_wconf 77' lang='grc' dir='ltr'>ἔχοντα.</span> <span class='ocrx_word' id='word_1_182' title='bbox 1132 2695 1272 2763; x_wconf 73' lang='grc' dir='ltr'>Φησὶ</span> <span class='ocrx_word' id='word_1_183' title='bbox 1302 2695 1433 2766; x_wconf 78' lang='grc' dir='ltr'>γὰρ,</span> <span class='ocrx_word' id='word_1_184' title='bbox 1460 2697 1541 2750; x_wconf 85' lang='grc' dir='ltr'>ὅτι</span> <span class='ocrx_word' id='word_1_185' title='bbox 1560 2696 1792 2768; x_wconf 80' lang='grc' dir='ltr'>Ἐλέχθη</span> 
     </span>
    </p>
   </div>
   <div class='ocr_carea' id='block_1_28' title="bbox 199 2778 1791 2859">
    <p class='ocr_par' dir='ltr' id='par_1_28' title="bbox 199 2778 1791 2859">
     <span class='ocr_line' id='line_1_28' title="bbox 199 2778 1791 2859; baseline 0.008 -28"><span class='ocrx_word' id='word_1_186' title='bbox 199 2780 356 2847; x_wconf 84' lang='grc' dir='ltr'>παρὰ</span> <span class='ocrx_word' id='word_1_187' title='bbox 384 2778 479 2832; x_wconf 82' lang='grc' dir='ltr'>τοῦ</span> <span class='ocrx_word' id='word_1_188' title='bbox 516 2781 812 2850; x_wconf 81' lang='grc' dir='ltr'>νομοθέτου</span> <span class='ocrx_word' id='word_1_189' title='bbox 844 2786 983 2853; x_wconf 84' lang='grc' dir='ltr'>πρὸς</span> <span class='ocrx_word' id='word_1_190' title='bbox 1016 2787 1143 2850; x_wconf 81' lang='grc' dir='ltr'>τοὺς</span> <span class='ocrx_word' id='word_1_191' title='bbox 1176 2789 1440 2859; x_wconf 75' lang='grc' dir='ltr'>ἀρχαίους</span> <span class='ocrx_word' id='word_1_192' title='bbox 1481 2789 1791 2859; x_wconf 74' lang='grc' dir='ltr'>Ἐϐραίους,</span> 
     </span>
    </p>
   </div>
   <div class='ocr_carea' id='block_1_29' title="bbox 196 2870 1790 2951">
    <p class='ocr_par' dir='ltr' id='par_1_29' title="bbox 196 2870 1790 2951">
     <span class='ocr_line' id='line_1_29' title="bbox 196 2870 1790 2951; baseline 0.006 -28"><span class='ocrx_word' id='word_1_193' title='bbox 196 2872 279 2923; x_wconf 85' lang='grc' dir='ltr'>ὅτι</span> <span class='ocrx_word' id='word_1_194' title='bbox 324 2872 401 2925; x_wconf 82' lang='grc' dir='ltr'><strong>Οὐ</strong></span> <span class='ocrx_word' id='word_1_195' title='bbox 448 2872 729 2951; x_wconf 83' lang='grc' dir='ltr'>φονεύσεις</span> <span class='ocrx_word' id='word_1_196' title='bbox 776 2876 1073 2944; x_wconf 74' lang='grc' dir='ltr'>ὁμόφυλον,</span> <span class='ocrx_word' id='word_1_197' title='bbox 1106 2870 1152 2929; x_wconf 81' lang='grc' dir='ltr'>ὧ</span> <span class='ocrx_word' id='word_1_198' title='bbox 1198 2878 1457 2949; x_wconf 75' lang='grc' dir='ltr'>ἄνθρωπε</span> <span class='ocrx_word' id='word_1_199' title='bbox 1486 2897 1501 2912; x_wconf 75' lang='grc' dir='ltr'><strong><em>ο</em></strong></span> <span class='ocrx_word' id='word_1_200' title='bbox 1539 2882 1597 2944; x_wconf 83' lang='grc' dir='ltr'>ὃς</span> <span class='ocrx_word' id='word_1_201' title='bbox 1634 2882 1681 2933; x_wconf 85' lang='grc' dir='ltr'>δ’</span> <span class='ocrx_word' id='word_1_202' title='bbox 1723 2883 1790 2935; x_wconf 86' lang='grc' dir='ltr'>ἂν</span> 
     </span>
    </p>
   </div>
   <div class='ocr_carea' id='block_1_30' title="bbox 196 2960 1792 3040">
    <p class='ocr_par' dir='ltr' id='par_1_30' title="bbox 196 2960 1792 3040">
     <span class='ocr_line' id='line_1_30' title="bbox 196 2960 1792 3040; baseline 0.009 -29"><span class='ocrx_word' id='word_1_203' title='bbox 196 2960 472 3031; x_wconf 70' lang='grc' dir='ltr'>φονεύσῃ,</span> <span class='ocrx_word' id='word_1_204' title='bbox 528 2962 833 3028; x_wconf 82' lang='grc' dir='ltr'>ὑπεύθυνος</span> <span class='ocrx_word' id='word_1_205' title='bbox 882 2966 1033 3019; x_wconf 80' lang='grc' dir='ltr'>ἔσται</span> <span class='ocrx_word' id='word_1_206' title='bbox 1083 2970 1149 3037; x_wconf 81' lang='grc' dir='ltr'>τῇ</span> <span class='ocrx_word' id='word_1_207' title='bbox 1206 2972 1558 3040; x_wconf 85' lang='grc' dir='ltr'>κατακρίσει,</span> <span class='ocrx_word' id='word_1_208' title='bbox 1604 2974 1684 3034; x_wconf 87' lang='grc' dir='ltr'><strong>εἰς</strong></span> <span class='ocrx_word' id='word_1_209' title='bbox 1730 2974 1792 3025; x_wconf 84' lang='grc' dir='ltr'>τὸ</span> 
     </span>
    </p>
   </div>
   <div class='ocr_carea' id='block_1_31' title="bbox 194 3050 1787 3133">
    <p class='ocr_par' dir='ltr' id='par_1_31' title="bbox 194 3050 1787 3133">
     <span class='ocr_line' id='line_1_31' title="bbox 194 3050 1787 3133; baseline 0.009 -31"><span class='ocrx_word' id='word_1_210' title='bbox 194 3050 380 3104; x_wconf 76' lang='grc' dir='ltr'>δοῦναι</span> <span class='ocrx_word' id='word_1_211' title='bbox 416 3050 572 3122; x_wconf 84' lang='grc' dir='ltr'>δίκην</span> <span class='ocrx_word' id='word_1_212' title='bbox 610 3054 768 3118; x_wconf 77' lang='grc' dir='ltr'>ἀξίαν</span> <span class='ocrx_word' id='word_1_213' title='bbox 806 3055 901 3109; x_wconf 81' lang='grc' dir='ltr'>τοῦ</span> <span class='ocrx_word' id='word_1_214' title='bbox 937 3058 1099 3126; x_wconf 81' lang='grc' dir='ltr'>φόνου</span> <span class='ocrx_word' id='word_1_215' title='bbox 1126 3076 1140 3090; x_wconf 91' lang='grc'><strong>·</strong></span> <span class='ocrx_word' id='word_1_216' title='bbox 1176 3058 1289 3128; x_wconf 82' lang='grc' dir='ltr'><strong>ἐγὼ</strong></span> <span class='ocrx_word' id='word_1_217' title='bbox 1339 3060 1416 3113; x_wconf 85' lang='grc' dir='ltr'>δὲ.</span> <span class='ocrx_word' id='word_1_218' title='bbox 1438 3062 1583 3129; x_wconf 79' lang='grc' dir='ltr'>λέγω</span> <span class='ocrx_word' id='word_1_219' title='bbox 1622 3063 1751 3133; x_wconf 85' lang='grc' dir='ltr'>ὑμῖν</span> <span class='ocrx_word' id='word_1_220' title='bbox 1773 3104 1787 3129; x_wconf 95' lang='grc'><strong>,</strong></span> 
     </span>
    </p>
   </div>
   <div class='ocr_carea' id='block_1_32' title="bbox 1826 1764 2023 1871">
    <p class='ocr_par' dir='ltr' id='par_1_32' title="bbox 1826 1764 2023 1871">
     <span class='ocr_line' id='line_1_32' title="bbox 1826 1764 2023 1871; baseline 0.01 -38"><span class='ocrx_word' id='word_1_221' title='bbox 1826 1817 1868 1871; x_wconf 70' lang='grc' dir='ltr'><strong>Β</strong></span> <span class='ocrx_word' id='word_1_222' title='bbox 1899 1764 2023 1835; x_wconf 55' lang='lat' dir='ltr'><strong>(ﬂ).</strong></span> 
     </span>
    </p>
   </div>
   <div class='ocr_carea' id='block_1_33' title="bbox 1914 545 3510 611">
    <p class='ocr_par' dir='ltr' id='par_1_33' title="bbox 1914 545 3510 611">
     <span class='ocr_line' id='line_1_33' title="bbox 1914 545 3510 611; baseline -0.003 -8"><span class='ocrx_word' id='word_1_223' title='bbox 1914 549 2202 604; x_wconf 82' lang='lat' dir='ltr'><strong>manifeste</strong></span> <span class='ocrx_word' id='word_1_224' title='bbox 2257 564 2366 601; x_wconf 90' lang='lat' dir='ltr'><strong>non</strong></span> <span class='ocrx_word' id='word_1_225' title='bbox 2408 548 2545 601; x_wconf 75' lang='lat' dir='ltr'><strong>dixit</strong></span> <span class='ocrx_word' id='word_1_226' title='bbox 2585 562 2645 601; x_wconf 91' lang='lat' dir='ltr'><strong>se</strong></span> <span class='ocrx_word' id='word_1_227' title='bbox 2682 547 2849 599; x_wconf 89' lang='lat' dir='ltr'><strong>Deum</strong></span> <span class='ocrx_word' id='word_1_228' title='bbox 2899 545 3065 600; x_wconf 88' lang='lat' dir='ltr'><strong>esse?</strong></span> <span class='ocrx_word' id='word_1_229' title='bbox 3105 545 3241 611; x_wconf 81' lang='lat' dir='ltr'><strong>Quia</strong></span> <span class='ocrx_word' id='word_1_230' title='bbox 3284 562 3347 600; x_wconf 86' lang='lat' dir='ltr'><strong>ex</strong></span> <span class='ocrx_word' id='word_1_231' title='bbox 3405 545 3510 599; x_wconf 88' lang='lat' dir='ltr'><strong>hoc</strong></span> 
     </span>
    </p>
   </div>
   <div class='ocr_carea' id='block_1_34' title="bbox 1914 637 3504 707">
    <p class='ocr_par' dir='ltr' id='par_1_34' title="bbox 1914 637 3504 707">
     <span class='ocr_line' id='line_1_34' title="bbox 1914 637 3504 707; baseline -0.005 -11"><span class='ocrx_word' id='word_1_232' title='bbox 1914 640 2168 697; x_wconf 92' lang='lat' dir='ltr'><strong>turbandi</strong></span> <span class='ocrx_word' id='word_1_233' title='bbox 2198 649 2358 693; x_wconf 87' lang='lat' dir='ltr'><strong>erant</strong></span> <span class='ocrx_word' id='word_1_234' title='bbox 2398 639 2703 693; x_wconf 74' lang='lat' dir='ltr'><strong>auditores.</strong></span> <span class='ocrx_word' id='word_1_235' title='bbox 2749 638 2803 693; x_wconf 89' lang='lat' dir='ltr'><strong>Si</strong></span> <span class='ocrx_word' id='word_1_236' title='bbox 2840 638 2985 692; x_wconf 86' lang='lat' dir='ltr'><strong>enim</strong></span> <span class='ocrx_word' id='word_1_237' title='bbox 3030 637 3285 707; x_wconf 85' lang='lat' dir='ltr'><strong>discipuli</strong></span> <span class='ocrx_word' id='word_1_238' title='bbox 3326 637 3504 707; x_wconf 87' lang='lat' dir='ltr'><strong>ipsum</strong></span> 
     </span>
    </p>
   </div>
   <div class='ocr_carea' id='block_1_35' title="bbox 1909 730 3507 809">
    <p class='ocr_par' dir='ltr' id='par_1_35' title="bbox 1909 730 3507 809">
     <span class='ocr_line' id='line_1_35' title="bbox 1909 730 3507 809; baseline -0.004 -17"><span class='ocrx_word' id='word_1_239' title='bbox 1909 744 2325 809; x_wconf 64' lang='lat' dir='ltr'><strong>cognoscentes,</strong></span> <span class='ocrx_word' id='word_1_240' title='bbox 2369 744 2425 788; x_wconf 90' lang='lat' dir='ltr'><strong>et</strong></span> <span class='ocrx_word' id='word_1_241' title='bbox 2470 734 2537 787; x_wconf 88' lang='lat' dir='ltr'><strong>ab</strong></span> <span class='ocrx_word' id='word_1_242' title='bbox 2583 748 2649 787; x_wconf 93' lang='lat' dir='ltr'><strong>eo</strong></span> <span class='ocrx_word' id='word_1_243' title='bbox 2701 732 2947 802; x_wconf 89' lang='lat' dir='ltr'><strong>quotidie</strong></span> <span class='ocrx_word' id='word_1_244' title='bbox 2996 730 3199 797; x_wconf 79' lang='lat' dir='ltr'><strong>edocti,</strong></span> <span class='ocrx_word' id='word_1_245' title='bbox 3254 731 3507 785; x_wconf 72' lang='lat' dir='ltr'><strong>videntes</strong></span> 
     </span>
    </p>
   </div>
   <div class='ocr_carea' id='block_1_36' title="bbox 1905 825 3505 900">
    <p class='ocr_par' dir='ltr' id='par_1_36' title="bbox 1905 825 3505 900">
     <span class='ocr_line' id='line_1_36' title="bbox 1905 825 3505 900; baseline -0.004 -16"><span class='ocrx_word' id='word_1_246' title='bbox 1905 845 2125 900; x_wconf 90' lang='lat' dir='ltr'><strong>quoque</strong></span> <span class='ocrx_word' id='word_1_247' title='bbox 2153 827 2424 883; x_wconf 84' lang='lat' dir='ltr'><strong>mirabilia</strong></span> <span class='ocrx_word' id='word_1_248' title='bbox 2454 834 2799 896; x_wconf 81' lang='lat' dir='ltr'><strong>operantem,</strong></span> <span class='ocrx_word' id='word_1_249' title='bbox 2833 841 2897 881; x_wconf 89' lang='lat' dir='ltr'><strong>ac</strong></span> <span class='ocrx_word' id='word_1_250' title='bbox 2928 828 3093 879; x_wconf 87' lang='lat' dir='ltr'><strong>rebus</strong></span> <span class='ocrx_word' id='word_1_251' title='bbox 3129 825 3505 880; x_wconf 74' lang='lat' dir='ltr'><strong>iuellabililms</strong></span> 
     </span>
    </p>
   </div>
   <div class='ocr_carea' id='block_1_37' title="bbox 1904 917 3501 988">
    <p class='ocr_par' dir='ltr' id='par_1_37' title="bbox 1904 917 3501 988">
     <span class='ocr_line' id='line_1_37' title="bbox 1904 917 3501 988; baseline -0.004 -12"><span class='ocrx_word' id='word_1_252' title='bbox 1904 922 2399 985; x_wconf 80' lang='lat' dir='ltr'><strong>communicantes,</strong></span> <span class='ocrx_word' id='word_1_253' title='bbox 2438 929 2584 975; x_wconf 89' lang='lat' dir='ltr'><strong>tanta</strong></span> <span class='ocrx_word' id='word_1_254' title='bbox 2618 918 2785 973; x_wconf 84' lang='lat' dir='ltr'><strong>etiam</strong></span> <span class='ocrx_word' id='word_1_255' title='bbox 2818 918 2887 973; x_wconf 92' lang='lat' dir='ltr'><strong>ab</strong></span> <span class='ocrx_word' id='word_1_256' title='bbox 2914 933 2980 973; x_wconf 88' lang='lat' dir='ltr'><strong>eo</strong></span> <span class='ocrx_word' id='word_1_257' title='bbox 3014 928 3242 988; x_wconf 87' lang='lat' dir='ltr'><strong>accepta</strong></span> <span class='ocrx_word' id='word_1_258' title='bbox 3277 917 3501 977; x_wconf 85' lang='lat' dir='ltr'><strong>virtute.</strong></span> 
     </span>
    </p>
   </div>
   <div class='ocr_carea' id='block_1_38' title="bbox 1906 1013 3502 1090">
    <p class='ocr_par' dir='ltr' id='par_1_38' title="bbox 1906 1013 3502 1090">
     <span class='ocr_line' id='line_1_38' title="bbox 1906 1013 3502 1090; baseline -0.003 -21"><span class='ocrx_word' id='word_1_259' title='bbox 1906 1026 1966 1070; x_wconf 91' lang='lat' dir='ltr'><strong>ut</strong></span> <span class='ocrx_word' id='word_1_260' title='bbox 2029 1023 2084 1070; x_wconf 90' lang='lat' dir='ltr'><strong>et</strong></span> <span class='ocrx_word' id='word_1_261' title='bbox 2145 1023 2394 1090; x_wconf 80' lang='lat' dir='ltr'><strong>mortuos</strong></span> <span class='ocrx_word' id='word_1_262' title='bbox 2461 1013 2834 1077; x_wconf 82' lang='lat' dir='ltr'><strong>suscitarent,</strong></span> <span class='ocrx_word' id='word_1_263' title='bbox 2897 1026 3241 1082; x_wconf 83' lang='lat' dir='ltr'><strong>nequaquam</strong></span> <span class='ocrx_word' id='word_1_264' title='bbox 3319 1020 3502 1065; x_wconf 87' lang='lat' dir='ltr'><strong>tamen</strong></span> 
     </span>
    </p>
   </div>
   <div class='ocr_carea' id='block_1_39' title="bbox 1904 1103 3504 1179">
    <p class='ocr_par' dir='ltr' id='par_1_39' title="bbox 1904 1103 3504 1179">
     <span class='ocr_line' id='line_1_39' title="bbox 1904 1103 3504 1179; baseline -0.004 -16"><span class='ocrx_word' id='word_1_265' title='bbox 1904 1110 2225 1179; x_wconf 84' lang='lat' dir='ltr'><strong>priusquam</strong></span> <span class='ocrx_word' id='word_1_266' title='bbox 2258 1107 2497 1177; x_wconf 88' lang='lat' dir='ltr'><strong>Spiritus</strong></span> <span class='ocrx_word' id='word_1_267' title='bbox 2530 1115 2758 1161; x_wconf 88' lang='lat' dir='ltr'><strong>sanctus</strong></span> <span class='ocrx_word' id='word_1_268' title='bbox 2790 1106 3104 1169; x_wconf 80' lang='lat' dir='ltr'><strong>adveniret,</strong></span> <span class='ocrx_word' id='word_1_269' title='bbox 3138 1104 3320 1158; x_wconf 80' lang='lat' dir='ltr'><strong>omnia</strong></span> <span class='ocrx_word' id='word_1_270' title='bbox 3358 1103 3504 1158; x_wconf 79' lang='lat' dir='ltr'><strong>ferre</strong></span> 
     </span>
    </p>
   </div>
   <div class='ocr_carea' id='block_1_40' title="bbox 1902 1200 3504 1274">
    <p class='ocr_par' dir='ltr' id='par_1_40' title="bbox 1902 1200 3504 1274">
     <span class='ocr_line' id='line_1_40' title="bbox 1902 1200 3504 1274; baseline -0.005 -16"><span class='ocrx_word' id='word_1_271' title='bbox 1902 1210 2159 1274; x_wconf 84' lang='lat' dir='ltr'><strong>poterant</strong></span> <span class='ocrx_word' id='word_1_272' title='bbox 2187 1220 2200 1254; x_wconf 93' lang='lat'>:</span> <span class='ocrx_word' id='word_1_273' title='bbox 2231 1202 2507 1272; x_wconf 87' lang='lat' dir='ltr'><strong>quomodo</strong></span> <span class='ocrx_word' id='word_1_274' title='bbox 2531 1201 2766 1271; x_wconf 81' lang='lat' dir='ltr'><strong>populus</strong></span> <span class='ocrx_word' id='word_1_275' title='bbox 2787 1200 3074 1269; x_wconf 87' lang='lat' dir='ltr'><strong>insipiens.</strong></span> <span class='ocrx_word' id='word_1_276' title='bbox 3107 1208 3381 1268; x_wconf 71' lang='lat' dir='ltr'><strong>tatttmquc</strong></span> <span class='ocrx_word' id='word_1_277' title='bbox 3404 1215 3504 1251; x_wconf 71' lang='lat' dir='ltr'><strong>cx-</strong></span> 
     </span>
    </p>
   </div>
   <div class='ocr_carea' id='block_1_41' title="bbox 1904 1295 3505 1368">
    <p class='ocr_par' dir='ltr' id='par_1_41' title="bbox 1904 1295 3505 1368">
     <span class='ocr_line' id='line_1_41' title="bbox 1904 1295 3505 1368; baseline -0.004 -17"><span class='ocrx_word' id='word_1_278' title='bbox 1904 1313 2029 1368; x_wconf 89' lang='lat' dir='ltr'><strong>pers</strong></span> <span class='ocrx_word' id='word_1_279' title='bbox 2059 1298 2312 1367; x_wconf 76' lang='lat' dir='ltr'><strong>virtutis,</strong></span> <span class='ocrx_word' id='word_1_280' title='bbox 2348 1305 2564 1367; x_wconf 81' lang='lat' dir='ltr'><strong>poterat</strong></span> <span class='ocrx_word' id='word_1_281' title='bbox 2602 1311 2711 1349; x_wconf 86' lang='lat' dir='ltr'><strong>non</strong></span> <span class='ocrx_word' id='word_1_282' title='bbox 2752 1295 2999 1359; x_wconf 89' lang='lat' dir='ltr'><strong>turbari,</strong></span> <span class='ocrx_word' id='word_1_283' title='bbox 3036 1302 3131 1347; x_wconf 89' lang='lat' dir='ltr'><strong>aut</strong></span> <span class='ocrx_word' id='word_1_284' title='bbox 3163 1309 3273 1347; x_wconf 89' lang='lat' dir='ltr'><strong>non</strong></span> <span class='ocrx_word' id='word_1_285' title='bbox 3314 1302 3505 1361; x_wconf 85' lang='lat' dir='ltr'><strong>putare</strong></span> 
     </span>
    </p>
   </div>
   <div class='ocr_carea' id='block_1_42' title="bbox 1904 1387 3501 1462">
    <p class='ocr_par' dir='ltr' id='par_1_42' title="bbox 1904 1387 3501 1462">
     <span class='ocr_line' id='line_1_42' title="bbox 1904 1387 3501 1462; baseline -0.005 -17"><span class='ocrx_word' id='word_1_286' title='bbox 1904 1393 2084 1461; x_wconf 91' lang='lat' dir='ltr'><strong>ipsum</strong></span> <span class='ocrx_word' id='word_1_287' title='bbox 2111 1390 2283 1462; x_wconf 83' lang='lat' dir='ltr'><strong>magis</strong></span> <span class='ocrx_word' id='word_1_288' title='bbox 2304 1405 2426 1445; x_wconf 91' lang='lat' dir='ltr'><strong>esse</strong></span> <span class='ocrx_word' id='word_1_289' title='bbox 2452 1389 2560 1444; x_wconf 90' lang='lat' dir='ltr'><strong>Deo</strong></span> <span class='ocrx_word' id='word_1_290' title='bbox 2584 1389 2947 1451; x_wconf 87' lang='lat' dir='ltr'><strong>contrarium,</strong></span> <span class='ocrx_word' id='word_1_291' title='bbox 2974 1389 3203 1459; x_wconf 87' lang='lat' dir='ltr'><strong>ejusque</strong></span> <span class='ocrx_word' id='word_1_292' title='bbox 3236 1387 3501 1441; x_wconf 87' lang='lat' dir='ltr'><strong>honorem</strong></span> 
     </span>
    </p>
   </div>
   <div class='ocr_carea' id='block_1_43' title="bbox 1901 1483 3502 1555">
    <p class='ocr_par' dir='ltr' id='par_1_43' title="bbox 1901 1483 3502 1555">
     <span class='ocr_line' id='line_1_43' title="bbox 1901 1483 3502 1555; baseline -0.002 -17"><span class='ocrx_word' id='word_1_293' title='bbox 1901 1486 2005 1540; x_wconf 87' lang='lat' dir='ltr'><strong>sibi</strong></span> <span class='ocrx_word' id='word_1_294' title='bbox 2074 1485 2425 1555; x_wconf 89' lang='lat' dir='ltr'><strong>impudenter</strong></span> <span class='ocrx_word' id='word_1_295' title='bbox 2491 1484 2821 1539; x_wconf 79' lang='lat' dir='ltr'><strong>vindicare?</strong></span> <span class='ocrx_word' id='word_1_296' title='bbox 2889 1483 3017 1539; x_wconf 90' lang='lat' dir='ltr'><strong>ldeo</strong></span> <span class='ocrx_word' id='word_1_297' title='bbox 3092 1484 3373 1553; x_wconf 81' lang='lat' dir='ltr'><strong>sapienter</strong></span> <span class='ocrx_word' id='word_1_298' title='bbox 3438 1497 3502 1535; x_wconf 82' lang='lat' dir='ltr'><strong>ae</strong></span> 
     </span>
    </p>
   </div>
   <div class='ocr_carea' id='block_1_44' title="bbox 1897 1576 3508 1648">
    <p class='ocr_par' dir='ltr' id='par_1_44' title="bbox 1897 1576 3508 1648">
     <span class='ocr_line' id='line_1_44' title="bbox 1897 1576 3508 1648; baseline 0 -17"><span class='ocrx_word' id='word_1_299' title='bbox 1897 1578 2301 1647; x_wconf 88' lang='lat' dir='ltr'><strong>dispensatorio</strong></span> <span class='ocrx_word' id='word_1_300' title='bbox 2358 1578 2554 1643; x_wconf 84' lang='lat' dir='ltr'><strong>modo,</strong></span> <span class='ocrx_word' id='word_1_301' title='bbox 2605 1579 2937 1648; x_wconf 82' lang='lat' dir='ltr'><strong>quandoque</strong></span> <span class='ocrx_word' id='word_1_302' title='bbox 2988 1576 3102 1632; x_wconf 85' lang='lat' dir='ltr'><strong>Deo</strong></span> <span class='ocrx_word' id='word_1_303' title='bbox 3148 1578 3399 1645; x_wconf 82' lang='lat' dir='ltr'><strong>proprias</strong></span> <span class='ocrx_word' id='word_1_304' title='bbox 3448 1587 3508 1631; x_wconf 88' lang='lat' dir='ltr'><strong>et</strong></span> 
     </span>
    </p>
   </div>
   <div class='ocr_carea' id='block_1_45' title="bbox 1896 1663 3503 1745">
    <p class='ocr_par' dir='ltr' id='par_1_45' title="bbox 1896 1663 3503 1745">
     <span class='ocr_line' id='line_1_45' title="bbox 1896 1663 3503 1745; baseline -0.001 -20"><span class='ocrx_word' id='word_1_305' title='bbox 1896 1671 2251 1726; x_wconf 86' lang='lat' dir='ltr'><strong>admirabiles</strong></span> <span class='ocrx_word' id='word_1_306' title='bbox 2319 1672 2567 1728; x_wconf 85' lang='lat' dir='ltr'><strong>actiones</strong></span> <span class='ocrx_word' id='word_1_307' title='bbox 2605 1680 2927 1745; x_wconf 22' lang='lat' dir='ltr'><strong>Ioperatur,</strong></span> <span class='ocrx_word' id='word_1_308' title='bbox 2990 1663 3187 1740; x_wconf 85' lang='lat' dir='ltr'><strong>hisque</strong></span> <span class='ocrx_word' id='word_1_309' title='bbox 3244 1670 3503 1740; x_wconf 88' lang='lat' dir='ltr'><strong>relinquit</strong></span> 
     </span>
    </p>
   </div>
   <div class='ocr_carea' id='block_1_46' title="bbox 2084 1761 3503 1834">
    <p class='ocr_par' dir='ltr' id='par_1_46' title="bbox 2084 1761 3503 1834">
     <span class='ocr_line' id='line_1_46' title="bbox 2084 1761 3503 1834; baseline -0.001 -17"><span class='ocrx_word' id='word_1_310' title='bbox 2084 1773 2145 1819; x_wconf 90' lang='lat' dir='ltr'><strong>ut</strong></span> <span class='ocrx_word' id='word_1_311' title='bbox 2200 1778 2261 1818; x_wconf 88' lang='lat' dir='ltr'><strong>se</strong></span> <span class='ocrx_word' id='word_1_312' title='bbox 2321 1764 2491 1819; x_wconf 91' lang='lat' dir='ltr'><strong>Deum</strong></span> <span class='ocrx_word' id='word_1_313' title='bbox 2561 1780 2685 1820; x_wconf 86' lang='lat' dir='ltr'><strong>esse</strong></span> <span class='ocrx_word' id='word_1_314' title='bbox 2752 1763 3053 1834; x_wconf 66' lang='lat' dir='ltr'><strong>praedicent</strong></span> <span class='ocrx_word' id='word_1_315' title='bbox 3107 1782 3118 1818; x_wconf 94' lang='lat'><strong>:</strong></span> <span class='ocrx_word' id='word_1_316' title='bbox 3168 1761 3503 1834; x_wconf 86' lang='lat' dir='ltr'><strong>quandoque</strong></span> 
     </span>
    </p>
   </div>
   <div class='ocr_carea' id='block_1_47' title="bbox 1900 1856 3502 1926">
    <p class='ocr_par' dir='ltr' id='par_1_47' title="bbox 1900 1856 3502 1926">
     <span class='ocr_line' id='line_1_47' title="bbox 1900 1856 3502 1926; baseline -0.001 -15"><span class='ocrx_word' id='word_1_317' title='bbox 1900 1872 2030 1911; x_wconf 81' lang='lat' dir='ltr'><strong>vero</strong></span> <span class='ocrx_word' id='word_1_318' title='bbox 2062 1856 2328 1912; x_wconf 69' lang='lat' dir='ltr'><strong>doctrinae</strong></span> <span class='ocrx_word' id='word_1_319' title='bbox 2355 1871 2471 1912; x_wconf 73' lang='lat' dir='ltr'><strong>sua:</strong></span> <span class='ocrx_word' id='word_1_320' title='bbox 2502 1860 2667 1912; x_wconf 81' lang='lat' dir='ltr'><strong>verba</strong></span> <span class='ocrx_word' id='word_1_321' title='bbox 2701 1857 2987 1920; x_wconf 90' lang='lat' dir='ltr'><strong>admiscet,</strong></span> <span class='ocrx_word' id='word_1_322' title='bbox 3021 1872 3141 1926; x_wconf 63' lang='lat' dir='ltr'><strong>quae</strong></span> <span class='ocrx_word' id='word_1_323' title='bbox 3170 1872 3327 1911; x_wconf 89' lang='lat' dir='ltr'><strong>suam</strong></span> <span class='ocrx_word' id='word_1_324' title='bbox 3356 1856 3502 1911; x_wconf 89' lang='lat' dir='ltr'><strong>indi-</strong></span> 
     </span>
    </p>
   </div>
   <div class='ocr_carea' id='block_1_48' title="bbox 1899 1948 3501 2018">
    <p class='ocr_par' dir='ltr' id='par_1_48' title="bbox 1899 1948 3501 2018">
     <span class='ocr_line' id='line_1_48' title="bbox 1899 1948 3501 2018; baseline -0.001 -15"><span class='ocrx_word' id='word_1_325' title='bbox 1899 1958 2026 2003; x_wconf 88' lang='lat' dir='ltr'><strong>cent</strong></span> <span class='ocrx_word' id='word_1_326' title='bbox 2062 1949 2435 2005; x_wconf 87' lang='lat' dir='ltr'><strong>divinitatem.</strong></span> <span class='ocrx_word' id='word_1_327' title='bbox 2472 1948 2761 2004; x_wconf 79' lang='lat' dir='ltr'><strong>Manifeste</strong></span> <span class='ocrx_word' id='word_1_328' title='bbox 2792 1958 2977 2003; x_wconf 90' lang='lat' dir='ltr'><strong>autem</strong></span> <span class='ocrx_word' id='word_1_329' title='bbox 3007 1958 3061 2004; x_wconf 91' lang='lat' dir='ltr'><strong>et</strong></span> <span class='ocrx_word' id='word_1_330' title='bbox 3107 1958 3165 2003; x_wconf 89' lang='lat' dir='ltr'><strong>ut</strong></span> <span class='ocrx_word' id='word_1_331' title='bbox 3205 1949 3501 2018; x_wconf 90' lang='lat' dir='ltr'><strong>plurimum</strong></span> 
     </span>
    </p>
   </div>
   <div class='ocr_carea' id='block_1_49' title="bbox 1899 2040 3504 2113">
    <p class='ocr_par' dir='ltr' id='par_1_49' title="bbox 1899 2040 3504 2113">
     <span class='ocr_line' id='line_1_49' title="bbox 1899 2040 3504 2113; baseline 0 -18"><span class='ocrx_word' id='word_1_332' title='bbox 1899 2040 2128 2095; x_wconf 80' lang='lat' dir='ltr'><strong>humilia</strong></span> <span class='ocrx_word' id='word_1_333' title='bbox 2163 2041 2233 2096; x_wconf 90' lang='lat' dir='ltr'><strong>de</strong></span> <span class='ocrx_word' id='word_1_334' title='bbox 2263 2041 2447 2112; x_wconf 87' lang='lat' dir='ltr'><strong>seipse</strong></span> <span class='ocrx_word' id='word_1_335' title='bbox 2480 2042 2756 2112; x_wconf 41' lang='lat' dir='ltr'><strong>loquiturn</strong></span> <span class='ocrx_word' id='word_1_336' title='bbox 2794 2050 3019 2113; x_wconf 83' lang='lat' dir='ltr'><strong>prepter</strong></span> <span class='ocrx_word' id='word_1_337' title='bbox 3047 2043 3363 2097; x_wconf 88' lang='lat' dir='ltr'><strong>auditorum</strong></span> <span class='ocrx_word' id='word_1_338' title='bbox 3399 2040 3504 2095; x_wconf 85' lang='lat' dir='ltr'><strong>im-</strong></span> 
     </span>
    </p>
   </div>
   <div class='ocr_carea' id='block_1_50' title="bbox 1895 2133 3499 2204">
    <p class='ocr_par' dir='ltr' id='par_1_50' title="bbox 1895 2133 3499 2204">
     <span class='ocr_line' id='line_1_50' title="bbox 1895 2133 3499 2204; baseline -0.002 -15"><span class='ocrx_word' id='word_1_339' title='bbox 1895 2134 2296 2199; x_wconf 89' lang='lat' dir='ltr'><strong>becillitatem;</strong></span> <span class='ocrx_word' id='word_1_340' title='bbox 2347 2133 2560 2190; x_wconf 83' lang='lat' dir='ltr'><strong>sciebat</strong></span> <span class='ocrx_word' id='word_1_341' title='bbox 2586 2134 2752 2201; x_wconf 76' lang='lat' dir='ltr'><strong>[enim</strong></span> <span class='ocrx_word' id='word_1_342' title='bbox 2804 2133 2951 2204; x_wconf 88' lang='lat' dir='ltr'><strong>quod</strong></span> <span class='ocrx_word' id='word_1_343' title='bbox 3000 2133 3351 2203; x_wconf 88' lang='lat' dir='ltr'><strong>postmodum</strong></span> <span class='ocrx_word' id='word_1_344' title='bbox 3401 2150 3499 2189; x_wconf 87' lang='lat' dir='ltr'><strong>sua</strong></span> 
     </span>
    </p>
   </div>
   <div class='ocr_carea' id='block_1_51' title="bbox 1896 2225 3502 2298">
    <p class='ocr_par' dir='ltr' id='par_1_51' title="bbox 1896 2225 3502 2298">
     <span class='ocr_line' id='line_1_51' title="bbox 1896 2225 3502 2298; baseline -0.001 -17"><span class='ocrx_word' id='word_1_345' title='bbox 1896 2228 2075 2298; x_wconf 84' lang='lat' dir='ltr'><strong>ipsum</strong></span> <span class='ocrx_word' id='word_1_346' title='bbox 2107 2227 2529 2282; x_wconf 81' lang='lat' dir='ltr'><strong>manifestarent</strong></span> <span class='ocrx_word' id='word_1_347' title='bbox 2562 2242 2729 2298; x_wconf 85' lang='lat' dir='ltr'><strong>opera</strong></span> <span class='ocrx_word' id='word_1_348' title='bbox 2750 2269 2765 2293; x_wconf 90' lang='lat'><strong>,</strong></span> <span class='ocrx_word' id='word_1_349' title='bbox 2798 2226 2983 2297; x_wconf 89' lang='lat' dir='ltr'><strong>qualia</strong></span> <span class='ocrx_word' id='word_1_350' title='bbox 3016 2225 3202 2280; x_wconf 88' lang='lat' dir='ltr'><strong>nullus</strong></span> <span class='ocrx_word' id='word_1_351' title='bbox 3239 2225 3382 2281; x_wconf 89' lang='lat' dir='ltr'><strong>alius</strong></span> <span class='ocrx_word' id='word_1_352' title='bbox 3423 2225 3502 2281; x_wconf 84' lang='lat' dir='ltr'><strong>l&#39;c-</strong></span> 
     </span>
    </p>
   </div>
   <div class='ocr_carea' id='block_1_52' title="bbox 1896 2319 3497 2389">
    <p class='ocr_par' dir='ltr' id='par_1_52' title="bbox 1896 2319 3497 2389">
     <span class='ocr_line' id='line_1_52' title="bbox 1896 2319 3497 2389; baseline 0.001 -16"><span class='ocrx_word' id='word_1_353' title='bbox 1896 2328 2064 2374; x_wconf 86' lang='lat' dir='ltr'><strong>cerat.</strong></span> <span class='ocrx_word' id='word_1_354' title='bbox 2115 2319 2445 2389; x_wconf 82' lang='lat' dir='ltr'><strong>Arrogantis</strong></span> <span class='ocrx_word' id='word_1_355' title='bbox 2481 2320 2627 2374; x_wconf 89' lang='lat' dir='ltr'><strong>enim</strong></span> <span class='ocrx_word' id='word_1_356' title='bbox 2659 2328 2785 2383; x_wconf 89' lang='lat' dir='ltr'><strong>est,</strong></span> <span class='ocrx_word' id='word_1_357' title='bbox 2823 2334 2925 2374; x_wconf 90' lang='lat' dir='ltr'><strong>nec</strong></span> <span class='ocrx_word' id='word_1_358' title='bbox 2960 2319 3279 2389; x_wconf 88' lang='lat' dir='ltr'><strong>suspicione</strong></span> <span class='ocrx_word' id='word_1_359' title='bbox 3306 2327 3497 2376; x_wconf 87' lang='lat' dir='ltr'><strong>caret.</strong></span> 
     </span>
    </p>
   </div>
   <div class='ocr_carea' id='block_1_53' title="bbox 1896 2412 2935 2483">
    <p class='ocr_par' dir='ltr' id='par_1_53' title="bbox 1896 2412 2935 2483">
     <span class='ocr_line' id='line_1_53' title="bbox 1896 2412 2935 2483; baseline 0 -17"><span class='ocrx_word' id='word_1_360' title='bbox 1896 2427 2096 2483; x_wconf 77' lang='lat' dir='ltr'><strong>magna</strong></span> <span class='ocrx_word' id='word_1_361' title='bbox 2127 2413 2379 2481; x_wconf 70' lang='lat' dir='ltr'><strong>quaedam</strong></span> <span class='ocrx_word' id='word_1_362' title='bbox 2410 2412 2480 2468; x_wconf 90' lang='lat' dir='ltr'><strong>de</strong></span> <span class='ocrx_word' id='word_1_363' title='bbox 2511 2412 2694 2483; x_wconf 89' lang='lat' dir='ltr'><strong>seipse</strong></span> <span class='ocrx_word' id='word_1_364' title='bbox 2724 2412 2935 2467; x_wconf 90' lang='lat' dir='ltr'><strong>dicere.</strong></span> 
     </span>
    </p>
   </div>
   <div class='ocr_carea' id='block_1_54' title="bbox 1970 2501 3500 2576">
    <p class='ocr_par' dir='ltr' id='par_1_54' title="bbox 1970 2501 3500 2576">
     <span class='ocr_line' id='line_1_54' title="bbox 1970 2501 3500 2576; baseline -0.002 -17"><span class='ocrx_word' id='word_1_365' title='bbox 1970 2505 2077 2559; x_wconf 86' lang='lat' dir='ltr'><strong>Sed</strong></span> <span class='ocrx_word' id='word_1_366' title='bbox 2103 2505 2170 2559; x_wconf 85' lang='lat' dir='ltr'><strong>ad</strong></span> <span class='ocrx_word' id='word_1_367' title='bbox 2193 2504 2536 2576; x_wconf 91' lang='lat' dir='ltr'><strong>propositum</strong></span> <span class='ocrx_word' id='word_1_368' title='bbox 2561 2504 2879 2569; x_wconf 81' lang='lat' dir='ltr'><strong>redeuntes,</strong></span> <span class='ocrx_word' id='word_1_369' title='bbox 2908 2502 3195 2559; x_wconf 83' lang='lat' dir='ltr'><strong>videamus</strong></span> <span class='ocrx_word' id='word_1_370' title='bbox 3217 2501 3500 2572; x_wconf 85' lang='lat' dir='ltr'><strong>quomodo</strong></span> 
     </span>
    </p>
   </div>
   <div class='ocr_carea' id='block_1_55' title="bbox 1895 2596 3497 2672">
    <p class='ocr_par' dir='ltr' id='par_1_55' title="bbox 1895 2596 3497 2672">
     <span class='ocr_line' id='line_1_55' title="bbox 1895 2596 3497 2672; baseline -0.005 -17"><span class='ocrx_word' id='word_1_371' title='bbox 1895 2601 2070 2672; x_wconf 84' lang='lat' dir='ltr'><strong>legem</strong></span> <span class='ocrx_word' id='word_1_372' title='bbox 2115 2612 2227 2656; x_wconf 85' lang='lat' dir='ltr'><strong>non</strong></span> <span class='ocrx_word' id='word_1_373' title='bbox 2273 2600 2472 2664; x_wconf 86' lang='lat' dir='ltr'><strong>solvat,</strong></span> <span class='ocrx_word' id='word_1_374' title='bbox 2532 2599 2629 2655; x_wconf 89' lang='lat' dir='ltr'><strong>sed</strong></span> <span class='ocrx_word' id='word_1_375' title='bbox 2677 2598 2953 2668; x_wconf 86' lang='lat' dir='ltr'><strong>compleat</strong></span> <span class='ocrx_word' id='word_1_376' title='bbox 2999 2596 3184 2667; x_wconf 84' lang='lat' dir='ltr'><strong>potius</strong></span> <span class='ocrx_word' id='word_1_377' title='bbox 3235 2605 3497 2665; x_wconf 89' lang='lat' dir='ltr'><strong>tanquam</strong></span> 
     </span>
    </p>
   </div>
   <div class='ocr_carea' id='block_1_56' title="bbox 1896 2676 3500 2762">
    <p class='ocr_par' dir='ltr' id='par_1_56' title="bbox 1896 2676 3500 2762">
     <span class='ocr_line' id='line_1_56' title="bbox 1896 2676 3500 2762; baseline -0.004 -15"><span class='ocrx_word' id='word_1_378' title='bbox 1896 2676 2412 2762; x_wconf 80' lang='lat' dir='ltr'><strong>imperfectam.Ait</strong></span> <span class='ocrx_word' id='word_1_379' title='bbox 2432 2690 2578 2747; x_wconf 90' lang='lat' dir='ltr'><strong>enim</strong></span> <span class='ocrx_word' id='word_1_380' title='bbox 2614 2708 2627 2745; x_wconf 91' lang='lat'><strong>:</strong></span> <span class='ocrx_word' id='word_1_381' title='bbox 2653 2690 2870 2745; x_wconf 89' lang='lat' dir='ltr'><strong>Dictum</strong></span> <span class='ocrx_word' id='word_1_382' title='bbox 2898 2697 2985 2744; x_wconf 89' lang='lat' dir='ltr'><strong>est</strong></span> <span class='ocrx_word' id='word_1_383' title='bbox 3012 2704 3042 2742; x_wconf 88' lang='lat' dir='ltr'><strong>a</strong></span> <span class='ocrx_word' id='word_1_384' title='bbox 3068 2687 3385 2757; x_wconf 85' lang='lat' dir='ltr'><strong>legislatore</strong></span> <span class='ocrx_word' id='word_1_385' title='bbox 3408 2704 3500 2741; x_wconf 68' lang='lat' dir='ltr'><strong>ve-</strong></span> 
     </span>
    </p>
   </div>
   <div class='ocr_carea' id='block_1_57' title="bbox 1894 2780 3497 2845">
    <p class='ocr_par' dir='ltr' id='par_1_57' title="bbox 1894 2780 3497 2845">
     <span class='ocr_line' id='line_1_57' title="bbox 1894 2780 3497 2845; baseline -0.006 -4"><span class='ocrx_word' id='word_1_386' title='bbox 1894 2786 2107 2841; x_wconf 88' lang='lat' dir='ltr'><strong>teribus</strong></span> <span class='ocrx_word' id='word_1_387' title='bbox 2156 2785 2403 2841; x_wconf 76' lang='lat' dir='ltr'><strong>Hebrzeis</strong></span> <span class='ocrx_word' id='word_1_388' title='bbox 2452 2802 2466 2839; x_wconf 90' lang='lat'><strong>:</strong></span> <span class='ocrx_word' id='word_1_389' title='bbox 2508 2784 2628 2840; x_wconf 85' lang='lat' dir='ltr'><strong>Non</strong></span> <span class='ocrx_word' id='word_1_390' title='bbox 2678 2783 2922 2844; x_wconf 85' lang='lat' dir='ltr'><strong>occides,</strong></span> <span class='ocrx_word' id='word_1_391' title='bbox 2963 2797 2995 2835; x_wconf 92' lang='grc' dir='ltr'><strong>ο</strong></span> <span class='ocrx_word' id='word_1_392' title='bbox 3028 2780 3215 2845; x_wconf 90' lang='lat' dir='ltr'><strong>homo,</strong></span> <span class='ocrx_word' id='word_1_393' title='bbox 3259 2780 3497 2834; x_wconf 87' lang='lat' dir='ltr'><strong>alterum</strong></span> 
     </span>
    </p>
   </div>
   <div class='ocr_carea' id='block_1_58' title="bbox 1895 2871 3497 2950">
    <p class='ocr_par' dir='ltr' id='par_1_58' title="bbox 1895 2871 3497 2950">
     <span class='ocr_line' id='line_1_58' title="bbox 1895 2871 3497 2950; baseline -0.006 -18"><span class='ocrx_word' id='word_1_394' title='bbox 1895 2878 1975 2932; x_wconf 92' lang='lat' dir='ltr'><strong>tui</strong></span> <span class='ocrx_word' id='word_1_395' title='bbox 2004 2879 2244 2950; x_wconf 82' lang='lat' dir='ltr'><strong>generis.</strong></span> <span class='ocrx_word' id='word_1_396' title='bbox 2275 2876 2606 2947; x_wconf 83' lang='lat' dir='ltr'><strong>Quicunque</strong></span> <span class='ocrx_word' id='word_1_397' title='bbox 2636 2884 2823 2930; x_wconf 90' lang='lat' dir='ltr'><strong>autem</strong></span> <span class='ocrx_word' id='word_1_398' title='bbox 2874 2872 3174 2940; x_wconf 64' lang='lat' dir='ltr'><strong>occideritf.</strong></span> <span class='ocrx_word' id='word_1_399' title='bbox 3220 2871 3497 2927; x_wconf 84' lang='lat' dir='ltr'><strong>obnoxius</strong></span> 
     </span>
    </p>
   </div>
   <div class='ocr_carea' id='block_1_59' title="bbox 1894 2965 3495 3037">
    <p class='ocr_par' dir='ltr' id='par_1_59' title="bbox 1894 2965 3495 3037">
     <span class='ocr_line' id='line_1_59' title="bbox 1894 2965 3495 3037; baseline -0.004 -13"><span class='ocrx_word' id='word_1_400' title='bbox 1894 2971 2001 3025; x_wconf 90' lang='lat' dir='ltr'><strong>erit</strong></span> <span class='ocrx_word' id='word_1_401' title='bbox 2038 2968 2510 3034; x_wconf 87' lang='lat' dir='ltr'><strong>condemnationi,</strong></span> <span class='ocrx_word' id='word_1_402' title='bbox 2546 2978 2606 3022; x_wconf 87' lang='lat' dir='ltr'><strong>ut</strong></span> <span class='ocrx_word' id='word_1_403' title='bbox 2641 2982 2858 3037; x_wconf 64' lang='lat' dir='ltr'><strong>poenam</strong></span> <span class='ocrx_word' id='word_1_404' title='bbox 2902 2965 3035 3021; x_wconf 68' lang='lat' dir='ltr'><strong>credi</strong></span> <span class='ocrx_word' id='word_1_405' title='bbox 3069 2967 3495 3020; x_wconf 73' lang='lat' dir='ltr'><strong>convenientem</strong></span> 
     </span>
    </p>
   </div>
   <div class='ocr_carea' id='block_1_60' title="bbox 1896 3057 3494 3132">
    <p class='ocr_par' dir='ltr' id='par_1_60' title="bbox 1896 3057 3494 3132">
     <span class='ocr_line' id='line_1_60' title="bbox 1896 3057 3494 3132; baseline -0.003 -16"><span class='ocrx_word' id='word_1_406' title='bbox 1896 3062 2031 3116; x_wconf 86' lang='lat' dir='ltr'><strong>luat.</strong></span> <span class='ocrx_word' id='word_1_407' title='bbox 2068 3061 2179 3132; x_wconf 80' lang='lat' dir='ltr'><strong>Ego</strong></span> <span class='ocrx_word' id='word_1_408' title='bbox 2206 3072 2390 3116; x_wconf 89' lang='lat' dir='ltr'><strong>autem</strong></span> <span class='ocrx_word' id='word_1_409' title='bbox 2416 3061 2539 3116; x_wconf 92' lang='lat' dir='ltr'><strong>dico</strong></span> <span class='ocrx_word' id='word_1_410' title='bbox 2571 3060 2749 3123; x_wconf 86' lang='lat' dir='ltr'><strong>vobis,</strong></span> <span class='ocrx_word' id='word_1_411' title='bbox 2784 3058 2931 3128; x_wconf 91' lang='lat' dir='ltr'><strong>quod</strong></span> <span class='ocrx_word' id='word_1_412' title='bbox 2964 3058 3146 3111; x_wconf 88' lang='lat' dir='ltr'><strong>omnis</strong></span> <span class='ocrx_word' id='word_1_413' title='bbox 3176 3059 3269 3126; x_wconf 90' lang='lat' dir='ltr'><strong>qui</strong></span> <span class='ocrx_word' id='word_1_414' title='bbox 3301 3057 3494 3112; x_wconf 84' lang='lat' dir='ltr'><strong>irasci-</strong></span> 
     </span>
    </p>
   </div>
   <div class='ocr_carea' id='block_1_61' title="bbox 195 3142 1791 3225">
    <p class='ocr_par' dir='ltr' id='par_1_61' title="bbox 195 3142 1783 3225">
     <span class='ocr_line' id='line_1_61' title="bbox 195 3142 1783 3225; baseline 0.007 -31"><span class='ocrx_word' id='word_1_415' title='bbox 195 3142 278 3196; x_wconf 82' lang='grc' dir='ltr'>ὅτι</span> <span class='ocrx_word' id='word_1_416' title='bbox 327 3145 435 3207; x_wconf 77' lang='grc' dir='ltr'>πᾶς</span> <span class='ocrx_word' id='word_1_417' title='bbox 480 3148 512 3222; x_wconf 78' lang='grc' dir='ltr'><strong>ό</strong></span> <span class='ocrx_word' id='word_1_418' title='bbox 562 3147 917 3217; x_wconf 76' lang='grc' dir='ltr'>ὀργιζόμενος</span> <span class='ocrx_word' id='word_1_419' title='bbox 967 3150 1045 3221; x_wconf 83' lang='grc' dir='ltr'>τῷ</span> <span class='ocrx_word' id='word_1_420' title='bbox 1094 3151 1307 3223; x_wconf 82' lang='grc' dir='ltr'>ἀδελφῷ</span> <span class='ocrx_word' id='word_1_421' title='bbox 1359 3152 1526 3207; x_wconf 72' lang='grc' dir='ltr'>αὐτοῦ</span> <span class='ocrx_word' id='word_1_422' title='bbox 1584 3156 1783 3225; x_wconf 81' lang='grc' dir='ltr'>μάτην,</span> 
     </span>
    </p>
   </div>
   <div class='ocr_carea' id='block_1_62' title="bbox 1900 3142 3496 3225">
    <p class='ocr_par' dir='ltr' id='par_1_62' title="bbox 1900 3154 3496 3220">
     <span class='ocr_line' id='line_1_62' title="bbox 1900 3154 3496 3220; baseline -0.003 -11"><span class='ocrx_word' id='word_1_423' title='bbox 1900 3164 1985 3209; x_wconf 91' lang='lat' dir='ltr'><strong>tur</strong></span> <span class='ocrx_word' id='word_1_424' title='bbox 2034 3154 2188 3208; x_wconf 88' lang='lat' dir='ltr'><strong>fratri</strong></span> <span class='ocrx_word' id='word_1_425' title='bbox 2265 3170 2367 3209; x_wconf 86' lang='lat' dir='ltr'><strong>suo</strong></span> <span class='ocrx_word' id='word_1_426' title='bbox 2428 3156 2730 3217; x_wconf 89' lang='lat' dir='ltr'><strong>incassum,</strong></span> <span class='ocrx_word' id='word_1_427' title='bbox 2783 3166 2886 3205; x_wconf 91' lang='lat' dir='ltr'><strong>nec</strong></span> <span class='ocrx_word' id='word_1_428' title='bbox 2956 3166 3205 3217; x_wconf 74' lang='lat' dir='ltr'><strong>congruo</strong></span> <span class='ocrx_word' id='word_1_429' title='bbox 3247 3160 3496 3220; x_wconf 85' lang='lat' dir='ltr'><strong>tempore</strong></span> 
     </span>
    </p>
   </div>
   <div class='ocr_carea' id='block_1_63' title="bbox 194 3235 1780 3320">
    <p class='ocr_par' dir='ltr' id='par_1_63' title="bbox 194 3235 1780 3320">
     <span class='ocr_line' id='line_1_63' title="bbox 194 3235 1780 3320; baseline 0.009 -33"><span class='ocrx_word' id='word_1_430' title='bbox 194 3235 443 3308; x_wconf 72' lang='grc' dir='ltr'>ἀκαίρως</span> <span class='ocrx_word' id='word_1_431' title='bbox 470 3236 665 3308; x_wconf 84' lang='grc' dir='ltr'>(ταῦτα</span> <span class='ocrx_word' id='word_1_432' title='bbox 692 3242 801 3311; x_wconf 79' lang='grc' dir='ltr'>γὰρ</span> <span class='ocrx_word' id='word_1_433' title='bbox 832 3242 983 3309; x_wconf 84' lang='grc' dir='ltr'>δηλοῖ</span> <span class='ocrx_word' id='word_1_434' title='bbox 1010 3243 1069 3297; x_wconf 85' lang='grc' dir='ltr'>τὸ</span> <span class='ocrx_word' id='word_1_435' title='bbox 1096 3244 1281 3313; x_wconf 75' lang='grc' dir='ltr'>εικῆ),</span> <span class='ocrx_word' id='word_1_436' title='bbox 1313 3246 1500 3317; x_wconf 77' lang='grc' dir='ltr'>ἔνοχος</span> <span class='ocrx_word' id='word_1_437' title='bbox 1531 3248 1683 3301; x_wconf 77' lang='grc' dir='ltr'>ἔσται</span> <span class='ocrx_word' id='word_1_438' title='bbox 1714 3252 1780 3320; x_wconf 79' lang='grc' dir='ltr'>τῇ</span> 
     </span>
    </p>
   </div>
   <div class='ocr_carea' id='block_1_64' title="bbox 196 3330 1782 3404">
    <p class='ocr_par' dir='ltr' id='par_1_64' title="bbox 196 3330 1782 3404">
     <span class='ocr_line' id='line_1_64' title="bbox 196 3330 1782 3404; baseline 0.011 -25"><span class='ocrx_word' id='word_1_439' title='bbox 196 3330 545 3399; x_wconf 82' lang='grc' dir='ltr'>κατακρίσει.</span> <span class='ocrx_word' id='word_1_440' title='bbox 576 3331 841 3401; x_wconf 78' lang='grc' dir='ltr'>Προσθεὶς</span> <span class='ocrx_word' id='word_1_441' title='bbox 865 3333 921 3387; x_wconf 78' lang='grc' dir='ltr'>δὲ</span> <span class='ocrx_word' id='word_1_442' title='bbox 954 3334 1013 3387; x_wconf 88' lang='grc' dir='ltr'>τὸ</span> <span class='ocrx_word' id='word_1_443' title='bbox 1033 3336 1191 3404; x_wconf 78' lang='grc' dir='ltr'>εικῆ,</span> <span class='ocrx_word' id='word_1_444' title='bbox 1227 3338 1329 3392; x_wconf 81' lang='grc' dir='ltr'>οὐκ</span> <span class='ocrx_word' id='word_1_445' title='bbox 1362 3341 1540 3393; x_wconf 78' lang='grc' dir='ltr'>ἀνεῖλε</span> <span class='ocrx_word' id='word_1_446' title='bbox 1571 3344 1782 3395; x_wconf 85' lang='grc' dir='ltr'>παντά-</span> 
     </span>
    </p>
   </div>
   <div class='ocr_carea' id='block_1_65' title="bbox 197 3422 1781 3503">
    <p class='ocr_par' dir='ltr' id='par_1_65' title="bbox 197 3422 1781 3503">
     <span class='ocr_line' id='line_1_65' title="bbox 197 3422 1781 3503; baseline 0.012 -34"><span class='ocrx_word' id='word_1_447' title='bbox 197 3436 333 3472; x_wconf 84' lang='grc' dir='ltr'>πασι</span> <span class='ocrx_word' id='word_1_448' title='bbox 372 3422 474 3482; x_wconf 80' lang='grc' dir='ltr'>τὴν</span> <span class='ocrx_word' id='word_1_449' title='bbox 509 3423 702 3494; x_wconf 82' lang='grc' dir='ltr'>ὀργὴν,</span> <span class='ocrx_word' id='word_1_450' title='bbox 741 3425 875 3478; x_wconf 81' lang='grc' dir='ltr'>ἀλλὰ</span> <span class='ocrx_word' id='word_1_451' title='bbox 912 3428 1085 3499; x_wconf 86' lang='grc' dir='ltr'>μόνην</span> <span class='ocrx_word' id='word_1_452' title='bbox 1114 3430 1212 3502; x_wconf 78' lang='grc' dir='ltr'>τὴν</span> <span class='ocrx_word' id='word_1_453' title='bbox 1239 3430 1470 3503; x_wconf 80' lang='grc' dir='ltr'>ἄκαιρον</span> <span class='ocrx_word' id='word_1_454' title='bbox 1504 3433 1781 3500; x_wconf 76' lang='grc' dir='ltr'>ἐξέὸαλεν.</span> 
     </span>
    </p>
   </div>
   <div class='ocr_carea' id='block_1_66' title="bbox 1890 3243 3496 3315">
    <p class='ocr_par' dir='ltr' id='par_1_66' title="bbox 1890 3243 3496 3315">
     <span class='ocr_line' id='line_1_66' title="bbox 1890 3243 3496 3315; baseline -0.002 -17"><span class='ocrx_word' id='word_1_455' title='bbox 1890 3246 2031 3315; x_wconf 71' lang='lat' dir='ltr'><strong>(tunc</strong></span> <span class='ocrx_word' id='word_1_456' title='bbox 2058 3246 2205 3300; x_wconf 85' lang='lat' dir='ltr'><strong>enim</strong></span> <span class='ocrx_word' id='word_1_457' title='bbox 2231 3245 2437 3299; x_wconf 83' lang='lat' dir='ltr'><strong>indicat</strong></span> <span class='ocrx_word' id='word_1_458' title='bbox 2458 3243 2628 3299; x_wconf 88' lang='lat' dir='ltr'><strong>dictio</strong></span> <span class='ocrx_word' id='word_1_459' title='bbox 2655 3243 2802 3313; x_wconf 77' lang='grc' dir='ltr'>εἰκῆ,</span> <span class='ocrx_word' id='word_1_460' title='bbox 2822 3258 2987 3312; x_wconf 85' lang='lat' dir='ltr'><strong>quam</strong></span> <span class='ocrx_word' id='word_1_461' title='bbox 3022 3257 3122 3296; x_wconf 89' lang='lat' dir='ltr'><strong>nos</strong></span> <span class='ocrx_word' id='word_1_462' title='bbox 3152 3251 3349 3296; x_wconf 84' lang='lat' dir='ltr'><strong>temere</strong></span> <span class='ocrx_word' id='word_1_463' title='bbox 3378 3256 3496 3296; x_wconf 86' lang='lat' dir='ltr'><strong>ver-</strong></span> 
     </span>
    </p>
   </div>
   <div class='ocr_carea' id='block_1_67' title="bbox 1887 3334 3493 3406">
    <p class='ocr_par' dir='ltr' id='par_1_67' title="bbox 1887 3334 3493 3406">
     <span class='ocr_line' id='line_1_67' title="bbox 1887 3334 3493 3406; baseline -0.004 -12"><span class='ocrx_word' id='word_1_464' title='bbox 1887 3338 2075 3406; x_wconf 83' lang='lat' dir='ltr'><strong>timus)</strong></span> <span class='ocrx_word' id='word_1_465' title='bbox 2134 3338 2405 3392; x_wconf 80' lang='lat' dir='ltr'><strong>obnoxins</strong></span> <span class='ocrx_word' id='word_1_466' title='bbox 2458 3335 2565 3391; x_wconf 88' lang='lat' dir='ltr'><strong>erit</strong></span> <span class='ocrx_word' id='word_1_467' title='bbox 2610 3334 3086 3390; x_wconf 89' lang='lat' dir='ltr'><strong>eondemnationi.</strong></span> <span class='ocrx_word' id='word_1_468' title='bbox 3125 3335 3349 3389; x_wconf 85' lang='lat' dir='ltr'><strong>Addens</strong></span> <span class='ocrx_word' id='word_1_469' title='bbox 3395 3350 3493 3387; x_wconf 85' lang='lat' dir='ltr'><strong>au-</strong></span> 
     </span>
    </p>
   </div>
   <div class='ocr_carea' id='block_1_68' title="bbox 1891 3427 3495 3493">
    <p class='ocr_par' dir='ltr' id='par_1_68' title="bbox 1891 3427 3495 3493">
     <span class='ocr_line' id='line_1_68' title="bbox 1891 3427 3495 3493; baseline -0.001 -10"><span class='ocrx_word' id='word_1_470' title='bbox 1891 3438 1998 3485; x_wconf 91' lang='lat' dir='ltr'><strong>tem</strong></span> <span class='ocrx_word' id='word_1_471' title='bbox 2031 3439 2261 3493; x_wconf 86' lang='lat' dir='ltr'><strong>temere,</strong></span> <span class='ocrx_word' id='word_1_472' title='bbox 2316 3445 2429 3483; x_wconf 88' lang='lat' dir='ltr'><strong>non</strong></span> <span class='ocrx_word' id='word_1_473' title='bbox 2459 3428 2832 3484; x_wconf 86' lang='lat' dir='ltr'><strong>omnimodam</strong></span> <span class='ocrx_word' id='word_1_474' title='bbox 2893 3427 3126 3483; x_wconf 87' lang='lat' dir='ltr'><strong>abstulit</strong></span> <span class='ocrx_word' id='word_1_475' title='bbox 3179 3428 3341 3492; x_wconf 88' lang='lat' dir='ltr'><strong>iram,</strong></span> <span class='ocrx_word' id='word_1_476' title='bbox 3400 3427 3495 3483; x_wconf 91' lang='lat' dir='ltr'><strong>sed</strong></span> 
     </span>
    </p>
   </div>
   <div class='ocr_carea' id='block_1_69' title="bbox 208 3512 1791 3599">
    <p class='ocr_par' dir='ltr' id='par_1_69' title="bbox 208 3512 1784 3599">
     <span class='ocr_line' id='line_1_69' title="bbox 208 3512 1784 3599; baseline 0.012 -35"><span class='ocrx_word' id='word_1_477' title='bbox 208 3512 273 3565; x_wconf 82' lang='grc' dir='ltr'><strong>Ἠ</strong></span> <span class='ocrx_word' id='word_1_478' title='bbox 296 3516 406 3585; x_wconf 82' lang='grc' dir='ltr'><strong>γὰρ</strong></span> <span class='ocrx_word' id='word_1_479' title='bbox 429 3514 706 3587; x_wconf 78' lang='grc' dir='ltr'>εὔκαιρος,</span> <span class='ocrx_word' id='word_1_480' title='bbox 730 3518 1028 3589; x_wconf 86' lang='grc' dir='ltr'>ὠφέλιμος.</span> <span class='ocrx_word' id='word_1_481' title='bbox 1068 3524 1222 3577; x_wconf 87' lang='grc' dir='ltr'>Ἐστι</span> <span class='ocrx_word' id='word_1_482' title='bbox 1247 3524 1305 3578; x_wconf 81' lang='grc' dir='ltr'>δὲ</span> <span class='ocrx_word' id='word_1_483' title='bbox 1334 3524 1594 3598; x_wconf 77' lang='grc' dir='ltr'>εὔκαιρος</span> <span class='ocrx_word' id='word_1_484' title='bbox 1644 3528 1784 3599; x_wconf 84' lang='grc' dir='ltr'>όργὴ</span> 
     </span>
    </p>
   </div>
   <div class='ocr_carea' id='block_1_70' title="bbox 1900 3512 3494 3599">
    <p class='ocr_par' dir='ltr' id='par_1_70' title="bbox 1900 3518 3494 3591">
     <span class='ocr_line' id='line_1_70' title="bbox 1900 3518 3494 3591; baseline -0.001 -18"><span class='ocrx_word' id='word_1_485' title='bbox 1900 3523 2331 3591; x_wconf 60' lang='lat' dir='ltr'><strong>intempestivam</strong></span> <span class='ocrx_word' id='word_1_486' title='bbox 2397 3527 2611 3574; x_wconf 90' lang='lat' dir='ltr'><strong>tantum</strong></span> <span class='ocrx_word' id='word_1_487' title='bbox 2670 3519 2877 3589; x_wconf 70' lang='lat' dir='ltr'><strong>abiecit</strong></span> <span class='ocrx_word' id='word_1_488' title='bbox 2931 3534 2948 3576; x_wconf 85' lang='lat'><strong>:</strong></span> <span class='ocrx_word' id='word_1_489' title='bbox 3002 3533 3123 3589; x_wconf 62' lang='lat' dir='ltr'><strong>qua&#39;</strong></span> <span class='ocrx_word' id='word_1_490' title='bbox 3177 3518 3327 3572; x_wconf 88' lang='lat' dir='ltr'><strong>enim</strong></span> <span class='ocrx_word' id='word_1_491' title='bbox 3390 3533 3494 3589; x_wconf 89' lang='lat' dir='ltr'><strong>0p-</strong></span> 
     </span>
    </p>
   </div>
   <div class='ocr_carea' id='block_1_71' title="bbox 198 3607 1786 3686">
    <p class='ocr_par' dir='ltr' id='par_1_71' title="bbox 198 3607 1786 3686">
     <span class='ocr_line' id='line_1_71' title="bbox 198 3607 1786 3686; baseline 0.012 -30"><span class='ocrx_word' id='word_1_492' title='bbox 198 3607 232 3675; x_wconf 79' lang='grc' dir='ltr'><strong>ή</strong></span> <span class='ocrx_word' id='word_1_493' title='bbox 266 3608 529 3678; x_wconf 81' lang='grc' dir='ltr'>γινομένη</span> <span class='ocrx_word' id='word_1_494' title='bbox 565 3610 710 3663; x_wconf 75' lang='grc' dir='ltr'>κατὰ</span> <span class='ocrx_word' id='word_1_495' title='bbox 755 3612 864 3665; x_wconf 89' lang='grc' dir='ltr'><strong>τῶν</strong></span> <span class='ocrx_word' id='word_1_496' title='bbox 899 3615 1337 3686; x_wconf 82' lang='grc' dir='ltr'>πολιτευομένων</span> <span class='ocrx_word' id='word_1_497' title='bbox 1385 3620 1645 3684; x_wconf 74' lang='grc' dir='ltr'>ἐναντίως</span> <span class='ocrx_word' id='word_1_498' title='bbox 1676 3622 1786 3676; x_wconf 83' lang='grc' dir='ltr'><strong>τῶν</strong></span> 
     </span>
    </p>
   </div>
   <div class='ocr_carea' id='block_1_72' title="bbox 198 3694 1785 3780">
    <p class='ocr_par' dir='ltr' id='par_1_72' title="bbox 198 3694 1785 3780">
     <span class='ocr_line' id='line_1_72' title="bbox 198 3694 1785 3780; baseline 0.012 -36"><span class='ocrx_word' id='word_1_499' title='bbox 198 3694 433 3747; x_wconf 78' lang='grc' dir='ltr'>ἐντολῶν</span> <span class='ocrx_word' id='word_1_500' title='bbox 458 3697 549 3748; x_wconf 80' lang='grc' dir='ltr'>τοῦ</span> <span class='ocrx_word' id='word_1_501' title='bbox 572 3698 733 3766; x_wconf 83' lang='grc' dir='ltr'>Θεοῦ,</span> <span class='ocrx_word' id='word_1_502' title='bbox 762 3700 891 3756; x_wconf 83' lang='grc' dir='ltr'>ὅταν</span> <span class='ocrx_word' id='word_1_503' title='bbox 921 3703 996 3775; x_wconf 85' lang='grc' dir='ltr'>μὴ</span> <span class='ocrx_word' id='word_1_504' title='bbox 1026 3705 1161 3775; x_wconf 76' lang='grc' dir='ltr'>πρὸς</span> <span class='ocrx_word' id='word_1_505' title='bbox 1181 3707 1463 3777; x_wconf 77' lang='grc' dir='ltr'>ἐκδίκησιν</span> <span class='ocrx_word' id='word_1_506' title='bbox 1486 3710 1785 3780; x_wconf 80' lang='grc' dir='ltr'>ἡμετέραν,</span> 
     </span>
    </p>
   </div>
   <div class='ocr_carea' id='block_1_73' title="bbox 197 3785 1788 3874">
    <p class='ocr_par' dir='ltr' id='par_1_73' title="bbox 197 3785 1788 3874">
     <span class='ocr_line' id='line_1_73' title="bbox 197 3785 1788 3874; baseline 0.012 -36"><span class='ocrx_word' id='word_1_507' title='bbox 197 3785 335 3874; x_wconf 74' lang='grc' dir='ltr'>ἀλλὰ</span> <span class='ocrx_word' id='word_1_508' title='bbox 362 3789 499 3860; x_wconf 82' lang='grc' dir='ltr'>πρὸς</span> <span class='ocrx_word' id='word_1_509' title='bbox 527 3790 798 3858; x_wconf 83' lang='grc' dir='ltr'>ὠφέλειαν</span> <span class='ocrx_word' id='word_1_510' title='bbox 824 3796 934 3847; x_wconf 90' lang='grc' dir='ltr'><strong>τῶν</strong></span> <span class='ocrx_word' id='word_1_511' title='bbox 962 3799 1149 3860; x_wconf 85' lang='grc' dir='ltr'>κακῶς</span> <span class='ocrx_word' id='word_1_512' title='bbox 1186 3797 1451 3867; x_wconf 86' lang='grc' dir='ltr'>βιούντων</span> <span class='ocrx_word' id='word_1_513' title='bbox 1477 3801 1536 3866; x_wconf 80' lang='grc' dir='ltr'><strong>ἐξ</strong></span> <span class='ocrx_word' id='word_1_514' title='bbox 1564 3804 1788 3874; x_wconf 81' lang='grc' dir='ltr'>ἀγάπης</span> 
     </span>
    </p>
   </div>
   <div class='ocr_carea' id='block_1_74' title="bbox 198 3873 1789 3968">
    <p class='ocr_par' dir='ltr' id='par_1_74' title="bbox 198 3873 1789 3968">
     <span class='ocr_line' id='line_1_74' title="bbox 198 3873 1789 3968; baseline 0.011 -35"><span class='ocrx_word' id='word_1_515' title='bbox 198 3873 294 3935; x_wconf 79' lang='grc' dir='ltr'>καὶ</span> <span class='ocrx_word' id='word_1_516' title='bbox 318 3882 671 3954; x_wconf 82' lang='grc' dir='ltr'>φιλαδελφίας</span> <span class='ocrx_word' id='word_1_517' title='bbox 697 3888 1071 3958; x_wconf 80' lang='grc' dir='ltr'>ὀργιζὼμεθα,</span> <span class='ocrx_word' id='word_1_518' title='bbox 1111 3892 1251 3960; x_wconf 79' lang='grc' dir='ltr'>μετὰ</span> <span class='ocrx_word' id='word_1_519' title='bbox 1273 3894 1371 3963; x_wconf 82' lang='grc' dir='ltr'>τῆς</span> <span class='ocrx_word' id='word_1_520' title='bbox 1398 3873 1789 3968; x_wconf 86' lang='grc' dir='ltr'>προσηκούσης</span> 
     </span>
    </p>
   </div>
   <div class='ocr_carea' id='block_1_75' title="bbox 196 3974 1791 4058">
    <p class='ocr_par' dir='ltr' id='par_1_75' title="bbox 196 3974 1791 4058">
     <span class='ocr_line' id='line_1_75' title="bbox 196 3974 1791 4058; baseline 0.01 -33"><span class='ocrx_word' id='word_1_521' title='bbox 196 3974 639 4049; x_wconf 81' lang='grc' dir='ltr'>εὐσχημοσύνης.</span> <span class='ocrx_word' id='word_1_522' title='bbox 659 3980 993 4049; x_wconf 66' lang='grc' dir='ltr'>Ὀργιζὲσθε</span> <span class='ocrx_word' id='word_1_523' title='bbox 1023 3985 1155 4055; x_wconf 83' lang='grc' dir='ltr'>γὰρ,</span> <span class='ocrx_word' id='word_1_524' title='bbox 1184 3989 1340 4057; x_wconf 68' lang='grc' dir='ltr'>φησι,</span> <span class='ocrx_word' id='word_1_525' title='bbox 1372 3987 1468 4040; x_wconf 78' lang='grc' dir='ltr'><strong>καί</strong></span> <span class='ocrx_word' id='word_1_526' title='bbox 1494 3989 1580 4056; x_wconf 82' lang='grc' dir='ltr'>μὴ</span> <span class='ocrx_word' id='word_1_527' title='bbox 1604 3990 1791 4058; x_wconf 72' lang='grc' dir='ltr'>ἀμαρο</span> 
     </span>
    </p>
   </div>
   <div class='ocr_carea' id='block_1_76' title="bbox 198 4069 1786 4147">
    <p class='ocr_par' dir='ltr' id='par_1_76' title="bbox 198 4069 1786 4147">
     <span class='ocr_line' id='line_1_76' title="bbox 198 4069 1786 4147; baseline 0.007 -26"><span class='ocrx_word' id='word_1_528' title='bbox 198 4069 430 4135; x_wconf 64' lang='lat' dir='ltr'><strong>trivere,</strong></span> <span class='ocrx_word' id='word_1_529' title='bbox 461 4073 730 4139; x_wconf 85' lang='grc' dir='ltr'>τουτέστι,</span> <span class='ocrx_word' id='word_1_530' title='bbox 752 4075 843 4146; x_wconf 81' lang='grc' dir='ltr'><strong>Μὴ</strong></span> <span class='ocrx_word' id='word_1_531' title='bbox 872 4075 983 4145; x_wconf 82' lang='lat' dir='ltr'><strong>(Gl)</strong></span> <span class='ocrx_word' id='word_1_532' title='bbox 1014 4078 1073 4128; x_wconf 82' lang='grc' dir='ltr'>ὲν</span> <span class='ocrx_word' id='word_1_533' title='bbox 1100 4077 1177 4147; x_wconf 80' lang='grc' dir='ltr'>τῷ</span> <span class='ocrx_word' id='word_1_534' title='bbox 1202 4078 1519 4147; x_wconf 75' lang='grc' dir='ltr'>ὀργίζεσθαι</span> <span class='ocrx_word' id='word_1_535' title='bbox 1540 4082 1786 4147; x_wconf 80' lang='grc' dir='ltr'>πταίετε,</span> 
     </span>
    </p>
   </div>
   <div class='ocr_carea' id='block_1_77' title="bbox 200 4164 1792 4248">
    <p class='ocr_par' dir='ltr' id='par_1_77' title="bbox 200 4164 1792 4248">
     <span class='ocr_line' id='line_1_77' title="bbox 200 4164 1792 4248; baseline 0.007 -32"><span class='ocrx_word' id='word_1_536' title='bbox 200 4164 390 4227; x_wconf 82' lang='grc' dir='ltr'>κακῶς</span> <span class='ocrx_word' id='word_1_537' title='bbox 421 4166 694 4238; x_wconf 82' lang='grc' dir='ltr'>χρώμενοι</span> <span class='ocrx_word' id='word_1_538' title='bbox 724 4174 788 4241; x_wconf 81' lang='grc' dir='ltr'>τῇ</span> <span class='ocrx_word' id='word_1_539' title='bbox 822 4171 985 4242; x_wconf 81' lang='grc' dir='ltr'>ὀργῇ.</span> <span class='ocrx_word' id='word_1_540' title='bbox 1030 4173 1324 4242; x_wconf 75' lang='grc' dir='ltr'>Ἀδελφοὺς</span> <span class='ocrx_word' id='word_1_541' title='bbox 1356 4176 1408 4228; x_wconf 77' lang='grc' dir='ltr'>δὲ</span> <span class='ocrx_word' id='word_1_542' title='bbox 1445 4177 1592 4246; x_wconf 78' lang='grc' dir='ltr'>ἡμᾶς</span> <span class='ocrx_word' id='word_1_543' title='bbox 1623 4177 1792 4248; x_wconf 74' lang='grc' dir='ltr'>ἀλλή-</span> 
     </span>
    </p>
   </div>
   <div class='ocr_carea' id='block_1_78' title="bbox 200 4257 1789 4337">
    <p class='ocr_par' dir='ltr' id='par_1_78' title="bbox 200 4257 1789 4337">
     <span class='ocr_line' id='line_1_78' title="bbox 200 4257 1789 4337; baseline 0.01 -28"><span class='ocrx_word' id='word_1_544' title='bbox 200 4257 312 4311; x_wconf 85' lang='grc' dir='ltr'><strong>λων</strong></span> <span class='ocrx_word' id='word_1_545' title='bbox 348 4259 631 4327; x_wconf 77' lang='grc' dir='ltr'>ὲκάλεσεν,</span> <span class='ocrx_word' id='word_1_546' title='bbox 672 4263 748 4326; x_wconf 88' lang='grc' dir='ltr'>ὡς</span> <span class='ocrx_word' id='word_1_547' title='bbox 782 4265 874 4317; x_wconf 79' lang='grc' dir='ltr'><strong>τὸν</strong></span> <span class='ocrx_word' id='word_1_548' title='bbox 912 4265 1076 4318; x_wconf 83' lang='grc' dir='ltr'>αὑτὸν</span> <span class='ocrx_word' id='word_1_549' title='bbox 1111 4265 1337 4337; x_wconf 76' lang='grc' dir='ltr'>ἔχοντας</span> <span class='ocrx_word' id='word_1_550' title='bbox 1371 4268 1527 4330; x_wconf 85' lang='grc' dir='ltr'>Θεὸν,</span> <span class='ocrx_word' id='word_1_551' title='bbox 1569 4274 1663 4324; x_wconf 75' lang='grc' dir='ltr'>καὶ</span> <span class='ocrx_word' id='word_1_552' title='bbox 1695 4271 1789 4325; x_wconf 72' lang='grc' dir='ltr'><strong>τὶν</strong></span> 
     </span>
    </p>
   </div>
   <div class='ocr_carea' id='block_1_79' title="bbox 198 4353 1789 4437">
    <p class='ocr_par' dir='ltr' id='par_1_79' title="bbox 198 4353 1789 4437">
     <span class='ocr_line' id='line_1_79' title="bbox 198 4353 1789 4437; baseline 0.009 -31"><span class='ocrx_word' id='word_1_553' title='bbox 198 4353 365 4408; x_wconf 72' lang='grc' dir='ltr'>αὐτὸν</span> <span class='ocrx_word' id='word_1_554' title='bbox 416 4358 759 4428; x_wconf 79' lang='grc' dir='ltr'>προπάτορα,</span> <span class='ocrx_word' id='word_1_555' title='bbox 820 4361 913 4414; x_wconf 80' lang='grc' dir='ltr'>καὶ</span> <span class='ocrx_word' id='word_1_556' title='bbox 960 4363 1061 4430; x_wconf 82' lang='grc' dir='ltr'>τὴν</span> <span class='ocrx_word' id='word_1_557' title='bbox 1108 4363 1275 4433; x_wconf 84' lang='grc' dir='ltr'>αὐτὴν</span> <span class='ocrx_word' id='word_1_558' title='bbox 1324 4364 1509 4432; x_wconf 84' lang='grc' dir='ltr'>φύσιν,</span> <span class='ocrx_word' id='word_1_559' title='bbox 1546 4368 1640 4419; x_wconf 72' lang='grc' dir='ltr'>καὶ</span> <span class='ocrx_word' id='word_1_560' title='bbox 1689 4368 1789 4437; x_wconf 81' lang='grc' dir='ltr'>τὴν</span> 
     </span>
    </p>
   </div>
   <div class='ocr_carea' id='block_1_80' title="bbox 196 4445 1789 4522">
    <p class='ocr_par' dir='ltr' id='par_1_80' title="bbox 196 4445 1789 4522">
     <span class='ocr_line' id='line_1_80' title="bbox 196 4445 1789 4522; baseline 0.008 -23"><span class='ocrx_word' id='word_1_561' title='bbox 196 4445 373 4516; x_wconf 79' lang='grc' dir='ltr'>αὐτὴν</span> <span class='ocrx_word' id='word_1_562' title='bbox 395 4448 600 4513; x_wconf 89' lang='grc' dir='ltr'>πίστιν,</span> <span class='ocrx_word' id='word_1_563' title='bbox 637 4452 730 4503; x_wconf 77' lang='grc' dir='ltr'>καὶ</span> <span class='ocrx_word' id='word_1_564' title='bbox 759 4452 855 4512; x_wconf 75' lang='grc' dir='ltr'><strong>τὰς</strong></span> <span class='ocrx_word' id='word_1_565' title='bbox 886 4453 1055 4515; x_wconf 69' lang='grc' dir='ltr'>αὑτὰς</span> <span class='ocrx_word' id='word_1_566' title='bbox 1088 4456 1332 4521; x_wconf 71' lang='grc' dir='ltr'>ἐντολὰς,</span> <span class='ocrx_word' id='word_1_567' title='bbox 1372 4457 1468 4510; x_wconf 76' lang='grc' dir='ltr'>καὶ</span> <span class='ocrx_word' id='word_1_568' title='bbox 1492 4461 1590 4521; x_wconf 78' lang='grc' dir='ltr'>τὰς</span> <span class='ocrx_word' id='word_1_569' title='bbox 1617 4461 1789 4522; x_wconf 75' lang='grc' dir='ltr'>αὑτὰς</span> 
     </span>
    </p>
   </div>
   <div class='ocr_carea' id='block_1_81' title="bbox 1893 3611 3493 3684">
    <p class='ocr_par' dir='ltr' id='par_1_81' title="bbox 1893 3611 3493 3684">
     <span class='ocr_line' id='line_1_81' title="bbox 1893 3611 3493 3684; baseline -0.003 -17"><span class='ocrx_word' id='word_1_570' title='bbox 1893 3625 2123 3684; x_wconf 88' lang='lat' dir='ltr'><strong>portuna</strong></span> <span class='ocrx_word' id='word_1_571' title='bbox 2151 3623 2255 3675; x_wconf 91' lang='lat' dir='ltr'><strong>est,</strong></span> <span class='ocrx_word' id='word_1_572' title='bbox 2288 3613 2434 3668; x_wconf 91' lang='lat' dir='ltr'><strong>utilis</strong></span> <span class='ocrx_word' id='word_1_573' title='bbox 2460 3622 2563 3667; x_wconf 84' lang='lat' dir='ltr'><strong>est.</strong></span> <span class='ocrx_word' id='word_1_574' title='bbox 2607 3611 2817 3666; x_wconf 81' lang='lat' dir='ltr'><strong>Dicitur</strong></span> <span class='ocrx_word' id='word_1_575' title='bbox 2848 3619 3035 3666; x_wconf 84' lang='lat' dir='ltr'><strong>autem</strong></span> <span class='ocrx_word' id='word_1_576' title='bbox 3072 3611 3151 3665; x_wconf 77' lang='lat' dir='ltr'><strong>ira</strong></span> <span class='ocrx_word' id='word_1_577' title='bbox 3180 3619 3493 3681; x_wconf 87' lang='lat' dir='ltr'><strong>opportuna</strong></span> 
     </span>
    </p>
   </div>
   <div class='ocr_carea' id='block_1_82' title="bbox 1890 3702 3494 3775">
    <p class='ocr_par' dir='ltr' id='par_1_82' title="bbox 1890 3702 3494 3775">
     <span class='ocr_line' id='line_1_82' title="bbox 1890 3702 3494 3775; baseline -0.002 -16"><span class='ocrx_word' id='word_1_578' title='bbox 1890 3722 2011 3775; x_wconf 71' lang='lat' dir='ltr'><strong>qua:</strong></span> <span class='ocrx_word' id='word_1_579' title='bbox 2049 3706 2282 3759; x_wconf 83' lang='lat' dir='ltr'><strong>sumitur</strong></span> <span class='ocrx_word' id='word_1_580' title='bbox 2306 3704 2569 3759; x_wconf 87' lang='lat' dir='ltr'><strong>adversus</strong></span> <span class='ocrx_word' id='word_1_581' title='bbox 2610 3719 2708 3758; x_wconf 89' lang='lat' dir='ltr'><strong>eos</strong></span> <span class='ocrx_word' id='word_1_582' title='bbox 2734 3704 2825 3775; x_wconf 89' lang='lat' dir='ltr'><strong>qui</strong></span> <span class='ocrx_word' id='word_1_583' title='bbox 2849 3713 3043 3758; x_wconf 87' lang='lat' dir='ltr'><strong>contra</strong></span> <span class='ocrx_word' id='word_1_584' title='bbox 3091 3702 3184 3756; x_wconf 87' lang='lat' dir='ltr'><strong>Dei</strong></span> <span class='ocrx_word' id='word_1_585' title='bbox 3216 3713 3494 3774; x_wconf 66' lang='lat' dir='ltr'><strong>praecepta</strong></span> 
     </span>
    </p>
   </div>
   <div class='ocr_carea' id='block_1_83' title="bbox 1891 3798 3495 3867">
    <p class='ocr_par' dir='ltr' id='par_1_83' title="bbox 1891 3798 3495 3867">
     <span class='ocr_line' id='line_1_83' title="bbox 1891 3798 3495 3867; baseline 0.001 -15"><span class='ocrx_word' id='word_1_586' title='bbox 1891 3806 2087 3852; x_wconf 79' lang='lat' dir='ltr'><strong>vivunt</strong></span> <span class='ocrx_word' id='word_1_587' title='bbox 2144 3815 2158 3853; x_wconf 90' lang='lat'><strong>:</strong></span> <span class='ocrx_word' id='word_1_588' title='bbox 2216 3799 2438 3867; x_wconf 86' lang='lat' dir='ltr'><strong>quando</strong></span> <span class='ocrx_word' id='word_1_589' title='bbox 2489 3812 2600 3852; x_wconf 89' lang='lat' dir='ltr'><strong>non</strong></span> <span class='ocrx_word' id='word_1_590' title='bbox 2658 3798 2725 3852; x_wconf 86' lang='lat' dir='ltr'><strong>ad</strong></span> <span class='ocrx_word' id='word_1_591' title='bbox 2774 3798 3167 3853; x_wconf 84' lang='lat' dir='ltr'><strong>vindicandum</strong></span> <span class='ocrx_word' id='word_1_592' title='bbox 3222 3813 3341 3863; x_wconf 87' lang='lat' dir='ltr'><strong>nos,</strong></span> <span class='ocrx_word' id='word_1_593' title='bbox 3398 3800 3495 3853; x_wconf 90' lang='lat' dir='ltr'><strong>sed</strong></span> 
     </span>
    </p>
   </div>
   <div class='ocr_carea' id='block_1_84' title="bbox 1891 3890 3496 3960">
    <p class='ocr_par' dir='ltr' id='par_1_84' title="bbox 1891 3890 3496 3960">
     <span class='ocr_line' id='line_1_84' title="bbox 1891 3890 3496 3960; baseline 0 -13"><span class='ocrx_word' id='word_1_594' title='bbox 1891 3892 1955 3947; x_wconf 89' lang='lat' dir='ltr'><strong>ad</strong></span> <span class='ocrx_word' id='word_1_595' title='bbox 1990 3892 2277 3946; x_wconf 88' lang='lat' dir='ltr'><strong>utilitatem</strong></span> <span class='ocrx_word' id='word_1_596' title='bbox 2304 3907 2495 3945; x_wconf 87' lang='lat' dir='ltr'><strong>eorum</strong></span> <span class='ocrx_word' id='word_1_597' title='bbox 2526 3890 2616 3960; x_wconf 89' lang='lat' dir='ltr'><strong>qui</strong></span> <span class='ocrx_word' id='word_1_598' title='bbox 2642 3890 2781 3944; x_wconf 90' lang='lat' dir='ltr'><strong>male</strong></span> <span class='ocrx_word' id='word_1_599' title='bbox 2824 3890 3036 3955; x_wconf 85' lang='lat' dir='ltr'><strong>vivunt,</strong></span> <span class='ocrx_word' id='word_1_600' title='bbox 3084 3906 3151 3946; x_wconf 78' lang='lat' dir='ltr'><strong>ex</strong></span> <span class='ocrx_word' id='word_1_601' title='bbox 3198 3892 3496 3947; x_wconf 82' lang='lat' dir='ltr'><strong>dilectione</strong></span> 
     </span>
    </p>
   </div>
   <div class='ocr_carea' id='block_1_85' title="bbox 1893 3984 3494 4057">
    <p class='ocr_par' dir='ltr' id='par_1_85' title="bbox 1893 3984 3494 4057">
     <span class='ocr_line' id='line_1_85' title="bbox 1893 3984 3494 4057; baseline 0 -16"><span class='ocrx_word' id='word_1_602' title='bbox 1893 3995 1948 4041; x_wconf 87' lang='lat' dir='ltr'><strong>et</strong></span> <span class='ocrx_word' id='word_1_603' title='bbox 2000 4001 2185 4040; x_wconf 90' lang='lat' dir='ltr'><strong>amore</strong></span> <span class='ocrx_word' id='word_1_604' title='bbox 2219 3985 2464 4039; x_wconf 79' lang='lat' dir='ltr'><strong>fraterno</strong></span> <span class='ocrx_word' id='word_1_605' title='bbox 2498 3984 2813 4047; x_wconf 88' lang='lat' dir='ltr'><strong>irascimur,</strong></span> <span class='ocrx_word' id='word_1_606' title='bbox 2852 4000 2977 4038; x_wconf 90' lang='lat' dir='ltr'><strong>eum</strong></span> <span class='ocrx_word' id='word_1_607' title='bbox 3032 4000 3276 4057; x_wconf 80' lang='lat' dir='ltr'><strong>congrua</strong></span> <span class='ocrx_word' id='word_1_608' title='bbox 3319 3987 3494 4041; x_wconf 80' lang='lat' dir='ltr'><strong>hone-</strong></span> 
     </span>
    </p>
   </div>
   <div class='ocr_carea' id='block_1_86' title="bbox 1891 4077 3492 4147">
    <p class='ocr_par' dir='ltr' id='par_1_86' title="bbox 1891 4077 3492 4147">
     <span class='ocr_line' id='line_1_86' title="bbox 1891 4077 3492 4147; baseline -0.002 -11"><span class='ocrx_word' id='word_1_609' title='bbox 1891 4088 2055 4136; x_wconf 77' lang='lat' dir='ltr'><strong>state.</strong></span> <span class='ocrx_word' id='word_1_610' title='bbox 2118 4078 2423 4133; x_wconf 75' lang='lat' dir='ltr'><strong>Irascimiui</strong></span> <span class='ocrx_word' id='word_1_611' title='bbox 2453 4078 2623 4139; x_wconf 89' lang='lat' dir='ltr'><strong>enim,</strong></span> <span class='ocrx_word' id='word_1_612' title='bbox 2655 4077 2853 4147; x_wconf 84' lang='lat' dir='ltr'><strong>inquit,</strong></span> <span class='ocrx_word' id='word_1_613' title='bbox 2886 4086 2935 4131; x_wconf 86' lang='lat' dir='ltr'><strong>et</strong></span> <span class='ocrx_word' id='word_1_614' title='bbox 2977 4078 3142 4131; x_wconf 81' lang='lat' dir='ltr'><strong>nolite</strong></span> <span class='ocrx_word' id='word_1_615' title='bbox 3175 4095 3396 4147; x_wconf 79' lang='lat' dir='ltr'><strong>peccare</strong></span> <span class='ocrx_word' id='word_1_616' title='bbox 3420 4082 3492 4145; x_wconf 81' lang='lat'><strong>&quot;,</strong></span> 
     </span>
    </p>
   </div>
   <div class='ocr_carea' id='block_1_87' title="bbox 1894 4169 3492 4236">
    <p class='ocr_par' dir='ltr' id='par_1_87' title="bbox 1894 4169 3492 4236">
     <span class='ocr_line' id='line_1_87' title="bbox 1894 4169 3492 4236; baseline -0.003 -8"><span class='ocrx_word' id='word_1_617' title='bbox 1894 4174 1999 4228; x_wconf 89' lang='lat' dir='ltr'><strong>hoc</strong></span> <span class='ocrx_word' id='word_1_618' title='bbox 2028 4182 2132 4235; x_wconf 89' lang='lat' dir='ltr'><strong>est,</strong></span> <span class='ocrx_word' id='word_1_619' title='bbox 2165 4169 2245 4226; x_wconf 86' lang='lat' dir='ltr'><strong>Ne</strong></span> <span class='ocrx_word' id='word_1_620' title='bbox 2278 4172 2333 4225; x_wconf 88' lang='lat' dir='ltr'><strong>in</strong></span> <span class='ocrx_word' id='word_1_621' title='bbox 2388 4170 2678 4225; x_wconf 74' lang='lat' dir='ltr'><strong>irascendo</strong></span> <span class='ocrx_word' id='word_1_622' title='bbox 2728 4169 2947 4236; x_wconf 88' lang='lat' dir='ltr'><strong>erretis,</strong></span> <span class='ocrx_word' id='word_1_623' title='bbox 3010 4170 3090 4224; x_wconf 89' lang='lat' dir='ltr'><strong>ira</strong></span> <span class='ocrx_word' id='word_1_624' title='bbox 3152 4172 3295 4226; x_wconf 91' lang='lat' dir='ltr'><strong>male</strong></span> <span class='ocrx_word' id='word_1_625' title='bbox 3336 4180 3492 4227; x_wconf 89' lang='lat' dir='ltr'><strong>uten-</strong></span> 
     </span>
    </p>
   </div>
   <div class='ocr_carea' id='block_1_88' title="bbox 1897 4263 3492 4334">
    <p class='ocr_par' dir='ltr' id='par_1_88' title="bbox 1897 4263 3492 4334">
     <span class='ocr_line' id='line_1_88' title="bbox 1897 4263 3492 4334; baseline -0.001 -13"><span class='ocrx_word' id='word_1_626' title='bbox 1897 4276 2004 4321; x_wconf 90' lang='lat' dir='ltr'><strong>tes.</strong></span> <span class='ocrx_word' id='word_1_627' title='bbox 2047 4265 2158 4320; x_wconf 88' lang='lat' dir='ltr'><strong>Nos</strong></span> <span class='ocrx_word' id='word_1_628' title='bbox 2188 4278 2407 4334; x_wconf 88' lang='lat' dir='ltr'><strong>quoque</strong></span> <span class='ocrx_word' id='word_1_629' title='bbox 2439 4264 2634 4318; x_wconf 84' lang='lat' dir='ltr'><strong>fratres</strong></span> <span class='ocrx_word' id='word_1_630' title='bbox 2677 4264 2823 4316; x_wconf 87' lang='lat' dir='ltr'><strong>inter</strong></span> <span class='ocrx_word' id='word_1_631' title='bbox 2851 4278 2952 4317; x_wconf 91' lang='lat' dir='ltr'><strong>nos</strong></span> <span class='ocrx_word' id='word_1_632' title='bbox 2982 4263 3219 4319; x_wconf 82' lang='lat' dir='ltr'><strong>invicem</strong></span> <span class='ocrx_word' id='word_1_633' title='bbox 3254 4265 3492 4331; x_wconf 74' lang='lat' dir='ltr'><strong>vocavit,</strong></span> 
     </span>
    </p>
   </div>
   <div class='ocr_carea' id='block_1_89' title="bbox 1897 4355 3494 4430">
    <p class='ocr_par' dir='ltr' id='par_1_89' title="bbox 1897 4355 3494 4430">
     <span class='ocr_line' id='line_1_89' title="bbox 1897 4355 3494 4430; baseline -0.005 -15"><span class='ocrx_word' id='word_1_634' title='bbox 1897 4370 2086 4430; x_wconf 89' lang='lat' dir='ltr'><strong>utpote</strong></span> <span class='ocrx_word' id='word_1_635' title='bbox 2124 4357 2381 4413; x_wconf 90' lang='lat' dir='ltr'><strong>eumdem</strong></span> <span class='ocrx_word' id='word_1_636' title='bbox 2422 4357 2689 4410; x_wconf 84' lang='lat' dir='ltr'><strong>habentes</strong></span> <span class='ocrx_word' id='word_1_637' title='bbox 2732 4355 2933 4419; x_wconf 90' lang='lat' dir='ltr'><strong>Deum,</strong></span> <span class='ocrx_word' id='word_1_638' title='bbox 2974 4357 3344 4426; x_wconf 85' lang='lat' dir='ltr'><strong>eumdemque</strong></span> <span class='ocrx_word' id='word_1_639' title='bbox 3380 4356 3494 4425; x_wconf 84' lang='lat' dir='ltr'><strong>pri—</strong></span> 
     </span>
    </p>
   </div>
   <div class='ocr_carea' id='block_1_90' title="bbox 1896 4448 3494 4521">
    <p class='ocr_par' dir='ltr' id='par_1_90' title="bbox 1896 4448 3494 4521">
     <span class='ocr_line' id='line_1_90' title="bbox 1896 4448 3494 4521; baseline -0.004 -14"><span class='ocrx_word' id='word_1_640' title='bbox 1896 4469 2045 4507; x_wconf 91' lang='lat' dir='ltr'><strong>mum</strong></span> <span class='ocrx_word' id='word_1_641' title='bbox 2109 4459 2415 4521; x_wconf 86' lang='lat' dir='ltr'><strong>parentem,</strong></span> <span class='ocrx_word' id='word_1_642' title='bbox 2450 4449 2702 4503; x_wconf 89' lang='lat' dir='ltr'><strong>eamdem</strong></span> <span class='ocrx_word' id='word_1_643' title='bbox 2765 4457 3057 4510; x_wconf 88' lang='lat' dir='ltr'><strong>naturam,</strong></span> <span class='ocrx_word' id='word_1_644' title='bbox 3121 4458 3179 4502; x_wconf 92' lang='lat' dir='ltr'><strong>et</strong></span> <span class='ocrx_word' id='word_1_645' title='bbox 3242 4448 3494 4502; x_wconf 78' lang='lat' dir='ltr'><strong>eamdem</strong></span> 
     </span>
    </p>
   </div>
   <div class='ocr_carea' id='block_1_91' title="bbox 197 4517 1791 4619">
    <p class='ocr_par' dir='ltr' id='par_1_91' title="bbox 197 4517 1784 4619">
     <span class='ocr_line' id='line_1_91' title="bbox 197 4517 1784 4619; baseline 0.011 -32"><span class='ocrx_word' id='word_1_646' title='bbox 197 4537 534 4604; x_wconf 65' lang='grc' dir='ltr'>ἐπαγγελίας</span> <span class='ocrx_word' id='word_1_647' title='bbox 567 4540 675 4593; x_wconf 84' lang='grc' dir='ltr'><strong>τῶν</strong></span> <span class='ocrx_word' id='word_1_648' title='bbox 707 4541 959 4596; x_wconf 77' lang='grc' dir='ltr'>ἐπάθλων</span> <span class='ocrx_word' id='word_1_649' title='bbox 995 4544 1130 4613; x_wconf 75' lang='lat'><strong>(62).</strong></span> <span class='ocrx_word' id='word_1_650' title='bbox 1170 4517 1329 4610; x_wconf 29' lang='grc' dir='ltr'>Εἶδες,</span> <span class='ocrx_word' id='word_1_651' title='bbox 1362 4549 1413 4600; x_wconf 89' lang='grc' dir='ltr'><strong>τί</strong></span> <span class='ocrx_word' id='word_1_652' title='bbox 1454 4517 1784 4619; x_wconf 43' lang='grc' dir='ltr'>προσέταξέ</span> 
     </span>
    </p>
   </div>
   <div class='ocr_carea' id='block_1_92' title="bbox 1900 4517 3493 4619">
    <p class='ocr_par' dir='ltr' id='par_1_92' title="bbox 1900 4517 3493 4615">
     <span class='ocr_line' id='line_1_92' title="bbox 1900 4517 3493 4615; baseline -0.004 -14"><span class='ocrx_word' id='word_1_653' title='bbox 1900 4547 2056 4601; x_wconf 82' lang='lat' dir='ltr'><strong>[idem</strong></span> <span class='ocrx_word' id='word_1_654' title='bbox 2081 4517 2330 4611; x_wconf 27' lang='lat' dir='ltr'><strong>,ieadem</strong></span> <span class='ocrx_word' id='word_1_655' title='bbox 2366 4553 2635 4615; x_wconf 68' lang='lat' dir='ltr'><strong>praecepta</strong></span> <span class='ocrx_word' id='word_1_656' title='bbox 2658 4583 2672 4604; x_wconf 92' lang='lat'><strong>,</strong></span> <span class='ocrx_word' id='word_1_657' title='bbox 2712 4549 2767 4596; x_wconf 91' lang='lat' dir='ltr'><strong>et</strong></span> <span class='ocrx_word' id='word_1_658' title='bbox 2796 4542 2988 4597; x_wconf 86' lang='lat' dir='ltr'><strong>eadem</strong></span> <span class='ocrx_word' id='word_1_659' title='bbox 3030 4542 3298 4609; x_wconf 85' lang='lat' dir='ltr'><strong>promissa</strong></span> <span class='ocrx_word' id='word_1_660' title='bbox 3350 4558 3493 4611; x_wconf 71' lang='lat' dir='ltr'><strong>pnn-</strong></span> 
     </span>
    </p>
   </div>
   <div class='ocr_carea' id='block_1_93' title="bbox 198 4628 1789 4713">
    <p class='ocr_par' dir='ltr' id='par_1_93' title="bbox 198 4628 1789 4713">
     <span class='ocr_line' id='line_1_93' title="bbox 198 4628 1789 4713; baseline 0.009 -33"><span class='ocrx_word' id='word_1_661' title='bbox 198 4628 306 4681; x_wconf 78' lang='grc' dir='ltr'>Τοῦ</span> <span class='ocrx_word' id='word_1_662' title='bbox 348 4631 510 4699; x_wconf 83' lang='grc' dir='ltr'>φόνου</span> <span class='ocrx_word' id='word_1_663' title='bbox 561 4634 661 4705; x_wconf 76' lang='grc' dir='ltr'>τὴν</span> <span class='ocrx_word' id='word_1_664' title='bbox 704 4636 861 4703; x_wconf 78' lang='grc' dir='ltr'>ῥίζαν</span> <span class='ocrx_word' id='word_1_665' title='bbox 905 4637 1186 4707; x_wconf 62' lang='grc' dir='ltr'>ἐξέκοψεν.</span> <span class='ocrx_word' id='word_1_666' title='bbox 1249 4641 1308 4693; x_wconf 87' lang='lat'><strong>&#39;0</strong></span> <span class='ocrx_word' id='word_1_667' title='bbox 1357 4642 1465 4711; x_wconf 70' lang='grc' dir='ltr'>γὰρ</span> <span class='ocrx_word' id='word_1_668' title='bbox 1512 4643 1588 4713; x_wconf 85' lang='grc' dir='ltr'>μὴ</span> <span class='ocrx_word' id='word_1_669' title='bbox 1618 4642 1789 4706; x_wconf 73' lang='grc' dir='ltr'>οὕτως</span> 
     </span>
    </p>
   </div>
   <div class='ocr_carea' id='block_1_94' title="bbox 198 4720 1790 4805">
    <p class='ocr_par' dir='ltr' id='par_1_94' title="bbox 198 4720 1790 4805">
     <span class='ocr_line' id='line_1_94' title="bbox 198 4720 1790 4805; baseline 0.01 -34"><span class='ocrx_word' id='word_1_670' title='bbox 198 4720 576 4793; x_wconf 76' lang='grc' dir='ltr'>ὀργιζόμενος,</span> <span class='ocrx_word' id='word_1_671' title='bbox 602 4724 701 4795; x_wconf 85' lang='grc' dir='ltr'><strong>οὐχ</strong></span> <span class='ocrx_word' id='word_1_672' title='bbox 727 4726 845 4797; x_wconf 76' lang='grc' dir='ltr'>ἥξει</span> <span class='ocrx_word' id='word_1_673' title='bbox 874 4729 1004 4781; x_wconf 84' lang='grc' dir='ltr'>ποτὲ</span> <span class='ocrx_word' id='word_1_674' title='bbox 1032 4731 1167 4800; x_wconf 72' lang='grc' dir='ltr'>πρὸς</span> <span class='ocrx_word' id='word_1_675' title='bbox 1194 4732 1375 4799; x_wconf 84' lang='grc' dir='ltr'>φόνον,</span> <span class='ocrx_word' id='word_1_676' title='bbox 1404 4730 1597 4805; x_wconf 82' lang='grc' dir='ltr'>ὥσπερ</span> <span class='ocrx_word' id='word_1_677' title='bbox 1622 4734 1730 4787; x_wconf 83' lang='grc' dir='ltr'>οὐδ’</span> <span class='ocrx_word' id='word_1_678' title='bbox 1763 4736 1790 4787; x_wconf 89' lang='grc' dir='ltr'><strong>ό</strong></span> 
     </span>
    </p>
   </div>
   <div class='ocr_carea' id='block_1_95' title="bbox 198 4810 1503 4891">
    <p class='ocr_par' dir='ltr' id='par_1_95' title="bbox 198 4810 1503 4891">
     <span class='ocr_line' id='line_1_95' title="bbox 198 4810 1503 4891; baseline 0.014 -29"><span class='ocrx_word' id='word_1_679' title='bbox 198 4810 358 4881; x_wconf 75' lang='grc' dir='ltr'>ῥίζαν</span> <span class='ocrx_word' id='word_1_680' title='bbox 387 4814 696 4883; x_wconf 76' lang='grc' dir='ltr'>ἐκκόπτων,</span> <span class='ocrx_word' id='word_1_681' title='bbox 730 4819 883 4873; x_wconf 69' lang='grc' dir='ltr'>ἐάσει</span> <span class='ocrx_word' id='word_1_682' title='bbox 916 4819 1112 4875; x_wconf 74' lang='grc' dir='ltr'>κλάδον</span> <span class='ocrx_word' id='word_1_683' title='bbox 1142 4821 1306 4891; x_wconf 83' lang='grc' dir='ltr'>φῦναί</span> <span class='ocrx_word' id='word_1_684' title='bbox 1345 4841 1503 4880; x_wconf 90' lang='grc' dir='ltr'>ποτε.</span> 
     </span>
    </p>
   </div>
   <div class='ocr_carea' id='block_1_96' title="bbox 308 5134 751 5209">
    <p class='ocr_par' dir='ltr' id='par_1_96' title="bbox 308 5134 751 5209">
     <span class='ocr_line' id='line_1_96' title="bbox 308 5134 751 5209; baseline 0.011 -17"><span class='ocrx_word' id='word_1_685' title='bbox 308 5136 354 5169; x_wconf 80' lang='grc'><strong><em>⁸⁸</em></strong></span> <span class='ocrx_word' id='word_1_686' title='bbox 370 5134 523 5195; x_wconf 74' lang='lat' dir='ltr'><strong>‘Psal.</strong></span> <span class='ocrx_word' id='word_1_687' title='bbox 554 5154 631 5209; x_wconf 83' lang='lat' dir='ltr'><strong>tv,</strong></span> <span class='ocrx_word' id='word_1_688' title='bbox 663 5140 751 5197; x_wconf 77' lang='lat' dir='ltr'><strong>l5.</strong></span> 
     </span>
    </p>
   </div>
   <div class='ocr_carea' id='block_1_97' title="bbox 1894 4634 3493 4705">
    <p class='ocr_par' dir='ltr' id='par_1_97' title="bbox 1894 4634 3493 4705">
     <span class='ocr_line' id='line_1_97' title="bbox 1894 4634 3493 4705; baseline -0.004 -12"><span class='ocrx_word' id='word_1_689' title='bbox 1894 4641 2149 4694; x_wconf 91' lang='lat' dir='ltr'><strong>miorum.</strong></span> <span class='ocrx_word' id='word_1_690' title='bbox 2187 4636 2320 4692; x_wconf 79' lang='lat' dir='ltr'><strong>Vide</strong></span> <span class='ocrx_word' id='word_1_691' title='bbox 2346 4647 2525 4695; x_wconf 82' lang='lat' dir='ltr'><strong>autem</strong></span> <span class='ocrx_word' id='word_1_692' title='bbox 2552 4636 2685 4705; x_wconf 87' lang='lat' dir='ltr'><strong>quid</strong></span> <span class='ocrx_word' id='word_1_693' title='bbox 2732 4635 3024 4691; x_wconf 86' lang='lat' dir='ltr'><strong>addiderit.</strong></span> <span class='ocrx_word' id='word_1_694' title='bbox 3055 4634 3314 4689; x_wconf 80' lang='lat' dir='ltr'><strong>Radteem</strong></span> <span class='ocrx_word' id='word_1_695' title='bbox 3360 4651 3493 4689; x_wconf 77' lang='lat' dir='ltr'><strong>Sane</strong></span> 
     </span>
    </p>
   </div>
   <div class='ocr_carea' id='block_1_98' title="bbox 1894 4727 3491 4798">
    <p class='ocr_par' dir='ltr' id='par_1_98' title="bbox 1894 4727 3491 4798">
     <span class='ocr_line' id='line_1_98' title="bbox 1894 4727 3491 4798; baseline -0.004 -11"><span class='ocrx_word' id='word_1_696' title='bbox 1894 4731 2055 4787; x_wconf 57' lang='lat' dir='ltr'><strong>caedis</strong></span> <span class='ocrx_word' id='word_1_697' title='bbox 2084 4730 2274 4785; x_wconf 90' lang='lat' dir='ltr'><strong>incidit</strong></span> <span class='ocrx_word' id='word_1_698' title='bbox 2302 4748 2315 4784; x_wconf 90' lang='lat'><strong>:</strong></span> <span class='ocrx_word' id='word_1_699' title='bbox 2347 4729 2440 4798; x_wconf 90' lang='lat' dir='ltr'><strong>qui</strong></span> <span class='ocrx_word' id='word_1_700' title='bbox 2473 4728 2619 4783; x_wconf 91' lang='lat' dir='ltr'><strong>enim</strong></span> <span class='ocrx_word' id='word_1_701' title='bbox 2646 4728 2719 4783; x_wconf 87' lang='lat' dir='ltr'><strong>ita</strong></span> <span class='ocrx_word' id='word_1_702' title='bbox 2751 4743 2861 4783; x_wconf 92' lang='lat' dir='ltr'><strong>non</strong></span> <span class='ocrx_word' id='word_1_703' title='bbox 2896 4727 3175 4791; x_wconf 86' lang='lat' dir='ltr'><strong>irascitur,</strong></span> <span class='ocrx_word' id='word_1_704' title='bbox 3208 4745 3491 4798; x_wconf 84' lang='lat' dir='ltr'><strong>nunquam</strong></span> 
     </span>
    </p>
   </div>
   <div class='ocr_carea' id='block_1_99' title="bbox 1896 4819 3491 4893">
    <p class='ocr_par' dir='ltr' id='par_1_99' title="bbox 1896 4819 3491 4893">
     <span class='ocr_line' id='line_1_99' title="bbox 1896 4819 3491 4893; baseline -0.004 -13"><span class='ocrx_word' id='word_1_705' title='bbox 1896 4824 1964 4879; x_wconf 86' lang='lat' dir='ltr'><strong>ad</strong></span> <span class='ocrx_word' id='word_1_706' title='bbox 1998 4823 2202 4879; x_wconf 71' lang='lat' dir='ltr'><strong>ezedenu</strong></span> <span class='ocrx_word' id='word_1_707' title='bbox 2252 4822 2538 4893; x_wconf 74' lang='lat' dir='ltr'><strong>perveniet</strong></span> <span class='ocrx_word' id='word_1_708' title='bbox 2597 4838 2610 4875; x_wconf 93' lang='lat'><strong>:</strong></span> <span class='ocrx_word' id='word_1_709' title='bbox 2659 4822 2801 4876; x_wconf 78' lang='lat' dir='ltr'><strong>sicut</strong></span> <span class='ocrx_word' id='word_1_710' title='bbox 2834 4836 3012 4891; x_wconf 90' lang='lat' dir='ltr'><strong>nequc</strong></span> <span class='ocrx_word' id='word_1_711' title='bbox 3045 4819 3090 4873; x_wconf 84' lang='lat' dir='ltr'><strong>is</strong></span> <span class='ocrx_word' id='word_1_712' title='bbox 3122 4820 3213 4890; x_wconf 90' lang='lat' dir='ltr'><strong>qui</strong></span> <span class='ocrx_word' id='word_1_713' title='bbox 3254 4821 3491 4874; x_wconf 83' lang='lat' dir='ltr'><strong>radicem</strong></span> 
     </span>
    </p>
   </div>
   <div class='ocr_carea' id='block_1_100' title="bbox 1898 4915 3237 4989">
    <p class='ocr_par' dir='ltr' id='par_1_100' title="bbox 1898 4915 3237 4989">
     <span class='ocr_line' id='line_1_100' title="bbox 1898 4915 3237 4989; baseline -0.004 -16"><span class='ocrx_word' id='word_1_714' title='bbox 1898 4925 2165 4989; x_wconf 86' lang='lat' dir='ltr'><strong>amputat,</strong></span> <span class='ocrx_word' id='word_1_715' title='bbox 2202 4929 2417 4970; x_wconf 85' lang='lat' dir='ltr'><strong>ramum</strong></span> <span class='ocrx_word' id='word_1_716' title='bbox 2454 4930 2693 4983; x_wconf 84' lang='lat' dir='ltr'><strong>unquam</strong></span> <span class='ocrx_word' id='word_1_717' title='bbox 2728 4915 3038 4986; x_wconf 76' lang='lat' dir='ltr'><strong>germinare</strong></span> <span class='ocrx_word' id='word_1_718' title='bbox 3071 4915 3237 4969; x_wconf 83' lang='lat' dir='ltr'><strong>sinet.</strong></span> 
     </span>
    </p>
   </div>
   <div class='ocr_carea' id='block_1_101' title="bbox 1400 5239 2259 5306">
    <p class='ocr_par' dir='ltr' id='par_1_101' title="bbox 1400 5239 2259 5306">
     <span class='ocr_line' id='line_1_101' title="bbox 1400 5239 2259 5306; baseline 0 -4"><span class='ocrx_word' id='word_1_719' title='bbox 1400 5239 1601 5303; x_wconf 66' lang='lat' dir='ltr'><strong>Variae</strong></span> <span class='ocrx_word' id='word_1_720' title='bbox 1630 5241 1942 5306; x_wconf 88' lang='lat' dir='ltr'><strong>lectiones</strong></span> <span class='ocrx_word' id='word_1_721' title='bbox 1971 5248 2034 5305; x_wconf 91' lang='lat' dir='ltr'><strong>et</strong></span> <span class='ocrx_word' id='word_1_722' title='bbox 2066 5248 2259 5305; x_wconf 71' lang='lat' dir='ltr'><strong>notas.</strong></span> 
     </span>
    </p>
   </div>
   <div class='ocr_carea' id='block_1_102' title="bbox 276 5396 1784 5471">
    <p class='ocr_par' dir='ltr' id='par_1_102' title="bbox 276 5396 1784 5471">
     <span class='ocr_line' id='line_1_102' title="bbox 276 5396 1784 5471; baseline 0.006 -17"><span class='ocrx_word' id='word_1_723' title='bbox 276 5396 388 5469; x_wconf 88' lang='lat'><strong>(57)</strong></span> <span class='ocrx_word' id='word_1_724' title='bbox 421 5398 751 5471; x_wconf 80' lang='lat' dir='ltr'><strong>Referuntur</strong></span> <span class='ocrx_word' id='word_1_725' title='bbox 779 5401 896 5458; x_wconf 60' lang='lat' dir='ltr'><strong>hac</strong></span> <span class='ocrx_word' id='word_1_726' title='bbox 923 5401 988 5458; x_wconf 88' lang='lat' dir='ltr'><strong>ad</strong></span> <span class='ocrx_word' id='word_1_727' title='bbox 1014 5402 1206 5460; x_wconf 72' lang='lat' dir='ltr'><strong>Matth.</strong></span> <span class='ocrx_word' id='word_1_728' title='bbox 1243 5420 1299 5471; x_wconf 72' lang='grc' dir='ltr'>ι,</span> <span class='ocrx_word' id='word_1_729' title='bbox 1328 5405 1382 5471; x_wconf 89' lang='grc'>8,</span> <span class='ocrx_word' id='word_1_730' title='bbox 1414 5406 1507 5462; x_wconf 90' lang='lat' dir='ltr'><strong>ubi</strong></span> <span class='ocrx_word' id='word_1_731' title='bbox 1536 5409 1784 5465; x_wconf 91' lang='lat' dir='ltr'><strong>nonnulli</strong></span> 
     </span>
    </p>
   </div>
   <div class='ocr_carea' id='block_1_103' title="bbox 199 5469 1787 5545">
    <p class='ocr_par' dir='ltr' id='par_1_103' title="bbox 199 5469 1787 5545">
     <span class='ocr_line' id='line_1_103' title="bbox 199 5469 1787 5545; baseline 0.008 -22"><span class='ocrx_word' id='word_1_732' title='bbox 199 5469 392 5545; x_wconf 64' lang='lat' dir='ltr'><strong>legunt</strong></span> <span class='ocrx_word' id='word_1_733' title='bbox 422 5469 651 5541; x_wconf 75' lang='grc' dir='ltr'>νεκροὺς</span> <span class='ocrx_word' id='word_1_734' title='bbox 682 5472 947 5545; x_wconf 75' lang='grc' dir='ltr'>ἐγείρετε.</span> <span class='ocrx_word' id='word_1_735' title='bbox 986 5474 1095 5531; x_wconf 91' lang='lat' dir='ltr'><strong>Sed</strong></span> <span class='ocrx_word' id='word_1_736' title='bbox 1127 5475 1228 5529; x_wconf 88' lang='lat' dir='ltr'><strong>ista</strong></span> <span class='ocrx_word' id='word_1_737' title='bbox 1264 5469 1426 5533; x_wconf 26' lang='lat' dir='ltr'><strong>lect—io</strong></span> <span class='ocrx_word' id='word_1_738' title='bbox 1456 5479 1673 5535; x_wconf 87' lang='lat' dir='ltr'><strong>invecta</strong></span> <span class='ocrx_word' id='word_1_739' title='bbox 1699 5488 1787 5537; x_wconf 90' lang='lat' dir='ltr'><strong>est</strong></span> 
     </span>
    </p>
   </div>
   <div class='ocr_carea' id='block_1_104' title="bbox 203 5545 1457 5619">
    <p class='ocr_par' dir='ltr' id='par_1_104' title="bbox 203 5545 1457 5619">
     <span class='ocr_line' id='line_1_104' title="bbox 203 5545 1457 5619; baseline 0.009 -25"><span class='ocrx_word' id='word_1_740' title='bbox 203 5556 235 5594; x_wconf 87' lang='lat' dir='ltr'><strong>a</strong></span> <span class='ocrx_word' id='word_1_741' title='bbox 253 5545 778 5619; x_wconf 66' lang='lat' dir='ltr'><strong>Chrysosto_mo,_vel</strong></span> <span class='ocrx_word' id='word_1_742' title='bbox 801 5553 929 5600; x_wconf 90' lang='lat' dir='ltr'><strong>ante</strong></span> <span class='ocrx_word' id='word_1_743' title='bbox 956 5561 1083 5602; x_wconf 87' lang='lat' dir='ltr'><strong>eum</strong></span> <span class='ocrx_word' id='word_1_744' title='bbox 1111 5548 1179 5602; x_wconf 86' lang='lat' dir='ltr'><strong>ab</strong></span> <span class='ocrx_word' id='word_1_745' title='bbox 1203 5547 1457 5619; x_wconf 77' lang='lat' dir='ltr'><strong>Origene.</strong></span> 
     </span>
    </p>
   </div>
   <div class='ocr_carea' id='block_1_105' title="bbox 273 5612 723 5686">
    <p class='ocr_par' dir='ltr' id='par_1_105' title="bbox 273 5612 723 5686">
     <span class='ocr_line' id='line_1_105' title="bbox 273 5612 723 5686; baseline -0.002 -15"><span class='ocrx_word' id='word_1_746' title='bbox 273 5612 386 5686; x_wconf 87' lang='lat'><strong>(58)</strong></span> <span class='ocrx_word' id='word_1_747' title='bbox 420 5612 628 5685; x_wconf 89' lang='grc' dir='ltr'>σαφῶς.</span> <span class='ocrx_word' id='word_1_748' title='bbox 661 5614 723 5669; x_wconf 87' lang='grc' dir='ltr'>Β.</span> 
     </span>
    </p>
   </div>
   <div class='ocr_carea' id='block_1_106' title="bbox 1969 5405 3486 5483">
    <p class='ocr_par' dir='ltr' id='par_1_106' title="bbox 1969 5405 3486 5483">
     <span class='ocr_line' id='line_1_106' title="bbox 1969 5405 3486 5483; baseline -0.001 -16"><span class='ocrx_word' id='word_1_749' title='bbox 1969 5409 2080 5483; x_wconf 77' lang='lat'><strong>(59)</strong></span> <span class='ocrx_word' id='word_1_750' title='bbox 2123 5410 2291 5483; x_wconf 81' lang='grc' dir='ltr'>αὐτόν</span> <span class='ocrx_word' id='word_1_751' title='bbox 2330 5409 2539 5483; x_wconf 84' lang='lat' dir='ltr'><strong>malim,</strong></span> <span class='ocrx_word' id='word_1_752' title='bbox 2574 5408 2655 5465; x_wconf 90' lang='lat' dir='ltr'><strong>uti</strong></span> <span class='ocrx_word' id='word_1_753' title='bbox 2686 5405 2994 5466; x_wconf 82' lang='lat' dir='ltr'><strong>Hentenius</strong></span> <span class='ocrx_word' id='word_1_754' title='bbox 3024 5407 3241 5467; x_wconf 80' lang='lat' dir='ltr'><strong>videtur</strong></span> <span class='ocrx_word' id='word_1_755' title='bbox 3263 5409 3486 5483; x_wconf 74' lang='lat' dir='ltr'><strong>legisse.</strong></span> 
     </span>
    </p>
   </div>
   <div class='ocr_carea' id='block_1_107' title="bbox 1990 5480 2490 5552">
    <p class='ocr_par' dir='ltr' id='par_1_107' title="bbox 1990 5480 2490 5552">
     <span class='ocr_line' id='line_1_107' title="bbox 1990 5480 2490 5552; baseline 0 -16"><span class='ocrx_word' id='word_1_756' title='bbox 1990 5482 2080 5552; x_wconf 86' lang='lat'><strong>60)</strong></span> <span class='ocrx_word' id='word_1_757' title='bbox 2112 5484 2204 5535; x_wconf 68' lang='grc' dir='ltr'><strong>ἐπὶ</strong></span> <span class='ocrx_word' id='word_1_758' title='bbox 2227 5482 2285 5535; x_wconf 78' lang='grc' dir='ltr'>δὲ</span> <span class='ocrx_word' id='word_1_759' title='bbox 2312 5482 2394 5534; x_wconf 89' lang='grc' dir='ltr'><strong>τό.</strong></span> <span class='ocrx_word' id='word_1_760' title='bbox 2429 5480 2490 5536; x_wconf 76' lang='grc' dir='ltr'>Α.</span> 
     </span>
    </p>
   </div>
   <div class='ocr_carea' id='block_1_108' title="bbox 1989 5551 2550 5623">
    <p class='ocr_par' dir='ltr' id='par_1_108' title="bbox 1989 5551 2550 5623">
     <span class='ocr_line' id='line_1_108' title="bbox 1989 5551 2550 5623; baseline 0.005 -18"><span class='ocrx_word' id='word_1_761' title='bbox 1989 5551 2079 5617; x_wconf 81' lang='grc'><strong>61)</strong></span> <span class='ocrx_word' id='word_1_762' title='bbox 2115 5556 2212 5623; x_wconf 89' lang='grc' dir='ltr'><strong>μή.</strong></span> <span class='ocrx_word' id='word_1_763' title='bbox 2244 5552 2449 5623; x_wconf 83' lang='lat' dir='ltr'><strong>omittit</strong></span> <span class='ocrx_word' id='word_1_764' title='bbox 2487 5551 2550 5608; x_wconf 69' lang='grc' dir='ltr'><strong>(Ξ.</strong></span> 
     </span>
    </p>
   </div>
   <div class='ocr_carea' id='block_1_109' title="bbox 1975 5622 2415 5695">
    <p class='ocr_par' dir='ltr' id='par_1_109' title="bbox 1975 5622 2415 5695">
     <span class='ocr_line' id='line_1_109' title="bbox 1975 5622 2415 5695; baseline -0.002 -17"><span class='ocrx_word' id='word_1_765' title='bbox 1975 5622 2087 5695; x_wconf 69' lang='grc' dir='ltr'>(σε)</span> <span class='ocrx_word' id='word_1_766' title='bbox 2118 5622 2316 5679; x_wconf 80' lang='grc' dir='ltr'>ἄθλων.</span> <span class='ocrx_word' id='word_1_767' title='bbox 2353 5622 2415 5677; x_wconf 74' lang='grc' dir='ltr'>Β.</span> 
     </span>
    </p>
   </div>
   <div class='ocr_carea' id='block_1_110' title="bbox 275 5770 2483 5851">
    <p class='ocr_par' dir='ltr' id='par_1_110' title="bbox 275 5770 2483 5851">
     <span class='ocr_line' id='line_1_110' title="bbox 275 5770 2483 5851; baseline 0.005 -27"><span class='ocrx_word' id='word_1_768' title='bbox 275 5770 377 5845; x_wconf 74' lang='grc' dir='ltr'>(ιε)</span> <span class='ocrx_word' id='word_1_769' title='bbox 412 5772 625 5843; x_wconf 67' lang='lat' dir='ltr'><strong>Eaeque</strong></span> <span class='ocrx_word' id='word_1_770' title='bbox 665 5772 931 5844; x_wconf 78' lang='lat' dir='ltr'><strong>relinquit.</strong></span> <span class='ocrx_word' id='word_1_771' title='bbox 996 5772 1201 5848; x_wconf 88' lang='lat' dir='ltr'><strong>llisque</strong></span> <span class='ocrx_word' id='word_1_772' title='bbox 1246 5777 1523 5848; x_wconf 84' lang='lat' dir='ltr'><strong>relinquit,</strong></span> <span class='ocrx_word' id='word_1_773' title='bbox 1589 5777 1784 5849; x_wconf 88' lang='lat' dir='ltr'><strong>hisque</strong></span> <span class='ocrx_word' id='word_1_774' title='bbox 1816 5779 2070 5837; x_wconf 89' lang='lat' dir='ltr'><strong>concedit</strong></span> <span class='ocrx_word' id='word_1_775' title='bbox 2111 5790 2168 5836; x_wconf 90' lang='lat' dir='ltr'><strong>et</strong></span> <span class='ocrx_word' id='word_1_776' title='bbox 2192 5778 2483 5851; x_wconf 89' lang='lat' dir='ltr'><strong>permittit.</strong></span> 
     </span>
    </p>
   </div>
  </div>
