4026 6502
542 304 646 366 215

1765 301 2147 364 EUTHYMII
2182 300 2541 361 ZIGABENI

3676 301 3780 367 216

539 418 808 481 praecepto
860 413 1089 476 addens,
1147 420 1360 475 temere,
1417 412 1671 467 distinxit
1725 415 1858 467 iram
1901 431 2105 484 oppor-

2220 416 2310 485 τὴν
2350 414 2606 483 εὔκαιρον
2646 412 2816 484 ὀργὴν
2846 414 2954 467 άπὸ
2985 415 3083 485 τῆς
3119 412 3379 483 ἀκαίρου·
3413 413 3559 467 οὕτω
3592 414 3657 481 δὴ
3688 414 3784 465 καὶ

538 512 724 556 tunam
757 504 824 557 ab
849 503 1261 570 intempestiva;
1293 502 1365 554 ita
1398 511 1452 554 et
1499 502 1551 554 in
1586 504 1839 570 prtesenti
1872 505 2103 569 addens,

537 594 610 645 ad
640 593 1129 661 concupiscendum,
1156 591 1401 645 distinxit
1428 602 1709 659 aspectum
1737 592 1855 646 sine
1885 594 2103 660 affectu,

537 684 605 735 ab
639 700 705 737 eo
735 684 826 752 qui
856 682 985 735 vitio
1012 680 1263 735 adicitur.
1292 682 1478 751 Neque
1505 686 1650 737 enim
1679 683 1996 752 simpliciter
2024 686 2107 738 di—

539 773 634 832 xit.
673 774 762 843 qui
804 774 941 826 videt
981 788 999 825 :
1046 774 1164 836 sed,
1201 775 1289 843 qui
1336 776 1475 828 uidet
1518 777 1590 828 ad
1618 778 2104 843 concupiscendum,

540 867 642 917 hoc
667 874 767 925 est,
799 866 890 933 qui
916 866 1131 919 curiose
1158 867 1325 931 videt,
1346 879 1398 921 et
1426 868 1741 927 cumanimi
1766 870 2104 939 aegritudine,

534 956 685 1021 quasi
734 955 937 1007 coitum
990 958 1427 1025 concupiscendo
1467 976 1483 1013 :
1520 958 1644 1011 talis
1688 959 1834 1012 enim
1867 960 1976 1026 jam
2014 974 2110 1013 cor

2207 508 2297 561 έπὶ
2322 508 2418 576 τῆς
2434 507 2736 575 παρούσης,
2770 506 2830 556 τὸ
2860 504 3009 571 πρὸς
3026 506 3089 558 τὸ
3102 502 3471 573 ἐπιθυμῆσαι
3496 504 3781 572 προσθεὶς,

2206 599 2461 652 διέστειλε
2503 598 2602 665 τὴν
2648 595 2828 663 άπαθῆ
2870 596 2993 661 ὄψιν
3024 596 3132 649 ἀπὸ
3172 596 3268 666 τῆς
3322 594 3625 662 ὲμπαθοῦς.
3667 594 3785 645 Οὐκ

2209 688 2330 743 εἷπε
2379 691 2505 757 γὰρ,
2556 692 2635 742 ὅτι
2683 692 2715 743 ό
2758 688 3011 751 ,ϐλέπων
3058 687 3263 749 ἁπλῶς,
3310 685 3424 738 ἀλλ’
3455 687 3487 738 ό
3524 683 3789 747 ,ϐλέπων

2210 782 2353 848 πρὸς
2387 782 2451 833 τὸ
2484 780 2869 847 ἐπιθυμῆσαι,
2901 778 3209 837 τουτέστιν,
3248 779 3275 829 ὁ
3307 776 3523 845 βλέπων
3552 774 3786 843 περιέρ-

2212 889 2339 938 γως.
2365 873 2391 922 ὁ
2410 870 2620 937 βλέπων
2642 868 2926 937 ἐμπαθῶς,
2946 867 3086 919 ὥστε
3113 865 3452 935 ὶπιθυμῆσαι
3474 863 3785 923 συνουτίας.

2222 960 2281 1012 'U
2312 959 2552 1021 τοιοῦτος
2585 959 2693 1028 γὰρ
2722 958 2822 1027 ήδη
2856 957 2951 1009 τοῦ
2984 956 3189 1018 πάθους
3222 954 3486 1023 ἐνέπλησε
3515 954 3616 1023 τὴν
3649 968 3787 1019 καρ-

534 1060 690 1098 suum
731 1047 898 1100 animi
928 1048 1217 1101 affectione
1259 1048 1534 1115 implevit,
1566 1048 1795 1115 ideoque
1829 1048 2108 1102 voluntate

2220 1050 2328 1103 Βίαν
2363 1048 2576 1113 ἑαυτοῦ,
2612 1049 2703 1101 καὶ
2746 1047 2929 1101 λοιπὸν
2964 1050 3030 1116 τῇ
3078 1045 3397 1115 προαιρέσει
3442 1036 3784 1113 έμόίχευσεν.

534 1134 866 1190 adulterium
890 1138 1183 1191 commisit.
1218 1137 1331 1201 Vel,
1365 1137 1457 1205 qui
1482 1137 1547 1190 ad
1579 1138 1681 1191 hoc
1711 1137 1858 1191 videt
1885 1147 1946 1191 ut
1974 1153 2107 1192 con-

535 1228 799 1296 cupiscat.
855 1227 961 1280 iste
1002 1241 1199 1295 nempe
1246 1227 1597 1282 aﬂ’ectionum
1640 1230 2105 1298 perturbationem

534 1318 805 1385 quasivit,
845 1326 900 1372 et
930 1316 999 1371 ad
1031 1319 1529 1389 concupiscentiam
1569 1319 1877 1391 transfugit,
1911 1335 1976 1375 ac
2005 1322 2111 1377 sei-

534 1423 689 1475 psum
726 1407 889 1461 animi
924 1408 1321 1475 perturbationi
1364 1410 1606 1463 tradidit.
1643 1410 1848 1473 Quodsi
1880 1425 2110 1479 corpore

531 1498 753 1551 alterius
788 1513 1014 1552 uxorem
1063 1512 1171 1550 non
1210 1498 1416 1566 tetigit,
1471 1507 1527 1550 at
1586 1499 1776 1551 saltem
1811 1498 2109 1554 voluntate.

532 1589 638 1654 Qui
685 1589 865 1643 autem
909 1588 961 1641 in
1000 1589 1228 1642 transitu
1261 1589 1427 1649 videt,
1463 1600 1557 1642 aut
1591 1590 1692 1642 alia
1724 1589 1977 1658 quapiam
2012 1605 2109 1643 ne-

531 1678 808 1741 cessitate,
844 1679 1074 1733 crimine
1119 1686 1293 1733 vacat.
1335 1679 1611 1733 Mulierem
1651 1694 1780 1733 vero
1808 1679 1963 1743 dixit,
1996 1680 2111 1734 sive

532 1769 651 1821 viro
696 1770 1068 1838 conjunctam,
1121 1769 1236 1823 sive
1287 1769 1355 1822 ab
1407 1784 1472 1821 eo
1522 1769 1777 1833 solutam,
1832 1770 1946 1824 sive
2003 1771 2110 1823 vir-

535 1862 739 1929 ginem.

599 1948 757 2002 Scire
787 1958 967 2001 autem
997 1959 1213 2017 oportet
1250 1950 1565 2019 lnujusmodi
1596 1963 1885 2023 praecepta,
1915 1954 2012 2008 etsi
2046 1954 2112 2007 ad

530 2042 675 2095 viros
718 2042 876 2111 dirigi
924 2042 1198 2107 videntur,
1249 2044 1505 2098 mulieres
1558 2060 1775 2114 quoque
1814 2047 2110 2114 respicere.

532 2132 807 2202 Siquidem
845 2134 929 2186 vir
982 2143 1145 2201 caput
1194 2143 1280 2188 est
1327 2136 1569 2189 mulieris
1588 2136 1655 2199 ⁸⁸,
1717 2146 1882 2206 caput
1931 2146 2114 2191 autem

529 2231 586 2275 et
648 2222 890 2275 membra
953 2222 1102 2275 unita
1176 2232 1325 2277 sunt.
1392 2224 1676 2280 Prohibuit
1736 2241 1866 2296 ergo
1924 2242 2157 2296 aspec--

535 2322 649 2365 tum
702 2312 1015 2374 curiosum;
1075 2328 1104 2366 a
1162 2314 1251 2367 tali
1314 2315 1471 2369 enim
1513 2315 1729 2371 affectio
1784 2318 1850 2370 ad
1905 2332 2001 2371 cor
2024 2319 2116 2371 de-

532 2403 656 2457 ﬂuit
709 2422 721 2455 :
772 2403 919 2472 quod
969 2404 1055 2457 ubi
1102 2414 1350 2475 aagrotat,
1400 2408 1641 2463 incendit
1691 2418 1747 2462 et
1799 2424 1999 2477 corpus
2045 2411 2113 2462 ad

533 2496 765 2549 coitum.
793 2495 983 2565 itaque
1009 2496 1248 2551 radicem
1282 2498 1536 2563 abscidit,
1572 2515 1639 2552 ne
1669 2501 1936 2569 producto
1964 2516 2115 2553 ramo

533 2588 771 2641 fructum
805 2602 1025 2656 quoque
1054 2587 1316 2657 proferat.

604 2676 760 2731 Vers.
806 2678 898 2733 29.
946 2678 1007 2732 Si
1055 2707 1117 2719 -—-
1178 2677 1330 2734 Vers.
1382 2680 1473 2735 30.
1521 2684 1833 2751 gehennam.
1882 2680 1999 2735 Non
2048 2681 2116 2736 de

532 2769 780 2839 corporis
811 2768 1071 2823 membris
1105 2769 1385 2838 loquitur;
1418 2770 1506 2824 illa
1534 2772 1682 2826 enim
1708 2772 1867 2841 culpa
1903 2781 2114 2827 vacant.

536 2857 675 2915 Nam
711 2860 959 2928 corporis
1000 2861 1241 2914 membra
1274 2862 1342 2915 ab
1372 2863 1551 2915 anima
1583 2862 1876 2927 ducuntur,
1912 2873 1964 2916 et
1986 2878 2120 2931 quo-

532 2966 747 3019 cunque
775 2950 863 3005 illa
893 2950 1117 3020 jusserit
1151 2962 1458 3007 moventur.
1494 2952 1599 3007 Sed
1622 2954 1874 3007 dextrum
1896 2956 2114 3023 quidem

2217 1142 2313 1205 Ἣ,
2348 1142 2376 1192 ὀ
2408 1139 2495 1191 διὰ
2519 1138 2678 1191 τοῦτο
2708 1138 2942 1206 βλέπων,
2973 1138 3061 1190 ἴνα
3092 1136 3424 1205 ἐπιθυμήσῃ.
3454 1136 3510 1186 Ὀ
3539 1132 3790 1196 τοιοῦτος

2212 1232 2321 1301 γὰρ
2366 1230 2597 1298 ἐζήτησε
2634 1228 2696 1281 τί,
2742 1227 2934 1291 πάθος,
2975 1228 3067 1279 καὶ
3109 1226 3453 1296 ηὐτομόλησε
3500 1223 3636 1293 πρὸς
3685 1225 3790 1290 τὴν

2213 1321 2531 1391 ἐπιθυμίαν,
2569 1322 2662 1373 καὶ
2694 1318 3032 1389 προδέδωκεν
3065 1318 3257 1371 ἑαυτὸν
3287 1317 3363 1385 τῷ
3394 1318 3577 1379 πάθει,
3609 1316 3705 1367 καὶ
3732 1315 3784 1366 εί

2214 1414 2309 1464 καὶ
2344 1413 2419 1480 μὴ
2450 1411 2525 1480 τῷ
2560 1410 2771 1479 σώματι
2800 1410 2981 1479 ἧψατο
3008 1408 3108 1476 τῆς
3137 1406 3420 1474 γυναικὸς,
3454 1406 3590 1459 ἀλλά
3622 1421 3686 1471 γι
3720 1406 3789 1472 τῇ

2214 1503 2553 1572 προαιρέσει.
2589 1501 2648 1554 '0
2671 1501 2725 1553 δὲ
2754 1502 2895 1554 κατὰ
2920 1499 3152 1570 πάροδον
3178 1498 3411 1566 βλέπων,
3436 1496 3476 1568 ἢ
3498 1494 3639 1547 κατά
3665 1510 3795 1545 τινα

2214 1593 2403 1662 χρείαν
2427 1592 2612 1661 ἄλλην,
2644 1592 2995 1662 ἀνέγκλητος.
3026 1591 3262 1643 Γυναῖκα
3288 1588 3345 1640 δι
3372 1587 3467 1640 νῦν
3496 1586 3670 1653 λέγει,
3694 1584 3795 1636 καὶ

2214 1688 2313 1755 τὴν
2353 1686 2690 1754 ιζευγμένην
2723 1684 2875 1754 ἀνδρὶ
2896 1723 2913 1749 ,
2951 1682 3046 1735 καὶ
3076 1682 3173 1751 τὴν
3208 1679 3623 1749 ἀπολελυμένην
3644 1715 3661 1740 ,
3695 1678 3793 1728 καὶ

2216 1779 2311 1848 τὴν
2342 1778 2632 1850 παρθένον.

2287 1960 2330 2012 Χ
2340 1963 2407 2028 ρὴ
2435 1958 2492 2011 δὲ
2525 1955 2834 2024 γινώσκειν,
2866 1954 2947 2006 δτι
2974 1950 3041 2005 τά
3070 1949 3294 2002 τοιαῦτα
3322 1943 3796 2014 παραγγέλματα,

2218 2055 2266 2104 εί
2302 2052 2395 2103 καὶ
2428 2050 2564 2119 πρὸς
2599 2046 2802 2116 ἄνδρας
2831 2040 3216 2098 ἀπυτείνεσθαι
3249 2036 3519 2100 δοκοῦσιν,
3557 2033 3696 2087 ἀλλά
3726 2048 3797 2098 γε

2219 2144 2313 2196 καὶ
2344 2142 2479 2211 πρὸς
2513 2140 2775 2207 γυναῖκας
2804 2135 3024 2203 ὁρῶσιν.
3065 2133 3123 2183 ὐ
3154 2131 3263 2199 γὰρ
3290 2128 3429 2197 ἀνὴρ
3458 2124 3668 2192 κεφαλὴ
3690 2126 3798 2191 τῆς

2218 2237 2473 2297 γυναικός
2508 2236 2625 2285 ἐστι
2652 2248 2665 2261 ·
2699 2232 2762 2300 τῇ
2798 2230 2854 2283 δὲ
2896 2226 3103 2295 κεφαλῇ
3139 2227 3229 2276 καὶ
3258 2222 3330 2275 τά
3361 2221 3498 2290 μέλη
3526 2218 3794 2288 ἦνωνται.

2230 2326 2483 2380 Ἐκόλασε
2507 2322 2686 2377 τοίνυν
2715 2321 2813 2388 τὴν
2844 2318 3130 2387 περίεργον
3162 2314 3314 2377 θέαν,
3339 2313 3473 2365 διότι
3499 2312 3564 2363 ὲκ
3584 2307 3798 2374 ταύτης

2217 2420 2483 2491 καταρρεῖ
2511 2414 2681 2477 πάθος
2713 2414 2803 2464 ἐπὶ
2834 2412 2931 2480 τὴν
2961 2409 3186 2478 καρδίαν
3208 2425 3222 2439 ·
3256 2406 3396 2474 αὕτη
3427 2404 3486 2456 δὲ
3517 2400 3796 2491 παθοῦσα,

2218 2490 2514 2579 παροξύνει
2552 2505 2611 2558 τὸ
2652 2503 2810 2573 σῶμα
2840 2503 2972 2570 πρὸς
3006 2498 3314 2551 συνουσίαν.
3347 2494 3671 2564 Προανείλεν
3696 2490 3797 2544 οὖν

2216 2604 2314 2670 τὴν
2343 2601 2517 2670 ῥίζαν,
2546 2598 2633 2649 ἵνα
2666 2596 2741 2665 μὴ
2768 2594 2959 2655 κλάδος
2997 2594 3151 2660 φυεὶς
3186 2590 3387 2661 ἐνέγκῃ
3416 2586 3647 2657 καρπόν.

2286 2697 2353 2749 Ei
2385 2692 2452 2746 δὲ
2490 2721 2560 2733 -
2596 2691 2867 2758 γέενναν.
2902 2688 2975 2739 Οὐ
3010 2688 3137 2755 περὶ
3186 2682 3363 2753 μελῶν
3402 2679 3651 2750 σώματός
3684 2695 3797 2744 φη-

2219 2802 2303 2839 σιν
2327 2800 2341 2815 ·
2374 2781 2683 2852 ἀνέγκλητα
2712 2780 2819 2850 γὰρ
2845 2779 2911 2833 τά
2941 2778 3074 2847 μέλη
3109 2774 3201 2827 τοῦ
3237 2773 3485 2841 σώματος
3505 2787 3520 2803 ’
3554 2770 3660 2823 ὑπὸ
3683 2768 3800 2837 γὰρ

2217 2878 2314 2946 τῆς
2346 2876 2525 2946 ψυχῆς
2556 2876 2803 2939 ἄγονται,
2835 2870 2929 2922 καὶ
2959 2869 3096 2938 πρὸς
3115 2866 3142 2919 ὃ
3171 2866 3237 2919 ἂν
3266 2864 3405 2932 αὕτη
3443 2862 3674 2930 κελεύσῃ
3706 2876 3805 2911 κι-

2218 2967 2435 3024 νοῦνται
2460 2987 2472 2999 ·
2506 2966 2621 3021 ἀλλ’
2653 2962 2931 3033 ὀφθαλμὸν
2969 2962 3066 3029 μὲν
3107 2957 3280 3022 δεξιὸν
3310 2956 3466 3009 καλεῖ
3506 2954 3599 3007 τὸν
3640 2952 3803 3020 δίκην

531 3043 751 3096 oculum
804 3052 962 3097 vocat
1007 3044 1263 3096 idoneum
1312 3046 1571 3109 amicum,
1619 3045 1713 3114 qui
1758 3045 1928 3100 instar
1968 3047 2109 3100 oculi

2220 3059 2497 3131 ὀφθαλμοῦ
2527 3058 2888 3127 στεργόμενον
2911 3051 3086 3117 δεξιὸν
3109 3048 3261 3116 φίλον
3281 3064 3295 3077 ο
3326 3049 3483 3114 χεῖρα
3507 3045 3561 3097 δὲ
3586 3042 3800 3108 δεξιὰν.

531 3137 743 3187 amatur
785 3150 799 3186 :
844 3149 1066 3189 manum
1101 3144 1285 3189 autem
1322 3136 1588 3197 dextram,
1624 3138 1933 3192 ministrum
1966 3154 2113 3193 com-

533 3225 753 3279 modum
777 3265 791 3288 ,
829 3226 921 3294 qui
959 3227 1011 3279 in
1049 3227 1268 3281 modum
1309 3243 1505 3282 manus
1542 3230 1687 3283 utilis
1724 3238 1826 3291 est,
1866 3231 1979 3284 sive
2011 3231 2111 3284 viri

532 3316 665 3380 sint,
702 3317 819 3370 sive
860 3317 1136 3372 mulieres.
1196 3319 1335 3373 Dicit
1398 3320 1561 3389 igitur
1596 3338 1608 3373 :
1649 3321 1705 3373 Si
1742 3322 1795 3373 hi
1851 3320 1946 3375 tibi
2000 3321 2117 3375 fuc-

533 3410 645 3463 rint
676 3409 1033 3472 olIendiculo,
1072 3409 1308 3477 aliquam
1339 3410 1631 3465 aﬂerentes
1669 3413 1867 3466 mentis
1898 3424 2114 3483 pertur-

530 3502 833 3562 bationem,
885 3516 991 3556 nec
1045 3502 1127 3556 eis
1156 3517 1367 3571 parcas,
1405 3504 1499 3557 sed
1533 3514 1753 3573 amputa
1791 3507 1937 3574 ipsos
1968 3508 2117 3559 omni

530 3608 651 3663 quae
701 3593 959 3647 adversus
994 3600 1046 3647 te
1079 3602 1163 3648 est
1198 3592 1508 3659 affectione,
1548 3604 1604 3648 et
1648 3595 1853 3664 projice
1895 3598 1992 3650 abs
2040 3606 2114 3650 te.

526 3686 713 3755 Neque
726 3684 880 3750 dixit,
903 3684 1149 3748 Pet-cute,
1172 3685 1264 3740 sed
1288 3685 1541 3751 Amputa,
1557 3686 1915 3741 manifestans
1937 3689 2119 3741 omni-

528 3778 744 3833 modam
770 3778 1191 3845 separationem.
1220 3776 1416 3830 Dicens
1440 3792 1657 3845 quoque
1689 3796 1700 3829 :
1727 3779 1981 3847 Amputa.
2012 3795 2122 3833 non

526 3868 602 3924 ibi
630 3867 962 3939 permansit;
1014 3868 1110 3921 sed
1142 3868 1371 3921 ulterius
1398 3882 1705 3923 sermonem
1733 3870 1999 3933 extendit,
2033 3869 2125 3923 ad-

526 3961 663 4013 dens
702 3978 715 4013 :
752 3957 816 4010 Et
851 3960 1049 4027 projice
1077 3959 1165 4011 abs
1203 3968 1275 4021 te,
1316 3972 1385 4012 ne
1432 3958 1483 4010 in
1517 3959 1764 4027 proximo
1813 3975 2119 4025 remanens,

527 4052 621 4106 ﬁat
654 4066 846 4105 rursus
878 4050 1183 4104 farniliaris.
1232 4050 1369 4116 Quia
1404 4060 1587 4105 autem
1624 4066 1738 4105 rem
1766 4052 1953 4106 duram
1982 4068 2124 4122 pra:-

527 4154 769 4213 ceperat,
810 4143 1021 4197 lucrum
1071 4143 1125 4196 in
1168 4153 1446 4212 posterum
1508 4143 1907 4199 demonstravit
1947 4147 2015 4201 ab
2059 4163 2125 4203 eo

523 4232 670 4303 quod
705 4233 837 4287 utile
864 4245 968 4287 est.

605 4324 769 4380 Vers.
801 4326 889 4379 51.
920 4326 1133 4379 Dictum
1162 4334 1238 4380 est
1269 4336 1449 4379 autem
1483 4356 1547 4368 --
1579 4326 1641 4382 V.
1667 4328 1755 4382 52.
1795 4328 2123 4383 adulterium

2218 3158 2310 3209 τὸν
2344 3154 2501 3222 δίκην
2529 3149 2708 3221 χειρὸς
2735 3136 3138 3216 χρησιμεύοντα
3169 3138 3339 3201 δεξιὸν
3369 3136 3669 3205 ὑπηρέτην,
3702 3134 3804 3186 καὶ⁸

2218 3249 2326 3299 εἴτε
2378 3244 2569 3311 ἄνδρες
2608 3237 2739 3303 εἶεν,
2790 3236 2901 3289 εἴτε
2942 3234 3221 3300 γυναῖκες.
3272 3228 3436 3295 Λέγει
3484 3227 3684 3286 τοίνυν,
3716 3225 3808 3277 δτι

2231 3337 2355 3388 Ἐάν
2390 3338 2438 3385 oi
2485 3331 2715 3384 τοιοῦτοι
2749 3322 3144 3386 σκανδαλίζωσί
3180 3336 3238 3372 σε
3281 3318 3416 3386 πρὸς
3452 3315 3763 3385 έμπάθειαν
3786 3353 3805 3375 ,

2224 3424 2357 3497 μηδὲ
2382 3423 2585 3476 τούτων
2610 3419 2770 3488 φείδῃ
2790 3435 2803 3447 ·
2830 3414 2944 3468 ἀλλ’
2972 3411 3202 3479 ἔκκοψον
3230 3408 3425 3469 αὐτοὺς
3447 3406 3546 3497 τῆς
3571 3404 3707 3497 πρδς
3740 3403 3805 3455 σὲ

2224 3494 2483 3587 σχέσεως,
2510 3514 2604 3566 καὶ
2633 3512 2786 3583 ῥίψον
2814 3506 3135 3578 πόρῥωοου.
3159 3503 3268 3553 Καὶ
3291 3502 3392 3552 οὐκ
3422 3494 3567 3562 εἷπε,
3595 3496 3805 3564 Κόψον,

2223 3611 2360 3675 ἀλλ’,
2398 3610 2722 3675 Ἕκχοψον,
2780 3604 2876 3672 τὴν
2924 3599 3160 3668 παντελῆ
3207 3595 3480 3659 διάζευξιν
3530 3592 3805 3659 ἐμφήνας.

2224 3705 2335 3758 Καὶ
2369 3698 2561 3765 εἰπὼν,
2606 3698 2937 3763 Ἐκκοψον,
2968 3692 3069 3745 οὐκ
3095 3692 3225 3759 ἔστη
3260 3688 3421 3759 μέχρι
3445 3686 3657 3745 τούτου,
3686 3681 3807 3735 ἀλλ’

2224 3796 2469 3849 ἐπέτεινε
2514 3792 2606 3844 τὸν
2654 3790 2832 3857 λόγον,
2877 3784 3137 3856 προσθεὶς
3174 3783 3255 3846 τὺ,
3321 3778 3430 3833 Kal
3491 3776 3651 3841 βάλε
3684 3774 3811 3826 ἀπὸ

2225 3884 2363 3946 σοῦ,
2415 3883 2502 3936 ινα
2553 3881 2628 3951 μὴ
2686 3876 2910 3947 πλησίον
2973 3872 3257 3942 τυγχάνων
3316 3868 3471 3929 αὖθις
3523 3861 3810 3929 οἰκειωθῇ.

2239 3976 2391 4031 Ἐπεὶ
2446 3975 2500 4030 δὲ
2561 3972 2852 4042 ἀποτόμως
2912 3967 3215 4029 ἐκέλευσεν,
3275 3960 3444 4025 ἔδειξε
3501 3956 3690 4010 Λοιπὸν
3744 3954 3813 4006 τὸ

2226 4066 2478 4121 ἐντεῦθεν
2513 4065 2722 4132 κέρδος,
2753 4062 2862 4117 ἀπὸ
2889 4059 2984 4113 τοῦ
3016 4057 3414 4128 συμφέροντος.

2312 4330 2555 4403 Ἐρῤέθη
2576 4329 2644 4383 δε
2685 4357 2753 4367 -
2794 4321 3095 4395 μοιχᾶται.
3133 4320 3267 4374 Ἰδοὺ
3318 4318 3412 4371 καὶ
3443 4316 3633 4385 ἕτερον
3663 4306 3813 4376 εἷδος

528 4418 827 4473 committit.
860 4416 999 4471 Ecce
1024 4428 1078 4472 et
1101 4417 1249 4472 aliud
1276 4418 1531 4472 adulterii
1560 4424 1731 4488 genus
1755 4420 2114 4476 demonstrat.

2226 4425 2474 4500 μοιχείας
2502 4423 2767 4476 δείκνυσι.
2814 4417 2999 4486 Νόμος
3047 4414 3155 4484 γὰρ
3185 4408 3252 4483 ἦν
3295 4408 3525 4471 παλαιὸς
3559 4404 3808 4500 κελεύων

528 4508 763 4564 Jubebat
794 4509 940 4564 enim
980 4510 1064 4564 lex
1094 4518 1271 4574 vetus,
1306 4520 1365 4563 ut
1387 4512 1883 4581 quomodocunque
1912 4513 2114 4569 odisset

2222 4495 2313 4574 τὸν
2368 4516 2723 4585 ὁπωσδήποτε
2784 4509 3048 4579 μισοῦντα
3081 4507 3179 4575 τὴν
3214 4504 3355 4557 ίδίαν
3408 4499 3671 4570 γυναῖκα,
3726 4495 3809 4567 μὴ
3857 4512 3869 4540 2

529 4599 798 4668 quispiam
837 4615 1061 4654 uxorem
1100 4600 1399 4670 propriam,
1440 4615 1509 4653 ne
1538 4615 1655 4653 eam
1692 4601 1988 4667 retineret,
2020 4603 2114 4657 sed

2224 4610 2496 4680 κατέχειν,
2523 4607 2637 4661 ἀλλ’
2664 4604 2947 4658 ἐκϐάλλειν
2973 4598 3167 4668 αὐτὴν,
3202 4596 3362 4648 δόντα
3394 4594 3531 4659 αὐτῇ
3565 4588 3812 4680 ἀποστά-

530 4695 659 4745 dato
691 4692 791 4761 ipsi
822 4692 1005 4745 libello
1038 4693 1274 4761 repudii,
1314 4694 1635 4747 dimitteret.
1665 4692 1901 4749 Jubebat
1932 4704 2114 4750 autem

2226 4679 2423 4765 σιον,ὅ
2469 4702 2617 4752 ἐστιν
2662 4695 2939 4764 ἔγγραφον
2989 4687 3338 4749 ἀπολύσεως,
3383 4683 3477 4736 καὶ
3521 4679 3809 4732 ἐκσάλλειν

530 4785 767 4856 abjicere
813 4785 929 4839 sive
979 4786 1291 4855 repudiare,
1322 4801 1391 4841 ne
1437 4787 1755 4841 occiderent
1784 4801 1902 4841 eam
1930 4804 1944 4852 ;
1976 4802 2114 4858 aegre

2228 4796 2328 4866 μὲν
2362 4792 2666 4863 αὑτὴν,ἴνα
2703 4769 2779 4860 μη
2827 4789 2987 4858 φόνος
3038 4789 3285 4855 γένηται.
3329 4777 3811 4833 Δυσκατάλλακτοι

531 4877 678 4932 enim
710 4878 1213 4931 recouciliabantur
1245 4876 1442 4940 Judaei,
1476 4893 1585 4932 non
1628 4879 1792 4933 modo
1822 4894 1947 4950 erga
1984 4896 2114 4935 uxo-

2224 4888 2333 4957 γὰρ
2384 4882 2523 4956 ἦσαν
2566 4882 2831 4944 Ἰουδαῖοι,
2862 4881 2923 4933 οὐ
2977 4878 3112 4951 πρὸς
3170 4877 3267 4937 τὰς
3322 4871 3568 4943 γαμετὰς
3619 4870 3809 4939 μόνον,

532 4983 645 5034 res,
679 4970 772 5023 sed
806 4969 971 5022 etiam
1002 4983 1129 5039 erga
1158 4968 1317 5024 ﬁlios.
1350 4967 1505 5024 Unde
1533 4978 1587 5022 et
1607 4967 1858 5023 Christus
1885 4970 2114 5039 quadra-

2221 4980 2355 5033 ἀλλὰ
2386 4980 2481 5032 καὶ
2514 4978 2652 5048 πρὸς
2677 4976 2743 5029 τὰ
2773 4974 2957 5028 τέκνα.
2985 4972 3076 5024 Διὸ
3119 4968 3216 5023 καὶ
3244 4970 3271 5021 ὁ
3322 4965 3559 5037 Χριστὸς
3615 4963 3809 5033 εἴρηκε

531 5061 741 5131 gesimo
780 5062 958 5130 capite
987 5061 1124 5121 dixit
1151 5062 1220 5117 ad
1260 5077 1355 5115 eos
1401 5077 1413 5113 :
1447 5061 1647 5131 Moyses
1692 5073 1909 5130 propter
1965 5064 2114 5116 duri-

2222 5072 2359 5142 πρδς
2410 5071 2609 5131 αὐτοὺς
2666 5070 2723 5121 ὲν
2776 5066 2855 5136 τῷ
2904 5058 3334 5131 τεσσαρακοστῷ
3390 5055 3697 5124 κεφαλαίῳ,
3723 5054 3809 5107 ὅτι

532 5151 664 5203 tiam
718 5153 890 5207 cordis
942 5155 1098 5207 vestri
1158 5155 1397 5224 permisit
1455 5155 1598 5209 vobis
1651 5156 1934 5225 repudiare
1984 5174 2114 5211 uxo-

2220 5160 2483 5230 Μωῡσῆς
2511 5159 2661 5227 πρὸς
2690 5158 2801 5225 τὴν
2835 5149 3329 5225 σκληροκαρδίαν
3362 5145 3528 5216 ὑμῶν
3562 5142 3805 5208 ἐπέτρε-

533 5257 614 5295 res
666 5254 861 5298 vestras
923 5245 987 5299 ”.
1042 5245 1217 5302 Jussit
1298 5254 1482 5301 autem
1541 5248 1672 5302 dare
1731 5250 1970 5303 libellum
2030 5265 2114 5303 re-

2220 5256 2341 5322 ἰθ-εν
2371 5252 2515 5321 ὑμῖν
2541 5251 2851 5306 ἀπολύσω
2880 5249 2987 5312 τὰς
3022 5244 3314 5316 γυναῖκας
3357 5236 3523 5309 ὑμῶν
3558 5253 3569 5264 ·
3605 5235 3813 5290 διδόναι

533 5334 703 5405 pudii,
754 5352 824 5392 ne
889 5346 1081 5408 postea
1123 5340 1277 5394 alteri
1339 5340 1450 5409 jam
1486 5348 1710 5410 nuptam
1760 5340 1898 5407 viro,
1931 5350 2114 5410 posset

2223 5346 2280 5397 δὲ
2333 5344 2686 5411 ἀποστάσιον,
2738 5342 2825 5397 ίνα
2877 5339 2990 5411 (75)
3029 5336 3170 5408 μετὰ
3221 5333 3403 5401 τοῦτο,
3460 5327 3812 5400 γαμηθείσης

643 5478 689 5511 ³⁸
716 5480 919 5551 Ephes.
954 5499 1006 5546 v,
1034 5484 1121 5537 9.3.
1232 5482 1278 5513 θ’
1307 5478 1500 5535 Matth.
1529 5495 1644 5546 xu,
1668 5480 1724 5535 8.

1731 5576 2262 5639 Variaelectiones
2305 5580 2364 5636 et
2418 5580 2605 5637 noue.

609 5704 719 5776 4‘73)
752 5709 828 5776 μὴ
862 5706 1031 5768 addit,
1054 5716 1103 5760 ct
1138 5722 1281 5775 mox,
1317 5718 1434 5777 post
1470 5706 1645 5778 ἀνδρὶ,
1692 5704 1890 5760 omittit
1922 5705 1985 5759 A.
