4026 6512
237 344 330 411 917

1149 351 1541 417 COMMENT.
1572 352 1657 414 IN
1700 355 2176 417 MATTHJEUM.
2217 383 2282 393 -
2324 358 2485 419 CAP.
2521 360 2589 421 V.

3414 362 3519 426 218

235 464 395 533 αὐτῆς
424 461 600 534 ἐτέρῳ
628 462 802 533 ἀνδρὶ,
832 464 905 533 μὴ
937 463 1141 535 δυνηθῇ
1185 467 1322 535 (Ἠ),
1355 466 1432 529 ὡς
1472 467 1682 530 οίκείας
1715 485 1814 534 γυ-

1938 487 2113 525 -ursus
2146 475 2585 542 apprchendere,
2617 478 2773 547 quasi
2810 481 3087 551 prepriam
3114 524 3128 546 ,
3163 492 3217 536 ct
3248 482 3377 536 hine
3409 487 3519 536 ori.

232 556 427 619 ναικὸς,
457 556 620 609 πάλιν
654 556 1149 625 ἐπιλαμϐάνεσθαι,
1183 560 1279 612 xci.
1308 561 1568 628 γίνωνται
1606 562 1812 630 συγχύ-

231 662 336 708 σεις
365 647 461 699 καὶ
497 648 717 709 στάσεις
757 648 1031 701 ἐντεῦθεν.

302 738 362 791 Ὀ
392 740 448 791 δὲ
480 740 716 806 Χριστός
746 739 865 804 νῦν,
911 742 1300 810 ἡμερωτέρους
1332 744 1529 806 αὐτοὺς
1578 745 1666 797 διὰ
1702 745 1811 797 τῶν

225 830 607 898 προλαϐόντων
644 830 822 898 λόγων
852 836 1225 896 καταστῆσας,
1262 834 1498 898 κελεύει,
1552 837 1625 906 μὴ
1672 837 1809 887 ἀπο-

223 920 367 972 λύειν
403 922 502 990 τὴν
534 925 789 987 γυναῖκα,
826 931 1100 991 παρεκτὸς
1147 922 1307 991 λόγου
1343 927 1621 996 πορνείας,
1647 944 1809 979 τουτ-

225 1014 372 1079 έστι,
433 1014 559 1083 δίχα
614 1015 796 1078 αἰτίας
878 1018 1171 1087 πορνείαςο
1230 1021 1489 1088 πορνείαν
1557 1019 1811 1079 ἐνταῦθα,

219 1108 315 1177 τὴν
374 1109 627 1177 μοιχείαν
685 1108 996 1177 ὀνομάσας·
1053 1111 1191 1162 ἀλλὰ
1234 1111 1357 1180 μηδ’
1392 1110 1811 1181 ἀπολελυμένην

221 1198 308 1265 ὑφ’
332 1198 525 1268 ἐτέρου
554 1199 747 1268 ἀνδρὸς
778 1202 1000 1270 γαμεῖν.
1031 1200 1164 1269 Δίχα
1206 1203 1317 1272 γὰρ
1351 1201 1515 1269 λόγου
1546 1205 1810 1273 πορνείας

221 1291 247 1340 ὀ
280 1290 382 1357 μὲν
420 1289 707 1352 ἀπολύσας
735 1289 836 1360 τήν
876 1288 1097 1355 ἑαυτοῦ,
1123 1292 1266 1342 ποιεῖ
1302 1291 1474 1363 αὐτὴν
1509 1292 1810 1362 μοιχεύειν,

221 1379 679 1450 συμπλεκομένην
719 1381 895 1451 ἑτέρῳ
927 1380 1116 1452 ἀνδρί·
1150 1380 1177 1431 ὀ
1208 1380 1266 1434 δὲ
1322 1382 1581 1451 γαμήσας
1618 1384 1813 1435 ἀπολε-

219 1471 463 1541 λυμένην
496 1474 587 1541 ὑφ’
623 1473 835 1540 ἐτέρου,
882 1472 1127 1543 μοιχεύει
1168 1475 1266 1543 τὴν
1290 1473 1600 1543 ἀλλοτρίαν.
1625 1474 1810 1526 Ταῦτα

217 1563 271 1617 δέ
296 1566 963 1638 νομοθετήσας,σὼφρονα
980 1566 1078 1618 καὶ
1101 1568 1200 1633 τὴν
1221 1569 1457 1633 γυναῖκα
1479 1567 1807 1635 πεποίηκεν.

230 1656 542 1710 ’Δκούσασα
570 1658 700 1726 γὰρ,
733 1658 817 1709 ὅτι
853 1657 1223 1711 ἀπολυθεῖσαι)
1254 1658 1426 1728 αὐτὴν
1467 1659 1645 1721 οὐδεὶς
1694 1675 1811 1726 γα-

224 1753 411 1820 μήσει,
438 1753 656 1821 στέρξει
692 1753 785 1805 τὸν
833 1755 1037 1807 οἰκεῖον
1094 1753 1286 1823 ἄνδρα,
1332 1755 1428 1807 καὶ
1460 1754 1812 1824 Θεραπεύσει.

1921 574 2113 617 rentur
2150 566 2493 623 turbationes
2523 586 2586 624 ac
2617 572 2941 629 seditiones.

1989 744 2243 803 Christus
2297 764 2426 803 vero
2478 751 2753 818 prrcdictis
2802 753 2983 807 verbis
3030 764 3378 808 mansuetius
3422 769 3521 808 eos

1923 839 2240 903 instituens,
2277 840 2431 910 jubet
2462 859 2529 897 ne
2573 861 2798 899 uxorem
2835 847 3144 913 repudient,
3184 848 3291 901 nisi
3339 848 3517 915 stupri

1922 947 2106 992 causa.
2151 932 2415 1002 Stuprum
2453 943 2637 988 autent
2684 945 2842 989 vocat
2881 937 2968 991 hic
3009 937 3382 993 adulterium:
3422 940 3517 990 sed
3559 954 3577 965 ί

1923 1041 2100 1095 neque
2151 1026 2436 1081 dimissam
2470 1028 2923 1097 permittitalteri
2981 1030 3096 1083 viro
3140 1031 3374 1083 nubere.
3412 1032 3519 1095 Qui

1922 1120 2092 1183 enim,
2132 1129 2292 1173 extra
2340 1121 2515 1190 stupri
2582 1138 2840 1183 causam.
2880 1138 3035 1176 suam
3076 1126 3352 1192 repu-lial,
3388 1123 3521 1178 facit

1921 1226 2043 1265 eam
2076 1212 2379 1265 adulteram
2404 1228 2547 1276 esse,
2572 1228 2699 1267 cum
2732 1213 2890 1269 alteri
2924 1217 3041 1268 viro
3062 1216 3518 1270 commisccatur.

1921 1304 2023 1371 Qui
2068 1320 2200 1358 vero
2235 1305 2313 1359 sic.
2344 1305 2412 1359 ab
2443 1305 2618 1359 altero
2651 1307 2993 1375 repudiatam
3021 1308 3264 1373 duxerit,
3302 1309 3523 1363 adulte-

1924 1400 2063 1453 rium
2095 1413 2220 1452 cum
2274 1398 2451 1452 aliena
2483 1400 2800 1456 committit.
2836 1401 2933 1455 His
2971 1411 3154 1455 autem
3198 1402 3341 1456 dalis
3378 1416 3523 1471 prae-

1922 1490 2122 1559 ceptis,
2153 1504 2383 1543 uxorem
2415 1488 2583 1544 etiam
2631 1490 2996 1545 cordatiorem
3032 1506 3095 1546 ac
3126 1492 3520 1547 modestiorem

1922 1581 2181 1636 reddidit.
2214 1581 2417 1637 Audito
2446 1597 2684 1652 namque
2709 1582 2853 1653 quod
2880 1599 2939 1638 se
2965 1585 3308 1654 repudiatam
3335 1585 3521 1639 nullus

1925 1675 1977 1728 in
2017 1691 2245 1729 uxorem
2276 1676 2547 1731 ducturus
2584 1678 2700 1741 est.
2745 1678 3031 1748 proprium
3063 1678 3268 1733 amabit
3302 1679 3479 1734 virum
3503 1717 3521 1743 ,

1920 1767 2082 1836 eique
2110 1768 2370 1823 inserviet
2397 1785 2409 1821 :
2447 1779 2502 1824 et
2526 1769 2598 1823 ita
2624 1770 2877 1825 criminis
2908 1770 3164 1826 adulterii
3192 1773 3519 1836 admonens,

219 1846 373 1899 Οῦτω
409 1846 655 1915 μοιχείας
693 1845 982 1900 ὑποϐαλὼν
1015 1847 1332 1917 ἐγκλήματι
1356 1849 1452 1902 καὶ
1480 1850 1572 1901 τὸν
1599 1848 1812 1917 ἀλόγως

1938 1878 2030 1916 οιιι
2060 1878 2184 1916 eum
2210 1863 2302 1932 qui
2329 1864 2448 1918 sine
2476 1879 2641 1919 causa
2675 1864 2952 1934 pr0priam
2986 1866 3237 1934 repudiat
3266 1878 3518 1928 uxorem,

219 1938 553 1993 ἐκϐάλλοντα
593 1938 690 2010 τὴν
723 1938 920 1993 ἑαυτοῦ
957 1942 1215 2006 γυναῖκα,
1250 1943 1345 1992 καὶ
1402 1940 1493 1992 τὸν
1523 1940 1816 2010 γαμοῦντα

218 2033 315 2099 τὴν
376 2031 796 2101 ἀπολελυμένην
850 2032 1044 2100 ἑτέρῳ,
1095 2032 1397 2099 ἐπέσφιγξε
1458 2032 1557 2100 τὴν
1588 2032 1816 2103 εἰρήνην

220 2123 329 2175 τῶν
360 2124 637 2192 συζύγων,
694 2126 791 2178 καὶ
833 2125 892 2177 τὸ
928 2126 1001 2194 μὴ
1038 2123 1315 2193 μοιχεύειν
1366 2124 1569 2193 μᾶλλον
1599 2125 1817 2177 ἐπέτει-

221 2234 327 2270 νεν.
361 2218 421 2271 Ὀ
457 2218 566 2287 γὰρ
602 2217 677 2287 μὴ
716 2216 1169 2278 ἐκϐάλλω-πᾶ).λά
1201 2218 1447 2288 στέργων
1468 2218 1565 2288 τὴν
1592 2218 1814 2282 ἑαυτοῦ,

220 2306 319 2358 οὐκ
353 2307 421 2359 ἂν
452 2306 774 2378 ἐπιθυμήσῃ
803 2306 900 2377 τὴς
928 2307 1219 2377 ἀλλοτρίας
1239 2321 1252 2334 ·
1281 2307 1376 2359 καὶ
1402 2308 1429 2360 ὀ
1465 2308 1815 2378 κωλυόμενος

220 2401 421 2469 γαμεῖν
470 2400 571 2467 τὴν
624 2399 1039 2467 ἀπολελυμένην
1073 2399 1268 2470 ἐτέρῳ,
1316 2399 1415 2451 οὐκ
1451 2398 1516 2453 ἂν
1566 2398 1819 2471 ἀπολύσῃ

220 2494 317 2563 τὴν
351 2492 573 2545 ἐαυτοῦ.

292 2586 489 2639 Πάλιν
514 2615 582 2624 -—
605 2585 779 2651 ὅλως.
804 2583 900 2657 [Τὸ
935 2585 1063 2654 μὴν,
1093 2584 1204 2655 (75)
1234 2586 1359 2637 Οὐκ
1394 2583 1810 2653 ἐπιορκήσεις,

221 2680 540 2751 γέγραπται
598 2679 658 2729 ἐν
729 2680 795 2747 τῇ
873 2677 1043 2748 βίϐλῳ
1107 2679 1207 2747 τῆς
1276 2676 1528 2740 Ἐξόδουο
1597 2675 1660 2729 τὸ
1730 2676 1809 2741 δὲ,

234 2772 590 2834 Ἀποόὡσεις
639 2770 718 2836 τῷ
778 2773 974 2839 Κυρίῳ
1028 2770 1171 2835 τοὺς
1222 2769 1440 2837 ὅρκους
1482 2785 1624 2833 σου,
1659 2770 1717 2820 ἐν
1744 2770 1809 2840 τῇ

224 2866 393 2935 βίϐλῳ
421 2864 517 2917 τοῦ
551 2862 1001 2931 Δευτερονομίου,
1037 2862 1176 2931 πλὴν
1206 2861 1275 2913 δι’
1310 2861 1517 2930 ἐτέρων
1571 2861 1805 2925 λέξεων·

221 2960 329 3013 Καὶ
366 2958 477 3028 (76)
510 2955 591 3021 τῷ
615 2957 859 3025 ὀνόματι
893 2955 1113 3021 Κυρίου
1144 2952 1283 3023 ὁμῇ.
1314 2953 1487 3006 Τοῦτο
1515 2954 1572 3005 δὲ
1613 2954 1817 3024 προσέ-

222 3052 406 3118 ταξεν,
427 3052 515 3104 ἵνα
553 3049 626 3120 μὴ
658 3048 802 3102 κατὰ
837 3048 947 3101 τῶν
976 3046 1350 3117 ψευδωνύμων
1382 3046 1524 3099 Θεῶν
1545 3046 1812 3116 ὀμνύωσι.

1919 1970 2083 2023 quam
2133 1970 2283 2021 eum,
2346 1957 2439 2025 qui
2501 1957 2571 2011 ab
2633 1958 2742 2012 alio
2799 1958 3138 2027 repudiatam
3194 1958 3365 2020 ducit.
3424 1972 3523 2026 pa—

1917 2064 2036 2103 cem
2070 2048 2491 2117 conjunctorum
2528 2052 2883 2117 constrinxit,
2952 2052 3237 2122 magisque
3270 2066 3339 2105 ne
3370 2066 3525 2106 com-

1917 2144 2237 2199 mitteretur
2270 2145 2602 2199 adulterium
2634 2146 2871 2201 curavit.
2904 2146 3007 2212 Qui
3040 2148 3190 2201 enim
3221 2162 3377 2200 suam
3409 2162 3521 2203 non

1917 2239 2106 2309 abjieit
2127 2280 2141 2305 ,
2174 2240 2270 2294 sed
2302 2249 2451 2293 amat
2490 2241 2673 2310 potius
2696 2280 2710 2304 ,
2741 2240 2978 2295 alienam
3010 2256 3357 2310 nequaquam
3388 2256 3525 2295 con-

1919 2331 2169 2401 cupiscct
2197 2349 2208 2385 :
2244 2331 2500 2386 similiter
2524 2342 2580 2387 et
2609 2334 2702 2402 qui
2736 2334 2805 2387 ab
2830 2334 2937 2386 alio
2963 2333 3305 2401 repudiatam
3331 2332 3527 2403 prohi-

1923 2423 2089 2479 betur
2116 2423 2341 2488 ducere,
2375 2439 2530 2478 suam
2562 2439 2672 2479 non
2702 2424 2865 2479 facile
2899 2424 3237 2493 repudiabit.

1986 2579 2142 2635 Vers.
2189 2580 2278 2634 53.
2310 2580 2546 2634 Rursum
2598 2612 2662 2622 —-
2700 2580 2856 2635 Vers.
2903 2578 2992 2634 34.
3028 2581 3265 2633 omnino.
3295 2579 3333 2649 -ι-
3382 2579 3524 2635 lllutl

1912 2671 2159 2740 quidem,
2200 2670 2325 2725 Non
2345 2672 2609 2741 pejerabis
2644 2674 2682 2738 ',
2718 2670 2772 2723 in
2806 2671 2948 2725 libro
2980 2669 3154 2725 Exodi
3205 2670 3470 2725 scribitur
3505 2683 3524 2725 2

1917 2767 2022 2820 hoc
2050 2775 2252 2832 autem,
2284 2764 2489 2820 Reddet:
2521 2765 2747 2819 Domino
2774 2766 3091 2835 juramenta
3118 2774 3212 2818 tua
3236 2766 3279 2831 ‘,
3303 2765 3357 2819 in
3386 2764 3527 2820 libro

1923 2856 2354 2921 Deuteronomii,
2388 2858 2482 2912 sed
2517 2874 2614 2928 per
2642 2858 2745 2912 alia
2776 2858 2965 2912 verba.
3018 2859 3285 2929 Praecepit
3340 2867 3529 2913 autem

1924 2951 2049 3016 hoc,
2080 2966 2146 3005 ne
2169 2966 2266 3021 per
2291 2949 2409 3005 falsi
2437 2950 2677 3005 nominis
2705 2950 2836 3005 deos
2862 2949 3140 3019 iurarent.

294 3144 369 3197 Τὸ
411 3144 486 3213 μὴ
515 3144 737 3210 ὀμόσαι,
764 3142 860 3194 καὶ
888 3140 948 3193 τὸ
982 3141 1058 3210 μὴ
1088 3140 1397 3208 ἀπαιτῆσαι
1429 3140 1592 3209 ὅρκον
1613 3156 1820 3192 συνεισ-

1996 3126 2037 3197 -ξ-
2078 3125 2197 3183 Non
2244 3128 2454 3198 jurare,
2511 3139 2567 3183 et
2614 3130 2992 3200 juramentum
3036 3147 3146 3186 non
3195 3141 3407 3202 petere,
3460 3131 3527 3186 ad

226 3240 374 3305 ἀγει.
437 3237 502 3289 Ὅ
536 3238 648 3306 γὰρ
689 3236 752 3288 σὺ
789 3234 1035 3303 φεύγεις,
1086 3233 1205 3296 πῶς
1235 3232 1457 3296 ἐπάξεις
1490 3233 1568 3302 τῷ
1604 3231 1822 3303 ἀδελφῷ

229 3330 529 3399 σου,εῖπερ
566 3327 892 3398 φιλάδελφος
932 3322 1003 3389 εἷ,
1040 3325 1136 3379 καὶ
1168 3324 1228 3376 ού
1264 3322 1733 3396 φιλοχρήματος]

306 3511 371 3567 ⁸0
402 3512 499 3583 μὲν
533 3508 765 3569 παλαιὸς
785 3510 948 3577 νόμος
962 3508 1247 3577 φησὶν,ὅτι
1278 3507 1400 3561 Οὐκ
1418 3505 1824 3574 ἐπιορκήσεις,

224 3604 645 3675 προσενέγκῃς
664 3600 775 3674 (77)
792 3601 859 3654 δὲ
872 3600 950 3666 τῷ
972 3600 1093 3665 Θεῷ
1112 3600 1254 3666 τοὺς
1270 3600 1487 3667 ὅρκους
1502 3615 1644 3653 σου.
1658 3599 1829 3652 Τοῦτο

225 3698 284 3752 δὲ
324 3692 469 3759 εἶπε,
502 3694 669 3764 φόϐον
712 3692 805 3745 τοῦ
847 3691 921 3763 μὴ
943 3691 1278 3762 ἐπιορκῆσαι
1310 3691 1721 3760 ἐπικρεμαννὺς
1751 3689 1828 3761 τῷ

228 3788 506 3860 ὀμνύοντι,
537 3784 983 3856 γινώσκοντι,ὄτι
1014 3786 1041 3836 ὀ
1074 3783 1209 3847 Θεὸς
1252 3782 1416 3845 αὐτὸς
1468 3782 1685 3852 δέχεται
1738 3782 1831 3834 τὸν

227 3885 414 3954 ὅρκον,
436 3884 466 3935 ὁ
503 3881 682 3934 πάντα
736 3879 1052 3948 γινώσκων.
1109 3876 1250 3947 Ἐγὼ
1282 3875 1349 3929 δὲ
1369 3875 1526 3945 λέγω
1557 3875 1721 3943 ὑμῖν,
1744 3875 1831 3944 μὴ

231 3977 451 4046 ὀμόσαι
470 3972 647 4039 ὅλως.
682 3972 740 4025 Ὀ
781 3971 879 4042 μὲν
909 3970 1019 4041 γάρ
1046 3969 1313 4039 εὐορκῶν,
1346 3966 1477 4029 ἴσως
1507 3969 1833 4036 ἐπιορκήσει

233 4071 369 4125 ποτέ
416 4068 505 4140 [τῇ
543 4066 656 4138 (78)
691 4063 1070 4136 συνηθείᾳτοῦ
1100 4062 1325 4132 ὀμνύειν
1350 4079 1364 4092 ·
1401 4062 1428 4114 ὁ
1458 4061 1516 4114 δέ
1554 4060 1831 4131 μηδέποτε

232 4164 471 4232 ὀμνύων,
499 4161 598 4213 οῦκ
652 4158 976 4229 ἐπιορκήσει
1030 4154 1209 4227 ποτέ].
1258 4154 1471 4218 ’Ἄλλως
1509 4171 1568 4207 τε
1611 4154 1688 4221 δὲ,
1742 4156 1835 4209 καὶ

232 4256 295 4311 τὸ
352 4254 455 4324 μὲν
522 4252 795 4322 ὀμνύοντα
857 4251 932 4321 μὴ
1009 4250 1308 4319 ἐπιορκεῖν,
1386 4247 1673 4300 εὐσέϐειαν
1754 4248 1837 4308 είς

234 4347 369 4401 Θεὸν
406 4346 704 4400 ἐπαίδευεο
734 4346 794 4397 τὸ
844 4344 901 4397 δὲ
950 4344 1025 4413 μὴ
1071 4342 1298 4412 ὀμνύειν
1350 4341 1513 4405 ὅλως,
1565 4341 1835 4395 ἐπιτείνει

240 4439 484 4507 μάλιστα
538 4439 638 4507 τὴν
694 4436 1003 4489 εὐσέϐειαν.
1065 4434 1302 4488 Κάκεῖνο
1361 4434 1463 4506 μὲν
1519 4433 1618 4500 τῆς
1651 4434 1831 4503 μέσης

236 4533 330 4586 καὶ
388 4530 614 4594 ἀτελοῦς
660 4524 730 4601 ἦν
792 4528 1115 4598 φιλοσοφίας
1140 4542 1153 4554 ⁸
1190 4525 1352 4579 τοῦτο
1405 4525 1463 4580 δὲ
1504 4525 1603 4595 τῆς
1641 4525 1821 4596 ἄκρας
1863 4518 1908 4576 Ι)

236 4628 329 4679 καὶ
354 4626 569 4689 τελείας
600 4625 737 4680 ἐστί.

307 4717 476 4787 Μήτε
506 4749 574 4757 -
593 4716 926 4783 βασιλέως.
951 4717 1069 4771 Ἵνα
1107 4715 1183 4788 μὴ
1200 4717 1526 4785 νομίσωσιν,
1554 4716 1637 4768 ὅτι
1673 4713 1834 4785 μόνον

236 4810 301 4863 τὸ
336 4810 480 4864 κατά
504 4808 640 4863 Θεοῦ
676 4809 901 4879 ὀμνύειν
934 4810 1198 4872 ἐκώλυσε,
1223 4809 1365 4878 λέγω
1387 4809 1451 4880 δὴ
1496 4810 1578 4871 τὸ,
1616 4810 1697 4875 μὰ
1728 4809 1833 4861 τὸν

240 4903 414 4967 Θεὸν,
452 4902 781 4973 προστίθησι
804 4904 995 4957 λοιπον
1022 4907 1116 4959 καὶ
1149 4904 1317 4957 τᾶλλα
1352 4904 1468 4974 εἴδη
1501 4904 1609 4956 τῶν
1628 4905 1830 4973 ὅρκων,

240 4999 301 5049 ἑν
359 4989 443 5058 οἷς
491 4995 742 5049 Ἰουδαῖοι
793 4997 1104 5066 τηνικαῦτα
1157 4996 1396 5067 ὤμνυον.
1435 4996 1493 5049 '0
1544 4996 1653 5065 γὰρ
1690 4994 1833 5047 κατὰ

239 5089 454 5144 τούτων
488 5088 731 5159 ὀμνύων,
760 5089 952 5159 ὀμνύει
1002 5090 1166 5143 πάλιν
1211 5090 1356 5142 κατὰ
1398 5087 1493 5141 τοῦ
1545 5087 1708 5155 Θεοῦ,
1736 5086 1830 5141 τοῦ

354 5277 369 5307 ¹
401 5273 576 5330 Exod.
602 5291 694 5340 xx,
729 5274 786 5329 7.
898 5276 920 5307 ²
951 5274 1108 5329 Deut.
1142 5290 1296 5340 mn,
1325 5272 1418 5341 21,
1458 5271 1547 5326 23.
1644 5324 1647 5327 .

1929 3223 2072 3277 idem
2104 3223 2395 3279 inducunt.
2429 3222 2716 3290 Quomodo
2746 3226 2891 3280 enim
2926 3231 2991 3280 ad
3025 3226 3076 3281 id
3108 3226 3254 3296 quod
3283 3235 3338 3279 tu
3366 3225 3529 3297 fugis,

1930 3316 2157 3371 fratrem
2198 3327 2351 3371 tuum
2398 3317 2650 3379 induces,
2680 3318 2724 3372 si
2756 3329 2941 3374 tamen
2976 3318 3163 3374 fratris
3189 3328 3402 3374 amator
3433 3334 3493 3375 es
3514 3357 3532 3384 ,

1930 3422 1986 3467 et
2016 3427 2126 3465 non
2160 3412 2332 3483 magis
2363 3412 2649 3483 pecuniae?

2004 3504 2173 3561 Vetus
2199 3508 2421 3577 quidem
2452 3509 2537 3563 lex
2569 3508 2703 3563 dicit
2730 3527 2742 3563 ε
2774 3507 2892 3561 Non
2916 3508 3212 3579 pejerabis;
3237 3510 3419 3579 offeres
3442 3526 3536 3562 au-

1935 3611 2034 3656 tem
2062 3600 2288 3655 Domino
2311 3602 2623 3671 juramenla
2643 3612 2754 3654 tua.
2785 3600 2942 3667 Quod
2972 3602 3124 3656 addit
3154 3610 3212 3655 ut
3231 3602 3440 3672 juranti
3469 3603 3535 3655 ti-

1935 3713 2142 3751 morem
2174 3696 2467 3761 incuteret,
2496 3712 2565 3751 ne
2592 3698 2885 3766 pejeraret,
2915 3698 3097 3751 sciens
3128 3696 3295 3749 Deum
3328 3696 3534 3765 ipsum,

1934 3791 2025 3861 qui
2076 3792 2259 3845 omnia
2305 3792 2480 3853 novit,
2525 3793 2902 3862 juramentum
2953 3790 3259 3857 suscipere.
3295 3786 3408 3859 Ego
3434 3806 3537 3841 au-

1938 3894 2039 3936 tem
2080 3885 2196 3936 dico
2235 3884 2377 3936 vobis
2405 3899 2422 3937 :
2460 3882 2541 3936 Ne
2575 3882 2770 3951 juretis
2798 3882 3033 3934 omnino.
3067 3878 3170 3945 Qui
3198 3880 3346 3934 enim
3379 3878 3539 3934 facile

1932 3977 2100 4047 jurat,
2135 3976 2431 4046 aliquando
2469 3974 2702 4028 fortasse
2735 3973 3005 4045 pejerabit
3038 3973 3109 4027 ob
3140 3972 3365 4041 jurandi
3402 3988 3538 4027 cou—

1938 4074 2286 4126 suetudinem
2325 4087 2337 4124 :
2373 4070 2463 4139 qui
2497 4078 2681 4123 autem
2715 4068 2863 4121 nullo
2902 4066 3067 4120 modo
3093 4066 3264 4135 jurat,
3300 4081 3411 4120 non
3446 4080 3541 4135 pe-

1934 4166 2135 4237 ierabit
2166 4180 2431 4233 unquam.
2468 4163 2741 4217 Praeterea
2766 4176 2987 4231 quoque
3015 4161 3211 4229 jurans
3244 4160 3316 4214 ita
3347 4174 3417 4213 ne
3446 4175 3543 4227 pc-

1936 4262 2103 4333 jeres.
2134 4262 2341 4315 cultum
2372 4259 2619 4313 divinum
2653 4258 2950 4319 observas;
2986 4265 3041 4309 at
3072 4253 3224 4307 nullo
3260 4253 3423 4306 modo
3446 4252 3540 4319 ju-

1944 4370 2069 4410 rans
2090 4397 2104 4417 .
2134 4356 2310 4423 ipsum
2339 4354 2573 4408 maxime
2599 4353 2880 4420 prorehis,
2908 4360 2964 4403 et
2992 4350 3124 4403 illud
3159 4346 3459 4401 mediocris
3485 4352 3542 4398 ct

1943 4445 2279 4515 imperfecta:
2313 4444 2677 4517 philosophia:
2708 4451 2814 4506 est,
2859 4444 2962 4495 hoc
2996 4450 3181 4495 autem
3218 4452 3450 4492 summa:
3475 4451 3542 4490 at:

1937 4538 2220 4611 perfectae.

2007 4722 2162 4777 Vcrs.
2215 4722 2309 4776 54.
2342 4718 2708 4790 Neque—V.
2766 4718 2859 4772 55.
2914 4716 3051 4786 regis
3096 4726 3197 4770 est.
3227 4711 3308 4768 Ne
3388 4720 3547 4784 puta—

1936 4826 2058 4870 rent
2087 4816 2228 4885 quod
2263 4816 2527 4869 adversus
2551 4812 2721 4868 Deum
2763 4814 2941 4867 solum
2968 4813 3157 4881 jurare
3196 4808 3542 4879 prohiberet,

1936 4904 2191 4969 dicendo,
2227 4905 2302 4974 μὰ
2342 4903 2432 4955 τὸν
2461 4904 2618 4965 Θεὸν,
2671 4902 2722 4955 id
2780 4911 2865 4956 est
2914 4918 3005 4969 per
3063 4898 3255 4960 Deum,
3310 4896 3462 4951 addit
3491 4900 3547 4947 ct

1941 4999 2077 5052 alias
2102 5000 2543 5067 juramentorum
2577 4996 2812 5061 species,
2849 4994 3051 5063 quibus
3084 5001 3215 5046 tunc
3256 4986 3545 5057 Judzriju-

1944 5092 2141 5147 rabant
2170 5110 2183 5145 :
2237 5091 2329 5161 qui
2363 5091 2509 5147 enim
2544 5105 2641 5161 per
2674 5089 2792 5143 hate
2814 5088 2987 5158 jurat,
3024 5101 3215 5141 rursus
3255 5098 3351 5155 per
3372 5079 3545 5135 Deum

1446 5429 1650 5492 Varia)
1692 5428 2002 5494 lectiones
2043 5436 2105 5493 et
2148 5436 2343 5492 notae.

320 5605 373 5675 (7
387 5605 433 5671 ι)
468 5601 821 5675 dav-(165E113.

321 5670 436 5743 (75)
482 5670 693 5728 Inclusa
716 5670 786 5725 in
820 5687 991 5740 marg.
1021 5671 1186 5743 habet
1219 5670 1260 5721 Α
1282 5696 1294 5712 ι

321 5739 432 5814 (Ἰϐ)
464 5747 557 5797 καὶ
586 5744 663 5813 τῷ
689 5773 759 5782 --
780 5743 888 5812 ὁμῇ
921 5739 1703 5814 omisitllent_cuitls.__Ngtum
1742 5754 1841 5794 au-

247 5809 358 5873 tem
385 5809 491 5884 est,
519 5809 774 5871 litec'non
813 5809 1043 5884 reperiri
1074 5811 1350 5876 αὐτολεξεί
1382 5811 1435 5865 in
1465 5809 1525 5867 V.
1562 5811 1625 5866 Τ.

2022 5597 2135 5668 (77)
2183 5596 2436 5651 Aoristus
2475 5595 2817 5666 coniunctivi
2852 5610 2952 5666 pro
2993 5594 3177 5650 futuro
3210 5592 3552 5668 προσοίσεις.

2019 5664 2131 5735 (78)
2160 5668 2291 5733 Qum
2319 5668 2408 5721 hic.
2439 5664 2782 5728 inclusimus.
2816 5664 2879 5721 ea
2912 5684 2976 5720 ex
3009 5668 3131 5723 cod.
3167 5668 3230 5732 A,
3260 5664 3415 5719 haud
3446 5665 3553 5717 tiu—

1951 5739 2041 5795 bie
2074 5740 2145 5796 ob
2178 5740 2378 5811 duplex
2414 5740 2565 5806 ποτε,
2601 5738 2940 5795 exciderant.
