4026 6522
469 339 582 405 223

1690 337 2077 401 EUTHYMII
2118 336 2480 397 ZIGABENI

3609 283 3750 384 ἐει

462 473 654 516 verum
683 457 849 513 etiam
907 456 1157 512 addendo
1186 455 1331 526 quod
1381 470 1491 508 non
1535 453 1691 523 petit.
1720 452 1857 508 Cum
1894 453 2041 506 enim

2169 471 2221 505 τα
2234 452 2546 522 ραχωρήσει
2576 447 2668 501 τοῦ
2690 460 2925 501 απαιτου
2935 443 3123 513 μένου,
3140 441 3275 496 ἀλλά
3291 441 3381 495 καὶ
3400 443 3468 511 τῇ
3504 439 3757 508 προσθή-

460 554 575 607 lirec
614 550 831 608 feceris.
877 549 960 603 vel
1009 547 1278 613 relinquet
1342 545 1488 614 quod
1543 543 1786 612 petebat,
1836 550 2045 596 tantam

460 643 667 696 veritus
692 641 1054 695 Christianam
1077 652 1221 691 tuam
1249 635 1667 707 philosophiam.
1699 635 1784 691 vel
1807 650 1873 688 eo
1903 632 2049 703 quod

462 733 598 803 petit
627 733 825 795 ablato,
885 744 993 783 non
1022 731 1249 799 attinget
1276 729 1415 797 quod
1468 742 1578 781 non
1633 728 1894 795 petebat;
1942 724 2053 778 fre-

460 833 691 891 quenter
718 832 897 875 autem
936 820 1218 873 avaritiam
1250 833 1403 870 suam
1441 818 1755 887 redarguet.
1785 816 1839 867 Si
1869 824 2049 869 autvm

460 926 583 963 cum
632 925 698 964 eo
741 910 803 961 ad
831 908 1099 977 judicium
1148 906 1369 975 quidem
1420 921 1528 958 non
1583 902 1907 965 accesseris,
1960 920 2054 955 ve-

462 1016 583 1056 rum
631 1001 681 1054 id
732 1009 942 1053 tantum
1014 998 1160 1066 quod
1215 997 1353 1065 petit
1431 995 1694 1050 dederis:
1771 994 1916 1062 quod
1957 987 2047 1047 tibi

462 1094 564 1164 ipsi
610 1090 784 1143 solum
848 1089 979 1142 utile
1047 1097 1131 1141 est
1172 1086 1368 1140 fecisti.
1407 1084 1467 1164 Si.
1519 1099 1647 1138 vero
1698 1084 1976 1138 addideris
1999 1091 2052 1138 et

462 1160 631 1246 aliud,
693 1180 929 1234 animam
970 1194 1187 1247 quoque
1238 1177 1383 1230 illius
1426 1160 1767 1232 lucrifecisti.
1818 1175 2049 1244 duplex-

460 1289 570 1345 que
626 1273 829 1327 bonum
886 1270 1187 1341 perfecisti.
1238 1268 1375 1321 Nam
1405 1279 1459 1322 et
1496 1267 1733 1322 tribunal
1767 1265 2048 1328 devitasti,

464 1374 523 1421 et
564 1364 846 1419 avaritiam
885 1360 1225 1416 convenisti.

533 1453 759 1507 Pallium
801 1452 1019 1521 quidem
1052 1460 1155 1515 est,
1184 1450 1327 1518 quod
1376 1465 1542 1518 super
1588 1449 1721 1503 alias
1755 1459 1936 1504 vestes
1965 1464 2055 1519 ge-

464 1556 694 1609 stamus,
733 1546 912 1600 tunica
940 1558 1070 1598 vero
1106 1558 1268 1612 quam
1318 1543 1568 1595 interius.
1607 1540 1817 1608 Saepius
1867 1550 2051 1596 autem

464 1638 495 1691 6
526 1635 693 1706 χιτὼν
729 1635 790 1688 τὸ
844 1634 1058 1705 ἱμάτιον
1108 1632 1312 1687 dicitur
1347 1640 1401 1685 et
1435 1648 1463 1685 a
1508 1631 1807 1693 contrario,
1844 1631 1895 1685 id
1946 1640 2050 1696 est,

466 1725 649 1781 tunica
690 1724 931 1794 pallium.
963 1738 1027 1777 ac
1078 1723 1299 1791 pallium
1348 1722 1550 1777 tunica.
1608 1724 1883 1777 Interdum
1918 1737 2054 1790 quo-

2151 559 2225 614 κῃ
2243 541 2338 594 τοῦ
2376 541 2451 611 μὴ
2486 539 2919 606 ἀπαιτουμένου·
2951 535 3112 588 τοῦτο
3132 534 3240 603 γάρ
3263 550 3357 585 σου
3381 531 3690 592 ποιοῦντος,
3719 529 3757 596 ἢ

2152 628 2469 697 καταλείψει
2493 628 2553 681 τὸ
2579 624 3009 694 ἀπαιτούμενον,
3044 622 3313 685 αἰδεσθεὶς
3347 622 3447 692 τὴν
3472 617 3757 688 τηλικαύ-

2152 739 2253 790 την
2293 738 2386 774 σου
2423 718 2763 785 φιλοσοφίαν,
2811 716 2843 783 ἢ
2889 716 2949 768 τὸ
2996 713 3402 783 ἀπαιτούμενον
3455 713 3620 779 μόνον
3653 711 3762 763 λα-

2153 812 2285 875 6ὼν,
2309 813 2406 881 οὐχ
2438 810 2636 880 ἅψεται
2660 809 2761 877 μὲν
2782 810 2879 861 τοῦ
2908 810 2982 877 μὴ
3003 805 3433 874 ἀπαιτουμένου,
3462 802 3759 871 καταγνώο

2156 920 2308 956 σεται
2337 903 2392 954 δέ
2427 901 2597 954 πολλά
2636 900 2738 969 τῆς
2777 900 2975 955 ἑαυτοῦ
3020 898 3359 964 πλεονεξίας.
3419 896 3531 948 Καὶ
3560 896 3609 947 εί
3652 894 3761 962 μέν

2158 996 2230 1065 μὴ
2267 993 2627 1062 συνδικασθῇς
2654 992 2823 1060 αὐτῷ,
2852 991 2987 1043 ἀλλά
3020 988 3221 1060 δὼσῃς,
3262 988 3322 1041 τὸ
3348 984 3580 1040 σεαυτοῦ
3607 1002 3752 1053 συμο

2156 1088 2324 1155 φέρον
2358 1086 2519 1154 μόνον
2556 1085 2844 1154 ἐποίησας’
2877 1085 2927 1135 εί
2977 1082 3033 1134 δὲ
3092 1080 3431 1151 προσθήσῃς,
3484 1078 3763 1129 κάκείνου

2154 1177 2253 1246 τὴν
2282 1178 2460 1247 ψυχὴν
2482 1177 2794 1246 ὠφέλησας,
2828 1176 2923 1227 καὶ
2949 1174 3173 1227 διπλοῦν
3200 1172 3426 1240 ἀγαθδν-
3449 1170 3761 1239 κατώρθω-

2156 1287 2278 1333 σας,
2315 1271 2476 1332 αὐτός
2502 1287 2561 1323 τε
2592 1267 2963 1339 δικαστηρίων
2988 1264 3352 1332 ἀπαλλαγεὶς,
3388 1263 3479 1315 καὶ
3500 1261 3592 1313 τὸν
3622 1259 3760 1313 πλε-

2152 1367 2386 1433 ονέκτην
2410 1361 2695 1433 ἐντρέψας.

2240 1454 2479 1521 Ἰμάτιον
2509 1454 2609 1521 μὲν
2642 1446 2735 1504 οὖν
2767 1450 2885 1502 ἐστι
2937 1446 2998 1501 τδ
3023 1450 3154 1515 παρ’
3181 1448 3317 1515 ἡμῖν
3347 1441 3764 1510 ἐπανωφόριοψ

2160 1546 2329 1618 χιτὼν
2376 1546 2456 1603 δὲ.
2506 1544 2567 1598 τὸ
2615 1543 2787 1596 ἔνδον.
2845 1541 3184 1610 ’Δδιαφόρως
3232 1536 3435 1609 (81)δέ
3485 1534 3767 1599 πολλάκις

2157 1635 2504 1705 λέγεταιρκαὶ
2539 1636 2568 1687 ὁ
2599 1633 2767 1705 χιτὼν
2802 1633 3042 1701 ίμάτιον,
3077 1633 3169 1684 καὶ
3211 1630 3271 1682 τὸ
3317 1629 3535 1699 ίμάτιον
3560 1626 3761 1697 χιτών.

2162 1730 2317 1781 Ἔστι
2345 1728 2401 1781 δὲ
2428 1729 2514 1780 ὅτε
2547 1727 2643 1779 καὶ
2676 1726 2858 1778 πάντα
2897 1723 3145 1794 χιτῶνες,
3177 1722 3272 1773 καὶ
3313 1721 3494 1774 πάντα
3537 1718 3761 1786 ίμάτια.

466 1830 574 1884 quc
632 1814 813 1867 omnis
846 1814 1014 1867 vestis
1066 1828 1211 1866 nunc
1245 1813 1461 1880 ίμάτιον
1492 1831 1639 1868 nunc
1674 1815 1861 1885 χιτὼν,
1892 1815 2059 1869 modo

2169 1821 2223 1874 Et
2245 1822 2303 1873 δὲ
2332 1821 2359 1870 ὁ
2385 1819 2602 1881 ’Λουκᾶς
2634 1834 2821 1887 φησιν,
2856 1816 2939 1868 δτι
2999 1813 3147 1867 Ἀπὸ
3178 1811 3289 1867 τοῦ
3314 1810 3595 1879 αἴροντός
3626 1826 3755 1871 σου

466 1904 717 1976 pallium,
795 1905 958 1958 modo
1083 1904 1265 1957 tunica
1362 1905 1683 1973 appellatur.
1785 1907 1845 1959 El
1931 1904 2060 1960 licet

468 1995 615 2051 dicat
688 1995 905 2049 Lucas:
960 1995 1037 2047 Ab
1089 2010 1148 2048 eo
1179 1995 1269 2063 qui
1326 1996 1499 2065 aufert
1538 2013 1570 2049 α
1618 2004 1665 2049 ιε
1711 1996 1958 2065 pallium,
2011 2004 2061 2049 et

471 2085 701 2139 tunicam
750 2100 812 2137 ne
855 2085 1131 2152 prohibeas
1165 2083 1204 2148 ⁷,
1251 2084 1395 2137 nulla
1450 2092 1629 2138 tamen
1698 2095 1781 2138 est
1841 2093 2065 2138 contra-

471 2178 663 2233 dictio.
729 2175 853 2232 Haec
906 2178 1052 2231 enim
1138 2186 1369 2244 utraque
1421 2175 1559 2229 dixit
1606 2175 1897 2241 Christus;
1958 2175 2063 2231 hoc

468 2269 687 2338 quidem
740 2270 798 2321 in
852 2277 1056 2327 monte,
1098 2268 1241 2337 quod
1286 2282 1417 2320 vero
1450 2268 1593 2335 apud
1627 2266 1830 2320 Lucam
1863 2277 1970 2329 est,
2006 2268 2062 2322 in

471 2359 591 2414 loco
649 2360 962 2428 campestri.
1000 2358 1139 2423 Quid
1187 2358 1600 2430 ergn?nudum
1647 2367 1860 2427 Oportet
1916 2359 2065 2414 ince-

474 2448 650 2504 dere?
710 2451 791 2502 An
857 2449 952 2503 tibi
1021 2466 1277 2518 magnum
1336 2451 1569 2513 videtur,
1642 2458 1703 2503 ut
1754 2449 1823 2504 ob
1881 2448 2066 2504 fratris

472 2542 757 2595 utilitatem
788 2542 968 2595 nudus
1006 2540 1262 2595 incedas?
1299 2542 1484 2609 Neque
1518 2552 1699 2594 tamen
1745 2541 1810 2595 ad
1859 2551 2063 2595 tantam

473 2628 716 2699 impellet
768 2630 1217 2685 inliumanitatem
1257 2648 1269 2682 :
1316 2640 1462 2684 tuam
1518 2633 1687 2696 enim,
1748 2640 1807 2685 ut
1859 2634 2065 2687 dictum

474 2728 578 2785 cst,
608 2721 881 2776 verebitur
903 2720 1426 2787 magnanimitatem.

545 2807 700 2866 νει-ε.
742 2811 831 2865 tl.
886 2810 1180 2863 lit—duo.
1261 2810 1427 2866 Vetus
1467 2812 1689 2880 quidem
1728 2811 2063 2867 Testamen-

479 2909 601 2957 tum
638 2901 791 2971 juxta
830 2901 1001 2955 solam
1059 2902 1381 2971 gravitatem
1434 2901 1552 2955 vitii
1610 2904 1823 2972 species
1871 2902 2073 2958 distin-

476 3007 669 3063 guens,
736 2992 872 3046 levia
932 2992 1268 3061 praeteribat.
1333 2991 1583 3047 Christus
1658 3009 1787 3050 vero
1863 2997 1931 3051 de
1986 2997 2068 3051 his

477 3100 696 3154 qquue
746 3085 917 3153 legem
971 3084 1113 3148 tulit,
1149 3084 1423 3154 incipiens
1472 3100 1606 3140 sane
1636 3101 1664 3139 a
1725 3086 1978 3158 graviori,
2013 3097 2068 3143 et

478 3176 737 3232 desinens
776 3175 829 3230 in
864 3175 937 3240 id,
970 3177 1117 3246 quod
1167 3177 1346 3230 levius
1388 3186 1493 3231 est.
1526 3178 1763 3232 Gravius
1798 3180 2066 3248 siquidem

478 3278 564 3322 est
616 3267 756 3322 oculi
809 3276 903 3322 aut
938 3269 1121 3322 dentis
1191 3268 1569 3323 excussionem
1610 3272 1745 3340 pali,
1780 3288 1943 3339 quam
1970 3273 2070 3326 via:

480 3358 673 3414 ducem
711 3374 770 3413 se
821 3360 1087 3429 prmbere,
1131 3370 1223 3413 aut
1265 3360 1446 3414 cibum
1518 3362 1943 3418 subministrare
1969 3366 2067 3434 (h),

482 3452 680 3507 deinde
712 3452 764 3505 in
806 3452 1081 3506 maxillam
1137 3452 1358 3522 injuria,
1410 3468 1529 3522 quae
1582 3456 1821 3510 maximo
1852 3458 2072 3513 ducitur

483 3542 809 3612 opprobrio,
845 3551 1032 3611 postea
1087 3526 1255 3597 vestis
1288 3542 1490 3596 ablatio
1520 3560 1534 3596 :
1578 3543 1663 3598 his
1686 3553 1867 3601 autem
1897 3547 2073 3603 levius

483 3644 568 3690 est
598 3634 833 3689 violenta
864 3634 1097 3689 coactio.
1144 3632 1617 3700 Quemadmodum
1646 3647 1828 3693 autem
1877 3640 1931 3694 in
1954 3642 2073 3697 aliis

484 3727 791 3783 vexationis
813 3726 1103 3796 speciebus
1154 3742 1278 3782 cum
1332 3728 1705 3784 additameuto
1748 3733 1936 3786 virtuti
1966 3748 2059 3787 va-

486 3830 611 3871 care
635 3816 845 3886 iussit:
889 3816 961 3871 ita
1034 3826 1089 3872 et
1177 3818 1231 3871 in
1282 3819 1567 3874 coactione
1629 3821 1788 3889 jubet
1855 3823 2073 3880 vincere

485 3906 820 3963 desiderium
869 3907 1013 3978 ejus.
1052 3908 1146 3979 qui
1181 3925 1345 3979 prave
1376 3909 1505 3965 facit
1536 3911 1819 3979 iniuriam,
1856 3914 2075 3984 patique

486 3999 741 4067 amplius,
786 4013 951 4069 quam
1005 3999 1093 4055 ille
1141 4000 1324 4057 facere
1356 4003 1596 4057 volebat.
1675 4005 1959 4076 Agnovisti
2018 4010 2073 4064 in

2163 1912 2228 1964 τὸ
2268 1912 2521 1978 (mittor,
2579 1910 2673 1962 καί
2721 1908 2829 1961 τὸν
2885 1901 3112 1975 χιτῶνα
3173 1903 3265 1972 μὴ
3309 1904 3623 1967 κωλύσῃς,
3655 1903 3767 1953 οὐκ

2163 2003 2311 2055 ἐστιν
2349 2000 2738 2068 ἐνιιντιολογία.
2767 2001 2873 2052 Καὶ
2903 1999 3073 2067 ἄμφω
3099 1998 3208 2067 γάρ
3241 1996 3310 2051 τά
3356 1994 3497 2065 ρητά
3530 1991 3691 2048 εἶπεν
3737 1997 3771 2047 ὁ

2163 2094 2421 2164 Χριστὸς,
2456 2096 2633 2145 ἐκεῖνο
2662 2076 2784 2160 μὲν,
2812 2091 2907 2143 ἐπὶ
2954 2090 3048 2141 τοῦ
3088 2089 3273 2159 ὅρους,
3303 2088 3364 2141 τὸ
3389 2088 3468 2149 δὲ,
3498 2086 3653 2151 παρά
3679 2084 3769 2155 τῷ

2163 2186 2388 2247 Λουκᾶ,,
2411 2187 2502 2238 ἐπὶ
2538 2185 2704 2236 τόπου
2744 2181 2984 2235 πεδινοῦ.
3018 2182 3083 2232 Τί
3115 2177 3209 2233 οὖν
3242 2198 3256 2245 ;
3288 2179 3498 2248 γυμνὸν
3542 2179 3626 2231 δεῖ
3659 2192 3765 2228 πε-

2167 2279 2405 2348 ριιέναις
2461 2277 2605 2346 μέγα
2661 2277 2760 2343 μὲν
2811 2270 2924 2338 οὖν,
2959 2274 3017 2326 τὸ
3047 2274 3115 2326 δι’
3145 2273 3420 2341 ὠφέλειαν
3459 2269 3553 2323 τοῦ
3594 2270 3767 2323 ἀδελ-

2167 2369 2269 2440 φοῦ
2306 2369 2576 2439 περιιέναι
2606 2365 2844 2435 γυμνόν;
2879 2364 2979 2417 οὐκ
3013 2363 3080 2417 ἀν
3105 2364 3160 2416 δὲ
3191 2364 3270 2427 είς
3305 2360 3577 2429 τοσαύτην
3609 2362 3769 2412 ἐκεῖ-

2164 2476 2255 2521 νος
2294 2456 2699 2527 ἀπανθρωπίαν
2752 2454 2945 2525 ἐλάσῃ,
2989 2453 3359 2523 δυσωπηθεὶς,
3398 2452 3475 2515 ὼς
3516 2451 3767 2521 εἴρηται,

2165 2551 2265 2622 τὴν
2298 2551 2397 2622 σὴν
2434 2549 2757 2620 μεγαλοψυχ
2765 2548 2871 2600 ίαν.

2241 2795 2351 2849 Kal
2389 2780 2655 2860 δστὶς-
2684 2793 2818 2848 δύο.
2883 2793 2942 2846 '0
3000 2791 3104 2861 μιν
3155 2790 3387 2854 παλαιὸς
3419 2790 3585 2857 νόμος
3633 2790 3773 2862 περὶ

2172 2887 2336 2957 μόνου
2366 2886 2459 2940 τοῦ
2478 2885 2779 2956 βαρυτέραν
2812 2883 2989 2946 εἴδους
3013 2883 3113 2954 τῆς
3138 2883 3444 2945 aiax-boue;
3460 2880 3770 2946 διαλαϐὼν,

2168 2980 2237 3033 τά
2262 2981 2475 3048 ἐλαφρά
2528 2979 2907 3049 παρέδραμεν*
2938 2979 2967 3029 ὁ
2997 2978 3052 3029 δὲ
3084 2976 3327 3047 Χριστὸς
3357 2977 3453 3026 καὶ
3482 2976 3612 3046 περὶ
3634 2974 3765 3028 τού-

2169 3094 2276 3130 των
2296 3075 2709 3144 ἐνομοθέτησεν,
2736 3071 3043 3143 ἀρξάμενος
3059 3070 3159 3140 μὲν
3180 3070 3288 3123 ἀπὸ
3315 3068 3410 3120 τοῦ
3432 3066 3770 3138 βαρυτέρου,

2172 3168 2487 3237 καταλήξας
2531 3166 2589 3219 δὲ
2636 3167 2716 3229 είς
2749 3165 2813 3217 τὸ
2861 3163 3248 3233 ἐλαφρότερον.
3311 3159 3620 3231 Βαρύτερον
3663 3161 3773 3231 μὲν

2172 3262 2283 3331 γὰρ
2310 3260 2420 3312 τῶν
2461 3259 2661 3324 ἄλλων,
2711 3260 2744 3328 ἠ
2791 3256 2887 3310 τοῦ
2933 3254 3226 3325 ὀφθαλμοῦ
3269 3254 3366 3307 καὶ
3397 3254 3493 3307 τοῦ
3553 3254 3775 3319 ὀδόντος

2173 3351 2419 3417 ἐκκοπή·
2461 3347 2558 3400 τοῦ
2637 3347 2735 3416 μὲν
2788 3342 3153 3413 ί-δηγοῦντος,
3215 3340 3310 3393 τοῦ
3366 3342 3423 3395 δὲ
3466 3343 3534 3410 τῇ
3589 3343 3772 3411 τροφῇ

2172 3441 2573 3503 διακονοῦντος·
2617 3435 2738 3491 εἶτα
2769 3441 2802 3508 ἡ
2838 3436 2977 3489 κατά
3014 3437 3115 3503 τῆς
3170 3435 3421 3500 σιαγόνος
3471 3432 3651 3501 ὕϐρις,
3689 3432 3770 3495 ὡς

2179 3532 2679 3602 ἐπονειδιστοτάτηο
2713 3529 2905 3583 ἔπειτα
2937 3529 2970 3587 ἡ
3015 3528 3111 3580 τοῦ
3167 3526 3397 3595 χιτῶνος
3446 3524 3771 3594 ἀφαίρεσις

2176 3630 2549 3699 ἐλαφρότερον
2578 3626 2634 3679 δὲ
2664 3624 2895 3689 τούτων,
2926 3622 2959 3692 ἡ
2988 3620 3286 3690 ἀγγαρεία,
3322 3620 3540 3689 Ὠσπερ
3562 3618 3617 3670 δὲ
3670 3619 3770 3670 ἐπὶ

2174 3723 2285 3776 τῶν
2336 3721 2516 3775 ἄλλων
2559 3718 2718 3771 είδῶν
2752 3716 2852 3785 τῆς
2886 3713 3188 3773 κακώσεως
3253 3712 3396 3783 μετά
3445 3710 3773 3782 προσθήκης

2177 3814 2489 3884 φιλοσοφεῖν
2519 3810 2827 3863 ἐκέλευσεν·
2859 3804 3003 3858 οὕτω
3031 3806 3126 3858 καὶ
3162 3803 3257 3857 ἐπὶ
3284 3803 3386 3872 τῆς
3434 3802 3769 3873 ἀγγαρείας,

2176 3909 2270 3961 καὶ
2293 3905 2595 3974 ὑπερϐῆναι
2620 3900 2717 3972 τὴν
2748 3899 2932 3953 ἀδικον
2960 3896 3054 3950 τοῦ
3081 3896 3267 3957 κακῶς
3299 3893 3584 3956 ποιοῦντος
3640 3896 3771 3946 ἐπι-

2178 3997 2402 4069 θυμίαν,
2439 3995 2534 4047 καὶ
2559 3992 2721 4046 πλέον
2753 3991 2967 4054 παθεῖν,
2992 3989 3026 4059 ἢ
3067 3991 3277 4051 ἐκεῖνος
3310 3987 3540 4055 ποιῆσαι
3574 3985 3771 4055 βούλε-

492 4103 725 4159 corpore
750 4068 960 4159 patibili
986 4089 1249 4146 insertam
1278 4089 1344 4146 ad
1369 4092 1688 4150 affectiones
1724 4068 2061 4155 immobiliu-

2176 4068 2291 4145 ται.
2328 4086 2480 4150 Εἶδες
2508 4089 2565 4139 ἐν
2592 4084 2806 4155 σώματι
2825 4068 3053 4154 παθητῷ
3073 4080 3453 4150 φυτευομένην
3470 4079 3768 4133 ἀπάθειαν·

487 4180 647 4236 tem?
690 4179 1066 4237 Considerasti
1097 4183 1398 4249 angelicam
1448 4186 1501 4239 in
1553 4187 1868 4244 hominibus
1896 4192 2061 4246 disse-

2180 4187 2523 4250 κατενόησας
2602 4178 2907 4248 ἀγγελικὴν
2979 4174 3283 4237 πολιτείαν,
3342 4174 3400 4225 ἐν
3456 4172 3776 4243 ἀνθρώποις

489 4275 749 4330 minatam
782 4274 1068 4344 politiam?
1117 4276 1234 4331 Non
1270 4279 1656 4348 concupiscere
1715 4281 1863 4336 enim
1918 4284 2061 4352 juxta

2181 4274 2717 4345 κατασπειρομὲνην.
2754 4271 2829 4323 Τὸ
2862 4269 2975 4339 γάρ
3024 4268 3100 4338 μὴ
3146 4266 3440 4336 ἐπιθυμεῖν
3478 4263 3775 4333 ἐμπαθῶς.

489 4366 739 4431 aﬂ‘ectus,
800 4383 979 4438 neque
1045 4369 1351 4423 secundum
1399 4374 1843 4441 perturbationes
1890 4376 2061 4434 irasci.

2186 4368 2324 4439 μηδὲ
2380 4364 2687 4436 θυμοῦσθαι
2740 4362 2934 4436 [κατά
2980 4361 3093 4433 (82)
3123 4360 3319 4425 πάθος,
3378 4357 3478 4428 τῆς
3509 4356 3773 4427 οὐρανίου

490 4459 727 4516 celestis
756 4470 885 4515 sunt
914 4460 1136 4530 politiae,
1160 4463 1226 4516 de
1255 4464 1456 4530 quibus
1488 4481 1585 4535 per
1614 4467 1758 4522 dicta
1793 4481 2061 4541 prmeepta

2177 4460 2451 4523 πολιτείας
2480 4458 2640 4522 εἰσὶν,
2674 4456 2710 4510 ἀ
2734 4454 2824 4509 διὰ
2870 4454 2979 4507 τῶν
3033 4452 3346 4523 εἰρημένων
3381 4448 3613 4503 ἐντολῶν
3649 4451 3774 4501 ἑνο-

490 4547 745 4605 Christus
776 4549 949 4619 legem
980 4550 1153 4606 dedit.
1198 4550 1255 4605 In
1282 4568 1348 4606 eo
1374 4556 1521 4608 enim
1551 4557 1694 4625 quod
1724 4558 1889 4626 jussit
1919 4540 2061 4615 fratri

2184 4552 2487 4625 μοθέτησεν
2535 4549 2563 4600 ὁ
2597 4545 2881 4620 Χριστός1.
2925 4545 3015 4598 Ἐν
3071 4544 3172 4614 μὲν
3223 4542 3333 4612 γὰρ
3388 4540 3469 4611 τῷ
3511 4540 3773 4594 κελεῦσαι

492 4653 697 4698 temere
742 4659 849 4697 non
886 4642 1070 4708 irasci,
1094 4659 1272 4715 neque
1304 4646 1402 4715 ipsi
1435 4647 1641 4717 dicere,
1690 4650 1858 4718 Raca,
1892 4670 2061 4724 neque

2186 4644 2262 4714 μὴ
2291 4641 2606 4713 ὀργίζεσθαι
2636 4639 2714 4710 τῷ
2748 4636 2968 4707 ἀδελφῷ
3002 4637 3148 4705 εἰκῆ,
3194 4635 3331 4705 μηδὲ
3383 4634 3566 4701 λέγειν
3618 4634 3774 4703 αὐτῷ

492 4735 699 4791 fatuum
739 4737 886 4791 hunc
915 4736 1210 4806 appellare,
1268 4754 1443 4805 neque
1476 4742 1587 4797 Deo
1635 4761 1836 4801 munus
1864 4747 2061 4802 oﬂ'erre

2194 4736 2390 4800 Ῥακὰ,
2425 4734 2560 4804 μηδέ
2589 4731 2880 4801 ὀνομάζειν
2908 4729 3096 4784 τοῦτον
3126 4726 3355 4798 μωρὸν,
3392 4727 3529 4797 μηδὲ
3559 4727 3770 4797 προσάο

493 4837 620 4884 ante
652 4827 1152 4883 reconciliationem
1209 4844 1334 4899 erga
1365 4832 1610 4900 fratrem,
1651 4852 1715 4891 ac
1744 4837 2061 4892 benevolum

2182 4847 2302 4900 γειν
2339 4827 2463 4899 Θεῷ
2497 4827 2558 4880 τὸ
2588 4826 2763 4896 δῶρον
2820 4824 2927 4896 πρὸ
2964 4823 3063 4893 τῆς
3092 4823 3175 4885 είς
3232 4821 3345 4891 (83)
3397 4820 3489 4873 τὸν
3541 4820 3776 4889 ἀδελφὸν

496 4933 617 4974 esse
654 4918 1006 4973 adversario:
1069 4916 1284 4975 alfectui
1344 4926 1513 4978 animi
1570 4929 1827 4981 commoti
1877 4944 2061 4983 nervo:

2183 4922 2501 4991 διαλλαγῆς,
2545 4920 2639 4971 καὶ
2673 4918 2881 4971 εὐνοεῖν
2915 4915 2994 4987 τῷ
3033 4915 3314 4983 ἀντιδίκῳ,
3342 4913 3411 4966 τὰ
3468 4914 3640 4985 νεῦρα
3674 4912 3774 4966 τοῦ

496 5010 815 5078 amputavit.
878 5010 937 5066 In
964 5025 1031 5066 eo
1088 5026 1221 5067 vero
1292 5015 1434 5082 quod
1501 5018 1763 5087 prwcepit
1786 5019 2061 5074 mulierem

2186 5011 2472 5085 ἐμπαθοῦς
2511 5010 2739 5080 ἐξέκοψε
2789 5008 2986 5079 θυμοῦ*
3026 5009 3085 5060 ἐν
3118 5006 3176 5059 δέ
3223 5003 3302 5077 τῷ
3336 5003 3664 5077 προστάξαι,
3699 5003 3780 5076 μὴ

604 5189 624 5220 7

646 5187 779 5243 Luc.
810 5204 886 5255 vi,
914 5189 1004 5245 29.

1694 5258 1895 5321 Varias
1928 5258 2239 5322 lectiones
2278 5266 2340 5323 et
2378 5265 2575 5320 nota).

572 5422 685 5497 (δέ)
712 5422 842 5486 Qua:
865 5422 1121 5497 leguntur
1142 5426 1210 5479 ab
1238 5425 1546 5497 ἀδιαφόρως
1563 5426 1630 5480 ad
1657 5428 1834 5481 πάντα
1862 5427 2077 5497 ἱμάτια,

501 5508 565 5566 ea
586 5492 899 5566 chtert‘us
931 5495 984 5547 in
1011 5498 1254 5565 margine
1271 5496 1352 5549 sui
1372 5492 1573 5550 codicis
1606 5492 1963 5566 repererat’ac
1994 5512 2079 5553 re-

502 5562 710 5634 iecerat
742 5565 808 5616 ad
838 5566 999 5618 tinem
1041 5562 1231 5619 scholii
1268 5575 1391 5633 post
1419 5562 1848 5637 μεγαλοψῦχίαν.

2260 5426 2373 5498 (8i)
2411 5427 2622 5481 Inclusa
2658 5427 2861 5481 omittit
2883 5426 2948 5478 A.

2263 5499 2376 5569 (83)
2408 5499 2692 5562 Usitatius,
2729 5498 2888 5567 πρός.

582 5717 658 5791 (Ii)
690 5719 861 5783 Quum
898 5722 993 5775 vim
1024 5751 1091 5763 —-
1118 5722 1687 5777 aubministrare.Cum
1716 5723 1805 5779 ille
1824 5722 2061 5792 (oculus)
2096 5721 2219 5779 vitm
2249 5722 2359 5778 dux
2397 5724 2490 5783 sit.
2516 5722 2605 5779 hic
2630 5722 2817 5790 (Deus)
2878 5719 3263 5778 alimentorum
3296 5719 3569 5779 minister.
