4026 6486
235 358 336 423 925
1147 350 1539 414 COMMENT.
1586 350 1668 411 ΙΝ
1708 351 1822 412 ΜΑ¹

1937 351 2189 414 lI/EUM.
2225 379 2294 390 -
2335 354 2502 415 CAP.
2547 355 2612 418 ν.
3430 360 3540 424 9'26

232 470 448 539 βλέπειν
482 465 803 529 ἀκολάστοις
838 463 1141 535 ὀφθαλμοῖς
1167 465 1425 532 γυναῖκα,
1464 463 1558 516 καὶ
1582 460 1822 533 ἀπορρῖ-

1937 460 2158 518 lascivis
2205 463 2383 518 oculis
2439 480 2551 517 non
2586 463 2886 533 reSpiccre,
2922 470 2977 518 ct
3020 462 3263 533 alijicere
3292 480 3390 521 eos
3420 482 3553 523 eas-

230 568 320 634 ψαι
345 564 437 615 τὸν
466 561 894 624 σκανδαλίζοντα
930 561 1024 612 καὶ
1055 559 1157 628 τὴν
1205 556 1698 620 σκανδαλίζουσαν,
1730 555 1822 608 καὶ

1937 570 2039 624 que
2100 554 2193 625 qui
2231 564 2363 609 sunt
2414 550 2775 620 oﬂendiculo,
2840 569 3021 625 neque
3079 558 3356 626 propriam
3433 559 3555 614 sine

233 658 305 728 μὴ
333 656 600 708 ἀπολύειν
634 653 848 722 ἀλόγως
880 652 980 722 τὴν
1005 650 1145 703 ἰδίαν
1181 652 1443 719 γυναῖκα,
1466 649 1600 717 μηδὲ
1622 648 1822 716 γαμεῖν

1937 662 2096 702 causa
2132 648 2427 716 repudiare
2459 663 2719 710 uxorem,
2776 663 2959 717 neque
2990 648 3059 702 ab
3097 648 3272 702 altero
3305 653 3560 719 repudia—

227 748 641 817 ἀπολελυμένην
675 747 871 816 ἑτέρῳ,
904 746 1003 814 τῆς
1032 741 1321 815 ὲμπαθοῦς
1356 740 1663 811 ἐπιθυμίας
1695 738 1826 793 ἀνέ-

228 857 401 892 σπασε
430 843 533 903 τὰς
570 841 750 909 ῥίζας.
820 839 927 890 Καὶ
978 835 1141 888 πάλιν
1174 838 1233 887 ὲν
1279 836 1378 904 μὲν
1397 833 1477 903 τῷ
1533 831 1822 896 ἐπιτάξαι,

228 934 300 999 μὴ
335 932 563 1001 ὀμνύειν
590 930 749 994 ὅλως,
776 930 873 1000 τὴν
911 932 1036 999 περὶ
1054 929 1121 981 τά
1152 929 1415 999 χρήματα
1442 926 1535 979 καλ
1563 929 1824 995 κτήματα

225 1018 525 1089 ἐπιθυμίαν
554 1017 846 1087 ἐξήλασενο
878 1022 934 1071 ὲν
965 1020 1021 1071 δὲ
1053 1019 1129 1087 τῷ
1155 1017 1521 1080 ἐντείλασθαι,
1560 1016 1635 1087 μὴ
1672 1016 1826 1069 ἀνθί-

226 1112 458 1163 στασθαι
491 1110 573 1181 τῷ
628 1111 877 1182 πονηρῷ,
910 1114 1005 1165 καὶ
1058 1111 1317 1183 στρέφειν
1372 1113 1467 1163 καὶ
1520 1111 1620 1180 τὴν
1654 1110 1824 1181 ἀλλην

225 1204 476 1269 σιαγόνα,
519 1204 614 1257 καὶ
656 1204 876 1271 ἀφιέναι
909 1204 1003 1256 καὶ
1055 1204 1120 1256 τὸ
1166 1204 1405 1273 ἱμάτιον,
1440 1204 1537 1256 καὶ
1586 1204 1825 1271 ὑπάγειν

225 1295 377 1363 μίλια
395 1296 509 1359 δύο,
542 1295 635 1347 τὸν
670 1298 752 1358 είς
790 1296 851 1348 τὸ
876 1294 1197 1365 ἀμύνασθαι
1224 1294 1399 1364 θυμὸν
1431 1294 1777 1348 κατέστειλε.

298 1386 384 1452 Τῷ
405 1387 673 1441 αἰτοῦντι
697 1416 768 1426 -
796 1384 991 1441 δίδου.
1026 1387 1158 1440 Ὀτε
1184 1387 1243 1439 δὲ
1285 1386 1477 1440 ἵστατο
1509 1388 1604 1440 ἐπὶ
1652 1387 1822 1440 τόπου

223 1480 444 1535 πεδινοῦ
486 1482 780 1547 διδάσκων,
841 1482 1227 1554 φανερώτερον
1280 1480 1463 1547 εἶπεν,
1494 1484 1578 1536 ὅτι
1636 1482 1821 1537 Har-tl

223 1572 302 1638 τῷ
331 1574 606 1628 αίτοῦντί
632 1591 705 1627 σε
727 1574 925 1641 δίδου,
949 1574 1024 1635 ὼς
1052 1577 1079 1627 ὁ
1096 1576 1312 1635 Λουκᾶς
1340 1576 1573 1645 ἔγραψε.
1593 1574 1823 1629 Κελεύει

222 1664 297 1727 δί,
339 1664 416 1733 μὴ
456 1663 734 1733 διακρῖναι
758 1666 852 1716 τὸν
876 1664 1025 1728 ἀξιον
1080 1667 1189 1718 ἀπδ
1217 1666 1313 1719 τοῦ
1348 1666 1599 1733 ἀναξίου.

306 1754 401 1806 Ἐν
455 1754 569 1825 ὅσῳ
606 1758 715 1823 γὰρ
778 1758 942 1821 αἰτεῖ,
976 1757 1230 1827 δεόμενός
1262 1758 1435 1824 ἐστιν,
1472 1754 1586 1823 οἷος
1620 1759 1691 1813 ἂν
1725 1762 1822 1815 καὶ

222 1844 331 1915 εἴη.
385 1845 543 1899 Ἐπεὶ
576 1850 671 1900 καὶ
699 1849 727 1900 ὁ
760 1848 895 1911 Θεὸς
926 1851 1104 1907 πάντα
1134 1851 1201 1902 τὰ
1236 1850 1349 1919 (84)
1393 1851 1529 1920 πρὸς
1560 1853 1825 1906 σύστασιν

221 1937 323 2006 τῆς
358 1938 505 2010 ζωῆς
536 1941 706 1993 πᾶσιν
742 1939 1055 2012 ἀνθρώποις
1084 1941 1292 2012 ὁμοίως
1336 1944 1561 2012 ἀνῆκεν,
1594 1944 1825 2012 ἀγαθοῖς

220 2044 280 2079 τε
313 2030 409 2082 καὶ
435 2035 720 2102 πονηροῖς,
762 2037 975 2096 πιστοῖς
1024 2050 1084 2085 τε
1114 2036 1208 2087 καὶ
1240 2035 1517 2099 ἀπίστοις.

293 2121 404 2192 Καὶ
440 2152 508 2163 —-
540 2123 967 2193 ἀποστραφῇς.
999 2125 1113 2178 Νῦν
1139 2126 1240 2195 μὲν
1284 2127 1408 2196 δίχα
1442 2127 1606 2179 τόκου
1638 2127 1821 2181 δανεί-

222 2214 337 2278 ζειν
365 2214 682 2267 ἐνετείλατο
707 2231 720 2243 ·
758 2215 847 2267 ὅτε
877 2216 953 2280 δὲ,
981 2215 1057 2279 ὡς
1108 2215 1344 2286 ἔφαμεν,
1400 2216 1684 2270 ἐδίδασκεν
1733 2218 1827 2270 ἐπὶ

222 2307 392 2358 τόπου
454 2304 697 2371 πεδινοῦ,
762 2308 1097 2376 προσέταξε,
1126 2308 1265 2379 μηδὲ
1321 2308 1380 2360 τδ
1441 2309 1827 2379 δανειζόμενον

221 2398 499 2453 ἀπαιτεῖν.
550 2398 676 2451 Ἐἀν
700 2399 811 2469 γὰρ
840 2400 1097 2471 δανείζητ
1112 2418 1160 2464 ε,
1196 2402 1358 2472 φησὶ,
1395 2403 1529 2475 παρ’
1558 2398 1635 2457 ὧν
1667 2403 1824 2456 ἑλπί-

224 2489 347 2553 ζετε
382 2490 705 2554 ἀπολασεῖν,
733 2492 863 2544 ποία
904 2494 1034 2562 ὑμῖν
1085 2496 1245 2565 χάρις
1286 2496 1485 2563 eam;
1539 2496 1627 2559 Ὠς
1684 2492 1827 2550 εἶναι

220 2581 284 2634 τὸ
344 2581 447 2652 μὲν
498 2585 637 2654 πρὸς
676 2584 1091 2657 ἀτελεστέρους,
1151 2588 1214 2640 τὸ
1266 2588 1323 2642 δὲ
1382 2586 1522 2658 πρὸς
1556 2589 1827 2643 τελειοτέ-

226 2690 376 2744 ρους.

306 2856 636 2914 Ἠκούσατε
672 2892 733 2905 -
766 2861 945 2932 ὑμᾶς.
1001 2864 1440 2935 Καταμαράνας,
1471 2864 1548 2929 ὡς
1583 2866 1823 2937 εἴρηται,

221 2947 313 3000 τὸν
343 2949 516 3021 θυμὸν
564 2952 661 3005 καὶ
690 2954 789 3022 τὴν
832 2955 1158 3025 ἐπιθυμίαν,
1205 2960 1301 3009 καὶ
1334 2960 1539 3022 παντὸς
1572 2960 1826 3013 τοιούτου

222 3038 433 3102 πάθους
458 3042 779 3109 ἀπαλλάξας
813 3043 906 3095 τὸν
944 3044 1295 3113 πειθόμενον,
1328 3045 1517 3099 λοιπὸν
1563 3045 1826 3101 ἐκέλευσε

226 3133 323 3184 uti.
371 3134 709 3203 εὐεργετεῖν,
764 3137 825 3185 ἐν
876 3134 953 3205 τῷ
1012 3136 1216 3190 διδόναι
1266 3140 1381 3201 τοῖς
1438 3137 1674 3201 αἰτοῦσι⁹
1730 3140 1826 3192 καὶ

220 3226 491 3290 δανείζειν
520 3222 639 3291 τοῖς
678 3228 999 3299 χρῄζουσιν*
1053 3226 1196 3295 εἶτα,
1260 3229 1489 3300 προῖὼν,
1544 3233 1827 3300 ἀνήγαγεν

225 3322 310 3383 εἰς
346 3320 448 3391 τὴν
502 3322 684 3393 ἄκραν
712 3324 939 3393 ἀρετήν.
981 3324 1229 3393 Κορωνὶς
1281 3326 1389 3394 γὰρ
1447 3326 1540 3378 καὶ
1608 3326 1828 3397 κορυφὴ

221 3413 403 3481 πάσης
438 3414 663 3484 ἀρετῆς,
682 3416 744 3468 τδ
765 3417 987 3486 ἀγαπᾷν
1009 3418 1135 3480 τοὺς
1166 3416 1419 3487 ἐχθροὺς,
1450 3421 1546 3471 καὶ
1576 3419 1647 3470 τὰ
1673 3418 1823 3489 ἑξῆς.

220 3501 475 3577 Ἀγαπᾷν
498 3507 553 3560 δὲ
588 3509 806 3572 αὐτοὺς,
835 3511 895 3561 ού
928 3510 1067 3562 καθό
1097 3514 1237 3563 εὶσιν
1279 3511 1490 3581 ἐχθροὶ,
1520 3512 1658 3563 ἀλλὰ
1688 3511 1827 3565 καθό

222 3602 700 3672 εἰσινάνορωποι.
762 3606 847 3658 Kc
901 3606 977 3678 μὴ
1047 3608 1209 3677 μόνον
1259 3610 1506 3678 ἀγαπᾷν,
1540 3610 1681 3662 ἀλλὰ
1730 3613 1829 3665 καὶ

225 3694 657 3765 ὑπιρεύχεσθαι.
709 3695 800 3767 Τῷ
854 3700 911 3751 δὲ
946 3701 1172 3771 ἀγαπᾷν
1222 3702 1350 3764 τοὺς
1397 3701 1627 3771 ἐχθροὺς
1690 3703 1825 3755 ἒπε-

223 3802 316 3838 ται
348 3787 459 3854 (85)
484 3790 579 3840 καὶ
607 3790 799 3855 τᾶλλα,
819 3791 965 3859 λέγω
980 3793 1044 3862 δὴ
1060 3794 1122 3845 τὸ
1142 3794 1387 3861 εὐλογεῖν
1414 3796 1539 3856 τοὺς
1565 3812 1705 3847 κατα
1716 3814 1826 3867 ρω-

228 3879 447 3948 μένους,
489 3881 585 3934 κα“ι
613 3882 796 3945 καλῶς
836 3886 1013 3937 ποιεῖν
1047 3888 1159 3949 τοῖς
1214 3887 1458 3956 μισοῦσι,
1517 3890 1612 3940 καὶ
1662 3890 1823 3961 εὐχε-

230 3970 358 4022 σθαι
390 3972 529 4042 ὑπὲρ
558 3972 666 4026 τῶν
698 3976 1140 4044 ἐπηρεαζόντων.
1180 3978 1367 4033 Ταῦτα
1396 3982 1509 4052 γὰρ
1558 3984 1590 4050 ἡ
1638 3982 1824 4035 τελεία

228 4062 443 4132 ἀγάπη.
490 4066 691 4118 Σκόπει
720 4066 777 4119 δὲ
808 4072 905 4123 καὶ
952 4069 1015 4122 τὸ
1076 4070 1315 4124 ἔπαθλον
1337 4074 1436 4141 τῆς
1482 4073 1825 4145 τηλικαύτης

230 4153 346 4223 (86)
380 4157 603 4226 ἀρετῆς,
658 4157 733 4221 ὡς
764 4160 1049 4229 μέγιστον.
1094 4163 1252 4215 Ἐπεὶ
1302 4165 1412 4233 γὰρ
1459 4165 1523 4217 τὸ
1578 4166 1825 4222 τοιοῦτον

228 4250 564 4323 κατόρθωμα
598 4255 785 4324 μεῖζον
804 4252 873 4329 ἦν
899 4259 1126 4325 παντὸς,
1160 4261 1379 4332 τίθησιν
1424 4264 1579 4337 αὐτῷ
1611 4268 1824 4322 καὶτὸν

228 4341 343 4411 (87)
386 4345 580 4413 μισθὸν
604 4347 831 4415 μείζονα
861 4350 1087 4414 παντός.
1117 4352 1258 4423 Φησὶ
1286 4356 1419 4427 γάρ·

1934 750 2057 794 ιιιιη
2108 740 2356 795 ducere:
2440 743 2761 812 aegrotantis
2821 743 3288 812 concupiscentia:
3346 747 3561 798 radices

1931 833 2158 887 avulsit.
2223 833 2469 887 Rursum
2531 834 2688 887 ineo
2760 834 3103 903 quodjussit
3158 836 3389 889 omnino
3445 851 3555 889 non

1924 922 2135 994 jurare,
2183 924 2540 993 cupiditatem
2575 924 2720 979 circa
2757 924 3085 979 affectiones
3144 940 3207 975 ac
3279 925 3553 993 pecunias

1928 1016 2157 1083 expulit.
2217 1014 2596 1084 Pmcipiendo
2645 1031 2774 1068 vero
2802 1031 2913 1069 non
2972 1014 3239 1069 resistere
3288 1014 3454 1074 malo.
3502 1027 3559 1069 ct

1928 1107 2092 1162 alium
2119 1123 2344 1178 quoque
2380 1108 2663 1161 maxillam
2700 1109 3018 1174 obvertere,
3050 1124 3112 1162 ac
3143 1106 3368 1179 pallium
3388 1107 3557 1162 etiam

1928 1201 2232 1268 dimittere,
2280 1202 2502 1272 duoque
2534 1201 2792 1256 milliaria
2835 1202 3030 1257 abire:
3066 1203 3313 1257 animum
3364 1203 3433 1257 ab
3461 1203 3555 1258 ul-

1928 1293 2190 1350 ciscendo
2223 1296 2519 1351 continuit.

2010 1386 2168 1444 Vers.
2196 1390 2288 1443 Η.
2354 1388 2820 1444 Ρειεηιί-άαιο,
2865 1387 3101 1455 Quando
3152 1398 3305 1444 certe
3343 1389 3399 1444 in
3430 1389 3557 1445 loco

1928 1478 2227 1546 campestri
2268 1477 2479 1532 docens
2524 1478 2702 1538 stetit.
2736 1477 3094 1533 manifestius
3160 1478 3335 1534 dixit:
3397 1478 3557 1533 Omni

1928 1569 2023 1623 ab:
2065 1579 2116 1623 te
2148 1571 2347 1639 petenti
2399 1571 2550 1636 dato,
2610 1570 2783 1625 veluti
2821 1571 3049 1640 scripsit
3114 1570 3295 1626 Lucas
3318 1569 3558 1628 'Jubet

1928 1671 2115 1716 autem
2142 1678 2255 1717 non
2304 1662 2613 1733 diiudicare
2650 1663 2880 1735 dignum
2927 1663 2999 1718 ab
3036 1662 3289 1736 indigno.

2004 1755 2083 1809 Eo
2114 1755 2265 1809 enim
2325 1755 2473 1825 quod
2527 1756 2690 1825 petit,
2749 1756 2969 1827 indigus
3013 1765 3099 1811 est
3152 1756 3559 1829 qualiscunque

1930 1847 2022 1903 sit.
2072 1846 2211 1902 Nam
2273 1858 2331 1903 et
2372 1849 2517 1904 Deus
2573 1849 2760 1903 omnia
2792 1849 2860 1904 ad
2899 1850 3026 1905 vitse
3084 1838 3551 1908 sustentationem

1932 1936 2227 2007 equaliter
2288 1938 2552 1993 omnibus
2612 1938 2857 1994 contulit
2909 1938 3252 2006 hominibus,
3293 1940 3453 1997 bonis
3502 1950 3560 1997 et

1930 2030 2115 2096 malis,
2146 2030 2405 2087 tidelibus
2435 2042 2491 2087 et
2548 2033 2893 2087 inﬁdelibus.

1999 2123 2165 2179 Vers.
2222 2123 2314 2177 ιε.
2351 2120 2808 2179 lit-averseris.
2842 2123 2997 2179 Nunc
3056 2124 3280 2194 quidem
3333 2126 3545 2194 absque

1929 2212 2147 2273 faenore
2188 2223 2440 2269 mutuare
2463 2214 2670 2285 jussit:
2714 2214 2938 2283 quando
2990 2224 3203 2277 autem,
3241 2216 3386 2270 sicut
3420 2216 3560 2270 dixi.

1931 2324 2079 2370 mus,
2116 2309 2172 2361 in
2227 2307 2350 2361 loco
2392 2306 2690 2376 campestri
2732 2306 2987 2371 docebat,
3048 2308 3213 2379 jussit
3268 2324 3451 2378 neque
3505 2310 3560 2364 id

1931 2401 2078 2469 quod
2143 2409 2454 2455 mutuatum
2514 2410 2600 2455 est
2673 2411 2949 2470 repetere.
3006 2400 3063 2455 Si
3123 2402 3293 2464 enim.
3353 2402 3556 2471 inquit,

1931 2501 2186 2546 mutuum
2256 2490 2519 2547 dederitis
2576 2492 2663 2546 his
2735 2508 2763 2545 a
2820 2493 3023 2561 quibus
3074 2508 3173 2547 vos
3234 2502 3560 2563 recepturos

1930 2586 2189 2656 speratis,
2219 2600 2341 2653 (Ιιιω
2372 2568 2529 2639 vobis
2571 2594 2655 2638 est
2704 2587 2876 2652 gratia
2903 2585 2977 2637 ’ἲ
3016 2587 3123 2639 Sed
3182 2586 3287 2640 hoc
3333 2585 3556 2656 quidem

1931 2679 1999 2733 ad
2060 2677 2517 2748 imperfectiores
2567 2676 2861 2748 diiigitur;
2915 2677 3047 2732 illud
3094 2693 3223 2733 vero
3273 2675 3437 2731 Luca:
3488 2677 3557 2731 ad

1933 2768 2322 2839 perfectiores.

2003 2858 2163 2916 νει-ε.
2201 2862 2291 2917 43.
2346 2861 2681 2915 Audistis—
2708 2859 2867 2916 V'ers.
2905 2860 2999 2917 Η.
3059 2878 3167 2915 vos.
3236 2861 3558 2933 Postquam,

1933 2961 1992 3007 ut
2038 2952 2247 3007 dictum
2284 2962 2393 3019 est,
2424 2954 2563 3007 iram
2622 2968 2687 3007 ac
2740 2953 3249 3023 concupiscentiam
3284 2956 3560 3026 exstirpa-

1934 3044 2034 3110 vit,
2086 3045 2348 3115 omnique
2396 3045 2562 3100 simili
2591 3045 2794 3099 aﬂ'ectu
2827 3045 2931 3099 sibi
2982 3046 3313 3101 obedientes
3351 3046 3555 3101 libera-

1933 3138 2033 3203 vit,
2081 3137 2348 3208 deinceps
2387 3137 2554 3192 etiam
2600 3136 2936 3192 benefacere
2975 3138 3153 3208 jubet,
3192 3138 3374 3195 dando
3398 3139 3556 3194 vide-

1934 3230 2066 3284 licet
2101 3231 2441 3300 petentibus,
2466 3246 2531 3285 ac
2563 3232 2865 3285 mutuando
2901 3232 3303 3302 indigentibus.
3343 3231 3555 3288 Deinde

1936 3325 2309 3395 procedendo,
2344 3324 2411 3379 ad
2444 3332 2747 3379 extremam
2785 3324 3047 3394 perduxit
3092 3326 3380 3381 virtutem.
3412 3326 3516 3381 Om
3538 3358 3554 3367 -

1935 3419 2026 3473 nis
2056 3419 2205 3473 enim
2253 3418 2475 3474 virtutis
2521 3418 2747 3473 coronis
2790 3434 2855 3473 ac
2907 3429 3097 3475 vertex
3153 3430 3257 3487 est,
3300 3419 3558 3476 inimicos

1932 3525 2142 3574 amare.
2201 3519 2257 3564 et
2288 3520 2486 3566 caetera
2513 3525 2633 3580 qua:
2668 3521 3001 3581 sequuntur.
3050 3512 3273 3576 Amare,
3304 3513 3555 3584 inquam,

1934 3605 2226 3673 ipsos,non
2244 3611 2522 3674 quatenus
2545 3604 2754 3658 inimici
2778 3612 2931 3665 sunt.
2947 3605 3045 3659 sed
3070 3618 3350 3674 quatenus
3370 3606 3557 3661 homi-

1932 3691 2186 3748 nes.Nec
2208 3693 2386 3748 solum
2422 3709 2634 3759 amare,
2677 3695 2771 3748 scd
2802 3704 2857 3748 et
2890 3711 2991 3765 pro
3015 3696 3097 3749 eis
3130 3696 3448 3753 obsecrare.
3470 3696 3555 3752 Ad

1931 3801 2177 3840 amorem
2226 3796 2415 3841 autem
2452 3787 2804 3841 inimicorum
2840 3798 3263 3858 consequuntur
3297 3802 3353 3843 et
3392 3789 3497 3844 alia
3532 3807 3551 3848 :

1930 3878 2060 3933 dico
2095 3893 2253 3941 sane,
2298 3878 2441 3932 bene
2486 3879 2700 3949 precari
2750 3879 3177 3944 devoventibus,
3210 3897 3275 3935 ac
3322 3882 3535 3938 beneft

1931 3985 2060 4025 cere
2099 3970 2186 4025 his
2225 3970 2318 4040 qui
2382 3972 2643 4038 oderunt,
2688 3980 2745 4025 et
2801 3988 2964 4027 orare
3029 3989 3128 4043 pro
3200 3974 3551 4031 laedentibus.

1932 4061 2067 4116 Nam
2126 4062 2244 4116 haec
2307 4063 2572 4133 perfectae
2642 4073 2774 4118 sunt
2846 4065 3183 4121 dilectionis.
3249 4069 3551 4125 Considera

1930 4169 2064 4209 vero
2122 4164 2179 4208 et
2211 4156 2501 4225 praemium
2548 4156 2871 4225 huiusmodi
2932 4158 3184 4212 virtutis.
3233 4159 3371 4225 Quia
3400 4161 3550 4214 enim

1933 4254 2045 4301 tam
2108 4249 2445 4318 praeclarum
2512 4247 2731 4303 facinus
2772 4250 2927 4305 omni
2999 4251 3109 4306 alio
3165 4253 3342 4321 majus
3405 4262 3547 4319 erat,

1931 4341 2221 4413 praemium
2262 4357 2485 4412 quoque
2529 4342 2683 4397 omni
2739 4342 2918 4413 majus
2975 4343 3079 4413 ipsi
3136 4347 3408 4414 rependit.
3457 4346 3552 4399 Ait

1940 4447 2089 4492 enim
2126 4448 2139 4485 Ξ

300 4499 511 4597 Ὅπως
550 4534 622 4544 -
665 4505 940 4575 ἀδίκους.
980 4511 1174 4584 Πατὴρ
1202 4514 1303 4585 μὲν
1355 4516 1466 4571 τῶν
1511 4519 1822 4592 ἀνθρώπων

2005 4524 2161 4580 Vers.
2215 4524 2307 4580 45.
2355 4524 2769 4595 Ut—t'njustos.
2846 4526 3013 4581 Pater
3084 4525 3310 4595 quidem
3364 4526 3551 4581 liomi-

228 4595 378 4646 ἰστὶν
402 4597 431 4647 ὁ
461 4595 615 4663 Θεὸς,
655 4598 732 4660 ὡς
770 4603 1005 4675 ποιητὴς
1057 4606 1241 4659 αὐτῶν
1276 4624 1289 4637 ·
1320 4611 1566 4683 πατέρας
1594 4614 1704 4685 γὰρ
1735 4614 1826 4669 λέ-

227 4704 402 4757 γομεν
449 4692 545 4742 καὶ
577 4693 700 4755 τοὺς
729 4692 911 4764 ἔργων
942 4697 1109 4751 τινῶν
1151 4704 1383 4772 ποιητάς
1403 4720 1420 4737 ο
1477 4706 1560 4758 ἔτι
1616 4708 1674 4761 δὲ
1705 4710 1825 4777 καὶ,

228 4780 302 4845 ὡς
338 4784 596 4855 κηδεμὼν
628 4790 723 4840 καὶ
754 4791 1069 4863 προνοητὴς
1100 4794 1283 4849 αὐτῶν
1314 4814 1329 4829 ·
1369 4798 1502 4852 ῖδιον
1553 4804 1664 4871 γὰρ
1714 4822 1825 4857 πα-

228 4879 356 4944 τρὸς
385 4878 645 4948 κήδεσθαι
677 4883 771 4934 καλ¹
820 4885 1171 4953 προνοεῖσθαι
1213 4888 1308 4942 τοῦ
1339 4892 1545 4945 οἰκείου
1605 4895 1820 4960 παιδός.

228 4970 351 5023 Υἱοὶ
396 4972 453 5025 δὲ
496 4973 592 5026 τοῦ
624 4973 759 5028 Θεοῦ
795 4977 1037 5045 γίνονται
1079 4982 1129 5033 οῖ
1165 4983 1519 5055 ὁμοιούμενοι
1550 4988 1703 5058 αὐτῷ
1750 4989 1820 5044 δι’

224 5064 445 5155 ἀρετῆς,
483 5067 716 5122 καθόσον
758 5070 907 5124 ἐστὶν
931 5071 1212 5145 ἀνθρώπῳ
1241 5075 1485 5132 δυνατόν.
1522 5081 1682 5135 Ἷδιον
1707 5085 1819 5155 γὰρ

227 5154 343 5208 υιοῦ
399 5157 722 5228 ὁμοιοῦσθαι
770 5162 848 5233 τῷ
898 5166 1088 5235 οἰκείῳ
1131 5169 1325 5237 πατρί.
1385 5171 1597 5238 Ὅπως,
1658 5154 1816 5247 φησῖ,

330 5339 353 5370 ⁸
384 5338 516 5396 Luc.
547 5357 622 5407 vt,
659 5343 749 5399 50.
862 5347 883 5379 ⁹
912 5347 1045 5405 Luc.
1078 5366 1155 5419 vt,
1195 5352 1289 5407 54.

1930 4634 2067 4673 num
2126 4618 2278 4674 Deus
2329 4627 2417 4673 est
2476 4629 2738 4689 tanquam
2803 4620 3106 4690 plasniator
3165 4634 3359 4673 eorum
3396 4629 3548 4688 (nam

1927 4722 2116 4781 patres
2142 4727 2365 4784 quoque
2420 4712 2658 4767 dicimus
2696 4728 2929 4783 operum
2986 4713 3297 4782 aliquorum
3330 4724 3545 4782 poetas,

1926 4803 2032 4857 hoc
2095 4813 2183 4858 est
2243 4803 2586 4874 eilectores),
2656 4813 2915 4873 tanquam
2968 4804 3135 4857 etiam
3178 4805 3429 4874 provisor
3481 4818 3550 4859 ac

1923 4904 2254 4963 procurator
2312 4892 2596 4962 ipsorum:
2628 4898 2801 4966 patris
2836 4896 3107 4965 siquidem
3145 4896 3429 4966 proprium
3462 4906 3546 4951 est

1930 4986 2045 5041 ﬁlio
2075 5002 2178 5041 suo
2222 4988 2515 5059 providere
2557 5004 2623 5043 ac
2658 5005 2981 5059 procurare.
3045 4988 3166 5043 Filii
3229 5001 3413 5044 autem
3451 4989 3545 5044 Dei

1932 5083 2095 5144 tiunt,
2145 5081 2238 5151 qui
2297 5098 2396 5152 per
2455 5083 2721 5138 virtutem
2774 5083 2987 5139 similes
3047 5084 3150 5152 ipsi
3205 5083 3545 5151 eﬂiciuntur,

1928 5191 2201 5251 quantum
2248 5191 2335 5238 est
2371 5184 2584 5239 homini
2617 5184 2885 5255 possibile
2917 5200 2933 5250 ;
2981 5199 3109 5238 nam
3134 5184 3228 5238 ﬁlii
3256 5182 3542 5255 proprium

1434 5474 1635 5536 Varia)
1668 5474 1981 5543 lectiones
2025 5486 2088 5543 et
2126 5490 2324 5546 notte.

439 5652 527 5735 τᾷ,
564 5654 764 5735 omittit
797 5658 859 5709 A.
900 5673 1023 5713 mox
1052 5660 1206 5735 deest
1242 5678 1461 5732 quoque
1490 5668 1609 5735 τῆς.

290 5723 408 5798 (85)
443 5725 693 5798 (ἐοιτοχί.
716 5727 936 5788 ἕπεται.
973 5748 1071 5798 pro
1102 5723 1317 5791 ἔπειτα.
1355 5723 1491 5793 Nam
1521 5723 1584 5795 ei
1607 5738 1815 5797 chte-

225 5795 345 5847 nius
384 5795 576 5864 liabet,
613 5795 1022 5867 consequuntur.

2003 5674 2115 5745 (86)
2149 5677 2408 5747 τοιαύτης
2441 5680 2510 5733 Α.

2004 5748 2119 5818 (87)
2150 5750 2245 5801 τὸν
2272 5750 2431 5805 abest
2457 5753 2521 5806 Α.
