4026 6494
524 351 625 415 231

1736 342 2122 404 EUTHYMiI
2166 340 2527 401 ZEGABENI

3671 335 3784 394 ‘23:!

529 472 632 517 tua:
655 464 1048 532 elecmosynam
1077 472 1387 533 agnoscant.
1416 464 1510 515 Aut
1536 476 1630 530 per
1658 458 1984 529 hyperbolen
2016 464 2095 508 est

2220 450 2369 517 ὦτοι,
2406 454 2559 521 φησὶ,
2593 450 2887 519 γνώτωσαν
2934 451 3030 520 τῆς
3069 450 3246 515 δεξιᾶς
3287 468 3379 502 σου
3417 452 3511 521 τὴν
3546 452 3781 521 ἐλεημο-

533 570 736 618 sermo,
772 571 995 623 nempe,
1037 554 1103 607 Et
1140 555 1306 622 ipsam
1333 552 1607 605 sinistram
1636 551 1796 603 lateat
1828 549 2044 602 dextera
2084 566 2095 599 :

531 662 631 715 per
663 648 804 715 quod
843 645 1220 699 manifestatur
1248 644 1539 713 plurimum
1570 652 1826 712 oportere
1859 641 2049 694 latere.

601 841 681 911 -Η-
703 842 815 895 Alia
845 843 1003 895 etiam
1040 841 1269 901 ratione,
1320 841 1507 895 dextra
1539 841 1755 910 quidem
1789 850 1869 895 cst
1901 842 2095 907 virtus,

533 934 749 986 sinistra
809 942 983 985 autem
1042 933 1321 986 vitiositas.
1372 932 1448 985 Ne
1507 934 1665 1002 igitur
1724 936 2099 987 uoscatvitio-

532 1026 663 1077 sitas
727 1022 864 1076 facta
914 1025 1130 1077 virtutis
1188 1040 1284 1093 per
1341 1027 1802 1087 communionem,
1846 1026 1941 1079 sed
1984 1027 2102 1080 sine

534 1117 912 1169 communione
956 1117 1065 1169 vitii
1108 1118 1393 1170 honestum
1438 1127 1493 1170 et
1534 1118 1730 1171 bonum
1785 1118 1897 1174 fiat.

604 1208 1011 1276 Consequeuter
1064 1224 1190 1262 vero
1237 1210 1464 1271 addidit,
1500 1211 1643 1275 quod
1698 1210 1863 1264 Deum
1906 1211 2103 1266 habeas

534 1309 945 1368 conspectoreni
994 1316 1056 1353 ac
1105 1310 1319 1362 testem,
1381 1303 1472 1371 qui
1540 1318 1691 1356 more
1744 1304 1913 1372 patris
1976 1320 2105 1374 gau-

531 1394 623 1445 det
666 1393 855 1446 videus
892 1394 1027 1444 bona
1052 1392 1283 1445 ﬁliorum
1319 1408 1520 1460 Opera:
1554 1395 1804 1461 quodque
1832 1410 1937 1449 non
1977 1411 2103 1464 per-

533 1483 630 1537 des
691 1500 811 1551 quae
870 1484 1103 1547 dederis,
1158 1485 1251 1537 sed
1311 1485 1379 1537 ab
1432 1486 1549 1552 ipso
1607 1486 1834 1553 recipies
1882 1490 2106 1541 umn'no

533 1575 889 1643 eleemosyum
942 1576 1245 1643 praemium.
1320 1575 1437 1636 Non
1519 1564 1652 1629 dixit
1718 1587 1894 1631 autem
1962 1578 2105 1633 unde

533 1663 711 1717 facere
755 1674 1019 1733 oporteat,
1056 1675 1180 1733 puta
1234 1668 1375 1733 quod
1413 1682 1442 1719 e
1486 1668 1652 1735 justis
1701 1669 1968 1724 sacculis:
2005 1671 2107 1725 hoc

532 1770 729 1823 nempe
797 1757 1049 1809 munibus
1113 1766 1302 1809 notum
1345 1768 1480 1811 erat.
1542 1758 1811 1813 Praeterea
1854 1764 2110 1829 superius

534 1861 753 1913 quoque
805 1847 989 1900 beatos
1054 1848 1365 1916 pnedicavit
1408 1849 1708 1903 esurientes
1754 1861 1808 1905 et
1868 1852 2115 1911 sitientes

526 1936 856 2005 justitiam”.

606 2034 757 2086 Vers.
788 2034 840 2086 5.
885 2034 949 2087 Et
1023 2050 1442 2087 cum—suam.
1520 2034 1851 2104 Angiporlus
1896 2037 2115 2106 quidem

534 2134 662 2177 sunt
690 2125 792 2177 vici
823 2126 1057 2193 augusti,
1092 2140 1194 2193 per
1223 2140 1364 2191 quos
1397 2126 1551 2194 pauci
1588 2137 1815 2194 possunt
1846 2128 2114 2184 incedere.

539 2216 734 2268 Platon!
782 2232 909 2269 vero
963 2217 1060 2269 via:
1094 2216 1342 2284 publicae,
1396 2233 1491 2283 per
1524 2233 1666 2285 quas
1720 2218 1869 2271 multi
1955 2220 2117 2274 simul

537 2307 789 2361 incedere
843 2317 1093 2377 possunt,
1120 2308 1197 2377 Η-
1248 2323 1383 2376 quas
1420 2324 1519 2362 nos
1558 2310 1820 2379 ὲξαὲρους
1867 2313 2113 2379 appella-

536 2414 680 2461 mus,
717 2408 971 2465 tauquam
1006 2399 1301 2451 sulidiales.

610 2488 764 2542 Vers.
824 2490 874 2542 6.
910 2489 980 2541 Tu
1011 2500 1185 2541 autem
1215 2520 1273 2529 --
1305 2490 1606 2558 propatulo.
1647 2489 1909 2545 Similiter
1944 2507 1998 2547 et
2027 2492 2115 2546 hic

540 2597 664 2634 cum
710 2581 959 2642 dixisset,
1019 2582 1291 2649 quomodo
1335 2594 1581 2651 oporteat
1614 2600 1721 2636 non
1763 2583 1959 2646 facere,
1986 2585 2116 2638 dicit

540 2673 704 2726 etiam
757 2687 864 2741 quo
918 2682 1076 2740 pacto
1126 2671 1305 2726 facere
1363 2683 1635 2740 nportt-at,
1678 2683 1731 2727 et
1766 2674 1864 2727 hoc
1887 2675 2114 2729 docendi

542 2764 705 2817 modo
760 2764 1071 2833 frequenter
1121 2779 1252 2818 usus
1290 2774 1392 2818 est.
1431 2764 1584 2818 Patri
1635 2782 1763 2819 vero
1807 2778 1891 2819 tuo
1919 2768 2009 2836 qui
2042 2778 2115 2821 est

539 2854 592 2905 in
660 2853 893 2914 occulto,
954 2853 1056 2907 hoc
1112 2863 1229 2916 est,
1296 2853 1572 2907 invisibili.
1638 2854 1872 2908 Rursum
1950 2856 2113 2908 etiam

541 2942 694 3007 dicit,
728 2942 871 3011 quod
925 2941 1027 3006 Qui
1088 2943 1224 2995 videt
1280 2943 1337 2994 in
1398 2942 1617 3007 occulto,
1652 2942 1904 3011 persolvet
1938 2944 2031 2995 tibi
2060 2945 2113 2995 in

536 3034 811 3103 prepatulo
832 3049 850 3086 .'
884 3034 1258 3100 manifestans,
1288 3033 1429 3103 quod
1462 3034 1506 3088 si
1529 3044 1863 3104 spectatores
1889 3036 2109 3103 quaeris,

536 3125 706 3179 babes
750 3142 847 3194 pro
888 3125 1140 3179 omnibus
1171 3125 1341 3179 Deum
1401 3125 1601 3195 ipsum.
1660 3125 1714 3179 Si
1748 3140 1876 3180 vero
1902 3135 1957 3180 et
2008 3130 2106 3179 bo—
2135 3143 2177 3202 ε

538 3220 715 3272 mines
756 3218 956 3271 habere
980 3218 1133 3287 cupis
1165 3216 1646 3285 contemplatores,
1687 3216 1914 3272 habebis
1945 3219 2107 3271 etiam

543 3310 646 3364 hos
701 3318 944 3378 tempore
990 3308 1244 3377 praeconii
1297 3323 1359 3362 ac
1411 3307 1793 3362 retributionis
1866 3309 2113 3378 pra’mii:

539 3414 643 3453 nec
690 3400 888 3453 multos
928 3402 1124 3460 solum,
1155 3398 1249 3452 sed
1281 3413 1472 3451 omnes
1510 3414 1522 3446 :
1567 3414 1666 3451 nec
1716 3399 1963 3454 homines
1991 3410 2116 3453 tan-

538 3500 675 3555 tum,
711 3491 808 3545 sed
862 3490 1023 3544 etiam
1056 3490 1275 3560 angelos
1298 3498 1351 3543 et
1389 3490 1770 3559 archangelos,
1807 3505 2111 3559 omnesque

538 3582 788 3636 caelestes
822 3582 1074 3635 virtutes.
1134 3580 1337 3646 Quodsi
1396 3597 1541 3636 nunc
1594 3581 1911 3636 manifestas
1966 3583 2107 3638 bona

536 3689 702 3744 opera
758 3684 867 3737 tua,
900 3685 952 3727 et
999 3674 1278 3749 praemium
1313 3674 1457 3742 quod
1505 3674 1863 3743 exspectabas
1920 3690 1949 3729 a
2000 3676 2111 3731 Deo

538 3766 760 3834 perdis:
799 3774 854 3819 et
884 3766 1136 3819 homines
1190 3765 1293 3834 ipsi
1340 3774 1392 3819 te
1453 3766 1919 3832 condemnabunt,
1990 3776 2110 3822 tan-

538 3872 698 3925 quam
766 3856 944 3910 iuanis
971 3856 1153 3926 gloria
1194 3855 1581 3925 appetitorem.
1634 3856 1769 3910 Cum
1793 3871 1923 3926 ergo
1954 3857 2113 3913 liceat

538 3958 593 4002 et
622 3948 928 4002 mercedem
989 3948 1251 4001 honorum
1292 3963 1520 4017 operum
1580 3946 1847 4015 accipere,
1893 3956 1949 4001 et
2008 3964 2111 4017 pu-

538 4040 680 4095 blice
730 4056 906 4095 coram
951 4049 1027 4093 tot
1065 4042 1333 4109 tantisque
1397 4039 1697 4108 praedicari,
1739 4040 1784 4093 si
1832 4039 2111 4110 paululum

538 4132 830 4193 sustineas,
863 4130 1133 4198 quomodo
1180 4145 1287 4183 non
1331 4130 1558 4182 omnino
1595 4130 1820 4183 stultum
1864 4144 1928 4185 ac
1963 4130 2102 4183 irra—

539 4225 798 4279 tionabile
862 4224 968 4277 erit
1019 4223 1263 4290 utrisque
1322 4222 1406 4276 his
1460 4221 1733 4286 excidere,
1765 4230 1819 4275 et
1850 4222 2105 4292 pmenti

539 4318 753 4371 theatro
788 4315 916 4370 illud
944 4325 1251 4385 permutare
1274 4314 1297 4366 ?

607 4411 708 4466 Hic
779 4419 961 4465 autem
1011 4426 1191 4465 sermo
1252 4424 1351 4478 per
1408 4422 1703 4480 anagogem
1758 4406 2112 4477 accipiendas

2205 547 2391 613 σύνην.
2463 546 2531 597 Ἦ
2589 544 2683 595 καὶ
2733 543 2857 596 καθ’
2916 544 3217 615 ὑπερϐολὴν
3250 548 3275 596 ὁ
3311 544 3485 610 λόγος,
3545 548 3625 598 ὁτι
3675 550 3789 603 Καὶ

2201 638 2374 705 αὐτὴν
2426 636 2637 689 λαθέτω
2662 637 2694 703 ἡ
2723 635 2873 700 δεξιὰ
2902 636 3000 704 τὴν
3031 637 3349 706 ἀριστερὰν,
3388 636 3457 689 δι’
3485 632 3546 690 οὗ
3574 638 3771 709 δηλοῦο

2205 748 2293 783 ται
2344 728 2403 782 τὸ
2429 729 2540 782 δεῖν
2573 729 2693 780 λίαν
2723 728 3029 781 λανθάνειν.

2279 820 2413 892 [Καὶ
2434 819 2546 888 (96)
2574 819 2696 871 καθ’
2732 819 2920 889 ἕτερον
2949 818 3005 872 δὲ
3052 819 3230 887 λόγον,
3263 822 3411 887 δεξιὰ
3445 824 3563 892 μὲν,
3600 825 3791 892 ἡάρε-

2205 914 2293 982 τὴ,
2323 912 2588 981 ἀριστερὰ
2625 912 2759 981 δὲ,ἠ
2791 912 2983 967 κακία.
3020 913 3110 979 Μὴ
3148 914 3341 979 γνώτω
3387 914 3479 967 οὖν
3524 918 3553 983 ἡ
3613 918 3788 968 κακία

2206 1012 2303 1079 τὴν
2340 1007 2538 1076 πρᾶξιν
2584 1008 2683 1075 τῆς
2716 1008 2941 1075 ἀρετῆς,
2973 1004 3039 1057 δι’
3084 1008 3388 1075 ἐπιμιξίας,
3427 1010 3541 1062 ἀλλ’
3584 1012 3788 1078 ἀμιγὲς

2204 1100 2533 1171 ὲνεργείσθω
2566 1101 2625 1152 τὸ
2652 1096 2860 1169 καλὸν]

2276 1196 2348 1249 Τὸ
2377 1194 2433 1247 δὲ
2466 1193 2591 1259 ἑξῆς
2620 1194 2951 1262 προσέθηκε,
2978 1190 3268 1253 διδάσκων,
3309 1192 3391 1243 ὅτι
3422 1210 3481 1244 τε
3521 1196 3615 1245 τὶιν
3641 1192 3781 1245 Θεὸν

2206 1292 2351 1359 ἔχεις
2405 1290 2720 1355 συνίστορα,
2772 1285 2862 1338 τὸν
2908 1285 3068 1354 δίκην
3122 1284 3330 1353 πατρὸς
3382 1287 3641 1355 χαίροντα
3673 1287 3789 1353 (97)

2210 1380 2432 1450 βλέπειν
2462 1378 2533 1431 τά
2566 1377 2633 1429 σά
2685 1374 3112 1445 κατορθώματα,
3157 1377 3253 1427 καὶ
3310 1376 3393 1428 ὅτι
3444 1378 3545 1428 οὐκ
3592 1376 3794 1429 ἀποὶέ-

2210 1488 2342 1533 σεις,
2374 1470 2408 1523 ἃ
2437 1469 2612 1532 δίδως,
2638 1467 2775 1520 ἀλλά
2802 1465 2934 1537 παρ’
2959 1465 3123 1518 αὑτοῦ
3153 1465 3368 1527 πάντως
3392 1466 3650 1537 ἀπολήψῃ
3696 1469 3794 1520 τὸν

2210 1561 2347 1630 ὑπὲρ
2378 1561 2475 1629 τῆς
2503 1559 2877 1628 ἑλεημοσύνης
2924 1558 3139 1627 μισθόνο
3177 1559 3276 1610 οὐκ
3306 1553 3427 1611 εἶπε
3483 1560 3560 1623 δὲ,
3622 1560 3793 1613 πόθεν

2210 1652 2321 1723 χρὴ
2367 1652 2537 1703 ποιεῖν
2584 1647 2980 1719 ἐλεημοσύνην,
3021 1642 3135 1700 οἷον
3161 1649 3240 1700 ὅτι
3281 1649 3389 1701 ἀπὸ
3416 1648 3639 1701 δικαίων
3690 1650 3795 1702 πό-

2217 1761 2345 1809 ρων.
2380 1743 2518 1793 [lth
2546 1746 2653 1810 γὰρ
2680 1739 2839 1792 τοῦτο
2864 1740 3144 1809 γνώριμον
3198 1734 3285 1809 ἦν.
3343 1738 3550 1801 Ἀλλως
3584 1757 3644 1792 τε
3698 1740 3797 1793 καὶ

2216 1837 2476 1905 ἀνωτέρω
2519 1835 2646 1897 τοὺς
2671 1833 2973 1894 πεινῶντας
3006 1832 3102 1884 καὶ
3132 1831 3408 1895 διψῶντας
3446 1831 3545 1903 τὴν
3584 1834 3799 1885 δικαιο-

2218 1927 2383 1997 σύνην
2417 1927 2747 1996 ἐμακάρισε.

2287 2018 2396 2072 Καὶ
2447 2021 2593 2071 ὅταν
2630 2047 2700 2056 -
2761 2017 2982 2069 αὐτῶν.
3043 2016 3322 2068 Στενιυποὶ
3382 2016 3482 2085 μέν
3541 2019 3679 2068 εἰσιν
3736 2018 3795 2068 αἱ

2220 2111 2403 2162 στεναὶ
2444 2108 2573 2171 (δοί,
2612 2107 2680 2160 δι’
2706 2100 2779 2159 ὧν
2804 2106 2976 2173 ὀλίγοι
3007 2106 3342 2175 βαδίζουσιν,
3382 2107 3445 2167 ἃς
3481 2109 3640 2175 ἡμεῖς
3693 2108 3799 2175 ἐμ-

2217 2200 2403 2260 6ὁλους
2442 2199 2739 2265 καλοῦμεν·
2781 2197 3040 2250 πλατεῖαι
3084 2197 3160 2258 δὲ,
3200 2200 3256 2251 al
3289 2198 3573 2267 λεωφόροι,
3617 2197 3685 2249 δι’
3720 2190 3799 2249 ὧν

2217 2289 2405 2342 πολλοὶ
2434 2289 2548 2359 ἅμα
2591 2288 2794 2357 βαίνειν
2828 2288 3108 2353 δύνανται,
3162 2288 3227 2351 ἃς
3261 2288 3372 2359 (98i
3425 2291 3584 2358 ἡμεῖς
3636 2286 3799 2353 tias-

2222 2396 2346 2449 ρους
2385 2378 2639 2446 λέγομεν,
2670 2380 2746 2441 ὼς
2784 2379 3106 2448 ὑπαίθρους.

2278 2472 2373 2523 ιΣὺ
2427 2470 2593 2523 δέ-
2628 2473 2885 2539 φανερῷ.
2958 2472 3191 2541 Ὀμοῖως
3254 2473 3533 2526 κάνταῦθα
3598 2474 3797 2539 εἰπὼν,

2218 2566 2330 2627 πῶς
2362 2565 2443 2616 δεῖ
2478 2562 2554 2633 μὴ
2592 2566 2785 2626 ποιεῖν,
2839 2562 3009 2631 λέγει,
3064 2565 3156 2617 καὶ
3184 2565 3301 2628 πῶς
3326 2566 3406 2618 δεῖ
3457 2570 3653 2628 ποιεῖν,
3702 2572 3802 2619 καὶ

2216 2654 2389 2721 τούτῳ
2426 2654 2503 2724 τῷ
2549 2654 2735 2723 τρόπῳ
2777 2655 3048 2723 πολλαχοῦ
3088 2655 3191 2720 τῆς
3236 2657 3583 2720 διδασκαλίας
3626 2657 3800 2710 αὑτοῦ

2217 2750 2506 2817 κέχρηται.
2579 2744 2662 2809 Τῷ
2716 2746 2899 2812 IIuth
2955 2762 3071 2799 σου
3104 2746 3179 2805 δὲ,
3223 2745 3303 2811 τῷ
3331 2748 3400 2799 ἐν
3424 2747 3502 2813 τῷ
3530 2747 3798 2815 κρυπτῷ,

2215 2840 2334 2889 ἀντὶ
2372 2837 2485 2900 τοῦ,
2544 2835 2622 2904 τῷ
2675 2836 2915 2905 ἀοράτῳ.
2978 2836 3148 2889 Πάλιν
3178 2836 3235 2887 δὲ
3284 2839 3649 2907 προσέθηκεν,
3712 2839 3801 2891 ὅτι

2224 2928 2280 2981 '0
2301 2930 2559 2993 ,βλέπων
2596 2930 2667 2981 ἐν
2693 2928 2770 2992 τῷ
2805 2926 3070 2995 κρυπτῷ,
3104 2928 3409 2983 ἀποδώσει
3458 2947 3557 2983 σοι
3598 2932 3669 2984 ἐν
3714 2930 3803 2995 τῷ

2216 3020 2475 3089 φανερῷ,
2504 3018 2701 3087 δηλῶν,
2744 3020 2847 3082 ὅτι,
2876 3019 2926 3070 εί
2958 3018 3141 3089 ζητεῖς
3201 3022 3421 3085 θεατὰς,
3476 3023 3621 3091 ἔχεις
3674 3022 3803 3077 ἀντὶ

2216 3113 2438 3165 πάντων
2465 3111 2631 3165 αὐτὸν
2664 3110 2755 3163 τὸν
2788 3109 2941 3163 Θεόν·
2975 3112 3024 3163 εί
3056 3110 3113 3163 δὲ
3138 3111 3233 3163 καὶ
3260 3112 3586 3184 ἀνθρώπους
3616 3114 3801 3179 θέλεις

2217 3204 2481 3270 θεωροὺς,
2507 3203 2651 3267 ἔξεις
2698 3203 2794 3255 καὶ
2830 3202 3057 3266 τούτους
3078 3204 3136 3256 ὲν
3183 3192 3261 3274 τῷ
3294 3205 3472 3275 καιρῷ
3496 3207 3594 3274 τῆς
3628 3209 3807 3279 ἀναρο

2217 3296 2427 3367 ῥήσεώς
2446 3312 2503 3348 τε
2542 3300 2636 3349 καὶ
2670 3295 3131 3365 μισθαποδοσίας,
3167 3298 3261 3350 καὶ
3293 3298 3353 3350 οὐ
3380 3299 3631 3363 πολλοὺς,
3660 3299 3804 3355 ἀλλά

2216 3388 2450 3451 πάντας,
2480 3386 2575 3441 καὶ
2600 3388 2703 3439 οὐκ
2732 3386 3061 3459 ἀνθρώπους
3108 3392 3291 3458 μόνον,
3328 3390 3464 3445 ἀλλὰ
3496 3394 3589 3443 καὶ
3622 3394 3802 3460 ἀγγέ-

2212 3479 2361 3543 λους,
2399 3480 2497 3531 xui.
2527 3478 2938 3548 ἁρχαγγέλους,
2970 3480 3065 3532 καὶ
3108 3483 3287 3542 πάσας
3314 3482 3411 3542 τὰς
3443 3484 3805 3552 ὲπουρανίους

2214 3571 2497 3640 δυνάμεις.
2527 3570 2642 3622 Νῦν
2671 3572 2780 3641 γὰρ
2806 3572 2854 3623 εἰ
2880 3576 3136 3641 φανεροῖς
3158 3574 3225 3626 τά
3256 3574 3661 3644 κατορθώματά
3678 3594 3804 3640 σου,

2220 3664 2431 3716 καὶτὸν
2461 3662 2571 3716 ἀπὸ
2610 3660 2745 3715 Θεοῦ
2783 3664 2975 3733 μισθὸν
3005 3664 3283 3729 ἀπόλλεις,
3316 3670 3408 3717 καὶ
3439 3668 3486 3718 οἱ
3521 3668 3807 3737 ἄνθρωποι

2216 3754 2663 3822 καταγνώσονται
2702 3771 2821 3818 σου,
2852 3756 2928 3817 ὡς
2950 3756 3251 3820 κενοδόξου.
3277 3757 3448 3811 Ὅταν
3477 3753 3571 3810 οὖν
3597 3758 3806 3828 ἔξεστι,

2219 3849 2315 3901 καὶ
2355 3844 2548 3915 μισθὸν
2575 3844 2683 3896 τῶν
2708 3846 3152 3916 κατορθωμάτων
3168 3846 3378 3915 λαϐεῖν,
3404 3847 3499 3899 καὶ
3520 3848 3809 3918 ἀνακηρυο

2218 3942 2413 4012 χθῆναι
2452 3944 2510 3994 ἐν
2539 3941 2616 4011 τῷ
2649 3940 2894 4010 φανερῷ,
2944 3939 3178 3992 ἐνώπιον
3224 3940 3523 4004 τοσούτων,
3559 3940 3805 4009 ἀναμεί-

2219 4052 2388 4087 ναντα
2443 4035 2664 4105 μικρὸν,
2715 4033 2832 4096 πῶς
2859 4032 2921 4085 οὐ
2968 4033 3321 4085 παντάπασιν
3364 4032 3650 4099 ἀλόγιστον
3704 4032 3810 4086 καὶ

2216 4129 2420 4201 μωρὸν,
2474 4129 2800 4198 ἀμφοτέρων
2831 4125 3038 4179 τούτων
3074 4129 3354 4189 ἐκπεσεῖν,
3395 4128 3488 4179 καὶ
3536 4124 3627 4179 τοῦ
3675 4126 3809 4183 θεά-

2216 4238 2349 4292 τρου
2380 4220 2592 4273 ἐκείνου
2622 4219 2685 4273 τὸ
2728 4218 2905 4288 παρὸν
2931 4217 3270 4283 ἀλλάξασθαι
3302 4218 3574 4291 θέατρον;

2289 4401 2392 4469 Εῖη
2424 4400 2469 4453 δ’
2508 4398 2572 4452 ἂν
2593 4398 2732 4450 κατά
2758 4396 2848 4450 τὸν
2882 4399 2980 4465 τῆς
3020 4397 3315 4467 ἀναγωγῆς
3347 4397 3505 4465 λόγον
3548 4402 3806 4469 ταμιεῖον

534 4513 640 4558 est.
706 4501 1027 4556 Cubiculum
1087 4499 1353 4569 siquidem
1433 4514 1591 4553 mens
1646 4508 1750 4564 est,
1804 4499 2110 4568 pulcherri-

2220 4494 2317 4563 μὲν
2362 4492 2559 4558 ὁνοῦς,
2603 4490 2665 4543 τὸ
2718 4489 3000 4543 κάλλιστον
3068 4490 3274 4560 οίκημα
3329 4491 3439 4542 τῶν
3488 4494 3803 4561 νοημάτων·

537 4609 684 4647 mum
714 4592 1099 4661 cogitationum
1132 4589 1488 4643 domicilium.
1518 4586 1730 4642 Ostium
1777 4605 1907 4643 vero
1956 4590 2113 4643 sedes

536 4700 816 4747 sensuum,
837 4683 1046 4746 ocu!us,
1069 4682 1237 4745 auris,
1264 4689 1396 4741 etc..
1424 4696 1522 4749 per
1541 4696 1661 4749 qua:
1689 4680 1844 4734 mala:
1872 4678 2114 4750 ingredi-

538 4784 704 4830 untur
718 4774 1096 4843 cogitationes,
1119 4788 1237 4841 qua:
1262 4774 1522 4826 virtutum
1543 4772 1851 4841 prtedantur
1872 4772 2108 4826 divitias.

606 4866 747 4933 Quid
793 4864 957 4935 ergo?
999 4880 1104 4918 non
1143 4873 1356 4933 oportet
1387 4865 1439 4918 in
1498 4864 1725 4918 ecclesia
1774 4864 1969 4918 orare?
2004 4863 2113 4917 Ma-

539 4962 682 5013 xime
741 4958 985 5027 quidem,
1046 4958 1139 5010 sed
1181 4971 1289 5009 non
1329 4965 1388 5009 ut
1429 4970 1689 5024 appareas
1765 4954 2107 5010 hominibus:

542 5054 641 5105 hoc
706 5052 847 5104 enim
893 5061 1145 5118 tauquam
1194 5050 1598 5117 hypocritarum
1668 5063 1805 5117 opus
1860 5050 2123 5103 condem-

542 5147 687 5201 navit
736 5164 751 5198 :
794 5147 886 5199 sed
944 5155 1001 5199 ut
1044 5144 1137 5198 tibi
1204 5144 1305 5212 ipsi
1372 5142 1541 5197 Deum
1585 5144 1778 5196 reddas
1808 5143 2124 5212 propitium.

538 5238 813 5307 Coutingit
869 5239 1013 5289 enim
1071 5235 1307 5304 aliquem
1390 5236 1534 5289 inter
1600 5234 1862 5305 plurimos
1929 5250 2109 5299 orare,

652 5420 693 5450 ⁸³
730 5416 923 5470 Matth.
953 5435 1003 5482 γ,
1033 5418 1089 5470 6.

2221 4592 2384 4661 θύραι
2431 4592 2507 4653 δὲ,
2537 4592 2605 4644 τὰ
2634 4589 2991 4659 αἰσθητήρια,
3030 4586 3325 4657 ὀφθαλμοὶ,
3374 4590 3535 4659 ἀκοὴ,
3579 4593 3675 4644 καὶ
3729 4596 3805 4647 τὰ

2220 4684 2406 4747 λοιπὰ,
2437 4683 2503 4735 δι’
2530 4676 2603 4736 ὧν
2635 4681 3021 4751 εἰσερχόμενος
3046 4680 3074 4733 ὀ
3092 4678 3331 4749 πονηρὸς
3369 4678 3630 4751 λογισμὸς
3658 4683 3809 4755 συλᾷ

2220 4774 2312 4826 τὸν
2346 4772 2571 4825 πλοῦτον
2601 4772 2699 4839 τῆς
2727 4770 2949 4839 ἀρετῆς.
3300 4758 3301 4761 Ἴ

2294 4865 2359 4918 Τί
2394 4864 2523 4929 οὖν;
2557 4866 2612 4916 ὲν
2638 4861 2908 4932 ἐκκλησίᾳ
2942 4860 3002 4913 οὐ
3039 4860 3123 4914 δεῖ
3172 4860 3615 4931 προσεύχεσθαις
3663 4863 3801 4930 Σφό.

2223 4958 2325 5028 δρα
2361 4957 2643 5027 μέν’ἀλλά
2700 4955 2795 5025 μὴ,
2860 4956 3011 5014 ὅπως
3065 4958 3241 5024 φανῇς
3299 4956 3412 5015 τοῖς
3464 4954 3803 5022 ἀνθρώποις.

2222 5050 2383 5104 τςῦτο
2416 5051 2523 5119 γὰρ
2554 5049 2664 5101 τῶν
2699 5049 3014 5116 ὑποκριτῶν
3039 5050 3446 5116 κατηγόρησεν·
3500 5047 3615 5099 ἀλλ’
3650 5049 3806 5112 ὅπως

2226 5144 2385 5195 ἵλεων
2404 5142 2615 5210 σεαυτῷ
2652 5142 2741 5192 τὸν
2768 5140 2900 5193 Θεὸν
2937 5142 3193 5210 ποιήσῃς.
3230 5141 3386 5191 Ἔστι
3439 5141 3548 5209 γὰρ
3598 5142 3693 5193 καὶ
3743 5144 3805 5193 ἐν

2227 5235 2379 5304 μέσῳ
2413 5233 2623 5285 πολλῶν
2649 5233 3089 5302 προσευχόμενόν
3120 5250 3263 5297 τινα,
3312 5232 3386 5302 μὴ
3438 5233 3801 5303 ἁμαρτάνειν,

1724 5482 1924 5545 Varite
1968 5483 2275 5545 lectiones
2311 5494 2372 5545 et
2412 5493 2602 5545 notae.

610 5594 720 5662 (96)
762 5594 975 5647 lurlusa
1052 5591 1105 5643 in
1154 5587 1397 5657 margine
1444 5586 1605 5641 habet
1654 5588 1722 5641 Α.
1763 5584 1994 5641 Carebat
2049 5585 2116 5639 iis

629 5680 859 5717 INCHHIS.

594 5680 675 5716 Clli
712 5682 859 5717 ίιιιιις.

542 5665 586 5719 ﬂ
617 5682 719 5804 i970,
750 5735 867 5789 “tL'L'
893 5752 1001 5789 non
1032 5743 1174 5789 recte
1203 5735 1501 5790 colizercnt.
1529 5730 1816 5798 interpono
1838 5724 1938 5795 τῷ,
1969 5726 2113 5796 quod

2227 5586 2385 5641 facile
2422 5590 2692 5658 absorpsit
2722 5591 2808 5643 τὰ.

2298 5658 2407 5729 (98)
2443 5661 2521 5714 Ab
2552 5661 2614 5725 ἇς
2648 5662 2713 5714 ad
2748 5659 3047 5730 ὑπαίθρους
3075 5659 3334 5715 omiserat
3370 5658 3693 5718 lleutcnius.
