4026 6528
188 378 279 447 2ἶ3
1045 382 1435 444 COMMENT.
1483 381 1566 441 IN
1608 378 2087 441 MATTH/EUM.
2129 404 2201 416 -
2239 378 2398 443 CAP.
2445 382 2544 441 VI.

3330 376 3440 447 εει

190 493 318 565 [ὅταν
341 492 448 564 (99)
477 494 554 565 μὴ
611 494 748 563 πρὸς
796 486 1059 563 ξπέδειξιν
1106 491 1501 563 προσεύχηται·
1548 488 1646 542 καὶ
1689 490 1747 540 ἐν

1864 503 1956 543 nec
2015 496 2195 543 tamen
2239 504 2489 558 peccare,
2518 487 2737 558 quando
2773 504 2884 544 non
2914 491 2981 545 ad
3013 490 3439 546 ostentationem

190 585 398 652 ταμιείῳ
431 586 805 654 κεκλεισμένῳ
851 584 1316 654 προσευχόμενον,
1351 577 1741 651 ἀμαρτάνειν,]

188 674 296 726 ὅταν
333 673 644 727 τούναντίον
703 678 849 744 ποιῇ.
915 674 1197 741 Πανταχοῦ
1250 673 1359 740 γὰρ
1391 676 1417 723 ὁ
1463 672 1595 732 Θεὸς
1653 670 1744 721 τὸν

190 765 367 816 σκοπὸν
421 763 666 828 ἐξετάζει
720 766 814 817 τοῦ
843 765 1153 831 γινομένου.
1202 761 1539 832 ’Υποκριτὰς
1568 760 1621 813 δὲ
1650 762 1744 813 καὶ

186 855 385 919 τούτους
446 856 730 919 ἐκάλεσεν,
782 855 857 918 ὡς
904 856 1090 923 σχῆμα
1135 856 1233 922 μὲν
1258 855 1480 923 ἔχοντας
1512 870 1745 924 προσευ-

186 947 416 1016 χομένου,
453 948 683 1018 γνώμην
726 948 783 1002 δὲ
825 946 1177 1016 δοξομανοῦς.

244 1125 725 1191 Προσευχόμενοι
750 1154 819 1165 --
847 1124 1077 1179 ἐθνικοί
1082 1163 1097 1177 .
1134 1124 1501 1191 Βαττολογίαν
1535 1124 1635 1194 μέν
1658 1126 1747 1177 λέ-

182 1231 275 1280 γει,
323 1214 422 1283 τὴν
476 1218 608 1285 περὶ
664 1216 775 1267 τῶν
811 1216 886 1287 μὴ
941 1215 1335 1285 προσηκόντων
1363 1216 1602 1286 αἴτησιν,
1634 1212 1746 1270 οἷον

181 1307 295 1374 περί⁵
356 1307 617 1373 πλούτου,
682 1308 811 1377 περὶ
868 1306 1049 1374 δόξης,
1103 1308 1233 1376 περὶ
1272 1306 1616 1371 δυναστείας,
1648 1309 1744 1360 καὶ

179 1395 277 1454 τῶν
310 1396 588 1457 τοιούτων,
627 1399 725 1450 ὅσα
754 1396 882 1451 οὔτε
910 1398 1089 1468 ψυχὴν
1116 1398 1444 1466 ὠφελοῦσιν,
1477 1397 1603 1451 οὐτε
1641 1398 1748 1468 ad):

182 1504 299 1556 ματι
355 1490 493 1558 πρὸς
532 1489 792 1542 σύστασίν
847 1490 989 1543 εἰσιν
1024 1492 1322 1557 ἀναγκαῖα.
1371 1488 1655 1552 Ἐθνικοὺς
1689 1489 1746 1542 δέ.

178 1596 322 1649 φησι,
352 1581 482 1642 10b;
518 1581 803 1644 ἀπίστους.
843 1580 1000 1634 Ἐπεὶ
1051 1580 1105 1633 δέ
1135 1574 1282 1634 οὗτοι
1313 1582 1374 1634 οὐ
1440 1582 1602 1651 μόνον
1658 1583 1748 1635 αἰ-

176 1670 335 1734 τοῦσι,
384 1673 516 1743 περὶ
541 1673 651 1727 τῶν
676 1674 749 1745 μὴ
774 1674 1188 1744 προσηκόντων,
1218 1673 1355 1726 ἀλλὰ.
1383 1676 1499 1739 καὶ,
1529 1677 1749 1745 μακρὰς

178 1761 485 1831 ποιούμενοι
520 1764 620 1828 τὰς
650 1766 741 1817 ἐπὶ
773 1768 896 1828 τοῖς.
914 1765 1177 1828 τοιούτοις
1209 1767 1476 1834 αἰτήσεις,
1523 1766 1748 1819 δοκοῦσι

176 1854 393 1920 πείθειν,
437 1858 495 1908 ἐν
519 1855 596 1924 τῷ
630 1856 1014 1926 μακρολογεῖν,
1043 1856 1321 1910 διαϐάλλει
1366 1856 1465 1928 τὴν
1488 1858 1748 1927 τοιαύτην

174 1947 345 2000 αὐτῶν
382 1949 655 2019 ὑπόληψιν
700 1949 960 2020 εἰρηκώς.

234 2124 493 2178 Δοκοῦσι
533 2152 608 2163 —~
655 2124 1265 2191 εἰσακουσθήσονται.
1335 2124 1561 2178 Δοκοῦσι
1624 2125 1746 2194 μὲν,

170 2209 264 2262 οὐκ
292 2209 470 2280 ὀρθῶς
507 2210 587 2264 δέ.

234 2303 328 2371 Μὴ
348 2298 783 2372 οὗν-αιτῆσαι
804 2307 1011 2359 αὐτόν.
1038 2304 1184 2371 Οἵδε,
1202 2308 1362 2360 τίνων
1381 2308 1636 2378 χρῄζετε,
1654 2311 1749 2361 καὶ

172 2394 387 2464 προτοῦ
427 2395 653 2464 αἰτῆσαι
685 2396 850 2448 αὐτὸν
906 2396 1043 2458 ὅλως
1095 2397 1224 2466 περί
1262 2413 1429 2459 τινος.
1476 2398 1585 2449 Καὶ
1636 2398 1750 2449 λοι-

172 2485 283 2544 πὸν.
321 2486 385 2537 οὐ
414 2486 519 2555 χρὴ
556 2488 732 2538 αίτεῖν
761 2486 827 2539 τὰ
862 2486 938 2556 μὴ
977 2485 1241 2557 χρειώδη,
1280 2488 1404 2557 μηδ’
1438 2489 1747 2555 ἀναγκαῖα,

172 2575 348 2638 καθὼς
388 2577 719 2647 εἰρήκαμεν,
756 2578 893 2647 ὅπερ
922 2578 1039 2630 ἐστὶ
1075 2577 1421 2647 βαττολογία.
1462 2579 1616 2632 Ἐπεὶ
1657 2584 1749 2633 καὶ

171 2668 350 2737 πατὴρ
400 2670 745 2738 δυσχεραίνει
786 2669 930 2722 κατὰ
964 2669 1173 2722 παίδων
1220 2671 1523 2725 αἰτούντων
1570 2673 1639 2726 τὰ
1674 2676 1749 2745 μὴ

174 2762 537 2833 προσήκοντα.
575 2763 685 2815 Καὶ
706 2765 754 2815 εἰ
784 2757 943 2829 οἶδεν,
997 2756 1086 2823 ὧν,
1108 2763 1407 2834 χρῄζομεν,
1440 2765 1581 2819 διατί
1612 2765 1751 2828 ὅλως

173 2854 298 2923 περὶ
326 2854 536 2907 τούτων
567 2855 827 2923 αἰτοῦμεν
875 2854 1082 2922 αὐτόν;
1122 2858 1345 2919 Πάντως
1382 2855 1489 2926 οὐχ
1542 2857 1631 2911 ἴνα
1668 2860 1749 2911 δι-

170 2944 439 3016 δάξωμεν,
471 2945 586 2998 ἀλλ’
623 2946 709 2998 ἴνα
738 2946 1023 3016 δείξωμεν,
1052 2949 1135 3000 ὅτι
1190 2948 1356 3001 αὐτὸν
1407 2949 1607 3019 ἔχομεν
1654 2951 1752 3003 καὶ

170 3037 375 3106 τροφέα
413 3041 510 3089 καὶ
534 3037 840 3107 Δεσπότην,
897 3038 994 3091 καὶ
1030 3038 1141 3100 ἵνα,
1179 3040 1528 3110 ἀναρτῶντες
1585 3042 1749 3112 μόνον

1847 590 1989 632 orat.
2036 581 2101 634 Et
2158 582 2421 651 contingit
2498 582 2549 635 in
2611 583 2868 636 rubicula
2936 583 3123 637 clauso
3190 592 3438 638 orantem

1849 684 2099 737 peccare,
2167 686 2291 725 cum
2375 686 2405 724 e
2458 671 2676 726 diverso
2723 671 2936 725 fecerit.
3002 668 3146 725 Deus
3170 671 3317 724 enim
3346 672 3441 742 qui

1850 757 2048 825 ubique
2104 768 2207 821 est,
2273 760 2397 812 facti
2471 761 2697 814 discutit
2730 761 2916 816 ﬁnem.
2984 759 3309 831 Hypocritas
3338 777 3441 817 au-

1850 857 1955 901 tem
2026 858 2081 901 et
2122 850 2223 903 bos
2304 851 2541 911 vocavit,
2610 851 2841 904 [erutam
2884 852 3105 920 quidem
3160 853 3439 906 orantium

1849 938 2133 1001 habentes,
2190 950 2430 995 mentem
2498 958 2627 996 vero
2679 942 3054 997 anhelantium
3103 944 3171 998 ad
3221 942 3440 998 inanem

1849 1027 2074 1096 gloriam

1921 1112 2162 1170 Vers.'l.
2234 1118 2773 1173 Orontes—ethnici.
2850 1119 3174 1188 Multiloquii
3249 1121 3442 1175 vitium

1852 1206 2180 1275 βαττολογία
2242 1210 2457 1271 dicitur,
2519 1226 2643 1264 cum
2696 1212 2943 1279 pluribus
3002 1212 3188 1265 verbis
3255 1213 3445 1281 petitio

1854 1300 1911 1350 fit
1963 1300 2031 1351 de
2064 1300 2150 1353 his
2183 1316 2302 1367 qth
2350 1316 2459 1353 non
2522 1302 2900 1355 conveniunt:
2960 1311 3089 1371 puta
3116 1303 3181 1356 de
3216 1303 3445 1363 divitiis,

1850 1391 2039 1459 gloria,
2074 1384 2375 1459 potentatu,
2434 1393 2666 1461 aliisque
2712 1393 3006 1459 similibus,
3035 1410 3153 1462 quae
3187 1408 3291 1447 nec
3324 1396 3447 1447 ani-

1850 1498 1953 1535 mae
2007 1494 2256 1552 prosunt,
2316 1500 2419 1539 nec
2457 1487 2521 1538 ad
2557 1488 2802 1555 corporis
2850 1488 3268 1541 consistentiam
3321 1498 3449 1542 sunt

1852 1575 2187 1629 necessaria.
2258 1576 2523 1631 Ethnicos
2586 1594 2714 1631 vero
2785 1579 2919 1632 dicit
2992 1579 3257 1634 inﬁdeles.
3309 1579 3449 1645 Quia

1851 1674 2033 1718 autem
2076 1666 2131 1719 hi
2191 1682 2299 1719 non
2359 1666 2533 1721 solum
2576 1683 2638 1721 ea
2700 1678 2893 1737 petunt
2927 1685 3047 1736 quze
3098 1686 3206 1723 non
3241 1685 3449 1724 conve-

1852 1756 2035 1816 niunt,
2089 1757 2184 1811 sed
2240 1765 2293 1810 et
2349 1758 2538 1828 longas
2602 1759 2809 1812 faciunt
2852 1759 2921 1812 de
2952 1758 3261 1827 hujusmodi
3288 1762 3450 1815 rebus

1853 1846 2173 1914 petitiones,
2255 1857 2515 1916 putantes
2571 1848 2866 1902 verborum
2927 1848 3278 1903 multitudine
3327 1866 3450 1919 per-

1851 1937 2130 2001 suadere,
2190 1937 2334 1991 banc
2404 1938 2649 2007 ipsorum
2721 1938 3036 2006 Opinionem
3115 1940 3216 1993 boc
3286 1940 3451 1993 modo

1851 2029 2204 2085 condemnat.

1928 2121 2084 2176 Vers.
2120 2123 2172 2176 7.
2235 2119 2437 2175 Putant
2464 2138 2534 2162 -'-
2563 2122 2881 2177 exaudiendi
2925 2125 3050 2177 sint.
3091 2124 3291 2181 Putant
3332 2127 3452 2197 quia-

1852 2212 1998 2277 dem,
2029 2221 2083 2265 at
2126 2227 2239 2267 non
2271 2223 2439 2268 recte.

1924 2302 2082 2358 Vers.
2129 2304 2181 2358 8.
2236 2303 2314 2359 Ne
2370 2308 2669 2376 ergo—ab
2709 2308 2804 2361 illo
2856 2310 3071 2378 petatis.
3126 2310 3289 2364 Novit
3329 2326 3450 2381 qum

1853 2397 2011 2451 vobis
2053 2398 2369 2466 expediant,
2416 2398 2737 2468 priusquam
2772 2400 2840 2453 ab
2869 2401 2961 2455 illo
3008 2401 3306 2469 quidquam
3336 2418 3453 2456 om-

1853 2488 1986 2540 nino
2026 2488 2243 2556 petatis.
2290 2488 2408 2543 Non
2463 2499 2682 2558 oportet
2732 2491 2915 2561 itaque
2959 2502 3166 2562 petere,
3197 2508 3319 2563 qua
3350 2510 3453 2547 nec

1856 2579 2005 2633 utilia
2052 2590 2184 2634 sunt
2222 2595 2325 2635 nec
2385 2582 2724 2645 necessaria,
2790 2585 2936 2639 sicut
2995 2587 3252 2652 diximus,
3305 2588 3452 2656 quod

1853 2680 1939 2725 est
1987 2671 2300 2741 battologite
2349 2672 2562 2728 vitium.
2616 2672 2755 2739 Quia
2798 2675 2945 2728 enim
2995 2685 3150 2744 pater
3207 2687 3311 2738 est,
3367 2677 3454 2731 in-

1854 2761 2115 2833 dignatur
2167 2762 2294 2817 ﬁliis
2365 2765 2685 2832 petentibus
2743 2780 2865 2834 quae
2912 2781 3025 2819 non
3088 2769 3451 2833 conveniunt.

1854 2852 2056 2911 Verum
2101 2855 2145 2911 si
2188 2855 2340 2910 novit
2389 2856 2590 2925 quibus
2640 2857 2800 2912 nobis
2855 2859 2926 2913 sit
2978 2874 3138 2929 opus,
3185 2876 3286 2915 cur.
3338 2860 3455 2916 lia-c

1854 2951 2083 3004 omnino
2136 2950 2206 3005 ab
2257 2965 2324 3004 eo
2388 2949 2774 3019 postulamus?
2816 2950 2979 3005 Plane
3032 2966 3141 3005 non
3175 2959 3235 3005 ut
3273 2952 3450 3017 ipsum

1856 3040 2174 3106 doceamus,
2226 3040 2319 3095 sed
2354 3049 2414 3094 ut
2449 3041 2911 3103 demonstremus,
2942 3041 3086 3110 quod
3121 3056 3247 3095 eum
3289 3040 3454 3094 babes

172 3129 337 3183 αὑτοῦ
366 3128 468 3200 τὴν
497 3129 687 3184 ἐλπίδα
710 3133 804 3200 τῆς
838 3130 1101 3199 προνοίας
1127 3135 1222 3185 καὶ
1264 3136 1543 3204 σωτηρίας
1570 3136 1750 3206 ἡμῶν,

1864 3149 1982 3189 mus
2012 3133 2365 3188 educatorem
2416 3147 2479 3187 ac
2508 3131 2825 3195 Dominum,
2877 3140 3046 3201 utque
3089 3132 3157 3187 ab
3193 3132 3313 3202 ipso
3338 3133 3454 3187 solo

170 3221 611 3292 ἐπικάμπτωμεν
663 3221 1075 3294 εὐχερέστερον.

246 3406 337 3466 '0;
368 3404 469 3475 μὲν
495 3403 604 3475 γὰρ
636 3403 835 3475 πατὴρ,
883 3405 979 3457 καὶ
1016 3400 1155 3458 οἶδεν
1199 3401 1274 3460 ὧν
1323 3406 1623 3478 χρῄζομεν,
1659 3411 1755 3464 καὶ

171 3496 386 3566 Ξτοιμός
418 3497 535 3548 ἐστι
562 3494 831 3565 παρέχειν
878 3497 946 3550 τὰ
986 3497 1245 3568 χρειώδη’
1297 3498 1455 3571 ζητεί
1503 3500 1562 3553 δὲ
1602 3502 1755 3571 ὅμως

175 3590 266 3642 καὶ
288 3588 389 3657 τὴν
427 3586 558 3656 παρ’
581 3588 741 3660 ἡμῶν
773 3588 1015 3659 αἴτησιν,
1049 3589 1138 3642 διὰ
1168 3590 1267 3652 τὰς
1294 3590 1641 3660 δηλωθείσας
1670 3594 1753 3647 αι-

174 3682 314 3743 τίας.
347 3679 535 3732 Ταῦτα
566 3659 808 3746 διδάξας,
840 3680 1180 3749 παραδίδωσι
1216 3682 1310 3734 καὶ
1339 3659 1513 3737 τύπον
1563 3686 1753 3756 εὐχῆς,

173 3772 266 3840 οὐχ
321 3771 411 3825 ἶνα
459 3771 667 3842 ταύτην
727 3771 894 3843 μόνην
933 3773 1031 3843 τὴν
1083 3774 1250 3845 εὐχὴν
1285 3774 1596 3847 εὐχώμεθα,
1636 3779 1753 3833 ἀλλ’

176 3863 279 3929 ἴνα,
322 3864 525 3935 ταύτην
573 3865 793 3934 ἔχοντες
851 3864 1038 3935 πηγὴν
1086 3866 1252 3935 εὐχῆς
1329 3869 1395 3920 ἐκ
1422 3869 1626 3939 ταύτης
1657 3872 1756 3944 ἀρ-

172 3957 433 4027 ρυώμεθα
461 3958 559 4019 τὰς
599 3956 807 4021 ἐννοίας
848 3958 956 4012 τῶν
985 3959 1181 4029 εὐχῶν.

240 4115 440 4180 Οὕτως
473 4143 547 4155 -
578 4114 785 4183 ὑμεῖς..
820 4117 973 4180 Πῶς;

236 4214 435 4274 Πάτερ
467 4241 543 4252 -
573 4212 871 4279 οὐρανοῖς.
922 4214 1195 4287 Έκάστην
1224 4217 1371 4283 λέξιν
1411 4220 1756 4284 ἐξεταστέον.

177 4306 407 4358 Κελεύει
440 4308 552 4376 γὰρ
583 4306 787 4373 λέγειν,
819 4306 901 4367 τὸ,
934 4305 1128 4375 Πάτερ
1176 4310 1298 4379 μὲν.
1332 4310 1419 4362 ἵνα
1447 4313 1521 4381 (1)
1562 4332 1759 4384 μιμντπ

174 4395 437 4465 σκὼμεθα
483 4395 583 4462 τῆς
643 4395 855 4449 ἄνωθεν
905 4397 1212 4464 εὐγενείας,
1248 4402 1344 4452 καὶ
1395 4402 1514 4465 οἵας
1546 4403 1758 4473 δωρεᾶς

1859 3226 2187 3295 pendentes,
2220 3223 2438 3278 facilius
2504 3238 2632 3278 eum
2687 3221 2975 3279 ﬂectamus
3035 3225 3127 3294 qui
3184 3240 3311 3294 spes
3370 3232 3455 3279 est

1857 3316 2051 3373 salutis
2089 3331 2154 3371 ac
2198 3316 2558 3387 providentiae
2586 3325 2812 3370 nosti-az.

1930 3408 2214 3478 Tanquam
2251 3415 2405 3478 pater
2444 3407 2594 3462 enim
2623 3415 2679 3461 et
2709 3406 2861 3462 novit
2888 3407 3088 3476 quibus
3123 3407 3279 3462 nobis
3317 3423 3456 3477 opus

1859 3501 1951 3567 sit,
2004 3510 2060 3556 et
2101 3500 2345 3555 tribuere
2380 3506 2606 3568 paratus
2635 3507 2742 3563 est,
2780 3513 2904 3567 quae
2970 3500 3279 3553 necessaria
3325 3509 3456 3554 sunt

1858 3602 1954 3647 aut
2016 3591 2211 3658 utilia;
2249 3589 2414 3659 exigit
2452 3598 2655 3653 tamen,
2714 3596 2775 3641 ut
2825 3587 2895 3642 ob
2921 3587 3097 3642 dictas
3130 3602 3324 3642 causas
3354 3605 3455 3643 nos

1860 3686 1951 3740 illa
2018 3693 2290 3755 petamus.
2393 3680 2521 3735 Haec
2592 3688 2887 3751 postquam
2970 3680 3181 3745 docuit,
3248 3681 3456 3750 prrebet

1860 3778 2024 3831 etiam
2104 3773 2327 3829 modum
2401 3771 2697 3836 orationis,
2764 3786 2875 3825 non
2947 3782 3010 3826 ut
3081 3771 3185 3826 bac
3238 3780 3453 3825 tantum

1859 3868 2114 3923 oratione
2196 3879 2514 3935 precemur,
2603 3863 2701 3918 sed
2788 3871 2848 3917 ut
2922 3862 3112 3917 habito
3189 3863 3455 3917 orationis

1862 3960 2033 4024 fonte,
2104 3959 2172 4014 ab
2220 3959 2341 4029 ipso
2405 3956 2790 4027 precationum
2861 3953 3280 4027 intelligentiam
3314 3955 3454 4008 bau-

1862 4052 2088 4105 riamus.

1934 4141 2089 4206 Vers,
2121 4143 2174 4198 9.
2205 4141 2293 4195 Sic
2314 4152 2504 4193 —vos.
2546 4136 2796 4205 Quonam
2830 4137 3027 4192 modo!

1935 4235 2090 4289 Vers.
2113 4236 2165 4287 9.
2198 4233 2363 4286 Pater
2391 4262 2461 4270 —
2483 4229 2648 4283 caeli}.
2673 4229 2918 4301 Singulae
2943 4228 3219 4283 dictiones
3247 4229 3454 4297 ponde-

1862 4328 2051 4381 randa:
2090 4336 2237 4380 sunt.
2285 4323 2453 4377 Jubet
2499 4323 2648 4376 enim
2706 4328 2766 4376 ut
2814 4322 3089 4383 dicamus,
3151 4319 3335 4381 Pater,
3394 4328 3455 4372 ut

1863 4418 2145 4472 caelestem
2197 4415 2583 4485 cognationem
2612 4413 2681 4467 ad
2734 4411 3061 4466 memoriam
3104 4424 3451 4474 revocemus,

170 4486 511 4557 ἠξιώθημεν,
569 4486 978 4557 υίοθετηθέντες
1033 4489 1111 4559 τῷ
1148 4490 1289 4560 Θεῷ,
1323 4494 1418 4546 καὶ
1466 4495 1552 4548 ἵνα
1589 4498 1656 4561 ἀξ
1680 4516 1750 4561 ως

1864 4518 1916 4564 et
1968 4524 2077 4578 quo
2131 4522 2359 4560 munere
2398 4506 2577 4562 allecti
2638 4504 2842 4568 simus,
2899 4513 3029 4573 puta
3092 4504 3276 4558 divina
3318 4504 3454 4559 adol-

171 4580 385 4650 Πατρδς
422 4579 667 4633 τοιούτου
727 4580 1172 4652 πολιτευώμεθα’
1203 4585 1232 4637 ὁ
1262 4589 1372 4656 γὰρ
1394 4588 1616 4656 φαύλως
1651 4592 1752 4660 μὲν

172 4670 327 4739 βιῶν,
362 4673 584 4743 Πατέρα
610 4672 663 4725 δὲ
705 4673 899 4727 ἐαυτοῦ
936 4675 1028 4727 τὸν
1059 4674 1193 4729 Θεὸν
1242 4678 1549 4750 ὀνομάζων.
1583 4702 1755 4737 κατα-

170 4765 423 4831 ψεύδεται
457 4771 551 4819 καὶ
596 4766 691 4818 τοῦ
731 4766 866 4819 Θεοῦ
922 4768 1016 4820 καὶ
1049 4768 1268 4824 ἑαυτοῦ.
1308 4772 1381 4824 Τὸ
1427 4773 1483 4825 δὲ
1534 4775 1754 4845 Ἠμῶν,

171 4852 256 4905 ἶνα
316 4852 704 4922 γ.νώσκωμεν,
764 4857 848 4908 ὅτι
895 4855 1120 4926 ἀδελφοὶ
1184 4858 1434 4929 ἀλλήλων
1477 4865 1525 4916 οἱ
1573 4868 1757 4921 πιστοὶ

171 4948 371 5008 πάντες
398 4948 585 5016 ἐσμὲν,
614 4947 807 5010 κοινῶς
829 4947 1238 5021 υίοθττηθέντες
1259 4953 1335 5025 τῷ
1371 4957 1450 5007 ἐνὶ
1486 4961 1576 5009 καί
1609 4962 1757 5032 μόνῳ

168 5036 303 5108 Θεῷ,
337 5042 433 5092 καὶ
461 5039 550 5094 ἵνα
571 5040 729 5095 τοῦτο
759 5044 995 5114 συνεχῶς
1044 5046 1456 5118 ὁμολογοῦντες,
1517 5055 1592 5126 μὴ
1623 5074 1756 5110 κατ-

169 5129 531 5202 επαιρὼμεθα
593 5132 702 5187 τῶν
737 5137 1036 5202 ταπεινῶν,
1082 5140 1222 5209 μηδὲ
1256 5142 1393 5206 ὅλως
1426 5146 1671 5201 ἐναντίον
1702 5168 1755 5203 τι

171 5225 309 5276 κατὰ
340 5224 449 5275 τῶν
482 5224 729 5295 ἀδελφῶν
771 5230 932 5298 ἡμῶν
961 5231 994 5302 ἢ
1030 5232 1372 5304 μελετῶμεν,
1417 5238 1449 5309 ἢ
1478 5238 1752 5312 λέγωμεν,

1863 4602 2073 4672 ptione,
2116 4611 2169 4653 et
2199 4610 2253 4653 ut
2279 4598 2439 4669 digne
2500 4598 2591 4651 tali
2656 4608 2809 4667 patre
2872 4611 3288 4651 conversemur.
3350 4596 3455 4659 Qui

1864 4696 2009 4749 enim
2041 4710 2205 4763 prave
2231 4693 2421 4746 vivens
2452 4692 2620 4745 Deum
2648 4696 2807 4745 vocat
2839 4689 3058 4744 Patrem
3093 4704 3276 4756 suum,
3303 4700 3358 4747 et
3400 4692 3456 4745 in

1864 4784 2057 4849 Deum,
2078 4785 2199 4838 etin
2227 4782 2468 4851 seipsum
2498 4780 2783 4833 mentitur.
2822 4778 3078 4832 Nostrum
3095 4788 3279 4833 autem
3316 4778 3459 4833 dicio

1867 4894 1989 4932 Inus
2034 4875 2277 4939 Patrem,
2314 4884 2373 4927 ut
2410 4886 2773 4941 agnoscamus
2790 4871 2935 4940 quod
2957 4871 3158 4925 fratres
3190 4870 3457 4927 internas

1867 4979 2059 5025 mutuo
2070 4969 2246 5024 simus
2261 4967 2446 5021 ﬁdeles
2459 4980 2682 5019 omnes:
2713 4966 3084 5019 communiter
3098 4963 3166 5018 ab
3179 4979 3291 5018 uno
3307 4965 3456 5019 solo-

1865 5076 1973 5130 que
1993 5059 2106 5114 Deo
2124 5056 2365 5126 adoptati
2378 5095 2390 5119 ,
2416 5065 2540 5110 etut
2563 5055 2630 5109 de
2650 5054 2754 5108 hoc
2772 5054 3033 5109 continue
3050 5053 3452 5123 colloquentes,

1866 5152 2179 5218 obbumilia
2205 5149 2265 5220 (ί)
2286 5164 2393 5203 non
2413 5148 2744 5203 extollamur
2772 5165 2784 5200 :
2812 5162 2990 5216 neque
3014 5149 3239 5200 omnino
3259 5146 3456 5199 adver-

1866 5259 1963 5301 sus
2010 5244 2212 5297 fratres
2261 5252 2483 5297 nostros
2520 5240 2607 5294 vel
2666 5238 2971 5309 cogitemus
3032 5239 3337 5309 quidpiam,
3368 5237 3455 5291 vel

1368 5374 1572 5436 Varia;
1611 5378 1920 5443 lectiones
1952 5387 2013 5441 et
2048 5388 2240 5441 notaz.

172 5579 192 5591 -
239 5509 630 5632 (99)Alnclusa
682 5510 1027 5568 exciderunt.
1084 5512 1139 5565 ln
1197 5530 1363 5570 causa
1404 5517 1506 5572 fuit
1556 5521 1760 5592 duplex

172 5595 317 5632 οταν.
402 5620 416 5632 .

172 5595 317 5632 οταν.
350 5595 416 5634 Α.

1944 5526 2022 5596 (1)
2054 5526 2142 5581 ἵνα
2177 5524 2732 5597 ἀναμιμνησκὼμεοα
2763 5524 2825 5576 Α.

241 5737 301 5803 ιι)
363 5736 751 5806 Colloquentes,
791 5744 851 5793 ob
880 5742 1124 5797 humilia.
1160 5743 1510 5813 Profitentcs,
1556 5758 1747 5807 contra
1779 5753 2029 5811 humiles.

498 5835 770 5896 PATROL.
816 5840 932 5898 Gn.
977 5842 1247 5906 CXXIX.
