4026 6562
588 423 691 484 2³9

1831 421 2210 482 EUTHYMH
2257 422 2616 482 ZIGABENI

3735 430 3841 499 24L)

657 528 792 582 Vers
871 528 949 582 15.
1013 528 1075 580 Et
1134 544 1200 590 ue
1242 556 1310 566 --
1354 529 1716 580 ientationem.
1767 527 2018 582 Tentatio
2072 540 2144 583 csl

2328 530 2428 583 Καὶ
2449 531 2535 598 μὴ
2559 560 2623 570 --
2648 532 3003 599 πειρασμόν.
3030 533 3342 605 Πειρασμὸς
3380 538 3513 604 ἐστι,
3542 542 3647 603 πᾶς
3669 543 3839 609 ἁγὼν.

587 637 747 674 omne
782 629 1083 683 certamen,
1122 620 1263 689 quod
1303 618 1567 673 daemonis
1613 619 1803 673 fraude
1853 622 2154 689 quomodo-

585 729 800 780 eunquc
855 713 1013 766 nobis
1062 712 1342 765 inductum
1403 721 1507 774 est,
1554 728 1663 780 quo
1714 712 1908 765 animae
1956 724 2156 765 nostras

584 805 844 858 fortitudo
878 803 1287 871 comprobatur.
1343 802 1457 857 Hoc
1506 805 1686 873 itaque
1753 818 2003 858 sermone
2057 817 2156 856 nos

583 895 827 958 instruit,
892 909 961 947 ne
1029 895 1097 948 de
1164 894 1462 963 nobisipsis
1554 894 1908 957 confidamus,
1978 907 2154 961 neque

582 985 866 1038 temerarie
896 984 1293 1038 tentationibus
1319 1000 1421 1039 nos
1449 985 1781 1055 ingeramus.
1813 984 1908 1037 sed
1962 999 2153 1053 prece-

583 1090 703 1128 mur
755 1088 821 1128 ne
870 1076 923 1127 in
986 1076 1343 1129 tentationem
1396 1077 1739 1130 inducamur.
1798 1074 1924 1128 Haec
1969 1084 2151 1127 autem

574 1166 803 1227 docens,
826 1181 929 1218 nos
972 1181 1191 1235 quoque
1218 1167 1426 1222 inducit
1456 1168 1521 1221 ad
1543 1167 1927 1221 imbecillitatis
1952 1176 2153 1220 nostrae

580 1256 935 1325 agnitionem,
998 1266 1054 1311 et
1104 1258 1424 1312 modestiam
1474 1260 1717 1327 apponit.
1797 1258 1959 1327 Atqui
2014 1257 2154 1310 Deus

578 1345 853 1399 neminem
934 1355 1127 1409 tentat,
1225 1346 1367 1399 sicut
1420 1347 1595 1415 inquit
1644 1346 1879 1400 Jacobus
1929 1355 2150 1413 aposto-

580 1435 663 1488 lus
702 1436 765 1499 ",
828 1433 1103 1504 quomodo
1155 1452 1284 1499 ergo
1342 1436 1510 1491 dicit:
1572 1437 1651 1491 Ne
1694 1454 1787 1491 nos
1846 1439 2067 1490 inducas
2098 1436 2152 1489 in

579 1528 916 1580 tentationem
940 1528 965 1580 ?
986 1528 1122 1582 Illud
1148 1544 1302 1593 sane,
1324 1528 1402 1583 Ne
1427 1530 1645 1582 inducas
1665 1546 1779 1595 nos,
1819 1529 2153 1583 tantumdem

578 1615 738 1677 valet.
785 1631 846 1670 ac
882 1617 926 1671 si
951 1618 1153 1673 diceret
1184 1636 1198 1673 :
1238 1618 1317 1673 Ne
1346 1621 1628 1689 permittas
1652 1635 1754 1674 nos
1784 1620 1989 1673 induci.
2043 1618 2156 1674 Hoc

579 1715 764 1760 autem
825 1707 1123 1777 Scriptura
1178 1709 1379 1764 idioma
1429 1719 1532 1764 est.
1590 1708 1649 1762 In
1699 1724 1764 1763 eo
1799 1710 1945 1763 enim
2009 1708 2155 1777 quod

577 1800 863 1866 permittit,
920 1800 1037 1869 ipse
1071 1800 1328 1855 inducere
1390 1800 1624 1855 videtur.
1668 1799 1858 1855 Omnis
1879 1802 2148 1870 siquidem

578 1891 803 1943 tentatio
864 1905 892 1943 a
980 1890 1196 1945 diabolo
1280 1891 1621 1960 producitur.
1675 1890 1876 1946 Verum
1942 1892 2146 1945 nullum

574 1981 791 2052 attingit
822 1982 1125 2046 hominem,
1153 1984 1259 2037 nisi
1289 1983 1431 2038 Deus
1456 1984 1790 2053 permiserit,
1831 2000 1954 2039 cum
1974 2001 2149 2054 neque

576 2071 755 2138 porcis
805 2085 1005 2125 nocere
1070 2072 1334 2140 potuerit,
1407 2072 1513 2127 nisi
1586 2072 1704 2141 ipso
1770 2074 2145 2142 permittente,

573 2162 738 2217 veluti
832 2164 1173 2218 manifestius
1263 2165 1318 2218 in
1399 2179 1694 2235 progressu
1783 2165 2142 2221 inveniemus.

573 2252 784 2323 Saepius
818 2264 999 2308 autem
1048 2254 1314 2324 permittit
1365 2256 1691 2310 tentationes
1721 2256 1777 2309 in
1820 2272 1921 2309 nos
1945 2257 2144 2321 induci,

573 2351 667 2394 aut
695 2351 918 2412 propter
957 2352 1178 2412 peccata
1206 2353 1415 2408 nostra,
1472 2355 1566 2398 aut
1598 2356 1656 2400 ut
1717 2347 2003 2401 manifesta
2056 2348 2145 2402 fiat

571 2432 765 2486 anima:
827 2441 1028 2486 nostra:
1105 2432 1392 2499 fortitudo,
1444 2434 1900 2501 quemadmodum
1961 2435 2146 2489 docuit

570 2523 742 2592 ipsius
763 2522 866 2576 Job
899 2523 1144 2577 historia.
1172 2522 1337 2577 Jubet
1370 2537 1498 2592 ergo
1520 2538 1622 2577 nos
1653 2523 1872 2592 quidem
1908 2525 2140 2593 precari,

571 2628 637 2667 ne
670 2615 722 2665 in
760 2614 1118 2667 tentationem
1150 2613 1475 2668 inducamur
1511 2631 1525 2678 ;
1560 2614 1676 2683 ipse
1708 2630 1839 2670 vero
1898 2630 2022 2670 cum
2072 2617 2140 2671 sit

566 2705 874 2757 animarum
901 2714 1210 2756 nostrarum
1240 2704 1575 2768 moderator,
1600 2705 1874 2760 interdum
1926 2707 2143 2775 quidem

567 2795 848 2863 permittit,
874 2795 1197 2863 quandoque
1253 2810 1382 2850 vero
1476 2797 1752 2865 prohibet,
1817 2800 1967 2868 juxta
1999 2801 2144 2868 quod

568 2894 858 2955 utrumque
939 2885 1232 2954 expediens
1301 2894 1401 2940 est.
1481 2887 1660 2952 Quare
1732 2904 1842 2942 non
1904 2890 2144 2945 inductis

565 2976 782 3046 quidem
818 2977 1236 3041 tentationibus,
1267 2977 1335 3031 ab
1385 2977 1451 3032 iis
1477 2992 1672 3033 cavere
1725 2980 1989 3034 debemus
2015 2981 2088 3050 (ο)
2128 2998 2141 3036 :

566 3070 655 3124 ubi
704 3079 887 3123 autem
938 3069 1179 3123 inductae
1228 3078 1377 3133 sunt,
1412 3070 1641 3124 viriliter
1689 3072 2139 3127 contrastandum

568 3172 674 3226 est,
708 3170 762 3215 ut
790 3170 845 3215 et
874 3160 1153 3215 modestiae
1179 3169 1233 3214 et
1294 3159 1634 3217 fortitudinis
1681 3164 1959 3233 specimen
2006 3181 2143 3235 pra:-
2168 3200 2213 3259 ο

569 3256 815 3310 beamus.

642 3341 796 3397 νει-ε.
832 3344 917 3397 15.
952 3343 1058 3399 Sed
1089 3374 1152 3383 -—
1188 3363 1221 3399 a
1255 3346 1418 3400 malo.
1451 3345 1647 3399 Malunt
1678 3347 1894 3417 quidem
1956 3349 2060 3403 hoc
2087 3350 2143 3403 in

566 3436 685 3489 loco
734 3434 1006 3489 diabolum
1057 3436 1385 3500 nominavit,
1411 3451 1524 3491 non
1550 3439 1695 3506 quod
1730 3446 1922 3492 natura
1968 3440 2141 3494 malus

566 3525 657 3589 sit,
690 3526 785 3579 sed
803 3527 1103 3581 voluntate.
1136 3526 1237 3582 Per
1254 3530 1688 3583 antonomasiam
1718 3539 1895 3584 autem
1936 3531 2137 3586 malum

566 3633 691 3671 eum
742 3618 1055 3687 appellavit,
1107 3628 1365 3689 tanquam
1438 3622 1493 3675 in
1582 3631 1828 3676 extremo
1902 3625 2136 3691 positum

567 3701 805 3765 militiae.
864 3710 921 3763 in
977 3724 1043 3764 eo
1076 3726 1206 3765 vero
1240 3712 1385 3780 quod
1425 3726 1522 3765 nos
1550 3714 1759 3781 precari
1799 3714 1958 3782 jubet
1988 3725 2046 3768 ut
2071 3715 2138 3769 ab

565 3815 631 3848 t't)
655 3797 971 3861 liberemur,
1012 3800 1249 3854 ostendit
1279 3802 1422 3869 quod
1473 3803 1880 3856 atrocissimum
1908 3806 2136 3858 acirre-

565 3886 905 3941 tonciliabile
953 3886 1165 3942 contra‘
1207 3905 1309 3944 nos
1361 3902 1511 3960 gerat
1572 3892 1821 3958 bellum;
1867 3896 2135 3964 nobisque

561 3976 745 4031 divino
773 3980 843 4031 sit
864 3994 1003 4047 opus
1024 3982 1249 4035 auxilio.
1282 3982 1469 4037 Solum
1510 3984 1585 4054 (p)
1614 3995 1793 4039 autem
1818 3988 2130 4055 explicarit,

565 4077 622 4118 ut
678 4068 746 4121 ab
791 4082 856 4122 eo
913 4069 1127 4123 liberari
1166 4087 1478 4139 precemur,
1533 4075 1736 4129 docens
1798 4078 1977 4130 omnis
2008 4078 2132 4130 mali

563 4159 707 4210 hunc
736 4172 858 4212 esse
887 4174 1111 4215 causam
1136 4178 1147 4212 :
1173 4172 1228 4215 et
1267 4164 1337 4216 ita
1368 4165 1543 4217 solum
1572 4175 1763 4218 contra
1786 4181 1908 4218 eum
1952 4167 2133 4220 inimi«

560 4247 743 4299 citiam
766 4250 1023 4301 convenit
1046 4265 1323 4315 exercere,
1348 4264 1403 4306 et
1448 4268 1557 4306 non
1592 4265 1780 4308 contra
1813 4270 1909 4308 eos
1934 4259 2024 4324 qui
2063 4274 2127 4310 ex

560 4337 1026 4391 iuconsidcrantia
1050 4340 1117 4392 ab
1151 4356 1215 4393 eo
1237 4343 1441 4396 inducti
1463 4353 1610 4405 sunt,
1639 4345 1903 4412 nobisque
1925 4361 2127 4400 nocue-

562 4436 736 4480 runt:
808 4443 1039 4495 quorum
1096 4432 1343 4485 misereri
1400 4433 1580 4500 potius
1637 4444 1870 4504 oportet,
1923 4449 2125 4505 uipote,

561 4523 626 4573 ab
650 4535 716 4574 eo
738 4531 1142 4590 superatorum.

624 4613 746 4666 Alio
766 4628 986 4681 quoque
1015 4616 1179 4668 modo
1207 4632 1498 4683 possumus
1536 4620 1825 4689 anagogiee
1857 4621 2128 4690 interpre-

2259 621 2317 685 ἐξ
2346 623 2613 691 ἐπηρείας
2649 621 2744 674 τοῦ
2791 623 3046 692 δαίμονος
3076 628 3434 696 ὁπωσδήποτε
3477 632 3607 700 ἡμῖν
3637 649 3843 701 προσα-

2256 715 2502 781 γόμενος,
2537 717 2602 767 δι’
2626 712 2687 769 οὗ
2724 717 3079 785 δοκιμάζεται
3123 723 3154 789 ἡ
3195 722 3417 791 ἀνδρεία
3446 726 3519 794 (8)
3542 727 3641 794 τῆς
3664 728 3841 796 cum;

2258 809 2434 876 ἡμῶν.
2484 808 2740 861 Παιδεύει
2774 811 2955 862 τοίνυν
3014 812 3160 880 ἡμᾶς
3191 815 3217 865 ὁ
3258 814 3435 881 λόγος,
3489 817 3563 886 μὴ
3614 818 3839 889 θαρρεῖν

2256 896 2492 960 ἑαυτοῖς,
2518 897 2644 967 μηδ’
2659 898 2929 968 ὲπιπηδᾷν
2950 902 3062 961 τοῖς
3088 905 3419 970 πειρασμοῖς
3435 904 3539 955 ὑπὸ
3559 905 3658 973 θρα
3672 905 3837 973 τύτη-

2256 1004 2365 1048 τος.
2388 987 2460 1040 Τὸ
2479 988 2585 1055 γὰρ
2607 987 2884 1057 εὔχεσθαι,
2912 990 3373 1059 μὴείσενεχθῆναι
3399 994 3477 1052 εἰς
3503 995 3834 1063 πειρασμὸν,

2259 1078 2433 1130 ταῦτά
2458 1094 2516 1129 τε
2552 1078 2819 1143 παιδεύει,
2840 1080 2937 1131 καὶ
2961 1081 3041 1143 είς
3068 1082 3367 1147 ἐπίγνωσιν
3400 1086 3548 1152 qui;
3586 1087 3710 1152 ἄγει
3738 1087 3839 1153 τῆς

2256 1167 2832 1239 ἀσθενείαςήμῶν,καὶ
2849 1172 3318 1240 μετριοφροσύντιν
3331 1176 3710 1245 ὲντίθησι.1(αὶ
3734 1179 3839 1245 μὴν

2256 1260 2283 1308 ὁ
2304 1258 2434 1320 Θεὸς
2454 1260 2643 1312 οὐδένα
2662 1259 2932 1329 πειράζει,
2955 1261 3134 1322 καθώς
3162 1273 3333 1334 φησιν
3350 1262 3603 1326 Ὶάκωθοι,
3636 1268 3664 1317 ὁ
3700 1266 3839 1318 ἀπόο

2259 1347 2461 1407 στολος.
2484 1347 2605 1408 Πῶς
2624 1342 2870 1410 οὗνεῐπε,
2886 1347 2980 1414 Μὴ
2997 1350 3347 1418 εἰσενέγκῃς
3367 1348 3519 1417 ἡμᾶς
3542 1352 3840 1417 είςπειρα-

2257 1440 2452 1506 quor;
2488 1440 2562 1490 Τὸ
2602 1436 2698 1505 Μὴ
2730 1439 3105 1507 εἰσενέγκῃς,
3139 1440 3261 1492 ἀντὶ
3298 1438 3415 1503 τοῦ,
3452 1440 3543 1507 Μὴ
3577 1456 3839 1508 παραχω·

2273 1532 2443 1599 ρήσῃς
2473 1530 2868 1599 εἰσενεχθῆναι.
2898 1531 3121 1600 Ὶδίωμα
3174 1530 3232 1583 δὲ
3260 1530 3422 1583 τοῦτο
3452 1532 3553 1600 τῆς
3583 1532 3834 1601 Γραφῆς.

2274 1619 2358 1670 Ἐν
2393 1618 2468 1687 τῷ
2492 1622 2844 1689 παραχωρεῖν
2872 1620 3000 1691 γὰρ,
3034 1623 3196 1683 αὐτὸς
3232 1622 3477 1689 εἰσάγειν
3509 1623 3679 1674 δοκεῖ.
3716 1624 3833 1685 [ιᾶς

2262 1713 2358 1780 μὲν
2390 1714 2495 1783 γὰρ
2538 1714 2843 1782 πειρασμὸς
2884 1713 2990 1765 ὑπὸ
3027 1718 3122 1765 τοῦ
3154 1712 3407 1765 διαϐόλου
3462 1715 3833 1783 προσάγεται,

2258 1804 2353 1871 οὐχ
2381 1803 2611 1855 ἅπτεται
2652 1803 2709 1854 δέ
2744 1820 2888 1865 τινος
2916 1804 3231 1874 ἀνθρώπου,
3266 1806 3314 1855 εί
3342 1806 3418 1873 μὴ
3446 1808 3835 1877 παραχωρήσῃ

2258 1895 2286 1944 ὁ
2315 1892 2468 1955 Θεός.
2505 1893 2640 1945 Οὐδὲ
2657 1895 2765 1962 γὰρ
2790 1893 3004 1963 χοίρους
3035 1893 3233 1963 βλάψαι
3271 1893 3516 1959 δύναται,
3549 1896 3624 1964 μὴ
3654 1913 3837 1965 παρα-

2257 1985 2561 2054 χωροῦντος
2596 1984 2784 2037 αὐτοῦ.
2825 1986 2935 2038 Καὶ
2984 1985 3144 2038 τοῦτο
3205 1985 3489 2055 προϊόντες
3523 1986 3834 2056 εὑρήσομεν

2256 2075 2653 2147 φανερώτερον.
2726 2078 3055 2147 Παραχωρεῖ
3094 2078 3150 2130 δὲ
3210 2078 3473 2138 πολλάκις
3527 2077 3833 2139 ἐπάγεσθαι

2254 2171 2386 2237 ἡμῖν
2439 2170 2565 2231 τοὺς
2631 2169 2999 2237 πειρασμοὺς,
3030 2169 3062 2238 ἦ
3095 2169 3229 2238 πρὸς
3288 2168 3364 2236 (9)
3400 2168 3670 2236 κάθαρσιν
3722 2168 3835 2219 τῶν

2256 2262 2542 2331 ἁμαρτιῶν
2599 2262 2774 2331 ἡμῶν,
2813 2261 2847 2329 ἢ
2894 2263 3031 2330 πρὸς
3073 2262 3383 2330 φανέρωσιν
3431 2260 3533 2327 τῆς
3588 2259 3833 2328 ψυχικῆς

2253 2330 2504 2423 ἀνδρείας
2542 2354 2651 2421 (l0)
2689 2330 2869 2423 ἡμῶν,
2909 2354 2983 2416 ὡς
3020 2356 3053 2419 ἡ
3103 2354 3246 2406 κατὰ
3284 2352 3375 2404 τὸν
3414 2352 3534 2403 Ἰὼϐ
3585 2352 3832 2416 ἐδίδαξεν

2254 2447 2485 2516 ἱστορία.
2529 2446 2759 2498 Κελεύει
2808 2442 2921 2510 οὖν,
2961 2445 3219 2514 εὕχεσθαι
3253 2445 3372 2513 μὲν,
3406 2446 3481 2513 μὴ
3520 2442 3835 2511 εἰσενεχθῆ-

2254 2554 2339 2591 ναι
2371 2542 2450 2600 είς
2474 2539 2902 2607 πειρασμὸν,διὰ
2931 2539 3030 2602 τὰς
3049 2538 3307 2607 ἀνωτέρω
3332 2536 3591 2607 ῥηθείσας
3614 2536 3791 2595 αἰτίας
3813 2550 3829 2566 ⁸

2252 2631 2412 2692 αὐτὸς
2434 2631 2511 2692 δὲ,
2546 2633 2835 2699 οἰκονόμος
2865 2629 2939 2682 ὢν
2972 2631 3081 2682 τῶν
3132 2629 3421 2699 ἡμετέρων
3447 2628 3660 2698 ψυχῶν,
3695 2628 3833 2680 ποτὲ

2252 2721 2353 2786 μὲν
2386 2723 2730 2789 παραχωρεῖ,
2761 2721 2891 2773 ποτὲ
2927 2720 2984 2773 δὲ
3016 2720 3238 2782 κωλύει,
3277 2720 3413 2788 πρὸς
3434 2719 3495 2770 τὸ
3520 2720 3828 2788 συμφέρον,

2252 2812 2508 2878 ἑκάτερα.
2583 2812 2682 2863 Διά
2758 2810 2942 2875 τοῦτο,
3001 2811 3076 2881 μὴ
3148 2811 3505 2879 ἐπαγομένων
3562 2810 3661 2878 μὲν
3719 2810 3833 2862 τῶν

2253 2904 2596 2971 πειρασμῶν,
2662 2906 3025 2974 παραιτητέον
3092 2903 3314 2967 αὐτοὺς,
3359 2902 3719 2971 ἐπαγομένων
3743 2901 3829 2966 δὲ,

2251 2992 2587 3061 ἀνδριστέον,
2629 2991 2716 3044 ἵνα
2769 2992 2867 3043 καὶ
2918 2992 2980 3043 τὸ
3034 2990 3283 3061 μέτριον,
3338 2991 3434 3042 καὶ
3458 2989 3520 3041 τὸ
3576 2990 3831 3055 γενναῖον

2250 3079 2671 3151 ὲπιδειξώμεθα.

2328 3343 2512 3397 Ἀλλὰ
2540 3373 2607 3381 -
2635 3342 2755 3396 ἀπὸ
2790 3350 2897 3395 τοῦ
2944 3342 3237 3407 πονηροῦ.
3281 3342 3525 3411 Πονηρδν
3563 3343 3828 3411 ἐνταῦθα,

2242 3431 2333 3485 τὸν
2362 3430 2606 3483 διάϐολον
2633 3429 2937 3497 ὠνόμασεν,
2977 3428 3073 3496 οὐχ
3105 3428 3178 3491 ὼς
3206 3427 3366 3495 φύσει
3400 3429 3659 3499 πονηρὸν,
3705 3432 3827 3483 ἀλλ’

2240 3522 2316 3584 ὡς
2358 3522 2696 3590 προαιρέσει.
2751 3517 2886 3572 Κατ’
2921 3517 3202 3586 ἐξαίρετον
3255 3519 3310 3571 δὲ
3362 3520 3595 3589 πονηρὸν
3656 3521 3827 3572 αὑτὸν

2240 3616 2520 3676 ἐκάλεσεν,
2576 3614 2648 3675 ὡς
2708 3611 2827 3664 καθ’
2881 3612 3191 3681 ὑπερϐολὴν
3228 3613 3486 3681 πονηρόν.
3519 3614 3823 3679 Ἐπιτάξας

2239 3709 2294 3759 δὲ
2320 3710 2451 3777 ἡμῖν
2493 3705 2752 3773 εὓχεσθαι
2812 3706 3076 3774 ῥυσθῆναι
3128 3702 3221 3755 ἀπ’
3251 3702 3437 3765 αὑτοῦ,
3468 3702 3690 3769 ἔδειξεν,
3734 3706 3824 3756 ὅτι

2239 3798 2502 3849 ἄσπονδον
2540 3800 2633 3849 καὶ
2697 3794 3003 3863 βαρύτατον
3050 3791 3161 3860 ἔχει
3188 3790 3309 3843 καθ’
3358 3790 3515 3859 ἡμῶν
3553 3791 3821 3860 πόλεμον,

2240 3891 2330 3941 καὶ
2362 3891 2520 3958 χρεία
2543 3890 2639 3956 τῆς
2675 3886 2885 3938 ἄνωθεν
2920 3885 3260 3953 συμμαχίας.
3309 3883 3582 3951 Εῧχεσθαι
3635 3884 3691 3935 δὲ
3724 3887 3824 3953 ρυ-

2240 3979 2431 4046 σθῆναι
2462 3980 2554 4029 ἀπ’
2590 3977 2755 4029 αὐτοῦ
2805 3976 2967 4044 μόνου
3011 3977 3121 4044 (Η)
3172 3973 3481 4042 διωρίσατο,
3521 3973 3815 4031 διδάσκων.

2238 4072 2318 4122 ὅτι
2348 4072 2505 4139 μόνος
2547 4062 2701 4131 οὗτος
2756 4066 2929 4119 κακοῦ
2964 4066 3167 4127 παντὸς
3206 4064 3382 4127 αἴτιός
3427 4066 3565 4128 ἐστι,
3604 4067 3699 4117 καὶ
3729 4066 3820 4118 ὅτι

2235 4161 2370 4227 πρὸς
2395 4161 2556 4230 μόνον
2579 4159 2766 4211 τοῦτον
2785 4157 3093 4227 ὲχθραίνειν
3126 4155 3254 4225 χρὴ,
3280 4157 3376 4207 καὶ
3411 4155 3484 4225 μὴ
3521 4156 3657 4222 πρὸς
3682 4155 3818 4218 τοὺς

2233 4252 2293 4316 ἐξ
2322 4251 2633 4321 ἀφροσύνης
2694 4249 3054 4318 πειθομένους
3110 4246 3291 4315 αὐτῷ,
3324 4246 3418 4299 καὶ
3470 4244 3818 4315 βλάπτοντας

2233 4347 2398 4413 ἡμᾶς,
2429 4342 2521 4407 οὓς
2558 4342 2757 4411 μᾶλλον
2791 4340 2966 4393 ἐλεεῖν
3002 4339 3300 4409 προσῆκον,
3356 4337 3430 4398 ὡς
3474 4338 3817 4405 ἡττηθέντας

2231 4454 2416 4489 αυτου.

2300 4616 2450 4687 [Ἔτι
2482 4613 2590 4682 (12)
2640 4612 2735 4663 καὶ
2764 4609 2858 4661 τοῦ
2890 4609 3046 4675 ἁγίου
3086 4606 3337 4672 Μαξίμου
3386 4606 3466 4666 είς
3508 4604 3567 4655 τὸ
3608 4602 3813 4671 Ἅγια..

562 4704 660 4755 tari
692 4705 937 4772 quaedam
963 4705 1016 4757 in
1051 4707 1325 4759 Dominica
1348 4709 1617 4769 oratione,
1645 4718 1702 4762 ut
1731 4725 1925 4764 nomen
1952 4712 2127 4765 Patris

2250 4707 2431 4772 τθήτω
2457 4706 2523 4757 τὸ
2552 4701 2741 4771 ὄνομά
2769 4716 2910 4764 σου,
2945 4701 3039 4753 καὶ
3070 4700 3135 4751 τὰ
3171 4697 3319 4766 ἑξῆς.
3344 4697 3551 4764 Ὄνομα
3584 4694 3681 4764 μὲν
3711 4691 3815 4749 οὖν

559 4782 631 4845 sit
661 4791 853 4848 Filius.
879 4793 1084 4849 Nomen
1121 4797 1289 4857 enim,
1323 4796 1441 4863 ejus
1466 4799 1624 4863 cujus
1649 4806 1731 4852 est
1763 4814 1981 4864 nomen,
2034 4801 2128 4853 de-

560 4883 880 4939 clarativum
937 4896 1059 4949 est;
1115 4900 1169 4940 et
1234 4888 1306 4940 ita
1342 4887 1511 4941 Filius
1544 4888 1759 4944 Patrem
1791 4891 2125 4946 manifeSLat.

665 5064 703 5093 ”
734 5063 850 5118 Jac.
880 5080 920 5127 ι,
947 5066 1012 5118 15

2226 4801 2319 4853 τοῦ
2351 4798 2582 4867 Πατρὸς,
2619 4800 2645 4849 ὁ
2678 4795 2826 4858 Υἱός.
2860 4792 3128 4860 Καθάπερ
3150 4791 3259 4859 γὰρ
3281 4791 3341 4842 τὸ
3370 4790 3543 4858 ὄνομα
3569 4788 3812 4856 δηλωτι-

2230 4892 2323 4943 κόν
2375 4891 2489 4940 ἐστι
2546 4890 2641 4957 τῆς
2680 4886 2920 4955 φύσεως,
2964 4880 3031 4954 ἦς
3068 4883 3215 4936 ἐστιν
3242 4880 3414 4951 ὖνομα
3438 4894 3453 4909 ⁸
3479 4880 3623 4932 οὕτω
3650 4880 3747 4933 καὶ
3780 4882 3813 4931 ὁ

1734 5159 1933 5219 Variae
1969 5158 2265 5221 lectiones
2310 5167 2370 5219 et
2414 5171 2603 5222 noue.

635 5331 705 5400 (8)
730 5329 922 5397 ἀνδρία
948 5330 1010 5381 Α.

652 5400 703 5461 9)
736 5400 1059 5467 καθαίρεσιν
1092 5400 1128 5449 Α
1143 5440 1155 5452 .

661 5472 740 5537 10)
776 5468 999 5537 ἀνδρίας
1028 5470 1091 5522 Α.

631 5472 719 5539 (10
776 5472 999 5537 ἀνδρίας
1028 5472 1091 5522 A.

628 5472 740 5608 uti
776 5536 962 5606 μόνου,
1003 5540 1154 5592 abest
1188 5541 1252 5590 Α.

629 5722 707 5784 (o)
738 5718 812 5770 Ab
844 5720 905 5771 iis
940 5733 1121 5770 cavere
1150 5717 1411 5769 debemus.
1456 5715 1813 5782 Deprecandaa
1856 5725 2004 5768 sunt.

2312 5332 2423 5396 (l9!)
2450 5332 2692 5404 Alne-lusa
2738 5334 2788 5384 in
2818 5324 3064 5404 margine
3090 5328 3252 5404 liabet
3296 5327 3359 5379 A.
3419 5324 3624 5404 Eadem.
3670 5336 3802 5378 cum

2240 5402 2344 5453 alio
2363 5394 2550 5475 indice
2577 5404 2863 5455 exhibebat
2886 5394 3192 5475 ﬂéntenius
3222 5406 3345 5466 post
3377 5394 3801 5475 esplicationem

2236 5472 2403 5537 partis
2430 5470 2631 5525 ultimae
2662 5487 2850 5525 versus
2878 5472 2961 5526 15.
3002 5471 3109 5524 Nos
3138 5482 3266 5533 ergo
3289 5470 3595 5522 versionem
3626 5470 3804 5532 ipsius

2242 5542 2345 5592 liuc
2370 5541 2762 5593 transtulimus.

627 5780 701 5846 {pi
740 5788 944 5848 Solum,
968 5797 1073 5841 etc.
1103 5786 1336 5851 Deﬁniit,
1374 5780 1621 5852 prtecepit
1656 5796 1833 5838 autem
1885 5785 2090 5853 pret-ari
2112 5784 2176 5835 ab
2202 5782 2295 5835 illo
2331 5783 2443 5835 solo
2474 5780 2721 5835 liberari.
