4026 6524
178 393 262 456 Si!

1049 399 1444 460 COMMENT.
1491 398 1572 457 IN
1618 396 2096 459 MATTH/EUM.
2138 423 2206 434 --
2246 398 2408 458 CAP.
2449 398 2548 461 Vi.

3333 391 3441 453 2&2

178 503 291 563 Tib;
323 502 622 572 6qltmrtx6;
647 504 742 558 τοῦ
779 507 1015 576 Πατρός.
1059 508 1318 562 Βασιλεία
1349 509 1427 572 δὲ,
1474 510 1533 562 τὸ
1593 511 1747 576 ἆγιον

1875 509 2104 578 legnum
2131 518 2313 564 autem
2344 508 2585 578 Spiritus
2612 517 2836 562 sanctus
2862 507 3099 570 dicatur,
3132 505 3203 559 ob
3230 505 3445 559 divino-

179 593 280 663 (15)
323 593 570 662 Πνεῦμα,
601 596 686 650 διὰ
711 597 801 649 τὸν
837 598 1070 653 πλοῦτον
1112 600 1220 653 τῶν
1267 601 1427 652 θείων
1459 603 1739 670 χαρισμά-

173 701 290 738 των.
335 686 490 738 Ἐπεὶ
520 688 576 740 δὲ
598 690 624 740 6
655 689 891 756 Χριστὸς
925 690 1136 758 κεφαλή
1182 694 1332 744 ἐστιν
1367 691 1546 760 ἡμῶν,
1583 695 1743 758 ἁγια-

174 775 404 844 ζομὲνων
434 777 610 846 ἡμῶν,
645 780 753 831 τῶν
785 781 966 849 μελῶν
1017 783 1208 846 αὐτοῦ,
1241 785 1308 836 δι’
1357 783 1606 850 ἁγνείας,
1648 784 1746 835 αὐ-

170 866 250 928 τὸς
270 867 580 933 ἁγιάζεται,
618 872 713 923 καὶ
746 871 1100 938 ἁγιασθεῖσιν
1134 876 1391 943 ἐπιφοιτᾷ
1422 858 1483 926 τὸ
1520 874 1745 944 Πνεῦμα

169 957 221 1008 τὸ
264 957 439 1024 ἅγιον.
501 960 727 1029 Θέλημα
787 963 845 1014 δὲ
905 962 1001 1015 τοῦ
1061 964 1274 1034 Πατρὺς
1309 967 1368 1018 ὲν
1411 966 1746 1036 οὐρανοῖςιὴ

170 1045 356 1112 λογικὴ
409 1049 520 1099 τῶν
572 1049 920 1120 ἐπουρανίων
973 1052 1183 1116 τάξεων
1228 1055 1477 1124 λατρεία.
1541 1056 1746 1125 Εἰρηκε

167 1139 266 1206 γὰρ
294 1140 389 1189 καὶ
448 1141 583 1208 πρὸς
630 1141 722 1193 τὸν
768 1145 966 1197 Δαυῖδ·
1021 1146 1080 1198 Τί
1108 1145 1219 1214 γάρ
1239 1164 1343 1215 μοι
1380 1146 1639 1216 ὑπάρχει
1674 1150 1747 1202 ἑν

168 1226 241 1290 τῷ
263 1228 503 1294 οὐρανῷ
532 1233 686 1302 παρὰ
712 1234 820 1286 τῶν
856 1235 1128 1302 ἀγγέλων,
1166 1237 1319 1289 οὐδὲν
1347 1237 1554 1304 ἕτερον,
1604 1239 1749 1309 πλὴν

167 1318 264 1385 τῆς
321 1319 550 1390 λογικῆς
583 1322 839 1392 λατρείας
885 1325 1161 1390 δηλονότι·
1207 1328 1300 1379 καὶ
1332 1329 1484 1393 παρὰ
1535 1329 1628 1381 σοῦ
1654 1329 1749 1382 τοῦ

164 1410 475 1480 ἀνθρώπου,
512 1416 570 1468 τί
610 1417 887 1483 ἠθέλησα
916 1417 1014 1470 ἐπὶ
1046 1416 1156 1484 τῆς
1177 1418 1287 1487 γῆς
1308 1436 1327 1484 ;
1363 1420 1517 1473 οὐδὲν
1563 1421 1748 1491 ἕτερον

164 1501 449 1572 ἦταύτην.
502 1504 654 1576 Αὕτη
691 1506 801 1577 γὰρ
825 1509 885 1559 τὸ
915 1509 1215 1574 αναγκαῖον
1264 1510 1360 1560 καὶ
1402 1509 1751 1580 προηγούμε-

162 1609 270 1648 νον.
305 1595 516 1664 Λογικὴ
545 1596 603 1649 δὲ
637 1596 864 1665 λατρεία
909 1599 1140 1667 κυρίως,
1181 1601 1243 1652 τὸ
1266 1601 1469 1653 τείνειν
1499 1603 1592 1656 τὸν
1623 1604 1750 1657 νοῦν

163 1684 297 1752 πρὸς
343 1685 438 1737 τὸν
489 1686 645 1752 Θεὸν,
707 1689 786 1759 τῷ
837 1707 898 1741 τε
945 1692 1087 1742 κατὰ
1129 1692 1321 1745 παθῶν
1354 1693 1448 1746 καὶ
1480 1694 1752 1763 δαιμόνων

160 1773 318 1843 θυμῷ
369 1777 755 1847 νευρούμενον,
792 1781 888 1832 καὶ
921 1783 988 1849 τῇ
1025 1781 1297 1853 ἐπιθυμίᾳ
1355 1783 1464 1835 τῶν
1497 1784 1611 1838 ἀνω
1647 1803 1753 1838 πυ-

1849 616 1968 652 rum
2029 600 2300 653 donorum
2365 599 2604 652 divitias.
2661 598 3028 682 Quiajgitur
3071 595 3329 649 Christus
3359 605 3442 648 cst

1849 699 2014 758 caput
2079 700 2350 756 nostrum,
2403 690 2560 744 nobis
2621 689 2712 756 qui
2784 688 3028 742 membra
3064 687 3185 754 ejus
3228 700 3441 745 summ,

1851 795 1949 847 per
1981 779 2100 833 vita:
2129 779 2423 848 puritatem
2453 779 2809 833 sanctificatis
2866 787 2919 832 et
2946 779 3058 846 jam
3093 779 3211 845 ipse
3239 777 3443 830 sancti-

1850 869 2045 922 ﬁcatur
2088 886 2102 934 ;
2141 869 2230 924 ubi
2272 885 2402 924 vero
2429 870 2756 923 sanctilicati
2815 883 3027 931 sumus,
3096 866 3312 920 accedit
3377 863 3442 915 ad

1849 975 1952 1013 nos
1980 959 2218 1028 Spiritus
2270 970 2515 1016 sanctus.
2559 959 2827 1014 Voluntas
2877 968 3061 1012 autem
3114 956 3292 1011 Patris
3327 971 3446 1022 qua:

1852 1052 1913 1106 lit
1963 1053 2020 1106 in
2079 1051 2260 1114 caelis,
2319 1053 2750 1107 est.ratinualis
2798 1051 3110 1106 caelestium
3180 1050 3446 1102 virtutum

1856 1145 2055 1198 cultus.
2089 1144 2232 1198 Dixit
2282 1146 2426 1198 enim
2459 1155 2509 1198 et
2542 1146 2608 1199 ad
2669 1143 2834 1198 David
2873 1163 2884 1198 :
2934 1142 3071 1207 Quid
3105 1141 3235 1194 mihi
3278 1149 3355 1193 est
3398 1139 3450 1189 in

1853 1235 1998 1297 caelo,
2034 1236 2102 1290 ab
2135 1236 2343 1306 angelis
2367 1237 2620 1290 videlicet
2645 1236 2668 1288 ?
2697 1251 2877 1305 neque
2903 1235 3049 1288 enim
3077 1233 3225 1286 aliud
3256 1239 3456 1301 praeter

1855 1326 2174 1379 rationalem
2227 1327 2484 1392 cultum;
2535 1336 2590 1381 et
2651 1343 2680 1379 a
2736 1325 3061 1383 te_homine
3123 1323 3250 1394 quid
3318 1320 3457 1374 volui

1853 1433 2013 1485 super
2032 1429 2229 1471 terram
2262 1419 2308 1449 ”
2326 1420 2348 1470 ?
2369 1417 2518 1472 Nihil
2536 1419 2683 1472 aliud
2707 1429 2909 1488 prazter
2936 1417 3192 1471 eumdem
3221 1413 3454 1480 cultum,

1852 1509 1947 1577 qui
1966 1518 2049 1563 est
2067 1509 2121 1563 id
2140 1511 2286 1579 quod
2311 1510 2685 1564 necessarium
2702 1519 2810 1573 est,
2828 1507 3042 1563 caeteris
3067 1517 3452 1573 praeminens.

1857 1601 2164 1657 Rationalis
2217 1614 2402 1658 autem
2465 1605 2649 1659 cultus
2708 1615 2814 1668 est,
2869 1613 3109 1658 mentem
3166 1601 3235 1654 ad
3289 1600 3458 1653 Deum

1856 1694 2088 1749 tendere
2117 1695 2417 1760 intensam,
2444 1711 2508 1750 ac
2537 1710 2906 1766 supernorum
2932 1694 3213 1750 desiderio
3233 1705 3460 1746 succen-

1859 1797 2000 1848 sam,
2027 1799 2154 1839 cum
2196 1785 2367 1838 animi
2399 1786 2604 1854 impetu
2632 1785 2901 1840 adversus
2933 1783 3137 1837 mentis
3167 1779 3460 1851 perturba-

162 1863 450 1932 ρούμενον.
507 1869 570 1922 ’0
623 1869 670 1920 δ’
721 1871 892 1939 ἄρτος
942 1847 1102 1942 ἡμῶν
1150 1847 1412 1936 διπλοῦς·
1473 1876 1500 1928 6
1550 1877 1650 1944 μὲν
1687 1881 1755 1949 τῇ

1875 1874 2045 1930 tiones
2075 1891 2139 1931 ac
2174 1878 2476 1931 daemones.
2505 1877 2672 1932 Panis
2698 1892 2828 1931 vero
2857 1884 3044 1930 noster
3070 1874 3276 1943 duplex
3323 1879 3408 1926 est
3450 1888 3462 1921 :

160 1956 318 2026 οὐσίᾳ
374 1958 473 2026 τῆς
520 1958 702 2029 ψυχῆς
744 1962 1074 2030 ἐπιτήδειος,
1116 1965 1144 2015 6
1207 1966 1549 2032 γνωστικὸς,
1603 1968 1756 2030 ὅστις

162 2049 582 2117 ἐπιχορηγεῖται
613 2053 754 2106 κατὰ
783 2054 882 2122 τὴν
914 2055 1024 2106 τῶν
1064 2055 1372 2124 δεχομένων
1415 2056 1650 2126 δύναμιν
1686 2075 1699 2087 ·
1731 2061 1758 2112 6

161 2135 235 2197 δὲ,
268 2139 336 2205 τῇ
374 2138 538 2208 οὐσίᾳ
599 2139 694 2192 τοῦ
768 2143 1023 2210 σώματος
1071 2143 1354 2213 ἁρμόδιος,
1391 2148 1418 2197 ὀ
1459 2146 1752 2216 αἰσθητόςο

163 2227 258 2278 καὶ
285 2229 312 2278 6
342 2228 442 2296 μὲν
476 2229 705 2296 ἄνωθεν,
749 2234 776 2284 6
822 2231 878 2284 δὲ
901 2233 1150 2286 κάτωθεν
1199 2236 1596 2306 παρεχόμενος.
1649 2239 1760 2292 Kal.

163 2317 190 2367 6
217 2319 527 2388 πειρασμὸς
556 2321 612 2372 δὲ
639 2322 817 2386 διττός
856 2340 872 2357 ο
908 2325 935 2375 6
974 2323 1074 2393 μὲν
1117 2327 1387 2396 ὲνήδονος,
1425 2329 1454 2379 ό
1483 2329 1540 2382 δὲ
1581 2331 1759 2382 ὲνόδυ-

170 2425 256 2470 νος
285 2425 301 2440 ⁸
329 2412 425 2462 καὶ
449 2413 477 2464 6
511 2411 612 2480 μὲν
640 2414 889 2478 ἑκούσιος
940 2417 1035 2469 καὶ
1074 2419 1359 2490 γεννήτωρ
1390 2421 1603 2488 παθῶν,
1641 2426 1668 2474 6
1703 2423 1760 2475 δὲ

165 2499 445 2566 ἀκούσιος,
481 2505 574 2555 καὶ
615 2505 916 2576 ἀναιρέτης
954 2507 1168 2563 παθῶν.
1203 2511 1308 2563 Τὸν
1347 2513 1450 2580 μὲν
1479 2511 1575 2566 οὖν
1602 2516 1761 2567 ἑκούο

170 2608 282 2643 σιον
333 2593 561 2660 φεύγειν
594 2598 740 2667 χρή·
773 2597 867 2649 τὸν
892 2598 936 2648 δ’
976 2599 1238 2653 ἀκούσιον
1271 2603 1613 2672 ἀπεύχεσθαι
1661 2609 1761 2677 μὲν

167 2682 256 2734 διὰ
285 2683 388 2752 τὴν
441 2686 727 2740 ἀσθένειαν
758 2689 939 2759 ἡμῶν,
1002 2692 1306 2746 ἐπελθόντα
1362 2693 1420 2746 δὲ
1463 2697 1762 2766 ὑπομένειν

169 2780 456 2845 γενναίως,
489 2782 564 2844 ὡς
619 2784 1017 2854 καθαρτήριον.
1057 2787 1214 2840 Ἐστι
1247 2788 1304 2840 δὲ
1340 2791 1436 2842 καὶ
1474 2789 1605 2842 ἄλλο
1643 2809 1763 2844 πει-

176 2871 406 2937 ρασμῶν
437 2867 600 2938 εἶδος,
642 2875 702 2928 τὸ
732 2876 1188 2948 δοκιμαστήριον.
1236 2882 1371 2934 Ἀπὸ
1394 2884 1490 2936 τοῦ
1519 2885 1762 2956 πονηροῦ

173 2960 228 3012 δὲ
281 2960 313 3030 ἢ
349 2961 444 3014 τοῦ
469 2963 746 3032 δαίμονος,
783 2968 817 3037 ἦ
850 2968 945 3021 τοῦ
982 2970 1366 3043 πράγματος.]

248 3223 448 3277 ὀτι-
489 3225 700 3296 Ἀμήν.
745 3231 1190 3302 Ἀκροτελεύτιον
1213 3237 1312 3306 τῆς
1341 3239 1530 3309 εὐχῆς,
1564 3241 1768 3308 εὐγνω-
1796 3203 1841 3259 C

187 3317 388 3388 μοσύνη
440 3320 551 3374 τῶν
599 3323 934 3393 εὐχομένων,
1000 3330 1094 3381 καὶ
1154 3323 1406 3399 εὐφημία
1456 3333 1551 3386 τοῦ
1609 3335 1771 3389 Θεοῦ.

185 3408 399 3462 Νοεϊται
429 3412 540 3482 γάρ
563 3430 579 3445 ·
618 3415 1096 3487 Πλὴρωθήτωσαν,
1127 3420 1164 3474 ἃ
1200 3423 1509 3493 ηὐξάμεθα,
1539 3426 1677 3478 διότι
1708 3428 1772 3480 σὺ

187 3499 446 3567 Βασιλεὺς
475 3506 659 3576 ἡμῶν,
688 3512 783 3563 καὶ
822 3511 1053 3575 δυνατὸς
1085 3516 1165 3576 είς
1199 3516 1368 3578 ἆπαν,
1429 3519 1522 3570 καὶ
1551 3518 1773 3585 δεδοξα-

185 3592 376 3658 σμένος
409 3595 515 3649 ἀεί.
560 3597 730 3651 Τοῦτο
773 3602 880 3670 γὰρ
907 3603 1060 3671 δηλοῖ
1087 3605 1168 3670 τὸ,
1195 3605 1302 3672 Εἰς
1337 3607 1485 3676 τοὺς
1521 3609 1769 3666 αὶῶναο.

189 3683 315 3755 Περὶ
340 3686 398 3738 δὲ
432 3687 527 3741 τοῦ
565 3689 767 3760 Ἀμὴν,
803 3694 1064 3764 ἀνωτέρω
1090 3697 1326 3768 εἴρηται.

263 3869 493 3922 Ἐὰν-
521 3871 707 3941 ὑμῶν.
769 3876 1156 3939 Ἐπανέ>.α6εν,
1192 3880 1268 3944 ὡς
1317 3881 1646 3953 εἰρήκαμεν,
1683 3886 1776 3939 τὸν

185 3960 310 4028 περὶ
339 3961 532 4016 τούτου
585 3964 763 4033 λόγον,
815 3970 910 4023 καὶ
949 3971 1221 4024 πλατύνει
1265 3975 1479 4036 τοῦτον,
1535 3977 1774 4043 δεικνὺς,

186 4049 264 4101 ὅτι
324 4055 796 4122 περισπούδαστόν
853 4063 972 4114 ἐστι
1026 4062 1148 4133 Θεῷ
1194 4065 1254 4116 τὸ
1310 4067 1554 4121 τοιοῦτον
1590 4069 1772 4140 ἔργον.

191 4142 293 4193 Καὶ
325 4145 426 4213 ὅρα
458 4164 549 4214 μοι
581 4150 998 4222 φιλανθρωπίας
1039 4155 1369 4226 ὑπερϐολήν.
1421 4158 1598 4227 Ἥμᾶς
1632 4165 1778 4216 ποιεῖ

188 4233 409 4300 κυρίους
470 4237 572 4306 τῆς
628 4239 732 4292 τῶν
808 4243 1230 4314 ἁμαρτημάτων
1285 4248 1444 4318 ἡμῶν
1502 4251 1772 4319 ἀφέσεως.

200 4323 341 4377 Ἀλλ’
393 4325 527 4389 ἴσως
581 4331 750 4398 ἐρεῖς,
800 4334 883 4387 ὅτι
947 4337 1119 4389 πολλὰ
1142 4339 1238 4390 καὶ
1265 4341 1478 4409 μεγάλα
1512 4345 1778 4413 πεπλημ-

191 4415 428 4483 μέληκεν
448 4419 477 4470 ό
507 4421 772 4492 ἀδικήσας
793 4437 808 4454 ⁸
841 4427 978 4478 ἀλλὰ
1010 4427 1074 4479 σὺ
1115 4431 1336 4483 πλείονα
1387 4435 1481 4485 καὶ
1527 4434 1774 4503 μείζονα.

1868 1983 2015 2022 unus
2057 1966 2280 2036 quidem
2332 1983 2612 2038 congruus
2668 1967 2993 2022 substantiae
3045 1965 3268 2025 animaz,
3329 1972 3458 2031 puta

1867 2059 2122 2120 scientia.
2169 2066 2224 2112 et
2257 2058 2383 2131 Ιιίιειι⁸
2405 2059 2683 2129 praebetur
2727 2058 2883 2128 juxta
2931 2055 3321 2126 recipientium
3356 2056 3468 2106 vir-

1869 2158 2083 2217 tutem;
2118 2149 2259 2204 alius
2302 2164 2433 2203 vero
2483 2158 2695 2202 naturae
2749 2146 3021 2216 corporis,
3079 2143 3354 2199 sensibilis
3383 2144 3469 2194 ri-

1867 2242 2086 2296 delicet.
2155 2241 2220 2297 Et
2261 2243 2350 2296 ille
2398 2241 2620 2311 quidem
2669 2253 2911 2310 superne
2985 2240 3349 2300 ministratur,
3381 2235 3473 2287 hic.

1843 2341 2053 2387 'autem
2110 2333 2348 2387 iuferne.
2397 2332 2662 2387 Tentatio
2710 2345 2928 2400 quoque
2981 2329 3184 2398 duplex
3243 2337 3348 2386 est.
3381 2342 3472 2378 vo-

1869 2423 2095 2493 luptatis
2136 2424 2394 2478 videlicet
2433 2440 2495 2480 ae
2530 2424 2762 2487 doloris,
2824 2433 2878 2478 et
2931 2424 3016 2477 illa
3054 2422 3274 2492 quidem
3302 2430 3462 2474 natu-

1871 2516 2000 2570 ralis
2029 2524 2134 2575 est.
2165 2530 2251 2569 rae
2282 2516 2750 2584 perturbatio-um
2785 2514 3096 2568 innatarum
3125 2532 3142 2576 ;
3181 2513 3300 2567 haec
3338 2526 3468 2565 vero

1873 2607 2239 2660 involuntaria
2274 2615 2379 2669 est,
2412 2614 2469 2660 et
2509 2607 2986 2676 perturbationum
3039 2615 3248 2659 naturae
3281 2606 3476 2658 adver-

1871 2697 2136 2750 santium.
2177 2696 2552 2751 Voluntariam
2587 2697 2753 2767 igitur
2789 2697 2980 2766 fugere
3037 2706 3278 2765 oportet,
3321 2696 3477 2749 invo-

1873 2788 2167 2841 luntariam
2221 2805 2352 2842 vero
2394 2789 2640 2843 devitare.
2691 2788 2916 2859 quidem
2965 2797 3191 2858 propter
3231 2797 3474 2841 nostram

1874 2875 2358 2939 imbecillitatem;
2417 2885 2472 2929 at
2521 2875 2627 2929 ubi-
2669 2876 2903 2940 venerit,
2957 2884 3219 2943 tanquam
3276 2892 3475 2945 purga—

1877 2966 2045 3020 tivam
2108 2967 2342 3021 viriliter
2409 2967 2709 3021 sustinere.
2784 2967 2882 3022 Est
2940 2983 3160 3036 quoque
3208 2976 3264 3019 ct
3329 2967 3478 3020 aliud

1878 3056 2240 3110 tcntationum
2297 3072 2496 3126 genus,
2540 3058 2824 3111 sumenda:
2873 3056 3136 3111 videlicet
3181 3056 3476 3124 experien-

1880 3147 1987 3201 tiae.
2040 3150 2081 3200 Α
2114 3149 2259 3201 malo
2309 3159 2515 3213 autem,
2582 3149 2832 3204 daemone
2878 3149 3090 3203 scilicet
3123 3149 3205 3202 vel
3255 3163 3438 3216 opere.

1951 3239 2108 3294 Vers.
2141 3240 2229 3294 15.
2265 3238 2401 3303 Quia
2437 3269 2507 3280 -—
2535 3243 2725 3294 Amen.
2764 3241 3023 3294 Extrema
3056 3238 3321 3294 orationis
3354 3254 3478 3308 pars

1877 3340 1980 3392 est,
2018 3347 2203 3386 eorum
2235 3332 2329 3400 qui
2362 3340 2523 3385 orant
2548 3331 2719 3385 animi
2749 3331 3046 3403 gratitude,
3080 3339 3252 3400 utque
3295 3331 3471 3384 Deum

1878 3423 2231 3476 benedicant.
2286 3422 2380 3476 Sic
2437 3438 2567 3492 ergo
2633 3422 2960 3494 intelligitur
3016 3437 3030 3474 :
3081 3421 3480 3492 Complcautur

1877 3515 1996 3570 haec
2046 3531 2167 3585 qua:
2218 3516 2601 3585 postulamus;
2663 3525 2719 3569 tu
2770 3517 2917 3570 enim
2971 3515 3089 3569 Rex
3142 3522 3334 3568 noster
3394 3530 3474 3575 es.

1879 3617 2073 3678 potens
2100 3609 2166 3662 ad
2205 3623 2269 3662 ea
2319 3608 2680 3670 conferenda,
2719 3622 3052 3677 semperque
3089 3607 3387 3674 gloriosus.
3413 3608 3478 3658 lit

1879 3699 1985 3754 hoc
2016 3700 2221 3755 indicat
2250 3702 2394 3768 quod
2429 3700 2672 3766 additur,
2737 3703 2791 3753 iu
2840 3700 3056 3754 mcula.
3113 3699 3188 3752 De
3239 3697 3480 3751 dictione

1877 3792 2050 3846 Amen
2082 3794 2338 3863 superius
2395 3794 2603 3848 dictum
2643 3802 2747 3846 est.

1951 3881 2108 3939 Vers.
2157 3884 2245 3938 M.
2303 3882 2649 3939 δία-γεγε.
2708 3883 2795 3938 15.
2852 3892 3047 3937 vestra.
3095 3883 3343 3946 lteravit,
3424 3892 3483 3936 ut

1880 3975 2140 4040 diximus,
2189 3976 2257 4029 de
2299 3976 2401 4029 hac
2430 3990 2490 4029 re
2535 3990 2847 4029 sermonem
2902 3975 3196 4044 ipsumque
3268 3975 3479 4038 dilatat,

1880 4067 2178 4123 Ostendens
2204 4064 2520 4134 huiusmodi
2543 4081 2683 4136 Opus
2719 4082 2840 4121 esse
2868 4066 2980 4121 Deo
3012 4067 3250 4121 maxime
3317 4083 3478 4121 acce-

1883 4159 2104 4230 ptabile.
2161 4158 2461 4213 Considera
2489 4159 2653 4212 etiam
2682 4158 2841 4218 mihi.
2884 4159 3138 4220 obsecro,
3172 4160 3481 4213 humanita-

1882 4253 1951 4306 tis
1970 4251 2418 4320 magnitudinem.
2451 4251 2508 4304 ln
2531 4262 2718 4306 nostra
2745 4251 3326 4322 constituitzpotestate
3358 4269 3484 4322 pec-

1882 4352 2130 4398 catorum
2196 4352 2512 4395 nostrorum
2569 4341 2980 4396 remissionem.
3065 4343 3134 4396 At
3167 4343 3318 4397 dices
3371 4343 3485 4398 for-

1884 4434 2071 4498 tassis,
2134 4432 2281 4501 quod
2352 4432 2406 4484 in
2460 4432 2649 4486 multis
2722 4432 3072 4502 dcliuquens,
3150 4433 3351 4502 injuria
3436 4445 3486 4488 te

191 4508 300 4599 Kal.
388 4511 489 4578 μὲν
518 4514 598 4575 είς
626 4515 716 4568 τὸν
741 4518 1051 4586 ὁμόδουλον,
1089 4523 1152 4573 σὺ
1176 4523 1231 4574 δὲ
1256 4525 1334 4586 είς
1359 4525 1451 4577 τὸν
1475 4529 1756 4596 Δεσπότην

1885 4524 2157 4579 allccerit.
2219 4522 2421 4578 Verum
2496 4535 2554 4578 tu
2609 4525 2662 4577 in
2725 4525 2975 4594 pluribus
3022 4534 3077 4580 et
3133 4527 3480 4596 majoribus:

192 4598 298 4650 Kal.
343 4601 410 4652 σὺ
443 4604 566 4673 μὲν,
597 4605 852 4676 δεόμενος
884 4612 1158 4680 ἀφέσεως,
1191 4616 1427 4685 ἀφήσεις
1451 4633 1464 4646 “
1505 4621 1532 4670 ό
1560 4620 1616 4671 δὲ
1642 4621 1776 4684 Θεὸς

193 4691 266 4761 μὴ
294 4692 572 4779 δεόμενος.
612 4697 673 4752 El
702 4699 882 4756 τοίνυν
903 4704 1161 4779 ἀφήσεις,
1191 4709 1420 4760 σεαυτὸν
1464 4710 1778 4783 ἠλευθέρω-

191 4799 308 4846 σας.
344 4786 619 4854 Ἕσσεσας
650 4789 752 4861 μὲν
779 4794 888 4865 γὰρ
917 4797 1013 4850 τὸν
1047 4797 1240 4868 θυμὸν,
1285 4801 1572 4872 ἀπήλασας
1596 4806 1651 4858 δὲ
1680 4807 1778 4878 τὴν

193 4879 610 4966 μνησικακίαν,
670 4886 968 4956 εἰσήγαγες
1042 4889 1240 4962 δὲτὴν
1337 4894 1781 4966 φιλανορωπίαν,

193 4965 422 5032 ιλέωσας
454 4970 512 5027 δὲ
552 4971 643 5024 τὸν
677 4974 834 5042 Θεὸν,
865 4979 1310 5050 ἐπραγματεύετο»
1362 4983 1418 5035 δὲ
1447 4965 1780 5054 τὴνοίκείαν

189 5057 402 5126 ἄφεσιν.

283 5246 444 5299 Otar
471 5276 542 5290 —-
571 5251 992 5318 νηστεύοντες.
1031 5255 1401 5323 Νηστεύοντες
1426 5300 1438 5319 ,
1475 5260 1547 5330 μὴ
1585 5263 1779 5330 ἐπιτη-

191 5332 373 5388 δεύετε
412 5338 513 5407 τὴν
549 5340 1004 5413 σκυθρωπότητα,
1040 5345 1289 5418 καθάπερ
1306 5353 1354 5401 οἱ
1381 5350 1778 5418 σπουδάζοντες

305 5519 349 5551 ⁸⁸
383 5517 530 5574 Psal.
557 5537 726 5587 um,
766 5527 857 5580 25.

1883 4625 1938 4669 et
1995 4617 2082 4670 ille
2135 4615 2359 4684 quidem
2429 4615 2483 4668 in
2538 4631 2897 4682 conservum,
2949 4625 3003 4671 tu
3071 4634 3206 4672 vero
3266 4620 3320 4672 in
3379 4620 3485 4672 Do-

1886 4709 2096 4762 minum
2135 4725 2149 4772 ;
2186 4716 2242 4761 tu
2281 4707 2534 4777 indigens
2600 4708 2927 4763 remissione
2990 4709 3261 4772 remittes,

1886 4817 2014 4854 vero
2058 4800 2261 4854 nullius
2294 4798 2545 4868 indigens
2574 4809 2681 4854 est.
2731 4800 2785 4853 Si
2839 4801 3025 4871 itaque
3056 4802 3363 4863 remiseris,
3404 4812 3484 4855 ttu-

1888 4893 2067 4962 ipsunt
2127 4891 2377 4946 liberasﬁ
2413 4891 2593 4947 :iram
2634 4891 2906 4960 siquidem
2949 4893 3285 4956 exstinxisti,
3314 4895 3484 4946 malu-

1896 5000 2014 5037 rnm
2073 4983 2391 5038 memoriam
2442 4983 2725 5051 expulisti,
2760 4985 3162 5055 benignitatem
3239 4986 3482 5046 induisti,

1898 5075 2067 5127 Deum
2103 5073 2195 5127 tibi
2223 5073 2519 5143 propitium
2544 5076 2844 5139 reddidisti,
2879 5077 3263 5146 prOpriamque
3296 5093 3489 5128 renus-

1891 5168 2102 5220 sioncm
2155 5166 2480 5234 procurasti.

1965 5256 2116 5312 Vers.
2177 5257 2262 5311 16.
2294 5257 2430 5312 Cum
2461 5259 2828 5330 —-jejunare.
2891 5257 2967 5312 Ne
3014 5259 3266 5313 tetricam
3317 5258 3490 5312 tristi-

1890 5352 2018 5405 tiam
2072 5349 2362 5416 aﬂectetis,
2386 5350 2533 5404 velut
2568 5351 2619 5405 hi
2648 5351 2739 5421 qui
2786 5353 2857 5406 ob
2909 5351 3121 5406 Iaudem
3167 5351 3486 5416 humanam,

1403 5595 1598 5656 l'uritn
1623 5595 1929 5656 lectiones
1969 5605 2030 5657 et
2065 5611 2229 5660 now.

273 5760 387 5814 (13)
417 5759 552 5816 Vide
597 5778 716 5820 uuae
758 5765 951 5820 dixiin
1012 5764 1144 5819 edit.
1180 5765 1311 5819 Novi
1346 5765 1680 5821 'l‘estamenti
1715 5767 1778 5820 ad
1822 5765 1953 5818 Luc.
1992 5781 2043 5832 ι).
2077 5766 2200 5832 507,
2240 5779 2362 5820 noza
2409 5770 2460 5819 1‘.

3347 4709 3488 4763 Deus
3541 4756 3544 4757 ,
