4026 6518
522 362 627 428 24⁵1

1737 354 2117 415 EUTHYMII
2191 355 2511 415 ZIGABEN
2522 356 2548 413 Ι

3656 339 3761 404 249

526 475 719 531 minari
756 475 931 527 lucem
963 473 1213 535 habens}
1251 470 1296 523 si
1328 476 1509 522 autem
1534 468 1728 522 oculus
1758 476 1886 521 tuus
1914 482 2084 537 aegro-

2204 468 2521 537 ρωταγωγοῠ
2541 484 2553 497 ·
2577 466 2674 520 ἐὰν
2696 467 2751 519 δὲ
2778 468 2806 520 ό
2830 465 3101 535 ὀφθαλμός
3127 481 3222 517 σου
3253 462 3466 531 νοσερδς
3496 462 3606 528 ειη,
3638 459 3768 512 ὅλον

529 570 612 629 tus
642 558 822 621 fuerit,
848 566 1246 626 totumc‘orpus
1274 564 1426 609 tuum
1458 556 1807 610 tenebrosum
1832 555 1954 618 erit,
1978 570 2087 610 non

527 650 735 703 liabens
783 650 851 703 ab
885 649 1001 717 ipso
1049 648 1246 702 lucem.
1302 646 1379 699 Ita
1445 647 1607 715 igitur
1637 655 1692 700 et
1732 661 1885 701 mens
1912 684 1927 708 ,
1970 662 2090 717 quae

522 744 716 800 oculus
744 750 826 795 est
852 741 1065 803 animae,
1096 739 1297 794 defossi
1334 739 1572 792 thesauri
1602 737 1953 791 sollicitudini
1973 752 2088 791 ser-

523 833 695 895 viens,
722 839 922 899 aegrota
960 838 1043 893 est
1076 847 1088 893 ;
1142 830 1257 897 ipsa
1285 830 1428 881 enim
1464 828 1775 897 sollicitudo
1805 827 2090 881 inﬁrmitas

522 932 626 987 est,
657 930 712 974 et
758 923 880 976 ideo
911 922 1201 975 obscurata
1233 930 1318 974 est
1355 929 1410 974 et
1443 919 1647 971 anima.

593 1013 749 1067 Vera.
780 1014 869 1067 εδ.
902 1011 960 1067 Si
994 1028 1117 1082 ergo
1134 1022 1417 1081 ——quantae
1438 1011 1465 1062 ?
1486 1008 1544 1063 Si
1574 1025 1704 1079 ergo
1730 1009 1913 1061 iumen
1942 1009 2088 1078 quod

524 1104 577 1157 in
617 1112 668 1157 te
698 1112 802 1165 est,
833 1103 936 1158 hoc
966 1114 1069 1167 est,
1099 1118 1273 1165 mens,
1317 1118 1437 1169 quae
1467 1102 1530 1154 ad
1567 1102 1667 1153 hoc
1722 1101 1843 1153 data
1892 1110 1996 1160 est,
2030 1107 2091 1153 ut

521 1194 757 1245 animam
786 1173 1116 1246 illuminaret
1149 1208 1213 1245 ac
1244 1176 1484 1259 regeret,
1524 1190 1761 1243 tenebrae
1805 1198 1955 1251 sunt,
1985 1186 2088 1261 hoc

523 1291 625 1345 est,
699 1283 1051 1341 obtenebrata
1092 1290 1213 1345 est,
1278 1281 1514 1334 tenebrat
1566 1294 1684 1349 quae
1730 1280 1797 1332 ab
1844 1278 2087 1332 affectio-

522 1374 683 1429 nibus
729 1376 1267 1442 procedunt,quant2e
1292 1381 1417 1436 sunt
1446 1372 1511 1425 ad
1535 1373 1769 1425 animam
1795 1370 2088 1431 obscuran-

519 1464 664 1527 dam,
704 1464 823 1532 ipso
851 1464 1055 1517 lumine
1090 1464 1234 1533 quod
1286 1464 1361 1516 illi
1393 1462 1669 1516 oriebatur
1696 1461 2098 1518 obtenebratoi.

594 1553 742 1608 Vers.
792 1554 884 1609 24.
931 1555 1098 1609 Nemo
1129 1566 1533 1607 —contemnet.
1591 1554 1766 1607 Aliam
1826 1562 2085 1624 praeterea

518 1646 1014 1701 considerationem
1055 1646 1276 1700 adducit
1316 1645 1822 1709 formidabiliorem,
1875 1652 1933 1697 ut
1975 1644 2087 1695 for-

519 1736 628 1799 tius
658 1737 725 1789 ab
757 1752 943 1793 amore
972 1736 1352 1804 temporalium
1411 1752 1593 1792 rerum
1628 1744 1957 1797 avertantur,
1996 1748 2085 1786 os—

518 1824 749 1883 tendens
776 1828 923 1883 bunc
967 1827 1061 1881 Dei
1093 1828 1367 1896 expellere
1390 1826 1733 1886 servitutem,
1766 1834 1819 1877 et
1851 1825 1900 1875 in
1951 1824 2089 1877 divt-

521 1918 716 1973 tiarum
748 1918 1011 1974 reducere
1042 1919 1389 1972 servitutem.
1430 1916 1758 1985 Simpliciter
1778 1924 1984 1977 autem,
2034 1925 2090 1969 et

522 2011 727 2079 absque
782 2012 1001 2065 nomine
1050 2010 1287 2079 primum
1339 2009 1479 2063 duos
1520 2007 1652 2062 dicit
1693 2007 1971 2068 dominos,
2032 2012 2091 2058 ut

522 2099 800 2163 auditores
854 2099 985 2154 dicti
1019 2098 1305 2155 veritatem
1362 2106 1519 2166 cogat
1569 2095 1837 2150 conﬁteri.
1887 2093 2091 2151 Deinde

523 2189 844 2252 nominatim
877 2189 998 2245 illos
1026 2189 1202 2257 ponit,
1244 2187 1312 2241 de
1342 2187 1541 2255 quibus
1568 2193 1684 2240 erat
1714 2200 1915 2239 sermo.
1946 2184 2091 2239 Duos

525 2292 654 2339 vero
712 2280 963 2332 dominos
1002 2278 1151 2343 dicit,
1182 2278 1455 2345 contraria
1483 2278 1761 2346 jubentes.
1796 2276 2092 2330 Adhtzrebit

524 2376 725 2433 autem,
760 2369 862 2423 hoc
886 2378 989 2433 est,
1023 2368 1260 2423 Parebit.

595 2457 750 2512 Vers.
792 2459 879 2511 24.
929 2460 1048 2512 Νοη
1076 2475 1506 2514 -——mammontv.
1568 2460 1711 2514 Ecce
1769 2462 2091 2516 nominatim

523 2564 736 2617 quoque
764 2550 900 2604 duos
924 2550 1213 2619 praedictos
1248 2550 1502 2603 dominos
1553 2548 1887 2604 manifestat.
1920 2551 2092 2604 Mam-

526 2653 693 2704 mona,
730 2650 908 2693 autem
967 2641 1034 2694 ab
1076 2639 1318 2694 Hebraeis
1364 2639 1567 2693 divitiae
1624 2639 1903 2705 dicuntur,
1960 2658 2094 2710 quas

524 2734 687 2787 etiam
715 2736 994 2789 dominum
1048 2737 1357 2806 appellavit,
1402 2747 1623 2807 propter
1667 2738 2091 2793 imbecillitatem

526 2822 745 2881 illorum
777 2828 869 2894 qui
905 2842 1091 2879 earum
1128 2827 1402 2881 sustinent
1432 2828 1763 2882 dominium.
1815 2827 1957 2893 Quid
1991 2829 2095 2898 igi-

526 2925 637 2980 tur,
679 2932 861 2971 nonne
910 2918 1187 2971 Abraham
1222 2918 1375 2977 dives
1410 2918 1560 2971 erat?
1592 2934 1772 2977 nonne
1813 2919 1937 2985 Job,
1976 2920 2096 2972 alii-

526 3024 631 3079 que
662 3012 913 3065 similes?
964 3009 1166 3079 Utique
1197 3010 1395 3065 divites
1430 3012 1650 3079 quidem
1681 3020 1860 3075 erant,
1902 3024 1957 3067 at
1987 3028 2093 3067 non

2192 560 2251 613 τὸ
2296 560 2455 628 σῶμά
2501 576 2593 625 σου
2635 559 3017 624 έσκοτισμένον
3048 556 3223 621 ἔσται,
3267 555 3341 622 μὴ
3385 550 3769 621 φωτιζόμενον,

2190 652 2282 704 ὑπ’
2312 652 2496 705 αὐτοῦ.
2530 650 2684 704 Οὕτω
2713 651 2894 719 τοίνυν
2925 650 3018 718 καὶ
3051 646 3080 699 6
3118 646 3392 713 ὀφθαλμὸς
3422 643 3520 709 τῆς
3553 640 3765 709 ψυχῆς,

2189 745 2216 796 ό
2263 743 2408 807 νοῦς,
2442 741 2708 797 δουλεύων
2741 744 2806 810 τῇ
2848 739 3086 810 φροντίδι
3132 737 3226 790 τοῦ
3262 733 3770 803 κατορωρυγμένου,

2189 835 2302 904 (19)
2334 832 2628 901 θησαυροῦ,
2681 832 2898 901 νοσερός
2934 833 3083 882 ἐστι’
3132 829 3284 889 νόσος
3315 825 3421 895 γὰρ
3445 826 3497 891 ,ἡ
3530 821 3765 888 τοιαύτη

2190 925 2408 992 φροντίς
2430 941 2444 954 ⁸
2469 926 2562 977 καὶ
2590 925 2796 987 λοιπὸν,
2833 922 3139 975 ὲσκότισται
3170 920 3203 988 ἡ
3228 917 3399 985 ψυχή.

2260 1018 2325 1079 Et
2350 1011 2462 1069 οὖν
2483 1045 2547 1054 -
2577 1014 2790 1067 πόσον,
2818 1013 2877 1064 Et
2901 1010 2993 1065 οὖν
3018 1011 3077 1061 τὸ
3103 1009 3217 1076 φῶς
3240 1008 3302 1059 τὸ
3327 1009 3385 1058 ὲν
3416 1006 3517 1065 σοὶ,
3549 1005 3576 1055 ὅ
3610 1002 3769 1061 ἔστιν

2188 1109 2216 1160 6
2247 1106 2398 1170 νοῦς,
2432 1108 2459 1158 ὁ
2497 1105 2759 1175 δωρηθεὶς
2805 1106 2883 1164 είς
2915 1103 2978 1154 τὸ
3007 1100 3260 1168 φωτίζειν
3294 1097 3632 1162 καὶ,όδηγεῐν
3659 1093 3769 1162 τὴν

2188 1196 2387 1266 ψυχὴν,
2423 1198 2609 1257 σκότος
2632 1197 2771 1259 ἐστὶ,
2798 1194 3095 1254 τουτέστιν,
3126 1189 3457 1250 έσκότισται,
3482 1185 3670 1237 λοιπὸν
3701 1184 3772 1245 τὸ,

2193 1293 2403 1356 σκότος,
2460 1292 2519 1343 τὸ
2568 1290 2673 1344 ἀπὸ
2712 1290 2819 1343 τῶν
2862 1288 3070 1346 παθῶν,
3127 1284 3291 1337 πόσον
3341 1282 3515 1341 ἔσται,
3562 1283 3642 1340 εἰς
3700 1278 3766 1329 τὸ

2192 1382 2460 1444 σκοτίζειν
2492 1383 2589 1449 τὴν
2619 1380 2817 1449 ψυχὴν,
2849 1376 3226 1436 σκοτισθέντος
3260 1375 3351 1427 τοῦ
3378 1372 3769 1431 ἀνατέλλοντος

2190 1473 2301 1543 (20)
2334 1474 2463 1526 αὐτὸ
2493 1474 2664 1541 φωτός
2688 1489 2701 1533 ;

2255 1566 2463 1631 Οὐδείς
2493 1577 2561 1603 -'—
2593 1560 3055 1630 καταφρονήσει.
3090 1560 3208 1610 Ἔτι
3237 1558 3328 1609 καὶ
3352 1557 3536 1623 ἕτερον
3564 1554 3766 1617 ὲπίγει

2189 1658 2449 1725 λογισμὸν
2492 1654 2887 1723 φοϐερώτερον,
2931 1653 3009 1712 είς
3051 1648 3405 1719 ἰσχυροτέραν
3446 1644 3771 1712 ἀποτροπὴν,

2191 1749 2291 1818 τῆς
2325 1740 2780 1817 φιλοχρηματίας,
2811 1742 3093 1802 δεικνύων,
3131 1742 3211 1793 ὅτι
3243 1740 3381 1808 αὕτη
3414 1740 3504 1790 καὶ
3536 1738 3637 1804 τῆς
3666 1734 3773 1797 τοῦ,

2190 1841 2327 1895 Θεοῦ
2355 1840 2598 1905 δουλείας
2633 1837 2777 1904 ἡμᾶς
2808 1833 3078 1893 ὲκὸἀλλει,
3110 1833 3201 1883 καὶ
3232 1830 3309 1898 τῷ
3345 1828 3559 1895 πλούτῳ
3591 1842 3769 1877 κατα-

2190 1932 2383 1986 δουλοῖ.
2426 1930 2638 1992 Ἀπλῶς
2663 1928 2740 1989 δὲ,
2772 1929 2865 1979 καὶ
2893 1924 3212 1993 ἁνωνύμως,
3244 1921 3335 1974 δύο
3364 1919 3582 1987 κυρίους
3613 1916 3772 1979 λέγει

2192 2026 2427 2095 πρῶτον,
2459 2025 2545 2076 ίνα
2570 2022 2707 2090 λάϐῃ
2733 2017 3225 2089 συνομολογοῦντας
3248 2013 3373 2074 τοὺς
3398 2009 3670 2078 ἀκροατὰς
3698 2008 3770 2073 τῇ

2192 2116 2421 2185 ἀληθείᾳ
2467 2114 2562 2173 τοῦ
2595 2112 2879 2182 λεχθέντος
2904 2125 2917 2139 ’
2954 2106 3071 2160 εἶτα
3117 2106 3334 2174 τίθησιν
3370 2101 3631 2170 ὀνομαστὶ
3671 2100 3775 2150 καὶ

2192 2207 2412 2267 αὐτοὺς,
2466 2206 2595 2273 περὶ
2644 2198 2717 2255 ὧν
2766 2205 2794 2255 ό
2839 2202 2995 2268 λόγος
3039 2214 3053 2228 ⁸
3091 2198 3184 2251 δύο
3229 2197 3283 2249 δὶ
3329 2195 3550 2262 κυρίους
3573 2194 3771 2259 φησὶν,

2192 2296 2410 2349 ἐναντία
2468 2294 2880 2351 ἐπιτάττοντας.
2943 2287 3284 2349 Ἀνθέξεται
3345 2284 3440 2349 δὲ,
3492 2283 3613 2336 ἀντὶ
3644 2278 3771 2343 τοῦ,

2204 2384 2578 2439 Ὺπακούσει.

2258 2481 2341 2531 Οὐ
2361 2508 2428 2516 -
2449 2473 2719 2546 μαμωνᾶ.
2762 2472 2891 2525 Ἰδοὺ
2922 2470 3017 2525 καὶ
3048 2467 3308 2537 ὀνομαστὶ
3340 2466 3466 2527 τοὺς
3502 2462 3781 2534 ῥηθέντας

2193 2571 2285 2623 δύο
2312 2570 2536 2638 κυρίους
2562 2566 2819 2636 ἐδήλωσε.
2847 2563 3128 2632 Μαμωνᾶς
3152 2561 3209 2614 δὲ
3244 2560 3375 2625 παρ’
3414 2558 3717 2627 Ἑϐραίοις,
3749 2559 3779 2607 6

2195 2660 2456 2722 πλοῦτος,
2519 2658 2578 2709 ὃν
2638 2657 2733 2709 καὶ
2779 2654 2967 2725 κύριον
3027 2652 3477 2722 προσηγόρευσε,
3523 2642 3617 2700 νδιὰ
3668 2648 3779 2715 τὴν

2193 2752 2484 2805 ἀσθένειαν
2524 2748 2634 2800 τῶν
2680 2748 2770 2798 ὑπ’
2817 2744 2982 2798 αὑτοῦ
3033 2743 3456 2811 κυριευομένων.
3518 2737 3584 2791 Τί
3635 2730 3778 2800 οὖνς

2196 2843 2291 2911 οὐχ
2321 2843 2347 2892 6
2390 2838 2641 2909 Ἀϐρααμ
2673 2837 2925 2897 πλούσιος
2951 2831 3055 2905 ἦν;
3088 2834 3187 2901 οὐχ
3218 2835 3245 2884 ὁ
3292 2830 3407 2885 ’1ὼὸ
3443 2830 3535 2882 καὶ
3565 2828 3613 2879 oi
3649 2825 3781 2877 κατ’

2196 2934 2473 2995 έκείνουςς
2531 2929 2672 2982 Ναί·
2734 2927 2979 2979 πλούσιοι
3040 2926 3137 2994 μὲν
3186 2920 3347 2993 ἦσαν,
3404 2920 3517 2973 ἀλλ’
3568 2919 3629 2969 οὗ
3691 2917 3780 2985 τῷ

2198 3024 2409 3089 πλούτῳ
2441 3020 2745 3074 ἐδούλευον·
2774 3019 2885 3071 ἀλλ’
2917 3017 3197 3085 ἐκυρίευον
3226 3014 3379 3065 αὐτοὶ
3424 3010 3635 3073 τούτου,
3678 3009 3781 3060 καὶ

492 3142 497 3143 ν
529 3102 864 3163 serviebant,
892 3102 987 3155 sed
1037 3101 1458 3157 dominabantur
1512 3100 1738 3167 divitiis,
1778 3112 1833 3156 et
1868 3102 2012 3171 ipsas
2043 3105 2095 3157 in

2204 3118 2283 3177 είς
2306 3114 2429 3175 τοὺς
2453 3112 2748 3180 δεομένους
2778 3108 2936 3162 αὐτὸν
2964 3107 3277 3176 ἀνήλισκον.

528 3205 731 3261 egenos
752 3191 1119 3244 insumebant.

599 3282 719 3335 Non
772 3285 986 3351 potestis
1046 3283 1156 3335 Deo
1226 3286 1417 3337 servire
1482 3299 1529 3338 et
1578 3299 1924 3347 mammona,
1973 3285 2099 3352 quia

532 3369 678 3424 Dens
709 3386 813 3423 non
846 3373 1006 3425 modo
1032 3372 1187 3441 jubet
1214 3374 1282 3426 ab
1309 3372 1502 3428 alienis
1552 3373 1850 3438 abstinere,
1895 3375 1989 3427 sed
2045 3388 2101 3431 et

533 3463 752 3531 propria
790 3464 1031 3533 elargiri.
1065 3462 1378 3518 Hammona
1412 3482 1539 3521 vero
1579 3469 1915 3522 contrarium
1950 3489 1961 3523 ε
1991 3484 2097 3523 ηοη

534 3555 697 3615 modo
742 3556 992 3610 videlicet
1038 3558 1257 3626 propria
1296 3572 1405 3611 non
1460 3559 1701 3629 elargiri,
1753 3561 1846 3614 sed
1883 3576 1983 3613 nec
2034 3562 2101 3615 ab

532 3644 730 3699 alienis
767 3647 1046 3703 abstinere
1099 3658 1151 3703 et
1188 3650 1279 3709 ille
1331 3651 1592 3707 Dominus
1656 3661 1900 3706 ventrem
1946 3654 2100 3720 jubet

533 3737 869 3805 astringere;
897 3738 997 3793 iste
1021 3754 1150 3792 vero
1170 3740 1343 3794 ventri
1373 3742 1656 3813 indulgere
1676 3760 1690 3810 ;
1710 3744 1796 3797 ille
1825 3744 2112 3798 continen-

536 3836 643 3882 tem
685 3842 826 3890 esse,
865 3828 955 3891 hic
978 3837 1160 3883 autem
1185 3833 1432 3898 scortari,
1467 3835 1679 3904 aliaque
1706 3836 1928 3889 similia.

610 3917 765 3973 Vers.
826 3920 919 3993 25.
979 3920 1265 3990 Propterea
1311 3953 1382 3977 —_—
1424 3926 1740 3978 induamini.
1815 3926 2105 3995 Postquam

536 4014 715 4067 locum
753 4014 988 4067 absolvit
1050 4015 1117 4068 de
1156 4032 1264 4070 non
1299 4018 1650 4077 recondendo
1701 4035 1866 4089 super
1906 4028 2107 4073 terram

536 4106 818 4165 thesauro,
882 4113 935 4157 et
986 4119 1045 4159 ea
1092 4122 1212 4175 quae
1251 4120 1567 4177 supersunt,
1621 4111 1949 4179 pauperibus
1993 4111 2108 4165 dis-

538 4192 780 4247 tribuere
810 4195 1015 4259 suasit,
1056 4197 1218 4251 docet
1253 4199 1513 4267 deinceps
1553 4201 1619 4253 de
1661 4202 1947 4254 necesario
2007 4217 2106 4254 usu

538 4299 647 4335 non
706 4300 824 4343 esse
869 4288 1179 4342 sollicitum.
1234 4290 1321 4342 Ait
1381 4292 1559 4344 enim:
1624 4291 1703 4344 Ne
1740 4293 1851 4344 silis
1898 4292 2109 4345 solliciti

2280 3294 2362 3345 οὐ
2395 3290 2659 3345 δύνασθε
2709 3290 2777 3342 δὲ
2821 3287 2942 3349 Θεῷ
2986 3286 3299 3339 ὀουλεύειν
3345 3282 3442 3335 καί
3493 3276 3779 3348 μαμωνᾷ·

2207 3382 2342 3437 διότι
2374 3386 2399 3433 ό
2435 3381 2532 3449 μὲν
2560 3380 2691 3441 Θεὸς
2720 3379 3017 3437 ἐπιτάττει,
3048 3375 3121 3445 μὴ
3156 3376 3312 3443 μόνον
3339 3370 3637 3438 ἀπέχεσθαι
3668 3370 3781 3419 τῶν

2210 3471 2528 3539 ἀλλοτρίων,
2572 3468 2704 3520 ἀλλὰ
2738 3468 2833 3519 καὶ¹
2864 3466 2972 3519 τῶν
3004 3466 3218 3516 οἰκείων
3264 3461 3629 3531 μεταδιδόναι,
3664 3460 3688 3509 ό
3720 3457 3783 3509 δὲ

2216 3562 2481 3631 μαμωνᾶς
2515 3560 2848 3621 τούναντίον,
2887 3558 2961 3625 μὴ
2996 3556 3157 3621 μόνον
3193 3552 3266 3622 μὴ
3300 3549 3636 3619 μεταδιδόναι
3672 3547 3784 3617 τῶν

2209 3651 2446 3713 οἰκείων,
2479 3651 2611 3702 ἀλλὰ
2647 3649 2778 3717 μηδὲ
2812 3647 2916 3699 τῶν
2945 3643 3238 3713 ἀλλοτρίων
3268 3640 3599 3708 ἀπέχεσθαι’
3632 3640 3725 3689 καὶ
3753 3640 3784 3690 ὁ

2223 3748 2318 3813 μὲν
2350 3744 2461 3813 (21)
2489 3744 2713 3811 κρατεῖν
2744 3740 2999 3809 γαστρὸς,
3024 3741 3050 3789 6
3071 3737 3125 3788 δὲ
3160 3735 3368 3802 ἐφιέναι
3418 3732 3613 3801 γαστρί
3636 3748 3649 3761 ’
3688 3734 3787 3783 καὶ

2219 3837 2245 3887 ό
2275 3836 2371 3905 μὲν
2397 3834 2693 3903 σωφρονεῖν
2714 3873 2727 3894 ,
2756 3833 2783 3882 ὁ
2814 3832 2867 3883 δὲ
2896 3828 3180 3899 πορνεύειν
3208 3827 3299 3878 καὶ
3324 3827 3391 3877 τὰ
3431 3822 3676 3875 τοιαῦτα.

2279 3926 2379 3978 Διὰ
2429 3955 2499 3964 —
2535 3924 2895 3989 ἐνδύσησθε.
2946 3923 2994 3973 Ἀ
3010 3921 3283 3989 ποστήσας
3310 3916 3401 3969 τοῦ
3430 3915 3789 3983 θησαυρίζειν

2207 4022 2299 4073 ἐπὶ
2325 4024 2422 4089 τῆς
2449 4019 2573 4087 γῆς,
2604 4016 2696 4067 καὶ
2722 4014 2916 4075 πείσας
2939 4012 3214 4079 διανέμειν
3233 4008 3301 4061 τὰ
3329 4008 3617 4077 προσόντα,
3645 4004 3791 4056 διδά-

2211 4130 2330 4165 σκει
2376 4110 2583 4172 λοιπὸν,
2623 4107 2757 4176 μηδὲ
2800 4104 2927 4175 περὶ
2971 4104 3070 4169 τῆς
3113 4098 3414 4166 ἀναγκαίας
3458 4098 3646 4166 χρείας
3683 4113 3787 4163 με-

2214 4206 2427 4275 ριμνᾷν.
2456 4204 2593 4271 Φησὶ
2626 4200 2766 4268 γάρ·
2800 4197 2896 4262 Μὴ
2930 4192 3248 4264 μεριμνᾶτε
3282 4189 3355 4257 τῇ
3388 4188 3559 4258 ψυχῇ
3592 4186 3787 4255 ὑμῶν,

2218 4296 2497 4356 τουτέστι,
2534 4291 2623 4358 Μὴ
2690 4289 2992 4358 μεριμνᾶτε
3052 4285 3139 4337 διὰ
3206 4286 3303 4351 τὴν
3367 4282 3545 4350 ψυχὴν
3603 4280 3788 4348 ἡμῶν,

540 4378 735 4430 animt:
764 4388 969 4444 vestrm,
1033 4381 1084 4433 id
1117 4390 1219 4444 est,
1275 4392 1496 4449 propter
1548 4384 1780 4436 animam
1849 4395 2096 4437 vestram.

2216 4387 2273 4437 τι
2316 4383 2543 4453 φάγητε
2584 4382 2621 4448 ἣ
2668 4381 2722 4432 τί
2766 4382 2960 4444 πίητε.
3001 4377 3061 4428 Ei
3100 4374 3208 4445 γὰρ
3250 4375 3344 4427 καὶ
3398 4376 3430 4442 ἡ
3470 4373 3613 4441 ψυχὴ
3661 4370 3789 4422 οὔτε

538 4466 665 4535 quid
694 4468 885 4529 edatis,
916 4478 1007 4520 aut
1031 4470 1155 4537 quid
1180 4471 1388 4523 bibatis.
1422 4474 1735 4540 Quanquam
1758 4472 1903 4525 enim
1928 4473 2111 4525 anima

536 4571 715 4625 neque
755 4558 901 4622 edat,
942 4575 1119 4627 neque
1152 4562 1321 4620 bibat.
1367 4572 1590 4629 propter
1632 4562 1867 4615 animam
1927 4574 2107 4616 tamen

542 4650 711 4703 edunt
745 4666 806 4703 ac
839 4652 1036 4705 bibunt
1083 4654 1353 4708 homines.
1385 4672 1507 4722 quae
1552 4670 1751 4724 corpus
1804 4656 2110 4709 inhabitare

542 4752 650 4790 non
677 4748 872 4805 potest,
902 4740 1043 4806 quod
1066 4756 1169 4793 non
1197 4744 1453 4809 comedit,
1486 4755 1541 4799 et
1560 4744 1711 4808 bibit,
1738 4745 1909 4799 donec
1937 4748 2109 4813 ipsum

544 4842 765 4897 quoque
798 4844 997 4899 corpus
1029 4830 1439 4903 incorrttptibile
1476 4835 1755 4890 reddatur.

612 4920 733 4973 Alio
770 4936 1001 4991 quoque.
1018 4925 1175 4978 modo
1200 4924 1250 4979 id
1279 4927 1449 4995 aptari
1485 4928 1551 4996 (δ)
1586 4936 1781 4996 potest,
1816 4928 1957 4996 quod
1987 4941 2108 4979 cum

544 5010 799 5065 homines
837 5012 1108 5069 interdum
1137 5016 1189 5068 in
1225 5017 1403 5072 anima
1444 5018 1586 5071 anxii
1617 5018 1745 5082 sint,
1787 5018 2110 5086 quandoque

2214 4472 2403 4536 ἐσθίει,
2436 4472 2559 4525 οὕτε
2600 4472 2744 4524 πίνει
2772 4487 2783 4499 ·
2820 4468 2936 4521 ἀλλ’
2965 4467 3056 4520 οὖν
3085 4467 3175 4520 διὰ
3206 4468 3303 4537 τὴν
3333 4466 3515 4535 ψυχὴν
3546 4463 3792 4517 ἐσθίουσι

2212 4568 2306 4620 καὶ
2350 4566 2593 4618 πίνουσιν
2633 4565 2682 4615 οί
2725 4562 3024 4631 ἄνθρωποι,
3078 4559 3154 4631 μὴ
3198 4558 3505 4627 δυναμένην
3556 4558 3793 4609 ὲνοικεῖν

2214 4658 2425 4727 σώματι
2477 4657 2616 4726 μήτε
2663 4657 2983 4724 τρεφομένῳ
3028 4654 3166 4723 μήτε
3207 4651 3439 4713 πίνοντι,
3475 4649 3671 4719 μέχρις
3724 4648 3793 4701 ἄν

2214 4749 2483 4803 καὶτοῦτο
2517 4746 2932 4817 ἀφθαρτισθείη.

2286 4929 2416 4997 [Καὶ
2452 4928 2565 4999 (2‘2)
2594 4928 2714 4981 καθ’
2744 4930 2930 4999 ἕτερον
2955 4928 3011 4981 δὲ
3043 4927 3244 4999 τρόπον
3284 4922 3675 4995 ἑρμηνευτέον,
3702 4923 3788 4973 οτι

2214 5021 2337 5072 ἐπεὶ
2374 5021 2505 5074 ποτὶ
2541 5022 2637 5090 μὲν
2668 5024 2723 5074 ὲν
2756 5025 2823 5092 τῇ
2854 5023 2998 5092 ψυχῇ
3038 5019 3377 5092 μεριμνῶσιν
3409 5017 3459 5070 oi
3486 5015 3794 5089 hominm,

1746 5222 1944 5283 Variae
1981 5222 2287 5289 lectiones
2320 5230 2381 5284 et
2413 5230 2603 5287 notat.

620 5378 732 5449 (19.)
756 5381 1183 5449 ιςατωρυγμένου
1217 5382 1281 5436 Α.

769 5434 1183 5514 ἀναστέλλοντος
1220 5434 1293 5505 ΫᾸ.
1322 5452 1476 5508 Male.
1506 5452 1610 5506 Pro
1636 5452 1767 5511 αὑτό
1798 5469 1977 5508 amem
2002 5470 2121 5509 cor-

556 5518 837 5590 rigendum
871 5519 1085 5573 videtur
1111 5522 1267 5591 αὐτῇ.
1301 5524 1335 5577 i.
1356 5538 1402 5577 e.
1428 5526 1494 5594 τῇ
1526 5522 1693 5593 ψυχῇ.
1727 5525 1903 5592 Atque
1938 5525 2010 5578 ita
2041 5526 2113 5577 vi-

626 5702 691 5759 (εὶ
729 5699 935 5755 Aptari.
964 5697 1247 5765 Explicari.

2226 5386 2387 5441 detur
2418 5385 2612 5455 legisse
2647 5387 2938 5456 interpres.

2296 5456 2405 5523 (21)
2437 5456 2543 5508 ἀπὸ
2583 5458 2759 5509 κοινοῦ
2787 5455 2847 5509 τὸ
2875 5455 3189 5511 ἐπιτάττει.

2291 5515 2403 5597 (12)
2433 5526 2644 5581 Inclusa
2680 5527 2731 5580 in
2765 5529 3007 5599 margine
3036 5528 3217 5581 habet.
3245 5527 3307 5579 Α.
