4026 6530
221 381 312 445 149

1101 380 1492 443 COMMENT.
1540 382 1623 441 IN
1667 384 2141 450 MATTH/EUM.
2189 416 2255 429 -
2293 391 2455 453 CAP.
2488 392 2589 455 VI.

3380 395 3485 459 250

221 499 284 551 ὅτε
315 494 461 550 κατὰ
489 490 617 546 νοῦν
647 490 807 558 μόνον
840 488 1210 560 φροντίζουσι.
1234 492 1363 543 ποτὲ
1397 492 1452 544 δὲ
1484 493 1541 544 ἐν
1569 493 1643 563 τῷ
1675 493 1781 546 σῶ-

1926 509 2071 555 utem
2112 503 2227 557 sola
2263 511 2449 558 mente
2488 500 2710 559 solliciti
2744 503 2830 572 (ι).
2862 504 3195 574 quandoque
3246 518 3378 561 vero
3428 507 3486 561 in

221 604 351 659 ματι,
384 587 477 638 ὅτε
505 582 882 636 κατατείνουσι
920 580 1033 649 (25)
1094 581 1258 634 τοῦτο
1289 582 1426 652 πρδς
1472 582 1664 653 κτῆσιν
1696 586 1790 637 τοῦ

220 674 678 746 σπωδαζομένου,
736 676 830 738 καὶ
888 673 1096 742 ταύτης
1156 674 1417 741 κάκείνης
1474 675 1574 743 τῆς
1636 678 1793 747 μερί-

221 786 340 839 μνης
366 768 599 834 ἀπάγων
622 765 819 828 αὐτοὺς
843 768 871 819 ὀ
897 764 1122 833 Κύριος,
1151 759 1273 817 εἷπε
1293 782 1306 795 ·
1330 764 1427 831 Μὴ
1447 766 1793 836 μεριμνᾶτε,

218 864 335 930 μήτε
367 864 435 930 τῇ
460 860 609 930 ψυχῇ
640 858 815 927 ὑμῶν,
846 858 982 928 μήτε
1010 856 1087 925 τῷ
1107 856 1341 927 σώματι,
1366 858 1492 928 περὶ
1516 858 1794 928 βρώσεως,

218 956 294 1017 καὶ
316 955 552 1017 πόσεως,
593 954 686 1005 καὶ
719 948 1079 1021 ὲνδύμστος.]

280 1046 424 1114 Οὐχί
463 1075 526 1086 -
559 1042 932 1111 ἐνδύματος-ς
965 1041 1138 1095 Τοῦτο
1176 1036 1299 1093 εἷπε
1334 1040 1535 1109 δηλῶν,
1570 1040 1650 1090 ὅτι
1680 1039 1706 1088 ὁ
1736 1037 1798 1094 τὸ

217 1138 387 1191 πλεῖον
414 1139 539 1199 δοῦς
560 1136 717 1205 ἡμῖν,
735 1136 830 1197 καὶ
854 1133 914 1187 τὸ
935 1133 1157 1187 έλαττον
1180 1133 1364 1195 δώσει.
1390 1130 1609 1186 11λεῖον
1630 1130 1709 1193 δὲ,
1737 1130 1798 1181 τὸ

218 1231 394 1300 μεῖζον
429 1228 600 1294 λέγει.

293 1406 664 1474 Ἐμϐλένψατὲ
692 1434 761 1446 -
791 1403 965 1459 αὐτά.
998 1404 1115 1457 Ἵνα
1166 1404 1239 1474 μή
1270 1420 1355 1465 τις
1399 1404 1551 1474 εἴπῃ,
1580 1402 1663 1454 ὅτι
1690 1402 1803 1455 Καὶ

215 1488 323 1555 πῶς
357 1500 466 1566 ἄρα
488 1497 788 1567 ζησόμεθα,
831 1498 905 1567 μὴ
940 1496 1321 1567 μεριμνῶντες
1347 1495 1479 1565 περὶ
1498 1493 1608 1547 τῶν
1630 1496 1771 1561 ἁναγ
1788 1523 1799 1529 ·

213 1590 415 1653 mium;
448 1588 565 1640 λύει
589 1590 684 1657 τὴν
712 1588 969 1655 τοιαύτην
988 1588 1263 1641 ἀντίθεσιν
1296 1586 1403 1638 ἀπὸ
1424 1585 1517 1639 τοῦ
1545 1580 1804 1655 παραδεί-

214 1697 418 1749 γματος
452 1680 558 1733 τῶν
583 1681 847 1732 πετεινῶν
875 1678 910 1732 ἃ
928 1681 1001 1748 μὴ
1024 1680 1375 1749 μεριμνῶντα
1392 1680 1584 1748 τρέφει
1602 1680 1629 1730 ὁ
1647 1679 1799 1742 Θεός.

214 1774 519 1839 Δυνάμενος
546 1772 603 1823 δὲ
628 1772 687 1834 ἐξ
719 1770 1024 1841 ἀνθρώπων
1055 1773 1303 1839 ἐνεγκεῖν
1336 1770 1398 1823 τὸ
1424 1769 1798 1838 παράδειγμα.

1897 608 2129 662 corpore
2156 612 2169 648 :
2206 595 2500 663 aliquando
2529 604 2585 650 et
2616 595 2695 664 (υ)
2719 595 2787 649 ad
2816 594 3218 664 possessiones,
3261 611 3397 665 quas
3430 596 3487 650 in

1896 682 2085 735 animo
2131 684 2356 745 habent,
2401 683 2506 738 hoc
2564 684 2909 738 extendunt:
2966 692 3023 738 et
3069 684 3139 737 ab
3173 683 3294 747 bac,
3329 684 3487 739 etab

1898 774 1987 826 illa
2039 789 2190 836 cura,
2248 773 2509 827 Dominus
2558 773 2679 826 illos
2736 773 3091 838 abstrahens,
3175 774 3349 827 dixit:
3404 772 3488 827 Nc

1897 866 2048 917 anxii
2076 866 2214 928 sitis,
2236 880 2411 933 neque
2434 866 2489 919 in
2521 865 2700 920 anima
2730 873 2931 928 vostra,
2956 881 3135 935 neque
3157 866 3211 919 in
3232 880 3487 936 corpore,

1898 956 1969 1010 de
2000 957 2125 1010 cibo
2155 965 2210 1010 et
2249 964 2405 1025 potu,
2440 971 2503 1010 ac
2538 957 2889 1010 vestimento.

1973 1047 2128 1104 Vers.
2158 1048 2248 1103 25.
2285 1048 2562 1103 Nonne—
2589 1048 2957 1101 vestimentum
2982 1049 3006 1101 Ρ
3057 1047 3171 1101 Hoc
3201 1046 3336 1101 dixit
3377 1061 3493 1099 ma-

1901 1141 2193 1205 nifestans,
2238 1141 2385 1211 quod
2440 1141 2487 1194 is
2542 1141 2669 1207 qui,
2722 1139 2869 1208 quod
2915 1139 3153 1208 amplius
3201 1146 3305 1200 est,
3351 1139 3491 1205 prit-

1902 1242 2012 1287 stat
2050 1233 2231 1296 nobis,
2280 1232 2470 1300 utique
2521 1240 2578 1284 et
2620 1230 2766 1299 quod
2799 1231 2985 1283 minus
3017 1238 3135 1292 est,
3187 1227 3488 1298 praestabit,

1900 1322 2033 1377 Plus
2068 1332 2253 1376 autem
2291 1323 2451 1385 dixit,
2503 1322 2609 1376 hoc
2640 1330 2744 1383 est,
2783 1321 3079 1390 pretiosius

1979 1411 2130 1465 Vers.
2181 1412 2272 1467 86.
2296 1412 2645 1480 .Aspicite—
2678 1412 2797 1466 illa.
2834 1408 2913 1465 Ne
2943 1412 3067 1479 quis
3106 1410 3286 1465 dicat:
3341 1410 3492 1477 Quo-

1906 1504 2068 1557 modo
2089 1512 2273 1556 autem
2305 1503 2574 1566 vivemus,
2615 1502 2685 1557 de
2710 1503 2876 1557 rebus
2907 1502 3235 1557 necessariis
3272 1517 3382 1555 non
3404 1517 3494 1556 cu-

1908 1595 2137 1649 rantes?
2177 1592 2354 1649 Solvit
2386 1594 2706 1663 hujusmodi
2735 1594 3101 1663 objectionem
3137 1594 3207 1647 ab
3238 1594 3496 1664 exemplo

1908 1686 2111 1747 avium,
2149 1699 2287 1754 quas
2320 1699 2446 1739 cum
2485 1683 2623 1741 nihil
2652 1684 2899 1738 sollicita:
2937 1684 3071 1748 sint,
3103 1684 3279 1754 pascit
3328 1684 3495 1737 Deus.

1911 1776 2103 1830 Posset
2134 1784 2319 1829 autem
2363 1785 2419 1830 et
2465 1775 2534 1829 ab
2566 1776 2880 1829 hominibus
2908 1777 3215 1844 exemplum
3251 1789 3492 1839 sumere,

216 1866 308 1929 καὶ
347 1867 523 1917 εἰπεῖν
561 1866 652 1916 τὸν
694 1863 909 1927 Ἠλίαν,
964 1856 1057 1915 καὶ
1088 1864 1180 1915 τὸν
1230 1863 1507 1930 Ἰωάννην,
1542 1862 1640 1913 καὶ
1674 1861 1801 1923 τοὺς

1918 1879 1962 1923 et
1994 1868 2200 1933 dicere,
2232 1867 2378 1936 quod
2407 1867 2552 1921 Elias
2610 1874 2667 1921 et
2708 1865 2973 1930 Joannes,
3008 1866 3209 1935 aliique
3260 1865 3493 1929 similes,

215 1957 333 2007 κατ’
357 1954 579 2021 αὐτοὺε,
606 1955 722 2006 ὅσοι
749 1953 918 2023 μηδὲν
938 1952 1181 2006 τοιοῦτον
1209 1952 1585 2021 ὲμερίμνησαν
1606 1968 1619 1983 ο
1646 1949 1803 2003 τοῦτο

1918 1958 2042 2012 nihil
2065 1958 2173 2012 tale
2218 1956 2509 2011 curabant.
2559 1953 2761 2008 Verum
2807 1954 2860 2007 id
2904 1969 3011 2007 non
3066 1952 3217 2016 fecit,
3263 1951 3360 2006 sed
3428 1952 3499 2004 ab

218 2048 311 2115 μὲν
358 2048 459 2099 οὐκ
501 2046 779 2111 ἐποίησεν,
833 2044 942 2098 ἀπὸ
988 2044 1099 2097 τῶν
1157 2042 1425 2096 πετεινῶν
1484 2042 1541 2094 δὲ
1602 2041 1803 2111 μᾶλλον

1918 2050 2099 2104 avibus
2140 2048 2322 2118 potius
2357 2047 2563 2102 dictam
2615 2045 2887 2115 repressit
2924 2045 3323 2112 objectionem,
3378 2056 3500 2095 om-

217 2138 541 2206 έπεστόμισε
574 2136 673 2205 τὴν
702 2136 1001 2206 εἰρημένην
1028 2135 1328 2194 ἀντίθεσιν,
1359 2133 1801 2204 ὲντρεπτικώτεο

221 2247 307 2299 ρον
360 2229 771 2301 καθαψάμενος,
825 2230 920 2281 καὶ
967 2227 1232 2296 περιελὼν
1279 2228 1459 2280 πᾶσαν
1502 2226 1800 2293 πρόφασιν.

286 2322 398 2374 Καὶ
440 2322 550 2391 γὰρ
588 2323 680 2374 καὶ
712 2323 745 2388 ἡ
793 2320 1001 2372 παλαιὰ
1049 2318 1263 2389 Γραφὴ,
1321 2319 1622 2389 βουλομένη
1672 2334 1804 2384 σφο-

219 2413 468 2482 δρότερον
495 2410 819 2464 καθικέσθαι
845 2410 951 2463 τῶν
978 2409 1302 2479 ἀνθρώπων,
1328 2410 1463 2479 πρὸς
1493 2408 1590 2477 τὴν
1620 2408 1808 2476 μέλισ-

224 2521 319 2558 σαν
367 2504 569 2563 αὐτοὺς
618 2502 848 2571 πέμπει,
905 2502 1169 2572 καὶπρὸς
1214 2502 1307 2556 τὸν
1364 2503 1655 2572 μύρμηκα,
1711 2501 1807 2555 καὶ

225 2595 357 2665 πρὸς
396 2596 531 2649 ἄλλα
566 2594 701 2656 ζῶα.
740 2596 821 2648 Τὰ
858 2595 957 2664 μὲν
997 2592 1089 2647 οὖν
1118 2597 1368 2661 πετεινὰ.
1403 2596 1698 2666 μείναντα,
1732 2594 1809 2656 ὡς

226 2688 283 2752 ἐξ
310 2688 495 2759 ,ἀρχῆς
535 2686 803 2755 ἐγένοντο,
843 2686 1137 2755 εὐποροῦσι
1184 2688 1279 2739 καὶ
1316 2689 1416 2757 τῆς
1464 2689 1606 2742 κατὰ
1646 2687 1809 2754 φύσιν

231 2782 431 2847 τροφῆς
484 2796 498 2809 ·
536 2782 563 2831 ὁ
622 2779 679 2831 δὲ
740 2777 1065 2846 ἄνθρωπος,
1135 2778 1432 2847 ἐπιτραπεὶς
1491 2777 1806 2847 ἐστέρηται.

232 2870 373 2939 Πλὴν
406 2868 549 2939 ἅπερ
583 2872 615 2939 ἠ
648 2870 753 2921 ἀπὸ
783 2869 895 2939 (24)
924 2869 1019 2921 τοῦ
1044 2868 1181 2921 Θεοῦ
1211 2869 1571 2937 ἀλλοτρίωσις
1597 2869 1809 2936 ἀφεῖλε,

232 2959 399 3014 ταῦτα
429 2960 590 3011 πάλιν
627 2961 659 3027 ἡ
689 2958 824 3025 πρὸς
855 2957 1018 3010 αὑτὸν
1052 2957 1329 3019 οἰκείωσις
1360 2957 1677 3009 ἀποδίδωσι.
1712 2957 1811 3009 Διὰ

230 3052 385 3107 τοῦτο
415 3051 717 3122 προσέταξε
739 3090 754 3112 ,
794 3051 867 3120 μὴ
897 3051 1171 3121 μεριμνᾷν
1205 3052 1334 3120 περὶ
1384 3048 1591 3103 τούτων
1611 3089 1625 3112 ,
1674 3047 1812 3106 ἀλλὰ

231 3145 358 3215 περὶ
385 3144 481 3197 τοῦ
514 3143 865 3213 οἱκειωθῆναι
904 3141 1045 3211 Θεῷ.

293 3238 416 3304 Οὐχ
446 3264 514 3276 ——
541 3233 781 3300 αὐτῶν;
829 3236 941 3303 Οὐχ
971 3234 1129 3303 ὑμεῖς
1161 3233 1446 3303 κρείττους
1491 3229 1635 3284 κατὰ
1669 3230 1805 3283 πολὺ

231 3326 337 3379 τῶν
391 3326 653 3379 πετεινῶν
707 3329 869 3392 tota;
915 3326 1025 3377 Καὶ
1072 3325 1121 3375 εἰ
1172 3324 1242 3375 τὰ
1287 3323 1508 3393 χείρονα
1563 3322 1750 3391 τρέφει
1784 3324 1811 3374 ὁ

232 3420 396 3482 Θεὸς,
436 3417 615 3488 πολλῷ
653 3417 853 3487 μᾶλλον
890 3418 1016 3480 τοὺς
1057 3417 1397 3486 κρείττονας.
1453 3416 1511 3469 '0
1549 3415 1660 3485 γὰρ
1694 3416 1814 3467 δια-

233 3511 444 3573 πλάσας
472 3512 605 3579 ἡμῖν
638 3511 820 3579 σῶμα,
852 3510 1107 3579 δεόμενον
1138 3509 1343 3578 τροφῆς
1365 3548 1378 3570 ,
1414 3508 1643 3575 παρέξει
1674 3507 1815 3558 πάν-

232 3621 335 3666 τως
367 3606 462 3655 καὶ
490 3603 587 3670 τὴν
623 3606 829 3672 τροφὴν
857 3600 1044 3653 αὑτοῦ.
1078 3601 1144 3652 Τί
1171 3598 1297 3664 οῦν;
1331 3600 1392 3651 οὑ
1423 3599 1503 3650 δεῖ
1531 3599 1812 3668 σπείρειν;

235 3696 347 3756 Οὐκ
381 3688 528 3755 εἶπε,
568 3694 657 3761 Μὴ
687 3692 965 3762 σπείρετε,
995 3692 1155 3755 ἀλλὰ,
1192 3690 1288 3758 Μὴ
1312 3687 1653 3758 μεριμνᾶτε.
1696 3688 1818 3741 Τῶν

233 3786 457 3863 τελείων
488 3787 585 3853 μὲν
616 3785 746 3854 γὰρ,
773 3785 833 3837 τὸ
870 3785 1005 3854 μηδὲ
1036 3784 1307 3853 σπείρειν,
1335 3784 1451 3835 ἀλλ’
1483 3781 1819 3852 emaci-:30“

241 3880 409 3948 μόνην
436 3879 536 3948 τὴν
570 3877 773 3948 βρῶσιν
793 3876 894 3946 τὴν
926 3877 1003 3947 μὴ
1034 3875 1437 3946 ἀπολλυμένην,
1460 3876 1605 3942 λέγω
1630 3874 1693 3945 δὴ
1719 3874 1819 3936 τὰς

234 3972 457 4040 ἀρετὰς,
512 3970 587 4032 ὡς
632 3971 680 4025 οἱ
725 3966 1036 4031 ἀπόστολοι,
1084 3970 1178 4021 καὶ
1213 3970 1261 4021 οἱ
1310 3967 1686 4038 μιμησάμενοι
1729 3965 1820 4019 τὸν

238 4064 353 4135 βίον
400 4064 602 4126 αὐτῶν,
648 4065 743 4115 καὶ
772 4062 956 4135 ζητεῖν
986 4062 1096 4115 ἀπὸ
1129 4062 1224 4115 τοῦ
1255 4062 1371 4131 (25)
1402 4061 1538 4113 Θεοῦ
1566 4060 1667 4131 τὴν
1693 4077 1821 4129 τρο-

1907 2156 2035 2195 nam
2071 2147 2423 2210 praetextum,
2462 2138 2657 2207 majori
2683 2136 3007 2191 confusione
3039 2148 3276 2205 arguens
3317 2132 3503 2191 aetol-

1906 2233 2050 2286 lens.

1978 2322 2114 2377 Nam
2145 2331 2201 2376 et
2250 2330 2409 2375 vetus
2452 2317 2762 2387 Scriptura,
2822 2318 3013 2373 volens
3063 2314 3322 2370 homines
3379 2326 3498 2366 am-

1911 2419 2053 2489 plius
2076 2431 2195 2470 sese
2212 2414 2449 2485 dejicere
2480 2414 2573 2483 (vl,
2602 2414 2667 2467 ad
2689 2426 2846 2482 apem
2864 2426 2928 2467 ac
2953 2409 3263 2471 formicam,
3280 2415 3503 2462 caetera-

1912 2525 2019 2580 que
2062 2508 2362 2562 animantia
2397 2506 2584 2560 mittit.
2618 2509 2762 2559 Aves
2793 2518 2923 2575 ergo
2955 2502 3151 2557 eodem
3194 2509 3362 2561 statu,
3391 2512 3501 2566 quo

1912 2616 1941 2653 a
1973 2597 2247 2669 principio
2278 2596 2523 2659 fuerunt,
2552 2602 2958 2665 permanentes,
2990 2591 3115 2646 cibo
3139 2588 3231 2659 qui
3270 2587 3351 2641 eis
3373 2586 3503 2654 jux-

1916 2699 1969 2746 ta
2027 2698 2283 2744 naturam
2325 2687 2608 2752 convenit,
2703 2687 2868 2740 etiam
2937 2681 3266 2738 abundant:
3335 2677 3502 2731 homo

1917 2797 2045 2837 vero
2108 2797 2140 2835 a
2188 2780 2301 2835 Deo
2345 2794 2593 2841 aversus,
2651 2792 2718 2831 eo
2772 2776 3040 2846 privatur.
3112 2771 3505 2825 Verumtamen

1914 2890 2035 2943 qua:
2068 2871 2295 2927 abstulit
2336 2871 2595 2924 alienatio
2635 2888 2665 2922 a
2708 2867 2848 2930 Deo,
2893 2868 3009 2919 haec
3056 2876 3274 2916 rursum
3327 2856 3506 2913 reddit

1920 2963 2183 3017 reversio.
2228 2961 2394 3016 lubet
2419 2962 2606 3029 itaque
2634 2974 2705 3013 ne
2723 2958 2923 3011 borum
2958 2970 3148 3009 curam
3184 2952 3505 3014 habeamus,

1919 3057 2015 3111 sed
2045 3056 2112 3111 ad
2145 3055 2318 3135 Deum
2342 3053 2608 3123 peculiari
2641 3052 2805 3106 modo
2834 3056 3200 3104 revertamur.

1841 3163 1883 3219 ί]
1991 3150 2147 3203 Vers.
2189 3145 2379 3201 Nonne
2406 3174 2481 3187 -—
2506 3145 2605 3199 illa
2641 3144 2666 3197 ?
2702 3143 2894 3197 Nonne
2929 3156 3023 3194 vos
3054 3140 3216 3209 longe
3249 3137 3507 3192 meliores

1917 3243 2053 3295 estis
2079 3241 2314 3295 avibus?
2341 3237 2547 3304 Quodsi
2584 3237 2775 3289 viliora
2830 3236 2925 3288 alit
2975 3236 3137 3295 Deus,
3183 3230 3354 3284 multo
3388 3242 3507 3280 ma-

1916 3334 1998 3405 gis
2032 3346 2128 3385 eos
2157 3329 2251 3400 qui
2276 3329 2532 3384 meliores
2569 3336 2721 3381 sunt.
2755 3325 2860 3391 Qui
2922 3324 3071 3378 enim
3129 3335 3334 3387 corpus
3386 3318 3510 3370 riho

1918 3422 2173 3492 indigens
2210 3422 2368 3475 vobis
2405 3420 2631 3490 aptavit,
2690 3418 2865 3486 ipsius
2918 3431 3138 3486 quoque
3186 3414 3508 3467 alimentum

1918 3513 2143 3565 omnino
2165 3511 2450 3581 praebebit.
2469 3510 2607 3575 Quid
2632 3524 2759 3578 ergo
2775 3508 2797 3561 ?
2815 3522 2992 3576 neque
3008 3506 3277 3560 seminare
3304 3502 3510 3555 licitum

1919 3603 2066 3655 erit?
2099 3601 2217 3656 Non
2248 3602 2401 3667 dixit,
2466 3601 2545 3655 Ne
2575 3599 2878 3662 seminetis,
2916 3600 3036 3661 sed,
3066 3595 3147 3649 Ne
3193 3594 3407 3649 solliciti
3433 3592 3511 3644 si-

1923 3695 2009 3748 tis.
2046 3693 2420 3749 Periectorum
2451 3694 2722 3763 siquidem
2779 3701 2861 3747 est
2901 3706 3011 3744 non
3063 3688 3360 3747 seminare,
3420 3682 3513 3736 st-d

1924 3788 2143 3856 operari
2176 3788 2358 3840 cibum
2387 3789 2476 3856 qui
2516 3802 2623 3840 non
2688 3786 2827 3855 perit
2861 3804 2871 3838 :
2918 3784 3039 3837 dico
3085 3794 3217 3834 sane
3256 3777 3513 3836 virtutes,

1924 3878 2067 3933 sicut
2098 3878 2354 3948 apostoli,
2402 3881 2711 3946 horumque
2738 3877 2905 3930 vitam
2953 3875 3258 3933 imitantes,
3303 3884 3366 3921 ac
3412 3882 3505 3933 pe-

1925 3979 2042 4024 tere
2065 3986 2095 4023 a
2147 3971 2256 4024 Deo
2285 3970 2632 4024 alimentum.
2664 3969 2888 4028 Panem,
2924 3965 3121 4034 inquit,
3152 3971 3389 4015 nostrum
3416 3973 3511 4009 su-

1926 4064 2423 4133 persubstantialem
2453 4065 2523 4117 da
2547 4064 2695 4117 nobis
2716 4062 2866 4115 hodie
2892 4061 2960 4112 ’³.
2988 4054 3344 4112 Mediocrium
3386 4065 3520 4103 vero

237 4157 343 4222 φῆν
370 4170 383 4185 ’
442 4154 554 4230 Τὸν
593 4153 775 4221 ἄρτον
820 4153 953 4223 γὰρ.
1003 4154 1161 4220 φησὶ,
1216 4151 1323 4205 τὸν
1356 4151 1671 4204 ἐπιούσιον
1718 4150 1809 4216 δὸς

1929 4168 2015 4212 εει
2034 4158 2306 4213 seminare
2329 4159 2575 4227 quidem,
2599 4166 2655 4211 at
2684 4172 2792 4210 non
2823 4158 3019 4208 anxios
3049 4164 3193 4214 esse,
3221 4159 3277 4201 et
3309 4147 3523 4215 seipsos

234 4243 378 4310 ἡμῖν
413 4244 713 4312 σήμερον·
741 4242 849 4295 τῶν
885 4244 1066 4311 μέσων
1102 4242 1177 4303 δὲ,
1216 4240 1275 4292 τὸ
1310 4240 1557 4309 σπείρειν
1591 4238 1711 4307 μὲν,
1749 4241 1824 4308 μὴ

237 4337 550 4406 φροντίζειν
588 4335 666 4399 δὲ,
720 4336 835 4398 πῶς
883 4334 950 4387 ἂν
1001 4334 1148 4404 φύσῃ
1195 4332 1258 4387 τὸ
1298 4333 1544 4401 σπέρμα,
1570 4330 1668 4388 καὶ
1712 4329 1824 4401 (26)

237 4426 583 4480 κατατείνειν
607 4427 832 4488 ἑαυτοὺς
854 4426 1012 4487 ὅλους
1034 4426 1113 4487 είς
1136 4422 1234 4485 τὰς
1252 4421 1510 4483 τοιαύτας
1531 4421 1824 4492 μερίμνας,

1934 4258 2078 4304 tutos
2117 4249 2174 4302 in
2206 4249 2523 4318 hujusmodi
2553 4264 2714 4304 curas
2743 4248 3006 4317 dejicere,
3041 4251 3100 4297 ut
3132 4242 3201 4295 oh
3247 4240 3347 4293 has
3399 4237 3522 4290 anis

1933 4356 2034 4395 mae
2060 4356 2251 4395 curam
2285 4342 2587 4411 negligant.
2612 4340 2847 4407 Ideoque
2873 4336 3148 4390 seminare
3176 4346 3355 4400 neque
3392 4344 3521 4397 prun

1935 4433 2132 4494 hibuit,
2178 4450 2355 4504 neque
2387 4436 2683 4499 concessit,
2722 4432 2818 4487 sed
2857 4433 2912 4485 in
2951 4428 3390 4495 uniuscujusque
3422 4439 3522 4475 vo-

236 4518 312 4583 ὠς
342 4518 432 4571 διὰ
460 4517 665 4578 ταύτας
698 4518 921 4587 ἀμελεῖν
955 4517 1055 4585 τῆς
1087 4516 1291 4585 ψυχῆς.
1322 4516 1422 4567 Διὰ
1455 4514 1616 4567 τοῦτο
1644 4514 1809 4568 τοίνυπ

1933 4526 2143 4581 luntate
2170 4528 2301 4582 illud
2332 4527 2571 4596 reliquit.
2607 4526 2794 4595 Neque
2841 4523 2989 4578 enim
3027 4521 3077 4575 id
3113 4520 3181 4573 de
3221 4518 3415 4571 avibus
3442 4514 3526 4567 di-

236 4611 300 4664 τὸ
337 4610 584 4680 σπείρειν
612 4607 732 4662 οὔτε
768 4607 1042 4661 ἐκώλυσεν
1064 4606 1190 4659 οὔτε
1215 4605 1517 4678 ἐπέτρεψεν
1536 4648 1551 4674 ,
1584 4606 1701 4660 ἀλλ’
1732 4608 1822 4659 ἐπὶ

238 4707 305 4773 τῇ
346 4704 581 4757 ἑκάστου
620 4702 941 4771 προαιρέσει
971 4700 1131 4753 τοῦτο
1166 4700 1587 4774 καταλέλοιπεν.
1621 4700 1681 4753 Εί
1713 4702 1822 4771 γὰρ

1933 4616 2030 4680 xit,
2068 4628 2129 4671 ut
2159 4618 2432 4673 seminare
2462 4617 2803 4687 prohiberet,
2838 4614 2934 4669 sed
2973 4612 3024 4666 id
3058 4620 3270 4665 tantum
3296 4607 3527 4660 όυιιιυιις

1932 4718 2109 4764 strare
2144 4712 2336 4775 voluit,
2367 4711 2513 4780 quod
2564 4709 2686 4763 illas
2723 4709 2868 4762 Deus
2899 4706 3027 4761 alat.

245 4800 343 4851 καὶ
406 4797 539 4865 περὶ
610 4796 720 4848 τῶν
776 4800 1035 4848 πετεινῶν
1081 4792 1257 4855 εἴπεν,
1308 4796 1391 4848 ὅτι
1439 4795 1500 4847 ού
1551 4794 1889 4863 σπείρουσιν,
1952 4801 2067 4855 ἀλλ’
2112 4805 2213 4858 οὐκ
2264 4802 2386 4859 εἷπε
2440 4804 2619 4869 τοῦτο,
2678 4800 2904 4855 κωλύων
2956 4798 3019 4854 τὸ
3071 4794 3339 4867 σπείρειν,
3391 4788 3530 4844 ἀλλὰ

243 4894 404 4965 μόνον
434 4894 605 4960 δείξαι
636 4893 984 4963 βουλόμενος,
1017 4892 1099 4945 ὃτι
1122 4895 1149 4945 ὁ
1171 4892 1305 4957 Θεὸς
1341 4892 1537 4963 τρέφει
1558 4894 1720 4965 αύτᾴ.

352 5009 396 5039 ³³
421 5007 611 5064 Matth.
648 5021 722 5069 vt,
753 5004 841 5060 Η.

1451 5071 1650 5132 Variae
1693 5070 1998 5136 lectiones
2033 5086 2096 5137 et
2136 5086 2327 5140 noue.

321 5226 433 5289 (‘25)
452 5225 679 5293 ἁμέετρῳ
704 5219 991 5293 φιλοπονίᾳ
1027 5218 1153 5293 -Ιῖοη
1179 5217 1326 5287 cepit
1345 5217 1452 5293 vim
1475 5218 1723 5293 vocabuli
1749 5219 1829 5273 in-

249 5289 879 5362 terprestaIttirsivstv
910 5289 995 5349 est
1027 5289 1216 5362 idem;
1241 5289 1386 5358 quod
1420 5290 1790 5362 κατατρύχειν
1809 5327 1824 5350 ,

249 5357 435 5419 nimiis
503 5362 782 5418 laboribus
840 5375 1060 5425 vexare,
1113 5357 1354 5414 adlicere
1406 5374 1472 5415 ae
1520 5357 1826 5429 quasi’ex-

252 5436 480 5489 teudere
504 5444 561 5488 et
581 5442 814 5491 atterere
838 5446 1058 5501 corpus.

2013 5219 2126 5290 (ει)
2156 5221 2267 5274 ἀπὸ
2297 5221 2435 5274 Θεοῦ
2472 5222 2537 5275 Α.

2007 5290 2122 5428 ἕὲὅ)
2156 5292 2263 5345 ἀπὸ
2286 5292 2419 5345 Θεοῦ
2442 5293 2510 5346 Α.

2028 5360 2121 5427 26)
2185 5361 2367 5417 Malim
2418 5361 2578 5428 μηδέ,
2636 5361 2755 5418 loco
2808 5357 2925 5413 καί.
2983 5356 3115 5425 Aut,
3173 5356 3283 5409 ἀπὸ
3334 5357 3513 5408 κοινοῦ

2028 5356 2121 5434 26)
2185 5361 2367 5417 Malim
2418 5361 2578 5434 μηδέ,
2636 5361 2755 5418 loco
2808 5357 2925 5413 καί.
2983 5356 3115 5425 Aut,
3173 5356 3283 5409 ἀπὸ
3334 5357 3517 5408 κοινοῦ

1954 5429 2013 5482 τὸ
2028 5432 2138 5499 μή.

323 5572 386 5636 (t)
416 5572 739 5643 Quandoque
759 5602 819 5611 —
846 5571 1087 5626 solliciti.
1113 5569 1340 5637 Quando
1367 5569 1481 5625 sola
1506 5578 1690 5624 mente
1706 5584 1809 5623 sun

1947 5586 2141 5643 namus
2181 5573 2308 5643 disi!
2341 5587 2394 5643 ρ.
2430 5572 2520 5636 84,
2560 5569 2915 5643 Πικροτάτοις
2944 5563 3125 5643 αὐτοῦ¹
3143 5561 3401 5643 καθίκετο
3427 5560 3518 5643 1d-

252 5642 492 5700 solliciti.

325 5713 404 5849 (ιῖ
426 5714 727 5782 Aliquando
751 5720 819 5765 et.
847 5710 1097 5776 Quando.

328 5785 379 5851 (υ
436 5784 675 5851 Amplius
692 5800 800 5837 sese
829 5782 1068 5851 dejicere.

436 5780 675 5852 Amplius
692 5800 800 5837 sese
829 5782 1068 5851 dejicere.
1104 5781 1297 5837 Acrius
1328 5795 1550 5836 monere
1604 5783 1679 5835 Ita
1708 5780 1827 5837 (Iin-

1942 5659 2080 5708 γ’)ιςς
2114 5642 2178 5696 Et
2202 5630 2496 5699 IEschines
2508 5630 2771 5706 Soet-tn,
2804 5630 2906 5703 15,⁷
2920 5637 2989 5692 τὰ
3005 5634 3277 5704 δυνάμενα
3294 5630 3521 5685 καθικέ-

1945 5711 2068 5764 σθαι
2096 5713 2197 5783 τῆς
2224 5714 2422 5785 ψυχῆς.
