4026 6528
479 363 580 429 251

1685 353 2069 415 EUTHYMII
2150 353 2321 412 ZlGA
2334 352 2512 412 BENI

3622 347 3725 413 $52

550 473 687 528 Nam
714 470 845 542 quid
879 470 977 527 tibi
1008 468 1274 539 proderit,
1308 468 1353 521 si
1386 475 1437 520 te
1475 465 1547 521 ita
1574 466 1722 521 curis
1748 462 2048 518 coniicias?

2226 466 2296 518 Τί
2328 465 2459 533 γοῦν
2502 462 2832 532 ὠφελήσεις,
2886 462 3058 526 οὕτως
3108 462 3514 529 ἐπιτεταμένως
3573 479 3728 533 μερι-

478 563 804 633 Quanquam
826 562 970 616 enim
1003 568 1057 615 tu
1098 558 1294 611 millies
1327 556 1571 611 studium
1594 588 1601 593 -
1624 555 1907 620 adhibeas,
1942 568 2049 608 non

482 652 639 707 dabis
662 659 845 705 tamen
880 646 1115 716 pluviam
1136 654 1230 698 aut
1254 647 1447 707 solem,
1471 645 1735 713 ﬂatusque
1764 652 2051 698 ventorum

480 743 679 810 quibus
712 753 900 794 semen
955 737 1195 790 fructum
1236 735 1501 804 proferat.
1537 734 1668 787 Nam
1721 735 1838 786 haec
1904 732 2053 786 solus

481 832 624 886 Deus
653 830 858 884 tribuit.
893 829 969 882 ita
988 842 1120 897 ergo
1150 835 1207 880 et
1234 827 1301 880 de
1333 835 1488 895 potu,
1520 834 1573 878 et
1605 825 1672 878 de
1705 823 2050 884 indumento,

481 922 712 989 aliisque
748 918 1038 973 similibus.

551 1009 838 1076 Quomodo
883 1017 1063 1061 autem
1099 1014 1277 1073 potest
1302 1005 1569 1073 quisuiam
1619 995 1821 1067 vivere,
1858 1004 1947 1067 qui
1976 1011 2054 1055 ta-

478 1098 547 1153 lia
580 1114 693 1153 non
724 1097 915 1152 curat?
946 1096 1273 1161 Quomodo?
1302 1093 1455 1147 Sicut
1502 1095 1746 1162 prmdicti
1797 1094 2055 1145 vivebant

478 1188 674 1243 sancti.
708 1187 896 1257 Neque
930 1187 1077 1240 enim
1108 1186 1381 1253 propriam
1411 1185 1839 1238 imbecillitatem
1893 1184 2057 1236 facia-

481 1295 602 1334 mus
631 1280 885 1349 przcepti
926 1276 1442 1345 impzissibilitatem.
1472 1275 1614 1329 Nihil
1665 1277 1930 1343 siquidem
1954 1275 2056 1327 im-

477 1367 735 1435 possibile
762 1363 1016 1434 praacepit
1046 1363 1232 1427 Deus;
1276 1366 1430 1415 novit
1474 1363 1618 1416 cnim
1675 1360 2057 1430 possibilitatis

486 1457 741 1512 humanm
787 1442 1120 1517 mensuram,
1171 1470 1277 1507 non
1307 1454 1480 1507 solum
1509 1465 1563 1505 ut
1606 1462 1819 1505 creator
1862 1438 2054 1518 ipsius,

481 1546 579 1602 sed
610 1558 865 1617 tanquam
912 1547 958 1600 is
1020 1562 1259 1614 quoque,
1296 1546 1525 1611 quieam
1581 1545 1633 1597 in
1673 1559 1731 1598 se
1791 1546 2054 1610 suscepit.

479 1637 680 1692 Verum
708 1637 814 1691 illis
852 1638 1070 1705 quidem
1122 1635 1280 1688 facile
1327 1645 1447 1687 erat
1496 1644 1847 1702 praeceptum,
1900 1635 2056 1699 quasi

481 1726 755 1795 separatis
793 1742 823 1778 a
849 1725 1076 1785 mundo,
1105 1725 1364 1792 omnique
1408 1724 1593 1777 habitu
1621 1739 1885 1792 corporeo
1911 1740 1924 1777 :
1956 1740 2053 1776 no-

2156 558 2341 629 pw‘bv;
2374 556 2483 627 (27)
2516 543 2633 609 Κᾶν
2687 553 2794 623 γὰρ
2844 554 3013 623 μυρία
3055 553 3383 623 σπουδάσῃς,
3439 555 3500 607 οὐ
3534 556 3726 616 δώσεις

2155 650 2332 713 ὑετὸν,
2387 648 2510 701 οὐδὲ
2564 647 2740 715 ἥλιον,
2768 645 2888 698 οὐδὲ
2926 646 3095 709 πνοὰς
3128 646 3369 715 ἀνέμων,
3416 642 3497 707 οἷς
3531 649 3559 699 ό
3594 645 3726 697 σπό-

2160 758 2252 812 ρος
2286 740 2641 808 καρπογονεῖ.
2670 738 2857 792 Ταῦτα
2885 737 2995 807 γὰρ
3025 737 3053 789 ό
3080 737 3212 798 Θεὸς
3275 738 3433 804 μόνος
3481 737 3724 789 δίδωσιν.

2154 833 2341 895 Οὕτως
2389 830 2484 884 οὖν
2536 830 2630 884 καὶ
2667 830 2758 881 ἐπὶ
2804 828 3069 898 πόματος,
3134 828 3227 881 καὶ
3257 829 3348 880 ἐπὶ
3401 829 3726 898 ἐνδύματος,

2154 942 2188 976 κ
2224 925 2248 976 i.
2278 923 2385 977 τῶν
2410 921 2689 975 τοιούτων.

2228 1018 2335 1068 Καὶ
2362 1016 2478 1075 πῶς
2506 1011 2730 1067 δύναταί
2758 1026 2840 1073 τις
2888 1009 3009 1079 ζῇν,
3045 1008 3119 1075 μὴ
3170 1006 3451 1077 μεριμνῶν
3498 1006 3566 1058 τὰ
3621 1022 3731 1056 τοι·

2157 1107 2337 1169 αὖτας
2371 1106 2535 1169 Ηῶς;
2578 1105 2667 1166 Ὠς
2695 1102 2833 1165 ἔζων
2861 1102 2910 1152 oi
2961 1098 3294 1170 δηλωθέντες
3354 1097 3523 1163 ἅγιοι.
3574 1095 3727 1163 Μηδὲ

2159 1201 2267 1268 γὰρ
2290 1201 2388 1268 τὴν
2424 1197 2632 1250 ἑαυτῶν
2681 1193 2986 1256 ἀσθένειαν,
3026 1189 3270 1258 ποιῶμεν
3296 1188 3600 1255 ἀδυναμίαν
3632 1186 3729 1255 τῆς

2159 1291 2398 1358 ἐντολῆς.
2428 1288 2591 1341 Οὐδὲν
2625 1286 2735 1355 γὰρ
2755 1284 3014 1337 ἀδύνατον
3048 1284 3077 1334 ό
3116 1281 3250 1342 Θεὸς
3293 1277 3571 1341 ἐπέταξεν.
3604 1274 3731 1329 Οἷόε

2158 1380 2265 1446 γὰρ
2289 1378 2349 1429 τὸ
2381 1377 2578 1445 μέτρον
2612 1374 2710 1441 τῆς
2742 1358 3090 1440 ἀνθρωπίνής
3121 1368 3425 1436 δυνάμεως,
3471 1366 3533 1418 οὐ
3564 1366 3730 1434 μόνον

2156 1469 2229 1531 ὡς
2263 1465 2591 1536 δημιουργὸς
2618 1461 2969 1531 αὑτῆς,ὰλλὰ
3015 1460 3110 1512 καὶ
3158 1458 3233 1520 ὡς
3287 1456 3487 1518 ὑποδὺς
3534 1456 3727 1523 αὑτήν.

2174 1559 2315 1612 Ἀλλ’
2384 1558 2613 1615 ἐκείνοις
2684 1555 2784 1622 μὲν
2858 1550 3089 1621 εὐχερὴς
3151 1545 3220 1619 ἦν
3285 1550 3317 1616 ἡ
3377 1546 3588 1612 ἐντολὴ,
3656 1545 3735 1604 ὡς

2159 1649 2481 1722 χωρισοεϊσι
2516 1648 2723 1715 κόσμου
2756 1644 2852 1696 καλ⁵
2882 1644 3062 1711 πάσης
3091 1640 3411 1709 σωματικῆς
3462 1637 3729 1704 σχέσεως

2161 1744 2289 1809 ἡμῖν
2321 1740 2377 1792 δὲ
2409 1739 2665 1799 ἀδύνατος
2698 1736 2972 1804 φαίνεται,
2997 1730 3086 1784 διὰ
3112 1730 3172 1783 τὸ
3233 1730 3308 1799 μὴ
3370 1726 3736 1793 ἀποσπ⁶σ⁰ἦ⁹

480 1814 565 1871 bis
588 1824 781 1869 autem
812 1814 1153 1883 impossibile
1176 1814 1413 1873 videtur,
1440 1829 1507 1875 eo
1539 1815 1684 1882 quod
1708 1815 1776 1866 ab
1801 1815 1918 1882 ipso
1945 1830 2048 1867 non

2158 1848 2245 1882 ναι
2276 1829 2475 1881 αὐτῶν.
2503 1827 2706 1897 Τρέφει
2740 1826 2795 1878 δὲ
2830 1825 2898 1876 τὰ
2936 1820 3159 1875 πετεινὰ
3185 1821 3213 1871 ό
3243 1819 3401 1882 Θεὸς,
3419 1817 3596 1880 ἐνθεὶς
3644 1818 3739 1871 αὖ·

479 1920 673 1961 sumus
708 1906 905 1961 avulsi.
944 1906 1084 1960 Aves
1152 1921 1281 1958 vero
1326 1906 1501 1959 nutrit
1552 1906 1714 1968 Deus,
1758 1906 2057 1959 immittcns

478 1996 588 2051 illis
650 1998 958 2052 naturalem
1044 1996 1365 2051 instinctum
1431 1998 1577 2051 unde
1649 1998 1829 2051 cibum
1903 1998 2059 2051 colli-

556 2177 709 2234 Vers.
741 2179 833 2233 27.
874 2176 1005 2243 Qui:
1054 2186 1233 2232 autem
1258 2207 1328 2218 —-
1359 2178 1572 2232 unum!
1622 2179 1835 2232 Nullus.
1905 2178 2058 2232 Sicut

481 2282 613 2339 ergo
643 2269 769 2333 hoc,
801 2267 983 2322 studio
1008 2274 1198 2321 vestro
1248 2267 1465 2336 assequi
1503 2282 1611 2319 non
1658 2268 1888 2335 potestis
1930 2284 1941 2318 :
1984 2270 2053 2320 ita

476 2372 583 2412 nec
612 2358 799 2413 cibum
829 2372 1183 2427 congregare,
1239 2357 1343 2412 nisi
1380 2357 1491 2411 Deo
1517 2365 1815 2411 annuente.
1870 2357 2054 2420 Quatt-

474 2460 639 2515 quam
660 2448 806 2501 enim
831 2446 1035 2501 millies
1051 2447 1291 2501 studium
1315 2447 1690 2508 adhibeamus,
1716 2447 1852 2499 nihil
1875 2455 2056 2499 tamen

475 2536 685 2605 absque
710 2534 831 2603 ejus
888 2535 1228 2605 providentia
1264 2535 1629 2604 proﬁciemus.

511 2602 616 2677 ‘Et
650 2633 800 2679 certe
831 2602 1011 2694 neque
1050 2602 1313 2695 palmum,
1346 2640 1527 2694 neque
1576 2626 1807 2697 digitum
1856 2627 2057 2681 addere

480 2722 681 2784 potest.
719 2714 862 2769 Dixit
894 2724 1079 2769 tamen
1108 2714 1375 2779 cubitum,
1397 2716 1521 2784 quia
1548 2716 1768 2787 proprie
1803 2732 2056 2771 mensura

478 2813 698 2861 statura:
726 2812 813 2859 est
839 2803 1078 2859 cubitus.

552 2896 705 2957 Vera.
744 2896 834 2951 28.
886 2895 954 2949 Et
981 2896 1043 2949 de
1078 2925 1151 2936 —
1182 2912 1345 2967 neque
1404 2907 1547 2950 nent.
1606 2895 1743 2949 Lilia
1786 2895 1890 2951 hoc
1938 2898 2059 2951 loco

484 2989 652 3043 tiores
680 3002 873 3042 omnes
902 2988 1227 3052 nominavit,
1284 2990 1429 3056 quod
1481 3003 1545 3042 ex
1591 3004 1658 3043 eo
1708 2990 2055 3043 manifestum

2157 1925 2271 1984 τοῖς
2293 1920 2518 1989 γνῶσιν,
2551 1919 2716 1971 πόθεν
2745 1914 3043 1977 συλλέξωσι
3069 1912 3167 1983 τὴν
3184 1911 3415 1985 τροφήν.

2234 2189 2328 2253 Τίς
2362 2185 2430 2239 δὲ
2460 2213 2529 2225 --
2560 2182 2707 2248 Era;
2738 2173 3275 2247 Οὐδείς.Ὢσπεροῦν
3295 2173 3575 2237 ἀδύνατον,
3598 2188 3737 2225 κατ-

2158 2279 2467 2347 ορθωθῆναι
2500 2273 2660 2327 τοῦτο
2718 2272 2806 2325 διὰ
2846 2270 3083 2337 σπουδῆς
3114 2267 3409 2337 quassos:
3444 2262 3589 2316 οὕτω
3633 2263 3735 2316 καὶ

2158 2370 2219 2424 τὸ
2249 2366 2576 2433 συναγαγεῖν
2608 2362 2835 2431 τροφὴν,
2868 2362 2918 2413 εἰ
2952 2361 3026 2428 μὴ
3059 2360 3087 2410 ό
3117 2357 3252 2418 Θεὸς
3285 2356 3568 2423 ἐπινεύσῃ.
3605 2351 3746 2407 Κᾶν-

2157 2459 2265 2530 γὰρ
2293 2457 2461 2528 μυρία
2486 2453 2899 2521 σπουδάσωμεν,
2949 2449 3102 2503 οὐδὲν
3131 2446 3425 2516 ἁνύσομεν,
3454 2445 3576 2514 δίχα
3624 2441 3741 2511 τῆς

2158 2550 2415 2622 προνοίας
2452 2546 2636 2599 αὐτοῦ.

2229 2640 2364 2712 [Καὶ
2394 2637 2505 2707 (Ξ8)
2545 2636 2653 2704 μὴν
2712 2632 2830 2685 οὐδὲ
2887 2626 3189 2697 σπιθαμὴν.
3268 2624 3389 2678 οὐδὲ
3443 2622 3733 2678 δάκτυλον.

2157 2731 2360 2785 Λοιπὸν
2383 2727 2475 2780 οὖν
2508 2726 2686 2795 πῆχυν
2739 2720 2883 2785 εἷπε,
2926 2721 3061 2774 διότι
3104 2717 3309 2787 κυρίως
3365 2717 3562 2785 μέτρον
3618 2713 3736 2767 τῶν

2159 2820 2384 2893 ἡλικιῶν
2414 2822 2441 2871 ὁ
2476 2816 2652 2887 πῆχύς
2694 2813 2859 2884 ὲστι.]

2229 2917 2339 2967 Καὶ
2384 2911 2517 2976 περὶ
2568 2936 2600 2945 η
2645 2906 2787 2959 οὐδὲ
2840 2904 3031 2968 νήθει.
3098 2902 3277 2971 Κρίνα
3306 2898 3424 2963 νῦν,
3452 2898 3629 2951 πάντα
3658 2897 3736 2948 τὰ

2158 3006 2295 3072 ἄνθη
2331 3003 2615 3071 ὠνόμασε.
2676 2999 2784 3049 Καὶ
2823 2994 2979 3047 τοῦτο
3032 2992 3210 3060 δῆλον,
3246 2990 3354 3044 ἀπὸ
3404 2989 3497 3042 τοῦ
3526 2988 3731 3049 εἰπεῖν,

477 3088 584 3145 est,
614 3079 741 3149 quia
779 3079 915 3134 dixit
940 3096 954 3133 :
979 3078 1127 3134 Sicut
1157 3096 1318 3133 unum
1364 3080 1551 3132 horum
1581 3081 1646 3134 “.
1689 3080 1824 3135 Cum
1866 3089 2046 3135 autem

2154 3096 2234 3149 ὄτι
2270 3094 2364 3159 ⁸ος
2382 3092 2452 3145 ἓν
2487 3091 2734 3143 τούτων.
2770 3087 2959 3146 Ὀντος
2981 3083 3035 3136 δὲ
3067 3083 3159 3135 τοῦ
3191 3081 3353 3147 λόγου
3396 3079 3525 3149 περὶ
3570 3076 3730 3130 ἐνδύ-

474 3176 624 3223 esset
641 3183 828 3234 sermo
853 3169 922 3223 de
948 3168 1291 3233 indumento,
1330 3170 1603 3239 quomodo
1633 3170 1766 3225 facit
1811 3171 2050 3225 mentio-

472 3274 598 3314 nem
628 3260 696 3315 de
721 3261 1048 3316 cremento?
1072 3259 1208 3327 Quia
1235 3260 1531 3315 dictionem
1577 3261 1746 3325 illam,
1788 3270 2046 3325 crescant,

477 3360 704 3420 propter
753 3349 880 3405 folia
910 3350 1045 3406 dixit
1100 3367 1290 3407 eorum
1335 3367 1457 3420 quae
1506 3352 1704 3405 borum
1753 3352 2049 3421 unicuique

474 3438 615 3493 sunt
641 3441 1044 3496 indumentum.
1090 3442 1469 3506 Considerate,
1532 3442 1729 3510 inquit,
1766 3443 1876 3497 lilia
1908 3444 2048 3514 agri,

472 3530 748 3597 quomodo
780 3541 1030 3585 crescant
1051 3533 1106 3585 in
1130 3532 1296 3597 foliis,
1330 3546 1449 3601 quae
1473 3544 1739 3601 quantum
1774 3543 2049 3601 crescunt,

475 3627 686 3673 tantum
716 3620 969 3674 decorem
1003 3622 1325 3677 ostendunt.

546 3708 700 3764 Vers.
732 3709 824 3765 ‘29.
880 3710 1104 3764 Dico—
1133 3713 1289 3768 Vers.
1353 3715 1442 3769 30.
1496 3715 1593 3769 Vos
1624 3718 1650 3771 2
1697 3714 1877 3780 Quare
1932 3731 2045 3771 non

470 3814 690 3855 rursum
721 3816 752 3855 a
784 3801 1099 3885 volucribus
1148 3802 1303 3857 duxit
1331 3806 1660 3874 exemplum.
1689 3815 1784 3859 aut
1833 3807 1900 3861 ab
1922 3807 2044 3860 allis

471 3894 842 3948 animalibus?
876 3892 1099 3949 Poterit
1138 3896 1286 3950 enim
1321 3898 1488 3951 multa
1535 3914 1742 3969 ponere
1780 3899 2046 3955 adornata

476 3998 542 4038 ac
574 3984 988 4053 pulcherrima?
1017 3984 1158 4051 Quia
1199 3990 1314 4043 vult
1336 3990 1428 4043 hic
1461 3998 1517 4043 et
1562 3992 1825 4045 vilitatem
1864 3993 2045 4048 herbas

472 4076 793 4141 ostendere,
836 4092 956 4146 quae
980 4078 1059 4131 sic
1098 4093 1127 4131 a
1190 4079 1301 4133 Deo
1334 4081 1650 4145 adornatur,
1704 4093 1759 4137 et
1788 4084 2042 4137 decorem

468 4165 896 4231 pulchritudinis
926 4166 1062 4221 adeo
1092 4168 1184 4221 vili
1220 4168 1403 4223 herbae
1433 4170 1593 4225 datas.
1628 4173 1695 4226 Et
1723 4181 1852 4227 nota
1900 4175 2046 4243 quod

467 4253 712 4309 liliorum
750 4256 1027 4327 adaugens
1052 4259 1337 4325 vilitatem,
1375 4261 1601 4315 herbam
1640 4262 1691 4315 in
1746 4278 2042 4333 progressu

467 4354 532 4395 ea
562 4343 776 4395 vocavit
806 4360 818 4397 :
864 4346 1141 4415 magisque
1175 4361 1299 4400 cum
1329 4348 1479 4401 addit
1511 4356 1527 4400 :
1579 4349 1709 4413 Quae
1749 4353 1902 4405 hodie
1944 4360 2041 4415 est,

2153 3202 2343 3256 ματος.
2382 3182 2495 3244 πῶς
2536 3180 2683 3242 λέγει
2712 3178 2842 3247 περὶ
2876 3174 3195 3243 αὐξήσεως;
3250 3171 3398 3224 Διότι
3442 3169 3502 3222 τὸ
3534 3166 3728 3231 αὐξά-

2146 3295 2239 3333 νει
2271 3276 2409 3347 πρὸς
2448 3276 2515 3328 τὰ
2566 3270 2772 3326 πέταλα
2807 3268 2986 3322 αὐτῶν
3044 3265 3285 3333 εἴρηκεν,
3323 3263 3483 3316 ἅτινα
3520 3260 3729 3329 ἐνδυμα

2150 3370 2365 3437 ἑκάστῳ
2389 3364 2592 3419 τούτων
2619 3362 2736 3415 ἐστί
2768 3377 2782 3390 ·
2826 3355 3213 3426 Καταμάθετε,
3243 3353 3437 3421 λέγων,
3469 3350 3538 3404 τὰ
3563 3349 3728 3421 κρίνα

2149 3458 2242 3513 τοῦ
2272 3454 2467 3527 ἀγροῦ,
2504 3452 2620 3513 πῶς
2669 3448 2960 3514 αὐξάνουσι
2996 3446 3153 3499 κατὰ*
3184 3444 3255 3496 τὰ
3299 3441 3530 3505 πέταλα,
3578 3437 3730 3509 ᾇπερ

2149 3553 2274 3605 ὅσον
2330 3547 2576 3614 αὐξάνει,
2611 3542 2865 3597 τοσοῦτον
2894 3537 3142 3609 ὡραΐζει.

2225 3706 2474 3774 Λέγω-
2498 3703 2675 3771 ὑμᾶς.
2712 3698 2865 3752 Διατί
2896 3696 2996 3749 οὐκ
3024 3694 3132 3747 ἀπὸ
3160 3691 3270 3743 τῶν
3303 3688 3565 3743 πετεινῶν
3615 3686 3730 3741 πά.-

2150 3800 2235 3852 λιν
2292 3801 2469 3869 ἦγαγε
2507 3795 2886 3865 παράδειγμα,
2928 3791 2961 3859 ἢ
2998 3788 3093 3842 καὶ
3145 3785 3254 3839 ἀπὸ
3307 3783 3462 3847 ζώων
3512 3782 3725 3845 ᾶλλωνς

2150 3890 2281 3964 Εἶχε
2316 3892 2424 3959 γὰρ
2454 3890 2633 3941 εἰπεῖν
2666 3885 2837 3939 πολλὰ
2870 3878 3365 3948 κεκαλλωπισμένα
3394 3876 3491 3928 καὶ
3514 3874 3721 3945 ὡραιόο

2150 4001 2310 4039 τατα.
2364 3982 2511 4035 Διότι
2542 3978 2792 4051 βούλεται
2827 3971 3110 4029 κάνταῦθα
3136 3971 3333 4036 δεῖξαι,
3372 3969 3476 4037 τήν
3515 3984 3574 4020 τι
3633 3966 3729 4019 εὐ-

2151 4075 2371 4128 τέλειαν
2396 4072 2491 4125 τοῦ
2520 4073 2716 4140 χόρτου
2752 4067 2847 4120 τοῦ
2902 4062 3378 4123 καλλωπισθέντος
3427 4058 3603 4121 οὕτως
3658 4059 3728 4111 ἐκ

2148 4161 2305 4229 Θεοῦ,
2336 4163 2432 4214 καὶ
2454 4161 2554 4231 τὴν
2580 4158 2891 4229 ὡραιότητα
2915 4153 3012 4208 τοῦ
3072 4152 3319 4212 δοθέντος
3363 4148 3595 4210 κάλλους
3642 4147 3725 4219 τῷ

2148 4251 2323 4314 οὕτως
2355 4249 2727 4316 εὐτελεστάτῳ
2751 4247 2951 4316 χόρτῳ.
2979 4242 3186 4295 Σκόπει
3220 4238 3349 4310 γὰρ,
3375 4238 3457 4292 ὅτι
3486 4237 3588 4307 τὴν
3623 4235 3727 4306 μὲν

2156 4342 2439 4395 εὐτέλειαν
2469 4340 2577 4392 τῶν
2610 4338 2812 4410 κρίνων
2850 4334 3159 4397 ἐπιτείνων,
3191 4332 3385 4401 χόρτον
3417 4328 3558 4381 αὐτὰ
3586 4343 3729 4398 προ-

392 4444 401 4453 ·
466 4439 516 4484 et
546 4447 666 4485 cras
692 4430 745 4485 in
779 4433 1043 4487 clibanum
1082 4437 1345 4491 mittitur:
1379 4455 1499 4507 qua:
1530 4442 1690 4495 ambo
1736 4442 1802 4497 ad
1834 4460 2040 4513 augen-

2154 4432 2243 4486 ἰὼν
2280 4432 2529 4492 ἐκάλεσε,
2581 4430 2679 4483 καὶ
2730 4426 2809 4479 ῐτι
2846 4426 3067 4495 μᾶλλον,
3121 4421 3393 4490 Σήμερον
3424 4418 3569 4471 ὄντα
3622 4415 3727 4470 καὶ

467 4522 591 4575 dam
616 4523 879 4578 vilitatem
916 4526 1060 4580 dicta
1093 4538 1241 4582 sunt.
1267 4529 1526 4583 Decorem
1557 4547 1771 4602 quoque
1795 4536 2039 4603 pulchri-

470 4610 677 4664 tudinis
723 4614 964 4680 ipsorum
1018 4615 1275 4671 similiter
1331 4619 1693 4691 ampliﬁcans,
1751 4639 1859 4677 non
1907 4624 2044 4677 dixit

466 4700 809 4769 simpliciter,
843 4705 987 4771 quod
1022 4720 1085 4759 ea
1141 4706 1284 4760 Deus
1316 4710 1535 4774 vestiat,
1566 4711 1663 4766 sed
1690 4713 1833 4781 quod
1853 4714 1929 4766 sic
1955 4728 2037 4766 ve-

465 4792 616 4844 stiat.
650 4793 785 4846 Nam
811 4794 999 4861 dictio,
1032 4797 1126 4864 sic,
1162 4799 1266 4854 hoc
1290 4800 1408 4856 loco
1440 4813 1776 4857 crementum
1821 4804 2044 4858 denotat

467 4882 915 4950 pulchritudinis.

546 5056 895 5116 Solomonem
930 5072 1121 5119 autem
1136 5067 1343 5136 posuit,
1380 5079 1639 5140 tanquam
1671 5072 2041 5141 pulchritudi—

572 5214 622 5247 ⁸⁸
649 5215 841 5273 Matth.
875 5238 948 5286 γι,
972 5221 1062 5277 29.

2139 4526 2351 4591 αὔριον
2400 4525 2487 4587 εις
2545 4520 2837 4573 κλίϐανον
2864 4516 3279 4581 βαλλόμενον,
3345 4512 3379 4565 ἃ
3419 4510 3514 4563 καὶ
3550 4508 3724 4577 ἄμφω

2142 4617 2278 4686 πρὸς
2310 4614 2564 4667 ἐπίτασιν
2594 4613 2693 4680 τῆς
2720 4610 2996 4669 εὐτελείας
3031 4606 3271 4675 εἴρηται.
3307 4604 3417 4675 Τὴν
3442 4603 3498 4657 δὲ
3517 4602 3723 4669 ὡραιό-

2140 4725 2278 4777 τητα
2311 4704 2405 4759 τοῦ
2441 4704 2669 4762 κάλλους
2696 4702 2875 4753 αὐτῶν
2911 4699 3112 4769 ὁμοίως
3144 4696 3453 4757 ἐπιτείνων,
3501 4695 3603 4745 οὐκ
3635 4689 3722 4746 εἶ-

2140 4817 2239 4852 πεν
2264 4797 2470 4860 ἁπλῶς,
2490 4798 2571 4848 ὅτι
2598 4792 2985 4862 ἀμφιέννυσιν,
3019 4788 3135 4842 ἀλλ’
3164 4790 3247 4841 ὅτι
3268 4787 3456 4851 οὕτως
3474 4784 3724 4853 ἀμφιέν-

2150 4906 2314 4945 νυσι.
2346 4891 2417 4942 Τὸ
2445 4889 2553 4959 γὰρ
2579 4888 2767 4950 οὕτως
2794 4884 3027 4938 ἐνταῦοα
3060 4882 3311 4935 ἐπίτασιν
3337 4878 3594 4949 ἐμφαίνει
3617 4876 3722 4947 τῆς

2150 4981 2484 5051 ὡραιότητος
2494 5016 2507 5031 .

2223 5073 2327 5125 Τὸν
2362 5070 2683 5139 Σολομῶντα
2712 5068 2770 5121 δὲ
2831 5066 3105 5129 τέθεικεν,
3138 5063 3215 5125 ὡς
3249 5061 3359 5133 (‘39)
3401 5056 3721 5129 φιλόκαλον,

1669 5362 1871 5423 Variis
1907 5362 2211 5424 lectiones
2245 5370 2307 5423 et
2343 5369 2534 5423 notte.

542 5522 652 5591 (ΞἹ)
680 5523 719 5575 Β
769 5525 930 5579 habet
962 5528 1073 5590 καί,
1100 5542 1193 5591 pro
1221 5526 1341 5589 κᾶν,
1370 5534 1424 5579 et
1454 5527 1613 5593 paulo
1640 5534 1759 5593 post
1794 5525 2023 5577 σπουδά-

474 5608 592 5661 σῃς,
625 5610 787 5667 supra
815 5595 1018 5667 scripto
1041 5614 1073 5647 α
1127 5596 1315 5667 littera:
1340 5613 1397 5667 ῃ,
1431 5598 1467 5648 i.
1498 5612 1528 5649 e
1562 5596 2024 5667 σπουδάσαςᾉιιι

471 5676 597 5732 crgu
629 5664 721 5717 mi
745 5665 1065 5731 σπουδάσας,
1100 5675 1195 5719 aut
1224 5665 1326 5718 κᾶν
1346 5664 1684 5733 Βπουδὰσῃς,
1714 5666 2029 5734 legendum.

2206 5524 2317 5591 (28)
2346 5526 2580 5589 inclusa,
2619 5525 2671 5578 in
2702 5525 2943 5594 margine
2971 5524 3131 5577 habet
3159 5522 3222 5573 Α.

2205 5587 2315 5663 (ἳῡ)
2369 5587 2688 5661 φιλόκαλλον
2726 5596 2784 5648 Β.
2821 5587 2890 5650 in
2961 5596 3003 5647 A
3051 5606 3237 5648 rasura
3292 5592 3563 5649 sublatum
3632 5587 3717 5653 ai-

2146 5675 2318 5721 terum
2361 5666 2407 5720 λ.
