4026 6508
272 317 377 383 153

1164 323 1555 385 COMMENT.
1603 325 1684 385 IN
1727 326 2205 392 MATTH/EUM.
2242 360 2311 370 -
2350 335 2511 396 CAP.
2544 337 2649 401 VI.

3453 353 3558 417 254

275 435 362 485 καὶ
398 432 565 501 σοφὸν
605 432 944 487 ἐπινοεῖσθαι
974 434 1428 504 καλλωπισμούς.
1480 438 1750 502 κλίϐανος
1787 439 1841 492 δέ

1958 441 2039 496 nis
2088 454 2414 534 amatorem.
2469 459 2526 505 et
2559 450 2625 505 ad
2659 451 2807 508 illam
2845 436 3287 527 cognoscendam
3330 464 3553 534 sapien-

276 526 407 589 ἐστι,
438 524 501 577 τὸ
531 526 822 578 ὀπτανεῖον
860 525 969 579 τῶν
992 527 1196 596 ἄρτων.
1230 530 1303 581 Τὸ
1334 529 1391 581 δὲ
1439 530 1619 597 ’Υμᾶς
1648 530 1841 601 ἐμφαν-

1964 540 2095 587 tem.
2123 532 2387 592 Clibanus
2409 556 2539 597 vero
2561 542 2715 598 locus
2737 553 2820 600 est
2854 524 2940 601 ad—
2956 553 3305 619 coquendum
3336 524 3554 623 panem.

272 616 421 669 τικδν
470 618 640 687 τιμῆς
678 618 894 686 νόησον.
949 620 1090 690 οησὶ
1122 620 1233 687 γὰρ
1259 622 1719 691 ἐρωτηματικῶς,
1771 625 1853 675 ὅτι

273 709 343 760 οὐ
396 708 578 779 πολλῷ
630 710 837 777 μᾶλλον
884 710 1051 780 ὑμᾶς,
1101 712 1163 763 τὸ
1206 712 1387 779 τίμιον
1422 712 1588 764 αὐτοῦ
1634 715 1850 781 κτῆμα;

270 793 346 860 οἷς
382 798 546 869 σῶμα
594 800 689 852 καὶ
727 801 905 870 ψυχὴν
964 802 1057 856 καὶ
1106 800 1233 854 νοῦν
1288 804 1605 872 ἐχαρίσατο.
1647 806 1713 856 δι’
1759 798 1853 866 οὓς

270 890 355 941 τὸν
377 884 581 959 κόσμον
605 893 854 961 ἐποίησε,
873 892 939 945 δι’
959 891 1053 954 οὓς
1080 894 1370 961 προφήτας
1400 894 1634 963 ἔπεμψε,
1657 895 1724 950 δι’
1756 893 1851 959 οὓς

270 982 359 1034 καὶ
393 982 487 1035 τὸν
516 984 786 1052 μονογενῆ
813 981 981 1040 αὐτοῦ
1014 983 1146 1038 Υίδν
1195 982 1488 1049 ἐξέδωκεν.

347 1247 780 1314 Ὀλιγόπιστοι.
830 1247 1262 1318 Ἐπιπληκτικόν
1319 1250 1439 1302 ἐστι
1501 1249 1681 1305 τοῦτο.
1734 1253 1847 1305 Καὶ

266 1338 371 1407 γὰρ
436 1336 742 1401 ἀποδείξας
768 1337 797 1389 ὃ
826 1338 1100 1402 ἐδούλετο,
1148 1339 1334 1394 λοιπὸν
1397 1342 1718 1412 ἐπιπλήττει
1748 1346 1846 1397 αὑ·-

266 1430 410 1489 τοῦς.
450 1429 834 1496 ὀλιγοπίστους
881 1428 1189 1499 ὀνομάζων,
1249 1433 1326 1495 ὡς
1363 1434 1437 1503 μὴ
1487 1435 1846 1499 πιστεύοντας

262 1518 620 1583 ἀδιστάκτως,
674 1521 757 1573 ὅτι
805 1520 1084 1589 φροντίσει
1134 1522 1316 1575 αὐτῶν
1346 1525 1375 1577 ὁ
1403 1523 1557 1588 Θεὸς,
1613 1524 1709 1575 καὶ
1755 1524 1845 1579 διὰ

263 1610 424 1662 τοῦτο
492 1614 899 1682 μεριμνῶντας.
944 1612 1137 1676 Οὕτως
1195 1614 1525 1683 ἐπιπλήξας,
1589 1616 1840 1686 ἐντρέπει

258 1702 502 1768 τούτους,
533 1704 628 1755 καὶ
646 1703 1097 1772 εὐπειθεστέρους
1128 1708 1289 1759 ποιεῖ.
1328 1705 1646 1762 Ἐπαίδευσε
1669 1709 1724 1761 δέ
1753 1709 1843 1761 διὰ

259 1792 349 1845 τοῦ
385 1793 648 1863 ῥηθέντος
676 1778 1149 1865 παραδείγματος,
1183 1799 1277 1851 καὶ
1307 1798 1368 1850 το
1402 1798 1477 1867 μὴ
1529 1798 1673 1868 μέγα
1710 1817 1845 1869 φρο-

258 1886 369 1936 νεῖν
417 1886 511 1936 ἐπὶ
540 1888 607 1955 τῇ
645 1886 964 1956 πολυτελείᾳ
994 1887 1102 1939 τῶν
1136 1888 1389 1957 ίματίων,
1420 1882 1495 1941 ὧν
1529 1889 1845 1959 ὠραιὸτερα

259 1974 354 2029 καὶ
384 1974 644 2028 καλλίονα
698 1977 765 2029 τὰ
803 1975 939 2045 ἄνθη
973 1976 1068 2029 τοῦ
1102 1978 1322 2047 χόρτου.
1360 1980 1575 2049 Ὥσπερ
1612 1980 1672 2032 δὲ
1704 1982 1847 2033 ἀνω-

256 2064 399 2134 τέρω
430 2066 559 2135 περὶ
598 2067 708 2118 τῶν
742 2067 1006 2120 πετεινῶν
1053 2070 1246 2135 εἰπὼν,
1275 2072 1356 2123 ὅτι
1400 2072 1461 2124 ού
1500 2072 1842 2141 σπείρουσιν,

260 2158 358 2211 οὐκ
410 2158 654 2212 ἐκώλυσε
691 2161 754 2212 τδ
812 2163 1087 2231 σπείρειν,
1123 2163 1198 2225 ὼς
1262 2166 1449 2219 ἐκεῖσε
1504 2165 1839 2237 εἰρήκαμεν·

258 2251 433 2317 οὕτως
483 2255 596 2306 οὐδ’
656 2256 894 2309 ἐνταῦθα
921 2256 984 2309 τὸ
1012 2258 1213 2326 κοπιᾷν
1265 2262 1359 2309 καὶ
1408 2257 1593 2327 νήθειν
1632 2258 1843 2311 ἐκώλυ-

260 2363 371 2411 σεν,
397 2348 516 2398 ἀλλ’
543 2344 698 2400 εἶπεν
724 2348 888 2410 οὕτω,
933 2348 1105 2413 δεῖξαι
1135 2349 1295 2418 μόνον
1327 2350 1522 2414 θέλων,
1548 2352 1633 2409 ὅτι
1662 2354 1689 2403 ὁ
1710 2352 1844 2414 Θεὸς

258 2438 397 2491 αὐτὰ
436 2441 786 2507 ἁμφιέννυσι.

328 2532 439 2585 Καὶ
474 2533 616 2585 διατι
651 2533 907 2586 τοσοῦτον
946 2534 1146 2597 κάλλος
1202 2537 1318 2595 τοῖς
1366 2534 1557 2587 ἄνθεσι
1617 2535 1844 2605 περιτέ-

260 2624 406 2675 θεικε
436 2641 451 2689 ;
486 2626 597 2695 (50)
628 2627 772 2678 Διότι
808 2627 1057 2696 βούλεταί
1092 2643 1151 2679 σε
1188 2629 1283 2679 καὶ
1316 2628 1424 2680 ἀπὸ
1461 2627 1655 2680 τούτου
1707 2646 1843 2697 μανι

262 2711 443 2765 θάνειν
473 2713 536 2766 τὸ
578 2715 807 2782 μέγεθος
845 2720 945 2784 τῆς
978 2715 1144 2769 αὑτοῦ
1181 2717 1369 2779 σοφίας
1398 2719 1491 2769 καὶ
1525 2718 1840 2787 δυνάμεως.

257 2803 316 2856 Et
344 2804 529 2857 τοίνυν
564 2806 633 2858 τὰ
666 2805 753 2858 διὰ
786 2807 844 2858 σὲ
879 2807 1150 2876 γενόμενα
1183 2810 1346 2877 κρίνα
1378 2810 1684 2877 φιλοτίμως
1714 2810 1837 2863 ἐνέ-

255 2896 405 2959 δυσε,
464 2896 587 2959 πῶς
634 2898 735 2950 οὐκ
770 2896 981 2955 ἐνδύσει
1026 2898 1264 2965 μάλιστά
1307 2916 1390 2963 σε,
1427 2900 1496 2951 δι’
1535 2898 1595 2951 ὃν
1652 2901 1836 2953 ἐκεῖνα

256 2991 567 3060 πεποίηκα
606 2992 952 3061 Δημιουργὸς
1006 2992 1065 3043 δέ
1113 2992 1209 3046 καὶ
1266 2992 1576 3064 προνοητὴς
1616 2994 1838 3047 πάντων

255 3084 416 3143 αὐτὸς
470 3082 568 3144 ῶν,
604 3084 756 3152 ὅμως
809 3083 888 3152 τῷ
947 3085 1127 3153 Πατρὶ
1186 3082 1287 3154 τὴν
1334 3084 1708 3154 δημιουργίαν
1744 3089 1840 3140 καὶ

255 3176 513 3244 πρόνοιαν
544 3175 764 3227 πάντων
789 3175 1100 3245 ἀνατίθησι,
1125 3175 1393 3229 δεικνύων
1417 3193 1475 3229 τε
1506 3177 1761 3230 ἐντεῦθεν
1778 3178 1839 3231 τὸ

255 3268 389 3335 προς
415 3268 577 3319 αὐτὸν
601 3269 925 3335 ὁμόγνωμόν
953 3285 1013 3320 τε
1039 3270 1134 3320 καὶ
1168 3268 1533 3338 ὁμοδύναμον,
1598 3272 1692 3323 καὶ
1725 3271 1837 3338 (51)

253 3356 385 3409 διότι
415 3355 569 3409 οὔπω
603 3357 798 3426 καιρὸς
821 3354 911 3427 ἦν,
946 3358 1257 3427 ἐκκαλύψαι
1292 3360 1547 3428 φανερῶς
1577 3362 1707 3430 περὶ
1738 3362 1838 3430 τῆς

255 3448 449 3500 ἑαυτοῦ
479 3448 756 3517 θεότητος,
789 3448 867 3509 ὡς
899 3449 1333 3519 ἡρμηνεύσαμεν
1364 3449 1730 3520 ἐξηγούμενοι
1755 3453 1836 3503 τό·

255 3540 582 3595 Ἠκούσατε
619 3541 707 3593 ὅτι
742 3541 951 3609 ἐρῤἐθη
983 3541 1109 3607 τοῖς
1143 3542 1444 3609 ἀρχαίοιςο
1493 3544 1576 3596 Οὐ
1615 3547 1838 3611 φονεύ·

254 3647 401 3697 σεις.

323 3726 379 3776 Μ
386 3723 419 3787 ἡ
440 3724 992 3795 -περιόαλώμεθα.
1036 3726 1517 3797 Ἐπαναλαμσάνει
1560 3729 1725 3782 πάλιν
1748 3729 1840 3782 τὸν

260 3819 383 3888 περὶ
416 3818 512 3870 τοῦ
548 3820 623 3886 μὴ
658 3820 773 3889 (⁸52)
800 3822 1075 3891 μεριμνᾷν
1112 3821 1291 3887 λόγον,
1325 3822 1413 3875 διὰ
1470 3821 1531 3875 τὸ
1574 3823 1676 3891 τῆς
1738 3840 1837 3891 με·

260 3909 453 3977 ρίμνης
492 3908 666 3978 βίαιόν
699 3928 757 3963 τε
791 3913 885 3964 καὶ
912 3911 1381 3966 δυσαπάλλακτον.
1418 3912 1490 3965 Σὺ
1548 3911 1607 3964 δέ
1644 3913 1838 3980 ἐννόη-

258 4018 366 4063 σον,
399 4003 485 4055 ὅτι
516 4004 565 4054 oi
599 4003 988 4067 κελευσθέντες
1017 4004 1153 4075 μηδὲ
1182 4004 1312 4073 περὶ
1364 4004 1472 4057 τῶν
1515 4003 1839 4071 ἀναγκαίων

257 4095 556 4164 μεριμνᾷν,
602 4096 726 4147 τίνα
779 4095 1114 4165 συγγνώμην
1173 4096 1395 4165 ἕξομεν,
1460 4093 1839 4165 μεριμνῶντες

257 4186 348 4236 καὶ
378 4186 508 4253 περὶ
546 4185 658 4237 τῶν
686 4187 785 4239 οὐκ
813 4187 1171 4255 ἀναγκαίων;

326 4276 906 4346 Πάντα-ἐπιζητεῖ.
939 4281 1013 4331 Τὸ
1054 4276 1370 4346 Ἐπιζητεῒ,
1423 4277 1546 4331 ἀντὶ
1576 4277 1692 4343 τοῦ,
1724 4277 1841 4331 Με-

1960 622 2291 689 Pronomeu,
2334 629 2453 693 Vos,
2516 644 2574 687 ut
2615 635 2845 692 honoris
2911 622 3410 698 demonstrativum
3461 648 3553 711 sit,

1957 714 2208 781 accipito.
2233 716 2368 773 Nam
2388 724 2623 777 amantis
2645 740 2795 779 more
2820 727 3083 797 loquitur,
3108 748 3171 787 ac
3189 735 3232 787 si
3256 735 3404 790 dicat
3430 737 3505 806 (π)
3534 755 3547 791 :

1955 803 2150 860 Nonne
2186 807 2345 879 longe
2390 814 2561 883 magis
2616 831 2732 877 vos.
2766 820 2859 888 qui
2927 822 3061 876 estis
3120 825 3363 893 pretiosa
3423 803 3547 898 ejus

1955 896 2231 960 possessio
2264 903 2363 967 (υ),
2418 904 2623 969 quibus
2666 901 2900 976 corpus,
2959 913 3221 978 animam,
3262 932 3325 972 ac
3385 896 3547 973 men-

1953 992 2062 1037 tem
2095 988 2266 1055 gratis
2292 984 2548 1055 contulit,
2588 1008 2813 1066 propter
2839 1015 2977 1067 quos
3027 1006 3290 1057 mundum
3339 1006 3546 1060 forma-

1951 1076 2052 1140 vit,
2088 1088 2315 1148 propter
2354 1100 2492 1151 quos
2534 1089 2835 1156 prophetas
2892 1091 3061 1158 misit,
3124 1107 3351 1164 propter
3404 1113 3547 1167 quos

1952 1168 2291 1237 unigenitum
2316 1190 2535 1245 quoque
2568 1178 2761 1233 Filium
2792 1196 2952 1236 suum
2986 1186 3259 1241 tradidit?

2025 1257 2175 1315 \‘ers.
2233 1264 2323 1317 50.
2385 1263 2430 1317 Ο
2470 1270 2702 1340 homines
2735 1265 2953 1326 modicw
2989 1273 3133 1340 ﬁdei.
3169 1304 3240 1315 --
3281 1275 3539 1345 increpa-

1950 1345 2120 1400 tivum
2152 1352 2388 1406 est'boc.
2424 1352 2715 1421 Postquam
2748 1360 2895 1411 enim
2928 1362 3190 1425 ostendit,
3230 1365 3373 1431 quod
3407 1364 3549 1417 vole-

1949 1437 2059 1501 bat.
2149 1442 2407 1511 deinceps
2487 1445 2636 1514 ipsos
2688 1449 2971 1519 ‘objurgat,
3041 1466 3235 1519 parum
3314 1453 3548 1506 fidentes

1949 1530 2231 1596 appellans
2261 1550 2273 1583 :
2320 1545 2507 1599 utpote
2530 1536 2623 1605 qui
2650 1552 2755 1589 non
2788 1540 2994 1608 absque
3044 1541 3401 1611 ambiguitate
3426 1557 3548 1596 cre-

1946 1619 2157 1683 derent,
2201 1625 2347 1691 quod
2401 1625 2542 1680 Deus
2570 1627 2813 1697 ipsorum
2843 1646 3035 1684 curam
3090 1631 3339 1691 haberet.
3371 1641 3427 1687 et
3454 1634 3540 1688 id-

1947 1711 2097 1765 circo
2129 1714 2345 1768 solliciti
2378 1727 2579 1771 essent.
2617 1718 2690 1772 Ita
2726 1720 3045 1789 obiurgans,
3075 1736 3172 1775 eos
3228 1720 3542 1786 confundit,

1959 1820 2022 1858 ac
2054 1805 2375 1861 fidentiores
2406 1810 2604 1863 reddit.
2639 1810 2836 1865 Docuit
2861 1828 3079 1880 quoque
3107 1813 3255 1867 dicto
3289 1815 3549 1884 exemplo

1951 1908 2063 1946 non
2094 1895 2427 1951 insolescere
2450 1899 2517 1952 de
2550 1900 2808 1967 pretiosis
2834 1903 3103 1967 vestibus,
3138 1903 3337 1971 quibus
3390 1904 3549 1976 longe

1958 1984 2317 2053 pretiosiores
2346 2000 2496 2051 sunt,
2523 1990 2804 2059 magisque
2833 1996 3018 2046 decori
3045 1994 3338 2048 herbarum
3367 1994 3545 2048 ﬂores.

1950 2074 2421 2141 Quemadmodum
2479 2090 2660 2135 autem
2710 2084 2963 2150 superius
2993 2085 3061 2139 de
3090 2086 3285 2140 avibus
3316 2086 3547 2153 diceret,

1957 2170 2105 2239 quod
2143 2186 2253 2225 non
2306 2174 2603 2239 seminent,
2660 2191 2770 2229 non
2808 2177 3092 2245 prohibuit
3144 2181 3438 2245 seminare,
3477 2181 3565 2241 εἰς

1953 2271 2049 2316 cut
2072 2262 2273 2317 ibidem
2310 2263 2551 2319 diximus
2592 2282 2607 2319 :
2661 2266 2733 2320 ita
2771 2283 2948 2335 neque
3002 2268 3091 2323 hic
3118 2269 3390 2336 laborare,
3450 2283 3548 2327 aut

1946 2368 2120 2418 nere;
2152 2356 2245 2410 sed
2272 2355 2344 2408 ita
2373 2356 2586 2410 locutus
2619 2366 2723 2418 est,
2758 2357 2947 2412 volens
2983 2366 3194 2414 tantum
3231 2361 3545 2427 ostendere,

1957 2444 2105 2512 quod
2134 2443 2280 2497 Deus
2310 2445 2402 2497 illa
2427 2447 2642 2499 vestiat.

2021 2534 2207 2599 Quare
2246 2545 2435 2591 autem
2470 2548 2620 2592 tanto
2644 2538 2842 2593 decore
2883 2540 3045 2595 flores
3069 2543 3316 2598 amicivit
3338 2544 3362 2597 ἲ
3387 2543 3543 2614 ,ριιῑιι

1951 2627 2087 2690 vult,
2119 2634 2180 2681 ut
2230 2643 2298 2681 ex
2331 2628 2434 2682 hoc
2473 2629 2655 2683 discas
2701 2632 2987 2699 sapientiae
3028 2647 3092 2687 ac
3124 2634 3384 2702 potentia;
3432 2650 3544 2690 sua:

1948 2717 2409 2787 magnitudinem.
2447 2718 2501 2771 Si
2531 2736 2662 2790 ergo
2705 2721 2837 2780 lilia,
2874 2738 2996 2789 quae
3046 2734 3271 2793 propter
3320 2733 3372 2779 te
3401 2724 3543 2779 facta

1947 2818 2097 2869 sunt,
2137 2808 2377 2874 pretiose
2419 2809 2617 2872 induit,
2679 2810 2954 2878 quomodo
2997 2827 3103 2864 non
3151 2813 3324 2866 multo
3373 2813 3547 2882 magis

1949 2908 2001 2952 te
2037 2898 2256 2961 vestiet,
2286 2909 2511 2969 propter
2536 2914 2697 2968 quem
2736 2901 2826 2953 illa
2858 2900 3111 2955 formavit
3140 2903 3163 2955 ‘t
3196 2903 3264 2956 Et
3299 2903 3426 2957 licet
3454 2902 3541 2955 Fi-

1947 2988 2053 3042 lius
2084 2990 2199 3058 ipse
2221 2990 2465 3043 omnium
2498 2990 2572 3045 sit
2591 3000 2807 3045 creator
2832 3006 2896 3045 ac
2920 2992 3191 3061 provisor,
3224 2995 3289 3048 ad
3322 2996 3540 3050 Patrem

1956 3091 2162 3144 tamen,
2195 3081 2530 3136 creationem
2555 3096 2618 3135 ac
2654 3081 3059 3150 providentiam
3091 3082 3262 3139 refert
3304 3102 3316 3137 :
3353 3093 3543 3139 osten-

1945 3172 2084 3227 dens
2116 3173 2243 3231 hinc
2267 3172 2514 3227 eamdem
2546 3189 2669 3227 cum
2692 3173 2785 3227 illo
2830 3174 2935 3228 sibi
2962 3190 3088 3230 esse
3135 3176 3426 3230 scientiam
3474 3191 3537 3231 at:

1944 3264 2348 3336 providentiam
2387 3265 2483 3335 (z).
2522 3264 2775 3319 Nondum
2806 3266 2954 3319 enim
3004 3277 3219 3337 tempus
3250 3278 3543 3323 eratsuuns

1948 3356 2239 3412 manifeste
2265 3357 2518 3426 detegere
2546 3356 2915 3421 divinitatem,
2941 3359 3404 3441 quemadmodum
3444 3360 3541 3413 de-

1945 3447 2299 3511 claravimus,
2356 3455 2694 3515 exponentes
2756 3458 2967 3516 partem
3030 3449 3240 3503 illam:
3306 3452 3541 3505 Audistis

1943 3538 2085 3610 quod
2113 3537 2313 3590 dictum
2337 3539 2403 3591 sit
2444 3538 2677 3605 antiquis
2714 3554 2729 3590 :
2763 3536 2885 3590 Non
2926 3539 3148 3592 occides.

2018 3632 2171 3686 Vers.
2206 3632 2294 3686 51.
2335 3630 2415 3684 Ne
2441 3658 2512 3667 -ρ
2545 3630 2847 3698 ορενὶεηιιιι·
2882 3631 2909 3682 1’
2942 3630 3186 3684 Rursum
3213 3631 3436 3685 iteravit
3474 3632 3543 3686 de

1944 3723 2316 3779 sollicitudine
2344 3736 2682 3783 sermonem,
2722 3733 2959 3799 propter
2995 3739 3145 3777 cura:
3201 3724 3541 3786 violentiam,

1944 3833 2066 3886 quae
2089 3816 2175 3870 vix
2205 3816 2364 3884 abjici
2400 3824 2601 3884 potest.
2635 3814 2717 3868 Tu
2768 3831 2901 3871 vero
2948 3817 3258 3882 considera,
3314 3818 3458 3886 quod
3497 3819 3542 3870 si

1944 3909 2103 3963 nobis
2132 3909 2347 3977 jussum
2398 3916 2502 3973 est,
2545 3922 2615 3960 ne
2665 3908 2734 3962 de
2784 3909 2950 3963 rebus
2995 3908 3161 3962 etiam
3214 3908 3544 3961 necessariis

1945 4001 2117 4055 simus
2164 3998 2406 4065 solliciti,
2476 4014 2638 4068 quam
2697 3999 3040 4067 sperabimus
3093 3998 3331 4061 veniam,
3415 4014 3542 4051 cum

1943 4090 2012 4145 de
2050 4089 2133 4145 his
2163 4090 2327 4145 etiam
2379 4105 2502 4158 quae
2538 4089 2850 4143 necessaria
2909 4105 3019 4142 non
3077 4100 3206 4143 sunt
3256 4089 3404 4142 antii
3466 4089 3543 4142 si-

1944 4199 2067 4237 mus
2096 4180 2120 4234 Ἰ

2024 4276 2180 4329 Vers.
2224 4275 2312 4329 52.
2344 4274 2536 4330 Omnia
2569 4304 2640 4313 —-—
2690 4275 2992 4343 inquirunt.
3063 4273 3379 4340 lnquirunt.
3439 4271 3545 4326 hoc

260 4365 518 4431 ριμνῶσι,
550 4365 765 4434 νόησον.
807 4368 889 4420 Τὰ
919 4366 1049 4437 ἔθνη
1078 4368 1207 4437 γὰρ,
1248 4367 1465 4435 ἀλόγων
1486 4367 1667 4433 δίκην,
1700 4366 1837 4435 πρὸς

1958 4378 2025 4425 :st
2070 4367 2291 4424 solliciti
2316 4377 2444 4421 sunt
2474 4368 2541 4421 de
2572 4367 2676 4420 his.
2710 4366 3013 4420 Considera
3054 4384 3066 4419 :
3098 4365 3303 4419 Gentes
3330 4364 3545 4418 irratio-

262 4456 429 4523 μόνην
466 4457 732 4524 βλέπουσι
754 4460 855 4527 τὴν
893 4459 1229 4530 φιληδονίαν.
1264 4461 1439 4513 Ὅταν
1464 4460 1521 4512 δὲ
1551 4460 1662 4528 (55)
1698 4460 1836 4529 μηδὲ

253 4548 362 4600 τῶν
401 4550 634 4602 ἐθνικῶν
664 4552 1079 4622 ὗπερτερῶμεν,
1113 4554 1162 4603 oi
1180 4552 1288 4605 τῶν
1313 4553 1703 4624 Γραμματέων
1750 4555 1843 4605 καὶ

255 4640 571 4709 Φαρισαίων
609 4644 935 4712 ὑπερτερεῖν
967 4644 1089 4705 ταῖς
1134 4646 1358 4713 ἀρεταῖς
1390 4644 1842 4715 κεκελευσμένοι,

255 4734 416 4796 mia;
450 4734 551 4785 οὐκ
579 4734 645 4786 ἂν
664 4734 857 4804 εῐημεν
899 4734 1174 4798 κολάσεως
1202 4735 1379 4802 ditat;

333 4912 882 4973 Οἵδε-ἀπάντων.
918 4918 1324 4986 Καοαψάμενος
1372 4920 1553 4974 αὑτῶν
1612 4921 1834 4989 ἱκανῶς,

263 5006 680 5079 παραθαρῤύνει
749 5010 913 5063 πάλιν
958 5009 1247 5080 ἑτέρωθεν.
1287 5012 1491 5079 Ἔργον
1528 5014 1638 5083 γὰρ
1684 5013 1835 5066 διδα-

1942 4462 2149 4516 nalium
2198 4476 2373 4523 more,
2428 4460 2545 4513 solo
2605 4469 2895 4513 moventur
2943 4459 3287 4528 voluptatum
3330 4472 3543 4511 amore.

1942 4554 2172 4621 Quando
2201 4568 2331 4623 ergo
2366 4566 2545 4621 neque
2579 4550 2837 4620 gentibus
2879 4550 3287 4619 praestantiores
3324 4564 3539 4610 smnus,

1944 4646 2382 4716 quibusjussum
2404 4652 2509 4705 est,
2532 4652 2591 4695 ut
2618 4651 2673 4696 et
2708 4641 2917 4696 Scribis
2960 4641 3329 4701 etharisa‘is
3375 4641 3547 4693 virtu-

1954 4747 2005 4793 te
2064 4737 2237 4791 simus
2274 4734 2692 4799 eminentiores,
2750 4749 2859 4803 quo
2914 4734 3185 4803 supplicio
3232 4733 3381 4805 digni
3438 4748 3547 4787 non

1947 4832 2196 4888 erimus?

2020 4922 2179 4979 Vers.
2214 4922 2306 4978 32.
2335 4920 2447 4976 Scit
2481 4950 2538 4960 —-
2575 4919 2838 4973 omnibus.
2907 4918 3199 4988 Postquam
3234 4917 3366 4971 satis
3402 4917 3547 4985 ipsos

1943 5016 2233 5084 corripuit,
2274 5029 2468 5067 rursus
2502 5010 2721 5066 aliunde
2751 5027 2847 5065 eos
2892 5011 3238 5064 adhortatur.
3274 5009 3368 5063 Est
3400 5010 3545 5062 enim

1466 5169 1668 5233 Variua
1702 5169 2009 5234 lectiones
2050 5182 2112 5233 et
2143 5178 2336 5233 notte.

328 5332 438 5397 (50)
465 5330 804 5400 περιτίθεται
827 5332 895 5387 Δ.

327 5403 435 5470 (3t)
466 5401 585 5467 καί,
616 5403 771 5456 abest
799 5405 865 5456 Α.

326 5558 398 5625 (x)
423 5557 666 5612 Amnnlis
687 5575 829 5613 more
850 5589 919 5598 —
936 5560 1097 5613 dicat.
1121 5558 1418 5630 lutei-rogat
1442 5560 1589 5614 enim
1617 5560 1824 5616 dicens.

253 5628 528 5697 luterpres
564 5630 779 5682 videtur
814 5630 1003 5697 legisse
1040 5631 1340 5698 ἐρωτικῶς.

323 5704 396 5761 (ιι)
424 5702 697 5761 possessio.
735 5701 960 5755 Videtur
986 5716 1113 5770 ergo
1140 5699 1439 5755 llenteuius
1470 5702 1637 5756 etiam
1667 5717 1798 5771 repo

2030 5336 2142 5402 (3‘2)
2183 5336 2281 5404 μή,
2307 5336 2459 5389 abest
2482 5336 2543 5386 Α.

2030 5405 2140 5475 (55)
2180 5409 2280 5477 μή,
2314 5421 2414 5475 pro
2441 5405 2580 5476 μηδέ
2606 5405 2671 5457 Α.

1938 5561 2075 5615 risse
2112 5562 2320 5629 κτῆμα.
2360 5561 2536 5615 Malim
2574 5571 2753 5615 tamen
2785 5561 3014 5629 κτίςμι.
3045 5560 3227 5614 Jacob.
3269 5579 3303 5616 ι.
3347 5562 3430 5614 13.

2015 5632 2087 5699 (z)
2139 5632 2428 5686 Scientinm
2478 5650 2543 5685 ac
2604 5634 3011 5687 urovidcutimn.
3074 5631 3420 5687 Voluntatcm
3489 5641 3544 5691 et

1944 5712 2290 5773 potestatem.
