4026 6498
459 367 567 431 Ξ55

1681 369 1936 431 EUTHY
1948 369 1991 426 .\l
2007 367 2041 426 I'

2146 367 2498 428 ZIGABENI
3599 375 3701 432 2.1-8

459 484 1109 566 praecepturis'oﬂlcium,
1165 495 1221 542 et
1269 485 1558 553 obiurgare
1606 484 1732 537 dum
1794 482 2033 550 expedit,

2146 482 2305 534 κάλον
2342 483 2437 534 καὶ
2460 480 2833 549 ἐπιπλήττειν,
2867 481 2925 534 ὲν
2951 475 3030 544 οἷς
3065 480 3192 551 χρὴ,
3225 484 3315 534 καὶ
3345 487 3705 552 παρακαλεῖν,

459 594 516 637 et
546 581 836 644 consolari,
861 594 921 632 ac
939 579 1192 644 utrinque
1221 575 1478 628 excitare.
1503 573 1620 628 Non
1649 573 1783 627 dixit
1806 581 1987 624 autem
2015 589 2028 622 :

463 672 572 726 Scit
602 669 760 733 Deus,
787 667 901 729 sed,
928 665 1038 719 Scit
1074 665 1234 718 Pater
1257 672 1458 726 vester;
1483 677 1590 729 quo
1621 661 1905 714 maximam
1942 657 2036 709 ba-

463 763 629 816 beant
680 758 952 814 fiduciam.
1009 756 1083 808 Ex
1116 770 1225 823 quo
1267 756 1411 807 enim
1452 752 1612 805 Paler
1660 761 1763 814 est,
1794 757 1850 802 et
1906 747 2032 801 talis

467 853 646 914 Pater,
678 849 816 903 filios
834 848 1112 916 despicere
1140 861 1247 898 non
1274 844 1494 913 poterit,
1543 850 1598 895 et
1622 841 1728 910 pati
1767 849 1826 892 ut
1853 852 2032 891 rerum

465 940 894 998 necessariarum
950 937 1243 1008 indigentia
1301 935 1576 997 deliciant,
1653 947 1774 986 eum
1857 944 2035 997 neque

463 1031 668 1087 terreni
705 1039 886 1098 patres
932 1029 984 1082 id
1017 1028 1341 1082 sustineant.
1388 1024 1451 1076 Et
1499 1023 1623 1090 quia
1663 1020 1914 1074 omnibus
1949 1018 2033 1071 bis

465 1123 568 1175 scit
589 1136 685 1175 vos
710 1120 969 1189 indigere,
995 1118 1137 1170 dabit
1168 1117 1372 1182 utique.
1423 1113 1536 1165 Non
1561 1122 1691 1165 sunt
1742 1112 1888 1164 enim
1941 1122 2037 1161 su-

463 1211 670 1281 perﬂua
699 1211 880 1274 edere,
939 1210 1142 1267 bibere,
1180 1215 1274 1258 aut
1337 1203 1562 1265 vestiri,
1617 1211 1676 1254 ut
1731 1199 1906 1269 possit
1938 1212 2034 1250 ne-

463 1298 687 1366 gligere,
730 1297 823 1350 sed
885 1294 1093 1363 corpori
1155 1293 1329 1354 utilia,
1385 1301 1547 1358 atque
1601 1299 1809 1343 natura;
1863 1286 2035 1356 ipsius

464 1387 789 1441 necessaria.
818 1385 1003 1452 Itaque
1030 1399 1190 1452 quam
1225 1382 1319 1435 tibi
1343 1381 1623 1434 existimas
1653 1394 1771 1433 esse
1803 1391 2025 1430 causam

462 1475 876 1538 sollicitudinis,
937 1475 1108 1542 magis
1169 1487 1330 1526 causa
1375 1481 1458 1526 est
1517 1468 1844 1522 securitatis.
1898 1464 2034 1530 Quia

464 1565 623 1618 enim
662 1566 777 1618 bare
828 1564 1135 1618 necessaria
1175 1572 1333 1622 sunt.
1391 1562 1511 1614 ideo
1539 1558 1708 1628 magis
1757 1555 2034 1611 conﬁdere

459 1661 689 1721 oportet.
748 1645 881 1715 Quis
906 1653 1050 1710 enim
1101 1660 1272 1720 pater,
1326 1650 1492 1702 etiam
1541 1645 1852 1700 necessaria
1907 1644 2036 1697 ﬁliis

461 1743 752 1811 denegabit
775 1742 798 1793 τ

2141 569 2236 621 καὶ
2272 568 2662 639 ἀμφοτέρωθεν
2686 569 2996 640 διεγείρειν.
3031 572 3143 622 Οὐκ
3175 566 3295 624 εἶπε
3334 574 3410 634 δὲ,
3440 575 3521 625 ὅτι
3553 573 3704 627 Οἶδεν

2141 661 2167 710 ὁ
2195 658 2348 722 Θεὸς,
2390 657 2506 711 ἀλλ’
2545 660 2628 711 ὅτι
2685 656 2860 712 Οἶδεν
2907 662 2938 713 ό
2967 662 3172 728 Πατὴρ
3206 662 3393 730 ὑμῶν,
3425 664 3564 716 ῶστε
3603 666 3697 733 μά-

2139 747 2294 799 λιστα
2323 748 2548 817 θαρῤεἰν
2575 747 2793 807 αὐτούς.
2830 749 2981 801 Ἐπεὶ
3013 750 3121 816 γὰρ
3185 751 3376 820 Πατήρ
3422 754 3561 815 ἑστι,
3611 755 3705 806 καὶ

2143 838 2330 906 Πατὴρ
2359 838 2620 901 τοιοῦτος,
2652 839 2712 890 οὐ
2754 839 3043 908 δυνήσεται
3099 842 3363 910 περιιδεῖν
3391 844 3516 906 τοὺς
3562 847 3708 907 υἰοὺς

2141 929 2318 998 ἐνδείᾳ
2384 930 2496 981 τῶν
2552 929 2872 997 ἀναγκαίων
2932 931 3449 1000 διαφθειρομένους,
3507 938 3708 999 ὃπουγε

2141 1021 2262 1072 οὐδὲ
2324 1020 2656 1089 ἀνθρώπινοι
2705 1021 2943 1088 πατέρες
2999 1021 3160 1073 τοῦτο
3193 1023 3548 1090 ὑπομένουσι.
3601 1026 3710 1075 Καὶ

2142 1109 2264 1158 ἐπεὶ
2313 1103 2454 1159 οἶδεν
2505 1110 2586 1160 ὅτι
2643 1107 2872 1178 χρῄζετε
2930 1108 3135 1160 τούτων
3207 1109 3482 1174 ἁπάντων,
3550 1110 3712 1162 δώσει

2142 1197 2378 1258 πάντως.
2404 1197 2478 1250 Οὐ
2495 1197 2602 1265 γάρ
2621 1197 2872 1265 περιττὸν
2896 1197 2956 1249 τὸ
2978 1197 3177 1250 ἐσθίειν
3203 1199 3298 1251 καὶ
3319 1200 3496 1251 πίνειν
3515 1203 3606 1252 καὶ
3621 1202 3712 1250 ἐν-

2142 1287 2510 1348 διδύσκεσθαι,
2555 1288 2642 1340 ἵνα
2674 1288 2770 1340 καὶ
2799 1289 3023 1359 παρίδγγ
3045 1289 3181 1342 ἀλλά
3209 1293 3461 1359 χρήσιμα
3490 1292 3568 1356 τῷ
3605 1293 3712 1343 σὼ·

2145 1395 2297 1446 ματι,
2329 1379 2422 1428 καί
2461 1379 2737 1444 ἀναγκαῖα
2771 1383 2836 1446 τῇ
2866 1381 3057 1431 τούτου
3093 1378 3278 1447 φύσει.
3345 1382 3531 1441 Ὥστε,
3563 1381 3592 1433 ὃ
3626 1399 3702 1432 νε-

2146 1468 2324 1533 μίζεις
2361 1468 2529 1520 αἴτιον
2557 1465 2694 1520 εἷναί
2741 1485 2824 1520 σοι
2855 1470 2952 1537 τῆς
2989 1470 3283 1538 μερίμνης,
3317 1471 3473 1523 τοῦτο
3517 1471 3715 1539 μᾶλλόν

2144 1561 2293 1610 ἐστιν
2325 1559 2501 1610 αἰτιον
2528 1557 2628 1624 τῆς
2673 1559 3030 1628 ἀμεριμνίας.
3092 1561 3248 1612 Ἐπεὶ
3291 1561 3401 1629 γὰρ
3438 1561 3715 1626 ἀναγκαῖα

2142 1647 2336 1709 ταῦτα,
2361 1646 2448 1698 διά
2472 1649 2630 1700 τοῦτο
2652 1648 2889 1715 μάλιστα
2910 1649 3016 1718 χρὴ
3041 1649 3288 1719 θαρρεῖν.
3316 1651 3473 1711 Ποῖος
3497 1650 3602 1718 γὰρ
3623 1667 3714 1701 παι

2141 1737 2244 1806 τὴρ
2268 1738 2515 1802 ἀνέξεται
2538 1739 2671 1806 μηδὲ
2686 1738 2756 1790 τά
2790 1739 3063 1804 ἀναγκαῖα
3100 1742 3354 1809 χορηγεῖν
3384 1742 3496 1801 τοῖς
3519 1740 3674 1792 παισί
3701 1757 3716 1802 ;

532 1829 686 1883 Vers.
746 1830 833 1890 33.
898 1829 1128 1893 Quarile
1177 1857 1249 1867 —
1295 1829 1456 1884 vobis.
1519 1826 1759 1880 Primum
1796 1825 1899 1877 hoc
1923 1833 2029 1884 est.

2205 1830 2538 1895 Ζητεῖτε-
2568 1829 2728 1897 ὑμῖν.
2793 1828 3034 1898 Πρῶτον,
3090 1831 3211 1881 ἀντὶ
3261 1829 3377 1893 τοῦ,
3448 1831 3554 1899 πρὸ
3607 1830 3717 1880 τῶν

461 1928 590 1973 ante
620 1933 683 1972 ea
707 1934 828 1986 quae
862 1919 1075 1987 corpori
1110 1929 1236 1972 sunt
1265 1917 1568 1971 necessaria
1599 1933 1612 1968 :
1645 1915 1728 1968 vel
1759 1913 2032 1982 prmeipue

460 2010 578 2062 sive
610 2009 864 2062 maxime.
897 2008 1139 2078 Regnum
1168 2024 1299 2061 vero
1329 2009 1418 2060 Dei
1449 2015 1608 2060 vocat
1641 2007 1728 2058 hic
1765 2005 2033 2058 bonorum

459 2104 785 2151 alernorum
808 2097 1118 2150 l'ruitionem
1153 2115 1167 2158 ;
1199 2097 1467 2165 justitiam
1518 2106 1696 2147 autem
1732 2094 1875 2162 ejus,
1922 2093 2028 2146 hoc

461 2193 545 2238 est
574 2185 1015 2254 justiﬁestionem
1062 2201 1180 2254 quae
1209 2200 1238 2238 a
1290 2185 1399 2238 Deo
1431 2192 1533 2246 est,
1571 2193 1630 2237 ut
1656 2197 1752 2236 vos
1773 2184 1890 2250 ipse
1918 2181 2036 2245 jus-

461 2274 654 2336 tiﬁcet,
703 2275 787 2327 vel
826 2275 1196 2342 operationem
1249 2274 1491 2339 justitice,
1533 2274 1648 2326 sive
1673 2273 1887 2326 virtutis
1916 2272 2038 2325 uni-

460 2365 710 2428 versalis,
746 2380 843 2433 per
880 2379 1042 2428 quam
1086 2363 1468 2432 justiﬁeamur.
1518 2362 1573 2416 Si
1615 2362 1758 2415 enim
1808 2361 1923 2414 haec
1951 2376 2043 2430 pe-

462 2453 659 2509 tieritis
727 2468 849 2521 qua:
926 2462 1055 2506 sunt
1122 2452 1317 2505 anima:
1387 2450 1717 2515 necessaria,
1771 2450 1936 2503 etiam
1977 2464 2041 2503 ea

462 2544 613 2598 dabit
664 2553 720 2597 et
780 2543 1015 2612 adjiciet,
1077 2557 1198 2611 qua:
1260 2543 1469 2610 corpori
1523 2539 1830 2594 necessaria
1894 2548 2040 2594 sunt.

464 2634 596 2688 Nam
634 2635 884 2702 superius
917 2649 1152 2703 quoque,
1198 2635 1286 2687 ubi
1322 2634 1507 2688 docuit
1562 2633 1836 2702 quomodo
1886 2646 2043 2686 orare

464 2735 736 2794 oporteat,
790 2727 1024 2794 primum
1083 2726 1300 2794 quidem
1348 2725 1529 2779 dicere
1574 2723 1873 2791 praecepit:
1935 2721 2044 2775 Pa-

463 2826 544 2874 ter
609 2827 799 2880 noster,
861 2819 949 2886 qui
1004 2833 1056 2872 es
1113 2818 1168 2869 in
1237 2817 1399 2877 catis,
1457 2818 1812 2884 sanctiﬁcetur
1859 2832 2047 2869 nomen

467 2918 615 2960 tuum
657 2923 675 2959 :
704 2909 950 2960 adveniat
1003 2924 1218 2976 regnum
1251 2917 1397 2960 tuum
1435 2923 1454 2960 :
1507 2907 1602 2975 ﬁat
1630 2905 1872 2960 voluntas
1946 2916 2039 2959 tua

465 3000 604 3051 sicut
632 3000 689 3051 in
727 2999 852 3052 cwlo
876 3007 925 3052 et
961 3000 1014 3050 in
1055 3009 1217 3052 terra.
1266 2998 1468 3052 Deinde
1494 3013 1625 3052 vero
1654 3017 1665 3051 :
1699 2997 1899 3051 Panem
1956 3013 2049 3049 no.

463 3099 630 3143 slrum
659 3089 1215 3157 supersubstantialem
1267 3091 1336 3142 da
1387 3090 1534 3143 nobis
1575 3090 1726 3142 hodie
1765 3090 1832 3142 ".
1863 3088 2047 3158 Neque

465 3179 612 3234 enim
651 3181 718 3234 ad
746 3181 848 3234 boc
881 3180 1007 3234 facti
1047 3195 1255 3245 sumus,
1300 3189 1358 3234 ut
1383 3181 1605 3235 edamus
1630 3189 1683 3234 et
1711 3180 1957 3234 bibamus
1986 3194 2048 3232 ac

465 3273 764 3326 vestiamur
793 3291 803 3326 :
838 3273 932 3327 sed
967 3281 1026 3326 ut
1053 3271 1163 3326 Deo
1203 3274 1630 3342 complacentes,
1656 3273 1876 3328 aeternis
1906 3271 2050 3326 frua-

466 3378 589 3416 mur
621 3364 802 3419 bonis.

536 3452 603 3506 Et
631 3453 696 3506 ad
749 3454 852 3507 hoc
887 3453 1121 3507 maxime
1149 3454 1403 3509 convenit
1457 3455 1642 3508 vivere
1695 3454 1832 3522 (aa),
1887 3453 2049 3520 idque

468 3543 637 3608 magis
665 3543 959 3610 postulare.
997 3542 1106 3596 Nisi
1135 3543 1280 3596 enim
1310 3545 1414 3598 hoc
1475 3544 1817 3613 petierimus,
1846 3557 2052 3611 nequa-

468 3648 630 3698 quam
660 3633 811 3686 dabit
847 3651 859 3685 :
893 3649 954 3686 ea
993 3649 1122 3687 vero
1153 3649 1273 3702 quze
1303 3634 1520 3701 corpori
1549 3633 1858 3687 necessaria
1892 3641 2046 3696 sunt,

467 3729 518 3774 et
567 3731 835 3788 petentes,
885 3732 1077 3776 etnon
1141 3732 1388 3791 petentes
1443 3723 1795 3791 accipiemus,
1829 3732 2052 3791 propter

469 3812 715 3879 corporis
756 3813 1232 3876 sustentationem,
1273 3813 1732 3881 quemadmodum
1765 3822 1822 3866 et
1862 3821 2052 3881 gentes

469 3904 782 3960 incredulae.
833 3905 968 3957 Nam
1022 3895 1223 3959 idcirco
1263 3905 1445 3959 dixit:
1523 3905 1876 3972 Adjicientur.
1934 3904 2052 3957 Non

470 4009 600 4062 ergo
629 3995 698 4048 de
748 3997 848 4049 hoc
879 3996 1172 4049 sollicitum
1223 4011 1342 4050 esse
1389 4003 1626 4065 oportet,
1688 3996 1828 4063 quod
1884 3997 2049 4049 etiam

472 4085 679 4152 absque
708 4085 1074 4140 sollicitudine
1107 4101 1296 4140 sumus
1330 4085 1632 4154 accepturi,
1669 4086 1760 4139 sed
1785 4086 1853 4140 de
1875 4086 2050 4138 altero

471 4174 638 4241 priori
693 4190 758 4230 ac
810 4177 1029 4244 potiori.
1095 4174 1294 4229 Verum
1336 4177 1381 4230 si
1410 4192 1471 4230 ea
1517 4191 1636 4244 quae
1662 4175 1878 4244 corpori
1926 4189 2056 4234 sunt

471 4267 802 4330 necessaria,
872 4268 1031 4323 nobis
1079 4267 1242 4321 etiam
1297 4283 1406 4321 non
1455 4267 1770 4336 petentibus
1821 4267 2050 4334 praabet,

470 4371 640 4424 quare
672 4371 799 4424 ergo
823 4357 1005 4427 jussit,
1041 4366 1099 4410 ut
1131 4372 1323 4425 panem
1351 4367 1599 4426 petamus
1632 4355 2056 4425 supersubstan-

2137 1915 2450 1982 ἀναγκαίων
2504 1915 2597 1968 τοῦ
2643 1915 2912 1983 σώματος,
2961 1915 2993 1985 ἢ
3041 1918 3162 1968 ἀντὶ
3218 1919 3343 1980 τοῦ,
3398 1919 3715 1987 ἐξαιρέτως.

2138 2007 2232 2058 καί
2276 2006 2532 2074 μάλιστα.
2584 2006 2871 2061 Βασιλείαν
2925 2007 2982 2059 δὲ
3041 2007 3176 2059 Θεοῦ
3242 2009 3392 2076 λέγει
3449 2009 3564 2068 νῦν,
3617 2011 3719 2077 τὴν

2139 2095 2441 2147 ἀπόλαυσιν
2491 2095 2598 2147 τῶν
2634 2096 2871 2148 αἰωνίων
2933 2097 3176 2162 ἀγαθῶν.
3233 2100 3605 2166 Δικαιοσύνην
3661 2101 3718 2150 δὲ

2141 2186 2325 2249 αὑτοῦ,
2361 2185 2458 2254 τὴν
2492 2186 2774 2238 δικαίωσιν
2803 2187 2902 2256 τὴν
2931 2190 3062 2257 παρ’
3094 2189 3282 2254 αὐτοῦ,
3327 2190 3412 2240 ἴνα
3445 2190 3715 2258 δικαιώσῃ

2143 2277 2286 2344 ὑμᾶς
2314 2277 2474 2339 αὑτός
2507 2293 2521 2306 ο
2643 2280 2742 2345 τὴν
2775 2277 2886 2347 (54)
2913 2279 3254 2346 κατόρθωσιν
3297 2281 3394 2346 τῆς
3438 2280 3717 2332 δικαιοτύ-

2141 2382 2259 2434 νης,
2287 2368 2406 2435 ἦτοι
2433 2368 2532 2435 τῆς
2553 2367 2779 2420 καθόλου
2811 2371 3033 2437 ἀρετῆς,
3081 2370 3130 2420 δί
3163 2371 3226 2438 ἢν
3262 2369 3460 2422 δίκαιοι
3493 2372 3717 2436 γινόμε-

2143 2453 2258 2524 θα.]
2273 2456 2332 2506 Εἰ
2354 2456 2463 2525 γὰρ
2479 2456 2608 2524 περί
2632 2456 2836 2509 τούτων
2856 2461 3075 2523 αἰτεῖτε,
3094 2460 3262 2510 ὄντων
3289 2460 3602 2526 ἀναγκαίων
3618 2460 3717 2526 τῆς

2142 2545 2340 2615 ψυχῆς,
2361 2545 2534 2599 ταῦτά
2571 2563 2629 2597 τε
2663 2545 2842 2610 δώσει,
2881 2547 2974 2600 καὶ
3003 2549 3300 2618 προσθήσει
3326 2551 3418 2602 καὶ
3448 2552 3512 2602 τά
3548 2553 3719 2616 ἀναγ-

2145 2642 2276 2690 κατα
2294 2635 2388 2688 τοῦ
2409 2636 2678 2706 σώματος.
2708 2640 2816 2691 Καὶ
2841 2640 2946 2706 γὰρ
2974 2642 3064 2691 καὶ
3081 2641 3276 2704 ὀπίσω,
3295 2642 3350 2692 ὲν
3382 2637 3463 2703 οἷς
3486 2641 3716 2707 ἐδίδαξε.

2146 2725 2261 2789 πῶς
2278 2725 2860 2797 δεῖεῠχεσθαι,πρῶτον
2877 2729 2974 2796 μὲν
2990 2726 3108 2780 εἰπε
3126 2730 3327 2798 λέγειν,
3346 2731 3529 2799 Πάτερ
3555 2733 3722 2798 ἡμῶν

2148 2818 2180 2868 ό
2211 2816 2281 2867 ἐν
2335 2815 2460 2879 τοῖς
2507 2817 2804 2883 οὐρανοῖς,
2841 2819 3182 2884 ἁγιασθήτω
3238 2818 3304 2870 τὸ
3349 2817 3537 2884 ὄνομά
3575 2833 3716 2878 σου,

2147 2905 2366 2958 ἐλθέτω
2410 2906 2760 2973 ήβασιλεία
2819 2921 2960 2970 σου,
3011 2909 3315 2976 γενηθήτω
3373 2908 3438 2960 τὸ
3492 2909 3723 2973 θέλημὰ

2149 3011 2286 3059 σου,
2313 2997 2394 3062 ὡς
2423 2999 2492 3050 ἐν
2516 2997 2748 3064 οὐρανῷ
2782 2999 2876 3051 καὶ
2901 2999 2998 3050 ἐπὶ
3032 2998 3141 3064 τῆς
3185 2998 3317 3067 γῆς·
3394 2999 3582 3051 ἔπειτα
3637 2999 3719 3059 δὲ,

2157 3087 2266 3138 Τὸν
2287 3085 2469 3153 ἄρτον
2487 3085 2655 3154 ἡμῶν
2680 3087 2784 3138 τὸν
2809 3086 3123 3138 ἐπιούσιον
3147 3086 3251 3151 δὸς
3273 3087 3416 3154 ἡμῖν
3433 3088 3722 3154 σήμερον.

2150 3176 2223 3227 Οὐ
2253 3175 2358 3245 γάρ
2407 3176 2498 3229 διὰ
2535 3175 2699 3232 τοῦτο
2753 3178 3080 3246 γεγόναμεν,
3135 3178 3223 3230 ῐνα
3275 3178 3565 3246 ἐσθίωμεν,
3628 3180 3724 3229 καὶ

2150 3275 2411 3341 πίνωμεν,
2448 3273 2540 3326 καί
2575 3272 2911 3340 ὲνδυώμεθα,
2951 3273 3068 3325 ἀλλ’
3101 3274 3188 3324 ἴνα
3245 3273 3723 3343 εὐαρεστήσαντες

2149 3367 2320 3435 αὐτῷ,
2350 3365 2461 3418 τῶν
2487 3366 2723 3419 αἰωνίων
2752 3365 3154 3434 ἀπολαύσωμεν
3188 3365 3438 3434 ἀγαθῶν.

2222 3457 2317 3510 Διά
2372 3455 2529 3508 τοῦτο
2588 3457 2821 3525 μάλιστα
2850 3456 2956 3525 χρὴ
3011 3455 3197 3524 ζητεῖν
3228 3457 3325 3508 καὶ
3357 3456 3497 3525 ὑπὲρ
3527 3454 3724 3506 τούτου

2154 3542 2352 3609 μᾶλλον
2380 3544 2570 3596 αἰτεῖν.
2604 3543 2776 3594 Τοῦτο
2816 3544 2916 3611 μὲν
2942 3543 3049 3610 γὰρ
3089 3545 3183 3595 ἐὰν
3223 3544 3298 3612 μὴ
3330 3543 3607 3613 ζητῶμεν.
3660 3543 3725 3594 οὐ

2149 3632 2330 3684 δώσει·
2361 3634 2428 3684 τά
2457 3633 2502 3684 δ’
2535 3633 2806 3700 ἀναγκαῖα
2842 3633 2936 3685 τοῦ
2965 3640 3237 3701 σώματος,
3295 3635 3388 3685 καὶ
3416 3633 3724 3693 αἰτοῦντες,

2153 3726 2247 3775 καὶ
2300 3725 2374 3793 μὴ
2435 3724 2716 3786 αἰτοῦντες
2750 3724 3127 3793 λαμϐάνομεν,
3171 3725 3256 3776 διὰ
3304 3724 3402 3794 τὴν
3461 3724 3725 3776 σύστασιν

2151 3815 2244 3867 τοῦ
2306 3815 2581 3883 σώματος,
2633 3815 2708 3878 ὡς
2758 3816 2856 3868 καὶ
2884 3815 2953 3868 τά
3002 3815 3210 3869 ἄπιστα
3255 3815 3406 3884 ἔθνη.
3442 3816 3538 3867 Διά
3570 3815 3728 3866 τοῦτο

2152 3907 2264 3973 γὰρ
2322 3902 2497 3970 εἶπεν,
2547 3906 2629 3958 ὅτι
2670 3905 3171 3973 Προστεθήσεται.
3230 3907 3392 3958 Ὥστε
3439 3905 3536 3974 οὐχ
3585 3906 3728 3972 ὑπερ

2153 3999 2342 4050 τούτου
2365 4000 2469 4068 χρὴ
2516 3999 2806 4068 μεριμνᾷν,
2833 3996 2874 4049 ’δ
2908 4000 2999 4050 καὶ
3057 3999 3130 4068 μὴ
3169 3999 3547 4068 μεριμνῶντες
3581 3995 3726 4065 λαμ-

2154 4089 2410 4157 ϐάνομεν,
2454 4088 2570 4142 ἀλλ’
2617 4089 2766 4157 ὑπὲρ,
2796 4087 3027 4140 ἐκείνου.
3089 4089 3198 4140 Καὶ
3255 4088 3306 4138 εἰ
3348 4088 3414 4138 τὰ
3446 4089 3725 4154 ἀναγκαῖα

2154 4180 2247 4231 τοῦ
2303 4180 2556 4246 σώματος
2603 4179 2858 4248 παρέχει,
2900 4179 2994 4232 καὶ
3060 4179 3136 4247 μὴ
3190 4179 3486 4230 αἰτούντων
3544 4181 3725 4246 ἡμῶν,

2153 4271 2294 4323 διατί
2345 4271 2651 4341 προσέταξε
2689 4271 2875 4341 ζητεῖν
2935 4271 3026 4323 τὸν
3080 4270 3244 4340 ἄρτον
3293 4271 3724 4333 τὸνὲπιούσιονς

2157 4357 2400 4422 Πάντως,
2437 4357 2524 4410 ἵνα
2556 4357 2646 4409 διά
2699 4357 2802 4427 τῆς
2832 4357 3090 4427 τοιαύτης
3128 4356 3401 4425 αἰτήσεως
3452 4355 3738 4424 ὁμολογῶο.

474 4445 697 4501 tialem?
721 4447 839 4500 Non
886 4448 1049 4500 aliam
1081 4448 1150 4502 ob
1190 4463 1430 4510 causam,
1464 4463 1626 4516 quam
1673 4455 1732 4500 ut
1782 4446 1869 4500 tali
1907 4445 2041 4514 peti-

2158 4468 2277 4520 μεν,
2328 4452 2412 4503 ὅτι
2463 4449 2627 4511 αὑτός
2671 4450 2819 4501 ἔστιν
2868 4451 2896 4500 ὀ
2947 4448 3175 4517 τρέφων,
3218 4449 3384 4516 ἡμᾶς,
3419 4449 3512 4500 καὶ
3554 4449 3652 4515 οὐχ
3687 4450 3726 4516 ἡ

474 4538 624 4592 tione
675 4537 946 4591 fateamur
989 4539 1163 4608 ipsum
1215 4555 1357 4604 esse,
1400 4540 1491 4608 qui
1551 4555 1651 4592 nos
1678 4539 1786 4591 alat
1823 4554 1836 4588 :
1883 4547 2050 4605 utque

474 4629 578 4686 hoc
613 4631 954 4696 conﬁtentes,
994 4631 1084 4685 tali
1137 4631 1306 4684 animi
1363 4631 1694 4701 gratitudine
1754 4629 2052 4683 familiares

474 4719 799 4776 efficiamur.

552 4811 707 4866 Vers.
745 4812 836 4867 56.
870 4812 950 4866 Ne
986 4841 1057 4852 —
1097 4815 1179 4866 sui
1219 4815 1402 4881 ipsius.
1440 4813 1574 4868 Cum
1635 4811 1888 4882 superius
1922 4811 2054 4865 sim-

479 4904 693 4974 pliciter
715 4903 1074 4958 dixissetzNe
1098 4905 1309 4958 solliciti
1334 4906 1473 4968 sitis,
1508 4905 1792 4959 videbatur
1826 4903 2045 4956 univer-

477 4995 663 5049 saliter
705 5009 922 5048 omnem
955 5010 1146 5049 eorum
1168 5011 1286 5063 quae
1322 4996 1534 5064 corpori
1564 4995 1871 5049 necessaria
1895 5005 2042 5057 sunt,

477 5095 791 5156 amputasse
846 5101 1056 5142 curam.
1096 5087 1281 5154 Itaque
1334 5087 1681 5142 manifestius
1715 5086 1806 5140 hic
1854 5086 2042 5146 docet,

582 5240 630 5274 ⁸³
650 5240 845 5293 Mattn.
874 5256 947 5302 vt,
977 5247 1134 5293 ν-ιι.

2155 4543 2357 4612 σπουδὴ
2414 4542 2593 4612 ἡμῶν,
2635 4541 2729 4593 καὶ
2762 4539 2849 4591 ἴνα
2891 4539 3053 4591 τοῦτο
3082 4537 3257 4601 οὕτως
3309 4538 3726 4607 ὁμολογοῦντες,

2151 4635 2470 4703 οἰκειότεροι
2505 4629 2787 4700 γινώμεθα
2831 4628 2918 4681 διά
2947 4627 3058 4697 (35)
3120 4629 3219 4696 τὴν
3277 4628 3739 4696 εὐγνωμοσὺνην..

2231 4806 2690 4877 Μὴ-ἐαυτῆς,
2731 4805 2941 4859 Ὀπίσω
3000 4801 3170 4857 εἰπὼν
3225 4799 3437 4880 ἀπλῶς,
3499 4799 3582 4852 ὅτι
3629 4797 3740 4865 Μὴ,

2146 4902 2577 4974 μεριμνήσητε,
2620 4897 2794 4951 ἐδόκει
2831 4894 3111 4954 παντελῶς
3146 4893 3442 4944 ἐκκόπτειν
3472 4889 3571 4958 τὴν
3624 4889 3728 4954 μὲ-

2154 5007 2352 5059 ριμναν
2381 4988 2493 5041 τῶν
2521 4985 2834 5053 ἀναγκαίων
2889 4981 2984 5034 τοῦ
3053 4981 3324 5049 σώματος·
3375 4978 3567 5030 λοιπὸν
3629 4975 3724 5029 οὖν

2153 5080 2389 5133 ἐνταῦθα
2407 5079 2645 5133 διδάσκει
2677 5074 3074 5151 φανερώτερον,
3106 5069 3312 5145 and-iv
3368 5069 3468 5138 μὲν
3516 5069 3607 5120 ἐπὶ
3656 5068 3738 5143 τῇ,

1660 5305 1858 5366 νοτίδι
1892 5303 2202 5363 lectiones
2240 5307 2300 5363 et
2341 5307 2531 5362 notua.

548 5472 661 5538 (54)
693 5469 903 5523 Inclusa
934 5471 1131 5524 omittit
1171 5472 1230 5524 Β.
1270 5469 1468 5524 Eadem
1504 5467 1555 5519 in
1613 5467 2043 5538 margiueinve-

481 5536 634 5595 uerat
661 5539 979 5593 Heutenius.
1017 5539 1154 5610 Ergo
1189 5542 1240 5594 iu
1275 5542 1378 5592 line
1413 5538 1573 5606 hujus
1604 5536 1794 5588 scholii
1822 5537 2040 5591 addide-

2147 5474 2248 5519 rat.
2287 5464 2684 5518 Revocavimus
2718 5478 2846 5531 ergo
2881 5463 2945 5516 ad
2984 5477 3146 5516 suum
3175 5462 3372 5516 locum.

2223 5533 2334 5596 (35)
2375 5535 2472 5602 τῆς
2508 5532 2946 5600 εὐγνωμοσύνης.
2979 5534 3043 5586 Α.

556 5702 666 5770 (ua)
710 5697 774 5751 Et
805 5699 874 5751 ad
908 5701 1000 5752 hoc
1027 5729 1094 5739 ——
1123 5701 1304 5752 vivere.
1344 5699 1635 5766 Prolilerca
1671 5698 1771 5750 hoc
1809 5700 2042 5750 maxime
2079 5705 2288 5764 oportet
2322 5708 2584 5761 querere.
