4026 6508
287 342 387 407 ἓῦτ

1173 341 1559 403 COMMENT.
1607 343 1687 403 ΙΝ
1730 341 2206 429 MAT'i‘ti/Euiu.
2247 369 2314 380 -
2354 347 2514 407 (Δι’.
2555 345 2683 403 νη.

3478 349 3577 409 258

287 453 565 527 ὲνεστὼσῃ
589 452 777 525 ἡμέρᾳ
809 454 1109 523 συγχωρεῖ,
1157 452 1232 514 ὼς
1268 452 1600 520 ἀναγκαίαν,
1639 453 1730 505 διὰ
1780 452 1879 520 τὴν

1996 452 2133 520 quod
2159 466 2279 505 eam
2314 467 2468 516 sane,
2515 450 2730 520 quretle
2777 450 3047 505 hodierno
3099 452 3186 507 die
3232 462 3337 517 est,
3391 470 3577 511 curam

288 548 571 599 ἀσθένειαν
604 545 697 597 τοῦ
757 544 1032 613 σώματος’
1066 544 1167 612 τὴν
1218 542 1273 594 δὲ
1300 544 1398 611 τῆς
1430 543 1621 613 αΰριον
1657 547 1871 612 ἀπαγο-

292 639 456 708 ρεύει.
483 637 561 700 ὡς
592 639 878 707 περιττήν.
916 636 982 688 'll
1014 636 1122 705 γὰρ
1154 634 1346 704 αὔριον
1396 637 1579 705 ἡμέρα
1624 635 1734 699 ἕξει
1778 634 1873 687 xui.

293 732 431 797 αὐτὴ
465 729 629 781 πάλιν
686 729 790 798 τὴν
846 728 1117 797 μέριμναν
1153 728 1263 779 τῶν
1321 728 1543 796 ἑαυτῆς,
1575 730 1764 798 ἤγουν,
1798 720 1873 779 ὧν

290 826 347 873 ἐν
375 824 510 891 αὐτῇ
546 821 739 891 χρῄζει
776 822 804 872 ὁ
842 819 1152 889 ἄνθρωπος.
1187 820 1342 881 Τινὲς
1386 819 1443 871 δέ
1480 836 1665 888 φασιν,
1698 819 1875 873 ὀπίσω

292 932 390 981 μεν
444 911 729 985 παντελῶς
764 910 996 977 ἐκκόψαι
1029 911 1127 979 τὴν
1161 910 1460 980 μέριμναν,
1488 909 1577 963 διὰ
1609 911 1737 972 τοὺς
1784 910 1875 960 δυ-

290 1004 503 1067 νατούς·
528 1001 765 1055 ἐνταῦθα
790 1001 867 1063 δὲ,
902 1004 1263 1073 συγχωρῆσαι
1296 1002 1397 1070 τὴν
1433 1002 1534 1070 τῆς
1564 1001 1875 1071 ἐνεστώσης

290 1098 528 1165 ἡμέρας,
567 1095 655 1149 διὰ
684 1094 813 1158 τοὺς
850 1093 1303 1164 ἀσθενεστέρους.

373 1377 658 1445 Ἀρκετόν
680 1406 753 1417 --
777 1374 991 1445 αὐτῆς.
1048 1376 1268 1429 Κακίαν
1300 1376 1541 1429 ἐνταῦθα
1571 1378 1746 1445 λέγει.
1778 1380 1880 1449 τὴν

291 1470 589 1537 μέριμναν,
626 1468 719 1521 τὸν
753 1467 945 1533 κόπον,
1009 1467 1108 1531 τὰς
1168 1469 1559 1537 ὲπιγινομένας
1616 1470 1880 1521 ἑκάστοτε

292 1561 605 1630 συμφορᾶς,
663 1559 808 1627 ᾇπερ
839 1557 1108 1628 ἀρκοῦσιν
1157 1561 1319 1629 αὐτῇ.
1358 1561 1453 1612 καὶ
1477 1560 1538 1612 οὐ
1562 1560 1669 1630 χρὴ
1708 1575 1880 1630 προσ-

283 1653 467 1705 θεῖναι
522 1649 619 1703 καὶ
672 1651 773 1720 τὴν
809 1651 1091 1721 μέριμναν
1120 1653 1219 1720 τῆς
1256 1651 1469 1720 αὔριον,
1514 1655 1610 1705 καὶ
1638 1652 1888 1705 καταδα-

288 1744 473 1812 ρύνειν
504 1742 700 1811 αὐτὴν,
732 1742 809 1805 ὡς
843 1742 918 1813 μὴ
946 1742 1213 1795 δύνασθαι
1237 1742 1601 1813 χρησιμεύειν
1638 1746 1772 1813 ἡμῖν
1802 1746 1881 1804 εἰς

1976 546 2284 615 permittat,
2317 556 2576 612 tanquam
2605 554 2829 613 propter
2864 545 3114 614 corporis
3142 546 3579 603 imbecillitatem

1976 638 2351 691 necessariam
2382 654 2397 691 :
2429 652 2549 691 eam
2588 652 2719 690 vero
2746 653 2866 705 ηιιςιν
2894 638 2960 691 tle
3012 639 3258 693 crastino
3312 652 3415 702 est.
3462 651 3577 696 tau-

1977 746 2140 799 quam
2172 728 2506 798 superﬂuam
2535 728 2791 797 denegat.
2852 729 3139 785 Crastinus
3164 733 3313 785 enim
3347 732 3486 795 dies,
3523 744 3576 786 et

1979 817 2095 887 ipse
2127 832 2316 871 rursus
2373 818 2455 871 sui
2513 817 2682 885 ipsius
2730 832 2919 869 curam
2955 818 3206 881 habebit,
3237 822 3352 875 sive
3388 837 3579 875 eorum

1978 903 2177 971 quibus
2210 905 2263 957 in
2322 905 2440 974 ipso
2492 921 2632 983 opus
2686 907 2791 961 erit
2821 908 3047 961 homini.
3099 908 3332 973 Quidam
3388 922 3574 966 autem

1982 998 2194 1060 dicunt,
2229 997 2484 1066 superius
2506 998 2727 1066 quidem
2779 1014 2997 1053 omnem
3028 1000 3421 1055 universaliter
3448 1020 3569 1056 am-

1981 1098 2204 1157 putasse
2244 1104 2455 1153 curam,
2490 1089 2656 1157 idque
2696 1090 2763 1143 ad
2802 1091 3159 1159 perfectiores
3208 1092 3391 1162 dirigi.
3481 1093 3581 1145 llic

1983 1191 2163 1233 autem
2190 1196 2308 1234 eam
2330 1181 2659 1246 concedere,
2695 1198 2814 1250 quae
2856 1184 3142 1251 praesentis
3175 1192 3260 1239 est
3290 1184 3423 1247 diei,
3458 1200 3580 1253 pro-

1984 1283 2106 1341 pter
2136 1259 2459 1325 imbecilles.

2060 1360 2215 1415 Vers.
2251 1360 2338 1414 54,
2384 1360 2584 1428 Sufﬁcit
2613 1388 2683 1398 -—-
2705 1376 2882 1412 suum.
2916 1358 3116 1412 Malum
3138 1360 3227 1414 hic
3257 1372 3416 1415 vocat
3473 1377 3572 1414 cu-

1987 1469 2124 1517 ram,
2163 1453 2442 1528 miseriam
2481 1460 2536 1505 et
2559 1450 2901 1506 calamitates
2931 1466 3052 1520 quae
3088 1452 3332 1522 undique
3376 1467 3578 1521 prove-

1988 1546 2175 1607 niunt,
2212 1545 2431 1613 ipsique
2468 1544 2772 1607 sulliciunt,
2801 1558 2901 1597 nec
2931 1551 3146 1611 oportet
3196 1543 3304 1596 diei
3340 1546 3586 1597 crastino

1988 1635 2149 1687 etiam
2180 1636 2380 1686 addere
2412 1634 2866 1695 sollicitudinem,
2928 1634 3218 1704 ipsumque
3266 1650 3585 1705 aggravare.

1990 1742 2111 1780 cum
2153 1727 2205 1780 id
2238 1726 2398 1779 nobis
2433 1727 2569 1780 utile
2602 1742 2724 1779 esse
2762 1741 2871 1778 non
2912 1728 3087 1795 possit
3116 1728 3181 1780 ad
3218 1742 3443 1796 operam
3471 1727 3586 1795 spi-

284 1806 557 1907 ip‘raafav
600 1806 1000 1906 πνευματικήν.
1054 1806 1377 1905 Κακίαν-γαρ
1404 1806 1749 1905 iii-{stagneo
1785 1838 1883 1907 μό-

1996 1818 2257 1871 ritualcm.
2298 1818 2510 1871 Dicitur
2564 1819 2710 1869 enim
2758 1817 2960 1869 malum
3002 1826 3059 1869 et
3092 1819 3239 1887 quod
3273 1818 3362 1871 hic
3413 1817 3585 1869 κακία

288 1944 383 1979 νον
417 1928 453 1997 ἡ
488 1924 755 1995 πονηρία,
786 1924 923 1979 ἀλλὰ
959 1928 1055 1979 καὶ
1074 1927 1143 1979 τὰ
1174 1925 1434 1996 ρηθέντα.
1471 1927 1583 1981 Καὶ
1626 1930 1736 1999 γὰρ
1788 1928 1884 1981 καὶ

285 2018 345 2068 ἐν
377 2016 560 2077 ἄλλοις
592 2016 811 2085 εἴρηται
834 2016 1022 2082 κακία,
1062 2020 1094 2086 ἡ
1150 2016 1413 2086 θεήλατος
1464 2019 1604 2089 ὀργὴ
1641 2022 1732 2070 καὶ
1780 2018 1882 2088 μάο

285 2108 432 2173 στιξ.
500 2108 623 2161 Οὐκ
677 2106 811 2161 ἔστι
868 2107 1000 2180 γὰρ,
1043 2108 1199 2177 φησι,
1234 2109 1413 2161 κακία
1440 2109 1509 2161 ἐν
1557 2113 1755 2172 πόλει,
1804 2109 1886 2177 ἢν

285 2204 505 2270 Κύριος
527 2204 639 2256 οὐκ
662 2201 935 2268 ἐποίησε.
968 2202 1076 2253 Καὶ
1100 2197 1257 2264 αὖθις
1286 2218 1299 2231 ·
1328 2201 1497 2271 Ἐγὼ,
1522 2205 1674 2271 φησὶ,
1696 2202 1885 2257 ποιῶν

284 2296 540 2361 εἰρήνην
594 2290 691 2344 καὶ
744 2289 951 2350 κτίζων
1004 2291 1183 2356 κακὰ,
1241 2291 1364 2344 ἀντὶ
1391 2292 1509 2354 τοῦ,
1545 2292 1739 2362 λιμοὺς
1788 2293 1885 2346 καὶ

286 2388 534 2457 λοιμοὺς,
570 2385 667 2439 καὶ
708 2384 777 2437 τὰ
805 2383 1054 2465 τοιαίξτα.
1098 2385 1211 2438 Καὶ
1262 2384 1371 2456 γὰρ
1427 2384 1702 2452 εἰώθαμεν
1736 2386 1884 2440 κακὰ

286 2474 609 2545 ὀνομάζειν,
637 2477 733 2528 καὶ
762 2475 833 2527 τὰ
864 2474 1089 2546 λυπηρὰ
1118 2476 1214 2527 καὶ
1246 2476 1558 2531 κακωτικά.

360 2648 459 2716 Μὴ
492 2677 563 2687 -
585 2645 845 2714 κριθῆτε,
872 2645 1063 2718 [Φησὶν
1086 2648 1196 2719 (56)
1230 2649 1257 2700 ὁ
1287 2651 1703 2724 Χρυσόστομος,
1727 2656 1785 2709 ὲν
1815 2659 1882 2728 τῇ

288 2742 561 2814 ἑρμηνείᾳ
596 2744 695 2810 τῆς
747 2740 885 2811 πρὸς
920 2740 1208 2811 Ἑϐραίους
1264 2744 1611 2814 Ἐπιστολῆς,
1643 2748 1727 2801 ὅτι
1779 2750 1838 2802 τό
1866 2767 1881 2783 ι

288 2832 389 2899 Μὴ
421 2831 675 2901 κρίνετε,
708 2831 809 2883 ἵνα
847 2829 933 2897 μὴ
987 2828 1251 2898 κριθῆτε,
1283 2833 1413 2900 περὶ
1460 2832 1579 2901 βίου
1626 2836 1881 2900 ὲστὶν,οὐ

291 2924 424 2993 περὶ
466 2923 729 2985 πίστεως.
780 2921 1013 2983 Ὁμοίως
1063 2921 1119 2973 δὲ
1160 2922 1258 2974 καὶ
1290 2922 1376 2987 τὸ,
1413 2922 1619 2977 Πάντα
1656 2925 1775 2980 ὅσα
1807 2927 1886 2981 ἂν

286 3017 552 3086 λέγωσιν
562 3013 709 3084 ὑμῖν
726 3013 944 3078 ποιεῖν,
964 3012 1205 3067 ποιεῖτε.
1228 3013 1300 3067 Τὸ
1320 3016 1452 3086 γὰρ,
1468 3018 1686 3086 ποιεῖν,
1706 3020 1883 3089 ἔργων

290 3109 464 3172 ὲστίν,
484 3108 600 3161 ἀλλ’
624 3107 687 3161 οὐ
720 3105 1010 3178 πίστεως.]

365 3286 566 3360 Κρίσιν
590 3287 647 3341 δὲ
665 3285 923 3351 ἐνταῦθα,
944 3288 1045 3356 τὴν
1068 3290 1398 3358 κατάκρισιν
1422 3290 1640 3358 νόησον.
1665 3291 1887 3360 Ταύτην

292 3379 404 3449 γὰρ
428 3376 824 3449 ὲφερμηνεύων
840 3380 868 3431 ὁ
887 3379 1105 3439 Λουκᾶς
1135 3374 1258 3431 εϊπε
1276 3396 1289 3409 ’
1313 3379 1410 3447 Μὴ
1442 3380 1884 3448 καταδικάζετε,

292 3471 397 3525 καὶ
420 3474 494 3524 οὺ
512 3470 599 3539 μὴ
645 3467 1153 3537 καταδικασθῆτε.
1198 3471 1306 3522 Καὶ
1337 3473 1385 3523 εἰ
1420 3472 1496 3540 μὴ
1531 3473 1889 3526 καταδικάσει

294 3584 380 3628 τις
409 3565 501 3617 τὸν
533 3562 944 3632 ἁμαρτάνοντα,
976 3558 1091 3616 οἷον
1125 3563 1312 3634 ἄρχων
1371 3566 1470 3635 μὲν
1518 3567 1612 3617 τὸν
1643 3567 1890 3637 ἀρχόμε-

292 3677 408 3721 νον,
456 3656 641 3726 πατὴρ
699 3657 758 3709 δὲ
820 3656 911 3709 τὸν
962 3655 1097 3720 υίὸν,
1143 3656 1411 3727 δεσπότης
1441 3657 1499 3709 δὲ
1536 3657 1627 3710 τὸν
1678 3657 1888 3724 δοῦλον,

292 3747 551 3800 ἐπιδώσει
584 3746 804 3808 πάντως
834 3747 867 3815 ὴ
900 3746 1091 3810 κακία,
1123 3747 1216 3798 καὶ
1248 3745 1403 3800 ἔσται
1428 3748 1718 3817 σύγχυσις,
1750 3750 1890 3803 Ἀλλ’

292 3840 352 3890 οὗ
391 3855 456 3890 πε
469 3840 521 3907 pi.
568 3838 772 3906 ταύτης
802 3839 901 3907 τῆς
935 3838 1315 3909 κατακρίσεως
1350 3839 1502 3907 λέγει
1528 3840 1646 3907 νῦν,
1671 3843 1771 3910 τῆς
1804 3860 1893 3912 φι.

293 3931 537 3996 λαγάυου
607 3931 704 3982 καὶ
754 3928 1146 4001 διορθωτικῆς·
1181 3930 1387 3999 προῖὼν
1415 3932 1524 4001 γὰρ
1560 3934 1890 4000 ἐνετείλατο,

293 4024 393 4075 καὶ
422 4022 667 4091 ἐλέγχειν
720 4020 886 4088 οὕτω,
918 4021 1013 4073 καὶ
1043 4021 1291 4093 δεσμεῖν·
1322 4021 1544 4092 Ὕπαγε
1573 4025 1704 4095 γὰρ,
1732 4026 1892 4095 φησὶ,

293 4112 393 4166 καὶ
438 4112 695 4183 ἔλεγξον
740 4112 930 4167 αὐτόν
953 4128 968 4144 ·
1003 4113 1098 4169 καὶ
1145 4109 1331 4178 αὖθις’
1357 4115 1515 4170 Ὅσα
1547 4117 1625 4171 ἂν
1661 4118 1895 4189 δήσητε

294 4204 397 4257 ἐπὶ
425 4202 537 4272 τῆς
568 4202 703 4271 γῆς,
736 4204 912 4258 ἔσται
942 4203 1235 4275 δεδεμένα
1262 4206 1333 4260 ἐν
1360 4206 1443 4272 τῷ
1480 4210 1738 4279 οὐρανῷ.
1779 4213 1895 4267 Νῦν

1988 1911 2207 1971 dicitur,
2247 1925 2353 1963 nou
2380 1909 2559 1963 solum
2591 1908 2809 1973 vitium,
2840 1909 2935 1962 sed
2967 1918 3022 1962 et
3053 1924 3117 1962 ea
3163 1923 3287 1978 quae
3316 1909 3481 1963 modo
3500 1908 3588 1961 di-

1984 2010 2069 2057 cta
2104 2011 2252 2055 sunt.
2288 2001 2568 2070 Siquidem
2602 2000 2657 2053 in
2693 1999 2815 2055 aliis
2846 2016 3063 2069 Quoque
3093 2001 3230 2055 locis
3285 2001 3487 2055 dicitur
3533 2010 3589 2053 et

1984 2096 2175 2157 κακία,
2214 2095 2314 2155 ira,
2348 2096 2465 2149 sive
2534 2094 2807 2164 ﬂagellum
2844 2110 2872 2146 a
2909 2095 3015 2148 Deo
3072 2094 3361 2149 incitatum
3393 2112 3409 2148 ι
3468 2095 3591 2148 Non

1983 2197 2083 2252 est,
2138 2188 2336 2256 inquit,
2375 2186 2602 2243 malum.
2648 2187 2789 2255 quod
2820 2186 3079 2239 Dominus
3120 2202 3222 2239 non
3290 2188 3476 2257 fecerit
3518 2189 3588 2241 “.

1985 2281 2053 2335 Et
2090 2294 2283 2335 rursus
2327 2294 2346 2332 :
2385 2278 2519 2348 Ego,
2572 2289 2665 2340 ait,
2693 2279 2894 2349 faciem
2953 2294 3137 2348 pacem
3180 2288 3226 2332 et
3253 2295 3442 2331 creans
3472 2295 3592 2332 ma-

1984 2370 2097 2425 lum
2150 2373 2219 2435 ",
2258 2372 2359 2423 huc
2409 2379 2514 2433 est,
2570 2369 2759 2433 fartres,
2811 2380 2993 2436 pestes
3024 2386 3086 2423 ac
3126 2369 3348 2423 similia.
3391 2370 3592 2424 Tristia

1986 2464 2133 2516 enim
2166 2470 2221 2515 et
2260 2460 2612 2514 aﬂlictionem
2669 2459 2980 2525 aﬂcrentia,
3044 2462 3442 2515 consuevimus
3492 2461 3583 2515 di-

1986 2570 2113 2609 cere
2141 2553 2304 2607 mala.

2056 2642 2189 2712 Cap.
2220 2642 2325 2702 Vll,
2351 2657 2500 2696 vers.
2520 2642 2572 2696 1.
2593 2642 3176 2712 Nolite—judicemini.
3200 2642 3239 2711 -ι-
3262 2641 3593 2711 DicitCltry—

1986 2747 2264 2792 sostomus
2323 2737 2377 2789 in
2457 2736 2803 2803 expositione
2869 2735 3128 2804 Epistulae
3212 2736 3278 2787 ad
3334 2734 3594 2791 llebrzeos

1986 2830 2117 2883 illud
2156 2846 2169 2881 :
2204 2827 2385 2881 Nolite
2426 2827 2676 2895 judicare
2734 2843 2795 2879 ne
2846 2826 3162 2895 judicemini
3225 2826 3294 2891 "',
3362 2830 3431 2880 de
3484 2829 3596 2881 vita

1986 2917 2114 2981 dici,
2174 2930 2283 2968 non
2328 2915 2395 2968 de
2460 2913 2587 2968 nuc.
2647 2913 2911 2967 Similiter
2960 2920 3016 2967 et
3078 2914 3211 2968 illud
3261 2930 3275 2967 :
3326 2895 3594 2977 οαωεωι-

1987 3024 2085 3078 que
2142 3007 2372 3060 dixerint
2438 3006 2582 3058 vobis
2641 3015 2697 3058 ut
2758 3007 2997 3067 servetis,
3045 3018 3257 3060 servate
3310 3020 3358 3059 et
3409 3008 3592 3073 facile,

1991 3101 2037 3132 η
2082 3100 2331 3161 verbum,
2362 3106 2421 3150 ut
2460 3097 2697 3163 servetis,
2754 3096 2822 3150 de
2881 3097 3143 3165 operibus
3183 3112 3328 3163 esse,
3376 3114 3488 3153 non
3526 3099 3595 3153 de

1992 3191 2119 3247 fide.

2063 3282 2341 3337 Judicium
2378 3282 2484 3335 hoc
2517 3282 2637 3336 loco
2666 3297 2768 3350 pro
2819 3282 3283 3337 condemnatione
3336 3284 3597 3354 accipito.

1995 3376 2086 3431 Sic
2108 3376 2256 3430 enim
2287 3375 2682 3443 interpretatur
2708 3379 2903 3437 Lucas,
2973 3373 3161 3428 dicens
3200 3394 3213 3427 :
3262 3374 3444 3429 Nolite
3473 3391 3600 3428 con-

1992 3470 2262 3531 demnare,
2319 3474 2367 3519 et
2430 3480 2535 3517 non
2595 3465 3081 3517 condemnabimini
3120 3466 3187 3519 ³⁸.
3228 3464 3431 3519 Verum
3486 3466 3598 3520 nisi

1994 3562 2328 3614 condemnet
2360 3558 2483 3627 quis
2542 3572 2667 3610 eum
2734 3557 2827 3625 qui
2863 3559 3129 3626 peccavit,
3209 3560 3373 3614 veluti
3407 3560 3453 3614 is
3502 3560 3598 3630 qui

1994 3661 2194 3723 praeest
2214 3651 2685 3719 subditum,pater
2709 3648 2901 3713 ﬁlium,
2933 3660 3028 3703 aut
3047 3650 3304 3706 dominus
3332 3666 3554 3705 servum
3580 3668 3595 3705 :

1994 3743 2341 3814 augebuntur
2370 3741 2599 3795 omnino
2639 3741 2788 3805 vitia,
2832 3740 3048 3809 eritque
3079 3756 3263 3795 rerum
3318 3742 3596 3796 confusio.

1997 3834 2106 3890 Sed
2146 3834 2233 3888 bic
2264 3848 2373 3886 non
2399 3833 2640 3902 loquitur
2672 3834 2740 3885 dc
2774 3832 3091 3900 hujusmodi
3125 3834 3597 3889 condemnatioue

1995 3942 2116 3997 qua:
2135 3928 2337 3981 bonum
2378 3934 2546 3987 amat,
2582 3933 2638 3977 et
2664 3925 2810 3994 quod
2845 3940 3073 3994 pravum
3111 3934 3195 3979 cst
3232 3926 3480 3998 corrigit.
3538 3926 3596 3979 lu

1996 4019 2360 4088 sequentibus
2390 4018 2537 4071 enim
2569 4018 2728 4087 jubet
2751 4020 2916 4071 etiam
2943 4033 3178 4088 arguere
3204 4019 3308 4071 hoc
3335 4020 3502 4073 modo
3534 4036 3597 4074 uc

2000 4111 2172 4182 ligare
2207 4128 2220 4164 :
2285 4109 2407 4175 Abi,
2439 4110 2637 4179 inquit.
2670 4117 2717 4162 et
2751 4125 2917 4178 argue
2970 4109 3191 4175 eum“;
3224 4117 3280 4163 et
3329 4124 3547 4163 rursum
3582 4127 3598 4165 :

1999 4204 2338 4275 Quaecunque
2394 4204 2689 4275 ligaveritis
2748 4220 2911 4273 super
2968 4212 3169 4255 terram
3222 4213 3376 4256 erunt
3429 4204 3599 4273 ligata

293 4296 350 4348 δὲ
384 4296 413 4348 ὁ
441 4295 602 4362 λόγος
629 4295 691 4348 οὐ
722 4295 859 4366 πρὸς
889 4296 1005 4367 (37)
1054 4299 1183 4360 τοὺς
1235 4298 1506 4370 ἄρχοντάς
1558 4304 1726 4369 ἐστιν,
1757 4305 1896 4359 ἀλλὰ

1999 4300 2057 4352 in
2110 4299 2239 4352 cwlo
2266 4299 2333 4352 “.
2366 4296 2466 4352 llic
2516 4306 2701 4351 autem
2736 4310 2920 4349 sermo
2952 4310 3062 4348 non
3095 4295 3162 4348 ad
3191 4310 3288 4348 eos
3327 4294 3419 4364 qui
3459 4311 3602 4363 pra:-

297 4389 439 4459 πρὸς
479 4390 608 4450 τοὺς
656 4389 1020 4459 ἀρχομένους,
1052 4392 1336 4463 παραινῶν
1369 4396 1444 4464 μὴ
1480 4396 1603 4448 ἀντὶ
1639 4398 1734 4451 τοῦ
1774 4398 1896 4467 βλέ-

2002 4400 2134 4447 sunt
2188 4391 2478 4462 dirigitur,
2538 4390 2634 4443 sed
2660 4390 2729 4443 ad
2775 4389 3026 4442 subditos
3063 4405 3075 4440 :
3123 4402 3357 4441 mouens
3397 4402 3468 4441 ue
3510 4388 3602 4455 qui

303 4480 529 4533 mm
552 4482 751 4545 οἰκεῖα,
779 4482 874 4533 καὶ
922 4482 1309 4548 καταδικάζειν
1358 4487 1609 4552 ἑαυτοὺς,
1636 4490 1772 4561 ὁρᾷν
1824 4492 1895 4545 τὰ

2006 4486 2225 4557 pr0pria
2258 4485 2465 4538 debent
2494 4484 2791 4552 inspicere,
2826 4497 2890 4535 ac
2928 4481 3145 4550 seipsos
3167 4480 3492 4549 diiudicare,
3522 4481 3606 4532 iu-

304 4575 584 4644 ἀλλότρια,
612 4575 705 4627 καὶ
737 4573 1097 4645 κατακρίνειν
1123 4576 1366 4645 ἐτέρους.

371 4668 513 4736 Φησὶ
560 4668 672 4737 γὰρ
702 4668 796 4720 καὶ
818 4665 1030 4732 Παῦλος
1058 4669 1086 4721 ὁ
1140 4669 1458 4736 ἀπόστολος,
1488 4673 1570 4727 ὅτι
1629 4678 1700 4729 El
1735 4677 1894 4745 ἐκρίο

300 4775 490 4828 roger
546 4758 821 4824 ἑαυτοὺς,
863 4761 973 4814 οὐκ
1035 4759 1111 4813 ἂν
1167 4760 1537 4833 ἐκρινόμεθα.
1591 4768 1745 4821 Ἔστι
1775 4771 1831 4823 δὲ
1865 4773 1893 4825 ὁ

302 4852 458 4918 λόγος
492 4852 587 4903 καὶ
612 4851 749 4920 πρὸς
780 4852 907 4914 τοὺς
935 4851 1151 4921 μεγάλα
1176 4853 1276 4923 μὲν
1324 4856 1766 4926 ἁμαρτάνοντας,
1789 4880 1891 4915 και

296 4944 654 5014 τακρίνοντας
683 4943 739 4995 δὲ
774 4946 900 5005 τοὺς
933 4947 1105 5014 μικρά
1130 4944 1561 5016 σφαλλομένους.
1586 4951 1750 5015 Λέγει
1777 4956 1889 5025 γὰρ

296 5035 500 5106 ἐφεξῆς
521 5054 535 5067 ·
576 5036 637 5089 Τί
659 5035 915 5102 βλέπεις
946 5035 1013 5088 τὸ
1053 5036 1281 5106 κάρφος
1306 5040 1373 5091 τὸ
1391 5038 1461 5093 ἐν
1491 5040 1572 5107 τῷ
1605 5044 1895 5115 ὀφθαλμῷ

296 5127 404 5180 τοῦ
432 5126 702 5196 ἀδελφοῦ
723 5142 863 5190 σου,
887 5126 1001 5194 τὴν
1018 5125 1085 5180 δὲ
1106 5128 1176 5180 ἐν
1191 5127 1271 5193 τῷ
1287 5127 1377 5192 σῷ
1401 5131 1690 5203 ὀφθαλμῷ
1712 5134 1897 5189 δοκὸν

408 5312 452 5340 ⁸⁸
473 5311 641 5363 Amos
666 5326 746 5368 ιιι,
792 5310 842 5362 6.

959 5311 1001 5341 ν
1034 5310 1140 5368 lsa.
1194 5329 1317 5378 ην,
1357 5317 1411 5372 7.

306 5384 388 5435 lii.
474 5382 518 5411 ³²
552 5380 684 5433 ibid.
722 5380 807 5433 18.

894 5380 939 5412 ³³
966 5381 981 5434 l
1010 5382 1137 5435 Cor.
1165 5400 1238 5449 st,
1265 5386 1353 5439 5i.

1525 5324 1571 5356 "
1597 5324 1790 5380 Matth.
1821 5343 1972 5395 mn,
2014 5328 2067 5381 5.

2030 4580 2273 4649 spici-ant
2297 4576 2497 4639 aliena,
2530 4591 2593 4627 ac
2616 4573 2926 4642 diiudicent
2952 4572 3108 4624 aiios.

2075 4671 2212 4726 Nam
2234 4682 2291 4724 et
2309 4668 2514 4723 Paulus
2544 4666 2825 4736 apostolus
2862 4664 2996 4719 dicit
3030 4682 3045 4719 :
3084 4663 3141 4718 Si
3166 4680 3259 4717 nos
3278 4664 3417 4731 ipsos
3452 4663 3602 4730 diju-

2003 4766 2329 4826 dicaremus,
2365 4776 2700 4830 nequaquam
2730 4758 3159 4820 diiudicaremur
3223 4756 3293 4808 ³³.
3336 4754 3600 4823 Dirigitur

2002 4873 2223 4929 quoque
2256 4868 2439 4910 sermo
2465 4864 2522 4907 et
2546 4853 2614 4907 ad
2660 4866 2755 4906 eos
2800 4850 2893 4919 qui
2924 4864 3047 4906 eum
3080 4851 3135 4903 in
3165 4850 3466 4917 majoribus
3520 4846 3607 4900 ot"-

2007 4955 2256 5015 l'enilant,
2306 4949 2677 5004 condemnant
2709 4959 2805 4999 eos
2860 4944 2951 5013 qni
2995 4944 3049 4996 in
3082 4942 3268 5013 parvis
3322 4942 3601 4996 labuntur.

2009 5048 2153 5103 Dicit
2183 5045 2333 5100 enim
2375 5042 2562 5097 statim
2609 5039 2664 5092 in
2703 5037 3066 5107 sequentibus
3102 5056 3115 5089 :
3174 5035 3313 5100 Quid
3387 5035 3608 5103 inspicis

2006 5141 2267 5209 festucam
2333 5137 2388 5189 in
2462 5131 2612 5187 oculo
2652 5130 2840 5200 fratris
2892 5130 2990 5194 tui,
3035 5128 3234 5181 trabem
3261 5137 3441 5180 autem
3489 5140 3608 5195 qua

3148 5314 3187 5345 ³³
3219 5311 3407 5366 Matth.
3452 5323 3605 5375 xvttt,

2183 5327 2230 5357 ”
2268 5324 2404 5378 iliid.
2443 5323 2472 5372 7
2609 5322 2653 5351 ³ο
2686 5319 2913 5377 l.ttc.vi,

1507 5501 1707 5563 Variae
1738 5501 2048 5565 lectiones
2089 5512 2150 5564 et
2182 5512 2378 5564 notae.

377 5663 487 5733 (56)
525 5662 736 5733 Inclusa
767 5662 820 5715 iu
863 5664 1105 5733 margine
1138 5664 1299 5718 habet
1328 5664 1392 5716 A.
1458 5664 1661 5719 Eailem
1706 5668 1759 5721 in
1798 5666 1905 5720 line

308 5732 475 5805 hujus
516 5732 709 5788 scholii
747 5732 1021 5802 adjeccrat
1060 5732 1384 5796 l‘lentenius.
1417 5733 1603 5790 itidem
1642 5753 1705 5790 ex
1750 5753 1897 5791 mar-

2016 5668 2141 5738 gine
2171 5667 2251 5721 sui
2281 5667 2505 5738 codicis.

2082 5738 2193 5809 (57)
2231 5738 2375 5801 τούς,
2416 5737 2571 5793 abest
2598 5755 2661 5790 is.
2698 5745 2771 5789 tta
2800 5748 3014 5804 quoque
3046 5732 3210 5803 paulo
3234 5742 3375 5803 post.
