4026 6500
506 354 612 416 263

1720 338 2100 400 EUTilYMlI
2154 332 2519 397 ZlGABENI

3658 326 3767 389 2’35

504 464 578 518 mi
601 461 925 532 aegritudine
958 457 1234 529 quidpiam
1265 455 1332 510 ad
1362 454 1504 507 bene
1545 448 1882 520 operandum
1915 446 2071 515 petit,

2207 444 2343 495 ,ίτῶν
2382 446 2439 497 ὲν
2486 444 2551 513 τῇ
2610 443 2890 512 πρακτικῇ
2943 440 3253 512 φιλοσοφίᾳ,
3296 440 3565 510 λαμϐάνει
3598 440 3769 508 χάριν

506 553 736 626 gratiam
763 551 961 621 accipit
996 548 1214 603 virtutis
1236 547 1303 600 ad
1351 543 1730 614 operationem
1772 546 2077 609 praecepto-

508 659 649 698 rum.
677 643 742 697 Et
765 644 856 713 qui
885 644 1087 709 absque
1117 638 1283 692 animi
1312 634 1749 705 perturbatione,
1772 627 2079 701 quaeritali-

506 735 636 803 quid
662 734 714 786 in
739 742 945 785 naturae
982 728 1377 799 speculatione,
1404 726 1615 779 invenit
1647 737 1827 776 rerum
1874 719 2077 773 verita-

514 833 649 877 tem.
702 823 973 875 Praeterea
1003 821 1096 889 qui
1139 818 1322 871 animo
1348 832 1459 870 non
1496 821 1791 875 commoto,
1840 810 2081 864 scientiae

506 915 726 985 ianuam
761 912 941 981 pulsat
963 912 1015 963 in
1043 909 1347 979 theologica
1374 906 1681 975 disciplina,
1707 904 1985 974 aperietur
2016 899 2080 964 ei

508 1004 744 1073 cognitio
765 1002 1166 1056 reconditorum
1212 998 1613 1067 mysteriorum.
1655 994 1758 1059 Qui
1800 1007 1928 1045 vero
1962 990 2083 1043 ani-

510 1104 621 1151 mo,
656 1088 833 1157 aliqua
858 1086 1147 1140 affectione
1182 1084 1497 1154 perturbato
1528 1082 1683 1150 petit,
1740 1078 1936 1147 quaerit
1990 1081 2086 1129 aut

508 1179 708 1248 pulsat,
738 1192 848 1230 non
871 1184 1261 1244 consequetur.
1326 1171 1519 1225 Petitis
1577 1170 1742 1234 enim,
1778 1164 1973 1236 inquit,
2035 1173 2084 1219 et

511 1284 615 1321 non
646 1269 902 1335 accipitis,
934 1283 993 1320 eo
1027 1266 1164 1335 quod
1195 1262 1333 1317 Male
1359 1262 1552 1331 petatis
1578 1261 1647 1315 ".

590 1357 709 1411 Haec
767 1358 819 1409 in
852 1353 1318 1409 confirmationem
1360 1350 1734 1419 promissionis
1752 1348 1959 1403 addidit
1986 1366 1999 1401 :
2030 1354 2088 1400 ut

513 1451 562 1503 si
596 1465 705 1501 non
744 1448 926 1501 statim
963 1445 1265 1513 acceperis,
1307 1459 1376 1497 ne
1399 1444 1654 1504 desistas,
1692 1441 1785 1495 sed
1832 1454 2087 1509 perseve-

513 1554 601 1592 res
637 1553 699 1591 ac
729 1538 1046 1590 incalescas.
1099 1534 1225 1589 Ideo
1254 1535 1399 1588 enim
1434 1549 1543 1586 non
1589 1532 1771 1587 statim
1811 1531 1902 1584 dat
1941 1529 2085 1599 quod

510 1628 671 1696 petis,
699 1638 754 1678 ut
777 1641 991 1694 quaeras
1028 1642 1041 1690 ;
1083 1634 1139 1678 et
1168 1624 1370 1678 idcirco
1408 1638 1516 1676 non
1553 1622 1735 1675 statim
1801 1620 1975 1689 aperit
1998 1621 2087 1688 ja-

514 1731 677 1768 nuani
735 1724 793 1768 ut
827 1716 1029 1784 pulses.
1060 1715 1217 1781 Apud
1267 1714 1518 1766 homines
1572 1712 1738 1776 enim,
1803 1712 1846 1764 si
1888 1725 2086 1780 urgens

514 1805 866 1873 petitionibus
897 1805 1138 1864 insistas,
1172 1818 1265 1856 eos
1301 1802 1365 1855 ad
1397 1802 1530 1854 iram
1580 1815 1843 1868 provocas
1881 1819 1893 1853 :
1943 1803 2087 1869 apud

515 1896 678 1948 Deum
715 1909 863 1957 vero,
925 1895 1108 1962 potius
1157 1909 1283 1947 eum
1346 1894 1559 1958 irritas,
1590 1891 1697 1944 nisi
1739 1892 1843 1944 hoc
1900 1890 2091 1944 facias.

512 1984 645 2038 Nam
697 1984 937 2052 exquirit
973 1994 1081 2037 ate
1120 1983 1500 2037 assiduitatem
1551 1991 1607 2037 et
1646 1982 2088 2048 vehementiam;

518 2086 679 2144 teque
706 2075 823 2129 vult
852 2082 1267 2143 perseveranter
1298 2073 1462 2127 simul
1489 2088 1553 2127 ac
1594 2073 1871 2127 ferventer
1888 2084 2091 2143 petere.

516 2167 619 2232 Qui
653 2167 800 2220 enim
831 2170 987 2235 petit,
1015 2181 1115 2219 nec
1147 2166 1372 2234 accipit,
1433 2174 1528 2219 aut
1557 2164 1779 2233 indigne
1814 2166 1971 2233 petit,
2002 2175 2096 2219 aut

515 2274 628 2311 non
661 2266 994 2326 perseverat.
1014 2266 1108 2310 aut
1125 2256 1306 2326 tepide
1330 2257 1484 2326 petit.
1504 2255 1640 2309 Nam
1664 2256 1765 2309 tria
1796 2257 1907 2310 hth
1930 2271 2095 2325 oper;-

521 2362 593 2404 tet
625 2356 983 2403 concurrere.

588 2528 742 2582 Vers.
765 2526 815 2581 9.
831 2528 909 2580 Au
942 2527 1219 2595 quisquam
1250 2524 1389 2578 —-V.
1419 2524 1501 2579 I0.
1532 2525 1623 2579 Illi
1647 2525 1673 2578 7
1698 2526 1857 2581 Ponit
1880 2542 2096 2582 rursum

519 2614 1011 2668 considerationem
1041 2614 1169 2666 facti
1192 2614 1419 2667 humani
1456 2632 1469 2667 :
1502 2624 1557 2667 et
1580 2616 1647 2669 ab
1664 2618 1918 2684 exemplo
1946 2616 2101 2670 audi-

523 2714 696 2757 torem
731 2703 955 2766 inducit,
1003 2714 1060 2754 ut
1098 2703 1182 2755 his
1252 2718 1373 2772 qua
1423 2704 1566 2757 dicta
1630 2713 1757 2757 sunt
1817 2690 2099 2761 assentiat.

520 2793 753 2861 Oportet
782 2802 963 2847 autem
1002 2802 1057 2846 et
1095 2802 1373 2863 petentem
1407 2794 1578 2848 ﬁlium
1612 2810 1753 2863 esse,
1802 2806 1859 2851 et
1914 2807 2102 2867 petere

522 2900 642 2952 qua:
668 2895 872 2953 patrem
891 2885 1110 2953 quidem
1132 2884 1283 2948 dare,
1320 2885 1489 2939 ﬁlium
1520 2897 1702 2943 autem
1732 2889 1984 2957 accipere
2009 2889 2105 2944 de~

523 2983 663 3025 ceat.

2181 532 2461 601 δυνάμεως
2522 532 2601 594 είς
2654 531 2853 597 πρᾶξιν
2905 530 3014 582 τῶν
3074 531 3338 583 ἐντολῶν*
3376 530 3470 582 καὶ
3514 530 3542 580 ὀ
3581 529 3769 597 ζητῶν

2182 624 2408 687 ἀπαθῶς
2447 625 2504 675 ἐν
2531 626 2597 692 τῇ
2639 624 2848 692 φυσικῇ
2904 621 3132 692 θεωρίᾳ,
3170 623 3393 691 εὑρήσει
3422 622 3523 690 τὴν
3561 622 3619 671 ὲν
3651 621 3772 681 τοῖς

2180 713 2331 769 οὖσιν
2370 716 2625 784 ἀλήθειαν
2644 730 2657 743 ·
2692 716 2788 767 καὶ
2816 713 2895 783 τῷ
2926 714 3180 782 κρούοντι
3207 712 3435 774 ἀπαθῶς
3459 713 3561 781 τὴν
3591 711 3769 781 θύραν

2181 807 2283 873 τῆς
2320 804 2575 873 γνώσεως
2609 807 2668 857 ὲν
2707 806 2773 873 τῇ
2812 802 3098 872 θεολογικῇ
3152 802 3530 871 μυσταγωγίᾳ,
3555 799 3773 866 ἀνοιγήο

2186 912 2337 947 σεται
2376 898 2409 964 ἠ
2446 893 2646 960 γνῶσις
2692 895 2802 946 τῶν
2858 895 3197 962 ἀποκρύφων
3245 893 3585 962 μυστηρίων.
3619 892 3678 943 Ὀ
3710 890 3773 941 δὲ

2188 984 2328 1052 μετά
2360 1001 2504 1046 τινος
2543 984 2748 1043 πάθους
2798 982 3049 1051 αἰτῶν,ἦ
3084 981 3288 1051 ζητῶν,
3329 981 3361 1051 ἢ
3408 980 3642 1051 κρούων,
3668 980 3773 1031 οὐκ

2182 1076 2546 1140 ἑπιτεύξεται.
2577 1076 2802 1131 Αἰτεῖτε
2827 1075 2969 1144 γὰρ,
2993 1076 3150 1144 φησὶ,
3185 1074 3281 1127 καί
3307 1076 3379 1127 οὺ
3409 1072 3771 1142 λαμϐάνετε,

2185 1167 2335 1221 διότι
2362 1169 2552 1229 κακῶς
2587 1164 2895 1237 αἰτεῖσθε]

2257 1342 2442 1394 Ταῦτα
2459 1341 2512 1394 δὲ
2528 1341 2870 1410 προσέθηκεν
2884 1342 2960 1404 εἰς
2978 1340 3270 1409 βεϐαίωσιν
3286 1340 3379 1409 τῆς
3402 1340 3775 1409 ὑποσχέσεως,

2187 1433 2293 1496 ἵνα,
2313 1432 2362 1485 εί
2379 1432 2453 1502 μὴ
2483 1431 2795 1501 παραυτίκα
2808 1432 2999 1502 λάὸῃς,
3025 1431 3097 1499 μὴ
3122 1430 3389 1498 ἀποστῇς,
3423 1430 3537 1481 ἀλλ’
3560 1429 3778 1495 ἐπιμεί-

2188 1537 2283 1592 νῃς
2326 1523 2419 1573 καὶ
2454 1521 2787 1590 θερμανθῇς.
2830 1522 2930 1571 Διά
2973 1519 3131 1571 τοῦτο
3168 1519 3274 1586 γὰρ
3320 1517 3601 1580 αἰτοῦντος
3633 1516 3774 1587 (45),

2187 1612 2287 1663 οὐκ
2358 1610 2519 1673 εὐθὺς
2582 1610 2818 1675 δίδωσιν,
2867 1612 2954 1663 ἵνα
3000 1596 3277 1679 ξητήσης·
3333 1611 3430 1661 καὶ
3481 1611 3570 1661 διὰ
3609 1608 3775 1661 τοῦτο

2190 1702 2289 1754 ούκ
2342 1701 2544 1761 εὐθέως
2582 1702 2788 1768 ἀνοίγει
2823 1702 2923 1769 τὴν
2962 1701 3153 1770 θύραν,
3201 1700 3288 1752 ἵνα
3339 1700 3601 1771 κρούσῃς.
3647 1700 3779 1752 Ἐπὶ

2198 1793 2295 1861 μὲν
2332 1796 2439 1861 γὰρ
2469 1791 2793 1861 ἀνθρώπων,
2832 1794 2926 1843 ἐὰν
2963 1790 3248 1860 ἐπιμείιιῃς
3295 1791 3618 1860 ἐγκείμενος
3654 1793 3780 1852 ταῖς

2194 1884 2468 1952 αἰτήσεσι,
2523 1883 2882 1952 παροργίζεις
2941 1883 3173 1945 αύτούς·
3217 1883 3312 1936 ἐπὶ
3359 1883 3418 1933 δὲ
3465 1882 3559 1935 τοῦ
3615 1881 3778 1947 Θεοῦ,

2200 1975 2277 2042 μᾶ
2300 1974 2398 2026 λον
2440 1974 2903 2044 παραπικραίνεις
2936 1974 3121 2037 αὑτὸν,
3144 1974 3241 2026 ἐὰν
3274 1974 3351 2041 μὴ
3381 1973 3539 2024 τοῦτο
3592 1975 3720 2039 ποεῇ
3736 1990 3778 2032 ς.

2198 2068 2492 2137 Δοκιμάζει
2524 2069 2632 2138 γάρ
2652 2085 2746 2121 σου
2766 2068 2863 2137 τὴν
2892 2068 3141 2119 εὐτονίαν
3172 2069 3266 2119 καὶ
3289 2067 3388 2136 τὴν
3416 2066 3782 2135 σφοδρότητα,

2200 2165 2294 2214 καὶ
2333 2162 2590 2229 βούλεταί
2633 2179 2690 2213 σε
2724 2163 2893 2214 αἰτεῖν
2923 2148 3198 2229 ὲπιμόνως
3236 2161 3351 2230 ἅμα
3393 2162 3487 2212 καὶ
3537 2160 3784 2230 θερμῶς,

2200 2254 2292 2306 καὶ
2329 2254 2543 2315 πάντως
2565 2252 2799 2306 δίδωσιν.
2837 2252 2895 2306 Ὀ
2924 2253 3033 2322 γάρ
3066 2254 3299 2321 αἰτήσας
3347 2254 3439 2305 καὶ
3474 2252 3549 2320 μὴ
3575 2250 3781 2312 λαϐὼν,

2200 2345 2233 2413 ἢ
2252 2344 2485 2409 ἀναξίως
2500 2344 2774 2413 ᾔτησεν,ἢ
2796 2346 2896 2397 ούκ
2927 2345 3291 2413 ὲπέμεινεν,ἢ
3319 2343 3557 2413 χλιαρὼς
3588 2342 3783 2412 ᾔτησε.

2201 2437 2293 2487 Δεῖ
2314 2433 2422 2504 γὰρ
2451 2434 2778 2505 συνδραμεῖν
2808 2435 2875 2488 τὰ
2910 2436 3056 2505 τρία.

2275 2528 2351 2580 Ἦ
2372 2527 2463 2591 τίς
2490 2526 2739 2591 -αὐτῷ
2758 2542 2777 2590 ;
2798 2526 2995 2596 Τίθησι
3024 2528 3183 2579 πάλιν
3215 2528 3477 2595 λογισμὸν
3509 2528 3787 2595 ἀνθρωπί-

2204 2637 2296 2673 νου
2338 2623 2685 2691 πράγματος,
2717 2623 2815 2673 καὶ
2838 2622 2945 2675 ἀπὸ
2975 2620 3422 2690 παραδείγματος
3466 2622 3651 2686 ἕνάγει
3692 2620 3788 2672 τὸν

2204 2712 2479 2781 ἀκροατὴν
2512 2712 2591 2774 είς
2629 2712 2691 2764 τὸ
2743 2712 2991 2783 θαρρεῖν,
3030 2713 3159 2780 περὶ
3202 2705 3277 2762 ὧν
3321 2711 3534 2781 εἴρηκε.
3573 2709 3694 2778 Χρὴ
3728 2709 3787 2761 δὲ

2206 2798 2624 2863 τδνάίτοῦντα,
2667 2800 2766 2851 καὶ
2811 2799 2926 2851 υίὸν
2980 2794 3264 2861 cingunt
3309 2800 3482 2850 αἰτεῖν
3530 2798 3675 2866 ἆπερ
3708 2795 3787 2864 τῷ

2208 2892 2377 2959 πατρὶ
2394 2890 2493 2959 μὶν
2517 2892 2717 2961 πρέπει
2739 2890 2945 2952 δοῦναι,
2974 2890 3051 2959 τῷ
3086 2888 3187 2956 υίῷ
3207 2890 3260 2942 δὲ
3288 2888 3557 2957 συμφέρει
3576 2887 3786 2938 λαϐεῖν.

595 3061 751 3116 Vers.
785 3061 939 3117 ιι.δά
957 3091 1026 3102 -
1046 3065 1110 3117 ab
1133 3081 1191 3118 eo
1214 3066 1238 3119 τ
1257 3064 1423 3118 Malos
1437 3064 1585 3134 ipsos
1602 3065 1757 3132 dixit,
1777 3082 1887 3121 non
1907 3067 2098 3123 huma-

2280 3064 2351 3115 El
2370 3090 2438 3101 -—
2456 3062 2678 3126 actor;
2700 3063 2977 3132 Πονηροῦς
2997 3061 3194 3123 αὐτοὺς
3216 3052 3389 3125 εἶπεν,
3403 3061 3465 3113 ού
3486 3060 3790 3114 διαϐάλλων

524 3167 647 3205 nam
672 3153 1059 3208 calumniando
1090 3164 1365 3222 naturam,
1393 3156 1489 3210 sed
1516 3157 1582 3210 ad
1608 3156 1975 3213 ditferentiam
2007 3160 2106 3215 bo-

525 3244 715 3297 nitatis
748 3245 967 3310 divina;
999 3246 1237 3300 humana
1268 3262 1502 3316 namque
1520 3246 1737 3302 bonitas
1756 3248 1823 3302 ad
1842 3249 2103 3316 divinam,

526 3335 733 3389 malitia
768 3351 889 3389 esse
913 3337 1148 3401 videtur;
1184 3347 1442 3407 tantaque
1470 3348 1555 3391 est
1586 3340 1779 3392 harum
1806 3339 2103 3406 distinctio,

524 3432 788 3496 quantum
835 3430 999 3485 homo
1027 3429 1258 3484 diﬂerta
1289 3434 1419 3483 Deo.
1442 3431 1743 3485 Considera
1786 3447 1938 3497 vero,
1968 3449 2108 3502 quo-

526 3518 686 3570 modo
721 3534 866 3573 nunc
896 3522 1115 3589 quidem
1150 3523 1471 3576 exhortatur
1505 3524 1572 3576 ad
1604 3524 1849 3581 studiose
1876 3540 2109 3592 oper-an.

527 3610 681 3671 dum,
715 3621 867 3664 nunc
894 3621 1074 3665 autem
1107 3627 1263 3665 orare
1294 3614 1570 3677 admonet;
1605 3630 1819 3668 rursum
1843 3631 1989 3669 nunc
2041 3617 2110 3669 ab

530 3700 633 3755 hoc
655 3702 717 3753 ad
744 3702 873 3755 illud
905 3705 1162 3765 transire,
1182 3719 1329 3757 nunc
1356 3719 1483 3768 vero
1502 3705 1570 3759 ab
1597 3705 1688 3758 illo
1706 3706 1773 3759 ad
1797 3706 1965 3761 istud.
1994 3707 2110 3763 Hoc

526 3802 707 3845 autem
742 3793 867 3847 facit
895 3796 1121 3869 docens,
1150 3798 1292 3863 quod
1340 3811 1518 3865 neque
1539 3798 1606 3851 de
1638 3798 1754 3851 solo
1776 3798 1921 3852 bono
1944 3814 2109 3869 opere

527 3897 747 3936 securos
771 3899 891 3937 esse
923 3868 1193 3954 Oporteat,
1231 3901 1411 3955 neque
1432 3903 1652 3941 rursum
1681 3890 1747 3942 de
1770 3891 1883 3943 sola
1901 3868 2108 3944 oratio-

530 3987 618 4031 ne,
652 3977 745 4026 sed
776 3985 827 4027 et
860 3991 982 4044 quae
1027 3987 1214 4030 nastra
1273 3988 1403 4031 sunt
1446 3981 1816 4043 conferamus,
1872 3990 1928 4034 et
1955 3982 2110 4035 coeli-

527 4070 615 4115 tus
693 4066 953 4118 auxilium
1030 4068 1405 4135 imploremus.
1461 4069 1588 4122 Haec
1690 4071 1836 4123 enim
1921 4085 2112 4127 mutuo

528 4154 727 4206 auxilio
773 4155 1093 4223 pugnantia,
1162 4170 1487 4225 prOSperum
1563 4158 1840 4213 habebunt
1897 4176 2113 4216 succes-

528 4256 671 4294 sum.

602 4334 755 4387 Vers-
784 4335 869 4388 12.
896 4334 1085 4391 Omnia
1117 4369 1186 4377 —
1216 4341 1362 4407 ipsis.
1416 4342 1614 4397 Omnia
1670 4360 1790 4413 qua:
1841 4346 1992 4415 prius
2042 4348 2109 4401 de

2207 3152 2309 3222 τὴν
2340 3152 2687 3222 ἀνθρωπίνην
2710 3152 2894 3220 φύσιν,
2929 3151 3063 3203 ἀ).λά
3096 3151 3230 3221 πρὸς
3258 3151 3665 3219 ἀντιδιαστολὴν
3688 3153 3791 3220 τῆς

2206 3240 2544 3310 ἀγαθότητος
2576 3240 2669 3292 τοῦ
2695 3239 2853 3294 Θεοῦ.
2882 3241 2945 3292 Ἦ
2974 3240 3080 3309 γὰρ
3122 3236 3439 3308 ἀνθρωπίνη
3487 3240 3790 3307 ἀγαθότης,

2208 3332 2344 3402 πρὸς
2364 3332 2459 3399 τὴν
2495 3330 2666 3391 θείαν,
2693 3330 2860 3382 κακία
2883 3330 3049 3392 δοκεῖ,
3075 3332 3167 3380 καὶ
3197 3327 3451 3380 τοσοῦτον
3491 3330 3695 3397 ἀμφοῖν
3730 3328 3797 3381 τὸ

2207 3422 2485 3491 διάφορον,
2528 3422 2650 3473 ὅσον
2682 3419 2976 3489 ἀνθρώπου
3032 3420 3169 3489 πρὸς
3210 3419 3363 3472 Θεόν.
3394 3421 3537 3490 Ὅρα
3575 3420 3633 3473 δὲ
3674 3421 3793 3483 πῶς

2210 3518 2340 3570 ποτὲ
2373 3518 2470 3588 μὲν
2508 3518 2879 3587 προτρέπεται
2910 3516 3242 3587 ἐργάζεσθαι
3268 3518 3369 3587 τὴν
3397 3518 3619 3586 ἀρετὴν,
3658 3517 3793 3569 ποτὶ

2210 3607 2267 3659 δὲ
2307 3609 2565 3675 παραινεῖ
2600 3604 2875 3674 εὔχεσθαι.
2900 3607 3008 3658 Καὶ
3046 3604 3143 3657 νῦν
3172 3606 3271 3674 μὲν
3300 3607 3396 3658 ἀπ’
3422 3605 3631 3658 ἐκείνου
3656 3606 3794 3674 πρδς

2211 3695 2368 3750 τοῦτο
2409 3695 2759 3765 μεταϐαίνει⁸
2793 3692 2889 3745 νῦν
2935 3695 2991 3746 δὲ
3046 3694 3153 3745 ἀπὸ
3186 3694 3377 3746 τούτου
3430 3694 3565 3765 πρὸς
3612 3696 3795 3746 ἐκεῖνο

2216 3788 2543 3857 μεταχωρεῖ.
2580 3785 2751 3837 Τοῦτο
2775 3785 2830 3835 δὲ
2884 3787 3050 3847 ποιεῖ,
3089 3783 3379 3846 διδάσκων,
3428 3784 3509 3836 ὅτι
3555 3781 3681 3835 οὔτε
3725 3788 3795 3853 τῇ

2213 3880 2390 3947 οίκείᾳ
2425 3876 2626 3947 σπουδῇ
2660 3878 2927 3947 προσήκει
2962 3876 3098 3945 μόνῃ
3136 3874 3382 3946 θαρρεῖν,
3408 3873 3530 3927 οὕτε
3561 3876 3698 3945 μόνῃ
3726 3878 3795 3946 τῇ

2213 3972 2344 4040 εί)χῇ
2372 3970 2556 4031 πάλιν,
2595 3970 2733 4021 αλλά
2760 3971 2854 4021 καὶ
2879 3968 2944 4020 τὰ
2968 3968 3099 4037 παρ’
3138 3967 3349 4020 ἑαυτῶν
3392 3967 3794 4035 συνεισφέρειν.

2215 4064 2307 4114 καὶ
2335 4065 2433 4131 τὴν
2478 4062 2684 4114 ἄνωθεν
2714 4059 3095 4113 ἐπικαλεῖσθαι
3128 4059 3406 4129 βοήθειαν.
3427 4060 3505 4113 Δι’
3545 4060 3799 4130 ἀλλήλων

2214 4153 2322 4225 γάρ
2349 4156 2523 4207 ταῦτα
2554 4153 2995 4223 συμμαχούμενα
3017 4150 3434 4221 κατορθοῦνται.

2286 4331 2485 4384 Πάντα
2516 4360 2582 4369 -
2616 4330 2837 4393 αὐτοῖς.
2904 4330 3041 4382 Ὅσα
3073 4329 3201 4399 περὶ
3236 4329 3454 4397 ἀγάπης
3509 4326 3800 4395 προλαεὼν

529 4421 825 4478 dilectione
857 4435 1144 4491 statuerat,
1182 4429 1335 4484 brevi
1389 4448 1538 4488 nunc
1580 4435 1748 4489 verbo
1786 4439 2098 4493 summatim

2211 4423 2597 4493 ἐνομοθέτησε,
2628 4424 2800 4474 πάντα
2854 4421 2948 4473 νῦν
2998 4423 3055 4472 ὲν
3087 4420 3166 4490 τῷ
3216 4420 3410 4491 βραχεῖ
3449 4419 3622 4487 τούτῳ
3655 4419 3803 4489 λόγῳ

537 4513 774 4583 collegit,
793 4531 857 4569 ac
881 4519 1158 4572 succincte
1180 4521 1388 4585 docuit,
1422 4539 1634 4593 ponens
1668 4542 1782 4579 rem
1815 4528 2028 4583 facilem
2053 4545 2118 4596 ac

536 4604 925 4673 iustissimam:
964 4608 1177 4673 Omnia,
1200 4612 1393 4688 inquit,
1415 4621 1747 4686 gquwcunque
1772 4618 2041 4675 volueritis
2061 4632 2115 4676 ut

531 4699 731 4765 faciant
758 4701 901 4753 vobis
925 4702 1247 4769 homines,et
1284 4722 1371 4758 vos
1418 4708 1579 4777 facile
1611 4709 1757 4777 ipsis.
1807 4711 1880 4765 Ita
1933 4723 2117 4769 autem

533 4790 649 4843 haec
692 4792 825 4860 ipsis
857 4792 1037 4856 facile,
1075 4796 1217 4849 sicut
1258 4798 1416 4851 vultis
1443 4809 1502 4853 ut
1537 4799 1639 4867 ipsi
1700 4802 1852 4855 vobis
1889 4803 2113 4859 faciant.

532 4880 599 4935 Et
630 4883 734 4936 hoc
758 4885 899 4937 idem
925 4896 1028 4941 est.
1058 4890 1200 4955 quod
1243 4904 1427 4943 amare
1456 4891 1762 4958 proximum
1790 4893 1932 4949 sicut
1956 4910 2016 4950 se
2036 4898 2119 4966 ip-

532 4988 673 5028 sum.
712 4976 837 5031 Ideo
868 4979 1031 5032 etiam
1061 4980 1321 5034 subdidit.

604 5151 757 5210 Vers.
800 5160 885 5212 i2.
914 5162 998 5216 Ita
1040 5194 1105 5203 —-
1135 5165 1421 5233 prop/tetra.
1457 5164 1535 5219 lta
1568 5166 1653 5220 lex
1695 5179 1856 5224 vetus
1899 5180 1955 5225 et
1989 5188 2108 5242 pro-

642 5317 686 5349 ³⁸
718 5317 833 5371 Jac.
865 5335 938 5385 tv,
961 5322 1012 5373 5.

2220 4510 2751 4580 ἀνεκεφαὶαιώσατο,
2815 4511 2905 4563 καὶ
2960 4512 3240 4576 συντόμως
3302 4509 3508 4572 ἐδίδαξε
3564 4510 3804 4578 πρᾶγμα

2218 4603 2402 4675 ῥᾴδιόν
2432 4619 2490 4653 τε
2520 4602 2615 4655 καὶ
2640 4602 2999 4663 δικαιότατον,
3035 4601 3226 4664 εἰπὼν,
3260 4603 3341 4653 ὅτι
3396 4601 3621 4663 Πάντα,
3680 4600 3806 4653 ὅσα

2219 4694 2297 4748 ἂν
2329 4696 2567 4761 θέλητε,
2599 4695 2699 4746 ἵνα
2740 4692 2996 4746 ποιῶσιν
3050 4693 3194 4763 ὑμῖν
3225 4696 3279 4745 οἱ
3337 4693 3659 4761 ἅνθρωποι,
3702 4694 3805 4745 καί

2217 4787 2387 4855 ὑμεῖς
2446 4786 2685 4850 ποιεῖτε,
2719 4785 2943 4849 αὐτοῖς.
2977 4783 3133 4836 Οὗτω
3163 4784 3219 4837 δὲ
3246 4785 3432 4848 αὐτοῖς
3462 4785 3634 4839 ταῦτα
3676 4802 3805 4837 ποιά

2220 4882 2351 4944 εῖτε,
2397 4879 2470 4942 ὡς
2525 4878 2709 4930 θέλετε
2767 4878 3012 4939 ἐκείνους
3055 4877 3167 4946 (Η)
3209 4878 3380 4929 ταῦτα
3439 4880 3610 4930 ποιεῖν
3644 4878 3801 4943 ὑμῖν,

2220 4973 2355 5041 ὅπερ
2385 4971 2581 5024 ταύτόν
2614 4972 2751 5035 ἐστι,
2791 4969 2868 5039 τῷ
2900 4972 3121 5041 ἀγαπᾷν
3154 4971 3246 5021 τὸν
3282 4970 3533 5040 πλησίον,
3570 4971 3643 5033 ὼς
3666 4971 3801 5024 tau.

2221 5065 2333 5118 τόν.
2368 5064 2458 5116 Διὸ
2486 5063 2577 5116 καὶ
2606 5063 2910 5131 ἐπήγαγενο

2304 5153 2895 5223 Οὕτως-προφῆται.
2961 5154 3117 5208 Οὕτω
3156 5155 3268 5226 (45)
3302 5153 3659 5224 διαλαμϐανει
3706 5156 3805 5206 καὶ

1724 5395 1918 5458 Variae
1973 5399 2275 5463 lectiones
2310 5410 2370 5464 et
2406 5416 2589 5465 notae.

607 5549 719 5617 (43)
776 5547 951 5603 Intell.
994 5568 1108 5604 σου.

604 5620 718 5688 (45)
754 5621 1061 5683 κάκείνους.
1099 5627 1160 5674 Λ.

604 5689 716 5756 (ιδ)
764 5691 865 5742 l’ro
907 5691 1097 5753 οὕτως,
1142 5692 1263 5746 dedi
1311 5691 1472 5747 οὕτω.
1528 5693 1581 5747 ln
1626 5696 1900 5766 plerisque
1953 5700 2112 5754 codd.

2210 5565 2379 5636 etiam,
2431 5575 2558 5618 ante
2614 5580 2910 5619 consonam
2959 5566 3230 5636 reperitur
3279 5566 3473 5629 οὕτως.
3524 5566 3803 5636 Euthynin

2212 5648 2341 5703 ergo
2372 5635 2753 5705 interpretatio
2783 5628 3034 5688 vinclicat'
3060 5636 3377 5699 lectionem,
3405 5628 3566 5705 quam
3600 5628 3805 5692 habent

2214 5714 2404 5756 omnes
2438 5704 2588 5771 probi
2618 5707 2856 5759 codices.
2894 5707 3021 5776 Ejus
3057 5715 3235 5759 autem
3269 5704 3562 5762 auctoritas
3594 5723 3659 5762 eo
3691 5724 3806 5762 ma-
