4026 6522
533 354 638 424 307

1764 350 2139 413 EUTHYMII
2180 351 2540 411 ZIGABENI

3665 343 3772 406 308

525 480 740 545 posset,
809 479 938 526 tunc
976 467 1140 525 etiam
1167 464 1237 522 ad
1279 464 1630 535 publicanum
1663 463 1834 529 venit,
1867 479 1936 518 ne
1984 472 2093 518 tur-

2202 463 2432 534 τελώνην
2463 463 2702 534 ἔρχεται,
2731 463 2818 516 ἵνα
2859 462 2932 533 μὴ
2963 459 3302 532 θορυϐῶνται
3337 475 3504 522 τινες,
3538 456 3768 527 βλέπον-

522 562 918 631 benturaliqui,
932 560 1178 615 videntes
1196 571 1320 613 eum
1346 555 1628 626 discipulis
1646 564 2085 618 annumeratmn,

523 654 620 710 sed
653 653 891 723 cogitent
953 651 1154 720 potius.
1211 647 1353 719 quod
1377 647 1468 718 qui
1508 647 1668 701 solvit
1701 646 1931 700 aliorum
1965 661 2093 715 pec-

527 756 670 808 cata,
709 742 878 797 multo
909 740 1080 811 magis
1111 755 1334 802 suorum
1367 748 1588 810 peccata
1621 737 1874 793 absolxit.

592 833 632 902 εξ·
661 831 944 900 Tanquam
972 830 1039 884 de
1075 829 1248 884 altero
1283 836 1490 894 narrat,
1512 845 1632 898 qua:
1660 829 1801 882 circa
1833 844 1890 883 se
1914 829 2094 883 conti-

523 931 737 994 gerunt,
783 923 1103 992 iactantiam
1161 922 1494 977 abhorrens:
1582 936 1774 992 magna
1825 921 2091 990 siquidem

522 1016 679 1069 laude
721 1014 917 1085 dignus
971 996 1111 1079 erat,
1197 1012 1339 1091 quod
1393 1012 1658 1068 continuo
1725 1022 1947 1068 secutus
2010 1021 2094 1068 est

521 1122 670 1160 eum.

593 1199 763 1256 Vers;
820 1201 873 1256 9.
927 1201 989 1254 At
1045 1197 1401 1254 ille—eum.
1447 1199 1734 1256 Admirare
1795 1201 2091 1270 perfectam

521 1283 640 1358 ejus
685 1289 774 1356 qui
807 1299 1030 1342 vocatus
1056 1297 1160 1354 est,
1187 1288 1552 1343 obedientiam
1583 1308 1597 1344 :
1621 1291 1892 1360 quomodo
1919 1306 2094 1362 neque

520 1379 1015 1448 eonsnltavitapud
1038 1394 1115 1444 se,
1143 1376 1431 1449 quomodo'
1451 1380 1660 1434 nullum
1702 1395 1865 1452 super
1922 1397 1984 1437 ea
2035 1398 2094 1436 re

521 1469 795 1524 consuluit
838 1470 1097 1534 amicum,
1153 1471 1428 1540 quomodo
1486 1485 1594 1526 non
1674 1472 1942 1542 disposuit
1976 1489 2094 1542 qua:

521 1556 718 1612 domus
768 1567 931 1628 atque
964 1559 1280 1613 substantia:
1312 1575 1424 1614 suae
1457 1569 1648 1624 erant;
1682 1561 1776 1616 sed
1807 1560 2094 1618 confestim

523 1663 775 1718 surgens,
836 1659 1057 1703 secutus
1149 1657 1252 1711 est,
1305 1649 1496 1703 relicto
1549 1651 1804 1706 universo
1851 1653 2092 1707 mundo:

522 1739 695 1792 solam
725 1749 905 1792 autem
941 1739 1165 1794 adduxit
1195 1749 1430 1794 mentem
1464 1741 1531 1796 ad
1585 1742 1766 1797 omnia
1825 1753 2092 1813 paratam,

521 1829 904 1898 quajussisset
931 1831 975 1885 is
1005 1830 1099 1901 qui
1121 1847 1240 1886 eum
1261 1843 1564 1900 vocaverat,
1589 1835 1732 1890 sicut
1752 1845 1806 1889 et
1824 1837 1913 1905 qui
1943 1847 2100 1891 antea

518 1919 698 1974 vocati
716 1919 949 1975 fuerant.

592 2007 795 2066 Verum
863 2028 1024 2082 quam
1073 2013 1143 2068 ob
1195 2028 1414 2069 causam
1472 2016 1539 2070 de
1597 2015 1758 2072 Petro
1778 2029 1833 2073 et
1857 2020 2096 2082 Andrca,

522 2101 765 2166 Jacobo,
829 2101 1038 2155 Joanne
1091 2117 1154 2157 ac
1207 2101 1506 2169 Matthmo,
1577 2121 1685 2160 non
1757 2109 1930 2161 solum
1988 2112 2102 2178 ipse

523 2191 828 2258 Matthzeus,
879 2193 972 2245 sed
1040 2202 1095 2246 et
1145 2192 1358 2248 Marcus
1414 2211 1478 2249 ac.
1533 2195 1709 2252 Lucas
1738 2201 2098 2267 scripserunt,

521 2282 667 2336 trude
687 2294 742 2337 ct
760 2285 1032 2350 quomodo
1060 2285 1236 2339 vocati
1257 2297 1407 2348 sunt,
1432 2287 1499 2341 de
1523 2290 1750 2358 reliquis
1781 2307 1906 2346 vero
1934 2293 2101 2345 disci-

522 2374 664 2444 pulis
694 2375 828 2429 nihil
867 2375 968 2428 tale
997 2375 1344 2431 docuerunt?
1369 2376 1506 2439 Quia
1534 2380 1590 2433 hi
1634 2381 1776 2436 inter
1840 2382 1974 2434 alios
2006 2383 2100 2434 ab-

523 2466 821 2536 jcctissima
879 2467 1149 2522 habebant
1213 2469 1337 2523 vita:
1387 2470 1670 2535 instituta;
1727 2487 1901 2541 neque
1957 2475 2100 2527 enim

523 2559 802 2628 quidpiam
828 2561 984 2629 pejus
1011 2560 1324 2629 publicano,
1357 2576 1534 2631 neque
1572 2565 1731 2618 vilius
1801 2567 2095 2634 piscatore.

523 2650 751 2720 Propter
781 2653 1118 2721 quodetiam
1173 2654 1518 2724 evangelista:
1572 2657 1625 2709 in
1685 2658 1940 2711 omnibus
2000 2659 2102 2712 fide

524 2744 669 2812 digni
697 2742 986 2804 habentur,
1046 2744 1169 2812 quia
1204 2759 1379 2813 neque
1412 2761 1471 2798 ea
1529 2762 1649 2815 qum
1712 2749 1965 2816 probrum
2022 2748 2103 2802 af-

525 2835 670 2889 ferre
699 2835 1021 2890 videbantur
1072 2839 1567 2905 praetermiserunt,
1607 2855 1706 2893 nec
1737 2841 1788 2893 id
1825 2841 1998 2894 solum
2033 2842 2100 2896 de

524 2927 827 2996 discipulis,
863 2944 1050 2981 verum
1073 2929 1234 2982 etiam
1260 2931 1326 2983 de
1356 2940 1686 3000 praeceptore
1718 2932 1946 2987 faciunt.
1977 2933 2100 2987 Sta-

529 3019 624 3070 tim
664 3019 771 3088 (qq)
818 3035 1053 3086 namque
1110 3019 1340 3088 plurima
1388 3021 1726 3090 reliquerunt
1782 3024 2044 3078 miracula
2084 3040 2098 3077 :

533 3109 666 3164 nihil
693 3119 873 3164 autem
902 3112 968 3165 de
998 3112 1079 3164 his
1101 3128 1221 3181 quae
1244 3128 1437 3182 passus
1469 3125 1551 3169 est
1586 3118 2046 3184 praetermiserunt
2084 3138 2096 3173 :
2127 3122 2170 3186 α

527 3215 653 3255 cum
711 3202 778 3256 de
833 3202 1117 3272 discipulis
1164 3206 1506 3260 ostenderint
1534 3209 1678 3277 quod
1714 3210 1852 3264 adeo
1879 3211 2096 3280 abjeeti,

525 3302 676 3346 tanta
729 3294 900 3363 gratia
943 3295 1088 3362 digni
1150 3297 1320 3351 habiti
1397 3309 1564 3352 sunt:
1621 3301 1688 3355 de
1764 3314 2102 3373 przeeeptore

529 3401 680 3451 vero,
727 3386 895 3455 quod,
963 3402 1086 3440 cum
1151 3395 1336 3442 tantus
1383 3400 1550 3455 esset,
1584 3392 1704 3445 talia
1733 3402 1954 3462 preptcr
2002 3411 2103 3449 nos

530 3492 722 3546 passus
744 3478 835 3531 sit.

602 3571 754 3626 Vers.
826 3575 911 3628 lO.
980 3571 1049 3627 Et
1106 3576 1301 3644 factum
1337 3605 1404 3617 --
1433 3577 1564 3644 ejus.
1599 3578 1830 3634 lntuitus
1856 3580 2104 3640 Christus

531 3665 952 3720 sincerissimam
976 3684 1040 3722 ac
1070 3669 1532 3737 promptissimam
1559 3671 1721 3740 hujus
1738 3671 2100 3730 obedientiam

529 3758 739 3812 accedit
791 3759 1105 3812 utetillum
1128 3761 1382 3827 honoret,
1441 3770 1496 3817 et
1561 3778 1618 3816 se
1675 3763 1748 3817 illi
1783 3764 2103 3822 familiarem

532 3850 780 3918 prmbens
828 3851 1105 3919 libereque
1153 3852 1417 3916 tribuens,
1472 3854 1558 3907 his
1623 3855 1715 3924 qui
1752 3872 1818 3910 eo
1842 3869 2106 3912 venerant

531 3940 768 4008 aliquam
808 3941 1208 3995 correz-tionem
1266 3943 1463 3996 tradat.
1526 3943 1619 3997 Ille
1675 3954 1855 3999 autem
1895 3956 2104 4002 tantum

530 4041 813 4085 assecutus
872 4031 1094 4095 bonum,
1146 4032 1417 4087 liberalior
1464 4033 1714 4098 efﬁcitur,
1757 4045 1810 4091 et
1840 4040 1980 4092 sicut
2031 4039 2106 4092 ait

533 4122 708 4176 Lucas
727 4123 796 4183 ",
828 4121 956 4175 fecit
982 4122 1028 4175 ei
1052 4123 1361 4177 convivium
1401 4141 1653 4195 magnum
1689 4127 1742 4181 in
1787 4129 1949 4183 domo
1985 4146 2102 4195 sua,

532 4214 583 4267 id
623 4223 707 4268 est
730 4212 1030 4268 ollieiusum
1052 4213 1293 4283 epulum.

608 4408 937 4462 Publicanos
961 4423 1090 4462 vero
1119 4408 1493 4476 apellatetiam
1519 4420 1855 4479 peccatores.
1881 4423 2104 4484 prOpter

531 4499 985 4555 obtrectationem
1035 4514 1138 4567 qua
1195 4499 1332 4552 male
1412 4502 1748 4568 audiebant;
1791 4505 1890 4573 ipsi
1960 4507 2105 4560 enim

2127 1791 2174 1852 Β

2193 574 2282 620 τες
2323 557 2488 612 αὑτὸν
2514 558 2627 620 τοῖς
2659 555 2928 626 μαθηταῖς
2957 552 3295 623 ἐναρίθμιον·
3328 549 3446 602 ἀλλ’
3480 547 3568 601 ἵνα
3615 545 3770 614 λογί-

2194 652 2423 716 ζωνται,
2466 650 2547 703 ὃτι
2594 651 2622 703 ὁ
2671 650 2877 719 ἑτέρων
2936 646 3316 717 ἁμαρτήματα
3370 639 3539 703 λύων,
3589 637 3772 709 πολλῷ

2198 744 2398 814 μᾶλλον
2425 743 2582 795 ἔλυσε
2610 741 2678 794 τὰ
2705 739 2799 794 τοῦ
2839 733 3111 809 μαθητοῦ.

2263 835 2389 907 ἰός
2410 833 2520 906 (90)
2547 833 2674 903 περὶ
2700 832 2890 902 ἑτέρου
2915 830 2972 883 δὲ
3001 828 3070 882 τὰ
3093 828 3220 896 περὶ
3243 820 3441 880 ἑαυτοῦ
3473 821 3772 892 διηγεῖται,

2197 926 2443 996 στέργων
2477 926 2539 978 τδ
2562 924 2941 994 άκόμπαστον·
2983 919 3127 992 μέγα
3153 919 3265 988 γὰρ
3299 916 3582 986 εποίησεν,
3609 912 3776 974 εὐθὺς

2195 1018 2568 1089 ἀκολουθήσας
2589 1015 2762 1088 αὐτῷ.

2276 1195 2341 1250 ’0
2361 1191 2428 1249 δὲ
2451 1223 2516 1234 -
2546 1187 2726 1258 αὐτῷ.
2760 1187 3058 1260 Θαὺμασον
3098 1185 3199 1258 τὴν
3261 1183 3476 1239 τελείαν
3510 1181 3605 1236 τοῦ
3636 1182 3778 1250 κλη-

2198 1289 2384 1352 θέντος
2439 1286 2710 1355 ὑπακοὴν,
2733 1283 2848 1346 πῶς
2875 1282 2934 1335 οὐ
2969 1279 3316 1349 διεσκέψατο,
3353 1277 3466 1339 πῶς
3501 1275 3602 1328 οὐκ
3651 1275 3781 1326 ἅνεα

2196 1378 2504 1434 κοινώσατο
2551 1376 2681 1447 περὶ
2710 1375 2905 1437 τούτου
2952 1372 3152 1442 φίλοις,
3191 1370 3310 1433 πῶς
3344 1364 3402 1422 οὗ
3435 1365 3674 1437 διῴκησε
3707 1364 3782 1417 τὰ

2196 1469 2339 1524 κατᾶ
2365 1469 2456 1522 τὸν
2479 1462 2628 1521 οἷκον
2659 1467 2750 1520 καὶ
2782 1465 2880 1535 τὴν
2908 1464 3119 1517 οὐσίαν·
3146 1459 3263 1515 ἀλλ’
3295 1459 3499 1521 εὐθέως
3531 1455 3780 1521 ἀναστὰς

2195 1559 2551 1631 ἠκολούθησε,
2587 1557 2764 1612 πάντα
2801 1557 2897 1626 μὲν
2923 1555 3014 1607 τδν
3044 1552 3247 1622 κόσμον
3265 1549 3572 1612 ἀπολιπὼν,
3601 1548 3780 1618 μόνην

2195 1653 2252 1706 δὶ
2278 1653 2380 1722 τὴν
2405 1650 2632 1720 γνώμην
2665 1647 3012 1716 ἐπαγόμενος
3055 1641 3598 1714 παρεσκευασμένην
3632 1639 3782 1703 πρὸς

2200 1745 2270 1798 τά
2302 1743 2641 1812 κελευόμενα
2668 1742 2822 1812 παρὰ
2854 1739 2950 1793 τοῦ
2975 1737 3330 1797 καλέσαντος,
3363 1733 3422 1786 ὃν
3442 1733 3646 1803 τρόπον
3677 1726 3782 1782 καὶ

2201 1839 2252 1890 οἱ
2287 1837 2400 1907 (91)
2453 1834 2880 1907 προκληθέντες.

2284 2039 2446 2095 Ἀλλά
2476 2038 2621 2101 τινος
2675 2035 2865 2089 ἕνεκεν
2921 2033 3050 2102 περὶ
3082 2030 3294 2102 Πέτρου
3349 2026 3467 2098 μὲν,
3521 2022 3617 2077 καὶ
3672 2025 3785 2074 Αν-

2202 2135 2382 2204 δρέου,
2416 2132 2511 2184 καὶ
2558 2127 2840 2191 Ἰακώϐου,
2871 2126 2967 2178 καὶ
2999 2107 3290 2185 Ἶωάννου,
3339 2120 3434 2172 καὶ
3461 2113 3780 2177 Ματθαίου,

2203 2227 2262 2278 οὐ
2300 2224 2461 2295 μόνον
2489 2221 2649 2282 αὐτὸς
2680 2221 2707 2272 ό
2756 2217 3056 2282 Ματθαϊος,
3097 2213 3236 2268 ἀλλὰ
3267 2212 3362 2266 καὶ
3411 2210 3638 2277 Μάρκος
3685 2206 3784 2259 καὶ

2204 2316 2416 2376 Λουκᾶς
2451 2311 2719 2382 ἔγραψαν,
2753 2309 2868 2371 πῶς
2901 2309 2998 2360 καί
3037 2306 3160 2358 τινα
3196 2304 3397 2374 τρόπον
3438 2299 3780 2369 ἐκλήθησανο

2205 2408 2335 2476 περὶ
2368 2405 2423 2457 δὲ
2450 2404 2558 2456 τῶν
2593 2403 2771 2455 ἄλλων
2800 2399 3057 2470 μαθητῶν
3092 2396 3248 2450 οὐδὲν
3299 2393 3542 2447 τοιοῦτον
3599 2389 3783 2442 ἐδιδα-

2205 2504 2302 2568 ξαν
2333 2517 2347 2564 ;
2381 2501 2529 2554 Διότι
2567 2497 2803 2567 μάλιστα
2831 2495 2938 2549 τῶν
2970 2494 3143 2547 ἄλλων
3181 2485 3328 2545 οὗτοι
3357 2485 3502 2557 ἦσαν
3545 2490 3603 2538 ὲν
3637 2487 3782 2538 ἁπο-

2207 2595 2424 2663 6λὴτοις
2464 2588 2918 2659 ἐπιτηδεύμασιν.
2983 2585 3123 2639 Οὔτε
3156 2584 3266 2652 γὰρ
3301 2579 3537 2636 τελώνου
3577 2595 3629 2630 τι
3661 2577 3783 2647 χεῖ-

2207 2703 2320 2756 ρον,
2357 2683 2482 2735 οὔτε
2516 2679 2716 2742 ἁλιέως
2759 2678 3166 2745 εὐτελέστερον.
3207 2674 3298 2727 Διδ
3329 2671 3424 2724 καὶ
3471 2668 3676 2738 μᾶλλον
3730 2665 3785 2719 οἱ

2205 2772 2586 2842 εὖαγγελισταὶ
2609 2771 2671 2824 τὸ
2696 2768 3011 2834 ἀξιόπιστον
3049 2768 3106 2820 ὲν
3142 2765 3346 2826 ἅπασιν
3400 2761 3643 2830 ἔχουσιν,
3693 2756 3787 2809 ὅτι

2206 2868 2324 2921 οὐδὲ
2378 2867 2446 2919 τὰ
2496 2863 2759 2916 δοκοῦντα
2818 2860 3007 2930 φέρειν
3062 2861 3176 2920 τοῖς
3243 2856 3516 2928 μαθηταῖς
3574 2850 3785 2913 ὄνειδος

2205 2958 2648 3027 παρελίμπανον.
2691 2953 2803 3006 Καὶ
2843 2952 2944 3004 οὐκ
2992 2951 3086 3003 ἐπὶ
3117 2948 3226 3001 τῶν
3273 2943 3534 3016 μαθητῶν
3588 2943 3782 3010 μόνον,

2205 3049 2342 3100 ἀλλὰ
2371 3047 2463 3099 καὶ
2489 3045 2578 3098 επὶ
2603 3043 2696 3097 τοῦ
2724 3041 3050 3096 διδασκάλου
3079 3038 3238 3093 τοῦτο
3259 3034 3523 3090 ποιοῦσιν.
3565 3033 3786 3085 Αὐτίκα.

2205 3140 2336 3208 γοῦν
2366 3137 2534 3192 πολλὰ
2564 3138 2660 3208 μὲν
2694 3134 2802 3188 τῶν
2847 3133 3142 3191 θαυμάτων
3183 3128 3349 3184 αὑτοῦ
3387 3127 3785 3197 παρέδραμον,

2204 3232 2359 3285 οὐδὲν
2398 3231 2454 3283 δὲ
2505 3229 2615 3281 τῶν
2659 3225 3005 3295 παθημάτων
3070 3221 3234 3275 αὑτοῦ
3292 3218 3625 3288 παρέλιπον,
3667 3214 3782 3267 δει-

2204 3323 2425 3385 κνῦντες
2459 3322 2584 3389 περὶ
2616 3319 2714 3389 μὲν
2743 3317 2853 3369 τῶν
2885 3313 3165 3386 μαθητῶν,
3195 3313 3364 3365 ὁποῖοι
3397 3309 3548 3370 ὄντες
3587 3305 3788 3369 ὁποίας

2205 3416 2421 3486 χάριτος
2448 3411 2782 3482 ἠξιώθησαν·
2819 3409 2946 3478 περὶ
2976 3407 3034 3460 δι
3066 3406 3159 3459 τοῦ
3200 3400 3550 3464 διδασκάλου,
3595 3399 3786 3462 ὁποῖος

2204 3504 2278 3558 ὣν
2305 3507 2463 3558 ὁποῖα
2493 3501 2732 3555 πέπονθε
2778 3499 2844 3553 δι’
2877 3500 3049 3568 ἡμᾶς.

2278 3599 2384 3652 Kal
2417 3596 2657 3666 ἐγένετο
2687 3623 2756 3635 --
2792 3592 3001 3647 αῠτοῦ.
3047 3591 3193 3646 Ἰδών
3229 3591 3258 3643 ὁ
3292 3587 3531 3659 Χριστὸς
3573 3585 3672 3655 τὴν
3703 3584 3787 3635 εἰ·-

2204 3689 2626 3761 λικρινεστάτην
2661 3686 2908 3755 ὑπακοὴν
2939 3683 3129 3736 τούτου
3179 3684 3271 3735 καὶ
3301 3678 3636 3750 προθυμίαν,
3684 3675 3785 3726 ἐπὶ

2203 3783 2301 3852 τὴν
2328 3781 2506 3835 οἰκίαν
2560 3776 2723 3832 αὐτοῦ
2772 3775 3159 3845 παραγίνεται,
3196 3773 3369 3841 τιμῶν
3401 3785 3459 3822 τε
3491 3767 3653 3822 αὐτὴν
3683 3764 3788 3816 καὶ

2205 3871 2595 3941 οἰκειούμενος,
2628 3871 2725 3922 καὶ
2755 3867 3070 3938 παρρησίας
3097 3863 3432 3934 μεταδιδοὺς,
3451 3859 3547 3911 καὶ
3577 3857 3664 3909 ἴνα
3684 3853 3789 3909 καὶ

2205 3969 2316 4026 τοῖς
2352 3965 2469 4016 ἐκεῖ
2491 3963 2753 4032 παράσχῃ
2777 3960 2899 4011 τινὰ
2919 3956 3225 4024 διόρθωσιν
3252 3953 3414 4014 αὐτὸς
3432 3951 3512 4012 δὲ,
3532 3946 3784 4002 τοιούτου

2205 4055 2382 4127 τυχὼν
2409 4053 2636 4121 ἀγαθοῦ,
2653 4049 3062 4122 φιλοτιμότερον
3081 4046 3430 4116 διεγείρεται,
3457 4044 3569 4105 καὶ,
3594 4039 3789 4101 καθώς

2209 4167 2372 4221 φησιν
2427 4150 2454 4202 ό
2509 4149 2742 4209 Λουκᾶς,
2804 4144 3026 4214 ἐποίησε
3100 4140 3261 4210 δοχὴν
3328 4136 3570 4207 μεγάλην
3631 4132 3788 4202 αὐτῷ

2207 4244 2264 4294 ὲν
2292 4244 2357 4312 τῇ
2397 4239 2544 4310 οἰκίᾳ
2576 4237 2767 4301 αὑτοῦ,
2796 4235 3099 4300 τουτέστιν,
3136 4231 3426 4301 ὑποδοχὴν,
3454 4228 3782 4299 θεραπείαν,

2208 4334 2474 4386 ἑστίασιν.

2284 4424 2531 4486 Τελώνας
2567 4421 2623 4474 δὲ
2655 4420 2747 4472 καὶ
2799 4414 3160 4488 ἁμαρτωλοὺς
3210 4414 3336 4476 τοὺς
3381 4410 3576 4470 αὐτοὺς
3609 4407 3786 4476 λέγει,

2213 4518 2344 4586 πρὸς
2375 4513 2676 4580 διασυρμὸν
2700 4510 2902 4565 αὐτῶν.
2937 4507 3294 4577 Διεδέϐληντο
3321 4503 3451 4571 γὰρ,
3482 4501 3556 4563 ώς
3582 4500 3785 4558 ἄδικοι,

531 4591 857 4646 calumniam
919 4590 1284 4654 sustinebant,
1341 4598 1592 4660 tauquam
1646 4593 1830 4662 iniusti
1859 4606 1909 4650 et
1957 4597 2100 4650 avari

2207 4606 2300 4657 ml.
2328 4603 2667 4657 πλεονέκται.
2702 4599 2797 4651 καὶΙ
2827 4599 3100 4666 ἅρπαγες,
3137 4595 3230 4647 καὶ
3271 4589 3643 4660 ἀσυμπαθεῖς,
3683 4589 3786 4639 καὶ

531 4698 594 4736 ac
641 4690 909 4750 raptores,

533 4773 897 4839 impudentes.
959 4773 1063 4826 Aut
1125 4771 1372 4827 fortassis
1431 4785 1484 4828 et
1528 4775 1616 4828 alii
1672 4776 1889 4844 quidam
1951 4789 2106 4832 erant

531 4861 794 4915 nobiliora
845 4861 1065 4929 quidem
1117 4859 1238 4913 vitae
1268 4860 1513 4915 instituta
1580 4863 1863 4928 trahentes,
1901 4865 2101 4921 eisdem

529 4959 710 5006 tamen
735 4951 951 5004 obnoxii
979 4950 1296 5005 affectibus:
1324 4966 1448 5005 nam
1475 4954 1652 5007 simile
1679 4970 1778 5007 suo
1795 4957 2097 5026 congaudct

529 5042 713 5098 simili.

602 5131 669 5186 Et
730 5135 828 5186 hos
880 5149 1008 5203 ergo
1069 5133 1348 5189 Blatthceus
1373 5137 1624 5190 convivio
1646 5138 1869 5204 accepit,
1908 5149 2094 5208 utpote

636 5275 680 5303 ⁷⁸
714 5270 839 5326 Luc.
881 5290 933 5332 ν,
962 5275 1050 5327 ‘39.

1003 4681 1258 4746 omnique
1326 4684 1701 4751 compassione
1757 4698 2006 4740 carentes
2055 4697 2100 4741 et

2206 4692 2523 4762 ἀναιδεῖςοῆ
2556 4694 2655 4745 καὶ⁸
2709 4690 2856 4744 ἄλλοι
2887 4688 3030 4749 τινὲς
3073 4683 3235 4757 ἦσαν,
3289 4685 3421 4743 ἴσως
3446 4679 3614 4750 ἕτερα
3676 4679 3783 4747 μὲν

2203 4786 2614 4854 ἐπιτηδεύματα
2641 4785 2880 4852 ἔχοντες,
2923 4782 3034 4841 τοῖς
3065 4779 3248 4840 αὑτοῖς
3285 4776 3343 4828 δὲ
3413 4773 3643 4826 πάθεσιν
3691 4772 3784 4824 ὲν·-

2208 4879 2480 4948 εχὸμενοι.
2517 4874 2606 4945 Τῷ
2631 4875 2740 4944 γὰρ
2772 4871 3141 4942 ὀμοίῳχαίρει
3182 4868 3242 4920 τὸ
3281 4869 3488 4936 ὅμοιον.

2274 5137 2556 5209 Παρέλαϐε
2605 5137 2711 5208 γὰρ
2757 5135 2853 5190 καὶ
2892 5135 3116 5198 τούτους
3172 5133 3249 5196 εἰς
3281 5128 3528 5184 ἑστίασιν
3559 5125 3586 5179 ό
3613 5125 3777 5181 Ματ-

1730 5343 1923 5404 Varim
1961 5345 2266 5407 leettones
2302 5353 2359 5407 et
2406 5356 2593 5408 notas.

599 5489 712 5553 (30)
739 5483 862 5542 llaec
889 5486 1308 5559 uteripreeodex
1343 5488 1394 5539 in
1429 5489 1665 5559 mwgine
1692 5489 1872 5543 habet.
1897 5488 2092 5544 Eadem

533 5559 768 5615 tif-crius
799 5554 1090 5613 exhibebat
1120 5554 1441 5612 Hentcnius.

599 5719 706 5785 (qq)
740 5715 966 5781 Αὐτίκα,
1013 5729 1120 5768 non
1148 5723 1248 5778 est,
1285 5712 1483 5780 statim,
1509 5715 1622 5780 sed,
1660 5715 1879 5782 carmpti
1902 5733 2082 5770 causa.

2274 5493 2382 5563 (Oi)
2405 5496 2474 5561 οἱ,
2499 5494 2651 5549 abest
2679 5494 2738 5548 Β.
