4026 6510
218 425 317 488 229

1090 413 1483 477 COMMENT.
1530 415 1613 476 ΙΝ
1654 417 2130 481 MATTH/EUM.
2168 443 2235 456 ·-
2276 421 2434 482 CAP.
2470 419 2544 480 Χ.

3363 425 3472 493 330

220 551 422 606 ματος,
455 533 910 604 συγκαταϐαίνων
949 533 1016 603 τῇ
1047 530 1302 602 ἀσθενείᾳ
1337 529 1539 593 αὐτῶν,
1571 528 1660 582 διὰ
1687 529 1785 600 τὴν

1897 534 2098 589 todiam
2142 545 2198 590 et
2236 543 2730 589 sustentamentum
2776 531 3041 605 corporis,
3082 533 3376 592 demittens
3414 553 3472 595 se

216 629 317 682 ἀπὸ
370 629 470 698 τῆς
523 625 834 697 ὁδοπορίας
887 625 1283 692 ταλαιπωρίαν,
1347 623 1422 685 ὡς
1479 625 1506 675 ὁ
1558 623 1785 693 Μάρκος

214 721 465 792 ἔγραψεν.
520 719 667 772 ’Λντὶ
697 719 752 771 δὲ
781 718 874 770 τοῦ
897 756 912 779 ,
947 718 1042 783 Μὴ
1074 715 1419 783 κτήσησθε,
1459 715 1554 781 Μὴ
1589 715 1784 782 αἴρετε

215 807 357 862 εἶπεν
392 813 419 862 ὁ
446 810 680 869 Λουκᾶς.
714 807 829 858 Ἵνα
863 805 918 857 δὲ
954 805 1027 874 μὴ
1055 806 1254 857 εἴπωσι
1278 822 1290 832 ·
1327 805 1496 857 [Ιὸθεν
1525 801 1617 856 οὖν
1648 822 1783 875 τρι-

215 901 519 973 ςηοόμεθα,
555 900 722 970 μηδὲν
748 899 1016 966 αἴροντες,
1047 896 1213 966 φησίν
1241 909 1256 926 ·

280 1098 484 1164 Ἄξιος
511 1127 574 1136 -
598 1095 791 1150 ἐστίν.
829 1093 903 1147 Ui:
936 1093 1114 1163 χρεία,
1151 1092 1339 1161 φησὶν,
1375 1091 1506 1162 ὑμῖν
1534 1091 1780 1160 ἐφοδίων.

210 1191 316 1260 (15)
345 1191 519 1256 ’Δξιοι
542 1191 651 1259 γάρ
680 1190 803 1240 ἐστε
831 1185 1129 1257 τρέφεσθαι
1160 1184 1311 1252 παρὰ
1334 1184 1443 1236 τῶν
1468 1183 1789 1254 ὠφελουμέ-

206 1303 308 1336 νων
333 1285 421 1352 ὑφ’
448 1283 624 1352 ὑμῶν,
649 1279 780 1350 παρ’
809 1275 892 1342 οἷς
919 1277 1242 1347 ἐργάζεσθε,
1269 1275 1398 1345 παρ’
1425 1271 1507 1338 οἷς
1529 1276 1781 1329 κοπιᾶτε.

206 1377 372 1428 Τοῦτο
401 1376 508 1445 γάρ
533 1375 592 1427 οὑ
623 1374 820 1443 δῶρον,
851 1371 986 1425 ἀλλὰ
1019 1369 1211 1440 μισθός
1240 1371 1356 1423 ἐστι
1386 1370 1485 1440 τῆς
1519 1369 1785 1441 ἐργασίας

205 1468 375 1536 ὑμῶν,
415 1468 508 1518 καὶ
543 1466 864 1532 ἀναγκαῖον,
903 1462 978 1523 ὠς
1011 1460 1389 1530 ὀφειλόμενον.

270 1646 372 1709 Ειῒς
405 1643 487 1711 ἧν
513 1642 563 1694 δ’
585 1640 662 1696 ἂν
692 1669 756 1678 ———
799 1637 1109 1705 ἐξέλθητε.
1165 1637 1282 1691 Ἵνα
1330 1637 1403 1707 μὴ
1461 1636 1781 1707 νομίσωσιν,

201 1739 278 1791 ὃτι
331 1739 429 1801 τὰς
483 1737 702 1788 πάντων
754 1733 863 1784 τῶν
922 1733 1321 1802 ὠφελουμένων
1373 1729 1548 1800 θύρας
1599 1731 1784 1793 αὐτοῖς

202 1832 421 1902 ἀνέῳξε,
451 1829 683 1892 κελεύει,
715 1823 843 1897 παρ’
875 1827 1081 1896 ἑκάστῃ
1107 1827 1260 1879 πόλει
1289 1829 1383 1880 καὶ
1412 1824 1579 1896 κώμῃ
1600 1823 1785 1894 ζητεῖν

200 1927 289 1978 ἱνα
313 1901 420 1977 τὸν
460 1925 609 1987 ἄξιον
639 1925 734 1988 τῆς
772 1920 882 1990 (id)
924 1919 1192 1988 ὑποδοχῆς
1233 1918 1450 1982 αὐτῶν,
1487 1919 1656 1988 ἤγουν
1691 1919 1783 1971 τὸν
1814 1901 1861 1959 Β

204 2019 546 2090 σεμνότερον,
579 2015 670 2068 τὸν
708 2014 1150 2083 θεοσεϐέστερον,
1189 2013 1284 2066 καὶ
1324 2012 1456 2084 παρ’
1491 2011 1642 2081 αὐτῷ
1679 2012 1779 2082 μέ-

199 2130 326 2175 νειν,
375 2111 481 2170 ἕως
512 2109 577 2161 ἂν
640 2107 927 2171 ἔξέλθωσιν
955 2108 1020 2158 ἐκ
1067 2107 1166 2175 τῆς
1217 2105 1445 2167 πόλεως,
1499 2103 1642 2156 ὥστε
1685 2103 1782 2174 μὴ,

197 2206 370 2259 οἰκίαν
398 2204 456 2269 ἐξ
487 2201 661 2264 οἰκίας
694 2199 1046 2269 ἀμείϐοντας,
1077 2199 1266 2252 λυπεῖν
1295 2214 1354 2249 τε
1386 2196 1479 2249 τὸν
1516 2195 1779 2260 ὑποδεξά-

204 2316 383 2369 μενον,
417 2300 511 2348 xa‘t
538 2293 987 2367 γαστριμαργίας
1014 2290 1173 2357 δόξαν
1204 2289 1529 2359 λαμϐάνειν.

263 2475 693 2545 Εὶσερχόμενοι
723 2503 790 2514 --
824 2469 1043 2536 αὑτήν.
1071 2466 1454 2532 Ἀσπάσασθε,
1505 2465 1625 2519 ἀντὶ
1663 2465 1778 2529 τοῦ,

199 2565 530 2635 Ἐπεύχεσθε
567 2565 792 2634 εἰρήνην
836 2561 949 2631 (15)
983 2559 1145 2628 αὐτῇ.
1179 2556 1366 2610 Ταῦτα
1406 2555 1515 2625 γὰρ
1553 2554 1782 2625 ὕστερον

199 2661 286 2710 καὶ
336 2662 450 2720 τοῖς
479 2656 856 2725 ἑϐδομήκοντα
885 2652 1154 2722 μαθηταῖς
1188 2647 1568 2719 ἐντειλάμενος
1605 2640 1779 2711 εἶπεν,

197 2751 274 2802 ὅτι
304 2753 409 2813 ιξις
446 2748 527 2816 ἣν
558 2749 611 2801 δ’
646 2747 722 2802 ἂν
761 2746 960 2800 οἰκίαν
989 2742 1371 2812 εἰσέρχησθε,
1404 2737 1641 2808 πρῶτον
1685 2742 1784 2795 λέ·

197 2859 323 2909 τετε
343 2857 356 2869 ·
386 2840 614 2908 Εἰρήνη
639 2836 719 2903 τῷ
747 2839 892 2901 οἴκῳ
928 2836 1040 2907 (16)
1073 2838 1283 2898 τούτῳ.

261 2933 370 2987 Καὶ
401 2961 472 2971 -
496 2929 943 2997 ἐπιστραφήτω.
988 2929 1136 2980 Διότι
1180 2925 1443 2988 πολλάκις
1468 2926 1495 2977 ὁ
1519 2923 1778 2995 ὑποδεχό-

199 3043 381 3092 μενος,
401 3024 576 3094 ὅνομα
600 3021 700 3092 μὲν
729 3017 876 3091 εἶχεν
896 3018 1068 3084 ἀξίου,
1092 3017 1206 3088 βίον
1232 3017 1289 3070 δὲ
1316 3015 1558 3082 ἀνάξιον,
1587 3017 1779 3086 φησὶν,

197 3120 274 3170 ὅτι
317 3119 444 3170 Ἐὰν
471 3116 572 3184 μὲν
661 3116 694 3185 ή
731 3114 880 3166 οἰκία
930 3111 1042 3183 (17)
1091 3108 1231 3179 αὕτη
1265 3107 1417 3174 ἀξία,
1451 3105 1661 3160 ἐλθέτω
1688 3105 1778 3158 ἐπ’

198 3212 367 3281 αὐτὴν
401 3213 433 3280 ή
463 3209 692 3289 δοθεῖσα.
715 3205 845 3277 παρ’
875 3205 1030 3274 ὑμῶν
1052 3204 1266 3274 είρήνή,
1291 3200 1597 3263 τουτέστιν,
1623 3199 1778 3270 ὲνερ-

1897 3197 2074 3259 veniat
2135 3217 2302 3273 super
2391 3203 2535 3256 illam

199 3307 423 3374 γήσάτω
467 3304 546 3365 εἰς
578 3301 772 3372 αὐτὴν,
816 3301 911 3353 καὶ
964 3299 1106 3350 ἔστω
1157 3297 1382 3366 εἰρήνης
1428 3292 1782 3348 ἀπολαύουσα

198 3402 290 3450 καὶ
318 3397 562 3465 γαλήνης
582 3411 596 3427 ·
624 3395 721 3448 ἐὰν
754 3393 812 3446 δὲ
841 3394 914 3462 μὴ
1011 3393 1156 3456 ἀξία,
1245 3390 1436 3461 εἰρήνη
1468 3388 1626 3460 ὑμῶν
1647 3386 1787 3459 πρὸς

195 3491 338 3559 ὑμᾶς
371 3488 786 3560 άναστρεφέτω,
821 3486 1014 3556 ήγουν,
1047 3485 1215 3556 μηδὲν
1251 3480 1784 3554 ὲνεργησάτω,άλλά

194 3583 406 3652 ταύτην
442 3581 563 3650 μεθ’
593 3579 804 3633 ἑαυτῶν
840 3578 1102 3638 λαϐόντες
1130 3575 1403 3639 ἐξέλθετε.

268 3672 476 3724 Σκόπει
537 3669 614 3733 δὲ,
649 3668 767 3730 πῶς
819 3669 920 3720 οὐκ
974 3667 1176 3719 ἔδωκεν
1225 3665 1416 3726 αὐτοῖς
1469 3661 1786 3730 πρόγνωσιν

196 3765 352 3830 ἀξίου
393 3764 488 3816 καὶ
522 3761 766 3828 ἀναξίου,
797 3761 885 3813 ἵνα
913 3758 991 3829 τῷ
1017 3757 1439 3826 ἀναγκαιοτάτῳ
1465 3755 1784 3826 λειπόμενοι

195 3853 723 3924 ταπεινοφρονῶσιν,
771 3853 846 3916 ὡς
882 3852 1117 3914 ἀτελεῖς.
1182 3849 1304 3920 Χρὴ
1347 3848 1404 3901 δὲ
1453 3847 1784 3918 θαυμάζειν,

198 3950 316 4013 πῶς
349 3949 572 4001 πάντων
611 3945 910 4016 γυμνώσας
943 3943 1163 4006 αὐτοὺς,
1201 3942 1270 3994 τὰ
1325 3941 1545 3994 πάντων
1599 3941 1785 4002 αὐτοῖς

195 4044 392 4112 ἀνῆκε.
455 4041 549 4102 Τίς
609 4039 716 4110 γὰρ
775 4039 875 4090 οὐκ
931 4038 996 4091 ἂν
1030 4036 1203 4106 ήδέως
1260 4033 1609 4104 ὲξενοδὸχησε
1656 4031 1784 4092 τοὺς

191 4131 368 4195 οὕτως
401 4128 801 4192 άσκεύουςκαὶ
833 4128 1198 4198 ἀμερίμνους,
1237 4123 1694 4195 λάμποντας(18)
1722 4122 1784 4174 οὐ

198 4225 362 4294 μόνον
403 4221 653 4278 ἀπὸ.τῶν
689 4222 864 4288 λόγων
900 4219 996 4274 καὶ
1031 4219 1140 4274 τῶν
1166 4218 1491 4283 θαυμάτων,
1519 4215 1658 4270 ἀλλὰ
1693 4213 1786 4267 καὶ

193 4317 303 4388 πρὸ
336 4315 565 4380 τούτων,
585 4314 692 4367 ἀπὸ
720 4312 815 4366 τοῦ
850 4311 1004 4382 βίου;

263 4497 379 4551 Καὶ
408 4525 480 4537 -
508 4493 698 4564 ὑμῶν.
732 4495 788 4548 '0
822 4495 878 4548 δὲ
907 4494 1134 4567 Μάρκος
1161 4492 1326 4562 φησίν
1348 4508 1361 4522 ·
1404 4493 1784 4557 Ἑκτινὰξατε

191 4591 304 4645 τὸν
325 4591 480 4660 χοῦν
525 4589 634 4641 τὸν
682 4587 965 4643 ὑποκάτω
1015 4585 1134 4639 τῶν
1197 4584 1401 4639 ποδῶν
1457 4586 1646 4655 ὑμῶν,
1696 4589 1783 4650 εἰς
1817 4589 1863 4645 ο
1917 4553 2122 4660 “vers:

189 4683 524 4751 μαρτύριον
556 4679 784 4752 αρτοῖς,
807 4681 997 4748 ἤγουν,
1027 4680 1106 4741 είς
1138 4678 1361 4747 ἔλεγχον
1391 4677 1595 4730 αὐτῶν.
1636 4677 1786 4747 Ἑδή-

191 4774 286 4827 λου
310 4773 420 4844 γὰρ
450 4776 476 4826 ό
494 4773 821 4840 ὲκτιναγμὺς
840 4765 1015 4836 οὗτςς,
1036 4772 1115 4823 ὅτι
1135 4770 1194 4822 οὐ
1220 4771 1381 4839 μόνον
1398 4770 1550 4822 οὐδὲν
1575 4769 1785 4822 ἐκεῖθεν

194 4866 411 4928 ἔλαϐον,
435 4864 571 4917 ἀλλὰ
608 4866 701 4915 καὶ
733 4863 824 4914 τὸν
868 4862 1080 4915 ἐκεῖθεν
1115 4862 1398 4932 κονιορτὸν
1429 4861 1783 4914 ἔκτινάσσουο

197 4975 281 5010 σιν
313 4959 423 5010 άπὸ
455 4955 565 5009 τῶν
590 4954 767 5008 ποδῶν
800 4954 1000 5016 αὐτῶν,
1021 4953 1097 5016 ὡς
1135 4956 1226 5004 καί
1279 4954 1439 5006 αὐτὸν
1485 4955 1550 5005 δι’
1587 4954 1785 5015 αὐτοὺς

194 5054 430 5107 ἀνόσιον.

1299 5224 1336 5252 ³⁸
1362 5223 1524 5276 Marc.
1551 5239 1619 5286 γι,
1664 5223 1746 5274 Η.

304 5227 349 5258 ³⁸
381 5226 516 5281 Luc.
545 5225 693 5288 tx,5.
810 5225 852 5255 ’ἰ
885 5223 1020 5277 Luc.
1047 5222 1176 5286 x,5.

1891 627 1957 681 ad
1991 628 2417 683 imbecillitatem
2451 643 2662 693 eorum,
2715 638 2941 698 propter
2994 628 3231 682 laborem
3261 629 3354 699 qui
3407 635 3476 686 ab

1891 719 2089 774 itinere
2131 721 2403 790 provenit.
2465 719 2642 782 Lucas
2683 734 2814 775 vero
2869 736 2968 790 pro
3024 736 3089 775 eo
3143 721 3287 791 quod
3339 731 3472 797 est:

1887 811 2068 865 Nolite
2122 815 2409 882 possidere,
2451 813 2617 868 habet
2664 829 2678 867 :
2745 812 2926 867 Nolite
2961 822 3176 882 portare
3208 814 3271 878 ¹⁸,
3334 813 3479 869 sicut

1891 903 2054 956 etiam
2083 903 2248 959 refert
2279 903 2512 958 Marcus.
2547 903 2626 958 Ne
2686 913 2867 958 autem
2899 904 3118 972 dicant,
3151 904 3306 960 Unde
3361 905 3477 961 ale-

1889 1012 2034 1057 mur,
2073 997 2119 1051 si
2161 997 2295 1050 nihil
2331 998 2640 1064 tulerimus,
2674 997 2796 1052 ideo
2822 998 2987 1052 dicit:

1969 1087 2119 1144 Vers.
2159 1090 2245 1143 10.
2297 1091 2710 1162 Dignus—est.
2801 1091 2980 1157 Nullo,
3067 1092 3264 1163 inquit,
3319 1095 3478 1151 vobis

1890 1197 2030 1252 opus
2070 1191 2155 1236 est
2223 1181 2470 1248 viatico;
2528 1183 2675 1254 digni
2725 1184 2870 1237 enim
2920 1185 3076 1248 estis,
3123 1186 3214 1253 qui
3255 1184 3476 1240 alamini

1889 1273 2084 1329 abhis
2114 1273 2204 1343 qui
2244 1289 2275 1327 a
2315 1274 2773 1340 vobisjuvantur,
2815 1275 2959 1345 apud
2986 1291 3124 1344 quos
3147 1275 3475 1346 Operamini,

1889 1366 2036 1436 apud
2071 1382 2211 1437 quos
2266 1367 2554 1421 laboratis.
2600 1364 2734 1421 Nam
2793 1367 2898 1422 hoc
2950 1383 3060 1422 non
3106 1349 3331 1433 donuni,
3382 1368 3479 1422 sed

1889 1476 2100 1516 merces
2151 1470 2236 1516 est
2266 1462 2449 1532 operis
2493 1457 2688 1526 vestri.
2722 1479 2784 1518 ac
2814 1462 3189 1517 necessarium
3221 1471 3478 1531 tanquam

1890 1550 2159 1604 debitum.

1962 1639 2122 1697 νει-ε.
2160 1639 2246 1695 Η.
2289 1640 2355 1695 In
2382 1643 3075 1714 quamcunque—excolis.
3124 1639 3204 1696 Ne
3259 1649 3477 1711 putent,

1889 1730 2038 1800 quod
2077 1731 2321 1787 omnium
2377 1733 2470 1801 qui
2507 1735 2578 1787 ab
2635 1735 2717 1788 eis
2774 1735 3102 1803 juvarentur
3149 1731 3346 1800 ianuas
3396 1733 3481 1784 in-

1889 1822 2041 1893 gredi
2075 1823 2334 1888 debeant,
2371 1825 2528 1894 jubet
2565 1834 2622 1878 ut
2687 1827 2740 1879 in
2777 1841 3104 1894 quacunque
3157 1825 3379 1878 civitate
3429 1833 3484 1878 ct

1891 1915 2032 1980 vico,
2069 1925 2318 1986 quaerant
2389 1934 2556 1971 unum
2607 1918 2855 1987 dignum,
2889 1918 2984 1986 qui
3051 1932 3144 1971 eos
3198 1915 3480 1985 suscipiat,

1891 2007 2150 2063 videlicet
2201 2009 2495 2063 honestum
2566 2009 2659 2064 Dei
2693 2011 2988 2075 cultorem,
3035 2018 3090 2064 et
3153 2010 3298 2078 apud
3355 2024 3478 2062 eum

1891 2110 2172 2166 maneant,
2227 2103 2404 2158 donec
2460 2118 2490 2157 e
2570 2103 2797 2157 civitate
2829 2111 3078 2156 exeant:
3131 2117 3198 2157 ne
3256 2102 3480 2156 domum

1890 2194 1944 2246 in
1991 2195 2212 2248 domum
2267 2205 2670 2264 pcrmutantes,
2734 2205 2790 2250 et
2819 2211 2944 2250 eum
3013 2194 3191 2264 quise
3224 2209 3485 2264 suscepe-

1889 2296 1973 2340 rat
2020 2289 2369 2352 contristent,
2405 2297 2461 2343 et
2523 2288 2913 2359 gastrimargiaa
2967 2286 3338 2358 suspicionem
3398 2287 3485 2340 in-

1888 2389 2135 2432 currant.

1965 2469 2120 2524 νει-ε.
2176 2471 2263 2524 12.
2333 2471 2697 2542 Ingredientes
2727 2500 2799 2512 --
2833 2470 3009 2524 illam.
3063 2467 3332 2529 Salutate,
3380 2469 3484 2524 hoc

1887 2571 1990 2629 est,
2034 2577 2222 2632 pacem
2274 2563 2352 2617 illi
2403 2564 2724 2634 precamini.
2782 2562 2908 2617 Haec
2943 2562 3088 2616 enim
3131 2561 3480 2630 postmodum

1887 2653 2235 2724 septuaginta
2277 2654 2560 2721 discipulis
2594 2653 2937 2724 praecipiens,
2973 2652 3141 2705 dixit:
3188 2649 3252 2703 In
3286 2667 3482 2721 quant-

1887 2762 2090 2816 cunquc
2143 2747 2358 2799 domum
2413 2747 2764 2809 iutraveritis,
2810 2745 3040 2815 primum
3091 2743 3250 2795 dicite
3299 2758 3316 2795 .'
3361 2741 3478 2796 Paa:

1885 2840 2009 2892 huic
2030 2842 2212 2893 domui
2241 2841 2300 2892 ".

1959 2928 2115 2982 Vers.
2149 2929 2261 2982 13.
2323 2928 2392 2981 Et
2438 2940 2856 2983 —convertatur.
2929 2930 3066 2994 Quia
3125 2927 3172 2982 is
3224 2927 3314 2996 qui
3355 2941 3481 2981 sus-

1885 3017 2048 3087 cipit,
2107 3019 2305 3088 saepius
2360 3019 2505 3090 digni
2565 3035 2767 3073 nomen
2824 3019 3010 3080 habet,
3071 3018 3236 3072 vitam
3294 3027 3479 3071 autem

1883 3107 2184 3176 indignam,
2219 3110 2340 3164 ideo
2357 3109 2489 3164 dicit
2523 3129 2533 3162 :
2571 3109 2624 3164 Si
2658 3110 2874 3179 quidem
2901 3108 3067 3163 fuerit
3088 3109 3281 3162 domus
3302 3109 3481 3179 digna,

2647 3218 2750 3272 pax
2809 3218 2930 3271 quae
2996 3218 3026 3255 a
3088 3201 3239 3255 vobis
3297 3201 3479 3266 datur,

1889 3293 2085 3360 idest,
2164 3303 2426 3365 operetur
2487 3295 2541 3348 in
2617 3296 2783 3360 illam,
2867 3294 3186 3363 fruaturque
3261 3309 3393 3363 pace
3428 3301 3485 3348 et

1891 3388 2334 3457 tranquillitate;
2390 3387 2437 3441 si
2500 3401 2629 3440 vero
2688 3386 2853 3441 fuerit
2887 3386 3137 3455 indigna,
3171 3399 3269 3454 pax
3301 3395 3482 3440 vestra

1889 3477 1956 3530 ad
1989 3493 2085 3531 vos
2143 3485 2519 3544 convertatur,
2580 3478 2695 3531 sive
2742 3476 2879 3530 nihil
2911 3485 3172 3545 Operetur
3211 3493 3223 3528 :
3263 3476 3358 3530 sed
3383 3475 3484 3530 hac

1889 3568 2174 3622 vobiscum
2204 3580 2447 3639 sumpta,
2478 3569 2642 3623 exite.

1961 3719 2099 3775 Vide
2168 3720 2313 3788 qudd
2376 3733 2482 3773 non
2550 3719 2756 3774 dederit
2845 3717 2926 3772 eis
2999 3712 3480 3786 prmeognitionem

1890 3813 2039 3884 digiti
2093 3823 2148 3867 et
2186 3813 2390 3884 indigni
2426 3829 2440 3866 :
2486 3820 2547 3865 ut
2580 3827 2637 3864 re
2671 3810 2909 3865 maxime
2955 3809 3268 3864 necessaria
3305 3805 3481 3858 desti-

1890 3906 2015 3970 tuti,
2059 3920 2181 3960 sese
2227 3904 2539 3974 deprimant
2582 3913 2840 3972 tanquam
2908 3902 3238 3972 imperfecti.
3287 3900 3480 3955 Admi-

1890 3999 2124 4053 randum
2163 4009 2249 4052 est
2298 4006 2480 4052 autem
2529 3997 2828 4066 quomodo,
2890 4007 3175 4065 postquam
3223 3996 3482 4052 omnibus

1892 4106 1986 4145 eos
2028 4089 2274 4152 nudavit,
2330 4104 2547 4142 rursum
2595 4087 2704 4142 illis
2737 4087 2919 4140 omnia
2973 4086 3310 4141 submiserit.
3348 4087 3481 4152 Quis

1891 4183 2039 4237 enim
2084 4182 2203 4235 laeta
2253 4181 2433 4235 fronte
2474 4195 2581 4234 non
2617 4180 2884 4250 suscipiat
2932 4178 3174 4248 hospitio
3214 4177 3483 4247 quibuslia

1892 4275 1986 4329 bet
2037 4274 2218 4329 obviis
2268 4282 2582 4337 contentos,
2664 4287 2728 4326 ac
2768 4271 3144 4325 sollicitudine
3202 4279 3481 4329 carentes,

1891 4366 2186 4437 fulgentes,
2247 4380 2355 4418 non
2386 4364 2556 4418 verbo
2599 4371 2812 4418 tantum
2849 4372 2904 4416 et
2947 4360 3248 4426 miraculis,
3287 4376 3480 4415 verum

1893 4460 2057 4515 etiam
2103 4459 2246 4528 quod
2288 4458 2462 4528 magis
2493 4466 2598 4523 est,
2646 4457 2788 4512 bona
2823 4454 2984 4511 vita?

2151 4553 2239 4607 H.
2275 4551 2342 4605 Et
2369 4561 2776 4605 —vestrorum.
2812 4549 3029 4603 Marcus
3088 4546 3264 4602 dixit:
3305 4543 3483 4598 Excu-

1887 4650 1983 4701 tite
2013 4646 2299 4716 pulverem,
2334 4646 2528 4714 quiest
2577 4643 2670 4696 sub
2715 4643 2928 4712 pedibus
2979 4639 3186 4704 vestris,
3227 4640 3283 4692 in
3339 4639 3486 4691 testi-

1889 4738 2125 4790 monium
2165 4735 2270 4790 illis
2300 4737 2366 4800 ³⁵,
2431 4735 2546 4788 sive
2587 4733 2654 4788 ad
2725 4731 3172 4802 redargutionem
3241 4729 3482 4782 illorum.

1891 4828 2312 4884 ilanil‘estabant
2368 4827 2514 4880 enim
2561 4842 2658 4895 per
2691 4825 2852 4878 talem
2895 4821 3300 4885 excussionem,
3335 4819 3481 4889 quod

1888 4935 1998 4974 non
2040 4918 2216 4972 solum
2263 4917 2401 4971 nihil
2440 4917 2567 4971 inde
2608 4915 2949 4985 acceperint,
2978 4913 3074 4968 sed
3098 4913 3261 4967 etiam
3294 4912 3483 4982 pulve-

1889 5028 2027 5075 rem,
2053 5011 2144 5080 qui
2171 5011 2294 5065 inde
2314 5010 2655 5074 adh-.esissct,
2682 5025 2712 5062 a
2733 5007 2962 5079 pedibus
2991 5007 3104 5061 suis
3133 5013 3478 5068 excuterem,

1898 5115 2154 5172 tanquam
2194 5113 2415 5172 propter
2455 5103 2576 5156 illos
2605 5101 2852 5171 impium.

1483 5378 1691 5438 \‘arim
1730 5377 2038 5440 lectiooes
2076 5385 2130 5438 ei
2168 5380 2356 5436 noue.

266 5554 380 5622 (τε)
413 5551 648 5622 ὲφοδίου.
681 5553 746 5606 Α.

268 5625 382 5693 (14)
404 5624 691 5692 αποῗοχῆς.
718 5622 784 5676 Α.

273 5691 386 5762 (lii)
420 5691 646 5762 είρήνίήν
675 5693 758 5744 ἐπ’
788 5693 978 5761 αὑτήν.
1009 5691 1071 5743 Λ.

275 5759 386 5835 (16)
415 5759 738 5833 Intelligitur
767 5759 923 5831 ergo,
946 5763 1106 5835 unde
1133 5762 1186 5814 in
1249 5759 1542 5835 nonnullos
1573 5759 1792 5835 codices

203 5829 291 5892 ll.‘
317 5838 351 5889 l.
391 5829 652 5889 vcncritv:
699 5829 965 5898 ,λέγοντες
991 5849 1002 5862 ·
1051 5833 1255 5901 Εἰρήνη
1299 5829 1550 5901 τῴᾼοῖκῳ
1591 5829 1790 5898 τούτῳ.

279 5907 390 5976 (l7)
431 5903 570 5972 αὕτη
603 5920 711 5958 non
746 5904 906 5956 habet
944 5903 996 5956 in
1031 5899 1205 5955 textu.
1234 5901 1342 5955 Nec
1369 5899 1794 5971 Chrysostmnus

531 5999 796 6059 ΙἈτῐιιιῐ..
843 6004 956 6060 Uti.
994 5998 1262 6057 CXXIX.

1887 5549 2133 5602 agnoscit
2175 5559 2306 5603 tom.
2359 5543 2470 5610 VII,
2508 5561 2629 5615 pag.
2669 5543 2764 5597 371
2813 5544 2908 5596 fin.
2957 5543 3057 5595 Alii
3113 5541 3478 5615 tamenapuil

1889 5618 2091 5674 “’ctst.
2154 5620 2405 5673 inferunt
2464 5612 2674 5684 ἐκείνη.
2740 5615 2829 5667 list
2895 5630 3022 5683 ergo
3073 5612 3480 5682 explicationis,

1892 5700 1950 5742 ut
1981 5707 2103 5744 mox
2133 5691 2350 5743 δοθεῖσα

1965 5763 2078 5831 (18)
2113 5762 2338 5834 Correvi
2369 5759 2714 5834 λάμποντας,
2753 5777 2849 5832 pro
2884 5757 3288 5828 λαμϐάνοντας.
3330 5749 3482 5805 llen-

1895 5834 2092 5898 lenius,
2117 5833 2389 5902 fulgentes.

3097 5981 3163 6043 il
