4026 6542
546 825 772 935 propter
793 856 1015 910 nimiam
1064 825 1346 904 libidinem
1397 833 1824 896 inhabitantium
1883 825 2120 882 maxima

548 915 860 1008 calamitate
895 942 1132 998 redactae
1157 943 1288 992 sunt
1321 933 1378 988 in
1406 929 1680 1002 pulveres,
1728 923 1856 994 igne
1901 915 2122 973 caelitus

550 1005 957 1113 conﬂagrante;
1015 1042 1072 1089 et
1115 1033 1312 1087 horum
1366 1019 1698 1093 supplicium
1763 1029 1796 1068 a
1849 1010 1962 1066 Deo
2017 1005 2123 1060 illis

550 1097 878 1191 imttiiszum,
929 1097 1125 1194 quovis
1199 1116 1307 1172 alio
1371 1103 1777 1166 formidabilius
1839 1097 2124 1154 videbatur

551 1241 616 1280 ac
666 1223 713 1280 si
740 1231 886 1278 terra
947 1190 1044 1270 illa
1075 1211 1143 1268 ad
1176 1213 1281 1264 hoc
1336 1216 1508 1274 usque
1538 1210 1755 1267 tempus
1793 1190 2124 1248 inflammata

550 1317 823 1375 videatur.
862 1318 1125 1373 suamque
1155 1297 1419 1371 praedicet
1454 1289 1845 1348 calamitatem.

623 1407 726 1462 llic
757 1417 889 1460 vero
914 1369 1054 1455 dicit
1112 1369 1369 1450 Citristus
1434 1383 1652 1457 gravius
1676 1393 1772 1435 eos
1798 1369 2126 1448 puniendos,

553 1498 644 1569 qui
674 1510 782 1550 non
811 1486 1149 1560 exceperint,
1181 1498 1286 1538 nec
1331 1477 1606 1534 audierint
1649 1468 1816 1525 verba
1858 1461 2130 1534 apostolo-

553 1605 699 1645 rum.
727 1584 965 1641 Sodoma
996 1579 1144 1635 enim
1175 1576 1233 1631 et
1287 1567 1594 1628 Gomorrha
1648 1573 1827 1631 neque
1870 1553 2130 1611 miracula

554 1682 824 1744 viderant,
866 1674 1010 1731 sicut
1061 1669 1148 1725 isti
1195 1669 1530 1720 innumera:
1581 1667 1757 1723 neque
1809 1648 1878 1703 ad
1928 1657 2132 1700 terram

556 1736 772 1830 illorum
802 1736 1109 1836 discipulia
1139 1759 1426 1813 Salvatore
1473 1749 1626 1804 missi
1687 1747 1926 1799 fuerant.
1995 1736 2134 1792 Cum

1797 434 2180 501 EUTHYMII
2221 426 2580 492 ZIGABENI

3682 413 3790 482 332

2299 539 2486 610 Ἀμὴν
2508 567 2576 578 —-
2595 535 2823 602 ἐκείνῃ.
2845 533 2944 586 Διὰ
2969 530 3068 602 τῆς
3096 529 3324 592 πόλεως,
3347 525 3442 582 καὶ
3469 525 3568 596 τὴν
3598 525 3793 598 κώμην

2226 909 2318 962 θεν
2351 904 2460 978 (l9)
2493 902 2872 974 κατενεχθέντι
2902 899 3061 972 πυρί.
3086 899 3200 953 Καὶ
3236 897 3443 950 τούτων
3473 898 3506 966 ἡ
3538 895 3807 964 θεήλατος

2225 999 2366 1071 αὕτη
2402 997 2624 1060 κόλασις
2659 992 3015 1064 φοϐερωτέρα
3053 991 3234 1063 πάσης
3282 989 3456 1044 ἐδόκει
3497 990 3689 1053 πᾶσιν,
3712 989 3809 1041 ἅτε

2225 1093 2319 1146 καὶ
2348 1094 2446 1161 τῆς
2477 1089 2581 1160 γῆς
2607 1087 2826 1155 δκείνης
2853 1085 2982 1154 ἄχρι
3015 1083 3113 1138 καὶ
3171 1081 3268 1137 νῦν
3329 1079 3810 1153 ιμπεπρησμένης

2227 1182 2583 1253 φαινομένης,
2612 1181 2708 1234 καὶ
2732 1175 3110 1250 κηρυττούσης
3133 1174 3234 1247 τὴν
3259 1173 3467 1228 οῑκείαν
3496 1172 3813 1242 συμφοράν.

2311 1273 2474 1327 Ἀλλὰ
2523 1271 2619 1326 νῦν
2651 1273 2680 1325 ὁ
2716 1269 2953 1341 Χριστὸς
3006 1266 3311 1339 βαρύτερον
3369 1264 3819 1337 κολασθήσεσθαι

2228 1365 2379 1436 λέγει
2402 1365 2528 1428 τοὺς
2547 1363 2622 1436 μὴ
2640 1354 2982 1433 δεχομένους,
3005 1360 3130 1431 μηδ’
3146 1358 3446 1422 ἀκούοντας
3471 1359 3597 1421 τοὺς
3620 1357 3820 1424 λόγους

2230 1465 2339 1518 τῶν
2373 1462 2713 1526 ἀποστόλων,
2737 1459 2874 1513 διότι
2908 1458 2978 1535 τᾲ
3008 1458 3215 1526 Σόδομα
3266 1455 3364 1510 καὶ
3411 1455 3481 1508 τὰ
3532 1453 3570 1505 Γ
3575 1455 3818 1525 όμορῤα,

2233 1556 2354 1610 οὔτε
2382 1557 2635 1624 θαύματα
2676 1549 2836 1617 εἶδον,
2860 1551 2934 1614 ὡς
2962 1543 3109 1604 οὗτοι
3141 1550 3332 1620 μυρία,
3355 1548 3478 1602 οὕτε
3524 1549 3664 1618 πρὸς
3724 1547 3823 1616 τὴν

2235 1651 2340 1720 γῆν
2361 1650 2541 1705 αὐτῶν
2570 1648 2808 1719 μαθηταὶ
2839 1647 2990 1716 παρὰ
3015 1644 3109 1697 τοῦ
3137 1646 3388 1715 Σωτῆρος
3411 1642 3825 1712 ἀπεστάλησαν.

2236 1741 2421 1796 Εἰπὼν
2444 1742 2522 1804 δὲ,
2552 1741 2636 1794 ὅτι
2667 1738 3076 1803 Ἁνεκτότερον
3101 1736 3274 1789 ἔσται
3305 1735 3379 1804 γῇ
3415 1733 3698 1802 Σοδόμων
3722 1732 3825 1786 καὶ

557 1877 738 1928 autem
764 1861 901 1916 dixit
926 1826 1318 1912 {Tolerabilius
1362 1845 1462 1899 erit
1497 1851 1652 1896 terra:
1705 1835 2057 1891 Sodomorum
2086 1833 2135 1881 et

2259 1835 2562 1928 Γομόρρων
2577 1832 2647 1885 ἐν
2677 1830 2871 1928 θήμέρᾳ
2911 1829 3187 1897 κρίσεως,
3215 1828 3507 1898 ἐδήλωσεν,
3532 1828 3614 1879 ὅτι
3649 1826 3745 1879 καλ⁸
3770 1827 3831 1878 ὲν

560 1918 971 2012 (Samon-horum
1001 1946 1058 2000 in
1079 1945 1162 1999 die
1175 1938 1390 2010 judicii,
1421 1929 1749 2004 significavit
1770 1924 1934 1980 etiam
1963 1921 2020 1975 in
2042 1918 2130 1973 fu-

561 2055 687 2100 turo
712 2038 912 2097 saeculo
934 2033 1246 2089 Sodomitas
1271 2037 1325 2082 et
1347 2019 1725 2081 Gomorrbitas
1751 2030 1873 2071 esse
1904 2011 2139 2083 punien—

563 2123 664 2192 dos
683 2153 696 2190 :
717 2141 773 2188 et
793 2130 920 2185 hinc
937 2123 1284 2181 manifestum
1298 2127 1383 2172 est
1399 2114 1645 2186 quaedam
1664 2114 1884 2181 peccata
1905 2114 1961 2160 et
1979 2103 2069 2158 hic
2085 2107 2140 2155 et

564 2228 639 2281 ibi
670 2238 792 2278 esse
825 2215 1101 2291 punienda

637 2315 954 2368 Timeamus
972 2319 1102 2376 ergo
1128 2311 1178 2358 et
1208 2315 1310 2356 nos
1340 2292 1653 2368 huiusmodi
1683 2289 1882 2350 minas,
1905 2283 2142 2340 scientes

562 2405 714 2480 quod
736 2401 916 2457 omnis
935 2396 1027 2467 qui
1044 2374 1170 2448 non
1204 2396 1408 2452 servat,
1431 2399 1608 2454 neque
1643 2380 1773 2435 facit
1796 2392 1916 2448 qua:
1943 2374 2143 2429 docue-

569 2464 699 2556 runt
726 2464 980 2565 apostoli,
1008 2483 1360 2541 manifestum
1396 2487 1481 2533 est
1527 2474 1672 2546 quod
1707 2484 1887 2544 neque
1917 2464 2146 2535 suscipit

566 2606 687 2658 eos,
724 2598 905 2656 neque
938 2580 1153 2651 illorum
1185 2572 1339 2629 audit
1387 2581 1692 2625 sermones.
1749 2561 1931 2628 Quare
1963 2565 2145 2612 autem

569 2697 682 2740 uno
743 2693 856 2733 non
913 2666 1270 2740 suscipiente,
1321 2661 1576 2716 universa
1618 2654 1811 2710 civitas
1875 2646 2147 2722 punienda

570 2772 696 2829 est?
720 2767 856 2834 Quia
889 2759 1318 2826 cretei-iquoque
1339 2748 1589 2805 videntes
1616 2759 1724 2799 non
1747 2740 2150 2812 prohibuerunt

573 2828 874 2924 illuijui
899 2864 1081 2909 autem
1097 2862 1206 2904 non
1223 2840 1594 2912 suscipiebant
1609 2833 1905 2906 apostolos,
1935 2828 2151 2901 publice

573 2972 672 3015 eos
702 2948 1067 3022 expellebant.

648 3069 806 3127 Vera.
844 3063 933 3118 16.
967 3059 1102 3115 Ecce
1134 3085 1203 3100 --
1246 3054 1514 3123 luporum.
1542 3045 1836 3114 Postquam
1877 3039 1986 3094 illis
2052 3051 2151 3090 au-

2237 1925 2316 1996 τῷ
2362 1925 2609 1994 μέλλοντι
2643 1921 2802 1975 αίῶνι
2840 1922 2890 1973 οἱ
2922 1920 3210 1990 Σοδομῖται
3240 1920 3338 1971 καὶ
3382 1917 3712 1988 Γομορῤῐται
3748 1932 3833 1968 τι·

2244 2016 2692 2105 μωρηθήσονται.
2731 2011 3047 2068 Κάντεῦθεν
3087 2010 3343 2082 φανερὸν,
3372 2010 3447 2076 ὥς
3473 2025 3619 2073 τινες
3652 2011 3825 2080 ἁμαρ-

2239 2111 2354 2163 τίαι
2385 2109 2478 2162 καὶ
2507 2104 2760 2171 ἐνταῦθα,
2789 2106 2885 2160 καὶ
2917 2107 3038 2157 ἐκεῖ
3069 2104 3414 2167 κολάζονται.

2315 2289 2650 2361 Φοδηθῶμεν
2681 2283 2776 2342 οὖν
2804 2286 2901 2341 καὶ
2931 2287 3095 2357 ἡμεῖς
3141 2285 3242 2354 τὴν
3284 2285 3548 2356 τοιαύτην
3577 2286 3837 2358 ἀπειλὴν,

2247 2385 2471 2447 ειδότες,
2495 2383 2579 2436 ὅτι
2631 2381 2752 2442 πᾶς.
2786 2381 2814 2432 ὁ
2847 2379 2922 2449 μὴ
2954 2378 3256 2447 φυλάττων,
3285 2377 3423 2447 μηδὲ
3473 2378 3642 2432 ποιῶν
3688 2381 3841 2450 ἅπερ

2249 2474 2495 2539 ἐδίδαξαν
2548 2474 2597 2526 ol
2641 2471 2955 2533 ἀπόστολοι,
3011 2469 3301 2541 πρόδηλον,
3329 2468 3405 2532 ὡς
3458 2469 3581 2524 οὐδὲ
3616 2472 3840 2541 δέχεται

2248 2566 2494 2654 τούτους,
2525 2563 2650 2618 οὔτε
2699 2563 2886 2618 ἀκούει
2919 2563 3045 2625 τοὺς
3076 2561 3268 2630 λόγους
3324 2561 3526 2616 αὐτῶν.
3569 2564 3726 2616 Διατί
3757 2565 3842 2631 δὲ,

2250 2652 2369 2722 ἑνὸς
2430 2657 2505 2728 μὴ
2560 2656 2881 2724 δεξαμένου,
2925 2655 3077 2706 πᾶσα
3110 2653 3144 2722 ἡ
3197 2652 3350 2716 πόλις
3399 2653 3839 2725 κολαπθήσεταις

2253 2753 2399 2806 Διότι
2427 2752 2523 2805 καὶ
2557 2749 2606 2802 oi
2636 2749 2817 2800 λοι-κιο)⁸
2854 2746 3167 2816 βλέποντες,
3203 2745 3304 2798 οὐκ
3340 2745 3620 2800 ἐκώλυσαν
3649 2749 3842 2804 αὐτόν.

2254 2844 2318 2898 Οἱ
2347 2844 2454 2914 γὰρ
2491 2843 2565 2912 μὴ
2601 2840 3032 2911 παραδεχόμενοι
3063 2838 3190 2901 τοὺς
3217 2839 3578 2906 ἀποστόλους,
3600 2841 3847 2914 δημοσίᾳ

2253 2936 2479 2998 τούτους
2513 2935 2847 3005 ἀπήλαυνον.

2341 3027 2495 3080 Ἰδοὺ
2531 3057 2593 3066 ——
2617 3029 2842 3081 λύκων.
2863 3027 3152 3099 Θαρῤύνας
3180 3027 3402 3093 αὐτοὺς,
3425 3026 3491 3080 δι’
3521 3018 3595 3080 ὧν
3624 3025 3848 3096 παρήγ-

579 3162 794 3220 daciam
823 3152 1014 3226 injecit
1039 3133 1138 3221 per
1161 3162 1226 3203 ea
1255 3119 1376 3216 quae
1402 3139 1843 3199 denuntiavcrat,
1895 3141 1950 3186 et
1987 3130 2154 3184 duros

2259 3120 2427 3226 γειλε,
2457 3119 2552 3172 καὶ
2584 3122 2846 3226 στερροὺς
2880 3122 2971 3172 καὶ
3007 3120 3413 3189 ἀδαμαντίνους
3435 3119 3846 3187 ἐργασάμενος,

577 3269 644 3310 ac
673 3245 1055 3307 adamantinos
1084 3238 1357 3296 reddidit:
1382 3231 1626 3305 praedicit
1669 3229 1832 3283 etiam
1865 3237 2014 3278 nunc
2036 3237 2156 3292 qua:

580 3347 690 3401 illis
710 3349 940 3397 ventura
961 3341 1112 3398 sunt,
1131 3344 1242 3386 non
1267 3328 1442 3384 solum
1467 3338 1588 3394 quae
1615 3321 1778 3392 paulo
1804 3325 1949 3389 post,
1966 3328 2156 3371 verum

582 3438 746 3494 etiam
771 3447 892 3503 quae
924 3432 1085 3496 longo
1143 3430 1269 3493 post
1309 3430 1580 3488 tempore.
1635 3412 1880 3467 Primum
1939 3407 2159 3478 quidem

581 3537 644 3583 ut
710 3525 818 3579 vim
851 3515 1218 3593 praescientite
1295 3510 1471 3580 ipsius
1535 3509 1912 3576 cognoscant;
1953 3495 2160 3552 deinde

585 3632 815 3677 verone
843 3587 1133 3684 patientes,
1167 3604 1516 3673 suspicentur
1572 3610 1695 3652 sese
1741 3596 1853 3648 haec
1911 3590 2043 3662 pati,
2095 3587 2163 3643 ob

585 3711 709 3783 ejus
736 3681 984 3777 qui—illos
1009 3699 1156 3756 misit
1197 3692 1670 3754 imbecillitatem;
1703 3683 1862 3740 tertio
1889 3691 1951 3737 ut
1979 3681 2164 3736 audito

587 3776 851 3875 primum,
881 3793 1030 3866 quod
1058 3789 1196 3846 mala
1240 3785 1452 3857 passuri
1491 3781 1621 3845 sint,
1677 3776 1888 3832 facilius
1927 3783 2166 3843 postmo-

584 3872 716 3951 dum
738 3889 938 3946 ferant.
984 3883 1140 3946 Ecce,
1181 3877 1378 3948 inquit,
1445 3889 1537 3945 ego
1576 3872 1726 3926 mitto
1761 3885 1870 3933 vos,
1911 3875 2166 3936 tanquam

590 4002 706 4041 oves
741 3985 797 4036 in
854 3978 1024 4033 medio
1073 3974 1340 4042 luporum.
1395 3968 1508 4036 Ego
1555 3964 1645 4034 qui
1685 3960 1867 4018 omnia
1922 3972 2166 4030 possum,

591 4078 751 4133 mitto
779 4086 898 4137 vos,
941 4057 1391 4123 ntmordeamini
1457 4069 1522 4109 ac
1573 4049 1941 4114 dilaniemini;
1991 4060 2169 4116 neque

593 4161 954 4225 ulciscamlni,
975 4164 1069 4212 aut
1090 4165 1284 4210 manus
1300 4153 1667 4218 repugnantes
1683 4138 2172 4212 objiciatis.Quam-

593 4255 822 4317 obrem?
875 4251 1016 4318 Quia
1040 4247 1211 4318 magis
1240 4245 1313 4298 ita
1367 4235 1599 4296 vincetis
1623 4277 1636 4302 ,
1665 4244 1721 4290 et
1770 4234 1926 4303 lupos
1958 4231 2011 4285 in
2041 4243 2170 4285 oves

597 4340 1050 4404 transmutaliitis.
1084 4332 1416 4404 Quomodo?
1449 4327 1565 4383 lilea
1593 4327 1814 4391 virtute,
1845 4337 1963 4393 quin
1993 4320 2174 4376 omnia

599 4437 790 4501 vincit,
818 4440 1106 4498 vestraque
1135 4419 1573 4482 mansuetudine,
1599 4429 1718 4486 qua:
1771 4422 1830 4468 ut
1880 4411 2173 4482 plurimum

2181 3179 2227 3242 ϐ
2261 3213 2447 3266 λοιπὸν
2513 3179 2772 3282 προλέγει
2820 3179 2914 3266 καὶ
2964 3212 3032 3266 τὰ
3089 3179 3754 3284 συμόησόμεναντούτοις,

2265 3307 2424 3376 μόνον
2487 3306 2554 3358 τὰ
2621 3305 2816 3375 μικρὸν
2882 3305 3130 3376 ὕστερον,
3181 3305 3317 3359 ἀλλὰ
3373 3305 3470 3358 καὶ
3507 3303 3577 3357 τὰ
3633 3305 3852 3375 μακρὸν

2263 3397 2511 3468 ὕστερον.
2539 3397 2762 3468 Πρῶτον
2801 3397 2922 3468 μὲν,
2954 3398 3042 3449 ἵνα
3103 3397 3318 3468 μάθωσι
3351 3397 3449 3467 τὴν
3485 3397 3718 3467 δύναμιν
3750 3397 3854 3466 τῆς

2265 3489 2626 3560 προγνώσεως
2665 3489 2833 3541 αὑτοῦ
2856 3505 2868 3521 ·
2895 3489 3154 3559 δεύτερον
3185 3489 3262 3553 δὲ,
3289 3490 3378 3543 ἵνα
3413 3489 3737 3560 πάσχοντες,
3773 3491 3856 3560 μὴ

2266 3581 2639 3640 ὑποπτεύωσι.
2689 3580 2758 3633 δι’
2809 3581 3096 3634 ἀσθένειαν
3151 3582 3245 3634 τοῦ
3305 3581 3620 3650 πέμψαντος
3673 3583 3854 3636 ταῦτα

2269 3673 2527 3741 πάσχεινο
2563 3673 2767 3742 τρίτον,
2792 3673 2879 3725 ἵνα
2919 3673 3352 3742 προακηκοότες.
3385 3675 3466 3728 ὅτι
3522 3675 3854 3746 κακοπαθή-

2270 3781 2446 3828 σουσι,
2481 3767 2609 3835 ῥᾷον
2661 3767 2780 3817 τότε
2812 3766 3050 3835 φέροιεν.
3105 3764 3290 3826 Ἰδοὺ,
3316 3767 3501 3834 φησὶν.
3549 3766 3665 3834 ἐγὼ
3698 3769 3857 3821 ἀπο-

2269 3858 2504 3910 στέλλω
2532 3856 2708 3925 ὑμᾶς,
2725 3857 2805 3921 ὡς
2829 3857 3095 3923 πρόϐατα
3120 3855 3190 3909 ἐν
3223 3856 3392 3926 μέσῳ
3414 3858 3648 3911 λύκωνο
3682 3860 3796 3927 ἐγὼ

2270 3951 2452 4004 πάντα
2491 3949 2824 4019 δυνάμενος·
2856 3947 2998 4002 ὥστε
3059 3948 3348 4002 δάκνεσθαι
3381 3951 3526 4018 ὑμᾶς
3560 3952 3660 4004 καὶ
3711 3969 3858 4012 σπα-

2274 4041 2568 4114 ράττεσθαι
2599 4039 2754 4109 παρὰ
2783 4041 2891 4093 τῶν
2922 4040 3412 4106 ἐπιϐουλευόντων,
3440 4042 3516 4111 μὴ
3545 4043 3859 4111 ἀμύνεσθαι

2271 4134 2350 4200 δὲ,
2380 4133 2502 4205 μηδ’
2523 4131 2919 4204 ἁντιμάχεσθαι
2941 4135 3063 4195 ταῖς
3086 4131 3462 4200 χερσί.Διατί;
3486 4133 3630 4190 Διότι
3654 4134 3862 4205 μᾶλλον

2272 4226 2417 4280 οὕτω
2473 4228 2721 4294 νικήσετε
2775 4223 2872 4277 καὶ
2923 4223 3284 4293 μεταϐαλείτε
3357 4226 3481 4285 τοὺς
3526 4223 3726 4289 λύκους
3777 4217 3860 4292 εις

2276 4319 2543 4390 πρόϐατα.
2565 4315 2716 4382 Πῶς;
2739 4317 2851 4386 Τῆς
2879 4317 3017 4386 ἐμῆς
3038 4317 3323 4387 δυνάμεως
3349 4317 3409 4369 τὺ
3435 4318 3548 4370 πᾶν
3576 4335 3828 4389 κατεργα
3852 4348 3864 4361 -

2277 4411 2532 4482 ζομὲνης,
2563 4411 2657 4463 καὶ
2689 4411 2789 4478 τῆς
2822 4409 3098 4479 ὑμετέρας
3124 4408 3179 4461 δὲ
3220 4409 3529 4480 πραότητος
3577 4411 3862 4483 χαλώσης,

596 4528 946 4588 ferocitatem
1000 4534 1063 4574 ac
1109 4511 1497 4572 truculentiam
1552 4506 1852 4563 infidelium
1878 4502 2149 4559 submittit

2279 4504 2355 4567 ὡς
2387 4503 2457 4557 τὰ
2492 4502 2684 4565 πολλὰ,
2715 4502 2776 4555 τὸ
2805 4502 2998 4572 ἄγριον
3047 4504 3142 4554 καὶ
3195 4502 3416 4570 φονικὸν
3445 4502 3554 4556 τῶν
3586 4503 3860 4560 ἀπίστων.

597 4623 790 4691 Neque
855 4613 1003 4670 enim
1041 4607 1296 4668 ferocitas
1374 4618 1470 4674 per
1516 4600 1875 4662 ferocitatem,
1934 4597 2029 4652 sed
2075 4610 2174 4666 per

600 4688 1086 4768 mansuetudinem
1121 4695 1365 4754 submitti
1425 4693 1580 4748 solet.
1627 4688 1760 4743 Nam
1795 4695 2010 4758 Oportet
2048 4702 2174 4748 eunt

603 4805 697 4874 qui
726 4798 976 4856 medetur
1014 4791 1243 4854 insanis,
1272 4787 1542 4859 patienter
1571 4781 1785 4836 illorum
1828 4779 1973 4834 ferre
2033 4777 2177 4847 inju-

607 4869 737 4956 rias,
769 4891 938 4946 solam
988 4900 1100 4956 pra:
1145 4883 1318 4938 oculis
1376 4877 1626 4933 habendo
1683 4872 2061 4928 liberatio‘nem
2110 4869 2178 4922 ab

608 4983 842 5040 insania.
885 4978 952 5033 Et
985 4992 1088 5031 nos
1131 4988 1261 5043 ergo
1313 4970 1417 5024 nisi
1472 4968 1651 5022 ovium
1703 4963 2178 5018 mansuetudinem

607 5080 871 5132 adversus
939 5067 1280 5124 ferocitatem
1355 5061 1594 5122 illorum,
1639 5057 1731 5127 qui
1799 5070 1902 5108 nos
1961 5053 2187 5114 laedunt,

2282 4596 2356 4649 Οὐ
2396 4596 2504 4668 γὰρ
2550 4595 2851 4666 θρασύτητι
2884 4595 3184 4663 θρασύτης,
3219 4593 3337 4647 ἀλλ’
3389 4595 3662 4665 ἐπιεικείᾳ
3690 4611 3867 4651 κατα.

2285 4688 2603 4742 στέλλεσθαι
2653 4686 2829 4740 εἴωθε.
2859 4675 2980 4758 Χρὴ
3033 4688 3141 4757 γὰρ
3178 4690 3269 4739 τὸν
3327 4687 3641 4758 ἰατρεύοντα
3681 4707 3866 4763 μεμη-

2287 4781 2443 4843 νότας
2507 4779 2876 4851 μακροθύμως
2933 4779 3123 4851 φέρειν
3175 4779 3275 4843 τὰς
3329 4781 3620 4850 παροινίας
3654 4783 3862 4848 αὐτῶν,

2287 4873 2421 4942 πρὸς
2446 4874 2622 4943 μόνην
2651 4871 2863 4943 δρῶντα
2897 4871 2994 4942 τὴν
3023 4873 3120 4942 τῆς
3154 4872 3349 4942 μανίας
3378 4872 3721 4943 ἀπαλλαγήν.
3750 4875 3866 4928 Καὶ

2294 4967 2452 5034 ἡμεῖς
2504 4961 2619 5030 οὖν,
2670 4963 2766 5016 ἐὰν
2817 4963 2892 5034 μὴ
2925 4964 3212 5034 προϐάτων
3247 4961 3561 5034 ἡμερότητα
3596 4966 3731 5036 πρὸς
3761 4967 3864 5040 τὴν

2290 5057 2590 5126 ἀγριότητα
2646 5055 2756 5107 τῶν
2802 5056 3219 5126 ἐπηρεαζόντων
3266 5058 3400 5126 ἡμῖν
3435 5057 3860 5130 ὲπιδειξὼμεθα,

609 5160 1079 5237 proposuerimus,
1109 5167 1446 5225 nequaquam
1474 5149 1705 5220 pastoris
1736 5145 1905 5200 nostri
1929 5144 2148 5197 auxiliui

2289 5150 2504 5211 πάντως
2535 5149 2634 5216 οὑχ
2663 5147 2856 5217 ἕξομεν
2881 5148 2978 5217 τὴν
3003 5147 3099 5201 τοῦ
3128 5143 3386 5219 ποιμένόξ
3405 5148 3562 5218 ἡμῶν
3587 5149 3861 5220 βοήθειαν;

608 5257 849 5314 habituri
901 5266 1107 5310 sumus.
1175 5246 1456 5317 Siquidem
1490 5244 1695 5306 ovium,
1751 5253 1856 5292 non
1910 5239 2185 5307 luporum,

605 5356 794 5418 pastor
815 5355 919 5399 est.

2286 5243 2581 5312 Προὸάτων
2620 5242 2748 5310 γὰρ,
2777 5242 2836 5293 ού
2870 5241 3051 5295 λύκων
3082 5242 3202 5294 ἐστὶ
3231 5242 3434 5313 ποιμήν
3455 5241 3597 5312 (20).

1797 5451 1992 5512 Varia;
2025 5451 2329 5512 lectiones
2359 5455 2417 5510 et
2453 5456 2639 5508 nota).

653 5612 792 5694 _(19)
833 5610 948 5694 Etsi
997 5608 1184 5694 dativi-
1201 5608 1364 5694 ctiam
1399 5605 1646 5694 absolute
1674 5604 1927 5659 dicuntur
1948 5645 1961 5668 ,
1992 5613 2169 5658 tamen

608 5675 935 5808 giepémalim
979 5688 1070 5732 aut
1118 5677 1194 5746 τῷ
1245 5675 1557 5748 οὐρανόθεν,
1605 5685 1698 5728 aut
1757 5676 2173 5744 κατενεχθέντος

756 5787 803 5808 ν

841 5819 995 5884 Quod
1039 5818 1127 5873 hic
1171 5817 1400 5887 subjecit
1443 5816 1709 5871 scholium
1761 5814 2058 5871 llentenius
2108 5831 2174 5869 ex

2284 5603 2630 5688 φανείητε,συί
2655 5605 2882 5688 codicis,
2906 5604 3268 5688 id”.n_neutro
3294 5619 3538 5661 meorum
3567 5617 3860 5676 reperitur.

2283 5671 2505 5746 FruStra
2533 5675 2591 5729 id
2616 5677 2778 5730 etiam
2810 5678 2866 5730 in
2900 5677 3019 5731 aliis
3047 5677 3200 5731 libris
3227 5676 3472 5746 quiesivi.
3503 5671 3749 5745 Sparsim
3777 5690 3861 5733 ta-

2635 5748 2887 5821 leguntur
2935 5749 3081 5816 apud
3120 5737 3400 5818 Chrvsost.
3464 5737 3609 5801 Itoni.
3666 5749 3753 5816 53,
3801 5750 3853 5801 in
