4026 6512
188 454 289 520 ιιι

1058 457 1454 527 (ὈΜΜΕΝΤ.
1496 460 1579 525 ΙΝ
1619 463 2095 528 ΜᾹΤΤΗᾸΞΗΜ.
2130 496 2197 509 -
2239 468 2400 534 CAP.
2440 473 2513 535 Χ.

3336 485 3442 548 331

248 564 583 639 -j-Tanquam
638 584 769 626 oves
822 575 876 625 in
931 570 1110 627 medio
1140 562 1417 644 luperum,
1470 581 1530 629 ut
1569 574 1825 631 videlicet
1866 578 2051 635 ovium
2110 585 2590 641 mansuetudinem
2664 587 2988 655 ostendatis,
3048 608 3233 649 coram
3303 595 3447 667 lupis

183 664 449 734 prostrati,
510 676 615 719 nec
662 663 847 719 ovium
876 675 1085 720 tantum
1144 667 1630 724 mansuetudinem
1666 669 1936 737 habeatis,
1973 673 2068 729 sed
2098 684 2154 729 et
2206 676 2454 732 sedulam
2491 678 2889 748 sinceritatem,
2953 683 3004 739 id
3040 694 3146 750 est,
3178 663 3437 759 simplici-

185 766 341 813 tatem
368 772 434 814 ac
483 757 852 813 innocentiam
884 773 899 811 :
934 768 993 813 ut
1026 759 1296 815 verberati
1350 775 1414 815 ac
1461 762 1942 830 persecutiombus
1958 767 2207 837 appetiti,
2235 783 2345 823 non
2379 772 2604 830 cessetis
2637 774 2960 834 benefacere
3006 757 3446 842 verberant—ibus.

182 852 247 908 Ut
276 861 456 908 autem
486 865 781 923 utrumque
827 850 923 909 ﬁat
974 855 1281 912 secundum
1340 854 1623 912 virtutem.
1659 855 1804 911 adsit
1833 860 2123 928 prudentia
2184 874 2505 934 serpentum
2543 864 2596 920 in
2649 871 2918 926 servando
2973 875 3170 943 capite,
3208 875 3312 931 hoc
3340 887 3439 934 est.

183 946 318 1003 ﬁde:
351 956 407 1003 et
440 946 765 1017 simplicitas
790 947 1079 1016 columbae,
1106 948 1159 1003 in
1218 964 1331 1003 non
1355 948 1623 1004 sumenda
1659 949 1871 1007 ultione
1898 952 1973 1008 de
2013 952 2101 1010 his
2121 955 2214 1026 qui
2232 955 2483 1029 injuriam
2509 957 2769 1032 irrogant.
2827 960 2937 1019 Nec
2970 964 3074 1021 hoc
3118 968 3447 1039 adquinque

179 1056 270 1097 seu
315 1042 505 1097 decem
537 1057 713 1097 annos
763 1044 1118 1111 servandum,
1188 1044 1287 1100 sed
1330 1059 1513 1114 usque
1563 1043 1634 1099 ad
1681 1051 1986 1101 extremum
2024 1047 2280 1118 spiritum
2317 1049 2461 1106 :lioc
2484 1052 2633 1107 enim
2677 1054 2967 1125 signiﬁcat,
3013 1062 3160 1129 quod
3206 1062 3445 1119 dicitur:

176 1133 273 1200 Qui
304 1136 620 1189 sustinuerit
638 1151 801 1205 usque
838 1136 895 1189 in
914 1136 1096 1205 ﬁnem,
1125 1137 1209 1191 hic
1238 1136 1419 1193 salvus
1446 1138 1547 1193 erit
1580 1137 1644 1190 ".

239 1230 497 1283 Γίνεσθε
524 1256 595 1269 --
624 1229 990 1298 περιστεραί.
1010 1227 1146 1301 [Kal
1177 1229 1292 1302 (21)
1318 1232 1409 1285 ἐπὶ
1439 1230 1549 1284 τῶν
1581 1229 1737 1300 όφεωε

1941 1221 2091 1278 Vers.
2121 1224 2208 1281 l6.
2250 1224 2431 1281 Extat:
2456 1258 2525 1269 —
2549 1229 2825 1286 columine.
2855 1232 2896 1304 -ι-
2927 1234 2993 1290 Et
3029 1236 3119 1293 hic
3145 1239 3200 1295 in
3221 1257 3451 1316 serpen-

173 1320 284 1384 νῦν,
313 1323 409 1375 καὶ
440 1323 532 1374 ἐπὶ
583 1321 679 1373 τοῦ
728 1322 1016 1391 οἰκονόμου
1052 1323 1153 1393 τῆς
1210 1323 1451 1389 ἀδικίας,
1492 1325 1737 1395 φρόνησιι

1865 1314 2034 1380 tibus,
2097 1326 2154 1372 et
2215 1317 2348 1374 alibi
2399 1319 2453 1374 in
2497 1335 2788 1378 meonomo
2839 1324 3049 1396 iniqua,
3100 1314 3451 1400 prudentiam

170 1413 407 1482 νοήσεις,
441 1411 539 1482 τὴν
572 1412 820 1484 φυλακὴν
847 1412 945 1467 τοῦ
970 1414 1174 1469 οἰκείου
1208 1433 1271 1468 συ
1282 1414 1636 1487 μφέροντος.]

235 1591 495 1646 Βούλεται
546 1592 747 1656 αὐτοὺς
795 1594 890 1646 καὶ
936 1609 1195 1659 συνετούς
1224 1589 1388 1660 εἷναι,
1414 1596 1551 1667 πρὸς
1582 1598 1644 1650 τὸ
1676 1598 1752 1668 μὴ

169 1685 497 1757 πλήττεσθαι
554 1686 807 1756 καιρίως,
855 1686 951 1740 xal
1002 1688 1336 1759 ἀπονήρους,
1384 1687 1523 1759 πρὸς
1563 1688 1623 1740 τὸ
1675 1689 1751 1761 μὴ

168 1780 547 1847 μνησικακεῖν.
586 1779 743 1831 Ἐπεὶ
769 1778 877 1849 γὰρ
904 1779 1170 1850 φρόνιμός
1200 1782 1353 1834 ἔστιν
1382 1784 1409 1835 ό
1431 1781 1555 1850 ὄφις
1576 1797 1590 1813 ⁵
1615 1783 1750 1836 διότι

164 1870 598 1939 τυπτόμενος,τὸ
628 1870 727 1940 μὲν
766 1870 896 1925 ἄλλο
951 1870 1115 1942 σῶμα
1167 1871 1445 1942 προΐεται,
1489 1872 1658 1943 μόνην
1693 1872 1751 1924 δὲ

164 1961 427 2031 φυλάσσει
462 1962 562 2030 τὴν
592 1961 858 2032 κεφαλὴν,
881 1962 1038 2025 εἰδὼς
1064 1962 1122 2015 ἐν
1152 1963 1327 2034 ταύτῃ
1358 1965 1497 2032 μόνῃ
1523 1964 1749 2033 καιρίαν

162 2053 407 2122 γίνεσθαι
434 2052 530 2121 τὴν
559 2054 779 2124 πληγήν
799 2069 813 2083 ο
847 2052 1108 2107 ἐκέλευσε
1142 2053 1437 2123 μιμεῖσθαι
1467 2054 1566 2125 τὴν
1609 2055 1749 2124 φρό-

167 2163 311 2216 νησιν
342 2145 453 2198 τῶν
479 2144 676 2213 ὄφεων,
707 2148 764 2198 ὲν
794 2143 871 2213 τῷ
897 2144 1067 2198 τᾶλλα
1102 2144 1221 2214 μὲν,
1243 2146 1337 2198 καὶ
1370 2144 1623 2215 σώματα,
1652 2146 1747 2199 καὶ

159 2238 355 2307 ψυχὰς,
406 2238 501 2289 καὶ
552 2237 730 2290 πάντα
767 2236 1077 2305 προΐεσθαι,
1112 2236 1282 2307 μόνην
1333 2236 1391 2290 δὲ
1442 2236 1745 2306 φυλάσσειν

158 2329 252 2399 τὴν
284 2329 492 2394 πίστιν,
533 2328 608 2390 ὼς
644 2327 910 2398 κεφαλὴν,
937 2329 995 2380 ὲν
1096 2328 1235 2399 μόνῃ
1287 2328 1500 2396 γίνεται
1552 2330 1745 2398 καιρία

160 2421 354 2491 πληγή.
391 2420 506 2474 Kal
538 2420 718 2485 πάλιν,
745 2420 978 2492 ἐπείπερ
1012 2423 1067 2474 al
1099 2420 1449 2491 περιστεραὶ,
1480 2422 1747 2491 ἀφαιρού-

161 2531 313 2583 μεναι
342 2514 415 2567 τὰ
448 2514 720 2577 τέκνα,ού
761 2513 1202 2584 μνησικακοῦσιν
1253 2518 1364 2578 τοῖς
1419 2515 1741 2584 ἀφελοῦσιν,

158 2606 287 2661 ἀλλὰ
322 2606 420 2661 καὶ
472 2607 792 2678 προσίενται
838 2606 1062 2671 τούτους
1112 2606 1289 2672 αὖθις,
1324 2607 1427 2662 κᾶν
1478 2607 1742 2671 πολλάκις

158 2703 446 2771 ἀφέλωσιν,
473 2700 755 2753 ἐπιτάττει
779 2699 979 2771 ζηλοῦν
1005 2702 1099 2755 καὶ
1127 2701 1227 2773 τὴν
1244 2702 1452 2755 τούτων
1478 2701 1744 2771 ἀκεραιό-

156 2808 309 2863 τητα,
365 2792 673 2856 τουτέστιν,
730 2791 993 2857 ἀκακίαν,
1028 2793 1086 2846 ὲν
1116 2792 1193 2863 τῷ
1247 2794 1323 2864 μὴ
1368 2795 1737 2863 μνησικακεῖν

164 2889 260 2951 τοῖς
306 2884 609 2949 ἀδικοῦσιν,
643 2885 783 2940 ἀλλὰ
834 2888 930 2940 καὶ
984 2888 1312 2958 προσίεσθαι
1362 2889 1589 2952 τούτους
1642 2887 1739 2943 καὶ

156 2983 343 3049 φιλεῖν.

218 3074 330 3127 Kal
384 3073 487 3143 δρα
524 3072 739 3142 σοφίαν.
772 3071 913 3125 Οὔτε
944 3073 1053 3143 γὰρ
1110 3072 1206 3143 τὴν
1253 3074 1517 3145 φρόνησιν
1564 3076 1736 3147 μόνην

152 3165 251 3217 τῶν
270 3166 449 3235 ὄφεων
477 3166 764 3236 μιμεῖσθαι
794 3165 1156 3238 προσέταξεν,
1182 3164 1308 3219 οὔτε
1338 3167 1439 3237 τὴν
1475 3168 1737 3239 ἁκεραιόο

152 3274 280 3328 τητα
316 3258 486 3328 μόνην
526 3258 635 3312 τῶν
671 3259 1036 3330 περιστερῶν,
1065 3259 1180 3311 ἀλλ’
1232 3260 1500 3331 ἐκέρασεν
1552 3264 1735 3334 ἀμφο-

153 3350 333 3419 τέρας,
361 3349 500 3404 διότι
532 3350 665 3421 μίαν
692 3350 1003 3421 ἀμφότεραι
1034 3351 1285 3405 ποιοῦσιν
1313 3355 1537 3425 ἀρετήν.
1565 3356 1735 3411 Οὐδὲν

153 3442 255 3512 γὰρ
310 3441 505 3510 δφεὶος
554 3442 653 3512 τῆς
709 3441 967 3514 τοιαύτης
1021 3444 1362 3515 φρονήσεως,
1418 3448 1512 3501 ἐὰν
1545 3448 1731 3522 ἀττῇή

150 3535 240 3587 axe
252 3533 496 3603 ραιότης.

227 3624 421 3694 ἸΙμεῖς
452 3626 507 3680 δὲ
543 3628 922 3699 μιμησώμεθα
956 3630 1051 3684 καὶ
1097 3629 1265 3700 ἄλλην
1320 3634 1584 3704 φρόνησιν
1637 3635 1732 3689 τοῦ

150 3716 344 3784 δαρεως.
391 3718 609 3789 Ὠσπερ
651 3720 761 3790 γὰρ
818 3722 1047 3786 ἐκεῖνος,
1103 3723 1231 3777 ὅταν
1282 3726 1526 3799 γηράσῃ,
1558 3728 1732 3797 στενῷ

147 3810 293 3881 τόπῳ
360 3811 568 3881 διείρας
631 3813 846 3879 ἑαυτὸν,
891 3816 1184 3880 ἀποξύεται
1256 3817 1354 3889 τὴν
1426 3819 1746 3892 λεγομένην,

1861 1405 2124 1480 intelligo,
2196 1409 2602 1467 observantiam
2660 1430 2851 1472 eorum
2904 1435 3025 1489 quae
3076 1424 3272 1496 cuique
3310 1443 3454 1487 sunt

1861 1500 2035 1555 utilia.

1936 1591 2062 1648 Vult
2089 1594 2237 1665 ipsos
2273 1607 2327 1653 et
2349 1599 2651 1668 prudentes
2702 1617 2845 1669 esse,
2909 1621 2979 1661 ne
3017 1608 3293 1668 lethaliter
3335 1616 3452 1671 vul-

1856 1698 2148 1754 nerentur,
2197 1697 2255 1746 et
2296 1691 2415 1747 sine
2434 1693 2588 1757 vitio,
2622 1710 2692 1751 ne
2722 1698 3049 1768 injuriarum
3077 1707 3449 1765 meminerint.

1852 1776 1990 1834 Nam
2026 1782 2153 1852 quia
2180 1783 2423 1853 prudens
2440 1796 2788 1857 estserpens,
2821 1793 2943 1848 ideo
2961 1809 3084 1850 cum
3105 1800 3449 1869 verberatur,

1855 1868 1996 1922 alias
2028 1870 2249 1938 quidem
2276 1875 2524 1944 corporis
2552 1888 2737 1947 partes
2790 1880 2998 1952 objicit,
3059 1888 3234 1942 solum
3263 1868 3447 1949 autem

1856 1964 2025 2028 caput
2082 1970 2321 2018 servat:
2362 1966 2545 2021 sciens
2607 1969 2659 2021 in
2709 1970 2826 2025 Solo
2887 1989 2955 2028 eo
3005 1975 3203 2033 lethale
3260 1981 3449 2040 inferri

1851 2049 2267 2109 vulnusJussit
2301 2069 2431 2127 ergo
2482 2060 2829 2129 prudentiam
2884 2065 3083 2121 imitari
3132 2085 3447 2140 serpentum

1854 2151 1914 2198 ut
1954 2143 2060 2199 alia
2090 2146 2314 2216 quidem
2365 2157 2419 2204 et
2469 2165 2699 2219 corpora
2757 2164 2812 2209 et
2863 2156 3076 2213 animas
3136 2173 3450 2237 ca‘teraque

1851 2234 2131 2307 objiciant,
2160 2240 2330 2295 solam
2372 2251 2557 2296 autem
2616 2244 2776 2299 ﬁdem
2807 2260 3030 2305 servent
3082 2252 3329 2321 illaasam,
3361 2234 3447 2312 Vin

1850 2344 1956 2398 qua
1992 2330 2105 2386 sola
2137 2332 2197 2387 lit
2224 2333 2427 2389 vulnus
2468 2334 2689 2392 letbale.
2723 2336 2790 2392 Et
2824 2355 3043 2395 rursum
3076 2347 3203 2414 quia
3233 2349 3447 2405 colum-

1849 2418 1956 2484 bae,
1987 2423 2227 2487 cum‘eis
2256 2423 2387 2494 pulli
2427 2426 2777 2494 auferuntur,
2841 2432 3108 2489 malorum
3167 2451 3275 2492 non
3331 2456 3449 2497 me-

1849 2510 2135 2570 minerunt
2165 2514 2435 2571 adversus
2462 2530 2558 2572 eos
2599 2518 2693 2587 qui
2722 2519 3097 2587 abstulerunt,
3128 2528 3223 2581 sed
3262 2529 3448 2585 denuo

1849 2602 1917 2654 ad
1949 2616 2045 2657 eos
2082 2604 2378 2672 accedunt,
2416 2606 2548 2663 licet
2577 2611 2778 2680 saepius
2818 2612 3104 2681 auferant;
3132 2618 3290 2687 jubet
3341 2622 3444 2678 bo-

1854 2706 1975 2747 rum
2001 2709 2221 2766 quoque
2267 2698 2679 2769 simplicitatem
2721 2703 2943 2771 imitari,
2981 2706 3084 2763 hoc
3118 2719 3223 2776 est,
3281 2712 3445 2768 inno-

1848 2790 2110 2854 centiam,
2135 2792 2189 2844 in
2211 2806 2323 2845 non
2343 2792 2684 2851 vindicandis
2710 2796 2947 2868 injuriis,
2977 2801 3073 2856 sed
3132 2807 3446 2865 accedendo

1852 2879 1919 2933 ad
1949 2893 2047 2934 eos
2105 2882 2199 2949 qui
2227 2880 2519 2950 laeserunt;
2546 2885 2779 2956 illosque
2808 2891 3067 2945 amando.

1925 3065 1989 3118 Et
2038 3064 2165 3119 vide
2205 3054 2553 3135 sapientiam.
2601 3066 2883 3137 Siquidem
2947 3086 3057 3129 non
3124 3077 3293 3132 solam
3330 3094 3436 3137 scr-

1847 3168 2076 3230 pentum
2118 3161 2467 3231 prudentiam
2519 3162 2687 3232 jussit
2744 3164 2973 3231 imitari,
3042 3184 3220 3241 neque
3270 3175 3444 3233 solam

1845 3251 2229 3306 columbarum
2252 3251 2683 3323 simplicitatem,
2719 3256 2815 3310 sed
2870 3265 3160 3331 utramque
3201 3266 3444 3325 miscuit.

1848 3342 1982 3398 Nam
2030 3343 2204 3399 amba:
2260 3359 2426 3399 unam
2476 3346 2641 3407 simul
2698 3347 2941 3404 eiliciunt
2975 3357 3251 3411 virtutem.
3286 3358 3446 3416 Nulla
3500 3358 3510 3369 “

1848 3438 1997 3491 enim
2068 3436 2244 3506 ipsius
2298 3436 2604 3507 prudentiae
2666 3450 2752 3496 est
2814 3441 3042 3511 utilitas,
3101 3449 3147 3503 si
3204 3441 3490 3519 defuerit,

1847 3529 2184 3585 innocentia.

1916 3621 2030 3677 Nos
2053 3637 2185 3677 vero
2238 3631 2292 3677 et
2332 3623 2492 3678 aliam
2543 3627 2820 3695 serpentis
2867 3627 3144 3687 imitemur
3200 3636 3444 3704 pruden-
3543 3699 3547 3705 ,
3588 3648 3589 3651 ‘

1848 3717 2000 3770 tiam.
2062 3714 2198 3769 Nam
2264 3715 2407 3771 sicut
2477 3717 2569 3771 ille
2629 3718 2721 3773 ubi
2784 3723 3054 3788 senuerit,
3112 3740 3212 3796 per
3260 3727 3441 3783 locum

1845 3808 2135 3878 angustum
2179 3808 2473 3875 transiens,
2493 3810 2735 3880 seipsum
2768 3812 3032 3881 leberide,
3066 3816 3169 3872 hoc
3198 3828 3302 3883 est,
3337 3837 3439 3875 suo

150 3901 429 3974 λεϐηρίδα,
461 3904 574 3974 (9.2)
611 3907 756 3975 φημὶ
792 3907 879 3978 δὴ,
906 3911 1008 3981 τὴν
1038 3910 1456 3981 ὲπιδερματίδα,
1494 3913 1606 3985 (25)
1636 3916 1733 3969 xal

1854 3902 2046 3957 extivio
2103 3917 2168 3955 ac
2229 3905 2373 3971 pelle
2403 3905 2622 3973 spoliat,
2654 3912 2709 3958 et
2768 3905 2841 3959 ita
2877 3907 3088 3964 validus
3155 3910 3387 3967 efficitur
3424 3932 3437 3969 :

145 3994 353 4059 γίνεται
408 3994 671 4065 σθεναρὸς
696 4014 709 4026 ·
737 3996 883 4051 οὕτω
941 4000 1036 4053 καὶ
1080 4002 1256 4066 αὐτοὶ,
1286 4004 1633 4075 γηράσαντες
1662 4009 1730 4078 τῇ

148 4085 466 4159 παλαιότητι
494 4088 604 4142 τῶν
648 4089 861 4158 παθῶν,
889 4092 1221 4164 ἐμϐάλωμεν
1254 4095 1486 4155 ἑαυτοὺς
1520 4101 1601 4161 εἰς
1634 4100 1734 4173 τὴν

148 4180 338 4251 στενὴν
392 4181 485 4233 καὶ
533 4181 906 4256 τεθλιμμένην
961 4188 1263 4256 πολιτείαν,
1300 4193 1393 4245 καὶ
1441 4192 1511 4246 δι’
1563 4194 1734 4266 αὐτῆς

145 4272 517 4337 ἁποξύσαντες
558 4274 651 4327 τὸν
684 4278 1140 4349 πεπαλαιωμένον
1166 4282 1369 4352 χιτῶνα
1398 4285 1499 4355 τῆς
1528 4286 1729 4359 ψυχῆς,

150 4367 418 4433 τύσθενεῖς
458 4369 771 4439 γενώμεθα.

210 4460 327 4515 Νῦν
368 4462 467 4533 μὲν
523 4459 618 4516 οὖν
668 4464 749 4528 είς
796 4464 960 4519 καλὸν
995 4468 1351 4542 παράδειγμα
1394 4475 1522 4539 τοὺς
1575 4475 1734 4546 ὄφεις

141 4557 234 4606 καὶ
261 4554 363 4619 τὰς
396 4557 730 4628 περιστερὰς
771 4558 995 4613 ἔλασεν·
1030 4562 1267 4635 ἀλλαχοῦ
1321 4564 1379 4619 δὲ
1410 4566 1613 4636 μᾶλλον
1648 4572 1731 4633 είς

140 4648 307 4700 κακὸν
362 4648 705 4722 ἐλήφθησαν.
758 4653 1099 4719 Κακίζονται
1152 4656 1265 4729 γὰρ
1344 4659 1609 4726 Ἰουδαῖοι,
1652 4662 1730 4727 ὡς

138 4739 311 4807 όφεις,
334 4742 654 4813 γεννήματα
675 4744 926 4816 ἐχιδνῶνο
956 4748 1053 4802 καὶ
1074 4748 1427 4807 διαϐάλλεται
1462 4753 1727 4827 Ἐφραῒμ,

135 4830 211 4895 ὡς
245 4832 572 4903 περιστερὰ
600 4835 807 4904 ἄνους,
828 4840 941 4895 οὐκ
968 4840 1202 4911 ἔχουσα
1233 4845 1507 4912 καρδίαν.
1555 4849 1727 4904 Εῐωθε

136 4926 242 4995 γὰρ
276 4927 547 4991 πολλάκις
582 4931 614 4999 ὴ
643 4930 837 5004 Γραφὴ
864 4932 1161 5006 διαφόρους
1222 4939 1442 5005 εἰκόνας
1489 4942 1549 5009 ἐξ
1604 4943 1728 5007 ἑνὸς

136 5014 277 5077 ζώου
314 5020 613 5091 παριστᾷν,
637 5022 766 5075 ὅταν
796 5024 976 5080 ἐκεῖνο
1022 5027 1119 5081 καὶ
1149 5026 1442 5100 θαυμαστά
1474 5032 1593 5105 ἔχῃ,
1634 5035 1729 5089 καὶ

138 5114 354 5182 πονηρὰ
412 5113 890 5187 πλεονεκτήματα.
922 5120 1033 5173 Kal
1076 5122 1186 5192 γὰρ
1226 5123 1368 5178 λέων
1421 5126 1541 5195 μὲν,
1570 5129 1665 5182 καὶ
1699 5130 1727 5182 ό

1843 3996 1919 4049 ita
1947 4010 2166 4065 quoque
2194 4011 2317 4060 nos,
2367 3998 2460 4067 qui
2501 4006 2777 4053 vetustate
2800 4000 3097 4058 affectuum
3129 4007 3437 4074 senuimus,

1842 4090 2159 4159 injiciamus
2185 4106 2287 4145 nos
2320 4092 2467 4162 ipsos
2498 4092 2556 4146 in
2609 4105 2904 4164 angustum
2952 4098 3315 4170 strictumque
3348 4104 3435 4159 vi-

1840 4182 2003 4237 vcndi
2030 4183 2251 4239 modum
2290 4194 2385 4239 :et
2418 4202 2515 4255 per
2575 4187 2723 4242 hunc
2780 4198 2943 4245 exuta
2995 4194 3169 4248 veteri
3238 4197 3437 4254 anima:

1841 4282 2015 4342 veste,
2046 4275 2257 4331 robusti
2284 4276 2606 4335 eiliciamur.

1904 4479 2062 4536 Nunc
2116 4482 2302 4552 itaque
2360 4483 2415 4538 in
2477 4485 2705 4553 bonum,
2765 4500 3053 4560 serpentes
3117 4502 3285 4565 atque
3334 4511 3431 4552 co-

1836 4572 2076 4640 lumbas,
2130 4576 2386 4647 exemplo
2438 4579 2700 4651 accepit:
2757 4582 2889 4637 alibi
2950 4600 3080 4641 vero
3137 4586 3191 4641 in
3226 4589 3431 4645 malum
3492 4588 3493 4591 “

1836 4668 2020 4737 potius
2047 4680 2265 4740 sumpta
2297 4681 2447 4728 sunt.
2492 4671 2624 4728 Nam
2673 4678 3035 4746 reprobaatur
3084 4678 3257 4737 Judaei
3307 4691 3431 4738 tan-

1834 4765 1999 4831 quam
2030 4774 2315 4835 serpentes
2342 4775 2399 4822 et
2427 4768 2740 4838 viperarum
2800 4776 3092 4843 progenies
3125 4793 3139 4831 :
3177 4786 3234 4833 et
3284 4758 3430 4834 male

1834 4854 1987 4910 audit
2041 4855 2327 4927 prraim,
2359 4862 2518 4930 quasi
2550 4860 2795 4917 columba
2856 4866 3069 4921 dentem
3100 4910 3117 4931 ,
3173 4886 3292 4941 qua!
3321 4887 3427 4925 non

1834 4948 2023 5003 habeat
2052 4966 2142 5004 cor
2174 4952 2257 5007 "..
2293 4950 2446 5007 Solet
2478 4954 2627 5013 enim
2666 4954 2982 5028 frequenter
3030 4958 3314 5032 Scriptura
3358 4966 3430 5021 ab

1833 5041 2027 5097 eodem
2059 5043 2280 5099 animali
2298 5044 2931 5108 ditl‘erentesostendere
2957 5057 3424 5125 comparationes,

1831 5136 2054 5202 quando
2078 5134 2211 5193 illud
2239 5138 2413 5193 bonas
2439 5140 2602 5195 simul
2631 5150 2689 5196 et
2728 5146 2900 5200 maias
2953 5146 3119 5213 habet
3150 5149 3426 5205 eonditlo-
3452 5167 3459 5176 ·

137 5198 393 5270 Χριστὸς,
412 5205 557 5260 κατὰ
585 5207 648 5259 τὸ
680 5206 961 5278 βασιλικὸν
983 5213 1079 5265 καὶ
1102 5211 1315 5285 ἄμαχον
1332 5232 1347 5247 ⁸
1380 5218 1724 5273 ’Λναπεσὼν

1854 5198 1954 5282 ies.
1984 5228 2119 5284 Nam
2151 5242 2206 5287 et
2250 5231 2510 5289 Christus
2545 5234 2751 5291 dicitur
2785 5198 2891 5292 leoﬁ
2928 5198 3422 5314 propterﬂre-giam

140 5294 265 5366 γὰρ,
295 5299 485 5369 φησιν,
513 5300 825 5370 ἐκοιμήθη,
849 5302 931 5370 ὡς
959 5304 1151 5359 λέων·
1188 5307 1327 5362 λέων
1356 5310 1411 5363 δὲ
1445 5312 1538 5364 καὶ
1576 5314 1604 5364 ὁ
1637 5314 1717 5367 δί-

1854 5321 2152 5392 Iignitatem
2231 5335 2285 5380 et
2345 5327 2924 5400 inexpugnabilitatem

242 5479 287 5515 “
322 5479 459 5536 Luc.
489 5498 601 5549 xvi,
638 5482 693 5536 5.
809 5484 853 5517 "
882 5483 1046 5551 Osee,
1078 5502 1177 5553 vn,
1206 5489 1294 5545 il.

2990 5350 3003 5388 :
3074 5333 3422 5403 Recumbens,

1341 5610 1549 5673 Varias
1590 5611 1899 5677 lectiones
1932 5622 1993 5677 et
2030 5621 2224 5680 notae.

365 5778 844 5882 .Codex'yterque
884 5800 1096 5861 inclusa
1137 5806 1317 5882 habet
1350 5807 1405 5863 in
1452 5810 1720 5882 margine.

210 5866 319 5936 32)
360 5867 682 5941 δερματίδα.
715 5866 783 5925 Ᾱ.

1904 5812 2729 5909 (θῇιυιιιιιιηιὲιιεγοοοιξυιιιξῃ
2752 5866 2765 5886 ,
2804 5826 3059 5909 λεὸηρίε,Δ
3092 5844 3145 5888 et
3196 5794 3441 5909 ὲπιδερλ

1833 5884 2000 5953 pari;
2036 5886 2203 5942 habet
2234 5884 2528 5947 Fietianus
2558 5894 2615 5947 in
2655 5884 2885 5963 Glo'ssis,
2998 5884 3086 5957 τά.
