4026 6538
572 514 683 578 335

1809 511 2197 574 EUTHYMII
2240 507 2598 572 ZIGABENI

3739 505 3844 569 336

572 625 770 696 inquit,
841 627 1088 692 dormivit
1167 635 1222 682 ut
1283 622 1379 694 leo,
1415 628 1532 699 quis
1580 626 1856 681 suscitabit
1917 642 2034 679 eum
2067 623 2157 676 ¹⁶⁴ί

2290 642 2435 689 εαιος,
2452 624 2593 676 κατὰ
2623 621 2684 674 τὸ
2709 618 3213 690 ιὺπαρῤησίαστον.
3239 617 3472 683 Δίκαιος
3501 615 3632 688 γὰρ,
3654 618 3840 687 φησὶν,

574 716 764 774 Justus
806 720 968 775 etiam
1027 718 1113 774 leo
1181 730 1428 787 vocatur,
1481 729 1702 791 propter
1759 717 2154 772 fortitudinem.

575 810 788 877 Justus,
816 811 913 878 ait,
942 813 1092 882 quasi
1120 815 1197 866 leo
1219 813 1431 882 conﬁdit
1461 815 1524 867 ".
1558 813 1827 866 Praeterea
1869 821 1922 864 et
1974 808 2162 862 diabo-

579 905 665 958 lus
707 901 1050 968 leodicitur,
1078 918 1147 958 eo
1181 905 1329 973 quod
1367 904 1594 958 immitis
1645 903 1717 958 sit
1745 918 1809 957 ac
1838 901 2160 972 sanguinem

579 1002 753 1049 voret.
789 994 851 1051 Ut
898 993 1001 1060 leo,
1084 995 1282 1066 inquit,
1356 995 1659 1050 obambulat
1708 1008 1946 1064 quarens
2009 1007 2161 1061 quem

577 1085 783 1140 devoret
815 1085 956 1139 ¹⁶·⁸⁶.

648 1174 807 1231 Vers.
839 1177 928 1231 17.
961 1177 1228 1232 Attendite
1260 1207 1329 1217 —
1363 1195 1471 1233 vos.
1508 1176 1758 1233 Praedicit
1813 1178 1895 1231 eis
1952 1175 2163 1230 futuras

581 1269 940 1336 tentationes,
985 1285 1262 1325 exacuens
1336 1271 1404 1325 ad
1459 1270 1780 1325 certamina.
1861 1270 2158 1334 Attendite,

578 1360 772 1429 inquit,
804 1361 872 1415 ab
903 1361 1237 1426 hominibus,
1276 1362 1382 1417 hoc
1408 1372 1513 1426 est,
1540 1363 1832 1419 observate
1873 1363 2156 1426 homines,

580 1452 694 1506 sive
722 1451 969 1521 pericula
997 1452 1072 1508 ab
1107 1452 1216 1510 illis
1249 1463 1585 1524 exspectate.

648 1627 805 1684 νει-ε.
866 1629 957 1684 18.
1039 1629 1205 1684 Et—
1265 1649 1367 1686 me.
1400 1629 1697 1702 Postquam
1750 1632 1887 1687 dixit
1945 1647 2064 1703 qua:
2127 1649 2158 1688 a

581 1719 786 1776 Judasis
814 1721 1030 1792 passuri
1055 1733 1232 1784 erant.
1257 1739 1408 1780 nunc
1439 1724 1602 1780 etiam
1632 1725 1762 1780 dicit
1811 1740 1931 1796 quae
1949 1726 2018 1781 ab
2041 1726 2163 1780 aliis

578 1815 858 1883 gentibus.

655 1901 810 1956 νει-ε.
867 1902 961 1958 18⁶
1018 1902 1086 1958 1η
1144 1934 1212 1946 —-
1273 1905 1534 1976 gentibus.
1587 1905 1670 1961 Ad
1719 1906 2160 1979 redargutionem

573 1994 889 2049 Iudaeorum
920 2001 972 2050 et
991 1996 1344 2067 gentium,ne
1355 1998 1702 2068 postmodum
1723 1999 1906 2056 dicere
1933 2003 2162 2071 possint,

577 2086 723 2155 quod
756 2088 1206 2157 praedicationem
1252 2104 1363 2144 non
1429 2091 1704 2146 audierint
1761 2108 1776 2146 :
1837 2093 1894 2146 in
1954 2102 2164 2148 tantum

578 2176 727 2229 enim
800 2175 1051 2241 audient,
1112 2185 1176 2230 ut
1217 2178 1384 2233 etiam
1440 2181 1827 2248 praedicatores
1858 2182 2164 2238 innumeris

581 2268 739 2324 malis
775 2267 1036 2324 alliciant.

649 2359 809 2416 Vera.
850 2361 938 2416 19.
977 2361 1107 2416 Cum
1141 2373 1321 2417 autem
1354 2394 1422 2405 -
1448 2365 1760 2435 loquamini.
1823 2366 1900 2421 Ne
1931 2367 2116 2423 dicant
2150 2386 2164 2420 τ

581 2448 647 2504 Ει
674 2466 782 2520 quo
811 2460 973 2520 pacto
1001 2451 1185 2507 idiota;
1213 2469 1276 2508 ac
1318 2454 1591 2510 illitterati
1629 2458 1959 2526 persuadere
2015 2470 2172 2529 pote-

579 2559 752 2598 rimus
777 2543 1094 2600 rhetoribus
1114 2560 1178 2601 ac
1205 2546 1590 2619 philosophis?
1611 2551 1850 2621 primum
1894 2553 2037 2608 hanc
2077 2569 2170 2608 eo-

577 2650 701 2690 rum
743 2635 906 2691 solvit
932 2635 1337 2694 dubitationem
1374 2641 1567 2697 dicens
1602 2661 1616 2699 :
1665 2642 1748 2698 Ne
1789 2643 2008 2700 solliciti
2056 2647 2169 2701 sitis

585 2729 844 2798 quomodo
877 2737 972 2782 aut
1000 2731 1128 2800 quid
1152 2730 1468 2802 loquamini.

654 2817 809 2874 γει-ε.
871 2820 960 2877 19.
1046 2821 1273 2878 Dabitur
1334 2854 1407 2865 ——
1486 2825 1801 2895 loquamini.
1863 2829 2093 2886 Dabitur
2151 2851 2164 2886 :

581 2926 612 2964 a
642 2925 730 2965 me
758 2911 1034 2968 videlicet.
1063 2914 1189 2970 Haec
1211 2926 1392 2971 autem
1432 2921 1626 2973 iterum
1657 2920 1790 2990 dixit
1812 2921 1892 2977 eis
1932 2929 2170 2978 instante

584 3002 767 3058 crucis
794 3006 1078 3074 passione,
1117 3009 1337 3078 quando
1371 3011 1438 3065 de
1470 3012 1659 3066 mundi
1694 3017 2171 3071 consummatione

592 3091 743 3146 illum
768 3095 1280 3176 interrogaverunt.
1305 3101 1567 3156 Aitenim
1601 3103 1798 3170 Lucas,
1848 3108 1991 3176 quod
2041 3116 2172 3162 tunc

572 3184 749 3239 etiam
768 3171 1120 3259 'subjunxerit
1150 3209 1162 3244 :
1199 3191 1312 3263 Ego
1343 3193 1479 3247 dabo
1509 3195 1650 3250 vobis
1675 3213 1730 3250 os
1751 3207 1802 3251 et
1829 3171 2170 3268 sapientiam,

2260 720 2340 786 ὡς
2363 719 2520 772 λέων
2547 716 2793 769 πέποιθε
2818 729 2832 743 ’
2861 712 3002 765 λέων
3037 710 3093 762 δὲ
3122 710 3220 763 καὶ
3249 710 3278 762 ὀ
3305 707 3582 776 διάόολος,
3608 713 3753 763 κατά
3782 709 3843 761 τὸ

2262 813 2537 884 ἀνήμερον
2569 809 2663 864 καὶ
2690 805 2984 877 αίμοσόρον
3010 820 3023 834 ·
3082 803 3180 870 Ὠς
3214 803 3372 858 ,λέων
3402 805 3534 872 γὰρ,
3556 803 3714 873 φησι,
3738 817 3842 856 πε-

2255 904 2514 976 ριπατεῖ,
2531 901 2721 973 ζητῶν
2749 900 2886 955 τίνα
2912 898 3196 965 καταπίῃ.

2322 1173 2660 1244 Προσέχετε
2704 1201 2773 1210 -
2806 1167 2984 1239 ὑμᾶς.
3025 1167 3416 1238 Προαναφωνεί
3458 1164 3690 1227 τούτοις
3722 1165 3849 1227 τοὺς

2267 1270 2561 1342 μέλλοντας
2596 1267 2960 1338 πειρασμοὺς,
2993 1263 3330 1336 παραθήγων
3357 1262 3437 1322 είς
3460 1261 3584 1322 τοὺς
3607 1258 3850 1327 ἀγῶνας.

2263 1364 2598 1432 Προσέχετε
2614 1360 2681 1414 δὲ
2704 1360 2822 1415 ἀπὸ
2845 1356 2963 1410 τῶν
2985 1354 3333 1424 ἀνθρώπων,
3360 1354 3478 1407 ἀντὶ
3505 1352 3622 1414 τοῦ,
3646 1351 3855 1404 Φυλάτ-

2263 1455 2418 1508 τεσθε
2446 1453 2573 1515 τοὺς
2602 1449 2947 1521 ἀνθρώπους,
2980 1446 3179 1511 εῖτ-ουν,
3210 1445 3553 1516 Προσδοκᾶτε
3575 1440 3853 1495 δεινάἀτέ

2266 1546 2467 1599 αὐτῶν.

2336 1635 2446 1691 Kal
2482 1667 2550 1678 -—
2583 1633 2754 1704 ἐμοῦ.
2804 1632 3012 1697 Εἰπὼν,
3050 1631 3084 1686 ὃ.
3115 1631 3515 1702 ὑποστήσονται
3568 1632 3721 1700 παρὰ
3751 1631 3860 1682 τῶν

2277 1727 2571 1790 Ἰουδαίων,
2589 1726 2776 1780 λοιπὸν
2801 1725 2949 1792 λέγει
2971 1725 3066 1777 καὶ
3095 1723 3131 1777 ἃ
3157 1722 3310 1792 παρά
3329 1721 3436 1774 τῶν
3459 1721 3636 1775 ἀλλων
3659 1721 3860 1776 ἐθνῶν.

2334 1914 2437 1977 Εἰς
2463 1940 2532 1950 ——
2567 1910 2827 1963 ἔθνεσιν.
2855 1908 2948 1969 El;
2977 1905 3199 1976 ἔλεγχον
3253 1905 3348 1958 καὶ
3377 1903 3486 1956 τῶν
3541 1902 3822 1957 Ἰουδαίων
3846 1943 3861 1966 ,

2269 2000 2365 2054 καὶ
2399 2000 2510 2052 τῶν
2548 1996 2862 2069 ὲθνῶν,·ίνα
2913 1995 2986 2066 μὴ
3039 1995 3308 2049 δύνωνται
3362 1995 3543 2061 λέγειν
3597 1994 3864 2062 ὕστερον,

2266 2093 2349 2146 ὅτι
2382 2092 2482 2145 οὐκ
2537 2091 2781 2160 ἤκουσαν
2834 2089 2929 2141 τοῦ
2985 2087 3364 2158 κηρύγματος.
3413 2086 3685 2138 Τοσοῦτον
3752 2087 3870 2156 γὰρ

2267 2185 2620 2250 ἀκούσουσιν,
2647 2181 2789 2236 ὥστε
2821 2183 2918 2235 καὶ
2966 2181 3091 2244 τοὺς
3129 2182 3377 2251 κήρυκας
3411 2179 3629 2250 μυρίοις
3662 2182 3869 2243 κακοῖς

2270 2277 2585 2332 ὑποϐαλεῖν.

2342 2371 2520 2421 Ὅταν
2549 2367 2618 2420 δὲ
2645 2397 2717 2406 -
2740 2363 3068 2434 λαᾶήσετε.
3091 2362 3210 2417 Ἵνα
3248 2365 3321 2433 μὴ
3349 2362 3606 2430 λέγωσιν,
3633 2363 3716 2415 ὅτι
3752 2364 3871 2417 Καὶ

2272 2461 2409 2525 πῶς,
2465 2459 2673 2513 ίδιῶται
2719 2459 2814 2511 καὶ
2864 2457 3248 2527 ἀγράμματοι,
3279 2458 3464 2507 πεῖσαι
3514 2455 3870 2524 δυνησόμεθα

2274 2553 2512 2623 ῥήτορας
2546 2552 2641 2604 καὶ
2682 2550 3012 2619 φιλοσόφους
3039 2566 3053 2614 ;
3091 2546 3498 2619 προθεραπεύει
3531 2547 3627 2621 καί⁸
3653 2545 3872 2616 ταύτην

2270 2648 2451 2699 αὐτῶν
2491 2645 2590 2716 τὴν
2619 2644 2854 2716 ἀπορίαν
2883 2643 3058 2711 λέγων
3086 2657 3100 2670 ·
3136 2641 3231 2708 Μὴ
3252 2639 3687 2710 μεριμνήσητε,
3734 2638 3870 2705 πῶς

2271 2741 2309 2809 ἢ
2328 2743 2384 2794 τί
2406 2739 2734 2805 λαλήσετε.

2344 2831 2672 2899 Δοθήσεται
2725 2860 2794 2870 —
2823 2830 3151 2897 λαλήσετε.
3205 2826 3526 2895 Δοθήσεται,
3559 2828 3692 2895 παρ’
3727 2826 3870 2897 ἐμοῦ

2273 2925 2494 2994 δηλαδή.
2531 2921 2720 2977 Ταῦτα
2752 2921 2808 2974 δὲ
2842 2918 2995 2974 εἶπεν
3029 2921 3213 2981 αὐτοῖς
3239 2920 3331 2972 καὶ
3356 2915 3876 2987 αὖθις,ὲγγίζοντος

2273 3016 2365 3070 τοῦ
2401 3015 2486 3068 διὰ
2512 3013 2745 3085 σταυροῦ
2799 3013 3028 3077 πάθους,
3080 3012 3168 3063 ὅτε
3203 3011 3331 3080 περὶ
3363 3011 3464 3079 τῆς
3497 3011 3589 3064 τοῦ
3646 3011 3872 3080 κόσμου

2277 3109 2586 3172 συντελείας
2643 3106 2938 3177 ἠρώτησαν
2989 3104 3174 3157 αὐτόν.
3229 3104 3369 3174 Φησὶ
3419 3104 3528 3173 γὰρ
3560 3105 3585 3156 ὀ
3617 3103 3871 3164 Λουκᾶς,

2275 3203 2368 3255 καὶ
2413 3197 2720 3270 τηνικαῦτα
2771 3199 2949 3250 εἰπεῖν
3004 3193 3189 3258 αὑτὸν,
3216 3194 3298 3247 ὃτι
3329 3194 3480 3264 Ἐγὼ
3517 3191 3689 3247 δώσω
3720 3193 3875 3262 ὑμῖν

584 3278 670 3329 rui
700 3293 802 3331 non
842 3292 1087 3347 poterunt
1148 3286 1513 3341 contradicere
1559 3297 1654 3342 aut
1710 3291 1954 3345 resistere
1995 3308 2164 3347 omne:

2290 3295 2470 3362 γτόμα
2514 3293 2610 3345 καὶ
2658 3291 2885 3359 σοφίαν
2933 3283 3069 3360 ᾖοὺ
3119 3285 3488 3352 δυνήσονται
3535 3286 3874 3349 ἀντειπεῖν,

584 3373 676 3434 qui
693 3372 1044 3426 adversantur
1066 3376 1206 3429 vobis
1224 3376 1290 3432 ⁸⁸.

657 3463 812 3520 Vers.
843 3465 936 3520 20.
967 3465 1089 3520 Non
1123 3497 1193 3505 —
1224 3467 1512 3539 loquentes.
1552 3470 1665 3526 Hoc
1720 3481 1827 3539 est,
1881 3474 1977 3543 qui
2042 3485 2172 3530 tunc

588 3564 906 3631 loquentur.

672 3647 817 3703 Vers.
840 3647 933 3702 20.
960 3645 1148 3701 Sed—
1181 3648 1343 3702 vobis.
1375 3648 1484 3704 Sed
1517 3650 1757 3719 Spiritus
1797 3663 2026 3708 sanctus
2077 3655 2168 3724 qui

586 3741 829 3812 loquitur
861 3740 915 3793 in
935 3739 1111 3794 vobis.

657 3834 814 3889 νει-ε.
846 3831 936 3886 21.
968 3829 1163 3886 Prodet
1184 3862 1244 3872 —
1262 3833 1454 3901 ﬁlium.
1489 3833 1568 3888 Illi
1603 3849 1707 3888 non
1724 3835 2011 3891 credentes
2033 3876 2046 3898 ,
2070 3837 2171 3892 hos

586 3926 822 4000 prodent
855 3924 1064 3980 ﬁdeles.

657 4018 812 4075 Vers.
843 4017 934 4073 21.
973 4017 1040 4070 Et
1070 4047 1139 4056 —
1168 4034 1273 4071 eos.
1312 4017 1378 4072 Et
1403 4019 1657 4073 similiter
1685 4021 1749 4074 de
1774 4022 1856 4074 his
1879 4022 2169 4077 dicendum

579 4116 692 4162 est.
731 4105 836 4159 Per
863 4106 964 4160 hos
992 4117 1175 4161 autem
1216 4107 1582 4162 amicissimos
1605 4110 1767 4163 etiam
1800 4111 1935 4166 alios
1968 4127 2168 4183 cogna—

583 4209 674 4252 tos
698 4205 752 4251 et
791 4195 1088 4251 familiares
1123 4196 1392 4267 intelligit.

655 4307 813 4365 Vers.
869 4310 959 4364 22.
993 4309 1064 4364 Et
1087 4340 1159 4353 —-
1208 4327 1395 4366 nomen
1449 4329 1640 4368 nteum.
1677 4344 1746 4353 —
1779 4317 1860 4370 Ab
1891 4318 2166 4385 omn'bus,

586 4405 642 4458 id
695 4414 799 4463 est.
839 4403 882 4456 A
914 4403 1161 4474 pluribus
1220 4420 1234 4457 :
1296 4421 1423 4460 nam
1458 4406 1610 4460 multi
1663 4408 1807 4478 ipsos
1837 4410 2163 4467 dilexerunt.

595 4493 688 4547 Est
717 4503 900 4548 autem
927 4493 1105 4548 ethoc
1131 4492 1427 4564 Scriptura:
1459 4496 1655 4552 idioma
1679 4509 1733 4552 ut
1758 4501 1995 4555 omnibus
2023 4502 2169 4556 dicat

588 4602 690 4658 pro
745 4586 1001 4655 pluribus.
1040 4586 1182 4642 Cum
1228 4597 1410 4643 autem
1468 4593 1720 4660 superius
1769 4593 2034 4649 addiderit
2072 4597 2162 4652 ":

2279 3382 2421 3438 οὐδὲ
2444 3380 2800 3449 ἀντιστῆναι
2831 3379 3050 3443 πάντες
3075 3381 3129 3432 oi
3163 3370 3563 3445 ἀντικείμενοι
3588 3375 3759 3444 ὑμῖν.

2350 3478 2434 3530 Οὐ
2472 3506 2542 3515 ——
2571 3473 2932 3539 λαλοῦντες.
2956 3473 3019 3524 Οἱ
3058 3470 3347 3534 λαλοῦντες
3383 3470 3525 3524 τότε.

2351 3655 2528 3709 Ἀλλὰ
2575 3683 2646 3698 --
2705 3655 2869 3723 ὑμῖν.
2934 3651 3096 3707 Ἀλλά
3127 3652 3187 3706 τὸ
3217 3651 3446 3723 Πνεῦμα
3495 3652 3556 3706 τὸ
3587 3650 3768 3722 ἅγιον,
3806 3654 3874 3709 τὸ

2279 3747 2474 3800 λαλοῦν
2509 3748 2568 3798 ὲν
2604 3746 2732 3814 ὑμῖν
2763 3745 2907 3798 τότε.

2353 3837 2700 3907 Παραεώσει
2727 3869 2790 3880 --
2823 3836 3057 3891 τέκνον.
3083 3838 3147 3889 Oi
3177 3836 3251 3908 μὴ
3285 3836 3708 3906 πιστεύσαντες,
3739 3841 3870 3905 τοὺς

2279 3933 2700 3994 πιστεύσαντας.

2355 4028 2460 4079 Καὶ
2490 4055 2560 4065 --
2584 4024 2827 4090 αὐτούς.
2857 4024 2965 4075 Καὶ
2990 4016 3136 4077 οὗτοι
3163 4022 3387 4092 ὁμοίως.
3412 4024 3511 4076 Διὰ
3533 4025 3642 4077 τῶν
3672 4027 3875 4096 φιλτά-

2278 4138 2384 4174 των
2413 4119 2469 4171 δὲ
2526 4118 2755 4181 τούτων,
2790 4117 2887 4170 καὶ
2926 4116 3026 4179 τὰς
3060 4114 3228 4176 ἄλλας
3259 4115 3491 4186 ἐνέφηνε
3535 4123 3874 4186 συγγενεῖας

2279 4212 2370 4265 καὶ
2401 4210 2757 4279 οἰκειότητας.

2350 4303 2457 4357 Kal
2485 4331 2553 4342 -—
2579 4303 2767 4372 ὄνομά
2785 4304 3087 4372 μου.⁹Υπὸ
3115 4305 3386 4371 πάντων,
3411 4307 3532 4359 ἀντὶ
3560 4304 3681 4370 τοῦ,
3723 4304 3873 4357 Ὑπὸ

2278 4397 2384 4449 τῶν
2415 4395 2701 4450 πλειόνων.
2739 4397 2929 4450 Πολλοὶ
2958 4400 3068 4472 γὰρ
3099 4400 3299 4462 αὐτοὺς
3331 4399 3649 4467 ἠγάπησαν.
3693 4397 3869 4450 Ίδίω-

2281 4505 2359 4558 μα
2398 4488 2453 4542 δὲ
2496 4491 2589 4543 καὶ
2617 4488 2775 4543 τοῦτο
2816 4491 3109 4562 γραφικὺν,
3144 4492 3353 4555 πάντας
3380 4492 3583 4559 λέγειν,
3613 4491 3709 4544 καὶ
3735 4491 3868 4553 τοὺς

2280 4584 2554 4647 πλείονας.
2595 4585 2881 4656 ’Δνωτίρω
2911 4586 2967 4639 δὲ
2989 4586 3270 4658 προσθεὶς,
3300 4588 3384 4640 ὄτι
3405 4586 3658 4640 Ἕνεκεν
3689 4584 3865 4654 ἐμοῦ,

596 4676 824 4746 Propter
874 4695 974 4744 me,
1008 4694 1156 4734 nunc
1190 4680 1398 4734 addens
1416 4681 1579 4735 etiam
1617 4701 1629 4736 :
1670 4682 1898 4753 Propter
1980 4704 2164 4743 nomen

2290 4680 2366 4729 cal
2399 4676 2494 4729 νῦν
2523 4675 2580 4729 δὲ
2613 4678 2799 4742 πάλιν,
2834 4677 2918 4731 ὅτι
2957 4681 3060 4732 Διὰ
3111 4679 3178 4733 τὸ
3209 4677 3398 4748 ὄνομά
3444 4695 3598 4748 μου’
3656 4678 3866 4749 πολλὴν

589 4789 788 4834 meum,
819 4786 1068 4845 magnam
1083 4772 1165 4826 eis
1195 4773 1620 4828 consolationem
1648 4791 1710 4828 ac
1733 4779 1897 4832 animi
1923 4781 2176 4836 alacrita-

588 4873 699 4917 tem
738 4863 946 4932 injecit,
1003 4879 1126 4917 cutn
1177 4880 1498 4934 persuasum
1561 4868 1816 4932 habeant,
1874 4872 2016 4940 quod
2070 4874 2175 4926 illis

581 4954 730 5008 adsit
771 4963 828 5008 et
854 4955 1170 5018 auxilietur,
1202 4956 1296 5026 qui
1333 4966 1558 5026 propter
1593 4958 1768 5028 ipsum
1798 4963 2102 5030 patiuntur.

661 5044 927 5100 Vers.‘22.
965 5045 1157 5112 Qui—
1214 5049 1392 5102 salvus
1452 5051 1571 5104 erit.
1636 5050 1758 5106 Tria
1808 5055 1986 5109 innuit
2038 5073 2173 5126 prac-

588 5153 714 5191 sens
746 5138 992 5192 verbum.
1030 5137 1272 5193 Primum
1302 5141 1445 5210 quod
1470 5155 1577 5196 non
1603 5144 1776 5198 solum
1810 5147 1890 5199 eis
1935 5163 2073 5217 opus
2098 5150 2168 5203 sit

589 5230 760 5297 ipsius
790 5231 1130 5294 auxilio,sed
1153 5242 1203 5286 et
1243 5234 1462 5302 propria
1511 5234 1834 5291 fortitudine
1885 5256 1899 5293 :
1941 5249 1998 5294 ut
2057 5257 2166 5294 non

592 5321 737 5372 illius
776 5321 975 5385 solum,
1013 5321 1188 5376 sedet
1225 5324 1467 5392 ipsorum
1502 5327 1644 5381 bona
1710 5330 1820 5382 sint
1867 5345 2051 5400 opera.
2106 5333 2168 5386 lit

590 5411 735 5478 quod
795 5411 1077 5482 defetigari
1140 5428 1247 5466 non
1289 5425 1557 5483 Oportcat.
1611 5416 1743 5470 Nam
1793 5433 1910 5487 qua:
1960 5420 2163 5474 utilitas

587 5511 672 5555 est
705 5504 980 5573 principii,
1014 5505 1160 5572 quod
1222 5505 1382 5559 ﬁnem
1437 5523 1548 5561 ncn
1632 5509 1853 5565 habet?
1899 5510 2171 5567 Praeterea

593 5595 736 5660 quod
768 5595 835 5648 ad
879 5595 1040 5648 linem
1077 5612 1248 5664 usque
1285 5597 1405 5652 vita:
1439 5600 1691 5653 adeunda
1752 5603 1860 5656 sint
1906 5605 2168 5673 pericula.

666 5687 894 5756 Dignum
926 5696 1010 5742 est
1039 5697 1243 5751 autem,
1273 5699 1330 5741 ut
1366 5690 1464 5744 hos
1488 5691 1821 5747 admiremur
1848 5713 1859 5748 :
1900 5699 2171 5764 quomodo

592 5776 661 5831 al
736 5786 883 5830 tanta
942 5793 1004 5830 ac
1063 5778 1185 5830 talia
1273 5780 1456 5834 eurissi
1530 5783 1789 5848 pericula,
1867 5784 2167 5852 audientes,

705 5920 744 5948 “‘
780 5916 916 5974 Gen.
951 5935 1094 5985 xm,
1136 5920 1186 5972 9.
1305 5922 1344 5951 ¹⁹
1378 5920 1535 5973 Prov.
1570 5939 1758 5992 smn,
1801 5926 1850 5977 1.

1965 5928 2128 5982 ωσι
2173 5930 2315 5982 l‘elr.
2349 5947 2399 5996 v,
2427 5928 2476 5980 3.

2279 4768 2630 4840 παράκλησιν
2660 4770 2757 4822 καὶ
2786 4771 3104 4840 προθυμίαν
3149 4771 3334 4832 αὐτοῖς
3366 4771 3612 4834 ὲνέόαλε,
3661 4789 3867 4824 πεπειο

2280 4861 2524 4928 σμένοις,
2563 4860 2646 4913 ὃτι
2681 4862 3068 4931 συμπαρέσται
3103 4862 3197 4917 καὶ
3224 4862 3580 4932 ἀντιλήψεται
3609 4862 3722 4915 τῶν
3752 4881 3865 4916 παι

2277 4951 2513 5022 σχόντων
2537 4951 2603 5004 δι’
2624 4952 2808 5008 αὐτόν.

2356 5040 2421 5095 '0
2448 5072 2516 5081 —
2546 5041 2907 5108 σωθήσεται.
2933 5042 3075 5113 Τρία
3103 5043 3164 5096 τὸ
3187 5044 3358 5115 παρὸν
3386 5045 3646 5114 ἐμφαίνει
3667 5047 3862 5116 ῥητόν·

2271 5135 2350 5187 ὅτι
2382 5135 2441 5186 οὐ
2489 5134 2650 5204 μόνον
2694 5133 2852 5203 χρεία
2887 5133 2991 5201 τῆς
3023 5134 3154 5205 παρ’
3191 5137 3358 5189 αὑτοῦ
3401 5136 3678 5207 βοηθείας,
3719 5139 3864 5193 ἀλλὰ

2271 5227 2366 5280 καί⁵
2391 5227 2487 5295 τῆς
2527 5227 2707 5278 αὐτῶν
2736 5227 3054 5294 καρτερίας,
3091 5229 3178 5281 ἵνα
3215 5230 3289 5299 μὴ
3316 5228 3483 5282 αὑτοῦ
3514 5231 3861 5300 μόνον,ἀλλὰ

2269 5321 2364 5374 καὶ
2387 5319 2568 5373 αὐτῶν
2625 5321 2860 5386 γίνοιντο
2915 5325 2986 5374 τὰ
3040 5323 3469 5394 κατορθώματα·
3503 5325 3595 5377 καὶ
3647 5326 3733 5378 ὅτι
3791 5327 3857 5380 ού

2274 5414 2379 5484 χρὴ
2405 5415 2747 5484 ἀποκάμνειν
2771 5432 2783 5444 ·
2812 5416 2866 5468 τί
2906 5417 3015 5486 γὰρ
3047 5418 3242 5486 ὄφελος
3268 5419 3461 5489 ἀρχῆς,
3488 5420 3587 5472 οὑκ
3617 5421 3856 5492 ἐχούσης

2273 5507 2463 5572 telae;
2499 5507 2592 5560 καὶ
2623 5508 2706 5560 ὅτι
2733 5508 2896 5578 μέχρι
2921 5510 3108 5573 τέλους
3145 5511 3289 5582 ζωῆς
3325 5512 3503 5566 αὐτῶν
3531 5514 3860 5586 παραταθῆ-

2275 5616 2426 5651 σεται
2449 5600 2515 5652 τά
2538 5599 2703 5652 δεινά.

2345 5691 2640 5761 Θαυμάσαι
2671 5693 2724 5746 δὲ
2747 5694 2970 5758 τούτους
2993 5696 3165 5763 ἄξιον,
3195 5698 3311 5761 πῶς
3341 5701 3417 5762 εἷς
3443 5700 3729 5763 τοσούτους
3757 5702 3862 5755 καὶ

2274 5784 2551 5846 τοιούτους
2586 5785 2866 5850 κινδύνους
2902 5789 3386 5861 ἀποστελλόμενοι,
3415 5795 3508 5843 καὶ
3539 5794 3722 5846 πᾶσαν
3753 5796 3860 5864 μὲν

2598 5929 2638 5959 aa
2671 5928 2801 5984 Luc,
2828 5929 2916 5996 9|,
2958 5930 3042 5984 1:5.
3159 5934 3200 5964 ³³
3239 5933 3424 5990 Matth.
3461 5952 3508 5998 τ,
3555 5937 3636 5992 l8.
