4026 6512
194 401 289 466 337
1129 409 1521 475 COMMENT.
1559 414 1644 477 IN
1689 416 1770 476 ΜΛ

1888 417 2172 481 ῊλΕῐΙΜ.
2216 446 2282 457 -
2322 423 2483 484 CAP.
2523 423 2597 483 X.‘

3363 405 3479 487 '338

189 521 278 613 τὴν
302 519 634 592 οἰκουμένην
657 521 928 594 πολεμίαν
957 523 1105 597 ἔχειν
1127 525 1448 597 ἀκούοντες,
1475 533 1608 600 παρ’
1640 531 1770 602 ὅλην

1888 533 2027 604 quod
2051 537 2374 593 universum
2396 539 2588 594 orbem
2616 537 2903 598 inimicum
2936 541 3228 605 haberent,
3254 552 3479 613 totaque

188 612 239 668 δὶ
268 613 634 685 πειράζεσθαι
658 614 758 687 τὴν
789 613 958 688 ζωὴν,
992 618 1092 672 οὐκ
1129 619 1468 686 ὲδειλίασαν,
1491 623 1604 678 οὐδ’
1638 625 1773 696 ἐζή-

185 723 347 776 τησαν
378 706 702 779 ἀπαλλαγὴν
740 709 850 764 τῶν
897 712 1125 780 δεινῶνς
1185 715 1496 788 ’Υπήκουον
1531 719 1662 792 γάρ,
1697 721 1776 784 ὡς

185 799 447 863 εὐπειθεῖς
482 800 562 870 τῷ
592 801 926 875 διδασκάλῳ,
959 807 1057 861 καὶ
1080 806 1356 880 ἐθάρρουν
1386 809 1462 874 ὡς
1493 813 1679 866 πιστοὶ
1704 816 1770 886 τῇ

183 901 402 969 δυνάμει
441 901 539 954 τοῦ
566 902 1017 968 ἀποστέλλοντος.
1070 905 1481 978 Μεμαθηκότες
1532 907 1588 961 δὲ
1638 911 1770 976 καὶ,

181 996 256 1048 ὅτι
290 994 548 1049 τοσοῦτον
584 997 797 1068 ἰσχύσει
841 998 904 1052 τὸ
942 1000 1212 1070 κήρυγμα
1263 1003 1364 1073 τῆς
1395 1006 1660 1068 πίστεως,
1692 1005 1772 1068 ὡς

179 1084 423 1139 διαλύσαι
451 1089 548 1141 καὶ
575 1087 677 1159 τὴν
701 1089 1078 1162 ἀδαμαντίνην
1121 1095 1364 1166 στοργήν
1389 1095 1493 1166 τῆς
1527 1096 1769 1167 φύσεως,

178 1180 267 1230 καὶ
325 1179 424 1241 τὰς
486 1182 705 1252 σχέσεις
758 1182 1019 1254 ἀλλήλαις
1079 1185 1494 1256 ἐκπολεμῶσαι,
1567 1189 1773 1258 μᾶλλον

177 1272 638 1343 ἀνηρεθίσθησαν,
683 1277 778 1330 καὶ
808 1277 1178 1348 νευρωθέντες
1222 1279 1413 1334 λοιπὸν
1442 1283 1565 1344 ταῖς
1594 1283 1774 1353 ἀναμ-

174 1362 412 1430 φιϐόλοις
439 1367 625 1419 ἐλπίσι
660 1367 755 1420 τοῦ
785 1368 1116 1439 κατορθοῦν,
1159 1371 1527 1437 ἀπεδύσαντο,
1560 1373 1773 1428 δώδεκα

175 1457 344 1525 μόνοι,
374 1459 515 1529 πρὸς
548 1459 772 1513 ἃπασαν
803 1461 902 1531 τὴν
932 1463 1270 1535 οἰκουμένην
1292 1505 1307 1529 ,
1367 1459 1514 1540 ᾗτινι
1545 1484 1772 1538 συμπα-

178 1550 470 1619 ρετάττετο
500 1554 828 1610 κατάύτῶν
851 1557 946 1610 καὶ
975 1558 1004 1610 ό
1027 1557 1281 1622 διάϐολος
1313 1561 1454 1629 μετά
1485 1562 1595 1615 τῶν
1621 1563 1775 1616 ἀπείο

175 1657 278 1710 ρων
311 1644 482 1698 αὑτοῦ
511 1646 810 1716 δαιμόνων,
846 1649 942 1703 καὶ⁹
977 1650 1358 1722 νενικήκασιν,
1405 1652 1506 1707 οὐκ
1549 1655 1772 1709 ἀνελόν-

172 1753 258 1800 τες
304 1740 435 1801 τοὺς
490 1739 789 1804 ἐναντίους,
838 1740 978 1794 ἀλλά
1038 1745 1616 1815 μεταρρυθμίσαντες,
1677 1749 1771 1803 καὶ

170 1828 440 1900 δαιμόνων
467 1830 580 1901 (24)
619 1831 768 1895 ίσους
793 1830 1075 1900 λαϐόντες,
1105 1836 1360 1905 ἀγγέλων
1395 1838 1544 1902 ίσους
1579 1841 1770 1912 ὲποίη-
1804 1882 1843 1934 Β

171 1939 286 1976 σαν.

266 2020 431 2071 Οταν
461 2017 529 2071 δὲ
562 2049 626 2060 -
655 2019 880 2090 ἄλλην.
914 2021 1101 2074 Εἰπὼν
1140 2023 1211 2075 τὰ
1254 2023 1397 2091 μετά
1429 2022 1527 2095 τὴν
1559 2026 1766 2094 ἀνάλη-

167 2109 253 2176 ψιν
278 2109 449 2163 αὑτοῦ
482 2110 907 2183 συμϐησόμενα,
938 2112 1101 2166 πάλιν
1138 2113 1318 2184 ἤγαγε
1355 2114 1446 2167 τὸν
1476 2115 1636 2183 λόγον
1674 2117 1768 2170 ὲτιὶ

168 2201 232 2254 τὰ
261 2201 372 2271 πρὸ
418 2200 516 2254 τοῦ
568 2202 838 2272 σταυροῦ,
888 2203 1120 2258 Κελεύει
1157 2204 1216 2257 δὲ
1258 2205 1507 2273 φεύγειν,
1557 2208 1653 2278 ούχ
1692 2207 1768 2272 ὡς

168 2293 392 2357 δειλοὺς,
436 2294 552 2348 ἀλλ’
575 2295 651 2357 ὼς
683 2294 1074 2359 διωκομένους.
1117 2297 1177 2351 ὐ
1215 2297 1273 2350 δὲ
1316 2298 1584 2368 Θεολόγος
1619 2301 1767 2371 l‘pqe

168 2387 349 2456 γόριος
390 2387 719 2458 ἑρμηνεύων
745 2389 904 2442 τοῦτό
935 2406 1127 2459 φησιν,
1171 2391 1254 2444 ὅτι
1289 2390 1467 2460 φειδοῖ
1497 2393 1607 2446 τῶν
1634 2393 1766 2446 διω-

171 2481 372 2534 κόντων
411 2482 507 2534 καὶ
547 2481 659 2535 τῶν
711 2482 1162 2551 ἀσθενεστέρων·
1217 2484 1314 2536 καὶ
1363 2484 1486 2538 οὐδὲ
1537 2487 1765 2558 μακρὰν

171 2575 413 2643 φεύγειν,
448 2575 567 2628 ἀλλ’
615 2575 724 2628 ἀπὸ
755 2575 963 2645 ταύτης
1014 2576 1117 2647 τῆς
1154 2576 1367 2640 πόλεως
1408 2579 1490 2640 εἰς
1524 2579 1764 2649 ἐκείνην,

175 2675 252 2725 ίνα
287 2673 565 2743 μηδεμίαν
616 2672 1057 2743 παραλείψωσιν,
1108 2673 1189 2736 είς
1238 2672 1308 2744 ἢν
1337 2673 1438 2726 οὐκ
1474 2673 1588 2744 (25)
1636 2675 1763 2743 ἀφίει

173 2767 370 2832 ξονται.

248 2860 441 2930 Ἀμὴν
473 2889 545 2900 --
591 2861 698 2916 τοῦ
751 2863 1090 2932 ἀνθρώπου.
1131 2865 1278 2929 Ἕως
1320 2867 1388 2923 ἂν
1440 2869 1571 2942 ἔλθῃ
1627 2868 1765 2938 πρὸς

173 2955 334 3023 ὑμᾶς.
364 2954 540 3009 Τοῦτο
563 2956 618 3008 δὲ
653 2958 788 3026 πρὸς
824 2958 1192 3028 ψυχαγωγίαν
1233 2959 1328 3014 καὶ
1358 2961 1626 3029 ἀνάψυξιν
1660 2964 1765 3014 αύ-

170 3046 276 3099 τῶν
312 3043 458 3108 εἶπε,
512 3048 774 3118 βεϐαιῶν,
827 3050 909 3102 ὅτι
942 3051 1142 3105 θᾶττον
1177 3051 1404 3117 τούτους
1448 3053 1762 3126 καταλάϐῃ,

174 3140 274 3210 πρὸ
305 3139 400 3193 τοῦ
435 3141 751 3209 περιελθεῖν
798 3143 1004 3206 αὐτοὺς
1061 3144 1245 3207 πάσας
1280 3145 1378 3211 τὰς
1412 3145 1603 3209 πόλεις
1654 3148 1766 3200 τῶν

1881 625 1990 680 vita
2023 641 2124 682 sua
2152 636 2499 684 tentarentur
2526 648 2540 684 :
2570 645 2681 686 non
2715 631 3101 687 detrectarunt
3145 633 3480 702 periculum.

1878 735 2058 791 neque
2090 721 2476 778 liberationem
2499 739 2529 778 a
2579 723 2742 778 malis
2769 731 3171 794 poposcerunt.
3201 721 3477 778 Parebant

1879 809 2027 865 enim
2063 819 2326 882 tanquam
2355 813 2616 886 morigeri
2645 815 2915 886 magistro
2941 831 2960 868 :
3007 823 3063 870 et
3103 813 3473 878 confidebant,

1882 911 2076 974 utpote
2111 905 2322 973 fideles,
2341 906 2409 964 de
2441 907 2684 978 potentia
2719 906 3054 962 emittentis.
3079 905 3222 962 Cum
3291 915 3478 961 autem

1879 997 2228 1066 didicissent,
2254 999 2402 1069 quod
2432 1009 2643 1055 tantam
2675 999 2908 1055 haberet
2963 999 3089 1054 ﬁdei
3159 999 3488 1069 praedicatio

1877 1087 2294 1155 fortitudinem,
2353 1099 2414 1146 ut
2478 1091 2895 1146 adamantinum
2966 1105 3189 1160 quoque
3271 1097 3485 1144 natura:

1878 1195 2124 1236 amorem
2175 1181 2528 1247 dissolveret,
2581 1182 2755 1239 variis
2803 1181 3100 1237 alleclibus
3165 1195 3226 1235 se
3295 1191 3486 1235 mutuo

1878 1271 2253 1340 vincentibus,
2285 1275 2458 1345 magis
2498 1275 2709 1330 incitati
2734 1284 2886 1338 sunt,
2915 1274 3229 1344 additisque
3250 1273 3482 1336 viribus,

1880 1367 2194 1423 indubitata
2239 1383 2337 1438 spe
2369 1369 2634 1439 deinceps
2681 1369 2900 1440 egregia
2946 1383 3114 1439 opera
3155 1367 3481 1429 exhibendi,

1879 1458 1982 1512 soli
2017 1458 2308 1515 duodecim
2341 1460 2584 1530 aggressi
2645 1469 2777 1515 sunt
2822 1459 3013 1514 orbem
3085 1459 3406 1514 universum
3467 1473 3481 1509 :

1878 1565 2006 1605 cum
2031 1566 2142 1620 quo
2178 1551 2446 1606 adversus
2481 1551 2603 1606 illos
2634 1567 2694 1606 se
2717 1551 2970 1606 diabolus
3023 1551 3304 1621 opposuit,
3355 1549 3488 1619 jun-

1877 1645 1982 1700 ctis
2015 1661 2205 1700 secum
2239 1645 2556 1701 innumeris
2591 1643 2907 1700 daemoniis.
2941 1640 3022 1696 llli
3077 1657 3209 1696 vero
3235 1641 3489 1696 obtinue-

1883 1747 2015 1792 runt
2051 1738 2363 1803 victoriam,
2394 1754 2504 1793 non
2533 1736 2932 1792 interficientes
2978 1733 3352 1798 adversarios,
3386 1733 3486 1788 sed

1880 1827 1982 1882 sibi
2005 1837 2472 1885 connumerautes
2520 1845 2534 1882 :
2573 1838 2628 1884 et
2675 1842 2816 1899 quos
2855 1826 3201 1883 dzemonibus
3246 1826 3485 1895 mquales

1887 1931 2251 1991 acceperunt,
2287 1921 2498 1994 angelis
2531 1919 2746 1976 similes
2775 1919 3163 1975 reddiderunt.

1950 2033 2110 2090 Vers.
2141 2035 2234 2089 25.
2271 2034 2404 2090 Cum
2437 2033 2909 2089 autem—'aliam
2937 2073 2950 2087 .
2977 2032 3274 2105 Postquam
3335 2033 3478 2090 dixit

1886 2143 2012 2198 quae
2037 2135 2164 2198 post
2193 2129 2578 2183 ascensionem
2607 2142 2765 2183 suam
2791 2135 2954 2182 erant
3003 2135 3298 2190 eventura,
3368 2142 3489 2182 ser-

1878 2235 2100 2277 monem
2151 2220 2219 2275 ad
2280 2236 2343 2276 ea
2390 2220 2662 2286 reduxit,
2692 2235 2814 2290 quae
2862 2227 2993 2274 ante
3035 2234 3256 2276 crucem
3301 2219 3490 2286 fulur;

1877 2321 2037 2367 erant
2072 2353 2085 2366 .
2113 2311 2279 2368 Jubet
2309 2321 2492 2367 autem
2523 2310 2737 2383 fugere,
2778 2326 2891 2365 non
2929 2321 3194 2381 tanquam
3229 2310 3482 2378 timidos,

1878 2404 1975 2460 sed
2005 2414 2268 2473 tanquam
2301 2418 2396 2458 eos
2418 2403 2510 2473 qui
2527 2404 2879 2474 expelluntur
2915 2442 2930 2457 .
2956 2401 3159 2458 Verum
3186 2402 3331 2459 sicut
3350 2402 3488 2458 Gre-

1877 2497 2063 2570 gorius
2091 2495 2406 2567 Tbeologus
2434 2497 2847 2565 interpretatur,
2882 2496 3046 2566 jubet
3089 2503 3152 2549 ut
3182 2495 3490 2550 miserean-

1878 2599 1965 2644 tur
1992 2589 2446 2660 persequentium
2497 2597 2552 2643 et
2579 2588 3031 2652 imbecilliorum,
3063 2602 3169 2642 nec
3196 2588 3358 2656 longe
3395 2587 3483 2642 lu-

1875 2682 2026 2752 giant
2056 2725 2070 2747 ,
2102 2682 2197 2737 sed
2217 2681 2287 2735 ab
2309 2681 2414 2735 hac
2436 2681 2660 2736 civitate
2684 2681 2738 2735 in
2763 2681 2942 2746 illam,
2976 2695 3048 2736 ne
3073 2680 3235 2736 ullam
3259 2689 3490 2751 praeter-

1876 2785 2023 2838 eant,
2082 2776 2150 2828 ad
2177 2789 2340 2843 quam
2365 2789 2474 2829 non
2529 2774 2877 2844 perveniant.

1947 2869 2104 2923 Vers.
2129 2867 2220 2923 25.
2253 2866 2424 2921 Amen
2445 2896 2517 2907 -—
2535 2865 3199 2939 ﬂaminia—Priusquam
3219 2867 3392 2922 veniat
3417 2867 3487 2920 ad

1876 2975 1988 3014 vos.
2059 2957 2177 3014 Hoc
2199 2965 2386 3012 autem
2416 2959 2482 3012 ad
2507 2956 2770 3012 solatium
2803 2967 2860 3012 et
2893 2957 3244 3029 refrigerium
3292 2973 3485 3014 eorum

1877 3050 2034 3117 dixit,
2067 3049 2426 3114 conﬁrmans,
2465 3050 2612 3118 quod
2644 3048 2809 3105 citius
2853 3064 2950 3105 eos
2978 3061 3126 3105 esset
3151 3049 3256 3105 sibi
3287 3051 3490 3121 adjun-

1877 3155 2072 3200 cturus
2098 3184 2112 3208 ,
2146 3160 2312 3215 quam
2344 3143 2453 3214 ipsi
2495 3158 2692 3198 omnes
2722 3142 3040 3200 Iudaeorum
3071 3143 3326 3198 civitates
3379 3145 3490 3201 cir-

183 3233 472 3297 Ἰουδαίων,
499 3235 690 3304 ῆγουν,
723 3235 830 3306 πρὸ
871 3235 964 3290 τοῦ
997 3237 1232 3291 διελθεῖν
1264 3237 1395 3308 ὅλην
1428 3238 1528 3309 τὴν
1561 3237 1767 3293 Παλαι-

1888 3242 2168 3308 :umirent,
2203 3241 2320 3297 sive
2354 3249 2652 3311 antequam
2689 3241 2757 3297 ad
2797 3242 3116 3296 universam
3143 3239 3490 3296 Palaestinam

175 3327 380 3397 στίλην.
408 3328 610 3398 Ἤρκει
634 3327 767 3398 γάρ,
793 3330 889 3382 καὶ
922 3328 1084 3399 μόνον
1116 3331 1405 3398 ἐπιφανεὶς
1437 3331 1624 3394 αὐτοῖς
1647 3332 1771 3385 ἀντὶ

172 3423 348 3494 πάσης
375 3423 804 3493 παρακλήσεως,
838 3423 1016 3486 οὕτως
1047 3424 1462 3494 ἐλαυνομένοις,
1501 3426 1528 3478 ὃ
1554 3425 1618 3497 δὴ
1647 3425 1771 3478 τότε

172 3517 262 3569 καὶ
298 3518 630 3586 πεποίηκεν,
674 3516 750 3580 ὡς
779 3516 1074 3587 ὑπέσχετο.
1117 3517 1274 3570 Ἐπεὶ
1309 3517 1366 3571 δὲ
1397 3521 1494 3572 καὶ
1525 3519 1773 3588 βλασφη-

172 3611 390 3678 μεῖσθαι
419 3611 570 3683 παρὰ
597 3611 710 3664 τῶν
739 3611 1054 3665 διωκόντων
1079 3611 1334 3682 ἔμελλον,
1370 3613 1465 3666 καὶ
1494 3611 1584 3665 διὰ
1612 3611 1772 3665 τοῦτο

169 3704 483 3767 δάκνεσθαι,
534 3705 951 3776 παραμυθεῖται
994 3707 1090 3758 καὶ
1132 3703 1292 3758 τοῦτο
1325 3706 1389 3757 τὸ
1439 3705 1631 3776 μέρος,
1663 3705 1772 3758 ἀπὸ

170 3799 261 3853 τοῦ
302 3799 428 3852 καθ’
459 3798 656 3852 ἑαυτὸν
698 3799 1125 3869 ὑποδείγματος,
1165 3798 1339 3853 εἰπών
1367 3813 1382 3830 ο

245 3985 368 4037 Οὐκ
392 4013 466 4022 -
492 3982 602 4035 τὸν
638 3983 850 4052 κύριον
888 3981 1100 4037 αὐτοῦ.
1149 3980 1456 4052 ’Δπόφασιν
1488 3981 1589 4052 μὲν
1619 3981 1771 4050 λέγει

173 4078 358 4144 κοινὴν
387 4078 484 4129 καὶ
535 4077 671 4129 πᾶσι
717 4075 1021 4148 γνώριμον,
1083 4076 1470 4147 προσαρμόζει
1500 4076 1558 4128 δὲ
1593 4075 1770 4147 ταύτῃ

171 4176 239 4228 τὰ
277 4174 407 4228 καθ’
457 4173 677 4234 ἑαυτὸν,
711 4173 798 4225 ἵνα
857 4170 1052 4242 μηδεὶς
1101 4168 1411 4238 ἀντιλέγειν
1469 4167 1606 4238 ἔχοι.
1656 4169 1772 4222 Οὐκ

174 4267 319 4322 εστιν
369 4267 565 4333 ὅντως,
623 4265 744 4320 οὔτε
799 4264 1053 4335 μαθητὴς
1111 4263 1384 4336 κρείττων
1414 4262 1511 4315 τοῦ
1563 4262 1770 4316 οίκείου

172 4359 518 4424 διδασκάλου,
550 4357 674 4411 οὔτε
705 4356 893 4421 δοῦλος
927 4355 1194 4427 κρείττων
1219 4354 1315 4408 τοῦ
1357 4353 1549 4425 κυρίου
1578 4353 1768 4419 αὐτοῦ,

173 4454 277 4516 ἕως
300 4454 366 4507 ἂν
397 4453 426 4505 ὁ
447 4453 546 4522 μὲν
574 4452 662 4522 εἴη
698 4450 972 4522 μαθητὴς,
997 4452 1023 4503 ό
1064 4450 1120 4503 δὲ
1144 4448 1354 4512 δοῦλος.
1388 4448 1623 4518 ’Υφεσις
1655 4447 1769 4520 (‘26)

174 4550 282 4618 γάρ
316 4550 433 4600 ἐστι
484 4548 580 4600 καὶ
626 4546 688 4599 τὸ
709 4544 1088 4614 ,διδάσκεσθαι
1118 4543 1214 4599 καὶ
1243 4543 1304 4596 τὸ
1334 4541 1633 4609 δουλεύειν,
1675 4541 1772 4595 καὶ

1877 3335 2237 3401 accederent.
2271 3332 2589 3389 Sulliciebat
2609 3333 2755 3388 enim
2782 3349 2882 3404 pro
2902 3335 3053 3389 omni
3083 3335 3485 3402 consolatione,

1879 3440 1941 3482 ut
1975 3429 2090 3482 illis
2114 3427 2252 3482 adeo
2272 3427 2566 3498 exagitatis
2601 3436 2893 3497 appareret
2923 3427 3107 3497 :quod
3161 3443 3295 3484 sane
3349 3435 3484 3483 tunc

1879 3521 2043 3576 etiam
2077 3519 2232 3584 fecit,
2254 3519 2396 3574 sicut
2419 3518 2693 3588 promisit.
2721 3517 2861 3584 Quia
2891 3527 3075 3573 autem
3110 3517 3352 3573 futurum
3371 3525 3498 3574 erat-

1881 3629 1940 3672 ut
1968 3618 2038 3672 ab
2072 3617 2161 3672 his
2177 3616 2273 3686 qui
2308 3629 2368 3670 se
2404 3622 2887 3686 persequerentur
2909 3657 2924 3680 ,
2953 3613 3284 3668 calumniam
3318 3613 3493 3668 susti-

1875 3717 2079 3765 nerent
2108 3747 2123 3773 ,
2147 3717 2204 3764 et
2230 3707 2356 3763 ideo
2388 3707 2623 3761 moleste
2668 3705 2882 3760 ferrent
2914 3721 2927 3758 :
2969 3719 3140 3774 super
3169 3704 3276 3758 hoc
3319 3704 3488 3757 etiam

1875 3803 2306 3859 consolationem
2333 3799 2495 3856 affert
2525 3799 2761 3869 ,partim
2795 3815 2825 3854 a
2859 3798 3086 3868 proprio
3116 3797 3390 3867 exemplo,
3435 3799 3496 3854 et

1874 3896 1944 3951 ab
1980 3895 2064 3950 his
2127 3910 2251 3966 quae
2283 3895 2385 3949 sibi
2422 3894 2528 3965 ipsi
2569 3892 2916 3956 accidebant,
2949 3891 3142 3947 dicens
3195 3907 3209 3945 :

1951 3987 2107 4043 Vers.
2141 3988 2233 4042 24.
2306 3985 2433 4041 Non
2455 4017 2530 4027 —
2561 3986 2838 4040 dominum
2872 4001 3056 4039 suum.
3119 3983 3490 4040 Communem

1874 4080 2088 4152 profert
2130 4080 2491 4143 sententiam,
2520 4093 2753 4149 quaeque
2790 4078 3050 4133 omnibus
3097 4085 3226 4132 nota
3256 4086 3343 4133 est
3373 4096 3386 4132 :
3435 4089 3494 4135 et

1877 4174 2006 4230 huic
2033 4175 2259 4244 adaptat
2292 4215 2306 4238 ,
2336 4187 2460 4243 qua:
2489 4171 2636 4226 circa
2655 4185 2715 4226 se
2746 4170 3028 4234 accidunt,
3056 4169 3321 4226 utnullus
3359 4185 3492 4242 pos-

1876 4268 1946 4322 sit
1982 4266 2386 4322 contradicere.
2437 4263 2580 4320 Vere
2610 4263 2759 4318 enim
2793 4263 2868 4318 ita
2921 4273 3029 4330 est,
3109 4261 3256 4333 quod
3308 4276 3494 4334 neque

1876 4359 2184 4430 discipulus
2208 4373 2309 4413 suo
2341 4361 2604 4429 magistro
2621 4356 2976 4426 praestantior
2999 4362 3084 4410 est
3109 4395 3122 4421 ,
3155 4368 3335 4424 neque
3371 4370 3492 4412 ser-

1877 4469 1979 4508 vus
2011 4469 2111 4508 suo
2142 4452 2403 4508 domino:
2431 4451 2562 4506 dum
2588 4451 2680 4506 ille
2701 4449 3004 4519 discipulus
3053 4448 3241 4514 fuerit,
3273 4456 3330 4504 et
3387 4450 3495 4506 iste

1878 4556 2090 4596 servus.
2116 4539 2252 4595 Nam
2271 4539 2546 4610 subjectio
2572 4539 2823 4609 quasdam
2842 4546 2928 4593 est
2945 4537 3134 4593 doceri
3169 4551 3234 4592 ac
3259 4536 3493 4604 servire,

175 4645 294 4696 κατ’
332 4639 467 4694 αὐτὸ
510 4639 669 4694 τοῦτο
706 4639 929 4701 πάντως
974 4638 1088 4708 (9.7)
1124 4636 1526 4708 ύποϐεϐήκασι.
1565 4633 1770 4688 Λοιπὸν

1888 4646 1933 4692 3t
1967 4635 2270 4691 secundum
2289 4634 2395 4689 hoc
2418 4634 2599 4705 ipsum
2625 4632 2851 4690 omnino
2878 4632 3112 4704 subjecti
3130 4640 3280 4688 sunt.
3301 4631 3498 4703 Itaque

174 4737 265 4791 οὖν
293 4737 404 4791 οὐδ’
433 4736 590 4806 ὑμεῖς
624 4737 748 4788 ἐστε
782 4732 926 4806 ὑπὲρ
959 4733 1082 4804 ἐμὲ,
1116 4733 1209 4785 τὸν
1248 4729 1577 4786 διδάσκαλον
1614 4728 1771 4800 ὑμῶν

175 4834 268 4885 καὶ
291 4829 528 4901 Κύριον.

243 4923 523 4994 Ἀρκεῖ-ὸν
553 4952 623 4963 -
670 4924 702 4976 ὀ
735 4918 1113 4985 διδάσκαλος
1163 4917 1373 4975 αὐτοῦ.
1441 4919 1634 4990 ’Δρκεῐ
1661 4919 1775 4978 τοῖς

181 5019 449 5090 μαθηταῖς
479 5018 608 5086 ύμῖν
640 5016 720 5078 είς
772 5012 1156 5084 παραμυθίαν,
1216 5012 1302 5065 ἴνα
1350 5011 1586 5083 γένησθε
1639 5009 1774 5081 βλα-

1875 4744 2057 4800 nequo
2080 4743 2178 4785 vos
2195 4742 2360 4798 supra
2375 4742 2465 4784 me
2485 4726 2772 4792 estis,cum
2792 4725 2894 4782 sim
2913 4725 3181 4799 magister
3196 4739 3261 4781 ac
3308 4723 3496 4781 Domi-

1881 4839 1987 4879 nus
2018 4831 2223 4878 vester.

1949 4914 2105 4969 Vers.
2139 4911 2228 4966 25.
2258 4911 2463 4981 Suﬂicit
2487 4939 2560 4950 —-
2589 4910 2846 4982 magister
2873 4926 3023 4964 suus.
3086 4906 3234 4964 Satis
3258 4919 3344 4963 cst
3396 4922 3495 4963 vo-

1879 5009 1963 5064 bis
1996 5007 2284 5076 diScipulis
2301 5007 2370 5060 ad
2399 5005 2859 5070 consolationem,
2895 5012 2958 5059 ut
2987 5002 3328 5060 contumelia
3369 5000 3493 5056 am-

179 5112 584 5184 σφημούμενοι,
624 5109 699 5172 ὡς
730 5106 843 5177 ἐγὼ
880 5109 909 5160 ὁ
941 5106 1264 5170 διδάσκαλος
1295 5105 1473 5176 ὑμῶν,
1502 5105 1598 5160 καὶ
1629 5102 1770 5174 μέγα

1888 5099 2124 5166 ciamini,
2155 5099 2372 5154 sicutet
2400 5113 2521 5170 ego,
2547 5098 2774 5169 quisum
2799 5096 3053 5168 Magister
3073 5104 3258 5150 vester
3283 5112 3298 5149 :
3330 5093 3496 5164 idque

180 5208 308 5276 ὑμῖν
338 5207 418 5270 τὸ,
448 5205 542 5258 καὶ
575 5206 629 5256 ὲν
660 5206 775 5266 τοῖς
798 5201 1069 5264 τοιούτοις
1092 5199 1421 5269 ἐξισωθῆναι
1457 5216 1565 5270 μοι.

248 5299 358 5355 Καὶ
395 5301 427 5352 ό
459 5296 682 5360 δοῦλος
715 5325 784 5335 -
824 5294 1034 5350 αὐτοῦ.
1075 5292 1404 5346 Ἐλκυστέον
1443 5292 1540 5346 καὶ
1571 5290 1666 5344 ἐπὶ
1715 5288 1777 5343 τὸ

184 5394 346 5464 ῥητὸν
372 5390 533 5444 τοῦτο
568 5387 732 5441 πάλιν
763 5389 847 5454 τὸ,
879 5387 1139 5458 ἀρκετὸν,
1175 5384 1265 5440 ἵνα
1287 5385 1540 5456 γένηται.

248 5486 318 5539 El
359 5515 426 5525 —
453 5479 793 5546 οὶκειακοὺς
835 5479 1046 5534 αὐτοῦ.
1103 5475 1437 5542 Βεελζεϐοὒλ
1465 5472 1778 5546 ὠνόμαζον,

1881 5210 2142 5266 magnum
2167 5204 2273 5259 est,
2308 5201 2369 5248 ut
2403 5194 2570 5249 etiam
2620 5194 2675 5247 in
2709 5191 2911 5248 talibus
2943 5189 3080 5246 mibi
3103 5189 3316 5245 similes
3351 5187 3491 5243 sitis.

1955 5287 2113 5344 Vers.
2154 5287 2248 5342 25.
2306 5285 2374 5340 Et
2405 5304 2587 5342 servus
2615 5318 2686 5329 —
2710 5303 2863 5342 suus.
2902 5284 3149 5342 Rursum
3179 5283 3348 5339 etiam
3379 5283 3489 5338 buc

1885 5382 2215 5439 trahendum
2237 5391 2324 5437 est
2356 5423 2370 5445 ,
2407 5381 2556 5452 quod
2581 5382 2718 5437 dixit
2752 5399 2766 5436 :
2805 5381 3007 5453 Sufﬁcit
3043 5390 3100 5434 ut
3132 5379 3254 5449 ﬁat.

1965 5472 2120 5530 Vers.
2140 5474 2232 5530 ‘25.
2289 5470 2350 5527 Si
2372 5503 2441 5514 —
2458 5473 2775 5532 domesticos
2790 5475 2907 5546 ejus
2939 5475 2963 5530 .’
2987 5470 3278 5530 Beelzebul
3308 5468 3496 5529 nomi-

1397 5639 1605 5700 Varia)
1642 5635 1960 5702 lectiones
1992 5641 2053 5698 et
2089 5640 2283 5697 noue.

258 5797 373 5867 (‘24)
397 5798 496 5870 Bis
523 5813 655 5869 ergo
693 5798 810 5870 [00c
844 5813 969 5853 cum
1002 5796 1268 5870 genitivo.

259 5869 374 5943 (25)
395 5868 574 5927 Malim
599 5868 926 5941 ἀφίξωνται.

1961 5787 2075 5853 (9.6)
2111 5789 2151 5843 l.
2186 5802 2240 5842 e.
2273 5789 2596 5854 ἐλάττωσις.

1970 5859 2084 5931 (Ἥ)
2114 5859 2548 5934 ύποϐεϐλήκασι.
2584 5859 2646 5915 Β.
