4026 6518
575 469 684 530 339

1794 447 2178 513 EUTHYMII
2218 442 2580 505 ZlGABENl

3702 432 3810 495 3ἱο

580 585 781 638 nabant
809 579 1113 650 principem
1140 576 1555 631 daemoniorum.
1594 570 1660 625 Et
1682 569 1812 624 licet
1839 563 2131 621 manifesto

2255 561 2323 613 τὸν
2349 560 2586 627 ἄρχοντα
2611 556 2720 609 τῶν
2743 551 3055 621 δαιμονίων.
3080 551 3142 604 Εἰ
3164 548 3220 604 δὲ
3239 546 3329 603 καὶ
3356 546 3605 616 φανερῶς
3627 547 3687 598 οὐ
3720 549 3815 614 γέ-

576 672 835 743 scriptum
869 685 979 724 non
1013 668 1081 723 sit
1107 673 1356 721 vocatum
1389 678 1509 719 esse
1548 662 1823 716 Christum
1860 654 2145 710 Beelzebul

576 780 606 819 ι
652 762 874 827 ludatis,
898 757 1195 814 verisimile
1225 764 1405 811 tamen
1431 762 1515 809 est
1544 792 1560 813 .
1611 752 1795 806 ethoc
1831 745 2139 801 convicium

576 857 838 911 adversus
868 852 1021 906 illum
1046 852 1308 920 iactatum
1338 861 1484 902 esse.
1542 843 1642 899 Vel
1672 842 1837 901 etiam
1850 838 1957 893 alio
1983 836 2144 891 modo

577 956 827 1004 vocatum
863 960 984 1002 esse
1022 945 1157 1000 dicit
1197 944 1505 1006 Beelzebul,
1552 941 1679 1012 quia
1711 936 1949 993 amicum
1997 934 2144 989 illius

575 1040 844 1095 vocabant
881 1053 1030 1101 eum,
1048 1038 1296 1091 dicentes
1320 1052 1338 1089 :
1365 1035 1464 1088 llic
1479 1050 1581 1087 non
1596 1032 1743 1102 ejicit
1760 1028 2024 1084 damouia
2045 1026 2146 1079 uisi

558 1146 664 1199 per
680 1129 947 1187 Beelzebul
964 1130 1252 1197 principem
1273 1124 1789 1187 dwmoniarum”,ut
1808 1122 1862 1175 in
1883 1131 2145 1189 processu

572 1226 941 1281 inveniemus.
1006 1225 1171 1293 Atqui
1203 1225 1368 1277 multa
1397 1235 1615 1291 quoque
1653 1218 1758 1273 alia
1786 1216 2031 1271 convicia
2060 1214 2149 1283 ja-

574 1320 791 1373 ctabant
810 1320 862 1371 in
883 1332 1006 1372 eum
1031 1335 1043 1371 :
1068 1330 1258 1371 verum
1284 1315 1387 1369 hoc
1417 1313 1590 1367 solum
1619 1309 2144 1380 apposuittanquam

574 1409 819 1463 omnium
847 1407 1164 1479 pessimum.

646 1502 798 1556 Vera.
832 1502 922 1555 26.
953 1501 1033 1555 No
1056 1529 1127 1543 --
1158 1498 1301 1553 illos.
1336 1497 1723 1553 Conviciantes
1775 1494 2031 1551 videlicet
2082 1508 2147 1548 ac

574 1596 888 1648 mordentes
911 1593 1045 1663 (νει).

647 1684 798 1739 Vers.
813 1684 901 1739 26.
917 1685 1352 1739 Nihil—sciatur.
1365 1681 1701 1741 Universalis
1723 1680 1939 1749 quidem
1966 1692 2147 1735 sermo

574 1776 817 1840 videtur;
836 1785 919 1830 est
934 1786 1117 1831 tamen
1130 1774 1548 1845 etproprius,de
1561 1770 1919 1828 virtuteenim
1932 1782 2147 1840 aposto-

573 1869 747 1923 lorum
765 1868 1025 1938 loquitur,
1043 1867 1187 1938 quod
1220 1868 1360 1922 hanc
1383 1865 1714 1936 impossibile
1747 1865 1816 1920 sit
1856 1865 2139 1925 abscondi.
2172 1895 2217 1954 Β

570 1975 881 2029 quanquam
908 1959 1052 2017 enim
1090 1975 1237 2014 nunc
1275 1958 1594 2014 abscondita
1630 1958 1722 2021 εἰι,
1766 1966 1823 2010 et
1854 1957 1979 2011 ideo
2048 1972 2142 2011 vos

570 2051 861 2121 obiurgant
889 2068 902 2105 :
928 2066 1027 2107 suo
1040 2060 1226 2105 tamen
1256 2059 1502 2119 tempore
1533 2049 1839 2119 detegetur.
1872 2049 1985 2102 Etsi
2016 2064 2145 2118 ergo

572 2159 717 2198 nunc
734 2144 802 2197 ab
818 2143 1073 2200 omnibus
1094 2143 1417 2214 arguamiui,
1444 2158 1512 2196 ne
1532 2141 1823 2196 timueritis
1839 2151 2020 2196 tamen
2052 2157 2146 2197 eos

569 2235 660 2304 qui
713 2233 1067 2306 redarguunt,
1095 2235 1189 2290 sed
1220 2235 1339 2289 illos
1368 2234 1550 2304 potius
1580 2243 1918 2305 exspectate,
1954 2235 2046 2303 qui
2091 2235 2144 2288 in

573 2336 851 2395 posterum
896 2341 1025 2381 sunt
1054 2326 1323 2381 laudaturi
1351 2340 1564 2393 ;ueque
1594 2327 1880 2395 praesentia
1938 2327 2145 2380 contri-

572 2424 739 2475 stant.
769 2416 864 2470 sed
889 2416 1068 2471 futura
1104 2416 1287 2486 potius
1310 2416 1377 2469 ad
1407 2415 1793 2470 conﬁdendum
1846 2418 2143 2472 adducant.

643 2503 803 2561 Vers.
832 2506 922 2560 27.
953 2504 1081 2570 Qua:
1111 2536 1180 2545 ——
1216 2509 1387 2560 lectis.
1442 2504 1732 2575 Postquam
1779 2507 1881 2561 bos
1926 2509 2146 2562 tristitia

572 2598 847 2663 liberavit,
879 2614 1000 2668 quae
1025 2608 1247 2668 propter
1284 2597 1530 2653 convicia
1564 2607 1848 2659 causatur.
1907 2614 2056 2652 nunc
2080 2599 2147 2653 de

574 2690 961 2760 praedicatione
1009 2691 1251 2744 disserit.
1318 2690 1477 2759 Atqui
1513 2704 1694 2757 neque
1720 2692 1959 2744 tenebrae
1989 2700 2149 2745 erant

572 2783 790 2851 quando
816 2782 932 2835 haec
957 2782 1191 2843 diccbat,
1241 2796 1418 2847 neque
1467 2782 1522 2834 in
1570 2797 1759 2835 aurem
1791 2783 1871 2837 eis
1891 2782 2149 2851 loqueba-

577 2879 684 2924 tur.
724 2870 829 2923 Sed
862 2871 988 2937 quia
1019 2871 1268 2938 privatim
1294 2870 1409 2924 hrec
1431 2882 1485 2924 et
1518 2886 1625 2924 non
1651 2872 1870 2941 publice
1909 2873 2143 2935 dicebat,

576 2966 631 3020 et
662 2958 793 3012 solis
817 2959 921 3019 eis,
943 2974 1050 3013 non
1070 2960 1349 3017 omnibus.
1374 2960 1496 3013 ideo
1522 2961 1596 3016 ait
1627 2980 1637 3013 :
1664 2962 1820 3026 Quod
1840 2964 1964 3016 dico
1996 2966 2149 3019 vobis

576 3047 854 3116 privatim.
916 3050 1079 3105 dicite
1128 3050 1391 3119 publice:
1448 3061 1504 3105 et
1554 3053 1701 3119 quod
1760 3054 1857 3107 soli
1901 3055 2146 3119 audistis,

578 3140 866 3210 praedicata
931 3142 1207 3195 omnibus.
1257 3141 1313 3195 lo
1346 3143 1585 3197 tenebris
1637 3159 1763 3214 ergo
1824 3146 2143 3207 nominavit.

2244 665 2512 719 γραπται,
2547 645 2811 716 κληθῆναι
2831 640 3161 707 Βεελζεϐοὺλ
3185 640 3276 693 τὸν
3303 636 3541 709 Χριστὸν
3574 633 3678 687 ὑπὸ
3706 635 3817 688 τῶν

2255 740 2547 804 Ἰουδαίων,
2601 738 2715 791 ἀλλ’
2766 736 2935 802 εἰκὸς,
2987 734 3079 788 καὶ
3132 731 3293 787 τοῦτο
3352 727 3817 803 βλασφημηθῆναι

2243 836 2364 889 κατ’
2385 833 2572 895 αὑτοῦ,
2595 832 2627 903 ἢ
2652 831 2746 885 καὶ
2777 830 2982 899 ἑτέρως
3011 826 3278 897 κληθῆναι
3304 822 3460 877 τοῦτο
3491 821 3658 888 λέγει,
3684 818 3818 871 διότι

2246 926 2398 997 φίλον
2449 923 2616 978 αύτοῦ
2673 922 2861 976 τοῦτον
2913 919 3163 983 ἐκάλουν,
3194 918 3463 985 λέγοντες,
3515 914 3597 965 ὅτι
3626 906 3817 973 Οὗτος

2245 1020 2358 1072 οὐκ
2384 1016 2663 1072 ἐκϐάλλει
2694 1013 2767 1067 τὰ
2814 1011 3112 1081 δαιμόνια,
3142 1012 3195 1063 εὶ
3222 1007 3307 1077 μὴ
3358 1005 3427 1059 ἐν
3456 1004 3536 1070 τῷ
3579 1002 3788 1063 Βεελζε

2246 1111 2415 1175 ϐοὺλ,
2440 1108 2685 1177 ἄρχοντι
2717 1103 2836 1157 τῶν
2854 1101 3198 1171 δαιμονίων,
3226 1099 3301 1160 ὡς
3333 1095 3614 1165 προῖόντες
3645 1094 3814 1159 εὺοή-

2248 1218 2435 1275 σομεν.
2465 1202 2574 1253 Καὶ
2612 1198 2720 1267 μὴν
2753 1195 2865 1266 (ΩΒ)
2912 1194 3087 1247 πολλά
3126 1192 3222 1246 καὶ
3253 1189 3387 1245 ἄλλα
3427 1183 3815 1251 κατεϐλασςςή-

2248 1311 2428 1363 μησαν
2467 1288 2656 1345 αὐτοῦ.
2689 1286 2861 1341 Τοῦτο
2888 1286 2943 1339 δὲ
2969 1286 3125 1338 ιιόνον
3154 1281 3363 1335 τέθεικε
3391 1278 3507 1343 νῦν,
3534 1277 3609 1339 ὡς
3637 1278 3820 1346 χεῖρον

2244 1386 2353 1439 τῶν
2375 1384 2569 1437 ἄλλων.

2318 1478 2418 1546 Μὴ
2450 1507 2520 1516 -
2557 1474 2799 1539 αὐτούς.
2840 1467 3229 1539 Λοιδοροῦντας
3265 1466 3358 1518 καὶ
3412 1458 3824 1528 διακωμῳδοῦν-

2246 1588 2366 1634 τας.

2321 1662 2515 1716 Οὐδὲν
2549 1688 2616 1698 -
2664 1652 3104 1724 γνωσθήσεται,
3147 1648 3305 1701 Δοκεῖ
3338 1644 3437 1715 μὲν
3474 1642 3764 1704 καθολικδς
3796 1642 3823 1692 ὁ

2244 1755 2424 1821 λόγος,
2479 1750 2595 1802 ἔστι
2637 1748 2694 1801 δὲ
2726 1747 2914 1808 ιδικός.
2949 1741 3083 1814 Περὶ
3137 1741 3235 1810 τῆς
3272 1738 3471 1808 ἀρετῆς
3512 1736 3622 1803 γάρ
3672 1734 3827 1800 λέγει

2247 1847 2355 1901 τῶν
2396 1842 2729 1904 ἀποστόλων,
2765 1840 2847 1891 ὅτι
2879 1836 3141 1889 ἀδύνατον
3173 1831 3443 1902 κρυϐῆναι
3489 1828 3719 1895 ταύτην.
3766 1827 3829 1877 ΕΞ

2248 1941 2357 2011 γὰρ
2389 1939 2483 1992 καὶ
2522 1936 2616 1988 νῦν
2655 1932 3016 1991 κεκάλυπται,
3056 1928 3149 1981 καὶ
3190 1927 3276 1978 διᾶ
3308 1923 3467 1977 τοῦτο
3494 1919 3833 1991 λοιδοροῦσιν

2247 2036 2413 2101 ὑμᾶς,
2442 2029 2558 2084 ἀλλ’
2590 2022 3114 2090 ἀποκαλυφθήσεται
3157 2018 3233 2087 τῷ
3267 2018 3466 2087 χρόνῳ,
3508 2014 3602 2067 καὶ
3639 2011 3835 2064 λοιπὸν

2246 2122 2620 2197 τιμηθήσεσθε
2651 2118 2801 2189 παρὰ
2842 2118 3089 2171 πάντων.·
3119 2114 3211 2182 Μὴ
3255 2110 3348 2163 οὖν
3383 2106 3656 2197 φοϐηθῆτε
3694 2102 3830 2163 τοὺς

2249 2222 2342 2274 νῦν
2371 2195 2797 2286 κωμῳδοῦντας,
2850 2209 2987 2264 ἀλλά
3035 2203 3370 2274 προσδοκᾶτε
3418 2198 3544 2260 τοὺς
3590 2195 3829 2286 ὕστερον

2252 2310 2725 2381 ἐγκωμιάσοντας,
2758 2304 2894 2372 μηδὲ
2925 2302 2991 2354 τά
3037 2298 3279 2367 παρόντα
3314 2291 3555 2346 λυπείτω
3599 2285 3833 2357 μᾶλλον,

2252 2403 2387 2459 ἀλλά
2411 2400 2479 2455 τά
2517 2398 2777 2469 μέλλοντα
2808 2392 3042 2446 πειθέτω
3072 2388 3314 2457 θαρρεῖν.

2331 2497 2400 2548 '0
2430 2522 2495 2534 -—-
2534 2487 2838 2557 δωμάτων.
2882 2479 3221 2541 Ἀπαλλάξας
3255 2475 3452 2532 αὐτοὺς
3481 2472 3574 2524 καλ⁵
3606 2470 3706 2537 τῆς
3734 2469 3836 2521 ἐπὶ

2254 2590 2361 2649 τοῖς
2387 2582 2615 2640 ὀνείδεσι
2645 2578 2842 2647 λύπης,
2884 2572 3013 2642 περὶ
3057 2570 3151 2623 τοῦ
3191 2566 3547 2637 κηρύγματος
3584 2559 3839 2627 διαλέγε-

2251 2700 2363 2735 ται.
2412 2680 2518 2730 Καὶ
2552 2675 2657 2744 μὴν
2711 2671 2835 2725 οὔτε
2894 2666 3086 2727 σκότος
3120 2658 3209 2733 ἦν,
3250 2662 3338 2714 ὅτε
3372 2656 3544 2710 ταῦτα
3582 2654 3833 2717 ἐλέγετο,

2250 2772 2376 2825 οὔτε
2406 2772 2487 2830 είς
2517 2768 2578 2819 τὸ
2603 2761 2695 2822 οὖς
2733 2763 2917 2823 αὐτοῖς
2956 2759 3145 2825 ἔλεγεν
3166 2771 3181 2786 ·
3228 2753 3344 2806 ἀλλ’
3371 2749 3670 2817 ἐπειδήπερ
3720 2744 3835 2814 ἰδίᾳ

2251 2865 2347 2918 καὶ⁹
2377 2863 2438 2913 ού
2468 2858 2703 2927 δημοσίᾳ
2726 2854 2900 2906 ταῦτα
2931 2845 3073 2911 εῐπε,
3100 2847 3193 2900 καὶ
3225 2845 3429 2915 μόνοις,
3459 2841 3551 2901 καὶ
3573 2840 3634 2891 οὺ
3666 2838 3831 2898 πᾶσι,

2252 2958 2414 3024 φησὶν
2447 2951 2560 3020 (29)
2590 2992 2604 3013 ,
2636 2951 2718 3003 ὅτι
2754 2949 2818 2999 Ὃ
2846 2944 2991 3012 λέγω
3021 2942 3149 3009 ὑμῖν
3183 2938 3309 3008 ἰδίᾳ,
3342 2937 3532 2987 εἴπατε
3562 2928 3828 3024 δημοσία,

2252 3018 2345 3101 καὶ
2384 3046 2410 3098 ό
2441 3018 2711 3110 ἧκούσατε
2752 3037 2924 3106 μόνοι,
2967 3032 3237 3103 κηρύξατε
3283 3028 3483 3081 πᾶσιν*
3526 3025 3583 3075 ὲν
3633 3018 3834 3088 σκοτίᾳ

2256 3139 2353 3207 μὲν
2374 3135 2669 3203 ὀνομάσας,
2693 3131 2751 3183 τὸ
2774 3129 2894 3182 κατ’
2922 3126 3055 3179 ἰδίαν
3078 3141 3091 3155 ο
3126 3123 3205 3184 εἰς
3226 3119 3287 3173 τὸ
3309 3114 3400 3182 οὖς
3424 3117 3503 3179 δὲ,
3532 3114 3592 3166 τὸ
3617 3112 3836 3182 μόνοις.

576 3232 721 3300 quod
776 3233 1028 3299 privatim
1084 3235 1386 3287 dicebatur.
1450 3234 1508 3286 ln
1565 3203 1752 3290 aurein
1786 3252 1933 3300 vero,
2005 3241 2147 3306 quod

2256 3203 2368 3282 im
2399 3227 2557 3288 αὖθις
2585 3224 2678 3278 Ἐν
2709 3220 2850 3291 φωτὶ
2875 3220 2993 3289 μὲν,
3016 3215 3076 3270 τδ
3093 3212 3326 3285 δημοσίᾳ
3349 3210 3477 3264 οιπι
3504 3207 3612 3261 τῶν
3640 3203 3836 3275 δωμά-

577 3323 723 3378 solis.
778 3324 848 3379 Et
908 3341 1097 3379 rursus
1133 3344 1146 3378 :
1181 3326 1237 3379 In
1283 3326 1423 3388 luce,
1447 3326 1593 3395 quod
1618 3328 1851 3395 publice,
1891 3329 1945 3382 in
1994 3330 2151 3384 tectis

577 3426 783 3480 autem,
812 3417 955 3485 quod
974 3417 1254 3471 omnibus.

646 3508 803 3563 Vers.
860 3507 950 3562 S8.
1000 3509 1065 3562 Et
1114 3512 1461 3577 —geheuua.
1514 3512 1649 3566 Cum
1711 3512 1862 3581 prius
1912 3513 1977 3566 de
2031 3514 2151 3567 aliis

576 3599 838 3668 periculis
866 3600 1186 3667 dissereret,
1205 3602 1504 3657 subincidit
1534 3613 1589 3657 et
1639 3619 1820 3657 sermo
1844 3606 1909 3657 de
1931 3606 2151 3660 interfe-

582 3692 763 3746 ctione
794 3692 1036 3763 ipsorum
1073 3712 1087 3758 ;
1122 3694 1263 3748 hanc
1296 3710 1425 3764 ergo
1454 3695 1618 3749 etiam
1682 3696 1947 3765 praedicit,
1969 3699 2153 3765 jubet-

578 3798 685 3851 que
712 3798 831 3838 eam
882 3785 1201 3853 parvipendi
1233 3803 1247 3840 :
1285 3785 1366 3838 Ne
1406 3787 1709 3843 timueritis.
1764 3788 2037 3856 inquiens,
2086 3792 2152 3843 ab

580 3876 659 3927 his
728 3876 817 3943 qui
883 3877 1389 3944 occidunt-corpus,
1442 3876 1546 3931 hoc
1584 3889 1687 3940 est.
1718 3877 1795 3933 Ne
1864 3880 2154 3937 timueritis

581 3967 897 4023 occidentes
926 3984 1146 4037 carpus,
1175 3984 1353 4037 neque
1392 3980 1679 4037 propterea
1712 3972 2151 4039 przedicationem

582 4060 905 4128 relinquatis
933 4078 946 4113 :
971 4062 1065 4114 sed
1094 4077 1217 4116 eum
1244 4063 1431 4117 timete
1475 4063 1568 4133 qui
1604 4080 1700 4118 vos
1723 4065 1788 4119 ad
1842 4066 2151 4135 huiusmodi

582 4152 952 4208 ministerium
976 4153 1183 4217 emisit,
1214 4163 1269 4207 et
1303 4153 1466 4208 facile
1491 4154 1633 4222 quod
1691 4155 1900 4223 jossum
1932 4166 2035 4211 est.
2066 4158 2154 4211 Si-

581 4244 799 4314 quidem
829 4244 926 4307 illi,
952 4244 1054 4297 etsi
1086 4259 1285 4313 corpus
1314 4244 1585 4307 occidant,
1608 4260 1947 4315 nequaquam
1975 4257 2151 4302 tamen

583 4336 823 4389 animam
881 4334 1256 4401 superabunt:
1316 4334 1403 4389 hic
1448 4342 1629 4390 autem
1689 4345 1744 4390 et
1801 4337 2035 4391 animam
2100 4349 2155 4393 et

583 4443 786 4497 corpus
824 4435 1004 4495 potest
1036 4428 1261 4496 perdere
1305 4427 1355 4480 in
1384 4428 1653 4497 gehenna,
1681 4432 1783 4483 hoc
1799 4440 1900 4490 cst,
1934 4432 2149 4500 punire.

589 4518 861 4573 Timorem
911 4518 1071 4589 igitur
1136 4519 1441 4585 hominum,
1503 4520 1596 4575 Dei
1628 4522 1824 4577 timore
1884 4525 2153 4593 repellite,

590 4610 851 4665 minorem
881 4608 1129 4665 videlicet
1164 4610 1388 4679 majore.
1428 4612 1661 4668 Aliunde
1711 4629 1926 4684 quoque
1958 4617 2056 4671 bos
2086 4617 2155 4671 de

587 4700 985 4757 inter-lectionis
1055 4710 1201 4753 metu
1261 4703 1573 4757 consolatur
1634 4720 1649 4760 :
1729 4714 1785 4759 et
1844 4706 1968 4761 vide
2025 4708 2155 4777 quid

583 4790 747 4846 dicat.

655 4885 923 4939 Vers.29.
962 4885 1149 4940 Nonne
1182 4915 1247 4926 ——
1285 4894 1437 4955 patre
1453 4894 1639 4940 vestro.
1676 4885 1965 4956 Ἀσσάριον
1984 4904 2156 4957 genus

2254 3339 2361 3375 των
2391 3319 2468 3383 δὲ,
2496 3319 2555 3371 τὸ
2593 3318 2752 3370 πᾶσι.

2327 3524 2435 3579 Καὶ
2465 3552 2534 3565 --
2563 3519 2799 3590 γεέννῃ.
2832 3515 2970 3586 Περὶ
2992 3513 3099 3568 τῶν
3129 3512 3304 3565 ἄλλων
3329 3507 3518 3560 δεινῶν
3541 3503 3843 3574 προδιαλα-

2257 3616 2390 3672 ϐὼν.
2423 3607 2740 3676 ύποκατέϐη
2786 3606 2883 3659 καὶ
2920 3604 3000 3666 είς
3046 3602 3138 3654 τὸν
3192 3597 3320 3667 περὶ
3350 3596 3446 3663 τῆς
3496 3591 3841 3658 ἀναιρέσεως

2257 3704 2435 3760 αὐτῶν
2469 3701 2648 3768 λόγον,
2685 3698 2778 3751 καὶ
2813 3694 3071 3766 προλέγει
3113 3692 3206 3744 καὶ
3245 3689 3468 3756 ταύτην,
3494 3684 3589 3735 καὶ
3616 3682 3839 3734 κελεύει

2257 3794 2621 3866 καταφρονεῖν
2655 3788 2828 3857 αὐτῆς
2848 3826 2863 3841 .
2891 3786 2985 3851 Μὴ
3013 3782 3305 3854 φοϐῆσθε,
3332 3779 3527 3845 λέγων,
3565 3774 3685 3831 ἀπὸ
3711 3773 3841 3825 τῶν

2257 3885 2713 3947 ἁποκτενόντων
2733 3882 2799 3935 τὸ
2825 3877 3017 3947 σῶμα,
3046 3875 3313 3934 τουτέστι,
3335 3875 3425 3940 Μὴ
3450 3869 3685 3939 φοϐῆσθε
3706 3868 3839 3929 τοὺς

2255 3978 2680 4038 ἀποκτείνοντας
2710 3973 2773 4026 τὸ
2811 3971 2995 4039 σῶμα,
3030 3969 3163 4039 μηδὲ
3191 3968 3277 4020 διὰ
3300 3965 3457 4019 τοῦτο
3487 3961 3834 4029 καταλίπητε

2256 4073 2317 4126 τὸ
2344 4070 2663 4139 κηρύσσειν,
2692 4065 2828 4120 ἀλλά
2854 4064 3127 4133 φοϐήθητε
3151 4061 3242 4113 τὸν
3266 4056 3664 4112 ἀποστείλαντα
3687 4055 3840 4122 ὑμᾶς

2256 4166 2335 4226 εἰς
2362 4164 2461 4232 τὴν
2475 4160 2731 4228 τοιαύτην
2754 4156 3054 4213 διακονίαν,
3088 4153 3180 4206 καὶ
3206 4154 3409 4204 ποιεῖτε
3432 4149 3491 4201 τὸ
3520 4146 3837 4201 κελευσθέδ.

2274 4256 2505 4307 Ἐκεῖνοι
2559 4253 2658 4321 μὲν
2692 4251 2822 4320 γὰρ,
2877 4249 2925 4301 εἰ
2970 4246 3064 4299 καὶ
3091 4245 3152 4298 τὸ
3203 4244 3360 4312 σῶμα
3409 4238 3839 4298 ἀποκτείνωσιν,

2262 4344 2376 4399 ἀλλ’
2405 4338 2498 4395 οὖν
2530 4343 2589 4393 οὺ
2620 4338 3076 4411 περιγενήσονται
3107 4335 3205 4388 καὶ·
3226 4335 3324 4402 τῆς
3350 4331 3527 4401 ψυχῆς
3547 4344 3559 4358 ·
3597 4324 3753 4390 οὗτος
3779 4328 3839 4381 δὲ

2261 4439 2356 4491 καὶ
2389 4435 2486 4505 τὴν
2518 4435 2695 4504 ψυχὴν
2747 4434 2843 4487 καὶ
2885 4431 2946 4484 τὸ
3003 4430 3161 4497 σῶμα
3206 4426 3429 4480 δύναται
3475 4421 3741 4476 ἀπολέσαι
3778 4422 3839 4473 ὲν

2264 4529 2477 4598 γεέννῃ,
2514 4529 2543 4580 ὃ
2570 4530 2706 4588 ἐστι,
2738 4526 2985 4579 κολάσαι.
3019 4522 3188 4575 Φόϐον
3217 4519 3308 4572 οὖν
3335 4515 3624 4570 ἀπώσασθε
3656 4514 3834 4584 φόϐῳ,

2261 4620 2352 4673 τὸν
2384 4619 2493 4672 τῶν
2527 4616 2830 4687 ἀνθρώπων
2860 4616 2939 4683 τῷ
2967 4615 3060 4667 τοῦ
3089 4612 3247 4677 Θεοῦ,
3280 4612 3372 4663 καὶ
3396 4610 3485 4662 τὸν
3522 4609 3722 4677 ἥττονα
3752 4606 3837 4675 τῷ

2263 4710 2492 4780 μείζονι.
2527 4711 2633 4763 Καὶ
2659 4709 2926 4780 ἑτέρωθεν
2957 4708 3011 4760 δὲ
3034 4704 3437 4775 παραμυθεῖται
3472 4701 3585 4771 ('50)
3618 4699 3836 4762 τούτοις

2257 4804 2358 4873 τὴν
2389 4801 2590 4854 δειλίαν
2619 4800 2720 4867 τῆς
2755 4800 3109 4869 ἀναιρέσεως.
3146 4798 3256 4850 Καὶ
3289 4797 3390 4865 ὅρα
3412 4794 3465 4845 τί
3496 4809 3685 4861 φησιν.

2327 4894 2476 4961 Οὐχὶ
2526 4924 2591 4935 ——
2619 4894 2894 4961 θήραν-οῖς
2931 4890 3063 4962 (5|).
3095 4889 3167 4943 Τὸ
3218 4888 3317 4957 μὲν
3367 4883 3650 4955 ἀσσάριον,
3688 4878 3835 4945 εἶδος

584 4978 750 5041 oboli,
793 4977 1175 5033 diminutivum
1213 4986 1298 5033 est
1334 4978 1402 5031 ab
1422 4994 1564 5041 asse,
1587 4978 1745 5050 cujus
1764 4988 1942 5034 tamen
1983 4982 2149 5036 vilitas

2260 4984 2448 5039 ὀϐολοῦ
2480 4986 2621 5039 ἐστι.
2646 4985 2811 5051 Λέγει
2845 4982 2900 5036 δὲ
2935 4980 3028 5035 νῦν
3055 4983 3083 5034 ὁ
3113 4979 3349 5051 Χριστὸς
3379 4978 3500 5032 κατ’
3533 4974 3835 5046 ἐρώτησιν,

588 5072 878 5144 proverbio
928 5073 1159 5129 celebris
1217 5083 1324 5128 est.
1387 5074 1678 5146 Dicitergo
1702 5090 1849 5129 nunc
1905 5072 2155 5129 Christus

2264 5076 2349 5129 ὅτι
2384 5076 2505 5145 οὐχὶ
2541 5074 2796 5128 τοσοῦτόν
2845 5074 2986 5127 εἰσιν
3034 5069 3396 5125 εὐτελέστατα
3444 5067 3513 5122 τὰ
3549 5063 3835 5137 στρουθία,

1780 5197 1986 5259 Variae
2022 5198 2330 5261 lectiones
2374 5205 2435 5261 et
2474 5204 2640 5260 noue

658 5300 701 5334 ³³
742 5300 938 5355 Matth.
968 5313 1066 5363 xu,
1102 5298 1195 5353 24.

662 5393 773 5461 (28)
806 5395 899 5447 καὶ
929 5392 1063 5446 ἀλλα
1094 5393 1283 5447 πολλά.
1317 5394 1379 5447 Α.

654 5464 766 5531 (9.9)
793 5462 901 5531 γάρ
925 5461 1072 5515 addit
1100 5462 1161 5514 Α.

656 5534 781 5605 (ὅθί
816 5533 895 5587 lta
933 5547 1148 5605 quoque
1190 5532 1507 5593 Cinnamus.
1552 5550 1603 5600 p.
1642 5536 1727 5597 78,
1770 5534 2001 5605 Ἀνδρας
2042 5539 2148 5590 τῶν

875 5601 1440 5671 παραμυθησομὲνους
1464 5606 1723 5676 Κορῤἀδῳ
1740 5608 1835 5675 τὴν
1860 5601 2146 5679 συμφορὰν

618 5690 823 5726 στελλε.

2334 5401 2444 5467 (5i)
2474 5399 2772 5453 llentenius
2796 5414 2944 5469 ergo,
2966 5413 3121 5463 cuius
3147 5391 3523 5469 interpretatio
3552 5387 3833 5469 dissepti’t.

2260 5458 2370 5524 non
2412 5471 2622 5523 videtur
2659 5458 2921 5539 reperisse
2967 5458 3091 5535 post
3128 5458 3346 5539 na:pb;_
3372 5458 3830 5539 ὑμῶν’)ἰοοεῑξυία

2257 5541 2350 5593 τοῦ
2380 5543 2435 5593 ἐν
2460 5529 2733 5609 οὐρανοῖς,
2758 5554 2875 5604 qua‘
2896 5529 3123 5605 uterque
3151 5529 3303 5609 meus
3335 5529 3523 5609 habet.
3550 5530 3639 5584 Sic
3665 5529 3832 5585 etiam

2255 5626 2401 5666 vers.
2436 5601 2538 5673 27,.
2563 5625 2662 5680 pro
2694 5610 2721 5662 ὃ
2747 5601 2907 5678 λέγω,
2942 5601 3154 5663 videtur
3182 5605 3374 5677 legisse
3410 5602 3445 5656 ἃ
3469 5601 3630 5667 λέγω.

655 5785 762 5857 (yy)
822 5782 1134 5837 Mordentes.
1190 5786 1263 5839 Ac
1308 5788 1349 5840 si
1399 5787 1603 5856 legerit.
1646 5788 1954 5853 δάκνοντας.
2011 5792 2125 5845 Mox

2264 5791 2380 5861 piex
2416 5784 2811 5857 κωμῳδοῦντας
2845 5786 3058 5857 legitur.
