4026 6516
186 429 273 502 3ἰί

1120 434 1510 500 COMMENT.
1556 436 1642 500 IN
1685 437 2161 503 MATTHEUM.
2202 465 2273 478 -
2306 440 2469 502 CAP.
2504 442 2577 502 X.

3346 443 3454 510 3L2

186 546 253 612 ὥς
275 544 574 602 πωλεῐσθαι
609 544 704 601 δύο
739 545 834 600 τοῦ
866 543 1154 617 ἀσσαρίου.
1189 548 1282 601 καὶ
1322 550 1497 621 ὅμως,
1540 548 1661 604 οὐδὲ
1694 550 1754 604 ἒν

1884 548 2518 623 nterrogandozNonue
2578 556 2744 606 tantae
2787 548 3016 606 vilitatis
3064 559 3197 606 sunt
3231 566 3459 622 passer-

186 640 243 693 ἐκ
270 637 472 693 τούτων
503 636 802 709 θηρεύεται
836 638 1007 710 χωρὶς
1036 639 1131 691 τοῦ
1165 632 1333 708 Θεοῦ;
1380 641 1480 713 οὐχ
1520 641 1596 705 ὡς
1634 661 1760 697 συν-

186 730 486 803 εργοῦντος,
519 730 639 786 ἀλλ’
670 730 747 799 ὡς
778 732 1268 803 παραχωροῦντος.

254 996 453 1067 ’Υμῶν
488 998 558 1053 δὲ
589 1030 658 1041 -
690 1001 872 1057 εἰσιν.
919 1002 1110 1073 Ὑμεῖς
1139 1006 1199 1060 δὲ
1241 1008 1501 1065 τοσοῦτόν
1531 1013 1656 1072 ἐστι
1683 1014 1761 1068 τί·

184 1108 305 1179 μιοι,
330 1089 476 1145 ὥστε
507 1094 601 1147 καὶ
624 1093 809 1159 πάσας
840 1096 995 1166 ὑμῶν
1021 1098 1121 1164 τὰς
1152 1101 1346 1173 τρίχας
1374 1104 1761 1179 ήριθμημένας

180 1178 309 1237 εἰναι
341 1185 494 1257 παρὰ
520 1185 680 1240 Θεοῦ.
722 1186 887 1257 Δηλοῖ
911 1189 967 1243 δὲ
999 1192 1032 1261 ή
1066 1193 1453 1265 ἀπαρίθμησις
1496 1178 1608 1253 τῶν
1640 1218 1759 1271 τρι-

179 1272 303 1342 χῶν,
338 1273 441 1344 τήν
472 1273 677 1346 ἀκριϐῆ
705 1275 931 1344 γνῶσιν,
961 1279 1044 1333 ὅτι
1074 1280 1195 1335 λίαν
1219 1283 1559 1351 γινώσκεσθε
1584 1290 1756 1361 αὐτῷ,

178 1366 265 1417 καὶ
312 1365 670 1439 lem-01.1.2963;
710 1363 820 1422 οἶδε
870 1372 1052 1426 πάντα
1089 1374 1158 1427 τὰ
1194 1377 1325 1431 καθ’
1367 1379 1514 1449 ὑμᾶς
1539 1380 1627 1436 διὰ
1661 1384 1761 1456 τὴν

180 1460 306 1528 ἄγαν
356 1461 515 1531 ὑμῶν
547 1464 850 1521 οἶκείωσιν.
911 1468 1023 1521 Καὶ
1083 1472 1131 1524 εἰ
1186 1471 1310 1525 τῶν’
1348 1474 1759 1534 εὐτελεστάτων

182 1552 475 1624 στρουθίων
515 1555 670 1609 οὐδὲν
700 1557 999 1628 θηρεύεται
1027 1564 1199 1634 χωρὶς
1228 1565 1415 1634 αὐτοῦ,
1460 1569 1645 1635 καθὼς
1680 1574 1758 1627 ετ-

186 1659 359 1715 ρηται,
398 1647 582 1719 πολλῷ
621 1651 827 1720 μᾶλλον
859 1654 1016 1723 ὑμετς
1045 1657 1094 1709 οἰ
1129 1658 1303 1729 τίμιοι
1336 1662 1437 1716 οὐκ
1467 1664 1761 1739 ἀναιρεθή-

180 1739 375 1885 gazis;
394 1740 469 1813 μὴ
495 1744 957 1817 παραχωροῦντας
990 1750 1177 1805 αὐτοῦ.
1212 1753 1322 1807 Καὶ
1344 1754 1532 1812 λοιπον
1556 1760 1617 1813 ού
1653 1762 1759 1834 χρὴ

208 1846 227 1881 ε
291 1848 345 1884 ικ
380 1849 494 1885 ναι.

208 1846 494 1889 εοοικεναι.

246 2017 342 2087 Μὴ
374 2048 444 2057 -
466 2013 581 2073 οὖν
609 2020 798 2088 ὑμεῖς.
827 2023 1093 2091 Πολλάκις
1121 2028 1474 2096 ὲγκελεύεται
1508 2035 1607 2106 τὴν
1636 2037 1773 2106 ἀφο-

180 2114 299 2167 ϐίαν
337 2116 547 2179 αὐτοῖς,
574 2116 660 2171 διὰ
690 2118 759 2172 τὰ
813 2122 1021 2195 μεγέθη
1075 2124 1183 2178 τῶν
1239 2129 1546 2198 μελλόντων
1577 2152 1773 2206 πειρα-

182 2226 209 2261 σ
216 2227 354 2280 μων.

244 2301 369 2369 Πᾶς
395 2334 466 2345 -
496 2303 568 2356 ἐν
597 2306 903 2373 οὐρανοῖς.
952 2309 1301 2381 Ὀμολογίαν,
1329 2316 1427 2388 τήν
1457 2322 1772 2394 μαρτυρίαν

179 2393 347 2463 λέγει,
398 2397 739 2469 παραθήγων
787 2400 987 2464 αὐτοὺς
1018 2406 1101 2466 εἰς
1158 2407 1217 2459 τὸ
1271 2410 1597 2481 μαρτύριον.
1631 2393 1772 2486 tilqu

182 2487 423 2557 γὰρ,ὃτι
488 2488 603 2551 Πᾶς
662 2492 811 2555 ὅστις
870 2498 1217 2566 μαρτυρήσει
1278 2517 1371 2569 μοι
1415 2502 1651 2575 θεότητα
1686 2510 1773 2561 ὲν-

181 2577 351 2632 ὡπιον
378 2579 489 2633 τῶν
513 2580 842 2653 ἀνθρώπων,
868 2590 1210 2660 μαρτυρήσω
1234 2592 1384 2663 αὐτῷ
1406 2595 1561 2663 κάγὼ
1587 2600 1773 2656 πίστιν

183 2672 414 2766 ἰνὼπιον
445 2673 540 2728 τοῦ
577 2677 791 2748 Πατρός
847 2697 971 2749 μου,
1014 2683 1317 2751 τουτέστιν,
1368 2690 1464 2752 ’ος
1491 2694 1773 2766 ἀνακηρύ-

183 2763 257 2829 ξει
286 2784 353 2836 με
385 2765 542 2834 θεὸν,
575 2769 907 2843 ἀνακηρύξω
946 2774 1113 2828 αὐτὸν
1146 2779 1302 2846 κάγὼ
1339 2783 1551 2837 πιστόν.
1582 2763 1773 2851 Ὅστις

181 2856 223 2911 δ’
253 2858 318 2911 ἂν
346 2859 641 2932 ἀπώσηταί
677 2880 769 2933 με,
806 2866 1103 2938 ἀπώσομαι
1140 2870 1297 2940 κάγὼ
1326 2874 1511 2931 αὐτόν.
1543 2878 1616 2931 Τὸ
1638 2879 1772 2948 γοῦν

193 2949 296 3003 'E'r
322 2948 479 3019 ἐμοὶ,
512 2952 632 3005 ἀντὶ
663 2952 783 3019 τοῦ,
816 2956 975 3025 Ἐμοί
986 2999 997 3012 .
1032 2961 1142 3013 Καὶ
1172 2961 1253 3025 τὸ,
1292 2964 1399 3018 Ἐν
1421 2966 1603 3032 αὐτῷ,
1648 2971 1773 3025 ἀντὶ

184 3040 298 3104 τοῦ,
335 3042 515 3114 Αὐτῷ.
560 3045 621 3099 '0
654 3046 711 3101 δὲ
746 3048 1138 3121 Χρυσόστομός
1180 3055 1293 3125 (52)
1342 3074 1529 3127 φησιν,
1559 3062 1639 3114 ὅτι
1672 3064 1774 3117 οὐκ

187 3128 357 3202 εἶπεν,
394 3135 586 3200 Ὅστις
616 3140 949 3210 ὁμολογήσει
992 3144 1139 3212 ἐμοὶ,
1173 3144 1288 3198 ἀλλ’
1320 3146 1412 3201 Ἐν
1441 3151 1588 3220 ἐμοὶ,
1623 3165 1774 3208 τουτ-

1864 644 1993 709 euli,
2049 652 2111 700 ut
2137 644 2248 700 duo
2299 643 2610 700 vendantur
2660 644 2893 709 assario,
2922 643 3029 699 hoc
3086 652 3193 708 est,
3231 643 3460 701 minimo

1862 738 2027 793 obolo
2051 739 2076 793 ἳ
2099 746 2153 794 et
2186 748 2369 794 tamen
2400 753 2579 809 neque
2607 753 2752 793 unus
2792 752 2860 793 ex
2885 736 2973 792 his
3019 735 3241 807 capitur
3261 736 3461 807 laqueo

1863 832 2072 903 absque
2101 830 2235 895 Deo,
2255 845 2367 886 non
2396 837 2653 901 tanquam
2682 836 3039 901 cooperante,
3071 828 3170 885 sed
3201 835 3460 900 tanquam

1864 923 2243 995 permittente.

1938 1013 2091 1071 Vers.
2112 1014 2205 1071 30.
2241 1015 2409 1072 Vestri
2435 1024 2619 1070 autem
2646 1047 2716 1056 —
2735 1024 2887 1071 sunt.
2911 1016 3021 1073 Vos
3080 1022 3264 1071 autem
3325 1012 3464 1068 tanti

1863 1109 2021 1175 estis,
2060 1119 2122 1164 ut
2154 1125 2349 1166 omnes
2378 1125 2597 1181 quoque
2616 1109 2799 1180 capilli
2836 1110 3009 1165 vestri
3042 1107 3317 1163 numerati
3353 1107 3466 1161 sint

1864 1218 1894 1257 a
1911 1202 2044 1257 Deo.
2067 1200 2357 1274 Significat
2373 1208 2553 1255 autem
2580 1199 2910 1269 capillorum
2933 1213 3202 1253 numerus
3216 1206 3464 1253 exactam

1863 1294 2143 1357 notitiam,
2214 1294 2360 1364 quod
2419 1292 2578 1349 valde
2646 1292 2848 1363 cogniti
2901 1292 3027 1347 sitis
3078 1290 3149 1345 ab
3210 1288 3467 1356 eo,etad

1864 1389 2138 1445 minutum
2162 1374 2386 1461 quoque
2416 1388 2572 1443 novit
2598 1402 2683 1453 ea,
2717 1401 2839 1457 qua
2855 1386 3004 1442 circa
3027 1397 3125 1439 vos
3158 1394 3309 1445 sunt,
3337 1396 3465 1451 pro-

1862 1492 1987 1552 pter
2017 1497 2269 1553 magnam
2294 1480 2577 1535 vobiscum
2618 1475 3073 1533 familiaritatem.
3110 1474 3267 1542 Quod
3310 1472 3356 1528 si
3397 1486 3465 1525 ne

1867 1589 2009 1630 unus
2033 1574 2257 1645 quidem
2314 1573 2711 1629 vilissimorum
2754 1570 3205 1644 passerculorum
3272 1567 3465 1636 laqueo

1865 1667 2107 1737 capitur,
2166 1666 2374 1737 absque
2433 1667 2554 1735 ejus
2612 1680 2908 1729 consensu,
2953 1664 3095 1721 sicut
3117 1662 3325 1716 dictum
3358 1666 3465 1720 est,

1866 1760 2039 1815 multo
2078 1759 2254 1831 magis
2280 1774 2402 1823 vos,
2460 1760 2552 1828 qui
2577 1758 2806 1829 pretiosi
2836 1757 2993 1824 estis,
3026 1771 3137 1810 non
3176 1750 3468 1808 interﬁcie-

1868 1852 2025 1915 m'mi.
2062 1853 2168 1907 nisi
2204 1852 2319 1922 ipse
2351 1852 2725 1907 consenserit.
2748 1849 2871 1907 Non
2896 1858 3117 1921 oportet
3158 1861 3291 1917 ergo
3348 1843 3451 1899 for,

1871 1943 2099 1999 midare.

1944 2035 2103 2091 Vers.
2132 2036 2221 2091 5|.
2282 2038 2363 2091 Ne
2392 2038 2558 2108 igitur
2586 2070 2654 2079 —
2684 2054 2796 2092 vos.
2827 2037 2910 2092 Ad
2945 2035 3164 2091 timoris
3200 2030 3471 2103 abjectioa

1873 2143 2003 2184 nem
2064 2130 2270 2200 saepius
2329 2131 2678 2198 adhortatur,
2743 2137 2973 2203 propter
3039 2127 3472 2199 magnitudinem

1875 2225 2267 2280 tentationum.

1944 2317 2011 2373 V.
2042 2317 2135 2372 52.
2169 2316 2357 2373 Omnis
2374 2318 2522 2374 —V.
2547 2320 2638 2374 55.
2666 2318 2735 2372 In
2757 2318 2900 2373 οωιίε
2923 2327 3021 2373 est.
3055 2314 3473 2373 Confess?oncm

1872 2417 2034 2465 vocat
2064 2410 2487 2479 testimonium,
2527 2426 2839 2482 provocans
2872 2426 2969 2467 eos
3002 2410 3070 2465 ad
3102 2408 3188 2465 sui
3223 2407 3476 2463 testimo-

1872 2502 2050 2557 nium.
2074 2502 2217 2559 Dicit
2248 2519 2427 2576 ergo:
2464 2503 2659 2561 Omnis
2708 2504 2799 2576 qui
2857 2501 3239 2559 testimonium
3289 2500 3476 2555 tulerit

1873 2594 1944 2651 de
1985 2613 2107 2654 mea
2139 2598 2428 2654 divinitate
2462 2614 2647 2655 coram
2680 2598 3022 2663 hominibus,
3063 2606 3120 2652 et
3175 2613 3276 2666 ego
3324 2594 3479 2648 testi-

1873 2693 2121 2748 monium
2146 2692 2319 2748 feram
2350 2692 2428 2747 illi
2454 2708 2640 2749 coram
2677 2692 2837 2748 Patre
2868 2706 2991 2747 meo
3021 2709 3035 2745 :
3065 2690 3171 2746 hoc
3237 2696 3343 2754 est,
3372 2686 3475 2753 Qui

1875 2782 2261 2855 praedicaverit
2314 2800 2404 2841 me
2457 2799 2581 2841 esse
2628 2785 2825 2849 Deum,
2888 2783 3204 2854 praedicabo
3271 2790 3327 2836 et
3377 2795 3477 2851 ego

1875 2891 2003 2932 eum
2028 2892 2153 2932 esse
2177 2876 2416 2933 lideiem.
2472 2876 2739 2947 Quisquis
2795 2887 2977 2932 autem
3027 2891 3117 2930 me
3187 2872 3476 2943 repulerit,

1875 2970 2142 3041 repellam
2177 2978 2233 3026 et
2261 2985 2364 3042 ego
2402 2971 2577 3026 ilium.
2621 2971 2780 3038 Quod
2812 2985 2945 3043 ergo
2972 2968 3213 3025 dicitur:
3265 2966 3331 3021 1η
3372 2980 3476 3025 me.

1879 3062 2025 3118 idem
2048 3072 2135 3118 est
2191 3074 2257 3119 ac
2307 3063 2353 3121 si
2406 3064 2577 3127 dicat,
2634 3063 2787 3119 Mihi.
2836 3064 2904 3118 Et
2932 3060 3081 3132 quod
3109 3059 3353 3114 dicitur:
3408 3052 3478 3109 'Iu

1876 3156 1992 3223 illo,
2077 3173 2143 3212 ac
2231 3159 2277 3214 si
2326 3156 2491 3224 dicat,
2540 3158 2653 3214 Illi.
2706 3159 3131 3229 Cbrysostumus
3193 3167 3323 3209 vero
3380 3149 3477 3213 ait,

187 3222 354 3289 ἐστιν,
382 3225 477 3322 ύπ’
506 3226 641 3295 ἐμοῦ
674 3226 1065 3298 βοηθούμενοςζ
1099 3233 1263 3288 Ὅθεν
1286 3237 1597 3305 ἀκολούθως
1620 3241 1773 3298 νοοῦ-

1884 3249 2026 3320 quod
2060 3266 2172 3305 non
2196 3250 2336 3307 dixit
2362 3268 2375 3305 :
2410 3222 2672 3322 Quisquis
2703 3222 3059 3306 conﬁtebitur
3085 3248 3201 3304 sive
3227 3245 3478 3301 testimo-

190 3332 284 3384 μεν
318 3316 413 3370 xai.
432 3318 525 3371 τόο
572 3318 963 3390 Ὀμολογήσω
994 3324 1157 3394 κάγὼ
1185 3327 1256 3381 ἐν
1282 3330 1465 3397 αὐτῷ,
1498 3335 1620 3388 ἀντὶ
1650 3335 1771 3403 τοῦ,

197 3407 333 3462 ’Υπδ
363 3412 465 3481 τῆς
502 3412 931 3486 εὐγνωμοσύνης
962 3418 1128 3472 αὐτοῦ
1157 3422 1503 3493 κινούμενος.
1539 3427 1697 3483 Ἐπεὶ
1718 3430 1774 3485 δὲ

188 3507 432 3575 ταραχῆς
460 3506 558 3560 καὶ
611 3508 780 3577 φόόου
832 3511 1032 3580 μεστὸν
1063 3511 1260 3581 ιμελλε
1295 3517 1545 3584 γίνεσθαι
1576 3521 1638 3575 τὸ
1672 3524 1774 3595 κή-

189 3612 393 3666 ρυγμα,
427 3598 898 3671 προδιαλαμδάνει
929 3605 1023 3657 καὶ
1054 3608 1184 3675 περί
1212 3610 1428 3677 τούτου,
1465 3610 1664 3681 λέγων.

1883 3343 2037 3398 nium
2098 3344 2312 3401 dederit
2362 3345 2520 3409 mihi,
2570 3345 2667 3401 sed
2717 3345 2779 3401 in
2811 3358 2900 3398 me
2929 3344 3046 3397 sive
3084 3356 3183 3412 per
3223 3354 3331 3405 me,
3374 3337 3480 3403 hoc

1884 3444 1991 3501 est,
2028 3450 2057 3489 a
2084 3452 2173 3493 me
2194 3436 2437 3507 adjutus.
2466 3436 2625 3493 Unde
2654 3444 3059 3507 consequenter
3088 3434 3253 3490 etiam
3279 3430 3478 3487 intelli-

1886 3527 2087 3597 gimus,
2124 3544 2248 3584 cum
2275 3530 2517 3586 dicitur:
2550 3529 2870 3586 Conﬁtebor
2906 3538 2965 3585 et
2986 3543 3088 3598 ego
3120 3528 3176 3581 in
3206 3526 3319 3592 illo,
3354 3539 3483 3595 per-

1885 3620 2016 3675 inde
2050 3636 2177 3677 esse
2228 3637 2294 3678 ac
2316 3623 2361 3678 si
2389 3623 2536 3679 dicat
2568 3639 2581 3676 :
2624 3624 2671 3677 A
2695 3622 3030 3695 gratitudine
3056 3620 3236 3691 ipsius
3274 3626 3479 3673 motus.

190 3693 326 3761 Quia
354 3706 540 3751 autem
618 3698 865 3756 futurum
915 3712 1125 3759 eratut
1179 3708 1495 3766 turbatione
1534 3728 1601 3769 ac
1655 3716 1807 3773 caede
1852 3718 2173 3790 impleretur
2212 3722 2549 3793 praedicatio,
2602 3722 2670 3777 de
2703 3693 2835 3778 iboc
2883 3733 3102 3793 quoque
3150 3724 3349 3774 tractat
3398 3712 3486 3769 di-

186 3804 311 3847 cens
332 3811 345 3846 ε

254 3886 351 3955 Μὴ
385 3888 681 3958 νομίσητε
707 3921 777 3931 -
801 3892 1132 3963 μάχαιραν.
1160 3895 1295 3969 [Τοῦ
1326 3900 1442 3973 (55)
1474 3902 1741 3975 Θεολόγοο
1764 3923 1780 3941 ο

189 3980 251 4033 Ti
282 3980 340 4035 δὲ
370 3983 403 4053 ή
458 3982 746 4054 μάχαιρας
796 3986 862 4039 Ἦ
891 3988 1033 4060 τομή
1063 3988 1157 4042 τοῦ
1192 3991 1381 4061 λόγου,
1426 3997 1460 4067 ὴ
1490 3996 1778 4068 διαιροῦσα

189 4076 244 4128 τὸ
266 4078 452 4147 χεῖρον
491 4078 599 4130 ἀπὸ
631 4078 728 4132 τοῦ
778 4080 1112 4151 κρείττονος,
1163 4086 1259 4139 καὶ
1296 4086 1663 4159 διχοτομοῦσα
1688 4094 1782 4149 τὸν

192 4169 381 4221 πιστὸν
416 4170 513 4223 xal
543 4170 634 4223 τὸν
684 4169 937 4237 ἄπιστον,
973 4174 1069 4228 καὶ
1096 4178 1465 4249 ἐπεγείρουσα
1495 4182 1589 4237 τὸν
1636 4186 1775 4252 υἱὸν,

191 4262 283 4315 καὶ
322 4263 423 4332 τὴν
455 4262 756 4336 θυγατέρα,
790 4268 886 4321 καὶ
934 4269 1032 4336 τὴν
1067 4269 1291 4342 νύμφην
1338 4272 1416 4344 τῷ
1453 4277 1645 4346 πατρὶ,
1680 4256 1781 4334 καὶ¹

190 4357 253 4425 τῇ
290 4356 484 4427 μητρὶ,
516 4357 608 4410 καὶ
637 4361 705 4428 τῇ
755 4359 1016 4432 πενθερᾷ,
1064 4362 1135 4415 τὰ
1166 4362 1264 4417 νέα
1312 4367 1409 4419 καὶ
1458 4370 1776 4439 πρόσφατα,

190 4450 302 4512 τοῖς
331 4450 584 4513 παλαιοῖς
617 4452 712 4505 καὶ
749 4452 1054 4528 σκιώδεσι.]

262 4544 369 4597 Καὶ
408 4543 516 4615 μὴν
568 4544 754 4613 ἔλεγον
794 4549 843 4600 οἰ
898 4548 1142 4617 ἄγγελοι,
1180 4552 1540 4624 γεννηθέντος
1574 4555 1775 4611 αὑτοῦ·

193 4638 346 4705 Δόξα
377 4639 449 4693 ἐν
476 4639 763 4709 ὑψίστοις
792 4640 936 4707 Θεῷ,
967 4644 1061 4696 καὶ
1092 4644 1184 4697 ἐπὶ
1208 4645 1312 4716 γῆς
1340 4649 1555 4719 εἰρήνη.
1589 4652 1702 4705 Καὶ
1732 4652 1783 4706 οἰ

195 4734 471 4805 προφῆται
492 4733 548 4787 δὲ
577 4735 676 4806 τὴν
703 4735 933 4807 εἰρήνην
965 4735 1133 4790 αὑτοῦ
1177 4739 1349 4794 πάλαι
1379 4746 1789 4816 προκατήγγει-

194 4826 310 4881 λσν.
338 4828 452 4881 Καὶ
483 4828 646 4891 αὐτὸς
676 4828 733 4882 δὲ
762 4831 877 4894 τοῖς
908 4828 1183 4901 μαθηταῖς
1207 4834 1569 4903 προσέταξεν,
1595 4841 1782 4911 εἰσερ-

196 4920 458 4988 χομένους
515 4922 596 4983 εἰς
671 4920 911 4992 εκάστην
958 4923 1162 4991 οἰκίαν,
1222 4927 1451 4998 εἰρήνην
1501 4931 1786 5001 ἐπιλέγειν

198 5013 355 5082 αὐτῇ.
404 5012 530 5076 Πῶς
559 5011 651 5067 οὖν
705 5030 838 5083 φησι
888 5015 1006 5081 νῦν,
1047 5016 1131 5071 ὅτι
1162 5022 1285 5075 Οὐκ
1336 5017 1531 5092 ἦλθον
1560 5025 1787 5089 ,βαλεῖν

198 5104 481 5174 simia-nr;
519 5107 664 5159 Διότι
706 5108 739 5178 ή
791 5108 1042 5180 μάχαιρα
1074 5108 1215 5183 αὕτη
1257 5116 1435 5168 ποιεῖν
1468 5115 1662 5186 ἔμελλε
1687 5120 1786 5192 τὴν

200 5194 419 5270 εἰρήνην
450 5199 689 5271 ἐκείνην,
726 5201 856 5272 περὶ
902 5196 970 5274 ἧς
1002 5198 1159 5258 εἷπον
1215 5206 1269 5259 οἴ
1300 5223 1359 5260 τε
1408 5209 1655 5278 ἄγγελοι,
1690 5213 1787 5267 καὶ

200 5295 301 5367 πρὸ
326 5296 534 5349 τούτων
567 5296 615 5348 oi
662 5296 968 5367 προφῆται.
1027 5297 1328 5373 Μάχαιραν
1360 5301 1419 5355 δὲ
1466 5303 1635 5371 λέγει,
1686 5305 1788 5378 τὴν

201 5389 330 5459 πρὸς
362 5389 527 5443 αὐτὸν
552 5388 799 5459 ἀγάπην,
827 5388 904 5453 ὡς
927 5389 1246 5461 διαιροῦσαν
1271 5394 1402 5459 τοὺς
1428 5396 1786 5464 πιστεύοντας

297 5576 344 5613 ⁸⁸
378 5578 515 5636 Luc.
546 5594 610 5645 ll,
638 5578 723 5635 il.
836 5582 881 5616 ³⁸
904 5580 1075 5639 Matii.
1109 5600 1164 5650 x,
1206 5586 1293 5643 12.

1954 3908 2114 3964 Vers.
2172 3909 2263 3965 54.
2310 3907 2395 3963 Ne
2426 3906 2623 3976 putetis
2659 3932 2725 3951 -ο
2772 3905 3037 3977 gladium.
3100 3904 3140 3975 -ι-
3186 3903 3330 3971 Quid
3391 3921 3488 3977 per

1881 4002 2123 4073 gladium
2166 4002 2531 4073 signiﬁcatur,
2574 4000 2682 4055 nisi
2708 4000 2880 4056 sectio
2901 3999 3078 4066 verbi,
3113 3999 3367 4055 dividens
3388 4015 3487 4070 pe-

1878 4099 1968 4170 jus
1998 4116 2029 4156 a
2061 4098 2298 4165 meliori,
2330 4105 2390 4153 et
2420 4110 2687 4166 separans
2711 4093 2929 4149 ﬁdelem
2957 4094 3025 4149 ab
3053 4092 3257 4149 infideli
3285 4112 3297 4149 :
3334 4096 3489 4149 exci-

1880 4204 2003 4251 tans
2054 4194 2226 4248 ﬁlium
2285 4199 2342 4247 et
2400 4190 2566 4245 filiam
2598 4205 2663 4245 ac
2686 4204 2887 4243 nurum
2947 4188 3214 4243 adversus
3273 4198 3485 4259 patrem

1885 4296 1938 4343 et
1960 4295 2191 4342 matrem
2209 4301 2274 4341 ac
2305 4300 2525 4341 socrum
2555 4298 2567 4335 :
2601 4291 2653 4337 et
2672 4297 2813 4337 nova
2839 4297 2905 4338 ac
2928 4281 3172 4338 recentia
3222 4282 3489 4338 adversus

1890 4383 2115 4452 antiqua
2147 4390 2203 4436 et
2257 4382 2588 4435 inveterata.

1960 4564 2127 4635 Atqui
2158 4572 2288 4618 nato
2314 4578 2382 4618 eo
2411 4560 2670 4617 dicebant
2701 4559 2880 4632 angeli
2915 4577 2930 4615 :
2976 4558 3159 4614 Gloria
3186 4559 3244 4612 in
3281 4558 3485 4613 altissi-

1887 4659 1988 4713 mis
2050 4656 2178 4723 Deo,
2210 4667 2261 4711 et
2323 4658 2560 4710 interra
2611 4670 2722 4724 pax
2769 4653 2837 4709 “.
2856 4653 2928 4708 Et
2960 4651 3247 4723 prophetze
3294 4666 3489 4721 pacem

1887 4751 2010 4822 ejus
2028 4750 2514 4806 annuntiaverant.
2574 4748 2701 4819 ipse
2742 4761 2962 4817 quoque
2991 4744 3488 4816 diseipulisjussit,

1888 4855 1950 4900 ut
2013 4844 2317 4915 quamlibet
2408 4842 2637 4899 domum
2714 4839 3114 4910 ingredientes,
3174 4852 3367 4909 pacem
3436 4837 3490 4891 ei

1888 4946 2145 5009 optarent
2180 4937 2246 4991 ³⁸.
2284 4935 2571 5003 Quomodo
2634 4949 2766 5005 ergo
2802 4947 2952 4988 nunc
2975 4932 3148 4988 dicit:
3216 4931 3338 4986 Non
3371 4930 3490 4986 veni

1893 5035 2153 5087 missurus
2217 5029 2537 5102 pacem,sed
2572 5026 2860 5100 gladium?
2918 5024 3059 5093 Quia
3111 5024 3324 5097 gladius
3374 5024 3488 5090 hic,

1894 5141 2085 5198 pacem
2112 5124 2257 5179 illam
2283 5122 2532 5178 facturus
2574 5130 2680 5186 est,
2715 5121 2784 5177 de
2816 5136 2923 5191 qua
2970 5120 3233 5177 dixerunt
3284 5116 3487 5189 angeli,

1895 5229 1949 5277 et
1976 5227 2103 5273 ante
2144 5218 2264 5273 illos
2300 5216 2611 5287 prophetae.
2672 5212 2924 5270 Gladium
2952 5221 3136 5268 autem
3175 5220 3337 5268 vocat
3398 5210 3487 5266 di-

1894 5314 2187 5368 lectionem
2247 5325 2373 5381 erga
2430 5324 2513 5371 se,
2556 5316 2747 5379 utpote
2810 5290 3002 5362 fideles
3050 5306 3119 5362 ab
3175 5302 3488 5361 infidelibus

1896 5405 2277 5461 dividentem:
2335 5404 2497 5474 cujus
2588 5400 3003 5473 inexpugnabili
3094 5401 3320 5463 virtute,
3382 5393 3487 5467 ipsi

1390 5701 1593 5763 Variae
1620 5700 1931 5764 lectiones
1968 5706 2029 5763 et
2060 5711 2251 5765 notae.

287 5799 375 5873 βξ.)
397 5799 556 5857 Tom.
578 5801 695 5865 VII,
716 5818 773 5873 p.
798 5802 905 5858 392
934 5803 997 5858 E.

288 5872 375 5946 3.3)
421 5873 638 5930 inclusa
682 5870 736 5930 in
776 5873 1021 5946 margine
1057 5876 1224 5933 habet
1268 5874 1333 5929 A.
1385 5873 1610 5947 Legitur
1660 5874 1752 5932 hic
1782 5876 1935 5931 locus
1969 5873 2024 5929 in
2057 5874 2326 5942 oratione,
2360 5873 2439 5939 εἰς
2467 5874 2536 5928 τὰ
2570 5872 2857 5945 δπιφάνια,
2893 5887 2952 5944 p.
2980 5870 3109 5929 256.
