4026 6532
518 405 638 520 ’διδ

1769 454 2154 517 EUTHYMII
2191 457 2553 521 ZlGABENI

3673 457 3783 524 344

527 576 745 633 quoque
773 575 970 633 genere
1000 559 1338 628 amicissimi,
1375 561 1539 620 citius
1593 577 1621 617 a
1647 571 1837 618 mutua
1865 564 2097 634 conjun-

2234 570 2312 623 ιπδ
2339 571 2447 625 τῶν
2475 571 2550 642 μὴ
2586 571 2974 636 πιστευόντων,
3008 564 3075 642 ἧς
3110 573 3176 642 τῇ
3201 568 3401 641 ἀμάχῳ
3431 569 3659 640 δυνάμει
3685 573 3783 623 καὶ

529 652 713 708 ctione
741 660 871 707 sunt
898 650 1079 716 divisi,
1110 649 1376 722 facileque
1402 652 1686 708 abstracti.
1717 653 1857 709 Alibi
1879 662 2102 723 praeter-

532 758 599 802 ea
629 743 1010 801 vehementem
1041 743 1163 814 eius
1209 745 1541 800 activitatein
1564 746 1968 809 demonstrans,
2017 745 2101 799 di-

533 835 655 892 xit:
706 833 887 907 Ignem
934 836 1054 889 veni
1120 837 1383 891 missurus
1410 839 1465 891 in
1498 847 1699 892 terram
1726 837 1793 892 ³⁸.
1822 835 2104 906 Siquidem

531 929 765 998 primum
790 927 1107 983 abscindere
1141 929 1446 998 oportebat,
1476 928 1622 999 quod
1645 939 1764 984 erat
1781 929 2102 985 immedica-

530 1020 680 1076 bile:
730 1020 932 1076 deinde
974 1020 1264 1090 paciﬁcare
1311 1030 1528 1086 cetera,
1569 1030 1627 1076 et
1680 1036 1806 1092 erga
1867 1021 2106 1092 seipsum

531 1124 587 1172 et
614 1130 740 1186 erga
774 1116 966 1170 Deum.
1000 1115 1232 1186 Propter
1260 1115 1364 1170 hoc
1385 1129 1516 1186 ergo
1544 1113 1734 1169 durius
1767 1114 1843 1170 ita
1894 1115 2109 1170 locutus

529 1215 634 1272 est,
661 1215 721 1262 ut
744 1207 831 1262 his
858 1207 1092 1278 cognitis
1147 1217 1335 1278 postea
1383 1222 1496 1260 non
1543 1207 1856 1261 turbentur.
1915 1207 2109 1262 Adhuc

532 1306 715 1352 autem
756 1312 1092 1360 sermonem,
1114 1297 1204 1366 qui
1245 1294 1313 1350 de
1342 1295 1447 1350 hoc
1480 1294 1657 1350 factus
1678 1305 1784 1360 est,
1831 1295 2108 1366 explanat,

535 1390 688 1445 brevi
707 1390 876 1444 verbo
904 1389 1155 1443 auditum
1188 1402 1382 1442 eorum
1404 1402 1691 1454 exercens,
1729 1402 1800 1443 ne
1823 1388 1894 1443 ob
1925 1402 2108 1443 rerum

533 1480 908 1536 dilIicultatem
948 1479 1267 1535 reciament.

609 1771 766 1826 Ἶρι-ε.
798 1769 888 1824 55.
931 1769 1061 1824 Veni
1083 1784 1342 1823 -socrum
1374 1766 1605 1838 suamsl-
1629 1764 1902 1822 Niobam:
1940 1765 2117 1821 Filius

2205 661 2350 716 αὐτὰ
2387 661 2457 715 τά
2488 663 2719 731 φίλτατα
2753 660 2884 730 γένη
2915 660 3110 715 θᾶττον
3139 659 3552 731 διεσπάσθησαν
3583 660 3648 712 ἐκ
3681 657 3784 726 τῆς

2206 758 2453 829 ἀλλήλων
2483 756 2801 825 συναφείας.
2819 756 2915 809 καὶ
2944 754 3188 824 εὐχερῶς
3217 753 3637 825 ἀπερράγησαν.
3667 752 3782 804 Καὶ

2209 849 2443 922 ἀλλαχοῦ
2491 849 2549 904 δὲ
2597 849 2660 903 sb
2709 847 2942 918 σφοδρὸν
2981 846 3152 914 αὐτῆς
3192 845 3285 900 καὶ
3314 844 3647 917 δραστήριον
3683 847 3787 911 ἐμ-

2210 943 2418 1010 φαίνων
2451 940 2695 1012 εῐρηκεν,
2731 940 2813 992 ὅτι
2843 937 2970 1005 Πῦρ
3015 933 3209 1007 ἦλθον
3254 932 3478 1000 ,βαλεῖν
3523 935 3622 989 ἐπὶ
3670 935 3791 997 τὴν

2210 1033 2351 1104 τῆνο
2388 1033 2537 1088 Ἔδει
2579 1033 2711 1102 γὰρ,
2745 1032 2852 1084 ἔδει
2901 1029 3118 1101 πρῶτον
3149 1027 3496 1097 ἀποκοπῆναι
3527 1027 3587 1079 τὸ
3624 1027 3789 1080 ἀνιά-

2210 1143 2320 1191 τως
2343 1126 2485 1197 ἕχον,
2519 1123 2641 1181 εἶτα
2665 1125 2725 1178 τὸ
2752 1125 2939 1178 λοιπὸν
2970 1124 3309 1195 είρηνεῦσαι,
3344 1122 3479 1190 πρός
3507 1139 3565 1175 τε
3598 1123 3788 1182 ἑαυτὸ.

2211 1219 2306 1271 καὶ
2334 1218 2471 1287 πρὸς
2492 1219 2585 1272 τὸν
2611 1218 2763 1272 Θεόν.
2792 1218 2888 1271 Διά
2904 1215 3064 1270 τοῦτο
3095 1217 3276 1269 τοίνυν
3297 1215 3468 1277 οὕτως
3496 1217 3793 1283 ἀποτόμως

2214 1302 2390 1372 εἶπεν,
2449 1307 2535 1359 ἵνα
2591 1305 2955 1374 γινώσκοντες
3001 1304 3203 1369 ταῦτα,
3251 1306 3327 1375 μὴ
3382 1306 3793 1374 ταράττωνται.

2215 1397 2605 1470 Προσεξωπλοτ
2624 1397 2680 1451 δὲ
2714 1398 2810 1451 καὶ
2843 1397 2924 1451 ἔτι
2964 1399 3055 1451 τὸν
3082 1396 3212 1468 περὶ
3248 1396 3442 1450 τούτου
3483 1397 3666 1464 λόγον,
3694 1414 3800 1463 γυ-

2219 1488 2439 1560 μνάζων
2469 1489 2565 1560 τὴν
2597 1491 2766 1561 ἀκοὴν
2810 1490 2991 1544 αὖτῶν
3031 1493 3096 1561 τῇ
3144 1490 3446 1562 τραχύτητι
3471 1488 3579 1543 τῶν
3609 1490 3800 1558 ῥημά-

2215 1601 2347 1647 των,
2383 1583 2470 1637 ἵνα
2489 1583 2565 1654 μὴ
2595 1583 2652 1635 ὲν
2681 1586 2747 1654 τῇ
2775 1582 3031 1654 δυσκολία
3054 1582 3163 1636 τῶν
3189 1583 3534 1653 πραγμάτων
3563 1578 3792 1650 ἰλιγγιά-

2220 1694 2409 1735 συκην,

2286 1765 2510 1824 Ἦλθον
2543 1798 2612 1811 -
2643 1767 2756 1835 τῆς
2777 1766 3070 1837 πενθερᾶς
3097 1765 3310 1836 αὐτῆς.
3347 1764 3483 1838 [(54)
3517 1764 3758 1835 Μιχαίου
3775 1778 3801 1833 ολ

534 1861 908 1916 contumeliam
935 1861 1090 1932 faciet
1119 1862 1285 1928 patri,
1320 1869 1370 1914 et
1396 1859 1513 1928 ﬁlia
1541 1869 1817 1930 consurget
1865 1860 2117 1915 adversus

2234 1859 2472 1932 θυγάτηρ
2534 1862 2975 1929 ἐπαναστήσεται
3025 1861 3120 1913 ἐπὶ
3152 1858 3252 1930 τὴν
3316 1859 3532 1930 μητέρα
3596 1856 3796 1925 αὐτῆς.

538 1963 767 2008 matrem
824 1968 1003 2016 suam,
1057 1967 1233 2007 nurus
1291 1951 1554 2008 adversus
1593 1968 1801 2006 socrum
1852 1969 2027 2016 suam,
2069 1962 2119 2006 et

536 2045 740 2100 inimici
771 2045 995 2099 hominis
1039 2060 1216 2098 omnes
1242 2042 1516 2098 domestici
1540 2043 1654 2112 ejus
1676 2044 1744 2095 ’⁷.

609 2136 823 2192 Rursus
845 2151 942 2205 per
955 2137 1057 2190 hos
1079 2134 1451 2201 charissimos,
1481 2133 1858 2203 cognationem
1905 2147 2123 2188 omnem

536 2227 880 2300 signiﬁcavit.
923 2226 1308 2297 Propriissime
1361 2234 1546 2280 autem
1565 2224 1722 2288 dixit,
1763 2233 1822 2278 ut
1844 2223 2123 2278 hominem

538 2322 656 2376 sive
687 2320 857 2376 ﬁlium
906 2321 1176 2376 dissidere
1217 2319 1409 2374 faciam
1433 2319 1699 2373 adversus
1718 2326 1924 2388 patrem
1941 2333 2124 2379 suum,

537 2413 704 2468 ﬁliam
723 2423 902 2468 autem
919 2414 1178 2467 adversus
1194 2421 1420 2466 matrem
1439 2411 1896 2479 suam.Siquidem
1915 2410 2130 2463 chario-

539 2517 630 2558 res
646 2513 775 2558 sunt
801 2523 812 2558 :
834 2504 974 2558 filius
992 2505 1208 2573 quidem
1236 2504 1396 2574 patri,
1423 2503 1528 2558 tilia
1551 2518 1680 2557 vero
1701 2502 1879 2567 matri,
1906 2511 2129 2572 propter

537 2606 750 2650 naturae
767 2597 1205 2652 similitudinem.
1229 2598 1304 2651 Ad
1331 2597 1448 2652 haec
1472 2611 1671 2650 nurum
1706 2603 1832 2664 apte
1855 2595 1990 2650 dixit
2027 2594 2125 2648 ad-

539 2702 736 2743 versus
753 2702 968 2744 socrum
985 2704 1139 2743 suam
1170 2688 1517 2743 dividendam
1534 2702 1686 2750 esse;
1711 2699 1966 2756 magnum
1982 2685 2126 2740 enim

543 2797 667 2836 cum
689 2783 1032 2838 observantia
1052 2783 1332 2850 pudorem,
1349 2781 1708 2838 reverentiam
1727 2797 1788 2836 ac
1806 2780 2130 2850 obsequium

553 2875 890 2932 exhibebant
932 2893 1102 2934 nurus
1136 2878 1402 2934 socrihus.
1434 2878 1492 2932 In
1543 2894 1686 2932 nuru
1739 2889 1918 2932 autem
1964 2876 2132 2945 signi-

544 2967 724 3023 ﬁcavit
741 2980 796 3024 et
814 2978 1076 3042 generum
1120 2971 1381 3025 adversus
1425 2985 1673 3026 socerum
1695 2986 1853 3025 suum
1870 2985 2132 3039 separan-

545 3059 698 3113 dum.
719 3061 985 3131 Superius
1003 3064 1185 3132 itaque
1205 3063 1510 3132 simplicem
1535 3062 1740 3117 i'ecerat
1756 3061 2129 3118 enumeratio-

2224 1952 2410 2024 νύμφη
2465 1955 2558 2006 ἐπὶ
2618 1954 2720 2022 τὴν
2754 1951 3048 2024 πενθερὰν
3098 1952 3301 2019 αύτῆςο
3357 1950 3544 2020 ἐχθροὶ
3580 1947 3799 2018 ἀνδρὸς,

2225 2048 2430 2110 πάντες
2454 2049 2502 2100 oi
2533 2048 2592 2100 ὲν
2629 2047 2707 2117 τῷ
2732 2046 2869 2116 οἴκῳ
2897 2043 3112 2116 αὐτοῦ]

2295 2136 2466 2190 Πάλιν
2493 2138 2583 2190 διὰ
2621 2136 2730 2190 τῶν
2756 2136 3034 2205 φιλτάτων
3057 2137 3285 2198 τούτων,
3316 2133 3578 2186 παντοίαν
3605 2132 3805 2200 συγγέ-

2227 2244 2376 2280 νειαν
2409 2227 2659 2298 ἐνέφηνε.
2685 2227 3010 2281 Οίκειότατα
3037 2226 3092 2280 δὲ
3133 2220 3310 2289 εἶπεν,
3355 2225 3645 2294 ἄνθρωπον
3682 2223 3808 2293 μὲν,

2228 2319 2406 2374 show
2437 2321 2575 2385 υίδν,
2606 2320 2800 2374 διελεῖν
2851 2322 2994 2374 κατά
3021 2319 3116 2372 τοῦ
3165 2319 3372 2387 πατρὸς
3405 2317 3592 2382 αὐτοῦ,
3633 2317 3808 2382 θυγα-

2228 2414 2360 2482 τέρα
2383 2413 2440 2466 δὲ
2469 2415 2611 2468 κατὰ
2653 2415 2752 2482 τῆς
2788 2413 2997 2483 μητρὸς
3027 2414 3196 2482 αὐτῆς
3217 2429 3230 2443 ·
3267 2411 3509 2482 φίλτεροι
3539 2413 3648 2480 γὰρ
3687 2411 3809 2472 υίὸς

2233 2505 2331 2575 μὲν
2363 2508 2553 2576 πατρδ,
2606 2505 2859 2576 θηγάτηρ
2906 2506 2964 2558 δὲ
3003 2508 3194 2577 μητρὶ,
3250 2504 3317 2558 δι’
3369 2504 3665 2575 ὁμοιότητα
3707 2501 3814 2570 φύε-

2233 2618 2392 2662 σεως.
2434 2601 2543 2653 Καὶ
2574 2601 2674 2669 τὴν
2708 2599 2930 2668 νύμφην
2981 2601 3036 2653 δὲ
3072 2596 3229 2663 αὖθις
3284 2597 3557 2668 ἁρμοδίως
3613 2598 3812 2664 εἴρηκε

2229 2691 2449 2760 διχάσαι
2473 2691 2615 2744 κατὰ
2647 2691 2745 2759 τῆς
2766 2692 3034 2761 πενθερᾶς
3060 2692 3248 2762 αὐτῆς.
3279 2690 3486 2760 Πολλὴν
3514 2689 3621 2759 γὰρ
3648 2688 3809 2749 αἰδῶ,

2231 2783 2330 2837 καὶ
2367 2784 2553 2853 τιμὴν,
2588 2785 2682 2837 καὶ
2717 2784 3014 2854 θεραπείαν
3057 2787 3322 2854 παρεῖχον
3357 2783 3412 2835 ai
3454 2781 3815 2851 νύμφαιταῖς

2234 2875 2548 2946 πενθεραϊς.
2595 2879 2695 2930 Διὰ
2745 2877 2801 2928 δὲ
2853 2876 2954 2944 τῆς
3001 2877 3244 2946 νύμφης,
3297 2876 3538 2946 ἐδήλωσε
3573 2875 3668 2927 καὶ
3718 2872 3815 2925 τὸν

2233 2970 2468 3038 νυμφίον
2518 2969 2662 3020 κατὰ
2708 2968 2802 3020 τοῦ
2866 2968 3130 3038 πενθεροῦ
3187 2965 3563 3037 δικαζόμενον.
3601 2965 3815 3018 Ὀπίσω

2237 3062 2336 3129 μὲν
2363 3059 2456 3113 οὗν
2489 3061 2666 3129 ἀπλῆν
2695 3060 3079 3130 ἀπαρίθμησιν
3124 3062 3443 3130 ἐποιήσατο,
3487 3058 3679 3124 εἰπὼν,
3728 3059 3814 3111 ὃτι

548 3168 673 3206 nem
687 3153 878 3208 dicens
898 3172 912 3209 :
934 3153 1128 3208 Prodet
1149 3155 1315 3223 frater
1333 3157 1555 3225 fratrem
1574 3156 1630 3208 in
1649 3166 1890 3220 mortem,
1909 3163 1956 3208 et
1972 3163 2125 3224 pater

2234 3153 2556 3224 Παραδώσει
2597 3154 2821 3222 ἀδελφὸς
2852 3153 3079 3221 ἀδελφὺν
3112 3155 3190 3213 είς
3217 3153 3465 3215 θάνατον,
3507 3154 3599 3205 xui.
3627 3150 3817 3219 πατὴρ

549 3247 719 3316 ﬁlium
751 3248 795 3279 ⁸⁸
827 3249 947 3314 ;hic
971 3263 1103 3303 vero
1127 3249 1232 3301 alio
1252 3251 1413 3303 modo
1435 3249 1779 3304 enumeravit
1802 3248 2126 3302 naturaliori

548 3339 830 3410 magisque
860 3341 1104 3410 praprio.
1141 3342 1294 3406 Quod
1322 3342 1364 3395 si
1395 3341 1665 3396 dissidere
1698 3342 1825 3395 facit
1849 3341 2127 3395 hominem

549 3433 818 3488 adversus
851 3448 1000 3498 eum,
1037 3434 1132 3504 qui
1171 3435 1290 3504 ipso
1313 3435 1562 3504 superior
1595 3445 1698 3499 est,
1733 3435 1907 3488 multo
1958 3435 2131 3504 magis

548 3520 813 3574 adversus
858 3522 1170 3592 coniugem,
1220 3538 1340 3590 qua!
1383 3524 1485 3591 ipsi
1537 3524 1789 3593 subjecta
1819 3532 1939 3579 est:
1999 3524 2130 3578 illud

550 3610 696 3662 enim
737 3612 1009 3675 naturale,
1045 3611 1150 3668 hoc
1178 3623 1360 3667 autem
1395 3614 1687 3668 ascititium
1733 3627 1836 3669 est.
1899 3615 2132 3671 Proinde

551 3701 659 3756 hoc
695 3704 850 3772 quasi
898 3704 1249 3759 mnifestum
1303 3707 1524 3776 reliquit
1579 3708 2013 3778 intelligendum.
2075 3711 2132 3764 In

553 3795 912 3864 sequentibus
960 3812 1090 3851 vero
1155 3796 1318 3852 etiam
1371 3814 1627 3867 expresse
1691 3800 1757 3852 de
1812 3800 2134 3870 conjugibus

557 3889 1032 3955 commemorabit,
1057 3889 1249 3944 dicens
1277 3907 1289 3943 :
1323 3888 1528 3954 Omnis,
1597 3891 1686 3960 qui
1742 3890 2012 3954 reliquerit
2041 3895 2136 3946 do-

556 3999 722 4045 mum,
746 3991 840 4035 aut
865 3973 1214 4050 {ratresfaut
1254 3999 1484 4048 sorores,
1528 3993 1621 4037 aut
1645 3993 1872 4051 patrem,
1899 3995 1991 4038 aut
2016 4003 2136 4038 ma-

558 4082 714 4140 trem,
736 4082 828 4126 aut
851 4089 1091 4138 uxorem,
1121 4085 1214 4128 aut
1240 4075 1399 4143 ﬁlios,
1429 4083 1523 4128 aut
1583 4092 1741 4144 agros
1784 4086 1999 4144 propter
2041 4095 2136 4131 no-

559 4181 675 4218 men
708 4181 905 4227 meum,
935 4165 1181 4233 centupla
1230 4167 1473 4235 accipiet,
1505 4175 1552 4218 et
1577 4167 1698 4220 vita:
1724 4176 1931 4221 trternce
1951 4169 2138 4224 sortie-

562 4265 649 4309 tur
668 4256 1028 4310 hwreditatem
1056 4257 1125 4311 ³⁸.

636 4346 789 4404 Vers.
817 4349 907 4404 56.
968 4349 1035 4404 Et
1072 4351 1274 4404 inimici
1313 4380 1376 4392 —
1405 4353 1544 4422 ejus.
1612 4353 1723 4409 Hoc
1749 4355 2133 4424 propheticum

2231 3249 2456 3302 τέκνονο
2506 3248 2742 3302 ἐνταῦθα
2794 3248 2852 3300 δὲ
2902 3248 3104 3318 τρόπον
3144 3246 3330 3318 ἕτερον
3380 3243 3817 3315 ἁπηριθμήσατο

2233 3343 2608 3412 φυσικώτερον
2639 3358 2696 3394 τε
2725 3342 2821 3394 καὶ
2855 3341 3270 3410 σχετικώτερον.
3311 3339 3373 3392 Ei
3398 3338 3453 3390 δὲ
3483 3338 3572 3389 τὸν
3600 3335 3820 3406 ἀνθρω-

2234 3451 2336 3487 πον
2380 3436 2593 3506 διχάσει
2625 3437 2765 3488 κατά
2799 3435 2892 3488 τοῦ
2937 3433 3343 3504 ὑπερκειμένου
3389 3431 3593 3500 πατρὸς
3620 3427 3818 3493 αὑτοῦ,

2235 3529 2417 3598 πολλῷ
2451 3529 2651 3598 μᾶλλον
2682 3531 2822 3581 κατὰ
2845 3529 2940 3596 τῆς
2964 3525 3338 3595 ὑποκειμένης
3369 3522 3519 3591 αύτῷ
3554 3519 3819 3587 συζύγου.

2237 3620 2344 3682 Τοῦ
2375 3622 2474 3690 μὲν
2496 3621 2602 3688 γὰρ
2634 3620 2817 3688 φύσει,
2848 3618 2945 3688 τῆς
2976 3618 3032 3670 δὲ
3061 3617 3209 3670 θέσει
3238 3616 3296 3668 τὸ
3319 3615 3570 3684 φίλτρον.
3602 3611 3822 3679 Τιμιὼο

2236 3732 2395 3785 τερον
2426 3714 2482 3766 δὲ
2523 3714 2582 3767 τὸ
2613 3714 2771 3782 φύσει
2801 3711 2892 3764 τοῦ
2934 3711 3104 3764 θέσει.
3143 3709 3347 3762 Λοιπὸν
3375 3705 3487 3770 οὖν,
3524 3703 3820 3777 occato-1,

2237 3809 2419 3878 ἀφῆκε
2472 3807 2629 3860 τοῦτο
2677 3803 2936 3859 νοεῖσθαι.
3000 3801 3211 3872 Προϊὼν
3243 3800 3299 3852 δὲ
3342 3797 3520 3870 ῥητῶς
3555 3797 3650 3850 καὶ
3685 3795 3823 3866 περὶ

2237 3902 2347 3954 τῶν
2401 3899 2653 3967 συζύγων
2697 3897 2941 3962 διέξεισι,
2993 3895 3191 3964 λέγων,
3231 3895 3313 3947 ὅτι
3357 3894 3463 3955 πᾶς
3512 3891 3570 3954 ὃς
3601 3890 3823 3958 ἀφῆκεν

2238 3995 2438 4058 οἰκίαν,
2467 3993 2497 4062 ἢ
2528 3991 2813 4058 ἀδελφοὺς,
2842 3991 2874 4060 ἢ
2911 3989 3174 4057 ἀδελφὰς,
3208 3988 3241 4058 ἢ
3269 3985 3501 4056 πατέρα,
3523 3984 3555 4056 ἢ
3579 3982 3821 4054 μητέρα,

2238 4087 2272 4157 ἣ
2301 4089 2554 4154 γυναῖκα,
2590 4085 2623 4155 ἢ
2655 4085 2843 4147 τέκνα,
2879 4083 2910 4151 ἢ
2946 4080 3172 4151 ἀγροὺς,
3201 4079 3388 4134 ἕνεκεν
3418 4075 3511 4129 τοῦ
3553 4075 3822 4148 ὀνόματός

2242 4196 2370 4249 μου,
2416 4175 2950 4231 ἑκατονταπλασίονα
3007 4173 3262 4244 λήψεται,
3301 4172 3396 4226 καὶ
3428 4169 3574 4240 ζωὴν
3600 4167 3824 4222 αἰώνιον

2241 4273 2666 4342 κληρονομήσει.

2312 4363 2425 4417 Καὶ
2450 4362 2648 4431 ἐχθροί
2677 4390 2740 4401 --
2776 4359 2984 4414 αὐτοῦ.
3017 4358 3190 4411 Τοῦτο
3230 4356 3570 4427 προφητικόν
3595 4355 3708 4408 ἐστι
3757 4357 3823 4408 τὸ

562 4450 645 4495 est
671 4441 924 4505 verbum,
952 4442 1158 4498 dictum
1206 4443 1334 4498 olim
1359 4445 1625 4500 adversus
1647 4445 1884 4510 Judatos,
1918 4448 2127 4516 quandc

2245 4456 2408 4528 ῥητὸν
2465 4455 2656 4525 λεχθὲν
2703 4453 2871 4506 πάλαι
2904 4454 3042 4505 κατὰ
3090 4451 3197 4502 τῶν
3246 4449 3542 4515 Ἰουδαίων,
3571 4451 3658 4503 ὅτε
3695 4449 3822 4502 κατ’

563 4542 754 4588 contra
775 4548 834 4588 se
861 4535 1094 4589 invicem
1130 4535 1500 4591 dissensiones
1540 4535 1833 4593 habebant.
1885 4538 2127 4594 Christus

2245 4518 2495 4619 θλλήλων
2523 4518 2855 4616 ἐσχίσθησαν
2876 4563 2889 4576 ·
2925 4548 2950 4598 ὁ
2981 4545 3037 4596 δὲ
3071 4542 3309 4613 Χριστὸς
3356 4544 3629 4615 εὐκαίρως
3662 4544 3825 4596 τοῦτο

564 4635 748 4680 autem
797 4639 1111 4696 opportune
1140 4629 1344 4696 aptavit
1367 4628 1453 4683 his
1477 4645 1595 4699 quin
1617 4629 1762 4685 dicta
1791 4641 1940 4697 sunt,
1969 4632 2140 4702 signi-

565 4715 734 4771 ﬁcans
760 4716 905 4786 quod
935 4733 1127 4773 omnes
1157 4718 1446 4773 domestici
1496 4719 1617 4787 ejus
1672 4721 1765 4790 qui
1828 4722 2142 4778 crediturus

566 4817 672 4873 est,
699 4807 908 4863 inimici
941 4811 1062 4880 ejus
1086 4809 1416 4865 elﬁcientur.

636 4918 795 4974 V’ers.
823 4921 914 4976 57.
939 4921 1039 4987 Qui
1060 4932 1209 4977 amat
1227 4953 1300 4964 -—
1324 4925 1534 4995 dignus.
1569 4923 1672 4980 Hic
1691 4939 1909 4996 quoque
1928 4925 1994 4981 de
2015 4925 2146 4982 solis

567 5011 990 5068 ascendentibus
1007 5024 1060 5070 et
1079 5015 1541 5072 descendentibus
1558 5017 1610 5072 in
1633 5033 1961 5090 unoquoque
1976 5019 2149 5075 disse-

567 5100 702 5164 ruit,
748 5111 1006 5173 tanquam
1052 5107 1219 5178 magis
1247 5108 1481 5179 propriis
1511 5119 1563 5164 et
1593 5108 1970 5166 familiaribus.
2041 5109 2144 5178 Qui

571 5203 736 5256 amat,
776 5197 969 5265 inquit,
1031 5199 1153 5254 illos
1185 5216 1348 5271 supra
1385 5216 1506 5256 me:
1544 5216 1670 5256 nam
1711 5202 1928 5270 quando
1959 5203 2036 5257 illi
2064 5203 2141 5274 pii

572 5293 718 5352 sunt,
737 5285 1020 5344 honestum
1040 5303 1120 5346 est
1136 5292 1254 5347 illos
1278 5308 1481 5348 amare.
1497 5293 1721 5364 Semper
1740 5304 1920 5350 autem
1941 5296 2144 5350 malum

575 5385 663 5434 est
713 5394 897 5436 amare
929 5382 1046 5439 illos
1067 5400 1230 5456 supra
1262 5386 1453 5442 Deum.

644 5517 692 5552 ³³
725 5519 858 5575 Luc.
885 5527 958 5576 xit
999 5521 1089 5578 49.
1163 5523 1208 5556 ⁸⁷
1240 5523 1402 5580 Mich.
1429 5541 1529 5588 vn,
1559 5523 1615 5578 6.
1696 5522 1742 5555 ³⁸
1778 5523 1972 5578 Matth.
2013 5539 2062 5586 ι,
2091 5522 2182 5577 21.

2242 4646 2354 4705 τοῖς
2378 4641 2759 4716 προκειμένοις
2787 4642 3159 4709 προσήρμοσε,
3193 4635 3388 4704 δηλῶν,
3419 4637 3497 4688 ὅτι
3542 4637 3743 4698 πάντες
3775 4637 3826 4690 οἱ

2245 4737 2433 4789 οἰκεῖοι
2465 4733 2557 4787 τοῦ
2587 4733 2870 4803 μέλλοντος
2911 4729 3189 4781 πιστεύειν
3237 4727 3424 4798 ἐχθροὶ
3453 4728 3629 4797 τούτῳ
3657 4729 3826 4798 γενή-

2247 4847 2450 4884 σονται.

2333 4924 2396 4977 Ὀ
2423 4921 2620 4992 φιλῶν
2660 4950 2732 4963 --
2767 4920 2953 4985 ἇξιος.
3005 4917 3303 4973 Κάνταῦθα
3347 4918 3477 4987 περὶ
3511 4915 3688 4984 μόνων
3713 4915 3826 4968 τῶν

2250 5015 2512 5070 ἀνιόντων
2560 5016 2654 5067 καὶ
2713 5013 3014 5067 κατιόντων
3047 5013 3131 5081 ἐφ’
3185 5010 3403 5078 ἑκάστῳ
3447 5007 3716 5070 διέλαϐεν,
3748 5007 3828 5070 ὡς

2250 5108 2620 5177 οίκειοτέρων.
2687 5104 2745 5158 ’0
2795 5105 2985 5174 φιλῶν,
3030 5105 3216 5172 φησὶν,
3249 5101 3468 5164 αὐτοὺς,
3516 5100 3655 5170 ὑπὲρ
3701 5099 3825 5166 ἐμέ.

2255 5203 2383 5256 Ὅτε
2416 5201 2514 5270 μὲν
2562 5198 2672 5270 γὰρ
2707 5195 3048 5260 εὐσεϐοῦσιν,
3085 5195 3249 5248 καλὸν
3279 5195 3339 5246 τὸ
3373 5193 3551 5260 φιλεῖν
3590 5190 3820 5254 αὐτούς’

2249 5295 2338 5347 ἀεὶ
2370 5294 2424 5345 δὲ
2458 5292 2649 5355 κακὸν,
2678 5291 2738 5343 τὸ
2771 5289 2947 5360 φιλεῖν
2981 5289 3179 5350 αὐτοὺς
3220 5285 3358 5357 ὑπὲρ
3398 5286 3489 5338 τὸν
3524 5285 3682 5339 Θεὸν.

2258 5523 2303 5554 ³⁹
2337 5519 2524 5574 hlatth.
2565 5534 2668 5578 six.
2699 5517 2786 5570 νο.

1765 5681 1959 5745 νει-ξω
2004 5678 2309 5742 lectiones
2346 5685 2405 5740 et
2437 5683 2624 5740 ιιοιω.

653 5847 762 5918 (δι)
794 5847 917 5904 Haec
947 5864 1065 5922 qua:
1097 5851 1302 5907 inclusa
1327 5859 1473 5914 sunt,
1505 5861 1731 5921 uterque
1759 5849 1940 5906 Codex
1974 5847 2135 5902 habet
2166 5848 2219 5901 in
2251 5847 2511 5916 mugire.
2550 5843 2715 5898 Paulo
2749 5840 2974 5896 inretius
3007 5836 3236 5894 habebat
3262 5833 3578 5890 ilcntenius.
