4020 6524
490 489 599 556 (ιιι

1709 481 2096 548 ΕυἸἮΥΜῙΙ
2135 482 2501 547 ZIGABENI

3636 481 3744 547 348

492 600 959 673 discipulorum,a
984 599 1187 671 quibus
1226 598 1305 656 illi
1332 598 1441 656 orti
1473 607 1633 658 erant
1664 618 1678 656 :
1710 600 1827 657 sive
1850 600 1906 655 in
1935 599 2063 655 civi-

2178 599 2294 664 ιῶν,
2329 600 2388 668 ιε
2440 596 2518 655 ὧν
2572 600 2851 673 ὥρμηντο.
2888 599 2986 675 [Ἦ
3024 600 3138 672 (⁵58)
3185 598 3389 667 αὐτῶν,
3446 597 3593 671 ἢτοι,
3635 602 3749 657 τῶν

491 690 695 753 tatibus
737 690 1051 747 Juda-orum

630 802 789 860 CAP.
842 802 959 858 XX.
1013 801 1090 857 De
1111 801 1391 872 discipulis
1421 818 1453 855 α
1483 800 1695 857 Joanne
1730 801 1923 856 missis.

563 952 796 1012 Veni.
850 936 982 1010 cm
1016 965 1195 1009 autem
1252 952 1488 1010 Joannes
1536 956 2069 1023 audisset—mpe-

490 1056 698 1102 ctsmts
720 1048 747 1103 ι
776 1046 954 1102 Lucas
976 1061 1109 1101 vero
1134 1046 1267 1103 dicit
1302 1045 1373 1112 δ’,
1397 1046 1542 1116 quod
1567 1045 1671 1116 ipsi
1720 1045 2073 1100 renuntiave-

490 1146 619 1193 runt
648 1137 801 1210 signa
857 1136 1078 1204 Joanni,
1105 1146 1161 1191 et
1208 1147 1337 1193 tunc
1393 1138 1533 1191 duos
1564 1136 1831 1206 quosdam
1859 1151 1928 1191 ex
1950 1137 2066 1191 illis

491 1227 662 1296 misit,
694 1229 837 1297 quod
860 1229 1269 1285 aemulationem
1302 1229 1418 1284 sive
1447 1228 1706 1283 invidiam
1728 1228 2067 1295 manifest-at,

488 1335 651 1389 quam
686 1320 959 1375 habebant
984 1322 1070 1375 isti
1100 1322 1365 1375 adversus
1386 1319 1688 1376 Christum.
1718 1322 1865 1376 Misit
1886 1331 2068 1376 autem

489 1410 611 1465 illos
660 1411 903 1466 Joannes
947 1412 1319 1482 interrogans,
1372 1428 1442 1466 an
1510 1413 1630 1482 ipse
1686 1422 1856 1479 esset,
1903 1429 2068 1484 quem

488 1510 782 1555 venturum
844 1506 966 1554 esse
1031 1502 1291 1556 dicebant
1323 1501 1444 1556 libri
1472 1502 1895 1572 praphetsrum,
1954 1518 2067 1563 non

491 1602 746 1661 tanquam
772 1582 1067 1662 ignorans:
1101 1608 1210 1661 quo
1235 1594 1382 1648 enim
1414 1602 1575 1662 pacto
1613 1594 1911 1660 dubitaret,
1972 1592 2066 1663 qui

488 1691 648 1737 antea
672 1699 795 1737 cum
829 1684 1243 1754 prmdicaverat,
1263 1694 1317 1739 et
1343 1686 1579 1755 propriis
1606 1686 1863 1740 manibus
1886 1685 2067 1755 bapti-

488 1784 726 1836 zaverat,
751 1791 815 1829 ac
839 1776 1073 1845 desuper
1104 1778 1483 1831 testimonium
1541 1778 1611 1832 de
1635 1793 1701 1833 eo
1756 1778 2065 1845 audiverat,

488 1865 845 1937 divinumque
919 1866 1182 1937 Spiritum
1232 1883 1399 1938 super
1448 1883 1574 1924 eum
1640 1869 2063 1925 descendentem

486 1957 643 2026 quasi
676 1957 987 2013 columbam
1013 1970 1378 2028 conspexerat
1397 1959 1419 2012 ?
1436 1959 1542 2014 Sed
1558 1959 1742 2016 sciens
1768 1960 2068 2031 discipulos
2101 1938 2142 1993 Β

488 2062 619 2103 suos
657 2032 863 2103 invidia
885 2050 1091 2104 moveri
1118 2050 1383 2107 adversus
1408 2052 1691 2107 Christum
1726 2068 1741 2117 ;
1794 2052 2065 2123 siquidem

485 2143 640 2208 prius
688 2155 908 2209 quoque
972 2152 1343 2206 accesserant,
1408 2143 1701 2199 dicentes:
1753 2142 1949 2209 Rabbi,
1974 2144 2068 2215 qui

487 2239 603 2284 erat
650 2239 817 2284 tecum
881 2240 1029 2285 trans
1091 2232 1403 2299 Iordanem,
1459 2236 1544 2287 cui
1598 2244 1652 2287 tu
1712 2236 2070 2289 testimonium

478 2322 820 2391 ,perltibuisti,
868 2338 986 2379 ecce
1040 2324 1085 2378 is
1143 2325 1416 2393 baptizat,
1464 2335 1513 2379 et
1555 2342 1732 2380 omnes
1760 2328 1970 2379 veniunt
2000 2327 2070 2381 ad

488 2430 608 2468 eum
653 2412 725 2468 “.

561 2502 931 2561 Vehementer
958 2506 1106 2560 enim
1136 2516 1530 2578 praeceptorem
1584 2526 1743 2566 suum
1800 2519 2068 2575 amantes,

488 2603 545 2649 et
564 2597 769 2665 pariter
797 2598 963 2669 gloria
986 2598 1132 2653 illius
1158 2598 1263 2653 frui
1297 2601 1602 2670 cupientes.
1627 2601 2070 2672 indignabantur,

487 2688 737 2743 videntes
796 2688 1079 2743 Christum
1123 2690 1400 2745 celebrem
1467 2690 1607 2745 ﬁeri.
1686 2692 1888 2747 Verum
1941 2692 2070 2760 quia

491 2780 693 2849 saepius
757 2795 854 2835 eos
896 2781 1271 2845 admonendo,
1319 2783 1653 2852 persuadere
1724 2784 2070 2852 nequiverat,

490 2886 641 2925 nunc
669 2884 852 2927 autem
909 2873 1063 2928 brevi
1093 2873 1390 2929 moriturus
1421 2885 1538 2929 erat
1563 2892 1578 2930 :
1606 2876 1837 2931 delectis
1859 2877 2073 2931 duobus

483 2963 585 3032 qui
608 2964 996 3033 prudentiores
1043 2974 1250 3031 essent,
1303 2966 1587 3021 hosmittit
1642 2968 1710 3021 ad
1766 2969 2070 3031 Christum,

491 3064 756 3126 praetextu
787 3057 1010 3126 quidem
1067 3057 1459 3128 interrogandi,
1500 3074 1569 3112 an
1626 3059 1744 3129 ipse
1802 3069 1951 3115 esset
1984 3061 2074 3117 ille

487 3147 589 3217 qui
618 3156 882 3203 venturus
903 3158 1055 3214 erat;
1083 3165 1211 3205 vera
1248 3158 1433 3204 tamen
1496 3166 1659 3205 causa
1693 3161 1829 3215 erat,
1857 3162 1915 3206 ιιι
1942 3168 2074 3207 COD-

2182 691 2507 765 Ἰουδαίων.]

2166 803 2329 860 ΚΕΦ.
2379 806 2472 860 Κν.
2504 804 2642 874 Περὶ
2693 802 2812 859 τῶν
2866 804 3335 860 ἀποσταλέντων
3362 804 3523 875 παρὰ
3552 802 3751 860 Ἰωάν-

2888 892 3026 930 νου.

2242 969 2531 1037 Ἀκούσας
2557 969 2626 1024 δὲ
2652 968 2938 1038 Ἰωάννης
2966 998 3036 1010 -
3073 964 3546 1039 προσδοκῶμεν;
3596 968 3657 1023 '0
3688 968 3745 1022 δὲ

2170 1065 2386 1126 Λουκᾶς
2418 1063 2718 1133 (mam-art
2755 1062 2914 1116 αὐτοὶ
2944 1060 3292 1132 ἀπήγγειλαν
3318 1061 3387 1115 τὰ
3422 1065 3627 1133 σημεῖα
3665 1059 3747 1130 τῷ

2184 1155 2425 1228 Ἰωάννῃ,
2459 1156 2555 1208 καὶ
2584 1155 2705 1207 τότε
2737 1154 2949 1224 έπεμψε
2976 1153 3071 1208 δύο
3096 1155 3248 1217 τινὰς
3278 1153 3338 1220 ἐξ
3374 1151 3576 1214 αὐτῶν,
3607 1154 3746 1221 ὅπερ

2172 1248 2434 1317 ἐμφαίνει
2467 1246 2565 1316 τὴν
2620 1245 2976 1317 ζηλοτυπίαν,
3008 1247 3075 1318 ἢν
3110 1243 3255 1319 εῐχον
3280 1240 3426 1301 οὗτοι
3478 1244 3616 1314 πρὸς
3653 1244 3748 1296 τὸν

2170 1337 2429 1407 Χριστόν.
2468 1338 2721 1409 Ἔπεμψε
2754 1338 2811 1393 δὲ
2843 1338 3042 1401 αὐτοὺς
3090 1340 3120 1390 ὀ
3176 1337 3454 1405 Ἰωάννης,
3494 1334 3746 1404 ἐρωτῶν,

2170 1434 2221 1485 εί
2250 1432 2413 1492 αὐτός
2460 1432 2630 1501 ἐστιν,
2679 1432 2739 1484 δν
2796 1431 3053 1501 ἔρχεσθαί
3091 1447 3256 1500 φασιν
3296 1430 3353 1483 αἱ
3410 1427 3584 1498 βίϐλοι
3636 1425 3751 1480 τῶν

2171 1525 2489 1596 προφητῶν,
2518 1527 2619 1598 οὐχ
2656 1524 2733 1589 ὡς
2778 1524 3019 1593 ἀγνοῶν·
3059 1522 3176 1587 πῶς
3209 1525 3349 1594 γάρ;
3384 1525 3414 1575 ό
3458 1517 3751 1591 προκηρύ-

2174 1620 2270 1685 ξας
2299 1618 2462 1673 αὑτὸν
2488 1620 2582 1673 καὶ
2620 1620 2807 1689 χερσὶν
2842 1616 3001 1681 ἰδίαις
3029 1616 3319 1687 βαπτίσας,
3360 1615 3455 1669 καὶ
3480 1614 3579 1684 τῆς
3604 1612 3753 1667 ἄνω-

2170 1710 2264 1763 θεν
2291 1710 2422 1781 περὶ
2452 1708 2621 1763 αὐτοῦ
2670 1710 2976 1780 μαρτυρίας
3030 1708 3294 1772 ἀκούσας,
3345 1708 3439 1761 καὶ
3490 1706 3553 1759 τὸ
3601 1705 3752 1757 θεῖον

2172 1801 2399 1871 Πνεῦμα
2426 1802 2712 1856 καταπτὰν
2741 1801 2829 1855 ἐπ’
2860 1801 3046 1866 αὐτὸν,
3076 1800 3211 1855 ὡσεὶ
3240 1798 3596 1870 περιστερὰν,
3620 1797 3753 1851 θεα-

2173 1894 2444 1963 σάμενοςο
2475 1894 2590 1948 ἀλλ’
2631 1894 2790 1957 είδὼς
2836 1895 2963 1957 τοὺς
3002 1892 3199 1947 ἑαυτοῦ
3242 1891 3751 1963 μαθητὰςηζηλοτύ-

2172 2004 2288 2050 πως
2316 1986 2451 2056 πρὸς
2476 1988 2568 2040 τὸν
2602 1986 2838 2057 Χριστὸν
2872 1986 3118 2058 ἔχοντας.
3151 1986 3260 2038 Καὶ
3289 1986 3399 2054 γὰρ
3426 1985 3521 2038 καὶ
3548 1984 3753 2054 πρότεο

2172 2094 2265 2148 ρον
2295 2077 2689 2147 προσελθόντες
2708 2073 2863 2129 εἷπον
2887 2075 3059 2144 αὐτῷ,
3098 2076 3181 2129 ὅτι
3213 2077 3317 2141 ’ος
3345 2070 3424 2145 ἦν
3455 2074 3600 2142 μετὰ
3629 2073 3755 2129 σοῦ

2171 2169 2364 2236 πέραν
2400 2168 2509 2221 τοῦ
2562 2168 2895 2234 Ἰορδάνου,
2947 2161 3112 2235 ᾧισὺ
3154 2167 3636 2236 μεμαρτύρηκας,
3658 2165 3755 2219 ἴδε

2170 2257 2351 2326 οὗτος
2389 2259 2684 2326 βαπτίζει,
2729 2262 2826 2314 καί
2873 2260 3099 2326 πάντες
3144 2259 3427 2329 ἔρχονται
3467 2258 3616 2326 πρὸς
3643 2260 3757 2312 αὐ-

2170 2356 2296 2409 τόν.

2253 2513 2716 2584 Ὗπερφιλυῦντες
2766 2510 2875 2580 γὰρ
2922 2509 3016 2563 τὸν
3073 2508 3204 2561 ῐδιον
3254 2506 3607 2571 διδάσκαλον,
3655 2504 3755 2559 καὶ

2174 2605 2595 2677 παραπολαύειν
2622 2605 2722 2671 τῆς
2758 2599 2925 2658 αὑτοῦ
2950 2601 3111 2672 δόξης
3136 2599 3433 2662 ἐθέλοντες,
3460 2598 3754 2653 ἔδάκνοντο

2175 2699 2467 2770 βλέποντες
2486 2691 2649 2751 utith
2680 2696 2791 2767 ('59)
2816 2694 3230 2764 εὐδοκιμοῦντα.
3278 2692 3430 2745 Ἐπεὶ
3460 2691 3516 2744 δὲ
3544 2688 3749 2742 πολλά-

2175 2809 2263 2855 κις
2294 2790 2657 2862 παραινέσας,
2698 2788 2799 2843 οὐκ
2837 2789 3057 2841 ἔπεισεν
3078 2785 3299 2848 αὐτοὺς,
3325 2782 3510 2836 λοιπὸν
3540 2780 3755 2851 μέλλων

2173 2885 2465 2955 τελευτᾷν,
2531 2883 2626 2938 δύο
2681 2883 2811 2945 τοὺς
2872 2880 3275 2948 συνετωτέρους
3335 2873 3754 2943 ἐπιλεξάμενος,

2175 2978 2384 3048 πέμπει
2431 2974 2655 3040 τούτους
2702 2974 2842 3046 πρὸς
2874 2972 2965 3025 τὸν
3016 2968 3275 3041 Χριστὸν,
3321 2965 3592 3039 προφάσει
3651 2963 3755 3033 μὲν

2173 3068 2573 3140 ιρωτήσοντας,
2624 3068 2673 3119 εί
2737 3066 2899 3127 αὐτός
2944 3066 3093 3117 ἐστιν
3133 3064 3162 3116 ό
3206 3062 3523 3132 ἐρχόμενος,
3570 3057 3637 3127 τῇ
3692 3054 3756 3107 δὲ

2174 3159 2425 3232 ἀληθεία,
2466 3161 2549 3212 ἵνα
2598 3157 2923 3227 θεασάμενοι
2952 3156 3023 3209 τὰ
3053 3154 3332 3222 θαύματα,
3363 3152 3399 3206 ἃ
3432 3151 3595 3216 ποιεί,
3631 3164 3757 3201 πει-

487 3242 696 3312 spectis
725 3242 998 3297 miraculis
1037 3260 1156 3313 quae
1210 3242 1445 3297 faciebat
1499 3247 1806 3299 crederent.
1855 3245 2072 3300 Sciebat

2178 3252 2370 3307 σθῶσι.
2402 3251 2513 3305 Καὶ
2533 3251 2644 3319 γὰρ
2666 3250 2766 3321 τὴν
2796 3248 2904 3301 ἀπὸ
2933 3247 3042 3300 τῶν
3071 3245 3417 3317 πραγμάτων
3443 3240 3757 3312 μαρτυρίαν

491 3350 731 3405 namque
782 3336 1159 3390 testimonium
1185 3336 1255 3390 ab
1296 3338 1555 3405 operibus
1586 3338 1905 3393 credibilius
1926 3353 2070 3403 esse,

490 3427 777 3496 magisque
812 3428 1129 3497 suspicione
1173 3442 1385 3482 carere.
1408 3428 1539 3483 Ideo
1567 3430 1732 3484 etiam
1794 3429 2070 3497 Christus,

493 3518 713 3588 cognito
761 3518 909 3588 quod
968 3520 1037 3572 ob
1081 3519 1135 3573 id
1173 3519 1357 3588 potius
1405 3518 1647 3576 Joannes
1672 3536 1768 3577 eos
1809 3522 2071 3586 misisset,

495 3611 677 3663 statim
728 3609 783 3662 in
840 3610 932 3662 illa
986 3610 1121 3664 hora
1182 3611 1351 3664 multa
1372 3624 1630 3681 operatus
1657 3624 1743 3669 est
1786 3616 2071 3680 miracula,

493 3704 636 3756 sicut
693 3701 825 3755 dicit
867 3699 1044 3757 Lucas
1073 3701 1139 3757 δ’.
1200 3701 1336 3757 Nam
1386 3704 1432 3757 si
1489 3703 1728 3762 Joannes
1784 3707 2075 3764 manifeste

493 3794 739 3849 misisset
770 3809 865 3849 eos
900 3810 1010 3864 quo
1040 3802 1384 3865 spectatores
1452 3796 1673 3863 fierent,
1722 3814 2072 3869 nequaquam

493 3888 813 3956 persuaderi
846 3888 1159 3957 potuissent
1192 3896 1251 3943 ut
1315 3887 1443 3943 illuc
1495 3889 1736 3946 abirent.
1795 3890 1878 3947 0b
1929 3891 2074 3947 hanc

494 3994 628 4049 ergo
652 3994 872 4035 causam
906 3958 1233 4049 praetéxtum
1269 3979 1431 4034 ﬁnxit
1461 3980 1931 4052 interrogationis.

568 4069 632 4127 V.
666 4072 717 4125 ό.
748 4069 815 4123 Et
879 4073 1192 4139 respondens
1223 4102 1291 4110 —
1323 4074 1387 4128 V.
1426 4073 1480 4127 5.
1514 4071 1722 4129 Letum
1790 4073 2073 4148 Evangelii

496 4163 739 4214 nuntium
762 4162 1051 4229 accipiunt.
1084 4159 1221 4215 Vide
1269 4163 1548 4231 quomodo
1604 4179 1714 4217 non
1739 4165 2073 4221 ad/eﬁictam

494 4268 681 4307 eorum
716 4253 1202 4323 interrogationem
1230 4253 1596 4322 responderit,
1644 4256 1736 4309 sed
1762 4256 1827 4309 ad
1888 4272 2073 4311 veram

496 4360 742 4409 causam,
819 4354 1047 4415 propter
1111 4360 1273 4413 quam
1348 4344 1498 4398 missi
1562 4356 1738 4400 erant.
1803 4346 2076 4417 Pauperes

493 4445 699 4503 autem,
754 4438 847 4506 qui
903 4438 1086 4492 laetum
1147 4435 1422 4506 Evangelii
1464 4440 1721 4493 nuntiqu
1773 4441 2072 4509 accipiunt,

495 4529 632 4582 dixit
654 4528 953 4596 apostolos.
977 4528 1116 4593 Quid
1146 4529 1295 4581 enim
1322 4542 1388 4581 eo
1418 4530 1732 4598 pauperius,
1762 4531 1853 4600 qui
1902 4543 2075 4586 artem

494 4628 712 4674 exercet
735 4620 1091 4687 piscatoriam
1114 4620 1137 4671 ?

568 4708 727 4765 Vers.
785 4709 839 4765 6.
892 4710 961 4765 Et
986 4712 1170 4765 beatus
1225 4741 1295 4751 --
1352 4712 1407 4765 in
1442 4729 1544 4769 me.
1590 4713 1706 4768 Hoc
1760 4716 2067 4784 praesertim

496 4811 720 4873 propter
779 4804 929 4872 ipsos
978 4802 1115 4857 dixit
1154 4801 1386 4858 Joannis
1444 4805 1763 4875 discipulos,
1807 4807 2071 4879 detegens

498 4894 605 4948 illis
661 4893 842 4949 cordis
868 4909 1059 4948 eorum
1091 4908 1395 4949 arcanum:
1429 4895 1804 4965 ostenditque,
1832 4898 1978 4967 quod
2006 4915 2068 4954 se

500 5002 609 5042 non
638 4988 830 5041 lateret
848 4988 992 5058 ipsos
1006 5002 1219 5057 quoque
1241 4987 1467 5052 offendi,
1486 4989 1610 5058 quia
1628 5005 1751 5045 cum
1772 4992 2074 5060 publicanis

500 5091 554 5135 et
582 5079 960 5154 peccatoribus
991 5079 1356 5135 manducabat
1380 5082 1460 5136 "z
1492 5092 1549 5136 et
1582 5082 1871 5139 manifeste
1923 5085 2075 5155 prius

504 5171 935 5242 gastrimargiam
964 5172 1068 5242 ipsi
1108 5174 1424 5241 obiecerant
1484 5175 1753 5231 adversus
1779 5177 2075 5248 discipulos

501 5262 643 5331 ejus,
667 5270 727 5315 ut
748 5262 951 5318 dictum
976 5271 1064 5319 est
1089 5263 1301 5321 decimo
1325 5274 1523 5335 quarto
1551 5266 1756 5337 capite.

2175 3347 2508 3417 πιστοτέραν
2542 3344 2638 3397 καλ⁵
2663 3340 3117 3410 ἁνυποπτοτέραν
3148 3338 3437 3405 ἐγίνωσκε.
3471 3333 3564 3387 Διδ
3603 3333 3696 3386 καὶ
3726 3332 3757 3384 ὁ

2175 3438 2431 3509 Χριστὸς,
2474 3435 2629 3499 είδὼς
2658 3436 2740 3489 ὅτι
2774 3434 2865 3488 διὰ
2902 3433 3061 3487 τοῦτο
3111 3429 3314 3501 μᾶλλον
3349 3426 3547 3489 αὐτοὺς
3580 3425 3759 3494 επεμ-

2175 3532 2275 3601 ψεν
2306 3532 2335 3584 ό
2381 3528 2660 3599 Ἰωάννης,
2717 3528 2919 3589 εὐθέως
2959 3527 3018 3579 ὲν
3052 3524 3190 3594 αὐτῇ
3222 3525 3289 3592 τῇ
3333 3519 3452 3590 ὥρᾳ
3505 3517 3754 3585 ἐθαυμα-

2175 3620 2450 3691 τούργησε
2504 3617 2695 3683 πολλὰ,
2748 3616 2931 3679 καθώς
2964 3631 3131 3685 φησιν
3175 3615 3203 3666 ὁ
3246 3612 3483 3673 Λουκᾶς.
3523 3609 3586 3661 Ei
3642 3606 3757 3675 γὰρ

2178 3712 2431 3782 φανερῶς
2470 3711 2671 3775 αὐτοὺς
2705 3708 2920 3777 ἔπεμψε
2978 3706 3197 3771 θεατὰς,
3238 3705 3340 3758 οὐκ
3386 3702 3451 3757 ἂν
3487 3699 3755 3772 ἀπῆλθον.

2177 3805 2276 3860 Διὰ
2304 3803 2464 3859 τοῦτο
2488 3802 2583 3858 οὖν
2621 3800 2900 3856 ιπλάσατο
2934 3798 3205 3871 πρόφασιν
3234 3794 3581 3867 ἐρωτήσεως.

2247 4076 2358 4133 Kal
2394 4074 2739 4146 ἀποκριθεὶς
2779 4101 2851 4113 -—
2897 4065 3394 4139 εὐαγγελίζονται.
3431 4064 3596 4135 Ὅρα,
3638 4061 3758 4125 πῶς

2176 4172 2235 4225 οὐ
2262 4170 2399 4240 πρὸς
2430 4169 2528 4239 τὴν
2561 4164 2989 4235 πεπλανημένην
3018 4160 3200 4214 αὐτῶν
3225 4157 3494 4229 ἐρώτησιν
3521 4154 3757 4226 ἀπεκρί-
3816 4207 3822 4215 ,

2180 4284 2330 4330 νατο,
2362 4265 2497 4319 ἀλλὰ
2524 4263 2661 4333 πρὸς
2693 4260 2791 4332 τὴν
2821 4258 2998 4329 ἀληθῆ
3032 4258 3234 4322 αἰτίαν,
3272 4254 3342 4308 δι’
3372 4255 3437 4326 ἢν
3468 4253 3760 4323 ἐπέμφθη-

2180 4375 2300 4411 σαν.
2332 4355 2591 4425 Πτωχοὺς
2617 4353 2670 4406 se
2694 4350 3238 4419 εὐαγγελιζομένους,
3265 4348 3391 4410 τοὺς
3419 4340 3759 4407 ἀποστόλους

2179 4450 2451 4519 ὠνόμασε.
2487 4445 2554 4500 Τί
2581 4446 2689 4515 γὰρ
2723 4444 3049 4513 πενέστερον
3080 4439 3434 4508 ἁλιευτικῆςς

2249 4707 2358 4763 Καὶ
2403 4706 2693 4775 μακάριος
2722 4733 2792 4745 —-
2828 4703 2898 4757 ἐν
2925 4702 3074 4772 ἐμοι.
3116 4701 3290 4754 Τοῦτο
3325 4699 3761 4771 προηγουμένως

2176 4804 2244 4857 δι’
2264 4802 2467 4863 αὐτοὺς
2490 4796 2611 4851 εἷπε
2631 4799 2758 4857 τοὺς
2782 4797 3029 4865 μαθητὰς
3059 4796 3331 4858 Ἰωάννου,
3358 4793 3761 4847 ἀνακαλύπτων

2179 4895 2361 4955 αὐτοῖς
2403 4892 2464 4944 τὸ
2505 4892 2605 4959 τῆς
2646 4888 2873 4957 καρδίας
2914 4886 3092 4940 αὐτῶν
3137 4886 3459 4963 μυστήριον,
3518 4884 3615 4937 καὶ
3653 4883 3763 4935 δει-

2182 4989 2382 5050 κνύων,
2414 4988 2496 5039 ὅτι
2554 4984 2616 5039 οὐ
2674 4982 2969 5055 λελήθασιν
3026 4980 3212 5045 αὑτδν,
3275 4977 3760 5048 σκανδαλιζόμενοι

2182 5082 2277 5137 καὶ
2330 5080 2517 5143 αὐτοὶ,
2575 5076 2710 5131 διότι
2778 5076 2919 5146 μετᾶ
2971 5074 3221 5128 τελωνῶν
3269 5074 3366 5126 καὶ
3416 5071 3761 5143 ἁμαρτωλῶν

2181 5173 2513 5227 ὲσθίει.’Καὶ
2543 5171 2652 5241 γὰρ
2696 5170 2791 5223 καί
2824 5166 3076 5238 φανερῶς
3108 5167 3378 5235 πρότερον
3426 5163 3760 5217 ἐνεκάλεσαν

2182 5262 2462 5336 αὑτῷμο)
2496 5260 2947 5332 γαστριμαργίαν
2978 5256 3251 5312 κατακτῶν
3284 5256 3547 5327 μαθητῶν
3565 5256 3757 5321 αὐτοῦ,

2182 5357 2258 5419 ὡς
2305 5357 2366 5408 ὲν
2410 5354 2487 5425 τῷ
2533 5350 3115 5424 τεσσαρεσκαιδεκάτῳ
3165 5350 3447 5419 κεφαλαίῳ
3498 5349 3760 5419 προείρη-

2136 5485 2148 5493 -
2181 5467 2293 5503 ται.

575 5521 644 5558 W
679 5520 810 5577 Luc.
850 5529 951 5589 vti,
975 5524 1061 5579 18.
1143 5525 1187 5557 ⁸·
1215 5526 1375 5582 Joan.
1416 5544 1499 5595 ιιι,
1530 5529 1618 5583 26.
1698 5530 1896 5586 “Luc.
1921 5550 2016 5600 vn,
2047 5539 2070 5591 l

2209 5540 2255 5572 “
2288 5538 2481 5596 Matth.
2506 5555 2579 5604 lx,
2616 5537 2703 5592 Η.

1689 5649 1896 5709 Varias
1931 5650 2236 5716 lectiones
2276 5663 2335 5716 et
2363 5661 2554 5718 notae.

584 5763 690 5843 [58)
718 5758 930 5843 inclusa
963 5766 1017 5843 in
1050 5766 1295 5843 margine
1325 5765 1673 5843 lcguuturB._
1694 5771 2072 5843 ln__principio,

506 5852 533 5887 a
582 5834 885 5907 διατάσσων
934 5834 1449 5907 πάγὲντελλόμενος,
1498 5841 1704 5895 omittit
1744 5834 2069 5898 H'entcnius.

577 5905 689 5977 (39)
711 5903 803 5957 τὸν
832 5906 1086 5979 Χριστόν.

2182 5776 3055 5901 ἑκἑϐρὲωῗύτὸνγοισττρὴζιαργοψ
3108 5777 3171 5835 Α.
3221 5776 3327 5831 Sed
3368 5774 3471 5831 hoc
3520 5772 3759 5843 postulat
