4020 6522
225 458 323 521 349

1095 446 1491 511 ΟΟΜΜΕΝΤ.
1536 443 1621 505 ΙΝ
1666 439 2141 507 MATTH/EUM.
2184 473 2252 485 -
2293 447 2452 509 CAP.
2491 447 2601 513 XI.

3272 434 3504 514 "sse

296 563 529 619 Τούτων
556 562 625 616 δὲ
649 590 723 601 -
747 556 1045 614 Ἰωάννου.
1080 552 1241 612 υῦτοι
1272 557 1372 628 μὶν
1400 555 1810 629 βελτιωοέντες,

1989 556 2145 612 Vere.
2182 559 2233 613 7.
2263 559 2359 613 His
2384 570 2563 615 autent
2594 589 2664 600 -—
2695 558 2925 615 Joanne.
2946 559 3030 616 liii
3065 559 3288 632 quidem
3311 560 3507 617 melio—

222 657 485 723 ἀπῆλθον.
531 653 687 709 Διατί
716 653 775 708 δὲ
810 653 885 724 μὴ
917 651 1203 723 παρόντων
1252 648 1436 703 αὐτῶν
1486 647 1638 715 λέγει
1675 645 1803 713 περὶ

234 750 517 816 Ἰωάννου;
551 749 677 803 ἰνα
715 745 794 817 μὴ
816 744 945 815 δόξῃ
970 741 1296 798 κολακεύειν
1325 739 1516 795 αὐτόν.

293 934 357 989 Τί
388 964 462 976 -
508 930 965 1003 σαλευόμενον;
1021 928 1387 992 Ἀκούσαντες
1426 928 1477 982 οι
1523 926 1673 999 δχλοι
1702 926 1805 997 τὴν

1908 666 1998 708 res
2030 653 2231 708 redditi
2263 653 2673 708 abscesserunt.
2708 650 2891 718 Quare
2939 662 3125 708 autem
3187 666 3301 707 non
3371 650 3506 723 ipsis

1908 748 2271 819 praesentibus
2304 749 2523 803 locutus
2562 756 2651 802 est
2674 746 2748 802 de
2779 743 2995 802 Joanne
3024 746 3050 800 τ
3098 743 3180 801 Ne
3201 745 3253 801 ei
3281 744 3509 801 videre-

1910 852 2000 899 tur
2043 842 2278 898 adulari.

1978 937 2137 994 Vere.
2192 936 2248 991 7.
2309 934 2451 1002 Quid
2495 965 2565 977 —
2619 934 2939 1006 agitatam?
2984 930 3190 988 Audita
3247 944 3280 985 ι
3325 928 3513 986 turbis

223 1026 493 1100 δρώτησιν
533 1026 809 1091 Ἰωάννου,
838 1026 935 1079 καὶ
962 1024 1335 1095 ἀγνοήσαντες
1357 1020 1451 1075 τδν
1480 1021 1684 1076 σκοπὸν
1708 1020 1811 1077 αὖα

1940 1030 2142 1086 oannis
2194 1028 2649 1099 interrogatione,
2693 1042 2822 1083 cum
2854 1027 3132 1082 intentum
3186 1024 3508 1097 ignorarent

222 1118 337 1181 τοῦ,
383 1117 870 1191 διεθορυδήθησαν,
903 1115 1021 1199 πώς
1051 1114 1081 1168 ὁ
1117 1112 1360 1167 τοσαῦτα
1385 1114 1482 1166 καὶ
1507 1108 1806 1183 τηλικαῦτα

225 1210 352 1280 περὶ
382 1209 548 1264 αὐτοῦ
587 1210 968 1281 μαρτυρήσας,
998 1206 1335 1278 ἀμφιϐάλλει
1364 1206 1482 1269 νῦν,
1527 1206 1621 1259 καὶ
1650 1202 1805 1259 ὑπώ-

227 1318 484 1367 πτευσαν,
519 1301 600 1354 ὅτι
638 1298 969 1371 μετεϐλήθη.
1002 1296 1177 1352 Τοῦτο
1199 1298 1257 1352 δι
1281 1295 1446 1363 γνοὺς
1481 1296 1511 1348 ὁ
1544 1294 1803 1365 Χριστὸς,

228 1395 522 1465 θεραπεύει
556 1393 933 1465 τὴν-τοιαύτην
955 1392 1215 1463 ὑποψίαν.
1240 1391 1510 1445 διδάσκων
1540 1388 1679 1459 ἄμα,
1711 1387 1807 1441 καὶ

226 1484 305 1541 ὅτι
336 1486 785 1559 καρδιογνώστης
812 1486 984 1540 ἐστίν.
1016 1483 1555 1554 Ἐντρεπτικώτερον
1588 1482 1645 1535 δὲ
1671 1479 1808 1534 καθ·

226 1580 533 1647 απτόμενος
599 1578 801 1643 αὐτῶν,
854 1576 1058 1647 φησιν⁹
1124 1577 1185 1630 Τί
1224 1574 1516 1639 ἐξήλθετε
1558 1574 1646 1638 εις
1692 1570 1810 1638 τὴν

226 1670 450 1738 ἔρημον
474 1668 806 1725 θεάσασθαι
826 1686 847 1734 ;
866 1665 1141 1736 κάλαμον
1162 1667 1281 1721 ὑπὸ
1301 1663 1528 1733 ἀνέμου
1548 1661 1811 1716 σαλευό-

223 1775 447 1827 μενον;
484 1758 759 1823 τουτέστι,
817 1757 1023 1825 κοῦφον
1078 1758 1173 1809 καὶ
1229 1756 1549 1824 εὐριπιστον
1600 1752 1812 1816 ἄνθρω-

1909 1123 2085 1185 illius.
2115 1122 2348 1177 turbata:
2374 1127 2506 1177 sunt
2541 1136 2557 1174 :
2593 1118 2874 1190 quomodo
2910 1118 2965 1173 is
2985 1117 3080 1187 qui
3109 1117 3179 1172 de
3205 1117 3309 1170 hoc
3336 1122 3420 1168 tot
3444 1126 3509 1166 ac

1910 1225 2064 1273 tanta
2095 1211 2329 1271 testatus
2349 1214 2547 1269 fuisset
2577 1228 2727 1268 nunc
2750 1211 3057 1267 dubitabat.
3079 1220 3134 1264 et
3155 1210 3507 1264 immutatum

1910 1322 2039 1363 eum
2095 1322 2219 1363 esse
2290 1305 2740 1375 suspicabantur.
2791 1300 2914 1369 Quo
2956 1300 3202 1373 cognito,
3252 1296 3511 1352 Christus

1911 1399 2233 1471 huiusmodi
2274 1396 2529 1454 medetur
2574 1394 2901 1467 suspicioni,
2966 1392 3178 1449 docens
3212 1390 3399 1451 simul.
3455 1398 3515 1443 et

1912 1495 2059 1566 quod
2106 1494 2354 1551 cordium
2401 1500 2548 1547 esset
2574 1489 2847 1559 cognitor,
2876 1496 2932 1544 et
2964 1482 3357 1541 confundenda
3416 1495 3515 1536 eos

1913 1589 2266 1659 redarguens.
2330 1584 2425 1640 Ait
2486 1599 2656 1657 ergo:
2710 1580 2851 1649 Quid
2882 1579 3075 1635 existis
3119 1577 3175 1632 in
3208 1576 3510 1635 desertum,

1913 1692 1977 1737 ut
2033 1681 2293 1735 videretis
2346 1678 2697 1741 arundinem,
2752 1690 2876 1745 quas
2940 1679 3167 1727 avento
3228 1662 3512 1737 agitatur?

1917 1776 2023 1830 hoc
2050 1783 2157 1838 est,
2199 1772 2380 1826 levem
2415 1780 2472 1825 et
2502 1768 2815 1824 instabilem
2838 1763 3149 1825 hominem.
3187 1768 3243 1814 et
3272 1757 3342 1812 ad
3388 1768 3512 1810 mo-

226 1865 346 1911 πον,
374 1848 468 1900 καὶ
495 1848 656 1919 δίκην
681 1847 932 1917 καλάμου
954 1846 1053 1917 τὴν
1083 1844 1311 1917 γνώμην
1339 1845 1807 1914 εὐμετάτρεπτον,

1935 1868 2047 1922 lum
2096 1864 2385 1920 arundinis
2432 1862 2595 1918 facile
2652 1867 2839 1915 mente
2886 1852 3234 1917 mutabilem,
3272 1858 3333 1905 ut
3363 1863 3517 1903 nunc

226 1938 300 2003 ὡς
337 1938 753 2009 ὑπολαμόάνετε
786 1938 903 2004 νῦν,
936 1938 967 2009 ἢ
995 1937 1308 1991 τούναντίον
1344 1935 1568 2007 μᾶλλον,
1606 1934 1811 2007 σταθη-

230 2031 321 2101 ρὸν
352 2032 447 2087 καὶ
476 2033 686 2103 πέτρας
718 2032 1103 2103 στερρότερον,
1144 2031 1220 2094 ώς
1259 2032 1293 2101 ἡ
1319 2030 1447 2106 ,τότε
1485 2029 1691 2100 σπουδὴ
1717 2026 1812 2081 καὶ

231 2125 503 2197 συνδρομὴ
536 2125 691 2196 ὑμῶν
718 2125 1057 2196 ἑμαρτύρεις

300 2215 491 2269 Ἀλλὰ
519 2247 585 2257 -
614 2215 1031 2287 ἠμφιεσμένον
1043 2234 1062 2281 ;
1107 2215 1361 2288 Δηλονότι
1392 2214 1689 2286 τρυφηλδν,
1722 2215 1813 2269 ἵνα

234 2309 327 2363 καὶ¹
355 2309 443 2364 διὰ
492 2310 653 2364 τοῦτο
703 2310 831 2383 δόξῃ
882 2309 1083 2381 χαῦνος
1122 2312 1217 2365 καὶ
1275 2310 1719 2381 εὐμετάϐλητος·
1778 2312 1811 2381 ἢ

232 2402 541 2456 τούναντίον
598 2402 819 2472 μᾶλλον,
871 2404 1480 2475 ἐσκληραγωγημένον,
1527 2403 1602 2468 ώς
1638 2403 1734 2456 καὶ
1778 2405 1812 2473 ἡ

237 2493 396 2565 στολὴ
429 2494 648 2560 τούτου,
678 2496 775 2548 καὶ
808 2497 841 2566 ὴ
884 2495 1059 2567 τροφὴ
1088 2494 1549 2549 διεϐεϐαιὼσαντο

303 2671 463 2727 Ἰδοὺ
508 2702 579 2713 -
620 2674 803 2728 εὶσίν.
855 2665 1025 2737 Οὗτος
1073 2674 1153 2738 δὲ,
1201 2678 1467 2745 πρότερον
1498 2674 1621 2745 μὲν,
1659 2690 1717 2728 εν
1748 2677 1817 2745 τῇ

234 2763 428 2834 ιρήμῳ
462 2764 708 2835 διητᾶτο,
749 2764 843 2819 νῦν
874 2766 953 2831 δὲ,
984 2767 1042 2819 ἐν
1073 2766 1152 2836 τῷ
1185 2766 1548 2837 δεσμωτηρίῳ
1582 2768 1819 2837 τετήρη-

235 2872 342 2909 ται.
376 2857 529 2910 Ἐπεὶ
560 2859 668 2929 γάρ
700 2875 844 2922 τινες
872 2859 972 2928 μὲν
995 2859 1207 2912 οἴκοθεν
1226 2860 1333 2911 εἰσὶ
1355 2858 1569 2928 κοῦφοι,
1590 2858 1734 2921 τινες
1764 2858 1820 2911 δὲ

235 2948 328 3001 καὶ
362 2947 468 3001 ὑπὸ
498 2951 711 3020 τρυφῆς
736 2951 896 3004 τοῦτο
925 2952 1222 3020 πάσχουσι,
1255 2951 1502 3005 τέθεικεν
1523 2951 1552 3003 ὁ
1584 2950 1821 3022 Χριστὸς

237 3042 329 3094 καὶ
361 3040 521 3095 τοῦτο
548 3045 795 3109 κάκεῖνο,
830 3046 923 3099 καὶ
970 3045 1219 3115 ἧλεγξεν,
1272 3045 1349 3107 ὡς
1393 3046 1676 3114 οὐδέτερόν
1701 3048 1823 3098 ἐστι

238 3133 368 3205 περὶ
397 3136 491 3189 τὸν
532 3136 811 3206 Ἰωάννην.
841 3132 975 3189 Εἶτα
1005 3138 1262 3207 ἐπιφέρει
1296 3137 1394 3207 τὴν
1419 3136 1703 3207 ἀλήθειαν,
1726 3137 1823 3191 καὶ

242 3229 514 3295 μαρτυρεῖ
534 3230 601 3299 τῇ
638 3227 890 3301 ἀληθείᾳ,
924 3229 1019 3282 καὶ
1044 3229 1231 3282 πλέκει
1260 3228 1340 3299 τῷ
1372 3230 1663 3298 Βαπτιστῇ
1681 3230 1823 3299 λαμ·
1851 3234 1895 3293 C

240 3319 378 3389 πρὺν
403 3321 682 3391 ὲγκωμίου
721 3322 1010 3392 στέφανον.

312 3414 502 3469 Ἀλλὰ
519 3444 592 3454 -—-
613 3415 950 3484 προφήτου.
981 3445 1053 3454 -
1075 3417 1538 3484 Περισσότερον,
1560 3415 1684 3470 ἀντὶ
1705 3414 1824 3479 τοῦ,

240 3507 503 3573 Μείζονα.
533 3502 670 3561 Εῐτα
706 3507 856 3574 λέγει
887 3511 982 3561 καὶ
1009 3508 1151 3561 κατὰ
1192 3509 1245 3561 τί
1281 3508 1531 3579 μείζονα,
1566 3509 1649 3561 ὅτι
1684 3508 1827 3561 κατὰ

242 3600 301 3653 τὸ
331 3598 779 3671 προπορεύεσθαι
830 3600 1061 3670 πλησίον
1118 3601 1221 3670 τῆς
1277 3602 1580 3672 παρουσίας
1635 3599 1825 3654 αὑτοῦ.

242 3694 503 3760 Μείζονες
546 3695 653 3764 γὰρ
684 3694 793 3747 τῶν
824 3696 1001 3749 ἄλλων
1035 3695 1296 3766 κηρύκων
1324 3696 1373 3748 οἱ
1406 3694 1829 3766 προπορευόμε·

242 3806 323 3843 νοι
354 3788 582 3857 πλησίον
608 3787 701 3841 τοῦ
730 3787 1021 3859 βασιλέως.

318 3880 745 3953 [Περισσότερον
777 3881 889 3952 (41)
923 3883 1233 3951 προφήτου,
1262 3881 1338 3945 ὡς
1368 3881 1463 3935 καὶ
1502 3881 1666 3935 αὑτὸν
1704 3881 1830 3936 ἰδὼν

244 3973 680 4042 ὀφθαλμοφανῶς
710 3974 805 4027 τὸν
838 3974 930 4027 ὑπ’
960 3973 1123 4027 αὐτοῦ
1154 3974 1655 4044 προφητευόμενον,
1685 3974 1746 4028 δν
1777 3974 1829 4028 οἱ

248 4068 355 4139 πρὸ
382 4067 548 4121 αὐτοῦ
584 4071 861 4139 προφῆται
886 4068 1307 4137 αἰνιγματωδῶς
1334 4067 1685 4140 ἐθεάσαντο.]

322 4156 512 4225 Οὗτος
556 4190 624 4202 --
667 4160 1010 4229 ἔμπροσθέν
1066 4177 1209 4215 σου.
1264 4161 1419 4215 Μετὰ
1476 4159 1575 4231 τὴν
1619 4160 1833 4215 οἰκείαν

1913 1958 2273 2031 suspicamini
2296 1958 2319 2011 ?
2343 1965 2440 2011 aut
2465 1971 2496 2011 e
2528 1954 2750 2010 diverso
2783 1950 3064 2010 stabilem.
3089 1958 3331 2014 saxoque
3379 1940 3515 1997 soli-

1913 2052 2149 2113 diorem,
2173 2057 2233 2103 ut
2256 2056 2389 2103 tunc
2413 2053 2666 2102 vestrum
2695 2040 2941 2098 studium
2967 2050 3033 2093 ac
3093 2046 3402 2092 concursus
3430 2039 3517 2086 tc-

1914 2142 2237 2200 stabantur?

1988 2235 2149 2290 Vers.
2175 2232 2230 2287 8.
2262 2232 2367 2288 Sed
2397 2259 2471 2272 —-
2500 2227 2804 2284 amictum?
2850 2222 3073 2279 Deliciis
3120 2218 3335 2275 scilicet
3379 2228 3516 2285 gauo

1918 2330 2166 2390 dentem,
2216 2336 2277 2381 ut
2330 2325 2497 2379 etiam
2524 2338 2592 2376 ex
2645 2320 2751 2374 boc
2792 2315 2976 2372 mollis
3009 2314 3268 2369 videatur
3326 2306 3519 2363 facile-

1917 2435 2025 2492 que
2052 2417 2363 2479 mutabilis;
2388 2422 2484 2469 aut
2528 2413 2713 2483 potius
2736 2426 2766 2465 e
2788 2406 3086 2466 contrario.
3112 2402 3266 2460 duris
3309 2397 3521 2455 exerci-

1922 2522 2116 2575 tatum,
2172 2508 2438 2564 utetiam
2480 2505 2654 2562 vestis
2714 2503 2839 2574 ejus
2892 2516 2957 2555 ac
3011 2498 3171 2554 cibus
3223 2492 3520 2550 continua-

1922 2621 1984 2660 ru
1993 2611 2072 2657 nt.

1997 2695 2148 2749 Vere.
2177 2692 2231 2747 8.
2271 2689 2405 2744 Ecce
2440 2720 2512 2731 -
2540 2697 2692 2743 sunt.
2715 2685 2826 2742 Hic
2843 2699 2980 2740 vero
3003 2682 3251 2753 primum
3293 2676 3523 2749 qu.dem

1924 2788 1979 2841 in
2011 2787 2233 2841 deserto
2267 2782 2615 2845 versabatur,
2636 2794 2787 2833 nunc
2806 2786 2994 2833 autem
3028 2776 3085 2829 in
3133 2785 3358 2828 carcere
3388 2767 3524 2823 reti-

1924 2890 2110 2934 netur.
2154 2876 2297 2941 Quia
2330 2889 2463 2930 vero
2518 2872 2744 2942 quidam
2796 2886 2826 2923 a
2859 2869 3026 2925 domo
3079 2867 3158 2938 (α)
3200 2865 3354 2919 leves
3401 2875 3525 2916 esse

1925 2979 2325 3032 monstrantur,
2351 2975 2407 3023 et
2442 2966 2669 3037 quidam
2697 2978 2729 3017 a
2786 2960 3003 3017 deliciis
3036 2959 3145 3015 hoc
3212 2956 3523 3026 patiuntur.

1924 3065 2107 3137 posuit
2132 3062 2392 3119 Christus
2412 3059 2595 3115 ethoc
2621 3056 2851 3121 etillud,
2880 3070 2945 3109 ac
2970 3050 3229 3125 probavit
3256 3060 3519 3103 neutrum

1928 3172 2090 3228 posse
2147 3155 2255 3211 dici
2308 3153 2376 3209 de
2424 3151 2662 3208 Joanne.
2737 3147 2944 3204 Deinde
3007 3144 3157 3215 quod
3217 3156 3407 3197 verum
3440 3148 3526 3194 est

1929 3248 2119 3312 infert,
2154 3255 2213 3301 et
2242 3243 2459 3299 veritati
2488 3250 2819 3304 attestatur,
2845 3254 2911 3293 ac
2930 3236 3189 3307 Baptisue
3211 3233 3526 3301 elegantem

1928 3341 2174 3400 contexit
2194 3337 2431 3395 encomii
2464 3350 2751 3392 coronam.

2000 3433 2156 3489 Vers.
2188 3433 2243 3487 9.
2282 3430 2388 3485 Sed
2416 3429 2779 3499 --proplteta.
2822 3456 2894 3468 —
2923 3421 3392 3480 Excellentiorem.
3423 3416 3530 3471 hoc

1928 3536 2012 3583 est
2032 3526 2317 3595 majorem.
2374 3521 2577 3577 Deinde
2604 3520 2805 3576 dicitin
2836 3533 2946 3589 quo
2961 3517 3249 3585 majorem,
3277 3508 3532 3565 videlicet

1931 3622 1987 3676 in
2019 3635 2088 3675 eo
2140 3616 2286 3688 quod
2334 3615 2549 3670 venerit
2578 3627 2723 3668 circa
2778 3610 2986 3667 Christi
3015 3609 3312 3663 adventum
3352 3637 3369 3656 .
3392 3598 3529 3654 Nam

1932 3713 2181 3784 majores
2202 3709 2326 3764 aliis
2357 3708 2503 3763 inter
2530 3721 2815 3776 prascones
2844 3711 2975 3759 sunt
3030 3702 3089 3756 hi
3119 3698 3215 3772 qui
3247 3709 3417 3767 prope
3446 3707 3531 3747 re-

1932 3821 2055 3880 gem
2074 3803 2419 3875 pmcedunt.

2016 3897 2059 3971 *ι’
2087 3894 2541 3953 Excellentiorem
2582 3890 2877 3963 propheta,
2907 3895 3096 3959 utpote
3112 3886 3207 3957 qui
3248 3885 3362 3942 suis
3398 3885 3537 3941 vidit

1932 3992 2109 4051 oculis
2128 4008 2156 4045 a
2178 4006 2237 4045 se
2258 3989 2645 4058 prophetatum
2669 4026 2684 4048 ,
2712 3999 2874 4051 quem
2891 3981 3172 4052 prophetae
3197 3981 3373 4052 ipsum
3392 3993 3537 4049 prlio

1932 4086 2192 4143 cedentes
2222 4083 2274 4136 in
2304 4082 2595 4151 aenigmate
2618 4083 3042 4147 conspexerant.

2004 4177 2143 4234 Vers
2168 4218 2181 4231 .
2215 4176 2305 4233 10.
2330 4174 2428 4229 Hie
2447 4202 2519 4212 —
2546 4181 2670 4226 ante
2706 4180 2775 4227 te.
2808 4169 2937 4225 Post
2966 4181 3126 4222 suum
3161 4163 3535 4222 testimonium

251 4254 581 4323 μαρτυρίαν,
616 4253 871 4323 ἐπιφέρει
896 4256 990 4306 καὶ
1008 4254 1110 4324 τὴν
1134 4253 1483 4323 προφητικήν
1531 4270 1548 4285 ο
1580 4252 1823 4325 ἔστιγὰρ

1936 4268 2091 4327 aﬂert
2132 4275 2188 4323 et
2212 4265 2592 4339 propheticum
2624 4280 2638 4317 :
2673 4268 2756 4318 est
2788 4260 2936 4317 enim
2956 4258 3243 4315 Malacbize
3303 4257 3535 4311 verbum

253 4345 535 4414 Μαλαχίου
568 4345 627 4396 τὸ
658 4345 841 4413 ῥητόν.
883 4344 1117 4416 Είρηται
1142 4344 1219 4411 δὲ,
1242 4345 1317 4408 ὡς
1352 4346 1459 4399 ἀπὸ
1492 4346 1587 4400 τοῦ
1622 4349 1832 4419 Πατρὸς

252 4438 346 4490 καὶ
382 4437 519 4490 Θεοῦ
558 4438 694 4508 πρὸς
725 4438 815 4491 τὸν
851 4438 981 4490 Yle
1009 4440 1104 4491 καὶ
1140 4437 1294 4492 Θεόν.
1332 4439 1601 4507 ’Λγγελον
1635 4440 1691 4492 δὲ
1720 4441 1833 4513 (42)

1936 4364 2004 4419 ⁸³.
2048 4363 2260 4417 Dictum
2293 4366 2377 4413 est
2421 4366 2602 4413 autem
2633 4354 2790 4426 quasi
2818 4368 2849 4408 a
2889 4352 3051 4407 Patre
3089 4360 3146 4406 et
3176 4348 3308 4413 Deo,
3340 4348 3407 4403 ad
3444 4347 3536 4403 Fi-

1937 4459 2069 4514 lium
2088 4457 2254 4512 etiam
2294 4455 2492 4509 Deum.
2561 4449 2832 4507 Joannem
2866 4462 2997 4503 vero
3042 4445 3298 4515 angelum
3376 4458 3538 4498 suum

252 4530 442 4591 αὐτοῦ,
474 4532 565 4583 τὸν
596 4528 851 4600 Ἰωάννην
880 4533 908 4584 ὁ
956 4531 1089 4593 Θεὸς
1134 4532 1445 4601 ὠνόμασεν,
1480 4532 1513 4604 ἢ
1545 4534 1621 4596 ὡς
1649 4533 1823 4601 ἀπαγ·

1939 4554 2083 4607 Deus
2113 4548 2418 4604 nominavit
2438 4587 2451 4609 ,
2489 4546 2607 4601 sive
2637 4543 2766 4614 quia
2800 4540 3031 4609 ἄγγελος
3067 4538 3271 4592 dicitur
3295 4535 3540 4601 nuntias,

252 4623 512 4690 γεὶλαντα
538 4621 616 4693 τῷ
644 4622 761 4693 λαῷ
790 4622 859 4676 τὰ
910 4622 1210 4692 λαληθέντα
1239 4627 1367 4694 περὶ
1401 4624 1493 4678 τοῦ
1546 4625 1790 4696 Χριστοῦ
1815 4642 1828 4658 ·

253 4715 527 4786 Ἐγένετο
559 4715 686 4787 γὰρ,
721 4717 879 4785 φησὶ,
904 4716 1072 4787 ῥῆμα
1110 4718 1257 4773 Θεοῦ
1284 4718 1381 4771 ἐπὶ
1404 4717 1696 4787 Ἰωάννην
1725 4720 1835 4773 τὸν

254 4809 361 4863 τοῦ
405 4810 705 4878 Ζαχαρίου
743 4811 879 4865 υίὸν
906 4812 975 4864 ἐν
998 4810 1076 4879 τῇ
1102 4810 1301 4880 ἐρήμῳ
1320 4830 1333 4843 ·
1369 4812 1400 4883 ἢ
1438 4812 1514 4876 ὼς
1542 4812 1836 4880 ἀγγελικδν

259 4905 371 4974 βίον
409 4906 830 4975 μετερχόμενον,
874 4908 931 4959 ἐν
974 4906 1053 4977 τῷ
1080 4908 1461 4979 ὗπεραρῦἦναι
1497 4909 1605 4961 τῶν
1628 4910 1837 4978 γηΐνων

260 4998 351 5050 καὶ
383 4998 603 5067 φρονεῖν
631 4997 876 5066 οὐράνια.
908 4997 983 5049 Τὸ
1023 4998 1098 5063 δὲ,
1149 4999 1271 5064 Πρὸ
1321 4997 1649 5065 προσώπου
1696 5014 1836 5065 σου,

259 5089 381 5144 ἀντὶ
406 5088 523 5150 τοῦ,
557 5087 822 5142 Ἐνώπιόν
852 5105 945 5142 σου
986 5089 1365 5157 προοδεύοντα,
1406 5090 1481 5153 di;
1525 5092 1747 5156 οἰκεῖον,
1781 5092 1838 5156 ὃς

261 5183 357 5234 καὶ
387 5180 702 5251 ἔμπροσθέν
745 5197 839 5233 σου
876 5181 1188 5250 εὐτρεπίσει
1226 5183 1326 5253 τὴν
1356 5182 1476 5235 ὁδόν
1522 5199 1641 5238 σου.
1689 5183 1843 5246 Ὁδὸς

259 5275 318 5329 δὲ
351 5275 444 5329 τοῦ
485 5275 747 5346 Χριστοῦ,
798 5276 856 5329 αἱ
902 5275 1075 5347 ψυχαὶ
1101 5275 1211 5331 τῶν
1240 5278 1575 5351 ἀνθρώπων,
1618 5277 1694 5335 ὦν
1721 5284 1842 5336 ἐπι-

339 5463 385 5497 “
417 5464 647 5518 Malach.
690 5477 772 5530 Ill,
811 5463 867 5519 1.
942 5464 989 5499 δ’
1019 5461 1153 5521 Luc.
1187 5481 1301 5531 vm,
1324 5464 1381 5522 2.

1938 4654 1992 4699 et
2030 4642 2267 4697 Joannes
2291 4656 2411 4713 qua:
2427 4639 2528 4695 sibi
2561 4638 2708 4693 dicta
2725 4641 2887 4690 erant
2936 4632 3003 4687 de
3036 4629 3259 4686 Christo
3319 4641 3545 4683 annun-

1938 4734 2097 4790 tiavit
2124 4732 2328 4804 populo
2355 4748 2369 4785 :
2407 4728 2633 4784 Factum
2653 4737 2730 4782 est
2765 4770 2776 4792 ,
2821 4724 3003 4795 inquit
3032 4764 3049 4789 ,
3076 4722 3290 4777 uerbum
3326 4719 3423 4773 Dei
3444 4736 3538 4773 su-

1940 4842 2033 4895 per
2046 4824 2303 4880 Joannem
2318 4822 2598 4877 Zacharia:
2612 4820 2785 4889 ﬁlium
2813 4820 2869 4871 in
2899 4819 3105 4872 deserto
3127 4814 3195 4868 “.
3230 4812 3361 4868 Sive
3381 4810 3541 4881 quasi

1946 4917 2246 4988 angelicam
2270 4916 2562 4986 degentem
2595 4913 2791 4975 vitam,
2845 4926 2912 4965 eo
2952 4908 3098 4979 quod
3136 4922 3304 4976 super
3324 4915 3543 4960 terrena

1948 5009 2286 5069 elevabatur,
2311 5022 2375 5063 ac
2398 5006 2643 5064 cmlestia
2659 5004 2941 5075 sapiebat.
2974 5002 3114 5056 Ante
3149 5000 3343 5055 faciem
3369 5006 3542 5057 tuam.

1950 5102 2054 5157 hoc
2084 5110 2169 5156 est
2192 5101 2246 5155 in
2272 5109 2571 5171 conspectu
2587 5108 2682 5155 tuo
2704 5097 3128 5166 praecedentem,
3154 5101 3415 5163 tanquam
3438 5090 3543 5145 do-

1950 5195 2240 5250 mesticum
2291 5203 2446 5248 tuum
2477 5193 2606 5264 ,qui
2648 5193 2817 5248 etiam
2846 5205 3032 5246 coram
3068 5196 3120 5243 te
3148 5184 3368 5256 parabit
3395 5181 3543 5239 viam

1934 5280 2125 5342 tuam.
2184 5285 2280 5341 Via
2298 5294 2483 5342 autem
2507 5284 2713 5341 Christi
2740 5284 2941 5340 animm
2957 5286 3117 5336 erant
3133 5277 3419 5336 hominum
3438 5288 3541 5346 per

1444 5583 1643 5646 Vatiae
1673 5584 1978 5649 lectiones
2011 5591 2067 5648 et
2104 5592 2292 5647 noue.

344 5709 455 5775 (4|)
486 5706 699 5762 Inclusa
722 5717 957 5779 uterque
981 5708 1151 5764 codex
1182 5710 1347 5766 habet
1374 5708 1429 5763 in
1462 5709 1729 5781 margine.

2019 5708 2130 5781 (42)
2162 5708 2381 5764 ἑαυτοῦ,
2416 5708 2477 5761 Α.

348 5867 420 5939 (a)
481 5869 519 5923 Α
580 5872 751 5927 domo.
799 5870 913 5927 Hoc
957 5870 1249 5927 obscurum
1301 5878 1405 5928 est.
1460 5870 1667 5938 Malim,
1721 5879 1812 5926 aut
1836 5873 2119 5925 domestica
2152 5870 2543 5934 consuetudine,
2575 5876 2669 5923 aut
2702 5884 2731 5921 a
2760 5865 3060 5921 nativitatc.
