4020 6536
431 502 534 573 351

1663 494 2051 560 EUTllYMll
2095 495 2135 553 Ζ
2149 493 2423 555 ίῧΑΒΕΝ
2433 494 2461 554 Ι

3598 490 3708 558 359..

435 632 574 692 quas
601 617 889 690 oportebat
919 617 1146 673 verbum
1199 614 1501 686 procedere
1531 623 1696 684 prout
1723 614 1884 667 tertio
1925 625 2017 663 ea—

2147 607 2335 662 ἱαίνειν
2369 607 2595 677 ἔμελλεν
2633 606 2664 660 ὁ
2692 605 2873 675 λόγος,
2903 603 2981 669 ὥς
3016 604 3076 659 ιν
3107 603 3187 675 τῷ
3219 603 3390 676 τρίτῳ
3426 603 3712 677 κεφαλαίῳ

433 711 554 779 pite
595 709 759 765 latius
795 709 1032 764 diximus
1059 749 1073 761 .
1107 708 1290 762 Potest
1311 714 1478 763 etiam
1511 706 1618 761 dici
1671 703 2025 761 excellentior

436 797 726 867 propheta,
779 797 906 866 quia
940 811 1065 851 eum
1084 811 1248 867 quem
1286 797 1421 852 vidit
1443 796 1834 866 prophetahat,
1875 791 2021 863 quod

438 889 574 944 nulli
609 890 835 959 contigit
867 888 1286 958 pr0phetarum.
1365 887 1478 944 Nec
1502 889 1634 944 vidit
1655 895 1862 942 tantum
1893 929 1906 953 ,
1935 900 2026 940 νου

440 992 564 1033 rum
591 979 754 1032 etiam
778 979 1098 1048 baptizavit.

508 1067 666 1124 Vers.
716 1070 804 1123 ll.
854 1070 1023 1124 Amen
1046 1100 1118 1110 —
1137 1069 1387 1139 Baptista
1416 1110 1429 1123 .
1466 1067 1581 1123 Non
1601 1077 1762 1123 natus
1788 1077 1872 1121 est
1906 1109 1922 1130 ,
1946 1065 2028 1120 in-

435 1161 555 1231 quit
586 1201 600 1225 ,
637 1161 779 1215 inter
807 1162 1080 1229 homines,
1125 1162 1217 1232 qui
1264 1179 1294 1217 e
1343 1161 1671 1216 mulieribus
1701 1161 1814 1214 nati
1841 1167 1970 1212 sunt
2007 1196 2023 1220 ,

437 1254 614 1322 major
633 1253 725 1307 illo
751 1294 765 1306 .
794 1253 928 1320 Quis
953 1255 1101 1309 enim
1127 1256 1268 1309 alius
1287 1256 1342 1310 in
1367 1255 1506 1310 uteri
1537 1255 1775 1309 tenebris
1793 1252 2028 1305 abscon-

437 1345 609 1406 ditus,
644 1343 823 1400 lucem
856 1349 1072 1402 venisse
1122 1347 1342 1417 agnovit
1371 1356 1426 1402 et
1479 1347 1623 1400 illam
1665 1345 2027 1399 exsultatione

438 1436 687 1493 adoravit
715 1438 759 1470 “
789 1439 1029 1493 ?Nullus
1060 1440 1201 1494 alius
1230 1449 1428 1509 praeter
1481 1439 1628 1494 hunc
1682 1438 1880 1502 solum,
1935 1437 2028 1507 qui

437 1528 635 1581 merito
657 1544 786 1582 sane
817 1531 1032 1584 cunctis
1063 1532 1235 1600 major
1257 1540 1363 1586 est.
1444 1530 1511 1586 Et
1544 1545 1759 1594 rursus,
1793 1529 1914 1598 quis
1963 1529 2031 1583 ab

437 1617 668 1672 infantia
710 1621 784 1674 ita
817 1621 1115 1676 solitariam
1151 1639 1214 1679 ac
1241 1625 1578 1678 eremiticam
1624 1623 1781 1678 duxit
1812 1623 1974 1677 vitam
2013 1662 2027 1684 ,

438 1711 658 1780 taleque
710 1712 1209 1781 elegitexercitium
1248 1715 1460 1769 ?Certe
1531 1715 1712 1768 nullus
1761 1714 2027 1770 omnium.

435 1799 733 1869 Postquam
751 1817 880 1873 ergo
903 1803 1196 1872 Baptistam
1229 1805 1467 1858 laudavit
1498 1820 1528 1858 tt
1546 1819 1817 1858 concursu
1847 1805 2032 1860 Juiire-

437 1907 595 1946 orum
620 1891 688 1945 ad
713 1893 912 1962 ipsum.
946 1894 1146 1948 deinde
1178 1910 1206 1948 a
1260 1896 1461 1950 virtute
1487 1897 1653 1960 illius,
1718 1907 1771 1950 et
1808 1896 1971 1951 tertio
2001 1912 2031 1950 a

439 1999 537 2036 suo
558 1982 834 2052 suffragio,
868 1996 1062 2053 quarto
1086 2002 1301 2056 quoque
1329 2003 1358 2040 a
1380 1989 1660 2057 prophetae
1692 1989 2028 2053 testimonio,

437 2082 494 2126 et
523 2073 784 2138 majorem
821 2076 1102 2143 prophetis
1120 2091 1244 2128 eum
1271 2077 1613 2145 prazdicavit,
1652 2093 1716 2132 ac
1747 2078 2036 2132 universa-

439 2161 566 2214 liter
602 2162 860 2216 omnibus
889 2163 1150 2231 majorem
1202 2163 1517 2220 hominibus
1545 2182 1559 2230 ;
1587 2178 1744 2220 curat
1791 2165 1862 2237 (ὁ)
1892 2166 2034 2220 hanc

439 2255 665 2310 laudum
685 2257 1139 2327 magnitudinem,
1185 2274 1252 2313 ne
1307 2269 1528 2329 propter
1567 2264 1702 2325 haec,
1734 2261 1852 2331 ipso
1874 2262 2036 2316 etiam

440 2347 665 2402 Christo
696 2350 1109 2405 honoratiorem
1145 2351 1428 2406 ducerent.
1473 2351 1541 2406 Et
1578 2353 1725 2419 vide,
1793 2355 1924 2423 quid
1954 2354 2040 2408 di-

443 2447 553 2490 cat.

516 2624 675 2678 γει-ε.
708 2627 790 2678 Η.
811 2625 911 2690 Qui
938 2628 1388 2682 autent—estillo.
1411 2628 1671 2683 Minorem
1698 2631 1934 2698 seipsum
1959 2631 2039 2687 dio

445 2714 539 2776 cit,
561 2731 625 2769 eo
640 2717 782 2781 quod
803 2718 874 2771 ita
901 2718 1176 2773 videretur
1193 2721 1333 2790 apud
1355 2719 1570 2775 Judmos
1591 2720 1754 2785 ;Nam
1774 2720 2040 2776 Joannem

445 2820 514 2860 eo
544 2806 803 2874 majorem
845 2809 1138 2876 habebant,
1209 2820 1398 2880 utpote
1451 2812 1544 2875 qui
1600 2812 1668 2866 ab
1729 2813 1954 2866 infantia
1986 2814 2040 2867 in

447 2914 697 2953 eremum
736 2913 1121 2966 secesserat,el
1155 2904 1460 2959 admirabili
1490 2905 1614 2958 vitae
1639 2905 1887 2959 inStituto
1913 2923 2042 2961 usus

453 2990 654 3044 fuerat.
709 2989 990 3047 Christum
1052 3010 1180 3049 vero
1231 3007 1484 3065 tanquam
1536 2999 1816 3052 communi
1879 3000 2041 3054 modo

448 3090 866 3136 conversantem
923 3085 1271 3153 dejiciebant.
1308 3089 1431 3155 Qui,
1485 3088 1687 3158 inquit,
1719 3091 1899 3146 minor
1933 3102 2038 3155 est,

451 3172 506 3227 id
534 3181 622 3227 est
651 3174 742 3242 qui
778 3176 993 3229 videtur
1023 3178 1200 3232 minor
1227 3180 1318 3234 illo
1343 3221 1358 3241 ,
1389 3183 1564 3252 major
1585 3199 1650 3237 eo
1683 3194 1768 3238 est
1801 3185 1853 3237 in
1875 3200 2042 3256 regno

2128 700 2470 772 πλατύτερον
2508 701 2838 772 εἰρήκαμεν.
2871 699 3101 767 Λέγοιτο
3128 698 3175 751 δ’
3207 696 3274 751 ἂν
3319 696 3711 767 περισσότερος

2125 796 2436 865 προφήτου,
2488 796 2586 848 καὶ
2633 793 2708 856 ὡς
2743 792 2835 845 τὸν
2867 792 2963 845 ὑπ’
3012 790 3179 846 αὐτοῦ
3225 790 3712 862 προφητευόμενον

2130 886 2276 950 ίδὼν,
2310 887 2382 948 ὡς
2413 885 2588 948 οὐδεὶς
2625 883 2734 937 τῶν
2790 883 2968 938 ἄλλων
3005 881 3328 953 προφητῶν,
3373 881 3469 933 καὶ
3506 879 3584 950 μὴ
3615 880 3712 949 μό-

2127 996 2216 1033 νον
2247 979 2392 1042 ίδὼν,
2424 977 2560 1030 ἀλλὰ
2588 978 2682 1029 καὶ
2725 974 3016 1045 βαπτίσας.

2208 1068 2388 1137 Ἀμὴν
2421 1099 2490 1109 -
2536 1065 2907 1121 Βαπτιστοῦ.
2964 1065 3040 1118 Οὐ
3087 1063 3442 1133 γεγέννηται,
3514 1064 3710 1134 φησὶν,

2129 1163 2190 1216 ὲν
2214 1164 2325 1224 τοῖς
2356 1159 2724 1230 γεννωμένοις
2772 1160 2836 1212 ὲκ
2867 1158 3146 1226 γυναικῶν
3173 1155 3483 1226 ἀνθρώποις
3514 1156 3716 1224 μείζων

2129 1253 2322 1308 αὐτοῦ.
2375 1254 2472 1316 Τίς
2529 1251 2638 1323 γὰρ
2693 1251 2876 1315 ἄλλος,
2912 1252 2973 1304 ἐν
3007 1251 3190 1304 σκότει
3242 1252 3458 1321 μήτρας
3483 1253 3716 1319 ἐπικρυ-

2132 1348 2424 1418 πτόμενος,
2459 1344 2730 1417 ἐγνώρισε
2782 1344 2844 1398 τὸ
2867 1343 2984 1414 φῶς
3033 1343 3209 1406 ἐλθὸν,
3276 1343 3369 1396 καὶ
3409 1341 3566 1394 τοῦτο
3606 1344 3718 1404 τοῖς

2134 1438 2471 1508 σκιρτήμασι
2530 1434 2975 1506 προσεκύνησεν;
3029 1433 3220 1494 Οὐδεὶς
3269 1432 3480 1501 ἕτερος,
3533 1433 3581 1484 εί
3640 1430 3720 1501 μὴ

2140 1531 2301 1601 μόνος
2351 1547 2528 1593 ουτος.
2594 1529 2814 1593 Maiva
2861 1528 2970 1597 ἄρα
3024 1525 3248 1580 πάντων
3295 1525 3545 1584 εἰκότως.
3610 1522 3724 1575 Καὶ

2136 1623 2314 1686 αὖθις,
2356 1623 2439 1685 τίς
2464 1624 2528 1675 ὲκ
2555 1621 2795 1691 βρέφους
2823 1619 2971 1673 οὓτω
3013 1619 3241 1686 γέγονεν
3299 1616 3592 1687 ὲρημικὸς,
3626 1617 3722 1668 καὶ

2133 1715 2394 1785 τοιαύτην
2423 1717 2657 1784 ἄσκησιν
2692 1713 2877 1776 Ehe-ro;
2909 1711 3030 1764 Τῶν
3062 1714 3280 1764 πάντων
3315 1710 3488 1762 ὄντων
3513 1709 3715 1770 οὐδείς.

2148 1805 2475 1868 Ἐπαινέσας
2533 1803 2625 1856 οὖν
2663 1803 2755 1856 τὸν
2816 1801 3151 1870 Βαπτιστὴν,
3196 1801 3304 1854 ἀπό
3358 1817 3419 1852 τε
3447 1798 3547 1866 τῆς
3589 1797 3726 1865 πρὸς

2136 1899 2299 1954 αὐτὸν
2335 1898 2645 1969 συνδρομῆς
2683 1897 2793 1949 τῶν
2844 1896 3142 1958 Ἰουδαίων,
3174 1895 3284 1948 ἀπό
3308 1910 3364 1946 τε
3395 1891 3496 1961 τῆς
3524 1889 3729 1962 ἀρετῆς

2138 1992 2331 2055 αὑτοῦ,
2371 1992 2466 2044 καὶ
2516 1994 2702 2061 τρίτον
2751 1989 2861 2043 ἀπὸ
2890 1989 2991 2057 τῆς
3031 1988 3239 2050 οἰκείας
3278 1987 3489 2054 ψήφου,
3523 1985 3616 2036 καὶ
3638 1982 3728 2034 τέ-

2137 2099 2337 2152 ταρτον
2372 2081 2481 2134 ἀπὸ
2541 2082 2642 2150 τῆς
2695 2079 3044 2149 προφητικῆς
3085 2078 3399 2148 μαρτυρίας
3423 2090 3438 2105 ⁸
3478 2075 3572 2127 καὶ
3604 2074 3729 2141 μεί-

2141 2172 2271 2237 ζονα
2305 2175 2405 2244 μὲν
2429 2173 2539 2228 τῶν
2571 2173 2873 2243 προφητῶν
2905 2169 3261 2240 ἁνακηρύξας
3292 2169 3476 2231 αὑτὸν,
3502 2167 3730 2238 μείζονα

2138 2269 2195 2321 δὲ
2262 2265 2493 2320 καθόλου
2574 2265 2794 2318 πάντων
2856 2256 3165 2333 ἀνθρώπων
3200 2279 3216 2292 ο
3277 2260 3574 2332 Θεραπεύει
3631 2261 3732 2326 τὴν

2141 2359 2447 2429 ὑπερϐολὴν
2510 2358 2620 2410 τῶν
2695 2357 3011 2426 ἐγκωμίων,
3087 2357 3173 2408 ἵνα
3249 2355 3324 2425 μὴ
3393 2354 3484 2407 διὰ
3554 2353 3734 2406 ταῦτα

2145 2452 2346 2522 μᾶλλον
2381 2451 2802 2520 προτιμήσωσιν
2837 2448 3002 2501 αὐτὸν
3035 2445 3127 2500 τοῦ
3163 2443 3429 2516 Χριστοῦ.
3471 2445 3580 2498 Καὶ
3607 2446 3732 2513 ὅρα,

2139 2546 2190 2597 τί
2220 2561 2412 2612 φησιν.

2225 2640 2287 2691 '0
2321 2637 2390 2689 δὲ
2421 2666 2476 2677 —
2518 2635 2704 2689 αὑτοῦ
2743 2635 2897 2688 ἐστί.
2949 2632 3319 2703 Μικρότερον,
3348 2631 3542 2684 ἑαυτὸν
3562 2629 3736 2697 λέγει,

2141 2731 2226 2783 διὰ
2261 2730 2320 2782 τὸ
2352 2730 2530 2781 δοκεῖν
2571 2727 2717 2781 οὕτω
2777 2727 2935 2796 παρὰ
2981 2729 3096 2788 τοῖς
3139 2725 3434 2786 Ἰουδαίοις.
3490 2722 3736 2784 Μείζονα

2141 2823 2251 2890 γὰρ
2284 2820 2450 2873 αὑτοῦ
2494 2821 2588 2873 τὸν
2647 2819 2902 2889 Ἰωάννην
2953 2817 3229 2884 ἐνόμιζον,
3286 2817 3360 2877 ὡς
3390 2817 3454 2866 ὲκ
3497 2814 3736 2883 βρέφους

2143 2913 2431 2982 ὲρημικὸν,
2467 2913 2563 2964 καὶ
2603 2911 2728 2981 ξένῃ
2757 2909 2942 2981 διαίτῃ
2975 2908 3282 2978 χρώμενον.
3315 2906 3420 2958 Τὸν
3458 2908 3565 2974 γὰρ
3598 2906 3738 2975 Χρι-

2146 3005 2290 3066 στὸν,
2327 3005 2402 3066 ὡς
2458 3003 2654 3064 κοινῶς
2713 3001 3092 3070 διαιτώμενον,
3157 2998 3514 3062 ὑπεϐίὸαζον.
3582 2996 3640 3050 ’0
3672 2997 3733 3048 δὲ

2146 3095 2475 3165 μικρότερός
2532 3113 2719 3163 φησιν,
2754 3096 2780 3146 ὁ
2811 3092 2985 3145 δοκῶν
3033 3093 3272 3144 ἐλάττων
3313 3088 3501 3152 αὑτοῦ,
3531 3088 3738 3158 μείζων

2145 3189 2311 3243 αὐτοῦ
2344 3189 2509 3240 ’ἐστιν
2537 3191 2593 3239 ἐν
2625 3188 2700 3254 τῷ
2753 3186 3064 3255 βασιλεύειν
3099 3185 3210 3238 τῶν
3245 3183 3518 3252 οὐρανῶν,
3548 3181 3623 3244 ὡς
3659 3181 3737 3250 μὴ

452 3263 713 3320 caelorum
740 3306 756 3331 ,
793 3267 896 3321 hoc
925 3279 1010 3323 est
1038 3311 1052 3333 ,
1107 3271 1420 3342 imperando
1449 3274 1603 3330 melis
1632 3293 1646 3330 :
1681 3285 1873 3346 utpote
1925 3294 2033 3332 non

2150 3283 2312 3350 μόνον
2338 3281 2642 3350 ἅνθρωπος,
2678 3279 2813 3332 ἀλλὰ
2835 3282 2929 3332 καὶ
2954 3278 3110 3340 Θεὸς.

451 3354 618 3412 homo
641 3359 853 3424 solum,
887 3364 981 3416 sed
1011 3366 1176 3417 etiam
1209 3365 1368 3420 Deus.

526 3449 684 3506 Vers.
727 3453 809 3506 1'2.
835 3453 876 3506 Α
902 3486 971 3494 —
1000 3456 1153 3511 illud.
1225 3457 1648 3526 Chrysostomus
1700 3461 1858 3523 dicit,
1891 3464 2034 3531 quod

456 3541 544 3594 hic
571 3557 795 3613 regnum
847 3555 1005 3599 vocat
1038 3547 1195 3601 (idem
1232 3549 1285 3602 in
1344 3550 1544 3618 ipsum,
1587 3561 1781 3620 utpote
1846 3556 2038 3606 arrha-

452 3632 652 3686 bonem
678 3635 745 3687 ad
777 3650 1000 3704 regnum
1032 3639 1312 3701 caelorum,
1341 3642 1406 3694 ad
1441 3641 1773 3704 fruitionem,
1793 3647 2037 3712 inquam,

452 3724 721 3780 bonorum
749 3744 870 3796 quae
896 3729 1167 3786 habentur
1187 3733 1434 3804 in'caelis.
1464 3733 1582 3788 Vim
1607 3745 1788 3790 autem
1809 3739 2035 3806 patitur,

455 3814 559 3869 hoc
591 3825 676 3870 est
710 3818 950 3873 violente
981 3821 1049 3875 ab
1095 3823 1409 3877 hominibus
1453 3826 1744 3895 arripitur,
1803 3828 1930 3882 dum
1963 3830 2036 3883 illi

453 3907 555 3960 sibi
591 3908 722 3976 ipsis
758 3910 862 3962 vim
895 3911 1160 3977 inferunt,
1195 3929 1257 3970 ac
1299 3925 1449 3970 certe
1477 3919 1862 3974 necessitatem
1909 3937 2038 3990 pro-

453 3999 699 4068 priorum
725 4001 1304 4070 vincuttt-aﬂ‘ectuum.
1331 4018 1424 4062 aut
1475 4009 1638 4064 etiam
1702 4011 2038 4068 inﬁdelitatis

457 4091 825 4157 tyrannidem.
877 4093 1116 4164 Ideoque
1156 4099 1260 4151 hoc
1319 4099 1695 4166 manifestans,
1755 4104 2039 4172 subjunxit

454 4181 600 4247 quod
632 4181 850 4237 Violenta“
886 4189 1106 4250 rapiant
1139 4188 1294 4244 illud.
1343 4189 1497 4247 Hanc
1525 4208 1657 4247 vero
1697 4194 2029 4251 laudabilem

452 4270 794 4336 violentiam,
857 4275 1130 4347 incepisse
1160 4279 1289 4335 dicit
1325 4296 1354 4334 a
1391 4282 1585 4338 diebus
1629 4286 2034 4353 praedicationis

451 4360 700 4427 Joannis,
736 4365 828 4433 qui
865 4368 1064 4436 populo
1098 4371 1354 4428 clamavit
1411 4391 1427 4428 :
1473 4374 1820 4445 Resipiscite,
1872 4378 2039 4434 instat

454 4455 599 4507 enim
665 4471 895 4526 regnum
951 4462 1239 4516 cmlorum.
1295 4464 1406 4519 lloc
1463 4474 1644 4521 autem
1705 4485 1852 4523 nunc
1904 4472 2040 4526 dixit

452 4543 728 4613 Christus,
765 4552 937 4605 simul
973 4555 1193 4622 quidem
1236 4558 1289 4610 in
1344 4559 1561 4614 laudem
1585 4561 1833 4628 Joannis,
1881 4567 2034 4632 quasi

2231 3457 2374 3512 Ἀπὸ
2405 3485 2474 3496 ——
2505 3454 2720 3520 αὐτήν.
2764 3454 2818 3508 Ὀ
2847 3453 2958 3522 (45)
3000 3451 3392 3522 Χρυσόστομός
3436 3466 3625 3519 φησιν,
3652 3448 3738 3501 ὅτι

2152 3549 2430 3619 βασιλείαν
2461 3547 2708 3616 οὐρανῶν
2734 3546 2883 3614 λέγει
2923 3545 3038 3609 νῦν,
3073 3547 3172 3613 τὴν
3199 3546 3277 3607 είς
3336 3543 3496 3595 αὑτὸν
3529 3542 3736 3604 πῖστιν,

2146 3642 2221 3703 ὡς
2265 3641 2432 3694 οὖσαν
2482 3640 2783 3711 ἀρραϐῶνα
2829 3639 2931 3708 τῆς
2981 3636 3261 3706 βασιλείας
3315 3636 3422 3688 τῶν
3461 3634 3736 3703 οὐρανῶν,

2152 3735 2294 3802 φημὶ
2327 3733 2412 3801 δὴ,
2442 3734 2542 3800 τῆς
2573 3730 2934 3789 ἀπολαύσεως
2964 3729 3071 3781 τῶν
3103 3731 3162 3780 ἐν
3203 3729 3456 3796 οὐρανοῖς
3489 3727 3735 3792 ἀγαθῶν.

2148 3822 2306 3886 Βιάξε
2321 3839 2405 3874 ται
2449 3821 2527 3884 δὲ,
2562 3820 2681 3872 ἀντὶ
2711 3819 2825 3882 τοῦ,
2863 3819 3054 3888 βιαίως
3088 3817 3397 3887 ἁρπάζεται
3444 3816 3596 3885 παρὰ
3623 3817 3736 3868 τῶν

2151 3913 2480 3987 ἀνθρώπων,
2535 3917 2593 3967 ὲν
2625 3913 2702 3980 τῷ
2758 3911 2967 3982 βιάζειν
3019 3911 3251 3972 ἑαυτοὺς
3298 3909 3395 3964 καὶ
3445 3911 3603 3980 νικᾷν
3637 3907 3738 3978 τὴν

2147 4008 2395 4074 ἀνάγκην
2427 4006 2537 4057 τῶν
2561 4005 2892 4074 οίωνδήποτε
2927 4002 3136 4063 παθῶν,
3185 4003 3216 4072 ἦ
3252 4004 3346 4054 καὶ
3379 4003 3480 4068 τὴν
3534 4018 3740 4070 τυραν-

2147 4097 2266 4149 νίδα
2296 4096 2395 4163 τῆς
2420 4097 2706 4155 ἀπιστίας.
2761 4095 2850 4146 Διὸ
2881 4095 2978 4146 καὶ
3022 4092 3182 4144 τοῦτο
3227 4091 3547 4160 σαφηνίζων
3597 4093 3738 4160 ἐπή-

2149 4205 2342 4257 γαγεν,
2375 4188 2456 4239 ὅτι
2505 4185 2755 4239 Βιασταὶ
2803 4185 3194 4252 ἀρπάσουσιν
3248 4183 3460 4249 αὐτὴν.
3514 4183 3737 4250 Ταύτην

2148 4281 2205 4334 δὲ
2258 4279 2356 4348 τὴν
2409 4277 2702 4347 ἐπαινετὴν
2761 4275 2882 4346 βίαν
2941 4275 3214 4345 ἄρξασθαί
3249 4291 3418 4344 φησιν
3465 4273 3574 4328 ἀπὸ
3623 4272 3735 4325 τῶν

2147 4370 2374 4442 ἡμερῶν
2427 4368 2522 4421 τοῦ
2587 4367 2949 4439 κηρύγματος
3016 4365 3300 4426 Ἰωάννου,
3365 4365 3597 4434 βοῶντος
3656 4363 3736 4434 τῷ

2145 4465 2257 4533 λαῷ
2273 4482 2284 4493 ·
2307 4462 2662 4518 Μετανοεῖτε
2687 4479 2698 4493 ·
2728 4461 2939 4530 ἤγγικε
2962 4461 3069 4530 γὰρ
3091 4459 3129 4526 ἢ
3158 4458 3452 4522 ,βασιλεία
3476 4456 3592 4509 τῶν
3632 4457 3737 4509 οὑ-

2142 4556 2369 4623 [ανῶν.
2423 4555 2628 4624 Εἴρηκε
2673 4553 2730 4606 δὲ
2786 4553 2943 4606 τοῦτο
2967 4552 3064 4604 νῦν
3100 4550 3407 4619 οΧριστὺς,
3473 4548 3589 4618 ἅμα
3636 4550 3737 4616 μὲν

455 4635 743 4693 hominum
794 4642 1025 4697 salutem
1080 4645 1151 4698 sit
1194 4648 1545 4716 auspicatus:
1609 4651 1773 4705 simul
1821 4669 2034 4722 quoque

2150 4649 2394 4703 ἐπαινῶν
2453 4650 2544 4699 τὸν
2584 4647 2859 4717 Ἰωάννην,
2892 4646 2968 4707 ὡς
3012 4645 3175 4696 αὑτὸν
3222 4644 3594 4712 ἐναρξάμενον
3637 4642 3738 4708 τῆς

455 4733 702 4786 excitans
723 4734 1027 4803 auditores,
1057 4747 1115 4791 ut
1154 4748 1210 4793 et
1234 4739 1336 4809 ipsi
1372 4742 1622 4798 similiter
1645 4746 1752 4799 vim
1779 4747 2045 4805 inferrent

455 4822 558 4880 sibi
589 4825 740 4893 ipsis.

531 4995 683 5051 Vers.
720 4999 1018 5056 15.οηιηεε
1043 5033 1112 5044 —
1139 5008 1605 5076 prop/tetaverunt.
1637 5013 1832 5085 Legem
1882 5031 2041 5073 vocat

455 5095 697 5141 veterem
719 5089 1136 5160 legislationem.
1165 5097 1448 5168 Siquidem
1481 5105 1646 5158 etiam
1682 5106 1734 5158 in
1763 5109 1863 5164 hac
1891 5113 2034 5163 mul-

457 5185 510 5231 ta
539 5178 606 5232 de
631 5177 852 5235 Christo
879 5185 1135 5250 praedicta
1165 5199 1292 5243 sunt
1333 5208 1345 5245 :
1382 5204 1435 5248 et
1498 5196 1737 5251 maxime
1795 5200 1848 5252 in
1898 5201 2032 5272 legi-

526 5331 573 5367 “
627 5334 760 5392 Luc.
784 5353 822 5402 ι,
845 5339 934 5394 41.

2152 4739 2429 4808 σωτηρίας
2471 4736 2579 4789 τῶν
2625 4737 2954 4805 ἀνθρώπων,
2994 4736 3108 4803 ἅμα
3158 4734 3336 4787 δὲκαὶ
3394 4732 3738 4802 παραθήγων

2147 4833 2274 4893 τοὺς
2322 4830 2623 4892 ἀκούοντας
2671 4830 2748 4892 εἰς
2792 4828 2852 4880 τὺ
2895 4828 2992 4880 καὶ
3022 4828 3226 4890 αὐτοὺς
3273 4825 3473 4895 ὁμοίως
3524 4825 3736 4895 βιάζειν

2145 4923 2394 4984 ἑαυτούς.

2219 5017 2452 5082 Πάντες
2511 5049 2567 5059 —-
2609 5014 3098 5084 προεφήτευσαν.
3152 5013 3339 5084 Νόμον
3396 5013 3566 5079 λέγει,
3634 5012 3734 5081 τὴν

2141 5108 2378 5160 παλαιὰ-ι
2434 5107 2780 5178 νομοθεσίαν.
2841 5105 2953 5158 Καὶ
3003 5103 3113 5172 γὰρ
3139 5104 3232 5156 καὶ
3266 5105 3323 5155 ἐν
3355 5101 3531 5174 ταύτῃ
3562 5102 3737 5154 πολλὰ

2143 5203 2268 5273 περὶ
2328 5199 2563 5270 Χριστοῦ
2621 5200 2938 5270 προείρητο,
2983 5198 3078 5250 καὶ
3150 5195 3352 5266 μᾶλλον
3380 5197 3436 5246 ὲν
3465 5198 3576 5259 τοῖς
3603 5195 3735 5266 περὶ

1636 5419 1843 5479 Varim
1879 5419 2180 5484 lectiones
2217 5433 2278 5485 et
2313 5431 2498 5486 notae.

527 5569 642 5648 (d3)
694 5567 1018 5648 'l'om._Vll,
1053 5586 1106 5648 η.
1157 5572 1260 5648 417
1441 5576 1555 5648 Καὶ
1605 5579 1712 5648 γὰρ
1758 5578 1891 5632 ὠθεῖ
1938 5580 2033 5634 καὶ

456 5638 670 5717 ιπείμγει
714 5638 902 5717 ὶριποῖξ
937 5642 1134 5717 αὐτοὺς
1180 5647 1275 5696 καὶ
1313 5646 1562 5698 ἐντεῦθεν
1594 5638 1805 5717 εἶς’τὴν
1847 5651 2033 5702 πίστιν

454 5709 554 5779 τὴν
571 5708 785 5764 ἑαυτοῦ.
810 5708 1158 5768 Subobscure
1197 5730 1326 5787 ergo
1355 5717 1457 5771 hoc
1473 5717 1631 5771 dixit.
1659 5708 1924 5775 Eumdem
1953 5722 2034 5776 Ιο-

2609 5587 2745 5653 νιιι,
2783 5604 2837 5659 p.
2880 5588 2986 5644 520
3023 5587 3085 5656 C,
3123 5590 3214 5646 ubi
3250 5591 3461 5648 nullum
3501 5594 3732 5652 verbum

550 5864 600 5934 ὸ)
633 5864 818 5922 Curat.
851 5865 1024 5923 Etiam
1063 5867 1169 5924 hoc
1201 5869 1515 5927 obscurum.
1556 5869 1758 5940 Malim,
1791 5882 2075 5945 temperat,
2107 5877 2316 5933 modum
2349 5881 2492 5946 ponit
2521 5880 2640 5936 huic
2672 5879 2894 5938 laudum
2927 5887 3300 5958 magnitudini.
