4020 6508
257 415 371 481 353

1189 416 1578 482 COMMENT.
1623 420 1704 480 IN
1745 420 2297 487 MATTHEUM.”
2339 422 2500 484 CAP.
2551 422 2660 484 XI.

3464 427 3576 489 356

272 532 484 584 θυσιῶν
515 529 723 599 νόμοις,
755 530 929 585 τύπον
962 534 1057 586 καὶ
1092 535 1438 605 προμήνυμα
1495 535 1867 605 κεκτημένοις

1986 551 2075 592 )us
2107 535 2175 593 de
2207 537 2517 602 sacriﬁciis,
2549 538 2776 606 ﬁguram
2807 546 2900 592 aut
2933 538 3262 609 praesagium
3314 538 3574 594 habenti-

261 624 362 677 τοῦ
410 623 641 694 τυθῆναι
698 624 988 693 μέλλοντος
1042 625 1184 696 ὑπὲρ
1239 626 1336 679 τοῦ
1400 627 1634 696 κόσμου.
1698 628 1872 697 Φησὶν

262 716 384 774 οὖν.
437 721 522 772 ὅτι
581 722 787 784 πάντες
821 724 870 774 ot
913 722 1223 793 προφῆται,
1277 725 1326 776 ot
1384 723 1873 794 προφητεύσαντες

267 808 482 881 δηλαδὴ
542 813 675 882 περὶ
712 811 809 864 τοῦ
847 812 1140 880 μέλλοντος
1193 814 1456 884 ἔρχεσθαι
1486 814 1751 885 Χριστοῦ,
1779 816 1872 868 καὶ

263 907 291 956 6
324 907 512 972 νόμος,
543 906 572 958 6
603 905 994 974 προφητεύσας
1029 908 1159 978 περὶ
1191 906 1286 959 τοῦ
1312 907 1604 977 μέλλοντος
1641 907 1871 961 θύεσθαι

262 990 546 1060 προϐάτου
582 993 676 1045 καὶ
698 991 900 1055 ἀμνοῦ,
937 992 1135 1063 μέχρις
1179 995 1438 1047 Ἰωάννου
1472 995 1575 1059 τὰς
1612 995 1872 1059 τοιαύτας

263 1084 452 1139 αὐτῶν
472 1088 820 1156 προφητείας
850 1087 1154 1152 ἐξέτειναν.
1184 1092 1366 1162 Μέχρι
1402 1091 1502 1162 μέν
1534 1092 1649 1164 γὰρ
1688 1093 1875 1148 Ἰωάν-

263 1192 358 1227 νου
424 1180 761 1247 προφητεῖαι
821 1173 964 1249 ἦσαν
995 1175 1158 1235 αὗται
1183 1199 1196 1213 ο
1259 1183 1350 1235 ἐπ’
1375 1184 1545 1237 αὑτοῦ
1574 1185 1630 1238 δέ
1662 1185 1871 1250 λοιπὸν,

262 1268 366 1320 οὐκ
405 1268 488 1321 ἐτι
533 1273 867 1341 προφητεῖαι
935 1275 1345 1345 μεμενήκασιν,
1374 1276 1512 1330 ἀλλὰ
1563 1278 1874 1348 πράγματα

263 1359 550 1443 γεγόνασι.
584 1363 695 1414 Καὶ
725 1363 834 1435 γὰρ
885 1364 1052 1428 αὐτὸς
1077 1362 1184 1420 εἶδε
1215 1368 1316 1438 τὴν
1363 1367 1596 1423 ἔκϐασιν
1630 1367 1868 1422 τούτων.

262 1455 357 1506 Διὸ
389 1455 504 1520 καὶ,
534 1456 797 1524 ἐπιγνοὺς
851 1459 940 1510 τὸν
993 1459 1253 1530 Χριστὸν,
1286 1462 1462 1532 ἀμνὸν
1512 1462 1682 1516 αὑτὸν
1709 1479 1864 1532 προσ-

263 1546 588 1616 ηγόρευσεν,
640 1549 843 1601 εἰπών’
909 1551 1060 1604 Ἰδοὺ
1099 1556 1130 1605 ό
1202 1554 1419 1624 Ἀμνὸς
1471 1556 1579 1609 τοῦ
1631 1554 1802 1620 Θεοῦ,
1840 1559 1874 1610 ὀ

265 1637 454 1703 αἴρων
482 1637 600 1701 τὴν
626 1640 924 1708 ἁμαρτίαν
947 1644 1054 1697 τοῦ
1085 1645 1346 1714 κόσμου.

335 1732 547 1803 Εἴρηκε
602 1733 658 1785 δὲ
704 1733 798 1785 τὸν
835 1735 1007 1810 λόγον,
1045 1737 1234 1790 τοῦτον
1265 1739 1293 1790 6
1329 1739 1588 1809 Χριστὸς,
1622 1739 1739 1809 ἅμα
1773 1741 1872 1811 μὲν

267 1826 362 1878 καὶ
385 1825 639 1879 ἐντεῦθεν
673 1828 920 1880 ἐπαινῶν
949 1829 1041 1883 τὸν
1087 1830 1369 1902 Ἰωάννην,
1394 1832 1470 1896 ὡς
1498 1833 1611 1904 (44)
1647 1835 1871 1904 πρῶτον

1975 625 2080 680 bus
2113 626 2252 694 ejus,
2279 627 2370 695 qui
2394 642 2495 696 pro
2522 629 2725 681 mundo
2744 627 3216 682 cratoﬂ‘erendus.
3246 628 3388 684 Dicit
3407 645 3537 702 ergo

1974 715 2184 772 Omnes
2211 721 2518 788 prophetat.
2553 720 2646 788 qui
2674 718 2932 773 videlicet
2959 721 3028 774 de
3060 730 3295 775 venturo
3351 719 3576 778 Christo

1974 811 2461 881 prophetaverant,
2536 821 2594 867 et
2661 813 2747 866 lex
2795 829 2916 883 qua:
2967 817 3020 867 in
3064 813 3254 868 ovium
3316 824 3372 869 et
3447 814 3576 886 agni

1975 902 2381 969 immolatione,
2443 902 2808 973 prophetahat
2847 906 2917 959 de
2965 905 3185 960 Christo
3215 905 3576 972 immolando,

1976 994 2289 1064 hujusmodi
2339 996 2660 1066 prophetias
2706 997 2774 1052 ad
2815 995 3086 1052 Joannem
3124 1015 3299 1068 usque
3348 1009 3577 1069 proten-

1976 1089 2200 1145 derunt.
2265 1089 2362 1144 Hi8
2415 1089 2687 1158 siquidem
2721 1091 3029 1160 prophetiae
3074 1102 3245 1155 erant,
3277 1108 3454 1162 usque
3511 1093 3579 1147 ad

1974 1181 2282 1237 Joannem:
2326 1181 2590 1250 deinceps
2613 1197 2745 1236 vero
2787 1197 2912 1236 cum
2967 1183 3061 1237 illo
3102 1185 3213 1255 jam
3281 1199 3393 1237 non
3450 1199 3580 1254 pro—

1975 1273 2185 1344 phetiae
2207 1282 2557 1334 manserunt.
2580 1275 2679 1330 sed
2712 1289 2946 1345 operum
2986 1277 3363 1331 exhibitiones
3420 1275 3579 1330 facta:

1976 1377 2129 1423 sunt.
2188 1368 2322 1422 Nam
2359 1370 2555 1424 horum
2615 1369 2733 1438 ipse
2793 1368 2931 1423 vidit
2971 1380 3231 1424 eventum
3291 1371 3580 1440 :idcoque

1976 1463 2164 1532 agnito
2222 1462 2466 1528 Christo,
2528 1479 2728 1533 agnum
2784 1479 2909 1518 eum
2957 1465 3270 1534 appellarit,
3317 1467 3512 1520 dicens
3560 1477 3577 1516 :

1975 1553 2114 1608 Ecce
2141 1554 2322 1624 Agnus
2363 1555 2460 1609 Dei
2501 1558 2592 1626 qui
2632 1557 2768 1610 tollit
2794 1567 3071 1625 peccatum
3112 1561 3296 1611 mundi
3325 1559 3394 1615 δ’.

2051 1730 2311 1786 Christus
2330 1741 2514 1785 autem
2544 1731 2693 1785 hunc
2718 1733 2936 1785 locutus
2961 1741 3104 1786 estsi
3122 1749 3397 1796 rmonem,
3415 1735 3580 1791 simul

1977 1823 2247 1879 Joannem
2309 1824 2439 1878 hinc
2529 1824 2784 1888 laudans,
2864 1834 3122 1894 tanquam
3193 1828 3434 1895 primum
3484 1830 3578 1899 qui

269 1919 569 1985 ἐπιγνόντα
604 1923 701 1990 τὴν
739 1920 968 1975 ἔκϐασιν
1011 1923 1121 1975 τῶν
1171 1925 1436 1977 τοιούτων
1496 1926 1869 1996 προφητειῶν,

1986 1919 2176 1972 harum
2244 1917 2660 1987 prophetiarum
2738 1919 2996 1988 cognovit
3082 1927 3365 1985 eventum,
3422 1923 3582 1995 quasi

264 2009 353 2064 οἵα
400 2013 496 2065 καὶ
542 2013 707 2064 αὐτὸν
771 2016 1103 2086 προφήτηνο
1155 2014 1274 2086 ἅμα
1331 2017 1388 2070 δὲ
1435 2019 1531 2070 καί
1576 2018 1872 2083 διδάσκων,

266 2107 348 2158 ὅτι
388 2107 774 2175 παραγέγονεν
799 2125 811 2137 ο
859 2108 1367 2181 προφητευόμενος,
1398 2112 1494 2163 καὶ
1515 2110 1615 2162 οὐκ
1647 2109 1728 2162 ἔτι
1756 2111 1865 2181 χρὴ

274 2199 584 2268 προσδοκᾷν
618 2199 705 2250 Et:
717 2216 830 2269 ρον.

341 2293 496 2344 ’Ἐστι
554 2292 612 2345 δὲ
682 2296 779 2347 καὶ
851 2293 987 2364 ἄλλη
1044 2312 1125 2357 τις
1184 2293 1471 2364 ἐξήγησις,
1523 2294 1605 2346 ὅτι
1673 2295 1876 2356 πάντες

271 2386 457 2448 ἁπλῶς
513 2387 563 2438 οι
617 2387 899 2457 προφῆται
955 2387 1050 2440 καὶ
1083 2389 1109 2439 6
1146 2387 1312 2456 νόμος
1369 2386 1464 2438 τοῦ
1499 2387 1611 2454 (45)
1661 2399 1878 2456 προφη-

267 2482 444 2534 τεύειν
503 2480 610 2542 ἓως
670 2480 924 2534 Ἰωάννου
982 2481 1410 2551 προεφήτευσαν
1459 2481 1520 2532 ἐν
1575 2481 1875 2545 Ἰουδαίοις,

270 2574 366 2625 καὶ
410 2572 725 2635 τελευταῖος
755 2573 1046 2644 προφήτης
1074 2567 1239 2636 οὗτός
1280 2573 1433 2624 ἐστι⁹
1487 2571 1548 2624 τὸ
1586 2572 1772 2624 λοιπὸν
1799 2571 1876 2635 δὲ,

269 2665 448 2727 οὐδεὶς
499 2665 690 2736 ἕτερος
745 2667 930 2728 αὐτοῖς
982 2664 1384 2736 προφητεύσει,
1435 2667 1535 2718 καὶ
1559 2665 1667 2735 χρὴ
1698 2665 1878 2735 τούτῳ

269 2759 555 2814 πείθεσθαι
595 2761 838 2825 πάντως,
871 2759 946 2822 ὡς
973 2759 1301 2828 τελευταίῳ,
1343 2757 1520 2811 πολλὰ
1574 2759 1704 2828 περὶ
1740 2756 1877 2826 ἐμοῦ

274 2844 691 2923 μαρτυρήσαντι
739 2853 835 2904 καὶ
861 2851 1379 2922 νυμφαγωγήσαντί
1429 2868 1520 2919 μοι
1551 2853 1650 2912 τὰς
1691 2850 1878 2904 ἁπάν-

272 2964 382 3001 των
395 2947 604 3017 ψυχάςο
629 2947 754 2998 ἐπεὶ
784 2946 877 2998 καὶ
905 2944 1388 3005 Κατασκευὰζειν
1399 2943 1747 3011 ἔμπροσθέν
1758 2961 1876 3011 μου

273 3038 389 3107 τὴν
420 3036 566 3092 ὀδόν
587 3054 730 3106 μου,
767 3036 1063 3106 Μαλαχίας
1096 3037 1123 3088 ὁ
1165 3037 1459 3106 προφήτης
1506 3030 1663 3087 εἶπεν
1692 3034 1876 3088 αὐτόν.

340 3132 453 3186 Kal
516 3132 566 3184 ει
633 3132 760 3182 -ό
797 3128 1046 3197 μέλλων
1103 3129 1421 3196 ἔρχεσθαι.
1489 3125 1880 3196 Προσδοκῶσιν

283 3223 551 3283 Ἰουδαῖοι,
609 3222 737 3274 τότε
793 3221 888 3273 τὸν
951 3221 1192 3289 Χριστὸν
1252 3219 1453 3284 ἐλθεῖν,
1520 3219 1652 3272 ὅταν
1707 3217 1950 3310 ἐλθὼνο

271 3314 489 3380 Ἠλίας,
521 3313 816 3385 προδράμῃ
852 3314 952 3384 τῆς
1003 3312 1312 3383 παρουσίας
1368 3311 1558 3366 αὐτοῦ.
1616 3311 1727 3363 Καὶ
1770 3312 1880 3383 γὰρ

272 3410 386 3461 ἔστι
445 3406 760 3478 προφητεία
839 3405 1132 3476 Μαλαχίου
1203 3404 1486 3472 λέγουσα*
1541 3405 1881 3459 Ἀποστελῶ

273 3501 416 3571 ὑμῖν
457 3502 670 3556 Ἠλίαν
734 3500 841 3554 τὸν
903 3500 1226 3566 Θεσὸίτην,
1260 3498 1328 3565 ὃς
1382 3499 1882 3568 ἀποκαταστήσει

274 3592 530 3660 καρδίαν
559 3591 786 3659 πατρὸς
819 3589 969 3658 πρὸς
1000 3593 1156 3643 υἱον.
1193 3589 1304 3641 Kal
1332 3588 1518 3658 μέλλει
1546 3590 1645 3658 μὲν
1693 3589 1881 3652 Ἠλίας

281 3684 628 3755 προδραμεῖν
667 3681 769 3752 τῆς
795 3680 891 3734 τοῦ
937 3678 1181 3751 Χριστοῦ
1234 3677 1571 3750 παρουσίας,
1603 3676 1741 3730 ἀλλὰ
1778 3676 1882 3746 τῆς

279 3776 568 3846 δευτέρας.
609 3773 721 3841 Τῆς
762 3771 871 3840 γὰρ
899 3771 1128 3840 πρώτης
1169 3771 1197 3821 ὁ
1234 3769 1494 3839 Ἰωάννης
1536 3768 1878 3839 προέδραμε.

276 3871 443 3938 Φησὶ-ι
475 3862 573 3920 οὖν
607 3867 635 3918 6
659 3864 920 3935 Χριστὸς,
978 3863 1060 3917 ὅτι
1126 3862 1254 3915 Ἐὰν
1294 3861 1488 3933 Θέλητε
1536 3861 1820 3929 δέξασθαι,
1850 3863 1879 3916 ὃ

283 3961 463 4030 μέλλω
493 3960 588 4012 νῦν
624 3960 803 4012 είπετν
828 3973 841 3987 ·
905 3957 938 4028 ἧ
971 3954 1251 4022 δέξασθαι,
1285 3956 1406 4010 ἀντὶ
1430 3954 1550 4020 τοῦ,
1584 3956 1883 4027 Προσέχειν

279 4057 389 4115 τοῖς
426 4053 786 4124 πράγμασινο
829 4049 995 4113 αὑτός
1017 4051 1166 4102 ἐστιν
1208 4047 1319 4119 (46)
1364 4047 1555 4112 Ἠλίας
1595 4049 1624 4100 6
1667 4047 1882 4118 μέλλων

283 4143 570 4216 ἓρχεσθαι’
626 4142 791 4206 αὐτός
826 4143 998 4207 ἐστιν,
1034 4141 1110 4203 ὡς
1139 4141 1241 4209 τὴν
1290 4140 1466 4212 αὐτὴν
1511 4139 1663 4211 αὐτῷ
1693 4141 1882 4195 διακο-

279 4240 400 4294 νίαν
429 4237 630 4292 ἀνύων.
683 4237 900 4306 Ὠσπερ
951 4236 1062 4307 γὰρ
1111 4236 1349 4304 ἐκεῖνος,
1397 4233 1724 4304 προτρέχων
1776 4233 1878 4305 τῆς

280 4331 540 4403 δευτέρας
583 4347 688 4400 μου
746 4327 1080 4400 παρουσίας,
1138 4327 1463 4400 ἐπιστρέψει
1515 4327 1616 4391 τὰς
1654 4326 1883 4398 καρδίας

281 4425 389 4478 τῶν
420 4424 726 4496 τηνικαῦτα
806 4420 1085 4476 Ἰουδαίων
1113 4420 1256 4493 πρὸς
1322 4421 1451 4485 τοὺς
1507 4420 1879 4484 ἀποστόλους⁹

284 4519 520 4590 πατέρες
552 4518 663 4587 γὰρ
696 4517 743 4569 οἱ
788 4515 1041 4570 Ἰουδαῖοι
1071 4514 1181 4568 τῶν
1213 4514 1556 4569 ἀποστόλων·
1595 4513 1743 4567 οὓτω
1785 4513 1883 4567 καὶ

1977 2020 2034 2064 et
2062 2008 2246 2078 ipsum
2279 2010 2606 2078 prophetam
2653 2028 2667 2064 :
2721 2011 3128 2080 simulquoque
3172 2013 3402 2078 docens,
3433 2015 3580 2084 quod

1979 2099 2267 2155 advenerit
2292 2101 2405 2169 jam
2430 2102 2520 2169 qui
2547 2103 3003 2170 prophetahatur,
3040 2119 3142 2159 nec
3185 2105 3448 2176 deinceps
3472 2108 3580 2161 'al-

1983 2200 2160 2246 terum
2187 2203 2444 2261 oporteat
2475 2204 2816 2261 exSpcctare.

2051 2280 2148 2334 Est
2173 2290 2356 2334 autem
2395 2291 2448 2335 et
2487 2281 2590 2335 alia
2623 2283 2872 2351 quaedam
2897 2284 3190 2353 expositio,
3213 2284 3360 2354 quod
3388 2301 3584 2342 omnes

1980 2374 2310 2445 simpliciter
2339 2375 2626 2444 prolihetze
2657 2384 2712 2429 et
2742 2375 2827 2429 lex
2884 2378 3270 2445 proiihetandi,
3306 2394 3480 2449 usque
3512 2381 3583 2435 ad

1978 2466 2247 2523 Joannem
2289 2468 2500 2523 Judaei:
2554 2469 3036 2538 prophetaverant,
3089 2479 3146 2524 et
3204 2471 3294 2525 hic
3357 2473 3583 2526 ultimus

1982 2572 2068 2617 est
2120 2562 2518 2632 prophetarum
2563 2562 2866 2632 :dcinceps
2900 2577 3029 2616 vero
3077 2563 3265 2618 nullus
3322 2565 3460 2619 alius
3505 2565 3586 2620 eis

1982 2634 2359 2725 prephelahit.
2415 2653 2554 2708 Huic
2614 2669 2746 2724 ergo
2805 2656 2961 2725 quasi
3021 2666 3302 2725 postremo
3353 2658 3584 2714 omnino

1983 2751 2212 2803 credere
2250 2757 2492 2817 oportet,
2529 2749 2620 2817 qui
2651 2749 2822 2802 multa
2865 2753 2930 2804 de
2958 2764 3044 2803 me
3078 2759 3312 2806 testatus
3345 2761 3432 2807 est
3463 2769 3478 2806 :
3528 2767 3587 2809 et

1980 2841 2135 2896 venit
2171 2851 2228 2894 ut
2254 2841 2504 2894 onmium
2532 2843 2745 2896 animas
2804 2853 3064 2912 tanquam
3123 2861 3356 2915 sponsas
3385 2848 3454 2902 ad
3494 2863 3587 2904 me

1983 2932 2240 2987 adducat.
2301 2929 2436 2985 Nam
2462 2943 2516 2986 ct
2545 2932 2692 2987 hunc
2723 2933 3018 2989 Malachias
3048 2939 3319 3006 propheta
3354 2942 3586 2994 missum

1982 3026 2124 3080 dixit
2153 3024 2220 3090 ",
2264 3023 2337 3078 Ut
2362 3036 2648 3094 appararet
2682 3028 2820 3081 tiam
2853 3044 3024 3081 meam
3044 3040 3168 3084 ante
3197 3048 3300 3089 me.

2058 3116 2214 3171 γει-ε.
2252 3117 2342 3172 14.
2398 3115 2468 3169 Et
2515 3118 2561 3171 si
2597 3148 2664 3157 -—
2719 3128 2970 3172 venturus
3039 3131 3177 3174 erat.
3249 3121 3589 3193 Exspectant

1983 3212 2156 3270 Judaei
2189 3213 2473 3268 Christum
2513 3222 2644 3268 tunc
2679 3225 2974 3270 venturum
3010 3232 3135 3270 cum
3181 3220 3393 3274 venerit
3416 3219 3586 3285 Elias.

1987 3318 2048 3361 ut
2083 3315 2389 3377 prtecurrat
2448 3307 2748 3361 adventum
2805 3309 2946 3380 ejus.
3002 3309 3284 3365 Malachia:
3340 3328 3588 3383 namque

1987 3399 2282 3472 prophetia
2354 3407 2439 3455 est
2495 3417 2618 3470 qua:
2668 3401 2801 3455 dicit
2865 3420 2877 3455 :
2939 3401 3154 3456 Mittam
3213 3405 3354 3459 vobis
3405 3405 3588 3461 Etiam

1984 3492 2292 3563 Tltesbyten,
2326 3493 2417 3562 qui
2448 3494 2687 3547 restituet
2719 3496 3002 3564 co'ryatris
3029 3503 3100 3549 ad
3125 3497 3315 3566 ﬁlium.
3352 3497 3418 3553 Et
3437 3507 3589 3554 certe

1984 3594 2262 3640 venturus
2282 3594 2368 3639 est
2399 3585 2570 3649 Elias,
2601 3596 2659 3640 ut
2694 3597 2994 3656 praecurrat
3027 3586 3233 3643 Christi
3262 3591 3586 3657 adventum,

1983 3681 2080 3735 sed
2111 3680 2451 3746 secundum;
2491 3679 2734 3736 Joannes
2791 3697 3029 3751 namque
3079 3683 3315 3753 primum
3377 3700 3591 3754 ιιι-αξτυ-

1984 3771 2177 3827 currit.
2211 3771 2350 3826 Dicit
2377 3786 2508 3842 ergo
2535 3770 2788 3827 Christus
2822 3791 2834 3827 :
2869 3771 2924 3826 Si
2967 3773 3138 3826 vultis
3164 3775 3412 3843 recipere
3443 3777 3590 3845 quod

1985 3863 2233 3919 futurum
2267 3879 2389 3919 esse
2414 3865 2624 3920 dictum
2661 3877 2746 3920 est
2805 3865 2873 3920 de
2928 3865 3033 3922 hoc
3092 3875 3344 3941 tempore
3399 3887 3412 3924 :
3471 3871 3592 3925 sive

1985 3960 2291 4029 suscipere,
2353 3957 2407 4012 id
2454 3966 2540 4014 est
2597 3960 2763 4015 rebus
2829 3960 3076 4015 animum
3130 3963 3438 4025 advertere,
3476 3963 3595 4032 ipsc

1985 4057 2070 4105 est
2127 4050 2277 4104 Elias
2305 4048 2400 4119 qui
2452 4057 2735 4105 venturus
2800 4061 2940 4117 erat,
2984 4060 3173 4122 utpote
3227 4053 3404 4122 ipsum
3443 4053 3592 4108 illius

1985 4143 2358 4199 ministerium
2390 4140 2708 4214 perficiens.
2735 4141 2894 4197 Sicut
2940 4143 3087 4199 enim
3130 4144 3222 4200 ille
3286 4147 3588 4200 secundum

1985 4248 2174 4289 meum
2263 4233 2566 4288 adventum
2619 4247 2987 4302 praecurrens,
3054 4243 3346 4290 convertet
3424 4237 3591 4290 corda

1985 4326 2304 4383 Iudaeorum
2369 4324 2516 4380 illius
2579 4325 2846 4396 temporis
2901 4326 2970 4380 ad
3038 4329 3343 4396 apostolos,
3405 4339 3592 4399 patres

1987 4415 2261 4487 siquidem
2315 4414 2691 4486 apostolorum
2761 4424 2893 4468 sunt
2941 4413 3114 4470 Judaei
3172 4434 3185 4470 :
3245 4415 3320 4469 ita
3382 4427 3438 4472 et
3505 4417 3595 4473 hic

1987 4510 2283 4574 convertit,
2365 4522 2718 4579 praecurrens
2810 4524 2994 4564 meum
3050 4509 3373 4574 adventum,
3423 4513 3591 4566 corda

283 4605 461 4675 οὗτος,
532 4611 856 4682 προτρέχων
926 4611 1028 4680 τῆς
1085 4607 1314 4677 πρώτης
1377 4624 1479 4677 μου
1545 4606 1878 4677 παρουσίας,

1987 4619 2178 4659 eorum
2199 4602 2305 4682 lqui
2357 4601 2623 4658 credituri
2684 4613 2813 4656 sunt
2879 4599 3194 4657 Judaeomm
3255 4603 3322 4658 ad
3355 4619 3442 4657 me
3496 4603 3590 4673 qui

284 4706 612 4775 ἐπιστρέφει
674 4702 772 4766 τὰς
831 4700 1063 4773 καρδίας
1108 4700 1221 4753 τῶν
1257 4699 1566 4770 μελλόντων
1594 4697 1876 4752 πιστεύειν

296 4796 566 4852 Ἰουδαίων
625 4795 765 4867 πρὸς
817 4794 942 4866 ἐμὲ,
999 4793 1094 4847 τὸν
1126 4792 1247 4846 υίὸν
1287 4790 1491 4847 αὐτῶν.
1551 4792 1708 4843 Κατὰ
1767 4790 1876 4858 γὰρ

281 4891 382 4962 τὴν
409 4888 830 4961 ἐνανθρώπησιν
858 4886 918 4952 ἐξ
945 4887 1218 4940 Ἰουδαίων
1251 4888 1278 4939 ὁ
1305 4883 1544 4955 Χριστὸς
1576 4883 1875 4954 κατήγετο.

287 4985 395 5038 Καὶ
432 4980 626 5054 ὥσπερ
651 4982 679 5034 6
718 4979 945 5050 πρῶτος
1021 4978 1236 5044 Ἠλίας,
1264 4976 1518 5046 δεύτερος
1569 4975 1877 5046 πρόδρομος

285 5078 531 5150 λέγεται’
566 5071 712 5128 οὕτω
734 5073 799 5143 δὴ
824 5073 916 5125 xal
947 5072 975 5124 6
1004 5070 1222 5141 πρῶτος
1249 5069 1589 5139 πρόδρομος.
1623 5066 1881 5136 δεύτερος

303 5171 485 5232 Ἠλίας
517 5165 1011 5238 προσαγορεύεται,
1071 5163 1159 5216 διὰ
1211 5161 1333 5232 τὴν,
1364 5162 1440 5225 ὡς
1469 5161 1692 5229 εἴρηται
1742 5159 1882 5230 (47),

290 5264 482 5332 ὁμοίαν
517 5258 819 5314 διακονίαν.

359 5359 400 5389 ⁸⁷
441 5356 598 5412 Joan.
630 5372 667 5420 t,
693 5353 789 5410 29.
868 5353 912 5385 ⁸⁸
941 5352 1170 5406 llalacn.
1207 5366 1290 5416 tu,
1326 5350 1374 5405 ί.

1985 4711 2109 4753 sum
2169 4672 2315 4750 [illius
2369 4710 2587 4751 eorum.
2645 4690 2780 4747 Nam
2839 4695 3141 4749 secundum
3192 4696 3594 4751 humanitatem

1985 4788 2238 4844 Christus
2265 4803 2295 4842 a
2323 4787 2529 4843 Judaeis
2559 4786 2864 4841 descendit.
2902 4787 2968 4841 Et
2988 4785 3133 4842 sicut
3172 4789 3384 4857 primus
3422 4787 3588 4855 Elias,

1989 4882 2271 4939 secundus
2322 4895 2632 4951 praecursor
2695 4881 2920 4947 dicitur,
2956 4881 3032 4934 ita
3082 4895 3217 4935 sane
3268 4889 3325 4935 et
3377 4881 3592 4950 primus

1988 4988 2320 5046 prtecursor,
2367 4973 2645 5028 secundus
2689 4972 2834 5026 Elius
2854 4974 3158 5044 appellatur
3185 4983 3410 5044 propter
3439 4972 3592 5027 simis

1990 5069 2041 5124 le
2081 5068 2472 5134 ministerium,
2514 5077 2574 5123 ut
2600 5067 2804 5123 dictum
2839 5077 2939 5121 est.

1492 5419 1701 5482 Variae
1741 5415 2056 5480 lectiones
2093 5420 2157 5475 et
2191 5420 2383 5474 no'ze.

363 5534 476 5606 (44)
508 5533 623 5606 καί,
655 5545 755 5601 pro
781 5530 876 5590 ὼς.
1127 5598 1138 5606 _
1287 5595 1298 5606 .
1322 5595 1336 5606 ‘
1387 5604 1391 5606 Α
1505 5596 1520 5606 _
1597 5596 1608 5606 _
1865 5593 1876 5604 .

527 5595 1212 5677 Italiquoquclientenius
1253 5595 1468 5677 videtur
1505 5596 1743 5665 legisse,
1785 5595 1878 5664 qui

294 5669 638 5746 proph'etandi
668 5669 850 5746 habet.
888 5671 1110 5735 Minime
1135 5677 1320 5746 autem
1359 5669 1413 5720 in
1441 5679 1882 5746 copossumac-

295 5739 598 5817 quiescere.
649 5745 838 5817 Credo
868 5756 998 5817 ergo
1039 5751 1134 5817 aut
1182 5740 1265 5803 τό,
1313 5747 1409 5792 aut
1453 5739 1530 5807 τῷ
1591 5739 1880 5817 legendum

295 5813 434 5875 esse.
468 5819 586 5871 loco
609 5813 727 5869 τοῦ.
760 5814 849 5884 Τῷ
870 5814 998 5883 quid
1023 5813 1114 5876 sit,
1143 5826 1240 5880 per
1262 5826 1320 5865 se
1354 5819 1601 5884 apparet.
1631 5813 1880 5861 Alterum

296 5902 476 5946 autem
530 5887 603 5942 ita
637 5887 796 5957 capio
824 5881 972 5938 ἐὯί
1005 5883 1291 5953 προφῆται
1336 5899 1427 5933 και
1463 5883 1489 5933 6
1518 5881 1685 5950 νόμος
1721 5893 1884 5948 προε-

1981 5521 2265 5590 φήτευσαν
2297 5517 2359 5568 τὸ
2395 5513 2792 5590 προφητεύειν.
2832 5527 2867 5590 t.
2919 5510 3107 5590 ειη-τὸ
3139 5513 3594 5590 προφητςμθῆναι

1980 5582 2086 5654 ἕως
2118 5587 2396 5642 Ἰωάννου.
2441 5582 2749 5647 ’Ἐλθόντος
2786 5585 2898 5653 γὰρ
2947 5582 3041 5636 τοῦ
3077 5582 3590 5655 προφητευοέντος,

1981 5663 2037 5714 ὃν
2100 5660 2264 5722 αὐτὸς
2349 5656 2904 5726 ἐδακτυλοδείκτησεν
2962 5657 2989 5707 6
3057 5656 3351 5728 Ἰωάννης,
3405 5657 3593 5714 οὐκέτι

1981 5731 2148 5804 male
2177 5729 2549 5804 799997115“;

2062 5802 2175 5872 (t6)
2212 5796 2420 5863 Ἠλίας,
2451 5797 2657 5872 omittit
2681 5796 2744 5851 Β.

2060 5870 2172 5946 (Η)
2196 5872 2410 5942 ὁμοίαν,
2435 5870 2509 5933 ὡς
2546 5873 2783 5940 εῐρηται.
2816 5870 2880 5923 Λ.
