4020 6530
487 484 596 549 355

558 591 711 648 Vera.
750 590 834 647 15.
856 588 958 655 Qui
982 617 1053 631 -—
1089 585 1298 640 audiat.
1326 584 1493 639 Aures
1523 597 1669 637 nunc
1726 581 1860 637 dicit
1886 579 2050 634 intel-
2084 591 2129 645 Α

484 682 771 756 ligibiles:
840 693 1032 737 omnes
1098 676 1367 746 siquidem
1441 674 1717 730 auditores
1787 670 2062 725 habebant

484 774 795 831 sensibiles.
830 769 973 825 Dicit
1008 774 1240 823 autem:
1275 764 1383 832 Qui
1433 765 1601 820 habet
1619 776 1779 817 aures
1802 761 2059 832 intelligi-

482 867 626 923 hiles
644 865 714 921 ad
743 860 1179 934 intelligendum,
1221 857 1489 930 intelligat
1515 855 1659 926 quod
1699 854 1911 910 dictum
1951 861 2057 918 est.

483 956 788 1028 putsquod
805 954 1045 1010 Joannes
1078 952 1147 1007 sit
1174 951 1352 1019 Elias;
1410 949 1694 1006 videbatur
1735 946 1881 1003 enim
1927 945 2061 1001 aani-

481 1047 647 1116 gntati
671 1043 871 1099 simile.
964 1041 1099 1096 Nam
1159 1038 1589 1097 demonstrando
1630 1036 1777 1108 quod
1819 1036 2059 1093 Joannes

480 1148 625 1192 esset
646 1134 813 1197 Elius,
843 1134 1008 1189 simul
1027 1148 1245 1203 quoque
1271 1133 1745 1188 demonstraverat
1774 1128 2061 1185 advenisse

478 1230 777 1282 Christum.
844 1227 1044 1282 Dicens
1106 1210 1340 1281 autem:
1392 1223 1496 1289 Qui
1549 1223 1701 1276 habet
1764 1236 1921 1275 aures
1988 1219 2060 1273 ad

477 1318 805 1371 audiendum
843 1318 1051 1381 audiat,
1075 1316 1277 1371 excitat
1292 1330 1389 1370 eos
1416 1315 1484 1369 ad
1515 1313 1965 1385 interrogandum
1990 1310 2058 1366 de

476 1427 543 1465 eo
585 1413 730 1479 quod
764 1408 992 1479 anigma
1018 1407 1323 1465 videbatur.

550 1502 707 1569 Vers.
773 1500 861 1554 l6.
920 1497 1019 1553 Cui
1074 1527 1141 1540 -
1220 1499 1396 1552 hanc!
1469 1497 1647 1553 Lucas
1695 1497 1899 1553 habet:
1959 1496 2059 1551 Cui

472 1592 784 1645 assimitabo
815 1591 1049 1645 homines
1074 1591 1424 1660 generationis
1446 1590 1606 1657 huius
1627 1592 1672 1621 δ’
1695 1588 2058 1645 iAssimilabo

478 1701 631 1746 vero,
665 1685 716 1739 id
748 1692 834 1738 est
867 1682 1234 1753 Comparabo.
1264 1680 1392 1735 Vult
1426 1691 1606 1736 autem
1670 1696 1791 1736 esse
1842 1680 2058 1736 diﬁcile

471 1775 806 1829 convincere
832 1773 1075 1827 Judzeos.

545 1861 703 1915 Vers.
740 1860 826 1914 16.
862 1859 1069 1914 Similis
1101 1889 1169 1901 —
1200 1859 1330 1912 suis.
1364 1857 1613 1913 Puerulis
1639 1856 1854 1913 Judzeos
1910 1874 2059 1914 com-

1714 472 2089 534 EUTHYMII
2134 469 2497 531 ZIGABENI

3629 468 3740 532 356

2238 578 2293 630 '0
2314 577 2472 646 ἔχων
2516 604 2586 615 —-
2631 573 2917 630 ἀκουέτω.
2968 572 3108 628 Ὦτα
3157 573 3325 644 νοητὰ
3382 572 3532 642 λέγει
3597 575 3692 628 νῦν
3723 595 3738 608 ο

2160 668 2397 737 αἰσθητά
2445 667 2557 737 γάρ
2603 666 2807 727 πάντες
2864 660 3014 735 εἶχον
3068 665 3120 717 οι
3170 664 3541 737 ἀκροώμενοι.
3598 667 3741 739 Φησὶ

2156 762 2213 816 δὶ
2236 760 2347 833 (ιε)
2374 761 2458 813 ὅτι
2496 760 2526 812 δ
2552 758 2691 830 ἔχων
2714 751 2830 811 ὦτα
2875 758 3041 827 νοητά
3075 759 3157 822 εἰς
3205 758 3268 811 τὸ
3301 759 3571 827 συνιέναι,
3608 776 3739 814 συν-

2162 853 2290 908 ιάτω
2320 854 2383 906 τὸ
2428 851 2615 922 ρηθδν,
2646 852 2838 923 ἧγσυν,
2864 850 2985 912 πῶς
3021 852 3168 903 εστιν
3200 850 3384 914 Ἠλίας
3405 853 3433 903 δ
3463 850 3741 919 Ἰωάννης.

2170 943 2387 999 Ἐδόκει
2416 946 2528 1013 γάρ
2581 942 2870 1013 αίνίγματι
2902 942 3123 1011 ὅμοιον,
3170 940 3462 1007 ἀποδείξας
3506 942 3604 1011 μιν
3650 940 3745 995 οὖν

2170 1036 2377 1103 Ἠλίαν,
2408 1036 2502 1090 τὸν
2536 1035 2814 1104 Ἰωάννην,
2840 1031 3218 1097 συναπέδειξε,
3254 1032 3349 1085 καὶ
3378 1033 3461 1085 ὅτι
3496 1033 3746 1103 παραγέ-

2156 1145 2318 1196 γονεν
2334 1131 2364 1183 6
2381 1128 2639 1198 Χριστός.
2654 1124 2841 1179 Elui-tv
2854 1125 2935 1191 δὲ,
2955 1124 3039 1178 δτι
3073 1122 3136 1177 Ὀ
3161 1125 3318 1193 ἔχων
3335 1119 3457 1185 ὦτα
3475 1124 3744 1186 ἀκούειν,

2156 1216 2440 1283 ἀκουέτω,
2497 1216 2771 1285 διήγειρεν
2810 1214 3011 1277 αὐτοὺς
3045 1213 3125 1275 εἰς
3176 1213 3239 1265 τὺ
3284 1212 3565 1285 ιρωτῆσαι
3615 1212 3748 1284 περὶ

2155 1310 2253 1363 τοῦ
2286 1308 2572 1371 δοκοῦντος
2613 1306 2960 1375 αἰνίγματος.

2237 1486 2359 1541 Tlrt
2392 1514 2462 1524 —
2496 1485 2759 1551 tadtnr;
2812 1481 2872 1535 '0
2892 1481 2948 1535 δὲ
2980 1483 3234 1545 Λουκᾶς’
3304 1482 3426 1537 Τίνι
3473 1482 3744 1552 ὁμοιώσω

2158 1578 2301 1644 τοὺς
2328 1575 2683 1644 ἀνθρώπους
2696 1573 2806 1642 τῆς
2832 1571 3045 1643 γενεᾶς
3074 1574 3301 1639 ταύτης
3323 1588 3342 1637 ;
3368 1573 3744 1642 -Ὀμοιώσω

2158 1672 2235 1733 δὲ,
2272 1670 2393 1723 άντὶ
2436 1666 2555 1727 τοῦ,
2600 1666 2959 1733 Παρεικάσω.
3006 1666 3269 1718 Βούλεται
3318 1664 3465 1717 δὲτὸ
3508 1666 3743 1733 δυσάρε-

2161 1778 2283 1816 στον
2308 1760 2527 1828 ἐλέγξαι
2548 1758 2656 1811 τῶν
2700 1758 2993 1811 Ἰουδαίων.

2239 1854 2445 1925 Ὀμοία
2476 1882 2545 1894 -
2574 1850 2793 1905 αὐτῶν.
2839 1850 3080 1911 Παιδίοις
3109 1848 3235 1911 τοὺς
3279 1846 3568 1905 Ἰουδαίους
3599 1862 3742 1917 παρ-

470 1954 707 2024 paravit,
740 1961 965 2022 propter
988 1966 1176 2005 eorum
1212 1950 1604 2019 insipientiam.
1638 1952 1838 2005 Forum
1871 1959 2052 2004 autem

2165 1947 2383 2009 εἴκασε,
2440 1946 2529 1999 διὰ
2564 1945 2664 2015 τὴν
2697 1940 3015 2011 ἀφροσύνην
3041 1939 3245 1993 αὐτῶν.
3310 1938 3510 2009 Ἀγορά
3540 1939 3598 1993 δέ
3628 1940 3745 1991 ἐστι

470 2048 623 2101 locus
657 2052 741 2097 est
786 2042 1033 2113 publicus
1094 2042 1150 2097 in
1206 2056 1368 2111 quem
1444 2042 1737 2096 multitudo
1812 2042 2051 2111 undique

468 2134 696 2191 conﬂuit
752 2133 1144 2205 negotiationis
1204 2134 1395 2204 gratia.
1438 2133 1835 2190 Consodalibus
1897 2148 2052 2207 vero,

474 2227 580 2281 hoc
610 2237 696 2281 est
753 2225 947 2280 amicis
1013 2226 1129 2280 suis
1186 2244 1205 2280 :
1256 2235 1313 2280 et
1354 2226 1593 2301 seipsum
1636 2242 1699 2280 ac
1755 2225 2053 2294 Baptistam

469 2316 745 2385 intelligit,
774 2313 973 2385 quibus
1006 2315 1380 2370 acelamabant
1438 2315 1552 2369 sive
1604 2315 2055 2385 colloquebantur

464 2404 658 2459 Judaei.

538 2495 693 2552 γει-ε.
730 2498 817 2552 l7.
865 2496 931 2551 Et
958 2526 1029 2537 -
1053 2496 1355 2564 planxistis.
1388 2494 1583 2549 Dicunt
1625 2494 1869 2564 praedicti
1917 2509 2050 2550 con-

466 2587 745 2643 sodalibus
777 2590 893 2642 suis
924 2604 938 2641 :
984 2587 1127 2641 Tibia
1176 2586 1459 2641 cecinimus
1487 2585 1648 2649 vobis,
1682 2595 1790 2640 etc.
1842 2585 2054 2640 Habent

466 2687 649 2732 autem
700 2678 846 2733 hunc
898 2694 1120 2733 sensum
1176 2676 1584 2733 :Ostendimus
1624 2678 1777 2731 vobis
1830 2677 2049 2731 facilem

466 2770 690 2824 vivendi
758 2786 1008 2824 normam
1049 2779 1147 2834 ,ct
1207 2784 1316 2823 non
1373 2768 1605 2839 placuit;
1664 2784 1727 2823 ac
1778 2767 2051 2823 didicilem

468 2872 526 2914 ct
578 2876 771 2915 rursus
822 2862 1119 2931 displicuit.
1160 2860 1316 2915 Tibia
1369 2875 1607 2929 namque
1668 2860 1787 2915 laeta
1853 2876 2052 2915 canere

464 2950 628 3004 facile
660 2960 743 3005 est
764 2968 777 3015 ;
798 2950 1047 3021 lugubria
1080 2966 1209 3005 vero
1232 2966 1451 3015 canere,
1473 2950 1708 3005 diillcile.
1734 2948 1801 3006 Et
1834 2966 2051 3006 rursum

464 3044 691 3108 saltare,
722 3042 899 3098 altero
930 3042 1051 3098 lana
1079 3051 1313 3098 canente
1363 3042 1492 3097 tibia
1516 3081 1531 3107 ,
1591 3041 1823 3097 delectat
1851 3060 1865 3097 :
1895 3044 2049 3098 simi-

468 3134 596 3187 liter
628 3134 886 3205 plangere
923 3135 1039 3190 sive
1066 3136 1277 3207 lugere,
1310 3134 1496 3205 aliquo
1532 3136 1784 3206 lugubria
1818 3146 2051 3191 canente

468 3229 795 3298 complacet.
855 3227 1060 3285 Deinde
1086 3228 1329 3285 subdens
1358 3229 1753 3299 interpretatur
1790 3230 2048 3299 praedicta

468 3317 658 3375 dicens
691 3339 706 3375 :

536 3498 694 3553 Vers.
735 3498 824 3554 18.
864 3498 1015 3554 Venit
1040 3530 1107 3541 -
1142 3498 1299 3555 Vers.
1326 3499 1409 3554 i9.
1431 3499 1791 3568 peccatorum.
1825 3497 2056 3555 Joannis

466 3591 690 3646 vivendi
719 3591 914 3646 modus
934 3590 1164 3646 dimcilis
1187 3601 1305 3646 erat
1336 3601 1389 3646 et
1432 3607 1624 3662 asper;
1679 3609 1858 3663 neque
1908 3594 2053 3648 enim

465 3700 661 3754 panem
699 3685 915 3745 edebat,
947 3699 1125 3753 neque
1156 3687 1344 3737 vinum
1380 3684 1599 3738 bibebat
1628 3702 1642 3737 :
1693 3683 1903 3739 Christi
1924 3703 2055 3742 vero

466 3777 645 3830 facilis
682 3791 747 3829 ac
778 3776 935 3841 levis,
966 3791 1163 3844 panem
1214 3775 1485 3845 siquidem
1537 3776 1735 3831 edebat
1760 3776 2056 3848 vinumque

464 3866 733 3920 bibebat:
790 3876 845 3920 et
879 3878 1038 3919 erant
1073 3866 1309 3919 invicem
1368 3867 1661 3921 contrariae
1712 3867 1797 3922 bat
1841 3869 2057 3924 vivendi

467 3958 739 4020 rationes,
784 3956 1035 4010 neutrius
1060 3964 1239 4009 tamen
1283 3958 1629 4013 conversatio
1676 3958 1899 4029 placuit.
1949 3958 2055 4015 Sed

462 4045 740 4101 Joannem
768 4044 992 4114 quidem
1026 4052 1249 4113 propter
1277 4059 1551 4112 escarum,
1606 4047 1829 4116 vinique
1881 4048 2055 4103 absti-

467 4139 743 4201 nentiam,
788 4138 1120 4191 daemonium
1176 4136 1380 4191 habere
1422 4136 1721 4203 dicebant;
1774 4136 2051 4195 Christum

465 4248 621 4297 vero,
658 4232 805 4303 quod
827 4233 1018 4288 ederet
1053 4246 1115 4285 ac
1138 4231 1371 4297 biberet,
1405 4233 1785 4297 comrdonem,
1836 4234 2055 4305 vinique

467 4334 722 4396 potorem
747 4325 1116 4380 nominabant
1148 4344 1160 4379 :
1194 4339 1509 4393 quanquam
1537 4326 1827 4380 manifeste
1859 4326 2053 4381 horum

465 4415 773 4469 calumnias
805 4428 916 4466 non
952 4412 1246 4482 scripserit
1302 4414 1667 4483 evangelista,
1726 4425 2054 4483 praesentem

474 4520 787 4560 sermonem
827 4504 1126 4557 arbitratus
1180 4503 1449 4559 sulllcere.

536 4594 1014 4662 Quemadmodum
1038 4594 1185 4647 enim
1205 4594 1313 4650 duo
1336 4607 1646 4664 venatores,
1670 4597 1871 4653 animal
1888 4612 2048 4670 captu

2078 4640 2131 4699 D

2162 2039 2326 2099 τόπος
2370 2036 2651 2106 δημόσιος.
2683 2034 2743 2085 ὲν
2790 2025 2835 2100 ᾧ
2867 2034 2934 2086 τὰ
2979 2031 3162 2102 πλήθη
3213 2030 3553 2100 πανταχόθεν
3612 2032 3745 2101 συρο

2163 2128 2401 2197 ῥέουσιν,
2449 2124 2721 2194 ἰμπορίας
2772 2123 2960 2193 χάριν.
3006 2116 3295 2193 Ἐταίρους
3345 2121 3423 2182 δὲ,
3469 2121 3743 2183 τουτέστι,

2162 2213 2351 2284 φίλους
2410 2211 2612 2275 αὐτῶν,
2660 2211 2811 2279 λίγει
2868 2211 3081 2275 ἑαυτὸν,
3149 2212 3242 2263 καὶ
3296 2209 3387 2264 τὸν
3437 2200 3749 2279 Βαπτιστὴν

2174 2306 2457 2369 Ἰωάννην,
2491 2297 2574 2366 οἷς
2598 2303 3021 2375 προσεςεώνουν,
3063 2302 3266 2366 εῑτουν,
3329 2302 3659 2355 συνελάλουν
3698 2305 3744 2354 οἱ

2174 2396 2417 2449 Ἰουδαῖοι
2427 2434 2440 2447 .

2233 2486 2346 2540 Καὶ
2385 2516 2456 2530 -υ-
2498 2487 2828 2555 etadd-atrae.
2870 2487 2981 2540 Καὶ
3031 2486 3251 2554 λέγουσι
3290 2488 3405 2549 τοῖς
3454 2484 3747 2555 δηλωθεῖσι

2159 2576 2397 2639 παιδίοις
2428 2578 2476 2629 οἱ
2506 2578 2734 2630 τοιοῦτοι
2762 2579 2967 2649 ἑταῖροι
3007 2578 3211 2643 αὐτῶν,
3245 2580 3325 2632 ὅτι
3369 2578 3743 2646 Ηύλήσαμεν

2158 2666 2320 2735 ὑμῖν.
2368 2666 2469 2719 καί
2520 2670 2632 2721 οὐκ
2685 2667 3065 2737 ὠρχήσασθε,
3126 2668 3548 2737 ἐθρηνήσαμεν
3573 2665 3742 2736 ὑμῖν,

2160 2760 2259 2815 καί
2295 2762 2408 2814 οὐκ
2464 2761 2796 2829 ἐκόψασθε.
2858 2761 3044 2815 Ταῦτα
3078 2760 3157 2827 δὲ,
3187 2761 3445 2830 τοιαύτην
3478 2760 3595 2831 ἔχει
3628 2759 3744 2812 διά·

2160 2869 2311 2905 νοιαν
2333 2869 2348 2884 ο
2381 2853 2461 2909 δτι
2486 2852 2879 2923 ἐπεδειξάμεθα
2909 2855 3041 2924 ὑμῖν
3079 2854 3358 2907 πολιτείαν
3390 2855 3738 2923 εὐπρόσιτον,

2159 2947 2258 2999 κα).
2308 2946 2411 2999 οὐκ
2463 2944 2780 3015 ἡρέσθητε·
2847 2945 2943 2998 καὶ
3003 2944 3390 3014 δυσπρόσιτον,
3446 2945 3537 2998 καὶ
3574 2944 3741 2997 πάλιν

2160 3040 2261 3093 οὐκ
2319 3038 2616 3111 ἠρέσθη-τε.
2650 3039 2723 3094 Τὸ
2758 3041 2857 3111 μὲν
2896 3044 2956 3107 γὲ
2977 3057 3007 3111 ρ
3053 3041 3257 3105 αὐλειν,
3277 3039 3600 3114 εὐπρόσιτον
3630 3056 3645 3069 ν
3674 3041 3736 3091 τὸ

2156 3134 2214 3187 δὲ
2246 3131 2485 3203 θρηνεῖν,
2548 3133 2927 3202 δυσπρόσιτον.
2980 3132 3092 3187 Καὶ
3150 3131 3307 3196 αὖθις
3345 3133 3373 3183 δ
3406 3130 3739 3202 ὀρχούμενός

2157 3241 2217 3276 τε
2262 3222 2555 3286 αὐλοῦντος
2612 3241 2759 3288 τινος
2807 3223 3107 3295 ἀρέσκεται
3139 3224 3236 3277 καὶ
3286 3223 3315 3275 ὁ
3374 3224 3738 3292 κοπτόμενος,

2077 3291 2123 3353 C
2156 3315 2336 3369 εἷτουν
2374 3315 2598 3382 κλαίων,
2642 3291 2975 3389 θρηνοῦντος
3020 3332 3167 3381 τινος
3233 3315 3550 3387 ἀρέσκεται.
3603 3309 3741 3368 Εἶτα

2158 3408 2524 3479 ἱφερμηνεύει
2579 3412 2647 3463 τά
2693 3410 2930 3481 ρηθέντα
2965 3409 3142 3479 λέγων
3185 3425 3203 3441 ο

2231 3498 2414 3557 Ἦλθε
2466 3530 2537 3541 --
2586 3502 2977 3572 ἁμαρτωλῶν.
3060 3502 3123 3554 Ἢ
3178 3501 3277 3571 μὲν
3324 3500 3419 3553 τοῦ
3488 3501 3738 3554 Ἰωάννου

2161 3592 2366 3659 δίαιτα,
2420 3594 2789 3664 δυσπρόσιτος
2826 3595 2922 3647 καὶ
2954 3594 3220 3665 τραχεία·
3254 3592 3377 3646 οὕτε
3417 3591 3743 3663 γὰρ.ησθιεν

2157 3688 2345 3759 ἆρτον,
2378 3687 2502 3741 οὔτε
2537 3689 2721 3741 ἔπινεν
2756 3683 2900 3741 οἶνον
2922 3704 2933 3717 ’
2954 3688 3059 3757 ἡδὲ
3077 3687 3169 3740 τοῦ
3208 3685 3468 3754 Χριστοῦ,
3495 3686 3741 3753 εὐπρόσ-

2160 3794 2268 3840 ιτος
2289 3774 2607 3848 καὶδμαλή.
2654 3776 2719 3829 Τί
2740 3777 2888 3848 γάρς
2936 3774 3123 3845 ήσθιεν
3192 3778 3376 3845 ἄρτον,
3411 3781 3507 3827 καὶ
3556 3775 3741 3827 ἔπινεν

2158 3865 2339 3922 οἶνον·
2401 3870 2497 3921 καὶ
2554 3865 2697 3939 ἦσαν
2752 3868 2849 3937 μὲν
2896 3867 3157 3936 ἀλλήλαις
3197 3868 3439 3919 δναντίαι
3490 3863 3648 3921 αὗταί
3681 3870 3741 3919 αἱ

2157 3958 2383 4012 δίαιται.
2439 3956 2726 4026 Οὑδετέρῳ
2758 3955 2813 4008 δὲ
2841 3955 2949 4008 τῶν
2978 3954 3124 4008 οὕτω
3179 3955 3553 4025 διαιτωμένων
3608 3956 3745 4025 ἡρέ-

2161 4065 2386 4103 σκοντοο
2445 4047 2584 4101 ἀλλὰ
2631 4046 2723 4101 τὸν
2792 4047 3050 4118 Ἰωάννην
3110 4046 3232 4115 μὲν,
3266 4046 3358 4099 διὰ
3386 4046 3487 4115 τὴν
3523 4046 3743 4099 ἀσιτίαν

2158 4140 2255 4194 καὶ
2278 4140 2510 4205 ἀοινίαν,
2536 4139 2812 4208 δαιμόνιον
2840 4138 2985 4209 ἔχειν
3022 4138 3210 4205 ελεγον
3230 4154 3244 4169 ·
3277 4137 3366 4191 τὸν
3391 4137 3447 4191 δὲ
3481 4138 3741 4208 Χριστὸν,

2157 4234 2245 4288 διά
2298 4233 2360 4285 τὸ
2422 4233 2603 4287 ἐσθίεν
2661 4233 2751 4285 καὶ
2808 4232 2983 4284 πίνειν
3015 4273 3030 4296 ,
3090 4232 3263 4301 φάγον
3320 4233 3414 4284 καὶ
3452 4234 3742 4301 οἰνοπότην

2156 4323 2461 4396 ὠνόμαζον,
2508 4326 2559 4377 εί
2606 4326 2699 4377 καὶ
2746 4326 2820 4395 μὴ
2858 4326 3039 4394 ῥητῶς
3088 4324 3188 4388 τὰς
3220 4324 3478 4387 διαὸολὰς
3534 4322 3744 4376 τούτων

2158 4418 2468 4489 ἀνέγραψεν
2521 4420 2549 4471 ὁ
2614 4417 3049 4489 εὐαγγελιστὴς,
3119 4419 3349 4489 νομίσας
3410 4418 3599 4471 άοκεϊν
3650 4415 3745 4471 τὸν

2158 4511 2411 4582 παρόντα
2438 4510 2617 4579 λόγον.

2229 4604 2441 4673 Ὠσπερ
2480 4605 2587 4674 γάρ
2615 4602 2711 4657 δύο
2754 4602 3039 4674 θηρευταὶ,
3079 4602 3217 4667 ζῶον
3262 4600 3601 4670 δυσθήρατον
3629 4599 3741 4669 (49)

467 4688 686 4745 dillicile
721 4688 908 4742 venari
941 4696 1225 4755 conantes,
1279 4689 1422 4757 quod
1455 4690 1587 4744 solis
1617 4690 1832 4745 duobus
1876 4692 2051 4746 modis

2164 4695 2305 4748 ἑλεῖν
2342 4694 2693 4760 σπεύδοντες,
2742 4697 2807 4749 ὲκ
2834 4694 2928 4748 δύο
2971 4694 3151 4763 μόνων
3189 4692 3437 4756 διεξίδων
3467 4690 3745 4761 θηρευθῆ-

468 4778 588 4848 rapi
642 4786 827 4847 potest
849 4778 951 4833 sibi
986 4788 1177 4834 mutuo
1208 4781 1499 4836 contrariis
1524 4825 1540 4849 ,
1597 4782 1904 4839 dividentes
1953 4788 2052 4841 hos

468 4869 611 4922 inter
632 4881 711 4931 se,
742 4877 801 4920 ut
828 4867 1062 4922 alterum
1088 4870 1319 4939 quisque
1344 4872 1527 4943 eligat,
1552 4874 1807 4944 opposito
1828 4877 2050 4946 quidem

466 4960 610 5013 inter
626 4974 683 5013 se
699 4958 930 5013 invicem
952 4960 1111 5015 modo
1129 4972 1398 5018 venantur
1419 4982 1434 5020 :
1454 4964 1597 5021 idem
1614 4977 1798 5023 tamen
1820 4967 2046 5024 faciunt.

469 5050 546 5105 lta
579 5065 797 5119 quoque
816 5050 906 5106 hic
935 5051 1261 5121 dispositum
1286 5064 1390 5122 est,
1428 5064 1488 5111 ut
1535 5056 1775 5114 Joannes
1827 5060 2048 5130 quidem

470 5144 749 5197 duriorem
782 5138 1002 5198 vivendi
1028 5147 1269 5217 regulam
1336 5148 1582 5216 haberet,
1620 5151 1871 5209 Christus
1924 5170 2055 5211 vero

471 5233 777 5289 molliorem
804 5251 816 5287 :
850 5244 909 5289 ut
929 5236 1046 5291 sive
1071 5238 1238 5303 hunc,
1262 5241 1376 5296 sive
1411 5242 1562 5296 illum
1590 5244 1872 5315 eligentes,
1917 5247 2054 5301 obe-

476 5325 656 5379 dirent
682 5325 792 5379 eis:
816 5335 869 5380 et
892 5328 973 5381 vel
994 5343 1091 5396 per
1113 5330 1260 5387 hunc
1282 5333 1365 5387 vel
1392 5348 1489 5404 per
1521 5334 1669 5389 illum
1704 5347 2052 5406 caperentur.

543 5508 589 5543 δ’
622 5506 757 5560 an.
790 5523 885 5572 vn,
919 5510 1008 5565 δί.

2160 4804 2249 4839 ναι
2277 4786 2495 4857 μέλλον,
2530 4787 2791 4841 ἐναντίων
2850 4785 3134 4857 ἀλλήλαις,
3173 4784 3452 4853 ἑκατέραν
3508 4782 3745 4847 διέξοδον

2163 4879 2429 4950 ἑκάτερος
2454 4879 2749 4947 διαλαϐὼν,
2792 4879 3109 4944 δξεναντίας
3142 4878 3242 4948 μὲν
3278 4876 3527 4946 ἀλλήλοις
3567 4876 3746 4929 ἵσταν-

2160 4986 2274 5035 ται,
2316 4970 2536 5024 τδαὺτὸ
2554 4970 2612 5023 δὲ
2662 4969 2945 5033 ποιοῦσιν)
3003 4970 3171 5033 οὕτως
3243 4967 3593 5039 ῲκονομήθη,
3648 4967 3741 5020 τὸν

2163 5064 2265 5133 μιν
2325 5062 2580 5134 Ἰωάννην
2670 5063 3049 5137 σκληροτέραν
3106 5062 3252 5133 ἔχειν
3322 5064 3550 5131 ἀγωγὴν
3581 5100 3595 5125 ,
3646 5059 3739 5113 τὸν

2157 5155 2215 5208 δὲ
2275 5156 2513 5227 Χριστὸν
2561 5156 2982 5227 μαλακωτέραν,
3045 5156 3134 5208 ῑνα
3194 5156 3304 5208 εἴτε
3373 5153 3583 5215 τοῦτον,
3631 5152 3739 5205 εἴτε

2158 5249 2366 5301 ἐκεῖνον
2419 5248 2841 5319 ἀποδεξάμενοι,
2882 5248 3183 5301 πεισθῶσιν
3243 5247 3447 5308 αὐτοῖς,
3501 5244 3596 5297 καὶ
3629 5244 3738 5296 εἴτε

2158 5341 2247 5392 διὰ
2309 5341 2523 5405 τούτου,
2564 5341 2673 5393 eivs
2731 5341 2799 5393 δι’
2844 5341 3053 5403 ἐκείνου
3107 5338 3413 5411 θηραθῶσι.
3465 5336 3575 5390 Καλ⁵
3598 5332 3738 5406 ἦσαν

1676 5606 1886 5668 Varias
1924 5607 2236 5670 lectiones
2277 5614 2339 5669 et
2377 5616 2563 5669 notae.

546 5764 658 5833 (i8)
688 5766 767 5817 ὅτι
795 5765 967 5820 abest.
1010 5768 1067 5820 Β.

543 5837 651 5905 (J9)
711 5836 1093 5907 δυσθήρευτον.
1161 5839 1222 5892 Α,
1279 5837 1587 5911 Utrumque
1642 5847 1917 5917 probum,
1977 5844 2053 5900 uti

2164 5776 2465 5850 ἀθήρευτος
2509 5786 2562 5830 et
2604 5776 2897 5850 άθήρατος.
2954 5776 3059 5832 Sed
3102 5776 3400 5850 ὰθήρευτος
3448 5787 3501 5832 et
3542 5775 3734 5847 διηθη-

2169 5864 2328 5917 ρατος
2366 5846 2740 5918 frequentiora
2772 5858 2919 5902 sunt.
