4020 6532
209 450 313 513 35⁸1

1148 443 1664 505 ϐΟΜΜΕΝΤυΙΝ
1704 439 2253 501 MATTH/EUM.-
2292 441 2454 501 CAP.
2497 438 2603 500 XI.

3390 433 3500 499 358

211 554 461 609 ἑναντέαι
502 554 604 624 μὲν
631 551 893 621 ἀλλήλαις
922 553 981 606 αἰ
1017 552 1145 606 ὁδιί·
1178 552 1241 607 τὸ
1274 554 1331 607 δὲ
1362 553 1543 623 [ργον,
1588 552 1799 623 ὅμοιον.

1942 550 2396 606 iterantsaneha:
2423 550 2522 604 viae
2539 550 2687 605 inter
2707 547 3017 604 seinvtcem
3047 543 3335 604 contrariae
3362 560 3379 601 :
3422 547 3505 602 si-

222 648 367 704 ’Δλλ’
406 647 583 709 αὐτοὶ,
617 644 874 715 καθάπερ
907 643 1097 714 θηρίον
1146 646 1473 715 δύστροπον,
1505 643 1808 716 ἑκατέρους

211 741 530 812 φεύγοντες,
552 739 846 809 ἑκατέρους
881 737 1163 803 ὶκάκιζον.

294 916 700 989 Ἐρωτήσωμιν
729 915 912 971 τοίνυν
962 914 1196 980 αὐτούς·
1255 915 1442 970 Καλὸν
1476 916 1512 988 ἡ
1558 914 1805 986 σκληρο-

212 1011 346 1080 τέρα
373 1010 620 1063 πολιτεία
643 1025 659 1074 ;
691 1009 802 1063 Καὶ
843 1009 962 1073 πῶς
982 1010 1087 1063 οὐκ
1108 1009 1405 1081 ιπείσθητι
1430 1009 1510 1081 τῷ
1556 1008 1808 1079 Ἰωάννῃ,

213 1104 306 1155 τὸν
352 1101 591 1170 Χριστὸν
658 1101 788 1171 ὑμῖν
845 1101 1299 1167 ὐποδιικνύοντις
1354 1101 1520 1157 ’Δλλά
1554 1099 1721 1156 καλὸν
1770 1100 1809 1171 -ή

218 1192 590 1263 μαλακωτέρα
613 1209 627 1223 ·
678 1192 777 1245 καὶ
820 1191 940 1256 πῶς
986 1191 1088 1245 οὐκ
1122 1191 1417 1262 ἐπείσθητε
1454 1189 1537 1263 τῷ
1561 1190 1807 1263 Χριστῷ,

215 1286 314 1357 τὴν
334 1285 455 1339 ὁδὸν
480 1284 627 1354 ὑμᾶς
657 1284 758 1353 τῆς
784 1284 1061 1355 σωτηρίας
1081 1284 1389 1340 διδάσκοντι
1414 1302 1429 1351 ;

285 1380 442 1432 Διατί
485 1378 544 1430 δὲ
600 1376 807 1448 μᾶλλον
866 1379 895 1430 6
964 1376 1226 1447 Ἰωάννης
1277 1378 1379 1447 τὴν
1434 1378 1809 1450 σκληροτέραν

218 1470 444 1539 ἀγωγὴν
473 1465 621 1539 rixa;
662 1468 810 1521 Διότι
840 1468 947 1523 ἔδει
981 1469 1075 1521 τὸν
1104 1470 1205 1538 μὲν
1245 1470 1471 1540 κήρυκα
1501 1470 1603 1539 τῆς
1638 1486 1811 1540 μετα·

217 1564 363 1630 νρίας
402 1560 732 1631 σκυθρωπὸν
772 1556 937 1623 εἶναι,
970 1563 1064 1615 τὸν
1088 1562 1145 1616 δὲ
1183 1562 1387 1633 δοτῆρα
1415 1564 1515 1633 τῆς
1560 1564 1812 1632 ἀφέσεως

219 1653 326 1707 τῶν
392 1653 699 1724 ἁμαρτιῶν,
758 1654 1042 1721 χαρίεντα.
1086 1654 1193 1706 Καὶ
1235 1654 1317 1707 ὅτι
1344 1656 1371 1707 6
1398 1654 1497 1725 μὲν
1555 1654 1809 1722 Ἰωάννης

222 1747 376 1800 οὐδὲν
404 1746 567 1799 πλέον
602 1746 923 1811 ἐπεδείξατο
965 1748 1079 1809 τοῖς
1127 1746 1427 1810 Ἰουδαίοις,
1470 1747 1520 1799 εἰ
1559 1747 1634 1817 μὴ
1661 1747 1815 1800 πολι·

1911 643 2041 698 mile
2104 650 2287 697 tamen
2335 652 2455 697 erat
2516 656 2673 711 opus.
2712 640 2918 696 Verum
2971 638 3051 704 hi,
3096 647 3352 709 tanquam
3386 636 3506 693 fera

1908 743 2076 806 captu
2137 733 2399 799 difﬁcilis,
2480 744 2776 805 utrumque
2880 728 3180 804 fugientes,
3284 728 3508 800 utrique

1910 826 2299 883 detrahebant.

1981 919 2391 992 Interrogemus
2414 934 2545 993 ergo
2575 918 2716 975 illos.
2788 918 2963 977 Estne
2994 918 3167 991 proba
3199 918 3509 988 vita'aspe-

1910 1013 2063 1071 τίοι-τ
2086 1014 2374 1086 quomodo
2394 1028 2527 1085 ergo
2553 1028 2665 1067 non
2700 1010 2981 1068 obedistis
2996 1010 3199 1067 Joanni
3221 1011 3505 1067 Christum

1910 1105 2067 1163 vobis
2112 1106 2550 1163 demonstranti?
2604 1100 2675 1161 At
2735 1104 2987 1161 fortassis
3014 1104 3124 1159 vita
3174 1104 3390 1159 mollior
3442 1117 3510 1157 ac

1879 1214 1884 1221 '
1910 1200 2133 1255 suavior
2159 1198 2334 1271 magis
2358 1198 2554 1269 placet.
2585 1197 2653 1253 Et
2665 1211 2835 1269 quare
2863 1211 2973 1251 non
3004 1195 3270 1252 obedistis
3286 1193 3513 1251 Christo

1909 1294 2054 1349 viam
2083 1292 2281 1348 salutis
2312 1308 2413 1352 vos
2439 1292 2661 1347 docenti
2698 1290 2722 1346 τ

1987 1383 2186 1441 Verum
2226 1400 2390 1455 quam
2423 1385 2496 1439 ob
2529 1398 2752 1439 causam
2776 1380 3020 1438 Joannes
3042 1382 3232 1451 potius
3252 1395 3512 1452 asperam

1910 1478 2133 1532 vivendi
2167 1491 2399 1531 norman
2427 1475 2663 1531 habuit?
2689 1473 2829 1541 Quia
2850 1474 3143 1545 oportebat
3165 1474 3512 1543 paenitentiae

1912 1569 2330 1641 pradicatorem
2352 1568 2563 1622 tristem
2596 1566 2891 1636 quamdam
2909 1565 3239 1637 gravitatem
3287 1580 3399 1635 pra:
3452 1580 3515 1619 se

1917 1662 2097 1717 ferre:
2126 1670 2182 1716 et
2211 1658 2558 1715 remissionis
2585 1668 2939 1728 peccatorum
2960 1658 3298 1729 largitorem.
3322 1658 3517 1711 huma-

1925 1770 2061 1808 num
2095 1761 2262 1823 atque
2285 1752 2584 1824 benignum
2621 1768 2764 1808 esse.
2804 1751 2871 1806 Et
2899 1752 3027 1821 quia
3086 1750 3327 1806 Joannes
3378 1750 3517 1803 nihil

222 1840 373 1893 τείαν
408 1842 605 1912 μόνην·
651 1838 936 1908 Ἰωάννης
968 1841 1101 1910 γὰρ,
1129 1842 1313 1908 φησὶν,
1348 1840 1530 1895 οὐδὲν
1555 1841 1814 1909 ἐποίησε

1942 1846 2177 1916 ιωρίἰιιιι,
2240 1861 2403 1915 quam
2433 1845 2609 1900 solam
2637 1844 2761 1898 vitae
2793 1859 3039 1898 normam
3071 1840 3275 1897 Judazis
3294 1842 3525 1897 demon-

222 1907 478 1997 σημεῖὸν
504 1907 583 1982 "6
611 1928 669 1982 δὲ
700 1928 938 1999 Χριστὸς
983 1907 1082 1983 καὶ
1261 1929 1375 2002 (50)
1406 1932 1515 1985 ἀπὸ
1565 1931 1675 1986 τῶν
1696 1907 1816 1986 θεο-

1942 1907 2112 1993 ;travit
2143 1907 2172 1989 ε.
2194 1907 2462 2005 siquidem
2495 1931 2753 1998 Joannes,
2778 1932 2975 2003 inquit,
3024 1930 3229 1985 nullum
3259 1931 3375 2000 fecit
3444 1928 3521 1983 εἰσ

225 2020 453 2093 πρεπῶν
486 2020 786 2091 θαυμάτων
833 2022 1147 2093 μαρτυρίαν
1170 2023 1458 2093 ἐκέκτητο.

299 2196 509 2258 ’Δλλως
561 2212 620 2248 τε
680 2194 761 2259 δὲ,
800 2194 895 2249 καὶ
945 2194 1238 2264 γινώσκων
1280 2197 1531 2263 ἀσθενεῖς
1554 2201 1683 2266 τοὺς
1720 2203 1816 2255 ἀνε-

230 2285 517 2355 θρὼπους,
593 2286 1069 2355 συγκατέδαινεν,
1148 2288 1235 2341 ἴνα
1294 2290 1535 2363 κερδήσῃ
1614 2294 1818 2363 μᾶλλον

228 2380 425 2443 αὐτοὺς
483 2377 762 2431 ἐντεῦθεν.
823 2377 924 2431 Διὰ
950 2376 1115 2433 τοῦτο
1145 2381 1241 2433 καὶ
1296 2382 1377 2445 εἰς
1420 2383 1707 2452 τραπέζας
1727 2402 1818 2439 τε·-

228 2470 415 2525 λωνῶν
462 2470 825 2541 οἰκονομικῶς
866 2472 1182 2543 εἰσήρχετο,
1234 2475 1329 2527 καὶ
1380 2478 1491 2537 τοῖς
1525 2478 1820 2547 μεμφομέ-

230 2582 340 2628 νοις
395 2565 739 2632 ἀπελογεῖτο,
796 2564 895 2635 τὴν
960 2566 1142 2618 αἰτίαν
1193 2566 1411 2634 λέγων·
1469 2571 1592 2623 Οὐκ
1625 2565 1820 2640 ἦλθον

231 2658 489 2711 καλέσαι
536 2656 831 2723 δικαίους,
873 2657 1037 2711 ἀλλὰ
1093 2659 1484 2727 ἁμαρτωλοὺς
1530 2662 1618 2728 εἰς
1644 2662 1822 2731 μετά-

232 2766 423 2807 νοιαν,

314 2841 458 2895 Ἀλλ’
488 2840 610 2895 οὐδὲ
642 2840 743 2911 τῆς
774 2840 1020 2911 σκληρᾶς
1052 2842 1338 2913 ἠμέλησεν
1367 2845 1625 2917 ἀγωγῆς’,
1662 2850 1721 2902 ὲν
1752 2852 1820 2921 τῇ

234 2936 258 2988 ὲ
268 2935 431 3005 ρήμῳ
464 2934 603 3004 μετὰ
630 2932 741 2987 τῶν
772 2933 979 3005 θηρίων
1005 2936 1268 3005 οἰκήσας,
1288 2938 1382 2990 καὶ
1406 2938 1823 3009 τεσσαράκοντα

237 3025 543 3098 νηστεύσας
575 3025 816 3097 ἡμέρας,
853 3026 928 3088 ὡς
968 3026 1393 3098 προδεδήλωται.
1429 3031 1542 3084 Καὶ
1572 3031 1654 3095 εἰς
1682 3048 1821 3102 τραο

236 3120 403 3186 πέζας
430 3121 487 3173 δὲ
518 3119 726 3187 εἰσιὼν,
746 3118 991 3183 εὐλαϐῶς
1013 3136 1071 3173 τε
1103 3122 1198 3174 καὶ
1228 3122 1521 3192 έγκρατῶς
1548 3123 1648 3177 καὶ
1665 3124 1822 3195 άγιο·

239 3212 463 3280 πρεπῶς
500 3211 660 3283 ἧσθιε
694 3211 791 3265 καὶ
821 3210 998 3266 έπινι.

307 3396 417 3450 Καί
466 3423 534 3437 ρο
590 3394 805 3464 αὐτῆς.
845 3393 1215 3464 Ἐδικαιώθη,
1272 3396 1397 3450 ἀντὶ
1453 3397 1571 3463 τοῦ,
1631 3398 1830 3455 Δικαία

242 3490 516 3558 ἐλογίσθη,
542 3488 822 3542 τουτέστιν
850 3489 1179 3559 ἐθαυμάσθη
1206 3492 1239 3561 ἡ
1275 3492 1440 3560 σοφία
1466 3489 1562 3546 τοῦ
1589 3490 1754 3558 Θεοῦ,
1793 3493 1827 3563 ή

244 3583 650 3655 οἰκονομήσασα
672 3579 763 3635 τὸν
803 3581 1058 3652 Ἰωάννην
1085 3585 1180 3636 καὶ⁸
1205 3583 1296 3637 τὸν
1313 3583 1551 3655 Χριστὸν
1580 3585 1831 3650 ἐναντίας

242 3680 393 3740 ὀδοὺς
423 3676 713 3730 πολιτειῶν
759 3675 918 3739 ἰέναι,
947 3676 1037 3730 διὰ
1069 3676 1170 3749 τὴν
1210 3678 1383 3748 αὐτὴν
1412 3678 1686 3747 ὠφέλειαν
1719 3680 1830 3735 τῶν

248 3766 573 3841 ἀνθρώπων.
618 3765 972 3837 Ἐθαυμάσθη
1002 3766 1093 3830 δὲ,
1119 3767 1228 3821 ἀπὸ
1256 3768 1365 3821 τῶν
1392 3769 1602 3825 τέκνων
1634 3771 1831 3843 αὐτῆς,

250 3865 438 3930 ᾒγουν,
482 3858 636 3926 παρὰ
670 3858 781 3913 τῶν
823 3859 1121 3914 συνιέντων
1167 3860 1361 3933 αὐτήν.
1399 3862 1522 3916 Υἰοὶ
1588 3865 1700 3937 γὰρ
1744 3883 1836 3921 σο-

252 3952 399 4019 φίας,
443 3952 494 4004 οἱ
526 3948 741 4002 συνετοὶ
773 3948 846 4019 ’ἢ
894 3948 1257 4019 Ἐδικαιώθη,
1300 3952 1425 4007 ἀντὶ
1474 3953 1595 4020 τοῦ,
1638 3957 1836 4012 Δικαία

250 4048 340 4099 καὶ
380 4044 717 4116 ἀνέγκλητος
748 4044 1030 4116 έλογίσθη,
1064 4046 1141 4111 ὡς
1178 4047 1457 4118 ποιήσασα
1496 4050 1608 4103 πᾶν
1630 4049 1660 4104 ὃ
1682 4051 1793 4107 last
1817 4092 1834 4118 ,

254 4140 344 4192 καὶ
374 4140 531 4191 παντὶ
564 4138 751 4210 τρόπῳ
784 4140 1109 4210 χρησαμένη
1139 4140 1279 4209 πρὸς
1313 4140 1595 4213 σωτηρίαν
1626 4144 1834 4202 αὐτῶν.

328 4316 466 4371 Τότε
494 4346 567 4355 -
592 4316 996 4385 μετενόησαν.
1029 4316 1361 4385 Ὀνειδίζειν,
1398 4319 1521 4374 ἀντὶ
1558 4322 1678 4390 τοῦ,
1714 4324 1838 4378 Ta...

254 4408 514 4473 λανίζειν.
548 4408 791 4470 Ὀνειδος
821 4409 931 4479 γάρ
966 4409 1063 4463 καὶ
1094 4410 1123 4463 6
1166 4408 1531 4483 ταλανισμός.
1568 4414 1841 4487 Δυνάμεις

255 4502 331 4568 δὲ,
362 4502 431 4555 τὰ
461 4501 717 4570 θαύματα
742 4500 915 4569 λέγει.

1916 2032 2177 2102 gnum":
2207 2026 2466 2083 Christus
2487 2042 2617 2083 vero
2684 2026 2907 2081 etiama
2954 2022 3160 2080 divinis
3232 2020 3522 2077 miraculis

1917 2117 2294 2174 testimonium
2318 2115 2551 2186 adeptus
2569 2124 2676 2169 est.

1991 2207 2265 2265 Praeterea
2290 2221 2510 2275 quoque
2538 2204 2722 2260 sciens
2745 2202 3051 2259 imbecilles
3080 2216 3205 2257 esse
3266 2198 3523 2256 homines

1917 2297 2157 2353 demittit
2183 2310 2327 2359 sese,
2364 2304 2423 2350 ut
2454 2296 2575 2351 illos
2599 2296 2773 2366 magis
2806 2293 3176 2356 lucrifaceret,
3204 2303 3258 2347 et
3296 2300 3524 2363 propter

1920 2391 2027 2446 hoc
2060 2390 2128 2445 ad
2157 2404 2383 2444 mensas
2411 2388 2579 2443 etiam
2633 2389 3053 2459 publicanorum
3112 2384 3522 2457 dispensatoris:

1923 2479 2263 2538 accedebat:
2296 2490 2350 2535 et
2376 2479 2788 2552 indignantibus
2838 2494 3061 2535 causam
3110 2478 3395 2540 reddebat,
3433 2476 3524 2531 di-

1922 2589 2083 2629 cens:
2120 2572 2238 2627 Non
2264 2576 2381 2627 veni
2409 2571 2484 2626 ad
2521 2574 2820 2627 vocandum
2856 2571 3052 2643 justas,
3076 2572 3170 2627 sed
3220 2580 3524 2640 peccatores

1922 2662 1993 2717 ad
2020 2663 2383 2731 penitentiam
2396 2662 2465 2716 ³³.

1993 2844 2183 2915 Neque
2228 2852 2412 2899 tamen
2481 2843 2677 2897 duram
2719 2840 2939 2897 vivendi
2980 2854 3234 2895 normam
3261 2840 3527 2912 neglexit,

1924 2934 1982 2990 in
2006 2935 2227 2991 deserto
2250 2950 2379 2990 cum
2408 2934 2541 2989 t'eris
2569 2942 2821 2989 versatus
2844 2928 2915 2997 ",
2943 2947 3007 2987 ac
3030 2932 3228 2987 diebus
3285 2932 3530 3001 quadra-

1925 3028 2079 3101 ginta
2121 3028 2406 3099 ieiunans,
2461 3035 2523 3082 ut
2574 3040 2741 3096 supra
2799 3024 3009 3079 dictum
3061 3033 3167 3079 est.
3258 3023 3532 3079 Praeterea

1928 3136 2151 3192 quoque
2206 3120 2278 3176 ad
2321 3134 2542 3175 mensas
2619 3118 2888 3174 accedens
2951 3118 3285 3184 verecunde,
3322 3126 3535 3189 tempe-

1851 3249 1896 3309 c
1929 3222 2070 3278 rate,
2099 3220 2159 3270 et
2194 3221 2362 3285 prout
2425 3219 2649 3268 sanctos
2687 3211 2869 3275 decet,
2926 3208 3183 3282 religiose
3216 3210 3413 3266 cdeba.
3467 3225 3537 3265 ac

1933 3305 2179 3365 bibebat.

2008 3398 2166 3455 Vers.
2192 3396 2280 3454 l9.
2301 3398 2573 3452 Et—suis.
2598 3426 2669 3439 -—-
2694 3396 3001 3453 Justiﬂcata
3035 3403 3139 3463 est,
3173 3396 3225 3451 id
3246 3404 3353 3461 est,
3372 3395 3532 3452 Justa

1938 3492 2124 3549 habita
2152 3499 2257 3558 est,
2283 3492 2399 3547 sive
2415 3490 2972 3547 admirationihabita
3003 3498 3088 3544 est
3109 3488 3206 3544 Dei
3233 3489 3531 3560 sapientia,

1940 3599 2062 3657 quae
2094 3584 2369 3656 disposuit
2410 3583 2745 3640 utChristus
2774 3598 2839 3640 ac
2867 3580 3111 3640 Joannes
3138 3583 3406 3654 oppesitis
3433 3582 3537 3638 viis

1942 3680 2284 3744 incederent,
2345 3686 2573 3749 propter
2625 3678 2800 3749 ipsam
2864 3678 3152 3733 hominum
3216 3676 3536 3731 utilitatem.

1941 3771 2301 3829 Admirationi
2358 3780 2543 3826 autem
2561 3771 2745 3827 habita
2798 3780 2884 3828 est
2911 3786 2941 3827 a
2973 3771 3099 3827 ﬁliis
3128 3772 3265 3837 suis,
3298 3769 3411 3825 sive
3469 3770 3541 3826 ab

1946 3864 2386 3937 intelligentibus
2416 3864 2600 3919 illam:
2638 3864 2734 3918 ﬁlii
2766 3878 3009 3933 namque
3056 3862 3345 3934 sapientia:
3408 3871 3543 3917 sunt

1945 3956 2222 4027 sapientes
2251 3962 2347 4009 aut
2372 3953 2779 4025 intelligentes:
2817 3953 2903 4009 vel
2931 3951 3238 4009 Justiilcata
3284 3961 3388 4017 est,
3433 3953 3541 4008 hoc

1945 4057 2054 4114 est,
2071 4046 2099 4103 J
2107 4056 2225 4104 usta
2252 4062 2319 4103 ac
2342 4046 2845 4117 irreprehensibilis
2867 4046 3048 4103 habita
3066 4055 3149 4103 est
3169 4064 3183 4102 :
3212 4056 3404 4117 utpote
3420 4062 3542 4118 quze

1946 4140 2080 4197 fecit
2108 4140 2375 4212 quidquid
2410 4140 2641 4196 debuit:
2674 4150 2730 4195 et
2750 4140 3085 4196 omnimodo
3111 4148 3303 4196 usaest
3327 4139 3392 4194 ad
3416 4139 3539 4195 illo-

1948 4247 2069 4285 rum
2091 4231 2347 4287 salutem.

2018 4324 2176 4380 Vers.
2202 4322 2294 4379 20.
2318 4321 2461 4377 Tunc
2499 4349 2570 4362 —-
2609 4322 2974 4391 resipuissent.
3001 4322 3376 4393 Exprobrare,
3431 4322 3541 4378 hoc

1950 4428 2037 4476 est
2090 4416 2317 4473 lliseras
2366 4415 2554 4472 dicere
2607 4430 2672 4471 ac
2735 4414 3043 4486 deplorare.
3086 4414 3223 4469 Nam
3274 4414 3541 4486 probrum

1952 4508 2177 4564 miseria
2197 4518 2301 4563 est.
2329 4505 2573 4563 Virtutes
2607 4514 2792 4561 autem
2811 4507 2949 4563 dicit
2985 4506 3277 4563 miracula.

327 4594 478 4648 Οὐαί
524 4608 625 4647 σοι
663 4624 732 4633 -—
766 4594 1167 4662 μετενόησαν.
1208 4594 1283 4649 Τὸ
1318 4595 1433 4667 (51)
1478 4597 1689 4669 Σόδομα
1742 4600 1825 4671 μὲι

2022 4601 2181 4657 Vers.
2214 4600 2304 4655 ει.
2338 4600 2425 4655 Vc
2475 4601 2575 4654 tibi
2600 4628 2672 4641 —
2710 4600 3083 4670 resipuissent.
3144 4600 3208 4656 In
3261 4600 3547 4671 sequenti-

258 4687 349 4740 καὶ
366 4686 619 4757 Γόμορρα
636 4685 873 4757 τίθησιν,
893 4684 969 4750 ὡς
985 4688 1067 4750 εἰς
1085 4687 1378 4756 ἀσέλγειαν
1398 4690 1808 4757 ἐπιφανέστατα
1827 4708 1842 4723 '

1952 4694 2057 4750 bus
2106 4691 2347 4749 Sodoma
2382 4689 2770 4748 etGomon-ha
2790 4694 2967 4763 ponit,
2990 4701 3183 4763 utpote
3221 4692 3279 4747 in
3317 4692 3545 4748 libidine

258 4778 354 4848 τὴν
384 4778 562 4847 Τύρον
591 4778 648 4831 δὲ
680 4780 774 4832 καὶ
803 4778 903 4849 τὴν
930 4778 1161 4845 Σιδῶνα,
1200 4779 1277 4845 ὼς
1308 4782 1391 4845 εἰς
1420 4782 1825 4853 εἰδωλολατρίαγ

1951 4782 2423 4849 nominatissima;
2485 4782 2686 4853 Tyrum
2717 4791 2907 4839 autem
2936 4792 2993 4839 et
3022 4781 3229 4840 Sidona
3286 4792 3544 4855 tanquam

258 4874 598 4946 διαόοήτους.

326 4967 503 5035 Πλὴν
544 4998 615 5010 -
661 4966 826 5038 ὑμῖν.
860 4967 934 5022 Τὸ
978 4967 1175 5036 Πλὴν,
1214 4967 1339 5022 ἀντὶ
1378 4966 1499 5035 τοῦ,
1530 4967 1632 5024 Διὰ
1665 4968 1844 5027 τοῦτο.

1952 4877 2190 4933 maxime
2222 4876 2275 4929 in
2301 4872 2614 4931 idololatria
2643 4876 2913 4951 insignes.

2023 4967 2183 5024 Vers.
2221 4967 2314 5023 22.
2358 4970 2612 5022 Attamen
2675 4999 2744 5009 —
2804 4971 2969 5027 vobis.
2998 4971 3281 5043 Attamen,
3330 4973 3387 5030 id
3435 4982 3543 5041 est,

262 5054 496 5126 Μιγνύει
520 5056 576 5109 δὲ
599 5056 678 5126 τῷ
702 5057 1022 5130 ταλανισμῷ
1043 5057 1139 5112 καὶ
1167 5056 1423 5129 ἀπειλὴν,
1447 5059 1534 5113 ῐνα
1558 5058 1592 5130 ἢ
1625 5062 1825 5131 αἰσχυν

1959 5060 2194 5133 Propter
2221 5060 2351 5118 hoc.
2386 5059 2675 5133 Signiﬁcat
2694 5072 2878 5119 autem
2929 5066 3207 5122 miseriam
3250 5081 3317 5122 ac
3343 5066 3543 5134 minas,

262 5144 450 5214 θῶσιν,
478 5146 513 5219 ἢ
544 5146 846 5219 φοϐηθῶσι.

288 5312 295 5315 “
336 5306 380 5338 ⁵⁸
410 5306 567 5362 Joan.
599 5323 652 5374 ι,
682 5308 772 5364 41.
850 5307 892 5341 ¹¹
916 5309 1115 5366 Matth.
1146 5325 1219 5373 ix,
1260 5313 1349 5367 15.
1428 5314 1475 5346 ⁸³
1507 5311 1676 5369 Marc.
1712 5328 1750 5378 ι,
1781 5314 1866 5368 i5.

1954 5161 2018 5207 ut
2040 5154 2127 5207 vel
2153 5152 2488 5208 erubescant
2501 5152 2586 5207 vel
2608 5166 2866 5225 paveant.

1469 5470 1673 5533 Variae
1706 5472 2021 5540 lectiones
2055 5479 2117 5538 ct
2159 5485 2351 5539 noue.

341 5639 453 5712 (50)
475 5637 586 5712 επδ
610 5636 721 5691 τῶν
750 5636 956 5712 omittit
979 5633 1042 5691 Β.

339 5707 449 5782 (5t)
485 5708 581 5782 T6,
614 5718 839 5782 propte_r
868 5710 1110 5782 vicinum
1133 5708 1231 5778 τὴν
1252 5708 1331 5782 δέ,
1361 5709 1448 5782 vix
1479 5707 1609 5765 ferri
1640 5720 1845 5782 potest.

276 5778 764 5869 credide‘rim'ergo.
796 5778 1145 5869 Euthztnium
1201 5780 1490 5869 scripsisse
1515 5778 1847 5869 16.nHente-

278 5855 396 5909 nius
419 5852 635 5909 videtur
664 5849 859 5921 legisse
888 5869 902 5906 :
940 5849 1029 5903 Ἐν
1058 5852 1172 5913 τοῖς
1201 5849 1328 5919 ὲξῆξ
1354 5850 1583 5922 Σόδομα.
1610 5850 1721 5907 Cur
1745 5868 1843 5907 au-

1958 5651 2067 5697 tem
2117 5642 2377 5771 Γὸμῧρςα
2426 5645 2792 5729 memorayit,
2848 5659 3083 5715 quorum
3135 5643 3284 5704 nulla
3349 5646 3437 5704 hic
3486 5648 3546 5704 tit

1958 5716 2205 5769 mentio?
2282 5732 2312 5770 e
2367 5730 2432 5771 ex
2471 5716 2592 5770 loco
2629 5718 2795 5771 suum
2843 5717 3033 5771 Matth.
3076 5734 3127 5771 ι.
3164 5719 3253 5771 15.
3289 5719 3370 5771 vel
3399 5721 3546 5771 auod

1956 5716 2205 5790 mentio?
2234 5716 2333 5790 Vel
2367 5730 2432 5771 ex
2471 5716 2592 5790 loco
2629 5718 2795 5790 simili
2843 5717 3033 5790 Matth.
3076 5734 3127 5783 ι,
3164 5719 3253 5786 15,
3289 5719 3370 5775 vel
3399 5721 3547 5790 quod

1956 5784 2085 5839 alibi
2118 5786 2283 5841 etiam
2321 5787 2445 5845 ista:
2471 5787 2634 5842 urbes
2664 5788 2923 5857 conjungi
2956 5788 3154 5843 solent.
