4020 6536
491 475 601 538 359

1719 447 2106 513 EUTHYMII
2149 439 2510 505 ZIGABENl

3647 424 3756 487 360

567 581 722 636 \‘ers.
762 580 855 635 23.
899 580 967 635 Et
1033 609 1099 621 --
1161 579 1472 632 hodiernum
1531 572 1691 625 diem.
1731 568 2075 637 Capernaum

2252 557 2364 611 Καὶ
2394 582 2460 593 -—
2489 551 2780 620 σήμερον.
2824 549 2888 602 Ἡ
2916 545 3288 618 Καπερναοῑιμ
3314 538 3527 604 ἕνδοξο;
3559 541 3756 606 γέγονε

495 678 729 732 celebris
756 675 876 740 init,
909 689 976 730 eo
1009 674 1153 742 quod
1190 669 1516 727 habitaverit
1551 666 1606 720 in
1641 679 1704 718 ea
1777 661 2030 716 Christus
2053 697 2070 723 ,

497 767 775 835 multaque
801 762 1057 818 miracula
1087 762 1140 814 in
1170 778 1232 816 ea
1262 758 1512 814 ediderit.
1551 753 1691 807 Dicit
1715 765 1874 821 ergo:
1903 745 1969 801 Et
2017 754 2074 799 tu

499 856 840 927 pergloriam
867 869 1038 922 usque
1089 854 1157 907 ad
1216 851 1414 906 ecelum
1471 846 1727 905 exaltata.
1784 853 1954 909 usque
2006 835 2077 890 ad

500 947 705 1001 inferos
751 946 1055 998 detrahcris
1113 958 1207 1013 per
1273 938 1653 1013 ignominiam.
1713 932 1855 986 Sunt
1892 935 2076 982 autem

500 1054 622 1108 quae
649 1037 907 1091 dicuntur
935 1036 1160 1090 alterius
1215 1035 1292 1088 rei
1352 1027 1733 1103 signiﬁcativa.
1793 1020 2076 1091 Siquidem

500 1145 673 1198 usque
695 1129 761 1182 ad
781 1128 1000 1192 coelum,
1025 1126 1208 1197 gloriae
1226 1125 1570 1180 demonstrat
1606 1111 2076 1188 magnitudinem;

507 1233 678 1287 usque
700 1218 767 1272 ad
813 1218 1016 1271 inferos
1071 1226 1277 1280 autem,
1332 1210 1663 1284 ignominiae.
1712 1208 2079 1275 Augmentum

500 1328 633 1366 vero
651 1310 898 1365 criminis
914 1321 969 1364 et
988 1307 1386 1363 demonstratio
1403 1311 1658 1359 extrema:
1678 1295 1966 1369 pravitatis
1978 1302 2081 1357 est,

504 1419 616 1457 non
633 1403 810 1456 solum
833 1402 1049 1472 pejores
1070 1415 1192 1454 esse
1213 1396 1593 1469 peccatoribus
1617 1393 1711 1464 qui
1731 1401 1860 1446 tunc
1904 1394 2083 1452 erant,

503 1497 599 1551 sed
633 1503 687 1548 et
715 1495 823 1550 illis
852 1495 944 1564 qui
977 1507 1218 1563 unquam
1247 1491 1495 1545 fuerant.

578 1584 732 1641 Vers.
776 1585 865 1638 24.
908 1588 1154 1638 Attamen
1192 1582 1397 1636 —tibi.
1432 1610 1501 1621 ——-
1532 1577 1721 1642 Vobis,
1749 1575 1816 1630 ad
1852 1572 2088 1629 civitatis

503 1676 650 1732 illius
683 1677 830 1732 cives
862 1676 1070 1731 dictum
1110 1683 1232 1740 est;
1275 1673 1395 1726 Tibi
1421 1685 1574 1734 vero,
1611 1669 1680 1723 ad
1715 1667 2016 1722 civitatem.

585 1879 738 1935 Vers.
766 1879 856 1934 25.
898 1875 1721 1948 1η-ρανυιιίίι.’Δποχρίσεως
1768 1870 2090 1966 vocabulum
2128 1913 2165 1966 Β

509 1970 698 2040 (quod
735 1985 836 2026 nos
883 1968 1254 2024 communiter
1307 1969 1724 2036 responsionem
1782 1961 2090 2030 vertimus)

512 2063 660 2118 varia
685 2062 978 2134 signiﬁcat.
1011 2061 1166 2116 Mitto
1191 2077 1342 2116 nunc
1373 2059 1776 2130 separationem
1829 2072 1893 2111 ac
1941 2057 2094 2126 dige-

513 2157 747 2210 stionem
780 2155 1084 2210 secundum
1116 2155 1384 2221 medicos,
1413 2164 1468 2210 et
1498 2168 1620 2224 quae
1641 2152 1708 2206 ad
1742 2152 1847 2205 hoc
1878 2149 1955 2215 iit,
1985 2160 2094 2203 ter-

514 2247 895 2302 minationem.
943 2247 1220 2302 interdum
1276 2248 1496 2317 quidem
1565 2243 1820 2316 principii
1914 2243 2093 2296 locum

512 2336 695 2401 habet,
749 2347 808 2391 ut
868 2353 993 2392 cum
1050 2338 1273 2403 dicitur,
1318 2337 1653 2407 Respondeas
1696 2335 1844 2388 Jesus
1921 2334 2094 2387 dixit:

511 2428 776 2496 Conﬁteor
824 2428 944 2493 tibi,
1015 2427 1180 2482 Pater
1211 2470 1227 2494 ,
1275 2427 1498 2481 Domine
1544 2427 1659 2480 ταιίὶ
1719 2435 1768 2478 et
1812 2436 1986 2486 terra',
2028 2423 2096 2477 de

512 2538 621 2592 quo
650 2538 797 2576 nunc
823 2537 909 2577 est
937 2537 1152 2590 sermo;
1189 2523 1335 2576 nulla
1366 2522 1510 2576 enim
1530 2521 1809 2591 praecessit
1862 2519 2096 2573 interro-

516 2616 679 2684 gatio.
708 2615 1045 2684 Quandoque
1061 2630 1192 2669 vero
1210 2614 1273 2668 ad
1294 2613 1781 2684 interrogationem
1831 2611 2096 2674 redditur,

529 2717 587 2760 ut
614 2716 693 2760 est
720 2706 847 2761 illud
882 2725 896 2760 :
925 2707 1260 2775 Respondeas
1296 2704 1478 2759 Simon
1509 2705 1700 2759 Petrus
1738 2704 1912 2758 dixit:
1949 2701 2024 2756 Tu
2047 2720 2099 2756 es

530 2798 764 2853 Christus
805 2799 967 2852 Filius
997 2799 1096 2852 Dei
1118 2800 1220 2852 vivi
1253 2800 1300 2832 "
1327 2816 1341 2864 ;
1379 2798 1658 2868 praecessit
1687 2797 1831 2851 enim
1869 2796 2103 2850 interro-

515 2890 684 2960 gatio.
720 2890 1002 2944 Interdum
1037 2905 1255 2959 quoque
1309 2889 1582 2944 sermonis
1629 2888 2100 2942 continuationem

521 2980 814 3048 significat,
848 2987 907 3032 ut
937 2981 1114 3048 capite
1138 2980 1397 3034 vicesimo
1428 2993 1575 3032 nono
1601 2979 1783 3048 hujus,
1808 2993 1931 3032 cum
1959 2977 2103 3030 Cha-

523 3085 714 3122 nanwa
750 3069 1016 3123 dixisset:
1043 3070 1251 3138 Utique,
1270 3069 1504 3133 Domine,
1525 3085 1645 3122 nam
1665 3079 1713 3122 et
1745 3068 1922 3121 catelli
1943 3068 2101 3122 edunt

517 3160 583 3212 tle
615 3159 784 3222 micis,
815 3175 931 3223 qua:
955 3160 1151 3212 cadunt
1189 3177 1222 3212 a
1273 3175 1451 3213 mensa
1477 3160 1808 3213 dominorum
1851 3176 2102 3225 suorum;

2179 650 2267 704 διὰ
2296 649 2356 701 τὸ
2384 647 2662 701 κατοικεῖν
2693 645 2749 696 ἐν
2785 643 2922 711 αὐτῇ
2949 642 3039 693 τὸν
3071 638 3327 707 Χριστὸν,
3367 633 3458 688 καὶ
3488 634 3556 684 τὰ
3585 630 3760 683 πολλὰ

2180 739 2289 791 τῶν
2324 730 2622 804 θαυμάτων
2655 735 2712 785 ὲν
2744 733 2883 800 αὐτῇ
2915 728 3157 783 τελέσαι.
3192 728 3361 795 Φησὶν
3397 719 3508 785 οὖν,
3540 721 3622 774 ὅτι
3649 720 3760 771 Καὶ

2185 832 2273 897 σὺ,
2326 832 2358 900 ἠ
2411 827 2575 900 μέχρι
2608 824 2704 878 τοῦ
2748 819 3306 894 οὐρανοῦ-ὑψωοείσα
3351 819 3416 884 τῇ
3460 813 3606 883 δέξῃ.
3654 812 3762 869 ἕως

2185 923 2313 994 ᾅδου
2346 918 2795 988 καταϐιϐασθήσῃ
2832 918 2898 985 τῇ
2947 912 3156 981 ἀδοξίᾳ.
3210 905 3551 977 Ἐμφαντικὰ
3579 903 3638 955 δὲ
3664 901 3763 994 τό,

2186 992 2374 1083 Μέχρι
2415 1012 2521 1065 τοῦ
2550 1007 2832 1078 οὐρανοῦ,
2861 1009 2956 1058 καὶ
3001 1005 3083 1065 τὸ,
3129 1002 3276 1064 Ἕως
3314 997 3482 1064 ᾅδου.
3529 992 3768 1063 Ἑμφαί-

2189 1122 2340 1158 ιουσι
2384 1103 2516 1172 γὰρ,
2562 1101 2623 1152 τὸ
2659 1099 2780 1169 μὲν,
2835 1093 3065 1166 μέγεθος
3095 1091 3284 1160 δόξης·
3321 1091 3378 1140 τὸ
3427 1088 3482 1139 δὲ
3527 1084 3770 1149 ἀδοξίας.

2189 1196 2427 1267 Αὕξησις
2459 1195 2517 1246 δὲ
2564 1187 2900 1259 κατηγορίας
2936 1187 3028 1238 καὶ
3059 1181 3336 1244 ἀπόδειξις
3370 1176 3562 1238 κακίας
3595 1177 3774 1243 ὑπερ-

2191 1287 2520 1356 ϐαλλούσης,
2563 1285 2621 1336 τὸ
2655 1281 2856 1349 λέγειν,
2889 1277 3087 1336 αὐτοὺς
3122 1273 3197 1343 μὴ
3231 1273 3387 1340 μόνον
3419 1269 3632 1338 χείρους
3658 1267 3774 1318 τῶν

2189 1383 2309 1436 τότε
2375 1377 2752 1450 ἁμαρτωλῶν,
2813 1371 2949 1426 ἀλλὰ
3014 1369 3106 1422 καὶ
3169 1367 3277 1419 τῶν
3339 1362 3558 1415 πώποτε
3615 1375 3776 1426 γενος-

2195 1479 2396 1546 μένων.

2265 1567 2441 1635 Πλὴν
2470 1596 2537 1607 -
2571 1566 2692 1618 σοί.
2726 1564 2799 1614 Τὸ
2833 1561 2954 1632 μὲν,
3009 1557 3190 1626 Ὑμῖν,
3219 1554 3352 1624 πρὸς
3394 1551 3516 1612 τοὺς
3548 1547 3778 1606 πολίτας

2193 1663 2291 1733 τῆς
2353 1660 2560 1721 πόλεως
2615 1657 2832 1724 ἐκείνης
2891 1655 3139 1723 εἴρηται·
3201 1650 3260 1700 τὸ
3317 1647 3371 1698 δὲ
3437 1645 3577 1705 Σοὶ,
3637 1639 3779 1709 πρὸς

2193 1757 2292 1826 τὴν
2325 1752 2502 1806 πόλιν.

2282 1847 2384 1899 Ἐν
2410 1871 2480 1884 --
2507 1844 2773 1909 νηπίοις.
2799 1839 2872 1892 Τὸ
2894 1839 2991 1908 τῆς
3013 1831 3359 1903 ἀποκρίσεως
3386 1831 3574 1898 δνομα,
3609 1827 3782 1877 πολυ-

2198 1942 2470 2012 σήμαντόν
2497 1943 2669 1993 ἐστιν.
2705 1940 2823 1990 Ἱνα
2843 1937 2955 2004 γὰρ
2986 1935 3132 1985 ἐάσω
3161 1932 3252 1982 τὸν
3281 1924 3650 1997 διαχωρισμὸν
3683 1922 3784 1974 καὶ

2195 2035 2295 2106 τὴν
2350 2033 2694 2102 διαφόρησιν,
2745 2027 2886 2081 κατὰ
2934 2027 3061 2087 τοὺς
3112 2023 3356 2090 ἰατροὺς,
3409 2019 3502 2069 καὶ
3547 2016 3645 2085 τὴν
3699 2014 3786 2106 είς

2195 2124 2355 2177 τοῦτο
2378 2122 2674 2190 κατάληξιν
2697 2136 2710 2149 ·
2738 2119 2870 2172 ποτὲ
2899 2117 2999 2186 μὲν
3022 2116 3186 2168 τόπον
3205 2112 3385 2182 ἀρχῆς
3415 2110 3548 2177 ἔχει,
3581 2108 3654 2168 ῶς
3684 2105 3746 2154 τό
3766 2119 3782 2131 ο

2211 2216 2579 2284 Ἀποκριθεὶς
2603 2217 2631 2266 ό
2672 2211 2878 2282 Ἰησοῦς
2906 2206 3058 2262 εἷπεν
3082 2222 3095 2236 ·
3130 2199 3636 2273 Ἐξομολογοῦμαί
3655 2213 3784 2260 σοι,

2200 2283 2414 2376 Πάτερ,
2453 2309 2633 2376 Κύριε
2664 2303 2770 2358 τοῦ
2800 2300 3062 2371 οὐρανοῦ
3091 2298 3191 2350 καὶ
3223 2296 3332 2364 τῆς
3367 2294 3479 2362 γῆς
3509 2311 3519 2321 ·
3553 2291 3682 2359 περὶ
3719 2283 3786 2341 οὗ

2201 2406 2296 2458 νῦν
2326 2405 2352 2455 ό
2375 2402 2566 2468 λόγος·
2597 2400 2658 2452 οὐ
2688 2398 3039 2468 προηγήσατο
3071 2397 3178 2464 γὰρ
3209 2391 3475 2462 ἐρώτησις
3499 2405 3513 2419 ·
3547 2386 3676 2436 πιτὲ
3700 2385 3783 2446 δὲ,

2201 2496 2338 2565 πρὸς
2369 2495 2638 2564 ἐρώτησιν
2668 2490 3016 2544 ἀποδίδοταιο
3054 2487 3128 2548 ὠς
3159 2487 3218 2537 τό
3239 2501 3252 2514 °
3297 2480 3666 2548 Ἀποκριθεὶς
3691 2477 3790 2528 Σί-

2197 2603 2327 2657 μων
2380 2585 2604 2654 Πέτρος
2640 2582 2770 2635 εἷπε
2793 2623 2806 2636 .
2846 2580 2929 2633 Σὺ
2969 2575 3026 2632 εἷ
3052 2581 3083 2630 ὀ
3117 2575 3373 2644 Χριστὸς
3417 2576 3448 2625 ό
3485 2571 3615 2636 mg
3675 2567 3790 2621 τοῦ

2206 2679 2354 2732 Θεοῦ
2379 2678 2484 2731 τοῦ
2511 2676 2727 2739 ζῶντος
2748 2692 2760 2704 ·
2799 2674 3154 2743 προηγήσατο
3181 2670 3289 2737 γὰρ
3321 2665 3588 2738 ἐρώτησις
3609 2681 3624 2696 ο
3655 2664 3790 2715 ποτὲ

2203 2772 2286 2836 δὲ,
2320 2771 2482 2837 λόγου
2515 2768 2767 2837 διαδοχὴν
2785 2766 2970 2836 δηλοῖ·
2994 2765 3092 2835 τῆς
3121 2763 3228 2833 γὰρ
3252 2763 3566 2825 Χαναναίας
3597 2759 3790 2812 ιὶπού-

2207 2883 2306 2936 σης
2337 2883 2350 2897 ο
2382 2863 2517 2930 Ναὶ,
2542 2865 2715 2931 Κύριε
2741 2877 2756 2892 '
2789 2859 2889 2914 καὶ
2923 2859 3032 2929 γὰρ
3054 2859 3126 2912 τὰ
3160 2857 3413 2926 κυνάρια
3445 2857 3633 2910 ἐσθίει
3664 2854 3788 2908 ἀπὸ

2205 2959 2324 3012 τῶν
2365 2958 2589 3027 ψιχίων
2635 2954 2752 3009 τῶν
2789 2958 3133 3009 πιπτόντων
3179 2953 3299 3007 άπὸ
3337 2950 3447 3018 τῆς
3495 2947 3791 3018 τραπέζης

2206 3047 2326 3103 τῶν
2365 3050 2591 3118 κυρίων
2618 3046 2816 3102 αὐτῶν
2835 3063 2849 3077 ο
2879 3045 3223 3114 ἀποκριθεὶς
3266 3046 3298 3096 ό
3351 3040 3591 3108 Ἰησοῦς
3617 3039 3794 3092 εἶπεν

2207 3139 2397 3210 αὑτῇο
2451 3137 2529 3196 Ὠ
2569 3141 2772 3211 γύναι,
2822 3138 3056 3209 μεγάλη
3099 3153 3217 3191 σου
3262 3135 3301 3202 ἡ
3339 3136 3564 3198 πίστις,
3617 3147 3797 3201 γενη-

520 3259 927 3319 consequenter
951 3251 1132 3304 statim
1182 3250 1572 3321 subjungitur:
1610 3256 1749 3306 Tunc
1791 3253 2098 3320 respondens

2209 3236 2365 3304 θήτω
2398 3250 2496 3290 σοι
2529 3235 2609 3300 ὼς
2647 3232 2870 3297 θέλεις·
2908 3231 3047 3284 Ποτὲ
3076 3231 3154 3295 δὲ,
3210 3229 3466 3299 σημαίνει
3504 3225 3794 3296 παράκλη-

521 3343 670 3396 Iesus
693 3344 827 3396 dixit
852 3343 965 3395 illi:
987 3341 1029 3397 0
1053 3343 1266 3407 mulier,
1297 3360 1489 3414 magna
1513 3351 1588 3397 est
1603 3344 1732 3412 ﬁdes
1756 3353 1878 3407 tua;
1899 3344 1993 3411 ﬁat
2016 3345 2107 3399 tibi

518 3436 657 3487 sicut
684 3436 760 3488 vis
784 3435 852 3489 “.
886 3435 966 3490 Ad
992 3436 1109 3489 haec
1146 3450 1362 3504 quoque
1388 3436 2109 3504 signiﬁcatexhortationem

521 3526 637 3579 sive
667 3525 1134 3593 deprecationem,
1201 3535 1264 3580 ut
1315 3541 1439 3580 cum
1484 3527 1719 3581 dicitur:
1776 3526 2110 3596 Respondeas

517 3627 698 3671 autem
749 3617 936 3672 Petrus
998 3618 1132 3672 dixit
1186 3620 1271 3672 ei:
1331 3617 1574 3673 Edissere
1594 3620 1739 3672 nobis
1797 3620 2111 3688 parabolam

519 3713 656 3762 hanc
679 3709 747 3763 ⁸⁵.
785 3710 1127 3781 Quandoque
1196 3721 1377 3767 autem
1409 3712 1668 3777 abundat,
1706 3720 1766 3766 ιιι
1798 3726 1923 3766 cum
1973 3711 2113 3766 dici-

521 3811 649 3855 tur:
685 3801 1020 3872 Respondens
1082 3815 1259 3858 autem
1308 3805 1499 3859 Petrus
1552 3806 1684 3858 dixit
1745 3803 1826 3857 illi
1873 3818 1891 3856 :
1943 3805 2014 3856 Et
2065 3804 2112 3857 si

517 3912 695 3950 omnes
732 3898 1182 3966 oﬂ'endanturgper
1216 3906 1285 3961 te,
1315 3913 1407 3968 ego
1438 3907 1615 3951 tamen
1637 3914 1911 3967 nunquam
1946 3898 2110 3966 oﬂ'en-

518 3989 619 4041 dar
651 3991 717 4042 ⁸⁵.
761 3989 1040 4057 Siquidem
1074 3988 1288 4043 Marcus
1325 3989 1691 4058 praetermisit,
1731 3991 2109 4059 liespondens,

520 4091 576 4135 et
606 4082 744 4135 dixit
771 4099 785 4135 :
822 4082 1009 4136 Petrus
1029 4093 1209 4135 autem
1241 4085 1317 4135 ait
1342 4083 1508 4146 illi",
1535 4091 1642 4137 etc.
1679 4083 1959 4137 Interdum
1980 4098 2111 4139 vero

522 4172 797 4241 signiﬁcat
853 4173 1023 4227 etiam
1066 4172 1580 4244 interrogationem,
1613 4183 1673 4228 ut
1702 4189 1824 4228 cum
1866 4174 2109 4230 dicitur:

520 4264 827 4333 Respondit
853 4264 934 4319 eis
969 4262 1171 4320 Jesus:
1204 4265 1348 4318 Num
1376 4281 1468 4335 ego
1528 4281 1617 4318 vos
1677 4266 1953 4319 duodecim
2011 4267 2112 4319 ele-

520 4358 572 4428 gi
597 4356 693 4409 l"‘l

598 4447 866 4516 Conﬁteor
902 4459 1085 4505 autem
1118 4449 1424 4505 dicitnunc
1481 4450 1784 4521 gratiarum
1815 4449 2110 4505 actionem.

526 4537 814 4608 Sapientes
855 4555 986 4594 vero
1006 4549 1061 4594 et
1094 4541 1396 4609 prudentes
1447 4557 1542 4596 eos
1573 4541 1665 4610 qui
1722 4541 1855 4595 tales
1910 4539 2108 4610 populo

2214 3345 2318 3393 σιν,
2344 3326 2418 3389 ὡς
2445 3326 2504 3379 τό
2526 3343 2540 3357 ·
2590 3325 2941 3392 Ἀποκριθεὶς
2974 3324 3042 3377 δὲ
3078 3326 3109 3377 ὀ
3144 3321 3365 3390 Πέτρος
3396 3317 3565 3374 εἶπεν
3605 3317 3792 3382 αὐτῷ.

2214 3419 2496 3492 [Φράσον
2557 3419 2670 3490 (52)
2730 3418 2875 3488 ἡμῖν
2935 3417 3050 3485 τὴν
3121 3414 3476 3485 παραϐολὴν
3526 3416 3791 3478 ταύτηνῄ

2213 3513 2351 3566 Ποτὲ
2390 3513 2468 3576 δὲ,
2505 3511 2763 3581 περιττὸν
2803 3511 3077 3564 τέθειται·
3109 3509 3185 3572 ὡς
3216 3509 3313 3560 τό·
3354 3508 3715 3573 Ἀποκριθεὶς
3761 3505 3796 3556 ὁ

2213 3606 2436 3675 Πέτρος
2460 3603 2631 3661 εἶπεν
2651 3603 2808 3669 αὐτῷ
2824 3602 2862 3675 ο]
2894 3606 2962 3658 Ei
2982 3603 3208 3666 πάντες
3227 3599 3802 3666 σκανδαλισθήσον-

2212 3718 2307 3756 ται
2367 3702 2438 3754 ὲν
2493 3699 2614 3767 σοὶ,
2680 3699 2796 3769 ἐγὼ
2853 3698 2920 3751 δὲ
2987 3695 3275 3750 οὐδέποτε
3334 3690 3798 3756 σκανὸηιλισθιῆ-

2213 3809 2395 3864 σομαι
2413 3807 2428 3823 ⁸
2452 3793 2675 3864 καὶγὰρ
2696 3795 2723 3845 ὁ
2745 3791 2971 3862 Μάρκος
2995 3789 3264 3860 παρέλιπε
3287 3786 3368 3851 τὺ,
3405 3785 3797 3853 Ἀποκριθεὶς,

2213 3889 2309 3941 καὶ
2356 3883 2547 3941 εἶπενο
2586 3886 2652 3939 '0
2702 3884 2771 3938 δὲ
2811 3883 3027 3950 Πέτρος
3061 3883 3174 3950 ἔφη
3213 3877 3400 3944 αὐτῷ·
3458 3878 3574 3930 ἔστι
3624 3877 3671 3929 δ’
3707 3880 3798 3931 ὅτε

2212 3979 2364 4046 δηλοῖ
2387 3978 2483 4029 καὶ,
2508 3976 2607 4045 τὴν
2638 3973 2910 4046 ἐρώτησιν
2935 3973 3010 4034 ὼς
3034 3971 3094 4023 τό
3116 3987 3130 4002 ο
3180 3967 3496 4035 Ἀπεκρίθη
3527 3964 3736 4028 αὐτοῖς
3766 3967 3799 4016 ὁ

2227 4069 2472 4138 Ἰησοῦς
2491 4084 2504 4098 ·
2558 4070 2681 4122 Οὐκ
2709 4065 2825 4136 ἐγὼ
2872 4063 3032 4134 ἡμᾶς
3081 4061 3223 4127 τοὺς
3252 4059 3482 4112 δώδεκα
3512 4056 3799 4120 ἐξελεξά-

2219 4181 2362 4234 μην.

2288 4433 2715 4504 Ἐξομολὸγησιν
2738 4431 2796 4486 δὲ
2825 4431 2942 4496 νῦν,
2970 4429 3070 4500 τὴν
3094 4425 3449 4498 εὐχαριστίαν
3475 4423 3660 4492 λέγει·
3685 4421 3798 4476 Καὶ

2219 4528 2420 4596 σοφοὺς
2455 4525 2576 4596 μὲν,
2613 4525 2708 4577 καὶ
2742 4524 3026 4587 συνετοὺς,
3060 4523 3189 4584 τοὺς
3217 4519 3360 4572 οὕτω
3393 4517 3689 4579 δοκοῦντας
3721 4515 3803 4575 τῶ

524 4631 874 4698 videbantur,
929 4641 1060 4702 puta
1106 4632 1323 4686 Scribas
1358 4644 1413 4687 et
1460 4609 1784 4688 Pharisaeos.
1843 4609 2098 4687 Parvulos

2212 4620 2348 4690 λαῷ.
2371 4616 2743 4690 Γραμματέας
2779 4615 2873 4669 καὶ
2902 4615 3230 4684 Φαρισαίους
3251 4627 3264 4642 ⁸
3299 4611 3527 4680 νηπίους
3560 4609 3640 4674 δὲ,
3670 4610 3802 4670 τοὺς

524 4735 681 4784 vero,
705 4722 983 4790 apostolos
1014 4731 1238 4792 propter
1263 4723 1671 4792 simplicitatem
1746 4731 1802 4777 ct
1855 4723 2114 4776 innocen-

527 4814 654 4866 tiam
703 4828 767 4867 ac
796 4813 1191 4868 sinceritatem.
1256 4813 1468 4870 Gratias
1496 4816 1592 4870 tibi
1623 4817 2115 4887 ago,inquit,quod

527 4905 887 4960 absconderis
964 4906 1088 4962 ﬁdei
1119 4908 1374 4977 mysteria
1407 4923 1436 4962 a
1480 4910 1817 4978 sapientibus
1877 4918 1930 4963 ct
1989 4925 2119 4978 pru-

525 4996 806 5057 dentibus.
839 4997 930 5052 illa
979 5013 1312 5069 cognoscere
1340 5000 1657 5054 nolentibus
1696 5018 1709 5054 :
1748 5011 1802 5055 et
1853 5001 2111 5056 revelaris

527 5105 586 5142 ea
623 5090 884 5159 parvulis,
925 5092 1048 5146 laeto
1065 5093 1250 5148 animo
1279 5095 1395 5164 ipsa
1421 5095 1869 5163 suscipientibus.
1893 5094 2108 5148 Gratias

529 5193 709 5236 autem
731 5197 895 5253 agens
927 5183 1095 5253 Patri,
1120 5187 1513 5242 demonstravit
1544 5204 1601 5242 se
1620 5187 1816 5241 Filium
1846 5188 1964 5255 ejus
1991 5204 2111 5243 csse

603 5346 648 5416 ‘7‘
686 5347 874 5401 Matth.
904 5365 1014 5416 xvr,
1056 5353 1144 5406 16.

1246 5352 1293 5383 "’
1323 5351 1512 5406 Matth.
1550 5369 1643 5415 xv,
1679 5352 1767 5414 '27,
1801 5351 1893 5405 28.

535 5418 580 5448 ⁵⁸
615 5415 772 5471 Joan.
805 5435 879 5482 vi,
905 5419 991 5473 70.

2000 5352 2044 5382 ⁵⁸
2079 5349 2268 5405 Matth.
2302 5365 2394 5411 xv,
2434 5346 2517 5398 i5.

2212 4712 2578 4775 ἀποστόλους,
2633 4710 2723 4763 διὰ
2776 4711 2838 4763 τὸ
2893 4709 3124 4774 ἄκακον,
3186 4707 3283 4759 καὶ.
3339 4704 3636 4774 ἁπόνηρον,
3704 4705 3802 4755 καὶ

2214 4803 2437 4872 ἀφελές.
2467 4802 2791 4872 Εὑχαριστῶ
2839 4817 2944 4864 σοι,
2981 4802 3168 4868 φησιν,
3217 4801 3299 4852 ὅτι
3351 4796 3680 4866 ἀπέκρυψας
3730 4795 3800 4848 τὰ

2219 4897 2319 4965 τῆς
2374 4896 2610 4957 πίστεως
2664 4895 2943 4964 μυστήρια
2987 4892 3097 4946 ἀπὸ
3152 4889 3332 4958 σοφῶν
3391 4891 3486 4942 καὶ.
3537 4887 3799 4951 συνετῶν,

2226 4992 2301 5060 μὴ
2347 4989 2691 5058 θελησάντων
2723 4985 3024 5053 ἐπιγνῶναι
3058 4982 3250 5047 ταῦτα,
3296 4984 3388 5034 καὶ
3435 4978 3799 5047 ἀπεκάλυψας

2222 5083 2364 5136 αὐτὰ
2430 5083 2666 5152 νηπίοις,
2717 5083 2830 5143 τοῖς
2883 5074 3350 5148 παραδεξαμένοις
3400 5073 3559 5126 αὐτὰ.
3625 5073 3804 5141 Εὐχα-

2226 5185 2488 5253 ριστήσας
2551 5178 2649 5247 μὲν
2707 5174 2800 5228 οὖν
2854 5174 2932 5243 τῷ
2991 5172 3196 5242 lla-cpt,
3265 5170 3375 5240 (ὃὸ)
3429 5165 3660 5229 ἔδειξεν,
3717 5165 3802 5216 ὅτι

2620 5342 2666 5373 ⁵⁸
2691 5339 2877 5394 Matth.
2916 5347 3059 5404 χχιιι,
3095 5340 3183 5392 55.
3282 5338 3326 5367 ⁸⁷
3355 5335 3520 5389 Marc.
3563 5352 3672 5402 xiv,
3707 5337 3799 5393 29.

1731 5485 1936 5546 Varize
1972 5484 2278 5546 lectiones
2318 5490 2380 5544 et
2413 5488 2602 5544 notae.

609 5655 723 5727 (52)
747 5655 958 5709 inclusa
992 5655 1044 5708 in
1071 5656 1312 5726 margine
1348 5654 1510 5708 habet
1535 5653 1594 5709 Β.

611 5817 682 5883 (c)
725 5813 856 5866 Sunt
902 5822 1074 5865 autem
1099 5851 1112 5874 ,
1148 5822 1250 5865 etc.
1298 5810 1865 5881 Signiﬁcantissinmm
1901 5819 2080 5883 autem
2103 5846 2117 5869 ,

541 5880 713 5954 usque
773 5886 835 5936 ad
899 5883 1096 5935 m-lnm
1154 5891 1205 5934 ct
1265 5880 1432 5950 usque
1489 5883 1552 5934 ad
1617 5883 1874 5934 infernos.
1935 5880 2116 5947 Siqui-

2296 5649 2408 5719 (55)
2443 5649 2744 5712 ἀπέδειξεν.
2779 5651 2843 5701 Α.

2225 5808 2376 5861 dem.
2415 5817 2520 5861 etc.

2299 5847 2376 5947 (Ili
2404 5879 2465 5931 (fl
2493 5884 2662 5947 rapite
2688 5913 2753 5922 -—
2783 5881 2961 5946 hujus.
2989 5878 3109 5931 "me
3132 5878 3184 5930 in
3224 5876 3356 5930 meis
3387 5877 3545 5930 codd.
3579 5878 3797 5932 absunt.
