4020 6570
162 500 240 562 3εὸ
974 483 1368 548 COMMENT.
1414 480 1497 540 IN
1541 474 2024 538 MATTILEUM.
2065 498 2135 512 τ-
2176 474 2333 535 CAP.
2379 468 2518 533 XX.

3307 467 3412 529 {£56

163 619 370 688 είρηκεν,
391 612 418 666 ὅ
451 611 588 675 ἐστι,
621 604 923 677 τρίϐοντες.
975 601 1242 654 Ἐπείνων
1270 598 1402 666 γὰρ,
1432 587 1523 688 οἱα
1569 589 1714 688 λιμῷ

1850 589 2158 652 suriebant,
2191 596 2454 659 tanquam
2487 585 2634 640 fame
2663 585 2935 654 compulsi
2973 583 3079 639 hoc
3109 582 3408 641 facientes:

163 682 442 777 μαχομενοιδ
473 699 681 773 βραχέα
702 697 802 768 μὲν
820 694 930 765 γὰρ
956 692 1053 747 τοῦ
1085 691 1339 762 σώματος
1370 682 1708 757 ἐφρόντιζον

159 801 204 852 τὸ
224 799 320 851 πᾶν
349 795 406 849 δὲ
426 797 494 866 τῇ
518 792 786 864 ἀκροάσει
813 787 910 842 καὶ¹
943 785 1272 859 προσεδρείᾳ
1314 780 1431 851 (69.)
1462 778 1556 832 τοῦ
1599 777 1715 829 Σω-

158 895 290 961 τῆρος
325 890 538 958 ἔνεμον,
567 887 666 940 καὶ
698 884 786 938 διὰ
810 881 970 936 τοῦτο
993 880 1315 948 ὲλίμωττον.

210 981 342 1037 Οίδὲ
399 977 708 1048 Φαρισαῖοι
761 1003 833 1016 ——
877 973 1182 1035 Σαϐϐάτῳ.
1259 969 1318 1022 '0
1379 969 1438 1022 δὲ
1496 961 1715 1027 Λουκᾶς

157 1088 297 1141 φησιν
322 1074 403 1126 ὅτι
433 1075 547 1135 τοῖς
578 1070 848 1139 μαθηταῖς
891 1066 1040 1120 οὗτοι
1092 1062 1270 1118 εἷπον·
1329 1063 1391 1116 Τί
1419 1059 1645 1114 ποιεῖτε
1683 1057 1716 1111 ὃ

153 1165 242 1216 οὐκ
270 1162 469 1227 ἔξεστι
497 1160 696 1215 ποιεῖν
727 1160 799 1214 ἐν
828 1157 952 1225 τοῖς
977 1155 1246 1212 Σὰὄσασι
1281 1171 1299 1220 ;
1332 1156 1440 1209 Καὶ
1485 1152 1555 1222 γᾶ
1565 1169 1594 1221 ρ
1622 1151 1718 1203 καὶ

155 1252 329 1320 τούτῳ,
386 1252 665 1313 κάκείνοις
718 1251 894 1303 ταῦτα
947 1243 1105 1301 εἷπον
1139 1249 1190 1300 οἱ
1223 1245 1587 1316 σμικρολόγοι
1624 1242 1718 1296 καὶ

155 1340 514 1411 μεμψίμοιροι.
538 1341 649 1392 Καὶ
677 1339 808 1410 περὶ
841 1340 1051 1392 ἐκείνου
1097 1338 1200 1406 μὲν
1236 1337 1461 1403 είρηκεν
1503 1337 1530 1388 ὁ
1561 1336 1716 1388 Ματ-

156 1434 310 1498 Θαῖος
373 1434 502 1501 περὶ
563 1433 770 1486 τούτων
812 1432 868 1486 δὲ
917 1434 1211 1495 ὁΛουκᾶς.
1279 1432 1392 1484 Καὶ
1445 1427 1717 1498 πολλαχοῦ

151 1525 356 1577 τοιαῦτα
407 1523 674 1585 πολλάκις
706 1524 988 1595 εὑρήσεις.
1024 1522 1376 1595 Ἐμέμψαντο
1412 1521 1469 1575 δὲ
1516 1520 1577 1574 τὸ
1607 1520 1720 1573 τίλ-

151 1612 266 1680 λειν,
306 1615 381 1679 ὡς
409 1613 594 1686 ἔργον,
619 1615 682 1668 ού
716 1614 779 1668 τὺ
810 1614 1033 1669 ἐσθίειν.

215 1794 274 1851 'D
289 1794 356 1849 δὲ
386 1794 636 1864 Ἰησοῦς
663 1826 734 1838 -
757 1795 972 1866 μόνοις
1003 1810 1023 1860 ;
1063 1794 1153 1850 Ἑν
1195 1797 1262 1867 τῇ
1302 1793 1498 1868 πρώτῃ
1549 1795 1720 1866 βίὸλῳ

149 1888 243 1942 τῶν
271 1886 569 1944 Βασιλειῶν
623 1889 910 1960 ἱστόρηται
958 1890 1042 1943 ὅτι
1072 1887 1262 1955 Δαυτδ,
1307 1888 1720 1952 ὲπιόουλευθεὶς

151 1981 238 2035 ύπδ
263 1982 459 2048 Σαοὺλ,
489 1981 584 2035 τοῦ
617 1981 752 2035 ἱδίου
784 1981 1078 2052 πενθεροῦ,
1110 1984 1207 2036 καὶ
1253 1981 1475 2050 φεύγων
1529 1981 1718 2043 αὑτὸν,

149 2077 404 2140 ἐπείνασε,
427 2076 523 2129 καὶ
553 2071 807 2130 ἀπελθὼν
842 2076 922 2137 είς
945 2074 1174 2144 Nomia.
1203 2075 1361 2128 πόλιν
1395 2075 1503 2128 τῶν
1530 2076 1723 2147 ἱερέων

149 2167 228 2218 τοῦ
261 2165 418 2231 Θεοῦ,
466 2167 909 2238 προσεποιήσατο
937 2169 1090 2236 παρὰ
1112 2166 1288 2220 Σαοὺλ
1325 2165 1438 2237 (65)
1473 2167 1570 2220 τοῦ
1622 2165 1722 2236 βα-

152 2255 324 2322 σιλέως
350 2257 729 2327 ἀποσταλῆναι
769 2257 907 2327 πρὸς
939 2258 1132 2327 χρείαν
1158 2259 1306 2322 τινὰ,
1334 2258 1431 2310 καὶ
1454 2259 1724 2328 ἐζήτησεν

151 2347 359 2418 ἄρτους,
397 2351 492 2402 καὶ
556 2348 633 2420 μὴ
698 2347 878 2418 εὑρὼν
920 2349 1114 2414 ἄλλους
1178 2350 1323 2404 κατὰ
1376 2349 1469 2404 τὸν
1531 2351 1725 2420 καιρὸν

151 2442 364 2506 ἐκεῖνον,
407 2442 568 2494 ἔλασε
620 2445 774 2513 παρὰ
804 2443 900 2497 τοῦ
936 2445 1158 2512 ἱερέως,
1213 2445 1302 2497 διὰ
1336 2445 1433 2514 τὴν
1475 2445 1725 2515 ἀνάγκην

151 2535 235 2587 τού
281 2534 467 2604 λιμοῦ,
528 2536 656 2599 τοὺς
687 2537 786 2607 τῆς
819 2537 1157 2608 προθέσεως.
1199 2537 1266 2591 Ἢ
1321 2538 1379 2590 δὲ
1437 2538 1724 2608 πρόθεσις,

150 2631 384 2702 τράπεζα
411 2626 482 2702 ἦν
513 2632 569 2684 δν
597 2630 675 2700 τῷ
719 2629 853 2701 ναῷ,
884 2632 970 2699 ἐφ’
1015 2627 1082 2704 ἧς
1109 2634 1158 2685 οἱ
1192 2631 1351 2702 ἄρτοι
1383 2633 1480 2702 τῆς
1533 2633 1727 2696 θυσίας

154 2723 481 2792 προέκειντο·
515 2725 612 2776 καὶ
657 2723 844 2776 λαϐὼν
878 2724 1083 2792 ἔφαγεν
1136 2724 1302 2788 αὐτὸς
1353 2726 1447 2779 καὶ
1481 2726 1550 2778 τὰ
1607 2725 1727 2795 μετ’

152 2815 305 2867 αὑτοῦ
338 2816 624 2886 παιδάρια.
665 2816 729 2869 Ἡ
775 2816 874 2886 μὲν
914 2816 1008 2870 οὖν
1053 2818 1267 2888 ἱστορία
1296 2818 1547 2887 τοιαύτη.

217 2907 285 2961 Τὸ
328 2909 407 2971 δὲ,
441 2908 568 2964 Οὐκ
599 2909 745 2974 ἐξὸν
776 2906 877 2980 ἦν,
913 2913 1036 2964 ἀντὶ
1069 2911 1188 2977 τοῦ,
1224 2912 1302 2965 Οὐ
1366 2929 1720 2985 συγκεχωρη-

155 3002 304 3069 μένον
348 2999 416 3072 ἦν
444 3003 597 3073 παρὰ
625 3003 720 3056 τοῦ
753 3004 946 3074 νόμου.
981 3003 1201 3073 Ταύτην
1253 3006 1310 3058 δὲ
1354 3005 1453 3075 τὴν
1486 3007 1731 3077 ἱστορίαν

161 3095 481 3166 προεϐάλετο
519 3098 632 3159 τοῖς
679 3097 1003 3167 Φαρισαίοις
1026 3099 1054 3150 ὁ
1089 3099 1353 3170 Χριστὸς,
1389 3102 1469 3165 είς
1496 3118 1734 3169 συνηγο-

157 3191 269 3258 ρίαν
311 3190 419 3243 τῶν
450 3191 712 3261 μαθητῶν
731 3192 921 3257 αὑτοῦ,
951 3193 1237 3258 δεικνύων,
1267 3195 1352 3249 ὅτι
1395 3199 1735 3267 συγγνώμης

1817 681 2089 752 siquidem
2119 682 2407 737 minimam
2443 685 2698 754 corporis
2730 699 2920 739 curam
2976 682 3262 756 gerebant,
3315 682 3411 736 sed

1817 775 1965 827 omni
1993 781 2244 844 tempore
2277 775 2466 829 auditu
2499 786 2552 830 et
2583 776 2906 832 assiduitate
2947 775 3247 831 Salvatoris
3270 777 3412 831 deti-

1819 865 2117 928 nebantur,
2145 874 2200 921 et
2249 867 2372 921 ideo
2441 867 2586 923 fame
2634 871 3048 939 premebantur.

1891 958 2051 1013 Vers.
2079 961 2133 1012 2.
2192 959 2460 1014 Pltariswi
2492 971 2673 1015 autent
2699 990 2762 1001 -—
2786 959 3038 1016 Sabbalo.
3082 959 3256 1015 Lucas
3289 977 3416 1016 vero

1819 1055 1919 1111 ait.
1947 1053 2095 1122 quod
2129 1053 2199 1106 ita
2229 1053 2474 1110 dixerint
2504 1055 2794 1126 discipulis
2829 1073 2840 1111 :
2887 1053 3027 1120 Quid
3059 1056 3235 1125 facitis
3280 1058 3418 1126 quod

1820 1161 1923 1198 non
1954 1145 2078 1198 licet
2104 1147 2282 1216 facere
2310 1144 2563 1203 Sabbatis
2591 1148 2686 1202 “'?
2725 1148 2998 1218 siquidem
3036 1157 3094 1204 et
3114 1149 3336 1203 Christo
3367 1162 3420 1204 et

1821 1237 2108 1308 discipulis
2135 1239 2252 1293 haec
2279 1239 2561 1300 dixerunt.
2599 1241 2762 1296 anxie
2781 1241 2928 1296 circa
2953 1241 3221 1296 minutula
3253 1258 3421 1298 occu-

1821 1335 1959 1402 pati,
2015 1350 2081 1389 ac
2124 1336 2387 1406 carpendi
2454 1347 2770 1406 quaerentes
2822 1337 3208 1393 occasionem:
3251 1349 3307 1393 et
3355 1339 3422 1393 de

1826 1435 1926 1480 hoc
1958 1427 2339 1495 quidemdixit
2388 1427 2706 1495 Mattlmus,
2745 1430 2812 1484 de
2846 1430 2954 1484 illis
2974 1439 3158 1484 autem
3222 1431 3420 1494 Lucas,

1825 1516 2066 1588 taliaque
2101 1518 2428 1588 frequenter
2466 1520 2736 1576 invenies.
2766 1521 3198 1593 lttdignabantur
3240 1535 3422 1579 autent

1822 1611 1969 1680 quod
2007 1610 2294 1676 vellerent,
2328 1626 2392 1667 ac
2419 1612 2464 1667 si
2483 1626 2623 1683 opus
2652 1621 2822 1678 esset,
2857 1629 2967 1668 non
2999 1615 3148 1685 quod
3186 1616 3424 1671 mandu—

1824 1713 2036 1758 carent.

1899 1795 2056 1851 Vers.
2097 1798 2151 1851 3.
2182 1797 2339 1852 Jews
2368 1807 2712 1854 autem—v.
2761 1801 2815 1856 4.
2869 1801 3019 1856 solis.
3085 1801 3270 1858 Primo
3317 1803 3428 1859 Re-

1825 1904 1951 1956 gum
1984 1890 2264 1946 volumine
2298 1893 2565 1964 scriptum
2599 1905 2686 1950 est
2712 1895 2781 1958 ⁸⁸.
2821 1896 2968 1965 quod
3005 1894 3176 1950 David
3211 1897 3429 1952 insidiis

1824 1979 2103 2049 appetitus
2137 1981 2267 2035 Saul
2295 1983 2474 2038 soceri
2498 1983 2605 2047 sui,
2641 2000 2706 2039 ac
2736 1985 2977 2056 fugiens,
2999 1986 3195 2041 esuriit
3221 2007 3234 2053 ;
3260 1997 3317 2043 et
3349 1990 3431 2044 in-

1826 2087 2050 2141 gressus
2079 2073 2232 2129 Nobe
2262 2076 2541 2131 civitatem
2556 2078 2907 2133 sacerdotum
2947 2080 3061 2144 Dei,
3099 2079 3257 2136 finxit
3283 2086 3428 2151 quod

1826 2165 2062 2234 quadam
2097 2167 2437 2222 necessitate
2463 2169 2666 2224 missus
2691 2179 2842 2224 esset
2899 2186 2928 2225 a
2961 2187 3089 2243 rege
3143 2173 3296 2236 Saul,
3334 2191 3430 2246 pa-

1828 2271 2038 2325 rtesque
2074 2257 2290 2327 petivit,
2337 2273 2575 2329 eumque
2598 2275 2729 2316 casu
2758 2261 2896 2316 alios
2957 2278 3068 2318 non
3101 2264 3428 2327 invenisset.

1829 2349 2042 2419 accepit
2073 2365 2103 2404 a
2138 2352 2428 2407 sacerdote
2469 2351 2618 2408 fame
2671 2355 2991 2425 compulsus
3035 2359 3433 2428 propositionis

1831 2456 2021 2511 panes.
2097 2443 2407 2514 Propositio
2464 2457 2646 2501 autem
2705 2448 2822 2513 illa,
2856 2459 2976 2505 erat
3024 2467 3237 2518 mensa,
3270 2469 3435 2524 Super

1829 2549 1993 2604 quam
2036 2549 2205 2604 panes
2235 2537 2533 2594 oblationis
2573 2539 2626 2592 in
2663 2543 2868 2610 templo
2913 2541 3076 2610 positi
3114 2556 3306 2610 erant;
3380 2554 3436 2598 rt

1831 2637 2088 2695 acceptos
2118 2630 2358 2682 comedit
2391 2630 2528 2700 ipse,
2571 2641 2628 2687 et
2656 2632 2816 2702 pueri
2850 2634 2942 2704 qui
2967 2650 3094 2690 eum
3125 2651 3193 2693 eo
3253 2648 3434 2692 erant.

1835 2715 1961 2774 Haec
1987 2719 2171 2789 itaque
2206 2733 2290 2777 est
2323 2723 2574 2782 historia.

1909 2898 2044 2962 Illud
2071 2919 2278 2971 autem.
2313 2910 2435 2966 Non
2466 2912 2678 2978 licebat,
2723 2912 2776 2968 id
2809 2923 2914 2979 est,
2949 2911 3066 2968 Non
3109 2925 3230 2970 erat
3259 2932 3287 2970 a
3321 2917 3438 2988 lege

1834 3017 2182 3056 concessum.
2205 3003 2356 3058 llanc
2378 3020 2509 3060 vero
2537 3004 2824 3060 historiam
2856 3006 3112 3063 Christus
3143 3008 3438 3064 Pbarisuéi;

1836 3093 2040 3161 obiecit
2071 3095 2122 3147 in
2161 3095 2525 3164 patro«:iniuin
2561 3096 2962 3166 discipulorum
3000 3115 3228 3154 suorum
3275 3121 3289 3155 :
3341 3117 3436 3156 os-

1840 3189 2074 3241 tendens
2103 3189 2248 3255 quod
2299 3190 2458 3242 venia
2505 3189 2655 3261 digni
2699 3200 2889 3244 essent
2950 3205 3176 3262 propter
3211 3194 3435 3255 famem,

155 3283 282 3334 sic‘w
319 3284 485 3350 ἄξιοι,
517 3284 604 3338 διὰ
634 3286 725 3338 τὸν
765 3286 949 3358 λιμὸν,
978 3288 1047 3340 δι’
1078 3286 1137 3340 ὃν
1166 3288 1262 3342 καὶ
1279 3289 1444 3351 αὐτὸς
1469 3290 1497 3343 ὁ
1521 3289 1728 3360 περιώ-

1844 3288 2072 3348 propter
2123 3295 2288 3349 quam
2365 3281 2481 3344 ipse
2553 3297 2774 3352 quoque
2813 3284 2983 3337 David
3046 3285 3442 3342 famatissimus

156 3392 311 3443 ννμος
341 3375 510 3430 Δαυῗδ
539 3377 694 3431 ἔλυσε
723 3379 816 3430 τὸν
847 3379 1014 3447 νόμον
1046 3377 1154 3432 τῶν
1183 3379 1366 3449 ἄρτων
1389 3381 1487 3450 τῆς
1527 3382 1729 3452 προθέο

159 3483 304 3532 σεως,
337 3471 432 3523 καὶ
463 3471 525 3522 ού
561 3470 724 3540 μόνον
768 3472 870 3524 οὐκ
907 3473 1219 3544 ἐπετιμήθη
1249 3475 1400 3545 παρὰ
1449 3475 1545 3527 τοῦ
1583 3494 1733 3546 τηνι-

156 3560 320 3614 γιῦτα
342 3559 785 3634 ἐφημερεύοντος
815 3563 1031 3633 ἱερέως,
1067 3563 1204 3616 ἀλλὰ
1229 3566 1324 3618 καὶ
1360 3564 1566 3634 μᾶλλον
1599 3568 1730 3637 παρ’

158 3652 318 3705 αὑτοῦ
354 3653 582 3718 τούτους
620 3655 835 3709 ἔλαϐεν.

227 3746 296 3798 Ἦ
319 3747 432 3800 οὐκ
464 3779 530 3787 -
572 3749 780 3812 είσιν;
834 3749 1082 3819 Συνεχῶς
1130 3751 1444 3823 αὐτοῖς(64)
1485 3754 1733 3824 ἐπιλέγει

155 3835 231 3896 τὶ,
268 3835 388 3891 Οὐκ
435 3838 792 3907 ἀνέγνωτε;
839 3841 1122 3905 ὀνειδίζων
1152 3843 1367 3908 τούτοις
1423 3863 1732 3916 ματαιοπο-

155 3929 288 3988 νίαν,
309 3926 382 3991 ὡς
406 3927 481 3998 μὴ
503 3928 983 3996 ἐπιγινώσκουσιν,
1002 3931 1038 3985 ἃ
1054 3933 1518 4001 ἀναγινώσκουσι.
1547 3938 1734 4009 Νόμος

153 4016 209 4068 δὲ
236 4013 319 4088 ἦν,
351 4018 612 4084 κελεύων,
650 4021 818 4090 μηδὲν
842 4021 1005 4092 ἔργον
1038 4025 1096 4076 ὲν
1119 4023 1388 4097 Σαϐϐάτῳ
1417 4032 1613 4080 ποιεῖν·
1639 4030 1736 4083 καὶ

156 4110 313 4178 νῦμος
343 4113 505 4166 πάλιν
536 4114 750 4185 ἕτερος,
803 4116 1118 4186 ἐπιτρέπων
1156 4121 1270 4182 τοῖς
1327 4120 1535 4191 ἱερεῦσι
1587 4123 1735 4178 θύειν

156 4205 214 4254 ἐν
248 4205 527 4277 Σαϐϐάτῳ,
556 4209 649 4260 καὶ
673 4207 760 4261 διὰ
786 4209 882 4278 τὴν
914 4208 1103 4263 θυσίαν
1139 4210 1480 4280 ξυλοκοπετν,
1510 4218 1605 4271 καὶ
1623 4219 1736 4289 πῦρ

156 4299 433 4363 ἀνάπτειν,
477 4301 575 4353 καὶ
623 4306 976 4372 κρεανομεῖν,
1015 4305 1272 4360 manu
1330 4309 1454 4362 τινὰ
1507 4312 1734 4367 τοιαῦτα

157 4396 345 4446 ποιεῖν.
388 4395 500 4448 Καὶ
539 4396 615 4458 ὡς
667 4397 766 4464 μὲν
810 4397 950 4461 ὅλως
999 4399 1387 4472 ἐργαζόμενοι,
1437 4404 1736 4477 ὲὸεὸἠλουν

155 4483 218 4534 τὸ
256 4485 557 4553 Σάὸϐατον,
589 4488 795 4556 εἱτουν,
821 4490 1097 4560 ἐμίαινονο
1141 4494 1217 4558 ὼς
1245 4495 1302 4550 δὲ
1332 4497 1454 4567 ἱερὰ
1498 4501 1736 4570 ὲργαζό·

161 4593 327 4643 μενοι,
360 4581 591 4634 ἀναίτιοι
626 4578 791 4654 ἦσαν.
825 4584 937 4654 Τὴν
978 4586 1076 4656 μὲν
1099 4581 1192 4640 οὖν
1240 4589 1384 4643 κατὰ
1425 4590 1518 4644 τὸν
1569 4594 1734 4646 Δαυῒδ

1843 3367 2012 3424 solvit
2060 3370 2235 3442 legent
2267 3389 2470 3442 panum
2538 3376 2984 3444 propositionis:
3041 3394 3220 3449 neque
3265 3382 3440 3434 solum

1844 3472 2135 3531 correptus
2169 3479 2278 3517 non
2315 3475 2397 3520 est
2423 3482 2451 3519 a
2483 3467 2790 3532 sacerdote,
2835 3470 2923 3538 qui
2970 3480 3100 3525 tunc
3158 3483 3307 3529 sorte
3345 3490 3443 3528 sua

1841 3556 2213 3622 ministrabat,
2256 3559 2364 3612 imo
2392 3560 2574 3628 potius
2626 3564 2773 3630 ipsos
2802 3563 2871 3617 ab
2913 3565 3007 3619 illo
3042 3567 3277 3637 accepit.

1919 3736 2074 3793 Vers.
2116 3739 2170 3796 5.
2231 3739 2661 3798 Num—sunt?
2693 3742 2829 3814 Ipsis
2872 3743 3189 3814 frequenter
3254 3761 3446 3799 recen-

1844 3830 2040 3887 sebat:
2084 3832 2228 3887 Num
2263 3834 2461 3904 legistis
2488 3836 2513 3889 ?
2536 3837 2882 3907 exprobrans
2917 3838 3024 3892 illis
3059 3853 3261 3892 vanum
3296 3838 3448 3893 labo-

1848 3941 1986 3989 retn.
2020 3929 2188 3998 utqui
2221 3944 2329 3983 non
2382 3928 2752 4001 intelligerent
2802 3945 2946 4004 quae
2986 3930 3260 3999 legebant.
3307 3928 3442 3983 Nam

1847 4019 1933 4074 lex
1959 4028 2098 4087 erat,
2161 4037 2282 4091 quae
2344 4022 2701 4092 prmcipieliat
2759 4022 2972 4076 nullum
3031 4037 3170 4091 opus
3208 4022 3320 4074 fieri
3389 4023 3442 4075 iu

1849 4113 2093 4168 Sabbatn
2123 4132 2138 4181 ;
2195 4125 2250 4169 et
2307 4131 2500 4170 rursus
2536 4115 2705 4169 altera
2731 4115 2813 4170 lex
2844 4117 3171 4184 permittens
3189 4115 3450 4168 Sacerdo-

1849 4210 1994 4263 tibus
2013 4209 2461 4264 utsacriﬁcarent
2484 4207 2747 4272 Sabbato,
2772 4217 2827 4262 et
2850 4219 3075 4279 propter
3112 4211 3445 4265 sacrificium

1849 4303 1994 4372 liena
2064 4304 2416 4366 scinderent,
2462 4302 2642 4374 ignem
2706 4304 3118 4367 accenderent,
3185 4305 3449 4360 animula

1846 4396 2259 4468 pascerent(g),
2290 4409 2345 4451 et
2380 4396 2483 4450 alia
2534 4395 2783 4464 quaedam
2821 4396 3019 4451 similia
3065 4397 3330 4453 facerent.
3381 4401 3448 4454 Et

1835 4500 1994 4546 .certe
2019 4490 2244 4546 omnino
2265 4490 2658 4559 Operabantur,
2682 4499 2738 4544 ct
2759 4491 2829 4543 ita
2846 4489 3147 4545 Sabbatum
3182 4491 3436 4561 profaua~

1847 4584 2117 4639 bantsive
2146 4583 2620 4646 containinabant,
2668 4585 2763 4636 sed
2815 4594 3074 4651 tanquam
3120 4601 3207 4639 res
3258 4599 3446 4639 sacras

159 4671 397 4740 ἱστορίαν
443 4675 680 4742 τέθεικε,
725 4678 1062 4750 συγγνώμης
1097 4683 1226 4745 τοὺς
1260 4682 1516 4754 μαθητὰς
1542 4685 1728 4752 ἀξιῶν,

1849 4687 2168 4750 operantes,
2217 4677 2337 4731 sine
2385 4677 2614 4732 crimine
2665 4687 2842 4732 erant.
2906 4677 3202 4732 Historiam
3259 4680 3447 4749 itaque.

157 4761 230 4826 ὡς
249 4767 588 4837 προέφημεν·
631 4770 691 4821 τὸ
711 4769 769 4821 δὲ
799 4770 974 4840 παρὸν
998 4771 1112 4843 (65)
1142 4772 1302 4826 ἔλαϐε
1354 4776 1736 4849 παράδειγμα,

159 4855 415 4912 δεικνύων
447 4861 513 4912 ἐκ
552 4861 893 4929 περιουσίας,
947 4863 1030 4918 ὅτι
1066 4865 1351 4930 παντελῶς
1388 4869 1529 4922 είσιν
1580 4872 1737 4925 ἀναί-

154 4963 276 5004 τιοι.

227 5043 336 5094 Καὶ
374 5045 478 5118 ὅρα
503 5046 611 5099 ἀπὸ
641 5049 826 5101 πόσων
878 5047 1042 5103 τοῦτο
1075 5053 1486 5119 κατασκευάζει
1526 5072 1540 5120 ;
1583 5055 1743 5126 Πρῶ-

157 5151 246 5187 τον
275 5142 384 5194 ἀπὸ
419 5140 516 5193 τοῦ
554 5141 876 5211 προσώπου·
913 5142 978 5198 Ol
1012 5145 1191 5213 Ιερεῖς
1223 5147 1356 5218 γὰρ,
1398 5149 1568 5218 φησίν
1597 5165 1609 5178 ·
1648 5143 1772 5206 εἶτα

223 5323 425 5381 “Luc.
456 5344 532 5389 γι,
560 5327 610 5380 1.
691 5329 735 5362 ⁸⁸
767 5331 781 5383 Ι
813 5331 942 5403 Reg.
978 5348 1089 5398 ut,
1116 5335 1136 5386 ι
1166 5349 1316 5406 seqq.

1849 4773 2015 4828 David
2047 4771 2254 4843 posuit,
2279 4771 2583 4840 discipulos
2627 4772 2789 4826 venia
2826 4771 3020 4841 dignos
3049 4771 3326 4842 judicans,
3388 4785 3445 4826 ut

1851 4866 2224 4935 praediximus.
2273 4864 2521 4919 Praesens
2577 4875 2759 4918 autem
2837 4864 3074 4934 sumpsit
3109 4866 3446 4934 exemplum,

1849 4960 2067 5014 aliunde
2097 4961 2400 5014 ostendens
2422 4957 2566 5027 quod
2599 4959 2829 5011 omnino
2863 4956 2982 5010 sine
3010 4957 3241 5011 crimine
3259 4966 3438 5010 erant.

1927 5057 1990 5110 Et
2026 5054 2149 5109 vide
2184 5070 2212 5107 a
2244 5062 2380 5122 quot
2411 5052 2660 5122 partibtts
2697 5052 2800 5105 ltoc
2849 5050 3279 5106 confirmaverit.
3329 5042 3445 5104 Pri;

1889 5165 2042 5204 nium
2075 5164 2102 5203 a
2126 5163 2359 5219 persona
2387 5146 2759 5211 :Saccrdoles,
2796 5145 2992 5214 inquit.
3031 5143 3237 5199 Deinde
3268 5159 3296 5197 a
3325 5144 3447 5198 loco

1353 5498 1563 5562 Varia:
1598 5498 1911 5561 lectiones
1959 5505 2019 5561 et
2057 5506 2249 5560 nota).

229 5662 346 5746 (ﬁgi
382 5665 681 5746 προσεδρίᾳ

225 5737 342 5804 (63)
368 5737 481 5798 τοῦ,
516 5739 694 5791 abest.
723 5739 784 5791 Λ.

1936 5669 2046 5734 (64)
2082 5668 2228 5734 λέγει
2258 5668 2319 5720 Α.

1929 5733 2042 5808 (liii)
2077 5733 2366 5809 προέλαϐε,
2398 5752 2497 5805 pro
2533 5735 2706 5806 12:1in
2739 5733 2895 5786 ἔλαϐε
2937 5733 3000 5786 Λ.

226 5922 298 5991 (τι)
331 5923 607 5978 Animalia
631 5933 918 5991 νηπίη-(ηε.
980 5923 1136 5991 Exta,
1174 5941 1385 5984 carnes.
1422 5933 1674 5981 secarent
1700 5939 1728 5978 e

1844 5923 2108 5980 viderent.
