4020 6530
518 345 629 406 379

1755 334 2133 397 EUTHYMII
2175 332 2537 394 ZIGABENI

3678 316 3789 382 3530

518 470 625 523 que
650 453 921 510 damonis
949 452 1194 524 ejiciunt,
1225 464 1327 506 nec
1356 457 1685 504 accusantur
1713 463 1744 501 a
1770 445 1943 507 vobis,
1976 459 2103 516 pro-

2223 443 2305 497 ιαὶ
2328 441 2485 496 αὐτοὶ
2510 440 2791 509 δαιμόνια,
2812 437 2910 493 καὶ
2955 437 3069 510 (81)
3114 435 3217 492 οὐκ
3256 431 3619 523 ἔγχαλοῦνται
3654 446 3773 524 παρ

527 556 716 612 pterea
752 548 853 617 ipsi
910 548 1123 617 judices
1174 543 1340 597 vestri
1395 551 1605 596 erunt:
1652 550 1711 595 et
1766 538 2103 594 condemna-

521 638 663 693 bunt
697 654 828 705 vos;
859 653 969 692 non
1010 635 1080 691 de
1126 634 1401 697 omnibus,
1465 648 1587 704 qua:
1636 634 1691 686 in
1726 632 1837 685 vita
1917 642 2108 699 perpev

523 731 761 795 trastis;
818 746 943 784 nam
996 729 1049 783 id
1114 728 1283 783 solius
1339 728 1432 781 Dei
1494 735 1620 790 est,
1680 725 1774 778 sed
1866 723 1936 777 de
2005 722 2110 775 hac

523 822 882 891 blasphemia,
924 822 1205 890 quoniam,
1270 820 1377 876 illis
1406 819 1636 885 relictis,
1702 816 1832 871 moti
1876 814 2106 878 invidia,

522 928 609 967 me
641 915 817 966 solum
870 914 1167 969 accusatis.
1209 912 1308 967 Vel
1362 920 1589 982 propter
1623 911 1746 972 hoc,
1800 907 1926 977 quia
1978 920 2106 959 cum

522 1003 635 1059 sint
664 1004 759 1059 ﬁlii
802 1007 990 1067 vestri,
1058 1014 1114 1061 et
1154 1006 1477 1075 agnoverint
1508 1003 1815 1062 veritatem,
1847 1001 2108 1053 condem-

523 1097 729 1149 nabunt
787 1112 881 1149 vos
925 1103 1110 1166 patres
1179 1110 1330 1159 suos,
1383 1093 1476 1162 qui
1551 1092 1693 1145 hanc
1756 1103 2105 1162 cognoscere

522 1188 798 1242 noluistis.

612 1280 768 1335 Vers.
797 1279 892 1337 28.
924 1278 984 1334 Si
1012 1309 1085 1320 —
1110 1296 1329 1350 regnum
1382 1278 1501 1333 Dei.
1547 1279 1588 1351 -ι-
1636 1278 1846 1350 Digitus
1875 1274 1970 1329 Dei
2022 1274 2110 1329 hic

518 1372 627 1426 dici
688 1380 868 1441 potest
911 1373 1155 1440 Spiritus
1229 1383 1475 1427 sanctus.
1522 1372 1657 1427 Cum
1730 1370 1875 1425 enim
1928 1366 2110 1422 caeteri

517 1465 871 1530 evangelista»
900 1458 1183 1519 dixerint:
1219 1464 1282 1519 Si
1304 1482 1397 1534 ego
1423 1481 1520 1531 per
1538 1463 1798 1535 Spiritum
1832 1461 1925 1514 Dei
1958 1460 2109 1526 eiicio

518 1554 801 1618 dwmuuia,
836 1553 1012 1608 Lucas
1037 1554 1174 1608 dixit
1200 1570 1221 1611 :
1248 1553 1309 1609 Si
1324 1570 1419 1626 ego
1445 1570 1539 1624 per
1575 1555 1797 1625 digitum
1833 1551 1929 1605 Dei
1958 1550 2111 1619 ejicio

523 1646 791 1697 dirmom’a
821 1645 889 1699 7’.

608 1732 904 1804 Postquam
955 1735 1378 1800 demonstravit,
1442 1738 1586 1805 quod
1651 1752 1759 1790 non
1814 1751 1910 1806 per
1961 1734 2115 1789 Beel-

2213 526 2391 606 ὑμῶν,
2453 534 2543 588 διὰ
2597 532 2758 586 τοῦτο
2809 530 2968 599 αὐτοὶ
2996 529 3151 601 ὑμῶν
3200 527 3416 580 εσονται
3452 517 3660 594 κριταὶ,
3690 519 3791 573 καὶ

2208 625 2639 697 κατακρινοῦσιν
2697 623 2862 694 ὑμᾶς*
2920 620 3023 675 οὐκ
3072 619 3165 673 ἐπὶ
3202 619 3316 680 τοῖς
3375 612 3733 685 βεϐιωμένοις
3770 624 3785 637 ·

2208 718 2368 771 τοῦτο
2420 721 2529 787 γὰρ
2593 717 2755 787 μόνου
2806 711 2967 767 Θεοῦο
3031 711 3151 766 ἀλλ’
3201 710 3295 763 ἐπὶ
3348 708 3415 778 τῇ
3459 700 3789 775 βλασφημίᾳ

2206 811 2403 881 ταύτῃ,
2439 811 2523 864 ότι
2548 810 2640 863 διὰ
2660 808 2857 879 φθόνον
2880 790 3168 876 ὶγκαλεῖτε
3196 802 3342 875 μόνῳ
3370 800 3512 870 ἐμοὶ,
3539 796 3791 858 ἐκείνους

2207 904 2460 973 ἀφέντες·
2509 902 2543 974 ἢ
2594 902 2682 956 διὰ
2715 900 2896 964 τοῦτο,
2937 898 3073 953 διότι
3125 897 3233 950 υίοὶ
3254 892 3408 974 ὑμῶν
3442 891 3616 955 δντες,
3654 886 3794 941 ἔ,πὲ-

2209 1012 2432 1065 γνωσαν
2480 973 2582 1063 τῆν
2620 992 2907 1064 ἀλήθειαν,
2965 973 3396 1057 κατακρινοῦσιν
3444 982 3613 1053 ὑμᾶς,
3657 978 3795 1040 τοὺς

2214 1091 2460 1157 πατέρας
2485 1085 2688 1152 αὐτῶν,
2719 1088 2796 1157 μὴ
2827 1083 3169 1152 θελήσαντας
3216 1077 3520 1146 ἐπιγνῶναι
3559 1071 3793 1137 ταύτην.

2288 1267 2352 1321 ει
2371 1295 2444 1304 -
2466 1262 2571 1317 τοῦ
2607 1260 2778 1315 Θεοῦ.
2818 1255 3115 1331 [Δάκτυλος
3149 1252 3261 1325 (82)
3286 1249 3450 1313 Θεοῦ,
3481 1248 3543 1303 τὸ
3563 1243 3797 1315 Πνεῦμα

2211 1360 2272 1413 τὸ
2293 1358 2470 1427 ἅγιον.
2510 1353 2634 1408 Τῶν
2670 1353 2780 1423 γὰρ
2821 1352 3001 1407 ἄλλων
3044 1344 3456 1416 εὐαγγελιστῶν
3498 1341 3794 1394 είπόντωνε

2211 1453 2283 1505 Et
2308 1449 2377 1503 δὲ
2405 1447 2521 1517 ἐγὼ
2545 1448 2616 1501 ἐν
2646 1445 2947 1514 Πνεύματι
2981 1440 3130 1496 Θεοῦ
3168 1435 3441 1492 ἐκϐάλλω
3482 1435 3555 1488 τὰ
3587 1431 3804 1500 dumd-

2211 1562 2331 1604 νια,
2364 1544 2394 1595 ό
2424 1541 2638 1604 Λουκᾶς
2665 1533 2841 1595 εἶπενο
2887 1539 2960 1591 Et
2987 1534 3055 1589 δὲ
3077 1534 3193 1604 ἐγὼ
3214 1532 3284 1587 ἐν
3326 1528 3603 1589 δακτύλῳ
3641 1522 3806 1578 Θεοῦ

2210 1634 2487 1689 ἐκϐάλλω
2508 1633 2581 1686 τὰ
2618 1626 2948 1700 δαιμόνια]

2303 1724 2649 1789 Ἀποδείξας,
2696 1722 2782 1775 δτι
2831 1720 2932 1773 οὐκ
2958 1721 3014 1772 ὲν
3070 1712 3405 1781 Βεελζεϐοὺλ
3436 1708 3691 1765 ἐκϐάλλει
3726 1707 3807 1761 τὰ

518 1824 677 1895 aebul
724 1827 951 1896 ejiceret
999 1829 1292 1893 daemonia,
1355 1804 1518 1885 simul
1578 1831 1745 1885 etiam
1783 1804 1849 1884 ex
1908 1844 2108 1884 conse-

2223 1818 2488 1888 Βαιμόνια,
2554 1813 2969 1880 συναπὲδειξεν,
3007 1812 3094 1873 ὅτι
3144 1807 3336 1862 λοιπὸν
3391 1806 3450 1859 ιν
3505 1804 3809 1871 Πνεύματι

518 1917 709 1987 quenti
766 1919 1024 1987 ostendit,
1067 1922 1215 1990 quod
1254 1936 1316 1974 ea
1365 1936 1464 1991 per
1517 1922 1789 1991 Spiritum
1847 1920 1943 1974 Dei
2003 1921 2107 1991 eji-

519 2019 689 2065 ceret.
745 2010 1011 2080 Spiritum
1043 2022 1228 2068 autem
1259 2014 1352 2067 Dei
1405 2032 1554 2069 nunc
1592 2016 1895 2085 potentiam
1926 2022 2107 2068 vocat.

521 2099 655 2152 Nam
719 2112 774 2156 et
821 2100 997 2157 Lucas
1024 2119 1043 2157 :
1082 2103 1185 2157 Per
1218 2106 1437 2175 digitum
1480 2105 1576 2158 Dei
1619 2105 1757 2159 dixit
1782 2108 1849 2167 ⁸ο,
1882 2106 2109 2167 hocest,

522 2205 617 2255 jzer
646 2192 866 2247 manum
900 2210 916 2258 ;
974 2209 1193 2248 manum
1217 2211 1345 2250 vero
1372 2196 1489 2259 Dei,
1529 2196 1822 2264 potentiam
1855 2195 1950 2249 Dei
1974 2195 2111 2249 dici-

531 2296 673 2333 mus.
724 2282 779 2336 Si
830 2297 957 2337 vero
983 2298 1085 2353 ego
1111 2299 1209 2353 per
1241 2285 1561 2353 potentiam,
1620 2286 1816 2353 inquit,
1869 2286 2110 2339 divinam

521 2371 686 2439 ejicio
748 2372 1064 2441 daemonia,
1131 2389 1243 2428 non
1300 2376 1455 2444 quasi
1516 2377 1703 2430 nudus
1747 2376 1948 2441 homo,
2017 2379 2116 2432 sed

521 2464 676 2530 quasi
732 2463 826 2517 Dei
892 2464 1082 2528 Filius,
1144 2466 1391 2535 profecto
1438 2469 1688 2537 pervenit
1729 2470 1796 2522 ad
1860 2486 1957 2524 vos
2022 2486 2111 2524 re-

524 2566 690 2619 gnum
782 2552 899 2607 Dei.
977 2554 1151 2608 Suum
1212 2567 1396 2611 autem
1466 2558 1599 2612 dicit
1646 2574 1898 2628 regnum,
1965 2562 2113 2629 quod

523 2644 778 2698 videlicet
838 2661 935 2714 per
983 2645 1263 2702 Christum
1314 2664 1436 2703 esse
1473 2658 1790 2713 venturum,
1830 2654 2113 2719 propheta:

523 2736 1048 2801 prmnuntiaverunt.
1081 2737 1211 2791 Nam
1239 2739 1409 2793 solius
1437 2738 1526 2793 Dei
1556 2750 1641 2794 est
1667 2757 1762 2809 per
1808 2744 2111 2809 potentiam

523 2824 765 2880 divinam
798 2828 1075 2883 (temones
1110 2830 1334 2898 ejicere.
1398 2833 1641 2901 Apostoli
1696 2848 1937 2902 namque
2006 2851 2115 2889 non

525 2916 749 2984 propria
790 2918 1060 2984 potentia.
1114 2920 1212 2973 sed
1270 2934 1366 2989 per
1402 2920 1647 2974 divinam
1702 2924 1929 2991 gratiam
1995 2924 2115 2978 illos

525 3006 847 3074 cjiciebant.
906 3007 1092 3079 Neque
1120 3010 1265 3064 enim
1304 3020 1599 3080 potuerunt
1644 3022 1902 3083 tanquam
1950 3012 2113 3080 Deus,

526 3100 622 3206 sed
669 3102 896 3171 gratiam
918 3118 958 3206 Ia
1008 3102 1118 3158 Deo
1164 3105 1457 3160 habebant.
1528 3105 1780 3161 Christus
1847 3108 2113 3178 siquidem
2142 3144 2190 3206 ρ

526 3192 648 3246 solo
692 3208 851 3260 jussu
900 3195 1177 3251 daemones
1224 3196 1483 3267 iugabat:
1539 3199 1616 3253 illi
1677 3216 1808 3254 vero
1870 3216 1966 3269 per
2017 3215 2118 3253 no-

526 3299 652 3339 men
692 3286 809 3355 ejus
850 3287 996 3357 ipsos
1046 3289 1412 3357 expellebant.
1464 3288 1519 3346 Si
1562 3308 1692 3346 vero
1743 3294 1990 3362 pervenit
2053 3294 2119 3348 ad

528 3388 628 3428 vos
677 3390 905 3445 regnum
948 3377 1069 3441 Dei,
1134 3394 1302 3448 quare
1358 3380 1487 3435 illud
1562 3384 1870 3452 repellitis?
1941 3383 2121 3447 Quare

530 3476 725 3521 contra
756 3479 932 3522 vestra
990 3470 1131 3523 bona
1169 3473 1464 3540 pugnatis?
1494 3472 1607 3528 Hoc
1647 3490 1881 3545 namque
1906 3487 2121 3547 tempus

524 3566 607 3612 est
639 3570 833 3614 vestrae
855 3561 1067 3624 salutis,
1094 3563 1239 3631 quod
1264 3565 1391 3619 olim
1417 3568 1787 3636 praedixerunt
1819 3571 2118 3638 prOphetaa.

614 3646 769 3703 νει-ε.
824 3650 915 3705 29.
962 3651 1172 3723 Alioqui
1200 3656 1461 3723 quomodo
1500 3687 1559 3697 —
1588 3658 1801 3727 diripiat
1836 3664 1861 3715 .’
1899 3661 1983 3715 Ab
2027 3678 2122 3718 ex-

524 3742 711 3810 emplo
772 3758 1086 3799 sermonem
1140 3746 1413 3816 producit.
1478 3749 1580 3803 Per
1638 3750 1836 3806 fortem
1913 3764 2119 3821 autem,

527 3833 833 3904 principem
901 3836 1301 3905 daemoniorum
1366 3841 1724 3897 subindicat:
1804 3860 1913 3898 uou
1977 3849 2120 3916 quod

526 3938 725 3983 natura
777 3929 938 3985 fortis
998 3932 1089 3997 sit,
1142 3935 1240 3990 sed
1270 3937 1417 4006 quod
1463 3954 1633 4009 usque
1684 3951 1812 3998 tunc
1843 3947 2123 4015 tyrannice

526 4023 883 4089 regnaverit,
948 4036 1150 4094 eosque
1205 4027 1300 4096 qui
1375 4044 1488 4099 prae
1540 4034 1774 4103 segnitie
1822 4036 2121 4097 imbecilles

528 4122 706 4178 erant,
745 4117 1128 4183 ,oppresserit.
1184 4117 1323 4174 Vasa
1384 4138 1513 4176 vero
1550 4125 1672 4192 ejus
1728 4128 1975 4198 subjecta
2013 4132 2123 4187 dae-

528 4220 710 4259 moma
762 4218 939 4270 erant.
996 4226 1118 4280 qua:
1155 4222 1213 4266 et
1253 4230 1405 4270 arma
1468 4218 1588 4287 ejus
1671 4220 1779 4276 dici
1837 4233 2117 4293 possunt:

531 4313 659 4351 nam
717 4302 786 4351 τὰ
822 4302 992 4371 σκεύη
1028 4305 1192 4357 etiam
1226 4321 1375 4362 arma
1408 4307 1515 4362 dici
1550 4311 1747 4366 solent.
1807 4314 1933 4370 Ideo
1986 4334 2121 4388 quo-

528 4389 886 4481 qud\Lucas
921 4408 1071 4448 arma
1128 4398 1248 4461 ejus
1304 4398 1421 4468 ipsa
1468 4405 1682 4459 vocavit
1709 4408 1800 4463 ἰε
1851 4425 1953 4477 per
1999 4428 2119 4481 qua:

2212 1914 2349 1967 Θεοῦ
2403 1913 2579 1975 ταῦτα
2636 1909 2958 1965 ἀπελαύνει.
2994 1905 3220 1976 Πνεῦμα
3253 1904 3312 1957 δὲ
3360 1900 3493 1956 Θεοῦ
3543 1900 3663 1963 νῦν,
3696 1897 3807 1968 τὴν

2212 2006 2442 2074 δύναμιν
2473 2003 2565 2057 τοῦ
2593 2003 2729 2057 Θεοῦ
2763 2018 2921 2072 φησι.
2947 2000 3039 2053 Διὸ
3068 2001 3165 2053 καὶ
3192 2000 3220 2051 ό
3245 1996 3483 2058 Λουκᾶς,
3528 1994 3631 2046 Ἐν
3652 1991 3809 2043 δακε-

2213 2099 2378 2161 τύλῳ
2410 2096 2559 2150 Θεοῦ
2617 2091 2763 2159 εἶπε,
2818 2093 3130 2153 τουτέστιν,
3176 2093 3235 2143 ὲν
3292 2086 3458 2157 χειρί.
3515 2086 3690 2154 Χεῖρα
3744 2080 3810 2133 δὲ

2215 2189 2375 2253 Θεοῦ,
2411 2188 2511 2257 τὴν
2535 2186 2769 2256 δύναμιν
2803 2184 2970 2237 αὐτοῦ
3001 2181 3261 2250 λέγομεν.
3294 2180 3357 2232 Ei
3391 2178 3449 2230 δὲ
3479 2176 3537 2228 ὲν
3564 2172 3808 2240 δυνάμει

2217 2280 2358 2348 θείᾳ,
2389 2279 2577 2347 φησὶν,
2612 2276 2725 2345 ιγὼ
2750 2274 3001 2328 ἐκϐάλλω
3023 2274 3093 2326 τὰ
3118 2270 3398 2340 δαιμόνια,
3431 2267 3506 2330 ὡς
3533 2264 3610 2335 μὴ
3642 2262 3810 2332 ψιλὸς

2216 2369 2504 2437 ἄνθρωπος
2551 2365 2685 2435 (83),
2721 2363 2858 2417 ἀλλὰ
2895 2363 2990 2416 καὶ
3033 2361 3161 2424 Υἱὸς
3205 2358 3365 2421 Θεοῦ,
3412 2358 3519 2428 ἄρα
3565 2354 3811 2423 ἔφθασεν

2218 2461 2303 2528 ἐφ’
2337 2460 2483 2528 ὑμᾶς
2515 2461 2547 2529 ἡ
2575 2455 2829 2528 βασιλεία
2858 2454 2952 2507 τοῦ
2989 2453 3147 2506 Θεοῖν
3182 2452 3332 2519 λέγει
3366 2446 3430 2504 δὲ’
3450 2450 3550 2520 τὴν
3576 2444 3809 2509 ἑαυτοῦ,

2216 2554 2411 2624 ἥντινα
2433 2552 2519 2604 διὰ
2548 2550 2643 2602 τοῦ
2667 2546 2908 2619 Χριστοῦ
2940 2545 3197 2617 ἔρχεσθαι
3218 2545 3305 2595 ἐπ’
3330 2544 3527 2603 αὐτοὺς
3557 2558 3806 2612 προκατε-

2216 2645 2479 2716 ήγγειλαν
2537 2644 2587 2695 οί
2627 2641 2928 2712 προφῆται.
2990 2639 3169 2692 Μάνου
3229 2638 3339 2706 γὰρ
3393 2635 3553 2701 Θεοῦ,
3606 2635 3668 2688 τὸ
3742 2638 3807 2687 ὲν

2217 2742 2447 2811 δυνάμει
2472 2739 2593 2808 θείᾳ
2619 2737 2883 2807 δαίμονας
2911 2733 3219 2787 ἐκϐάλλειν.
3255 2732 3317 2784 Οἱ
3348 2732 3457 2801 γὰρ
3484 2728 3809 2793 ἀπόστολοι,

2219 2836 2321 2889 οὐκ
2376 2836 2433 2885 ἐν
2486 2831 2716 2901 δυνάμει
2748 2829 2891 2899 θείᾳ,
2942 2825 3057 2879 ἀλλ’
3105 2827 3161 2879 ὲν
3214 2826 3401 2896 χάριτι
3427 2822 3549 2893 θείᾳ
3575 2821 3811 2884 τούτους

2220 2925 2616 2989 ἐξέϐαλλον.ού
2650 2922 2762 2993 γὰρ
2792 2920 3078 2991 ἠδύναντο,
3109 2919 3184 2981 ὡς
3212 2920 3240 2970 ό
3268 2917 3421 2979 Θεὸς,
3457 2915 3596 2968 ἀλλὰ
3639 2914 3811 2985 χάριν

2222 3016 2367 3089 εἶχον
2394 3019 2459 3070 ὲκ
2507 3018 2601 3070 τοῦ
2636 3015 2793 3069 Θεοῦ.
2856 3014 2914 3067 Ὀ
2950 3014 3050 3084 μὲν
3094 3012 3203 3082 γὰρ
3262 3010 3603 3079 ἑπιτάγματι
3654 3008 3808 3079 μόνῳ

2218 3114 2346 3175 τοὺς
2382 3112 2647 3181 δαίμονας
2677 3108 3035 3179 ἐφυγάδευεν·
3065 3107 3116 3158 oi
3151 3104 3208 3158 at
3238 3107 3294 3157 ὲν
3318 3102 3396 3172 τῷ
3429 3102 3663 3171 ὀνόματι
3700 3100 3806 3153 αύ-

2222 3203 2314 3257 τοῦ
2363 3203 2593 3265 τούτους
2625 3200 2907 3272 ἐξώριζον.
2961 3199 3023 3254 Et
3079 3199 3137 3251 δὲ
3183 3196 3422 3266 ἔφθασεν
3452 3195 3536 3263 ἐφ’
3570 3194 3722 3263 ὑμᾶς
3771 3195 3807 3262 ἡ

2223 3296 2475 3367 βασιλεία
2509 3294 2605 3348 τοῦ
2658 3293 2823 3359 Θεοῦ,
2852 3292 2995 3345 διατί
3028 3290 3240 3359 ταύτην
3273 3284 3615 3351 ἀπωθεῖσθε,
3663 3285 3815 3339 διατί

2222 3392 2336 3452 τοῖς
2370 3389 2659 3458 ὑμετέροις
2680 3385 2906 3455 ἀγαθοῖς
2936 3374 3265 3452 πολεμεῖτές
3319 3372 3489 3441 Οὗτος
3528 3377 3640 3447 γὰρ
3668 3378 3818 3431 ἐκει-

2224 3499 2313 3545 νος
2368 3484 2396 3535 ό
2440 3481 2630 3548 καιρὸς
2661 3480 2760 3548 τῆς
2794 3477 3071 3548 σωτηρίας
3106 3475 3283 3547 ὑμῶν,
3330 3474 3388 3528 δν
3421 3471 3591 3526 πάλαι
3622 3473 3817 3542 προεῖ-

2225 3593 2327 3629 πον
2358 3576 2408 3627 οἱ
2436 3575 2742 3643 προφῆται.

2297 3672 2375 3723 Ἦ
2390 3667 2510 3735 πῶς
2532 3666 2917 3736 -διαρπάονῃ
2943 3665 3060 3736 (84)
3087 3683 3108 3731 ;
3147 3660 3686 3735 Παραδειγματικῶς
3717 3658 3817 3729 μὲν

2225 3762 2413 3830 ἐξάγει
2442 3762 2533 3813 τὸν
2563 3760 2744 3827 λόγον,
2780 3758 3042 3828 ὑποδηλοῖ
3066 3758 3123 3811 δὲ
3166 3756 3385 3826 ἰσχυρὸν
3419 3755 3541 3824 μὲν,
3571 3753 3664 3805 τὸν
3709 3751 3816 3823 ἄρ-

2224 3871 2389 3924 χοντα
2448 3852 2557 3905 τῶν
2600 3851 2921 3920 δαιμονίων,
2968 3850 3067 3921 οὐχ
3119 3849 3196 3912 ὡς
3240 3846 3461 3918 ἰσχυρὸν
3511 3848 3579 3915 τῇ
3618 3844 3811 3913 φύσει,

2225 3945 2343 4000 ἀλλ’
2372 3946 2445 4008 ὡς
2469 3942 2838 4015 τυραννοῦντα
2877 3943 3041 4013 μέχρι
3079 3940 3224 4007 τότε,
3277 3940 3373 3993 καὶ⁵
3403 3937 3518 4010 (85)
3567 3937 3815 3991 καταδυ-

2223 4034 2560 4111 ναστεύοντα
2599 4034 2708 4089 τῶν
2740 4032 3118 4087 ἀσθενούντων
3147 4033 3212 4085 ιχ
3265 4029 3563 4102 ῥᾳθυμίας.
3624 4026 3813 4097 Σκεύη

2222 4131 2280 4184 δὲ
2306 4128 2495 4194 αὑτοῦ,
2524 4127 2596 4181 τὰ
2628 4126 3054 4196 ὑποτεταγμένα
3084 4124 3234 4195 αὐτῷ
3262 4123 3544 4193 δαιμόνια,
3568 4119 3644 4183 ὡς
3666 4119 3815 4173 ὅπλα

2224 4221 2414 4277 αὑτοῦ·
2472 4220 2645 4291 σκεύη
2692 4219 2800 4291 γὰρ
2833 4218 3220 4288 ὀνομάζονται,
3274 4215 3468 4270 καὶτὰ
3518 4214 3681 4268 ὅπλα.
3719 4211 3815 4267 Διὸ

2224 4320 2318 4369 καὶ
2342 4318 2368 4367 ὀ
2397 4317 2637 4377 Λουκᾶς,
2667 4312 2977 4367 πανοπλίαν
3003 4311 3171 4364 αὐτοῦ
3202 4309 3377 4364 ταῦτα
3426 4308 3705 4379 ὠνόμασε,
3740 4306 3812 4361 δι’

2223 4401 2301 4459 ὧν
2330 4404 2723 4458 κατεδουλοῦτο
2753 4404 2879 4464 τοὺς
2909 4402 3131 4463 ἀθλίους
3177 4398 3525 4469 ἀνθρώπους,
3580 4398 3813 4465 Είσάγει

533 4472 763 4539 ιηίεεέοε
821 4488 1073 4543 homines
1153 4488 1208 4543 in
1261 4493 1581 4550 servitutem
1644 4472 1939 4572 redigebat.
2006 4472 2116 4561 iioc

2226 4502 2282 4553 δὲ
2331 4500 2616 4568 λογισμὸν,
2670 4498 2757 4551 διὰ
2806 4495 2900 4549 τοῦ
2960 4496 3206 4547 τοιούτου
3279 4492 3727 4563 παραδείγματος
3785 4492 3816 4544 ό

530 4593 665 4646 ergo
694 4582 946 4650 exemplo
981 4583 1480 4641 considerationem
1524 4590 1749 4660 inducit,
1784 4611 1904 4665 quae
1935 4606 2122 4652 osten-

532 4671 625 4724 dat
683 4688 793 4726 non
830 4676 1005 4730 solum
1034 4681 1178 4751 quod
1212 4678 1522 4753 principem
1552 4688 1948 4744 daemoniorum
1981 4694 2119 4747 ami-

531 4775 653 4814 cum
686 4778 795 4815 non
838 4767 1051 4833 habent,
1110 4773 1202 4826 sed
1267 4778 1448 4845 potius
1516 4779 1662 4847 quod
1726 4779 2107 4837 fortitudinem

2229 4594 2483 4663 Χριστὸς,
2542 4588 2885 4651 δεικνύοντα,
2937 4588 3115 4642 ὅτιού
3162 4588 3322 4656 μόνον
3376 4585 3477 4637 οὑκ
3515 4584 3815 4654 ἐχειφίλον

2225 4685 2315 4737 τὸν
2346 4684 2583 4752 ἄρχοντα
2611 4682 2721 4735 τῶν
2749 4680 3073 4750 δαιμονίων,
3115 4679 3257 4733 ἀλλὰ
3292 4678 3383 4731 ita).
3426 4676 3627 4746 μᾶλλον
3661 4675 3817 4728 ἐδέσ-

2228 4793 2403 4848 μησεν
2460 4773 2627 4827 αὐτοῦ
2682 4774 2782 4844 τὴν
2821 4775 2997 4844 ἰσχὺν,
3051 4773 3126 4834 ὡς
3156 4772 3429 4842 ἐχθίστου.
3464 4770 3619 4822 Ἐστι
3650 4769 3760 4838 γὰρ
3788 4770 3815 4820 ὁ

534 4856 657 4921 ejus
721 4864 981 4927 tanquam
1034 4863 1399 4923 inimicissimi
1428 4870 1750 4941 alligaverit.
1807 4873 1899 4927 Est
1931 4882 2114 4929 autem

2223 4869 2317 4921 τοῦ
2383 4866 2651 4937 λογισμοῦ
2705 4867 2934 4931 σκοπὸς,
2999 4866 3083 4919 ὃτι
3124 4864 3317 4934 ὥσπερ
3368 4865 3427 4914 οὐ
3458 4860 3682 4915 δύναταί
3727 4876 3815 4919 τις

538 4947 1001 5049 considerationis
1052 4970 1271 5027 scopus,
1325 4962 1471 5030 quod
1540 4962 1683 5017 sicut
1734 4980 1846 5018 non
1944 4977 2125 5035 potest

535 5045 824 5110 quisquam
897 5045 1118 5101 domum
1197 5049 1356 5107 fortis
1417 5055 1648 5125 ingredi,
1703 5073 1941 5128 vasaque
2004 5062 2123 5129 ejus

537 5130 802 5201 diripere,
852 5139 920 5192 ab
968 5139 1059 5193 illo
1090 5158 1431 5213 conservata,
1484 5148 1588 5202 nisi
1623 5150 1861 5219 primum
1921 5151 2117 5208 fortem

613 5271 1045 5345 "an.xt,20.
1125 5281 1172 5314 ιι
1202 5283 1334 5339 ibid.
1412 5286 1455 5317 ιι
1500 5285 1747 5343 ibid.2t.

2226 4963 2493 5016 εἰσελθεῖν
2523 4963 2603 5023 είς
2634 4960 2737 5031 τὴν
2769 4961 2953 5014 οἰκίαν
2993 4960 3077 5013 τοῦ
3114 4958 3363 5030 ἰσχυροῦ,
3408 4958 3504 5011 καὶ
3535 4956 3604 5009 τὰ
3635 4952 3810 5020 σκεύη

2227 5057 2391 5114 αὑτοῦ
2424 5056 2754 5127 διαρπάσαι,
2783 5055 3170 5127 φυλαττόμενα
3212 5052 3345 5124 παρ’
3379 5049 3570 5111 αὑτοῦ,
3604 5049 3699 5101 ἐὰν
3734 5048 3812 5117 μὴ

2226 5154 2447 5223 πρῶτον
2474 5152 2612 5223 δήσῃ
2638 5150 2732 5203 τὸν
2756 5150 2999 5222 ἰσχυρόν·
3032 5147 3202 5211 οὕτως
3230 5146 3342 5201 οὐδ’
3376 5143 3537 5207 αὐτὸς
3570 5142 3811 5214 διήρπα-

1730 5407 1931 5469 νοτίω
1973 5406 2283 5479 lectiones
2328 5417 2385 5470 et
2421 5416 2613 5471 notm.

613 5522 722 5591 (8|)
754 5526 867 5587 καί,
904 5529 1057 5582 abest
1095 5530 1158 5583 Δ.

616 5593 724 5663 (8'2)
754 5596 962 5653 InCIUsa
997 5601 1160 5674 codex
1188 5609 1413 5671 uterque
1440 5604 1494 5657 in
1519 5603 1761 5674 margine
1788 5602 1969 5659 habet.
2009 5605 2112 5660 lie-

546 5660 795 5739 l'crttu'tur
836 5678 1017 5723 autem
1056 5672 1169 5725 haec
1199 5674 1262 5727 ad
1295 5660 1427 5729 L'uc.
1463 5691 1536 5739 xu,
1568 5660 1655 5729 2οΪ

619 5737 724 5803 (83)
756 5737 828 5791 ὢν
866 5743 1012 5796 adtlil
1050 5746 1109 5795 Α.

2298 5535 2409 5605 (84)
2443 5535 2744 5590 Henlenius
2775 5534 2986 5588 videtur
3015 5532 3284 5600 reperisse
3309 5530 3620 5601 διαρπάσει.
3640 5526 3805 5587 Uter-

2214 5604 2331 5673 que
2363 5622 2491 5658 vero
2522 5623 2675 5660 meus
2705 5606 2869 5660 habet
2897 5604 3195 5673 διαρπάσῃ.

2302 5679 2407 5745 (85)
2437 5675 2856 5730 δυναστεύοντα.
2889 5674 2952 5728 Α.
