4020 6530
269 348 364 411 391

267 554 487 622 πρῶτον
534 556 807 630 ὲδέσμησε
851 559 945 613 τὸν
987 560 1228 632 ἄρχοντα
1254 562 1484 620 τούτων.
1515 562 1607 615 τὸν
1639 560 1853 631 ἐνισχύ-

264 662 392 701 οντα
433 648 599 703 αὐτὰ.

333 738 457 810 Χρὴ
491 739 549 793 δὲ
585 740 902 810 γινώσκειν,
941 741 1017 807 ὡς
1068 743 1134 798 οὐ
1181 744 1415 799 πάντοτε
1474 744 1544 799 τὰ
1591 742 1854 814 παραδεί-

265 845 459 899 γματα
493 834 634 886 κατὰ
659 835 840 891 πάντα
870 833 1033 902 λόγον
1081 833 1535 905 προσαρμόζουσι
1565 835 1687 896 ταῖς
1707 833 1847 885 ὑπο-

264 920 506 988 θέσεσιν,
547 925 631 989 εις
678 924 745 987 ἃς
804 923 1274 996 ἔκλαμδάνονται,
1331 924 1449 979 ἀλλ’
1512 923 1589 987 ὡς
1644 923 1740 976 ἐπὶ
1792 925 1853 978 τὸ

261 1014 517 1067 πλεῖστον
544 1017 603 1069 ἑν
632 1018 820 1086 μόνοις
842 1019 953 1082 τοῖς
980 1016 1367 1089 καιριωτέροις
1392 1018 1491 1070 καὶ
1533 1014 1851 1085 κεφαλαιω-

260 1105 539 1179 δεστέροις
584 1110 803 1180 μέρεσι.

333 1198 492 1263 Τινὶς
526 1201 585 1255 δὲ
612 1202 783 1272 σκεύη
817 1201 924 1255 τῶν
948 1202 1223 1274 δαιμόνων
1246 1202 1500 1272 λέγουσιν
1532 1195 1699 1266 εἶναι,
1724 1202 1851 1264 τοὺς

259 1292 767 1367 δαιμονιζομένους,
800 1292 897 1359 οὓς
924 1298 954 1349 ό
986 1296 1225 1367 Χριστὸς
1267 1294 1578 1366 διήρπασεν
1602 1293 1713 1348 ἀπ’
1758 1294 1854 1347 αὗ-

258 1380 391 1446 τῶν,
417 1382 591 1453 δήσας
625 1386 723 1447 τὰς
752 1384 1019 1455 δυνάμεις
1049 1385 1255 1440 αὐτῶν.
1288 1382 1417 1441 Εἶεν
1467 1384 1513 1440 δ’
1567 1385 1634 1441 ἂν
1675 1385 1852 1456 σκεύη

259 1472 354 1531 τοῦ
386 1474 663 1541 διαϐόλου,
693 1479 791 1531 καὶ
812 1479 1015 1542 πάντες
1044 1480 1093 1533 oi
1122 1478 1484 1550 ἐργαζόμενοι
1508 1478 1577 1532 τὰ
1610 1477 1703 1533 τοῦ
1733 1478 1851 1533 δια·

259 1565 441 1632 σάλου,
470 1569 566 1622 καὶ
599 1569 1005 1641 ὑπηρετοῦντες
1033 1574 1147 1634 τοῖς
1173 1572 1339 1626 αὐτοῦ
1377 1570 1704 1644 θελήμασιν.

346 1656 404 1709 ’0
431 1690 501 1703 -—
530 1661 857 1729 σκορπίᾷςι.
881 1664 989 1719 Καὶ
1010 1662 1080 1718 δι’
1113 1665 1303 1735 ἑτέρου
1321 1664 1590 1736 λογισμοῦ
1614 1662 1847 1736 βεϐαιοῖ,

260 1750 343 1808 ὅτι
384 1752 591 1821 μᾶλλον
620 1755 869 1825 ἔχθιστος
905 1758 1057 1828 αὺτῷ
1086 1758 1237 1812 ἐστιν
1266 1760 1295 1812 ό
1325 1758 1513 1829 ἄρχων
1569 1758 1680 1811 τῶν
1730 1759 1850 1812 δαι-

265 1842 489 1913 μονίων.
527 1844 649 1897 Ὀτι
692 1846 792 1916 μὶν
824 1845 933 1917 γὰρ
960 1848 1060 1902 οὐκ
1093 1848 1211 1902 ἔστι
1252 1849 1393 1918 μετὰ
1433 1847 1531 1903 τοῦ
1559 1846 1847 1922 ιΧριστοῦ,

259 1934 381 1988 οὐδὲ
443 1938 668 2005 συνάγει
722 1938 845 2010 μετ’
901 1940 1097 2006 αὐτοῦ,
1150 1942 1335 2012 δῆλον,
1391 1942 1489 2011 ἀφ’
1545 1936 1679 1997 ὧνό
1741 1942 1843 2013 μὲν

259 2029 500 2096 Χριστὸς
555 2033 740 2084 πᾶσαν
769 2049 829 2086 τε
862 2034 1065 2104 ἀρετὴν
1099 2035 1370 2104 διδάσκει,
1401 2039 1497 2090 καὶ
1530 2038 1848 2110 φιλάνθρωο

262 2139 362 2184 πος
412 2119 524 2185 ὢν,
577 2126 725 2177 ίᾶται
774 2127 900 2189 τοὺς
951 2126 1243 2193 νοσοῦντας
1276 2145 1290 2159 ⁸
1340 2132 1368 2183 ό
1400 2129 1456 2183 δὲ
1511 2130 1850 2197 τούναντίον,

262 2212 449 2265 πᾶσαν
499 2230 557 2266 τε
607 2214 812 2268 κακίαν
863 2215 1131 2283 διδάσκει,
1168 2219 1267 2273 καὶ
1321 2220 1716 2291 μισάνθρωπος
1751 2221 1850 2288 ὢν,

262 2303 508 2357 λωϐᾶται
562 2308 675 2368 τοῖς
726 2308 1086 2379 ὑγιαίνουσιν.
1150 2310 1214 2367 El
1252 2311 1309 2365 δὲ
1343 2310 1467 2367 οὔτε
1523 2313 1643 2383 μετ’
1683 2315 1851 2369 αὑτοῦ

260 2400 436 2466 ἐστιν,
498 2401 688 2471 ἤγουν,
722 2404 821 2473 οὐχ
856 2407 1241 2479 ὀμογνωμονεῖ
1274 2408 1449 2478 αὐτῷ,
1489 2409 1675 2472 καθὼς
1710 2412 1852 2465 ἁπο-

263 2491 562 2557 δέδεικται,
623 2493 749 2548 οὔτε
791 2498 1018 2565 συνάγει
1070 2498 1189 2569 μετ’
1242 2500 1414 2554 αὑτοῦ
1458 2503 1594 2571 πρὸς
1644 2503 1851 2567 πίστιν,

261 2587 481 2650 πάντως
534 2589 655 2639 κατ’
711 2590 879 2643 αὑεοῦ
951 2593 1093 2656 ἐστι,
1148 2596 1246 2647 καὶ
1315 2596 1634 2664 σκορπίζει,
1697 2595 1789 2657 οὓς
1823 2598 1850 2650 ό

262 2681 499 2751 Χριστὸς
530 2683 776 2751 συνάγει,
814 2684 938 2737 ὅσον
984 2686 1043 2738 τὸ
1076 2686 1163 2741 ἐπ’
1208 2688 1377 2760 αὐτῷ.
1436 2686 1625 2745 Εἰπὼν
1654 2689 1731 2752 δὲ,
1769 2689 1854 2745 ὅτι

275 2775 330 2827 Ὁ
354 2774 441 2845 μὴ
486 2772 571 2827 ὢν
593 2775 722 2845 μετ’
756 2776 926 2848 ἐμοῦ,
969 2778 1098 2832 κατ’
1146 2778 1295 2849 ἐμοῦ
1346 2781 1502 2843 ἐστι.
1556 2784 1652 2836 καὶ
1695 2780 1855 2851 δόξας

264 2865 497 2935 ἀσαφῶς
537 2868 735 2929 εἰπεῖν,
774 2870 1163 2940 ὲφηρμήνευσε
1216 2872 1308 2924 τὸν
1342 2874 1524 2943 λόγον,
1569 2874 1852 2943 προσθεὶς,

264 2960 348 3014 ὃτι
389 2960 499 3013 Kal
549 2963 582 3014 ό
630 2959 717 3030 μὴ
750 2960 1036 3035 συνάγων
1053 2964 1182 3031 μετ’
1213 2963 1362 3031 ἐμοῦ
1386 2963 1713 3034 σκορπίζει.
1764 2965 1855 3035 Τῷ

263 3053 499 3125 διαϐόλῳ
551 3053 608 3106 δὲ
671 3054 932 3119 συνέταξε
1004 3056 1102 3109 καὶ
1152 3056 1281 3121 τοὺς
1347 3057 1662 3123 Ἰουδαίους,
1728 3058 1853 3111 κατ’

265 3143 432 3201 αὐτοῦ
462 3162 521 3198 τε
546 3144 732 3214 ὂντας,
763 3146 860 3201 καὶ
890 3146 1317 3218 σκορπίξοντας,
1344 3148 1380 3207 ἃ
1412 3150 1671 3221 συνῆγεν,
1728 3154 1854 3205 ὅσον
1881 3170 1927 3234 C

266 3238 325 3299 τὺ
346 3238 437 3290 ἐπ’
468 3238 677 3303 αὐτοῖς.

333 3422 437 3473 Διὰ
472 3448 539 3458 -
573 3418 773 3476 τοῦτο.
825 3420 970 3475 Διότι
1002 3420 1253 3489 τοιαῦτα,
1298 3426 1419 3477 κατ’
1452 3424 1589 3496 ἐμοῦ
1643 3424 1856 3498 λέγετε.

338 3605 500 3674 Λέγω
529 3637 593 3647 -
622 3606 849 3673 αὐτοῖς.
884 3608 994 3677 Οὐχ
1020 3606 1208 3671 ἁπλῶς
1241 3609 1426 3662 πᾶσαν
1452 3606 1733 3679 ἁμαρτίαν
1764 3610 1860 3664 καὶ

271 3700 621 3769 βλασφημίαν
655 3701 825 3768 λέγει·
858 3701 945 3755 διὰ
976 3701 1087 3755 τῶν
1121 3702 1321 3774 ἑφεξῆς
1373 3702 1482 3777 γὰρ
1532 3704 1858 3775 ὲσαφήνισε,

274 3794 428 3854 ποίαν
464 3796 644 3848 πᾶσαν
670 3794 843 3864 λέγει.
868 3796 1008 3867 Φησὶ
1045 3796 1175 3872 γάρ·

362 4064 569 4119 Kal—
599 4061 777 4128 ἐντῷ
823 4064 1142 4131 μέλλοντι.
1201 4063 1300 4127 Ὃς
1358 4062 1461 4134 μιν
1523 4062 1593 4117 ἂν
1633 4061 1858 4135 ἁμάρτῃ

271 4156 413 4211 κατὰ
440 4158 544 4227 τῆς
573 4154 997 4227 ἀνθρωπότητός
1031 4174 1159 4227 μου,
1193 4158 1349 4227 φησι,
1376 4158 1682 4221 τουτέστιν,
1707 4160 1858 4223 ὅστις

270 4249 334 4303 ἄν
364 4248 495 4320 εἴπῃ
532 4247 857 4318 βλάσφημον
879 4248 1041 4317 λόγον
1099 4250 1225 4303 κατ’
1252 4250 1447 4320 αὐτῆς,
1501 4250 1859 4314 σκανδαλιζό-

276 4358 457 4410 μενος,
484 4341 569 4411 ἐφ’
604 4335 705 4407 οἷς,
738 4341 815 4404 ὡς
840 4341 1157 4412 ἄνθρωπος,
1194 4342 1386 4407 ἐσθίω,
1422 4348 1519 4397 καὶ
1547 4344 1712 4409 πίνω,
1762 4346 1857 4399 καὶ

272 4433 445 4497 ὑπνῶ,
484 4434 578 4485 καὶ
605 4432 801 4498 κοπιῶ,
838 4438 931 4487 καὶ
966 4435 1155 4497 τᾶλλα,
1191 4435 1293 4488 ὅσα
1348 4438 1446 4505 τῆς
1497 4436 1859 4507 ἀνθρωπίνης

1138 353 1535 419 COMMENT.
1578 358 1661 420 ΙΝ
1700 353 2175 418 ΜΑΤΤΗᾸίυΜ.
2221 384 2283 396 -
2323 359 2485 421 CAP.
2521 360 2712 426 XXII.

268 477 359 513 σεν
389 457 457 515 ἂν
509 458 580 516 τὰ
613 462 888 533 δαιμόνια,
924 466 1196 535 τουτέστι,
1248 466 1654 540 διεσκόρπισεν,
1690 467 1740 520 ei
1773 464 1849 537 μὴ
1885 468 1927 524 Α
1961 468 2199 524 vinxerit
2252 487 2266 523 :

3437 353 3545 421 3??

2328 469 2400 524 ita
2435 485 2617 541 neque
2655 469 2745 525 hic
2800 468 3073 540 rapuisset
3114 464 3407 541 daemonia,
3441 469 3545 525 hoc

1957 569 2041 613 est
2095 560 2467 631 dispersisset,
2525 562 2629 617 nisi
2653 562 2892 633 primum
2930 561 3203 617 vinxisset
3234 562 3545 632 principem

1956 648 2199 714 illorum,
2245 652 2339 723 qui
2365 653 2448 707 eis
2492 651 2874 709 fortitudinem
2916 654 3234 724 prestabat.

2032 740 2187 797 Scire
2233 750 2418 798 autem
2484 752 2728 814 oportet,
2802 742 2947 813 quod
2999 757 3112 797 non
3193 742 3548 813 undiquaqne

1954 834 2205 905 exempla
2242 836 2308 891 ad
2362 852 2526 892 onme
2564 836 2911 908 propositum
2960 843 3226 906 aptantur
3283 837 3449 892 rebus
3476 835 3547 891 ad

1953 940 2092 995 quas
2151 918 2529 1009 assumuntur.
2568 928 2599 985 ι
2630 930 2723 983 sed
2792 936 2853 982 ut
2889 914 3203 997 plurimum
3258 927 3319 997 in
3374 928 3549 998 magis

1954 1018 2195 1089 propriis
2235 1034 2300 1075 ac
2327 1018 2815 1092 principalioribus
2854 1020 3130 1090 partibus.

2038 1204 2267 1271 Quidam
2306 1220 2435 1261 vero
2466 1205 2658 1259 dicunt
2687 1219 2814 1259 vasa
2846 1206 3157 1260 damonum
3188 1215 3320 1277 'esse
3345 1198 3546 1259 demo-

1952 1298 2063 1352 niis
2092 1297 2348 1371 agitatos,
2390 1312 2531 1368 quos
2574 1295 2832 1352 Christus
2874 1289 2946 1351 ab
2996 1295 3104 1350 illis
3144 1280 3351 1365 rapuit,
3422 1298 3547 1346 vin-

1952 1389 2056 1445 ctis
2102 1394 2299 1445 eorum
2343 1389 2662 1445 virtutibus.
2715 1388 2950 1443 Possunt
3001 1402 3223 1458 quoque
3274 1384 3385 1440 dici
3421 1399 3548 1438 vasa

1952 1480 2154 1536 diaboli
2211 1495 2404 1536 omnes
2428 1480 2521 1550 qui
2572 1495 2737 1551 opera
2763 1479 2963 1536 diaboli
3008 1486 3288 1543 exercent,
3319 1474 3549 1545 ejusque

1953 1573 2331 1629 voluntatibus
2376 1573 2752 1629 subserviunt.
2884 1632 2891 1633 γ

2025 1665 2181 1721 Vers.
2218 1666 2307 1722 30.
2341 1665 2443 1732 Qui
2466 1667 2786 1736 -—spargt°t.
2809 1664 2994 1720 Altera
3038 1676 3260 1733 quoque
3298 1657 3550 1715 conside-

1954 1762 2172 1816 ratione
2226 1759 2541 1823 confirmat,
2603 1758 2748 1829 quod
2794 1757 2977 1827 potius
3013 1756 3086 1811 sit
3142 1754 3191 1810 ei
3232 1749 3554 1808 inimicissi-

1955 1868 2078 1909 mus
2144 1851 2403 1922 princeps
2452 1850 2877 1905 daemoniorum.
2928 1846 3088 1913 Quod
3136 1845 3284 1902 enim
3319 1858 3430 1899 non
3481 1842 3556 1897 sit

1954 1960 2081 2001 cum
2138 1942 2377 2007 Christo,
2420 1956 2525 1996 nec
2578 1955 2701 1995 cum
2732 1954 2800 1994 eo
2827 1946 3148 2009 congreget,
3184 1933 3549 1992 manifestum

1954 2047 2037 2094 est
2084 2038 2154 2093 ab
2232 2034 2521 2103 utriusque
2592 2032 2871 2104 operibus.
2950 2029 3208 2086 Christus
3281 2024 3553 2097 siquidem

1954 2143 2175 2185 omncm
2220 2127 2381 2183 docet
2445 2127 2744 2192 virtutem;
2829 2137 3066 2191 cumque
3129 2134 3324 2175 omnes
3383 2124 3555 2182 amet,

1955 2229 2186 2293 aegrotos
2244 2228 2437 2282 sanat;
2478 2218 2567 2272 ille
2605 2231 2740 2273 vero
2796 2232 2827 2271 e
2879 2214 3100 2271 diverso
3132 2225 3353 2267 omnem
3392 2208 3557 2264 docet

1957 2312 2308 2384 pravitatem,
2349 2320 2555 2365 etcum
2599 2308 2853 2362 homines
2904 2306 3033 2362 odio
3085 2305 3319 2364 habeat,
3378 2314 3549 2357 sanos

1957 2404 2282 2473 corrumpit.
2347 2402 2503 2469 Quod
2541 2400 2585 2455 si
2626 2415 2808 2470 neque
2876 2414 3000 2454 cum
3043 2413 3110 2452 eo
3143 2404 3250 2471 est,
3296 2393 3445 2450 nulla
3470 2394 3553 2447 vi-

1956 2497 2158 2552 delicct
2208 2496 2262 2548 in
2313 2509 2369 2549 re
2419 2495 2469 2549 ei
2525 2492 2847 2558 conformis,
2911 2492 3057 2546 sicut
3118 2489 3554 2544 demonstratum

1956 2600 2061 2653 est,
2108 2598 2288 2658 neque
2317 2602 2442 2643 cum
2496 2602 2564 2642 eo
2610 2594 2909 2656 congregat
2948 2583 3016 2638 ad
3082 2582 3248 2637 fidem
3279 2597 3294 2633 :
3327 2578 3557 2635 omnino

1957 2686 2223 2742 adversus
2278 2699 2405 2739 eum
2450 2691 2555 2747 est,
2597 2690 2653 2737 et
2707 2681 2921 2753 spargit
2956 2692 3097 2749 quos
3142 2676 3397 2731 Christus
3426 2688 3559 2728 con-

1958 2785 2165 2848 gregat,
2204 2784 2473 2846 quantum
2506 2774 2562 2828 in
2598 2789 2660 2829 se
2691 2782 2796 2838 est.
2860 2772 3000 2826 Cum
3061 2777 3245 2823 autem
3278 2766 3507 2821 dixisset
3539 2780 3553 2817 :

1961 2869 2069 2934 Qui
2116 2886 2219 2923 non
2257 2876 2331 2923 est
2374 2884 2601 2931 mecum,
2641 2866 2919 2920 adversum
2954 2880 3035 2917 me
3088 2871 3183 2927 est,
3222 2876 3286 2916 ac
3322 2860 3558 2914 obscure

1958 2962 2104 3031 loqui
2171 2961 2325 3016 visus
2384 2969 2553 3025 esset,
2622 2972 2933 3013 sermonem
3008 2956 3398 3025 interpretatus
3450 2959 3555 3013 est,

1959 3052 2165 3107 addens
2189 3066 2209 3105 :
2270 3049 2340 3104 Et
2377 3050 2468 3121 qui
2506 3052 2610 3103 non
2657 3058 2732 3102 est
2764 3063 2989 3110 mecum,
3020 3044 3224 3117 spargit
3261 3059 3278 3097 :
3341 3041 3558 3097 diabolo

1958 3162 2093 3201 vero
2135 3144 2426 3216 conjunxit
2456 3141 2677 3197 Judmos
2719 3139 2817 3211 qui
2853 3138 3144 3193 adversum
3193 3150 3254 3190 se
3296 3134 3474 3197 erant,
3501 3141 3559 3187 et

1962 3253 2089 3310 quae
2154 3237 2272 3308 ipse
2330 3233 2715 3307 congregabat,
2802 3240 3070 3303 quantum
3120 3228 3177 3283 in
3256 3227 3338 3282 eis
3412 3230 3554 3287 erat,

1964 3329 2324 3403 Spargebant.

2038 3424 2189 3479 Ven.
2245 3423 2335 3477 5!.
2388 3418 2615 3490 Propter
2644 3419 2761 3473 hoc.
2803 3416 2942 3485 Quia
2982 3415 3109 3471 talia
3135 3414 3426 3471 adversum
3460 3424 3548 3464 me

1960 3515 2165 3571 dicitis.

2031 3608 2189 3663 Vers.
2247 3607 2338 3661 5!.
2390 3604 2522 3659 Dico
2556 3602 2738 3655 —eis.
2788 3598 2910 3654 Non
2976 3596 3299 3667 simpliciter
3393 3610 3562 3649 omne

1961 3710 2246 3774 peccatum
2307 3707 2362 3754 et
2418 3709 2639 3753 omnem
2682 3693 3083 3763 blaSphemiam
3136 3689 3308 3745 dicit:
3345 3703 3442 3758 per
3496 3702 3559 3743 ea

1962 3794 2107 3850 enim
2154 3806 2276 3861 qua:
2322 3798 2653 3858 sequuntur,
2696 3783 3072 3841 manilestavit
3113 3796 3277 3852 quam
3338 3793 3560 3834 omnem

1961 3888 2111 3944 dicat
2163 3882 2557 3956 blasphemiam
2605 3889 2660 3936 et
2709 3879 2855 3951 quod
2915 3893 3079 3933 omne
3111 3884 3423 3948 peccatum.
3470 3872 3563 3927 Ait

1962 3979 2111 4035 enim
2136 3996 2150 4031 :

2036 4072 2195 4129 γεγε.
2239 4068 2329 4125 52.
2380 4066 2623 4130 Et—in
2671 4064 2873 4137 futuro.
2941 4060 3290 4130 Quicunque,
3353 4056 3561 4127 inquit,

1960 4162 2269 4237 peccaverit
2311 4160 2576 4215 adversus
2630 4156 3038 4212 humanitatem
3075 4167 3280 4213 meam.
3318 4150 3420 4204 hoc
3452 4157 3561 4213 est,

1963 4256 2213 4330 quisquis
2238 4254 2441 4310 dixerit
2471 4251 2854 4323 blasphemum
2876 4250 3106 4307 verbum
3134 4248 3398 4303 adversus
3416 4260 3561 4309 eam,

1964 4353 2211 4410 offensus
2254 4348 2400 4420 quod
2458 4357 2719 4416 tanquam
2772 4345 2940 4399 homo
3003 4342 3184 4403 edam,
3257 4340 3441 4394 bibam
3498 4352 3563 4392 ac

1964 4444 2254 4504 dormiam,
2291 4439 2506 4509 aliaque
2550 4451 2669 4506 qua:
2710 4436 2963 4490 humana:
3005 4440 3131 4488 sunt
3188 4433 3415 4502 propria
3456 4444 3556 4485 na-

274 4524 491 4591 φύσεως
516 4522 644 4587 ίδια,
673 4523 820 4594 ἅπερ
844 4524 1359 4594 ἁνθρωποπρεπῶς,
1390 4527 1459 4580 τὰ
1494 4527 1593 4596 μὲν
1622 4528 1852 4599 ἐνεργῶ,

1971 4545 2120 4599 iurat,
2159 4542 2218 4587 ut
2268 4529 2474 4586 homini
2522 4527 2882 4591 conveniunt,
2914 4533 2965 4580 et
3030 4524 3227 4579 faciam
3268 4532 3323 4579 et
3355 4521 3555 4593 patiar,

273 4617 341 4670 τὰ
377 4615 433 4668 δὲ
492 4615 720 4686 πάσχω,
770 4615 1031 4686 βεϐαιῶν,
1076 4619 1160 4671 ὅτι
1205 4620 1349 4672 κατὰ
1390 4620 1655 4691 ἀλήθειαν
1696 4625 1855 4689 ἐνηνο

275 4707 569 4779 θρὼπησα,
608 4710 637 4763 ὁ
683 4708 928 4774 τοιοῦτος
982 4713 1480 4782 συγγνωσθήσεται
1510 4712 1751 4778 πάντως,
1783 4714 1858 4777 ὡς

276 4805 372 4857 οὐκ
429 4801 859 4872 ἐθελοκακήσας,
920 4803 1039 4856 ἀλλ’
1091 4807 1149 4857 ὲν
1208 4805 1405 4877 ἀγνοίᾳ
1435 4805 1537 4876 τῆς
1594 4806 1861 4877 ἀληθείας

280 4896 704 4965 βλασφημήσας·
758 4898 786 4949 ό
843 4896 900 4949 δὲ
949 4896 1164 4967 βλέπων
1214 4899 1313 4963 τὰς
1377 4898 1720 4969 θεοπρεπεῖς,
1758 4918 1861 4969 μου

282 4989 584 5061 ἐνεργείας,
616 4988 682 5051 ἃς
712 4989 874 5059 μόνος
918 4990 1144 5045 δύναται
1178 4993 1353 5044 ποιεῖν
1389 4994 1417 5045 ὁ
1457 4993 1613 5057 Θεὸς,
1658 4993 1755 5047 καὶ
1784 4994 1864 5065 τῷ

283 5082 612 5148 Βεελζεσοὺλ
661 5081 869 5146 ταύτας
928 5086 1399 5156 ἐπιγραφόμενος,
1442 5086 1517 5151 ὡς
1558 5089 1653 5140 καὶ
1705 5088 1865 5157 ὑμεῖς

284 5175 396 5241 νῦν,
436 5175 535 5227 καὶ
558 5174 700 5227 οὕτω
727 5174 1069 5246 βλασφημῶν
1099 5180 1243 5231 κατὰ
1280 5179 1375 5232 τοῦ
1409 5178 1732 5250 Πνεῦμα-ξος
1767 5178 1863 5233 τοῦ

286 5272 459 5337 ἁγίου,
520 5270 662 5340 ἢτοι,
730 5272 873 5323 κατὰ
928 5273 1027 5341 τῆς
1058 5273 1334 5343 θεότητος·
1393 5274 1602 5341 ταύτην
1632 5273 1741 5343 γὰρ
1770 5272 1865 5325 νῦν

290 5361 440 5415 καλεῖ
469 5359 691 5430 Πνεῦμα
732 5360 1101 5430 ἆγιονοουτος
1162 5364 1237 5425 ὡς
1279 5364 1692 5435 ὲθελοκακήσας
1734 5382 1867 5433 προ-

287 5454 479 5524 δήλως,
515 5456 609 5506 καὶ
652 5456 708 5506 ἐν
766 5454 968 5522 γνώσει
1042 5456 1386 5528 καθυὸρίσας
1443 5458 1535 5511 τὸν
1586 5459 1739 5521 Θεὸν,
1772 5458 1868 5512 καὶ

291 5547 675 5618 ἀναπολόγητα
740 5546 1172 5621 πλημμελήσας,
1235 5550 1297 5611 οὐ
1347 5552 1865 5631 συγχωρηθήσεται.

357 5732 428 5785 Τὸ
456 5732 536 5798 δὲ,
572 5732 720 5786 Οὔτε
750 5734 819 5786 ἐν
863 5731 942 5799 τῷ
978 5736 1095 5787 νῦν
1126 5733 1311 5798 αἰῶνι,
1357 5735 1496 5788 οὗτε
1519 5736 1587 5789 ἐν
1617 5735 1696 5801 τῷ
1728 5734 1869 5805 μέλ-

293 5826 477 5893 λοντι,
546 5827 880 5902 προσέθηκε,
913 5828 1205 5895 διδάσκων,
1240 5830 1322 5882 ὅτι
1380 5829 1614 5899 μεγίστη
1654 5831 1743 5883 καὶ
1775 5848 1866 5899 φοι

1963 4626 2293 4685 conllrmans
2328 4621 2473 4693 quod
2530 4629 2657 4674 vere.
2712 4619 3006 4673 humanam
3068 4616 3409 4686 susceperim
3463 4629 3564 4667 na-

1966 4731 2170 4781 turam,
2232 4716 2362 4773 huic
2412 4714 2641 4771 omnino
2712 4713 3087 4789 ignoscetur,
3132 4710 3288 4780 quasi
3338 4723 3447 4762 non
3494 4722 3564 4761 ex

1968 4810 2237 4869 industria
2272 4809 2414 4864 male
2444 4805 2636 4879 egerit,
2672 4806 2769 4860 scd
2799 4820 2895 4873 per
2924 4803 3174 4859 veritatis
3203 4800 3565 4873 ignorantiam

1966 4901 2449 4975 blasphemaverit.
2493 4899 2598 4965 Qui
2627 4911 2758 4952 vero
2800 4896 2912 4951 Deo
2939 4895 3135 4965 dignas
3179 4894 3378 4949 videns
3433 4907 3567 4961 ope-

1968 4998 2229 5061 rationes,
2283 5008 2422 5065 quas
2499 4993 2648 5048 solus
2732 4989 2914 5044 facere
2987 4995 3171 5060 potest
3225 4987 3391 5051 Deus,
3464 4984 3565 5055 ipsi

1969 5105 2188 5161 quoque
2224 5086 2516 5142 Beelzebul
2567 5086 2686 5140 illas
2750 5083 3091 5153 ascripserit,
3150 5089 3209 5135 ut
3248 5096 3346 5135 vos
3400 5080 3567 5134 etiam

1972 5198 2118 5237 Illlllc
2174 5180 2382 5243 facitis,
2431 5188 2486 5233 et
2532 5178 2603 5233 ita
2656 5165 2923 5233 adversus
2982 5176 3248 5247 Spiritum
3313 5182 3567 5228 sanctum

1970 5272 2366 5342 blasphemiam
2418 5270 2638 5337 dixerit,
2702 5270 2817 5323 sive
2895 5268 3159 5323 adversus
3220 5265 3565 5320 divinitatem

1973 5368 2117 5438 (nam
2143 5365 2285 5420 hanc
2321 5372 2476 5419 vocat
2515 5378 2665 5418 nunc
2694 5363 2958 5433 Spiritum
2981 5360 3282 5431 sanctum),
3301 5360 3390 5413 hic
3411 5358 3568 5427 quasi

1970 5474 2035 5512 ex
2090 5456 2358 5512 industria
2420 5455 2709 5509 manifeste
2774 5470 2839 5510 ac
2904 5454 3143 5508 scienter
3197 5466 3453 5522 peccans.
3513 5457 3570 5503 et

1976 5552 2144 5611 Deum
2188 5549 2387 5619 injuria
2453 5547 2716 5611 alliciens,
2755 5563 2819 5602 ac
2871 5545 3319 5601 inexcusabiliter
3389 5544 3569 5599 delin-

1973 5660 2170 5714 quens,
2211 5644 2425 5698 veniam
2453 5658 2563 5697 non
2594 5652 2990 5710 consequetur.

2043 5735 2199 5800 Quod
2227 5742 2411 5787 autem
2448 5734 2720 5804 sequitur,
2777 5733 2961 5795 Neque
2992 5734 3047 5787 in
3077 5730 3325 5803 prementi
3352 5729 3565 5791 sarculo,

1976 5846 2142 5901 neque
2215 5831 2266 5883 in
2305 5830 2507 5900 futuro,
2582 5827 2813 5893 addidit,
2872 5829 3073 5884 docens
3151 5825 3443 5882 maximam
3504 5839 3568 5877 ac
