  <div class='ocr_page' id='page_1' title='image "/cluster/home/n/w/nwhite01/storage/ocr_20150623/129/ien.35556001660034/199.png"; bbox 0 0 4020 6528; ppageno 0'>
   <div class='ocr_carea' id='block_1_1' title="bbox 476 343 586 408">
    <p class='ocr_par' dir='ltr' id='par_1_1' title="bbox 476 343 586 408">
     <span class='ocr_line' id='line_1_1' title="bbox 476 343 586 408; baseline -0.027 0"><span class='ocrx_word' id='word_1_1' title='bbox 476 343 586 408; x_wconf 84' lang='lat'><strong>383</strong></span> 
     </span>
    </p>
   </div>
   <div class='ocr_carea' id='block_1_2' title="bbox 1718 336 2510 398">
    <p class='ocr_par' dir='ltr' id='par_1_2' title="bbox 1718 336 2510 398">
     <span class='ocr_line' id='line_1_2' title="bbox 1718 336 2510 398; baseline 0 -3"><span class='ocrx_word' id='word_1_2' title='bbox 1718 336 2035 398; x_wconf 71' lang='lat' dir='ltr'><strong>EUTHYM</strong></span> <span class='ocrx_word' id='word_1_3' title='bbox 2048 336 2104 395; x_wconf 84' lang='lat' dir='ltr'><strong>Il</strong></span> <span class='ocrx_word' id='word_1_4' title='bbox 2147 336 2510 398; x_wconf 77' lang='lat' dir='ltr'><strong>ZlGABENl</strong></span> 
     </span>
    </p>
   </div>
   <div class='ocr_carea' id='block_1_3' title="bbox 3645 332 3758 399">
    <p class='ocr_par' dir='ltr' id='par_1_3' title="bbox 3645 332 3758 399">
     <span class='ocr_line' id='line_1_3' title="bbox 3645 332 3758 399; baseline 0 0"><span class='ocrx_word' id='word_1_5' title='bbox 3645 332 3713 399; x_wconf 84' lang='lat'><strong>38</strong></span> <span class='ocrx_word' id='word_1_6' title='bbox 3724 337 3758 399; x_wconf 70' lang='grc' dir='ltr'><strong>»ί</strong></span> 
     </span>
    </p>
   </div>
   <div class='ocr_carea' id='block_1_4' title="bbox 444 443 2071 519">
    <p class='ocr_par' dir='ltr' id='par_1_4' title="bbox 444 443 2071 515">
     <span class='ocr_line' id='line_1_4' title="bbox 444 443 2071 515; baseline -0.003 -9"><span class='ocrx_word' id='word_1_7' title='bbox 444 448 825 507; x_wconf 76' lang='lat' dir='ltr'><strong>‘tremendam</strong></span> <span class='ocrx_word' id='word_1_8' title='bbox 871 462 994 503; x_wconf 88' lang='lat' dir='ltr'><strong>esse</strong></span> <span class='ocrx_word' id='word_1_9' title='bbox 1030 447 1293 502; x_wconf 76' lang='lat' dir='ltr'><strong>adversus</strong></span> <span class='ocrx_word' id='word_1_10' title='bbox 1347 444 1516 498; x_wconf 90' lang='lat' dir='ltr'><strong>Deum</strong></span> <span class='ocrx_word' id='word_1_11' title='bbox 1549 443 1985 515; x_wconf 89' lang='lat' dir='ltr'><strong>blasphemiam:</strong></span> <span class='ocrx_word' id='word_1_12' title='bbox 2017 454 2071 501; x_wconf 91' lang='lat' dir='ltr'><strong>et</strong></span> 
     </span>
    </p>
   </div>
   <div class='ocr_carea' id='block_1_5' title="bbox 2179 443 3762 519">
    <p class='ocr_par' dir='ltr' id='par_1_5' title="bbox 2182 444 3762 519">
     <span class='ocr_line' id='line_1_5' title="bbox 2182 444 3762 519; baseline 0.001 -20"><span class='ocrx_word' id='word_1_13' title='bbox 2182 447 2471 519; x_wconf 78' lang='grc' dir='ltr'>σερωτάτη</span> <span class='ocrx_word' id='word_1_14' title='bbox 2534 448 2741 519; x_wconf 72' lang='grc' dir='ltr'>ὲστὶνὴ</span> <span class='ocrx_word' id='word_1_15' title='bbox 2804 444 2943 502; x_wconf 82' lang='grc' dir='ltr'><strong>κατά</strong></span> <span class='ocrx_word' id='word_1_16' title='bbox 2980 446 3071 501; x_wconf 89' lang='grc' dir='ltr'><strong>τοῦ</strong></span> <span class='ocrx_word' id='word_1_17' title='bbox 3104 447 3240 502; x_wconf 82' lang='grc' dir='ltr'><strong>Θεοῦ</strong></span> <span class='ocrx_word' id='word_1_18' title='bbox 3283 447 3629 518; x_wconf 71' lang='grc' dir='ltr'><strong>βλασφημία,</strong></span> <span class='ocrx_word' id='word_1_19' title='bbox 3662 449 3762 503; x_wconf 76' lang='grc' dir='ltr'>καὶ</span> 
     </span>
    </p>
   </div>
   <div class='ocr_carea' id='block_1_6' title="bbox 478 537 2070 614">
    <p class='ocr_par' dir='ltr' id='par_1_6' title="bbox 478 537 2070 614">
     <span class='ocr_line' id='line_1_6' title="bbox 478 537 2070 614; baseline -0.005 -15"><span class='ocrx_word' id='word_1_20' title='bbox 478 545 630 614; x_wconf 84' lang='lat' dir='ltr'><strong>quod</strong></span> <span class='ocrx_word' id='word_1_21' title='bbox 684 540 965 598; x_wconf 85' lang='lat' dir='ltr'><strong>hominum</strong></span> <span class='ocrx_word' id='word_1_22' title='bbox 1002 540 1221 608; x_wconf 87' lang='lat' dir='ltr'><strong>quidam</strong></span> <span class='ocrx_word' id='word_1_23' title='bbox 1258 538 1345 593; x_wconf 89' lang='lat' dir='ltr'><strong>hic</strong></span> <span class='ocrx_word' id='word_1_24' title='bbox 1376 554 1440 591; x_wconf 84' lang='lat' dir='ltr'><strong>ac</strong></span> <span class='ocrx_word' id='word_1_25' title='bbox 1500 538 1553 591; x_wconf 96' lang='lat' dir='ltr'><strong>in</strong></span> <span class='ocrx_word' id='word_1_26' title='bbox 1616 537 1801 592; x_wconf 81' lang='lat' dir='ltr'><strong>futuro</strong></span> <span class='ocrx_word' id='word_1_27' title='bbox 1871 537 2070 592; x_wconf 65' lang='lat' dir='ltr'><strong>san-nlo</strong></span> 
     </span>
    </p>
   </div>
   <div class='ocr_carea' id='block_1_7' title="bbox 479 628 2070 704">
    <p class='ocr_par' dir='ltr' id='par_1_7' title="bbox 479 628 2070 704">
     <span class='ocr_line' id='line_1_7' title="bbox 479 628 2070 704; baseline -0.003 -14"><span class='ocrx_word' id='word_1_28' title='bbox 479 635 747 704; x_wconf 80' lang='lat' dir='ltr'><strong>supplicia</strong></span> <span class='ocrx_word' id='word_1_29' title='bbox 806 631 1105 695; x_wconf 78' lang='lat' dir='ltr'><strong>sustinent,</strong></span> <span class='ocrx_word' id='word_1_30' title='bbox 1152 639 1212 684; x_wconf 88' lang='lat' dir='ltr'><strong>ut</strong></span> <span class='ocrx_word' id='word_1_31' title='bbox 1259 628 1557 684; x_wconf 65' lang='lat' dir='ltr'><strong>Sodomita:</strong></span> <span class='ocrx_word' id='word_1_32' title='bbox 1588 638 1641 683; x_wconf 91' lang='lat' dir='ltr'><strong>et</strong></span> <span class='ocrx_word' id='word_1_33' title='bbox 1665 628 1859 684; x_wconf 63' lang='lat' dir='ltr'><strong>Judaei.</strong></span> <span class='ocrx_word' id='word_1_34' title='bbox 1908 629 1973 684; x_wconf 82' lang='lat' dir='ltr'><strong>Et</strong></span> <span class='ocrx_word' id='word_1_35' title='bbox 2003 630 2070 685; x_wconf 90' lang='lat' dir='ltr'><strong>de</strong></span> 
     </span>
    </p>
   </div>
   <div class='ocr_carea' id='block_1_8' title="bbox 481 721 2067 794">
    <p class='ocr_par' dir='ltr' id='par_1_8' title="bbox 481 721 2067 794">
     <span class='ocr_line' id='line_1_8' title="bbox 481 721 2067 794; baseline -0.004 -13"><span class='ocrx_word' id='word_1_36' title='bbox 481 726 780 781; x_wconf 75' lang='lat' dir='ltr'><strong>Sodomitis</strong></span> <span class='ocrx_word' id='word_1_37' title='bbox 802 722 1020 794; x_wconf 87' lang='lat' dir='ltr'><strong>quidem</strong></span> <span class='ocrx_word' id='word_1_38' title='bbox 1060 722 1411 792; x_wconf 69' lang='lat' dir='ltr'><strong>praediximus</strong></span> <span class='ocrx_word' id='word_1_39' title='bbox 1445 721 1658 776; x_wconf 90' lang='lat' dir='ltr'><strong>decimo</strong></span> <span class='ocrx_word' id='word_1_40' title='bbox 1686 735 1833 775; x_wconf 93' lang='lat' dir='ltr'><strong>nono</strong></span> <span class='ocrx_word' id='word_1_41' title='bbox 1856 722 2067 788; x_wconf 84' lang='lat' dir='ltr'><strong>capite:</strong></span> 
     </span>
    </p>
   </div>
   <div class='ocr_carea' id='block_1_9' title="bbox 483 812 2071 883">
    <p class='ocr_par' dir='ltr' id='par_1_9' title="bbox 483 812 2071 883">
     <span class='ocr_line' id='line_1_9' title="bbox 483 812 2071 883; baseline 0.001 -16"><span class='ocrx_word' id='word_1_42' title='bbox 483 816 657 870; x_wconf 69' lang='lat' dir='ltr'><strong>Judaei</strong></span> <span class='ocrx_word' id='word_1_43' title='bbox 722 829 854 869; x_wconf 76' lang='lat' dir='ltr'><strong>vero</strong></span> <span class='ocrx_word' id='word_1_44' title='bbox 898 823 953 868; x_wconf 92' lang='lat' dir='ltr'><strong>et</strong></span> <span class='ocrx_word' id='word_1_45' title='bbox 1004 814 1095 868; x_wconf 89' lang='lat' dir='ltr'><strong>hic</strong></span> <span class='ocrx_word' id='word_1_46' title='bbox 1152 828 1346 883; x_wconf 73' lang='lat' dir='ltr'><strong>prenas</strong></span> <span class='ocrx_word' id='word_1_47' title='bbox 1402 812 1689 874; x_wconf 88' lang='lat' dir='ltr'><strong>dederunt,</strong></span> <span class='ocrx_word' id='word_1_48' title='bbox 1740 829 1767 865; x_wconf 88' lang='lat' dir='ltr'><strong>a</strong></span> <span class='ocrx_word' id='word_1_49' title='bbox 1809 812 2071 868; x_wconf 77' lang='lat' dir='ltr'><strong>Romanis</strong></span> 
     </span>
    </p>
   </div>
   <div class='ocr_carea' id='block_1_10' title="bbox 482 903 2068 961">
    <p class='ocr_par' dir='ltr' id='par_1_10' title="bbox 482 903 2068 961">
     <span class='ocr_line' id='line_1_10' title="bbox 482 903 2068 961; baseline -0.001 0"><span class='ocrx_word' id='word_1_50' title='bbox 482 906 869 961; x_wconf 74' lang='lat' dir='ltr'><strong>miserabiliter</strong></span> <span class='ocrx_word' id='word_1_51' title='bbox 904 904 1127 961; x_wconf 76' lang='lat' dir='ltr'><strong>alﬂicti:</strong></span> <span class='ocrx_word' id='word_1_52' title='bbox 1184 913 1239 959; x_wconf 90' lang='lat' dir='ltr'><strong>et</strong></span> <span class='ocrx_word' id='word_1_53' title='bbox 1275 905 1349 959; x_wconf 87' lang='lat' dir='ltr'><strong>ibi</strong></span> <span class='ocrx_word' id='word_1_54' title='bbox 1411 903 1782 958; x_wconf 77' lang='lat' dir='ltr'><strong>miserabilius</strong></span> <span class='ocrx_word' id='word_1_55' title='bbox 1839 904 2068 959; x_wconf 88' lang='lat' dir='ltr'><strong>cruciati</strong></span> 
     </span>
    </p>
   </div>
   <div class='ocr_carea' id='block_1_11' title="bbox 478 997 2069 1066">
    <p class='ocr_par' dir='ltr' id='par_1_11' title="bbox 478 997 2069 1066">
     <span class='ocr_line' id='line_1_11' title="bbox 478 997 2069 1066; baseline 0.001 -14"><span class='ocrx_word' id='word_1_56' title='bbox 478 1000 709 1052; x_wconf 86' lang='lat' dir='ltr'><strong>dabunt.</strong></span> <span class='ocrx_word' id='word_1_57' title='bbox 751 998 985 1062; x_wconf 80' lang='lat' dir='ltr'><strong>Quidam</strong></span> <span class='ocrx_word' id='word_1_58' title='bbox 1022 1013 1151 1052; x_wconf 85' lang='lat' dir='ltr'><strong>vero</strong></span> <span class='ocrx_word' id='word_1_59' title='bbox 1208 998 1297 1051; x_wconf 91' lang='lat' dir='ltr'><strong>hic</strong></span> <span class='ocrx_word' id='word_1_60' title='bbox 1353 997 1527 1050; x_wconf 88' lang='lat' dir='ltr'><strong>solum</strong></span> <span class='ocrx_word' id='word_1_61' title='bbox 1612 998 1949 1066; x_wconf 90' lang='lat' dir='ltr'><strong>puniuntur,</strong></span> <span class='ocrx_word' id='word_1_62' title='bbox 2006 1009 2069 1053; x_wconf 93' lang='lat' dir='ltr'><strong>ut</strong></span> 
     </span>
    </p>
   </div>
   <div class='ocr_carea' id='block_1_12' title="bbox 479 1090 2066 1160">
    <p class='ocr_par' dir='ltr' id='par_1_12' title="bbox 479 1090 2066 1160">
     <span class='ocr_line' id='line_1_12' title="bbox 479 1090 2066 1160; baseline 0 -17"><span class='ocrx_word' id='word_1_63' title='bbox 479 1092 809 1145; x_wconf 80' lang='lat' dir='ltr'><strong>furnicarius</strong></span> <span class='ocrx_word' id='word_1_64' title='bbox 842 1091 931 1144; x_wconf 88' lang='lat' dir='ltr'><strong>ille</strong></span> <span class='ocrx_word' id='word_1_65' title='bbox 986 1090 1129 1160; x_wconf 87' lang='lat' dir='ltr'><strong>apud</strong></span> <span class='ocrx_word' id='word_1_66' title='bbox 1186 1090 1507 1144; x_wconf 69' lang='lat' dir='ltr'><strong>Corinthios</strong></span> <span class='ocrx_word' id='word_1_67' title='bbox 1538 1090 1758 1146; x_wconf 76' lang='lat' dir='ltr'><strong>Sataua:</strong></span> <span class='ocrx_word' id='word_1_68' title='bbox 1814 1090 2066 1146; x_wconf 87' lang='lat' dir='ltr'><strong>traditus.</strong></span> 
     </span>
    </p>
   </div>
   <div class='ocr_carea' id='block_1_13' title="bbox 476 1182 2069 1253">
    <p class='ocr_par' dir='ltr' id='par_1_13' title="bbox 476 1182 2069 1253">
     <span class='ocr_line' id='line_1_13' title="bbox 476 1182 2069 1253; baseline 0.001 -18"><span class='ocrx_word' id='word_1_69' title='bbox 476 1182 658 1253; x_wconf 76' lang='lat' dir='ltr'><strong>Aliqui</strong></span> <span class='ocrx_word' id='word_1_70' title='bbox 721 1192 903 1236; x_wconf 91' lang='lat' dir='ltr'><strong>autem</strong></span> <span class='ocrx_word' id='word_1_71' title='bbox 943 1182 1015 1236; x_wconf 91' lang='lat' dir='ltr'><strong>ibi</strong></span> <span class='ocrx_word' id='word_1_72' title='bbox 1052 1189 1283 1244; x_wconf 86' lang='lat' dir='ltr'><strong>tantum,</strong></span> <span class='ocrx_word' id='word_1_73' title='bbox 1345 1189 1406 1235; x_wconf 91' lang='lat' dir='ltr'><strong>ut</strong></span> <span class='ocrx_word' id='word_1_74' title='bbox 1465 1182 1618 1236; x_wconf 79' lang='lat' dir='ltr'><strong>dives</strong></span> <span class='ocrx_word' id='word_1_75' title='bbox 1647 1182 1733 1235; x_wconf 87' lang='lat' dir='ltr'><strong>ille</strong></span> <span class='ocrx_word' id='word_1_76' title='bbox 1767 1182 1821 1236; x_wconf 92' lang='lat' dir='ltr'><strong>in</strong></span> <span class='ocrx_word' id='word_1_77' title='bbox 1852 1182 2069 1236; x_wconf 82' lang='lat' dir='ltr'><strong>ﬂamma</strong></span> 
     </span>
    </p>
   </div>
   <div class='ocr_carea' id='block_1_14' title="bbox 474 1274 2067 1345">
    <p class='ocr_par' dir='ltr' id='par_1_14' title="bbox 474 1274 2067 1345">
     <span class='ocr_line' id='line_1_14' title="bbox 474 1274 2067 1345; baseline -0.002 -14"><span class='ocrx_word' id='word_1_78' title='bbox 474 1276 769 1331; x_wconf 86' lang='lat' dir='ltr'><strong>cruciatus.</strong></span> <span class='ocrx_word' id='word_1_79' title='bbox 824 1274 1094 1328; x_wconf 68' lang='lat' dir='ltr'><strong>Praeterea</strong></span> <span class='ocrx_word' id='word_1_80' title='bbox 1152 1275 1406 1328; x_wconf 75' lang='lat' dir='ltr'><strong>nonnulli</strong></span> <span class='ocrx_word' id='word_1_81' title='bbox 1440 1291 1618 1345; x_wconf 88' lang='lat' dir='ltr'><strong>neque</strong></span> <span class='ocrx_word' id='word_1_82' title='bbox 1652 1276 1741 1328; x_wconf 89' lang='lat' dir='ltr'><strong>hic</strong></span> <span class='ocrx_word' id='word_1_83' title='bbox 1772 1291 1947 1343; x_wconf 88' lang='lat' dir='ltr'><strong>neque</strong></span> <span class='ocrx_word' id='word_1_84' title='bbox 1974 1276 2067 1339; x_wconf 90' lang='lat' dir='ltr'><strong>ibi,</strong></span> 
     </span>
    </p>
   </div>
   <div class='ocr_carea' id='block_1_15' title="bbox 478 1368 2066 1437">
    <p class='ocr_par' dir='ltr' id='par_1_15' title="bbox 478 1368 2066 1437">
     <span class='ocr_line' id='line_1_15' title="bbox 478 1368 2066 1437; baseline -0.001 -15"><span class='ocrx_word' id='word_1_85' title='bbox 478 1379 537 1422; x_wconf 91' lang='lat' dir='ltr'><strong>ut</strong></span> <span class='ocrx_word' id='word_1_86' title='bbox 595 1368 833 1437; x_wconf 81' lang='lat' dir='ltr'><strong>apostoli</strong></span> <span class='ocrx_word' id='word_1_87' title='bbox 883 1376 939 1422; x_wconf 92' lang='lat' dir='ltr'><strong>et</strong></span> <span class='ocrx_word' id='word_1_88' title='bbox 986 1369 1265 1437; x_wconf 72' lang='lat' dir='ltr'><strong>propheta:</strong></span> <span class='ocrx_word' id='word_1_89' title='bbox 1309 1384 1371 1423; x_wconf 92' lang='lat' dir='ltr'><strong>ac</strong></span> <span class='ocrx_word' id='word_1_90' title='bbox 1405 1368 1533 1422; x_wconf 80' lang='lat' dir='ltr'><strong>.Iob.</strong></span> <span class='ocrx_word' id='word_1_91' title='bbox 1612 1368 1749 1423; x_wconf 84' lang='lat' dir='ltr'><strong>Nam</strong></span> <span class='ocrx_word' id='word_1_92' title='bbox 1814 1384 1935 1437; x_wconf 69' lang='lat' dir='ltr'><strong>quae</strong></span> <span class='ocrx_word' id='word_1_93' title='bbox 1969 1368 2066 1436; x_wconf 80' lang='lat' dir='ltr'><strong>ipsi</strong></span> 
     </span>
    </p>
   </div>
   <div class='ocr_carea' id='block_1_16' title="bbox 474 1460 2067 1529">
    <p class='ocr_par' dir='ltr' id='par_1_16' title="bbox 474 1460 2067 1529">
     <span class='ocr_line' id='line_1_16' title="bbox 474 1460 2067 1529; baseline 0.001 -16"><span class='ocrx_word' id='word_1_94' title='bbox 474 1460 845 1529; x_wconf 82' lang='lat' dir='ltr'><strong>patiebantur,</strong></span> <span class='ocrx_word' id='word_1_95' title='bbox 923 1476 1033 1513; x_wconf 92' lang='lat' dir='ltr'><strong>non</strong></span> <span class='ocrx_word' id='word_1_96' title='bbox 1081 1461 1309 1515; x_wconf 87' lang='lat' dir='ltr'><strong>ultionis</strong></span> <span class='ocrx_word' id='word_1_97' title='bbox 1365 1472 1579 1515; x_wconf 80' lang='lat' dir='ltr'><strong>eranta</strong></span> <span class='ocrx_word' id='word_1_98' title='bbox 1629 1460 1738 1515; x_wconf 86' lang='lat' dir='ltr'><strong>Deo</strong></span> <span class='ocrx_word' id='word_1_99' title='bbox 1792 1462 2067 1526; x_wconf 70' lang='lat' dir='ltr'><strong>immissae,</strong></span> 
     </span>
    </p>
   </div>
   <div class='ocr_carea' id='block_1_17' title="bbox 475 1552 2067 1623">
    <p class='ocr_par' dir='ltr' id='par_1_17' title="bbox 475 1552 2067 1623">
     <span class='ocr_line' id='line_1_17' title="bbox 475 1552 2067 1623; baseline 0.001 -18"><span class='ocrx_word' id='word_1_100' title='bbox 475 1552 573 1607; x_wconf 89' lang='lat' dir='ltr'><strong>sed</strong></span> <span class='ocrx_word' id='word_1_101' title='bbox 619 1553 987 1607; x_wconf 80' lang='lat' dir='ltr'><strong>certaminum</strong></span> <span class='ocrx_word' id='word_1_102' title='bbox 1044 1569 1107 1607; x_wconf 89' lang='lat' dir='ltr'><strong>ac</strong></span> <span class='ocrx_word' id='word_1_103' title='bbox 1160 1553 1451 1607; x_wconf 87' lang='lat' dir='ltr'><strong>luctarum.</strong></span> <span class='ocrx_word' id='word_1_104' title='bbox 1512 1552 1664 1617; x_wconf 74' lang='lat' dir='ltr'><strong>Quod</strong></span> <span class='ocrx_word' id='word_1_105' title='bbox 1713 1570 1841 1623; x_wconf 80' lang='lat' dir='ltr'><strong>ergo</strong></span> <span class='ocrx_word' id='word_1_106' title='bbox 1892 1554 2067 1607; x_wconf 81' lang='lat' dir='ltr'><strong>mina-</strong></span> 
     </span>
    </p>
   </div>
   <div class='ocr_carea' id='block_1_18' title="bbox 475 1644 2068 1716">
    <p class='ocr_par' dir='ltr' id='par_1_18' title="bbox 475 1644 2068 1716">
     <span class='ocr_line' id='line_1_18' title="bbox 475 1644 2068 1716; baseline 0.001 -19"><span class='ocrx_word' id='word_1_107' title='bbox 475 1653 581 1709; x_wconf 89' lang='lat' dir='ltr'><strong>tur,</strong></span> <span class='ocrx_word' id='word_1_108' title='bbox 627 1645 893 1700; x_wconf 78' lang='lat' dir='ltr'><strong>adversus</strong></span> <span class='ocrx_word' id='word_1_109' title='bbox 943 1644 1063 1698; x_wconf 81' lang='lat' dir='ltr'><strong>illos</strong></span> <span class='ocrx_word' id='word_1_110' title='bbox 1098 1654 1201 1708; x_wconf 90' lang='lat' dir='ltr'><strong>est,</strong></span> <span class='ocrx_word' id='word_1_111' title='bbox 1239 1646 1331 1713; x_wconf 86' lang='lat' dir='ltr'><strong>qui</strong></span> <span class='ocrx_word' id='word_1_112' title='bbox 1370 1645 1785 1699; x_wconf 82' lang='lat' dir='ltr'><strong>iinmutahiliter</strong></span> <span class='ocrx_word' id='word_1_113' title='bbox 1828 1646 1879 1698; x_wconf 92' lang='lat' dir='ltr'><strong>in</strong></span> <span class='ocrx_word' id='word_1_114' title='bbox 1933 1662 2068 1716; x_wconf 86' lang='lat' dir='ltr'><strong>pec-</strong></span> 
     </span>
    </p>
   </div>
   <div class='ocr_carea' id='block_1_19' title="bbox 471 1736 2069 1808">
    <p class='ocr_par' dir='ltr' id='par_1_19' title="bbox 471 1736 2069 1808">
     <span class='ocr_line' id='line_1_19' title="bbox 471 1736 2069 1808; baseline 0.002 -18"><span class='ocrx_word' id='word_1_115' title='bbox 471 1745 600 1791; x_wconf 86' lang='lat' dir='ltr'><strong>cato</strong></span> <span class='ocrx_word' id='word_1_116' title='bbox 641 1745 951 1790; x_wconf 82' lang='lat' dir='ltr'><strong>remanent.</strong></span> <span class='ocrx_word' id='word_1_117' title='bbox 1017 1736 1369 1791; x_wconf 77' lang='lat' dir='ltr'><strong>Manifestum</strong></span> <span class='ocrx_word' id='word_1_118' title='bbox 1436 1747 1519 1792; x_wconf 91' lang='lat' dir='ltr'><strong>est</strong></span> <span class='ocrx_word' id='word_1_119' title='bbox 1568 1747 1771 1802; x_wconf 89' lang='lat' dir='ltr'><strong>autem,</strong></span> <span class='ocrx_word' id='word_1_120' title='bbox 1803 1739 1945 1808; x_wconf 89' lang='lat' dir='ltr'><strong>quod</strong></span> <span class='ocrx_word' id='word_1_121' title='bbox 1991 1738 2069 1793; x_wconf 89' lang='lat' dir='ltr'><strong>eis</strong></span> 
     </span>
    </p>
   </div>
   <div class='ocr_carea' id='block_1_20' title="bbox 473 1827 2055 1897">
    <p class='ocr_par' dir='ltr' id='par_1_20' title="bbox 473 1827 2055 1897">
     <span class='ocr_line' id='line_1_20' title="bbox 473 1827 2055 1897; baseline 0.003 -20"><span class='ocrx_word' id='word_1_122' title='bbox 473 1828 564 1895; x_wconf 83' lang='lat' dir='ltr'><strong>qui</strong></span> <span class='ocrx_word' id='word_1_123' title='bbox 610 1827 963 1897; x_wconf 84' lang='lat' dir='ltr'><strong>resipiscuut,</strong></span> <span class='ocrx_word' id='word_1_124' title='bbox 1022 1837 1078 1882; x_wconf 91' lang='lat' dir='ltr'><strong>et</strong></span> <span class='ocrx_word' id='word_1_125' title='bbox 1140 1829 1226 1883; x_wconf 91' lang='lat' dir='ltr'><strong>hic</strong></span> <span class='ocrx_word' id='word_1_126' title='bbox 1279 1838 1335 1882; x_wconf 90' lang='lat' dir='ltr'><strong>et</strong></span> <span class='ocrx_word' id='word_1_127' title='bbox 1390 1830 1461 1883; x_wconf 89' lang='lat' dir='ltr'><strong>ibi</strong></span> <span class='ocrx_word' id='word_1_128' title='bbox 1518 1831 1850 1884; x_wconf 85' lang='lat' dir='ltr'><strong>remittetur.</strong></span> <span class='ocrx_word' id='word_1_129' title='bbox 1904 1828 2055 1883; x_wconf 78' lang='lat' dir='ltr'><strong>Multi</strong></span> 
     </span>
    </p>
   </div>
   <div class='ocr_carea' id='block_1_21' title="bbox 472 1921 2069 1992">
    <p class='ocr_par' dir='ltr' id='par_1_21' title="bbox 472 1921 2069 1992">
     <span class='ocr_line' id='line_1_21' title="bbox 472 1921 2069 1992; baseline 0.001 -18"><span class='ocrx_word' id='word_1_130' title='bbox 472 1921 619 1974; x_wconf 86' lang='lat' dir='ltr'><strong>enim</strong></span> <span class='ocrx_word' id='word_1_131' title='bbox 671 1922 764 1989; x_wconf 85' lang='lat' dir='ltr'><strong>qui</strong></span> <span class='ocrx_word' id='word_1_132' title='bbox 802 1930 933 1975; x_wconf 93' lang='lat' dir='ltr'><strong>tunc</strong></span> <span class='ocrx_word' id='word_1_133' title='bbox 989 1921 1059 1973; x_wconf 88' lang='lat' dir='ltr'><strong>ita</strong></span> <span class='ocrx_word' id='word_1_134' title='bbox 1116 1921 1487 1991; x_wconf 85' lang='lat' dir='ltr'><strong>deliquerant,</strong></span> <span class='ocrx_word' id='word_1_135' title='bbox 1558 1938 1681 1976; x_wconf 89' lang='lat' dir='ltr'><strong>cum</strong></span> <span class='ocrx_word' id='word_1_136' title='bbox 1720 1922 2069 1992; x_wconf 82' lang='lat' dir='ltr'><strong>postmodum</strong></span> 
     </span>
    </p>
   </div>
   <div class='ocr_carea' id='block_1_22' title="bbox 472 2010 1774 2083">
    <p class='ocr_par' dir='ltr' id='par_1_22' title="bbox 472 2010 1774 2083">
     <span class='ocr_line' id='line_1_22' title="bbox 472 2010 1774 2083; baseline 0 -18"><span class='ocrx_word' id='word_1_137' title='bbox 472 2011 862 2079; x_wconf 85' lang='lat' dir='ltr'><strong>credidissent,</strong></span> <span class='ocrx_word' id='word_1_138' title='bbox 902 2010 1121 2065; x_wconf 80' lang='lat' dir='ltr'><strong>veniam</strong></span> <span class='ocrx_word' id='word_1_139' title='bbox 1152 2013 1380 2066; x_wconf 90' lang='lat' dir='ltr'><strong>omnino</strong></span> <span class='ocrx_word' id='word_1_140' title='bbox 1413 2013 1774 2083; x_wconf 87' lang='lat' dir='ltr'><strong>suutadcpti.</strong></span> 
     </span>
    </p>
   </div>
   <div class='ocr_carea' id='block_1_23' title="bbox 549 2209 2068 2281">
    <p class='ocr_par' dir='ltr' id='par_1_23' title="bbox 549 2209 2068 2281">
     <span class='ocr_line' id='line_1_23' title="bbox 549 2209 2068 2281; baseline -0.001 -18"><span class='ocrx_word' id='word_1_141' title='bbox 549 2209 705 2264; x_wconf 79' lang='lat' dir='ltr'><strong>Vers.</strong></span> <span class='ocrx_word' id='word_1_142' title='bbox 742 2211 833 2265; x_wconf 77' lang='lat'><strong>35.</strong></span> <span class='ocrx_word' id='word_1_143' title='bbox 886 2210 992 2264; x_wconf 79' lang='lat' dir='ltr'><strong>Aut</strong></span> <span class='ocrx_word' id='word_1_144' title='bbox 1024 2211 1473 2281; x_wconf 75' lang='lat' dir='ltr'><strong>—cognoscitur.</strong></span> <span class='ocrx_word' id='word_1_145' title='bbox 1532 2210 1744 2270; x_wconf 87' lang='lat' dir='ltr'><strong>Facite.</strong></span> <span class='ocrx_word' id='word_1_146' title='bbox 1798 2209 1903 2264; x_wconf 81' lang='lat' dir='ltr'><strong>hoc</strong></span> <span class='ocrx_word' id='word_1_147' title='bbox 1963 2219 2068 2273; x_wconf 87' lang='lat' dir='ltr'><strong>est,</strong></span> 
     </span>
    </p>
   </div>
   <div class='ocr_carea' id='block_1_24' title="bbox 472 2303 2070 2371">
    <p class='ocr_par' dir='ltr' id='par_1_24' title="bbox 472 2303 2070 2371">
     <span class='ocr_line' id='line_1_24' title="bbox 472 2303 2070 2371; baseline -0.001 -14"><span class='ocrx_word' id='word_1_148' title='bbox 472 2304 660 2359; x_wconf 65' lang='lat' dir='ltr'><strong>dicite.</strong></span> <span class='ocrx_word' id='word_1_149' title='bbox 712 2304 948 2358; x_wconf 78' lang='lat' dir='ltr'><strong>Rursum</strong></span> <span class='ocrx_word' id='word_1_150' title='bbox 1004 2312 1192 2357; x_wconf 89' lang='lat' dir='ltr'><strong>autem</strong></span> <span class='ocrx_word' id='word_1_151' title='bbox 1271 2303 1558 2357; x_wconf 77' lang='lat' dir='ltr'><strong>confundit</strong></span> <span class='ocrx_word' id='word_1_152' title='bbox 1621 2303 1741 2357; x_wconf 87' lang='lat' dir='ltr'><strong>illos</strong></span> <span class='ocrx_word' id='word_1_153' title='bbox 1812 2312 2070 2371; x_wconf 87' lang='lat' dir='ltr'><strong>tanquam</strong></span> 
     </span>
    </p>
   </div>
   <div class='ocr_carea' id='block_1_25' title="bbox 474 2393 2071 2463">
    <p class='ocr_par' dir='ltr' id='par_1_25' title="bbox 474 2393 2071 2463">
     <span class='ocr_line' id='line_1_25' title="bbox 474 2393 2071 2463; baseline -0.001 -17"><span class='ocrx_word' id='word_1_154' title='bbox 474 2410 537 2447; x_wconf 91' lang='lat' dir='ltr'><strong>ea</strong></span> <span class='ocrx_word' id='word_1_155' title='bbox 606 2394 942 2447; x_wconf 86' lang='lat' dir='ltr'><strong>deducentes</strong></span> <span class='ocrx_word' id='word_1_156' title='bbox 982 2393 1034 2446; x_wconf 91' lang='lat' dir='ltr'><strong>in</strong></span> <span class='ocrx_word' id='word_1_157' title='bbox 1072 2394 1505 2455; x_wconf 82' lang='lat' dir='ltr'><strong>accusationem,</strong></span> <span class='ocrx_word' id='word_1_158' title='bbox 1567 2408 1689 2463; x_wconf 74' lang='lat' dir='ltr'><strong>qure</strong></span> <span class='ocrx_word' id='word_1_159' title='bbox 1736 2393 1839 2446; x_wconf 86' lang='lat' dir='ltr'><strong>sibi</strong></span> <span class='ocrx_word' id='word_1_160' title='bbox 1880 2402 2071 2445; x_wconf 90' lang='lat' dir='ltr'><strong>mutuo</strong></span> 
     </span>
    </p>
   </div>
   <div class='ocr_carea' id='block_1_26' title="bbox 475 2483 2069 2553">
    <p class='ocr_par' dir='ltr' id='par_1_26' title="bbox 475 2483 2069 2553">
     <span class='ocr_line' id='line_1_26' title="bbox 475 2483 2069 2553; baseline -0.001 -16"><span class='ocrx_word' id='word_1_161' title='bbox 475 2499 586 2537; x_wconf 80' lang='lat' dir='ltr'><strong>tum</strong></span> <span class='ocrx_word' id='word_1_162' title='bbox 618 2484 967 2543; x_wconf 77' lang='lat' dir='ltr'><strong>constabant,</strong></span> <span class='ocrx_word' id='word_1_163' title='bbox 1020 2483 1115 2537; x_wconf 87' lang='lat' dir='ltr'><strong>sed</strong></span> <span class='ocrx_word' id='word_1_164' title='bbox 1174 2492 1373 2553; x_wconf 65' lang='lat' dir='ltr'><strong>prater</strong></span> <span class='ocrx_word' id='word_1_165' title='bbox 1416 2493 1670 2538; x_wconf 81' lang='lat' dir='ltr'><strong>naturain</strong></span> <span class='ocrx_word' id='word_1_166' title='bbox 1717 2492 1898 2538; x_wconf 89' lang='lat' dir='ltr'><strong>erant.</strong></span> <span class='ocrx_word' id='word_1_167' title='bbox 1935 2483 2069 2537; x_wconf 74' lang='lat' dir='ltr'><strong>Nam</strong></span> 
     </span>
    </p>
   </div>
   <div class='ocr_carea' id='block_1_27' title="bbox 473 2574 2073 2646">
    <p class='ocr_par' dir='ltr' id='par_1_27' title="bbox 473 2574 2073 2646">
     <span class='ocr_line' id='line_1_27' title="bbox 473 2574 2073 2646; baseline 0.001 -19"><span class='ocrx_word' id='word_1_168' title='bbox 473 2574 601 2645; x_wconf 76' lang='lat' dir='ltr'><strong>quia</strong></span> <span class='ocrx_word' id='word_1_169' title='bbox 622 2590 763 2646; x_wconf 88' lang='lat' dir='ltr'><strong>opus</strong></span> <span class='ocrx_word' id='word_1_170' title='bbox 778 2575 1030 2644; x_wconf 83' lang='lat' dir='ltr'><strong>ahigendi</strong></span> <span class='ocrx_word' id='word_1_171' title='bbox 1052 2577 1325 2629; x_wconf 71' lang='lat' dir='ltr'><strong>ila-mones</strong></span> <span class='ocrx_word' id='word_1_172' title='bbox 1348 2591 1455 2629; x_wconf 90' lang='lat' dir='ltr'><strong>non</strong></span> <span class='ocrx_word' id='word_1_173' title='bbox 1477 2576 1881 2645; x_wconf 80' lang='lat' dir='ltr'><strong>improbabant,</strong></span> <span class='ocrx_word' id='word_1_174' title='bbox 1900 2593 2073 2645; x_wconf 88' lang='lat' dir='ltr'><strong>quan-</strong></span> 
     </span>
    </p>
   </div>
   <div class='ocr_carea' id='block_1_28' title="bbox 474 2667 2073 2737">
    <p class='ocr_par' dir='ltr' id='par_1_28' title="bbox 474 2667 2073 2737">
     <span class='ocr_line' id='line_1_28' title="bbox 474 2667 2073 2737; baseline 0.002 -20"><span class='ocrx_word' id='word_1_175' title='bbox 474 2682 637 2737; x_wconf 86' lang='lat' dir='ltr'><strong>quam</strong></span> <span class='ocrx_word' id='word_1_176' title='bbox 700 2668 993 2721; x_wconf 82' lang='lat' dir='ltr'><strong>atmodum</strong></span> <span class='ocrx_word' id='word_1_177' title='bbox 1050 2667 1400 2737; x_wconf 83' lang='lat' dir='ltr'><strong>impudentes</strong></span> <span class='ocrx_word' id='word_1_178' title='bbox 1431 2676 1638 2728; x_wconf 85' lang='lat' dir='ltr'><strong>essent.</strong></span> <span class='ocrx_word' id='word_1_179' title='bbox 1665 2682 1791 2721; x_wconf 93' lang='lat' dir='ltr'><strong>eum</strong></span> <span class='ocrx_word' id='word_1_180' title='bbox 1823 2682 1951 2721; x_wconf 80' lang='lat' dir='ltr'><strong>vero</strong></span> <span class='ocrx_word' id='word_1_181' title='bbox 1982 2683 2073 2720; x_wconf 86' lang='lat' dir='ltr'><strong>ca-</strong></span> 
     </span>
    </p>
   </div>
   <div class='ocr_carea' id='block_1_29' title="bbox 481 2756 2073 2828">
    <p class='ocr_par' dir='ltr' id='par_1_29' title="bbox 481 2756 2073 2828">
     <span class='ocr_line' id='line_1_29' title="bbox 481 2756 2073 2828; baseline -0.001 -16"><span class='ocrx_word' id='word_1_182' title='bbox 481 2756 893 2812; x_wconf 88' lang='lat' dir='ltr'><strong>lumniabantur</strong></span> <span class='ocrx_word' id='word_1_183' title='bbox 933 2758 1024 2826; x_wconf 88' lang='lat' dir='ltr'><strong>qui</strong></span> <span class='ocrx_word' id='word_1_184' title='bbox 1068 2758 1190 2812; x_wconf 89' lang='lat' dir='ltr'><strong>illos</strong></span> <span class='ocrx_word' id='word_1_185' title='bbox 1246 2758 1497 2827; x_wconf 76' lang='lat' dir='ltr'><strong>abigebat</strong></span> <span class='ocrx_word' id='word_1_186' title='bbox 1529 2776 1542 2811; x_wconf 90' lang='lat'><strong>:</strong></span> <span class='ocrx_word' id='word_1_187' title='bbox 1573 2758 1641 2812; x_wconf 88' lang='lat' dir='ltr'><strong>ab</strong></span> <span class='ocrx_word' id='word_1_188' title='bbox 1672 2758 1923 2828; x_wconf 78' lang='lat' dir='ltr'><strong>exemplo</strong></span> <span class='ocrx_word' id='word_1_189' title='bbox 1954 2758 2073 2812; x_wconf 88' lang='lat' dir='ltr'><strong>illos</strong></span> 
     </span>
    </p>
   </div>
   <div class='ocr_carea' id='block_1_30' title="bbox 480 2851 2069 2925">
    <p class='ocr_par' dir='ltr' id='par_1_30' title="bbox 480 2851 2069 2925">
     <span class='ocr_line' id='line_1_30' title="bbox 480 2851 2069 2925; baseline 0 -20"><span class='ocrx_word' id='word_1_190' title='bbox 480 2853 782 2925; x_wconf 63' lang='lat' dir='ltr'><strong>redarguit,</strong></span> <span class='ocrx_word' id='word_1_191' title='bbox 847 2854 938 2922; x_wconf 89' lang='lat' dir='ltr'><strong>qui</strong></span> <span class='ocrx_word' id='word_1_192' title='bbox 986 2869 1124 2923; x_wconf 90' lang='lat' dir='ltr'><strong>opus</strong></span> <span class='ocrx_word' id='word_1_193' title='bbox 1178 2852 1399 2921; x_wconf 85' lang='lat' dir='ltr'><strong>quidem</strong></span> <span class='ocrx_word' id='word_1_194' title='bbox 1451 2851 1764 2923; x_wconf 84' lang='lat' dir='ltr'><strong>judicareut</strong></span> <span class='ocrx_word' id='word_1_195' title='bbox 1845 2852 2069 2918; x_wconf 92' lang='lat' dir='ltr'><strong>bonum,</strong></span> 
     </span>
    </p>
   </div>
   <div class='ocr_carea' id='block_1_31' title="bbox 477 2943 2067 3015">
    <p class='ocr_par' dir='ltr' id='par_1_31' title="bbox 477 2943 2067 3015">
     <span class='ocr_line' id='line_1_31' title="bbox 477 2943 2067 3015; baseline 0.001 -17"><span class='ocrx_word' id='word_1_196' title='bbox 477 2959 603 2999; x_wconf 86' lang='lat' dir='ltr'><strong>eum</strong></span> <span class='ocrx_word' id='word_1_197' title='bbox 683 2954 865 3000; x_wconf 83' lang='lat' dir='ltr'><strong>autem</strong></span> <span class='ocrx_word' id='word_1_198' title='bbox 907 2945 997 3015; x_wconf 85' lang='lat' dir='ltr'><strong>qui</strong></span> <span class='ocrx_word' id='word_1_199' title='bbox 1063 2954 1342 3015; x_wconf 83' lang='lat' dir='ltr'><strong>operatur,</strong></span> <span class='ocrx_word' id='word_1_200' title='bbox 1396 2943 1822 3013; x_wconf 78' lang='lat' dir='ltr'><strong>malumzquod</strong></span> <span class='ocrx_word' id='word_1_201' title='bbox 1884 2944 2067 3015; x_wconf 88' lang='lat' dir='ltr'><strong>impu-</strong></span> 
     </span>
    </p>
   </div>
   <div class='ocr_carea' id='block_1_32' title="bbox 476 3037 1301 3107">
    <p class='ocr_par' dir='ltr' id='par_1_32' title="bbox 476 3037 1301 3107">
     <span class='ocr_line' id='line_1_32' title="bbox 476 3037 1301 3107; baseline 0.002 -16"><span class='ocrx_word' id='word_1_202' title='bbox 476 3038 674 3092; x_wconf 72' lang='lat' dir='ltr'><strong>dentia:</strong></span> <span class='ocrx_word' id='word_1_203' title='bbox 698 3047 781 3093; x_wconf 82' lang='lat' dir='ltr'><strong>est</strong></span> <span class='ocrx_word' id='word_1_204' title='bbox 809 3053 874 3092; x_wconf 84' lang='lat' dir='ltr'><strong>ac</strong></span> <span class='ocrx_word' id='word_1_205' title='bbox 908 3037 1301 3107; x_wconf 69' lang='lat' dir='ltr'><strong>repugnautim.</strong></span> 
     </span>
    </p>
   </div>
   <div class='ocr_carea' id='block_1_33' title="bbox 2173 541 3764 613">
    <p class='ocr_par' dir='ltr' id='par_1_33' title="bbox 2173 541 3764 613">
     <span class='ocr_line' id='line_1_33' title="bbox 2173 541 3764 613; baseline 0.001 -18"><span class='ocrx_word' id='word_1_206' title='bbox 2173 542 2256 595; x_wconf 82' lang='grc' dir='ltr'>ὅτι</span> <span class='ocrx_word' id='word_1_207' title='bbox 2308 542 2417 596; x_wconf 86' lang='grc' dir='ltr'><strong>τῶν</strong></span> <span class='ocrx_word' id='word_1_208' title='bbox 2458 543 2785 613; x_wconf 85' lang='grc' dir='ltr'>ἀνθρώπων.</span> <span class='ocrx_word' id='word_1_209' title='bbox 2817 544 2865 595; x_wconf 82' lang='grc' dir='ltr'>οἱ</span> <span class='ocrx_word' id='word_1_210' title='bbox 2921 543 3021 611; x_wconf 72' lang='grc' dir='ltr'>μὶν</span> <span class='ocrx_word' id='word_1_211' title='bbox 3078 544 3176 596; x_wconf 70' lang='grc' dir='ltr'>καὶ</span> <span class='ocrx_word' id='word_1_212' title='bbox 3206 542 3319 613; x_wconf 85' lang='grc'>(86)</span> <span class='ocrx_word' id='word_1_213' title='bbox 3381 541 3615 595; x_wconf 84' lang='grc' dir='ltr'>ἐνταῦθα</span> <span class='ocrx_word' id='word_1_214' title='bbox 3661 542 3764 596; x_wconf 73' lang='lat' dir='ltr'><strong>xai.</strong></span> 
     </span>
    </p>
   </div>
   <div class='ocr_carea' id='block_1_34' title="bbox 2173 636 3761 707">
    <p class='ocr_par' dir='ltr' id='par_1_34' title="bbox 2173 636 3761 707">
     <span class='ocr_line' id='line_1_34' title="bbox 2173 636 3761 707; baseline 0.001 -19"><span class='ocrx_word' id='word_1_215' title='bbox 2173 636 2293 689; x_wconf 78' lang='grc' dir='ltr'>ἐκεῖ</span> <span class='ocrx_word' id='word_1_216' title='bbox 2323 636 2671 700; x_wconf 73' lang='grc' dir='ltr'>κολάζονται,</span> <span class='ocrx_word' id='word_1_217' title='bbox 2704 636 2780 699; x_wconf 83' lang='grc' dir='ltr'>ὡς</span> <span class='ocrx_word' id='word_1_218' title='bbox 2807 637 2856 689; x_wconf 75' lang='grc' dir='ltr'>οἱ</span> <span class='ocrx_word' id='word_1_219' title='bbox 2885 636 3175 707; x_wconf 78' lang='grc' dir='ltr'><strong>Σοδομῖται</strong></span> <span class='ocrx_word' id='word_1_220' title='bbox 3227 636 3324 690; x_wconf 74' lang='grc' dir='ltr'>καὶ</span> <span class='ocrx_word' id='word_1_221' title='bbox 3354 636 3430 698; x_wconf 84' lang='grc' dir='ltr'>ὡς</span> <span class='ocrx_word' id='word_1_222' title='bbox 3470 636 3721 689; x_wconf 84' lang='grc' dir='ltr'>Ἰουδαῖοι</span> <span class='ocrx_word' id='word_1_223' title='bbox 3744 654 3761 669; x_wconf 87' lang='grc'><strong>·</strong></span> 
     </span>
    </p>
   </div>
   <div class='ocr_carea' id='block_1_35' title="bbox 2174 727 3766 799">
    <p class='ocr_par' dir='ltr' id='par_1_35' title="bbox 2174 727 3766 799">
     <span class='ocr_line' id='line_1_35' title="bbox 2174 727 3766 799; baseline -0.001 -18"><span class='ocrx_word' id='word_1_224' title='bbox 2174 728 2267 781; x_wconf 72' lang='grc' dir='ltr'>καὶ</span> <span class='ocrx_word' id='word_1_225' title='bbox 2314 728 2443 799; x_wconf 70' lang='grc' dir='ltr'>περὶ</span> <span class='ocrx_word' id='word_1_226' title='bbox 2500 729 2599 799; x_wconf 82' lang='grc' dir='ltr'>μὲν</span> <span class='ocrx_word' id='word_1_227' title='bbox 2644 728 2753 781; x_wconf 91' lang='grc' dir='ltr'><strong>τῶν</strong></span> <span class='ocrx_word' id='word_1_228' title='bbox 2786 728 3099 796; x_wconf 81' lang='grc' dir='ltr'><strong>Σοδομιτῶν</strong></span> <span class='ocrx_word' id='word_1_229' title='bbox 3142 729 3561 799; x_wconf 77' lang='grc' dir='ltr'><strong>προειρήκαμεν</strong></span> <span class='ocrx_word' id='word_1_230' title='bbox 3588 729 3647 781; x_wconf 80' lang='grc' dir='ltr'><strong>ἐν</strong></span> <span class='ocrx_word' id='word_1_231' title='bbox 3678 727 3766 799; x_wconf 82' lang='grc' dir='ltr'><strong>τῷ</strong></span> 
     </span>
    </p>
   </div>
   <div class='ocr_carea' id='block_1_36' title="bbox 2178 819 3766 891">
    <p class='ocr_par' dir='ltr' id='par_1_36' title="bbox 2178 819 3766 891">
     <span class='ocr_line' id='line_1_36' title="bbox 2178 819 3766 891; baseline 0.002 -19"><span class='ocrx_word' id='word_1_232' title='bbox 2178 820 2651 891; x_wconf 68' lang='grc' dir='ltr'><strong>ἐννεακαιδεκάτῳ</strong></span> <span class='ocrx_word' id='word_1_233' title='bbox 2683 819 3003 891; x_wconf 78' lang='grc' dir='ltr'><strong>κεφαλαίῳ·</strong></span> <span class='ocrx_word' id='word_1_234' title='bbox 3072 820 3317 874; x_wconf 76' lang='grc' dir='ltr'>Ἰουδαῖοι</span> <span class='ocrx_word' id='word_1_235' title='bbox 3378 819 3435 875; x_wconf 86' lang='grc' dir='ltr'><strong>δέ</strong></span> <span class='ocrx_word' id='word_1_236' title='bbox 3487 820 3581 873; x_wconf 77' lang='grc' dir='ltr'>καὶ</span> <span class='ocrx_word' id='word_1_237' title='bbox 3645 819 3766 890; x_wconf 84' lang='lat'><strong>(87)</strong></span> 
     </span>
    </p>
   </div>
   <div class='ocr_carea' id='block_1_37' title="bbox 2171 911 3768 984">
    <p class='ocr_par' dir='ltr' id='par_1_37' title="bbox 2171 911 3768 984">
     <span class='ocr_line' id='line_1_37' title="bbox 2171 911 3768 984; baseline 0.001 -18"><span class='ocrx_word' id='word_1_238' title='bbox 2171 911 2407 967; x_wconf 77' lang='grc' dir='ltr'>ἐντάῦθα</span> <span class='ocrx_word' id='word_1_239' title='bbox 2472 913 2634 984; x_wconf 85' lang='grc' dir='ltr'>δίκην</span> <span class='ocrx_word' id='word_1_240' title='bbox 2704 914 2915 976; x_wconf 68' lang='grc' dir='ltr'>ἔδοσαν,</span> <span class='ocrx_word' id='word_1_241' title='bbox 2982 913 3238 977; x_wconf 74' lang='grc' dir='ltr'>ἐλεεινῶς</span> <span class='ocrx_word' id='word_1_242' title='bbox 3292 914 3399 967; x_wconf 83' lang='grc' dir='ltr'><strong>ὑπὸ</strong></span> <span class='ocrx_word' id='word_1_243' title='bbox 3472 914 3768 983; x_wconf 75' lang='grc' dir='ltr'>Ῥωμαίων</span> 
     </span>
    </p>
   </div>
   <div class='ocr_carea' id='block_1_38' title="bbox 2174 1002 3773 1075">
    <p class='ocr_par' dir='ltr' id='par_1_38' title="bbox 2174 1002 3773 1075">
     <span class='ocr_line' id='line_1_38' title="bbox 2174 1002 3773 1075; baseline 0.001 -19"><span class='ocrx_word' id='word_1_244' title='bbox 2174 1005 2653 1074; x_wconf 70' lang='grc' dir='ltr'><strong>πολιορκηθέντες,</strong></span> <span class='ocrx_word' id='word_1_245' title='bbox 2690 1005 2784 1059; x_wconf 73' lang='grc' dir='ltr'>καὶ</span> <span class='ocrx_word' id='word_1_246' title='bbox 2822 1006 2943 1057; x_wconf 78' lang='grc' dir='ltr'>ἐκεῖ</span> <span class='ocrx_word' id='word_1_247' title='bbox 2970 1004 3457 1075; x_wconf 78' lang='grc' dir='ltr'>τιμωρηθήσονται</span> <span class='ocrx_word' id='word_1_248' title='bbox 3512 1002 3773 1074; x_wconf 80' lang='grc' dir='ltr'>χαλεπώ-</span> 
     </span>
    </p>
   </div>
   <div class='ocr_carea' id='block_1_39' title="bbox 2173 1094 3770 1167">
    <p class='ocr_par' dir='ltr' id='par_1_39' title="bbox 2173 1094 3770 1167">
     <span class='ocr_line' id='line_1_39' title="bbox 2173 1094 3770 1167; baseline -0.001 -19"><span class='ocrx_word' id='word_1_249' title='bbox 2173 1113 2370 1167; x_wconf 90' lang='grc' dir='ltr'>τερον·</span> <span class='ocrx_word' id='word_1_250' title='bbox 2419 1098 2566 1157; x_wconf 70' lang='grc' dir='ltr'>τινὲς</span> <span class='ocrx_word' id='word_1_251' title='bbox 2619 1096 2675 1149; x_wconf 75' lang='grc' dir='ltr'>δὲ</span> <span class='ocrx_word' id='word_1_252' title='bbox 2728 1095 2969 1149; x_wconf 74' lang='grc' dir='ltr'>ἐνταῦθα</span> <span class='ocrx_word' id='word_1_253' title='bbox 3032 1097 3195 1165; x_wconf 87' lang='grc' dir='ltr'>μόνον</span> <span class='ocrx_word' id='word_1_254' title='bbox 3250 1094 3594 1159; x_wconf 73' lang='grc' dir='ltr'>κολάζονται,</span> <span class='ocrx_word' id='word_1_255' title='bbox 3629 1094 3704 1157; x_wconf 84' lang='grc' dir='ltr'>ὠς</span> <span class='ocrx_word' id='word_1_256' title='bbox 3736 1096 3770 1146; x_wconf 81' lang='grc' dir='ltr'><strong>δ</strong></span> 
     </span>
    </p>
   </div>
   <div class='ocr_carea' id='block_1_40' title="bbox 2173 1184 3772 1257">
    <p class='ocr_par' dir='ltr' id='par_1_40' title="bbox 2173 1184 3772 1257">
     <span class='ocr_line' id='line_1_40' title="bbox 2173 1184 3772 1257; baseline -0.003 -19"><span class='ocrx_word' id='word_1_257' title='bbox 2173 1186 2564 1257; x_wconf 79' lang='grc' dir='ltr'>πεπορνευκὼς</span> <span class='ocrx_word' id='word_1_258' title='bbox 2620 1187 2769 1257; x_wconf 80' lang='grc' dir='ltr'>παρὰ</span> <span class='ocrx_word' id='word_1_259' title='bbox 2813 1185 3127 1257; x_wconf 82' lang='grc' dir='ltr'>Κορινθίοις</span> <span class='ocrx_word' id='word_1_260' title='bbox 3183 1186 3275 1239; x_wconf 83' lang='grc' dir='ltr'>καὶ</span> <span class='ocrx_word' id='word_1_261' title='bbox 3317 1185 3648 1256; x_wconf 76' lang='grc' dir='ltr'>παραδοθεὶς</span> <span class='ocrx_word' id='word_1_262' title='bbox 3683 1184 3772 1252; x_wconf 81' lang='grc' dir='ltr'>τῷ</span> 
     </span>
    </p>
   </div>
   <div class='ocr_carea' id='block_1_41' title="bbox 2178 1276 3772 1350">
    <p class='ocr_par' dir='ltr' id='par_1_41' title="bbox 2178 1276 3772 1350">
     <span class='ocr_line' id='line_1_41' title="bbox 2178 1276 3772 1350; baseline -0.001 -21"><span class='ocrx_word' id='word_1_263' title='bbox 2178 1279 2416 1349; x_wconf 79' lang='grc' dir='ltr'>Σατανᾷ.</span> <span class='ocrx_word' id='word_1_264' title='bbox 2456 1280 2612 1341; x_wconf 83' lang='grc' dir='ltr'>Τινὲς</span> <span class='ocrx_word' id='word_1_265' title='bbox 2640 1279 2694 1332; x_wconf 86' lang='grc' dir='ltr'>δὲ</span> <span class='ocrx_word' id='word_1_266' title='bbox 2732 1280 2853 1331; x_wconf 83' lang='grc' dir='ltr'>ἐκεῖ</span> <span class='ocrx_word' id='word_1_267' title='bbox 2894 1280 3080 1348; x_wconf 85' lang='grc' dir='ltr'>μόνον,</span> <span class='ocrx_word' id='word_1_268' title='bbox 3117 1278 3190 1341; x_wconf 87' lang='grc' dir='ltr'>ὡς</span> <span class='ocrx_word' id='word_1_269' title='bbox 3223 1279 3251 1330; x_wconf 81' lang='grc' dir='ltr'>ὁ</span> <span class='ocrx_word' id='word_1_270' title='bbox 3285 1276 3772 1350; x_wconf 74' lang='grc' dir='ltr'>ἀποτηγανιζόμε-</span> 
     </span>
    </p>
   </div>
   <div class='ocr_carea' id='block_1_42' title="bbox 2173 1368 3772 1441">
    <p class='ocr_par' dir='ltr' id='par_1_42' title="bbox 2173 1368 3772 1441">
     <span class='ocr_line' id='line_1_42' title="bbox 2173 1368 3772 1441; baseline -0.001 -18"><span class='ocrx_word' id='word_1_271' title='bbox 2173 1390 2260 1436; x_wconf 84' lang='grc' dir='ltr'><strong>νος</strong></span> <span class='ocrx_word' id='word_1_272' title='bbox 2287 1373 2344 1424; x_wconf 84' lang='grc' dir='ltr'><strong>ἐν</strong></span> <span class='ocrx_word' id='word_1_273' title='bbox 2373 1376 2436 1441; x_wconf 84' lang='grc' dir='ltr'>τῇ</span> <span class='ocrx_word' id='word_1_274' title='bbox 2476 1372 2633 1439; x_wconf 77' lang='grc' dir='ltr'>φλογὶ</span> <span class='ocrx_word' id='word_1_275' title='bbox 2692 1373 2968 1435; x_wconf 81' lang='grc' dir='ltr'>πλούσιος.</span> <span class='ocrx_word' id='word_1_276' title='bbox 3017 1368 3172 1434; x_wconf 81' lang='grc' dir='ltr'>Τινὲς</span> <span class='ocrx_word' id='word_1_277' title='bbox 3212 1372 3267 1424; x_wconf 73' lang='grc' dir='ltr'>δὲ</span> <span class='ocrx_word' id='word_1_278' title='bbox 3318 1369 3448 1423; x_wconf 74' lang='grc' dir='ltr'>οὔτε</span> <span class='ocrx_word' id='word_1_279' title='bbox 3496 1369 3772 1430; x_wconf 79' lang='grc' dir='ltr'>ἐνταῦθα,</span> 
     </span>
    </p>
   </div>
   <div class='ocr_carea' id='block_1_43' title="bbox 2173 1462 3773 1533">
    <p class='ocr_par' dir='ltr' id='par_1_43' title="bbox 2173 1462 3773 1533">
     <span class='ocr_line' id='line_1_43' title="bbox 2173 1462 3773 1533; baseline -0.002 -17"><span class='ocrx_word' id='word_1_280' title='bbox 2173 1462 2298 1516; x_wconf 72' lang='grc' dir='ltr'>οὔτε</span> <span class='ocrx_word' id='word_1_281' title='bbox 2351 1465 2486 1525; x_wconf 83' lang='grc' dir='ltr'>ἐκεῖ,</span> <span class='ocrx_word' id='word_1_282' title='bbox 2513 1465 2587 1527; x_wconf 85' lang='grc' dir='ltr'>ὡς</span> <span class='ocrx_word' id='word_1_283' title='bbox 2618 1465 2669 1517; x_wconf 86' lang='grc' dir='ltr'><strong>οί</strong></span> <span class='ocrx_word' id='word_1_284' title='bbox 2716 1463 3014 1517; x_wconf 68' lang='grc' dir='ltr'>άπῦστολοι</span> <span class='ocrx_word' id='word_1_285' title='bbox 3060 1464 3154 1516; x_wconf 78' lang='grc' dir='ltr'>καὶ</span> <span class='ocrx_word' id='word_1_286' title='bbox 3181 1465 3230 1516; x_wconf 78' lang='grc' dir='ltr'>οἱ</span> <span class='ocrx_word' id='word_1_287' title='bbox 3263 1464 3561 1533; x_wconf 78' lang='grc' dir='ltr'>προφῆται,</span> <span class='ocrx_word' id='word_1_288' title='bbox 3605 1462 3700 1515; x_wconf 77' lang='grc' dir='ltr'>καὶ</span> <span class='ocrx_word' id='word_1_289' title='bbox 3740 1462 3773 1513; x_wconf 84' lang='grc' dir='ltr'><strong>ὁ</strong></span> 
     </span>
    </p>
   </div>
   <div class='ocr_carea' id='block_1_44' title="bbox 2186 1554 3777 1625">
    <p class='ocr_par' dir='ltr' id='par_1_44' title="bbox 2186 1554 3777 1625">
     <span class='ocr_line' id='line_1_44' title="bbox 2186 1554 3777 1625; baseline -0.001 -18"><span class='ocrx_word' id='word_1_290' title='bbox 2186 1556 2343 1607; x_wconf 77' lang='grc' dir='ltr'>Ἰώδ-</span> <span class='ocrx_word' id='word_1_291' title='bbox 2384 1554 2551 1625; x_wconf 73' lang='grc' dir='ltr'><strong>ἃγάρ</strong></span> <span class='ocrx_word' id='word_1_292' title='bbox 2604 1556 2863 1625; x_wconf 72' lang='grc' dir='ltr'>ἔπασχον,</span> <span class='ocrx_word' id='word_1_293' title='bbox 2899 1556 2959 1608; x_wconf 79' lang='grc' dir='ltr'><strong>ού</strong></span> <span class='ocrx_word' id='word_1_294' title='bbox 3016 1556 3115 1625; x_wconf 80' lang='grc' dir='ltr'>τῆς</span> <span class='ocrx_word' id='word_1_295' title='bbox 3164 1558 3229 1609; x_wconf 84' lang='grc' dir='ltr'><strong>ἐκ</strong></span> <span class='ocrx_word' id='word_1_296' title='bbox 3284 1555 3420 1609; x_wconf 89' lang='grc' dir='ltr'>Θεοῦ</span> <span class='ocrx_word' id='word_1_297' title='bbox 3486 1554 3777 1617; x_wconf 84' lang='grc' dir='ltr'>κολάσεως</span> 
     </span>
    </p>
   </div>
   <div class='ocr_carea' id='block_1_45' title="bbox 2172 1643 3779 1718">
    <p class='ocr_par' dir='ltr' id='par_1_45' title="bbox 2172 1643 3779 1718">
     <span class='ocr_line' id='line_1_45' title="bbox 2172 1643 3779 1718; baseline 0.001 -18"><span class='ocrx_word' id='word_1_298' title='bbox 2172 1643 2336 1718; x_wconf 79' lang='grc' dir='ltr'>ἦσαν,</span> <span class='ocrx_word' id='word_1_299' title='bbox 2390 1647 2504 1703; x_wconf 77' lang='grc' dir='ltr'>ἀλλ’</span> <span class='ocrx_word' id='word_1_300' title='bbox 2570 1647 2798 1717; x_wconf 78' lang='grc' dir='ltr'>ἀγώνων</span> <span class='ocrx_word' id='word_1_301' title='bbox 2838 1648 2936 1701; x_wconf 80' lang='grc' dir='ltr'><strong>καὶ</strong></span> <span class='ocrx_word' id='word_1_302' title='bbox 2986 1648 3387 1718; x_wconf 79' lang='grc' dir='ltr'>παλαισμάτων</span> <span class='ocrx_word' id='word_1_303' title='bbox 3414 1664 3428 1677; x_wconf 76' lang='grc' dir='ltr'><strong>ο</strong></span> <span class='ocrx_word' id='word_1_304' title='bbox 3470 1650 3501 1718; x_wconf 71' lang='grc' dir='ltr'>ἡ</span> <span class='ocrx_word' id='word_1_305' title='bbox 3540 1648 3641 1717; x_wconf 82' lang='grc' dir='ltr'>μὲν</span> <span class='ocrx_word' id='word_1_306' title='bbox 3673 1643 3779 1701; x_wconf 76' lang='grc' dir='ltr'><strong>οὖν</strong></span> 
     </span>
    </p>
   </div>
   <div class='ocr_carea' id='block_1_46' title="bbox 2175 1738 3778 1810">
    <p class='ocr_par' dir='ltr' id='par_1_46' title="bbox 2175 1738 3778 1810">
     <span class='ocr_line' id='line_1_46' title="bbox 2175 1738 3778 1810; baseline -0.001 -18"><span class='ocrx_word' id='word_1_307' title='bbox 2175 1739 2398 1809; x_wconf 82' lang='grc' dir='ltr'>ἀπειλὴ,</span> <span class='ocrx_word' id='word_1_308' title='bbox 2431 1740 2575 1794; x_wconf 87' lang='grc' dir='ltr'><strong>κατά</strong></span> <span class='ocrx_word' id='word_1_309' title='bbox 2606 1740 2714 1792; x_wconf 81' lang='grc' dir='ltr'><strong>τῶν</strong></span> <span class='ocrx_word' id='word_1_310' title='bbox 2748 1740 3025 1810; x_wconf 73' lang='grc' dir='ltr'>μενόντων</span> <span class='ocrx_word' id='word_1_311' title='bbox 3079 1739 3536 1809; x_wconf 70' lang='grc' dir='ltr'>ἀμεταμελήτων.</span> <span class='ocrx_word' id='word_1_312' title='bbox 3596 1738 3778 1807; x_wconf 85' lang='grc' dir='ltr'>Δῆλον</span> 
     </span>
    </p>
   </div>
   <div class='ocr_carea' id='block_1_47' title="bbox 2173 1828 3780 1900">
    <p class='ocr_par' dir='ltr' id='par_1_47' title="bbox 2173 1828 3780 1900">
     <span class='ocr_line' id='line_1_47' title="bbox 2173 1828 3780 1900; baseline 0 -17"><span class='ocrx_word' id='word_1_313' title='bbox 2173 1830 2251 1894; x_wconf 80' lang='grc' dir='ltr'>δὲ,</span> <span class='ocrx_word' id='word_1_314' title='bbox 2286 1828 2366 1881; x_wconf 71' lang='grc' dir='ltr'>ἔτι</span> <span class='ocrx_word' id='word_1_315' title='bbox 2403 1832 2515 1893; x_wconf 80' lang='grc' dir='ltr'>τοῖς</span> <span class='ocrx_word' id='word_1_316' title='bbox 2575 1828 2928 1899; x_wconf 73' lang='grc' dir='ltr'>μετανοοῦσιν</span> <span class='ocrx_word' id='word_1_317' title='bbox 2986 1829 3326 1900; x_wconf 77' lang='grc' dir='ltr'>ἀφεθήσεται</span> <span class='ocrx_word' id='word_1_318' title='bbox 3378 1833 3472 1883; x_wconf 75' lang='grc' dir='ltr'>καὶ</span> <span class='ocrx_word' id='word_1_319' title='bbox 3532 1829 3780 1883; x_wconf 77' lang='grc' dir='ltr'>ἐνταῦθα</span> 
     </span>
    </p>
   </div>
   <div class='ocr_carea' id='block_1_48' title="bbox 2175 1918 3780 1990">
    <p class='ocr_par' dir='ltr' id='par_1_48' title="bbox 2175 1918 3780 1990">
     <span class='ocr_line' id='line_1_48' title="bbox 2175 1918 3780 1990; baseline -0.001 -17"><span class='ocrx_word' id='word_1_320' title='bbox 2175 1922 2267 1973; x_wconf 82' lang='grc' dir='ltr'>καὶ</span> <span class='ocrx_word' id='word_1_321' title='bbox 2308 1921 2445 1976; x_wconf 75' lang='grc' dir='ltr'>ἐκεῖ.</span> <span class='ocrx_word' id='word_1_322' title='bbox 2481 1919 2673 1972; x_wconf 69' lang='grc' dir='ltr'>Πολλοὶ</span> <span class='ocrx_word' id='word_1_323' title='bbox 2730 1922 2840 1990; x_wconf 74' lang='grc' dir='ltr'>γὰρ</span> <span class='ocrx_word' id='word_1_324' title='bbox 2892 1919 3001 1973; x_wconf 89' lang='grc' dir='ltr'><strong>τῶν</strong></span> <span class='ocrx_word' id='word_1_325' title='bbox 3041 1918 3188 1973; x_wconf 73' lang='grc' dir='ltr'>οὕτω</span> <span class='ocrx_word' id='word_1_326' title='bbox 3235 1919 3544 1988; x_wconf 77' lang='grc' dir='ltr'>τηνικαῦτα</span> <span class='ocrx_word' id='word_1_327' title='bbox 3584 1918 3780 1989; x_wconf 77' lang='grc' dir='ltr'>πλημ-</span> 
     </span>
    </p>
   </div>
   <div class='ocr_carea' id='block_1_49' title="bbox 2178 2011 3783 2083">
    <p class='ocr_par' dir='ltr' id='par_1_49' title="bbox 2178 2011 3783 2083">
     <span class='ocr_line' id='line_1_49' title="bbox 2178 2011 3783 2083; baseline 0.001 -20"><span class='ocrx_word' id='word_1_328' title='bbox 2178 2012 2555 2083; x_wconf 76' lang='grc' dir='ltr'>μελησάντων,</span> <span class='ocrx_word' id='word_1_329' title='bbox 2586 2012 2979 2074; x_wconf 72' lang='grc' dir='ltr'>πιστεύσαντες</span> <span class='ocrx_word' id='word_1_330' title='bbox 3020 2011 3270 2080; x_wconf 76' lang='grc' dir='ltr'>ὕστερον,</span> <span class='ocrx_word' id='word_1_331' title='bbox 3307 2013 3485 2065; x_wconf 87' lang='grc' dir='ltr'>πάντα</span> <span class='ocrx_word' id='word_1_332' title='bbox 3532 2028 3783 2083; x_wconf 82' lang='grc' dir='ltr'>συνεχω-</span> 
     </span>
    </p>
   </div>
   <div class='ocr_carea' id='block_1_50' title="bbox 2178 2102 2442 2172">
    <p class='ocr_par' dir='ltr' id='par_1_50' title="bbox 2178 2102 2442 2172">
     <span class='ocr_line' id='line_1_50' title="bbox 2178 2102 2442 2172; baseline 0.011 -19"><span class='ocrx_word' id='word_1_333' title='bbox 2178 2102 2442 2172; x_wconf 77' lang='grc' dir='ltr'>ρήθησαν.</span> 
     </span>
    </p>
   </div>
   <div class='ocr_carea' id='block_1_51' title="bbox 2252 2196 3779 2265">
    <p class='ocr_par' dir='ltr' id='par_1_51' title="bbox 2252 2196 3779 2265">
     <span class='ocr_line' id='line_1_51' title="bbox 2252 2196 3779 2265; baseline 0.001 -16"><span class='ocrx_word' id='word_1_334' title='bbox 2252 2196 2829 2265; x_wconf 66' lang='grc' dir='ltr'>*ΙΙ-γινώσκεται.</span> <span class='ocrx_word' id='word_1_335' title='bbox 2875 2196 3174 2265; x_wconf 82' lang='grc' dir='ltr'>Ποιήσατε,</span> <span class='ocrx_word' id='word_1_336' title='bbox 3227 2196 3350 2249; x_wconf 77' lang='grc' dir='ltr'>ἀντὶ</span> <span class='ocrx_word' id='word_1_337' title='bbox 3392 2196 3512 2262; x_wconf 87' lang='grc' dir='ltr'>τοῦ,</span> <span class='ocrx_word' id='word_1_338' title='bbox 3554 2198 3779 2252; x_wconf 75' lang='grc' dir='ltr'>εἴπατε.</span> 
     </span>
    </p>
   </div>
   <div class='ocr_carea' id='block_1_52' title="bbox 2176 2289 3782 2361">
    <p class='ocr_par' dir='ltr' id='par_1_52' title="bbox 2176 2289 3782 2361">
     <span class='ocr_line' id='line_1_52' title="bbox 2176 2289 3782 2361; baseline 0.002 -18"><span class='ocrx_word' id='word_1_339' title='bbox 2176 2290 2553 2359; x_wconf 82' lang='grc' dir='ltr'>Καταισχύνει</span> <span class='ocrx_word' id='word_1_340' title='bbox 2610 2289 2665 2342; x_wconf 78' lang='grc' dir='ltr'>δὲ</span> <span class='ocrx_word' id='word_1_341' title='bbox 2712 2290 2878 2342; x_wconf 85' lang='grc' dir='ltr'>πάλιν</span> <span class='ocrx_word' id='word_1_342' title='bbox 2935 2291 3138 2361; x_wconf 77' lang='grc' dir='ltr'>ἑτέρως</span> <span class='ocrx_word' id='word_1_343' title='bbox 3197 2290 3419 2354; x_wconf 83' lang='grc' dir='ltr'>αὐτοὺς,</span> <span class='ocrx_word' id='word_1_344' title='bbox 3454 2291 3529 2355; x_wconf 86' lang='grc' dir='ltr'><strong>ὡς</strong></span> <span class='ocrx_word' id='word_1_345' title='bbox 3568 2290 3782 2346; x_wconf 79' lang='grc' dir='ltr'>ἀνακό-</span> 
     </span>
    </p>
   </div>
   <div class='ocr_carea' id='block_1_53' title="bbox 2175 2382 3779 2453">
    <p class='ocr_par' dir='ltr' id='par_1_53' title="bbox 2175 2382 3779 2453">
     <span class='ocr_line' id='line_1_53' title="bbox 2175 2382 3779 2453; baseline 0.003 -20"><span class='ocrx_word' id='word_1_346' title='bbox 2175 2382 2341 2435; x_wconf 82' lang='grc' dir='ltr'>λουθα</span> <span class='ocrx_word' id='word_1_347' title='bbox 2379 2383 2471 2435; x_wconf 77' lang='grc' dir='ltr'>καὶ</span> <span class='ocrx_word' id='word_1_348' title='bbox 2528 2382 2681 2453; x_wconf 80' lang='grc' dir='ltr'>παρὰ</span> <span class='ocrx_word' id='word_1_349' title='bbox 2728 2383 2893 2450; x_wconf 80' lang='grc' dir='ltr'>φύσιν</span> <span class='ocrx_word' id='word_1_350' title='bbox 2944 2382 3416 2453; x_wconf 86' lang='grc' dir='ltr'>κατηγοροῦντας.</span> <span class='ocrx_word' id='word_1_351' title='bbox 3465 2384 3625 2437; x_wconf 73' lang='grc' dir='ltr'>Ἐπεὶ</span> <span class='ocrx_word' id='word_1_352' title='bbox 3659 2384 3779 2453; x_wconf 87' lang='grc' dir='ltr'><strong>γάρ</strong></span> 
     </span>
    </p>
   </div>
   <div class='ocr_carea' id='block_1_54' title="bbox 2176 2472 3779 2544">
    <p class='ocr_par' dir='ltr' id='par_1_54' title="bbox 2176 2472 3779 2544">
     <span class='ocr_line' id='line_1_54' title="bbox 2176 2472 3779 2544; baseline -0.001 -17"><span class='ocrx_word' id='word_1_353' title='bbox 2176 2474 2237 2527; x_wconf 79' lang='grc' dir='ltr'>τὸ</span> <span class='ocrx_word' id='word_1_354' title='bbox 2266 2474 2366 2544; x_wconf 79' lang='grc' dir='ltr'>μὲν</span> <span class='ocrx_word' id='word_1_355' title='bbox 2392 2473 2798 2526; x_wconf 80' lang='grc' dir='ltr'>ἀπελαύνεσθαι</span> <span class='ocrx_word' id='word_1_356' title='bbox 2838 2473 2965 2537; x_wconf 74' lang='grc' dir='ltr'>τοὺς</span> <span class='ocrx_word' id='word_1_357' title='bbox 3016 2472 3305 2543; x_wconf 85' lang='grc' dir='ltr'>δαίμονας,</span> <span class='ocrx_word' id='word_1_358' title='bbox 3346 2475 3449 2527; x_wconf 79' lang='grc' dir='ltr'>οὐκ</span> <span class='ocrx_word' id='word_1_359' title='bbox 3491 2475 3779 2541; x_wconf 76' lang='grc' dir='ltr'>ἐκάκιζον,</span> 
     </span>
    </p>
   </div>
   <div class='ocr_carea' id='block_1_55' title="bbox 2176 2568 3774 2639">
    <p class='ocr_par' dir='ltr' id='par_1_55' title="bbox 2176 2568 3774 2639">
     <span class='ocr_line' id='line_1_55' title="bbox 2176 2568 3774 2639; baseline -0.001 -17"><span class='ocrx_word' id='word_1_360' title='bbox 2176 2572 2226 2622; x_wconf 89' lang='grc' dir='ltr'>εἰ</span> <span class='ocrx_word' id='word_1_361' title='bbox 2262 2572 2355 2623; x_wconf 77' lang='grc' dir='ltr'>καὶ</span> <span class='ocrx_word' id='word_1_362' title='bbox 2390 2568 2597 2639; x_wconf 79' lang='grc' dir='ltr'>σφόδρα</span> <span class='ocrx_word' id='word_1_363' title='bbox 2663 2568 3061 2639; x_wconf 72' lang='grc' dir='ltr'>ὴναισχύντουν</span> <span class='ocrx_word' id='word_1_364' title='bbox 3086 2584 3100 2600; x_wconf 82' lang='grc'><em>’</em></span> <span class='ocrx_word' id='word_1_365' title='bbox 3141 2568 3232 2621; x_wconf 76' lang='grc' dir='ltr'>τὸν</span> <span class='ocrx_word' id='word_1_366' title='bbox 3275 2568 3332 2621; x_wconf 79' lang='grc' dir='ltr'><strong>δέ</strong></span> <span class='ocrx_word' id='word_1_367' title='bbox 3386 2568 3774 2621; x_wconf 83' lang='grc' dir='ltr'>ἀπελαύνοντα</span> 
     </span>
    </p>
   </div>
   <div class='ocr_carea' id='block_1_56' title="bbox 2176 2659 3773 2731">
    <p class='ocr_par' dir='ltr' id='par_1_56' title="bbox 2176 2659 3773 2731">
     <span class='ocr_line' id='line_1_56' title="bbox 2176 2659 3773 2731; baseline -0.002 -17"><span class='ocrx_word' id='word_1_368' title='bbox 2176 2662 2402 2721; x_wconf 82' lang='grc' dir='ltr'>τούτους</span> <span class='ocrx_word' id='word_1_369' title='bbox 2423 2661 2721 2724; x_wconf 78' lang='grc' dir='ltr'>διέϐαλλον,</span> <span class='ocrx_word' id='word_1_370' title='bbox 2744 2659 3275 2731; x_wconf 81' lang='grc' dir='ltr'>παραδειγματικῶς</span> <span class='ocrx_word' id='word_1_371' title='bbox 3297 2659 3499 2723; x_wconf 71' lang='grc' dir='ltr'>αὐτοὺς</span> <span class='ocrx_word' id='word_1_372' title='bbox 3523 2660 3773 2730; x_wconf 77' lang='grc' dir='ltr'>ἐλέγχει,</span> 
     </span>
    </p>
   </div>
   <div class='ocr_carea' id='block_1_57' title="bbox 2176 2752 3775 2827">
    <p class='ocr_par' dir='ltr' id='par_1_57' title="bbox 2176 2752 3775 2827">
     <span class='ocr_line' id='line_1_57' title="bbox 2176 2752 3775 2827; baseline -0.001 -18"><span class='ocrx_word' id='word_1_373' title='bbox 2176 2756 2238 2809; x_wconf 84' lang='grc' dir='ltr'>τὸ</span> <span class='ocrx_word' id='word_1_374' title='bbox 2268 2756 2367 2824; x_wconf 82' lang='grc' dir='ltr'>μὲν</span> <span class='ocrx_word' id='word_1_375' title='bbox 2399 2755 2561 2827; x_wconf 75' lang='grc' dir='ltr'>ἔργον</span> <span class='ocrx_word' id='word_1_376' title='bbox 2604 2755 2716 2825; x_wconf 79' lang='lat'><strong>(88)</strong></span> <span class='ocrx_word' id='word_1_377' title='bbox 2776 2754 2940 2807; x_wconf 82' lang='grc' dir='ltr'>καλὸν</span> <span class='ocrx_word' id='word_1_378' title='bbox 2982 2753 3294 2825; x_wconf 83' lang='grc' dir='ltr'>κρίνοντας,</span> <span class='ocrx_word' id='word_1_379' title='bbox 3319 2752 3409 2805; x_wconf 83' lang='grc' dir='ltr'>τὸν</span> <span class='ocrx_word' id='word_1_380' title='bbox 3441 2753 3498 2806; x_wconf 79' lang='grc' dir='ltr'>δὲ</span> <span class='ocrx_word' id='word_1_381' title='bbox 3530 2755 3775 2824; x_wconf 74' lang='grc' dir='ltr'>ἐργαζόο</span> 
     </span>
    </p>
   </div>
   <div class='ocr_carea' id='block_1_58' title="bbox 2179 2843 3779 2917">
    <p class='ocr_par' dir='ltr' id='par_1_58' title="bbox 2179 2843 3779 2917">
     <span class='ocr_line' id='line_1_58' title="bbox 2179 2843 3779 2917; baseline 0.001 -20"><span class='ocrx_word' id='word_1_382' title='bbox 2179 2862 2362 2914; x_wconf 85' lang='grc' dir='ltr'>μενον,</span> <span class='ocrx_word' id='word_1_383' title='bbox 2398 2846 2588 2909; x_wconf 67' lang='grc' dir='ltr'>κακδν,</span> <span class='ocrx_word' id='word_1_384' title='bbox 2625 2846 2762 2917; x_wconf 85' lang='grc' dir='ltr'>ὅπερ</span> <span class='ocrx_word' id='word_1_385' title='bbox 2839 2844 2991 2899; x_wconf 78' lang='grc' dir='ltr'>ἐστὶν</span> <span class='ocrx_word' id='word_1_386' title='bbox 3049 2843 3425 2915; x_wconf 77' lang='grc' dir='ltr'>ἐναντιότητος</span> <span class='ocrx_word' id='word_1_387' title='bbox 3482 2847 3575 2898; x_wconf 74' lang='grc' dir='ltr'><strong>καὶ</strong></span> <span class='ocrx_word' id='word_1_388' title='bbox 3617 2846 3779 2899; x_wconf 82' lang='grc' dir='ltr'>ἀναι-</span> 
     </span>
    </p>
   </div>
   <div class='ocr_carea' id='block_1_59' title="bbox 2178 2937 2456 3009">
    <p class='ocr_par' dir='ltr' id='par_1_59' title="bbox 2178 2937 2456 3009">
     <span class='ocr_line' id='line_1_59' title="bbox 2178 2937 2456 3009; baseline 0.011 -18"><span class='ocrx_word' id='word_1_389' title='bbox 2178 2937 2456 3009; x_wconf 81' lang='grc' dir='ltr'>σχυντίας.</span> 
     </span>
    </p>
   </div>
   <div class='ocr_carea' id='block_1_60' title="bbox 551 3124 2071 3200">
    <p class='ocr_par' dir='ltr' id='par_1_60' title="bbox 551 3126 2071 3200">
     <span class='ocr_line' id='line_1_60' title="bbox 551 3126 2071 3200; baseline -0.001 -16"><span class='ocrx_word' id='word_1_390' title='bbox 551 3130 619 3184; x_wconf 85' lang='grc' dir='ltr'><strong>Ει</strong></span> <span class='ocrx_word' id='word_1_391' title='bbox 641 3130 891 3184; x_wconf 78' lang='lat' dir='ltr'><strong>arborem</strong></span> <span class='ocrx_word' id='word_1_392' title='bbox 926 3144 1055 3184; x_wconf 84' lang='lat' dir='ltr'><strong>sane</strong></span> <span class='ocrx_word' id='word_1_393' title='bbox 1077 3129 1314 3200; x_wconf 82' lang='lat' dir='ltr'><strong>appellat</strong></span> <span class='ocrx_word' id='word_1_394' title='bbox 1345 3129 1587 3198; x_wconf 89' lang='lat' dir='ltr'><strong>seipsum</strong></span> <span class='ocrx_word' id='word_1_395' title='bbox 1616 3146 1628 3182; x_wconf 92' lang='lat'><strong>:</strong></span> <span class='ocrx_word' id='word_1_396' title='bbox 1658 3126 1895 3182; x_wconf 79' lang='lat' dir='ltr'><strong>fructum</strong></span> <span class='ocrx_word' id='word_1_397' title='bbox 1923 3144 2071 3192; x_wconf 84' lang='lat' dir='ltr'><strong>vero,</strong></span> 
     </span>
    </p>
   </div>
   <div class='ocr_carea' id='block_1_61' title="bbox 2179 3124 3778 3200">
    <p class='ocr_par' dir='ltr' id='par_1_61' title="bbox 2254 3124 3778 3198">
     <span class='ocr_line' id='line_1_61' title="bbox 2254 3124 3778 3198; baseline 0.001 -21"><span class='ocrx_word' id='word_1_398' title='bbox 2254 3126 2363 3178; x_wconf 58' lang='grc' dir='ltr'><strong>Καὶ⁵</strong></span> <span class='ocrx_word' id='word_1_399' title='bbox 2390 3124 2605 3196; x_wconf 76' lang='grc' dir='ltr'>δένδρον</span> <span class='ocrx_word' id='word_1_400' title='bbox 2633 3126 2755 3194; x_wconf 79' lang='grc' dir='ltr'>μὲν,</span> <span class='ocrx_word' id='word_1_401' title='bbox 2794 3124 2990 3178; x_wconf 81' lang='grc' dir='ltr'>ἑαυτὸν</span> <span class='ocrx_word' id='word_1_402' title='bbox 3014 3125 3128 3198; x_wconf 83' lang='grc'>(89)</span> <span class='ocrx_word' id='word_1_403' title='bbox 3181 3124 3507 3195; x_wconf 77' lang='grc' dir='ltr'>ὑποφαίνει·</span> <span class='ocrx_word' id='word_1_404' title='bbox 3556 3127 3778 3197; x_wconf 75' lang='grc' dir='ltr'>καρπὸν</span> 
     </span>
    </p>
   </div>
   <div class='ocr_carea' id='block_1_62' title="bbox 481 3220 2071 3291">
    <p class='ocr_par' dir='ltr' id='par_1_62' title="bbox 481 3220 2071 3291">
     <span class='ocr_line' id='line_1_62' title="bbox 481 3220 2071 3291; baseline -0.003 -15"><span class='ocrx_word' id='word_1_405' title='bbox 481 3236 623 3291; x_wconf 80' lang='lat' dir='ltr'><strong>Opus</strong></span> <span class='ocrx_word' id='word_1_406' title='bbox 703 3236 888 3276; x_wconf 85' lang='lat' dir='ltr'><strong>suum.</strong></span> <span class='ocrx_word' id='word_1_407' title='bbox 942 3222 1031 3273; x_wconf 86' lang='lat' dir='ltr'><strong>Ait</strong></span> <span class='ocrx_word' id='word_1_408' title='bbox 1092 3237 1267 3290; x_wconf 77' lang='lat' dir='ltr'><strong>ergo:</strong></span> <span class='ocrx_word' id='word_1_409' title='bbox 1326 3221 1435 3273; x_wconf 79' lang='lat' dir='ltr'><strong>Aut</strong></span> <span class='ocrx_word' id='word_1_410' title='bbox 1503 3220 1667 3274; x_wconf 86' lang='lat' dir='ltr'><strong>dicite</strong></span> <span class='ocrx_word' id='word_1_411' title='bbox 1727 3227 2071 3289; x_wconf 88' lang='lat' dir='ltr'><strong>operatorem</strong></span> 
     </span>
    </p>
   </div>
   <div class='ocr_carea' id='block_1_63' title="bbox 477 3313 2071 3382">
    <p class='ocr_par' dir='ltr' id='par_1_63' title="bbox 477 3313 2071 3382">
     <span class='ocr_line' id='line_1_63' title="bbox 477 3313 2071 3382; baseline -0.002 -14"><span class='ocrx_word' id='word_1_412' title='bbox 477 3315 705 3374; x_wconf 89' lang='lat' dir='ltr'><strong>bonum,</strong></span> <span class='ocrx_word' id='word_1_413' title='bbox 761 3324 817 3369; x_wconf 90' lang='lat' dir='ltr'><strong>et</strong></span> <span class='ocrx_word' id='word_1_414' title='bbox 875 3329 1014 3382; x_wconf 81' lang='lat' dir='ltr'><strong>opus</strong></span> <span class='ocrx_word' id='word_1_415' title='bbox 1075 3314 1196 3381; x_wconf 87' lang='lat' dir='ltr'><strong>ejus</strong></span> <span class='ocrx_word' id='word_1_416' title='bbox 1261 3313 1514 3366; x_wconf 85' lang='lat' dir='ltr'><strong>bonum:</strong></span> <span class='ocrx_word' id='word_1_417' title='bbox 1578 3321 1675 3367; x_wconf 88' lang='lat' dir='ltr'><strong>aut</strong></span> <span class='ocrx_word' id='word_1_418' title='bbox 1725 3322 2071 3382; x_wconf 81' lang='lat' dir='ltr'><strong>operatorem</strong></span> 
     </span>
    </p>
   </div>
   <div class='ocr_carea' id='block_1_64' title="bbox 478 3403 2069 3475">
    <p class='ocr_par' dir='ltr' id='par_1_64' title="bbox 478 3403 2069 3475">
     <span class='ocr_line' id='line_1_64' title="bbox 478 3403 2069 3475; baseline -0.001 -16"><span class='ocrx_word' id='word_1_419' title='bbox 478 3406 703 3466; x_wconf 89' lang='lat' dir='ltr'><strong>malum.</strong></span> <span class='ocrx_word' id='word_1_420' title='bbox 748 3414 804 3459; x_wconf 90' lang='lat' dir='ltr'><strong>et</strong></span> <span class='ocrx_word' id='word_1_421' title='bbox 841 3420 979 3475; x_wconf 90' lang='lat' dir='ltr'><strong>opus</strong></span> <span class='ocrx_word' id='word_1_422' title='bbox 1017 3405 1137 3473; x_wconf 83' lang='lat' dir='ltr'><strong>ejus</strong></span> <span class='ocrx_word' id='word_1_423' title='bbox 1196 3406 1424 3458; x_wconf 85' lang='lat' dir='ltr'><strong>malum.</strong></span> <span class='ocrx_word' id='word_1_424' title='bbox 1506 3403 1641 3459; x_wconf 72' lang='lat' dir='ltr'><strong>Nam</strong></span> <span class='ocrx_word' id='word_1_425' title='bbox 1679 3406 1725 3459; x_wconf 85' lang='lat' dir='ltr'><strong>si</strong></span> <span class='ocrx_word' id='word_1_426' title='bbox 1773 3419 1911 3473; x_wconf 88' lang='lat' dir='ltr'><strong>opus</strong></span> <span class='ocrx_word' id='word_1_427' title='bbox 1970 3405 2069 3458; x_wconf 85' lang='lat' dir='ltr'><strong>bo-</strong></span> 
     </span>
    </p>
   </div>
   <div class='ocr_carea' id='block_1_65' title="bbox 478 3496 2075 3567">
    <p class='ocr_par' dir='ltr' id='par_1_65' title="bbox 478 3496 2075 3567">
     <span class='ocr_line' id='line_1_65' title="bbox 478 3496 2075 3567; baseline -0.001 -14"><span class='ocrx_word' id='word_1_428' title='bbox 478 3514 611 3554; x_wconf 86' lang='lat' dir='ltr'><strong>num</strong></span> <span class='ocrx_word' id='word_1_429' title='bbox 664 3507 765 3560; x_wconf 91' lang='lat' dir='ltr'><strong>est,</strong></span> <span class='ocrx_word' id='word_1_430' title='bbox 817 3507 1074 3566; x_wconf 82' lang='lat' dir='ltr'><strong>operatur</strong></span> <span class='ocrx_word' id='word_1_431' title='bbox 1135 3513 1355 3567; x_wconf 86' lang='lat' dir='ltr'><strong>quoque</strong></span> <span class='ocrx_word' id='word_1_432' title='bbox 1395 3497 1515 3565; x_wconf 83' lang='lat' dir='ltr'><strong>ejus</strong></span> <span class='ocrx_word' id='word_1_433' title='bbox 1565 3498 1743 3550; x_wconf 89' lang='lat' dir='ltr'><strong>bonus</strong></span> <span class='ocrx_word' id='word_1_434' title='bbox 1802 3498 1929 3551; x_wconf 90' lang='lat' dir='ltr'><strong>erit.</strong></span> <span class='ocrx_word' id='word_1_435' title='bbox 1996 3496 2075 3551; x_wconf 78' lang='lat' dir='ltr'><strong>Ex</strong></span> 
     </span>
    </p>
   </div>
   <div class='ocr_carea' id='block_1_66' title="bbox 478 3586 2072 3657">
    <p class='ocr_par' dir='ltr' id='par_1_66' title="bbox 478 3586 2072 3657">
     <span class='ocr_line' id='line_1_66' title="bbox 478 3586 2072 3657; baseline -0.002 -15"><span class='ocrx_word' id='word_1_436' title='bbox 478 3604 647 3657; x_wconf 84' lang='lat' dir='ltr'><strong>opere</strong></span> <span class='ocrx_word' id='word_1_437' title='bbox 721 3588 992 3656; x_wconf 78' lang='lat' dir='ltr'><strong>siquidem</strong></span> <span class='ocrx_word' id='word_1_438' title='bbox 1050 3591 1406 3657; x_wconf 76' lang='lat' dir='ltr'><strong>cognoscitur</strong></span> <span class='ocrx_word' id='word_1_439' title='bbox 1486 3598 1789 3657; x_wconf 76' lang='lat' dir='ltr'><strong>operator:</strong></span> <span class='ocrx_word' id='word_1_440' title='bbox 1851 3588 1896 3640; x_wconf 86' lang='lat' dir='ltr'><strong>si</strong></span> <span class='ocrx_word' id='word_1_441' title='bbox 1944 3586 2072 3641; x_wconf 91' lang='lat' dir='ltr'><strong>boni</strong></span> 
     </span>
    </p>
   </div>
   <div class='ocr_carea' id='block_1_67' title="bbox 479 3678 2070 3749">
    <p class='ocr_par' dir='ltr' id='par_1_67' title="bbox 479 3678 2070 3749">
     <span class='ocr_line' id='line_1_67' title="bbox 479 3678 2070 3749; baseline -0.001 -15"><span class='ocrx_word' id='word_1_442' title='bbox 479 3681 683 3749; x_wconf 83' lang='lat' dir='ltr'><strong>operis,</strong></span> <span class='ocrx_word' id='word_1_443' title='bbox 732 3680 959 3744; x_wconf 84' lang='lat' dir='ltr'><strong>bonus;</strong></span> <span class='ocrx_word' id='word_1_444' title='bbox 1023 3680 1067 3735; x_wconf 90' lang='lat' dir='ltr'><strong>si</strong></span> <span class='ocrx_word' id='word_1_445' title='bbox 1108 3680 1281 3749; x_wconf 77' lang='lat' dir='ltr'><strong>pravi,</strong></span> <span class='ocrx_word' id='word_1_446' title='bbox 1358 3694 1579 3748; x_wconf 71' lang='lat' dir='ltr'><strong>pravus.</strong></span> <span class='ocrx_word' id='word_1_447' title='bbox 1658 3678 1866 3744; x_wconf 86' lang='lat' dir='ltr'><strong>Quinto</strong></span> <span class='ocrx_word' id='word_1_448' title='bbox 1921 3682 2070 3733; x_wconf 89' lang='lat' dir='ltr'><strong>enim</strong></span> 
     </span>
    </p>
   </div>
   <div class='ocr_carea' id='block_1_68' title="bbox 480 3772 2073 3842">
    <p class='ocr_par' dir='ltr' id='par_1_68' title="bbox 480 3772 2073 3842">
     <span class='ocr_line' id='line_1_68' title="bbox 480 3772 2073 3842; baseline -0.002 -14"><span class='ocrx_word' id='word_1_449' title='bbox 480 3774 659 3842; x_wconf 85' lang='lat' dir='ltr'><strong>capite</strong></span> <span class='ocrx_word' id='word_1_450' title='bbox 685 3772 960 3837; x_wconf 82' lang='lat' dir='ltr'><strong>docuit&quot;,</strong></span> <span class='ocrx_word' id='word_1_451' title='bbox 997 3772 1141 3841; x_wconf 86' lang='lat' dir='ltr'><strong>quod</strong></span> <span class='ocrx_word' id='word_1_452' title='bbox 1181 3786 1293 3826; x_wconf 90' lang='lat' dir='ltr'><strong>non</strong></span> <span class='ocrx_word' id='word_1_453' title='bbox 1327 3780 1505 3839; x_wconf 87' lang='lat' dir='ltr'><strong>potest</strong></span> <span class='ocrx_word' id='word_1_454' title='bbox 1559 3772 1724 3825; x_wconf 83' lang='lat' dir='ltr'><strong>arbor</strong></span> <span class='ocrx_word' id='word_1_455' title='bbox 1785 3775 1923 3825; x_wconf 74' lang='lat' dir='ltr'><strong>bona</strong></span> <span class='ocrx_word' id='word_1_456' title='bbox 1961 3772 2073 3825; x_wconf 62' lang='lat' dir='ltr'><strong>l&#39;ruo</strong></span> 
     </span>
    </p>
   </div>
   <div class='ocr_carea' id='block_1_69' title="bbox 483 3862 2072 3933">
    <p class='ocr_par' dir='ltr' id='par_1_69' title="bbox 483 3862 2072 3933">
     <span class='ocr_line' id='line_1_69' title="bbox 483 3862 2072 3933; baseline 0 -15"><span class='ocrx_word' id='word_1_457' title='bbox 483 3875 609 3921; x_wconf 86' lang='lat' dir='ltr'><strong>ctus</strong></span> <span class='ocrx_word' id='word_1_458' title='bbox 639 3865 812 3919; x_wconf 89' lang='lat' dir='ltr'><strong>malos</strong></span> <span class='ocrx_word' id='word_1_459' title='bbox 844 3865 1043 3929; x_wconf 80' lang='lat' dir='ltr'><strong>facere,</strong></span> <span class='ocrx_word' id='word_1_460' title='bbox 1080 3872 1137 3917; x_wconf 92' lang='lat' dir='ltr'><strong>ut</strong></span> <span class='ocrx_word' id='word_1_461' title='bbox 1187 3878 1362 3933; x_wconf 82' lang='lat' dir='ltr'><strong>neque</strong></span> <span class='ocrx_word' id='word_1_462' title='bbox 1406 3863 1570 3916; x_wconf 74' lang='lat' dir='ltr'><strong>arbor</strong></span> <span class='ocrx_word' id='word_1_463' title='bbox 1614 3862 1809 3916; x_wconf 70' lang='lat' dir='ltr'><strong>vitiosa</strong></span> <span class='ocrx_word' id='word_1_464' title='bbox 1857 3862 2072 3918; x_wconf 84' lang='lat' dir='ltr'><strong>fructus</strong></span> 
     </span>
    </p>
   </div>
   <div class='ocr_carea' id='block_1_70' title="bbox 482 3956 901 4011">
    <p class='ocr_par' dir='ltr' id='par_1_70' title="bbox 482 3956 901 4011">
     <span class='ocr_line' id='line_1_70' title="bbox 482 3956 901 4011; baseline -0.002 -1"><span class='ocrx_word' id='word_1_465' title='bbox 482 3959 658 4011; x_wconf 76' lang='lat' dir='ltr'><strong>Louos</strong></span> <span class='ocrx_word' id='word_1_466' title='bbox 694 3956 901 4010; x_wconf 80' lang='lat' dir='ltr'><strong>facere.</strong></span> 
     </span>
    </p>
   </div>
   <div class='ocr_carea' id='block_1_71' title="bbox 557 4044 2072 4117">
    <p class='ocr_par' dir='ltr' id='par_1_71' title="bbox 557 4044 2072 4117">
     <span class='ocr_line' id='line_1_71' title="bbox 557 4044 2072 4117; baseline 0 -17"><span class='ocrx_word' id='word_1_467' title='bbox 557 4048 713 4103; x_wconf 83' lang='lat' dir='ltr'><strong>Vers.</strong></span> <span class='ocrx_word' id='word_1_468' title='bbox 749 4047 840 4103; x_wconf 76' lang='grc'><strong>54.</strong></span> <span class='ocrx_word' id='word_1_469' title='bbox 873 4045 1161 4117; x_wconf 77' lang='lat' dir='ltr'><strong>Progenies</strong></span> <span class='ocrx_word' id='word_1_470' title='bbox 1196 4076 1264 4085; x_wconf 93' lang='lat'><strong>-—-</strong></span> <span class='ocrx_word' id='word_1_471' title='bbox 1294 4045 1427 4099; x_wconf 84' lang='lat' dir='ltr'><strong>mali</strong></span> <span class='ocrx_word' id='word_1_472' title='bbox 1458 4047 1483 4099; x_wconf 68' lang='lat'><strong>.9</strong></span> <span class='ocrx_word' id='word_1_473' title='bbox 1521 4044 1639 4099; x_wconf 76' lang='lat' dir='ltr'><strong>Non</strong></span> <span class='ocrx_word' id='word_1_474' title='bbox 1688 4045 1885 4099; x_wconf 85' lang='lat' dir='ltr'><strong>mirum</strong></span> <span class='ocrx_word' id='word_1_475' title='bbox 1920 4056 2001 4100; x_wconf 90' lang='lat' dir='ltr'><strong>est</strong></span> <span class='ocrx_word' id='word_1_476' title='bbox 2028 4046 2072 4100; x_wconf 89' lang='lat' dir='ltr'><strong>si</strong></span> 
     </span>
    </p>
   </div>
   <div class='ocr_carea' id='block_1_72' title="bbox 482 4140 2072 4213">
    <p class='ocr_par' dir='ltr' id='par_1_72' title="bbox 482 4140 2072 4213">
     <span class='ocr_line' id='line_1_72' title="bbox 482 4140 2072 4213; baseline -0.004 -12"><span class='ocrx_word' id='word_1_477' title='bbox 482 4142 797 4213; x_wconf 82' lang='lat' dir='ltr'><strong>hujusmodi</strong></span> <span class='ocrx_word' id='word_1_478' title='bbox 883 4142 1121 4198; x_wconf 83' lang='lat' dir='ltr'><strong>convitia</strong></span> <span class='ocrx_word' id='word_1_479' title='bbox 1207 4141 1457 4209; x_wconf 87' lang='lat' dir='ltr'><strong>jactatis.</strong></span> <span class='ocrx_word' id='word_1_480' title='bbox 1526 4140 1659 4195; x_wconf 84' lang='lat' dir='ltr'><strong>Nam</strong></span> <span class='ocrx_word' id='word_1_481' title='bbox 1727 4156 1853 4194; x_wconf 90' lang='lat' dir='ltr'><strong>cum</strong></span> <span class='ocrx_word' id='word_1_482' title='bbox 1943 4140 2072 4195; x_wconf 85' lang='lat' dir='ltr'><strong>mali</strong></span> 
     </span>
    </p>
   </div>
   <div class='ocr_carea' id='block_1_73' title="bbox 483 4232 2070 4304">
    <p class='ocr_par' dir='ltr' id='par_1_73' title="bbox 483 4232 2070 4304">
     <span class='ocr_line' id='line_1_73' title="bbox 483 4232 2070 4304; baseline -0.002 -14"><span class='ocrx_word' id='word_1_483' title='bbox 483 4236 624 4300; x_wconf 87' lang='lat' dir='ltr'><strong>sitis,</strong></span> <span class='ocrx_word' id='word_1_484' title='bbox 702 4249 813 4288; x_wconf 93' lang='lat' dir='ltr'><strong>non</strong></span> <span class='ocrx_word' id='word_1_485' title='bbox 882 4233 1108 4304; x_wconf 89' lang='lat' dir='ltr'><strong>potestis</strong></span> <span class='ocrx_word' id='word_1_486' title='bbox 1181 4233 1323 4287; x_wconf 89' lang='lat' dir='ltr'><strong>bona</strong></span> <span class='ocrx_word' id='word_1_487' title='bbox 1377 4234 1546 4304; x_wconf 88' lang='lat' dir='ltr'><strong>loqui.</strong></span> <span class='ocrx_word' id='word_1_488' title='bbox 1626 4232 1835 4287; x_wconf 87' lang='lat' dir='ltr'><strong>Deinde</strong></span> <span class='ocrx_word' id='word_1_489' title='bbox 1910 4242 2070 4288; x_wconf 87' lang='lat' dir='ltr'><strong>natu-</strong></span> 
     </span>
    </p>
   </div>
   <div class='ocr_carea' id='block_1_74' title="bbox 484 4322 2071 4393">
    <p class='ocr_par' dir='ltr' id='par_1_74' title="bbox 484 4322 2071 4393">
     <span class='ocr_line' id='line_1_74' title="bbox 484 4322 2071 4393; baseline 0.001 -18"><span class='ocrx_word' id='word_1_490' title='bbox 484 4324 580 4377; x_wconf 86' lang='lat' dir='ltr'><strong>rali</strong></span> <span class='ocrx_word' id='word_1_491' title='bbox 640 4338 855 4393; x_wconf 89' lang='lat' dir='ltr'><strong>quoque</strong></span> <span class='ocrx_word' id='word_1_492' title='bbox 915 4322 1120 4377; x_wconf 86' lang='lat' dir='ltr'><strong>ratione</strong></span> <span class='ocrx_word' id='word_1_493' title='bbox 1177 4324 1541 4389; x_wconf 87' lang='lat' dir='ltr'><strong>demonstrat,</strong></span> <span class='ocrx_word' id='word_1_494' title='bbox 1596 4324 1741 4391; x_wconf 88' lang='lat' dir='ltr'><strong>quod</strong></span> <span class='ocrx_word' id='word_1_495' title='bbox 1811 4324 1914 4379; x_wconf 91' lang='lat' dir='ltr'><strong>hoc</strong></span> <span class='ocrx_word' id='word_1_496' title='bbox 1960 4339 2071 4379; x_wconf 92' lang='lat' dir='ltr'><strong>non</strong></span> 
     </span>
    </p>
   </div>
   <div class='ocr_carea' id='block_1_75' title="bbox 483 4424 719 4490">
    <p class='ocr_par' dir='ltr' id='par_1_75' title="bbox 483 4424 719 4490">
     <span class='ocr_line' id='line_1_75' title="bbox 483 4424 719 4490; baseline 0.013 -16"><span class='ocrx_word' id='word_1_497' title='bbox 483 4424 719 4490; x_wconf 89' lang='lat' dir='ltr'><strong>possint.</strong></span> 
     </span>
    </p>
   </div>
   <div class='ocr_carea' id='block_1_76' title="bbox 554 4492 2148 4581">
    <p class='ocr_par' dir='ltr' id='par_1_76' title="bbox 554 4492 2148 4581">
     <span class='ocr_line' id='line_1_76' title="bbox 554 4492 2148 4581; baseline -0.001 -14"><span class='ocrx_word' id='word_1_498' title='bbox 554 4512 838 4569; x_wconf 66' lang='lat' dir='ltr'><strong>Vers.‘54.</strong></span> <span class='ocrx_word' id='word_1_499' title='bbox 904 4510 990 4565; x_wconf 75' lang='lat' dir='ltr'><strong>Ea:</strong></span> <span class='ocrx_word' id='word_1_500' title='bbox 1034 4511 1385 4581; x_wconf 83' lang='lat' dir='ltr'><strong>—loquimr.</strong></span> <span class='ocrx_word' id='word_1_501' title='bbox 1454 4511 1735 4581; x_wconf 89' lang='lat' dir='ltr'><strong>Siquidem</strong></span> <span class='ocrx_word' id='word_1_502' title='bbox 1816 4528 1943 4568; x_wconf 90' lang='lat' dir='ltr'><strong>cum</strong></span> <span class='ocrx_word' id='word_1_503' title='bbox 2013 4492 2148 4567; x_wconf 64' lang='lat' dir='ltr'><strong>in”</strong></span> 
     </span>
    </p>
   </div>
   <div class='ocr_carea' id='block_1_77' title="bbox 482 4602 2073 4674">
    <p class='ocr_par' dir='ltr' id='par_1_77' title="bbox 482 4602 2073 4674">
     <span class='ocr_line' id='line_1_77' title="bbox 482 4602 2073 4674; baseline -0.001 -14"><span class='ocrx_word' id='word_1_504' title='bbox 482 4606 649 4660; x_wconf 89' lang='lat' dir='ltr'><strong>corde</strong></span> <span class='ocrx_word' id='word_1_505' title='bbox 711 4605 904 4659; x_wconf 84' lang='lat' dir='ltr'><strong>vitium</strong></span> <span class='ocrx_word' id='word_1_506' title='bbox 966 4602 1252 4665; x_wconf 87' lang='lat' dir='ltr'><strong>scaturiat,</strong></span> <span class='ocrx_word' id='word_1_507' title='bbox 1334 4603 1641 4658; x_wconf 89' lang='lat' dir='ltr'><strong>necessario</strong></span> <span class='ocrx_word' id='word_1_508' title='bbox 1698 4604 1766 4659; x_wconf 91' lang='lat' dir='ltr'><strong>ab</strong></span> <span class='ocrx_word' id='word_1_509' title='bbox 1800 4619 1868 4659; x_wconf 90' lang='lat' dir='ltr'><strong>eo</strong></span> <span class='ocrx_word' id='word_1_510' title='bbox 1927 4605 2073 4674; x_wconf 84' lang='lat' dir='ltr'><strong>q&#39;uod</strong></span> 
     </span>
    </p>
   </div>
   <div class='ocr_carea' id='block_1_78' title="bbox 484 4694 2076 4765">
    <p class='ocr_par' dir='ltr' id='par_1_78' title="bbox 484 4694 2076 4765">
     <span class='ocr_line' id='line_1_78' title="bbox 484 4694 2076 4765; baseline 0 -14"><span class='ocrx_word' id='word_1_511' title='bbox 484 4696 749 4760; x_wconf 83' lang='lat' dir='ltr'><strong>abundat,</strong></span> <span class='ocrx_word' id='word_1_512' title='bbox 803 4696 1107 4751; x_wconf 77' lang='lat' dir='ltr'><strong>effunditur</strong></span> <span class='ocrx_word' id='word_1_513' title='bbox 1165 4694 1408 4765; x_wconf 58' lang='lat' dir='ltr'><strong>pravitas</strong></span> <span class='ocrx_word' id='word_1_514' title='bbox 1452 4710 1572 4763; x_wconf 77' lang='lat' dir='ltr'><strong>qua:</strong></span> <span class='ocrx_word' id='word_1_515' title='bbox 1607 4704 1689 4751; x_wconf 90' lang='lat' dir='ltr'><strong>est</strong></span> <span class='ocrx_word' id='word_1_516' title='bbox 1745 4712 1927 4751; x_wconf 89' lang='lat' dir='ltr'><strong>sermo</strong></span> <span class='ocrx_word' id='word_1_517' title='bbox 1959 4712 2076 4751; x_wconf 88' lang='lat' dir='ltr'><strong>ma-</strong></span> 
     </span>
    </p>
   </div>
   <div class='ocr_carea' id='block_1_79' title="bbox 484 4787 2069 4861">
    <p class='ocr_par' dir='ltr' id='par_1_79' title="bbox 484 4787 2069 4861">
     <span class='ocr_line' id='line_1_79' title="bbox 484 4787 2069 4861; baseline 0.002 -19"><span class='ocrx_word' id='word_1_518' title='bbox 484 4790 592 4845; x_wconf 88' lang='lat' dir='ltr'><strong>lus.</strong></span> <span class='ocrx_word' id='word_1_519' title='bbox 659 4790 726 4844; x_wconf 88' lang='lat' dir='ltr'><strong>Et</strong></span> <span class='ocrx_word' id='word_1_520' title='bbox 754 4790 1215 4859; x_wconf 87' lang='lat' dir='ltr'><strong>quemadmodum</strong></span> <span class='ocrx_word' id='word_1_521' title='bbox 1267 4787 1467 4841; x_wconf 84' lang='lat' dir='ltr'><strong>medici</strong></span> <span class='ocrx_word' id='word_1_522' title='bbox 1506 4790 1565 4857; x_wconf 82' lang='lat' dir='ltr'><strong>(i)</strong></span> <span class='ocrx_word' id='word_1_523' title='bbox 1628 4788 1769 4843; x_wconf 85' lang='lat' dir='ltr'><strong>circa</strong></span> <span class='ocrx_word' id='word_1_524' title='bbox 1804 4790 2069 4861; x_wconf 88' lang='lat' dir='ltr'><strong>principia</strong></span> 
     </span>
    </p>
   </div>
   <div class='ocr_carea' id='block_1_80' title="bbox 481 4881 2065 4951">
    <p class='ocr_par' dir='ltr' id='par_1_80' title="bbox 481 4881 2065 4951">
     <span class='ocr_line' id='line_1_80' title="bbox 481 4881 2065 4951; baseline 0.003 -16"><span class='ocrx_word' id='word_1_525' title='bbox 481 4882 727 4951; x_wconf 86' lang='lat' dir='ltr'><strong>quidem,</strong></span> <span class='ocrx_word' id='word_1_526' title='bbox 786 4881 1099 4936; x_wconf 71' lang='lat' dir='ltr'><strong>exsilientes</strong></span> <span class='ocrx_word' id='word_1_527' title='bbox 1134 4882 1391 4935; x_wconf 83' lang='lat' dir='ltr'><strong>humores</strong></span> <span class='ocrx_word' id='word_1_528' title='bbox 1432 4881 1583 4935; x_wconf 88' lang='lat' dir='ltr'><strong>intus</strong></span> <span class='ocrx_word' id='word_1_529' title='bbox 1618 4897 1905 4938; x_wconf 89' lang='lat' dir='ltr'><strong>remanere</strong></span> <span class='ocrx_word' id='word_1_530' title='bbox 1965 4899 2065 4939; x_wconf 87' lang='lat' dir='ltr'><strong>co-</strong></span> 
     </span>
    </p>
   </div>
   <div class='ocr_carea' id='block_1_81' title="bbox 482 4972 2066 5047">
    <p class='ocr_par' dir='ltr' id='par_1_81' title="bbox 482 4972 2066 5047">
     <span class='ocr_line' id='line_1_81' title="bbox 482 4972 2066 5047; baseline 0.003 -20"><span class='ocrx_word' id='word_1_531' title='bbox 482 4983 615 5045; x_wconf 80' lang='lat' dir='ltr'><strong>gunt</strong></span> <span class='ocrx_word' id='word_1_532' title='bbox 650 4992 662 5029; x_wconf 93' lang='lat'>:</span> <span class='ocrx_word' id='word_1_533' title='bbox 702 4988 825 5028; x_wconf 84' lang='lat' dir='ltr'><strong>eum</strong></span> <span class='ocrx_word' id='word_1_534' title='bbox 879 4982 1062 5029; x_wconf 81' lang='lat' dir='ltr'><strong>autem</strong></span> <span class='ocrx_word' id='word_1_535' title='bbox 1112 4972 1185 5027; x_wconf 88' lang='lat' dir='ltr'><strong>illi</strong></span> <span class='ocrx_word' id='word_1_536' title='bbox 1220 4974 1652 5043; x_wconf 86' lang='lat' dir='ltr'><strong>subscaturiunt,</strong></span> <span class='ocrx_word' id='word_1_537' title='bbox 1688 4975 1799 5047; x_wconf 84' lang='lat' dir='ltr'><strong>jam</strong></span> <span class='ocrx_word' id='word_1_538' title='bbox 1835 4974 2066 5031; x_wconf 86' lang='lat' dir='ltr'><strong>vincun-</strong></span> 
     </span>
    </p>
   </div>
   <div class='ocr_carea' id='block_1_82' title="bbox 560 5130 1100 5194">
    <p class='ocr_par' dir='ltr' id='par_1_82' title="bbox 560 5130 1100 5194">
     <span class='ocr_line' id='line_1_82' title="bbox 560 5130 1100 5194; baseline -0.004 -7"><span class='ocrx_word' id='word_1_539' title='bbox 560 5135 610 5179; x_wconf 65' lang='grc' dir='ltr'><strong>β’</strong></span> <span class='ocrx_word' id='word_1_540' title='bbox 645 5131 837 5187; x_wconf 76' lang='lat' dir='ltr'><strong>Matth.</strong></span> <span class='ocrx_word' id='word_1_541' title='bbox 875 5146 975 5194; x_wconf 82' lang='lat' dir='ltr'><strong>vn,</strong></span> <span class='ocrx_word' id='word_1_542' title='bbox 1012 5130 1100 5186; x_wconf 76' lang='grc'><strong>18.</strong></span> 
     </span>
    </p>
   </div>
   <div class='ocr_carea' id='block_1_83' title="bbox 2176 3217 3775 3288">
    <p class='ocr_par' dir='ltr' id='par_1_83' title="bbox 2176 3217 3775 3288">
     <span class='ocr_line' id='line_1_83' title="bbox 2176 3217 3775 3288; baseline 0 -17"><span class='ocrx_word' id='word_1_543' title='bbox 2176 3218 2258 3282; x_wconf 77' lang='grc' dir='ltr'>δὲ,</span> <span class='ocrx_word' id='word_1_544' title='bbox 2295 3217 2356 3273; x_wconf 86' lang='grc' dir='ltr'><strong>τδ</strong></span> <span class='ocrx_word' id='word_1_545' title='bbox 2386 3218 2547 3288; x_wconf 77' lang='grc' dir='ltr'>ἔργον</span> <span class='ocrx_word' id='word_1_546' title='bbox 2588 3218 2777 3271; x_wconf 86' lang='grc' dir='ltr'>αὑτοῦ.</span> <span class='ocrx_word' id='word_1_547' title='bbox 2828 3217 2994 3285; x_wconf 80' lang='grc' dir='ltr'>Λέγει</span> <span class='ocrx_word' id='word_1_548' title='bbox 3055 3218 3261 3281; x_wconf 83' lang='grc' dir='ltr'>τοίνυν,</span> <span class='ocrx_word' id='word_1_549' title='bbox 3315 3219 3397 3271; x_wconf 83' lang='grc' dir='ltr'><strong>δτι</strong></span> <span class='ocrx_word' id='word_1_550' title='bbox 3448 3218 3520 3272; x_wconf 66' lang='lat' dir='ltr'><strong>“ll</strong></span> <span class='ocrx_word' id='word_1_551' title='bbox 3576 3218 3775 3272; x_wconf 71' lang='grc' dir='ltr'>εἴπατε</span> 
     </span>
    </p>
   </div>
   <div class='ocr_carea' id='block_1_84' title="bbox 2172 3309 3771 3384">
    <p class='ocr_par' dir='ltr' id='par_1_84' title="bbox 2172 3309 3771 3384">
     <span class='ocr_line' id='line_1_84' title="bbox 2172 3309 3771 3384; baseline 0 -21"><span class='ocrx_word' id='word_1_552' title='bbox 2172 3310 2265 3363; x_wconf 81' lang='grc' dir='ltr'>τὸν</span> <span class='ocrx_word' id='word_1_553' title='bbox 2308 3311 2549 3380; x_wconf 78' lang='grc' dir='ltr'>ἐργάτην</span> <span class='ocrx_word' id='word_1_554' title='bbox 2604 3309 2792 3373; x_wconf 85' lang='grc' dir='ltr'>καλὸν,</span> <span class='ocrx_word' id='word_1_555' title='bbox 2855 3310 2948 3362; x_wconf 76' lang='grc' dir='ltr'>καὶ</span> <span class='ocrx_word' id='word_1_556' title='bbox 2992 3310 3049 3362; x_wconf 74' lang='grc' dir='ltr'><strong>τὸ</strong></span> <span class='ocrx_word' id='word_1_557' title='bbox 3092 3309 3254 3380; x_wconf 70' lang='grc' dir='ltr'>ἔργον</span> <span class='ocrx_word' id='word_1_558' title='bbox 3298 3309 3466 3363; x_wconf 73' lang='grc' dir='ltr'>αὐτοῦ</span> <span class='ocrx_word' id='word_1_559' title='bbox 3502 3311 3693 3363; x_wconf 72' lang='grc' dir='ltr'>καλόνι</span> <span class='ocrx_word' id='word_1_560' title='bbox 3735 3312 3771 3384; x_wconf 79' lang='grc' dir='ltr'>ἢ</span> 
     </span>
    </p>
   </div>
   <div class='ocr_carea' id='block_1_85' title="bbox 2175 3401 3776 3474">
    <p class='ocr_par' dir='ltr' id='par_1_85' title="bbox 2175 3401 3776 3474">
     <span class='ocr_line' id='line_1_85' title="bbox 2175 3401 3776 3474; baseline 0.001 -17"><span class='ocrx_word' id='word_1_561' title='bbox 2175 3405 2267 3457; x_wconf 77' lang='grc' dir='ltr'>τὸν</span> <span class='ocrx_word' id='word_1_562' title='bbox 2304 3405 2545 3474; x_wconf 75' lang='grc' dir='ltr'>ἐργάτην</span> <span class='ocrx_word' id='word_1_563' title='bbox 2578 3403 2746 3455; x_wconf 83' lang='grc' dir='ltr'>αὐτοῦ</span> <span class='ocrx_word' id='word_1_564' title='bbox 2778 3401 2889 3473; x_wconf 87' lang='grc'><strong>(90)</strong></span> <span class='ocrx_word' id='word_1_565' title='bbox 2946 3403 3137 3468; x_wconf 79' lang='grc' dir='ltr'>κακὸν,</span> <span class='ocrx_word' id='word_1_566' title='bbox 3166 3406 3259 3455; x_wconf 80' lang='grc' dir='ltr'>καὶ</span> <span class='ocrx_word' id='word_1_567' title='bbox 3294 3404 3355 3456; x_wconf 83' lang='grc' dir='ltr'>τὸ</span> <span class='ocrx_word' id='word_1_568' title='bbox 3385 3403 3547 3473; x_wconf 80' lang='grc' dir='ltr'>ἔργον</span> <span class='ocrx_word' id='word_1_569' title='bbox 3603 3406 3776 3459; x_wconf 82' lang='grc' dir='ltr'>αὑτοῦ</span> 
     </span>
    </p>
   </div>
   <div class='ocr_carea' id='block_1_86' title="bbox 2178 3494 3776 3567">
    <p class='ocr_par' dir='ltr' id='par_1_86' title="bbox 2178 3494 3776 3567">
     <span class='ocr_line' id='line_1_86' title="bbox 2178 3494 3776 3567; baseline 0.001 -19"><span class='ocrx_word' id='word_1_570' title='bbox 2178 3495 2369 3549; x_wconf 87' lang='grc' dir='ltr'>κακόν.</span> <span class='ocrx_word' id='word_1_571' title='bbox 2416 3496 2478 3547; x_wconf 79' lang='lat' dir='ltr'><strong>Et</strong></span> <span class='ocrx_word' id='word_1_572' title='bbox 2510 3496 2619 3565; x_wconf 83' lang='grc' dir='ltr'>γὰρ</span> <span class='ocrx_word' id='word_1_573' title='bbox 2658 3495 2718 3547; x_wconf 82' lang='grc' dir='ltr'>τὸ</span> <span class='ocrx_word' id='word_1_574' title='bbox 2754 3495 2917 3566; x_wconf 80' lang='grc' dir='ltr'>ἔργον</span> <span class='ocrx_word' id='word_1_575' title='bbox 2962 3494 3148 3557; x_wconf 80' lang='grc' dir='ltr'>καλὸν,</span> <span class='ocrx_word' id='word_1_576' title='bbox 3196 3496 3305 3564; x_wconf 84' lang='grc' dir='ltr'>ἄρα</span> <span class='ocrx_word' id='word_1_577' title='bbox 3347 3496 3443 3548; x_wconf 79' lang='grc' dir='ltr'><strong>καὶ</strong></span> <span class='ocrx_word' id='word_1_578' title='bbox 3473 3498 3501 3548; x_wconf 86' lang='grc' dir='ltr'>ὁ</span> <span class='ocrx_word' id='word_1_579' title='bbox 3533 3496 3776 3567; x_wconf 76' lang='grc' dir='ltr'>ἐργάτης</span> 
     </span>
    </p>
   </div>
   <div class='ocr_carea' id='block_1_87' title="bbox 2176 3584 3775 3657">
    <p class='ocr_par' dir='ltr' id='par_1_87' title="bbox 2176 3584 3775 3657">
     <span class='ocr_line' id='line_1_87' title="bbox 2176 3584 3775 3657; baseline 0.003 -20"><span class='ocrx_word' id='word_1_580' title='bbox 2176 3584 2341 3637; x_wconf 77' lang='grc' dir='ltr'>αὑτοῦ</span> <span class='ocrx_word' id='word_1_581' title='bbox 2382 3585 2581 3648; x_wconf 80' lang='grc' dir='ltr'>καλός·</span> <span class='ocrx_word' id='word_1_582' title='bbox 2616 3586 2679 3637; x_wconf 85' lang='grc' dir='ltr'>ὲκ</span> <span class='ocrx_word' id='word_1_583' title='bbox 2732 3585 2843 3656; x_wconf 78' lang='grc' dir='ltr'><strong>γάρ</strong></span> <span class='ocrx_word' id='word_1_584' title='bbox 2888 3584 2982 3636; x_wconf 92' lang='grc' dir='ltr'><strong>τοῦ</strong></span> <span class='ocrx_word' id='word_1_585' title='bbox 3046 3585 3212 3657; x_wconf 74' lang='grc' dir='ltr'>ἔργου</span> <span class='ocrx_word' id='word_1_586' title='bbox 3244 3585 3271 3637; x_wconf 83' lang='grc' dir='ltr'>ὁ</span> <span class='ocrx_word' id='word_1_587' title='bbox 3306 3584 3549 3657; x_wconf 83' lang='grc' dir='ltr'>ἐργάτης</span> <span class='ocrx_word' id='word_1_588' title='bbox 3600 3588 3775 3642; x_wconf 80' lang='grc' dir='ltr'>αὐτοῦ</span> 
     </span>
    </p>
   </div>
   <div class='ocr_carea' id='block_1_88' title="bbox 2177 3676 3773 3746">
    <p class='ocr_par' dir='ltr' id='par_1_88' title="bbox 2177 3676 3773 3746">
     <span class='ocr_line' id='line_1_88' title="bbox 2177 3676 3773 3746; baseline 0.002 -15"><span class='ocrx_word' id='word_1_589' title='bbox 2177 3678 2526 3746; x_wconf 79' lang='grc' dir='ltr'>γινώσκεται.</span> <span class='ocrx_word' id='word_1_590' title='bbox 2580 3678 2644 3731; x_wconf 77' lang='grc' dir='ltr'><strong>Εἰ</strong></span> <span class='ocrx_word' id='word_1_591' title='bbox 2684 3677 2785 3746; x_wconf 83' lang='grc' dir='ltr'>μὲν</span> <span class='ocrx_word' id='word_1_592' title='bbox 2812 3676 3004 3741; x_wconf 88' lang='grc' dir='ltr'>καλοῦ,</span> <span class='ocrx_word' id='word_1_593' title='bbox 3044 3677 3207 3740; x_wconf 82' lang='grc' dir='ltr'>καλός</span> <span class='ocrx_word' id='word_1_594' title='bbox 3229 3693 3243 3706; x_wconf 73' lang='grc' dir='ltr'><strong>ο</strong></span> <span class='ocrx_word' id='word_1_595' title='bbox 3276 3679 3325 3730; x_wconf 79' lang='grc' dir='ltr'>εὶ</span> <span class='ocrx_word' id='word_1_596' title='bbox 3351 3678 3406 3731; x_wconf 88' lang='grc' dir='ltr'>δὲ</span> <span class='ocrx_word' id='word_1_597' title='bbox 3436 3680 3633 3742; x_wconf 84' lang='grc' dir='ltr'>κακοῦ,</span> <span class='ocrx_word' id='word_1_598' title='bbox 3668 3699 3773 3733; x_wconf 78' lang='lat' dir='ltr'><strong>xa-</strong></span> 
     </span>
    </p>
   </div>
   <div class='ocr_carea' id='block_1_89' title="bbox 2178 3769 3773 3843">
    <p class='ocr_par' dir='ltr' id='par_1_89' title="bbox 2178 3769 3773 3843">
     <span class='ocr_line' id='line_1_89' title="bbox 2178 3769 3773 3843; baseline 0.003 -19"><span class='ocrx_word' id='word_1_599' title='bbox 2178 3774 2291 3835; x_wconf 71' lang='grc' dir='ltr'>κός.</span> <span class='ocrx_word' id='word_1_600' title='bbox 2337 3770 2578 3836; x_wconf 83' lang='grc' dir='ltr'>Ἐδίδαξε</span> <span class='ocrx_word' id='word_1_601' title='bbox 2632 3769 2742 3841; x_wconf 85' lang='grc' dir='ltr'>γὰρ</span> <span class='ocrx_word' id='word_1_602' title='bbox 2777 3773 2833 3821; x_wconf 84' lang='grc' dir='ltr'><strong>ἐν</strong></span> <span class='ocrx_word' id='word_1_603' title='bbox 2868 3770 2945 3841; x_wconf 80' lang='grc' dir='ltr'>τῷ</span> <span class='ocrx_word' id='word_1_604' title='bbox 2974 3773 3215 3842; x_wconf 81' lang='grc' dir='ltr'>πέμπτῳ</span> <span class='ocrx_word' id='word_1_605' title='bbox 3273 3772 3556 3843; x_wconf 78' lang='grc' dir='ltr'>κεφαλαίῳ</span> <span class='ocrx_word' id='word_1_606' title='bbox 3596 3774 3678 3827; x_wconf 83' lang='grc' dir='ltr'>ὅτι</span> <span class='ocrx_word' id='word_1_607' title='bbox 3708 3774 3773 3828; x_wconf 83' lang='grc' dir='ltr'>οὐ</span> 
     </span>
    </p>
   </div>
   <div class='ocr_carea' id='block_1_90' title="bbox 2174 3863 3769 3934">
    <p class='ocr_par' dir='ltr' id='par_1_90' title="bbox 2174 3863 3769 3934">
     <span class='ocr_line' id='line_1_90' title="bbox 2174 3863 3769 3934; baseline 0.003 -17"><span class='ocrx_word' id='word_1_608' title='bbox 2174 3865 2397 3918; x_wconf 85' lang='grc' dir='ltr'>δύναται</span> <span class='ocrx_word' id='word_1_609' title='bbox 2435 3863 2653 3933; x_wconf 75' lang='grc' dir='ltr'>δένδρον</span> <span class='ocrx_word' id='word_1_610' title='bbox 2688 3864 2892 3931; x_wconf 63' lang='grc' dir='ltr'>ἀγαθδιν</span> <span class='ocrx_word' id='word_1_611' title='bbox 2939 3864 3189 3932; x_wconf 74' lang='grc' dir='ltr'>καρποὺς</span> <span class='ocrx_word' id='word_1_612' title='bbox 3229 3867 3505 3934; x_wconf 73' lang='grc' dir='ltr'>πονηροὺς</span> <span class='ocrx_word' id='word_1_613' title='bbox 3566 3870 3769 3933; x_wconf 79' lang='grc' dir='ltr'>ποιεῖν,</span> 
     </span>
    </p>
   </div>
   <div class='ocr_carea' id='block_1_91' title="bbox 2174 3955 3543 4026">
    <p class='ocr_par' dir='ltr' id='par_1_91' title="bbox 2174 3955 3543 4026">
     <span class='ocr_line' id='line_1_91' title="bbox 2174 3955 3543 4026; baseline 0.001 -16"><span class='ocrx_word' id='word_1_614' title='bbox 2174 3956 2294 4010; x_wconf 74' lang='grc' dir='ltr'>οὐδὲ</span> <span class='ocrx_word' id='word_1_615' title='bbox 2321 3955 2536 4023; x_wconf 81' lang='grc' dir='ltr'>δένδρον</span> <span class='ocrx_word' id='word_1_616' title='bbox 2567 3959 2775 4025; x_wconf 67' lang='grc' dir='ltr'>σαπρὸν</span> <span class='ocrx_word' id='word_1_617' title='bbox 2814 3959 3059 4026; x_wconf 70' lang='grc' dir='ltr'>καρποὺς</span> <span class='ocrx_word' id='word_1_618' title='bbox 3101 3956 3299 4019; x_wconf 76' lang='grc' dir='ltr'>καλοὺς</span> <span class='ocrx_word' id='word_1_619' title='bbox 3337 3961 3543 4013; x_wconf 79' lang='grc' dir='ltr'>ποιεῖν.</span> 
     </span>
    </p>
   </div>
   <div class='ocr_carea' id='block_1_92' title="bbox 2243 4046 3770 4121">
    <p class='ocr_par' dir='ltr' id='par_1_92' title="bbox 2243 4046 3770 4121">
     <span class='ocr_line' id='line_1_92' title="bbox 2243 4046 3770 4121; baseline 0.002 -19"><span class='ocrx_word' id='word_1_620' title='bbox 2243 4046 2600 4117; x_wconf 78' lang='grc' dir='ltr'>Γεννήματα</span> <span class='ocrx_word' id='word_1_621' title='bbox 2658 4078 2728 4088; x_wconf 96' lang='grc'><strong><em>-</em></strong></span> <span class='ocrx_word' id='word_1_622' title='bbox 2765 4047 2973 4114; x_wconf 68' lang='grc' dir='ltr'>ὅντες-ς</span> <span class='ocrx_word' id='word_1_623' title='bbox 3030 4048 3147 4102; x_wconf 74' lang='grc' dir='ltr'><strong>Οὐκ</strong></span> <span class='ocrx_word' id='word_1_624' title='bbox 3204 4048 3320 4101; x_wconf 75' lang='grc' dir='ltr'>ἐστι</span> <span class='ocrx_word' id='word_1_625' title='bbox 3360 4049 3770 4121; x_wconf 74' lang='grc' dir='ltr'>οαυμαστδν,εί</span> 
     </span>
    </p>
   </div>
   <div class='ocr_carea' id='block_1_93' title="bbox 2172 4140 3772 4211">
    <p class='ocr_par' dir='ltr' id='par_1_93' title="bbox 2172 4140 3772 4211">
     <span class='ocr_line' id='line_1_93' title="bbox 2172 4140 3772 4211; baseline 0.002 -17"><span class='ocrx_word' id='word_1_626' title='bbox 2172 4140 2403 4194; x_wconf 78' lang='grc' dir='ltr'>τοιαῦτα</span> <span class='ocrx_word' id='word_1_627' title='bbox 2461 4140 2852 4211; x_wconf 81' lang='grc' dir='ltr'>βλασφημεῖτε.</span> <span class='ocrx_word' id='word_1_628' title='bbox 2885 4141 3119 4211; x_wconf 69' lang='grc' dir='ltr'>Πονηροὶ</span> <span class='ocrx_word' id='word_1_629' title='bbox 3148 4141 3259 4209; x_wconf 81' lang='grc' dir='ltr'><strong>γάρ</strong></span> <span class='ocrx_word' id='word_1_630' title='bbox 3304 4142 3479 4206; x_wconf 76' lang='grc' dir='ltr'>ὄντες,</span> <span class='ocrx_word' id='word_1_631' title='bbox 3512 4144 3573 4198; x_wconf 76' lang='grc' dir='ltr'>οὐ</span> <span class='ocrx_word' id='word_1_632' title='bbox 3607 4144 3772 4197; x_wconf 74' lang='grc' dir='ltr'>δύναο</span> 
     </span>
    </p>
   </div>
   <div class='ocr_carea' id='block_1_94' title="bbox 2174 4232 3773 4304">
    <p class='ocr_par' dir='ltr' id='par_1_94' title="bbox 2174 4232 3773 4304">
     <span class='ocr_line' id='line_1_94' title="bbox 2174 4232 3773 4304; baseline 0.004 -19"><span class='ocrx_word' id='word_1_633' title='bbox 2174 4235 2268 4286; x_wconf 86' lang='grc' dir='ltr'><strong>σθε</strong></span> <span class='ocrx_word' id='word_1_634' title='bbox 2302 4234 2482 4301; x_wconf 76' lang='grc' dir='ltr'>ἀγαθά</span> <span class='ocrx_word' id='word_1_635' title='bbox 2514 4234 2716 4291; x_wconf 77' lang='grc' dir='ltr'>λαλεῖν.</span> <span class='ocrx_word' id='word_1_636' title='bbox 2748 4232 2883 4287; x_wconf 79' lang='grc' dir='ltr'>Εἶτα</span> <span class='ocrx_word' id='word_1_637' title='bbox 2915 4234 3011 4287; x_wconf 77' lang='grc' dir='ltr'>καὶ</span> <span class='ocrx_word' id='word_1_638' title='bbox 3058 4235 3463 4304; x_wconf 74' lang='grc' dir='ltr'>φυσιολογικῶς</span> <span class='ocrx_word' id='word_1_639' title='bbox 3542 4238 3773 4291; x_wconf 83' lang='grc' dir='ltr'>ἀποδεί-</span> 
     </span>
    </p>
   </div>
   <div class='ocr_carea' id='block_1_95' title="bbox 2171 4325 2900 4390">
    <p class='ocr_par' dir='ltr' id='par_1_95' title="bbox 2171 4325 2900 4390">
     <span class='ocr_line' id='line_1_95' title="bbox 2171 4325 2900 4390; baseline 0.005 -13"><span class='ocrx_word' id='word_1_640' title='bbox 2171 4341 2354 4390; x_wconf 85' lang='grc' dir='ltr'>κνυσι,</span> <span class='ocrx_word' id='word_1_641' title='bbox 2389 4325 2503 4390; x_wconf 87' lang='grc' dir='ltr'><strong>πῶς</strong></span> <span class='ocrx_word' id='word_1_642' title='bbox 2526 4325 2587 4378; x_wconf 86' lang='grc' dir='ltr'>οὐ</span> <span class='ocrx_word' id='word_1_643' title='bbox 2616 4326 2900 4381; x_wconf 81' lang='grc' dir='ltr'>δύνανται.</span> 
     </span>
    </p>
   </div>
   <div class='ocr_carea' id='block_1_96' title="bbox 2264 4506 3766 4583">
    <p class='ocr_par' dir='ltr' id='par_1_96' title="bbox 2264 4506 3766 4583">
     <span class='ocr_line' id='line_1_96' title="bbox 2264 4506 3766 4583; baseline 0.003 -22"><span class='ocrx_word' id='word_1_644' title='bbox 2264 4506 2366 4561; x_wconf 74' lang='grc' dir='ltr'>Ἐκ</span> <span class='ocrx_word' id='word_1_645' title='bbox 2420 4538 2493 4551; x_wconf 86' lang='lat'><strong>--</strong></span> <span class='ocrx_word' id='word_1_646' title='bbox 2545 4508 2738 4563; x_wconf 66' lang='grc' dir='ltr'><strong>λαλεῖ.</strong></span> <span class='ocrx_word' id='word_1_647' title='bbox 2808 4509 3292 4581; x_wconf 77' lang='grc' dir='ltr'>Ὑπερσλυζούσης</span> <span class='ocrx_word' id='word_1_648' title='bbox 3346 4511 3456 4581; x_wconf 72' lang='grc' dir='ltr'><strong>γὰρ</strong></span> <span class='ocrx_word' id='word_1_649' title='bbox 3497 4510 3598 4576; x_wconf 81' lang='grc' dir='ltr'>τῆς</span> <span class='ocrx_word' id='word_1_650' title='bbox 3648 4510 3766 4583; x_wconf 87' lang='lat'><strong>(9|)</strong></span> 
     </span>
    </p>
   </div>
   <div class='ocr_carea' id='block_1_97' title="bbox 2182 4604 3771 4675">
    <p class='ocr_par' dir='ltr' id='par_1_97' title="bbox 2182 4604 3771 4675">
     <span class='ocr_line' id='line_1_97' title="bbox 2182 4604 3771 4675; baseline 0.002 -20"><span class='ocrx_word' id='word_1_651' title='bbox 2182 4604 2410 4675; x_wconf 84' lang='grc' dir='ltr'>καρδίας</span> <span class='ocrx_word' id='word_1_652' title='bbox 2452 4604 2565 4673; x_wconf 70' lang='grc'><strong>(92)</strong></span> <span class='ocrx_word' id='word_1_653' title='bbox 2598 4605 2655 4655; x_wconf 81' lang='grc' dir='ltr'>ἐν</span> <span class='ocrx_word' id='word_1_654' title='bbox 2682 4605 2748 4673; x_wconf 75' lang='grc' dir='ltr'>τῇ</span> <span class='ocrx_word' id='word_1_655' title='bbox 2784 4604 3016 4674; x_wconf 72' lang='grc' dir='ltr'>καρδία,</span> <span class='ocrx_word' id='word_1_656' title='bbox 3051 4604 3239 4657; x_wconf 66' lang='grc' dir='ltr'>λοιπὸν</span> <span class='ocrx_word' id='word_1_657' title='bbox 3271 4604 3330 4670; x_wconf 80' lang='grc' dir='ltr'>ἐξ</span> <span class='ocrx_word' id='word_1_658' title='bbox 3368 4605 3619 4673; x_wconf 76' lang='grc' dir='ltr'>ἀνάγκης</span> <span class='ocrx_word' id='word_1_659' title='bbox 3660 4606 3771 4660; x_wconf 78' lang='grc' dir='ltr'>ἀπὸ</span> 
     </span>
    </p>
   </div>
   <div class='ocr_carea' id='block_1_98' title="bbox 2182 4696 3773 4768">
    <p class='ocr_par' dir='ltr' id='par_1_98' title="bbox 2182 4696 3773 4768">
     <span class='ocr_line' id='line_1_98' title="bbox 2182 4696 3773 4768; baseline 0.001 -18"><span class='ocrx_word' id='word_1_660' title='bbox 2182 4696 2275 4751; x_wconf 87' lang='grc' dir='ltr'><strong>τοῦ</strong></span> <span class='ocrx_word' id='word_1_661' title='bbox 2313 4696 2728 4766; x_wconf 83' lang='grc' dir='ltr'>περιττεύοντος</span> <span class='ocrx_word' id='word_1_662' title='bbox 2780 4698 3025 4765; x_wconf 77' lang='grc' dir='ltr'>ἐκχεῖται</span> <span class='ocrx_word' id='word_1_663' title='bbox 3072 4696 3263 4763; x_wconf 86' lang='grc' dir='ltr'>κακία,</span> <span class='ocrx_word' id='word_1_664' title='bbox 3293 4698 3416 4768; x_wconf 76' lang='grc' dir='ltr'>ἥτις</span> <span class='ocrx_word' id='word_1_665' title='bbox 3463 4700 3579 4751; x_wconf 82' lang='grc' dir='ltr'>ἐστὶ</span> <span class='ocrx_word' id='word_1_666' title='bbox 3610 4698 3773 4767; x_wconf 84' lang='grc' dir='ltr'>λόγος</span> 
     </span>
    </p>
   </div>
   <div class='ocr_carea' id='block_1_99' title="bbox 2184 4789 3773 4865">
    <p class='ocr_par' dir='ltr' id='par_1_99' title="bbox 2184 4789 3773 4865">
     <span class='ocr_line' id='line_1_99' title="bbox 2184 4789 3773 4865; baseline 0.001 -22"><span class='ocrx_word' id='word_1_667' title='bbox 2184 4792 2439 4861; x_wconf 86' lang='grc' dir='ltr'>πονηρός.</span> <span class='ocrx_word' id='word_1_668' title='bbox 2503 4790 2613 4844; x_wconf 69' lang='grc' dir='ltr'><strong>Καὶ</strong></span> <span class='ocrx_word' id='word_1_669' title='bbox 2654 4790 2908 4860; x_wconf 76' lang='grc' dir='ltr'>καθάπερ</span> <span class='ocrx_word' id='word_1_670' title='bbox 2938 4790 2987 4843; x_wconf 89' lang='grc' dir='ltr'>οἱ</span> <span class='ocrx_word' id='word_1_671' title='bbox 3016 4789 3303 4857; x_wconf 76' lang='grc' dir='ltr'>ἐμοῦντες,</span> <span class='ocrx_word' id='word_1_672' title='bbox 3336 4792 3486 4861; x_wconf 69' lang='grc' dir='ltr'>παρὰ</span> <span class='ocrx_word' id='word_1_673' title='bbox 3532 4790 3633 4861; x_wconf 82' lang='grc' dir='ltr'>μὲν</span> <span class='ocrx_word' id='word_1_674' title='bbox 3668 4794 3773 4865; x_wconf 74' lang='grc' dir='ltr'>τὴν</span> 
     </span>
    </p>
   </div>
   <div class='ocr_carea' id='block_1_100' title="bbox 2178 4881 3774 4954">
    <p class='ocr_par' dir='ltr' id='par_1_100' title="bbox 2178 4881 3774 4954">
     <span class='ocr_line' id='line_1_100' title="bbox 2178 4881 3774 4954; baseline 0.001 -19"><span class='ocrx_word' id='word_1_675' title='bbox 2178 4883 2353 4954; x_wconf 80' lang='grc' dir='ltr'>ἀρχὴν</span> <span class='ocrx_word' id='word_1_676' title='bbox 2391 4881 2670 4952; x_wconf 79' lang='grc' dir='ltr'>βιάζονται</span> <span class='ocrx_word' id='word_1_677' title='bbox 2724 4881 2876 4934; x_wconf 75' lang='grc' dir='ltr'>ἔνδον</span> <span class='ocrx_word' id='word_1_678' title='bbox 2936 4882 3191 4950; x_wconf 82' lang='grc' dir='ltr'>κατέχειν</span> <span class='ocrx_word' id='word_1_679' title='bbox 3248 4882 3605 4953; x_wconf 84' lang='grc' dir='ltr'>ὲκπηδῶντας</span> <span class='ocrx_word' id='word_1_680' title='bbox 3640 4884 3774 4947; x_wconf 81' lang='grc' dir='ltr'>τοὺς</span> 
     </span>
    </p>
   </div>
   <div class='ocr_carea' id='block_1_101' title="bbox 2182 4972 3775 5046">
    <p class='ocr_par' dir='ltr' id='par_1_101' title="bbox 2182 4972 3775 5046">
     <span class='ocr_line' id='line_1_101' title="bbox 2182 4972 3775 5046; baseline 0.001 -18"><span class='ocrx_word' id='word_1_681' title='bbox 2182 4976 2415 5046; x_wconf 70' lang='grc' dir='ltr'>χυμοὺς,</span> <span class='ocrx_word' id='word_1_682' title='bbox 2446 4974 2901 5045; x_wconf 76' lang='grc' dir='ltr'>ὑπερϐλνζόντων</span> <span class='ocrx_word' id='word_1_683' title='bbox 2938 4973 3018 5038; x_wconf 81' lang='grc' dir='ltr'><strong>δέ,</strong></span> <span class='ocrx_word' id='word_1_684' title='bbox 3054 4972 3315 5027; x_wconf 81' lang='grc' dir='ltr'>νικῶνται</span> <span class='ocrx_word' id='word_1_685' title='bbox 3357 4973 3452 5028; x_wconf 76' lang='grc' dir='ltr'>καὶ</span> <span class='ocrx_word' id='word_1_686' title='bbox 3484 4972 3775 5045; x_wconf 86' lang='grc' dir='ltr'>προίενται</span> 
     </span>
    </p>
   </div>
   <div class='ocr_carea' id='block_1_102' title="bbox 1686 5195 2576 5263">
    <p class='ocr_par' dir='ltr' id='par_1_102' title="bbox 1686 5195 2576 5263">
     <span class='ocr_line' id='line_1_102' title="bbox 1686 5195 2576 5263; baseline -0.003 -5"><span class='ocrx_word' id='word_1_687' title='bbox 1686 5197 1884 5260; x_wconf 63' lang='lat' dir='ltr'><strong>Varie)</strong></span> <span class='ocrx_word' id='word_1_688' title='bbox 1937 5195 2245 5263; x_wconf 71' lang='lat' dir='ltr'><strong>lectiones</strong></span> <span class='ocrx_word' id='word_1_689' title='bbox 2289 5202 2353 5257; x_wconf 77' lang='lat' dir='ltr'><strong>et</strong></span> <span class='ocrx_word' id='word_1_690' title='bbox 2384 5200 2576 5258; x_wconf 69' lang='lat' dir='ltr'><strong>notm.</strong></span> 
     </span>
    </p>
   </div>
   <div class='ocr_carea' id='block_1_103' title="bbox 559 5364 1163 5438">
    <p class='ocr_par' dir='ltr' id='par_1_103' title="bbox 559 5364 1163 5438">
     <span class='ocr_line' id='line_1_103' title="bbox 559 5364 1163 5438; baseline -0.01 -12"><span class='ocrx_word' id='word_1_691' title='bbox 559 5368 673 5438; x_wconf 78' lang='lat'><strong>(86)</strong></span> <span class='ocrx_word' id='word_1_692' title='bbox 708 5367 825 5431; x_wconf 87' lang='grc' dir='ltr'>καί,</span> <span class='ocrx_word' id='word_1_693' title='bbox 856 5364 1061 5438; x_wconf 70' lang='lat' dir='ltr'><strong>omittit</strong></span> <span class='ocrx_word' id='word_1_694' title='bbox 1097 5366 1163 5438; x_wconf 69' lang='grc' dir='ltr'><strong>Α.</strong></span> 
     </span>
    </p>
   </div>
   <div class='ocr_carea' id='block_1_104' title="bbox 561 5436 1155 5511">
    <p class='ocr_par' dir='ltr' id='par_1_104' title="bbox 561 5436 1155 5511">
     <span class='ocr_line' id='line_1_104' title="bbox 561 5436 1155 5511; baseline -0.005 -18"><span class='ocrx_word' id='word_1_695' title='bbox 561 5436 672 5511; x_wconf 73' lang='grc'><strong>(87)</strong></span> <span class='ocrx_word' id='word_1_696' title='bbox 706 5436 1065 5511; x_wconf 35' lang='grc' dir='ltr'>καίηοιιιὶιιίι</span> <span class='ocrx_word' id='word_1_697' title='bbox 1088 5437 1155 5490; x_wconf 80' lang='grc' dir='ltr'><strong>Α.</strong></span> 
     </span>
    </p>
   </div>
   <div class='ocr_carea' id='block_1_105' title="bbox 562 5509 979 5580">
    <p class='ocr_par' dir='ltr' id='par_1_105' title="bbox 562 5509 979 5580">
     <span class='ocr_line' id='line_1_105' title="bbox 562 5509 979 5580; baseline 0 -19"><span class='ocrx_word' id='word_1_698' title='bbox 562 5509 674 5580; x_wconf 69' lang='lat' dir='ltr'><strong>(ss)</strong></span> <span class='ocrx_word' id='word_1_699' title='bbox 706 5510 883 5574; x_wconf 84' lang='grc' dir='ltr'>καλῶς</span> <span class='ocrx_word' id='word_1_700' title='bbox 920 5509 979 5580; x_wconf 71' lang='lat' dir='ltr'><strong>u,</strong></span> 
     </span>
    </p>
   </div>
   <div class='ocr_carea' id='block_1_106' title="bbox 560 5578 2071 5650">
    <p class='ocr_par' dir='ltr' id='par_1_106' title="bbox 560 5578 2071 5650">
     <span class='ocr_line' id='line_1_106' title="bbox 560 5578 2071 5650; baseline 0.001 -18"><span class='ocrx_word' id='word_1_701' title='bbox 560 5578 672 5650; x_wconf 82' lang='lat'><strong>(89)</strong></span> <span class='ocrx_word' id='word_1_702' title='bbox 708 5580 826 5635; x_wconf 82' lang='lat' dir='ltr'><strong>Non</strong></span> <span class='ocrx_word' id='word_1_703' title='bbox 860 5578 1092 5636; x_wconf 84' lang='lat' dir='ltr'><strong>sollicito</strong></span> <span class='ocrx_word' id='word_1_704' title='bbox 1138 5579 1242 5633; x_wconf 88' lang='lat' dir='ltr'><strong>hoc</strong></span> <span class='ocrx_word' id='word_1_705' title='bbox 1284 5580 1627 5639; x_wconf 78' lang='lat' dir='ltr'><strong>vocabulum.</strong></span> <span class='ocrx_word' id='word_1_706' title='bbox 1674 5582 1817 5638; x_wconf 86' lang='lat' dir='ltr'><strong>Alibi</strong></span> <span class='ocrx_word' id='word_1_707' title='bbox 1869 5594 2071 5638; x_wconf 81' lang='lat' dir='ltr'><strong>tamen.</strong></span> 
     </span>
    </p>
   </div>
   <div class='ocr_carea' id='block_1_107' title="bbox 563 5744 1225 5831">
    <p class='ocr_par' dir='ltr' id='par_1_107' title="bbox 563 5744 1225 5831">
     <span class='ocr_line' id='line_1_107' title="bbox 563 5744 1225 5831; baseline 0 -32"><span class='ocrx_word' id='word_1_708' title='bbox 563 5747 626 5831; x_wconf 67' lang='grc' dir='ltr'>ςὲ)</span> <span class='ocrx_word' id='word_1_709' title='bbox 664 5745 873 5800; x_wconf 80' lang='lat' dir='ltr'><strong>.lledici.</strong></span> <span class='ocrx_word' id='word_1_710' title='bbox 911 5744 1225 5801; x_wconf 81' lang='lat' dir='ltr'><strong>Vomcutes.</strong></span> 
     </span>
    </p>
   </div>
   <div class='ocr_carea' id='block_1_108' title="bbox 2180 5362 2965 5440">
    <p class='ocr_par' dir='ltr' id='par_1_108' title="bbox 2180 5362 2965 5440">
     <span class='ocr_line' id='line_1_108' title="bbox 2180 5362 2965 5440; baseline 0.009 -23"><span class='ocrx_word' id='word_1_711' title='bbox 2180 5362 2381 5440; x_wconf 74' lang='lat' dir='ltr'><strong>dicitur</strong></span> <span class='ocrx_word' id='word_1_712' title='bbox 2414 5370 2577 5425; x_wconf 77' lang='lat' dir='ltr'><strong>etiam</strong></span> <span class='ocrx_word' id='word_1_713' title='bbox 2609 5369 2965 5440; x_wconf 81' lang='grc' dir='ltr'>ὑπεμφαίνει.</span> 
     </span>
    </p>
   </div>
   <div class='ocr_carea' id='block_1_109' title="bbox 2250 5437 2896 5504">
    <p class='ocr_par' dir='ltr' id='par_1_109' title="bbox 2250 5437 2896 5504">
     <span class='ocr_line' id='line_1_109' title="bbox 2250 5437 2896 5504; baseline 0 -11"><span class='ocrx_word' id='word_1_714' title='bbox 2250 5437 2363 5504; x_wconf 68' lang='lat'><strong>(90)</strong></span> <span class='ocrx_word' id='word_1_715' title='bbox 2396 5441 2561 5494; x_wconf 83' lang='grc' dir='ltr'>αὑτοῦ</span> <span class='ocrx_word' id='word_1_716' title='bbox 2597 5437 2800 5495; x_wconf 79' lang='lat' dir='ltr'><strong>omittit</strong></span> <span class='ocrx_word' id='word_1_717' title='bbox 2831 5442 2896 5494; x_wconf 80' lang='grc' dir='ltr'><strong>Α.</strong></span> 
     </span>
    </p>
   </div>
   <div class='ocr_carea' id='block_1_110' title="bbox 2259 5511 3337 5582">
    <p class='ocr_par' dir='ltr' id='par_1_110' title="bbox 2259 5511 3337 5582">
     <span class='ocr_line' id='line_1_110' title="bbox 2259 5511 3337 5582; baseline -0.006 -11"><span class='ocrx_word' id='word_1_718' title='bbox 2259 5511 2372 5577; x_wconf 56' lang='lat' dir='ltr'><strong>illi)</strong></span> <span class='ocrx_word' id='word_1_719' title='bbox 2402 5511 2600 5575; x_wconf 80' lang='grc' dir='ltr'>κακίας</span> <span class='ocrx_word' id='word_1_720' title='bbox 2641 5512 2768 5582; x_wconf 73' lang='lat' dir='ltr'><strong>legit</strong></span> <span class='ocrx_word' id='word_1_721' title='bbox 2794 5512 3117 5566; x_wconf 76' lang='lat' dir='ltr'><strong>lientenius.</strong></span> <span class='ocrx_word' id='word_1_722' title='bbox 3153 5511 3337 5566; x_wconf 77' lang='lat' dir='ltr'><strong>ﬂecte.</strong></span> 
     </span>
    </p>
   </div>
   <div class='ocr_carea' id='block_1_111' title="bbox 2250 5580 3476 5655">
    <p class='ocr_par' dir='ltr' id='par_1_111' title="bbox 2250 5580 3476 5655">
     <span class='ocr_line' id='line_1_111' title="bbox 2250 5580 3476 5655; baseline 0 -21"><span class='ocrx_word' id='word_1_723' title='bbox 2250 5582 2363 5651; x_wconf 73' lang='lat'><strong>(9:!)</strong></span> <span class='ocrx_word' id='word_1_724' title='bbox 2400 5584 2464 5635; x_wconf 81' lang='grc' dir='ltr'><strong>ἐκ</strong></span> <span class='ocrx_word' id='word_1_725' title='bbox 2490 5582 2586 5651; x_wconf 82' lang='grc' dir='ltr'>τῆς</span> <span class='ocrx_word' id='word_1_726' title='bbox 2617 5580 2819 5646; x_wconf 74' lang='grc' dir='ltr'>κακίας</span> <span class='ocrx_word' id='word_1_727' title='bbox 2848 5597 2946 5653; x_wconf 85' lang='lat' dir='ltr'><strong>pro</strong></span> <span class='ocrx_word' id='word_1_728' title='bbox 2974 5585 3031 5638; x_wconf 77' lang='grc' dir='ltr'><strong>ἐν</strong></span> <span class='ocrx_word' id='word_1_729' title='bbox 3063 5586 3130 5653; x_wconf 80' lang='grc' dir='ltr'>τῇ</span> <span class='ocrx_word' id='word_1_730' title='bbox 3159 5583 3379 5655; x_wconf 74' lang='grc' dir='ltr'>καρδίᾳ.</span> <span class='ocrx_word' id='word_1_731' title='bbox 3410 5580 3476 5636; x_wconf 80' lang='grc' dir='ltr'><strong>Δ.</strong></span> 
     </span>
    </p>
   </div>
  </div>
