4020 6530
423 407 533 475 387
1657 401 2039 467 ΕΠΤΠΥΜΙΙ
2080 393 2444 458 ZlGABENI
3573 384 3683 442 358

418 542 529 582 non
562 542 628 582 ex
654 525 780 592 (ide,
837 525 932 582 se'd
965 539 1036 580 ex
1075 523 1224 590 dolo,
1253 521 1513 579 tentando
1543 520 1759 592 signum
1789 516 2003 587 quaerit.

2122 510 2242 564 it6rt
2272 507 2372 560 οὐκ
2401 506 2466 558 ἐκ
2507 503 2767 566 πίστεως,
2795 500 2907 555 ἀλλ’
2945 502 3006 552 ἐκ
3050 499 3332 569 πονηρίας,
3368 496 3461 550 καὶ
3493 497 3685 566 πειρά-

418 615 560 683 Quid
587 587 881 688 ergoinon
910 617 1039 672 fecit
1073 587 1332 684 deinceps
1360 614 1573 686 signum
1596 587 1770 666 ullum
1795 611 1818 663 ?
1849 607 2002 662 Fecit

2122 606 2275 667 ζουσα
2328 599 2553 669 σημεῖον
2595 595 2765 664 ζητεῖ.
2828 593 2893 648 Τί
2923 587 3019 646 οὖν
3050 592 3308 660 ἐποίησεν
3365 590 3552 642 ἔκτοτε
3587 605 3686 656 σηυ

423 679 611 775 utique
633 679 678 773 ςν
708 717 762 762 at
786 723 896 760 non
936 716 1162 776 propter
1202 679 1367 760 illos:
1401 679 1526 759 nam
1582 703 1686 773 ipsi
1747 697 1999 756 obdurati

2122 695 2297 754 ιεῖονς
2334 689 2647 758 Ἐποίησεν,
2675 684 2790 737 ἀλλ’
2812 685 2872 737 οὐ
2902 683 2970 736 δι’
3011 681 3210 745 αὐτούς
3229 699 3244 713 ο
3281 679 3686 748 πεπωρωμένοι

421 771 603 864 erant,
636 771 642 773 ﬁ
676 798 772 852 sed
833 799 900 854 ad
935 771 1170 854 aliorum
1235 799 1548 854 utilitatem.
1593 771 1820 864 Signum
1872 806 2002 847 vero

2122 783 2214 855 (ἀρ
2261 779 2428 855 ἦσαν,
2461 779 2596 833 ἀλλὰ
2641 778 2731 833 διά
2759 777 2858 847 τὴν
2893 777 3002 828 τῶν
3049 775 3227 829 ἀλλων
3263 772 3555 844 ὠφέλειαν.
3582 771 3687 840 Ση-

419 889 572 944 Jama
608 891 908 960 propheta,
956 901 1115 947 vocat
1151 892 1612 947 resurrectionem
1670 903 1824 943 suam
1857 901 1887 938 e
1913 899 1999 938 se-

423 981 613 1050 pulcro
638 993 760 1050 post
793 992 903 1037 tres
932 984 1048 1038 dies
1079 991 1134 1038 et
1163 993 1271 1038 tres
1299 991 1509 1037 noctes.
1530 981 1650 1035 Jam
1671 979 1819 1033 enim
1857 978 2000 1030 hanc

423 1069 628 1125 Iudaeis
651 1074 897 1141 praedicit
929 1083 988 1128 ut
1013 1090 1137 1129 cum
1170 1072 1554 1131 resurrexerit.
1590 1070 1657 1124 ad
1686 1067 2003 1122 memoriam

425 1162 686 1216 reducant
717 1165 860 1233 quod
894 1166 1037 1220 hanc
1069 1165 1179 1219 illis
1203 1161 1516 1234 praedixerit
1545 1202 1560 1222 .
1591 1161 1787 1215 diebus
1840 1158 2004 1212 etiam

424 1271 488 1311 ac
533 1258 787 1312 noctibus
856 1257 1092 1327 prepriae
1124 1255 1418 1326 sepultura
1455 1252 1522 1308 ad
1563 1252 1831 1306 minutum
1860 1247 2007 1303 desi-

426 1350 626 1417 gnatis.
662 1347 895 1417 Propter
921 1348 1024 1402 hoc
1041 1347 1311 1416 siquidem
1336 1347 1455 1416 ipso
1477 1344 1692 1414 sepulto
1727 1383 1742 1406 .
1770 1355 2005 1412 congre-

425 1448 533 1512 gati
563 1450 690 1498 sunt
711 1443 908 1497 summi
932 1441 1247 1496 sacerdotes
1279 1447 1336 1494 et
1357 1439 1619 1493 Pharisaei
1656 1437 1724 1491 ad
1771 1434 2004 1490 Pilatum

424 1538 668 1590 dicentes
694 1553 708 1588 :
734 1533 980 1600 Domine,
1007 1531 1271 1587 recordati
1281 1546 1460 1585 sumus
1481 1530 1619 1600 quod
1643 1531 1894 1597 impostor
1919 1526 2010 1581 ille

425 1627 560 1680 dixit
597 1627 768 1680 adhuc
800 1626 975 1679 vivens
1011 1641 1029 1678 :
1054 1623 1179 1678 Post
1201 1631 1305 1676 tres
1328 1621 1438 1675 diu
1463 1637 1740 1690 resurgam
1757 1619 1825 1673 ⁸⁸.
1860 1617 2011 1672 Hanc

427 1735 558 1773 vero
588 1757 603 1784 ,
644 1726 853 1788 signum
900 1715 1052 1771 Iona:
1100 1714 1386 1785 propheta:
1419 1713 1720 1769 nominavit
1750 1751 1766 1777 ,
1791 1723 2013 1782 propter

426 1809 864 1872 similitudinem,
894 1823 1055 1879 quam
1087 1808 1250 1863 etiam
1271 1805 1583 1862 manifestat
1608 1805 1831 1861 dicens:

500 2074 659 2128 Vers.
715 2073 808 2127 ιο.
883 2070 1032 2126 Sicut
1071 2099 1142 2109 —
1173 2069 1406 2123 noctibus
1435 2112 1446 2124 .
1474 2067 1590 2124 Hoc
1633 2083 1762 2123 vere
1795 2065 2008 2138 signum

429 2171 589 2224 erat,
619 2171 674 2215 et
703 2160 983 2232 signorum
1021 2158 1267 2214 omnium
1302 2159 1540 2211 maxime
1569 2155 1951 2211 admirandum
1994 2173 2010 2208 :

429 2252 633 2305 nullius
660 2251 806 2306 enim
838 2251 980 2305 facta
1011 2261 1349 2319 estunquam
1383 2249 1506 2304 talis
1525 2263 1551 2301 a
1579 2247 1811 2301 mortuis
1832 2261 2016 2301 resur-

433 2342 606 2395 rectio
633 2380 646 2392 .
671 2339 861 2393 Datum
889 2347 973 2392 est
1003 2337 1533 2408 autenybujusmodi
1562 2338 1778 2406 signum
1811 2333 2017 2390 Iudaeis

435 2432 750 2487 inﬁdelibus
784 2471 798 2494 ,
835 2433 939 2485 hoc
965 2439 1048 2485 est
1075 2471 1088 2493 .
1124 2445 1290 2500 opere
1324 2427 1608 2498 impletum
1641 2437 1724 2482 est
1751 2427 1895 2495 apud
1922 2439 2014 2480 cos

436 2525 541 2577 hoc
571 2523 894 2578 miraculum
922 2561 937 2586 ,
972 2537 1080 2592 quo
1093 2521 1356 2576 certiores
1378 2520 1488 2574 sint
1517 2519 1665 2573 hunc
1695 2519 1867 2572 Deum
1893 2530 2017 2570 esse

433 2618 890 2684 omnipotentem,
938 2614 1271 2681 etdeinceps
1303 2610 1456 2681 quasi
1497 2609 1606 2663 Deo
1627 2615 2014 2678 repugnantes,

435 2707 833 2761 conscientiam
859 2689 1099 2759 habeant
1133 2703 1345 2757 acerbe
1370 2701 1492 2755 illos
1521 2707 1874 2769 torquentem
1913 2739 1927 2762 ,
1960 2705 2019 2751 et

437 2799 617 2853 futura
639 2814 758 2867 qua:
792 2813 886 2852 eos
913 2796 1379 2865 comprehensum
1411 2795 1519 2848 sint
1537 2792 1676 2846 mala
1700 2789 2018 2860 praesagien-

439 2903 567 2947 tem.
600 2890 707 2946 Cor
743 2906 869 2945 vero
895 2901 1054 2945 terrae
1090 2887 1314 2957 intelligi
1375 2888 1520 2940 illius
1551 2884 1975 2956 profunditatem
1999 2921 2015 2936 .

438 2983 571 3038 Nam
616 2983 671 3037 in
699 2984 1076 3053 profunditate
1109 2981 1277 3044 illius,
1313 2981 1582 3050 lapidibus
1627 2978 1860 3032 incisum
1900 2986 2020 3031 erat

437 3077 750 3146 sepulcrum
779 3113 793 3128 .
822 3075 957 3130 Tres
980 3087 1161 3128 autem
1181 3075 1298 3129 dies
1326 3089 1447 3128 cum
1475 3072 1726 3126 noctibus
1748 3071 1849 3126 sub
1873 3078 2015 3124 terra

436 3168 733 3240 permansit
761 3209 775 3228 ,
809 3177 866 3220 ιιι
883 3166 1195 3220 crederetur
1219 3165 1385 3219 fuisse
1407 3173 1654 3218 mortuus
1678 3199 1696 3217 .

509 3258 548 3328 -ί-
587 3259 694 3312 Cor
720 3267 878 3312 terra:
905 3299 920 3322 ,
957 3259 1266 3326 sepulcrum
1297 3265 1474 3311 vocat.

509 3349 671 3404 Vers.
733 3349 792 3402 Η
832 3387 848 3403 .
890 3349 1000 3402 l’iri
1021 3346 1364 3402 Ninivilaz—
1388 3346 1611 3402 liocloco
1643 3383 1658 3400 .
1689 3345 1862 3400 Simul
1892 3354 2015 3399 tan-

437 3455 598 3508 quam
625 3440 810 3493 omnia
845 3453 1299 3508 praecognoscens
1322 3447 1376 3493 et
1407 3440 1602 3492 horum
1621 3437 1866 3504 praedicit
1912 3436 2014 3489 im-

440 3533 822 3600 paenitentiam
859 3570 874 3593 ,
907 3547 1028 3600 quae
1061 3532 1225 3585 etiam
1288 3541 1410 3600 post
1449 3545 1603 3588 suam
1648 3530 1832 3584 futura
1901 3540 2019 3584 erat

441 3624 906 3678 resurrectionem
943 3641 956 3678 :
1016 3633 1070 3677 et
1111 3624 1276 3679 simul
1318 3625 1472 3692 ipsos
1517 3632 1796 3678 exterret.
1830 3625 2019 3679 Dicere

439 3715 677 3768 solemus
710 3715 854 3770 hunc
899 3725 993 3770 aut
1039 3716 1190 3769 illum
1224 3717 1277 3768 in
1309 3715 1711 3785 futurojudicio
1756 3732 1858 3771 nos
1884 3732 2020 3770 con-

440 3809 850 3874 demnaturum,
915 3825 1022 3868 nou
1054 3810 1209 3878 quasi
1247 3809 1337 3863 ille
1369 3809 1586 3864 futurus
1617 3811 1688 3863 sit
1719 3810 1912 3877 judex,
1949 3811 2022 3865 si-

439 3901 662 3968 quidem
689 3901 932 3955 omnium
957 3901 1123 3970 iudex
1157 3916 1298 3954 unus
1316 3903 1421 3956 erit
1441 3900 1715 3967 Christus,
1751 3904 1845 3957 sed
1873 3903 2020 3972 quod

442 3992 587 4045 illius
627 3995 878 4062 operatio
910 3993 1115 4047 nostris
1143 3993 1341 4046 collata
1362 3993 1668 4047 confundet
1689 4009 1790 4048 nos
1826 4035 1838 4047 .
1871 3993 2023 4049 Hanc

440 4098 658 4151 quoque
691 4083 1146 4136 consuetudinem
1208 4093 1432 4136 secutus
1463 4094 1544 4137 est
1589 4085 1841 4139 Christus
1874 4085 2024 4139 :Plus

445 4188 644 4236 autem,
680 4177 778 4240 ait,
822 4190 982 4243 quam
1015 4171 1184 4226 Jonas
1234 4183 1310 4226 est
1359 4173 1454 4226 huc
1491 4173 1622 4225 loco.
1659 4172 1826 4228 Jonas
1876 4175 2022 4228 enim

443 4281 638 4320 servus
665 4278 784 4321 erat
819 4306 834 4332 ,
863 4267 1118 4321 Christus
1175 4281 1306 4318 vero
1364 4265 1630 4318 Dominus
1673 4282 1685 4316 :
1726 4265 1815 4318 ille
1847 4281 1876 4318 e
1905 4276 2026 4320 ceto

444 4374 694 4428 egressus
752 4368 836 4412 est
867 4398 884 4423 ,
911 4358 1012 4411 iste
1043 4357 1112 4411 ab
1160 4356 1424 4421 interno;
1461 4357 1552 4410 ille
1589 4356 1798 4411 invitus
1831 4359 2028 4428 przcdi-

445 4452 590 4503 cas-it
615 4491 630 4515 ,
668 4454 770 4502 istc
795 4461 988 4518 sponte
1024 4471 1038 4507 ι
1075 4449 1163 4502 ille
1193 4451 1518 4519 peregrinus
1538 4459 1656 4504 erat
1678 4451 1804 4511 .iste
1833 4467 2030 4522 cogna«

2108 879 2272 947 μεῖον
2318 874 2380 926 δὲ
2440 874 2597 926 Ἰωνᾶ
2650 869 2743 923 τοῦ
2798 869 3079 938 προφήτου
3141 868 3334 935 λέγει,
3397 867 3494 934 τήν
3549 864 3690 932 μετά

2104 970 2250 1037 τρεῖς
2302 966 2514 1035 ἡμέρας
2578 963 2673 1016 καὶ⁸
2728 965 2876 1031 τρεῖς
2948 959 3151 1022 νύκτας
3221 963 3284 1012 ἐκ
3357 957 3453 1010 τοῦ
3500 955 3676 1022 τάεου

2105 1060 2408 1112 ἀνάστασιν
2505 1055 2696 1110 αὐτοῦ.
2764 1053 3158 1123 Προαναφωνεῖ
3204 1051 3312 1120 γὰρ
3358 1050 3458 1119 ἥδη
3488 1048 3693 1114 ταύτην

2107 1155 2222 1214 τοῖς
2267 1149 2566 1212 Ἰουδαίοις,
2625 1148 2713 1200 ινα
2761 1147 3092 1205 ἀναστάντος
3121 1141 3562 1212 μνημονεύωσιν,
3605 1137 3690 1190 ὃτι

2109 1245 2336 1310 προεῖπε
2366 1242 2575 1302 τούτοις
2604 1243 2734 1308 περὶ
2766 1239 2956 1308 αὐτῆς,
2989 1235 3474 1304 ἐπισημηνάμενος
3497 1230 3695 1281 λεπτο-

2112 1333 2295 1405 μερῶς
2347 1334 2567 1395 καὶτὰς
2605 1333 2820 1403 ἡμέρας
2868 1330 2965 1382 καὶ
3019 1329 3119 1391 τὰς
3170 1327 3379 1388 νύκτας
3405 1325 3505 1393 τῆς
3547 1323 3686 1386 ίδίας

2110 1425 2312 1494 ταφῆς.
2353 1426 2453 1478 Διά
2493 1424 2652 1476 τοῦτο
2683 1425 2789 1493 γάρ
2821 1423 2914 1473 καὶ
2948 1418 3176 1490 ὕστερον
3229 1417 3493 1484 ταφέντος
3513 1412 3695 1466 αὐτοῦ

2113 1517 2464 1587 συνήχθησαν
2518 1517 2568 1568 ot
2627 1515 2907 1585 ἀρχιερεῖς
2969 1513 3066 1566 καὶ
3126 1510 3177 1563 οί
3227 1511 3512 1579 Φαρισαῖοι
3560 1505 3697 1574 πρὸς

2113 1609 2346 1663 Πιλᾶτον
2403 1608 2657 1676 λέγοντες
2701 1623 2715 1636 ο
2785 1606 3000 1671 Κύριε,
3071 1601 3464 1672 ἐμνήσθημεν
3527 1597 3613 1650 ὅτι
3664 1598 3697 1649 ό

2113 1703 2348 1768 πλάνος
2384 1701 2617 1764 ἐκεῖνος
2666 1695 2838 1752 εἶπεν
2863 1697 2951 1749 ἔτι
2986 1694 3098 1756 ζῶν
3118 1712 3133 1726 ο
3174 1696 3337 1748 Μετὰ
3370 1691 3522 1761 τρεῖς
3552 1690 3698 1758 ἠμέ-

2106 1809 2226 1860 ρας
2285 1793 2606 1861 ἐγείρομαι.
2663 1790 2899 1859 Σημεῖον
2954 1786 3013 1840 δὲ
3055 1784 3212 1839 Ἰωνᾶ
3258 1783 3354 1837 τοῦ
3415 1783 3699 1851 προφήτου

2043 1876 2084 1930 Β
2113 1884 2318 1954 ταύτην
2354 1883 2634 1953 ὠνόμασε,
2687 1882 2777 1935 διὰ
2806 1881 2906 1952 τήν
2943 1879 3264 1949 ὁμοιότητα,
3299 1875 3366 1946 ήν
3401 1873 3495 1927 καὶ
3522 1875 3700 1942 ἑρμη-

2116 1976 2258 2029 νεύει
2291 1975 2484 2042 λέγων.

2191 2067 2735 2135 Ὠσπερ-νύκτας.
2755 2066 2960 2127 Ὄντως
2973 2062 3134 2116 τοῦτο
3153 2063 3378 2132 σημεῖον
3397 2055 3486 2131 ἦν,
3500 2059 3593 2111 καὶ
3610 2075 3699 2127 ση-

2119 2165 2270 2231 μεῖον
2303 2165 2520 2213 πάντων
2545 2159 2998 2230 παραδοξότερον.
3051 2155 3280 2217 Οὐδενὸς
3311 2155 3421 2224 γὰρ
3442 2152 3698 2205 οὐδέποτε

2115 2251 2340 2320 τοιαύτη
2367 2249 2587 2317 γέγονεν
2611 2249 2674 2300 ὲκ
2690 2249 2900 2319 νεκρῶν
2913 2246 3232 2310 ἀνάστασις.
3248 2245 3435 2315 Ἐδόθη
3460 2244 3516 2295 δὲ
3532 2247 3591 2295 τδ
3604 2259 3671 2310 ση
3687 2268 3702 2283 -

2120 2347 2271 2416 μεῖον
2289 2341 2449 2395 τοῦτο
2466 2343 2577 2404 τοῖς
2589 2341 2843 2403 ἀπίστοις
2867 2337 3168 2400 Ἰουδαίοις,
3187 2337 3491 2400 τουτέστιν,
3510 2337 3592 2386 ὲτε
3603 2352 3700 2404 ρα-

2124 2435 2408 2507 τουργήθη
2469 2435 2600 2504 παρ’
2648 2434 2854 2496 αὐτοῖς,
2913 2432 3001 2484 ἵνα
3049 2429 3570 2500 πληροφορηθῶσιν,
3616 2429 3700 2480 δτι

2118 2529 2251 2591 Θεός
2286 2530 2403 2580 ἐστι
2446 2527 2881 2594 παντοδύναμος.
2939 2523 3048 2576 Καὶ
3078 2523 3287 2586 λοιπὸν,
3319 2523 3391 2583 ὡς
3417 2521 3699 2590 θεομάχοι,

2121 2618 2181 2670 τὸ
2215 2617 2451 2678 συνειδὸς
2474 2617 2690 2681 ἕξουσιν
2717 2614 2923 2666 τύπτον
2947 2615 3039 2666 καὶ
3061 2613 3275 2682 πικρῶς
3298 2612 3499 2674 αὐτοὺς
3534 2611 3705 2676 βασαι

2120 2708 2266 2772 νίζον
2302 2708 2398 2760 καὶ
2457 2703 2881 2776 προανατυποῦν
2939 2703 3007 2755 τὰ
3067 2703 3332 2772 μέλλοντα
3371 2701 3699 2754 καταλαϐεῖ-.

2124 2801 2344 2862 τούτους
2373 2800 2541 2851 κακά,
2608 2797 2857 2868 Καρδίαν
2889 2795 2946 2848 δὲ
2981 2798 3083 2865 γῆς
3127 2797 3261 2860 νόει,
3299 2796 3359 2848 τὸ
3391 2794 3555 2864 βάθος
3601 2796 3702 2848 αύ-

2120 2892 2238 2960 τῆς.
2302 2891 2389 2944 Ἐν
2461 2890 2617 2962 βάθει
2675 2890 2782 2959 γάρ
2841 2885 2910 2962 ἦν
2959 2889 3400 2959 λελατομημένος
3443 2892 3470 2942 ὁ
3507 2891 3698 2958 τάφος.

2120 2983 2257 3051 Τρία
2291 2982 2346 3035 δὲ
2372 2980 2743 3052 ἡμερονύκτια
2777 2979 3038 3050 διήγαγεν
3055 2979 3158 3032 ὑπ’)
3181 2981 3308 3048 γῆν,
3354 2981 3442 3033 ἵνα
3481 2997 3704 3033 πιστευ-

2120 3072 2209 3143 θῇ,
2237 3073 2315 3125 ὅτι
2346 3070 2638 3125 ἀπέθανεν.

2189 3247 2228 3317 -ῐ-
2270 3248 2513 3317 Καρδίαν
2542 3247 2654 3317 (95)
2689 3249 2812 3316 γῆς,
2847 3248 2938 3302 τὸν
2975 3250 3147 3319 τάφον
3172 3251 3343 3320 λέγει.

2191 3339 2445 3407 ’Ἄνδρες
2475 3339 2780 3394 Νινεινῑται
2810 3371 2880 3381 —
2903 3336 3042 3397 ὦδε.
3095 3345 3247 3412 Ἅμα
3282 3344 3496 3413 μὲν,ὼς
3527 3345 3705 3400 πάντα

2119 3430 2304 3494 εἰδὼς,
2337 3431 2596 3500 προλέγει
2634 3435 2711 3496 τὸ,
2752 3434 2845 3488 καὶ
2870 3435 3008 3503 μετά
3045 3434 3141 3505 τὴν
3169 3437 3432 3506 τοιαύτην
3472 3438 3705 3490 ἀνάστα-

2121 3541 2224 3586 σιν,
2261 3525 2640 3594 ἀμετανόητον
2688 3527 2897 3578 αὑτώνο
2937 3527 3054 3596 ἅμα
3098 3528 3154 3581 δὲ
3190 3530 3283 3581 καὶ
3313 3530 3537 3596 ἐκφοϐεῖ
3586 3532 3706 3583 τού-

2119 3630 2266 3679 τους.
2317 3615 2468 3668 Ἐπεὶ
2491 3616 2545 3667 δὲ
2587 3614 2858 3684 εἰώθαμεν
2891 3615 3089 3684 λέγειν,
3140 3619 3221 3670 ὅτι
3281 3616 3338 3668 ⁷0
3363 3619 3512 3672 δεῖνα
3545 3621 3604 3672 ἐν
3639 3626 3703 3690 τῇ

2125 3706 2391 3778 μελλούσῃ
2425 3707 2601 3776 κρίσει
2643 3711 2962 3777 κατακρινεῖ
3019 3710 3190 3778 ἡμᾶς,
3248 3711 3346 3779 οὐκ
3366 3711 3440 3773 ὡς
3495 3712 3703 3765 ἐκείνου

2123 3801 2426 3868 κρίνοντος·
2458 3795 2538 3864 εἷς
2580 3803 2688 3872 γὰρ
2724 3802 2923 3872 κριτῆς
2959 3803 3180 3856 πάντων
3220 3806 3247 3857 6
3274 3806 3511 3875 Χριστός
3535 3824 3547 3836 ·
3588 3804 3705 3859 ἀλλ’

2125 3892 2200 3954 ὡς
2236 3893 2334 3960 τῆς
2365 3893 2572 3946 ἐκείνου
2604 3895 2858 3964 πράξεως
2889 3897 2946 3947 ὲν
2987 3896 3062 3964 τῷ
3088 3897 3559 3967 παρεξετάζεσθαι
3587 3901 3706 3961 ταῖς

2124 3984 2426 4053 ἡμετέραις
2525 3986 3001 4056 καταισχυνούσης
3077 3988 3271 4057 ἡμᾶς·
3333 3993 3397 4058 τῇ
3451 3989 3708 4060 συνηθείᾳ

2125 4075 2298 4146 ταύτῃ
2347 4076 2440 4129 καὶ
2469 4077 2496 4128 6
2529 4078 2764 4148 Χριστὸς
2817 4077 3176 4148 ἠκολούθησε.
3239 4079 3460 4133 Πλεῖον
3503 4081 3572 4134 δὲ
3599 4082 3708 4135 τεῦ

2139 4167 2305 4223 Ἰωνᾶ
2361 4164 2498 4234 ὦδε,
2556 4172 2708 4240 φησὶ,
2760 4171 2895 4224 διότι
2930 4172 2958 4223 ό
2997 4173 3094 4242 μὲν
3161 4174 3344 4237 Ἰωνᾶς
3387 4170 3454 4244 ἦν
3499 4173 3707 4238 δοῦλος,

2127 4261 2155 4313 ό
2187 4262 2245 4313 δὲ
2272 4263 2506 4332 Χριστὸς
2536 4265 2814 4333 Δεσπότης
2842 4281 2855 4294 ·
2907 4267 3004 4317 καὶ
3040 4267 3069 4316 6
3101 4264 3199 4334 μὲν
3234 4269 3296 4318 ἐκ
3327 4265 3712 4337 κήτουςγὲξῆλ-

2131 4355 2244 4420 θεν,
2277 4349 2433 4417 οὗτος
2485 4355 2539 4407 δὲ
2577 4355 2635 4418 ἐξ
2673 4355 2799 4426 ᾅδου
2823 4371 2836 4384 °
2887 4355 3034 4408 καὶὸ
3076 4359 3175 4426 μὲν
3227 4360 3374 4411 ἄκων
3417 4359 3705 4429 ἐκήρυξεν,

2131 4438 2286 4508 οὗτος
2317 4447 2376 4498 δέ
2408 4447 2579 4498 ἑκών·
2628 4449 2721 4500 καὶ
2757 4450 2784 4501 ὁ
2818 4449 2920 4516 μὲν
2954 4449 3103 4514 ξένος
3138 4445 3227 4521 ἦν,
3265 4444 3421 4512 οὗτος
3471 4451 3529 4504 δὲ
3583 4470 3712 4520 συγ·

450 4556 536 4595 ms
554 4543 853 4596 secundum
881 4557 1123 4605 carnem,
1150 4540 1240 4594 ille
1264 4543 1672 4596 subversionem
1691 4543 2017 4611 praedicavit1

2136 4539 2296 4608 γενὴς
2330 4541 2467 4591 κατά
2510 4541 2717 4610 σάρκα’
2764 4541 2858 4593 καὶ
2882 4543 2908 4593 6
2947 4541 3046 4610 μὲν
3100 4544 3490 4612 καταστροφήν
3517 4545 3710 4614 ἐκήρυ-

449 4639 549 4691 iste
581 4653 802 4707 regnum
843 4637 1144 4700 caelorum;
1177 4636 1265 4690 ille
1283 4636 1490 4688 nullum
1516 4634 1896 4706 lecitsiguum.
1931 4635 2034 4688 iste

450 4729 734 4781 innumera
776 4745 788 4780 :
827 4728 895 4781 de
937 4729 1030 4780 illo
1086 4728 1269 4780 nullus
1329 4727 1596 4796 prazdixit,
1630 4727 1699 4782 de
1755 4728 1858 4780 isto
1912 4742 2032 4780 om-

451 4837 548 4872 nes
597 4823 894 4887 prophetzc.
957 4819 1226 4873 Praterea
1283 4817 1537 4872 Niniriue
1582 4817 1796 4870 barbari
1852 4827 2028 4880 erant,

446 4906 840 4959 Judzeidtvinis
868 4906 1094 4958 enutriti
1127 4904 1446 4972 Scripturis.
1483 4903 1544 4954 Et
1574 4901 1646 4954 illi
1688 4902 1908 4971 quidem
1946 4902 2032 4955 ni-

450 4998 526 5051 hil
554 5014 581 5050 a
623 4997 758 5050 .lena
791 4997 1086 5050 audierunt
1112 5005 1308 5064 ραι-ιρι·
1338 4996 1388 5048 id
1421 5003 1632 5048 tantum
1659 5011 1677 5054 ;
1706 4995 1888 5046 Adhuc
1920 5004 2023 5046 tres

448 5096 557 5141 dies
575 5099 621 5141 et
643 5087 828 5142 Ninive
849 5089 1172 5141 subrertetur
1197 5089 1261 5151 ⁸⁸,
1288 5098 1342 5140 et
1373 5087 1554 5140 statim
1585 5087 1632 5140 ei
1653 5086 2022 5144 crediderunt;

450 5181 537 5233 isti
572 5196 697 5234 vero
728 5181 932 5234 varium
974 5198 1001 5232 a
1032 5181 1250 5233 Christo
1290 5195 1352 5232 ac
1393 5178 1879 5248 profundissimam
1931 5193 2029 5230 an-

451 5273 664 5325 dicrant
695 5272 1019 5333 doctrinam,
1056 5287 1156 5326 nec
1189 5273 1236 5325 ci
1269 5271 1642 5325 crediderunt.
1678 5271 1840 5324 Multa
1889 5287 2024 5340 quo-

556 5415 602 5444 ⁸⁸
633 5415 823 5468 Matth.
859 5430 1026 5479 xxvu,
1055 5416 1145 5480 62,
1173 5415 1261 5468 65.
1339 5413 1641 5476 "10mm,
1671 5412 1726 5465 4.

2132 4630 2242 4695 ξεν,
2278 4627 2432 4695 οὗτος
2481 4633 2535 4684 δὲ
2579 4634 2859 4703 βασιλείαν
2915 4635 3165 4706 οὐρανῶν
3188 4649 3202 4663 °
3243 4638 3337 4687 καὶ
3371 4639 3397 4687 ό
3423 4637 3523 4702 μὲν
3557 4638 3710 4690 ούέὲν

2134 4725 2359 4792 σημεῖον
2386 4726 2659 4794 ἐποίησεν,
2692 4724 2849 4788 οὗτος
2876 4727 2932 4778 δὲ
2975 4725 3148 4796 μυρία
3169 4742 3182 4755 °
3221 4728 3314 4779 καὶ
3348 4728 3475 4796 περὶ
3494 4728 3706 4780 ἐκείνου

2134 4817 2234 4885 μὲν
2266 4816 2440 4878 οὐδεὶς
2465 4820 2692 4886 προεῖπε
2719 4832 2733 4846 ο
2759 4818 2884 4886 περὶ
2907 4817 3100 4870 τούτου
3125 4818 3181 4870 δὲ
3207 4818 3405 4879 πάντες
3421 4819 3469 4870 οξ
3504 4819 3711 4889 προφῆ-

2132 4925 2256 4960 ται·
2293 4912 2450 4962 κα“ιοί
2491 4912 2590 4980 μὲν
2645 4912 2928 4965 Νινευῖται
2987 4911 3254 4982 βάρὸαροι
3313 4913 3628 4979 ἐτύγχανον,
3658 4915 3708 4965 ot

2130 5001 2187 5053 δὲ
2227 5001 2492 5068 Ἰουδαῖοι,
2540 5007 2657 5064 ταῖς
2690 5005 2860 5066 θείαις
2889 4999 3029 5074 ἦσαν
3079 5003 3506 5073 ὲντεθραμμένοι
3563 5005 3707 5073 Γρα-

2134 5094 2289 5158 φαῖςο
2333 5095 2572 5146 κάκεῖνοι
2637 5097 2736 5164 μὲν
2784 5096 2935 5148 οὐδὲν
2974 5097 3124 5167 παρά
3175 5096 3268 5148 τοῦ
3335 5097 3487 5146 Ἰωνᾶ
3547 5096 3707 5148 πλέον

2135 5183 2396 5252 ἥκουσαν,
2463 5189 2508 5237 εξ
2563 5188 2637 5258 μὴ
2680 5191 2871 5258 μόνον’
2936 5191 3065 5241 Ἔτι
3123 5190 3277 5256 τρεῖς
3335 5188 3444 5256 (96)
3498 5191 3707 5258 ἡμέρως

2137 5276 2234 5326 καί
2293 5277 2331 5344 ἠ
2552 5283 2761 5333 ιΥΗΨΓῖ
2829 5281 3430 5349 κηδαστρτιρήσεται,
3489 5287 3578 5335 καὶ
3625 5287 3707 5333 ες,

1649 5574 1846 5636 Variae
1909 5575 2210 5639 lectiones
2255 5582 2316 5637 et
2355 5581 2538 5634 notio.

529 5722 640 5804 (θᾷ)
676 5719 809 5801 Haec.
851 5723 1089 5805 quinque
1136 5724 1396 5804 vocabula
1421 5723 1572 5778 solus
1611 5722 1912 5778 llentcnius
1967 5724 2021 5778 in

459 5796 701 5863 margine
729 5795 810 5848 sui
844 5795 1047 5848 codicis
1082 5796 1298 5864 repetit.

2209 5723 2319 5786 (96)
2347 5719 2420 5775 Ita
2456 5719 2590 5773 LXX
2618 5737 2630 5772 :
2661 5719 2754 5773 sed
2794 5721 2843 5772 in
2876 5720 3138 5775 llcbraico
3163 5729 3243 5774 est
3278 5723 3700 5792 τεσσαράκοντα.

2214 5793 2325 5862 (ιη)
2363 5796 2393 5864 ὴ
2422 5795 2577 5845 abest
2622 5793 2686 5843 Α.
