4020 6522
219 465 317 536 397

1076 460 1475 527 COMMENT.
1517 463 1597 524 IN
1641 458 2120 520 ΜΛΤΤΙΙᾹΞΠΜ.
2165 485 2230 497 -
2273 459 2434 520 CAP.
2471 459 2648 525 XIII.

3399 463 3507 527 398

287 592 485 646 Ἀλλα
511 615 582 632 --·
621 586 847 653 καλήν.
876 583 955 653 Γῆ
978 584 1121 655 καλὴ
1153 586 1295 649 ἐστι,
1324 581 1473 654 ψυχὴ
1501 579 1684 651 ἀγαθὴ
1711 578 1807 631 καὶ

1987 578 2140 632 Vers.
2173 569 2227 633 8.
2266 577 2385 632 Alia
2413 610 2480 623 -ς
2515 579 2730 633 bonam.
2783 574 2952 632 Terra
2999 577 3142 633 bona
3189 587 3271 633 est
3323 583 3506 636 anima

216 688 473 754 ἐ)ευυὲρα
513 684 621 735 τῶν
679 679 1268 752 προαπηριομημένων
1307 676 1500 731 παθῶν
1548 677 1644 729 καὶ
1679 678 1805 727 ὲπι-

216 779 397 848 τηδεία
454 775 594 846 πρὸς
653 774 1044 844 καρποφορίαν
1097 761 1325 844 ἀρετῆς.
1378 771 1522 840 Ὅρα
1570 769 1650 832 δὲ,
1689 767 1806 830 πῶς

217 872 415 923 σπάνια
440 872 509 921 τὰ
543 867 708 934 καλὲ,
740 869 836 921 καὶ
869 866 1042 934 ὀλίγοι
1073 867 1120 918 οἱ
1159 864 1481 934 σωζόμενοι.
1522 860 1654 914 Ἰδοὺ
1695 860 1806 928 γὰρ

217 963 371 1032 μόνον
405 959 466 1015 τὸ
500 963 768 1032 τέταρτον
823 961 990 1031 μέρος
1038 959 1132 1011 τοῦ
1179 960 1387 1026 σπόρου
1439 955 1805 1024 καρποφορεῖ,

215 1056 276 1108 τὰ
305 1060 434 1125 τρία
472 1055 527 1106 δὲ
555 1055 899 1124 φθείρονται.
932 1051 1039 1104 Καὶ
1066 1052 1095 1102 ό
1135 1051 1235 1120 μὲν
1273 1050 1515 1118 σπείρων
1551 1047 1643 1099 ὲπὶ
1669 1047 1806 1100 πάν-

215 1164 307 1208 τας
341 1149 586 1216 σπείρει,
633 1147 710 1216 μὴ
739 1146 1037 1217 διακρίνων
1085 1144 1280 1196 τοῦτον
1316 1142 1411 1194 ἀπ’
1464 1141 1701 1194 ἐκείνου,
1749 1137 1808 1190 Ὀ

212 1240 263 1291 δὲ
295 1239 499 1309 σπόρος
547 1241 606 1291 ὲν
648 1238 832 1301 ἄλλοις
867 1238 967 1309 μὲν
1019 1236 1292 1297 ἀπώλετο,
1335 1233 1465 1303 παρ’
1515 1232 1700 1294 ἄλλοις
1751 1229 1809 1282 δὶ

211 1329 675 1382 ἐπολυπλασίασε.
737 1328 912 1382 Τοῦτο
963 1327 1021 1380 δὲ
1068 1327 1315 1395 γέγουεν,
1356 1327 1416 1377 οὺ
1453 1325 1538 1375 διὰ
1579 1324 1679 1393 τὴν
1712 1320 1808 1374 τοῦ

213 1422 415 1489 σπόρου
475 1420 677 1489 φύσιν·
720 1424 748 1473 ὁ
798 1420 962 1483 αὐτὸς
1019 1419 1131 1488 γὰρ
1183 1419 1281 1471 καὶ
1339 1417 1534 1486 ἐπίσης
1585 1419 1678 1467 καὶ
1716 1413 1810 1466 ἐπὶ

213 1514 457 1577 πάντας·
510 1515 647 1567 ἀλλὰ
685 1515 774 1568 διὰ
806 1516 903 1578 τὰς
948 1515 1242 1583 ἀνομοίους
1290 1510 1517 1580 γνώμας
1572 1511 1681 1561 τῶν
1712 1512 1809 1560 ἀν·

209 1605 467 1676 θρώπων,
501 1607 579 1670 είς
618 1607 714 1669 οὓς
745 1609 774 1660 6
804 1606 1007 1676 σπόρος
1038 1603 1376 1674 κατεϐλήοη.

276 1781 390 1834 Καὶ
433 1782 578 1833 διατί
611 1780 869 1852 ἔσπειρεν
899 1781 1236 1852 ἀδιακρίτως
1271 1783 1366 1834 ἐπὶ
1407 1780 1504 1851 τὴν
1537 1780 1679 1840 ὁδὸν,
1714 1779 1810 1832 καὶ

210 1874 300 1926 ἐπὶ
344 1875 414 1927 τὰ
471 1873 755 1945 πετρώδη,
811 1873 908 1926 καὶ
952 1874 1046 1925 ἐπὶ
1085 1872 1186 1936 τὰς
1237 1871 1520 1936 ἀκάνθας;
1577 1871 1678 1923 Διά
1709 1870 1807 1940 τὴν

1911 674 2076 733 bona.
2110 686 2162 728 et
2199 675 2475 745 praedictis
2520 674 2817 731 affectibus
2851 675 3046 736 libera.
3083 691 3145 730 ac
3171 678 3512 732 convenit-ns

1910 766 1976 819 ad
2013 765 2250 820 fructum
2291 766 2510 820 virtutis
2572 763 2883 820 ferendum.
2937 767 3072 821 Vide
3119 777 3302 822 autem
3345 785 3511 838 quam

1910 872 2032 910 rara
2055 856 2167 911 sint
2194 857 2359 921 bona,
2394 872 2671 927 quamque
2707 859 2867 928 pauci
2914 858 3027 913 sint
3054 859 3148 927 qui
3204 859 3510 916 salvantur.

1907 947 2050 1004 Ecce
2076 949 2224 1004 enim
2257 951 2372 1003 sola
2406 959 2598 1018 quarta
2625 951 2856 1004 seminis
2886 966 3012 1018 pars
3053 952 3372 1017 fructificat,
3403 961 3514 1007 tres

1912 1052 2096 1096 autem
2144 1051 2399 1110 pereunt.
2439 1041 2504 1094 Et
2531 1042 2753 1110 quidem
2795 1041 2841 1094 is
2866 1043 2956 1111 qui
2995 1044 3320 1106 sentinnhat,
3349 1060 3517 1114 super

1911 1149 2106 1189 omnes
2153 1133 2484 1196 scminabat.
2520 1133 2668 1188 hunc
2713 1134 2782 1186 ab
2830 1134 2923 1187 illo
2970 1150 3078 1188 non
3120 1137 3488 1191 discernens:

1911 1235 2154 1282 attamen
2217 1241 2406 1280 semen
2471 1225 2524 1278 in
2582 1226 2912 1296 quibusdam
2974 1228 3156 1295 periit,
3195 1230 3336 1297 apud
3379 1229 3518 1282 alios

1915 1317 2364 1385 vet'0plur?mum
2403 1315 2826 1384 multiplicatum
2851 1323 2952 1368 est.
2977 1315 3039 1368 Et
3070 1317 3170 1369 hoe
3211 1315 3412 1370 factum
3436 1328 3519 1370 est

1913 1425 2024 1462 non
2060 1408 2132 1461 ob
2179 1411 2410 1461 st-minis
2441 1416 2695 1460 naturam
2746 1421 2761 1470 ;
2813 1421 2940 1458 nam
2993 1405 3172 1474 ipsum
3226 1409 3516 1476 atqualiter

1913 1518 1978 1556 ac
2007 1516 2175 1570 super
2222 1516 2416 1554 cmnes
2459 1500 2724 1569 jactnttmt
2777 1507 2862 1551 est
2916 1518 2929 1554 :
2985 1499 3077 1552 sed
3115 1499 3186 1552 ob
3221 1500 3519 1556 dissimiles

1917 1595 2208 1648 hominum
2265 1605 2500 1658 utentes,
2559 1607 2724 1662 super
2771 1609 2910 1664 quos
2958 1607 3147 1647 semen
3211 1592 3517 1662 projectum

1907 1697 2019 1743 est.

2009 1779 2076 1832 Et
2110 1792 2284 1847 quare
2337 1776 2716 1831 indifferenter
2746 1776 3054 1832 seminabat
3126 1793 3293 1848 super
3352 1779 3516 1839 v'am.

1911 1886 2081 1941 super
2135 1881 2353 1940 petrosa
2389 1882 2445 1926 et
2507 1888 2675 1941 super
2728 1873 2961 1942 spinas?
3011 1871 3251 1926 Omnino
3295 1881 3520 1940 propter

210 1966 523 2036 ὑπερϐολὴν
559 1968 781 2029 πάντως
827 1970 925 2037 τῆς
959 1965 1169 2027 οἰκείας
1229 1965 1567 2035 ἀγαοότητος
1601 1964 1695 2015 καὶ
1729 1963 1804 2014 ει-

1921 1967 2183 2021 bonitatis
2229 1982 2293 2020 ac
2316 1966 2546 2032 justitiae
2583 1982 2696 2020 suze
2751 1967 3210 2038 magnitudinem,
3245 1982 3312 2020 ne
3337 1967 3519 2020 dict-re

210 2057 533 2124 καιν,σύνη-,
584 2061 679 2110 καὶ
728 2060 817 2112 ἵνα
875 2059 952 2128 μὴ
987 2059 1256 2110 δύνωνται
1303 2058 1485 2125 λέγειν
1530 2058 1588 2106 ἐν
1625 2055 1814 2124 ἡμέρᾳ

209 2150 468 2219 κρίσεως,
495 2151 580 2203 ὅτι
621 2152 670 2204 εἰ
703 2151 928 2222 ἔσπειρε
964 2153 1061 2205 καὶ
1092 2151 1180 2204 ἐπ’
1221 2151 1445 2214 αὐτοὺς,
1492 2147 1811 2218 ἐκαρποφόρ

210 2257 386 2311 ρησαν
447 2243 536 2296 ἀν.
588 2245 886 2311 Ἑγίνωσκε
945 2245 1044 2313 μὲν
1097 2245 1207 2312 γὰρ
1261 2244 1464 2304 αὐτοὺς
1502 2241 1811 2311 ἀκάρπους,

207 2337 360 2406 ὅμως
394 2335 451 2390 δὲ
487 2336 550 2390 τὸ
581 2337 784 2390 ἑαυτοῦ
817 2338 1146 2408 πεποίηκεν,
1170 2338 1246 2399 ὡς
1272 2337 1686 2405 φιλάνθρωπος,
1723 2335 1811 2386 ἵνα

208 2430 322 2501 ἔχοι
357 2430 580 2498 λέγειν·
616 2432 681 2483 Τί
714 2449 781 2500 με
819 2431 928 2484 ἔδει
966 2431 1214 2501 ποιῆσαι,
1250 2432 1340 2482 καί
1387 2432 1447 2483 οὐ
1487 2429 1805 2496 πεποίηκα;

277 2523 505 2594 Ταύτην
555 2522 614 2576 δὲ
662 2524 763 2593 τὴν
802 2521 1122 2593 παραϐολὴν
1177 2520 1320 2588 εἷπε,
1379 2523 1670 2591 παραινῶν
1717 2523 1808 2574 διὰ

207 2617 412 2686 ταύτης
442 2617 560 2678 τοῖς
612 2614 910 2686 μαθηταῖς,
963 2616 1037 2685 μὴ
1078 2616 1454 2684 ἀποκάμνειν,
1491 2617 1542 2667 εί
1584 2613 1807 2677 πλείους

210 2711 531 2780 εὑρίσκουσι
561 2708 671 2762 τῶν
701 2708 1031 2778 σωζομένων
1053 2710 1182 2771 τοὺς
1206 2708 1644 2778 ἀπολλυμένους,
1681 2707 1807 2777 μηδ’

209 2799 547 2870 ἀφίστασθαι
598 2799 693 2852 τοῦ
747 2799 1016 2869 σπείρειν,
1073 2800 1297 2870 ἔχοντας
1344 2799 1658 2868 ὑπόδειγμα
1712 2799 1804 2851 τὸν

207 2889 530 2944 διδάσκαλον
563 2889 793 2954 ἑαυτῶν,
831 2890 911 2953 ὃς,
941 2889 1122 2943 καίτοι
1167 2889 1438 2961 προειδὼς
1470 2893 1597 2954 τοὺς
1629 2890 1806 2960 ἀκάρ-

211 2998 363 3045 πους,
402 2983 557 3053 ὅμως
595 2982 821 3050 ἔσπειρε
858 2983 953 3034 καὶ
976 2981 1307 3043 ἐπάὐτούς.

278 3073 387 3127 Kal
419 3103 490 3113 —
525 3075 637 3144 (l5)
671 3071 1015 3140 τριὰνεοντα.
1050 3073 1266 3143 Ὠσπερ
1310 3073 1665 3143 διαφέρουσιν
1713 3073 1807 3126 ἀλ-

211 3165 385 3234 λήλων
421 3165 472 3218 οί
522 3165 914 3234 ἀπολλύμενοι,
945 3163 1092 3217 οὕτω
1133 3165 1296 3218 πάλιν
1326 3165 1683 3236 διαφέρουσιν
1715 3169 1810 3219 ἀλ-

210 3257 385 3322 λήλων
421 3259 515 3312 καὶ
548 3260 594 3311 οἱ
630 3257 955 3327 σωζόμενοι.
997 3260 1161 3327 Τρεῖς
1206 3260 1305 3330 μὲν
1345 3260 1456 3330 γὰρ
1483 3259 1807 3330 ἀπηριθμῇ-
1835 3293 1880 3351 c

211 3367 339 3404 σατο
363 3351 552 3417 τάξεις
580 3351 688 3404 τῶν
719 3352 1138 3421 ἀπολλυμένων,
1173 3351 1316 3419 λέγω
1350 3351 1435 3422 δὴ,
1467 3352 1595 3414 τοὺς
1623 3351 1799 3423 ρᾳθύο

214 3460 344 3512 μους
382 3484 398 3509 ,
433 3445 560 3506 τοὺς
596 3444 975 3514 μικροιᾷαύχους
1017 3446 1111 3497 καὶ
1154 3443 1283 3506 τοὺς
1328 3445 1451 3506 ταῖς
1508 3445 1806 3514 μερίμναις

211 3536 304 3589 τοῦ
340 3536 462 3607 βίου
507 3539 598 3588 καὶ
629 3541 694 3606 τῇ
734 3538 922 3610 ἀπάτῃ
972 3537 1066 3590 τοῦ
1115 3538 1353 3590 πλουτου
1412 3539 1806 3602 δουλεύονταςο

209 3634 354 3702 τρεῖς
383 3631 442 3683 δὲ
477 3631 640 3684 πάλιν
670 3631 860 3695 τάξεις
895 3631 990 3684 καὶ
1019 3631 1130 3683 τῶν
1156 3629 1508 3702 σωζομένων,
1541 3635 1687 3703 φημὶ
1717 3634 1803 3702 δὴ,

209 3722 335 3784 τοὺς
381 3720 870 3794 καρποφοροῦντας
921 3725 1033 3794 (id)
1062 3727 1118 3776 ἐν
1156 3726 1375 3791 ἑκατὸν,
1429 3728 1523 3779 καὶ
1570 3728 1696 3789 τοὺς
1743 3729 1801 3778 ὲν

213 3811 496 3880 ἑξήκοντα,
541 3817 633 3866 καὶ
676 3817 805 3878 τοὺς
839 3817 898 3866 ἐν
951 3817 1271 3886 τριάκοντα.
1321 3819 1420 3870 Διά
1453 3818 1564 3870 τῶν
1605 3818 1806 3872 ἑκατὸν

214 3907 312 3975 μὲν
359 3909 492 3976 γάρ,
549 3909 789 3978 ἐδήλωσε
845 3910 946 3981 τὴν
1003 3910 1215 3964 τελείαν
1271 3911 1659 3980 καρποφορίαν
1707 3912 1806 3980 τῆς

211 3999 410 4067 cipe-:7};
433 4011 450 4029 °
493 3999 581 4050 διὰ
609 4001 720 4053 τῶν
752 4000 1024 4068 ἑξήκοντα
1059 4002 1135 4064 δὲ,
1171 4001 1272 4072 τὴν
1310 4002 1522 4073 μέσηνο
1571 4002 1660 4055 διὰ
1692 4003 1803 4055 τῶν

210 4086 512 4154 τριάκοντα
541 4090 620 4154 δὲ,
672 4091 773 4160 τὴν
808 4093 1134 4164 ὑφειμένην.
1179 4093 1302 4145 Τῶν
1337 4093 1445 4163 γὰρ
1479 4094 1802 4162 τριάκοντα,

208 4183 470 4234 διπλάσια
510 4184 608 4252 μὲν
637 4185 701 4235 τὰ
738 4184 1028 4254 ἑξήκοντα,
1059 4186 1364 4253 τριπλάσια
1396 4187 1452 4239 δὲ
1483 4191 1550 4239 τὰ
1579 4188 1799 4250 ἑκατὸν,

210 4275 411 4343 μᾶλλον
437 4276 494 4328 δὲ
531 4278 625 4328 καὶ
651 4278 790 4346 ὑπὲρ
819 4279 888 4330 τὰ
917 4279 1238 4348 τριπλάσια,
1270 4279 1360 4333 διὰ
1389 4279 1488 4350 τὴν
1518 4281 1798 4351 ὑπεροχὴν

208 4366 303 4434 τῆς
332 4368 689 4436 τεὶειὸτητος.
742 4370 814 4422 Τὸ
863 4370 918 4422 δὲ
953 4372 1022 4424 Ὃ
1059 4372 1178 4441 μὲν
1206 4362 1452 4438 ἓκατὸν,
1511 4375 1629 4427 ἀντὶ
1677 4373 1796 4438 τοῦ,

212 4461 347 4513 Ηοτὲ
393 4463 494 4531 μὲν
531 4463 744 4528 ἑκατὸν,
793 4466 850 4516 ἐν
897 4464 1074 4536 τούτῳ
1107 4465 1186 4537 τῷ
1225 4466 1526 4538 ἀνθρώπῳ,
1553 4467 1690 4520 ποτὲ
1718 4467 1798 4534 δὲ,

209 4563 276 4606 τά
337 4557 486 4624 ἑξῆς,
533 4559 591 4607 ἐν
626 4557 773 4628 ἄλλῳ
825 4560 921 4611 καὶ
977 4559 1144 4631 ἄλλῳ.
1191 4560 1546 4631 Ἀποδέχεται
1595 4561 1653 4614 δὲ
1705 4563 1857 4631 καις

208 4649 332 4709 τοὺς
387 4647 663 4717 πρώτους,
703 4649 798 4702 καὶ
851 4651 975 4714 τοὺς
1026 4651 1340 4720 δευτέρους,
1377 4652 1624 4715 καὶτοὺς
1677 4629 1882 4724 τρί-Ῑ)

208 4755 352 4804 τους.

282 4834 372 4903 Μὴ
407 4836 590 4888 τοίνυν
616 4839 680 4889 ὲκ
711 4838 990 4909 ῥᾳθυμίας
1027 4839 1394 4911 ἀπολέσωμεν
1429 4839 1521 4893 τὸν
1569 4840 1796 4912 σπόρον,

213 4927 353 4995 μηδὲ
400 4930 464 4979 ἐκ
509 4929 876 5001 μικροψυχίας
929 4931 1095 4983 αὑτὸν
1145 4933 1523 5002 προδώσομεν,
1566 4931 1701 5002 μηδὲ
1736 4935 1800 4986 ἐκ

213 5022 515 5089 ροντίδων
547 5021 823 5092 βιωτικῶν
856 5027 948 5078 καὶ
978 5026 1198 5094 ἀπάτης
1227 5026 1318 5078 τοῦ
1352 5027 1584 5079 πλούτου
1607 5025 1797 5080 τοῦτον

212 5111 694 5183 ἐναποπνίξωμεν.
739 5118 833 5168 Δεῖ
875 5120 984 5186 γὰρ
1016 5115 1232 5186 πρῶτον
1286 5116 1386 5184 μὲν
1433 5118 1798 5189 ἐγρηγορέναι

215 5206 343 5272 περὶ
371 5204 472 5272 τὴν
510 5207 782 5278 ὑποδοχὴν
806 5207 972 5262 αὐτοῦ
992 5227 1004 5240 ·
1027 5206 1146 5261 εἶτα
1181 5207 1578 5278 μεγαλοψύχως
1611 5212 1800 5279 φέρειν

212 5300 336 5359 τοὺς
375 5299 719 5369 πειρασμούς
743 5318 755 5332 ·
788 5301 980 5356 ἔπειτα
1014 5303 1196 5368 πάσης
1245 5301 1597 5372 ἀπηλλάχθαι
1639 5305 1788 5373 μερί-

321 5477 365 5509 "
391 5478 492 5531 Isa.
526 5493 579 5541 ν.
614 5478 690 5532 4..

1917 2069 2145 2129 possent
2199 2063 2252 2112 in
2305 2059 2394 2114 die
2451 2059 2667 2129 judicii,
2734 2061 2930 2130 quodsi
2985 2062 3148 2115 etiam
3210 2075 3375 2129 ευβοι-
3424 2075 3521 2114 eos

1913 2152 2262 2215 seminasset,
2326 2151 2568 2206 fructum
2646 2152 2837 2222 utique
2903 2153 3240 2208 attulissent.
3289 2151 3524 2208 Sciebat

1919 2263 2118 2314 nempe
2160 2245 2282 2299 illos
2307 2244 2662 2314 iufrugiferos
2693 2248 2809 2299 fore
2844 2262 2857 2299 :
2903 2255 3141 2300 attamen
3178 2246 3322 2315 quod
3355 2259 3519 2299 suum

1907 2345 2028 2389 erat
2062 2335 2264 2396 eﬂecit,
2319 2343 2579 2402 tanquam
2625 2335 2910 2388 hominum
2970 2345 3185 2389 amator
3236 2346 3294 2389 ttt
3329 2335 3516 2390 dicere

1909 2437 2096 2498 posset
2130 2427 2289 2493 :Quid
2327 2444 2412 2481 me
2446 2427 2626 2482 facere
2661 2427 2905 2496 oportuit
2931 2438 2986 2482 et
3017 2443 3126 2482 nou
3157 2427 3260 2482 feci
3286 2428 3356 2483 ⁸⁸.

1981 2519 2131 2573 llane
2176 2529 2360 2572 autem
2422 2519 2737 2588 parabolam
2798 2520 3021 2575 locutus
3071 2530 3156 2575 est
3219 2521 3521 2592 discipulos

1911 2613 2216 2667 exhortans
2247 2627 2314 2665 ue
2355 2611 2727 2680 defatigeutur
2755 2611 2798 2666 si
2841 2611 3030 2681 plures
3080 2613 3366 2668 inveniant
3427 2614 3522 2684 qui

1911 2716 2164 2774 pereunt,
2204 2721 2369 2773 quam
2414 2703 2506 2773 qui
2556 2705 2862 2771 solventur,
2903 2720 3082 2776 neque
3128 2706 3198 2760 ob
3249 2707 3300 2760 id
3354 2707 3524 2760 semi-

1907 2818 2042 2856 na.e
2077 2802 2336 2856 desinant
2394 2821 2406 2859 :
2455 2814 2852 2874 pt'mceptorem
2891 2817 3053 2856 suum
3101 2800 3155 2854 iu
3206 2802 3523 2870 exemplum

1911 2897 2202 2961 habentes,
2266 2898 2360 2966 qui
2421 2899 2523 2950 etsi
2572 2896 2965 2949 'infructuosos
3019 2904 3517 2965 pra'COgnoscet-et.

1909 2987 2220 3040 seminabat
2251 2995 2434 3040 tamen
2461 2986 2626 3040 etiam
2658 3001 2825 3052 super
2868 2985 3038 3053 ipsos.

1994 3077 2149 3130 νιτε.
2177 3077 2235 3129 8.
2264 3076 2330 3129 Et
2364 3107 2429 3116 ο-
2462 3075 2833 3145 trigecuplum.
2878 3071 3350 3138 Quemadmodum
3379 3073 3527 3129 inter

1913 3187 1972 3226 se
2021 3169 2284 3225 differunt
2330 3169 2384 3222 lii
2443 3170 2532 3238 qui
2583 3175 2842 3237 pereunt,
2893 3166 2964 3219 ita
3019 3179 3214 3218 rursus
3264 3163 3527 3219 differunt

1917 3265 1992 3318 illi
2040 3263 2133 3336 qui
2175 3265 2482 3317 salvantur.
2523 3251 2661 3316 Tres
2708 3259 2981 3330 siquidem
3022 3276 3214 3314 eorum
3269 3260 3360 3329 qui
3391 3276 3521 3328 per-

1913 3367 2047 3412 eunt
2098 3355 2449 3411 cuumeravit
2503 3355 2782 3408 ordines:
2839 3362 2968 3423 puta
3024 3369 3243 3424 segnes,
3293 3353 3524 3422 pusilla-

1911 3451 2090 3504 nimes
2123 3458 2179 3502 et
2198 3448 2382 3502 saeculi
2411 3448 2561 3502 curis
2593 3455 2911 3516 occupatos,
2941 3446 3104 3500 simul
3128 3457 3182 3499 et
3212 3445 3524 3498 divitiarum

1909 3542 2142 3597 fallacia:
2201 3539 2531 3594 servientes.
2592 3540 2658 3593 Et
2689 3555 2909 3593 rursum
2942 3548 3054 3592 tres
3098 3538 3392 3593 constituit
3432 3554 3523 3590 or-

1910 3637 2070 3691 dines
2103 3649 2295 3688 eoruut
2338 3633 2430 3701 qui
2467 3633 2754 3686 salvantur
2803 3649 2816 3685 :
2853 3633 2978 3686 dico
3027 3646 3161 3685 sane
3208 3630 3510 3684 ferentium

1909 3727 2151 3781 fructum
2181 3727 2528 3792 centuplum.
2575 3723 3003 3791 sexagecuplum
3037 3730 3093 3775 et
3137 3722 3521 3791 trigecuplum.

1915 3821 2024 3874 Per
2083 3815 2403 3887 centuplum
2430 3816 2578 3869 enim
2624 3813 2952 3884 significavit
3008 3815 3305 3884 perlectam
3356 3815 3526 3867 \irte-

1912 3912 1982 3967 tis
2030 3911 2534 3971 fructificationem,
2563 3924 2660 3977 per
2711 3909 3133 3977 sexagecuplum
3179 3907 3434 3970 mediam,
3472 3918 3528 3961 et

1908 4021 2007 4075 per
2049 4003 2417 4075 trigeeuplum
2473 4003 2766 4056 minorem.
2821 3999 2958 4053 Nam
3023 4001 3090 4053 ad
3149 4001 3371 4070 triginta
3421 4003 3524 4055 du—

1909 4099 2059 4168 plutn
2114 4107 2246 4151 sunt
2307 4093 2636 4163 sexaginta;
2690 4104 2913 4146 centum
2958 4107 3086 4146 veto
3122 4091 3365 4160 triplum,
3414 4093 3525 4144 into

1905 4202 1961 4246 et
2002 4207 2167 4261 supra
2223 4189 2445 4258 tripluut
2481 4197 2703 4258 propter
2736 4184 3084 4255 perfectionis
3118 4185 3520 4239 excellentiam;

1910 4295 1970 4340 ut
2000 4285 2146 4352 .illud
2193 4285 2417 4354 quidem
2461 4281 2603 4336 ferat
2630 4289 2878 4342 centum,
2930 4279 3033 4332 hoc
3069 4291 3154 4332 est
3193 4280 3524 4348 quandoque

1906 4381 1962 4435 in
1993 4380 2098 4434 hoc
2145 4379 2374 4434 homine
2404 4386 2626 4433 centum
2679 4392 2692 4426 :
2747 4374 3026 4428 interdqu
3079 4388 3209 4426 vero
3260 4390 3381 4441 qua:
3433 4391 3522 4426 Se-

1906 4483 2174 4544 quuntur,
2218 4472 2272 4525 iu
2307 4471 2432 4525 aliis
2463 4479 2519 4524 et
2549 4468 2689 4523 aliis.
2725 4466 2969 4535 Suscipit
3024 4475 3207 4520 tamen
3234 4475 3286 4519 et
3313 4465 3521 4538 printos

1905 4577 1963 4624 et
1983 4567 2259 4623 secundos
2296 4575 2350 4621 et
2385 4564 2598 4618 tertios.

1982 4841 2064 4896 Ne
2094 4855 2226 4912 ergo
2285 4838 2357 4893 ob
2404 4835 2694 4906 segnitiem
2727 4849 2915 4889 semen
2969 4833 3287 4904 perdamus,
3319 4844 3413 4888 aut
3451 4835 3522 4886 oh

1911 4930 2421 5004 pusillanimitatem
2443 4927 2623 4995 ipsqu
2655 4924 3100 4994 prodatnus:vel
3159 4934 3378 4992 propter
3423 4938 3523 4973 sm-

1907 5025 2016 5082 culi
2043 5040 2204 5079 curas
2225 5039 2319 5078 seu
2358 5022 2678 5075 divitiarum
2709 5018 2971 5080 fallacias,
2993 5017 3124 5071 illud
3161 5016 3514 5070 sutfocemus.

1908 5119 2140 5190 Oportet
2166 5118 2313 5172 enim
2345 5115 2580 5184 primum
2608 5111 2826 5183 vigilem
2860 5125 2986 5166 esse
3015 5111 3079 5165 ad
3116 5111 3240 5178 ejus
3290 5124 3520 5175 suscep-

1912 5213 2143 5274 tionem.
2175 5208 2376 5265 deinde
2400 5205 2736 5262 tentationes
2762 5202 3154 5274 longanimiter
3200 5200 3364 5262 ferre,
3435 5209 3520 5250 nt-

1911 5323 2020 5378 que
2072 5306 2334 5374 deinceps
2381 5300 2450 5354 ab
2500 5297 2649 5354 omni
2711 5295 3086 5352 sollicitudine
3145 5293 3392 5349 Steculari
3433 5309 3516 5354 ac,

1419 5574 1616 5635 Variae
1677 5573 1986 5636 lectiones
2023 5581 2083 5635 et
2118 5579 2306 5635 notae.

291 5767 398 5834 (l5)
437 5766 746 5820 lieutenius
797 5764 869 5818 ita
917 5773 1335 5834 tranSposuerat
1387 5766 1438 5818 in
1500 5766 1800 5820 versione:

222 5837 372 5888 Aliud
408 5842 617 5907 quidem
669 5837 1042 5906 trigecuplum,
1098 5835 1248 5887 aliud
1286 5846 1460 5888 autem
1517 5851 1797 5900 scxagecu-

216 5907 346 5960 .‘um.
376 5910 524 5960 aliud
557 5926 672 5963 vero
695 5908 1018 5973 centuplum.
1059 5907 1385 5976 licpugoant
1411 5907 1512 5960 mei
1555 5907 1775 5960 codices

1915 5775 1968 5820 et
1999 5763 2322 5832 Euthymius
2349 5765 2400 5818 in
2429 5764 2678 5832 subjecto
2702 5766 2934 5821 scholia.

1987 5837 2098 5903 (H)
2145 5835 2252 5888 'l‘cr
2288 5836 2548 5905 deinceps
2598 5837 2781 5905 posuit
2833 5839 2912 5899 ὲν,
2963 5839 3235 5905 quomodo
3292 5834 3508 5889 emices

1887 5906 2092 5960 habent
2132 5907 2296 5959 etiam
2337 5906 2500 5960 Marc.
2535 5923 2613 5972 tv,
2637 5909 2692 5962 8.
