4020 6540
236 354 347 418 505

1088 345 1482 410 COMMENT.
1529 346 1616 408 IN
1652 344 2138 407 MATTH/EUM.
2205 371 2243 380 -
2282 346 2450 409 CAP.
2487 348 2641 408 Xlll

3427 352 3538 415 406

311 464 410 526 ’ος
438 491 463 502 -
489 490 504 498 -
539 457 882 528 τριάκοντα.
922 456 1110 512 Ταῦτα
1173 457 1544 530 προλαϐόντες
1605 451 1838 514 ἐντελῶς

2017 451 2176 508 Vers.
2229 454 2320 509 25.
2368 454 2970 526 Qui—trigecuplum.
3032 455 3162 512 Haec
3217 456 3271 511 in
3330 472 3537 527 [mucc-

234 549 725 626 διηρμηνεύσαμεν
752 549 1036 618 ἀνωτέρω.

309 645 544 708 Ἄλλην
585 671 656 681 -
687 640 758 695 ἐν
790 639 874 707 τῷ
926 640 1088 710 ἁγῬῷ
1138 642 1350 696 αὐτοῦ.
1405 641 1696 696 Βασιλείαν
1726 642 1837 695 τῶν

233 735 500 806 οὐρανῶν,
549 732 746 787 ἑαυτὸν
802 734 1062 804 ὀνομάζει
1111 732 1228 800 νῦν,
1269 735 1420 798 ὅστις
1450 735 1710 806 ὡμοιώθη
1740 737 1836 788 άν-

235 826 459 896 ορώπῳ,
498 825 949 896 ἐνανθρωπήσας.
1001 826 1099 878 Ἐν
1123 825 1450 895 ὁμοιώματι
1475 825 1606 897 γάρ,
1639 827 1831 897 φησιν,

233 915 550 982 ἀνθρώπου
606 918 950 986 γενόμενος.
1009 918 1192 972 Καλὸν
1235 919 1292 972 δέ
1351 921 1598 992 σπέρμα,
1633 921 1838 993 τρόπον

233 1009 421 1078 ἕτερον
478 1009 741 1073 ἐκάλεσε,
808 1012 935 1074 τοὺς
1003 1011 1154 1075 υἱοὺς
1219 1013 1318 1081 τῆς
1381 1013 1698 1084 βασιλείας,
1763 1014 1841 1078 ὡς

235 1102 399 1164 αὐτὸς
476 1103 862 1173 ἡρμήνευσεν,
912 1104 1215 1174 ἐρωτηθεὶς
1291 1107 1446 1177 παρὰ
1497 1106 1607 1160 τῶν
1661 1105 1842 1176 μαθη-

233 1193 362 1258 τῶν,
437 1196 569 1263 περὶ
625 1187 702 1248 ὦν
751 1194 989 1267 ἐροῦμεν
1057 1200 1176 1250 ἐκεῖ
1252 1201 1561 1269 γενόμενοι.
1644 1201 1840 1271 Ἀγρὸς

237 1285 294 1338 δὲ
339 1285 509 1339 αὐτοῦ
569 1287 722 1340 ἐστιν
776 1289 805 1341 ὁ
843 1289 1070 1360 κόσμος,
1119 1289 1195 1354 ὡς
1237 1291 1445 1361 κτίσμα
1508 1294 1602 1348 καὶ
1650 1295 1839 1364 κτῆμα

235 1377 423 1434 αὑτοῦ.

315 1468 419 1524 Ἔν
439 1469 510 1524 δὲ
535 1471 617 1538 τῷ
634 1471 954 1527 καθεύδειν
976 1472 1313 1542 -ἀπῆλθε.
1347 1475 1726 1546 Προαγορεύει
1749 1476 1842 1530 διὰ

235 1563 334 1634 τῆς
383 1567 705 1639 παραϐολῆς
752 1567 978 1638 ταύτης,
1040 1569 1140 1637 τὴν
1196 1569 1470 1638 δευτέραν
1531 1570 1841 1641 ἐπιϐουλὴν

234 1655 328 1707 τοῦ
351 1656 630 1713 διαϐόλου.
666 1658 842 1713 Ὅταν
869 1661 980 1730 γάρ
1014 1661 1100 1732 ῐδῃ
1131 1659 1230 1731 τὴν
1257 1660 1433 1731 καλὴν
1479 1661 1584 1730 γῆν
1631 1679 1844 1732 καρπο-

235 1747 515 1817 φοροῦσαν
565 1752 622 1802 ἐν
663 1750 908 1814 ἐκατὸν,,
927 1751 1024 1804 καὶ
1071 1754 1130 1805 ἐν
1159 1751 1448 1822 ἐξήόιοντα,
1475 1752 1573 1805 καὶ
1597 1754 1655 1806 ἐν
1681 1756 1841 1826 τριά-

234 1855 425 1904 κοντα,
459 1841 534 1911 μὴ
566 1842 866 1910 δυνάμενος
907 1843 1097 1896 λοιπὸν
1130 1845 1162 1914 ἢ
1197 1845 1450 1915 ἁρπάσαι
1484 1847 1576 1898 τὸν
1612 1849 1840 1918 σπόρον,

235 1933 267 2004 ἧ
296 1933 553 2002 φλογίσαι
585 1936 645 1987 τὸ
697 1935 1033 2006 βλαστῆσαν,
1066 1937 1100 2008 ἢ
1134 1939 1441 2004 ἁποπνίξαι
1469 1939 1626 2003 αὐτὸ,
1657 1940 1845 1994 δευτὲ-

238 2043 342 2095 ραν
363 2025 579 2096 μέτεισι
613 2027 892 2098 μηχανὴν,
943 2029 1040 2083 καὶ
1088 2029 1164 2094 ὡς
1198 2030 1395 2103 ἐχθρὸς
1429 2033 1525 2084 τοῦ
1564 2033 1844 2104 γεωργοῦ,

239 2122 536 2186 σπουδάζει
587 2123 904 2194 διαφθεῖραι
939 2125 1032 2176 τὸν
1068 2126 1237 2178 πόνον
1292 2126 1483 2191 αὐτοῦ,
1517 2128 1613 2181 καὶ
1645 2146 1850 2198 κοιμω-

241 2211 421 2279 μένων
476 2212 589 2264 τῶν
666 2213 1008 2282 ἀνθρώπων,
1066 2215 1261 2284 ήγουν,
1331 2217 1849 2285 άφροντιστούντων

239 2306 372 2372 περὶ
403 2304 500 2372 τὴν
529 2303 641 2375 (9.2)
685 2305 936 2375 φυλακὴν
959 2305 1055 2359 τοῦ
1095 2307 1270 2376 ἀγροῦ
1300 2322 1313 2336 ⁸
1352 2309 1612 2377 ἐμφαίνει
1639 2313 1696 2364 δὲ
1721 2313 1851 2376 τοὺς

239 2394 617 2459 διδασκάλους,
643 2398 773 2460 τοὺς
799 2397 1049 2466 φύλακας
1068 2399 1178 2454 τῶν
1202 2401 1508 2471 ὀρθοδόξων
1527 2421 1539 2432 ·
1569 2406 1851 2477 ἐνσπείρει

242 2484 484 2549 ζιζάνια,
515 2490 820 2553 τουτέστιν,
879 2492 1234 2559 αἱρετικοὺς,
1295 2494 1502 2563 μεταξῦ
1552 2496 1663 2549 τῶν
1698 2497 1853 2569 ὀρθο-

243 2577 430 2640 δόξων.
459 2580 696 2643 Τούτους
724 2580 835 2651 γάρ
894 2582 1147 2654 ὠνόμασε
1176 2590 1344 2653 σῖτον,
1385 2588 1462 2652 ὠς
1513 2591 1851 2662 εὐχρήστους

244 2669 324 2741 τῷ
354 2672 668 2742 σπείραντι.

322 2765 456 2817 Ὅτε
507 2796 576 2805 --
637 2767 876 2830 ζιζάνια.
929 2773 1146 2843 Ὥσπερ
1199 2773 1295 2826 οὖν
1349 2775 1462 2845 (25)
1513 2778 1580 2829 τά
1631 2775 1853 2842 ζιζάνια

248 2856 460 2910 ἐοίκασι
532 2860 630 2928 μὲν
682 2862 758 2932 τῷ
803 2863 957 2934 σίτῳ,
993 2866 1136 2918 κατὰ
1180 2865 1279 2938 τὴν
1309 2868 1603 2939 καλάμην,
1667 2871 1855 2923 ἁπεοί-

248 2963 380 2999 κατι
435 2948 514 3013 δὲ,
579 2953 726 3004 κατὰ
775 2953 873 3007 τὸν
929 2955 1184 3023 καρπόν’
1243 2957 1352 3008 είσὶ
1397 2957 1451 3009 δὲ
1489 2956 1734 3028 βλαϐερά
1777 2959 1856 3027 τῷ

253 3037 418 3107 σίτῳ·
484 3039 630 3093 οὕτω
691 3043 789 3095 καὶ
844 3043 900 3095 οἱ
978 3045 1252 3112 αἱρετικοὶ
1321 3046 1532 3097 ἐοίκασι
1579 3046 1679 3115 μὲν
1742 3049 1856 3110 τοῖς

1870 1793 1918 1854 Β

1943 545 2198 602 dentibus
2229 546 2472 616 perfecte
2513 563 2705 606 sumus
2737 550 3106 620 interpretati.

2014 638 2171 694 Vers.
2217 640 2307 695 24.
2354 641 2537 694 Aliam
2563 671 2634 683 -
2663 657 2793 715 agro
2820 659 2941 697 suo.
2992 639 3242 711 Regnum
3272 641 3540 697 cmlorum

1943 748 2094 788 nunc
2147 733 2390 803 seipsum
2435 735 2684 789 nominat
2752 735 2844 804 qui
2887 741 3174 802 assumpta
3232 748 3402 788 carne
3434 733 3542 788 hoc

1944 825 2079 879 mini
2142 826 2478 880 assimilatus
2529 834 2633 880 est.
2689 825 2752 880 In
2806 825 3182 892 similitudine,
3215 825 3546 894 inquit,ho-

1943 919 2148 971 minam
2175 920 2410 988 factus’.
2472 918 2671 972 Semen
2724 929 2908 974 autem
2965 919 3173 974 bonum
3235 918 3344 973 alio
3381 917 3547 973 modo

1945 1010 2087 1064 lilios
2152 1010 2304 1082 regni
2363 1011 2604 1076 vocavit,
2675 1020 2840 1078 prout
2913 1011 3032 1080 ipse
3108 1011 3478 1081 interrogatus
3517 1027 3548 1062 ιι

1943 1101 2228 1173 discipulis
2283 1101 2680 1171 interpretatus
2713 1110 2819 1166 est,
2869 1101 3334 1172 quemadmodum
3398 1100 3547 1156 dice-

1946 1209 2092 1260 mus,
2147 1208 2272 1248 cum
2349 1208 2417 1248 eo
2490 1193 2931 1264 pervenerimus.
3007 1193 3156 1266 Ager
3209 1208 3341 1248 vero
3405 1192 3547 1263 ejus.

1943 1286 2186 1341 mundus
2232 1293 2336 1350 est,
2391 1295 2650 1356 tanquam
2699 1295 2953 1342 creatura
2995 1301 3062 1342 ac
3097 1285 3377 1358 possessio
3405 1285 3549 1355 ejus.

2016 1467 2175 1522 Vers.
2221 1464 2316 1521 25.
2346 1463 2741 1521 Dormientibus
2778 1475 2957 1520 autem
2979 1495 3050 1506 —-
3074 1465 3228 1521 abiit.
3299 1462 3413 1518 Hac
3447 1477 3546 1533 pa—

1942 1559 2132 1614 rabola
2154 1559 2355 1614 alteras
2389 1559 2590 1613 diaboli
2626 1558 2852 1613 insidias
2878 1557 3196 1612 denuntiat.
3229 1555 3368 1610 Cum
3398 1551 3548 1608 enim

1943 1659 2147 1705 terram
2200 1651 2400 1704 bonam
2443 1649 2642 1704 viderit
2694 1649 2934 1704 fructum
2965 1648 3271 1719 producere
3296 1655 3391 1700 aut
3419 1659 3554 1700 cen-

1949 1743 2164 1813 tuplum
2229 1749 2326 1797 aut
2366 1741 2813 1812 sexagecnplum,
2852 1750 2948 1795 aut
3001 1739 3386 1811 trigecuplum,
3449 1749 3556 1790 nec

1953 1851 2117 1906 posse
2166 1851 2226 1890 se
2268 1840 2364 1890 aut
2390 1850 2577 1890 semen
2619 1849 2836 1905 rapere,
2883 1843 2978 1888 aut
3005 1832 3152 1904 quod
3184 1829 3554 1902 germinatum

1953 1937 2036 1982 est
2074 1941 2236 1980 urere
2287 1927 2372 1979 vel
2410 1925 2705 1988 suffocare,
2744 1923 3019 1978 secundas
3060 1921 3378 1993 aggreditur
3423 1918 3556 1973 insi-

1951 2019 2092 2086 dias,
2128 2027 2184 2072 et
2215 2027 2481 2088 tanquam
2534 2017 2654 2084 ejus
2693 2017 2788 2086 qui
2835 2015 3129 2070 seminavit
3159 2013 3439 2077 inimicus,
3474 2010 3558 2064 ni-

1955 2116 2094 2168 titur
2161 2113 2309 2168 illius
2375 2113 2618 2167 laborem
2687 2111 2971 2181 perdere:
3045 2105 3558 2174 dormientibusqne

1954 2205 2294 2270 hominibus,
2345 2205 2461 2259 sive
2491 2219 2682 2260 curam
2734 2203 2880 2257 circa
2940 2201 3054 2272 agri
3099 2197 3410 2255 custodiam
3467 2211 3556 2250 re-

1954 2299 2302 2353 mittentibus
2333 2297 2562 2363 (indicat
2592 2304 2778 2351 autem
2831 2303 3208 2367 praeceptores
3252 2303 3306 2347 et
3352 2289 3558 2361 magis-

1955 2402 2091 2458 tros,
2122 2392 2214 2460 qui
2242 2391 2671 2445 orthodoxorum
2703 2395 2833 2444 sunt
2861 2386 3139 2454 custodes)
3176 2383 3558 2439 interseminat

1957 2485 2186 2550 zizania,
2225 2484 2332 2538 hoc
2388 2491 2473 2537 est
2508 2481 2798 2536 hmreticos
2831 2479 2976 2533 inter
3011 2476 3392 2532 orthodoxos:
3429 2488 3556 2526 nam

1957 2579 2059 2634 hos
2105 2578 2348 2632 triticum
2394 2573 2721 2637 nominavit,
2761 2582 3020 2643 tanquam
3054 2571 3100 2625 ei
3129 2572 3219 2640 qui
3262 2566 3557 2623 seminavit

1958 2674 2146 2730 utiles.

2035 2766 2188 2820 Vers.
2226 2763 2316 2817 26.
2361 2761 2491 2817 Cum
2523 2791 2588 2802 —-
2616 2759 2850 2813 zizania.
2885 2754 3370 2823 Quemadmodum
3415 2751 3552 2805 ziza-

1961 2859 2052 2913 nia
2097 2857 2282 2911 tritico
2333 2855 2534 2910 similia
2593 2851 2724 2908 sunt
2790 2851 2844 2904 in
2900 2848 3195 2909 arundine,
3272 2843 3556 2900 dissimilia

1959 2967 2093 3007 vero
2129 2950 2182 3003 in
2232 2948 2438 3010 fructu,
2489 2945 2650 3015 eique
2681 2945 2875 2999 nociva
2914 2951 3084 2998 sunt:
3122 2941 3194 2994 ita
3223 2949 3279 2995 et
3315 2937 3556 2992 ιιιιιτριίοἰ

1962 3041 2287 3098 orthodoxis
2345 3048 2476 3093 sunt
2510 3037 2720 3091 similes
2775 3034 2986 3096 habitu,
3027 3032 3122 3088 sed
3161 3031 3363 3084 virtute
3392 3028 3557 3084 dissi-

253 3131 558 3201 ὸρθοδόξοις
609 3135 752 3187 κατὰ
787 3135 850 3187 τὸ
881 3134 1070 3204 σχῆμα
1093 3153 1106 3167 ο
1149 3136 1445 3189 άπεοίκασι
1472 3138 1528 3190 δὲ
1560 3143 1707 3194 κατὰ
1738 3141 1837 3206 τὴν

1965 3137 2132 3200 niles,
2164 3151 2285 3204 quae
2317 3144 2404 3190 cst
2427 3133 2677 3198 fructus;
2713 3130 2887 3185 virtus
2919 3137 3101 3180 autem
3136 3133 3192 3179 et
3214 3123 3421 3195 primus
3444 3136 3548 3175 om-

251 3225 476 3296 άρετὴν,
508 3227 629 3296 ἧτις
691 3229 808 3280 ἐστὶ
858 3229 1095 3298 καρπός.
1152 3231 1355 3300 Ἀρετὴ
1383 3230 1440 3282 δὲ
1479 3233 1574 3284 καὶ
1615 3235 1849 3303 καρπὸς,

255 3320 359 3387 πρὸ
389 3321 632 3383 πάντων,
673 3322 705 3388 ἡ
738 3321 849 3373 τῶν
884 3320 1177 3390 δογμάτων
1207 3322 1458 3393 ἀλήθεια.

323 3413 435 3467 Καὶ
463 3412 718 3484 καθάπερ
740 3413 809 3467 τά
845 3414 1068 3479 ζιζάνια
1103 3415 1267 3485 μέχρι
1297 3418 1400 3484 μὲν
1435 3417 1536 3487 τῆς
1566 3436 1855 3489 καρποφο-

257 3505 377 3575 ρέας
457 3505 788 3560 λανθάνοντα
877 3507 1289 3572 συναύξονται,
1369 3511 1491 3562 τότε
1571 3511 1722 3582 (24)
1799 3514 1855 3567 δὲ

252 3598 708 3668 διαγινώσκονται
731 3618 746 3632 ’
781 3601 957 3664 οὕτως
995 3603 1103 3672 ἄρα
1137 3604 1232 3654 καὶ
1262 3605 1311 3656 οί
1357 3605 1652 3673 αἰρετικοὶ,
1688 3607 1854 3678 μέχρι

259 3694 359 3761 μὲν
405 3692 503 3746 τοῦ
535 3693 838 3757 διδάσκειν,
892 3695 1257 3757 λανθάνοντες
1311 3697 1731 3766 συνδιάγουσινο
1765 3701 1855 3753 ὅτε

254 3788 310 3840 δὲ
366 3787 478 3857 (25)
526 3787 730 3856 πολλὴν
778 3786 990 3840 λάϐωσι
1039 3789 1359 3859 παρρησίαν
1393 3830 1407 3856 ,
1466 3790 1588 3843 τότε
1634 3792 1726 3844 τὸν
1777 3794 1855 3848 ίὸν

254 3882 506 3951 ἐκχέουσι
562 3881 658 3934 καὶ
711 3881 1188 3949 διαγινώσκονται,
1249 3883 1336 3934 Διὸ
1407 3887 1501 3936 καὶ
1565 3886 1855 3953 προλαϐὼν

254 3970 430 4036 εἶπεν,
456 3975 540 4027 ὅτι
587 3973 730 4028 Ἀπὸ
763 3972 884 4025 τῶν
913 3991 1024 4042 amp
1036 3972 1159 4026 πῶν
1207 3973 1409 4028 αὐτῶν
1435 3977 1854 4045 ἐπιγνώσεσθε

251 4069 496 4134 αὐτούς.
529 4069 636 4120 Καὶ
662 4068 866 4138 ἑτέρως
889 4067 947 4121 δέ
971 4085 983 4097 ·
1009 4069 1098 4120 ὅτε
1134 4068 1231 4138 μὲν
1255 4067 1515 4138 ἔσπειρεν
1539 4070 1566 4120 ὁ
1594 4072 1853 4141 Χριστὸς,

253 4163 350 4213 οὐκ
378 4162 662 4230 ἐφάνησαν
693 4160 991 4232 αίρετικοί·
1037 4161 1126 4213 ὅτε
1154 4161 1210 4214 δὲ
1260 4161 1579 4232 ηὐξήθησαν
1611 4165 1661 4216 οἱ
1700 4165 1855 4235 ὀρθός»

251 4253 413 4318 δοξοι,
447 4255 572 4309 τότε
605 4255 980 4325 ἀνεφάνησαν.

325 4351 784 4417 Προσελθόντες
831 4381 903 4390 -—
955 4347 1214 4414 (ICa'rta;
1273 4352 1679 4422 Οἰκοδεσπότης
1754 4356 1853 4424 μέν

253 4445 402 4494 ἐστιν
445 4441 634 4502 αὐτὸς,
693 4441 768 4504 ὡς
820 4440 915 4494 τοῦ
964 4442 1172 4511 κόσμου
1235 4429 1579 4514 Δεσπότης(
1623 4446 1852 4506 δουὶους

254 4535 308 4587 δὲ
335 4535 533 4598 αὐτοὺς
563 4533 738 4587 ταῦτα
767 4534 1026 4600 λέγοντας
1055 4536 1303 4602 πλάττει,
1337 4538 1464 4600 τοὺς
1484 4537 1852 4612 θερμοτέρους

256 4630 333 4692 είς
367 4631 458 4680 τ’,ν
493 4629 936 4698 ὑπέρεὺσεϐείας
969 4629 1130 4696 ζῆλον
1169 4629 1511 4698 ὀρθοδόξους,
1547 4633 1596 4684 οἳ
1633 4634 1839 4688 πολλά-

258 4736 342 4782 κις
386 4718 824 4788 ἀγανακτοῦντες
852 4717 946 4783 ἐξα
959 4719 1273 4789 ποροῦνται,
1309 4723 1428 4785 πῶς
1461 4725 1488 4776 ὁ
1513 4724 1646 4787 Θεὸς
1676 4743 1852 4797 παρα·

257 4815 425 4882 χωρεῖ
447 4813 669 4866 τοιαῦτα
699 4813 932 4882 φύεσθαι
965 4817 1200 4882 ζιζάνια.

340 4903 392 4953 '0
423 4902 492 4955 δὲ
549 4935 619 4945 -—-
673 4905 984 4972 ἐποίησεν.
1042 4909 1368 4979 Ἄνθρωπον
1418 4911 1710 4979 ὠνόμασε,
1761 4917 1852 4969 τὸν

260 4993 526 5063 διάϐολον,
575 4997 652 5064 ὡς
687 5000 843 5054 οὐδὲν
869 5001 1163 5071 ἀνθρώπω
1224 5003 1578 5069 διαιςέοοντα,
1614 5013 1754 5064 κατὰ
1794 5016 1856 5064 τὸ

423 5138 668 5209 Philipp.
697 5155 758 5203 ιι,
795 5139 844 5192 7.
966 5142 1007 5171 ‘°
1042 5139 1236 5197 Matth.
1269 5159 1367 5209 vn,
1404 5142 1488 5197 16.

1959 3229 2112 3283 nium
2147 3227 2356 3282 fructus
2387 3235 2491 3294 est,
2525 3226 2840 3296 dogmatum
2868 3220 3091 3275 veritas.

2034 3426 2099 3480 Et
2139 3423 2600 3495 quemadmodum
2657 3419 2866 3474 zizania
2904 3432 3078 3484 usque
3134 3414 3202 3469 ad
3253 3408 3558 3466 fructiﬁca-

1961 3521 2167 3573 tionem
2204 3517 2476 3572 occultata
2512 3522 2792 3575 crescunt,
2833 3521 2966 3565 tunc
3003 3519 3189 3562 autem
3225 3504 3553 3575 dignoscun

1962 3623 2071 3674 tur,
2129 3612 2202 3666 ita
2238 3626 2371 3665 sane
2434 3617 2490 3663 et
2543 3607 2785 3661 haeretici
2839 3615 3128 3674 quousque
3180 3598 3415 3654 doceant
3463 3591 3560 3664 (0),

1963 3707 2196 3760 latentes
2250 3711 2578 3774 permanent
2613 3718 2624 3752 :
2666 3700 2756 3755 ιιιιί
2797 3712 2924 3753 vero
2965 3708 3216 3766 magnam
3245 3703 3557 3758 assumpse-

1962 3799 2070 3853 rint
2113 3798 2392 3858 Muciam,
2445 3807 2576 3850 tunc
2609 3807 2884 3849 venenum
2914 3789 3207 3845 eﬂ'undunt
3233 3799 3296 3838 ac
3338 3782 3559 3850 dignos-

1961 3901 2182 3945 cnntur.
2245 3888 2374 3942 Ideo
2427 3901 2648 3957 quoque
2690 3885 2745 3938 in
2809 3877 3255 3952 praecedentibus
3288 3867 3425 3927 dixit
3469 3888 3482 3922 :
3521 3872 3559 3922 Α

1961 3981 2216 4051 fructibus
2246 3997 2424 4033 eorum
2454 3977 2773 4049 cognoscetis
2801 3991 2888 4028 eos
2912 3973 2980 4025 ¹⁰.
3010 3970 3279 4024 Ριεῐιιοιεα
3305 3973 3359 4018 ct
3383 3963 3561 4024 aliter.

1959 4075 2182 4144 quando
2211 4073 2501 4128 seminavit
2538 4070 2813 4132 Christus,
2851 4077 2984 4120 tunc
3029 4078 3137 4117 non
3175 4066 3560 4130 apparuerunt

1964 4164 2250 4231 limretici;
2290 4179 2415 4219 cum
2451 4174 2635 4217 autem
2689 4158 2999 4215 crevissent
3049 4150 3368 4217 orthodoxi.
3437 4159 3560 4203 tunc

1961 4257 2322 4314 demonstrati
2348 4266 2498 4310 sunt.

2036 4351 2206 4410 Vers.
2248 4351 2341 4405 27.
2382 4350 2695 4403 Acccdentes
2722 4377 2790 4388 —-
2815 4344 3025 4398 zizania
3061 4344 3083 4397 .9
3159 4335 3562 4393 Paterfamilias

1961 4453 2080 4522 ipse
2109 4459 2194 4504 est
2223 4445 2480 4501 Christus
2514 4453 2774 4511 tanquam
2813 4437 3002 4493 mundi
3038 4435 3339 4490 Dominus:
3377 4445 3562 4486 servos

1961 4558 2095 4598 vero
2143 4555 2272 4598 suos
2323 4538 2416 4608 qui
2459 4536 2575 4590 haec
2618 4535 2805 4589 dicant
2836 4531 3042 4600 eningit
3081 4526 3440 4586 orthodoxos,
3471 4522 3562 4592 qui

1963 4634 2353 4691 ferventiorem
2405 4645 2532 4700 erga
2568 4629 2776 4682 cultum
2807 4639 2967 4678 suum
3000 4629 3200 4692 gerunt
3241 4618 3441 4680 zvlum,
3471 4615 3562 4683 qui

1961 4731 2283 4798 frequenter
2353 4723 2698 4778 admirantur
2749 4734 2873 4772 cum
2958 4712 3358 4785 indignatione,
3417 4709 3563 4777 quod

1961 4824 2109 4878 Dens
2136 4819 2344 4874 zizania
2387 4815 2534 4871 nasci
2567 4813 2871 4884 permittat.

2037 4915 2190 4968 Vers.
2229 4911 2320 4964 9.3.
2386 4909 2486 4964 Ille
2547 4917 2727 4960 autem
2763 4905 2997 4976 —fccil.
3062 4901 3352 4954 llmnincm
3425 4896 3563 4948 dixit

1959 5009 2236 5063 diabolum
2281 5019 2536 5076 tanquam
2573 5003 2704 5058 nihil
2731 5001 2798 5056 ab
2833 4997 3149 5053 hominibus
3179 4994 3554 5054 diﬂ'crcntem,

1463 5282 1662 5343 Variae
1697 5283 2005 5344 lectiones
2036 5288 2097 5344 et
2133 5289 2322 5346 notae.

333 5447 440 5516 (22)
493 5447 604 5515 Τῆς
660 5447 926 5516 φυλακῆς.
963 5446 1031 5501 Α.
1082 5449 1476 5514 Αιρροντιστεῖν
1530 5447 1851 5516 plerumque

268 5520 502 5588 Iungitur
537 5518 802 5587 genitivo,
837 5534 956 5571 sane
994 5519 1381 5587 pra'positionc
1442 5518 1518 5572 lla
1557 5520 1702 5588 apud
1744 5518 1849 5572 lic-

268 5589 427 5655 uupli.
462 5587 718 5657 Syitnpos.
751 5603 864 5649 vnt.
893 5588 982 5642 55.

334 5660 442 5727 ('23)
477 5656 587 5712 Οὺν
600 5656 765 5714 ίιιιιθει
799 5663 863 5722 Λ,

2036 5449 2148 5518 (24)
2187 5446 2322 5521 Τότε
2352 5447 2408 5500 δὲ
2433 5444 2890 5521 διᾹα-γινιίισχονται
2921 5445 3124 5521 absunt
3153 5457 3214 5495 Λ.
3312 5514 3320 5521 ι
3359 5513 3366 5520 ἱ
3411 5514 3417 5521 ἢ

1959 5591 1978 5642 >
2008 5514 2146 5635 ⁵ἓὲῐὶ)
2188 5520 2296 5573 Καί
2332 5534 2428 5573 pro
2472 5517 2548 5571 δέ.
2597 5517 2658 5571 Α.
2687 5515 2806 5572 Mox
2836 5516 2982 5571 idem
3016 5515 3274 5576 λάϐοντες
3306 5514 3424 5582 (sic)
3463 5527 3561 5580 pro

1977 5611 2022 5643 ια
2041 5610 2191 5648 λωσι.

334 5823 404 5890 (ο)
440 5824 721 5894 Quousque
771 5827 1012 5880 doceant.
1072 5824 1356 5880 Sententia
1400 5835 1500 5881 est.
1557 5832 2106 5878 anlcumtmdoccant.
