4020 6516
526 329 629 395 ill

1763 323 2150 398 EUTHYMII
2189 335 2557 398 ZIGABENI

3685 327 3805 393 412

529 459 630 514 per
673 459 957 501 numerum
1005 445 1192 508 trium.
1245 444 1413 499 multa
1446 443 1754 514 signiﬁcare
1788 445 1988 500 solent.
2049 442 2116 497 Et

2239 445 2530 515 πημαίνειν.
2565 443 2671 497 Και
2704 447 2842 513 γυνη
2874 443 2972 510 μὲν
3001 442 3226 506 νοεῖται,
3259 442 3299 510 ἠ
3328 439 3508 509 σοφία,
3545 441 3744 511 ἧγουν,
3778 443 3810 494 ό

530 535 728 589 mulier
771 535 1087 606 intelligitur
1116 534 1410 605 sapientia,
1486 535 1606 589 sive
1672 536 1786 603 ipse
1840 533 2110 596 Christus,

530 636 598 674 eo
625 624 771 691 quod
811 625 1002 678 fertilis
1035 623 1106 678 sit
1168 639 1233 679 ac
1283 625 1514 679 nutriat.
1561 625 1771 680 Fideles
1846 624 2114 691 siquidem

532 729 629 779 per
679 714 1008 782 baptismum
1055 725 1297 785 generat,
1357 731 1556 784 eosque
1605 715 1736 770 cibo
1802 715 2114 783 dogmatnm

531 803 655 857 ﬁdei
699 805 924 859 enutrit.
969 804 1262 860 Fermcnto
1324 816 1502 860 autem
1536 815 1886 874 comparatur
1937 819 2116 859 sermo

537 894 682 950 ﬁdei.
729 894 882 949 Sicut
936 898 1083 950 enim
1145 898 1470 950 fermentum
1515 912 1640 950 cum
1699 899 1766 951 sit
1821 897 2113 959 modicum,

534 985 590 1038 in
637 986 808 1042 multa
862 998 1042 1042 tamen
1074 988 1248 1042 farina
1303 989 1706 1050 absconditum,
1742 1003 1838 1057 per
1859 1002 2118 1056 consper-

535 1080 746 1134 sionem
783 1082 855 1151 tq)
906 1093 1078 1137 totam
1130 1082 1360 1137 farinam
1395 1084 1449 1137 in
1493 1099 1659 1137 unum
1711 1084 1869 1137 simul
1915 1097 2116 1150 corpus

534 1171 674 1232 unit,
738 1183 795 1226 et
840 1173 894 1225 in
942 1173 1165 1226 alteram
1233 1174 1496 1245 speciem,
1543 1176 1611 1229 ab
1645 1191 1704 1227 ea
1756 1190 1917 1243 quam
1968 1174 2119 1244 prius

534 1262 787 1327 habebat,
850 1271 1221 1318 transmutat:
1269 1281 1506 1335 cumque
1540 1265 1718 1320 farina
1754 1281 1841 1319 res
1884 1265 1954 1320 sit
1977 1281 2120 1318 mor-

536 1364 648 1418 tua,
694 1369 814 1408 eam
853 1355 1256 1423 quodammodo
1322 1359 1583 1422 viviﬁcat,
1632 1373 1696 1412 ac
1747 1358 1854 1413 vim
1913 1358 2120 1412 habens

534 1444 789 1511 aetivam,
833 1461 1048 1500 sursum
1098 1450 1395 1503 ascendere
1445 1450 1596 1504 facit.
1638 1450 1714 1505 lla
1742 1453 2117 1520 quoqueiﬁdei

537 1551 737 1601 sermo,
789 1554 912 1592 cum
954 1549 1010 1592 ut
1040 1541 1243 1593 dictum
1281 1551 1385 1605 est,
1421 1542 1724 1607 quantitate
1755 1543 1826 1597 sit
1850 1542 2117 1607 modicus,

537 1627 596 1680 in
659 1630 954 1700 multorum
997 1631 1282 1685 hominum
1331 1633 1620 1688 animabus
1678 1637 1984 1689 occultatus
2026 1650 2123 1703 per

537 1719 863 1786 doctrinam,
907 1736 1098 1775 omnes
1129 1723 1183 1776 in
1250 1738 1420 1776 unum
1456 1724 1579 1778 unit
1613 1725 1869 1778 Ecclesia:
1900 1740 2120 1792 corpus,

2222 535 2482 605 Χριστὸς,
2527 534 2616 586 διὰ
2671 533 2732 585 τὸ
2776 534 2997 602 γόνιμον
3029 533 3122 586 καὶ
3154 529 3443 602 τρόφιμον.
3488 532 3528 584 Γ
3529 533 3656 602 εννᾷ
3692 533 3808 602 γὰρ

2221 627 2350 687 τοὺς
2377 626 2603 688 πιστοὺς
2624 623 2712 677 διὰ
2732 622 2839 676 τοῦ·
2855 621 3254 692 βαπτίσματος,
3278 621 3373 675 καὶ
3393 622 3585 691 τρέφει
3605 621 3813 683 αὐτοὺς

2223 722 2287 786 τῇ
2343 716 2544 786 βρώσει
2587 716 2698 768 τῶν
2743 715 3028 783 δογμάτων
3068 714 3168 783 τῆς
3214 713 3482 776 πίστεως’
3526 712 3672 782 ζύμη
3725 712 3808 774 δδι

2223 813 2250 863 ὁ
2281 810 2439 877 λόγος
2472 811 2571 878 τῆς
2603 809 2839 871 πίστεως
2875 805 3293 878 παρεικάζεται,
3323 806 3456 857 διότι
3488 803 3752 875 καθάπερ
3774 806 3810 871 ἡ

2225 904 2401 971 ζύμη,
2433 901 2589 971 ὀλίγη
2620 918 2704 964 τις
2734 899 2888 962 οὖσα,
2923 898 3019 952 καὶ
3047 900 3124 960 είς
3161 897 3296 952 πολὺ
3327 895 3561 964 ἄλευρον
3595 898 3818 964 ἐγκρυ-

2224 995 2402 1057 ϐεἰσα,
2441 992 2531 1045 διὰ
2560 993 2658 1060 τῆς
2688 991 3086 1059 ἁναφυράσεως
3124 987 3246 1040 ὅλον
3280 986 3341 1038 τὸ
3369 986 3598 1056 ἄλευρον
3628 990 3710 1048 ε’ς
3749 985 3814 1036 ἓν

2228 1083 2385 1153 σῶμα
2422 1083 2665 1144 συνενοί,
2697 1081 2796 1134 καὶ
2831 1081 2910 1142 είς
2941 1080 3130 1148 ἕτερον
3162 1074 3322 1140 εἶδος,
3355 1075 3497 1147 παρὸ
3531 1076 3814 1145 πρότερον

2237 1169 2370 1242 εἶχε,
2407 1171 2654 1242 μεθιστᾷ,
2687 1171 2781 1224 καὶ
2805 1169 2994 1239 νεκρὸν
3024 1169 3105 1232 ὃν,
3137 1170 3339 1238 τρόπον
3361 1168 3502 1233 τινὰ,
3529 1165 3677 1229 ζωοί,
3712 1166 3812 1218 καῖ

2225 1265 2338 1317 ἅνω
2369 1264 2576 1333 βαίνειν
2605 1260 3040 1332 παρασκευάζει,
3078 1261 3320 1331 δύναμιν
3353 1260 3550 1329 ἔχουσα
3579 1260 3815 1328 δραστι-

2227 1353 2536 1426 κήν.οὓτω
2571 1355 2664 1408 καὶ
2688 1355 2716 1406 6
2749 1353 2907 1422 λόγος
2935 1341 3034 1421 τῆς
3070 1352 3328 1414 πίστεως,
3361 1350 3543 1418 ὀλίγος
3571 1350 3648 1403 ῶν
3679 1392 3693 1415 ,
3731 1351 3814 1412 ὡς

2229 1447 2578 1517 προείρηται,
2604 1447 2670 1515 τῇ
2699 1445 2982 1514 ποσότητι,
3013 1445 3108 1497 καὶ
3139 1442 3582 1513 ὲγκρυπτόμενος
3605 1441 3825 1512 ψυχαῖς

2228 1537 2441 1591 πολλῶν
2477 1538 2781 1607 ἀνθρώπων
2820 1537 2907 1590 διὰ
2945 1538 3043 1607 τῆς
3074 1537 3446 1601 διδασκαλίας,
3483 1536 3698 1597 πάντας
3731 1537 3817 1596 εἰς

2227 1630 2286 1683 ἓν
2338 1630 2496 1700 σῶμα
2551 1634 2650 1699 τῆς
2718 1628 3046 1699 Ἐκκλησίας
3091 1630 3322 1704 συνενοτ,
3375 1629 3470 1680 καὶ
3515 1629 3595 1689 είς
3619 1627 3828 1698 ἕτερον

2229 1717 2368 1784 εἶδος
2427 1720 2703 1783 πολιτείας
2763 1720 3015 1790 μεθιστᾷ,
3081 1720 3177 1772 καὶ
3233 1719 3460 1788 νεκροὺς
3513 1718 3676 1777 ὄντας
3731 1719 3815 1778 εἰς

538 1825 605 1864 ac
645 1811 699 1864 in
749 1811 972 1864 alteram
1031 1812 1468 1866 conversationis
1539 1813 1779 1879 speciem
1849 1816 2123 1866 transmu-

2239 1814 2508 1882 ἐνέργειαν
2549 1813 2776 1883 ἀρετῆς,
2822 1814 2951 1877 ζωοί
2998 1813 3136 1882 πρὸς
3181 1813 3446 1883 ἐργασίαν
3492 1811 3663 1878 αὐτῆς
3717 1809 3820 1862 καῖ

537 1906 640 1963 tat,
692 1917 927 1972 cumque
987 1904 1192 1958 mortui
1241 1904 1352 1958 sint
1402 1905 1467 1957 ad
1520 1919 1686 1972 opera
1750 1905 1989 1966 virtutis,
2043 1904 2123 1958 vi-

537 1992 721 2047 viﬁcat
755 1993 820 2048 ad
851 1993 967 2064 ejus
1023 1994 1411 2062 operationem
1450 2011 1462 2046 :
1500 2003 1554 2048 et
1581 2009 1796 2046 sursum
1826 1994 2124 2048 ascendere

541 2082 674 2137 facit
717 2084 785 2138 ad
838 2083 1060 2148 cmlum,
1121 2084 1414 2153 omniaque
1476 2083 1639 2137 elﬁcit
1698 2099 1794 2137 sua
1858 2083 2121 2137 ineffabili

540 2175 778 2242 potentia
790 2215 802 2227 .

616 2262 768 2316 Veis.
822 2263 912 2316 35.
954 2263 1209 2316 Donec—
1238 2271 1430 2317 totum.
1479 2261 1669 2332 Neque
1730 2265 1878 2318 enim
1930 2265 1984 2318 in
2018 2264 2120 2318 ho-

541 2355 751 2407 minum
799 2353 1083 2409 animabus
1107 2355 1444 2409 occultatum
1490 2356 1758 2425 quiescet,
1792 2358 1970 2412 donec
2002 2374 2124 2412 om-

541 2461 640 2498 nes
693 2445 748 2498 in
792 2460 957 2498 unum
1019 2444 1237 2518 uni_erit,
1276 2461 1413 2514 quos
1483 2447 1764 2516 sapientia
1806 2447 1891 2499 illa
1948 2449 2114 2518 prmliv

548 2537 707 2598 nivit,
761 2551 882 2605 qua!
940 2512 1186 2592 omniitm
1266 2525 1480 2591 mentes
1548 2539 1932 2607 praecognovit.
1991 2538 2124 2592 Nam

543 2631 647 2683 tria
718 2641 830 2690 sata
899 2643 1211 2697 quanquam
1274 2629 1668 2698 signiﬁcatione
1723 2630 2127 2684 multitudinem

546 2721 955 2784 demonstrent,
1029 2729 1267 2773 attamen
1337 2735 1566 2774 numero
1629 2721 1843 2774 tandrm
1907 2721 2129 2775 deﬁnita

544 2820 688 2864 sunt.
720 2809 909 2879 Magna
964 2824 1093 2880 ergo
1123 2819 1206 2864 est
1237 2811 1641 2878 prmdicationis
1703 2811 1918 2865 virtus:
1956 2814 2128 2881 quod-

544 2917 652 2968 que
697 2901 864 2953 semel
905 2899 1292 2954 fermentatum
1342 2910 1446 2966 est,
1491 2917 1704 2955 rursum
1741 2903 1960 2971 reliquae
1985 2905 2127 2971 parti

550 2992 884 3048 fermentum
920 2992 1285 3058 ﬁet.Quidam
1317 3004 1496 3047 autem
1522 2992 1750 3046 farinam
1803 2995 1994 3049 dicunt
2033 2996 2130 3050 ho-

2226 1909 2339 1961 ἄνω
2373 1906 2581 1975 βαίνειν
2610 1905 2748 1975 πρὸς
2775 1905 3004 1974 οὐρανὸν
3037 1902 3472 1973 παρασκευάζει,
3503 1904 3602 1955 καὶ
3628 1903 3817 1955 πάντα

2227 2001 2393 2064 ποιεῖ,
2420 1997 2651 2069 δύναμιν
2676 1997 2814 2068 ἔχων
2838 1997 3069 2067 ἄφατον.
3745 1998 3751 2005 ”

2305 2259 2457 2322 Ἕως
2481 2287 2550 2296 ——
2580 2258 2747 2310 ὅλον.
2782 2255 2858 2307 Οὐ
2890 2255 3154 2324 στήσεται
3183 2250 3292 2322 γὰρ
3315 2290 3329 2312 ,
3361 2249 3825 2321 ὲγκρυπτόμενος

2227 2352 2347 2411 ταῖς
2377 2349 2576 2418 ψυχαῖς
2607 2347 2713 2398 τῶν
2746 2344 3072 2416 ἀνθρώπων,
3111 2344 3216 2405 ἕως
3249 2333 3309 2395 οὗ
3336 2341 3612 2396 ὲνωοῶοιν
3643 2341 3726 2402 είς
3758 2337 3827 2392 ἓν

2228 2441 2452 2504 πάντες,
2478 2439 2571 2501 οὓς
2595 2439 2901 2509 προώρισεν
2928 2439 2959 2506 ἡ
2989 2437 3208 2489 πάντων
3237 2435 3335 2497 τὰς
3359 2432 3586 2503 γνώμας
3619 2449 3824 2502 προγι-

2230 2532 2514 2586 νώσκουσα
2551 2531 2734 2600 σοςξία.
2773 2530 2855 2584 Τὰ
2899 2529 3005 2597 γὰρ
3036 2529 3164 2598 τρία
3201 2527 3361 2589 σάτα,
3391 2528 3438 2580 εί
3474 2527 3568 2579 καὶ
3595 2529 3664 2595 τῇ
3699 2527 3821 2592 ὲμ-

2231 2626 2392 2695 φάσει
2422 2622 2628 2691 πλῆθος
2653 2620 2923 2691 δηλοῦσιν,
2949 2618 3088 2672 άλλά
3120 2617 3196 2687 τῷ
3227 2617 3447 2687 ἀριθμῷ
3483 2632 3820 2683 πεπερατω⁴

2233 2721 2367 2789 μένα
2391 2717 2526 2780 τέως
2548 2715 2674 2770 εἰσί.
2699 2713 2874 2784 Πολλὴ
2895 2709 2987 2765 οὖν
3009 2711 3102 2764 τοῦ
3127 2711 3484 2781 κηρύγματος
3506 2710 3538 2780 η
3557 2709 3820 2777 δύναμις,

2231 2812 2326 2863 καὶ
2375 2811 2437 2862 τὸ
2466 2807 2716 2877 ζυμωθὲν
2758 2805 2925 2870 ἅπαξ,
2958 2805 3106 2873 ζύμη
3138 2804 3300 2857 πάλιν
3331 2802 3408 2873 τῷ
3451 2800 3623 2868 λοιπῷ
3659 2800 3824 2868 μέρει

2232 2905 2462 2971 γίνεται.
2496 2901 2650 2965 Τινὲς
2681 2901 2738 2952 δὲ
2767 2899 2997 2969 ἄλευρον
3032 2898 3129 2966 μὲν
3157 2896 3378 2964 λέγουσι
3397 2934 3412 2960 ,
3446 2895 3571 2955 τοὺς
3601 2892 3824 2963 ἀνθρὼ-

2232 3012 2368 3056 πους
2389 3010 2402 3024 ·
2438 2993 2575 3047 σάτα
2605 2993 2679 3059 δὲ,
2713 2992 2853 3062 ἢτοι,
2893 2990 3070 3058 μέτρα
3127 2990 3277 3059 τρία,
3308 2987 3435 3049 τοὺς
3499 2984 3830 3046 Ἰουδαίους,

547 3085 759 3138 mines:
789 3093 902 3137 sata
948 3099 1077 3138 vero
1121 3086 1220 3138 tria
1253 3085 1368 3140 sive
1411 3095 1520 3140 tres
1551 3100 1858 3153 mensuras,
1893 3086 2127 3154 Iudaeos,

2239 3087 2357 3148 τοὺς
2387 3082 2751 3155 Σαμαρείτας,
2779 3081 2873 3135 καὶ
2897 3081 3023 3144 τοὺς
3047 3079 3336 3149 Ἕλληνας.

547 3176 914 3230 Samaritams
949 3186 1002 3228 et
1031 3174 1266 3230 Graecos.

622 3265 773 3319 \‘ers.
802 3267 887 3331 34,
924 3265 1011 3319 35.
1049 3266 1171 3320 mea
1202 3267 1486 3322 —swculi.
1529 3266 1658 3321 Sine
1707 3267 1959 3337 parabola
2020 3283 2134 3324 non

551 3359 874 3425 luqttt'btttttr
946 3360 1043 3423 eis,
1115 3369 1356 3428 tempore
1437 3361 1531 3414 illo
1599 3362 1905 3415 videlicet:
1965 3363 2135 3418 multa

551 3452 698 3504 enim
757 3452 956 3518 saepius
1034 3452 1138 3505 illis
1209 3452 1423 3506 locutus
1500 3464 1582 3506 est
1636 3453 1751 3508 sine
1805 3455 2132 3523 parabolis;

553 3553 685 3596 tunc
745 3554 926 3596 autem
987 3559 1085 3612 per
1146 3544 1430 3612 parabolas
1505 3545 1828 3613 loquebatur
1904 3547 2021 3612 eis,
2080 3557 2138 3602 ut

551 3633 920 3701 compleretur
966 3634 1110 3703 quod
1148 3632 1355 3689 dictum
1413 3636 1591 3690 fuerat
1629 3652 1725 3706 per
1789 3638 1953 3692 David
1981 3639 2042 3694 “.
2069 3640 2139 3693 At

553 3723 834 3776 translatio
866 3723 1221 3792 Septuaginta
1258 3724 1619 3792 interpretum
1665 3725 1830 3780 habet
1899 3729 2135 3796 φθέγξο-

559 3830 657 3880 μαι
691 3812 1064 3881 προϐλήματα
1101 3813 1194 3865 ἀπ’
1233 3815 1425 3882 ἀρχῆς,
1465 3815 1655 3884 loquar
1681 3818 2007 3884 problemata
2033 3822 2138 3874 sive

553 3904 928 3970 propositiones
958 3903 1212 3957 obscuras
1259 3905 1324 3957 ab
1356 3906 1527 3960 initio.
1576 3905 1677 3970 Qui
1717 3924 1846 3962 vero
1898 3926 2138 3979 praesens

561 3993 910 4060 livongelium
946 3995 998 4047 in
1045 3994 1286 4048 Grazcam
1336 3998 1612 4050 transtulit
1657 3999 1915 4068 linguam,
1947 4002 2089 4058 dixit
2123 4022 2134 4056 :

571 4085 898 4156 Ἐρεύξομαι
956 4089 1317 4157 κεκρυμμένα
1374 4088 1482 4140 ἀπὸ
1531 4090 1844 4160 καταϐολῆς
1904 4096 2136 4165 κόσμου,

560 4177 826 4232 Eructabo
879 4180 1185 4234 abscondita
1245 4199 1276 4234 a
1312 4182 1681 4236 constitutione
1743 4189 1945 4240 mundi.
2031 4191 2138 4244 He-

563 4269 764 4324 b'raicis
815 4287 1058 4340 presens
1114 4273 1466 4335 dictionibus,
1502 4290 1624 4343 quae
1675 4286 1728 4328 et
1794 4278 1909 4333 haec
1962 4287 2015 4334 et
2051 4281 2142 4336 illa

562 4361 890 4432 significant.
958 4365 1115 4418 Sicut
1160 4376 1349 4420 eructo
1388 4366 1658 4436 signiﬁcat
1705 4371 1870 4424 etiam
1916 4372 2141 4443 loquor;

2315 3265 2514 3320 Ταῦτα
2547 3292 2616 3302 —-
2646 3262 2899 3332 κόσμου.
2939 3259 3123 3330 Χωρὶς
3157 3255 3474 3327 παραϐολῆς
3504 3252 3604 3305 οὐκ
3637 3250 3828 3303 ἐλάλει

2237 3358 2443 3420 αὐτοῖς,
2477 3352 2619 3410 κατὰ
2657 3352 2747 3405 τδν
2776 3350 2964 3422 καιρὸν
3005 3350 3212 3401 ἐκεῖνον
3241 3346 3468 3416 δηλαδή.
3503 3343 3682 3395 Πολλὰ
3710 3343 3833 3409 γὰρ

2241 3449 2504 3510 πολλάκις
2551 3446 2814 3515 ἐλάλησεν
2842 3443 3046 3506 αὐτοῖς,
3078 3440 3202 3510 δίχα
3231 3436 3542 3506 παραϐολῆς
3562 3450 3575 3461 ·
3608 3436 3730 3486 τότε
3767 3434 3828 3484 δὲ

2238 3533 2328 3594 διὰ
2382 3536 2712 3610 παραϐολῶν
2773 3535 2953 3588 ἐλάλει
3005 3533 3209 3595 αὐτοῖς,
3262 3529 3350 3582 ἵνα
3404 3525 3669 3596 πληρωθῇ
3727 3529 3828 3576 καὶ

2239 3637 2300 3686 τὸ
2349 3632 2511 3704 ῥηθὲν
2542 3630 2632 3682 διά
2675 3627 2770 3682 τοῦ
2805 3625 2991 3680 Δαυῖδ.
3037 3624 3177 3676 Ἀλλ’
3208 3623 3241 3692 ή
3277 3622 3373 3691 μὲν
3411 3619 3676 3689 ἑρμηνεία
3713 3616 3836 3669 τῶν

2254 3723 2690 3794 Ἐϐδομήκοντα,
2719 3719 3044 3789 φθέγξομαι
3074 3712 3463 3784 προϐλήματα
3495 3712 3594 3764 ἀπ’
3628 3708 3828 3776 ἀρχῆς

2243 3816 2481 3887 ἐγραψεν
2504 3831 2516 3844 ⁶
2554 3815 2610 3867 Ὀ
2633 3815 2687 3866 δὲ
2714 3813 2775 3866 τὸ
2801 3811 2974 3882 παρὸν
2996 3808 3326 3876 Εύαγγὲλιον
3353 3806 3432 3866 εἰς
3458 3803 3556 3872 τὴν
3593 3801 3830 3854 Ἑλλάδα

2241 3909 2491 3979 γλῶσσαν
2523 3903 2863 3975 μεταϐαλὼν,
2900 3899 3248 3969 Ἐρεύξομαι
3284 3895 3662 3964 κεκρυμμένα
3704 3893 3830 3945 ἀπὸ

2243 3999 2575 4067 καταϐολῆς
2605 4002 2862 4068 κόσμου,
2893 3997 3104 4064 εἴρηκε,
3135 3995 3254 4056 ταῖς
3296 3991 3615 4061 Ἐϐραῖκαίς
3644 3988 3832 4053 λέξεσι

2243 4093 2519 4164 προσχὼν,
2548 4093 2750 4153 αἵτινες
2783 4092 2876 4143 καὶ
2907 4087 3078 4140 ταῦτα
3111 4089 3341 4140 κάκεῖνα
3360 4083 3600 4153 δηλοῦσι.
3634 4083 3745 4134 Καὶ
3769 4081 3838 4132 τὸ

2258 4185 2588 4256 Ἐρεύγομαι
2627 4183 2757 4252 γὰρ,
2798 4184 2858 4234 τὸ
2891 4181 3208 4248 Φθέγγομαι
3241 4176 3518 4246 σημαίνει.
3553 4172 3657 4226 Καὶ
3689 4190 3830 4239 προ·

2246 4277 2501 4348 ϐλήματα
2529 4278 2724 4328 ἐκεῖνοι
2747 4315 2761 4339 ,
2793 4275 2861 4326 τά
2891 4273 3032 4339 αίνίγ
3045 4289 3188 4340 ματα
3221 4265 3393 4332 εἷπον,
3424 4267 3498 4330 ὼς
3531 4266 3626 4318 καὶ
3656 4267 3684 4317 ὁ
3715 4264 3832 4334 (56)

2259 4370 2490 4432 Ἀκύλας
2531 4368 2938 4438 ἐμαρτύρησεν.
2991 4364 3299 4434 Αἰνίγματα
3343 4361 3401 4414 δέ
3451 4360 3589 4412 εἰσιν
3636 4359 3730 4410 καὶ
3775 4359 3836 4411 αἱ

558 4456 732 4509 etilli
788 4455 1149 4526 προϐλήματα
1208 4459 1461 4511 dixerunt
1521 4459 1842 4530 αἰνίγματα,
1898 4465 2037 4521 sicut
2087 4480 2127 4523 el

2245 4463 2599 4532 εύαγγελικαὶ⁵
2633 4459 2960 4532 παραϐολαί.
3001 4457 3268 4526 Καθάπερ
3296 4455 3404 4524 γὰρ
3428 4452 3497 4505 τὰ
3523 4452 3832 4520 αἰνίγματα

559 4546 752 4613 Aquila
792 4555 1026 4600 testatus
1075 4556 1177 4600 est.
1252 4545 1563 4618 ASnigmata
1617 4568 1746 4606 vero
1787 4565 1913 4608 sunt
1972 4560 2134 4612 etiam

559 4637 887 4705 evangelica:
939 4639 1228 4707 parabolae.
1279 4638 1748 4704 Quemadmodum
1807 4648 1952 4699 enim
2001 4651 2136 4703 aani-

2248 4559 2642 4630 κεκρυμμένην
2688 4557 2871 4626 ἔχουσι
2915 4555 3013 4626 τὴν
3068 4553 3350 4624 ἀλήθειαν,
3403 4550 3548 4604 οὕτω
3607 4549 3674 4620 δὴ
3732 4551 3831 4601 καί

2243 4646 2423 4704 αὗται.
2477 4649 2581 4704 Καὶ
2607 4649 2667 4702 τὸ
2729 4650 2861 4703 Ἀπὸ
2915 4645 3255 4713 καταϐολῆς
3313 4645 3371 4698 δὲ
3425 4644 3683 4711 κόσμου,
3747 4643 3830 4701 τὸ,

561 4737 738 4798 gtnata
793 4730 1162 4784 absconditam
1201 4732 1406 4785 habent
1461 4734 1767 4799 veritatem,
1823 4738 1893 4791 ita
1925 4756 2054 4796 sane
2085 4753 2127 4796 «ιι

2243 4743 2340 4797 ἀπ’
2379 4743 2558 4812 ἀρχῆς
2589 4742 2818 4811 κόσμου,
2852 4741 3020 4810 δηλοῖ.
3072 4740 3131 4792 ὐ
3167 4740 3222 4790 δὲ
3255 4739 3482 4813 Μάρκος
3519 4730 3674 4786 εἶπεν
3702 4775 3716 4798 ,
3749 4733 3832 4785 ὅτι

562 4820 686 4874 illm.
725 4820 878 4885 Quod
924 4833 1103 4877 autem
1151 4825 1349 4878 dicitur
1383 4844 1395 4877 :
1428 4827 1469 4879 Λ
1503 4829 1876 4882 constitutione
1937 4835 2136 4899 sa’cnli,

563 4913 705 4967 idem
761 4915 1031 4982 signiﬁcat
1089 4918 1254 4985 quod,
1304 4920 1382 4973 Ab
1437 4919 1594 4973 initio
1663 4924 1872 4976 mundi.
1935 4924 2140 4981 Marcus

564 5019 694 5057 vero
729 5005 862 5058 dixit
897 5023 911 5060 :
945 5006 1013 5059 Et
1046 5006 1349 5074 ltujusmodi
1376 5009 1644 5078 parabolis
1675 5012 1855 5065 multis
1893 5014 2141 5084 loqueba-

565 5101 657 5145 tur
709 5096 780 5147 eis
832 5113 1121 5150 sermonem
1181 5109 1335 5164 prout
1388 5110 1632 5169 poterant
1695 5105 1974 5172 audire”,
2037 5110 2142 5164 hoc

675 5237 718 5266 “
740 5235 881 5290 l‘sal.
913 5254 1113 5299 Lxxvn,
1137 5241 1192 5292 ‘2‘
1306 5240 1345 5271 “'
1380 5237 1544 5292 Marc.
1574 5254 1644 5302 Iv,
1678 5241 1766 5294 55.

2252 4836 2356 4889 Kal
2384 4836 2686 4899 τοιαύταις
2714 4833 3083 4901 παραϐολαῖς
3110 4831 3368 4896 πολλαὶς
3388 4827 3594 4881 ἐλάλει
3625 4827 3833 4890 αὐτοῖς

2257 4929 2361 4979 τι¹ν
2399 4927 2606 4994 λόγον,
2667 4924 2858 4990 καθὼς
2895 4926 3197 4992 ἠδύναντο
3226 4922 3504 4982 ἀκούειν,
3540 4918 3790 4970 τουτέστι
3819 4958 3832 4980 ,

2249 5019 2430 5081 καθὼς
2470 5017 2609 5089 ἦσαν
2644 5017 2783 5084 ἄξιοι
2823 5019 3040 5071 ἀκούειν
3065 5018 3113 5068 οί
3145 5015 3497 5086 Γραμματείς
3531 5013 3622 5064 καὶ
3660 5011 3832 5079 Φαρι-

2249 5113 2407 5164 σαῖοι.
2456 5110 2609 5162 Ἐπεὶ
2660 5111 2771 5181 γὰρ
2801 5111 2861 5162 ού
2900 5110 2987 5162 διὰ
3019 5111 3076 5162 τὸ
3125 5107 3474 5178 ὠφεληθῆναι
3519 5101 3831 5174 ⁴ὴκροῶντο,

1765 5405 1964 5465 Vat-im
2004 5407 2305 5469 lectiones
2337 5421 2396 5473 et
2423 5418 2612 5472 notae.

640 5547 751 5618 ('56)
782 5548 882 5614 Qui
912 5548 1188 5605 scilicetct
1216 5553 1328 5622 ipse
1353 5553 1473 5606 loco
1506 5551 1666 5605 habet
1704 5555 2022 5623 αἰνίγματα.

645 5716 718 5778 (.7)
751 5715 1199 5779 Conspcrsiom’m.
1224 5716 1694 5773 Contmistionetn.
