4020 6532
222 334 316 398 413
1081 337 1474 400 COMMENT.
1521 337 1603 398 ΙΝ
1648 341 1798 400 ΜΛΤ

1917 343 2122 404 .‘EUM.
2159 370 2230 380 -
2272 345 2434 407 CAP.
2478 345 2656 409 XIII.

3411 349 3521 414 414

220 429 348 496 ἀλλὰ
379 444 468 498 διὰ
501 444 559 498 τὸ
598 444 914 516 ἐπηρεάσαι
942 448 1056 510 τοῖς
1092 447 1261 514 αὐτοῦ
1293 447 1500 516 λόγοις,
1535 449 1592 500 ἐν
1625 465 1798 519 παρα-

1917 461 2000 504 est
2037 463 2309 521 quatenus
2347 453 2499 526 digni
2544 464 2702 510 erant
2751 455 2817 512 ad
2854 457 3188 516 audiendum
3237 461 3443 519 Scribat
3465 477 3520 520 et

221 535 397 597 ίοὶαῖς
451 537 633 599 αὐτοῖς
680 535 962 606 ἐλάλησεν,
1015 538 1101 590 ἵνα
1145 552 1240 590 και
1283 540 1454 601 αὐτος
1501 538 1562 590 τὸ
1602 540 1802 592 οἰκεῖον

220 625 371 692 ἔργον
396 626 482 696 εἴη
517 618 747 696 πληρῶν
769 666 783 689 ,
817 627 912 679 καὶ
943 628 1100 680 αὐτοὶ
1126 629 1202 698 μὴ
1231 629 1481 691 νοοῦντες
1501 669 1516 691 ,
1546 627 1583 683 ἃ
1612 628 1799 698 λέγει,

220 715 476 786 μείνωσιν
515 716 817 782 ἄπρακτοι.

284 981 422 1033 Τότε
476 1013 544 1023 -
592 981 858 1050 Ἰησοῦς.
913 982 1007 1045 Εἰς
1047 983 1146 1053 τὴν
1195 983 1396 1044 οἰκίαν,
1456 983 1514 1035 ὲν
1559 976 1802 1056 ᾖὲξενο-

212 1071 440 1139 δοχείτο.

275 1163 382 1214 Καί
443 1163 800 1232 προσῆλθον
848 1183 924 1206 -λ
973 1163 1182 1233 ἀγροῦ.
1237 1163 1397 1220 Κατὰ
1446 1163 1612 1232 μόνας
1663 1164 1800 1232 μετᾶ

214 1255 528 1324 παρἐσίας
562 1258 863 1327 ἐρωτῶσιν,
913 1257 988 1320 ὡς
1022 1256 1363 1319 ἀκούσαντες
1400 1257 1690 1328 πρότερον,
1716 1258 1800 1311 ὅτι

212 1347 395 1408 αὐτοῖς
447 1347 654 1403 δέδοται
707 1349 910 1417 γνῶναι
965 1352 1034 1402 τὰ
1092 1353 1393 1422 μυστήρια.
1446 1353 1583 1424 Περὶ
1632 1353 1801 1422 μόνης

209 1436 263 1489 δὲ
293 1437 498 1508 ταύτης
531 1443 629 1510 τῆς
677 1441 996 1512 παραϐολῆς
1033 1443 1334 1511 ἐρωτῶσιν,
1369 1445 1445 1506 ὡς
1496 1443 1597 1506 τὰς
1631 1444 1800 1506 ἄλλας

206 1527 298 1584 δύο
327 1531 606 1598 συνέντες,
638 1535 740 1604 τήν
769 1551 826 1587 τε
867 1533 960 1587 τοῦ
997 1537 1290 1600 σινάπεως,
1323 1537 1417 1589 καὶ
1446 1537 1547 1605 τὴν
1579 1537 1676 1603 τῆς
1707 1535 1801 1600 ζύ-

210 1636 352 1688 μης,
417 1623 511 1677 at:
570 1624 916 1695 σαφεστέρας
983 1625 1174 1690 οὔσας.
1233 1627 1384 1696 Αὕτη
1442 1627 1498 1680 δὲ
1553 1628 1648 1679 γα).
1704 1646 1801 1698 φο-

205 1711 372 1781 ϐερὰν
413 1709 559 1784 εἶχεν
595 1715 825 1785 ἀπειλὴν
865 1717 958 1782 ἐπὶ
992 1719 1158 1780 τέλει,
1195 1718 1535 1788 θορυὸοῦσαν
1572 1721 1795 1785 αὐτούς.

1909 542 2193 598 Pharisaei.
2237 545 2374 600 Nam
2416 548 2548 617 quia
2585 564 2694 602 non
2744 550 2812 605 ad
2870 553 3194 608 sumendam
3231 556 3516 611 utilitatem

1910 635 2236 698 audiebant,
2292 639 2387 694 sed
2445 639 2510 692 ad
2594 642 2914 697 struendam
2989 645 3341 701 sermonibus
3399 649 3520 713 ejus

1909 725 2241 780 calumniam
2271 744 2287 786 ;
2323 727 2378 781 in
2439 730 2712 800 parabolis
2769 732 2988 788 loeutus
3034 743 3119 789 est
3173 737 3296 791 eis:
3347 749 3405 790 ut
3458 748 3516 792 et

1908 815 2025 885 ipse
2078 833 2238 872 suum
2322 835 2464 890 opus
2529 822 2881 892 adimph-ret,
2930 833 2988 879 et
3047 825 3122 880 illi
3185 842 3297 880 non
3358 829 3519 883 intrls

1903 907 2137 978 ligentes
2203 927 2324 979 qua:
2397 912 2647 994 diceret.
2697 930 2797 984 per
2839 917 2930 971 illa
2989 917 3129 972 nihil
3161 919 3515 989 proﬁcerent.

1979 1001 2134 1058 \‘ers.
2177 1003 2268 1057 56.
2333 1003 2765 1060 Tunc—Jews.
2837 1007 2896 1062 lu
2953 1008 3181 1065 domum
3227 1013 3322 1068 ubi
3381 1014 3512 1068 hos-

1903 1091 1955 1163 pi
1967 1092 2207 1148 tabatur.

1975 1183 2132 1240 Vers.
2169 1187 2258 1241 36.
2299 1187 2365 1242 Et
2417 1199 2997 1266 accesserunt—agri.
3037 1196 3279 1252 Seorsim
3315 1198 3490 1254 libere

1902 1273 2341 1344 interrogabant,
2378 1288 2438 1333 ut
2478 1280 2569 1349 qui
2604 1283 2758 1350 prius
2801 1272 3094 1339 audierant
3152 1285 3340 1340 datum
3394 1286 3506 1341 illis

1902 1380 2028 1420 esse
2061 1377 2366 1423 utnossent
2394 1375 2674 1442 mysteria.
2711 1373 2785 1429 De
2803 1377 2918 1429 sola
2945 1392 3076 1431 vero
3109 1378 3210 1430 hac
3243 1378 3504 1446 parobola

1904 1463 2275 1530 interrogant.
2300 1471 2493 1532 utpote
2526 1465 2768 1534 reliquas
2797 1468 2934 1522 duas
2957 1468 3350 1540 intelligentes,
3383 1479 3509 1538 puta

1903 1548 1973 1603 de
2009 1550 2184 1620 sinapi
2213 1561 2271 1607 et
2304 1554 2373 1608 de
2431 1553 2726 1622 fermento,
2767 1568 3027 1628 tanquam
3074 1561 3507 1617 manifestiores.

1903 1638 2034 1696 llmc
2089 1652 2273 1698 autem
2354 1645 2825 1703 formidabiliores
2894 1651 3039 1705 eirea
3116 1651 3278 1706 linem
3334 1653 3512 1708 minas

1907 1732 2164 1800 habebat,
2203 1753 2323 1804 quzr
2352 1737 2500 1806 ipsos
2523 1741 2897 1796 exterrebaut.

285 1805 346 1858 Ὀ
369 1805 437 1858 δὲ
461 1807 803 1874 ἀποκριθεὶς
831 1839 902 1848 —
929 1809 1270 1876 ἀνθρώπου.
1306 1811 1434 1863 Υἰὸν
1462 1812 1754 1883 ἀνθρώπου
1776 1854 1792 1878 ,

1985 1828 2138 1883 Vers.
2182 1830 2274 1884 37.
2325 1831 2666 1901 Respondens
2713 1835 3258 1890 autem—hominis.
3309 1836 3508 1891 Filium

204 1899 394 1951 ἑαυτὸν
421 1900 714 1968 ὀνομάζει,
760 1901 848 1954 διὰ
885 1900 982 1972 τὴν
1020 1904 1356 1972 φαινομένην
1381 1905 1802 1979 ἐνανθρὼπησιν

203 1992 394 2054 αὑτοῦ.
428 1994 539 2046 Καὶ
569 1992 728 2046 τοῦτο
758 1995 1002 2065 συνεχῶς
1029 1996 1204 2063 λέγει,
1240 1996 1500 2065 βεϐαιῶν,
1534 1999 1616 2051 ὅτι
1650 2001 1796 2055 κατὰ

203 2085 462 2153 ἀλήθειαν
494 2084 912 2156 ἐνηνορώπησε,
954 2089 1052 2137 καὶ
1079 2084 1226 2145 ἔστω
1260 2103 1342 2139 σοι
1367 2087 1528 2142 τοῦτο
1556 2088 1653 2141 τοῦ
1684 2091 1801 2143 λοι-

204 2179 305 2240 τοῦ
335 2177 637 2249 γνώριμον.

281 2273 344 2323 '0
375 2271 443 2324 δὲ
485 2271 668 2341 ἀγρὸς
695 2303 760 2314 —-
785 2274 1034 2343 κόσμος.
1096 2272 1384 2344 Ἀνωτέρω
1429 2275 1560 2346 περὶ
1604 2275 1798 2329 τούτου

205 2368 562 2436 προείρηται.

275 2460 349 2514 Τὸ
381 2462 450 2513 δὲ
472 2461 664 2515 καλὸν
691 2491 761 2501 --
781 2461 968 2517 είσίν.
1025 2459 1182 2524 Τίνες
1215 2462 1328 2532 (57)
1356 2456 1505 2516 οὗτοι
1531 2477 1546 2528 ;

275 2579 337 2627 Οἱ
375 2577 489 2629 υίοί
524 2575 636 2644 τῆς
673 2577 1018 2642 ἰῗιῑσιλιείας.
1063 2577 1183 2630 Υἱοὶ
1231 2579 1330 2646 μὲν
1369 2581 1470 2650 τῆς
1513 2580 1799 2650 βασιλείας

206 2669 258 2722 ii
280 2687 454 2732 ,ονται
490 2672 538 2722 oi
583 2669 874 2739 ὀροόδοξοι,
905 2671 980 2733 ὡς
1009 2671 1114 2723 ὑπὸ
1137 2671 1231 2724 τοῦ
1260 2671 1529 2741 βασιλέως
1554 2675 1796 2742 Χριστοῦ

208 2765 509 2830 σπαρέντες
552 2766 632 2824 εἰς
669 2764 951 2832 γεωργίαν
985 2765 1211 2834 ἀρετῆς,
1247 2769 1340 2817 καὶ
1372 2766 1484 2834 (58)
1519 2768 1798 2838 κληρονο-

209 2861 326 2923 μεῖν
391 2858 487 2925 τῆς
559 2857 836 2925 βαῖιλεῖας
911 2858 1081 2909 αὑτοῦ
1151 2857 1478 2925 μέλλοντες·
1547 2862 1656 2913 υἱοὶ
1717 2862 1796 2928 δὲ,

205 2951 298 3002 τοῦ
352 2949 619 3018 πονηροῦ,
663 2953 713 3002 οἱ
764 2952 1056 3019 αἱρετικοὶ,
1115 2950 1189 3014 ὡς
1240 2951 1346 3004 ὑπὸ
1394 2952 1489 3004 τοῦ
1540 2953 1794 3007 διαῦὀλου

209 3044 511 3111 σπαρέντες
564 3045 643 3104 εἰς
691 3041 966 3110 γεωργίαν
1007 3043 1226 3106 κακίας,
1281 3043 1377 3096 καὶ
1430 3044 1796 3114 κληρονομεῖν

207 3137 295 3186 τος-3
347 3136 750 3204 ἡτοιμασμένου
803 3135 952 3202 αύτῷ
1001 3135 1171 3205 πυρὸς
1232 3137 1521 3205 μέλλοντες
1565 3139 1794 3206 ὁμοίως.

281 3227 354 3280 Td
399 3226 466 3278 δὲ
509 3225 719 3285 ζὶζὶίνια
765 3255 834 3268 ——
892 3227 1183 3295 πονηροῦ.
1233 3227 1461 3298 Εἴρηται
1517 3228 1620 3298 ἤδη
1667 3228 1798 3300 περὶ¹

207 3324 437 3373 τούτων.

285 3412 340 3464 Ὀ
377 3413 444 3465 δὲ
473 3413 686 3480 ἐχθρὸς
711 3442 781 3451 -—
809 3413 990 3466 εἰσίν.
1027 3413 1137 3466 Καὶ
1172 3414 1302 3483 περὶ
1336 3411 1544 3466 τούτων
1574 3416 1797 3484 προδιε-

208 3505 465 3570 ἓιὶεὶνιμεν.
499 3503 633 3573 ’Χρὴ
670 3504 726 3553 δέ
768 3519 826 3554 σε
869 3505 1257 3570 μνημονεύειν,
1297 3503 1378 3555 ὅτι
1416 3506 1474 3556 ὲν
1506 3504 1583 3570 τῷ
1621 3505 1799 3556 ὀκτωο

210 3597 326 3649 κ·.;δ
363 3597 513 3664 κεὶτῳ
560 3595 860 3661 κεφαλαίῳ,
904 3593 1167 3663 Οερισμὸν
1220 3595 1320 3663 μὲν
1369 3595 1620 3657 ἐκάλεσε,
1672 3598 1797 3660 τοὺς

212 3690 501 3743 πιστεῦσαι
544 3689 874 3756 μέλλοντας,
916 3689 991 3750 ὡς
1027 3688 1282 3758 ἑτοίμους
1317 3689 1399 3751 είς
1432 3692 1493 3742 τὸ
1527 3707 1798 3759 συγκομιο

212 3784 443 3850 cor-5.1:.
496 3782 754 3851 Θεριστὰς
802 3783 878 3842 δὲ,
935 3785 1062 3845 τοὺς
1114 3783 1555 3853 συγκομίζοντας
1599 3785 1800 3846 αὐτοὺς

208 3878 560 3936 arundinea;
606 3877 691 3927 ‘Ev
727 3875 781 3927 δὲ
814 3874 890 3944 τῷ
935 3875 1197 3946 παρόντι,
1232 3875 1496 3946 θερισμὸν
1531 3875 1666 3944 μὲν,
1701 3874 1801 3945 τὴν

210 3971 521 4020 παντέλειαν
563 3967 650 4019 τοῦ
702 3968 931 4036 κόσμου,
976 3967 1066 4020 διὰ
1095 3969 1195 4036 τὴν
1241 3965 1350 4020 ἀπὸ
1394 3968 1494 4036 τῆς
1529 3968 1798 4039 ἐπικήρου

209 4061 350 4128 ζωῆς
392 4060 634 4128 ἐκτομὴν
678 4059 787 4110 τῶν
839 4059 1185 4128 ἀνθρώπων·
1237 4058 1496 4129 Οεριστὰς
1550 4060 1630 4125 δὲ,
1674 4062 1796 4120 τοὺς

209 4154 572 4220 ἐκτέμνοντας
616 4152 812 4214 αὐτοὺς
848 4151 943 4203 ἀπ’
995 4152 1166 4220 αὐτῆς
1213 4151 1500 4219 ἀγγέλους.
1563 4151 1800 4221 Ὀμοίως

207 4245 261 4294 ἰὲ
295 4245 388 4294 καὶ
427 4242 688 4312 σπέρμα,
719 4241 897 4296 ὀπίσω
933 4243 1069 4310 μὲν,
1102 4243 1195 4296 τὸν
1225 4243 1387 4311 λόγον
1428 4244 1526 4312 τῆς
1560 4244 1800 4306 πίστεως

207 4335 492 4405 ὠνόμασεν
518 4353 530 4364 ·
569 4337 625 4386 ἐν
660 4336 716 4387 δὲ
752 4339 816 4406 τῇ
855 4337 1204 4409 προκειμένῃ
1247 4338 1558 4407 παραϐολῇ,
1601 4340 1801 4399 αὐτοὺς

205 4428 330 4487 τοὺς
364 4423 765 4488 πιστεύσαντας
787 4425 906 4479 κατ’
933 4425 1101 4496 ἄλλην
1135 4429 1230 4480 καὶ
1265 4427 1434 4498 ἄλλην
1468 4426 1698 4484 ἔννοιαν.
1740 4428 1798 4482 ’0

1910 1919 2154 1975 hominis
2195 1923 2436 1991 seipsum
2491 1925 2761 1990 nominat,
2823 1935 3052 1996 propter
3107 1926 3508 1982 humanitatem

1908 2028 2064 2069 suam
2104 2029 2226 2084 qua:
2284 2016 2637 2084 apparebat:
2707 2019 2901 2073 ethoc
2962 2019 3284 2089 frequenter
3350 2019 3506 2084 dicit,

1908 2104 2245 2159 conﬁrmans
2291 2106 2438 2174 quod
2482 2122 2607 2160 vere
2649 2108 3054 2162 humanitatem
3117 2111 3504 2179 assumpserit.

1907 2192 2024 2248 Erit
2053 2210 2185 2265 ergo
2219 2196 2316 2250 tibi
2351 2197 2456 2251 hoe
2505 2197 2768 2267 deinceps
2805 2198 3187 2253 manifestum.

1979 2288 2136 2345 Vers.
2176 2288 2265 2343 38.
2301 2290 2441 2360 Ager
2495 2306 2618 2344 vero
2640 2290 2985 2345 —mundus.
3024 2291 3290 2362 Superius
3321 2291 3386 2346 de
3405 2291 3508 2347 hoc

1904 2381 2229 2451 praedictum
2263 2390 2365 2436 est.

1978 2475 2136 2529 Vers.
2179 2475 2270 2530 38.
2312 2475 2524 2531 Bonum
2563 2495 2684 2533 vero
2711 2487 2936 2535 —-sunt.
2978 2479 3061 2550 -H-
3124 2478 3362 2546 Quinam
3397 2479 3508 2533 bi?

1976 2567 2138 2624 Vers.
2168 2569 2259 2624 38.
2301 2569 2430 2624 Filii
2467 2573 2636 2642 regni.
2712 2571 2836 2628 Filii
2877 2573 3032 2643 regni
3077 2572 3361 2636 dicuntur,
3413 2573 3504 2642 qui

1903 2671 2114 2718 rectam
2144 2673 2370 2718 servant
2411 2664 2572 2720 ﬁdem
2601 2685 2614 2720 :
2654 2677 2842 2736 utpote
2873 2683 2902 2720 a
2923 2683 3051 2736 rege
3085 2667 3308 2721 Christo
3339 2666 3505 2720 semi-

1903 2757 2020 2812 nati
2062 2757 2128 2810 ad
2177 2757 2465 2812 colendam
2520 2759 2802 2822 virtutem,
2866 2768 2917 2813 et
2985 2759 3050 2813 ad
3107 2759 3503 2827 possidendum

1904 2855 2026 2922 ejus
2057 2866 2307 2924 regnum.
2349 2850 2468 2905 Filii
2503 2867 2636 2906 vero
2669 2853 2793 2923 malli
2838 2853 3006 2920 illius,
3057 2861 3190 2907 sunt
3239 2853 3500 2919 haeretici,

1905 2957 2163 3014 tanquam
2195 2965 2220 3000 a
2236 2948 2454 3003 diabolo
2471 2948 2726 3003 seminali
2753 2948 2820 3002 ad
2844 2947 3128 3001 colendam
3153 2946 3502 3017 pravitatem,

1902 3047 1958 3094 et
1990 3040 2248 3094 similiter
2292 3041 2360 3096 ad
2390 3041 2790 3112 possidendum
2834 3041 3017 3113 ignem
3070 3039 3180 3110 ipsi
3227 3055 3505 3111 praepara-

1906 3139 2046 3187 tum.

1977 3225 2135 3280 Vers.
2155 3225 2240 3280 38.
2265 3225 2487 3280 Zizania
2507 3243 2626 3281 vero
2641 3227 2872 3280 —mali.
2901 3227 3061 3282 Modo
3078 3227 3146 3283 de
3169 3226 3278 3282 illis
3293 3226 3501 3282 dictum

1903 3326 2009 3371 PSi.

1979 3411 2134 3466 Vers.
2165 3413 2252 3467 39.
2287 3411 2544 3464 Inimicus
2571 3420 2747 3464 autem
2768 3441 2839 3450 —
2860 3420 3002 3464 sunt.
3057 3410 3236 3465 Etiam
3282 3411 3351 3464 de
3415 3409 3503 3463 his

1904 3503 2276 3572 praediximus.
2338 3500 2414 3554 'l‘e
2455 3510 2638 3554 autem
2674 3502 3013 3566 meminisse_
3052 3510 3290 3572 oportet,
3355 3503 3503 3572 quod

1904 3597 2120 3650 decimo
2155 3607 2350 3650 octavo
2409 3597 2587 3665 capite
2616 3610 2852 3650 messem
2913 3595 3197 3650 vocaverit
3256 3609 3351 3648 eos
3407 3595 3502 3664 qul

1905 3689 2166 3743 credituri
2213 3698 2391 3754 erant,
2447 3687 2615 3742 veluti
2674 3696 2898 3756 paratos
2938 3696 2999 3741 ut
3052 3686 3500 3757 colligerentur;

1906 3797 2182 3836 messores
2206 3792 2390 3835 autem
2449 3781 2543 3850 qui
2586 3781 2706 3836 illos
2746 3779 3110 3850 colligebant,
3162 3781 3441 3860 apostolos
3485 3798 3498 3846 ;

1907 3875 1961 3928 in
1995 3876 2246 3944 prsesenti
2282 3889 2412 3927 vero
2439 3874 2558 3928 loco
2588 3887 2821 3927 messem
2858 3872 2992 3927 dicit
3019 3871 3202 3928 saeculi
3239 3888 3504 3927 consum-

1908 3967 2204 4021 mationem
2279 3974 2503 4036 propter
2567 3967 2908 4020 excisionem
2964 3981 2994 4020 a
3063 3965 3176 4019 vita
3233 3965 3500 4019 mortali:

1905 4072 2177 4110 messores
2211 4066 2392 4109 autem
2427 4055 2669 4125 angelos,
2702 4054 2794 4126 qui
2826 4055 2894 4110 ab
2957 4069 3022 4110 ea
3069 4062 3197 4109 sunt
3229 4053 3353 4108 illos
3402 4068 3505 4107 εκ»-

1906 4150 2100 4204 eisuri.
2128 4149 2398 4203 Similiter
2433 4158 2485 4204 et
2518 4165 2706 4203 semen
2747 4149 3004 4219 superius
3033 4163 3347 4203 sermonem
3379 4147 3502 4201 ﬁdei

1910 4246 2254 4313 nuncupavit
2288 4261 2300 4297 :
2339 4245 2392 4296 in
2438 4245 2538 4298 hae
2577 4259 2704 4298 vero
2765 4243 3022 4313 parabola
3062 4256 3158 4295 eos
3197 4240 3506 4309 quicredi~

1907 4336 2110 4390 derunt
2135 4352 2148 4388 :
2172 4335 2326 4404 juxta
2355 4333 2526 4386 alium
2568 4334 2828 4388 videlicet
2859 4342 2915 4386 et
2941 4333 3108 4386 alium
3133 4330 3502 4384 intellectum.

1909 4427 2013 4492 Qui
2067 4429 2215 4479 enim
2257 4426 2492 4480 credidit
2547 4434 2601 4480 et
2653 4425 2894 4479 triticum
2957 4423 3183 4486 dicitur,
3244 4431 3504 4489 tanquam

210 4520 317 4588 γὰρ
350 4518 652 4578 πιστεύσας
683 4518 899 4586 λέγεται
935 4521 1032 4590 μὲν
1064 4522 1156 4572 καὶ
1184 4520 1442 4585 σίτος,ὼς
1468 4521 1678 4591 καρπὸς
1705 4522 1798 4575 τοῦ

1917 4517 2123 4572 fruetus
2166 4518 2328 4588 primi
2364 4518 2617 4583 seminis,
2655 4517 2809 4574 verbi
2849 4517 3062 4572 scilicet
3091 4516 3218 4571 ﬁdei
3250 4533 3264 4570 :
3303 4517 3508 4586 poterit

211 4609 430 4677 πρώτου
464 4609 802 4675 σπέρματος,
850 4612 992 4680 ἦτοι,
1030 4610 1125 4663 τοῦ
1173 4611 1334 4680 λόγου
1381 4612 1478 4680 τῆς
1535 4612 1796 4676 πίστεως.

209 4701 439 4767 Λέγοιτο
482 4700 526 4753 δ’
564 4701 630 4753 ἂν
670 4703 766 4754 καὶ
815 4704 1061 4773 σπέρμα,
1111 4703 1187 4766 ὡς
1236 4704 1604 4776 καρποφορῶν
1638 4706 1800 4759 πάλιν

209 4794 400 4861 ἕτερον
457 4797 536 4856 εἰς
580 4795 783 4848 πίστιν.
838 4795 952 4865 Οὐχ
997 4797 1310 4866 ἡρμήνευσε
1357 4797 1437 4862 δὲ,
1490 4797 1637 4860 τίνες
1701 4799 1802 4867 μὲν

209 4891 349 4941 εἰσιν
387 4891 437 4940 οἱ
485 4888 840 4950 καθεύδοντες
893 4890 1198 4958 ἄνθρωποι,
1233 4890 1382 4953 τίνες
1440 4891 1495 4943 δὲ
1527 4891 1576 4942 οί
1624 4890 1803 4942 δοῦλοι

207 4983 301 5034 τοῦ
337 4983 740 5044 οἰκοδεσπότου,
766 4982 901 5036 ἀλλὰ
934 4986 1187 5053 παρῆκεν
1215 4984 1435 5048 αὐτοὺς,
1464 4985 1494 5054 ἢ
1524 4984 1599 5046 ὡς
1630 4986 1801 5053 ὲγνω-

211 5080 468 5142 σμένους,
499 5075 531 5144 ἣ
564 5075 659 5127 καὶ
685 5075 978 5138 διδάσκων,
1008 5076 1092 5128 ὅτι
1125 5077 1185 5128 οὑ
1219 5075 1324 5146 χρὴ
1350 5077 1449 5138 τὰς
1481 5078 1800 5146 παραϐολὰς

210 5165 351 5214 κατὰ
383 5164 496 5229 (59)
533 5163 693 5233 ῥῆσιν
725 5163 1078 5234 ἑρμηνεύειν,
1118 5163 1194 5226 ὦς
1228 5182 1392 5234 φησιν
1432 5166 1459 5216 ό
1487 5166 1800 5237 Χρυσόστο-

213 5271 332 5326 μσς,
362 5255 499 5307 ἀλλὰ
523 5256 663 5306 κατὰ
696 5256 831 5325 μόνα
855 5256 924 5308 τὰ
952 5257 1359 5326 ἀναγκαιότερα
1391 5257 1502 5324 (40)
1537 5257 1700 5326 μέρη,
1733 5259 1796 5310 δι’

1906 4611 2266 4665 nihilominus
2321 4611 2426 4664 dici
2480 4625 2693 4673 semen,
2778 4619 2968 4680 utpote
3014 4623 3204 4664 rursus
3269 4608 3504 4662 alterum

1907 4705 1974 4759 ad
2016 4705 2179 4758 (idem
2211 4704 2568 4758 fructiﬁcans.
2613 4703 2734 4758 Non
2759 4713 2843 4758 est
2873 4713 3056 4759 autem
3111 4703 3506 4772 interpretatus

1905 4796 2130 4864 quinam
2186 4795 2297 4850 sint
2345 4794 2681 4848 dormientes
2735 4795 3025 4856 homines,
3078 4801 3135 4848 et
3195 4792 3288 4862 qui
3359 4791 3504 4845 servi

1909 4888 2323 4958 patrisfamilias
2353 4903 2368 4952 ;
2423 4889 2516 4941 sed
2551 4888 2674 4942 illos
2706 4887 3060 4957 praetermisit
3085 4893 3182 4940 aut
3241 4894 3500 4955 tanquam

1910 4981 2256 5043 manifestos,
2317 4993 2411 5036 aut
2450 4983 2616 5038 etiam
2641 4984 2846 5039 docens
2891 4985 3036 5054 quod
3094 5001 3204 5040 non
3251 4997 3503 5056 Oporteat

1907 5077 2197 5146 parabolas
2223 5078 2290 5132 ad
2329 5080 2556 5133 verbum
2596 5079 2974 5147 interpretari,
3012 5087 3072 5133 ut
3097 5079 3171 5134 ait
3227 5079 3498 5150 Chrysos-

1908 5179 2111 5234 tomus,
2159 5171 2253 5224 sed
2303 5181 2512 5225 tantum
2561 5171 2612 5224 in
2670 5171 2806 5226 locis
2855 5173 3090 5226 maxime
3142 5171 3495 5226 necessariis.

1905 5271 2130 5332 propter
2160 5279 2282 5333 qua:
2330 5265 2493 5317 etiam
2531 5275 2909 5320 assumuntur.
2976 5266 3114 5319 Nam
3178 5265 3384 5334 reliqua
3432 5275 3499 5316 eo

1414 5465 1617 5526 Varia}
1650 5465 1958 5528 lectiones
1993 5476 2053 5530 et
2085 5475 2270 5529 noue.

282 5625 393 5691 (57';
431 5625 547 5681 Hoc
573 5626 850 5682 exciderat
883 5627 934 5681 in
967 5628 1156 5682 codice
1195 5627 1476 5685 llentenii.

288 5698 397 5776 (38)
432 5695 521 5776 Bis
558 5697 660 5776 hoc
683 5699 1240 5776 λΙοςτρηκληρονομεῖν,
1268 5716 1367 5772 pro
1389 5703 1780 5776 κληρονομίαν,

215 5766 547 5822 duriuscule.
588 5769 694 5823 Sed
726 5769 860 5823 nihil
895 5766 1236 5830 tentandum.

1986 5635 2098 5705 (59)
2127 5636 2285 5690 Tom.
2319 5635 2428 5698 VII,
2463 5655 2515 5706 p.
2543 5639 2667 5693 487.
2700 5641 2763 5696 Ε.

1966 5707 2080 5775 (40)
2128 5708 2563 5776 Ἀναγκαιότατα
2595 5711 2658 5765 Λ.
