4020 6532
509 485 617 551 ιιι)

1741 462 2124 529 EUTtlYMll
2173 460 2542 524 ZIGABENI

3681 451 3798 514 420

512 593 896 652 multitudines
933 585 1352 646 inhabitantium
1393 585 1448 638 in
1490 598 1558 639 eo
1591 581 1898 644 hominum,
1950 582 2098 632 viro-

2214 572 2382 644 πλήθη
2412 571 2522 624 τῶν
2563 567 2996 637 ὲνὸιαιτωμένων
3022 563 3170 635 αὐτῷ
3204 562 3532 634 ἀνθρώπων,
3558 562 3801 631 ἀνδρῶν,

514 703 662 753 rum,
693 685 1007 745 mulierum,
1044 694 1364 750 puerorum.
1407 691 1627 738 senum,
1670 672 1942 728 cmlibum.
1973 684 2108 724 con-

513 773 1213 844 jugatorum,aliorumque
1257 769 1541 833 similium,
1592 776 1682 820 aut
1719 765 1881 819 etiam
1947 761 2104 817 dide—

519 869 709 923 rentiaz
740 866 903 920 variae
930 864 1197 935 gentium.

583 958 738 1012 Vers.
761 957 850 1012 48.
869 949 1571 1022 Quod—adjecerunt.Cum
1593 951 1874 1020 impletum
1895 948 2108 1011 fuisset,

523 1051 629 1104 hoc
659 1055 763 1113 est,
797 1047 1017 1117 quando
1052 1060 1244 1100 omnes
1306 1044 1696 1098 crediderant:
1757 1041 1978 1111 quidam
2009 1056 2108 1095 vo-

521 1136 769 1201 luntarii,
800 1135 1023 1205 quidam
1054 1143 1235 1188 autem
1272 1149 1380 1188 non
1428 1132 1744 1186 voluntarii.
1782 1132 1961 1186 Littus
1979 1145 2109 1185 vero

524 1227 776 1297 intelligit
802 1227 981 1281 locum
1029 1227 1084 1280 in
1115 1241 1223 1295 quo
1269 1226 1615 1294 jUtliCdUlrlIS
1647 1235 1731 1279 est
1785 1225 2050 1279 Dominus
2090 1243 2104 1280 :

523 1317 836 1388 colligentes
874 1325 1058 1371 autem
1127 1316 1375 1386 angelos.
1432 1314 1602 1369 Porro
1626 1316 1769 1370 bona
1793 1332 1912 1384 qua:
1953 1326 2110 1385 capta

523 1417 655 1461 sunt
679 1409 860 1478 justos
904 1407 1239 1476 signiﬁcant,
1273 1423 1439 1477 prava
1493 1415 1675 1463 autem
1715 1410 1928 1474 malos;
1981 1423 2107 1462 vasa

523 1515 657 1553 vero
689 1516 751 1554 eu
781 1516 899 1569 qua!
931 1501 1060 1555 solis
1085 1501 1250 1569 justis
1283 1500 1336 1552 in
1377 1500 1745 1554 limreditatem
1777 1511 1906 1554 sunt
1950 1516 2110 1569 repo-

525 1593 650 1644 sita.
682 1591 908 1660 Reliqua
955 1601 1138 1645 autem
1183 1592 1347 1661 hujus
1401 1593 1672 1662 parabolae
1707 1593 1961 1647 similiter
1997 1609 2108 1648 non

535 1692 666 1736 sunt
694 1697 1030 1750 magnopere
1062 1683 1325 1737 curanda.

604 1771 765 1828 Vens.
795 1773 1301 1829 t9.Sic—ueculi.
1327 1776 1436 1837 Sic,
1503 1775 1648 1830 sicut
1708 1777 1954 1831 dicturus
2005 1786 2108 1833 est.

587 1864 749 1918 Vens.
780 1867 864 1919 49.
897 1865 1126 1918 Exibunt
1159 1897 1225 1907 —
1261 1864 1418 1920 Vcrs.
1443 1866 1532 1919 50.
1556 1867 1810 1921 dentiant.
1841 1868 2002 1938 Atqui
2054 1871 2107 1924 in

527 1955 877 2022 sexagesimo
906 1954 1085 2022 primo
1143 1956 1322 2024 capite
1354 1955 1434 2009 ait
1479 1957 1625 2027 quod
1669 1957 1788 2025 ipse
1832 1959 2109 2028 separabit

527 2059 624 2098 eos
685 2060 712 2098 a
784 2060 842 2098 se
922 2045 1156 2098 invicem
1182 2047 1249 2099 ὀ.
1281 2045 1424 2112 Quid
1468 2061 1598 2118 ergo
1629 2048 1923 2103 dicendum
1974 2049 2110 2104 est?

524 2134 682 2200 Quod
739 2135 855 2204 ipse
885 2136 1104 2205 quidem
1143 2138 1420 2206 separabit
1452 2154 1548 2193 eos
1576 2154 1678 2193 suo
1707 2139 1899 2208 jussu:
1931 2140 2110 2210 angeli

523 2243 654 2281 vero
677 2227 1008 2296 separabunt
1038 2243 1133 2284 eos
1152 2230 1494 2300 Operatione,
1529 2240 1860 2300 praeceptum
1892 2231 2107 2286 Domini

528 2325 785 2386 tanquam
821 2318 1058 2372 ministri
1094 2331 1482 2389 exsequentes.
1509 2322 1804 2375 Estautem
1831 2337 2108 2390 separare,

522 2408 788 2463 dividere.
861 2408 998 2474 Quia
1055 2424 1185 2463 vero
1221 2410 1279 2463 in
1331 2411 1437 2464 line
1471 2412 1742 2480 parabola:
1793 2413 1932 2466 dixit
1961 2414 2106 2483 quod

521 2516 688 2570 prava
724 2500 869 2555 foras
907 2499 1248 2571 abjecerunt,
1322 2516 1392 2555 ne
1445 2503 1571 2570 quis
1604 2504 1920 2572 suspicetur
1984 2505 2108 2558 sine

522 2592 770 2662 periculo
823 2608 946 2647 esse
995 2591 1265 2662 ejusmodi
1305 2593 1655 2662 ejectionem,
1716 2595 2111 2663 interpretatur

525 2682 735 2748 dicens,
771 2684 917 2753 quod
945 2685 1110 2738 etiam
1145 2684 1365 2739 mittent
1396 2700 1493 2740 eos
1525 2686 1580 2740 in
1609 2687 1888 2741 caminum
1946 2688 2108 2757 ignis,

523 2780 579 2826 et
614 2785 832 2828 extera.

591 2867 746 2921 Vers.
780 2868 867 2921 5|.
900 2867 1038 2922 Dicit
1067 2901 1137 2910 —
1169 2871 1345 2923 omnia
1377 2869 1549 2936 ?Quaa
1581 2871 1835 2926 videlicet
1868 2873 1918 2925 in
1953 2889 2112 2941 para-

519 2956 661 3011 bolis
713 2959 1022 3012 necessaria
1103 2959 1287 3011 sunt?
1348 2961 1507 3028 Atqui
1582 2960 1790 3016 sciebat
1848 2971 2106 3030 tanquam

520 3045 666 3101 Deus
699 3047 842 3116 quod
868 3065 930 3102 ea
966 3049 1368 3104 intellexerant.
1407 3050 1697 3120 Reliquum
1724 3065 1809 3106 est
1861 3068 2009 3123 ergo,
2051 3063 2109 3106 ut

519 3139 623 3194 hoc
654 3156 804 3194 more
837 3142 1078 3194 humano
1111 3143 1552 3212 interrogaverit.

2210 664 2514 734 γυναικῶν,
2559 663 2717 727 νέων,
2763 660 3063 731 γερόντων,
3093 656 3804 726 ἀγάμων.γεγαμηκ6των,

2209 758 2305 810 καὶ
2343 755 2603 809 τοιούτων
2637 754 2836 818 ἄλλων,
2870 751 2906 821 ἢ
2941 751 3036 803 καὶ
3062 750 3130 802 τὰ
3159 749 3394 817 διάφορα
3428 748 3583 814 ἔθνη.

2287 942 2402 995 Ἦν
2458 967 2528 978 ——
2584 939 2827 991 ἔϐαλον.
2901 934 3034 985 Ὅτε
3109 929 3425 1000 ἐπληρώθη,
3499 930 3806 993 τουτέστιν,

2208 1034 2339 1086 ὅταν
2381 1029 2492 1099 (47)
2536 1028 2742 1088 πάντες
2781 1025 3138 1088 ἐπίστευσαν,
3175 1023 3223 1074 οἱ
3256 1023 3354 1089 μὲν
3394 1019 3640 1082 ἑκόντες,
3665 1022 3716 1071 οἱ
3751 1020 3810 1071 is

2209 1121 2465 1179 ἄκοντες·
2504 1115 2750 1183 αἰγιαλὸν
2797 1113 2854 1166 δὲ
2891 1115 3005 1164 νόει
3052 1112 3144 1163 τὸν
3195 1111 3395 1168 τόπον,
3438 1109 3568 1161 ἔνθα
3623 1111 3809 1177 μέλλει

2209 1218 2395 1284 κρῖναι
2440 1214 2467 1264 ὁ
2519 1209 2726 1278 Κύριος
2751 1223 2764 1236 ·
2802 1205 3167 1271 συλλέγοντας
3202 1203 3280 1269 δὲ,
3321 1203 3450 1263 τοὺς
3484 1203 3762 1270 ἀγγέλους
3792 1221 3805 1233 ·

2211 1307 2307 1358 καὶ
2341 1304 2482 1358 καλὰ
2515 1304 2614 1373 μὲν
2645 1299 2960 1370 θηράματα,
3003 1298 3128 1360 τοὺς
3168 1295 3410 1355 δικαίους
3436 1309 3448 1323 '
3495 1295 3686 1363 σαπρὰ
3729 1296 3809 1354 δὲ,

2209 1396 2338 1459 τοὺς
2396 1393 2700 1462 πονηρούς·
2741 1392 2939 1458 ἀγγεῖα
2991 1387 3197 1449 δὲ,τὰς
3255 1387 3809 1456 ἀποκεκληρωμὲνας

2211 1490 2326 1548 τοῖς
2359 1486 2592 1546 δικαίοις
2624 1483 2813 1553 μονάς.
2834 1481 3019 1535 Τάλλα
3049 1479 3105 1532 δὲ
3134 1479 3232 1548 τῆς
3261 1477 3580 1548 παραϐσλῆς
3603 1480 3813 1546 ὁμοίως

2213 1579 2273 1631 οὐ
2310 1573 2894 1645 πολυπραγμονητέον.

2291 1759 2490 1821 Οὕτως
2515 1787 2584 1798 —-—
2612 1754 2830 1820 αἰῶνος
2879 1753 3088 1814 Οὕτως,
3112 1753 3186 1814 ὡς
3227 1754 3361 1821 ἐρεῖ.

2289 1851 2757 1915 Ἐξελεύσονται
2787 1876 2857 1886 -
2889 1845 3174 1898 ὀδόντων.
3208 1845 3312 1895 Καὶ
3345 1848 3473 1912 μὴν,
3495 1845 3552 1894 ἐν
3579 1842 3656 1911 τῷ
3684 1843 3814 1910 sar,—

2216 1943 2398 2012 κοιττῷ
2446 1941 2649 2012 πρώτῳ
2689 1937 2975 2008 κεφαλαίῳ
3020 1935 3311 2006 (meimihi
3363 1935 3528 1997 αὐτὸς
3583 1935 3812 2003 ἅ’ξοριεῖ

2215 2035 2412 2096 αὐτοὺς
2443 2033 2537 2086 ἀπ’
2567 2033 2840 2102 ἀλλήλων.
2859 2030 2925 2083 Τί
2951 2025 3043 2082 οὖν
3081 2028 3231 2080 ἔστιν
3263 2029 3439 2079 εἰπεῖν
3458 2043 3473 2091 ;
3495 2025 3622 2078 Ὀτι
3644 2026 3813 2089 αὐτὸς

2217 2127 2317 2194 μὲν
2345 2126 2565 2195 ἀφοριεί
2599 2124 2798 2185 αὐτοὺς
2829 2122 2908 2190 τῷ
2967 2120 3387 2190 προστάγματι·
3421 2121 3470 2169 οἱ
3499 2118 3557 2169 δὲ
3585 2118 3813 2184 ἄγγελοι

2213 2217 2538 2287 ἀφοριοῦσιν
2594 2215 2796 2277 αὐτοὺς
2843 2217 2911 2285 τῇ
2951 2213 3226 2282 ἐνεργείᾳ,
3265 2211 3325 2263 τὸ
3361 2211 3699 2279 πρόσταγμα
3742 2213 3807 2262 ττι

2215 2298 2547 2361 Δεσποτικὸν
2577 2307 2652 2370 ὡς
2683 2306 2960 2376 ὑπηρέται
3012 2305 3369 2374 πράττοντες.
3407 2303 3717 2373 Ἀφορίζειν
3751 2305 3813 2358 δέ

2215 2403 2335 2453 ἐστι
2378 2401 2439 2452 τὸ
2469 2396 2838 2468 διαχωρίζειν.
2900 2397 3054 2448 Ἐπεὶ
3079 2396 3136 2450 δὲ
3164 2397 3223 2448 ὲν
3252 2394 3331 2464 τῷ
3369 2395 3512 2448 τέλει
3547 2395 3652 2464 τῆς
3706 2413 3814 2449 πα-

2217 2492 2452 2562 ραϐολῆς
2489 2488 2667 2557 εἶπεν,
2694 2492 2778 2542 ὃτι
2829 2488 2897 2541 τὰ
2950 2488 3138 2559 σαπρὰ
3187 2488 3292 2554 ἔξω
3330 2488 3544 2552 ἔϐαλον,
3587 2490 3676 2542 ἴνα
3732 2491 3810 2559 μὴ

2214 2585 2464 2656 ὑπολάϐῃ
2491 2582 2899 2648 τις,ἁκίνδυνον
2933 2578 3074 2633 εἶναι
3097 2580 3194 2650 τὴν
3215 2579 3475 2649 τοιαύτην
3494 2579 3809 2651 ἐξαγωγὴν,

2215 2680 2526 2747 ἡρμήνευσε
2560 2675 2788 2744 ταύτην,
2818 2672 3083 2744 εἰρηκὼς,
3103 2673 3183 2726 ὅτι
3209 2673 3301 2725 καὶ
3325 2671 3578 2742 βαλοῦσιν
3605 2676 3808 2736 αὐτοὺς

2213 2773 2292 2833 είς
2329 2772 2428 2839 τὴν
2461 2771 2690 2839 κάμινον
2722 2768 2816 2820 τοῦ
2855 2767 3050 2838 πυρὸς,
3089 2767 3183 2818 καὶ
3216 2765 3285 2818 τὰ
3322 2765 3471 2832 ἑξῆς.

2285 2864 2457 2931 Λέγει
2488 2892 2558 2901 --
2585 2860 2819 2919 πάντας
2845 2860 2924 2911 Tit
2956 2860 3232 2924 ἀναγκαῖα
3263 2857 3464 2928 δηλαδὴ
3490 2859 3600 2911 τῶν
3625 2877 3812 2930 παρα.

2213 2957 2408 3008 ϐολῶν.
2447 2955 2556 3006 Καὶ
2623 2953 2750 3022 μὴν,
2775 2952 2852 3012 ὡς
2910 2951 3041 3014 Θεὲς
3092 2950 3514 3018 ὲγίνωσκεν,ὃτι
3563 2953 3810 3022 συνῆκαν

2212 3048 2577 3113 αὑτὰ,λοιπδν
2611 3042 2824 3110 οὖν,ὠς
2856 3045 3143 3113 άνῦρωπος
3177 3044 3335 3098 τοῦτο
3378 3048 3659 3115 ἠρώτησε.

594 3229 744 3283 Vers.
771 3231 860 3284 51.
905 3231 1093 3284 Dicunt
1130 3261 1198 3271 —-
1240 3233 1396 3287 Vers.
1439 3233 1527 3288 59..
1571 3246 1763 3288 vetera.
1827 3235 1960 3288 Cum
2029 3237 2102 3289 illi

2281 3228 2583 3297 Λέγουσιν
2632 3256 2700 3267 -
2736 3225 2988 3280 παλαιά.
3040 3225 3529 3294 Ὁμολογησάντων
3573 3227 3808 3293 γνῶναι,

518 3321 646 3374 fassi
679 3333 867 3376 essent
890 3339 946 3377 se
970 3324 1297 3394 intelligere,
1334 3328 1647 3395 parabolant
1680 3328 1956 3382 subinl'ert
1982 3344 2104 3397 qua:

517 3413 732 3473 doceat,
777 3429 969 3467 omnes
995 3415 1234 3485 legitime
1264 3417 1334 3470 ab
1356 3418 1476 3484 ipso
1514 3420 1759 3480 edoctos,
1791 3419 2103 3486 intelligen-

518 3502 587 3554 tia
621 3503 908 3558 ditescere.
965 3504 1176 3567 Omnis,
1231 3507 1431 3574 inquit,
1491 3496 1667 3562 scriba
1705 3511 1820 3563 sive
1878 3510 2103 3579 sapiens

514 3593 744 3647 edoctus
774 3612 801 3647 a
837 3611 962 3664 rege
1007 3597 1270 3650 cmlurum
1310 3600 1400 3666 qui
1441 3608 1524 3652 est
1585 3599 1858 3663 Christus,
1899 3601 2105 3655 intelli-

515 3685 698 3751 gentia
733 3685 886 3737 dives
910 3695 994 3739 est
1030 3701 1045 3750 ;
1109 3687 1355 3751 edoctus,
1427 3688 1668 3756 inquam,
1706 3688 1774 3742 ab
1806 3704 1872 3743 eo
1926 3691 2107 3759 prius-

517 3790 679 3840 quam
731 3776 1212 3841 seilicetlallatur;
1243 3787 1300 3830 et
1338 3778 1530 3832 similis
1558 3778 1737 3833 factus
1769 3790 1852 3834 est
1893 3781 2101 3836 homini

514 3864 917 3934 patrifamilias,
965 3866 1016 3918 id
1071 3875 1178 3926 est,
1221 3867 1394 3932 diviti,
1432 3869 1524 3937 qui
1581 3870 1855 3938 depromit
1878 3874 2099 3940 quando

515 3958 630 4010 vult
661 3957 727 4010 de
757 3957 1013 4010 thesauro
1045 3969 1144 4011 sub
1178 3974 1348 4013 novas
1373 3971 1696 4029 veteresque
1766 3977 1853 4016 res
1877 3978 2096 4016 aureas.

516 4047 842 4116 intelligitur
863 4060 1042 4100 autem
1074 4065 1171 4116 per
1201 4063 1366 4108 nova.
1399 4051 1713 4105 intellectus
1740 4050 1875 4105 Novi
1906 4053 2101 4108 Testa-

517 4138 730 4203 menti;
794 4155 892 4207 per
941 4147 1121 4192 vetera
1184 4151 1388 4206 autem,
1449 4141 1680 4196 Veteris.
1751 4141 1906 4208 Quod
1973 4162 2101 4200 vero

519 4229 669 4291 dicit,
704 4228 1017 4298 Propterea,
1061 4247 1170 4285 non
1220 4241 1304 4286 est
1341 4249 1487 4288 nunc
1529 4251 1707 4290 causm
1771 4236 2098 4291 redditivum

515 4326 608 4378 sed
631 4324 1105 4388 coniirmattvum,
1135 4325 1185 4377 id
1217 4337 1323 4390 est,
1363 4343 1510 4381 Vere.

587 4415 740 4468 Vers.
769 4415 859 4468 55.
889 4415 958 4468 Et
989 4447 1055 4453 —
1087 4414 1238 4469 Vers.
1273 4418 1359 4472 54.
1396 4419 1630 4473 illorum.
1680 4420 1914 4475 Patriam
1982 4425 2100 4492 ejus

508 4517 669 4562 vocat
721 4513 986 4563 Nazareth
1050 4523 1306 4579 tanquam
1352 4514 1579 4580 patriam
1638 4513 1825 4568 Matris
1856 4516 2000 4583 ejus,
2036 4527 2091 4571 et

511 4599 656 4652 illius
681 4599 771 4667 qui
797 4601 1095 4668 putabatur
1113 4615 1267 4670 pater
1294 4604 1415 4671 ejus
1453 4622 1466 4657 :
1501 4614 1557 4658 et
1588 4615 1846 4672 tanquam
1911 4609 2088 4663 locum
2117 4575 2171 4633 Β

510 4689 598 4742 ubi
626 4691 870 4744 nutritus
900 4702 1034 4745 erat.
1095 4692 1235 4748 Dicit
1294 4695 1440 4748 enim
1485 4697 1661 4754 Lucas
1710 4700 1854 4766 quod
1883 4703 2092 4754 venerit

510 4781 775 4836 Nazareth
809 4785 899 4837 ubi
917 4783 1093 4838 fuerat
1125 4787 1363 4840 nutritus
1391 4788 1455 4844 ’¹.
1481 4789 1721 4843 Docebat
1766 4803 1946 4846 autem
1974 4808 2088 4848 eos.

512 4875 707 4938 Quos?
739 4873 843 4928 Eos
882 4877 1134 4930 videlicet
1165 4879 1256 4946 qui
1282 4894 1311 4932 e
1342 4879 1515 4948 patria
1539 4895 1634 4934 sua
1661 4894 1834 4936 erant.
1858 4884 2089 4938 Causam

507 4981 640 5019 vero
673 4975 891 5035 pmpter
911 4984 1070 5036 quam
1102 4969 1153 5020 in
1179 4985 1443 5042 synagoga
1469 4971 1718 5030 docebat.
1741 4975 2091 5043 praediximus

509 5057 562 5110 in
598 5059 870 5129 principio
895 5062 1070 5129 quarti
1107 5062 1320 5132 capitis.

614 5179 660 5210 ¹⁰
695 5179 889 5235 Matth.
937 5199 1093 5247 χχιιι,
1127 5183 1215 5237 52.
1333 5187 1375 5216 ἰ
1412 5185 1544 5241 Luc.
1570 5205 1641 5251 tv,
1677 5189 1764 5242 l6.

2207 3319 2356 3386 λέγει
2391 3316 2712 3385 παραϐολὴν
2746 3318 3136 3374 διδάσκουσαν.
3159 3318 3241 3369 ὅτι
3272 3319 3473 3381 πάντες
3492 3318 3541 3370 οἱ
3563 3320 3809 3387 γνησίως

2208 3411 2357 3482 αὐτῷ
2400 3410 2836 3480 μαθητευοέντες
2895 3410 3185 3462 πλουτοῦσι
3236 3410 3460 3478 γνῶσιν.
3501 3411 3615 3471 na,-
3669 3413 3804 3481 γὰρ,

2209 3502 2364 3571 φησὶ,
2419 3501 2810 3570 Γραμματεὺς,
2868 3501 3010 3571 ἦτοι,
3067 3501 3254 3568 σοφὸς,
3318 3500 3688 3571 μαθητευθεὶς
3729 3503 3810 3572 τῷ

2210 3594 2429 3647 Βασιλεῖ
2462 3593 2572 3646 τῶν
2600 3592 2866 3663 οὐρανῶν,
2920 3593 2979 3655 ὅς
3027 3594 3178 3645 ἐστιν
3214 3595 3242 3646 ὁ
3276 3592 3535 3663 Χριστὸς,
3577 3593 3810 3647 πλουτεῖ

2207 3688 2429 3756 γνῶσιν.
2462 3685 2847 3754 Μαθητευϐεὶς
2893 3685 2952 3738 δὲ
3001 3685 3174 3755 αὐτῷ,
3205 3685 3310 3755 πρὸ
3347 3685 3458 3756 (48)
3489 3686 3584 3739 τοῦ
3643 3705 3805 3756 σοφι-

2207 3779 2398 3847 σθῆναι
2429 3778 2696 3848 δηλονότι.
2721 3779 2832 3830 Καὶ
2877 3776 3054 3830 ἔοικεν
3095 3777 3372 3848 ἀνθρώπῳ
3410 3779 3801 3850 οἰκοδεσπότῃ.

2205 3868 2472 3933 τουτέστι,
2501 3867 2763 3934 πλοασίῳ.
2793 3868 2943 3930 ὅστις
2991 3866 3270 3929 ἐκϐάλλει,
3297 3867 3387 3918 ὅτε
3422 3866 3704 3936 βούλεται,
3739 3872 3802 3919 ὲκ

2205 3960 2300 4013 τοῦ
2364 3960 2646 4030 Οησαυροῦ
2695 3958 2862 4011 αὑτοῦ
2917 3958 3080 4010 καινὰ
3150 3958 3244 4011 καὶ
3311 3957 3520 4010 παλαιὰ
3571 3962 3798 4029 χρυσία.

2205 4053 2475 4106 Νοοῦνται
2515 4053 2772 4114 δὲ,καινά
2815 4053 2934 4121 μὲν,
2962 4051 3028 4104 τὰ
3059 4050 3158 4117 τῆς
3192 4049 3336 4112 Νέας
3366 4050 3650 4120 Διαοήκης
3673 4053 3798 4122 νοή-

2208 4161 2354 4213 ματα
2375 4161 2389 4174 ·
2427 4142 2634 4194 παλαιὰ
2663 4141 2740 4205 δὲ,
2759 4141 2828 4193 τὰ
2856 4142 2955 4209 τῆς
2989 4140 3261 4202 Παλαιᾶς.
3281 4140 3352 4193 Τὸ
3382 4140 3435 4193 δὲ
3461 4141 3565 4194 Διά
3600 4143 3798 4203 τοῦτο.

2202 4237 2304 4289 οὑκ
2337 4234 2455 4288 ἐστι
2508 4234 2604 4287 νῦν
2646 4232 3032 4301 αἰτιολογικὸν,
3070 4232 3209 4286 ἀλλὰ
3265 4232 3648 4302 βεϐαιωτικὸν,
3677 4235 3800 4287 ἀντὶ

2202 4329 2322 4393 τοῦ,
2371 4326 2636 4395 Ἀληθῶς.

2276 4419 2388 4473 Καὶ
2417 4449 2486 4458 -
2517 4416 2736 4471 αὐτῶν.
2762 4417 3004 4487 Πατρίδα
3021 4417 3185 4471 αὐτοῦ
3208 4418 3377 4487 λέγει,
3395 4419 3492 4489 τὴν
3510 4417 3793 4486 Ναζαρὲτ,

2201 4513 2278 4576 ὡς
2317 4512 2553 4580 πατρίδα
2589 4511 2692 4580 τῆς
2731 4511 2957 4579 Μητρδς
2985 4510 3150 4563 αὐτοῦ
3181 4511 3393 4564 καὶτοῦ
3424 4511 3794 4580 νομιζομένου

2203 4604 2409 4674 πατρὸς
2434 4602 2626 4665 αὑτοῦ,
2656 4603 2752 4654 καὶ
2784 4600 2859 4663 ὡς
2894 4603 3125 4672 τραφεὶς
3157 4604 3214 4654 ὲν
3253 4602 3392 4670 αὐτῇ
3441 4603 3583 4670 Φησὶ
3632 4603 3744 4670 γὰρ
3769 4605 3796 4655 ὁ

2203 4697 2443 4759 Λουκᾶς,
2463 4697 2545 4746 ὅτι
2571 4695 2665 4746 καὶ
2681 4690 2847 4763 ἦλθεν
2867 4695 2946 4755 εἰς
2965 4695 3063 4763 τὴν
3086 4691 3366 4764 Ναζαρὲτ,
3385 4685 3444 4745 οὗ
3462 4689 3529 4763 ἦν
3547 4693 3795 4764 τεθραμ-

2204 4791 2386 4860 μένος.
2422 4787 2702 4838 Ἐδίδασκε
2740 4786 2796 4838 δὲ
2836 4786 3056 4848 αὐτοὺς,
3083 4785 3236 4849 τινας
3259 4803 3272 4849 ;
3297 4785 3510 4853 Δηλαδὴ
3533 4785 3665 4847 τοὺς
3691 4788 3791 4855 τῆς

2202 4880 2463 4949 πατρίδος
2496 4875 2683 4928 αὐτοῦ.
2717 4875 2830 4944 Τὴν
2862 4875 3042 4927 αἰτίαν
3075 4876 3154 4940 δὲ,
3180 4875 3248 4928 δι’
3275 4877 3340 4944 ἣν
3372 4878 3430 4928 ὲν
3458 4877 3580 4936 ταῖς
3623 4894 3791 4929 συνα-

2204 4973 2412 5040 γωγαῖς
2439 4969 2706 5030 διδάσκει,
2742 4967 3158 5037 προειρήκαμεν
3197 4968 3256 5019 ἐν
3288 4967 3433 5036 ἀρχῇ
3471 4965 3564 5019 τοῦ
3597 4967 3791 5035 τετάρ-

2198 5082 2291 5117 του
2338 5061 2654 5126 κεφαλαίου.

1699 5329 1900 5390 νοτία)
1930 5329 2233 5393 lectiones
2271 5336 2333 5390 et
2373 5335 2566 5389 notas.

577 5481 693 5548 H7)
730 5486 858 5536 Ὅτε
891 5485 955 5537 Α.

583 5554 692 5624 (48)
750 5554 820 5606 Ex
888 5555 1138 5608 llentcnii
1205 5558 1679 5628 interpretatione,
1723 5577 1844 5629 quas
1906 5573 2085 5616 tamen

507 5635 724 5674 sensum
750 5642 868 5701 _nun
906 5637 989 5678 est
1033 5641 1302 5701 assecuta,
1345 5632 1663 5701 intelligitur
1696 5636 1909 5697 saltem,
1936 5634 2087 5687 ἰΙΙιιιη

506 5705 722 5758 quoque
749 5696 799 5772 in
838 5711 936 5749 suo
977 5697 1164 5772 pgilice
1224 5703 1491 5772 reperisse
1527 5696 1668 5771 ’πρά
1718 5702 1770 5754 Si
1824 5719 1954 5772 ergo
1986 5704 2092 5768 ςτρὸ

507 5765 822 5841 necessario
871 5765 1253 5841 expliqajidum
1286 5765 1408 5833 est,
1449 5765 1606 5825 aliter
1659 5773 1831 5841 accipi
1880 5765 2087 5841 nequit,

507 5845 668 5898 quam
721 5837 847 5902 πρὶν
879 5834 1194 5904 διδαχθῆναι
1244 5841 1374 5906 παρ’
1423 5841 1726 5911 ἀνθρώπων
1777 5834 1840 5895 τὰ
1877 5834 2088 5913 dvo-pd);

2188 5507 2312 5554 ποις
2359 5490 2641 5553 δοκοῦντα,
2676 5488 2791 5541 ἀλλ’
2827 5487 2887 5539 οὐ
2923 5489 3063 5557 Θεῷ.
3104 5490 3215 5542 lloc
3270 5499 3449 5543 autem
3493 5491 3624 5545 mihi
3667 5492 3781 5546 dis-

2186 5562 2372 5631 plicet.
2411 5561 2586 5613 Malim
2647 5576 2795 5637 er,-o_
2819 5561 3090 5637 sententia
3120 5561 3558 5637 commodissima
3600 5575 3654 5616 et
3688 5580 3784 5637 e5-

2190 5630 2555 5702 peditissitna,
2587 5632 2717 5698 πρὸς
2750 5632 2808 5681 τὸ
2856 5631 3182 5696 σοφισοῆναι
3214 5631 3375 5702 παρὰ,
3399 5630 3489 5683 τοῦ
3515 5630 3778 5702 Χριστοῦ.

2190 5701 2570 5769 Μοιθητευθείς
2601 5716 2731 5768 ergo
2764 5717 2872 5752 non
2906 5711 2989 5752 est
3019 5703 3250 5765 cdocms,
3287 5701 3403 5764 sed,
3441 5705 3530 5770 qui
3569 5704 3778 5756 Christi

2192 5773 2377 5829 schola
2406 5782 2459 5826 et
2488 5771 2732 5824 doctrina
2764 5785 2894 5824 usus
2927 5779 3028 5823 est.
