4020 6530
204 427 299 493 421

1058 434 1450 496 COMMENT.
1494 435 1575 495 ΙΝ
1622 434 2100 495 ΜΛΤΤΗΒυΜ.
2139 459 2211 472 -·-·
2251 436 2409 514 CAP.
2455 435 2631 500 ΧΙΙΙ..

3380 441 3488 505 422

269 541 451 595 Ὥστε
492 571 554 581 -
590 540 900 610 δυνάμεις.
947 540 1011 595 Ἡ
1041 544 1204 610 σοφία
1241 543 1351 596 τῶν
1393 541 1592 612 λόγων,
1616 541 1712 594 καὶ
1732 540 1788 594 αί

1967 541 2123 597 Vers.
2154 541 2241 596 δι.
2275 541 2362 596 Ita
2397 551 2453 596 ut
2475 545 2807 597 —virmm.
2846 543 3128 615 Sapientia
3177 560 3498 604 sermonum

202 633 460 701 δυνάμεις
493 633 602 686 τῶν
629 633 824 700 λόγων.
854 634 924 686 Ἢ
959 634 1219 705 δυνάμεις
1243 634 1401 688 καλεῖ
1416 635 1484 688 τὰ
1511 633 1792 703 θαύματα.

198 726 504 788 Βλέποντες
556 727 668 794 γὰρ
702 727 870 779 αὐτὸν
913 726 1222 796 ὑψηλότερα
1256 726 1356 796 μὲν
1397 727 1494 778 καὶ
1547 723 1792 778 πιθανώ-

201 833 332 883 τερα
386 817 497 870 τῶν
559 817 732 872 πάλαι
777 818 1124 889 περιϐοήτων
1173 817 1388 889 ἀνδρῶν
1443 819 1787 884 διδάσκοντα,

203 910 430 978 μείζονα
461 911 519 963 δὲ
553 911 810 982 Θαύματα
853 911 1138 978 ποιοῦντα,
1178 913 1273 965 καὶ
1311 913 1665 980 ἀγνοοῦντες.
1706 913 1790 965 ὅτι

201 1001 362 1065 -ιὺτδς
392 997 460 1073 ἦν
495 1004 660 1072 σοφία
707 1001 846 1056 Θεοῦ
901 1004 997 1056 καὶ
1028 1003 1296 1074 δύναμις·
1326 1003 1641 1074 ἐθαύμαζον
1691 1005 1790 1075 μὲν

194 1097 293 1146 καὶ
323 1097 449 1158 τοὺς
480 1096 674 1164 λόγους
711 1094 880 1148 αὑτοῦ
913 1096 1008 1148 καὶ
1041 1095 1110 1149 τὰ
1163 1096 1423 1166 θαύματα
1447 1114 1461 1126 υ
1496 1099 1578 1160 είς
1622 1099 1790 1149 αὐτὸν

197 1185 270 1246 δὲ,
291 1181 381 1235 τὸν
397 1184 622 1236 τοιαῦτα
635 1183 955 1248 διδάσκοντα
969 1184 1072 1241 καὶ,
1083 1201 1140 1236 τε
1150 1186 1580 1256 ρατουργοῦντα,
1595 1189 1790 1240 ἐσκαν-

197 1275 494 1341 δαλίζοντο,
523 1277 592 1329 δι’
622 1277 776 1331 οὐδὲν
806 1277 1074 1349 ἓτερον,ἢ
1119 1277 1256 1331 διότι
1292 1279 1496 1347 γονέων
1524 1275 1595 1351 ἦν
1629 1281 1786 1332 εὺτεε

195 1367 322 1420 λῶν.
358 1367 500 1422 Ἀλλ’
537 1370 708 1434 ὅντως
751 1370 954 1438 τυφλὸν
975 1371 1071 1424 καὶ
1089 1371 1320 1441 ἀνόητον
1341 1375 1369 1425 ὁ
1398 1371 1614 1440 φθόνος.
1653 1372 1771 1439 Ἀφ’

194 1451 265 1508 ὧν
325 1459 436 1528 γὰρ
493 1459 602 1512 ἔδει
651 1459 855 1528 μᾶλλον
907 1459 1236 1529 θαυμάζειν,
1294 1462 1391 1514 καὶ
1450 1465 1785 1531 προσκυνεῖν

193 1548 372 1613 αὑτὸν,
401 1549 483 1602 ὅτι
510 1550 771 1603 τοιούτων
808 1551 1013 1620 γονέων
1050 1552 1291 1615 τοιοῦτος
1337 1553 1608 1622 προῆλθεν
1643 1556 1780 1620 υίὸς,

185 1640 303 1692 ἀπὸ
339 1639 550 1694 τούτων
577 1642 658 1705 εἱς
690 1641 856 1696 αὐτὸν
897 1643 1373 1708 σκανδαλίζονται.

261 1825 391 1893 Οὐχ
441 1820 715 1891 οὗτος-
743 1826 900 1892 είσί;
960 1827 1132 1880 Ταυτὶ
1185 1827 1365 1881 πάντα
1409 1827 1530 1881 κατ’
1558 1827 1778 1898 ἐρώτηη

188 1933 273 1969 σιν
325 1919 728 1986 ἀναγνωστέον.
790 1919 1196 1989 Διαποροῦντε;
1231 1920 1340 1991 γὰρ
1371 1921 1560 1988 ἔλεγον
1602 1920 1776 1974 ταῦτα

187 2009 328 2077 πρὸς
391 2008 679 2079 ἀλλήλους.
739 2011 900 2078 Πρὸς
954 2010 1115 2080 ἡμᾶς
1181 2010 1260 2074 δὲ.
1319 2012 1444 2065 ἀντὶ
1476 2012 1594 2078 τοῦ,
1648 2014 1784 2084 Παρ⁸

189 2098 346 2165 ἡμῖν.

258 2187 455 2242 Πόθεν
479 2219 547 2234 —-
578 2189 816 2256 :t’drta;
860 2191 1003 2260 Ὅρα
1042 2191 1268 2261 βαθεῖαν
1303 2194 1512 2248 ἄνοιαν.
1545 2194 1783 2261 Λέγουσι

186 2281 320 2349 γὰρ,
352 2281 454 2345 ὃτι,
502 2282 656 2335 Ἐπεὶ
690 2284 894 2351 γονέων
925 2284 1165 2336 εὐτελῶν
1198 2287 1340 2349 ἐστι,
1404 2286 1572 2340 πόθεν
1621 2287 1782 2340 ἄλλο·

187 2369 277 2420 θεν
313 2370 489 2441 τούτῳ
520 2372 698 2428 ταῦτα
721 2377 898 2427 πάντα
941 2378 1379 2445 προσεγένοντο;
1432 2380 1544 2432 Καὶ
1577 2381 1706 2450 μὴν,
1738 2373 1782 2432 ὦ

191 2463 434 2530 μάταιοι,
467 2465 569 2518 οὐκ
597 2466 706 2520 ἀπὸ
735 2468 943 2534 γονέων
970 2469 1246 2532 εὐκλείας,
1271 2471 1384 2523 οὐδ’
1417 2471 1526 2526 ἀπὸ
1557 2473 1780 2542 χρημά-

186 2572 298 2606 των
331 2548 640 2624 δαψιλείας,
671 2557 702 2629 ῆ
735 2561 986 2611 τοιούτου
1040 2560 1206 2624 τινὸς,
1240 2561 1356 2613 ἀλλ’
1410 2563 1469 2628 ἐξ
1519 2565 1780 2633 ἐναρέτου

188 2647 471 2710 πολιτείας
521 2649 554 2717 ὴ
613 2649 816 2717 γνῶσις
863 2653 960 2704 καὶ
1015 2653 1081 2705 τὰ
1139 2651 1400 2720 θαύματα
1446 2653 1634 2706 θεόθεν
1669 2658 1782 2719 τοῖς

189 2737 361 2800 ἀξίοις
396 2741 738 2809 χαρίζονται⁴

262 2831 467 2883 Καὶ-
496 2831 677 2896 αὐτῷ.
727 2833 872 2886 ’Λντὶ
914 2835 1029 2896 τοῦ,
1081 2837 1198 2888 Ἐπ’
1248 2837 1416 2908 αὐτῷ.

268 2923 334 2974 '0
367 2923 434 2975 δὲ
477 2924 722 2991 Ἰησοῦς
749 2956 816 2966 -
850 2928 1058 2983 αὑτοῦ.
1110 2929 1167 2982 Ὀ
1225 2931 1280 2982 δὲ
1311 2934 1548 3002 Μάρκος
1602 2930 1778 3000 εἶπεν,

189 3014 271 3065 ὃτι
316 3016 384 3067 El
428 3015 516 3083 μὴ
546 3017 616 3068 ἐν
637 3015 708 3084 τῇ
735 3017 973 3084 πατρίδι
993 3021 1204 3087 αὐτοῦ,
1246 3023 1346 3076 καί
1372 3023 1443 3077 ἐν
1472 3025 1596 3092 τοῖς
1633 3043 1781 3094 avr-

191 3107 420 3173 γενέσι,
450 3107 550 3160 καὶ
606 3108 678 3161 ἐν
709 3110 780 3177 τῇ
815 3113 978 3178 οἰκίᾳ
1002 3114 1210 3167 αὑτοῦ.
1237 3116 1780 3188 Παραδειγματικῶς

1897 642 1954 688 et
1981 635 2214 688 virtutes
2242 642 2560 688 verborum.
2594 635 2700 688 Aut
2729 637 2966 690 virtutes
3016 645 3177 691 vocat
3205 638 3492 694 miracula.

1898 723 2168 780 Videntes
2197 726 2344 780 enim
2371 741 2496 780 eum
2519 727 2808 781 docentem
2827 744 2947 796 qum
2981 729 3279 782 excelsiora
3315 743 3494 793 erant,

1899 807 2183 887 magisque
2240 820 2493 886 apposita
2553 819 2618 872 ad
2688 821 3330 889 persnadendumquam
3372 839 3494 890 qua:

1893 906 2199 961 docuerant
2226 907 2325 960 viri
2359 909 2634 976 quondam
2664 910 2931 978 insignes.
2974 910 3267 964 facientem
3320 912 3487 965 etiam

1895 1000 2100 1069 majora
2135 1000 2420 1064 miracula,
2470 1014 2526 1055 et
2581 1006 2899 1072 ignorantes
2933 1018 3060 1056 eum
3119 1002 3211 1056 Dei
3248 1017 3372 1055 esse
3403 1019 3492 1055 sa-

1893 1095 2158 1160 pientiam
2188 1109 2249 1146 ac
2277 1094 2560 1155 virtutem,
2591 1094 2933 1147 mirabantur
2960 1104 3017 1148 et
3052 1110 3337 1148 sermones
3365 1095 3486 1162 ejus

1892 1195 1946 1238 et
1984 1186 2274 1238 miracula.
2321 1185 2765 1240 Oﬂendehantnr
2818 1197 3005 1240 autem
3065 1203 3163 1256 per
3225 1203 3374 1252 eum,
3399 1190 3490 1256 qui

1892 1277 2015 1330 talia
2045 1277 2266 1330 doceret
2291 1293 2353 1330 ac
2381 1278 2641 1331 miracula
2673 1279 2984 1346 hujusmoqi
3018 1280 3226 1342 ederet,
3249 1280 3318 1333 ob
3339 1281 3487 1332 aliud

1890 1370 2050 1432 nihil,
2086 1371 2189 1423 nisi
2227 1371 2368 1440 quod
2407 1371 2707 1424 humilibus
2755 1380 2911 1424 ortus
2966 1381 3112 1425 esset
3146 1373 3487 1435 parentibus.

1891 1458 1998 1513 Sed
2037 1476 2164 1514 vere
2196 1475 2340 1514 caeca
2372 1469 2429 1514 et
2454 1459 2737 1514 insensata
2789 1476 2878 1513 res
2909 1470 2993 1514 est
3045 1461 3273 1514 invidia.
3327 1462 3485 1516 Unde

1887 1551 2038 1604 enim
2100 1553 2270 1622 magis
2328 1552 2590 1606 admirari
2645 1567 2885 1620 eumque
2943 1554 3178 1606 adorare
3222 1555 3491 1621 oportuit,

1867 1645 2034 1712 quod
2063 1643 2132 1697 ab
2159 1644 2432 1713 ejusmodi
2463 1647 2785 1714 parentibus
2827 1645 2948 1698 talis
2972 1645 3296 1716 progenitus
3340 1657 3488 1700 esset

1890 1737 2051 1800 filius,
2076 1736 2205 1790 inde
2235 1751 2333 1806 per
2364 1751 2492 1790 eum
2525 1737 2971 1791 oﬂendebantur.

1957 1827 2115 1882 Veis.
2151 1829 2240 1893 55,
2279 1829 2365 1883 56.
2406 1829 2550 1881 Num
2578 1830 2660 1881 hic
2682 1859 2748 1868 -—
2793 1831 2967 1882 sunt?
3019 1827 3145 1882 llree
3173 1829 3355 1882 omnia
3394 1845 3491 1898 per

1893 1922 2379 1989 interrogationem
2432 1920 2656 1989 legenda
2697 1930 2826 1973 sunt
2859 1939 2871 1974 :
2915 1936 3038 1973 nam
3080 1922 3196 1975 hanc
3227 1922 3488 1975 Ιιιιτείιίιιιο

1887 2021 1968 2066 tes
2000 2012 2236 2066 invicem
2264 2012 2544 2068 dicebant.

1961 2189 2117 2244 Vers.
2147 2191 2237 2245 56.
2283 2191 2431 2245 Unde
2461 2221 2530 2231 --
2561 2193 2739 2246 omnia
2772 2195 2796 2248 ?
2828 2191 2964 2246 Vide
3020 2200 3320 2246 extremam
3383 2192 3484 2245 de-

1884 2282 2172 2336 mentiam.
2202 2279 2558 2335 Dicuntenim
2585 2281 3208 2335 :Pareutibuuortusi-st
3230 2282 3486 2334 tenuibus

1886 2373 2031 2426 unde
2083 2388 2214 2443 ergo
2259 2372 2388 2426 huic
2451 2373 2634 2426 omnia
2666 2373 2766 2426 ista
2801 2372 3219 2440 provenerunt?
3248 2374 3411 2438 Atqui
3446 2389 3479 2422 υ

1883 2467 2029 2528 vani,
2097 2483 2204 2520 non
2260 2467 2330 2520 ob
2371 2474 2660 2534 parentum
2696 2465 3146 2534 generositatem,
3199 2479 3376 2530 neque
3411 2464 3481 2516 ob

1884 2559 2199 2614 divitiarum
2238 2557 2593 2614 afﬂuentiam,
2630 2565 2723 2610 aut
2781 2555 2930 2608 aliud
2963 2558 3242 2623 quippiam
3293 2555 3482 2622 hujus-

1885 2651 2054 2716 modi,
2111 2650 2206 2704 sed
2265 2651 2336 2703 ob
2398 2649 2671 2718 egregiam
2748 2648 2912 2699 vitam
3003 2648 3361 2714 intelligentia
3421 2662 3484 2700 ac

1885 2741 2148 2797 miracula
2175 2741 2441 2794 divinitus
2490 2740 2573 2792 his
2596 2738 2688 2806 qui
2721 2738 2868 2805 digni
2913 2746 3041 2790 sunt
3073 2737 3373 2789 donantur.

1954 2835 2108 2889 Vers.
2149 2833 2238 2887 57.
2276 2832 2345 2884 Et
2377 2860 2444 2868 -—
2471 2846 2609 2884 eum.
2649 2830 2870 2882 lloccst
2897 2842 3064 2895 super
3125 2827 3236 2878 illo.

1961 2925 2113 2980 νει-ε.
2176 2924 2267 2977 57.
2311 2923 2462 2976 Iesus
2516 2932 2696 2974 autem
2729 2947 2796 2959 -—-
2831 2935 2952 2972 sua.
3015 2917 3232 2970 Marcus
3292 2926 3476 2967 autem

1885 3017 2054 3072 dixit:
2108 3014 2226 3066 Nisi
2281 3015 2337 3064 in
2398 3013 2577 3078 patria
2634 3027 2757 3074 sna,
2789 3018 2836 3060 et
2872 3009 3010 3060 inter
3039 3017 3306 3077 cognatos.
3332 3016 3378 3057 et
3412 3009 3467 3056 in

1885 3113 2039 3162 domo
2075 3124 2172 3160 sua
2215 3109 2284 3158 η.
2317 3106 2398 3157 Ab
2422 3105 2676 3170 exemplo
2705 3109 2886 3154 autem
2925 3100 3168 3168 seipsum
3199 3097 3474 3165 significa-

192 3194 249 3247 δὲ
286 3197 480 3249 ἑαυτὸν
521 3200 795 3269 ἐδήλωσεν
827 3206 854 3256 ὁ
887 3205 1142 3274 Χριστός.
1181 3207 1291 3260 Καὶ
1323 3209 1381 3260 ἐν
1407 3211 1508 3278 μὲν
1564 3215 1630 3281 τῇ
1670 3230 1778 3264 πα-

1892 3202 1962 3254 vit
1985 3200 2262 3261 Christus,
2312 3195 2376 3248 Et
2399 3197 2451 3246 in
2477 3197 2680 3263 patria.
2707 3193 2844 3246 dixit
2869 3200 3097 3260 propter
3124 3202 3290 3244 totam
3313 3190 3482 3242 Naza-

191 3289 333 3357 τρίδι
386 3294 599 3361 εἴρηκε,
651 3294 741 3347 διὰ
784 3299 968 3350 πᾶσαν
998 3299 1097 3368 τήν
1148 3299 1428 3369 Ναζαρέτ·
1460 3304 1518 3353 ὲν
1565 3303 1621 3354 δὲ
1667 3308 1779 3367 τοῖς

191 3384 509 3450 συγγενέσι,
540 3385 629 3438 διὰ
663 3389 789 3450 τοὺς
834 3389 1194 3459 ὁπωσδήποτε
1237 3397 1524 3460 συγγενεῖς
1582 3395 1773 3448 αὐτοῦ·

189 3477 248 3526 ἐν
278 3476 336 3528 δὲ
389 3480 455 3548 τῇ
523 3479 694 3547 οἰκίᾳ,
730 3479 819 3533 διὰ
879 3482 1076 3551 μόνους
1101 3483 1231 3545 τοὺς
1281 3485 1559 3552 ’ἀδελφοὺς
1585 3488 1777 3540 αὐτοῦ’

187 3567 389 3630 πάντες
423 3569 530 3639 γὰρ
584 3570 750 3622 αὑτοῦ
805 3574 1198 3642 κατεφρόνουνο
1258 3576 1308 3626 al
1353 3577 1474 3645 μὲν,
1512 3578 1586 3642 ὼς
1641 3596 1779 3650 συμ-

186 3661 519 3729 πατριώτου,
554 3664 602 3714 οί
627 3661 706 3726 δὲ,
735 3663 810 3726 ὡς
850 3663 1167 3732 συγγενοῦς,
1208 3667 1257 3718 οί
1286 3667 1364 3729 δὲ,
1395 3667 1471 3730 ὡς
1517 3670 1774 3738 ἀδελφοῦ.

186 3753 278 3804 Διὸ
333 3756 428 3805 καὶ
480 3754 780 3826 ὑπερφυῶς
837 3757 1263 3827 εὐδοκιμοῦντος
1319 3761 1777 3827 ἐσκανδαλίζοντο

186 3847 276 3898 ἐπ’
309 3846 480 3917 αὐτῷ,
512 3849 820 3913 τουτέστιν,
847 3850 946 3903 οὐκ
976 3851 1241 3920 ἠδύναντο
1293 3855 1576 3909 πιστεύειν
1626 3857 1778 3928 αύτῷ

184 3939 274 3991 διὰ
304 3939 394 3992 τὸν
423 3939 656 4006 φθόνον,
690 3943 738 3992 εἰ
779 3944 874 3994 καὶ
906 3945 951 3995 oi
991 3943 1089 4013 μὲν
1136 3944 1342 4007 πλεῖον,
1371 3947 1420 3997 οί
1453 3946 1510 3998 δὲ
1554 3947 1778 4002 ἔλαττον

185 4028 470 4095 ἐφθόνουν.
530 4029 652 4082 Οὐκ
678 4029 846 4083 ἔστιν
913 4032 1029 4097 οὖν,
1093 4036 1248 4103 φησὶ,
1290 4035 1609 4103 προφήτης
1656 4039 1780 4091 ἅτι-

182 4138 316 4188 μος,
346 4119 476 4192 παρ’
499 4121 610 4192 (49)
643 4116 722 4187 οἷς
744 4124 893 4179 δοκεί
925 4114 1235 4197 προφήτης,
1260 4127 1421 4195 εἰμὴ
1445 4128 1516 4180 ἐν
1547 4128 1625 4198 τῇ
1657 4146 1774 4185 πα-

188 4213 340 4278 τρίδι
373 4215 563 4269 αὐτοῦ
623 4218 721 4268 καὶ
767 4217 837 4270 ἐν
884 4218 1009 4284 τοῖς
1066 4223 1416 4290 συγγενέσι,
1449 4224 1546 4276 καὶ
1585 4227 1655 4278 ἐν
1699 4225 1775 4294 τῇ

187 4307 348 4371 οἰκίᾳ
376 4305 588 4361 αὐτοῦ.
623 4301 785 4361 Οὗτοι
836 4310 966 4380 γὰρ,
1029 4315 1208 4366 καίτοι
1262 4319 1554 4388 προφήτην
1608 4318 1773 4370 αὑτὸν

188 4397 410 4460 εἰδότες,
461 4399 612 4468 ὅμως
674 4404 1118 4472 καταφρονοῦσιν
1173 4407 1364 4472 αὐτοῦ,
1421 4409 1514 4463 διά
1553 4427 1611 4462 τε
1671 4411 1772 4478 τὴν

184 4485 450 4555 ῥηθεῖσαν
496 4488 702 4552 αἰτίαν,
758 4495 853 4545 καὶ
884 4495 1021 4546 διότι
1053 4499 1118 4550 τὰ
1153 4501 1383 4570 συνήθη,
1427 4502 1773 4570 εὐκαταφρό-

1885 3290 2029 3344 reth.
2093 3285 2244 3339 Inter
2273 3295 2522 3353 cognatos
2542 3299 2668 3334 vero
2693 3289 2915 3350 propter
2938 3295 3033 3332 eos
3050 3279 3141 3348 qni
3178 3294 3321 3346 quor
3348 3292 3379 3328 ο
3405 3295 3482 3328 .c-

1882 3393 2104 3448 cunque
2127 3376 2342 3446 cognati
2366 3376 2484 3441 ejus
2514 3382 2705 3434 erant;
2735 3372 2790 3424 In
2823 3371 2986 3424 domo
3015 3379 3219 3428 autem,
3253 3384 3478 3435 propter

1885 3473 2034 3527 solos
2053 3471 2252 3524 fratres
2271 3469 2411 3535 ejus.
2434 3465 2638 3517 Omnes
2660 3464 2806 3516 enim
2828 3462 3204 3530 despiciebant
3224 3476 3378 3523 cum;
3405 3459 3478 3511 illi

1892 3563 2114 3632 quidem
2147 3571 2408 3628 tanquam
2441 3557 2756 3626 patriotam,
2793 3555 2881 3606 isti
2938 3568 3070 3604 vero
3099 3557 3248 3602 velut
3275 3564 3479 3615 cogna-

1888 3665 2029 3718 tum,
2099 3653 2154 3705 hi
2227 3662 2413 3704 autem
2445 3647 2602 3717 quasi
2663 3648 2913 3700 fratrem.
2975 3643 3289 3696 ldeoetiam
3352 3655 3478 3691 cum

1883 3745 2377 3814 supernaturnliter
2395 3739 2858 3809 magnilicaretur.
2877 3736 3480 3799 oﬂ'endcbantursupcr

1882 3853 1971 3900 eo,
2015 3838 2116 3889 hoc
2146 3846 2251 3899 est,
2294 3841 2516 3902 propter
2549 3832 2813 3884 invidiam
2845 3828 2894 3881 ci
2923 3829 3150 3882 credere
3183 3841 3289 3876 non
3318 3835 3475 3893 pote-

1881 3939 2044 3988 rant;
2085 3927 2188 3981 etsi
2242 3925 2465 3995 quidam
2516 3923 2712 3992 magis,
2772 3919 2994 3989 quidam
3053 3928 3236 3970 autem
3295 3916 3477 3968 minus

1881 4022 2212 4076 inviderent.
2272 4018 2391 4070 Non
2454 4025 2530 4070 est
2583 4031 2736 4084 ergo,
2775 4013 2972 4080 inquit,
3035 4010 3291 4079 prop/icta
3355 4009 3468 4059 sine

1878 4116 2072 4167 honore
2101 4111 2242 4180 apud
2272 4124 2410 4179 quos
2434 4107 2651 4160 videtur
2704 4107 2988 4174 propheta,
3028 4103 3128 4154 nisi
3187 4100 3242 4151 in
3295 4099 3472 4168 patria

1878 4223 1976 4260 sua
2006 4215 2054 4258 et
2085 4204 2222 4256 inter
2246 4211 2499 4269 cognatos
2521 4209 2566 4252 et
2595 4200 2648 4250 in
2677 4199 2831 4250 domo
2852 4213 2972 4248 sua.
3003 4195 3071 4246 Hi
3100 4192 3247 4246 enim
3297 4206 3475 4259 quan-

1876 4313 2039 4368 quam
2075 4297 2395 4366 prophetam
2428 4308 2554 4347 eum
2587 4306 2710 4345 esse
2737 4297 3034 4352 noverunt,
3063 4297 3245 4338 tamen
3288 4283 3474 4350 despi-

1877 4396 2031 4446 ciunt
2063 4405 2189 4444 eum
2233 4397 2456 4457 propter
2474 4401 2697 4441 causam
2731 4383 2934 4437 dictam
2968 4397 2983 4446 ;
3025 4380 3223 4447 etquia
3255 4385 3473 4430 assueta

1876 4484 2034 4537 facile
2083 4480 2495 4548 despiciuntur.
2554 4477 2735 4530 Lucas
2803 4485 2984 4526 autem
3017 4472 3205 4524 dixit:
3276 4469 3470 4522 Nullus

188 4596 346 4645 νητα.
388 4579 446 4632 '0
469 4580 526 4633 δὲ
554 4583 772 4646 Λουκᾶς
829 4582 1009 4648 εἶπεν,
1063 4590 1145 4641 ὅτι
1197 4563 1412 4658 Οὐδείς
1454 4563 1770 4663 προφήτης

1892 4575 2139 4643 propheta
2168 4582 2416 4639 acceptus
2441 4580 2515 4623 est
2550 4571 2603 4620 in
2635 4567 2811 4635 patria
2839 4582 2935 4618 sua
2964 4565 3034 4628 ",
3068 4578 3271 4616 vocans
3303 4571 3467 4614 et.am

183 4671 398 4734 δεκτός
444 4672 618 4726 ἐστιν
677 4674 748 4728 ἐν
784 4675 860 4743 τῇ
915 4679 1153 4747 πατρΙδι
1192 4683 1404 4749 αὑτοῦ,
1439 4685 1630 4739 δεκτὸν
1677 4690 1776 4740 κά-

189 4762 366 4812 κεῖνον
399 4761 597 4825 λέγων,
627 4765 719 4816 τὸν
757 4766 961 4837 τίμιον.

259 4855 364 4905 Καὶ
395 4884 455 4893 -
481 4854 700 4910 αὐτῶν.
752 4861 1044 4929 Δυνάμεις,
1072 4865 1141 4916 τὰ
1188 4865 1446 4937 Θαύματα
1503 4870 1674 4940 λέγει,
1700 4873 1776 4937 ὡς

183 4944 463 5012 δυνάμεως
494 4947 646 5011 θείας
673 4951 830 5020 ἔργα.
866 4954 976 5005 Καὶ
1005 4955 1109 5023 ὅρα
1135 4958 1350 5026 σοφίαν.
1390 4962 1647 5033 Ἐποίησε
1675 4966 1776 5034 μὲν

187 5037 317 5104 γὰρ,
350 5041 440 5093 ῖνα
477 5043 554 5111 μὴ
575 5042 857 5106 δύνωνται,
896 5048 1098 5114 λέγειν,
1143 5051 1227 5102 ὅτι
1268 5053 1461 5106 Μισῶν
1509 5057 1657 5125 ἡμᾶς
1713 5057 1771 5109 ού

187 5129 482 5194 θεραπεύει
523 5137 649 5197 τοὺς
701 5139 758 5188 ὲν
817 5141 971 5207 ἡμῖν,
1017 5142 1111 5194 καὶ
1145 5143 1248 5211 ὄτι,
1297 5145 1359 5198 Εί
1396 5147 1621 5217 ἐποίησε
1681 5150 1776 5201 καὶ

190 5223 325 5291 παρ’
362 5229 510 5293 ἡμῖν,
543 5229 952 5299 ἐπιστεύσαμεν
987 5233 1054 5286 ἂν
1089 5237 1184 5288 καὶ
1215 5239 1396 5307 ἡμεῖς.
1417 5242 1500 5294 Οὐ
1533 5241 1776 5308 πολλὰς

191 5317 274 5373 es,
304 5317 395 5370 διὰ
449 5319 562 5386 τὴν
611 5321 903 5376 ἀπιστίαν
957 5327 1409 5392 αὐτῶν,ὅτικαὶ
1467 5338 1774 5404 γινομένων

313 5495 353 5522 ¹¹
379 5500 540 5555 ilare.
573 5516 645 5566 vx,
668 5505 722 5559 4.
835 5508 879 5538 ’³
909 5507 1041 5565 Luc.
1087 5527 1161 5576 IV,
1188 5511 1280 5564 21.

1883 4669 1999 4734 ipse
2031 4674 2344 4734 acceptum,
2375 4664 2425 4716 id
2468 4661 2613 4730 quod
2651 4661 2703 4712 in
2745 4661 2954 4713 honore
2982 4665 3089 4710 est.

1959 4889 2113 4943 Vers.
2154 4888 2244 4942 58.
2283 4885 2350 4940 Et
2381 4917 2450 4925 —-
2471 4886 2708 4941 illorum.
2735 4884 2982 4939 Virtutes
3013 4884 3147 4939 dicit
3170 4883 3471 4938 miracula:

1884 4990 2144 5049 tanquam
2177 4977 2379 5032 divinae
2396 4977 2618 5030 virtutis
2641 4991 2829 5046 opera.
2860 4977 2926 5030 Et
2963 4975 3083 5029 vide
3116 4976 3469 5045 sapientiam.

1882 5071 2034 5125 Fecit
2087 5070 2356 5138 siquidem
2408 5069 2638 5138 aliquas,
2701 5084 2768 5122 ne
2801 5070 2984 5122 dicere
3021 5077 3246 5137 possent
3279 5087 3292 5121 ε
3327 5069 3468 5132 Quia

1880 5165 2006 5219 odio
2051 5179 2152 5218 nos
2177 5162 2362 5222 habet,
2396 5179 2504 5216 non
2543 5172 2701 5216 curat
2730 5177 2824 5215 eos
2845 5163 2934 5231 qui
2960 5169 3088 5215 sunt
3120 5160 3262 5228 apud
3319 5174 3418 5213 nos
3451 5177 3466 5214 :

1885 5255 2084 5326 quodsi
2115 5256 2280 5309 etiam
2325 5255 2469 5324 apud
2511 5271 2611 5310 nos
2634 5256 2747 5310 hinc
2781 5257 3003 5326 egisset,
3037 5254 3473 5308 credidissemus

1892 5351 2082 5418 utique
2119 5356 2173 5402 et
2202 5362 2322 5402 nos.
2364 5345 2486 5401 Non
2517 5351 2711 5402 multas
2753 5357 2955 5412 autem,
2998 5348 3474 5416 propterincredu-

1399 5583 1592 5643 Variae
1623 5591 1928 5649 lectiones
1969 5598 2027 5648 et
2067 5598 2252 5650 noun.

273 5743 372 5809 HS)
404 5745 674 5832 ita’eti‘a‘m
718 5745 1192 5832 lienteniiis._Sed
1249 5750 1382 5832 παρ’
1418 5745 1501 5814 οἷς
1552 5755 1767 5811 videtur

1892 5775 1929 5811 ut
1998 5761 2283 5827 postulare
2344 5777 2452 5815 non
2513 5765 2559 5814 εξ
2617 5764 2718 5832 μή,
2773 5766 2866 5819 sed
2901 5763 3103 5817 ἁλλ’ὲν
3141 5766 3228 5832 τῇ.
3290 5762 3474 5819 Malim

194 5824 318 5867 eruo
348 5815 476 5870 παρ’
496 5815 546 5877 ὃ,
578 5815 631 5870 id
654 5827 736 5871 est
763 5818 896 5871 καθὸ
925 5819 1074 5872 δοκεί
1101 5815 1411 5885 προωήιής.
