4020 6536
221 426 323 492 625

1088 426 1478 506 COMMENT.
1523 425 1602 487 IN
1643 422 2119 487 MATTH/EUM.
2158 445 2221 457 -
2258 424 2418 484 CAP.
2460 424 2615 485 XIV.

3396 420 3502 482 4°26

223 548 466 613 ἠδύνατο.
530 535 664 598 Εἶτα
724 543 1033 617 προσέθηκε
1094 545 1190 599 καὶ
1249 546 1349 617 τὴν
1378 544 1559 598 αἰτίαν
1606 542 1701 596 τοῦ
1734 542 1808 614 μὴ

1929 557 1995 605 'e,
2030 556 2133 598 nec
2166 549 2402 613 poterat.
2471 541 2677 596 Deinde
2732 556 2953 596 causam
3021 555 3240 611 quoque
3299 539 3505 595 addidit

218 634 477 689 δύνασθαι
508 632 679 700 αὐτὴν
710 633 921 686 ἀνελείν
968 633 1156 687 αὐτόν.
1216 634 1424 706 Εἱ’ρηκε
1462 635 1597 705 γὰρ,
1646 634 1729 687 ὅτι
1780 636 1809 686 6

228 726 486 797 Ἡρώδης
517 723 772 793 ἐφοϐεῖτο
810 724 901 778 τὸν
937 724 1217 794 Ἰωάννην,
1255 723 1413 788 εἰδὼς
1440 724 1605 778 αὐτὸν
1638 723 1808 795 ἀνδρα

1913 650 2014 689 cur
2046 635 2135 688 illa
2166 650 2276 689 non
2314 644 2531 704 poterat
2558 648 2684 687 eum
2719 633 2992 688 occidere.
3037 633 3128 686 Ait
3153 632 3302 688 enim
3358 633 3506 703 quod

1913 726 2157 782 Herodes
2221 727 2502 782 metuebat
2549 726 2843 787 ioannem,
2904 724 3088 780 sciens
3143 739 3269 779 eum
3326 724 3507 778 virum

217 817 424 870 δίκαιον
479 820 572 869 καὶ
629 817 807 884 ἅγιον,
857 816 953 870 καὶ
1012 802 1304 888 συνετήρει
1351 818 1535 883 αὑτὸν,
1596 819 1690 870 καὶ
1724 817 1807 869 ὅτι

1939 830 2118 875 ustum
2152 831 2209 875 et
2233 830 2514 885 sanctum,
2540 836 2603 875 ac
2630 820 2957 875 observabat
2980 820 3153 884 illum,
3190 828 3242 873 et
3274 818 3508 873 audiens

216 908 434 960 ἀκούων
489 907 659 960 αὑτοῦ
744 906 919 960 πολλᾶ
981 908 1180 972 ἐποίει,
1249 910 1343 961 καὶ
1413 908 1586 980 ἡδέως
1638 905 1807 961 αὑτοῦ

216 998 406 1069 ﬁxo-az.
459 997 646 1049 Ταῦτα
710 997 810 1067 μὲν
844 995 937 1050 οὖν
964 995 1253 1067 ἱστόρησεν
1285 998 1313 1049 δ
1342 998 1594 1066 Μάρκος.
1630 998 1692 1050 El
1728 997 1810 1064 δὲ,

214 1089 375 1154 εἰδὼς
430 1089 649 1143 αὐτὺνὸ
702 1087 954 1160 Ἡρώδης
998 1089 1168 1162 ἄνδρα
1217 1090 1429 1144 δίκαιον
1487 1089 1582 1142 καὶ
1630 1089 1809 1158 ἆγιον,

214 1180 508 1251 συνετήρει
568 1180 755 1245 αὑτὸν,
826 1180 945 1243 πῶς
1003 1180 1227 1251 εἴρηκεν
1276 1183 1304 1233 6
1356 1180 1665 1245 Ματθαίος,
1729 1182 1812 1233 ὅτι

215 1270 381 1341 ἤθελε
413 1271 511 1341 μὲν
540 1270 710 1323 αὑτὸν
740 1270 1088 1337 ἀποκτεῖναι,
1122 1270 1372 1342 ἐφοϐεῖτο
1395 1272 1452 1325 δὲ
1488 1272 1581 1325 τὸν
1611 1272 1769 1343 δχλον
1795 1290 1809 1337 ;

214 1361 332 1415 Καὶ
381 1365 429 1415 εί
479 1363 654 1416 πολλὰ
677 1362 875 1427 ἐποίει,
942 1357 1018 1417 ὧν
1056 1364 1085 1416 δ
1119 1362 1374 1435 Ἰωάννης
1407 1362 1666 1435 παρῄνει,
1716 1364 1814 1417 καὶ

216 1454 267 1506 ει
326 1454 499 1523 ἡδέως
550 1454 718 1508 αὖτοῦ
780 1456 947 1526 ηκουε
984 1455 1405 1526 παραινοῦντος,
1438 1456 1582 1509 διατί
1613 1456 1805 1528 ἔδησεν

212 1545 385 1597 αὐτὸν
417 1548 512 1600 καὶ
542 1548 843 1600 ἀπέκλεισε
872 1564 887 1614 ;
933 1550 1105 1614 Διότι,
1138 1547 1175 1603 ἀ
1225 1549 1327 1620 μέν
1370 1566 1539 1619 φησιν
1571 1550 1599 1603 ὁ
1656 1549 1815 1620 Μάρ-

213 1653 339 1701 κος,
397 1640 617 1709 πρῶτον
673 1639 949 1707 ἑγὲνοντο’
983 1638 1020 1694 ἃ.
1073 1640 1131 1693 δέ
1190 1657 1359 1710 φησιν
1415 1641 1445 1692 6
1502 1639 1811 1706 Ματοαῖος,

215 1730 449 1802 ὓστερον
504 1733 850 1800 ἐπεγένοντο.
905 1733 1135 1804 Πρῶτον
1182 1734 1293 1804 γὰρ
1324 1733 1359 1804 ἡ
1400 1732 1499 1803 μὲν
1543 1732 1815 1803 Ἡρωδιὰς

220 1824 563 1893 ἐχαλέπαινε
610 1823 687 1895 τῷ
728 1825 976 1905 Ἰωάννῃ,
1005 1828 1103 1879 καὶ
1134 1824 1330 1896 ἢθελεν
1365 1826 1576 1880 ἀνελεῖν
1624 1826 1811 1879 αὐτόν’

212 1919 243 1969 ὁ
274 1917 335 1969 δὲ
401 1893 751 1988 Ἡρώδης-οὐ
817 1893 1167 1991 παρεχώρει,
1212 1917 1506 1987 γινώσκων
1537 1919 1703 1974 αὑτὸν
1734 1919 1813 1973 δίο
1852 1893 1892 1949 Β

216 2024 379 2063 καιον
412 2010 506 2063 καὶ
539 2010 723 2076 ἆγιον⁶
756 2010 849 2065 διὰ
904 2011 1067 2065 τοῦτο
1101 2011 1212 2082 γὰρ
1244 2012 1340 2064 καὶ⁸
1373 2010 1595 2066 ἀκούων
1624 2010 1815 2078 αὑτοῦ,

215 2102 395 2155 πολλὰ
458 2101 655 2170 ἐποίει,
713 2106 808 2158 καὶ
867 2105 1044 2176 ἡδέως
1104 2104 1274 2160 αὑτοῦ
1320 2105 1543 2177 ἥκουεν.
1575 2103 1732 2158 Ἐπεὶ
1761 2106 1819 2160 δὲ

215 2195 488 2262 ἐνέκειτο,
546 2196 800 2268 σφοδρῶς
865 2196 1111 2267 ἐλέγχων
1190 2197 1357 2251 αὑτὸν
1388 2200 1483 2250 καὶ
1521 2198 1819 2267 διασύρων,

216 2285 431 2351 λοιπὸν,
470 2288 629 2340 τοῦτο
662 2287 763 2358 μὲν
792 2286 1106 2358 ὲκνικηθεὶς
1132 2286 1238 2341 ὑπὸ
1269 2290 1368 2356 τῆς
1429 2287 1608 2359 λύπης
1644 2288 1821 2358 Ἠρώ-

214 2378 343 2447 δης,
396 2376 560 2432 τοῦτο
598 2379 657 2432 δὲ
730 2380 826 2432 καὶ
884 2381 1035 2449 παρὰ
1093 2382 1194 2451 τῆς
1245 2378 1574 2451 Ἡρωδιάδος
1633 2381 1822 2434 ἐκδια-

219 2468 396 2536 σθεὶς,
460 2467 727 2539 μετέϐαλε
762 2469 859 2539 τὴν
924 2466 1063 2523 αἰδῶ
1120 2468 1259 2538 πρὸς
1322 2468 1516 2539 ὀργὴν,
1578 2470 1675 2522 καὶ
1737 2471 1813 2539 μὴ

220 2558 542 2629 παυόμενον
588 2559 749 2625 ὅλως,
806 2558 1003 2631 ἤθελεν
1054 2556 1223 2613 αὑτὸν
1271 2560 1508 2614 ἀνελεῖν·
1556 2560 1819 2631 φοὸηθεὶς

220 2651 281 2705 δὲ
308 2651 402 2704 τὸν
462 2651 644 2722 ὄχλον,
689 2651 850 2725 ἔδησε
906 2652 1007 2724 μὲν
1063 2653 1231 2707 αὑτὸν
1263 2654 1632 2726 ἀμυνόμενος,
1667 2654 1817 2709 ἀπέ-

221 2744 413 2798 κλεισε
462 2744 540 2811 δὶ,
594 2742 683 2799 ἵνα
714 2745 792 2818 μὴ
836 2746 1271 2818 περιερχόμενος
1336 2749 1578 2822 κωμῳδῇ
1629 2750 1815 2806 αὐτόν.

236 2836 516 2907 Ἐπετίμα
573 2837 634 2891 δὲ
701 2837 855 2909 αὐτῷ
904 2839 934 2894 6
1011 2838 1289 2911 Ἰωάννης,
1344 2841 1421 2907 ὡς
1478 2844 1821 2916 παρανόμως

224 2929 409 3000 ἔχοντι
460 2929 559 3001 τὴν
595 2934 831 2999 γυναῖκα
876 2931 974 2987 τοῦ
1014 2934 1249 3005 ἀδελφοῦ
1312 2935 1505 3002 αὐτοῦ,
1541 2940 1689 2991 κατὰ
1726 2938 1823 2991 δύο

226 3019 435 3083 αίτὶας’
471 3020 692 3090 πρῶτον
721 3021 846 3092 μὲν,
880 3023 966 3078 ὅτι
1004 3022 1210 3090 ζῶντος
1233 3026 1329 3080 τοῦ
1358 3026 1595 3097 ἀδελφοῦ
1648 3027 1820 3082 αὑτοῦ

227 3112 428 3184 βιαίως
478 3114 737 3183 ἀφείλετο
780 3117 876 3169 καὶ
929 3116 1031 3186 τὴν
1082 3118 1325 3186 γυναῖκα
1372 3119 1539 3172 αὐτοῦ
1577 3121 1673 3172 καὶ
1720 3120 1821 3189 τὴν

1913 927 2040 967 eum
2090 911 2260 966 multa
2306 910 2569 973 faciebat,
2638 912 2980 980 libenterque
3044 927 3170 966 eum
3228 912 3509 966 audiebat.

1915 1003 2043 1059 Haec
2082 1019 2214 1058 sane
2271 1004 2491 1071 scripsit
2537 1002 2752 1059 Marcus
2785 1004 2852 1058 ’⁸.
2883 1004 3039 1070 Quod
3075 1004 3118 1058 si
3152 1004 3331 1059 sciens
3383 1019 3508 1058 eum

1915 1096 2321 1165 virumjustum
2353 1106 2407 1151 et
2428 1107 2689 1151 sanctum
2749 1098 3084 1151 observabat
3124 1097 3297 1161 illum,
3372 1114 3510 1167 quo-

1917 1190 2080 1243 modo
2113 1190 2247 1244 dixit
2276 1190 2583 1257 Mattheus,
2618 1190 2762 1259 quod
2791 1191 3007 1245 νοιριιιι
3043 1205 3169 1243 cum
3234 1191 3513 1254 occidere,

1918 1282 2151 1337 timebat
2195 1292 2381 1337 autem
2436 1281 2903 1338 multitudinem?
2947 1280 3219 1336 Prmtcrea
3260 1282 3307 1335 si
3346 1282 3516 1336 multa

1919 1373 2157 1429 faciebat
2187 1390 2377 1429 eorum
2416 1389 2539 1444 qua:
2574 1373 2819 1429 Joannes
2871 1373 3228 1437 admonebat,
3262 1382 3317 1428 et
3375 1374 3417 1428 si
3447 1374 3515 1427 li-

1919 1467 2113 1522 benter
2138 1484 2261 1520 eum
2296 1467 2686 1523 admonentem
2704 1467 2985 1531 audiebat,
3005 1482 3174 1537 quare
3194 1466 3369 1520 vinxit
3391 1481 3516 1520 cum

1918 1573 1985 1614 ac
2025 1559 2250 1633 reclusit
2280 1560 2304 1612 ?
2333 1560 2473 1627 Quia
2501 1576 2624 1630 quae
2656 1560 2790 1615 dicit
2826 1560 3067 1627 Marcus,
3106 1560 3341 1630 primum
3375 1558 3515 1613 facta

1920 1650 2178 1706 fuerant:
2209 1668 2333 1722 quo:
2384 1661 2570 1708 autem
2631 1652 2766 1709 dicit
2817 1654 3128 1718 Mattliazus,
3164 1651 3518 1723 postmodum

1921 1742 2062 1798 facta
2133 1752 2283 1798 sunt.
2346 1743 2591 1798 Primum
2680 1743 2828 1798 enim
2918 1741 3187 1797 llerodias
3237 1742 3520 1812 negotium

1923 1835 2231 1890 facesscbat
2289 1833 2507 1901 Joanni,
2601 1836 2931 1906 volebatque
3001 1836 3155 1889 illum
3213 1834 3520 1889 occidere:

1922 1928 2170 1983 Herodes
2222 1943 2354 1983 vero
2385 1944 2494 1984 non
2546 1929 2926 1999 permittebat,
2959 1928 3143 1983 sciens
3169 1943 3295 1982 eum
3340 1928 3519 1980 virum

1917 2023 2127 2087 justum
2158 2032 2214 2079 et
2237 2033 2512 2088 sanctum,
2554 2024 2677 2077 ideo
2707 2036 2931 2093 quoque
2982 2020 3170 2075 audito
3225 2034 3292 2075 eo
3347 2020 3519 2075 multa

1923 2113 2157 2169 faciebat
2226 2125 2280 2169 et
2346 2114 2582 2169 libenter
2657 2129 2783 2169 eum
2866 2114 3144 2169 audiebat.
3208 2112 3346 2167 Cum
3420 2128 3521 2166 au-

1921 2214 2031 2259 tem
2082 2205 2438 2261 vehementer
2481 2206 2633 2261 illum
2703 2214 2944 2278 urgeret,
2977 2220 3215 2276 arguens
3240 2221 3304 2259 ac
3339 2204 3523 2259 incre-

1926 2312 2064 2367 pans
2097 2311 2249 2361 eum,
2277 2297 2501 2353 tandem
2535 2297 2780 2353 llerodcs
2798 2297 2927 2353 hinc
2982 2297 3203 2368 quidem
3270 2297 3523 2353 devictus

1922 2391 2201 2458 molestia,
2235 2390 2365 2446 hinc
2386 2402 2570 2446 autem
2605 2393 2712 2445 vim
2748 2390 3164 2461 quodammodo
3227 2389 3296 2444 ab
3346 2389 3524 2443 Hero-

1922 2484 2081 2540 diade
2114 2499 2436 2556 perpessus,
2463 2485 2578 2556 jam
2610 2483 2878 2555 pudorem
2916 2483 2973 2537 in
3006 2470 3145 2537 iram
3209 2489 3522 2537 commuta-

1926 2575 2003 2631 vit
2022 2594 2035 2632 :
2056 2591 2161 2631 nec
2181 2576 2717 2646 omninoquiescens
2740 2576 2813 2647 (r)
2835 2574 3054 2630 volebat
3090 2589 3217 2629 eum
3246 2572 3523 2638 occidere,

1925 2668 2129 2723 timens
2184 2682 2317 2723 vero
2379 2667 2794 2722 multitudinem
2844 2665 3019 2721 vinxit
3048 2679 3176 2719 eum
3201 2662 3357 2733 quasi
3424 2677 3526 2733 pu-

1924 2758 2123 2814 niens:
2166 2758 2234 2813 Et
2301 2758 2487 2830 ligavit
2541 2775 2700 2823 eum,
2738 2772 2809 2813 nc
2866 2756 3017 2812 varia
3046 2756 3164 2811 loca
3196 2753 3527 2809 circumiens

1925 2852 2238 2924 obiurgaret
2282 2868 2433 2907 eum.
2458 2852 2735 2923 Arguebat
2764 2860 2949 2905 autem
2974 2848 3126 2903 illum
3153 2846 3418 2910 Joannes,
3468 2854 3528 2900 ut

1927 2943 2022 3013 qui
2052 2951 2246 2997 contra
2274 2941 2451 3015 legem
2472 2941 2703 3000 haberet
2734 2955 2964 2995 uxorem
3003 2937 3192 2993 fratris
3218 2938 3326 2990 sui.
3386 2935 3526 2989 Dua-

1926 3036 2027 3090 bus
2053 3048 2183 3090 vero
2207 3035 2275 3090 de
2327 3035 2510 3091 causis
2539 3050 2666 3089 eum
2698 3033 3057 3103 increpabat;
3116 3030 3358 3101 primum
3398 3029 3526 3098 qui-

1927 3129 2050 3183 dem
2074 3130 2219 3200 quod
2251 3130 2471 3184 vivente
2498 3127 2667 3183 fratre
2710 3142 2809 3183 suo
2839 3125 3147 3181 abstulerat
3172 3122 3446 3178 violenter
3472 3132 3526 3177 et

229 3206 588 3278 τετραρχίαν·
640 3207 858 3276 ἔπειτα,
906 3209 990 3264 ὅτι
1016 3210 1112 3263 καὶ
1151 3209 1434 3283 θυγατέρα
1489 3211 1724 3282 ἔχουσαν
1761 3211 1821 3277 ἐξ

1929 3219 2077 3275 illius
2108 3234 2333 3275 uxorem
2366 3226 2423 3275 et
2476 3217 2853 3274 tetrarchiam.
2897 3215 3107 3271 Deinde
3136 3214 3282 3285 quod
3338 3216 3525 3279 etiam,

229 3297 471 3363 huiwu,
526 3297 731 3370 ταύτην
789 3299 1022 3371 ἔγημεν,
1073 3298 1230 3354 axon
1282 3302 1451 3372 ἄμφω
1500 3303 1819 3373 παράνομα.

232 3391 349 3443 Καὶ
385 3389 496 3461 γὰρ
534 3390 562 3442 6
588 3392 753 3462 νόμος
803 3392 1022 3445 ἐκέλευε
1063 3391 1165 3462 μὲν
1210 3393 1389 3465 γῆμαι
1444 3394 1543 3465 τὴν
1590 3399 1826 3462 γυναῖκα

227 3478 329 3532 τοῦ
392 3478 651 3550 ἀδελφοῦ,
706 3479 823 3534 ἀλλ’
880 3483 984 3536 οὐκ
1045 3481 1128 3537 ἐτι
1160 3483 1388 3550 ζῶντος,
1440 3485 1565 3539 οὐδὲ
1607 3486 1825 3541 παιδίον

229 3572 489 3641 ἐχουσαν.

306 3667 626 3721 Γενεσιων
670 3668 741 3721 δὲ
776 3668 1087 3741 ἀγομένων
1129 3698 1199 3711 -
1246 3671 1591 3743 αἰτήσηται.
1666 3675 1722 3729 Ὀ
1772 3678 1827 3728 δὲ

231 3760 465 3833 Μάρκος
483 3759 637 3832 φησὶ,
654 3762 762 3817 Kal
780 3763 1174 3834 ὡμολόγησεν
1192 3766 1302 3837 (5|)
1319 3767 1497 3837 αὐτῇ,
1521 3767 1611 3822 ὅτι
1635 3771 1703 3822 Ὃ
1719 3769 1830 3823 ἐάν

226 3870 305 3923 με
329 3853 612 3923 αἰτήσῃς,
636 3854 811 3911 δώσω
833 3871 932 3912 σοι
956 3858 1070 3925 ἕως
1093 3859 1359 3929 ἡμίσους
1374 3860 1487 3930 τῆς
1499 3862 1829 3928 βασιλείας

226 3964 375 4027 μου.
405 3948 445 4001 Γ
450 3950 676 4005 ενεσίων
706 3951 762 4005 δὲ
796 3953 1106 4023 ἀγομένων,
1153 3954 1282 4007 ἀντὶ
1308 3953 1426 4021 τοῦ,
1458 3957 1825 4027 τελουμένων.

237 4042 402 4106 Ἐθος
470 4043 579 4114 γὰρ
613 4040 683 4116 ἦν
740 4047 855 4109 τοῖς
911 4046 1174 4116 ἄρχουσιν
1226 4046 1516 4117 ἑορτάζειν
1556 4048 1625 4102 τὰ
1649 4050 1830 4103 οἰκεῖα

232 4134 514 4201 γενέθλια.
570 4134 937 4207 Ὀμολόγησιν
968 4138 1023 4192 δὲ
1057 4139 1153 4193 νῦν
1207 4139 1307 4210 τὴν
1346 4141 1644 4213 ὑπόσχεσιν
1693 4142 1829 4197 ὠνό-

235 4245 435 4297 μασεν.
488 4229 553 4280 Ὠ
582 4228 783 4297 πολλῆς
818 4230 1006 4295 ἀνοίας
1038 4233 1051 4285 !
1095 4234 1190 4286 καὶ
1222 4232 1409 4304 ὤμοσε
1467 4235 1673 4300 δοῦναι,
1734 4238 1830 4291 καὶ

232 4322 436 4394 κυρίαν
476 4322 579 4393 τῆς
631 4327 907 4397 αἰτήσεως
964 4326 1064 4399 τὴν
1116 4331 1289 4400 κόρην
1344 4329 1595 4400 εποίησε,
1625 4331 1722 4384 καὶ
1767 4330 1830 4383 τὸ

231 4414 409 4482 ἥμισυ
479 4413 580 4484 τῆς
636 4415 927 4487 βασελείας
983 4420 1149 4475 αὐτοῦ
1228 4421 1491 4492 βραχείας
1543 4424 1828 4496 ὀρχήσεως

231 4506 642 4579 ἀπημπόλησεν
667 4508 682 4562 ί

316 4776 395 4833 Ἦ
419 4776 491 4831 δὲ
514 4806 581 4820 -
606 4780 981 4835 Βαπτιστοῦ.
1011 4783 1516 4851 Προὸιϐασθεῖσα,
1553 4787 1676 4840 ἀντὶ
1706 4787 1825 4854 τοῦ,

230 4874 574 4946 διδαχθεῖσα.
616 4877 786 4950 Φησὶν
806 4877 901 4934 οὖν
926 4895 941 4911 °
982 4882 1081 4945 Δός
1126 4899 1218 4952 μοι
1252 4876 1376 4948 ὧδε,
1409 4884 1694 4937 τουτέστιν
1740 4888 1827 4939 ἐν·

232 4973 440 5037 ταῦθα,
472 4974 531 5026 ιν
556 4973 635 5044 τῷ
663 4976 976 5048 συμποσίῳ.
1020 4976 1079 5030 '0
1100 4976 1158 5030 δὲ
1182 4978 1411 5050 Μάρκος
1446 4980 1625 5034 είπείν
1656 4980 1829 5053 αὐτὴν

231 5067 411 5134 λέγει,
440 5067 524 5122 ὅτι
566 5067 739 5137 Θέλω,
778 5068 866 5123 ἵνα
901 5087 994 5141 μοι
1023 5070 1129 5145 δῷς
1164 5072 1420 5142 ἐξαυτῆς,
1452 5075 1480 5128 ὃ
1516 5077 1690 5141 ἐστιν,
1722 5077 1824 5130 αὑ-

344 5251 397 5286 ²⁹
423 5251 591 5309 Marc.
631 5271 705 5324 vr,
737 5256 827 5313 20.
957 5259 1001 5290 "
1034 5256 1201 5313 Marc.
1226 5276 1300 5327 vn,
1333 5262 1424 5317 23.

1540 5264 1586 5296 '°
1620 5264 1760 5321 Ibid.
1792 5264 1884 5321 ‘25.

1930 3327 2055 3369 cum
2095 3315 2209 3385 ipsa
2242 3313 2408 3368 ﬁliam
2432 3328 2500 3368 ex
2549 3311 2643 3366 illo
2683 3310 3009 3381 peperisset,
3069 3310 3304 3364 duxerat
3360 3321 3525 3361 eam:

1930 3422 2164 3477 quorum
2199 3417 2490 3477 utrumque
2509 3414 2702 3460 contra
2720 3404 2895 3475 legem
2930 3410 3070 3457 erat.
3103 3400 3337 3456 Jubebat
3377 3397 3527 3454 enim

1930 3501 2016 3556 lex
2039 3500 2225 3557 fratris
2267 3516 2494 3555 uxorem
2550 3499 2777 3562 ducere,
2815 3512 2927 3553 non
3002 3505 3187 3551 tamen
3241 3495 3425 3548 adhuc
3447 3494 3528 3546 vi-

1932 3594 2132 3658 ventis,
2164 3608 2341 3665 neque
2371 3608 2491 3648 eam
2518 3607 2639 3663 qua:
2669 3594 2737 3647 ab
2768 3593 2863 3647 illo
2890 3590 3100 3661 prolem
3151 3588 3508 3658 suscepisset.

2010 3686 2164 3742 Vers.
2191 3687 2265 3751 6.,
2293 3685 2427 3743 Cum
2460 3695 2637 3739 autem
2674 3691 2959 3754 agerentur
2990 3681 3246 3734 natalitia
3281 3710 3350 3721 —
3377 3678 3441 3733 V.
3475 3680 3529 3732 7.

1932 3789 2149 3851 peteret.
2172 3780 2386 3834 Marcus
2415 3787 2599 3832 autem
2641 3776 2777 3830 dicit
2808 3774 2952 3844 quod
2978 3773 3186 3843 juravit
3230 3772 3277 3826 ei
3311 3787 3327 3827 :
3358 3770 3529 3836 Quid;

1932 3875 2059 3944 quid
2082 3891 2112 3925 a
2136 3888 2217 3925 me
2238 3870 2473 3943 petieris,
2495 3868 2630 3921 dabo
2660 3867 2754 3919 tibi
2780 3882 2939 3937 usque
2964 3871 3034 3919 ad
3065 3865 3344 3919 dimidium
3388 3866 3530 3935 regni

1933 3968 2035 4020 mei
2063 3966 2131 4018 ⁸⁸.
2165 3962 2302 4019 Cum
2367 3970 2552 4015 autem
2608 3967 2907 4031 agerentur
2940 3956 3213 4017 natalitia.
3280 3956 3385 4011 hoc
3420 3966 3529 4020 est,

1933 4058 2367 4115 celebrarentur.
2388 4053 2551 4108 Moris
2564 4068 2805 4123 namque
2822 4051 3164 4122 principibus
3180 4060 3297 4105 erat
3311 4050 3530 4122 propria

1934 4150 2130 4207 festive
2152 4149 2435 4204 celebrare
2469 4146 2735 4200 nataliiia.
2770 4144 2926 4200 Hanc
2959 4154 3144 4199 autem
3202 4144 3529 4215 promissio-

1933 4259 2060 4298 nem
2113 4240 2348 4311 appellat
2406 4240 2495 4293 hic
2530 4236 2903 4307 ὁμολόγησιν,
2939 4237 3085 4307 quod
3130 4245 3319 4290 tamen
3371 4251 3529 4290 voca-

1932 4335 2124 4390 bulum
2156 4336 2361 4403 saepius
2388 4346 2700 4395 assensum,
2724 4340 2966 4400 pactum,
2993 4338 3088 4384 aut
3118 4328 3528 4384 confessionem

1933 4430 2224 4503 significat.
2255 4427 2485 4492 Verum,
2515 4442 2548 4481 ο
2570 4440 2825 4495 magnam
2848 4424 3222 4480 dementiam!
3280 4432 3334 4478 et
3362 4422 3528 4476 datu-

1934 4536 2175 4577 rumrse
2226 4520 2453 4591 juravit,
2523 4528 2575 4574 et
2639 4520 2960 4589 petitionem
3016 4518 3267 4572 iumanu
3334 4516 3531 4589 puella:

1938 4616 2145 4688 posuit,
2200 4623 2256 4667 et
2300 4610 2589 4668 dimidium
2620 4609 2776 4681 regni
2810 4607 2895 4664 sui
2936 4608 3090 4664 brevi
3141 4606 3530 4663 saltatiuncula

1937 4710 2320 4767 commutavit.

2000 4805 2159 4862 V'crs.
2179 4806 2227 4861 8.
2248 4804 2355 4859 Illa
2382 4820 2502 4859 vero
2518 4800 2864 4871 —Baptistw.
2882 4795 3292 4863 Praemonitaﬁd
3308 4802 3392 4849 est
3405 4794 3531 4849 edo-

1942 4908 2052 4955 cta.
2088 4897 2382 4969 Dicitergo
2403 4916 2418 4953 :
2442 4897 2525 4952 Dn
2557 4897 2684 4951 mihi
2710 4897 2815 4962 hic,
2850 4896 2902 4950 id
2936 4902 3041 4959 est,
3067 4910 3217 4949 nunc
3250 4894 3305 4948 in
3339 4896 3532 4949 convi-

1942 4990 2049 5045 vio.
2076 4989 2292 5045 Marcus
2314 4999 2497 5044 autem
2526 5004 2647 5045 eam
2671 4989 2880 5045 dixisse
2907 4988 2984 5043 ait
3010 5006 3024 5043 :
3054 4987 3176 5044 Volo
3210 4998 3267 5042 ut
3285 4988 3374 5042 des
3404 4988 3533 5042 milii

1935 5085 2208 5155 confestim
2262 5085 2326 5150 ³ο,
2362 5084 2467 5141 boc
2488 5094 2593 5149 est,
2626 5084 2833 5149 statim,
2864 5092 3112 5155 repente.
3149 5080 3321 5139 Nacta
3362 5082 3535 5153 siqui-

1450 5447 1654 5512 Varim
1691 5449 2007 5518 lectiones
2034 5462 2095 5517 et
2126 5465 2325 5519 notas.

312 5608 1024 5700 (Fii-iienieniusjuravit.
1049 5617 1192 5700 Ergo
1223 5622 1411 5700 figimus
1446 5628 1595 5700 legit.
1632 5626 1823 5700 Recte.

237 5676 348 5736 Nec
382 5676 541 5738 aliter
583 5685 728 5742 hunc
769 5676 950 5744 locum
981 5676 1177 5749 laudat

1934 5646 1994 5755 ἕ.
2026 5631 2131 5687 497
2248 5632 2369 5718 lmo
2390 5648 2493 5690 nec
2524 5633 2665 5690 infra
2708 5635 2763 5690 in
2796 5645 3058 5696 contextu
3106 5641 3277 5699 Marci
3312 5638 3530 5697 codices

1982 5704 2216 5755 utbvmu
2256 5715 2494 5755 variant-

1982 5704 2216 5777 uthymii
2256 5706 2494 5764 variant.

312 5842 382 5914 (r)
430 5842 543 5901 Nec
580 5849 794 5902 omnino
832 5852 1122 5922 quiescens.
1175 5852 1424 5931 Cumque
1469 5879 1700 5936 prorsus
1730 5881 1838 5922 non
1882 5866 2220 5939 quiesceret,
2260 5870 2504 5930 Jaannes
2539 5872 2824 5932 nimirum.

560 5942 837 6011 ΡΑτιιοι.
881 5950 999 6012 Gn.
1033 5950 1295 6016 CXXIX.

3140 5976 3211 6040 16
