4020 6534
533 465 639 526 427

1763 466 2152 528 -ΕῙΙΤΠΥΜΙΙ
2189 469 2556 532 ZlGABE‘NI

3694 464 3804 526 628

532 585 658 636 dem
695 581 960 637 llerodias
999 592 1225 653 ttempus
1254 591 1641 652 Opportunum,
1705 580 1848 638 sicut
1905 584 2104 637 iterum

2220 587 2366 648 τίκα,
2409 587 2591 648 εὐθύς.
2629 587 2841 656 Καιρὸν
2893 586 3002 656 γὰρ
3059 585 3368 654 ἐπιτήδειον
3427 584 3460 654 ή
3517 581 3802 652 Ἡρωδιὰς

530 675 754 744 scripsit
787 675 1026 739 Marcus,
1058 675 1147 746 Qui
1178 674 1362 728 dixit:
1416 673 1548 728 Cum
1606 675 1717 730 dies
1779 685 2109 746 opportunus

528 768 901 834 accidisset“;
936 783 1058 822 cum
1082 766 1148 820 ad
1183 781 1242 821 se
1274 765 1519 836 ingressa
1547 774 1694 822 esset
1731 767 1838 820 filia
1871 767 2106 820 interro-

524 876 666 929 gans
691 859 819 929 quid
864 858 1103 928 petitura
1139 869 1306 924 esset,
1357 859 1614 928 pracepit
1645 858 1720 912 illi
1749 868 1806 913 ut
1835 859 2017 912 statim
2054 857 2110 910 in

530 950 785 1003 convivio
810 957 1023 1017 peteret
1047 948 1161 1003 dari
1186 949 1287 1003 sibi
1314 960 1472 1020 caput
1493 948 1736 1012 Joannis,
1764 959 2013 1002 metuens
2044 962 2112 1001 ne

529 1041 571 1092 si
604 1050 817 1108 tempus
839 1036 973 1093 illud
1007 1042 1506 1110 praeterlaberetur,
1547 1038 1822 1094 Herodem
1880 1039 2109 1092 omnino

515 1130 837 1200 ψιττακοί-ιη,
858 1131 947 1184 ubi
971 1131 1195 1186 decocto
1214 1133 1338 1185 vino
1358 1132 1422 1185 ad
1443 1130 1793 1184 sobrietatem
1819 1130 2072 1184 rediisset
2093 1147 2108 1185 :

529 1225 612 1275 vel
640 1224 800 1283 etiam
823 1239 890 1276 ne
926 1224 1227 1278 amicorum
1257 1223 1477 1292 quidam
1507 1221 1812 1291 deprecati,
1841 1222 2108 1277 Joannem

528 1314 848 1365 liberarent.

606 1490 759 1545 Vers.
786 1493 837 1544 9.
871 1492 932 1544 Et
961 1521 1033 1531 --
1059 1507 1168 1544 rex.
1199 1519 1263 1532 -—
1307 1490 1668 1545 Contristatus
1692 1500 1788 1555 est,
1834 1498 1947 1542 tum
1982 1488 2109 1557 quia

520 1599 781 1651 magnum
818 1583 993 1636 virum
1044 1584 1326 1638 occisurus
1353 1593 1494 1646 erat,
1530 1593 1642 1636 tum
1681 1583 1807 1652 quia
1865 1581 2108 1635 multitu-

518 1676 709 1727 dinem
744 1676 796 1727 in
823 1676 904 1728 sui
938 1676 1123 1729 odium
1157 1677 1550 1729 concitaturus.

599 1767 751 1822 Vers.
782 1767 831 1822 9.
858 1767 1102 1820 Attamen
1121 1781 1404 1836 propter—
1422 1768 1558 1820 dari.
1596 1767 1640 1819 0
1665 1766 1934 1820 muliebre
1953 1781 2106 1819 man-

527 1858 726 1926 cipium
753 1858 765 1910 ι
792 1856 1014 1925 perjurii
1057 1867 1222 1912 testes
1248 1858 1447 1912 habere
1476 1857 1726 1922 timuisti,
1761 1859 1977 1926 injuste!
2007 1874 2107 1912 au-

2215 677 2472 746 εὑροῦσα,
2503 677 2580 740 ὡς
2617 677 2870 746 ἱστόρησε
2907 675 3071 733 πάλιν
3095 679 3123 728 ὁ
3149 677 3397 746 Μᾶρκος,
3434 671 3627 725 εἰπών·
3677 667 3812 720 Ὅτι

2215 769 2320 821 Καὶ
2357 767 2685 835 γενομένης
2718 767 2945 834 ἡμέρας
2989 765 3294 831 εὐκαίρου.
3356 760 3511 815 Ἐπεὶ
3541 759 3681 830 πρὸς
3705 757 3813 810 αὗ-

2214 859 2315 927 τὴν
2374 857 2629 926 εἰσῆλθεν
2690 859 2723 926 ή
2759 856 3009 928 Θυγάτηρ
3047 857 3336 926 ἐρωτῶσα,
3385 853 3436 906 τί
3477 854 3797 922 αἰτήσεται,

2216 947 2590 1020 παρήγγειλεν
2643 947 2847 1000 αὐτίκα
2880 949 2938 998 ἐν
2995 945 3072 1015 τῷ
3132 943 3420 1014 συμποσίῳ
3453 942 3677 1008 αἰτῆσαι
3709 938 3803 990 δο-

2215 1042 2378 1112 θῆναι
2407 1043 2546 1110 αὐτῇ
2583 1041 2682 1110 τήν
2738 1039 2984 1109 κεφαλὴν
3040 1037 3315 1097 Ἰωάννου,
3369 1035 3668 1104 φοϐηθεῖσα
3700 1031 3806 1100 μὴ,

2213 1132 2308 1186 τοῦ
2349 1132 2654 1202 τηνικαῦτα
2681 1131 2877 1200 καιροῦ
2905 1128 3386 1200 παραδραμόντος,
3430 1123 3796 1194 μεταμεληθῇ

2214 1222 2492 1286 πάντωςὸ
2543 1220 2814 1292 Ἡρώδης,
2867 1218 3152 1288 ἀνανήψας
3177 1220 3276 1288 τῆς
3324 1213 3516 1287 μέθης,
3569 1215 3626 1283 ἦ,
3683 1214 3802 1283 (5‘2)

2216 1315 2291 1386 μὴ
2319 1317 2414 1368 καὶ
2442 1313 2553 1366 τῶν
2586 1313 2758 1382 φίλων
2786 1310 2932 1374 τινὲς
2968 1309 3456 1378 παρακαλέσαντες
3489 1307 3602 1377 (53)
3649 1307 3805 1358 tm-

2213 1408 2269 1459 θε
2281 1406 2500 1474 ρὼσωσι
2530 1404 2622 1457 τὸν
2665 1403 2944 1472 Ἰωάννην.

2288 1498 2392 1552 Kal
2419 1527 2488 1536 —-
2509 1495 2920 1561 βασιλεὺς.-
2951 1492 3283 1560 Ἐλυπήθη,
3316 1491 3449 1544 διότι
3478 1489 3671 1560 ἔμελλε
3702 1490 3803 1554 μέ-

2211 1609 2313 1660 γαν
2347 1590 2560 1643 ἀνελεῖν
2591 1588 2786 1659 ἀνδρα,
2830 1587 2926 1640 καὶ
2977 1586 3201 1656 κινῆσαι
3231 1585 3367 1656 πρὸς
3409 1586 3566 1653 μῖσος
3602 1582 3799 1636 ἑαυτοῦ

2213 1683 2302 1736 τὸν
2323 1681 2502 1752 ὄχλον.

2282 1774 2385 1828 Διὰ
2437 1773 2506 1826 δὲ
2546 1803 2604 1814 -
2629 1770 2904 1840 δοθῆναι.
2962 1770 3028 1822 Ὠ
3064 1769 3376 1837 γυναικεῖον
3416 1762 3795 1833 ἀνδράποδονί

2214 1869 2502 1939 ἐπιορκίας
2542 1867 2640 1938 μὲν
2668 1866 2962 1935 μάρτυρας
2997 1861 3144 1934 ἔχειν
3171 1859 3493 1920 ἑδειὶλασας·
3550 1855 3800 1926 παρανὸο

523 1959 634 2005 tem
661 1950 829 2005 cazdis
865 1958 971 2004 tam
1007 1950 1207 2003 multos
1241 1950 1440 2003 habere
1473 1958 1811 2017 spectatores
1851 1965 1959 2002 non
1999 1950 2106 2002 for-

2220 1977 2319 2030 pin
2343 1931 2413 2011 "se
2477 1931 2700 2026 σῷαγῆς
2734 1931 2936 2018 θεατὰς
2965 1931 3257 2014 τοσούτους
3288 1951 3431 2021 ἔχειν
3462 1949 3564 2004 οὐκ
3594 1946 3800 2016 ἐφοϐή-

517 2042 785 2098 midasti?
819 2041 895 2097 Te
955 2043 1100 2096 enim
1165 2053 1370 2096 temere
1424 2043 1640 2111 jurasse
1672 2056 1780 2095 non
1828 2042 2104 2111 oportuit;

513 2137 652 2206 quia
679 2145 861 2190 tamen
891 2135 1342 2204 incircumspectc
1375 2136 1594 2204 jurasti,
1633 2134 1832 2189 melius
1865 2146 1981 2188 erat
2015 2150 2107 2204 pc-

522 2231 704 2298 jerare
739 2247 752 2282 :
779 2243 809 2281 e
848 2226 1064 2282 duobus
1095 2240 1334 2295 namque
1365 2226 1544 2289 malis,
1577 2225 1752 2279 levius
1785 2234 1866 2278 est
1896 2225 2102 2295 eligen-

526 2325 676 2373 dum.

599 2410 760 2465 Vcrs.
794 2410 881 2465 l0.
908 2407 1145 2478 Cumque
1175 2409 1464 2462 miaissct—
1496 2422 1726 2464 carcere.
1755 2406 1890 2463 Cum
1911 2408 2105 2462 misis—

521 2513 631 2568 set,
681 2502 940 2556 videlicet
975 2501 1373 2570 speculatorem
1427 2509 1521 2554 aut
1577 2499 1912 2562 carnificem,
1967 2500 2108 2554 sicut

523 2597 662 2650 dixit
707 2593 990 2647 Marcus".
1023 2593 1174 2648 Clam
1232 2592 1383 2646 illum
1423 2593 1646 2655 occidit,
1681 2608 1747 2646 ne
1784 2591 2107 2648 interfectus

523 2702 740 2757 quoque
789 2685 1091 2755 publicaret
1145 2686 1445 2738 obscenum
1493 2685 1871 2750 concubitum,
1921 2694 1978 2740 et
2035 2700 2105 2739 ne

523 2775 931 2831 multitudinem
955 2773 1181 2829 haberet
1201 2773 1399 2828 factum
1434 2775 1537 2828 hoc
1556 2774 2108 2844 prohibentem.Deus

521 2877 703 2923 autem
727 2868 780 2921 id
807 2869 1067 2922 sustinuit
1096 2886 1108 2921 :
1135 2867 1296 2922 simul
1329 2869 1544 2936 quidem
1565 2867 1846 2936 utjustum
1874 2868 2110 2938 amplius

526 2967 836 3024 coronaret,
867 2959 1028 3015 simul
1062 2961 1225 3014 etiam
1261 2969 1321 3014 ut
1358 2961 1442 3014 his
1475 2961 1564 3029 qui
1598 2959 1800 3029 injuste
1825 2961 2108 3030 patiuntur

524 3054 926 3107 consolationis
958 3052 1263 3122 exemplum
1300 3051 1654 3121 relinqueret.

600 3147 753 3201 Veis.
783 3147 869 3199 il.
908 3146 972 3198 Et
1003 3175 1064 3183 —
1101 3145 1270 3198 lance.
1295 3143 1339 3198 Ο
1365 3144 1570 3199 foedum
1606 3159 1670 3200 ac
1711 3144 1880 3199 ferale
1915 3144 2106 3200 convi-

525 3240 708 3296 vium!
749 3238 1034 3304 Quomodo
1058 3253 1170 3292 non
1203 3237 1488 3292 vociferati
1532 3247 1658 3292 sunt
1684 3237 1774 3306 qui
1815 3237 1975 3291 simul
2013 3249 2106 3290 ac-
2136 3265 2178 3325 ρ

519 3332 894 3392 cumbebant,
965 3328 1377 3398 conspicientes
1423 3327 1660 3381 hominis
1707 3327 1888 3382 adhuc
1948 3326 2108 3382 calidi

518 3431 705 3491 caput,
761 3421 905 3490 quod
936 3421 1233 3476 etiamnum
1287 3422 1606 3493 sanguinem
1657 3421 1916 3487 stillabat,
1946 3436 2110 3490 super

521 3528 767 3567 mensam
813 3512 1110 3566 adductum
1157 3513 1308 3582 quasi
1345 3512 1650 3567 ferculum?
1684 3513 1957 3581 quomodo
1999 3527 2108 3567 non

519 3606 924 3659 exhorruerunt
947 3605 970 3658 ?

596 3697 746 3752 Vers.
778 3698 864 3751 lt.
900 3703 1203 3770 Datumque
1227 3710 1300 3755 est
1329 3702 1537 3770 puellas.
1585 3699 1929 3755 Exsecranda
1967 3715 2110 3754 mer-

515 3805 610 3845 ces
643 3789 978 3860 impudentis
1005 3793 1204 3861 operis!
1243 3793 1379 3846 Vere
1401 3794 1524 3848 talis
1553 3791 1742 3846 matris
1767 3793 1928 3863 digna
1957 3790 2066 3845 ﬁlia
2090 3807 2104 3850 :

517 3899 638 3953 quae
670 3885 759 3938 ubi
812 3886 981 3939 semel
1013 3886 1215 3953 abjecit
1241 3885 1526 3954 pudorem,
1547 3893 1599 3939 et
1625 3887 1678 3938 in
1702 3894 1997 3954 conspectu
2027 3893 2105 3938 tot

519 3975 761 4028 virorum
804 3975 1034 4045 seipsam
1061 3977 1114 4027 in
1149 3975 1720 4045 theatrumexposuit,
1751 3990 1812 4028 ac
1841 3975 1988 4029 varie
2015 3975 2102 4028 in-

512 4065 750 4119 decoros
775 4065 1024 4118 exercuit
1059 4074 1268 4128 motus,
1298 4065 1576 4120 crudelem
1607 4066 1709 4120 sibi
1745 4067 1961 4135 paravit
1983 4068 2101 4120 ani-

516 4173 688 4221 mum,
730 4158 1048 4226 lanccmque
1078 4173 1208 4211 ausa
1227 4165 1308 4211 est
1329 4158 1646 4227 contingere
1667 4159 1813 4212 caede
1837 4159 2053 4228 plenam
2083 4173 2101 4213 :

501 4265 617 4304 :nec
666 4250 841 4303 solum
884 4251 1221 4319 contingere,
1275 4265 1463 4303 verum
1495 4251 1660 4304 etiam
1707 4252 1861 4320 quasi
1898 4253 2101 4306 denunt

515 4343 730 4410 aliquod
755 4344 1124 4413 gratissimum
1144 4357 1176 4411 p
1201 4341 1446 4408 rferens,
1473 4342 1750 4398 lmtissime
1773 4341 1971 4398 obtulit
1990 4360 2103 4397 ma-

519 4433 609 4486 tri.
642 4434 728 4486 Ait
765 4436 907 4486 enim
939 4452 952 4487 :

586 4525 740 4578 Vers.
779 4526 866 4579 ll.
906 4525 972 4579 Et
999 4555 1067 4564 ———
1095 4525 1432 4596 sumNeque
1459 4528 1605 4582 enim
1639 4529 1774 4583 satis
1802 4537 2100 4584 eratexse-

2211 2052 2348 2121 Θης;
2406 2052 2556 2106 Ἔδει
2590 2050 2700 2122 γάρ
2757 2065 2816 2102 σε
2855 2048 2929 2118 μὴ
2989 2044 3282 2114 προπετῶς
3331 2044 3552 2113 ὀμόσαι’
3585 2042 3712 2093 ἐπεὶ
3738 2039 3801 2090 δὲ

2210 2145 2636 2214 ἀπερισκέπτως
2697 2141 2943 2212 ὤμοσας,
3007 2142 3262 2212 κρεῖττον
3318 2132 3387 2208 ἦν
3437 2134 3798 2204 ἐπιορκῆσαι·

2209 2237 2302 2289 δύο
2332 2237 2440 2305 γὰρ
2476 2235 2666 2289 κακῶν
2699 2235 2759 2287 τὺ
2791 2235 3128 2302 κουφότερον
3155 2229 3544 2301 αἱρετώτερον.

2283 2417 2394 2470 Καὶ
2426 2415 2672 2485 πέμψας
2690 2444 2758 2456 -
2777 2410 3046 2484 φυλακῇ.
3075 2410 3306 2481 Πέμψας
3341 2408 3798 2476 σπεκουλάτωρα,

2211 2511 2331 2580 ἦτοι
2385 2509 2613 2578 δήμιον,
2674 2506 2750 2569 ὡς
2799 2501 2954 2558 εἶπεν
3010 2507 3040 2557 ὁ
3085 2505 3335 2573 Μάρκος,
3387 2499 3563 2568 λάθρα
3604 2499 3802 2551 τοῦτον

2211 2601 2444 2666 ἀνεῖλεν,
2500 2599 2589 2653 ἵνα
2648 2599 2725 2668 μὴ
2778 2599 2876 2650 καὶ
2927 2593 3332 2664 ἀναιρούμενος
3353 2592 3468 2661 (54)
3489 2588 3804 2662 δημοσιεὺῃ

2211 2693 2311 2763 τὴν
2340 2691 2554 2760 ἀσελγῆ
2590 2689 2738 2759 μίξιν
2778 2687 2973 2752 αὐτοῦ,
3006 2686 3104 2740 καὶ
3127 2685 3215 2738 ῐνα
3249 2685 3324 2754 μή
3352 2683 3444 2737 τὸν
3496 2682 3653 2753 ὄχλον
3682 2680 3800 2746 ἕξει

2211 2784 2513 2840 κωλύοντα.
2553 2782 2612 2834 ὐ
2635 2780 2691 2834 δὲ
2723 2779 2856 2843 Θεὸς
2882 2779 3166 2848 ἠνέσχετο,
3226 2775 3362 2845 ὁμοῦ
3423 2774 3522 2845 μὲν
3576 2772 3668 2825 τὸν
3718 2770 3801 2823 δί-

2211 2889 2367 2928 καιον
2422 2872 2704 2943 στεφανῶν
2759 2871 3047 2942 μειζόνως,
3109 2867 3247 2940 ὁμοῦ
3295 2869 3352 2921 δὲ
3403 2869 3518 2930 τοῖς
3590 2863 3801 2926 ἀδίκως

2213 2969 2485 3037 πάσχουσι
2518 2964 2952 3035 καταλιμπάνων
2987 2961 3364 3034 παραμυθίαν.

2282 3142 2393 3198 Kal
2425 3173 2493 3184 —
2528 3141 2761 3194 πίνακι.
2794 3140 2859 3191 Ὠ
2889 3139 3092 3209 μιαροῦ
3126 3136 3433 3207 συμποσίου
3464 3135 3558 3189 καὶ
3587 3135 3798 3206 θηριῶ-

2211 3235 2336 3298 δους
2379 3236 2392 3288 l
2427 3235 2552 3297 Πῶς
2595 3235 2697 3287 οὐκ
2753 3233 3064 3300 ίλιγγίασαν
3096 3232 3146 3283 οἱ
3176 3230 3632 3298 συνανακείμενοι
3667 3227 3800 3280 θεά-

2215 3325 2412 3380 σασθαι
2481 3326 2730 3396 κεφαλὴν
2798 3324 3123 3394 ἀνθρώπου,
3198 3321 3407 3392 θερμοῦ
3481 3319 3796 3383 στάζουσαν

2209 3418 2467 3488 αἵματος,
2513 3420 2609 3470 ἐπὶ
2632 3417 2733 3489 τὴν
2757 3417 3038 3488 τράπεζαν
3065 3417 3246 3468 αὐτῶν
3280 3413 3674 3483 εἰσαγομένην,
3709 3412 3792 3474 ὡς

2209 3509 2411 3582 ἔδεσμα
2438 3526 2454 3577 ;
2497 3510 2623 3572 Πῶς
2651 3509 2752 3563 οὑκ
2777 3508 3006 3579 ἔφριξαν
3044 3525 3058 3539 ’

2279 3687 2387 3743 Καὶ
2416 3687 2594 3755 ἐδόθη
2621 3687 2702 3753 τῷ
2726 3689 3012 3755 κορασίῳ.
3036 3689 3242 3752 Μισθὸς
3267 3689 3470 3759 ἐναγὴς
3491 3689 3794 3760 ἀναισχύν-

2206 3797 2300 3834 του
2330 3781 2582 3852 πράξεως
2619 3783 2633 3834 l
2678 3782 2888 3844 Ὄντως
2915 3781 3172 3852 τοιαύτης
3215 3782 3422 3852 μητρὸς
3456 3782 3582 3847 ἀξία
3622 3783 3794 3853 θυγά·

2207 3891 2311 3944 τηρ
2344 3889 2357 3902 ·
2386 3872 2537 3938 ἅπαξ
2579 3874 2686 3944 γὰρ
2723 3879 2822 3940 τὴν
2853 3873 3192 3942 παρθενικὴν
3223 3871 3357 3925 αίδῶ
3387 3876 3792 3946 παρωσαμένη,

2207 3969 2300 4021 καὶ
2341 3969 2399 4020 ὲν
2430 3966 2733 4036 ὀφθαλμοῖς
2781 3980 3040 4020 τοιούτων
3060 3968 3274 4042 ἀνδρῶν
3298 3971 3556 4039 άσέμνως
3587 3970 3790 4041 ἑαυτὴν

2208 4059 2569 4130 θεατρίσασα,
2635 4060 2734 4113 καὶ
2792 4059 3056 4123 ποικίλως
3133 4062 3247 4132 (55)
3327 4062 3790 4132 ἁσχημονησασα,

2205 4155 2388 4224 ψυχὴν
2447 4153 2822 4223 ἀπάνθρωπον
2865 4158 3164 4226 ἐκτήσατο,
3218 4158 3312 4210 καὶ
3369 4158 3792 4229 κατετόλμησεν

2206 4249 2448 4319 ἅψασθαι
2478 4250 2715 4310 πίνακος
2753 4249 2917 4316 φόνου
2953 4250 3248 4318 γέμοντας,
3283 4252 3379 4303 καὶ
3406 4251 3506 4322 οὐχ
3537 4251 3788 4320 ἅψασθαι

2207 4345 2390 4411 μόνον,
2422 4342 2559 4395 ἀλλά
2588 4345 2704 4407 καὶ,
2739 4341 2996 4413 καθάπερ
3023 4361 3075 4396 τι
3101 4344 3274 4413 δῶρον
3309 4346 3552 4414 ἥδιστον,
3587 4344 3786 4398 διαϐα-

2206 4435 2424 4498 στάσαι,
2449 4436 2542 4488 καὶ
2565 4436 2877 4504 χαριέντως
2915 4436 3259 4505 ἀποκομίσαι
3290 4439 3354 4506 τῇ
3386 4437 3572 4506 μητρί.
3607 4438 3719 4508 (56)

2275 4526 2469 4580 Καὶ-
2493 4526 2703 4594 αὐτῆς.
2733 4527 2846 4579 Οὐκ
2870 4529 3094 4597 ἠρκεῖτο
3124 4529 3234 4598 γὰρ
3261 4530 3292 4599 ή
3334 4529 3568 4599 βδελυρά
3599 4532 3790 4603 μήτηρ

513 4617 732 4670 cranda:
771 4619 926 4670 matri
975 4616 1120 4685 quod
1156 4616 1475 4670 interfectus
1518 4627 1663 4671 esset
1703 4635 1717 4671 :
1751 4618 1843 4672 sed
1878 4619 2097 4688 optabat

2220 4621 2606 4690 ὶναιρεθέντος,
2637 4621 2923 4691 ἀλλ’ὲδίψα
2963 4626 3058 4675 καὶ⁹
3097 4622 3282 4676 λαῦεἰν
3341 4627 3420 4687 είς
3461 4628 3645 4695 χεῖρας
3689 4627 3790 4695 τὴν

515 4727 731 4780 (νιος-μισ
756 4710 807 4762 in
845 4725 1040 4766 manus
1063 4726 1280 4764 sumere
1309 4720 1492 4780 caput,
1514 4711 1656 4780 quod
1689 4712 1744 4765 in
1771 4729 1924 4767 suam
1946 4713 2098 4768 inve-

517 4803 749 4856 hebatur
777 4801 1054 4856 lasciviam
1087 4817 1151 4855 ac
1181 4801 1484 4864 libidinem,
1526 4813 1586 4856 ut
1613 4802 1742 4855 illud
1767 4804 2096 4857 contumelia

514 4895 774 4956 alliceret,
802 4909 864 4946 ac
895 4895 1257 4947 insectaretur
1299 4894 1573 4948 convitiis.
1624 4892 1945 4963 Huthsmodi
1971 4904 2099 4947 sunt

515 4987 773 5041 mulieres
799 4987 1333 5048 adulter-.e,omnium
1365 4986 1807 5055 improbissime,
1830 4988 2098 5041 crudelis-

511 5079 666 5131 sima:
709 5094 773 5132 ac
805 5078 1237 5133 scelestissimze.
1270 5079 1331 5132 Et
1361 5079 1484 5133 vide
1516 5080 1661 5148 quod
1697 5079 2098 5150 perpetraverit

514 5171 673 5223 mala.
727 5171 970 5240 Scipsam
1031 5171 1300 5226 dedecore
1354 5171 1556 5237 allecit,
1600 5189 1871 5244 suumque
1919 5174 2097 5228 virum

517 5259 823 5331 Philippum
859 5272 914 5316 et
937 5264 1245 5317 adulterum
1277 5263 1546 5318 Herodem
1579 5279 1643 5319 ac
1672 5265 1856 5320 ﬁliam.
1895 5265 2097 5322 Deinde

628 5446 667 5476 "
704 5443 868 5498 Marc.
913 5458 986 5506 νε,
1016 5442 1107 5495 21.
1215 5443 1260 5475 ³¹
1286 5441 1414 5496 ibid.
1440 5442 1529 5495 '27.

2204 4713 2632 4781 στηλιτεύουσαν
2679 4712 2780 4784 τὴν
2814 4713 3116 4767 ἀκολασίαν
3145 4716 3319 4784 αὐτῆς
3343 4717 3606 4788 κεφαλὴν,
3644 4718 3788 4772 ὥστε

2201 4803 2486 4874 ὲνυόρίσαι
2515 4803 2654 4872 αὐτῇ
2709 4805 2803 4857 καὶ
2829 4806 3189 4863 ἐπιτωθάσαι.
3226 4808 3487 4862 Τοιαῦταί
3536 4813 3677 4864 εἰσιν
3728 4815 3784 4865 αἱ

2206 4895 2588 4964 μοιχευόμεναι
2637 4898 2919 4962 γυναῖκες,
2957 4897 3218 4951 ἀπάντων
3281 4900 3622 4970 ίταμώτεραι
3690 4907 3786 4954 καὶ

2201 4986 2476 5056 ὡμότεραι
2510 4987 2604 5039 καὶ
2654 4987 3019 5058 ἀνοσιὸτεραι.
3047 4991 3245 5043 Σκόπει
3296 4977 3353 5044 δὲ
3384 4991 3605 5044 καὶὸσα
3638 4996 3785 5046 κακά

2206 5077 2555 5144 διεπράξατοο
2594 5078 2900 5150 κατῄσχυνε
2931 5083 3027 5134 καὶ
3067 5085 3287 5153 ἑαυτὴν,
3329 5085 3423 5137 καὶ
3469 5085 3561 5137 τὸν
3614 5085 3785 5154 ἄνδρα

2207 5167 2378 5234 αὐτῆς
2419 5168 2703 5235 Φίλιππον,
2738 5172 2831 5223 καὶ
2865 5172 2958 5224 τὸν
3000 5175 3191 5244 μοιχὲν
3236 5174 3504 5245 Ἡρώδην,
3560 5176 3652 5229 καὶ
3685 5176 3784 5245 τὴν

2205 5260 2505 5333 θυγατέρα,
2537 5264 2631 5317 καὶ
2662 5265 2839 5318 ἀνεῖλε
2883 5266 2985 5336 μὲν
3013 5269 3103 5320 τὸν
3157 5271 3471 5341 κατήγορον
3520 5270 3620 5340 τῆς
3660 5288 3782 5340 μοις

1733 5534 1931 5598 νοτία)
1981 5535 2287 5599 lectiones
2318 5545 2376 5599 et
2415 5547 2610 5606 notae.

589 5703 697 5772 (52)
735 5702 870 5753 Ἀπὸ
903 5702 1083 5754 κοινοῦ
1119 5700 1180 5753 τὸ
1215 5701 1529 5772 φοϐηθεῖσα.

587 5775 701 5839 (53)
730 5774 833 5823 Τὸν
870 5774 882 5789 ⁸
893 5774 932 5824 Π
945 5773 1051 5842 ρὼδ
1062 5791 1142 5842 ην.

572 5845 696 5914 ,(54)
727 5843 760 5895 i.
793 5858 846 5897 e.
877 5845 931 5895 ἐν
963 5841 1039 5912 τῷ
1073 5841 1419 5913 ἀναιρεῖσθαι
1450 5843 1713 5913 δημοσίᾳῒ

2269 5704 2381 5784 (55)
2425 5706 2676 5784 Τοῖς-τῇς
2713 5707 2994 5777 ὀρχήσεως
3046 5712 3336 5780 τρυφεροῖς
3384 5712 3478 5767 καὶ
3525 5715 3775 5784 uix/poi;

2203 5778 2446 5844 σχήμασι
2478 5779 2572 5829 καὶ
2603 5777 2832 5845 ἃλμασι.

2269 5845 2381 5916 (56)
2420 5846 2724 5901 Hentenius
2756 5849 2903 5903 addit
2935 5869 2947 5905 :
2981 5853 3113 5921 φησὶ
3141 5854 3272 5922 γάρ.
