4020 6522
195 484 295 550 4Ξ9

1044 494 1437 555 COMMENT.
1484 495 1560 555 IN
1609 490 2086 555 MATTFLEUM.
2119 519 2186 530 -
2229 496 2394 560 CAP.
2436 501 2593 563 XIV.

3370 507 3476 572 £30

193 601 361 673 Χείαςν
399 601 488 657 ἶνα
521 606 895 678 μοιχευομένη
954 607 1198 682 λανθάνῃ
1248 611 1376 674 τοὺς
1429 610 1552 664 τότε
1589 608 1772 680 μόνον·

1893 609 2082 665 xcidit
2102 609 2321 681 quidem
2349 613 2610 685 adulterii,
2632 619 3043 690 insectatorem,
3064 631 3125 679 ut
3145 622 3476 683 adulterinum

193 690 456 746 ἀνελοῦσα
495 693 550 746 δὲ
583 695 772 759 αὑτὸν,
800 697 862 749 οὐ
899 699 1063 768 μόνον
1113 701 1215 754 οὐκ
1259 701 1453 756 ἐλαϐεν
1507 701 1778 765 ἐκείνους,

1885 702 2261 766 committens,
2294 721 2392 763 eos
2423 709 2514 778 qui
2559 719 2690 767 tunc
2737 722 2896 768 erant
2939 713 3137 770 lateret
3169 732 3183 781 ;
3227 717 3321 772 sed
3352 719 3478 787 quia

193 782 328 836 ἀλλὰ
386 784 485 838 καὶ
545 787 658 850 τοῖς
706 790 1202 861 μεταγενεστέροις
1253 792 1646 864 ὲδημοσιεύθη,
1684 792 1782 847 καὶ

1893 793 2065 863 ipsum
2099 797 2318 863 ecetdit,
2353 814 2464 854 nou
2503 791 2679 857 solum
2718 804 2841 860 illos
2895 821 3008 860 non
3045 806 3227 872 latuit,
3286 782 3477 865 verum

192 875 354 948 μέχρι
402 878 612 942 παντὸς
641 881 702 933 ὲν
731 880 840 953 ὅλῳ
876 881 956 952 τῷ
985 884 1182 956 κόσμῳ
1221 884 1634 955 δημοσιεύεται.

254 1063 364 1116 Kal
396 1091 464 1104 —
496 1065 667 1120 αὐτό.
720 1065 778 1121 Ὀ
829 1067 886 1121 δὲ
945 1069 1176 1138 Μάρκος
1238 1069 1300 1122 τὸ
1355 1069 1558 1139 πτῶμα
1610 1070 1778 1123 αὑτοῦ

188 1171 345 1226 φησι,
380 1158 583 1228 πτῶμα
623 1159 686 1212 τὸ
738 1159 897 1231 σῶμα
928 1161 1191 1226 καλέσας,
1227 1162 1316 1216 διὰ
1364 1162 1426 1215 τὸ
1474 1165 1665 1217 πεσεῖν
1697 1165 1778 1227 είς

185 1250 382 1320 ἔδαφος
442 1253 583 1322 μετὰ
609 1252 708 1325 τὴν
745 1254 987 1328 ἐκτομὴν
1017 1255 1121 1328 τῆς
1155 1257 1421 1328 κεφαλῆς.

253 1427 366 1480 Kal
399 1459 468 1470 -—
510 1427 738 1496 Ἰησοῦ.
780 1430 984 1484 Λοιπὸν
1032 1432 1440 1505 ἐνδεικνύμενα
1493 1433 1595 1502 τὴν
1639 1435 1779 1506 πρὶς

182 1519 348 1574 αὑτὸν
405 1520 643 1578 εὔνοιαν
689 1523 908 1595 ἔκαμψε
935 1527 1043 1594 γὰο
1066 1527 1265 1590 αὐτοὺς
1315 1527 1520 1597 μᾶλλον
1563 1526 1596 1598 ή
1633 1545 1772 1581 συα-

181 1613 343 1686 φορά.

248 1705 364 1760 Kal
395 1738 462 1748 κ-
489 1709 786 1765 κατιδίαν.
843 1710 1136 1778 Ἀκούσας,
1165 1714 1249 1767 ὅτι
1293 1714 1538 1788 ἀνῃρέθη
1571 1717 1600 1770 ὁ
1658 1717 1773 1769 1w-

180 1800 370 1872 άννης·
401 1804 498 1856 καὶ
529 1803 638 1874 γὰρ
670 1803 787 1868 καὶ,
825 1805 915 1858 ὅτε
949 1805 1207 1877 ήκουσεν,
1237 1809 1320 1862 ὅτι
1356 1809 1632 1879 παρεδόθη
1694 1811 1776 1874 εἰς

177 1895 237 1947 τὸ
258 1894 663 1965 δεσμωτήριον,
685 1880 1028 1968 ἀινελξώρησε·
1048 1898 1116 1953 δι’
1141 1900 1207 1971 ἦν
1232 1901 1290 1954 δὲ
1314 1901 1517 1966 αἰτίαν,
1539 1902 1661 1972 εξρή
1673 1919 1772 1955 κα-

180 2004 284 2056 μεν
317 1989 376 2040 ὲν
404 1988 486 2059 τῷ
513 1989 684 2060 τρίτῳ
718 1991 1026 2063 κεφαλαίῳ·
1069 1995 1163 2046 καὶ
1196 1993 1284 2048 ἵνα
1317 1994 1535 2068 φυλάξῃ
1579 1994 1775 2049 ἑαυτὸν

177 2081 260 2145 είς
296 2083 390 2135 τὸν
420 2083 704 2154 πρέποντα
738 2082 832 2137 τοῦ
869 2086 1106 2155 σταυροῦ
1147 2088 1360 2158 καιρόν.

250 2175 410 2245 τινες
438 2175 496 2230 δὲ
529 2177 956 2249 ἑρμηνεύουσιν,
1000 2182 1081 2233 ὅτι
1133 2181 1401 2246 ἀκούσας,
1441 2184 1526 2236 ὅτι
1601 2201 1774 2253 προσ·

179 2267 444 2340 εδόκησεν
483 2268 732 2341 Ἡρώδης
755 2270 846 2325 τὸν
886 2271 1145 2343 Ἰωάννην
1163 2274 1326 2328 αὐτὸν
1355 2268 1519 2329 εἶναι.
1538 2276 1648 2330 Καὶ
1665 2275 1774 2345 7&9

177 2363 281 2434 τὴν
309 2363 599 2435 ἀναίρεσιν
628 2363 798 2419 αὐτοῦ
827 2365 974 2420 κατὰ
997 2367 1112 2437 (57)
1144 2367 1506 2441 παρενθήκην
1564 2385 1780 2440 μνημο-

186 2458 449 2529 νευθῆναι
484 2457 603 2525 νῦν,
641 2460 739 2512 καὶ
769 2460 1162 2534 περατωθῆναι
1217 2461 1384 2534 μέχρι
1422 2461 1518 2516 τοῦ
1572 2463 1778 2535 παρόν-

179 2568 270 2616 τος
306 2551 478 2624 ῥητοῦ
514 2552 610 2625 τὴν
631 2552 889 2625 διήγησιν
923 2543 1117 2626 αὐτῆς*
1142 2549 1264 2609 εἶτα
1292 2554 1458 2610 πάλιν
1491 2555 1777 2610 ἀποκατα-

184 2643 384 2714 στῆναι
455 2643 548 2698 τδν
603 2644 764 2713 λόγον
821 2646 905 2710 είς
956 2645 1056 2718 τὴν
1104 2647 1382 2720 προτέραν
1445 2647 1776 2722 ἀκολουθίαν

181 2735 371 2790 αὑτοῦ.

253 2827 417 2892 Εἰκὸς
451 2827 510 2882 δὲ
543 2829 708 2884 αὑτὸν
740 2829 976 2887 ἀκοῦσαι
1009 2833 1104 2885 καὶ
1150 2833 1444 2905 ἀμφότερα
1489 2833 1634 2888 κατὰ
1685 2833 1777 2886 τὸν

180 2921 490 2991 τηνικαῦτα
544 2923 757 2994 καιρὸν,
808 2924 902 2977 καὶ
953 2924 1320 2995 ὑποχωρῆσαι
1363 2925 1433 2979 δι’
1458 2925 1772 2996 ἀμφότερα.

183 3014 298 3068 Καὶ
354 3013 462 3084 7&9
498 3017 594 3070 καὶ
631 3017 830 3088 τρίτην
863 3017 1050 3071 αἰτίαν
1102 3018 1204 3088 τῆς
1250 3017 1512 3088 τοιαύτης
1554 3019 1775 3087 ἀναχω-

183 3107 397 3175 ρήσεως
424 3107 454 3159 ὁ
492 3107 722 3178 Μάρκος
759 3108 1036 3181 ἱστόρησε,
1066 3111 1127 3162 τὸ
1150 3108 1442 3180 βούλεσθαι
1471 3107 1775 3164 διαναπαῦ-

181 3212 274 3249 σαι
336 3199 464 3262 τοὺς
531 3199 806 3270 μαθητὰς,
845 3201 1299 3272 ὑποστρέψαντας
1339 3201 1448 3255 ἀπὸ
1507 3201 1604 3255 τοῦ
1670 3218 1776 3273 κη-

1883 883 2046 938 ctiam
2075 890 2316 954 posteris
2348 891 2690 959 publicatum
2725 905 2810 951 est
2850 914 2863 950 :
2909 912 3239 969 semperque
3263 901 3318 954 in
3352 901 3482 955 uni-

1886 992 2044 1032 verso
2075 981 2279 1035 mundo
2325 983 2654 1052 publicatur.

1956 1071 2110 1127 Vers.
2153 1073 2240 1128 12.
2271 1074 2338 1128 Et
2369 1107 2439 1118 --
2468 1078 2623 1134 illud.
2699 1081 2915 1140 Marcus
2974 1094 3160 1143 autem
3235 1089 3368 1145 dicit
3411 1091 3477 1153 ³³.

1881 1163 2029 1233 quod
2063 1165 2310 1222 tulerunt
2342 1169 2544 1240 πτῶμα
2578 1171 2737 1242 ejus:
2780 1177 2995 1233 vocavit
3024 1190 3208 1235 autem
3278 1197 3480 1252 corpus

1882 1254 2004 1324 ejus
2054 1255 2256 1328 πτῶμα
2275 1257 2385 1313 ἀπὸ
2404 1259 2498 1314 τοῦ
2527 1264 2734 1330 πεσεῖν,
2765 1265 2819 1321 id
2870 1277 2977 1336 est,
3031 1286 3060 1324 a
3122 1272 3371 1330 cadendo
3426 1277 3479 1330 iu

1883 1348 2257 1418 pavimentum
2287 1361 2413 1423 post
2449 1355 2650 1425 capitis
2671 1361 3130 1430 amputationem.

1957 1442 2114 1498 Vers.
2150 1444 2233 1499 l2.
2266 1446 2343 1501 Ac
2392 1477 2465 1492 --
2501 1448 2653 1506 Iesu.
2683 1451 2802 1508 Jnm
2837 1471 2963 1527 erga
3024 1457 3175 1513 illum
3234 1460 3480 1516 benevo-

1883 1535 2104 1591 lentiam
2145 1539 2596 1599 demonstrantes
2626 1562 2640 1598 :
2663 1546 2838 1617 magis
2863 1550 3011 1603 enim
3030 1564 3125 1606 eos
3148 1550 3301 1608 ﬂexit
3331 1553 3480 1608 cala-

1881 1627 2057 1682 initas.

1954 1717 2109 1776 Vers.
2159 1722 2245 1779 13.
2275 1723 2514 1794 Cumque
2549 1756 2621 1766 —
2650 1732 2885 1784 seorsim.
2907 1729 3044 1787 Cum
3066 1732 3308 1791 audisset
3327 1740 3476 1794 occi-

1881 1827 2002 1865 sum
2031 1827 2153 1868 esse
2175 1814 2480 1884 Joannem;
2503 1817 2774 1889 siquidem
2802 1822 2967 1878 etiam
2995 1841 3119 1880 cum
3135 1828 3344 1884 audivit
3375 1840 3479 1885 tra-

1879 1903 2053 1960 ditum
2078 1921 2202 1961 esse
2231 1907 2286 1962 in
2308 1924 2588 1966 carcerem
2617 1913 2865 1980 secessit,
2900 1917 3058 1988 cujus
3078 1935 3297 1976 causam
3317 1923 3480 1976 tertio

1880 2000 2059 2070 capite
2100 2001 2340 2060 diximus
2369 2020 2384 2058 :
2422 2009 2564 2076 quod
2583 2007 2746 2063 etiam
2781 2010 2984 2067 factum
3015 2022 3119 2082 est,
3155 2023 3214 2070 ut
3237 2015 3476 2086 seipsum

1883 2091 1935 2144 iu
1967 2101 2183 2163 tempus
2216 2097 2454 2164 passioui
2489 2101 2825 2156 conveniens
2879 2115 3208 2163 reservaret.

1950 2182 2186 2249 Quidam
2236 2196 2420 2243 autem
2489 2189 2968 2262 interpretantur:
3022 2195 3160 2254 Cum
3237 2202 3481 2262 audisset

1879 2276 2028 2344 quod
2063 2276 2312 2333 Herodes
2372 2279 2738 2337 arbitraretur
2784 2284 2938 2341 illum
2994 2303 3117 2346 esse
3171 2287 3476 2350 Joannem:

1883 2369 2048 2441 bujus
2085 2387 2325 2442 namque
2356 2372 2798 2434 interfectionem
2831 2380 3021 2438 dicunt
3043 2399 3143 2455 per
3186 2385 3479 2461 interposi-

1883 2459 2088 2517 tionem
2106 2478 2254 2518 nunc
2269 2464 2338 2519 ad
2373 2467 2692 2522 memoriam
2713 2484 2838 2526 esse
2871 2472 3178 2543 reductam,
3224 2459 3479 2552 illiusque

1884 2557 2257 2612 narrationem
2281 2558 2348 2612 ad
2388 2573 2632 2628 praesens
2667 2576 2841 2632 usque
2883 2567 3110 2621 verbum
3172 2572 3477 2628 terminari.

1883 2649 2092 2706 Deinde
2125 2667 2345 2707 rursum
2384 2668 2697 2710 sermonem
2749 2657 2818 2712 ad
2859 2661 3098 2731 priorem
3137 2667 3224 2720 sui
3284 2682 3480 2725 conse-

1881 2741 2162 2810 quentiam
2187 2744 2424 2800 restitui.

1952 2834 2262 2892 Verisimile
2345 2847 2432 2892 est
2485 2847 2669 2896 autem
2749 2851 3043 2916 utrumque
3095 2863 3164 2903 eo
3231 2859 3480 2923 tempore

1880 2926 2129 2992 audisse,
2214 2937 2272 2983 et
2339 2938 2565 3001 propter
2628 2940 2917 3006 utramque
2981 2954 3205 2996 causam
3297 2960 3482 3003 seccs~

1879 3019 2039 3072 sisse.
2094 3017 2364 3075 Praeterea
2422 3023 2637 3078 tertiam
2690 3039 2912 3098 quoque
2943 3029 3108 3102 hujus
3155 3039 3480 3099 secessionis

1879 3124 2100 3165 causam
2166 3113 2389 3183 scripsit
2422 3113 2678 3184 Marcus,
2741 3129 2875 3192 puta
2922 3126 3072 3193 quod
3132 3131 3480 3201 requiescere

1879 3201 2042 3256 vellet
2073 3203 2374 3274 discipulos
2420 3222 2448 3261 a
2481 3211 2868 3278 prmdicatione
2895 3230 3168 3275 reversos.
3216 3221 3295 3277 [ta
3329 3226 3474 3279 enim

185 3286 492 3359 ρύγματος·
529 3291 722 3362 εἴρηκε
771 3291 880 3363 γὰρ
920 3292 1114 3356 οὕτω,ο
1145 3293 1255 3348 Kal
1307 3291 1682 3362 συνάγονται
1723 3295 1778 3346 οι

1893 3293 2021 3348 dixit
2053 3312 2065 3346 :
2100 3293 2164 3347 Et
2183 3308 2572 3369 congregantur
2589 3304 2819 3372 apostoli
2871 3311 2942 3360 ad
2973 3305 3175 3376 Iesum,
3197 3328 3260 3366 ac
3286 3331 3475 3370 remm-

179 3381 518 3436 ἀπόστολοι
563 3385 715 3452 πρὸς
765 3386 872 3438 τὸν
915 3384 1184 3452 Ἰησοῦν,
1239 3384 1341 3440 καί
1397 3385 1776 3455 ἀπήγγειλαν

181 3473 346 3538 αὑτῷ
373 3474 597 3542 πάντα,
630 3479 727 3531 καί
757 3478 875 3532 ὅσα
897 3478 1219 3547 ἐποίησαν,
1265 3477 1366 3531 καὶ
1409 3477 1529 3532 ὅσα
1570 3476 1770 3532 ἐδίδα-

185 3566 326 3631 ξαν.
380 3570 491 3624 Kal
523 3565 696 3624 εἴπεν
726 3571 952 3636 αὑτοῖς·
984 3572 1185 3640 Δεῦτε,
1221 3571 1393 3642 ὑμεῖς
1427 3571 1601 3626 αὐτοὶ
1634 3569 1770 3642 (58),

181 3659 313 3714 κατ’
366 3660 530 3714 ἰδίαν
572 3664 658 3728 εις
694 3663 924 3733 ἔρημον
972 3666 1184 3730 τόπον,
1228 3663 1330 3717 καὶ
1385 3663 1774 3718 ἀναπαύεσθε

179 3750 411 3818 ὀλίγον.
440 3744 644 3805 Ἦσαν
673 3754 784 3822 γὰρ
808 3755 863 3806 oi
884 3753 1200 3822 ἐρχόμενοι
1227 3755 1328 3808 καί
1354 3756 1406 3808 οι
1435 3752 1773 3823 ὑπάγοντες

181 3845 440 3899 πολλοιο
473 3845 574 3900 καί
645 3847 790 3902 οὐδὲ
845 3847 1065 3918 φαγεῖν
1116 3849 1464 3917 εὐκαίρουν.
1508 3849 1620 3903 Kal
1659 3848 1773 3902 ἀετ-

179 3932 372 4003 ῆλθεν
389 3938 477 4003 εἰς
502 3935 931 4009 ἐρημονιτόπον
950 3936 1030 4003 τῷ
1046 3939 1236 4002 πλοίῳ
1258 3937 1555 3995 κατιδιαν.
1586 3937 1773 3992 Ταῦτα

182 4029 288 4099 μὲν
315 4025 411 4084 οὖν
450 4031 478 4083 ὀ
524 4031 774 4102 Μάρκος.

253 4125 629 4197 Παραπλήσια
663 4127 723 4180 δὲ
745 4126 926 4195 λέγων
969 4126 1065 4180 καὶ
1092 4129 1120 4181 ὁ
1150 4128 1389 4193 Λουκᾶς,
1439 4126 1774 4199 προστίθησι

181 4217 279 4270 καὶ
305 4216 601 4288 γνώρισμα
624 4216 724 4287 τῆς
747 4219 845 4290 ὲρή
854 4236 980 4288 μου.
1011 4219 1152 4288 Φησὶ
1173 4220 1305 4288 γὰρ,
1335 4220 1416 4273 ὅτι
1453 4220 1564 4274 Καὶ
1585 4232 1775 4289 παρα-

179 4309 387 4364 λαϐὼν
427 4310 674 4376 αὐτοὺς,
706 4311 1068 4379 ὑπεχώρησε
1107 4310 1384 4365 κατιδίαν
1413 4312 1502 4377 εἰς
1549 4310 1776 4381 ἔρημον

181 4404 396 4470 τόπον,
452 4403 688 4469 πόλεως
738 4401 1123 4471 καλουμένης
1173 4400 1510 4470 Βηθσαῗδᾶ.
1546 4403 1669 4474 Χρὴ
1718 4402 1774 4456 δὲ

183 4496 505 4564 γινώσκειν,
560 4497 647 4548 ὅτι
721 4494 1224 4567 ἀνθρωποπρεπῶς
1280 4498 1309 4549 ὁ
1373 4496 1612 4569 Χριστὸς
1683 4496 1776 4549 καὶ

183 4589 398 4653 ἀκούει,
453 4589 552 4642 καὶ
594 4590 893 4662 ἀναχωρεῖ,
927 4592 1024 4644 καὶ
1073 4594 1352 4662 οἰκονομεί
1389 4592 1460 4645 τὰ
1487 4591 1612 4645 καθ’
1641 4590 1770 4643 ἐαυ-

1878 3388 2013 3440 liant
2040 3387 2119 3442 illi
2137 3393 2316 3443 omnia
2334 3408 2551 3463 qumque
2567 3397 2832 3464 fecissent,
2851 3415 3068 3471 qumque
3082 3404 3400 3461 docuissent.
3415 3409 3479 3462 Et

1875 3481 2015 3534 dixit
2071 3481 2143 3537 eis
2170 3499 2188 3537 :
2234 3482 2412 3539 Venite
2436 3503 2522 3541 vos
2550 3489 2650 3542 soli
2678 3492 2896 3544 seorsim
2921 3493 2975 3545 in
3001 3495 3262 3551 desertum
3282 3499 3478 3564 locum.

1878 3588 1927 3632 et
1956 3582 2270 3650 requiescite
2301 3584 2595 3653 paulisper.
2633 3586 2966 3642 Erantenim
2982 3592 3071 3659 qui
3107 3593 3383 3648 veniebant
3429 3608 3478 3649 et

1876 3669 2097 3724 abibant
2144 3673 2301 3727 multi
2334 3677 2432 3739 sic,
2453 3686 2508 3730 ut
2533 3693 2625 3730 nec
2646 3681 2915 3736 comedere
2935 3692 3150 3737 vacaret
3173 3701 3184 3736 :
3217 3695 3268 3739 et
3287 3689 3479 3757 egressi

1874 3773 1998 3817 sunt
2024 3764 2091 3832 (δ)
2118 3766 2327 3838 navigio
2353 3768 2407 3821 in
2431 3770 2691 3824 desertum
2735 3771 2906 3827 locum
2931 3776 3169 3831 seorsim.
3190 3777 3315 3834 HERC
3344 3795 3479 3836 sane

1876 3852 2116 3912 Marcus.

1952 4133 2203 4189 Proxima
2256 4134 2345 4188 his
2378 4142 2509 4190 sunt
2537 4151 2662 4208 quae
2683 4137 2814 4193 dicit
2841 4136 3014 4195 Lucas
3044 4141 3252 4200 addens
3309 4145 3476 4201 etiam

1880 4224 2096 4295 signum
2127 4238 2236 4294 quo
2264 4223 2545 4279 desertum
2581 4239 2929 4282 nosceretur.
2956 4230 3046 4285 Ait
3093 4231 3241 4287 enim
3327 4238 3475 4305 quod

1880 4313 2110 4368 secessit
2136 4313 2371 4369 seorsim
2409 4315 2464 4369 in
2497 4314 2779 4371 desertum
2839 4316 3018 4372 locum
3072 4319 3314 4377 civitatis
3351 4339 3476 4391 quze

1884 4420 2113 4465 vocatur
2145 4407 2437 4462 Bethsaida
2454 4409 2520 4462 ³⁵.
2559 4405 2713 4464 Scire
2746 4411 3154 4482 etiamoportet
3181 4412 3473 4471 Christum

1883 4504 2123 4558 humano
2139 4515 2292 4558 more
2316 4509 2372 4555 et
2391 4500 2584 4558 audire
2597 4511 2653 4556 et
2669 4503 2954 4571 secedere,
2989 4515 3044 4560 et
3078 4520 3142 4560 ea
3177 4524 3301 4578 quae
3325 4510 3473 4565 circa

1882 4611 1943 4651 se
1970 4594 2482 4663 erantdispensarc.
2502 4591 2700 4649 Omnia
2719 4596 2864 4650 enim
2890 4606 3148 4669 tanquam
3171 4601 3310 4656 Deus
3329 4603 3474 4657 scie~

184 4684 298 4737 τόν.
345 4681 435 4746 Ὠς
489 4683 600 4752 7&9
634 4661 797 4750 Θεὸς,
847 4685 944 4737 καὶ
988 4661 1269 4753 ἐγίνωσκε
1299 4685 1500 4749 πάντα,
1537 4685 1631 4737 καὶ
1675 4684 1776 4736 οὐκ

1893 4695 1995 4754 bat,
2021 4701 2125 4742 nec
2150 4661 2377 4759 illi—iuga
2401 4701 2542 4756 opus
2579 4697 2716 4740 erat.

185 4781 358 4834 ἐδεῖτο
403 4784 605 4850 φυγῆς.

254 4875 369 4929 Kal
401 4905 471 4917 -
497 4877 760 4930 πόλεων.
806 4876 864 4928 ’0
901 4874 958 4928 δὲ
1015 4875 1246 4945 Μάρκος
1307 4875 1498 4945 φησὶν,
1537 4875 1622 4928 ὅτι
1679 4872 1777 4926 καὶ

186 4959 332 5020 εἶδον
399 4967 600 5030 αὐτοὺς
686 4967 1026 5036 ὑπάγοντας.
1087 4967 1250 5030 Τινὲς
1299 4967 1399 5037 μὲν
1454 4967 1562 5039 7&9
1635 4963 1776 5020 εἶδον

185 5060 410 5126 αὐτοὺς,
452 5059 599 5124 τινὲς
629 5058 685 5112 δὲ
717 5060 963 5131 ήκουσαν
1006 5058 1166 5112 τοῦτο
1199 5061 1350 5132 παρὰ
1388 5061 1498 5112 τῶν
1532 5060 1774 5127 ἰδόντων,

185 5154 282 5206 καὶ
311 5151 674 5206 ἀκολουθοῦσι
732 5155 872 5226 πεζῇ
916 5156 1142 5218 πάντες.
1176 5155 1436 5208 Τοιοῦτον
1483 5156 1594 5226 γάρ
1650 5158 1772 5209 ἐστι

187 5248 375 5312 πόθον
417 5251 527 5304 πᾶν
557 5249 816 5320 ἐμπόδιον
863 5250 1242 5319 διακρούεται.

294 5457 340 5489 ³³
366 5455 530 5511 Marc.
559 5473 637 5520 vi,
664 5454 753 5511 29.
869 5454 913 5486 ”
935 5453 1102 5509 Marc.
1130 5471 1202 5520 vi,
1230 5456 1320 5522 50,
1347 5458 1434 5511 52.

1553 5456 1594 5487 ⁸⁸
1640 5455 1770 5510 Luc.
1797 5473 1870 5524 Ix,
1908 5457 1995 5510 l0.

1950 4867 2106 4925 νει-ε.
2146 4870 2233 4924 15.
2279 4869 2343 4923 Et
2373 4899 2438 4909 -
2475 4869 2712 4923 urbibus.
2781 4869 2995 4926 Marcus
3037 4887 3168 4927 vero
3202 4873 3280 4929 ait
3330 4877 3472 4944 quod

1877 4960 2044 5015 etiam
2074 4962 2333 5017 viderunt
2364 4978 2460 5018 eos
2487 4962 2758 5017 abeuntes
2785 4961 2854 5017 ".
2885 4963 3117 5029 Quidam
3144 4966 3292 5020 enim
3329 4968 3473 5022 vide-

1880 5065 2012 5110 runt
2094 5055 2238 5122 illos,
2288 5058 2511 5126 quidam
2555 5067 2738 5114 autem
2808 5059 3106 5115 audierunt
3139 5061 3244 5117 hoc
3279 5062 3348 5116 ab
3389 5062 3473 5119 his

1882 5153 1977 5224 qui
2008 5152 2287 5208 viderant:
2313 5169 2619 5225 omnesque
2648 5156 2883 5225 pedestri
2949 5158 3125 5212 secuti
3156 5165 3287 5213 sunt
3319 5158 3472 5213 itine-

1883 5263 1978 5302 re:
2011 5246 2328 5316 hujusmodi
2361 5247 2508 5301 enim
2531 5247 2868 5302 desiderium
2932 5263 3097 5302 omne
3135 5249 3471 5320 rcpellitim-

1883 5342 2279 5411 pedimentum.

2110 5455 2154 5486 ³⁸
2175 5454 2342 5509 Marc.
2369 5469 2443 5516 γι,
2487 5452 2577 5506 55.

1419 5604 1618 5666 Varia;
1649 5604 1956 5667 lectiones
1992 5609 2055 5667 et
2098 5609 2292 5666 nolle.

259 5760 369 5831 (57)
398 5757 620 5816 Scilicet
651 5775 680 5814 a
707 5773 867 5815 versu
906 5757 942 5814 5
968 5758 1036 5814 ad
1072 5758 1234 5813 linem
1274 5756 1355 5810 l2.

1952 5756 2066 5826 (58)
2103 5756 2290 5822 Δύτοί,
2323 5754 2479 5810 abest
2504 5756 2569 5807 Α.

262 5917 328 5985 (s)
369 5916 582 5987 Egressi
645 5927 790 5972 sunt.
835 5914 1064 5972 Videtur
1104 5930 1233 5988 ergo
1295 5911 1492 5987 legisse
1535 5912 1780 5983 ἀπῆλθον
1859 5913 2036 5984 Atque
2075 5915 2221 5971 dicta
2275 5917 2329 5969 in
2395 5923 2546 5969 textu
2592 5912 2755 5968 habet
2804 5913 2948 5984 apud
3002 5911 3228 5968 Marcuu
3298 5906 3464 5964 codex

190 5999 415 6059 uterque
447 6004 621 6045 meus.
