4020 6554
539 486 641 551 431

1782 496 2164 559 EUTIIYMII
2208 501 2571 563 ZIGABENI

3698 516 3804 581 432

614 601 766 657 Vers.
802 602 883 657 H.
933 601 996 657 Et
1031 617 1261 675 egressus
1319 630 1371 640 -
1406 599 1645 655 illorum.
1670 601 1865 658 Vidisti
1897 605 2108 661 deside-

2296 610 2403 661 Καὶ
2467 608 2735 672 ἐξελθὼν
2766 642 2826 655 -
2860 612 3083 670 αὐτῶν.
3118 613 3272 682 Εἶδες
3318 617 3410 674 τὸν
3455 623 3645 691 πόθον,
3700 628 3805 696 ὅρα

540 696 705 761 rium,
756 695 882 750 vide
919 705 975 751 et
1024 696 1147 765 (jus
1197 694 1507 764 pnmnium.
1569 692 1679 749 Nec
1724 695 1792 750 ab
1836 696 1921 751 bis
1960 697 2118 753 ﬁdem

535 785 869 854 expetebat:
911 785 1056 838 illam
1085 786 1234 839 enim
1299 786 1820 840 demonstraveram
1878 785 2118 856 pedestri

538 876 737 931 itinere
782 877 990 945 absque
1048 875 1327 929 alimentis
1388 887 1685 946 sequentes
1732 877 1789 931 in
1836 877 2115 931 desertum

536 969 713 1023 locum
750 987 762 1021 :
800 968 1014 1024 Marcus
1049 984 1181 1023 vero
1211 980 1265 1024 et
1293 968 1470 1023 Lucas
1500 968 1919 1038 dixeruntquod
1954 969 2116 1022 etiam

532 1061 699 1130 cmpit
732 1060 930 1115 docere
956 1062 1077 1116 illos
1103 1061 1297 1127 multa,
1327 1061 1582 1132 quodque
1634 1059 1961 1130 loquebatur
2010 1058 2118 1114 illis

535 1152 603 1205 de
638 1166 805 1222 regno
838 1152 933 1207 Dei
960 1154 1026 1206 ³’.

603 1242 762 1298 Unde
791 1254 974 1298 autem
1011 1258 1268 1315 egressus
1292 1244 1520 1298 sanabat
1552 1251 1607 1297 et
1646 1241 1881 1297 docebat
1908 1241 1932 1295 ?
1956 1240 2116 1297 Certe

532 1333 755 1387 dubium
784 1349 893 1387 non
923 1344 1009 1389 est
1038 1334 1171 1404 quin
1196 1350 1225 1388 a
1256 1343 1464 1389 monte.
1522 1332 1614 1387 Ait
1653 1334 1796 1388 enim
1835 1331 2110 1388 Joannes:

527 1426 665 1479 Abiit
689 1426 1015 1497 Jesus_trans
1047 1444 1189 1480 mare
1212 1426 1450 1482 Galilaue
1480 1425 1637 1497 quod.
1656 1436 1733 1481 est
1786 1425 2112 1480 Tiberiadis:

528 1493 919 1579 etscquebaiur
955 1532 1072 1570 eum
1092 1521 1248 1571 turba
1293 1493 1649 1587 multm-quia
1691 1518 1937 1570 videbant
1998 1518 2113 1585 ejus

529 1606 680 1674 signa
698 1622 814 1672 qua:
836 1605 1018 1659 edebat
1045 1607 1099 1658 in
1120 1607 1199 1658 his
1255 1606 1344 1676 qui
1385 1603 1815 1673 inﬁrmabantur.
1866 1604 2113 1657 Ascendit

531 1708 705 1751 autent
736 1698 792 1750 in
816 1697 1229 1761 montemJesus,
1253 1706 1301 1750 et
1337 1697 1407 1749 ibi
1466 1697 1680 1750 sedebat
1724 1711 1843 1749 cum
1881 1695 2111 1763 discipu-

531 1789 801 1843 tissuis".
861 1788 1129 1843 Disseruit
1194 1789 1340 1842 enim
1376 1788 1429 1842 in
1455 1787 1583 1843 navi
1631 1801 1755 1841 cum
1782 1786 2111 1856 discipulisj;

526 1894 764 1949 cumque
809 1879 1189 1935 ascendissent
1222 1878 1277 1933 in
1347 1887 1616 1945 montem,
1696 1878 2109 1948 requieverunt.

520 1970 736 2026 Deinde
760 1984 1013 2041 egressus
1036 1980 1119 2026 est
1149 1982 1204 2026 et
1237 1970 1467 2027 sanabat
1487 1978 1547 2026 et
1573 1967 1826 2025 docebat.

808 2189 966 2245 CAP.
1002 2188 1194 2243 XXVI.
1233 2189 1310 2242 De
1337 2190 1566 2259 quinque
1592 2189 1846 2257 panibus.

604 2283 751 2337 νει-ε.
786 2283 875 2337 15.
917 2281 1145 2351 Vespera
1175 2310 1243 2321 —
1271 2282 1495 2336 cibaria.
1528 2279 1652 2335 Dies
1679 2279 1955 2335 declinare
1994 2294 2110 2334 c03-

532 2382 714 2442 perat,
751 2373 894 2427 sicut
916 2372 1049 2426 dixit
1076 2370 1251 2426 Lucas
1283 2370 1351 2437 ⁸⁹;
1382 2370 1484 2440 ipsi
1506 2379 1685 2423 tamen
1704 2368 1879 2439 jejuni
1903 2383 2114 2438 perma-

519 2463 751 2525 nebaut,
790 2459 1047 2513 audiendi
1085 2474 1275 2515 amore
1304 2458 1469 2514 famis
1528 2460 1917 2516 necessitatem
1981 2459 2108 2513 vin-

524 2564 705 2607 cente.
736 2551 989 2607 Christus
1010 2566 1139 2606 vero
1171 2565 1295 2606 cum
1342 2550 1548 2606 idcirco
1564 2565 1659 2604 eos
1709 2550 1892 2604 cibare
1923 2548 2105 2613 vellet,

523 2644 1069 2713 exspectavittamen
1103 2656 1162 2697 ut
1183 2643 1252 2698 ab
1270 2643 1393 2698 aliis
1435 2642 1781 2697 occasionem
1839 2650 2106 2706 sumeret,

524 2750 594 2789 ne
616 2736 890 2789 videretur
910 2735 977 2790 ad
1001 2734 1647 2804 miraculioperationem
1670 2733 1910 2800 assilire;
1929 2747 2107 2803 neque

520 2829 615 2882 hic
645 2829 845 2894 solum,
878 2842 1069 2884 verum
1093 2827 1261 2881 etiam
1300 2826 1429 2881 alibi
1468 2825 1608 2880 idem
1640 2825 1960 2895 lrequenter
2008 2825 2108 2878 ob-

522 2930 730 2975 servat.
762 2920 1033 2975 Praeterea
1068 2927 1126 2973 ut
1156 2918 1324 2973 etiam
1348 2917 1481 2988 quid
1512 2917 1842 2984 esurierant,
1909 2914 2104 2987 majori

519 3013 773 3068 miraculi
807 3028 974 3068 sensu
993 3018 1364 3067 moverentur.

593 3103 750 3158 Vers.
790 3104 871 3159 l6.
906 3103 1058 3157 Jesus
1082 3111 1262 3156 autem
1290 3130 1361 3142 —
1384 3101 1524 3172 quod
1560 3102 1743 3155 edant.
1774 3098 1893 3155 Non
1926 3099 2101 3158 dixit:

524 3197 633 3268 ligo
673 3211 889 3265 pascam
920 3195 1078 3261 illos;
1108 3196 1213 3249 hoc
1239 3194 1387 3249 enim
1411 3194 1739 3265 arrogantiae
1766 3192 2092 3258 videbatur;

521 3289 620 3345 sed
670 3288 973 3358 discipulos
1043 3288 1389 3350 adhortatur.
1459 3298 1518 3341 ut
1585 3289 1718 3343 dent
1790 3287 1897 3341 illis
1954 3285 2174 3357 quodc

520 3381 784 3448 edant,jut
813 3380 947 3450 ipsis
1006 3381 1245 3449 inopiam
1299 3379 1755 3444 obtendentibus,
1799 3380 1912 3450 jam
1982 3387 2097 3435 tum

521 3474 637 3545 ipse
665 3472 991 3527 necessitate
1018 3481 1239 3526 coactus
1276 3470 1644 3542 laceretquod
1677 3486 1838 3527 suum
1881 3479 2021 3527 erat.

592 3647 700 3705 Sed
724 3648 1006 3705 Mattbaeus
1038 3650 1262 3718 quidem
1290 3660 1346 3704 et
1370 3649 1587 3705 Marcus
1619 3659 1675 3705 et
1704 3649 1884 3706 Lucas
1909 3650 2097 3707 dicunt

515 3741 818 3812 discipulos
839 3742 1176 3813 suggessisse
1203 3741 1426 3796 Christo
1450 3742 1518 3796 de
1552 3743 1838 3796 turbarum
1894 3742 2096 3797 dimis-

522 3833 701 3897 sione,
734 3847 843 3902 quo
871 3831 1075 3887 cibaria
1106 3831 1439 3886 emerent”.
1494 3830 1737 3887 Joannes
1782 3848 1913 3888 vero
1979 3834 2095 3889 ait:

516 3925 651 3980 Cum
684 3924 974 3977 sustulisset
1005 3924 1180 3977 oculos
1208 3923 1357 3978 Iesus
1410 3933 1458 3977 et
1486 3924 1698 3978 vidisset
1750 3928 1890 3995 quod
1943 3926 2095 3980 turba

520 4018 689 4073 multa
715 4019 915 4071 veniret
942 4017 1013 4071 ad
1038 4034 1113 4079 se,
1141 4019 1218 4069 ait
1246 4019 1316 4070 ad
1331 4016 1673 4085 Philippum:
1696 4017 1841 4072 Unde
1865 4033 2098 4071 ememus

517 4127 706 4180 panes,
740 4120 796 4163 ut
818 4111 1096 4163 comedunt
1124 4109 1220 4163 lii?
1248 4106 1374 4162 Hoc
1408 4118 1586 4161 autent
1637 4107 1845 4162 dicebat
1892 4118 2099 4163 tentans

518 4202 811 4269 eum:ipse
847 4202 985 4254 enim
1017 4200 1364 4269 sciebatquid
1397 4208 1529 4253 esset
1545 4199 1806 4268 facturus.
1864 4199 2098 4270 Respon-

518 4295 597 4346 dit
652 4293 701 4345 ei
760 4290 1067 4361 Philippus:
1115 4291 1470 4343 Ducentorum
1523 4290 1867 4343 denariorum
1926 4308 2096 4361 panes

518 4402 623 4440 non
657 4384 915 4453 stt/ﬁcium
937 4386 1034 4445 eis,
1101 4391 1158 4435 ut
1208 4382 1565 4451 unusquisque
1613 4397 1793 4453 eorum
1838 4382 2096 4452 pusillum

514 4479 792 4548 quippiam
813 4474 1125 4545 accipiat“.
1160 4472 1283 4529 llau:
1304 4488 1437 4529 sane
1470 4472 1691 4545 scripsit
1724 4473 1985 4530 Joannes.

2223 697 2319 751 καὶ
2365 699 2457 749 τ“.ν
2509 697 2703 767 μισθὸν
2749 700 2938 755 αὐτοῦ.
2978 704 3087 756 Καὶ
3150 706 3250 760 οὐκ
3309 709 3535 765 ἀπαιτεί
3573 713 3804 780 τούτους

2221 785 2408 878 πίστιν
2438 803 2452 818 ο
2490 787 2699 851 ἔδειξαν
2759 791 2868 859 γὰρ
2903 792 3111 862 ταύτην
3169 797 3595 865 ἀκολουθοῦντες
3638 806 3803 878 πεζῇ,

2219 876 2346 947 δέχα
2393 878 2627 949 τροφῆς,
2692 882 2771 945 εἰς
2829 882 3037 954 ἔρημον
3096 886 3282 943 τόπον.
3329 892 3557 963 Μάρκος
3605 895 3662 949 δὲ
3710 876 3807 950 καὶ

2220 966 2437 1032 Λουκᾶς
2494 964 2688 1035 εἷπον,
2719 971 2798 1023 ὅτι
2879 974 2974 1025 καὶ
3018 974 3224 1044 ἧρξατο
3281 979 3557 1034 διδάσκειν
3604 984 3806 1048 αὐτοὺς

2221 1059 2417 1122 πολλὰ,
2466 1061 2560 1113 καὶ
2593 1063 2677 1115 ὅτι
2713 1062 2895 1117 ἐλάλει
2941 1065 3129 1131 αὐτοῖς
3186 1071 3317 1141 περὶ
3361 1072 3463 1143 τῆς
3519 1074 3805 1145 βασιλείας

2220 1150 2315 1203 τοῦ
2348 1150 2509 1206 Θεοῦ.

2291 1243 2466 1297 Πόθεν
2503 1244 2560 1298 δὲ
2594 1244 2831 1311 ἐξελθὼν
2883 1248 3077 1304 ίάσατο
3128 1251 3223 1305 καὶ
3271 1252 3522 1320 “iouis;
3573 1256 3807 1323 Πάντως

2217 1335 2326 1387 ἀπὸ
2351 1334 2448 1387 τοῦ
2482 1336 2661 1406 ὅρους.
2694 1340 2833 1410 Φησὶ
2850 1340 2960 1412 γὰρ
2990 1342 3019 1395 ό
3062 1343 3341 1415 Ἰωάννης,
3369 1345 3452 1399 δτι
3493 1346 3805 1417 ’Δπῆλθεν

2218 1428 2252 1480 ὀ
2296 1426 2527 1494 Ἰησοῦς
2558 1428 2752 1496 πέραν
2800 1430 2913 1501 τῆς
2944 1433 3270 1503 θαλάσσης
3321 1435 3432 1505 τῆς
3463 1440 3806 1506 Γαλιλαίας

2217 1514 2330 1582 τῆς
2356 1516 2709 1585 Τιϐεριάδος,
2730 1520 2829 1573 καί
2856 1521 3177 1589 ἠκολούθει
3202 1525 3361 1592 αὐτῷ
3376 1527 3560 1596 ὄχλος
3580 1534 3802 1596 πολὺς,

2217 1604 2306 1657 ὅτι
2357 1605 2555 1675 ἐώρων
2593 1609 2783 1663 αὐτοῦ
2832 1611 2903 1665 τὰ
2946 1613 3187 1682 σημεῖα,
3219 1614 3258 1669 d
3287 1616 3476 1670 ἐποίει
3532 1618 3633 1672 ἐπὶ
3685 1619 3807 1673 τῶν

2215 1694 2661 1756 ἀσθενούντων.
2704 1698 2947 1770 Ἇνῆλθε
2989 1703 3059 1757 δὲ
3086 1708 3173 1773 είς
3194 1708 3261 1761 τό
3295 1708 3433 1777 ὄρος
3470 1712 3506 1763 ὁ
3533 1709 3803 1779 Ἰησοῦς,

2217 1786 2315 1840 καί
2378 1788 2509 1844 ἐκεῖ
2571 1789 2831 1859 ἐκάθητο
2876 1795 3030 1864 μετὰ
3081 1797 3202 1849 τῶν
3244 1796 3533 1866 μαθητῶν
3590 1801 3801 1854 αὐτοῦ.

2219 1880 2501 1952 Προέλαϐε
2558 1884 2670 1955 γὰρ
2717 1886 2775 1939 ὲν
2822 1886 2997 1959 πλοίῳ
3043 1888 3184 1959 μετά
3230 1888 3340 1943 τῶν
3383 1891 3666 1961 μαθητῶν,
3705 1895 3804 1947 καὶ

2144 1964 2186 2020 Β
2214 1972 2534 2039 ἀνελθόντες
2564 1978 2647 2040 είς
2688 1976 2749 2031 τὸ
2783 1976 2930 2049 ὅρος,
2961 1979 3374 2035 διανεπαύοντο.
3410 1977 3548 2036 Εἶτα
3574 1983 3799 2054 ἐξῆλθε,

2214 2065 2310 2120 καὶ
2350 2068 2561 2133 ἰάσατο,
2619 2070 2714 2122 καὶ
2742 2070 3003 2135 ἐδίδαξεν.

2425 2158 2584 2213 ΚΕΦ.
2614 2161 2741 2214 ΚΣ’.
2792 2163 2933 2230 Περὶ
2979 2160 3099 2215 τῶν
3145 2163 3328 2217 πέντε
3364 2164 3583 2234 ἀρτων.

2296 2246 2508 2316 Ὀψίας
2526 2251 2910 2320 -βρώματω
2956 2251 3017 2307 Ἠ
3052 2253 3154 2322 μεν
3196 2254 3382 2326 ἡμέρα
3432 2256 3643 2311 κλίνειν
3695 2258 3799 2330 ἦρ-

2212 2334 2362 2404 Em,
2379 2336 2563 2402 καθὼς
2583 2335 2705 2392 εἷπε
2730 2340 2969 2404 Λουκᾶς·
2996 2342 3151 2396 αὐτοὶ
3180 2341 3237 2396 δὲ
3255 2344 3565 2415 παρέμενον
3594 2347 3801 2415 ἄσιτοι,

2210 2427 2305 2481 τοῦ
2333 2429 2433 2500 τῆς
2460 2430 2778 2501 ἀκροάσεως
2802 2432 3006 2503 ῑρωτος
3026 2433 3288 2499 νικῶντος
3308 2438 3410 2508 τὴν
3429 2437 3679 2510 ἀνάγκην
3700 2440 3801 2511 τῆς

2212 2522 2427 2592 πείνης.
2466 2523 2525 2577 '0
2550 2524 2899 2596 6&;Xptcsbc,
2929 2528 3018 2583 διὰ
3045 2525 3209 2581 τοῦτο
3236 2528 3564 2601 βουλόμενος
3593 2532 3798 2605 θρέψαι

2211 2614 2535 2684 παραδόξως
2563 2618 2788 2684 αὐτοὺς,
2807 2620 2959 2689 ὅμως
2986 2619 3243 2689 ἀνέμεινε
3274 2620 3404 2689 παρ’
3435 2621 3640 2690 ἑτέρων
3694 2622 3799 2675 λα-

2210 2704 2327 2757 ϐεῖν
2350 2707 2626 2779 ἀφορμὴν,
2656 2708 2742 2763 ῐνα
2763 2709 2839 2782 μὴ
2866 2710 2996 2785 δόξῃ
3014 2714 3137 2775 ταῖς
3170 2712 3645 2785 θαυματουργίαις
3672 2714 3799 2768 lm-

2214 2798 2438 2870 mbdv;
2473 2800 2570 2854 καὶ
2608 2802 2712 2856 οὐκ
2729 2803 2968 2857 ἐνταῦθα
3002 2804 3185 2875 μόνον,
3213 2805 3352 2860 ἀλλὰ
3394 2808 3486 2861 καὶ
3518 2806 3798 2878 πολλαχοῦ

2208 2890 2369 2943 τοῦτο
2428 2890 2700 2964 διατηρεῖ.
2796 2894 2910 2949 Ναὶ
2972 2896 3080 2967 μὴν
3145 2898 3241 2951 καὶ
3284 2898 3371 2952 ἵνα
3428 2900 3796 2964 πεινάσαντες

2208 2980 2414 3053 πολλὴν
2465 2984 2725 3056 ατσθησιν
2761 2986 2858 3039 τοῦ
2888 2986 3173 3058 θαύματος
3210 2988 3473 3044 λάδωσιν.

2281 3072 2337 3126 '0
2354 3074 2423 3128 δὲ
2446 3077 2688 3145 Ἰησοῦς
2702 3109 2767 3127 -ς
2793 3080 3028 3150 φαγεῖν.
3047 3082 3129 3135 Οὐ
3151 3085 3361 3151 χρείαν
3378 3084 3651 3152 ἔχουσιν,
3668 3084 3797 3138 ἀντὶ

2205 3164 2327 3235 τοῦ,
2360 3168 2477 3222 Οὐκ
2516 3170 2849 3239 ὀφείλουσιν.
2883 3174 2999 3227 υὺκ
3046 3170 3172 3227 εἷπε
3202 3175 3288 3239 δὲ,
3314 3176 3395 3228 ὅτι
3439 3174 3578 3245 Ἐγὼ
3607 3177 3799 3248 θρέψω

2207 3260 2432 3324 αὐτούς’
2491 3262 2653 3316 τοῦτο
2711 3268 2823 3336 γὰρ
2880 3265 3062 3320 ἐδόκει
3114 3270 3427 3339 καματηρὸν,
3485 3269 3623 3322 ἀλλὰ
3667 3273 3797 3335 τοὺς

2213 3353 2466 3423 μαθητὰς
2531 3356 2909 3427 προτρέπεται
2954 3357 3139 3413 δοῦναι
3188 3360 3372 3423 αὐτοῖς
3430 3364 3647 3430 φαγεῖν,
3682 3363 3795 3431 ἵνα,

2207 3443 2414 3497 τούτων
2454 3445 2881 3517 προδαλομένων
2928 3449 3041 3521 (59)
3074 3453 3333 3522 ἀπορίαν,
3365 3453 3485 3505 τότε
3522 3453 3710 3507 λοιπὸν
3734 3457 3797 3521 ἐξ

2207 3537 2455 3608 ἀνάγκης
2496 3539 2658 3603 αὐτὸς
2698 3542 2901 3613 ποιήσῃ
2940 3543 3001 3597 τὸ
3036 3542 3255 3598 ἑαυτοῦ.

2292 3631 2457 3686 Ἀλλὰ
2500 3634 2781 3698 Ματθαῖος
2843 3636 2945 3705 μὲν
2998 3636 3094 3690 καὶ
3174 3637 3404 3707 Μάρκος
3447 3640 3543 3693 καὶ
3575 3640 3797 3705 Λουκᾶς

2208 3723 2452 3792 λέγουσι,
2511 3727 2662 3798 παρὰ
2723 3727 2833 3780 τῶν
2898 3726 3161 3798 μαθητῶν
3222 3731 3645 3801 ὑπομνησθῆναι
3697 3734 3793 3787 τὸν

2207 3813 2444 3883 Χριστὸν
2482 3816 2735 3886 περὶτοῦ
2767 3817 3042 3871 ἀπολῦσαι
3115 3821 3242 3883 τοὺς
3279 3821 3491 3891 ὄχλους,
3541 3822 3626 3875 ἵνα
3664 3825 3799 3892 ἀγο-

2208 3906 2419 3977 ράσωσι
2450 3909 2680 3980 τροφάς.
2713 3907 2848 3963 Ὀδδ
2884 3910 3142 3982 ’Ῑωάννης
3169 3912 3324 3982 φησὶ,
3346 3912 3428 3965 ὅτι
3466 3913 3725 3982 Ἐπάρας
3760 3916 3796 3970 ό

2219 4000 2466 4068 Ἰησοῦς
2521 4002 2666 4068 τοὺς
2716 4003 3092 4073 ὀφθαλμοὺς,
3129 4005 3228 4059 καὶ
3275 4004 3668 4075 θεασάμενος,
3705 4006 3797 4060 ὅτι

2209 4094 2407 4161 πολὺς
2465 4094 2653 4163 ὄχλος
2711 4095 2947 4165 ἔρχεται
2991 4098 3142 4166 πρὸς
3181 4098 3392 4164 αὐτὸν,
3421 4098 3586 4166 ,λέγει
3639 4099 3793 4167 πρὸς

2208 4187 2316 4240 τόν
2362 4188 2689 4242 Φίλιππον·
2727 4191 2922 4245 Πόθεν
2974 4190 3355 4261 ἀγοράσομεν
3383 4191 3496 4263 (60)
3547 4189 3791 4260 ἄρτους,

2208 4279 2309 4333 ινα
2369 4279 2646 4350 φάγωσιν
2694 4277 2909 4347 autat;
2962 4283 3143 4337 Τοῦτο
3175 4283 3244 4335 δὲ
3275 4282 3450 4353 ἔλεγε
3501 4283 3795 4350 πειράζων

2206 4372 2415 4425 αὐτόν’
2451 4372 2636 4439 αὐτὸς
2668 4373 2778 4441 γὰρ
2802 4373 2955 4443 ᾔδει,
2998 4377 3054 4427 τί
3085 4374 3303 4444 ἔμελλε
3359 4372 3576 4427 ποιεῖν.
3622 4373 3787 4427 Ἀπε-

2206 4467 2377 4533 κρίθη
2405 4464 2565 4529 αὺτῷ
2584 4466 2881 4532 Φίλιππος
2914 4482 2928 4497 ·
2955 4465 3285 4521 Διακοσίων
3311 4464 3607 4534 δηναρίων
3626 4464 3693 4532 ἂρ
3703 4483 3794 4519 τίνι

2206 4560 2319 4611 οὐκ
2352 4557 2651 4626 ἀρκοῦσιν
2684 4557 2917 4626 αὐτοῖς,
2954 4559 3055 4612 ἵνα
3083 4558 3344 4624 ἕκαστος
3366 4554 3566 4615 αὐτῶν
3585 4556 3790 4625 ,βραχύ

2124 4644 2180 4705 Ι)
2206 4666 2260 4703 τι
2293 4650 2471 4719 λάϐῃ.
2504 4650 2691 4704 Ταῦτα
2736 4651 2835 4722 μὲν
2861 4646 2953 4706 οὖν
2987 4651 3274 4722 ἱστόρησεν
3302 4652 3329 4703 ὁ
3374 4650 3649 4719 Ἰωάννης.

590 4743 906 4799 Verisimile
938 4752 1023 4798 est
1045 4751 1229 4798 autem
1271 4743 1511 4815 primum
1540 4744 1843 4816 discipulos
1868 4760 2096 4816 sugges-

2272 4744 2434 4806 Είκδς
2466 4744 2522 4796 δὲ
2570 4742 2684 4814 (61)
2736 4744 2954 4813 πρῶτον
3000 4745 3098 4814 μὲν
3168 4741 3590 4814 ὑπομνησθῆναι
3636 4740 3792 4812 παρά

512 4836 914 4904 sisse;deinde
938 4851 1065 4891 eum
1096 4836 1299 4892 dixisse
1329 4836 1439 4892 illis
1479 4854 1494 4891 :
1552 4835 1671 4891 Non
1727 4851 1957 4892 necesse
2012 4845 2101 4893 est

2212 4833 2309 4887 τῶν
2344 4834 2632 4904 μαθητῶν,
2673 4830 2794 4888 εἶτα
2816 4836 2993 4891 εἰπεῖν
3024 4835 3227 4898 αὐτοῖς’
3267 4835 3342 4888 Ού
3394 4834 3584 4904 χρείαν
3629 4831 3787 4905 ἐχου-

512 4930 619 4984 illis
643 4930 826 5001 egredi
859 4947 874 4984 :
912 4930 1039 4984 date
1058 4944 1156 4985 vos
1180 4928 1288 4985 illis
1314 4929 1464 5000 quod
1498 4929 1683 4986 edant.
1740 4929 2099 4987 Postmodum

2212 4944 2289 4980 τιν
2345 4927 2623 4994 ἀπελθεῖν,
2685 4927 2806 4981 δότε
2857 4928 3045 4991 αὐτοῖς
3098 4928 3259 4998 ὑμεῖς
3306 4927 3537 4995 φαγεῖν·
3590 4924 3791 4979 ἔπειτα

510 5023 1005 5078 sustulisseoculos
1036 5038 1101 5077 ac
1122 5022 1329 5079 vidisse
1369 5024 1589 5078 turbam
1654 5023 1815 5078 aliam
1866 5025 2098 5079 multam

2212 5023 2416 5093 incipe:
2494 5022 2625 5085 τοὺς
2696 5021 3037 5092 ὀφθαλμοὺς,
3102 5023 3197 5078 καὶ
3264 5020 3561 5077 θεάσασθαι
3617 5017 3787 5075 πολὺν

510 5116 859 5183 venientem;
884 5125 941 5170 et
975 5124 1107 5169 tunc
1133 5116 1379 5170 humano
1418 5130 1573 5170 more
1603 5123 1847 5170 tentasse
1871 5114 2090 5186 Philip-

2212 5114 2582 5185 ὗχλονίτερον
2611 5114 2932 5187 ἀρχόμενον,
2958 5116 3064 5171 καὶ
3092 5115 3215 5168 τότε
3262 5112 3450 5167 λοιπὸν
3496 5110 3790 5177 ἀνθρωπο-

511 5221 643 5275 pum
661 5246 677 5271 ,
709 5207 824 5261 sive
844 5208 1111 5277 probasse
1128 5222 1199 5261 an
1224 5207 1476 5262 crederet
1498 5208 1681 5277 ipsum
1720 5223 1881 5278 posse
1900 5222 2095 5263 omnes

2212 5207 2435 5279 πρεπῶς
2478 5207 2743 5279 πειράσαι
2774 5207 2867 5260 τὸν
2911 5208 3202 5271 Φίλιππον,
3249 5206 3431 5261 είτουν
3490 5203 3788 5273 δοκιμάσαι

511 5314 757 5370 pascere.
777 5296 1046 5355 Tentabat
1076 5309 1260 5355 autem
1294 5300 1446 5354 illum
1471 5310 1728 5370 tanquam
1794 5301 2008 5357 caeteris
2028 5318 2095 5357 eo

2212 5302 2410 5369 τοῦτον,
2440 5302 2489 5354 εἰ
2518 5299 2767 5355 πιστεύει
2820 5300 3088 5355 δύνασθαι
3118 5301 3282 5355 αὑτὸν
3312 5298 3607 5369 διαθρέψαι
3645 5304 3789 5359 πάν.

616 5480 661 5511 ³⁷
698 5477 862 5535 Marc.
897 5495 973 5540 VI.
1020 5481 1125 5546 3i;
1158 5480 1291 5535 Luc.
1329 5496 1405 5549 ts,
1441 5482 1528 5538 11.

2256 5482 2301 5516 ⁸⁹
2341 5482 2474 5539 Luc.
2509 5500 2587 5547 Ix,
2630 5481 2717 5537 12.

511 5545 553 5580 ⁸³
587 5547 746 5604 Joan.
779 5566 853 5615 Vl,
885 5551 977 5605 5-7

1641 5483 1685 5516 ³⁸
1714 5483 1873 5541 Joan.
1905 5499 1980 5547 vt,
2028 5480 2108 5537 1οὲ

2256 5482 2301 5516 ⁸⁹
2341 5482 2474 5539 Luc.
2509 5500 2587 5547 Ix,
2630 5481 2717 5537 12.
2826 5484 2870 5515 ⁸ο
2906 5482 3071 5539 illam.
3136 5500 3208 5553 vt,
3246 5485 3354 5553 35;
3412 5485 3547 5542 Luc.
3578 5499 3655 5553 ts,
3692 5482 3787 5541 13,

1723 5640 1922 5703 Varia:
1945 5640 2257 5705 lectiones
2298 5648 2361 5703 et
2392 5648 2582 5706 notae.

577 5812 691 5883 (59)
730 5807 1192 5883 Προϐαλλομένων
1215 5806 1274 5863 Β.

730 5809 1274 5953 ῼέοὸἷέλομέννωχυ.
2272 5809 2385 5883 (61)
2421 5812 2679 5883 Kai,_pro
2709 5811 2765 5867 δέ
2795 5810 2857 5868 Α.

568 5934 571 5935 ν
804 5898 868 5952 το
948 5896 1093 5951 σωμε
1210 5918 1226 5933 .
