4020 6536
519 379 626 443 433

519 497 679 552 satiat
726 493 845 549 illos
890 501 945 546 et
986 492 1254 562 corporali
1304 509 1316 544 :
1358 505 1459 545 nec
1509 489 1562 542 id
1627 488 1828 547 solum.

517 587 681 641 etiam
711 585 878 639 multa
914 583 1070 639 docet
1104 597 1217 637 eos.
1254 580 1336 636 Ab
1358 579 1610 635 accubitu
1659 578 1880 649 quidem
1929 589 2093 643 super

1755 373 1962 434 EUTH
1974 370 2133 432 ΫΜῘῘ
2177 369 2502 431 ZIGABEN
2515 369 2534 428 l

1908 498 2096 541 verum
2131 489 2174 542 Α
2204 484 2298 538 νῦν
2325 483 2581 554 χορτάζει
2608 479 2831 541 τούτους
2868 479 2964 532 καὶ
3006 477 3350 548 σωματικῆς.
3384 477 3493 532 Καὶ
3519 475 3582 529 οὐ
3613 476 3792 530 ταῦτα

3678 361 3789 424 436

2203 575 2390 644 μόνον,
2423 571 2558 626 ἀλλὰ
2620 569 2868 624 παιδεύει
2918 570 3119 634 αὐτοὺς
3168 568 3340 624 πολλά
3373 585 3387 601 ⁸
3417 567 3526 622 ἀπὸ
3566 569 3667 637 μὲν
3687 567 3793 636 τῆς

517 690 763 747 gramen,
787 673 953 728 animi
980 671 1322 727 modestiam.
1355 670 1439 726 Ab
1467 687 1535 727 eo
1562 669 1703 740 quod
1735 667 1872 722 nihil
1899 673 2096 736 praeter

2214 664 2289 714 ιπ¹ι
2363 661 2442 734 τῷ
2521 661 2697 732 χόρτῳ
2788 658 3166 723 κατακλίσεως
3251 657 3790 726 ταπεινοφροσύνην,

517 781 687 834 panes
749 775 805 818 et
861 763 1041 834 pisces
1088 765 1379 833 praeberet,
1422 762 1866 833 temperantiam.
1907 757 1990 811 Ab
2029 771 2096 810 eo

517 869 646 911 vero
726 852 870 922 quod
945 853 1203 908 omnibus
1274 852 1390 923 pari
1462 853 1624 906 modo
1720 847 2093 909 distribueret,

515 947 844 1017 aquitatem.

596 1038 751 1095 Vers.
778 1037 867 1092 τι).
911 1036 978 1090 Et
1016 1067 1082 1078 --
1124 1038 1389 1105 cophinos.
1431 1033 1684 1102 Quinque
1747 1046 1918 1102 panes
1960 1044 2099 1099 quos

2199 755 2307 808 ἀπὸ
2335 755 2391 807 δέ
2411 753 2503 806 τοῦ
2531 753 2696 823 μηδὲν
2718 751 2882 805 πλέον
2920 751 3089 820 ἀρτου
3129 751 3224 805 καὶ
3250 751 3432 822 ἰχθύος
3481 751 3794 820 παρασχεῖν

2201 849 2565 919 ἐγκράτειαν·
2622 844 2731 900 ἀπὸ
2766 845 2824 897 δὲ
2888 844 2983 898 τοῦ
3022 845 3158 898 πᾶσι
3221 844 3288 898 τὰ
3329 845 3469 900 αύτά
3512 845 3794 913 διανεῖμαι

2204 942 2475 1084 13612:“—
2502 1027 2753 1096 πλήρεις
2785 1027 2920 1097 (65).
2949 1025 3089 1089 Τούς
3118 1024 3278 1077 πέντε
3323 1023 3523 1096 ἄρτους
3554 1023 3792 1087 κλάσας,

519 1130 753 1200 fregerat
801 1130 951 1184 dedit
992 1148 1003 1183 :
1060 1130 1254 1184 borum
1315 1139 1495 1182 autem
1536 1125 1842 1195 fragmenta
1898 1125 1952 1177 in
1987 1137 2099 1176 ma—

2214 1120 2390 1183 ίδωκε,
2422 1120 2491 1173 τὰ
2525 1120 2819 1189 κλάσματα
2849 1120 2905 1172 δὲ
2957 1116 3165 1172 τούτων
3217 1118 3274 1170 ἐν
3315 1119 3435 1180 ταῖς
3488 1117 3650 1186 χερσὶ
3681 1116 3797 1168 τῶν

519 1223 682 1276 nibus
731 1222 1124 1292 discipulorum
1182 1235 1325 1275 novo
1356 1218 1621 1274 miraculo
1677 1215 2095 1285 multiplicabat.

518 1314 703 1384 Neque
733 1315 876 1368 enim
905 1315 1078 1370 solum
1133 1313 1357 1366 fuerunt
1389 1311 1520 1366 satis
1569 1311 1743 1366 donec
1812 1309 2102 1363 satiarclur

520 1405 772 1475 populus,
831 1406 925 1460 sed
959 1413 1014 1458 et
1053 1403 1501 1458 diffundebantur
1544 1403 1720 1456 donec
1766 1405 2098 1469 superesset;

519 1501 849 1563 superesset,
879 1487 1124 1561 inquam,
1153 1493 1220 1546 ad
1261 1491 1546 1546 duodecim
1583 1489 1770 1560 plenos
1811 1483 2098 1554 cophinos.

520 1597 578 1641 ut
608 1588 776 1641 etiam
827 1587 1117 1642 duodecim
1163 1586 1402 1656 apostoli
1463 1599 1597 1639 suos
1653 1580 1966 1652 perferrent
2006 1589 2100 1629 co-

519 1679 735 1746 phines,
781 1689 836 1733 et
864 1678 1008 1732 sicut
1055 1691 1250 1731 manus
1292 1678 1367 1730 ita
1418 1685 1473 1730 et
1523 1674 1785 1727 humeros
1833 1669 2103 1724 haberent

520 1769 801 1822 ministros
846 1783 910 1822 ac
962 1774 1136 1822 testes
1197 1765 1512 1837 huiusmodi
1562 1761 1833 1819 miraculi.
1887 1759 2104 1814 Marcus

519 1875 648 1912 vero
697 1859 836 1914 dixit
890 1859 957 1935 ",
1005 1857 1156 1929 quod
1212 1857 1352 1913 duos
1398 1869 1618 1926 quoquc
1672 1853 1858 1924 pisces
1913 1849 2103 1906 divisit

515 1951 617 2014 eis,
682 1960 737 2005 et
792 1952 937 2022 quod
1009 1951 1176 2006 etiam
1244 1950 1313 2004 ab
1397 1949 1503 2004 illis
1575 1945 1916 2002 sustulerunt
1980 1956 2102 2012 qua:

515 2042 926 2111 superfuerant.

588 2133 740 2187 νοτε.
775 2133 866 2187 2|.
899 2133 1003 2199 Qui
1038 2143 1214 2187 autem
1249 2162 1314 2172 —
1355 2148 1565 2202 pueros.
1607 2129 1720 2185 Iloc
1748 2137 1804 2184 et
1836 2142 2099 2200 augmen-

518 2233 632 2277 tum
663 2232 746 2278 est
783 2222 1057 2285 miraculi.
1086 2231 1144 2278 et
1194 2223 1314 2277 laus
1364 2222 1681 2284 turbarum,
1730 2219 1878 2288 quod
1936 2218 2098 2272 etiam

517 2330 640 2368 cum
677 2317 948 2370 uxoribus
982 2323 1038 2369 et
1067 2313 1254 2384 pueris
1307 2312 1643 2368 assidebant.
1694 2309 1760 2362 Et
1800 2307 1927 2378 quia
1977 2321 2100 2362 cum

517 2413 626 2456 tota
667 2401 866 2458 familia
913 2404 1308 2474 sequebantur,
1340 2417 1465 2457 cum
1517 2410 1627 2456 tota
1681 2400 1844 2455 etiam
1892 2397 2102 2452 familia

515 2495 766 2550 beneficii
815 2496 1054 2551 fructum
1089 2503 1472 2566 perceperunt.

583 2607 738 2664 CAP.
789 2608 1001 2664 XXVII.
1079 2608 1153 2662 De
1241 2608 1600 2662 ambulatione
1685 2605 1877 2660 Christi

1218 2695 1384 2732 mare.

1948 2620 2104 2674 super

593 2768 736 2822 (ατε.
793 2767 884 2823 22..
946 2765 1242 2836 Statimque
1275 2796 1347 2806 —-
1393 2767 1602 2820 turbas.
1657 2766 1794 2821 Cum
1849 2765 1917 2818 ab
1985 2766 2102 2834 ipso

514 2857 744 2911 distrahi
784 2858 1012 2920 nollent,
1051 2857 1315 2926 compulit
1363 2857 1483 2911 illos
1520 2857 1572 2909 in
1626 2856 1902 2926 navigium
1957 2870 2098 2908 con-

513 2948 801 3010 scendere,
845 2959 898 3002 et
939 2948 1249 3017 praecedere
1317 2947 1369 3000 in
1449 2948 1772 3001 ulterionem
1853 2957 2061 3015 partem
2085 2935 2124 3010 ;’

514 3041 620 3093 hoc
647 3039 866 3107 quidem
894 3047 1178 3108 pra-textu,
1235 3050 1294 3093 ut
1347 3040 1462 3108 ipse
1518 3038 1741 3093 relictus
1803 3038 2103 3092 dimitteret

2207 1214 2469 1284 μαθητῶν
2505 1213 2881 1284 ἐπληθύνοντο
2908 1231 2921 1244 ·
2987 1212 3083 1265 καὶ
3124 1211 3187 1263 τδ
3232 1208 3419 1279 θαῦμα
3475 1206 3653 1274 ξένον.
3680 1208 3798 1277 Οὐχ

2206 1304 2395 1357 ἵστατο
2455 1305 2562 1375 γάρ
2625 1305 2788 1374 μέχρι
2841 1302 2937 1356 τοῦ
2964 1300 3297 1372 κορεσθῆναι
3343 1301 3435 1354 τὸν
3464 1300 3622 1364 λαὸν,
3656 1300 3799 1354 ὀλλά

2205 1396 2301 1450 καὶ
2333 1400 2413 1457 εἰς
2453 1396 2514 1449 τὸ
2544 1394 2897 1464 περισσεύειν
2933 1394 3195 1463 ἐξεχεῖτο,
3237 1392 3332 1445 καὶ
3359 1391 3419 1444 τὸ
3456 1392 3570 1462 (66)
3598 1408 3802 1460 περισ-

2205 1486 2362 1540 σεῦον
2402 1486 2611 1540 δώδεκα
2644 1487 2856 1556 κόφινοι
2889 1485 3179 1556 γέμοντες,
3221 1483 3310 1536 ἵνα
3358 1482 3454 1536 καὶ
3503 1484 3552 1535 οί
3581 1481 3800 1534 δώδεκα

2205 1578 2497 1632 ἀπόστολοι
2555 1579 2962 1633 διαϐαστάσωσι
3018 1575 3130 1647 (67)
3174 1575 3304 1640 τοὺς
3348 1574 3643 1642 κοφίνους,
3706 1574 3802 1627 καὶ

2205 1671 2394 1742 ὥσπερ
2445 1671 2546 1734 τὰς
2600 1673 2808 1741 χεῖρας,
2843 1669 2991 1724 οὕτω
3055 1668 3312 1731 καὶτοὺς
3364 1665 3551 1738 ὤμους
3611 1666 3802 1733 ἕξουσι

2205 1765 2486 1835 διακόνους
2514 1763 2608 1818 καὶ
2644 1763 2934 1834 μάρτυρας
2970 1760 3064 1814 τοῦ
3097 1761 3340 1814 τοιούτου
3378 1761 3680 1828 θαύματος.
3741 1758 3804 1811 Ὀ

2205 1855 2262 1910 δέ
2295 1853 2517 1924 Μάρκος
2567 1849 2745 1917 εἶπεν,
2778 1853 2862 1905 ὅτι
2892 1852 2991 1904 καὶ
3044 1852 3172 1914 τοὺς
3221 1850 3315 1903 δύο
3367 1849 3560 1921 ἰχθύας
3610 1849 3781 1920 ἐμέριπ

2209 1967 2299 2003 σεν
2334 1947 2543 2013 αὐτοῖς,
2581 1948 2673 2001 καὶ
2705 1949 2787 2000 δτι
2825 1946 2923 2001 καὶ⁵
2956 1947 3021 2000 ἐκ
3057 1945 3269 2000 τούτων
3323 1940 3466 2016 ἦραν
3502 1943 3802 2014 περισσεύ-

2207 2060 2378 2112 ματα.
3265 2104 3270 2107 _

2279 2141 2345 2192 Ol
2378 2135 2841 2191 (δὲ-παιδίων.
2893 2133 3066 2186 Τοῦτο
3099 2132 3194 2186 καὶ
3245 2131 3475 2203 αὔξησίς
3521 2133 3643 2186 ἐστι
3702 2126 3805 2182 τοῦ

2205 2227 2528 2298 θαύματος,
2601 2223 2856 2278 καὶτῶν
2929 2223 3107 2292 δχλων
3174 2223 3398 2287 ἔπαινος
3429 2267 3442 2290 ,
3512 2225 3597 2276 ὅτι
3659 2223 3804 2293 μετᾶ

2205 2317 2485 2386 γυναικῶν
2545 2318 2639 2369 καὶ
2679 2315 2907 2368 παιδίων
2957 2315 3358 2385 προσήδρευον.
3417 2315 3529 2368 Καὶ
3559 2331 3574 2343 ·
3604 2313 3802 2381 ἐπειδὴ

2207 2408 2431 2461 πανοικὶ
2482 2407 2850 2478 παρέμειναν,
2905 2405 3133 2459 πανοικὶ
3187 2404 3282 2456 καὶ
3336 2403 3434 2473 τῆς
3469 2400 3805 2472 εὐεργεσίας

2204 2499 2548 2567 ἀπήλαυσαν.

2275 2612 2440 2666 ΚΕΦ.
2476 2613 2604 2666 ΚΖ’.
2633 2612 2769 2680 Περὶ
2803 2611 2908 2665 τοῦ
2942 2610 3013 2663 ἐν
3038 2610 3328 2678 θαλάσσῃ
3365 2608 3721 2677 περιπάτου.

2281 2769 2389 2824 Καὶ
2434 2770 2654 2834 εὐθέως
2685 2797 2751 2807 -
2785 2768 3030 2834 ὄχλους.
3085 2768 3176 2837 M’q
3241 2767 3611 2836 βουλομένους
3659 2781 3801 2819 απο-

2209 2861 2525 2931 σττασθῆναι
2584 2860 2779 2925 αὑτοῦ,
2833 2859 3152 2926 ἠνάγκασεν
3201 2859 3403 2921 αὐτοὺς
3432 2859 3670 2928 ἐμϐῆναι
3716 2862 3803 2922 εἰς

2205 2954 2265 3006 τὸ
2287 2953 2470 3006 πλοῖον
2515 2953 2610 3004 καὶ
2640 2954 2925 3022 προάγειν,
2968 2952 3088 3022 ἦτοι
3139 2949 3435 3020 προλαμόά
3452 2967 3567 3003 νειν
3626 2951 3802 3004 αὑτὸν

2216 3048 2297 3110 είς
2330 3047 2390 3099 τὸ
2423 3047 2598 3115 πέραν
2638 3035 2798 3117 μέρος
2823 3062 2838 3076 ·
2886 3046 3158 3117 προφάσει
3187 3046 3312 3114 μὲν,
3346 3046 3434 3098 ἵνα
3464 3045 3628 3110 αὐτὸς
3659 3045 3802 3099 ὑπο-

517 3131 745 3195 turbas;
797 3130 850 3183 in
912 3129 1142 3185 veritate
1207 3141 1432 3193 autem,
1488 3141 1545 3183 ut
1605 3146 1790 3183 secum
1837 3130 2099 3184 habentes

2214 3138 2446 3208 λειφθεὶς
2498 3137 2743 3209 ἀπολύσῃ
2772 3139 2895 3199 τοὺς
2927 3137 3148 3207 ὄχλους,
3197 3139 3264 3209 τῇ
3317 3138 3362 3191 δ’
3389 3139 3641 3209 ἀληθείᾳ,
3683 3137 3800 3201 ἵνα,

515 3222 945 3294 fragmentorum
994 3224 1282 3294 caphims,
1338 3239 1435 3294 per
1491 3223 1663 3278 otium
1716 3223 1944 3278 absente
2009 3221 2100 3278 illo

515 3313 730 3367 curiose
753 3312 1053 3383 fragmenta
1069 3314 1503 3379 sciscitarentur,
1532 3330 1595 3369 ac
1616 3315 2097 3376 confirmarentur,

514 3404 659 3472 quod
721 3420 829 3457 non
883 3407 1224 3475 phantastice
1292 3407 1496 3461 factum
1549 3417 1696 3462 esset
1750 3408 2096 3461 miraculum.

513 3497 650 3551 Nam
695 3507 748 3550 et
805 3507 1028 3566 propter
1090 3498 1192 3552 hoc
1241 3497 1657 3568 superfuerant,
1710 3507 1765 3552 et
1814 3497 2102 3567 oportebat

514 3587 816 3656 discipulos
852 3588 919 3641 dc
964 3605 1025 3642 ca
1060 3605 1118 3644 re
1159 3591 1422 3644 certiores
1467 3590 1582 3644 fieri
1640 3605 1804 3657 supra
1839 3600 2095 3651 cancros,

514 3690 703 3749 utpote
728 3679 821 3748 qui
871 3689 1130 3750 tanquam
1169 3697 1492 3737 communes
1551 3683 1798 3735 omnium
1855 3681 2098 3751 magistri

513 3770 568 3823 iu
601 3769 787 3822 orbem
835 3782 992 3824 erant
1042 3770 1356 3841 ingressuri.
1402 3770 1466 3824 Et
1513 3771 1626 3826 haec
1704 3771 1933 3840 quidem
1989 3787 2093 3826 una

513 3875 675 3916 causa
707 3871 791 3916 est
823 3876 920 3916 cur
954 3863 1249 3931 discipulos
1285 3863 1634 3933 praemiserit.

583 3953 768 4007 Altera
795 3968 945 4020 vero,
965 3954 1092 4023 quia
1120 3954 1334 4030 volebat
1363 3955 1514 4008 solus
1545 3955 1600 4007 in
1625 3965 1866 4010 montem
1904 3973 2098 4012 ascen-

513 4046 663 4110 dere,
705 4055 865 4114 prout
895 4046 1078 4100 statim
1113 4046 1486 4116 subjungitur,
1530 4045 1733 4099 docens
1785 4047 1914 4102 hinc
1955 4050 2098 4117 quod

513 4152 690 4206 neque
751 4147 999 4208 oporteat
1041 4140 1306 4193 continue
1380 4136 1718 4191 multitudini
1779 4138 2096 4208 immisceri,

515 4243 693 4296 neque
721 4243 938 4298 semper
968 4227 1157 4297 fugere
1189 4229 1592 4283 multitudinem
1621 4247 1634 4282 :
1676 4233 1770 4287 sed
1809 4241 2100 4303 utrumque

516 4317 723 4371 utiliter
751 4317 985 4372 eﬂicere.
1016 4318 1133 4372 Jan:
1176 4319 1357 4389 itaque
1405 4329 1459 4375 ct
1495 4338 1593 4377 nos
1637 4326 1841 4380 relictis
1873 4326 2100 4380 urbibus

514 4424 814 4478 earumque
874 4410 1344 4474 dictractionibus,
1378 4413 1590 4481 pedites
1650 4432 1713 4470 ac
1760 4417 1905 4472 leves
1936 4418 2096 4472 Chri-

2211 3231 2329 3302 μεθ’
2360 3231 2570 3285 ἑαυτῶν
2593 3230 2807 3298 ἔχοντες
2842 3231 2969 3292 τοὺς
3000 3229 3253 3297 κοφίνους
3283 3231 3392 3284 τῶν
3422 3231 3797 3300 κλασμάτων,

2208 3323 2352 3376 κατά
2415 3322 2639 3394 σχολὴνς
2675 3322 2910 3386 ἀπόντος
2965 3320 3154 3388 αὐτοῦ,
3196 3322 3677 3393 περιεργάσωνται
3728 3323 3801 3374 τὰ

2207 3416 2517 3486 κλάσματα,
2548 3418 2641 3469 καὶ
2670 3416 3070 3488 βεϐαιωθῶσιν,
3100 3415 3183 3467 ὅτι
3228 3415 3290 3466 οὺ
3319 3414 3459 3468 κατά
3485 3414 3801 3480 φαντασίαν

2207 3509 2268 3561 τὸ
2307 3508 2492 3578 θαῦμα
2531 3511 2748 3578 γέγονε.
2784 3511 2885 3562 Διά
2911 3509 3073 3563 τοῦτο
3103 3509 3211 3577 γὰρ
3233 3509 3329 3562 καὶ
3354 3508 3796 3578 ἐπερίσσευσαν,

2209 3601 2302 3652 καὶ
2330 3600 2438 3654 ἔδει
2462 3602 2588 3663 τοὺς
2622 3599 2875 3670 μαθητὰς
2913 3600 3081 3653 αὑτοῦ
3119 3601 3616 3671 πληροφορηθῆναι
3648 3602 3798 3668 μᾶλ-

2207 3691 2333 3758 λον,
2378 3694 2475 3747 ἃτε
2520 3693 2735 3756 κοινοὺς
2794 3693 3148 3754 διδασκάλους
3210 3695 3290 3765 είς
3310 3695 3407 3763 τὴν
3459 3695 3801 3764 οἰκουμένην

2207 3786 2434 3840 εἰσιέναι
2477 3786 2592 3856 (68)
2661 3786 2977 3856 μέλλοντας.
3037 3787 3153 3840 Μία
3198 3786 3298 3856 μὲν
3340 3786 3480 3855 αὕτη
3511 3785 3660 3839 αἰτία
3693 3786 3799 3839 τοῦ

2209 3879 2534 3949 προπέμψαι
2577 3880 2702 3941 τοὺς
2734 3877 2978 3947 μαθητάς
2992 3917 3006 3933 .

2280 3969 2520 4038 Δευτέρα
2543 3968 2622 4031 δὲ,
2658 3970 2739 4020 ὃτι
2769 3968 3025 4021 ἐϐούλετο
3055 3969 3218 4036 μόνος
3251 3969 3332 4030 είς
3373 3969 3433 4019 τὸ
3466 3969 3594 4039 ὅρος
3631 3969 3798 4021 ἀνελ-

2209 4060 2344 4124 θεῖν,
2376 4060 2449 4123 ὡς
2483 4060 2880 4129 δηλωθήσεται,
2941 4060 3211 4111 διδάσκων
3257 4057 3531 4121 ἐντεῦθεν,
3561 4060 3643 4112 ὅτι
3681 4059 3797 4129 χρὴ

2211 4155 2351 4225 μήτε
2421 4152 2824 4222 ἀναμίγνυσθαι
2886 4151 3154 4222 διηνεκῶς
3216 4149 3294 4220 τῷ
3347 4150 3580 4222 πλήθει,
3649 4153 3798 4221 μήτε

2209 4247 2431 4315 φεύγειν
2485 4247 2572 4298 ἀεὶ
2627 4244 2686 4297 τὸ
2746 4243 2948 4312 πλῆθος
2978 4284 2994 4308 ,
3045 4243 3159 4296 ἀλλ’
3188 4243 3455 4311 ἑκάτερον
3504 4244 3798 4313 χρησίμως

2209 4341 2407 4392 ποιεῖν.
2447 4338 2647 4392 Λοιπὸν
2699 4332 2793 4389 οὖν
2827 4336 2919 4388 καὶ
2951 4337 3134 4405 ἡμεῖς,
3182 4335 3414 4404 ἀφέντες
3464 4336 3563 4398 τὰς
3601 4336 3800 4397 πόλεις

2209 4435 2303 4487 καὶ
2348 4434 2474 4494 τοὺς
2526 4431 2951 4502 περισπασμοὺς
3017 4430 3218 4490 αὐτῶν,
3270 4430 3426 4494 πεζοὶ
3467 4431 3559 4482 καὶ
3591 4431 3799 4496 κοῦφοι

517 4509 660 4548 szum
699 4511 1014 4563 sequamur,
1067 4496 1134 4550 ad
1187 4499 1540 4554 solitudinem
1572 4503 1688 4558 sive
1733 4506 1976 4574 quietem
2045 4515 2099 4559 ct

2214 4525 2280 4594 τῷ
2319 4523 2541 4595 Χριστῷ
2576 4495 3140 4590 κατακολουθήσωμεν
3169 4521 3249 4584 είς
3301 4521 3560 4592 ἐρημίαν,
3606 4495 3794 4574 είτουν

516 4589 792 4643 silentium
852 4605 915 4644 ac
978 4592 1149 4645 otium
1197 4593 1511 4655 abeuntem,
1565 4596 1723 4667 eique
1778 4599 2101 4655 assistamus

518 4681 774 4734 salutaria
836 4682 1079 4741 docenti,
1112 4694 1171 4737 ut
1216 4685 1569 4742 aﬂ‘ectionum
1599 4689 1931 4746 abstinentia
1955 4695 2098 4763 jeju-

518 4782 729 4838 nautes,
760 4773 938 4828 divina
971 4777 1140 4846 gratia
1176 4778 1505 4846 repit-amur.

588 4971 740 5025 Vers.
779 4973 868 5027 25.
930 4975 1168 5037 Cumque
1221 4979 1502 5033 dimisisset
1565 5012 1632 5020 —
1703 4981 1766 5035 V.
1824 4983 1910 5038 26.
1969 4985 2096 5038 illic.

519 5067 690 5132 Aptus
719 5075 800 5119 cst
826 5067 972 5121 enim
999 5083 1158 5124 mons
1188 5072 1255 5125 ad
1299 5073 1600 5126 orationem
1634 5093 1644 5126 :
1702 5090 1804 5128 nox
1835 5087 2097 5144 praetcrea

523 5167 577 5207 et
627 5156 861 5210 solitudo
903 5157 1180 5213 silentium
1215 5178 1274 5215 ac
1329 5163 1796 5220 indistractioncm
1828 5167 2095 5236 praebent.

522 5256 576 5300 ct
605 5248 1036 5303 immobilitatem
1074 5250 1127 5304 In
1159 5255 1427 5310 oratione.

622 5361 668 5392 ⁸⁸
691 5361 856 5416 Marc.
888 5381 962 5428 γι,
991 5365 1080 5430 41,
1112 5368 1204 5422 45.

2203 4618 2441 4686 ἠρεμίαν
2496 4618 2591 4668 καὶ⁸
2655 4615 2890 4685 ἡσυχίαν
2942 4613 3233 4679 ὑπάγοντι,
3291 4614 3386 4666 καὶ
3434 4615 3799 4683 παραμείνω-

2206 4725 2305 4779 μεν
2339 4705 2511 4774 αὐτῷ,
2539 4704 2861 4758 διδάσκοντι
2895 4703 2963 4755 τὰ
2996 4705 3260 4772 σωτήρια,
3306 4704 3416 4766 ἵνα,
3453 4705 3795 4774 νηστεύσαν-

2200 4816 2292 4862 τες
2325 4800 2394 4868 τῇ
2436 4798 2615 4868 ἀποχῇ
2668 4797 2776 4849 τῶν
2813 4794 3028 4859 παθῶν,
3061 4793 3469 4865 ἐμπλησθῶμεν
3503 4797 3601 4865 τῆς
3628 4795 3788 4860 θείας

2198 4897 2422 4962 χάριτος

2285 4985 2388 5038 Καὶ
2437 4984 2759 5047 ἀπολύσας
2806 5013 2878 5024 —
2940 4979 3085 5034 ἐκεῖ.
3166 4979 3454 5049 Χρήσιμον
3512 4978 3620 5050 γὰρ
3669 4979 3798 5044 τατς

2209 5078 2540 5145 προσευχαῖς
2581 5074 2758 5126 καὶτὸ
2783 5073 2954 5144 δρος,·
3009 5073 3156 5141 καὶὴ
3189 5070 3302 5134 νὺξ,
3336 5073 3430 5123 καὶ
3459 5073 3490 5139 ὴ
3533 5072 3797 5147 μόνωσιςὶ

2208 5170 2439 5239 ἡσυχίαν
2472 5167 2569 5220 καὶ
2609 5167 2672 5219 τὸ
2727 5166 3140 5236 ἀπερίσπαστον
3185 5163 3279 5216 καὶ
3334 5163 3577 5234 γαλήνην
3622 5168 3791 5236 παρέ-

2207 5278 2373 5333 χοντα
2386 5300 2400 5314 .

1701 5442 1903 5502 Varim
1929 5441 2234 5502 lectiones
2262 5447 2324 5502 et
2355 5445 2542 5500 notae.

592 5562 703 5640 (liii)
741 5563 1106 5640 f]).ﬁps::__uon
1137 5567 1405 5634 expressit
1432 5565 1748 5623 Hentenius.
1783 5569 1947 5624 Forte
1965 5570 2097 5626 dee-

519 5644 598 5683 rit
635 5633 688 5684 in
724 5633 843 5697 eius
875 5633 1082 5688 codice.

590 5702 702 5780 (_66)
741 5702 902 5780 Forte
936 5702 1238 5780 Hentenius
1284 5707 1442 5778 legit,
1497 5710 1589 5764 καὶ
1635 5711 1696 5764 τὸ
1750 5712 2095 5780 περισσεύειν

518 5772 720 5824 ὣιδεκα
754 5774 1005 5837 κοψίχους
1033 5777 1319 5841 γέμοντας.

2280 5572 2394 5640 (67)
2425 5571 2790 5636 Διαστάσωσι,
2831 5573 2893 5624 Α.

2279 5643 2390 5708 (68)
2427 5641 2503 5694 Ita
2535 5657 2750 5711 quoque
2786 5643 3055 5709 interpres
3087 5640 3310 5709 reperit.
3340 5641 3397 5696 In
3425 5650 3663 5696 mentem
3696 5653 3782 5698 ta-

2207 5727 2328 5766 men
2360 5713 2612 5781 cuiquam
2649 5713 2833 5767 venire
2863 5712 3032 5783 possit
3057 5711 3280 5778 ἐξιέναι.
