4020 6526
227 417 338 481 437

1126 410 1519 474 COMMENT.
1555 410 1639 471 ΙΝ
1676 408 2148 470 ΜΑΤΓΗᾹΞΗΜ.
2173 405 2422 466 "CAP.
2457 402 2615 463 XIV.

3410 386 3538 448 ιπε-

305 527 382 584 Τὸ
407 526 474 580 δὲ
508 525 728 582 πλοῖον
755 553 826 566 --
851 525 1092 597 ἄνεμος.
1126 525 1300 580 Πάλιν
1327 527 1378 579 oi
1406 526 1654 595 μαθηταὶ
1694 525 1823 578 κλυ-

2003 522 2160 578 Vers.
2213 522 2306 576 2.1.
2358 518 2526 574 Navis
2562 523 2738 569 autem
2770 538 2835 552 --
2860 517 3063 564 ventus.
3114 502 3270 559 Nunc
3306 516 3524 555 mrsum

230 618 574 688 δωνίζονταε,
610 617 792 682 καθὼς
824 617 1007 672 καὶτὸ
1042 619 1330 690 πρότερον.
1357 617 1523 672 Ἀλλά
1572 618 1693 671 τότε
1723 615 1822 686 μὲν

228 713 609 784 άτελεστίροις
636 707 758 768 οὖσι
789 711 960 779 συνῆν
992 711 1090 765 καὶ
1120 711 1285 776 αὐτὸς
1320 712 1400 775 είς
1440 709 1820 780 παραμυθίαν,

227 805 280 858 εί
321 804 419 857 καὶ
443 804 702 858 ἐκάθευδε
725 819 740 835 ·
773 802 870 857 νῦν
903 805 959 858 δὶ
994 803 1392 874 προκοψάντων
1427 802 1683 867 άπεστιν,
1713 802 1821 867 ῖνα,

231 896 555 966 μηδαμόθεν
613 897 834 967 ἔχοντες
899 896 1300 973 παραμυθίαν,
1352 896 1823 968 καρτερικώτεροι

228 989 526 1055 γένωνται.

302 1165 570 1240 Τετάρτῃ
620 1198 692 1209 -
721 1167 1066 1236 θαλάσσης.
1142 1167 1202 1222 '0
1227 1168 1284 1223 δὲ
1308 1169 1536 1239 Μάρκος
1573 1169 1823 1239 εἴρηκεν,

227 1255 312 1311 ὅτι
350 1257 444 1311 καὶ
485 1254 629 1312 εἶδεν
644 1258 844 1320 αὐτοὺς
860 1257 1322 1329 βασανιζομένους
1355 1259 1413 1311 ὲν
1432 1257 1509 1327 τῷ
1531 1257 1778 1311 ἐλαύνειν
1808 1273 1823 1289 ο

226 1352 257 1404 ὁ
317 1350 375 1403 δὲ
439 1351 730 1420 Ἰωάννης,
790 1352 872 1405 ὄτι
922 1353 1134 1423 ἤλασαν
1186 1351 1263 1411 ὡς
1312 1351 1561 1413 σταδίους
1612 1351 1823 1403 εἰκοσι-

229 1443 393 1496 πέντε
426 1442 460 1512 ἢ
492 1447 590 1496 καὶ
625 1443 946 1514 τριάκοντα.
1020 1444 1246 1500 Στάδιον
1295 1443 1355 1498 δέ
1384 1445 1504 1497 ἐστι
1539 1442 1703 1506 τόπος
1731 1443 1825 1512 ὀρ-

226 1536 403 1602 γυιῶν
453 1537 674 1591 ἑκατόν.
732 1538 1016 1610 Τετάρτην
1046 1537 1120 1604 ,δὲ
1177 1538 1433 1608 φυλακὴν
1465 1537 1569 1606 τῆς
1630 1537 1825 1594 νυκτὸς

225 1626 524 1697 ὠνόμασαν
570 1631 618 1681 οί
667 1629 888 1682 παλαιοὶ
935 1629 1342 1698 νυκτοφύλακες
1376 1629 1484 1682 τῶν
1523 1628 1827 1698 στρατοπέ-

225 1718 336 1770 δων
407 1719 470 1772 τὸ
520 1719 788 1790 τέταρτον
839 1723 1008 1803 μέρος
1071 1724 1175 1792 τῆς
1239 1721 1434 1785 νυκτὸς
1468 1764 1482 1787 ,
1533 1722 1654 1792 ἦτοι
1727 1720 1827 1784 τὰς

1925 615 2175 687 discipuli
2221 613 2491 669 fluctuant
2534 623 2598 663 ac
2645 603 3028 676 periclitantur
3068 599 3214 654 sicut
3258 605 3316 650 et
3343 593 3523 665 prius.

1927 685 2128 763 Verum
2174 715 2309 761 tunc
2363 702 2587 773 quidem
2639 713 2764 753 cum
2830 703 3018 750 essent
3068 685 3526 760 imperfectiores.

1925 802 2113 857 aderat
2158 808 2214 854 et
2247 799 2362 869 ipse
2397 795 2464 850 ad
2506 790 2964 849 consolationem,
3019 794 3336 869 quanquam
3397 778 3528 832 dor-

1926 893 2131 948 miebat
2166 909 2180 954 ;
2217 905 2365 946 nunc
2403 902 2532 943 vero
2562 901 2687 942 cum
2729 886 2840 952 jam
2910 868 3275 949 profecissent
3309 870 3524 933 aberat,

1928 996 1988 1040 ut
2049 997 2323 1054 nusquam
2381 980 2658 1036 habentes.
2720 972 3154 1030 consolationem
3216 964 3529 1021 efficiantur

1928 1076 2204 1133 fortiores.

2008 1169 2163 1224 Vers.
2208 1165 2301 1221 25.
2341 1163 2553 1230 Quarta
2587 1191 2655 1203 -
2698 1175 2870 1215 mare.
2901 1156 3117 1211 Marcus
3152 1158 3335 1208 autem
3388 1146 3530 1202 dixit

1927 1260 2076 1331 quod
2121 1257 2286 1313 etiam
2344 1255 2485 1312 vidit
2517 1269 2614 1310 eos
2633 1252 2955 1307 laborantes
2999 1247 3061 1302 in
3106 1242 3436 1315 rei-ligando
3457 1239 3534 1288 ⁸⁸-

1927 1330 2179 1409 Joannes-
2197 1363 2327 1404 vero
2355 1345 2498 1418 quod
2525 1344 2924 1414 remigaverant
2950 1338 3124 1392 ferme
3153 1334 3328 1390 stadia
3353 1330 3533 1401 vigin-

1932 1443 2233 1515 tiquinque
2263 1448 2361 1495 aut
2417 1437 2660 1510 triginta.
2711 1432 2960 1489 Stadium
3023 1438 3208 1483 autem
3259 1425 3415 1479 locus
3448 1428 3533 1475 est

1931 1536 2046 1593 sive
2077 1546 2335 1588 mensura
2392 1537 2615 1586 centum
2675 1526 2954 1589 ulnarum,
2986 1535 3111 1591 quae
3147 1519 3277 1573 ulna
3339 1515 3530 1571 Graece

1929 1624 2131 1696 ὀργυιᾶ
2167 1621 2396 1687 dicitur,
2426 1629 2482 1674 et
2519 1628 2602 1675 est
2631 1630 2898 1672 manuum
2945 1628 3076 1669 cum
3117 1607 3367 1681 pectoris
3405 1602 3534 1659 lati-

1932 1716 2120 1772 tudine
2141 1711 2412 1778 extensio,
2440 1709 2736 1766 continens
2757 1722 2850 1763 sex
2880 1703 3070 1776 pedes.
3107 1701 3372 1767 Quartam
3404 1710 3538 1751 vero

227 1811 553 1877 τελευταίας
603 1781 760 1884 τρεῖς
1045 1781 1260 1886 Ἀφῆκε
1289 1815 1347 1869 δὲ
1393 1781 1522 1879 τούς
1555 1781 1826 1885 ’μαθητάς

1947 1803 2109 1859 ιοοῑίε
2133 1800 2372 1873 vigiliam
2405 1795 2767 1852 nominabant
2812 1790 3048 1862 antiqui,
3077 1788 3171 1858 qui
3221 1787 3278 1841 in
3320 1781 3536 1840 exerci-

227 1907 258 1956 o
327 1905 566 1976 Χριστὸς
639 1879 742 1960 -ὲπὶ
811 1879 1072 1961 τοσοῦτον
1127 1879 1636 1973 ’κλυδωνίζεσθαις
1705 1879 1830 1960 παι-

1947 1896 2082 1950 tibus
2153 1900 2321 1947 nocte
2377 1889 2699 1960 vigilabant,
2746 1892 2996 1956 quartam
3051 1879 3233 1935 noctis
3293 1883 3535 1948 partem,

227 1995 405 2049 δεύων
461 1998 827 2070 ἐγκαρτερεῖν
884 2003 1000 2064 τοῖς
1047 2000 1265 2066 δεινοῖς,
1293 1997 1664 2070 οἰκονομικῶς
1697 1999 1832 2051 ἐπα-

228 2087 530 2157 γομένοις,
588 2092 684 2144 καὶ
766 2091 840 2161 μὴ
922 2092 1112 2160 ζητεῖν
1175 2094 1409 2162 ταχεῖαν
1470 2090 1826 2162 ἀπαλλαγὴν⁹

228 2180 318 2233 [tt
349 2181 407 2234 δὲ
439 2183 554 2246 καὶ,
591 2181 678 2236 ίνα
702 2183 807 2251 πρὸ
834 2181 1136 2251 ὀφθαλμῶν
1177 2183 1272 2235 τὸν
1302 2183 1538 2236 θάνατον
1575 2181 1827 2250 ἔχοντες,

233 2268 362 2328 εἷτα
424 2275 746 2346 παραδόξως
814 2275 1135 2346 ρυσθέντες,
1179 2274 1506 2343 ιπιγνῶσιν,
1555 2273 1640 2325 ὅτι
1695 2266 1834 2334 Θεός

228 2368 435 2421 ὶστινδ
461 2366 686 2431 τούτους
747 2366 1163 2438 διασωσάμενος
1187 2383 1204 2400 ο
1243 2365 1402 2422 οὔπω
1455 2365 1568 2438 γάρ
1615 2365 1834 2418 τελείαν

240 2455 397 2530 εἶχον
446 2461 854 2531 πληροφορίαν.
907 2461 1004 2514 Διδ
1058 2460 1153 2514 καὶ
1210 2460 1353 2531 μετὰ
1421 2461 1523 2528 τὴν
1582 2459 1832 2529 suam.

229 2549 340 2622 γὴν
373 2551 796 2624 προσεκύνησαν
823 2553 997 2622 αὐτῷ,
1032 2552 1320 2623 λέγοντες·
1366 2555 1636 2622 ’Δληθὼς
1683 2556 1834 2610 Θεοῦ

227 2643 368 2710 Υἱὸς
410 2641 470 2700 ετ

307 2891 417 2946 Καὶ
443 2921 513 2933 -
543 2891 829 2961 ἔκραξαν.
897 2891 1004 2946 Τὸν
1055 2894 1167 2948 άπὸ
1215 2892 1311 2947 τοῦ
1345 2894 1617 2957 κλύδωνος
1669 2895 1836 2963 φόϐον

230 2986 431 3053 ἕτερος
505 2985 811 3058 διαδέχεται
873 2984 1034 3058 (69),
1088 2986 1188 3040 καὶ
1239 2987 1341 3040 ούκ
1399 2987 1559 3041 ἔλυσε
1617 2988 1831 3054 τοῦτον,

229 3076 344 3137 ἕως
371 3074 483 3145 (70)
507 3075 775 3155 ἐϐόησαν,
803 3077 891 3131 ῖνα
925 3077 1285 3148 γυμνασθῶσι
1341 3079 1535 3147 φέρειν
1568 3079 1670 3142 τὰς
1701 3077 1826 3131 διας

230 3167 404 3240 δοχὰς
423 3169 531 3222 τῶν
567 3169 915 3241 πειρασμῶν.

1932 1996 2238 2056 postremas
2259 1981 2514 2038 videlicet
2543 1989 2655 2035 tres
2678 1978 2870 2033 horas.
2890 1972 3151 2030 Permisit
3173 1983 3306 2040 ergo
3359 1964 3493 2023 Chri
3510 1993 3528 2005 -

1932 2089 2050 2135 stus
2074 2075 2371 2148 dissipulos
2394 2073 2460 2128 ad
2485 2073 2539 2128 id
2573 2085 2746 2140 usque
2767 2078 2988 2137 tempus
3008 2063 3302 2120 ﬂuctuare.
3328 2059 3546 2115 docens

1933 2180 1995 2224 ut
2045 2169 2217 2225 fortes
2266 2165 2574 2223 eﬂiciamur
2623 2161 2692 2217 ad
2748 2159 3018 2231 pericula,
3071 2169 3192 2225 quae
3243 2152 3540 2221 dispensa-

1936 2261 2075 2316 torie
2105 2259 2486 2316 inducuntur:
2529 2269 2633 2310 uec
2663 2252 2883 2308 facilem
2927 2258 3024 2304 aut
3075 2246 3324 2302 velocem
3382 2253 3553 2310 quae--

1935 2367 2125 2408 ramus
2154 2349 2559 2407 liberationem.
2591 2346 2861 2403 Praeterea
2884 2350 2944 2396 ut
2976 2346 3210 2394 mortem
3231 2349 3343 2406 pne
3362 2331 3542 2388 oculis

1937 2444 2225 2505 habentes,
2261 2440 2408 2496 etab
2441 2454 2506 2495 ea
2534 2436 2856 2493 mirabiliter
2884 2431 3124 2497 liberati,
3169 2431 3534 2499 agnoscerent

1941 2532 2110 2587 Deum
2161 2544 2285 2586 esse
2317 2545 2470 2593 eum,
2499 2526 2593 2598 qui
2636 2542 2696 2583 se
2724 2531 3021 2581 servasset.
3069 2516 3330 2574 Nondum
3384 2513 3536 2570 enim

1948 2621 2249 2692 perfectam
2302 2620 2587 2677 habebant
2646 2616 3084 2678 certitudinem;
3151 2609 3274 2665 ideo
3320 2617 3542 2677 quoque

1941 2722 2064 2781 post
2120 2713 2505 2769 liberationem
2577 2709 2955 2765 adoraverunt
3017 2716 3150 2757 eum
3229 2697 3535 2754 dicentes:

1949 2804 2076 2858 Vere
2110 2803 2206 2857 Dei
2238 2802 2415 2858 Filius
2453 2817 2527 2856 ea.

2014 2896 2173 2951 Vers.
2205 2896 2297 2951 26.
2345 2893 2508 2949 Ει-
2538 2893 2928 2947 clamat-erunt.
2987 2884 3268 2939 Timorem
3313 2876 3416 2944 'qui
3471 2875 3543 2930 ab

1942 2989 2105 3042 undis
2158 2997 2278 3043 erat
2331 2986 2537 3055 excipit
2588 2983 2726 3038 alter
2775 2981 2983 3036 timor:
3033 2991 3135 3031 nec
3183 2974 3333 3027 hunc
3383 2967 3540 3024 solvit

1943 3081 2119 3135 doncc
2178 3079 2580 3140 clamaverunt,
2639 3083 2700 3128 ut
2737 3077 3130 3128 exercerentur
3181 3065 3249 3119 ad
3290 3059 3550 3117 ferendas

1945 3169 2316 3226 tentationum
2348 3165 2753 3221 successiones.

304 3229 541 3326 ἓὺθέως
586 3229 676 3301 -’
707 3229 794 3331 μή
825 3261 1130 3331 φοϐεῖσθε.
1201 3261 1360 3317 Ἐπεὶ
1410 3264 1512 3318 οὐκ
1566 3265 1833 3336 ἠδύναντο

2015 3247 2166 3316 Vera.
2189 3258 2282 3314 27.
2323 3259 2398 3312 Ac
2420 3258 2662 3324 protinus
2691 3271 2762 3296 -ι-
2793 3253 2952 3308 nolite
2977 3250 3184 3305 terreri.
3215 3245 3356 3313 Quia
3385 3248 3544 3299 nocte

236 3352 508 3423 γνωρίσαι
542 3353 706 3407 αὐτὸν
753 3352 864 3408 ἀπὸ
901 3355 998 3407 τοῦ
1044 3354 1345 3424 προσώπου
1376 3357 1467 3411 διὰ
1487 3357 1590 3430 τὴν
1639 3358 1832 3425 νύκτα,

235 3445 432 3499 λοιπὸν
465 3447 568 3518 τὴν
596 3446 879 3520 γνώριμον
911 3449 1100 3520 φωνὴν
1135 3451 1326 3512 αὐτοῖς
1357 3450 1646 3522 ἐπαφίησι,
1679 3451 1837 3505 λύου-

237 3557 344 3596 σαν
381 3540 733 3611 ἀμφοτέρους
757 3543 884 3608 τοὺς
917 3544 1143 3612 φόϐους.

323 3632 697 3700 Ἀποκριθεὶς
750 3663 825 3676 --
877 3635 1042 3690 ἐλθέ.
1083 3635 1465 3705 Ἀφικνεῖσθαι
1502 3635 1643 3706 πρὸς
1673 3633 1839 3690 αὐτὸν

236 3723 431 3779 ιπάνω
455 3724 566 3780 τῶν
601 3727 811 3781 ὑδάτων
839 3728 1016 3800 ζητεῖ,
1057 3731 1336 3801 προφάσει
1361 3732 1481 3799 μὲν,
1514 3731 1596 3794 εἰς
1628 3729 1839 3783 διάπει-

237 3834 346 3888 ραν
376 3817 475 3870 τοῦ
498 3817 705 3886 γνῶναι
736 3819 1016 3885 ἐντεῦθεν,
1052 3822 1100 3874 εί
1133 3821 1298 3885 αύτός
1327 3822 1478 3874 ἐστιν
1498 3823 1525 3874 ὁ
1565 3821 1835 3891 Χριστόςο

235 3912 305 3980 τῇ
343 3909 390 3963 δ’
419 3909 676 3982 ἀληθεία,
737 3912 1060 3977 ὲνωτισθεὶς
1096 3912 1198 3984 τὴν
1254 3914 1442 3982 φωνὴν
1489 3912 1681 3978 αὑτοῦ,
1717 3911 1839 3965 λίαν

239 4003 440 4074 ἐχάρη,
468 4004 564 4057 καὶ⁵
604 4004 1024 4076 διαθερμανθεὶς
1065 4005 1320 4077 γλίχεται
1375 4006 1484 4078 πρὸ
1515 4007 1625 4058 τῶν
1659 4005 1841 4060 ἄλλων

239 4095 493 4166 ἐντυχεῖν
523 4097 698 4166 αὐτῷ.

313 4189 422 4242 Καὶ
479 4189 746 4256 καταϐὰς
793 4219 860 4231 -
897 4210 997 4261 με.
1066 4193 1180 4264 Τὴν
1233 4193 1332 4263 μὲν
1389 4191 1673 4245 θάλασσαν
1740 4194 1841 4244 οὐκ

241 4280 553 4348 ὲδειλίασε,
623 4284 804 4348 καίτοι
884 4287 1223 4358 μαινομένην
1256 4327 1271 4353 ,
1331 4287 1469 4343 ἀλλὰ
1542 4287 1842 4350 πιστεύσας

241 4377 306 4446 τῇ
363 4374 598 4446 δυνάμει
652 4377 748 4429 τοῦ
803 4377 1215 4444 κελεύσαντος,
1276 4378 1602 4450 θαρραλέως
1664 4379 1838 4448 ὲπὲϐη

243 4465 352 4519 τῶν
415 4466 715 4536 κυμάτων,
778 4469 873 4522 καὶ
935 4468 1096 4536 ὀρθὸς
1169 4469 1385 4536 ἐϐάδιζε
1418 4488 1432 4504 ’
1493 4473 1586 4525 τὸν
1642 4472 1846 4542 ἄνεμον

1939 3353 2292 3425 impediente,
2310 3367 2340 3406 a
2361 3364 2598 3422 persona
2621 3364 2745 3404 eum
2780 3358 3114 3414 cognoscere
3153 3339 3546 3410 nequiverunt.

1940 3447 2025 3503 sui
2076 3461 2225 3501 nunc
2289 3444 2557 3499 indicium
2629 3450 2758 3512 puta
2810 3453 3002 3494 vocem
3038 3436 3122 3492 eis
3165 3431 3543 3499 inducit,qua

1940 3539 2062 3594 illos
2091 3547 2328 3607 utroque
2391 3535 2587 3590 timore
2631 3533 2913 3588 liberaret.

2012 3632 2173 3691 γεγε.
2207 3631 2302 3687 28.
2339 3629 2682 3698 Respondeas
2707 3655 2777 3666 ——-
2800 3623 2958 3678 Vers.
2989 3622 3082 3676 29.
3137 3619 3288 3675 Veni.
3348 3615 3524 3670 Perve

1943 3727 2062 3781 nire
2097 3725 2163 3780 ad
2201 3725 2358 3780 illum
2399 3736 2568 3792 super
2597 3734 2770 3791 aquas
2806 3716 3020 3787 quaerit,
3082 3722 3141 3769 ut
3183 3711 3314 3767 hinc
3346 3709 3541 3766 certior

1942 3817 2272 3883 efﬁceretur,
2323 3831 2392 3870 an
2428 3814 2546 3884 ipse
2596 3821 2743 3867 esset
2790 3809 3068 3865 Christus.
3125 3806 3314 3860 Potius
3361 3811 3549 3856 tamen

1944 3910 2262 3974 dicendum,
2307 3909 2452 3976 quod
2497 3922 2623 3962 cum
2661 3919 2862 3960 vocem
2884 3903 3007 3972 ejus
3049 3897 3414 3970 percepisset,
3449 3910 3546 3950 su-

1945 4019 2043 4074 pra
2079 4003 2300 4056 modum
2332 3998 2552 4072 gavisus
2583 4006 2666 4053 est
2690 4004 2744 4051 et
2773 3995 2998 4066 Optabat
3025 4002 3153 4046 ante
3170 3990 3307 4044 alios
3337 3987 3403 4042 ad
3426 4002 3548 4043 eum

1946 4092 2236 4148 accedere.

2021 4184 2173 4239 Vers.
2207 4183 2300 4238 ‘29.
2337 4181 2577 4254 Cumque
2603 4178 2957 4233 descendisset
2988 4206 3057 4216 —
3087 4172 3244 4229 V—ers.
3275 4171 3366 4226 30.
3387 4168 3548 4224 Serva

1947 4299 2048 4336 me.
2092 4279 2239 4335 Mare
2287 4279 2509 4350 quidem
2557 4293 2667 4331 non
2702 4274 2905 4338 timuit,
2941 4283 3254 4342 quanquam
3303 4266 3548 4330 fureret;

1948 4375 2044 4430 sed
2079 4374 2147 4428 de
2189 4371 2436 4441 iubentis
2462 4369 2706 4440 potentia
2739 4365 3004 4428 conﬁsus,
3055 4361 3321 4416 audacter
3355 4357 3548 4412 ambu-

1950 4469 2095 4523 labat
2161 4481 2330 4535 super
2380 4479 2571 4532 aquas,
2623 4469 2678 4515 et
2713 4467 2862 4513 recte
2937 4454 3338 4526 gradiebatur:
3386 4459 3550 4504 vento

243 4556 300 4610 δὲ
362 4556 568 4627 μᾶλλον
624 4559 872 4630 ἐφοϐήθη
909 4599 924 4626 ,
999 4561 1212 4632 μήποτε
1278 4561 1588 4634 περιτρέψῃ
1650 4541 1833 4616 αὐτόν.

1948 4569 2132 4614 autem
2185 4557 2358 4628 magis
2425 4553 2650 4610 territus
2692 4561 2798 4616 est,
2834 4565 2903 4603 ne
2942 4548 3081 4602 forte
3125 4541 3552 4611 circumagendo

243 4650 504 4704 Τοιοῦτον
564 4651 676 4721 γάρ
719 4655 751 4721 ὴ
808 4652 1132 4725 ἀνθρωπίνη
1207 4654 1394 4724 φύσις.
1449 4656 1722 4719 Πολλάκις
1776 4659 1847 4710 τὰ

249 4743 466 4812 μεγάλα
496 4743 867 4815 κατορθοῦσα,
903 4747 1108 4816 μᾶλλον
1138 4749 1197 4802 ἐν
1222 4751 1338 4810 τοῖς
1370 4748 1656 4803 ἐλάττοσιν
1689 4749 1844 4816 ἐλέγ-

245 4853 424 4906 χεται.
472 4837 676 4890 Λοιπδν
715 4834 810 4892 οὖν
841 4839 1228 4911 άσθενησάσης
1269 4841 1372 4911 τῆς
1423 4843 1688 4908 πίστεως,
1726 4844 1846 4912 μεθ’

244 4925 314 5001 ἦς
370 4929 759 5000 κατετόλμησε
811 4929 924 4983 τῶν
987 4933 1278 5003 κυμάτων,
1337 4934 1554 5004 ἀφῆκεν
1609 4935 1774 4988 αὐτὸν
1813 4940 1846 5007 η

245 5023 408 5094 χάρις
465 5021 661 5092 αὐτῆς,
713 5023 1118 5093 ήκουφίζουσα
1173 5025 1384 5093 τοῦτον,
1434 5027 1528 5080 καὶ
1573 5044 1844 5084 κατεπον-

247 5116 447 5180 τξζετο.

321 5290 562 5356 Εὐθέως
593 5320 665 5332 -—
692 5289 1073 5357 ὲδίστασας;
1115 5291 1301 5345 Ταῦτα
1343 5292 1620 5357 ὀνειδίσας
1671 5295 1841 5364 αὐτῷ,

251 5384 478 5449 έδειξεν,
502 5386 584 5437 ὅτι
614 5385 716 5452 οὐχ
740 5385 775 5454 ὴ
811 5383 902 5437 τοῦ
931 5384 1138 5456 ἀνέμου
1172 5386 1263 5455 βία
1300 5385 1489 5440 τοῦτον
1519 5386 1844 5451 κατέϐαλεν,

364 5568 409 5600 ⁸⁸
437 5567 600 5624 Marc.
626 5568 806 5634 \’t,48.

1948 4670 2074 4708 eum
2112 4657 2410 4707 everteret.
2443 4645 2773 4716 Huiusmodi
2836 4642 2989 4697 enim
3039 4649 3126 4694 est
3183 4639 3420 4693 humana
3452 4650 3551 4688 na-

1950 4757 2092 4809 tura,
2151 4752 2209 4797 ut
2267 4741 2591 4813 plerumque
2653 4738 2706 4792 in
2761 4735 2976 4806 magnis
3053 4741 3203 4786 recte
3249 4744 3308 4785 se
3375 4736 3552 4798 gerat.

1947 4838 2121 4908 magis
2164 4845 2346 4891 autem
2383 4833 2745 4891 convincatur
2781 4826 3220 4898 reprehensione
3253 4820 3413 4892 digna
3433 4837 3552 4876 esse

1948 4931 2003 4984 in
2037 4929 2358 4982 minoribus.
2394 4926 2760 4994 Consequens
2790 4921 2975 4989 itaque
3025 4926 3130 4982 est,
3169 4927 3230 4971 ut
3262 4913 3550 4969 debilitata

1951 5020 2075 5084 (ille,
2106 5034 2204 5088 per
2253 5032 2422 5088 quam
2450 5024 2643 5072 contra
2674 5011 2874 5067 ﬂuctus
2907 5007 3199 5064 audentior
3231 5014 3370 5069 erat,
3407 5003 3552 5056 illius

1947 5110 2344 5165 destitueretur
2407 5105 2607 5178 gratia,
2642 5102 2968 5173 «litaele'vem
3023 5100 3202 5170 ipsum
3258 5094 3548 5154 eﬂicielat.

1950 5211 2004 5256 et
2037 5200 2478 5268 demergeretur.

2025 5293 2184 5349 Vers.
2221 5294 2312 5348 ⁸51.
2367 5291 2434 5346 Et
2470 5290 2719 5343 continuo
2750 5317 2818 5328 —
2854 5282 3145 5339 ha'sz'tasti?
3181 5277 3309 5334 Ilaec
3343 5278 3549 5347 impro-

1950 5403 2149 5458 peraus
2189 5385 2452 5451 ostendit,
2486 5381 2630 5452 quod
2683 5393 3025 5450 nequaquam
3081 5373 3232 5429 vcuti
3291 5369 3551 5427 violentia

1447 5663 1647 5724 Variae
1671 5662 1978 5725 lectiones
2026 5669 2086 5723 et
2119 5678 2307 5722 neue.

336 5861 450 5932 (69)
476 5863 664 5928 Φόϐος,
695 5863 842 5918 addit
870 5861 936 5915 Α.

2038 5861 2148 5932 (70)
2180 5861 2323 5924 Ἕως
2351 5851 2436 5926 οὗ,
2469 5857 2532 5914 Α.
