4020 6518
511 456 616 521 439

1745 453 2133 516 EUTHYMII
2171 452 2539 519 ZlGABENI

3674 441 3791 505 ΗΟ

511 577 662 630 illum
698 574 1011 644 dejiciebat,
1068 572 1163 629 sed
1217 571 1410 642 exigua
1445 569 1664 635 ﬁducia,
1698 570 1804 626 hoc
1855 580 1939 626 est
1998 571 2090 625 in-

2215 572 2313 628 ιλλ’
2348 574 2382 642 η
2437 562 2788 637 ὀλιγοπιστία
2821 605 2834 628 ,
2895 558 3219 623 τουτέστιν,
3278 555 3619 644 ηιάσθένεια
3679 557 3794 623 τῆς

515 669 745 723 ﬁrmitas
789 668 947 723 dictae
995 666 1139 721 ﬁdei.
1196 665 1415 736 Exigua:
1447 681 1579 737 ergo
1638 664 1760 722 ﬁdei
1814 664 2092 720 hominem

511 760 664 814 illum
718 757 1029 830 appellavit,
1064 766 1125 811 ut
1176 757 1269 827 qui
1315 764 1540 811 ventum
1587 755 1809 820 timens,
1842 768 2093 824 magnam

509 851 630 921 eius
658 859 868 921 partem
896 848 1205 919 abiecisset.
1251 847 1393 903 Dicit
1430 848 1613 918 itaque
1640 845 1713 901 illi
1750 863 1765 902 :
1803 843 1914 899 Cur
1939 845 2097 900 lueti-

512 944 638 997 ωειὶ
664 943 689 997 2
719 943 854 1005 sive,
914 956 1084 1012 quare
1111 940 1351 1011 primum
1384 939 1639 995 ﬁduciam
1669 937 1898 1000 habens,
1948 944 2096 1006 post-

511 1036 731 1090 modum
763 1033 991 1089 timuisti
1018 1034 1043 1087 2
1072 1033 1132 1087 ιιι
1174 1034 1321 1088 enim
1347 1031 1640 1103 appellavit
1675 1029 2094 1085 haesitationem.

513 1126 648 1181 Nam
678 1126 771 1196 qui
812 1135 1005 1181 contra
1036 1124 1236 1181 ﬂuctus
1260 1134 1313 1179 te
1343 1124 1540 1179 fo‘rtem
1572 1122 1851 1185 reddebat.
1910 1119 2097 1192 utique

513 1230 571 1274 et
596 1228 785 1275 contra
817 1227 1043 1275 ventum
1075 1226 1128 1273 te
1154 1216 1353 1273 fortem
1380 1215 1734 1272 reddidisset.

583 1394 740 1451 νει-ε.
761 1394 850 1450 52.
903 1394 1144 1465 Cumque
1177 1403 1346 1448 essent
1377 1393 1599 1465 ingressi
1628 1424 1693 1434 -
1713 1402 1915 1449 uentus.
1976 1391 2096 1447 Non

514 1486 697 1540 statim
730 1485 911 1540 navim
950 1484 1347 1548 ascenderunt.
1394 1485 1489 1541 sed
1522 1496 1686 1541 vento
1742 1485 2098 1541 vehementer

517 1585 770 1647 urgente.
813 1576 975 1649 longo
1003 1577 1184 1632 adhuc
1226 1578 1405 1647 spatio
1438 1576 1854 1633 ambulaverunt
1905 1587 1968 1633 ut
1999 1576 2100 1631 Pe-

514 1677 632 1723 trus
668 1668 873 1724 certior
927 1669 1282 1732 redderetur,
1337 1678 1393 1724 et
1426 1668 1493 1724 de
1523 1682 1623 1723 sua
1670 1668 1862 1737 exigua
1905 1668 2099 1743 ﬁducia

514 1760 958 1817 convinceretur.
988 1762 1123 1816 Dicit
1159 1762 1303 1817 enim
1342 1759 1582 1817 Joannes
1613 1760 1760 1831 quod
1810 1761 2100 1815 voluerunt

515 1869 639 1909 eum
674 1867 891 1908 sumere
918 1854 972 1907 in
1003 1853 1209 1920 navim,
1241 1861 1298 1907 et
1336 1851 1484 1906 illico
1514 1852 1671 1908 navis
1698 1851 1909 1923 appulit
1938 1860 2097 1907 terrae

516 1945 585 2001 ad
641 1961 805 2015 quam
859 1945 1028 2001 ibant.
1095 1945 1163 1999 Et
1194 1916 1334 2001 inde
1413 1916 1788 2001 manifestum—
1820 1957 1904 2001 est
1952 1947 2098 2017 quod
2129 1916 2171 1972 Β

516 2054 642 2093 eum
708 2038 865 2094 navis
931 2047 1090 2094 terra:
1142 2038 1387 2108 proxima
1417 2048 1580 2105 esset,
1620 2047 1732 2093 tum
1774 2038 1995 2093 demum
2044 2038 2099 2093 in

517 2147 636 2185 eam
667 2129 1041 2185 intraverunt.

589 2221 748 2277 Vera.
775 2222 865 2277 33.
912 2221 1175 2277 Craterum
1213 2221 1304 2292 qui
1332 2251 1400 2260 —
1432 2238 1509 2274 es.
1569 2218 1821 2274 Miraeuii
1883 2222 2098 2293 magni-

520 2314 653 2369 tudo
682 2313 1066 2384 perfectiorem
1089 2312 1169 2367 eis
1197 2311 1412 2367 induxit
1444 2311 1628 2366 ﬁdem.
1656 2310 1802 2366 Mare
1832 2312 2101 2381 siquidem

518 2406 804 2476 increpare
843 2405 1026 2459 minus
1061 2413 1166 2469 est,
1212 2419 1378 2474 quam
1406 2418 1572 2472 super
1606 2403 1736 2457 illud
1778 2403 2099 2458 arnbulare:

519 2511 622 2551 nec
675 2496 852 2551 solum
899 2511 1025 2550 eum
1079 2510 1249 2565 super
1291 2494 1425 2549 illud
1474 2494 1780 2558 ambulare,
1813 2495 1908 2549 sed
1936 2494 2101 2549 etiam

517 2587 677 2643 alteri
714 2587 765 2642 id
798 2596 1059 2656 prastare
1118 2601 1295 2656 neque
1320 2586 1437 2641 [nec
1466 2595 1907 2650 lanturn,verum
1938 2588 2102 2642 etiam

518 2679 701 2734 facere
763 2678 891 2733 illud
940 2693 1062 2734 cum
1093 2678 1258 2733 'venti
1322 2678 1580 2733 violentia
1632 2677 1939 2747 impetuose
1997 2678 2099 2733 ﬂa—

518 2779 626 2835 ret,
711 2785 775 2825 ae
845 2784 996 2825 mare
1056 2783 1087 2823 a
1163 2783 1264 2823 suo
1328 2776 1471 2823 statu
1539 2768 1928 2834 submoveret;
2009 2769 2102 2824 sed

520 2876 762 2932 praesens
822 2861 1040 2931 quidem
1115 2859 1445 2931 evangelista
1480 2859 1611 2915 dicit
1669 2860 1814 2929 quod
1858 2874 2106 2914 commu-

520 2952 670 3008 niter
738 2965 931 3007 omnes
988 2948 1229 3005 confessi
1282 2958 1413 3017 sunt
1469 2964 1591 3004 esse
1650 2950 1825 3019 ipsum
1882 2949 1974 3004 Dei
2014 2948 2105 3003 Fi-

522 3045 678 3099 lium.

593 3138 806 3192 Marcus
847 3146 1030 3191 autem
1062 3134 1221 3200 dixit,
1248 3132 1395 3203 quod
1433 3131 1687 3187 admirati
1732 3143 1882 3198 sunt,
1915 3147 2103 3189 verum

522 3246 632 3285 non
683 3228 1093 3284 intellexerunt.
1146 3229 1233 3282 Ait
1275 3226 1462 3284 enim:
1497 3228 1565 3283 Et
1592 3230 1917 3284 vehementer
1942 3243 2105 3304 supra
2134 3269 2180 3334 ο

524 3323 737 3377 modum
786 3322 926 3375 intra
959 3335 1072 3374 sese
1123 3323 1399 3389 stupebant
1427 3332 1475 3375 et
1510 3322 1928 3375 admirabantur
1954 3335 1976 3381 ;
2015 3333 2107 3372 ne-

523 3430 622 3482 que
648 3412 787 3466 enim
830 3411 1195 3465 intellexerunt
1232 3414 1296 3466 de
1343 3416 1608 3480 panibus;
1642 3428 1765 3466 nam
1819 3426 1907 3464 cor
1926 3426 2106 3464 eorum

524 3505 849 3559 obctrcatum
878 3514 993 3557 erat
1014 3503 1083 3558 δ’.
1115 3504 1211 3558 Est
1247 3513 1430 3558 autem
1464 3519 1660 3559 sensus
1702 3504 1973 3559 dictorum
2001 3502 2104 3556 hu-

522 3591 785 3662 jusmodi,
820 3592 965 3661 quod
1024 3607 1187 3661 supra
1239 3592 1459 3647 modum
1514 3593 1923 3648 admirabantur
1980 3606 2105 3646 eum

524 3683 696 3737 veluti
753 3682 1031 3737 hominem
1083 3681 1177 3751 qui
1218 3682 1345 3736 talia
1398 3694 1602 3751 posset,
1647 3696 1815 3751 quum
1875 3681 2109 3736 maxime

526 3776 680 3830 illum
730 3774 958 3829 adorare
998 3774 1349 3843 oportuisset,
1390 3783 1647 3843 tanquam
1694 3772 1865 3829 Deum
1924 3772 2109 3828 omnia

527 3875 831 3937 potentem.
888 3864 1089 3920 Volens
1161 3875 1345 3921 autem
1395 3867 1683 3921 ostendere
1731 3866 1875 3935 quod
1929 3879 2109 3934 neque

526 3959 583 4011 in
625 3956 888 4027 praedicto
923 3950 1125 4027 panum
1168 3956 1436 4011 miraculo
1480 3971 1542 4013 se
1593 3956 1997 4012 convertissent
2041 3954 2109 4009 ad

528 4049 583 4104 id
622 4047 767 4118 quod
815 4048 1083 4118 oportuit,
1129 4046 1343 4102 addidit
1400 4048 1545 4117 quod
1578 4062 1690 4102 non
1724 4047 2109 4103 intellexerunt

528 4157 706 4212 neque
745 4142 812 4197 de
846 4142 1101 4212 panibus.
1131 4141 1372 4198 Adduxit
1405 4149 1587 4196 autem
1620 4156 1840 4196 causam
1873 4157 1971 4196 cur
1998 4156 2108 4196 non

529 4231 957 4298 intellexerunt,
1006 4232 1247 4288 dicens:
1308 4231 1437 4286 Erat
1495 4249 1586 4287 cor
1640 4247 1821 4286 eorum
1878 4233 2109 4287 obcazca-

529 4333 664 4375 lunt.

602 4412 711 4467 Nos
767 4421 948 4467 tamen
1007 4413 1241 4469 dicimus
1299 4415 1446 4485 quod
1509 4414 1681 4470 simul
1729 4424 1786 4469 ut
1834 4416 2113 4485 ingressus

528 4512 615 4557 est
667 4505 847 4557 navim
872 4503 1055 4570 Jesus,
1087 4505 1435 4575 contigerunt
1455 4521 1518 4560 ea
1550 4521 1670 4575 qua:
1707 4506 1843 4561 dixit
1869 4506 2110 4573 Marcus;

2200 662 2461 734 ρηθείσης
2520 658 2781 717 πίστεως.
2858 650 3240 719 Ὀλιγόπιστον
3287 642 3383 702 οὖν
3436 646 3600 700 αὐτὸν
3655 646 3795 700 ἑκά-

2195 756 2374 819 λεσεν,
2416 754 2492 818 ὡς
2536 745 2885 806 ἀποϐαλόντα
2934 740 3069 799 πολύ
3105 760 3158 797 τι
3216 739 3329 815 (71)
3391 740 3557 812 μέρος
3603 739 3795 805 αὐτῆς

2197 850 2256 903 ἐν
2278 847 2358 919 τῷ
2412 844 2721 917 φοϐηθῆναι
2768 842 2863 895 τὸν
2916 838 3141 907 ἄνεμον.
3173 834 3339 901 Λέγει
3367 832 3547 887 τοίνυν
3598 831 3790 900 αὐτῷ·

2197 941 2362 997 Διατί
2421 938 2793 1004 ἐδίστασας;
2838 932 3022 1004 ιῆγουν
3057 968 3072 993 ,
3151 925 3293 980 διατί
3377 924 3596 995 πρῶτον
3677 923 3788 994 μὲν

2199 1032 2539 1104 ὲθάρῤησας,
2605 1027 2835 1097 ὕστερον
2906 1023 2964 1078 δὲ
3030 1018 3384 1083 έδειλίασας;
3452 1015 3629 1070 Τοῦτο
3676 1013 3797 1084 γὰρ

2198 1123 2451 1194 ὠνόμασε
2508 1118 2844 1189 δισταγμὸν.
2906 1114 2966 1168 '0
3006 1113 3116 1183 γὰρ
3182 1109 3453 1181 ένισχύων
3513 1123 3577 1161 σε
3640 1108 3798 1161 κατά

2199 1216 2309 1271 τῶν
2383 1212 2646 1283 κυμάτων
2726 1209 3014 1280 ένίσχυσεν
3083 1204 3150 1259 άν
3211 1220 3273 1258 σε
3332 1202 3430 1256 καὶ⁵
3481 1201 3628 1257 κατά
3691 1198 3797 1255 τοῦ

2199 1310 2431 1380 ἀνέμου.

2271 1402 2381 1460 Kal
2415 1399 2723 1471 ἐμϐάντων
2759 1421 2829 1436 -
2855 1393 3098 1463 ἄνεμος.
3145 1388 3262 1445 Οὐκ
3316 1386 3483 1450 εὐθὺς
3518 1384 3799 1455 ένέϐησαν

2201 1498 2282 1561 είς
2312 1495 2374 1549 τὸ
2398 1494 2606 1557 πλοῖον,
2640 1488 2781 1545 ἀλλά
2808 1487 2925 1553 καὶ,
2954 1483 3052 1540 τοῦ
3091 1483 3297 1553 ἀνέμου
3329 1478 3580 1551 σφοδρῶς
3608 1480 3799 1546 ἔγκει-

2203 1589 2366 1659 μένου
2401 1626 2418 1654 ,
2470 1584 2609 1638 πολὺ
2666 1580 2946 1649 διάστημα
3015 1573 3443 1647 περιεπάτησαν
3496 1568 3619 1636 έτι,’
3653 1569 3799 1640 πρὸς

2202 1678 2581 1750 πληροφορίαν
2624 1675 2719 1729 τοῦ
2754 1672 2988 1741 Πέτρου,
3042 1668 3137 1723 καὶ
3167 1666 3393 1736 Ιλεγχον
3415 1663 3515 1734 τῆς
3541 1662 3800 1729 ὀλιγοπι-

2204 1771 2358 1834 artat;
2379 1766 2568 1822 αὑτοῦ.
2596 1765 2735 1836 Φησὶ
2758 1763 2914 1833 γάρό
2961 1759 3247 1830 Ἰωάννης,
3273 1756 3357 1810 ὅτι
3383 1753 3576 1828 ἤθελον
3602 1751 3800 1806 λαϐεῖν

2202 1864 2365 1917 αὑτὸν
2402 1861 2483 1923 είς
2519 1857 2585 1911 τὸ
2618 1855 2827 1921 πλοῖον,
2857 1851 2954 1906 καὶ⁵
2990 1848 3194 1913 εὐθέως
3228 1847 3291 1902 τὸ
3326 1845 3514 1901 πλοῖον
3569 1842 3801 1912 έγένετο

2202 1955 2295 2008 ἐπὶ
2318 1953 2419 2020 τὴν
2433 1950 2539 2020 γῆν
2568 1948 2711 2019 (72),
2734 1947 2815 2010 είς
2842 1945 2909 2017 ἦν
2930 1942 3170 2013 ὑπῆγον.
3192 1937 3508 1995 Κάντεῦθεν
3527 1932 3802 2005 φανερὸν,

2200 2049 2308 2111 ὅτι,
2346 2042 2577 2113 πλησίον
2632 2042 2731 2107 τῆς
2786 2037 2891 2107 γῆς
2946 2034 3245 2105 γενομένου
3283 2030 3379 2085 τοῦ
3433 2026 3645 2095 πλοίου,
3674 2023 3803 2079 τότε

2199 2138 2388 2192 λοιπὸν
2406 2134 2677 2205 ένέϐησαν
2709 2133 2795 2194 εις
2823 2128 2980 2182 αὐτό.

2276 2232 2341 2283 οι
2370 2227 2439 2281 δέ
2486 2254 2556 2267 -—
2602 2221 2678 2278 εἴ.
2737 2223 2814 2275 Τὸ
2850 2220 3086 2291 μέγεθος
3140 2216 3237 2270 τοῦ
3272 2214 3555 2283 θαὺματος
3587 2210 3807 2266 τελειοο

2202 2323 2372 2392 τέραν
2416 2318 2604 2382 αὺτοῖς
2656 2313 2758 2387 τὴν
2795 2312 2993 2365 πίστιν
3046 2307 3300 2378 ένέθηκε.
3350 2305 3459 2360 Τοῦ
3510 2302 3622 2375 γάρ
3676 2305 3808 2357 lm-

2203 2415 2373 2486 τιμᾷν
2412 2414 2479 2482 τῇ
2531 2408 2780 2479 θαλάσση
2845 2405 3033 2477 μεῖζον
3076 2402 3139 2455 τὸ
3200 2400 3524 2471 περιπατεῖν
3576 2396 3669 2450 επ’
3705 2396 3809 2450 σὺ⁸

2203 2509 2326 2580 τῆς,
2397 2505 2498 2561 καὶ
2549 2503 2626 2575 μὴ
2673 2502 2837 2573 μόνον
2888 2496 3056 2554 αὐτὸν
3104 2493 3452 2565 περιπατεῖν,
3515 2489 3655 2545 ἀλλά
3707 2486 3809 2543 καὶ

2206 2601 2384 2671 ἑτέρῳ
2408 2596 2568 2651 τοῦτο
2588 2592 2916 2665 χαρίζεσθαι
2942 2605 2959 2621 ο
3004 2588 3102 2643 καὶ
3143 2586 3222 2657 μὴ
3252 2584 3425 2639 ταῦτα
3449 2583 3637 2671 μόνον,
3662 2580 3808 2635 ἀλὶά

2207 2670 2313 2745 ita),
2327 2670 2449 2760 βίας
2467 2688 2673 2756 ἀνέμου
2698 2677 3152 2748 καταιγιζούσης,
3182 2674 3279 2730 καὶ
3301 2670 3801 2744 ἀναμοχλευούσης

2208 2777 2308 2848 τὴν
2364 2773 2665 2827 θάλασσαν.
2732 2767 2874 2823 Ἀλλ’
2923 2768 2952 2820 ὁ
2997 2765 3098 2837 μὲν
3155 2762 3351 2834 παρὼν
3398 2760 3810 2831 εὐαγγελιστής

2209 2884 2401 2940 φησιν,
2462 2866 2547 2920 ὅτι
2592 2864 2750 2934 κοινῇ
2807 2860 3015 2924 πάντες
3070 2856 3438 2929 ὡμολόγησαν
3492 2852 3631 2908 Θεοῦ
3667 2852 3810 2907 Υίδν

2209 2958 2353 3015 εἶναι
2382 2957 2563 3013 αὐτόν.

2294 3135 2354 3189 '0
2412 3133 2471 3187 δι
2531 3131 2761 3202 Μάρκος
2829 3123 3021 3195 εἶπεν,
3071 3126 3156 3182 δτι
3209 3124 3531 3194 έθαῦμασαν
3569 3120 3691 3193 μέν,
3742 3122 3809 3176 οὐ

2215 3225 2458 3296 συνῆκαν
2475 3223 2532 3278 δέ
2551 3239 2565 3254 ·
2609 3222 2757 3290 λέγει
2782 3220 2914 3292 γάρ,
2936 3220 3021 3275 ὅτι
3064 3218 3173 3275 Καὶ
3202 3218 3348 3272 ,ιΙαν
3372 3216 3443 3272 ἐκ
3492 3214 3809 3284 περισσοῦ

2213 3321 2285 3375 ἐν
2313 3316 2548 3384 ἑαυτοῖς
2593 3316 2942 3382 ἐξίσταντο,
2992 3312 3093 3370 καί
3152 3308 3486 3395 ἐθαύμαζον
3509 3326 3546 3344 ἠ
3582 3310 3656 3363 οὐ
3686 3308 3810 3379 τὰρ

2213 3410 2503 3481 συνῆκαν
2526 3409 2627 3464 ἐπὶ
2659 3407 2785 3475 τοῖς
2812 3406 3020 3475 ἄρτοις
3044 3422 3059 3437 ο
3092 3399 3173 3475 ἦν
3202 3401 3316 3473 τὰρ
3350 3400 3554 3457 αὐτῶν
3583 3402 3622 3471 ἠ
3654 3417 3809 3470 καρι-

2214 3505 2314 3559 dia
2376 3498 2803 3572 πεπωρωμένη.
2869 3499 3025 3552 Ἐστι
3091 3495 3150 3551 δὲ
3193 3496 3222 3548 ὁ
3262 3495 3387 3559 νοῦς
3454 3494 3561 3551 τῶν
3619 3493 3813 3565 ῥητῶν

2215 3597 2479 3660 τοιοῦτος,
2518 3596 2600 3649 ὅτι
2633 3590 3177 3665 ὑπερεξεπλήττοντο
3207 3588 3395 3651 αὑτὸν,
3415 3587 3493 3651 ὡς
3513 3585 3813 3657 ἄνθρωπον

2215 3690 2447 3747 τοιαῦτα
2476 3688 2810 3759 δυνάμενον·
2867 3684 2987 3738 δέον
3020 3684 3133 3753 (73)
3190 3683 3427 3754 μάλιστα
3470 3682 3816 3752 προσκυνεῖν

2217 3786 2404 3852 αὐτὸν,
2458 3785 2534 3847 ὡς
2585 3783 2722 3837 Θεδν
2777 3780 2959 3834 πάντα
3020 3778 3349 3848 δυνάμενον.
3414 3774 3691 3845 Ἐμφῆναι
3752 3773 3816 3828 δὲ

2218 3878 2413 3943 θέλων,
2443 3876 2525 3931 ὅτι
2563 3873 2672 3930 οὐδ’
2709 3873 2805 3928 επὶ
2842 3875 2912 3941 τῇ
2973 3868 3335 3941 προλαϐούσῃ
3386 3865 3819 3938 θαυματουργία

2218 3967 2327 4023 τῶν
2371 3966 2554 4037 ἄρτιον
2580 3962 2896 4035 μετέμαθον
2932 3960 2993 4013 τὸ
3018 3959 3159 4024 δέον,
3210 3956 3575 4030 προσέθηκεν,
3619 3956 3703 4010 ὅτι
3746 3956 3815 4009 οὔ

2221 4059 2467 4128 συνῆκαν
2496 4056 2619 4110 οὐδὲ
2650 4054 2765 4125 (74)
2796 4054 2891 4106 ἐπὶ
2918 4053 3034 4115 τοῖς
3071 4050 3283 4122 ἀρτοις.
3322 4049 3605 4120 Ἐπήγαγε
3629 4048 3687 4102 δὶ
3708 4048 3818 4101 καὶ

2219 4151 2318 4221 τὴν
2365 4147 2548 4201 αἰτίαν
2593 4144 2688 4200 τοῦ
2739 4143 2819 4215 μὴ
2854 4143 3116 4208 συνιέναι,
3176 4138 3436 4213 εἰρηκὼς,
3485 4140 3570 4195 ὅτι
3601 4133 3719 4196 Ἦν
3770 4140 3817 4208 ἠ

2220 4239 2435 4309 καρδία
2454 4236 2655 4293 αὐτῶν
2688 4237 3123 4307 πεπωρωμένη.

2291 4417 2544 4488 Δέγομεν
2576 4414 2633 4468 δὲ
2664 4414 2849 4485 ἡμεῖς,
2881 4414 2964 4466 ὅτι
3006 4412 3123 4483 ἀμα
3184 4411 3289 4483 μὲν
3321 4411 3400 4482 τῷ
3449 4410 3685 4483 έμϐῆναι
3728 4412 3819 4477 είς

2220 4510 2281 4565 τὸ
2309 4508 2493 4563 πλοῖον
2542 4506 2637 4559 τὸν
2688 4502 2921 4576 Ἰησοῦν,
2978 4503 3311 4575 συνέϐησαν,
3379 4501 3525 4573 άπερ
3587 4496 3747 4555 εἶπεν
3786 4505 3819 4555 ὀ

528 4596 727 4650 deinde
773 4596 1033 4651 dissoluta
1078 4597 1339 4663 caecitate,
1383 4597 1522 4653 facta
1573 4606 1701 4652 sunt
1734 4612 1796 4652 ea
1830 4614 1951 4667 quae
1979 4600 2105 4653 seri-

2222 4602 2485 4672 Μάρκοςο
2551 4593 2674 4652 εἷτα
2733 4595 2992 4666 λυθείσης
3062 4594 3165 4665 τῆς
3224 4593 3559 4665 πωρώσεως,
3617 4576 3827 4680 hom-3v:

531 4688 641 4756 psit
691 4687 1001 4743 Matthmus.
1051 4687 1203 4742 Scire
1245 4688 1395 4743 enim
1449 4698 1687 4757 oportet,
1748 4653 1891 4759 quod
1944 4690 2105 4745 inter-

2222 4653 2536 4763 γεγόνασιν,
2601 4689 2750 4761 ἅπερ
2806 4653 3097 4759 ἱστόρησεν
3184 4653 3486 4751 Mat-6010c.
3517 4653 3665 4757 ὃ(ρῆ
3694 4653 3833 4791 γάρὶ

531 4781 661 4833 dum
711 4780 930 4849 quidem
966 4780 1257 4834 tenebatur
1309 4794 1407 4833 cor
1436 4778 1846 4849 discipulorum,
1879 4794 1980 4834 nec
2018 4796 2105 4849 po-

2225 4786 2536 4855 γινὼσκειν,
2587 4784 2669 4836 ὅτι
2702 4783 2833 4837 ποτὲ
2896 4783 2995 4853 μὲν
3061 4782 3412 4853 ἐκρατεῖτοὴ
3453 4779 3651 4850 καρδία
3696 4780 3815 4833 τῶν

535 4879 714 4925 terant
763 4871 1069 4942 intelligere
1100 4889 1114 4925 :
1149 4872 1479 4941 quandoque
1536 4884 1666 4925 vero
1703 4871 2019 4926 solvebatur
2054 4881 2105 4926 et

2229 4877 2513 4951 μαθητῶν,
2551 4878 2644 4931 καὶ
2666 4877 2768 4931 οὐκ
2800 4876 3072 4946 ἠδύναντο
3109 4875 3379 4940 συνιέναι,
3417 4874 3548 4928 ποτὲ
3576 4874 3632 4927 δὲ
3664 4871 3810 4927 άπερ

534 4964 943 5035 iutelligcbant;
1004 4972 1298 5033 utrumque
1355 4972 1538 5018 autem
1592 4962 1775 5017 divina
1831 4963 2105 5031 dispensa-

2223 4970 2401 5034 λύετο,
2452 4970 2549 5024 καὶ
2582 4968 2867 5023 συνίεσαν.
2914 4967 3214 5037 Ἑκάτερον
3252 4966 3309 5019 δὲ
3335 4966 3625 5019 συνέϐαινε
3658 4966 3812 5019 κατά

536 5058 684 5110 tione
730 5055 1108 5125 contingebat.
1163 5056 1229 5110 Et
1263 5070 1363 5110 uos
1413 5070 1541 5126 ergo
1575 5070 1698 5109 cum
1726 5056 1967 5125 demergi
2009 5072 2105 5112 ραις

2226 5062 2509 5132 θειοτέραν
2573 5061 2910 5127 οίκονομίαν.
2994 5060 3105 5113 Καὶ
3159 5061 3319 5130 ἡμεῖς
3402 5059 3616 5125 τοίνυν,
3675 5060 3814 5113 ὅταν

538 5149 780 5219 perimus
812 5146 1150 5217 tempestate
1187 5147 1657 5217 perturbationum
1702 5148 1895 5215 animi,
1928 5147 2105 5204 Jesum

2222 5154 2525 5227 ἀρχώμεθα
2583 5153 3079 5219 καταποντίζεσθαι
3122 5152 3200 5223 τῷ
3254 5151 3483 5207 κλύδωνι
3546 5150 3653 5205 τῶν
3705 5169 3813 5205 πα-

3825 4841 3834 4879 l

638 5323 683 5355 "
714 5321 881 5377 Mare.
911 5336 988 5387 νε,
1014 5322 1104 5377 51.

1716 5420 1913 5481 Varite
1958 5420 2262 5485 lectiones
2302 5430 2364 5485 et
2404 5431 2591 5486 notae.

741 5616 846 5693 P_r0
882 5614 1016 5693 τοῖιιὺ
1044 5631 1120 5677 τι,
1153 5615 1195 5665 Α
1219 5613 1380 5667 habet
1410 5613 1741 5693 πολύτιμοῆ
2055 5678 2067 5693 _
2090 5692 2093 5693 ν

2216 5618 2540 5693 ἀοιείορθτε
2559 5617 2816 5688 explicat,
2856 5627 2990 5674 tom.
3027 5618 3165 5685 Vill,
3199 5634 3255 5690 p.
3292 5618 3398 5676 255
3432 5618 3474 5677 C
3502 5620 3555 5689 ἐγ
3575 5619 3671 5689 τὺς
3701 5621 3806 5693 τῆς

604 5678 719 5761 ΓΗ)
754 5685 913 5761 _Apud
964 5684 1232 5761 Joannem
1268 5693 1381 5761 _es_t.
1421 5683 1516 5761 tu):
1558 5678 1655 5761 τῇς
1682 5681 1807 5761 γῆς,
1831 5678 2105 5761 quomodo

2217 5690 2319 5757 γῆς
2348 5678 2584 5757 ὲγένετο.

532 5750 711 5815 etiam
752 5750 819 5811 Ῑιί
842 5765 1099 5810 contextu
1140 5754 1211 5809 ibi
1265 5753 1428 5808 habet
1466 5750 1818 5827 ~Eutliyniius.
1869 5750 2108 5827 Qﬂendit
2228 5750 2240 5756 ’
2277 5750 2401 5827 ’(755
2438 5762 2525 5823 Δέ,
2551 5763 2701 5819 addit
2736 5761 2794 5817 Α.

532 5827 1261 5902 etiam__Chryso_s_t_om_us_in,
1300 5823 1535 5902 antri};
1570 5822 1693 5902 γῆς.
1741 5822 2105 5902 Sguehergq

2286 5822 2398 5901 (Ἠ)
2431 5822 2585 5902 Οὐδέ,
2612 5834 2766 5890 abest
2792 5836 2853 5888 Α.

531 5912 668 5961 tum.
708 5898 823 5964 νυ,
943 5896 1043 5951 515
1076 5898 1138 5966 (ἑ,
1171 5896 1335 5953 habet
1366 5897 1445 5958 εἰς
1487 5893 1585 5964 τὴν
1623 5896 1743 5965 γῆν.
1778 5891 1981 5963 Semel,
2010 5891 2101 5950 ubi
