4020 6554
467 396 577 449 443

469 597 625 653 ciunt
674 597 1140 667 transgrediendo,
1167 611 1236 651 ne
1261 595 1464 652 Iudaeis
1499 599 1869 652 contentionis
1902 612 2061 652 occa-

473 688 682 740 sionem
724 687 1009 755 prmlieret.
1049 687 1157 742 Nec
1198 686 1354 754 dixit,
1387 687 1526 742 Maie
1567 688 1794 753 faciunt,
1839 703 1910 741 ne
1951 688 2056 741 bu-

473 777 705 841 jusmodi
759 779 1104 830 traditionem
1167 781 1538 833 continuaret.
1607 778 1794 845 Neque
1827 794 1922 831 eos
1967 793 2061 832 ca-

478 867 776 919 lumniatur
855 867 944 933 qui
1010 867 1155 919 illum
1238 867 1592 930 tradiderant,
1668 882 1738 920 ne
1806 878 2062 936 tanquam

474 959 930 1011 contumeliarum
976 973 1101 1011 eum
1175 967 1578 1012 aversarentur.
1637 957 1743 1012 Sed
1817 958 1997 1012 statim
2033 974 2065 1012 e

479 1048 698 1100 diverso
738 1050 803 1101 de
838 1049 1025 1117 majori
1067 1059 1288 1118 peccato
1320 1056 1538 1101 accusat
1575 1064 1587 1098 :
1618 1048 1918 1103 ostendens
1951 1063 2060 1101 non

475 1148 729 1205 oportere
775 1155 870 1192 eos
918 1140 1008 1207 qui
1047 1140 1136 1192 Dei
1186 1150 1514 1209 prutceptum
1563 1140 2061 1210 transgrediuntur,

475 1241 733 1281 accusare
778 1227 918 1290 illos,
960 1228 1051 1297 qui
1086 1229 1371 1280 hominum
1433 1227 1786 1282 traditionem
1840 1238 2063 1298 ιιι-αξιοι·-

473 1325 605 1369 eunt
661 1317 867 1370 Deinde
894 1316 1057 1371 etiam
1082 1316 1152 1369 dii
1174 1316 1234 1379 it,
1259 1316 1402 1386 quod
1423 1316 1858 1386 Deipra‘ceptum
1890 1325 2067 1370 trans.

475 1407 820 1475 grediuntur,
854 1415 912 1460 et
958 1416 1178 1476 propter
1213 1424 1375 1478 quam
1401 1408 1745 1462 traditionem
1779 1423 1930 1461 suam
1963 1426 1974 1461 :
2003 1423 2067 1461 ac

478 1498 622 1550 illam
683 1499 960 1565 praecipue
1029 1500 1083 1551 in
1123 1499 1362 1552 medium
1418 1498 1641 1553 adducit
1696 1499 2064 1568 iniquitatem,

480 1607 604 1657 quae
643 1601 775 1644 tunc
825 1591 949 1644 inde
978 1591 1288 1660 emergebat

543 1682 696 1736 Vers.
733 1685 785 1736 4.
827 1682 971 1735 Nam
993 1712 1063 1721 —
1090 1683 1370 1735 moriatur.
1402 1681 1476 1736 ‘ln
1509 1681 1651 1736 libro
1678 1681 1842 1737 Exodi
1906 1684 2068 1737 ambo

478 1771 591 1824 luec
621 1783 885 1840 prmcvpta
925 1773 1220 1825 habentur-

553 1864 700 1917 Vers.
738 1865 791 1918 5.
832 1864 931 1917 Vos
958 1865 1094 1916 —in
1113 1875 1262 1916 tuum
1294 1866 1509 1918 vertitur
1534 1864 1884 1919 commodum.
1917 1861 2063 1916 Dim-
2093 1845 2142 1903 Β

1708 387 2092 448 EUTHYMII
2138 389 2498 449 ZIGABENI

542 508 698 561 Vers.
729 506 785 561 ὅ.
831 513 901 560 At
938 506 1029 578 ille
1049 534 1117 546 --
1144 513 1375 560 vestram
1401 506 1426 558 .9
1451 503 1570 560 Non
1595 505 1753 570 dixit,
1782 506 1928 560 Bene
1965 505 2046 561 fa~
2077 509 2127 570 Α

3639 385 3748 448 ΔΗ

2231 509 2296 562 '0
2319 508 2389 562 δὲ
2418 537 2484 547 ——
2513 506 2713 577 ὑμῶν;
2744 507 2857 561 Οὐκ
2888 505 3061 573 εἶπεν,
3087 507 3168 560 ὅτι
3190 503 3372 568 καλῶς
3397 502 3614 557 ποιοῦσι
3641 519 3750 556 πα-

2167 601 2542 670 ραδαίνοντεςς
2580 601 2667 654 ἵνα
2695 603 2770 671 μὴ
2805 600 2880 670 δῷ
2906 603 3018 664 τοῖς
3063 600 3341 662 Ἰουδαίοις
3364 598 3624 669 ἀφορμὴν
3656 613 3748 665 φι-

2165 693 2455 756 λονεικίας,
2485 692 2593 745 οὐδ’
2620 693 2703 746 ὅτι
2734 693 2920 757 κακῶς
2949 693 3218 756 ποιοῦσιν,
3246 693 3330 744 ἵνα
3363 691 3436 760 μὴ
3467 685 3750 758 βεϐαιώσῃ

2166 786 2263 853 τὴν
2293 785 2553 853 τοιαύτην
2582 786 2906 855 παράδοσιν,
2946 785 3068 838 οὐδὲ
3099 784 3378 838 διαϐάλλει
3407 782 3535 843 τοὺς
3567 796 3755 850 παρα-

2165 877 2353 939 δόντας
2387 876 2578 946 αὐτὴν,
2613 878 2700 931 ἵνα
2733 879 2808 946 μὴ
2843 876 2919 939 ὡς
2952 875 3215 945 ὑϐριστὴν
3246 873 3435 926 τοῦτον
3463 876 3754 939 ἀποστρα-

2167 967 2362 1037 φῶσιν,
2391 968 2508 1021 ἀλλ’
2533 969 2693 1030 εὐθὺς
2717 967 3043 1035 άντεγκαλεῖ
3069 967 3193 1035 περὶ
3217 964 3466 1034 μείζονος
3492 960 3756 1030 ἁμαρτή-

2170 1076 2364 1129 ματος,
2393 1059 2630 1122 δεικνὺς,
2651 1060 2734 1112 δτι
2759 1059 2887 1120 τοὺς
2907 1059 3006 1128 τὴν
3035 1056 3252 1127 ἐντολὴν
3280 1054 3373 1108 τοῦ
3398 1053 3533 1106 Θεοῦ
3567 1066 3758 1119 παραυ

2168 1150 2454 1213 ϐαίνοντας
2486 1153 2545 1204 οὐ
2573 1151 2678 1222 χρὴ
2706 1150 3018 1220 μέμφεσθαι
3041 1151 3153 1212 τοῖς
3185 1146 3619 1218 παραϐαίνουσιν
3650 1143 3757 1196 ἀν-

2169 1241 2407 1312 θρώπων
2447 1244 2766 1312 παράδοσιν.
2816 1237 2951 1295 Εἶτα
2984 1241 3167 1310 λέγει,
3202 1238 3299 1293 καὶ
3333 1237 3492 1290 ποίαν
3527 1235 3756 1303 ἐντολὴν

2168 1334 2262 1387 τοῦ
2305 1335 2441 1389 Θεοῦ
2487 1335 2911 1404 παραϐαίνουσι,
2957 1335 3052 1388 καὶ
3100 1332 3188 1385 διὰ
3244 1330 3407 1384 ποίαν
3449 1328 3756 1396 παράδοσιν

2169 1424 2388 1490 αὐτῶν,
2427 1426 2524 1477 καὶ
2556 1427 2636 1487 είς
2675 1425 2842 1494 μέσον
2884 1424 3040 1494 φέρει
3075 1421 3313 1492 μάλιστα
3349 1418 3448 1488 τὴν
3485 1413 3759 1470 ἐπιπολά-

2170 1516 2370 1581 ζουσαν
2395 1519 2512 1570 τότε
2543 1517 2912 1588 παρανομίαν.

2255 1673 2317 1726 '0
2362 1673 2472 1742 γὰρ
2513 1703 2579 1713 -—-
2614 1673 2964 1727 τελευτάτω.
3011 1673 3099 1724 Ἐν
3129 1672 3195 1741 τῇ
3231 1669 3400 1739 βίϐλῳ
3453 1667 3554 1735 τῆς
3602 1665 3762 1719 Γενέ-

2173 1782 2310 1826 σεως
2341 1764 2451 1834 (76)
2481 1764 2576 1818 καὶ
2605 1765 2774 1833 ἀμφω
2807 1760 2968 1817 αὗται
3005 1763 3062 1814 αῑ
3098 1761 3310 1815 ἐντολαὶ
3347 1760 3578 1812 κεῖνται.

2249 1854 2450 1924 ’Υμεῖς
2476 1884 2547 1895 -
2571 1852 2899 1922 ὠφεληθῇς.
2931 1850 3210 1920 Δυσχερὴς
3235 1850 3348 1918 (77)
3385 1850 3417 1917 ἠ
3443 1846 3551 1899 τῶν
3577 1843 3767 1915 ῥητῶν

476 1955 593 2006 cilis
624 1965 707 2008 est
748 1963 939 2008 norum
990 1957 1127 2010 ordo
1167 1957 1480 2018 verborum,
1535 1953 1641 2008 nisi
1676 1955 1913 2024 primum
1949 1968 2064 2007 rem

2190 1945 2374 1998 τούτων
2409 1946 2560 1998 ἔσται
2597 1944 2884 2007 σύνταξις,
2921 1944 2969 1994 εί
3008 1942 3081 2010 μὴ
3135 1934 3621 2009 προδιηγησάμεθα
3657 1931 3765 2001 τὴν

478 2061 820 2100 enarreinus.
857 2045 1114 2101 Seniores
1141 2047 1452 2102 Iudaeorum
1483 2054 1788 2101 docuerant
1811 2047 2065 2117 juvenes,

2190 2036 2460 2090 indecent.
2479 2038 2549 2094 ,Οί
2577 2034 2943 2106 πρεσϐύτεροι
2972 2032 3078 2085 τῶν
3124 2029 3396 2083 Ἰουδαίων
3424 2025 3766 2117 ἐπαίδευσαν

484 2144 542 2186 ut
577 2146 838 2202 praetextu
893 2138 1062 2192 divini
1121 2138 1301 2190 Cultus
1331 2145 1586 2205 parentes
1627 2146 2065 2193 contemnerent.

2190 2130 2294 2189 ῖοὶος
2324 2129 2495 2190 νέους,
2523 2129 2579 2179 ὲν
2611 2127 2883 2197 προφάσει
2908 2121 3214 2185 εὐσεϐείας,
3243 2117 3616 2187 καταφρονεῖν
3647 2112 3768 2164 τῶν

483 2224 538 2278 Si
575 2227 700 2293 quis
742 2228 896 2280 enim.
939 2238 1225 2292 parentum
1293 2203 1506 2296 peteret
1557 2243 1586 2280 a
1621 2225 1731 2280 ﬁlio
1774 2243 1932 2282 ovem
1975 2236 2071 2280 aut

2190 2217 2400 2284 γονέων.
2439 2216 2501 2267 ΕΙ
2534 2215 2643 2284 γάρ
2674 2231 2759 2276 τις
2791 2214 2900 2265 τῶν
2926 2215 3132 2280 γονέων
3159 2209 3397 2276 ἐζήτησε
3427 2206 3616 2272 λαϐεῖν
3648 2203 3769 2255 ἀπὸ

478 2316 735 2379 vi.ulunt,
781 2327 876 2369 aut
922 2317 1065 2370 aliud
1101 2319 1403 2387 quippiam.
1431 2320 1823 2388 praecipiebant
1853 2319 1980 2383 illis,
2012 2328 2068 2373 ut

2190 2311 2280 2364 τῶν
2302 2310 2414 2380 (78)
2432 2307 2526 2360 τοῦ
2549 2307 2667 2361 υίοῦ
2693 2307 2989 2378 πρόϐατον,
3006 2307 3039 2374 ἢ
3069 2305 3268 2372 μόσχον
3292 2302 3326 2371 ἢ
3346 2301 3531 2370 ἔτερόν
3547 2316 3622 2361 τι,
3642 2315 3752 2388 παο

479 2408 765 2460 dicerent:
796 2405 988 2460 Munus
1035 2418 1120 2462 est
1190 2410 1318 2471 Deo,
1376 2387 1742 2478 quodcunque
1793 2425 1857 2464 ex
1890 2425 1974 2463 me
2015 2410 2069 2463 in

2190 2402 2474 2472 >ήγγελλον
2494 2400 2675 2460 αὐτοῖς
2696 2399 2897 2464 λέγειν,
2916 2399 2996 2450 ὃτι
3018 2395 3203 2466 Δῶρον
3233 2397 3350 2446 ἐστι
3370 2392 3449 2461 τῷ
3477 2390 3617 2459 Θεῷ,
3637 2389 3666 2441 δ
3697 2387 3769 2440 ἂν

480 2508 630 2552 tuum
679 2502 906 2552 vertitur
952 2502 1320 2564 commodum.
1362 2503 1464 2556 hoc
1490 2513 1594 2564 est,
1642 2503 1750 2556 Deo
1781 2517 2072 2556 consecra-

481 2600 596 2643 tum
639 2602 723 2644 est
750 2592 1116 2659 quodcunque
1146 2607 1176 2646 a
1229 2609 1316 2646 me
1359 2593 1688 2648 lucrifacis:
1736 2602 1790 2647 et
1837 2592 1911 2646 ita
1971 2592 2071 2646 do-

481 2683 677 2736 cebant
705 2698 799 2737 eos
849 2683 1128 2752 despicere
1161 2695 1416 2754 parentes
1449 2702 1511 2739 ac
1541 2688 1711 2756 legem
1743 2687 2071 2760 transgredi,

489 2776 784 2843 Ignominia
865 2775 1131 2844 siquidem
1200 2787 1304 2841 est,
1363 2777 1604 2847 legisque
1689 2777 2070 2848 transgressio.

487 2865 624 2917 lilios
656 2868 910 2919 resistere
948 2867 1286 2932 parentibus.
1343 2868 1482 2920 Nam
1520 2877 1577 2922 et
1635 2869 1782 2937 ipsos
1817 2882 2075 2937 parentes

488 2957 579 3010 Dei
656 2968 918 3024 prietextu
969 2958 1293 3012 fraudabant
1336 2974 1392 3011 re
1449 2960 1655 3021 debita,
1697 2969 1752 3013 et.
1796 2974 1901 3012 nec
1962 2959 2072 3012 Deo

484 3051 626 3101 illam
663 3050 982 3104 olierebattt.
1025 3051 1147 3105 llaec
1186 3051 1371 3119 itaque
1404 3053 1481 3106 rei
1520 3053 1762 3105 narratio
1790 3051 2071 3106 cst.Nunc
2100 3087 2143 3144 ε

484 3156 614 3192 vero
644 3150 860 3204 oportet
919 3150 972 3193 et
1029 3142 1169 3195 dicta
1222 3143 1586 3211 interpretari.
1647 3143 1748 3196 Vos
1785 3153 1959 3196 autem
1993 3144 2073 3197 di-

482 3234 624 3293 citis,
666 3238 764 3283 hoc
822 3241 926 3293 est,
981 3249 1077 3285 vos
1146 3233 1610 3302 interpretatnini,
1684 3250 1780 3288 vos
1858 3235 2071 3289 docetis

487 3323 861 3390 deceptouem
885 3327 1029 3378 illam
1077 3330 1370 3379 humanam
1413 3345 1424 3379 :
1466 3326 1725 3393 Quisquis
1757 3327 1954 3380 dixerit
1984 3342 2074 3395 pa-

487 3418 550 3470 tri
587 3418 667 3470 vel
717 3421 896 3481 matri,
960 3419 1150 3471 Munus
1201 3432 1276 3471 est
1328 3417 1437 3470 Deo
1498 3428 1861 3470 consecratum
1914 3418 2072 3486 quid-

485 3509 610 3576 quid
646 3523 710 3561 ex
738 3523 817 3560 me.
848 3512 900 3560 in
934 3519 1081 3560 tuum
1121 3512 1342 3562 vertitur
1366 3509 1724 3573 commodum,
1752 3509 1868 3563 sive
1914 3509 2076 3574 quid-

487 3599 620 3666 quid
654 3616 717 3651 ex
756 3616 838 3653 nae
871 3601 1188 3654 lucrifacere
1214 3604 1388 3670 cupis.

559 3689 598 3758 -ι-
653 3691 885 3754 Quidam
946 3704 1126 3744 autem
1182 3708 1278 3760 per
1331 3692 1601 3747 defectum
1650 3694 2075 3762 interpretantur

491 3783 594 3835 hoc
634 3783 832 3835 dictum
864 3783 1115 3836 dicentes
1152 3801 1164 3834 :
1209 3785 1352 3838 Deus
1412 3786 1632 3854 quidem
1697 3785 1814 3839 haec
1869 3787 1951 3839 vel
1986 3787 2074 3840 illa

492 3875 745 3943 praecepit
779 3893 792 3937 ;
834 3892 930 3929 vos
962 3886 1143 3929 autem
1185 3877 1300 3929 haec
1340 3876 1656 3944 rejicientes
1681 3876 1881 3942 dicitis,
1914 3877 2076 3943 Quis-

486 3967 610 4032 quis
671 3964 873 4017 dixerit
911 3966 1046 4033 patri
1093 3964 1178 4018 vel
1229 3966 1412 4025 matri.
1465 3964 1672 4018 Corban
1723 3966 1837 4020 sive
1890 3983 2078 4022 munus

486 4066 572 4110 est
634 4057 743 4111 Deo
794 4061 1106 4125 quaesitum,
1156 4059 1523 4127 quodcunque
1579 4074 1644 4112 ex
1694 4073 1781 4113 me
1825 4060 1878 4113 in
1923 4071 2074 4115 tuum

493 4149 723 4200 vertitur
772 4150 1140 4209 conmodum,
1202 4151 1462 4203 liberatus
1497 4159 1598 4204 est.
1654 4149 1768 4204 Hoc
1814 4153 1963 4206 enim
1995 4153 2077 4206 di-

492 4251 621 4292 cunt
651 4239 904 4302 deiicere,
923 4249 1109 4310 utpote
1129 4241 1332 4296 Judaeis
1362 4254 1550 4296 notum
1568 4243 1633 4296 ad
1661 4259 1797 4313 quos
1812 4245 2081 4316 dirigebat

495 4345 829 4387 sermonem.

565 4422 719 4477 Vers.
760 4425 814 4479 5.
846 4424 914 4477 Et
947 4454 1020 4467 —
1045 4443 1216 4480 suam.
1257 4425 1324 4480 Et
1378 4428 1501 4484 talis
1549 4429 1715 4483 homo
1755 4430 1865 4500 jam
1897 4431 2079 4502 impu—
2111 4454 2152 4508 υ

2172 2495 2231 2559 ἐξ
2261 2493 2396 2563 ἐμοῦ
2429 2492 2740 2562 ὠφεληθῇς,
2769 2491 3072 2553 τουτέστιν,
3113 2487 3418 2556 ἀφιέρωται
3446 2483 3524 2553 τῷ
3557 2480 3704 2550 Θεῷ,
3737 2479 3770 2532 δ

2173 2585 2238 2638 ἂν
2269 2584 2326 2651 ἐξ
2361 2583 2497 2652 ἐμοῦ
2554 2583 2854 2652 κερδανεῖς.
2897 2581 3007 2634 Καὶ
3040 2580 3213 2641 οὕτως
3242 2577 3525 2630 ἐδίδασκον
3556 2573 3768 2634 αὐτοὺς

2176 2677 2468 2746 ἀτιμάζειν
2497 2678 2622 2739 τοὺς
2647 2678 2822 2744 γονεῖς
2845 2674 2939 2727 καὶ
2964 2674 3328 2743 παρανομεῖν.
3376 2667 3600 2736 Ἀτιμία
3628 2666 3766 2736 γάρ,

2173 2769 2232 2820 τὸ
2259 2769 2386 2830 τοὺς
2417 2766 2611 2829 παῖδας
2650 2766 2870 2834 ἀπατᾷν
2892 2764 3020 2826 τοὺς
3053 2764 3254 2830 γονεῖς,
3287 2760 3382 2812 καὶ
3419 2755 3766 2827 παρανομία.

2176 2861 2315 2922 Τούς
2345 2876 2400 2911 τε
2435 2859 2545 2927 γὰρ
2576 2859 2750 2925 γονεῖς
2783 2855 3126 2921 ἀπεστέρουν
3186 2849 3462 2920 προφάσει
3482 2845 3576 2898 τοῦ
3601 2843 3767 2910 Θεοῦ,

2175 2952 2270 3004 καὶ
2301 2948 2422 3002 οὐδὲ
2465 2947 2545 3016 τῷ
2577 2947 2696 3015 Θεῷ
2727 2946 3089 3017 προσέφερον.
3133 2944 3195 2995 Ἥ
3237 2942 3338 3012 μὲν
3380 2938 3473 2992 οῦν
3502 2937 3768 3007 διήγησις

2175 3047 2426 3117 τοιαύτη.
2467 3047 2589 3117 Χρὴ
2625 3047 2681 3098 δὲ
2717 3046 2904 3098 λοιπὸν
2949 3041 3295 3114 ἑρμηνεῦσαι
3340 3041 3436 3092 καὶ
3480 3037 3549 3089 τὰ
3597 3035 3768 3106 ῥητά.

2187 3140 2382 3207 ’Υμεῒς
2430 3137 2498 3191 δὲ
2539 3139 2772 3206 λέγετε,
2818 3137 2937 3188 ἀντί
2980 3133 3098 3196 τοῦ,
3162 3133 3351 3201 Ὑμεῖς
3405 3125 3768 3198 ἑρμηνεύετε,

2178 3234 2339 3302 ὑμεῖς
2378 3232 2660 3291 διδάσκετε
2691 3230 2792 3294 τὴν
2825 3229 3042 3297 ἀπάτην
3079 3227 3175 3289 τὸν,
3203 3223 3489 3294 ἄνθρωπον
3527 3220 3768 3281 ὲκείνονι

2176 3325 2234 3386 ὃς
2274 3324 2340 3376 ἂν
2367 3323 2500 3394 sint}
2529 3321 2606 3390 τῷ
2651 3321 2820 3390 πατρί
2877 3321 2908 3386 ἢ
2944 3322 3011 3388 τῇ
3047 3316 3236 3387 μητρὶ,
3285 3315 3367 3367 ὅτι
3404 3309 3600 3378 Δῶρόν
3629 3309 3772 3361 ἐστι

2176 3415 2257 3480 τῷ
2290 3413 2413 3480 Θεῷ
2451 3413 2483 3466 ὃ
2510 3412 2588 3466 ἂν
2617 3413 2728 3482 (79)
2762 3412 2831 3476 ἐξ
2857 3410 3003 3479 ἐμοῦ
3041 3406 3382 3478 ὠφεληθῇς,
3412 3404 3611 3466 εῐτουν,
3648 3401 3675 3452 ὃ
3700 3400 3772 3453 ἂν

2177 3508 2235 3575 ἐξ
2260 3506 2394 3576 ἐμοῦ
2427 3505 2685 3575 κερδᾶναι
2720 3503 2903 3574 θέλῃς.

2250 3599 2430 3674 [Τινὲς
2458 3598 2571 3668 (80)
2600 3597 2655 3648 δὲ
2683 3595 3040 3656 ὲλλειπτικῶς
3064 3593 3126 3647 τὸ
3148 3593 3311 3663 ῥητὸν
3337 3592 3772 3663 ἑρμηνεύοντες,

2179 3694 2365 3763 φασὶν,
2411 3693 2491 3746 ὅτι
2535 3694 2563 3744 ὀ
2611 3691 2709 3760 μὲν
2754 3689 2888 3750 Θεὸς
2929 3687 3238 3740 ἐνετείλατο
3279 3686 3406 3739 τάδε
3460 3687 3558 3736 καὶ
3613 3685 3772 3736 τάδε’

2181 3783 2339 3851 ὑμεῖς
2371 3781 2428 3835 δὲ
2450 3822 2465 3847 ,
2495 3778 2670 3832 ταῦτα
2705 3777 3049 3839 ἀθετοῦντες,
3083 3776 3294 3840 λέγετε,
3331 3776 3412 3827 ὅτι
3443 3774 3500 3836 δς
3531 3773 3594 3825 ἂν
3630 3775 3773 3842 εἴπῃ

2179 3873 2257 3942 τῷ
2287 3872 2509 3943 πατρὶῆ
2541 3876 2605 3940 τῇ
2633 3872 2801 3941 μητρὶ
2854 3869 3105 3936 Κορϐάν,
3132 3869 3272 3937 ἦτοι,
3304 3866 3498 3937 δῶρόν
3526 3868 3641 3918 ἐστι
3686 3865 3776 3934 τῷ

2181 3967 2302 4038 Θεῷ
2328 3967 2386 4018 τὸ
2415 3964 2771 4036 ζητούμενον,
2801 3962 3198 4033 ὴλευθέρωται.
3233 3960 3406 4014 Τοῦτο
3435 3961 3544 4028 γὰρ
3576 3959 3780 4025 λέγου-

2186 4079 2269 4113 σιν
2298 4059 2590 4122 ἐλλείπειν,
2620 4057 2695 4119 ὡς
2720 4059 2833 4120 τοῖς
2879 4055 3154 4118 Ἰουδαίοις
3180 4054 3481 4124 γνώριμον,
3512 4051 3647 4121 πρὸς
3672 4048 3778 4116 οὓς

2182 4155 2390 4225 είρηκε⁶
2407 4153 2499 4206 τὸν
2533 4149 2741 4222 λόγον.]

2268 4427 2374 4480 Kal
2441 4454 2513 4468 —-
2584 4424 2798 4480 αὐτοῦ.
2867 4425 2980 4478 Καὶ
3044 4423 3073 4475 ὀ
3138 4406 3383 4481 τοιοῦτος
3439 4418 3776 4488 ἄνθρωπος,

492 4515 628 4568 dens
670 4515 921 4580 eﬂ‘ectus,
968 4517 1230 4587 deinceps
1277 4534 1389 4573 non
1442 4521 1733 4577 honorabit
1817 4535 2077 4593 parentes

2190 4519 2543 4589 ἀναίσχυντος
2577 4518 2674 4571 τοῦ
2705 4515 2894 4570 λοιποῦ
2956 4516 3274 4586 γενόμενος,
3300 4515 3399 4568 οὐκ
3431 4511 3511 4565 ἔτι
3543 4513 3780 4581 τιμήσει

495 4625 646 4662 SUOS.

567 4703 726 4759 Vers.
767 4704 821 4758 6.
855 4704 1272 4760 Ει-υεειναηι,
1321 4705 1457 4760 Cum
1501 4707 1786 4762 manifeste
1835 4708 2069 4763 demon-

493 4797 746 4849 straverit
779 4796 895 4850 illos
935 4798 1233 4866 iniquitatis
1269 4809 1633 4868 praeceptores
1699 4815 1913 4863 esse,ex
1941 4816 2080 4856 con-

495 4884 746 4952 sequenti
781 4900 996 4954 quoque
1034 4887 1329 4957 discipulos
1360 4904 1489 4942 suos
1553 4891 1903 4944 accusatione
1937 4891 2069 4946 libe-

495 4980 636 5031 ravit
665 4979 808 5048 quod
842 4979 1053 5032 illorum
1106 4996 1216 5032 non
1245 4989 1525 5035 servarent
1566 4981 1934 5046 traditionem,
1985 4982 2080 5051 qui

497 5072 590 5126 Dci
623 5083 954 5143 praeceptum
979 5088 1087 5126 non
1121 5073 1437 5127 servabant.

570 5163 726 5219 γει-ε.
760 5167 811 5219 7.
861 5165 1162 5235 Hypocrita:
1203 5194 1275 5206 —-
1331 5162 1526 5219 Isaias.
1573 5164 1892 5234 Hypocritas
1947 5164 2076 5217 illos

497 5258 654 5321 dixit.
676 5258 803 5328 quia
831 5257 1006 5331 legem
1039 5273 1260 5314 servare
1290 5257 1634 5324 videbantur,
1673 5260 1844 5328 ipsam
1897 5265 2078 5313 tamen

2185 4613 2310 4675 τοὺς
2340 4614 2517 4681 γονεῖς
2550 4611 2740 4665 αὑτοῦ.

2256 4707 2366 4761 Kal
2391 4735 2458 4746 —
2483 4703 2673 4773 ἡμῶν.
2712 4702 3002 4772 Προδήλως
3035 4699 3325 4765 ἀποδείξας
3355 4697 3556 4758 αὐτοὺς
3587 4713 3780 4763 παρα-

2181 4798 2375 4868 νομίας
2413 4796 2804 4858 διδασκάλους,
2847 4793 3126 4864 ἀπήλλαξε
3159 4791 3418 4861 μέμψεως
3458 4787 3643 4841 λοιπὸν
3675 4788 3781 4841 καὶ

2181 4891 2308 4952 τοὺς
2358 4885 2605 4959 μαθητὰς
2639 4885 2802 4939 αὑτοῦ
2826 4925 2842 4949 ,
2880 4885 2953 4953 μὴ
2997 4882 3300 4954 τηροῦντας
3331 4880 3430 4948 τὴν
3463 4877 3778 4947 παράδοσιν

2181 4982 2290 5034 τῶν
2321 4979 2399 5050 μὴ
2417 4976 2730 5048 τηρούντων
2757 4976 2857 5046 τὴν
2888 4974 3112 5045 ἐντολὴν
3133 4973 3226 5025 τοῦ
3251 4970 3409 5026 Θεοῦ.

2268 5161 2599 5229 Ὑποκριται
2651 5189 2709 5199 -
2761 5157 3029 5221 Ἡσαΐας.
3081 5152 3414 5225 ’Υποκριτάς
3458 5152 3654 5214 αὐτοὺς
3697 5146 3779 5206 ετ-

2188 5273 2324 5321 πεν,
2359 5253 2433 5316 ὡς
2462 5251 2755 5312 δοκοῦντας
2795 5247 3214 5326 μὲνέγνόμους,
3246 5248 3406 5311 ὄντας
3441 5243 3495 5297 δὲ
3529 5243 3778 5314 παρανό-

1695 5421 1891 5490 varia
1920 5416 2228 5480 lectiones
2260 5423 2320 5476 et
2362 5430 2551 5478 notae.

584 5594 695 5665 (76)
727 5593 977 5665 Ιωο,τῆς
1007 5591 1477 5665 Ἐξόδῳῶςᾼίὶἱοθι
1509 5592 1682 5665 Exod.
1715 5607 1803 5659 xx,
1838 5593 1939 5660 ης
1970 5607 2084 5659 tm,

509 5662 602 5724 17.
639 5662 809 5734 Atque
842 5667 912 5718 ita
949 5663 1078 5733 legit
1103 5663 1266 5717 etiam
1299 5662 1624 5722 Hentenius.

583 5735 695 5805 (77)
726 5733 853 5790 Htec
902 5733 1153 5807 Huetius,
1185 5742 1438 5807 tanquam
1488 5749 1553 5807 ex
1590 5735 1837 5807 Origenis
1866 5742 2079 5797 catena,

512 5804 694 5862 laudat
727 5809 791 5862 ad
817 5808 959 5874 Orig.
992 5804 1078 5859 Ill.
1115 5821 1164 5874 p.
1191 5805 1315 5862 489.
1357 5815 1482 5860 nota
1513 5805 1540 5858 δ
1561 5844 1574 5859 .

2283 5588 2368 5642 78)
2395 5585 2516 5639 Τῶν
2547 5586 2697 5640 abest
2727 5585 2790 5637 A.

2283 5589 2345 5642 78
2395 5589 2516 5639 Τῶν
2547 5589 2665 5640 abes

2283 5589 2371 5728 79}
2412 5656 2570 5728 Ἐάν,
2599 5656 2665 5728 Α.

2263 5719 2374 5800 (80)
2409 5727 2614 5783 Inclusa
2643 5727 2697 5781 in
2725 5735 2965 5792 margine
2994 5719 3153 5774 habet
3176 5721 3244 5773 Α.
