  <div class='ocr_page' id='page_1' title='image "/cluster/home/n/w/nwhite01/storage/ocr_20150623/129/ien.35556001660034/230.png"; bbox 0 0 4020 6520; ppageno 0'>
   <div class='ocr_carea' id='block_1_1' title="bbox 207 320 301 383">
    <p class='ocr_par' dir='ltr' id='par_1_1' title="bbox 207 320 301 383">
     <span class='ocr_line' id='line_1_1' title="bbox 207 320 301 383; baseline 0.032 -4"><span class='ocrx_word' id='word_1_1' title='bbox 207 320 301 383; x_wconf 72' lang='grc' dir='ltr'><strong>Η5</strong></span> 
     </span>
    </p>
   </div>
   <div class='ocr_carea' id='block_1_2' title="bbox 1089 319 2589 390">
    <p class='ocr_par' dir='ltr' id='par_1_2' title="bbox 1089 319 2589 390">
     <span class='ocr_line' id='line_1_2' title="bbox 1089 319 2589 390; baseline 0.005 -9"><span class='ocrx_word' id='word_1_2' title='bbox 1089 320 1487 382; x_wconf 76' lang='lat' dir='ltr'><strong>COMMENT.</strong></span> <span class='ocrx_word' id='word_1_3' title='bbox 1531 321 1613 382; x_wconf 80' lang='grc' dir='ltr'><strong>ΙΝ</strong></span> <span class='ocrx_word' id='word_1_4' title='bbox 1655 319 2139 384; x_wconf 70' lang='lat' dir='ltr'><strong>MATTILEUM.</strong></span> <span class='ocrx_word' id='word_1_5' title='bbox 2183 350 2244 363; x_wconf 88' lang='lat'><strong>-</strong></span> <span class='ocrx_word' id='word_1_6' title='bbox 2275 325 2434 388; x_wconf 83' lang='lat' dir='ltr'><strong>CAP.</strong></span> <span class='ocrx_word' id='word_1_7' title='bbox 2469 329 2589 390; x_wconf 81' lang='lat' dir='ltr'><strong>XV.</strong></span> 
     </span>
    </p>
   </div>
   <div class='ocr_carea' id='block_1_3' title="bbox 3390 337 3498 400">
    <p class='ocr_par' dir='ltr' id='par_1_3' title="bbox 3390 337 3498 400">
     <span class='ocr_line' id='line_1_3' title="bbox 3390 337 3498 400; baseline 0.037 -5"><span class='ocrx_word' id='word_1_8' title='bbox 3390 337 3498 400; x_wconf 69' lang='grc'><strong>446</strong></span> 
     </span>
    </p>
   </div>
   <div class='ocr_carea' id='block_1_4' title="bbox 209 433 1788 514">
    <p class='ocr_par' dir='ltr' id='par_1_4' title="bbox 209 433 1788 509">
     <span class='ocr_line' id='line_1_4' title="bbox 209 433 1788 509; baseline 0.004 -25"><span class='ocrx_word' id='word_1_9' title='bbox 209 449 355 503; x_wconf 76' lang='grc' dir='ltr'>μους.</span> <span class='ocrx_word' id='word_1_10' title='bbox 398 433 556 502; x_wconf 76' lang='grc' dir='ltr'>’Ᾱγει</span> <span class='ocrx_word' id='word_1_11' title='bbox 587 433 645 487; x_wconf 76' lang='grc' dir='ltr'>δὲ</span> <span class='ocrx_word' id='word_1_12' title='bbox 680 435 773 488; x_wconf 76' lang='grc' dir='ltr'>τὸν</span> <span class='ocrx_word' id='word_1_13' title='bbox 793 435 1084 507; x_wconf 78' lang='grc' dir='ltr'><strong>προφήτην</strong></span> <span class='ocrx_word' id='word_1_14' title='bbox 1118 437 1201 501; x_wconf 78' lang='grc' dir='ltr'><strong>εις</strong></span> <span class='ocrx_word' id='word_1_15' title='bbox 1236 438 1426 509; x_wconf 80' lang='grc' dir='ltr'><strong>μέσον,</strong></span> <span class='ocrx_word' id='word_1_16' title='bbox 1461 437 1631 492; x_wconf 77' lang='grc' dir='ltr'>πάλαι</span> <span class='ocrx_word' id='word_1_17' title='bbox 1667 453 1788 490; x_wconf 79' lang='grc' dir='ltr'>κατ-</span> 
     </span>
    </p>
   </div>
   <div class='ocr_carea' id='block_1_5' title="bbox 1909 433 3496 514">
    <p class='ocr_par' dir='ltr' id='par_1_5' title="bbox 1909 441 3496 514">
     <span class='ocr_line' id='line_1_5' title="bbox 1909 441 3496 514; baseline 0.009 -22"><span class='ocrx_word' id='word_1_18' title='bbox 1909 441 2477 511; x_wconf 70' lang='lat' dir='ltr'><strong>trausgrediebautur.</strong></span> <span class='ocrx_word' id='word_1_19' title='bbox 2536 443 2866 514; x_wconf 82' lang='lat' dir='ltr'><strong>Prophetam</strong></span> <span class='ocrx_word' id='word_1_20' title='bbox 2920 456 3102 503; x_wconf 81' lang='lat' dir='ltr'><strong>autem</strong></span> <span class='ocrx_word' id='word_1_21' title='bbox 3153 449 3210 504; x_wconf 85' lang='lat' dir='ltr'><strong>in</strong></span> <span class='ocrx_word' id='word_1_22' title='bbox 3253 451 3496 507; x_wconf 81' lang='lat' dir='ltr'><strong>medium</strong></span> 
     </span>
    </p>
   </div>
   <div class='ocr_carea' id='block_1_6' title="bbox 205 522 1791 602">
    <p class='ocr_par' dir='ltr' id='par_1_6' title="bbox 205 522 1791 602">
     <span class='ocr_line' id='line_1_6' title="bbox 205 522 1791 602; baseline 0.001 -21"><span class='ocrx_word' id='word_1_23' title='bbox 205 526 503 599; x_wconf 78' lang='grc' dir='ltr'>ηγοροῦντα</span> <span class='ocrx_word' id='word_1_24' title='bbox 549 527 764 595; x_wconf 78' lang='grc' dir='ltr'>αὐτῶν,</span> <span class='ocrx_word' id='word_1_25' title='bbox 817 527 854 580; x_wconf 78' lang='grc' dir='ltr'>ἃ</span> <span class='ocrx_word' id='word_1_26' title='bbox 891 531 988 582; x_wconf 76' lang='grc' dir='ltr'><strong>νῦν</strong></span> <span class='ocrx_word' id='word_1_27' title='bbox 1037 522 1196 593; x_wconf 78' lang='grc' dir='ltr'>οὗτος</span> <span class='ocrx_word' id='word_1_28' title='bbox 1250 530 1643 602; x_wconf 84' lang='grc' dir='ltr'>κατηγόρησε.</span> <span class='ocrx_word' id='word_1_29' title='bbox 1696 529 1791 582; x_wconf 67' lang='grc' dir='ltr'>καὶ</span> 
     </span>
    </p>
   </div>
   <div class='ocr_carea' id='block_1_7' title="bbox 205 620 1790 686">
    <p class='ocr_par' dir='ltr' id='par_1_7' title="bbox 205 620 1790 686">
     <span class='ocr_line' id='line_1_7' title="bbox 205 620 1790 686; baseline 0.001 -12"><span class='ocrx_word' id='word_1_30' title='bbox 205 620 491 682; x_wconf 79' lang='grc' dir='ltr'>δείκνυσιν,</span> <span class='ocrx_word' id='word_1_31' title='bbox 550 621 636 673; x_wconf 82' lang='grc' dir='ltr'><strong>δτι</strong></span> <span class='ocrx_word' id='word_1_32' title='bbox 691 620 856 686; x_wconf 83' lang='grc' dir='ltr'>αὑτός</span> <span class='ocrx_word' id='word_1_33' title='bbox 910 622 1060 676; x_wconf 85' lang='grc' dir='ltr'>ἐστιν</span> <span class='ocrx_word' id='word_1_34' title='bbox 1102 622 1131 674; x_wconf 78' lang='grc' dir='ltr'><strong>ὁ</strong></span> <span class='ocrx_word' id='word_1_35' title='bbox 1185 624 1418 676; x_wconf 78' lang='grc' dir='ltr'>κάκεῖνα</span> <span class='ocrx_word' id='word_1_36' title='bbox 1459 621 1527 675; x_wconf 86' lang='grc' dir='ltr'><strong>δι’</strong></span> <span class='ocrx_word' id='word_1_37' title='bbox 1577 620 1790 675; x_wconf 68' lang='grc' dir='ltr'>ἐκείνου</span> 
     </span>
    </p>
   </div>
   <div class='ocr_carea' id='block_1_8' title="bbox 207 711 598 780">
    <p class='ocr_par' dir='ltr' id='par_1_8' title="bbox 207 711 598 780">
     <span class='ocr_line' id='line_1_8' title="bbox 207 711 598 780; baseline 0.003 -17"><span class='ocrx_word' id='word_1_38' title='bbox 207 711 598 780; x_wconf 77' lang='grc' dir='ltr'>φθεγξάμενος.</span> 
     </span>
    </p>
   </div>
   <div class='ocr_carea' id='block_1_9' title="bbox 264 891 1790 968">
    <p class='ocr_par' dir='ltr' id='par_1_9' title="bbox 264 891 1790 968">
     <span class='ocr_line' id='line_1_9' title="bbox 264 891 1790 968; baseline 0.004 -21"><span class='ocrx_word' id='word_1_39' title='bbox 264 891 476 963; x_wconf 72' lang='grc' dir='ltr'>Λέγων</span> <span class='ocrx_word' id='word_1_40' title='bbox 493 924 558 935; x_wconf 91' lang='grc'><strong><em>-</em></strong></span> <span class='ocrx_word' id='word_1_41' title='bbox 576 895 925 964; x_wconf 79' lang='grc' dir='ltr'>ἀνθρώπων.</span> <span class='ocrx_word' id='word_1_42' title='bbox 964 895 1173 965; x_wconf 67' lang='grc' dir='ltr'>Εἰπὼν,</span> <span class='ocrx_word' id='word_1_43' title='bbox 1197 898 1280 952; x_wconf 80' lang='grc' dir='ltr'>ὅτι</span> <span class='ocrx_word' id='word_1_44' title='bbox 1319 897 1564 968; x_wconf 61' lang='grc' dir='ltr'>ἐνγιζει</span> <span class='ocrx_word' id='word_1_45' title='bbox 1584 897 1790 968; x_wconf 83' lang='grc' dir='ltr'>μοιτῷ</span> 
     </span>
    </p>
   </div>
   <div class='ocr_carea' id='block_1_10' title="bbox 200 988 1790 1063">
    <p class='ocr_par' dir='ltr' id='par_1_10' title="bbox 200 988 1790 1063">
     <span class='ocr_line' id='line_1_10' title="bbox 200 988 1790 1063; baseline 0.001 -24"><span class='ocrx_word' id='word_1_46' title='bbox 200 988 473 1055; x_wconf 82' lang='grc' dir='ltr'>στόματι,</span> <span class='ocrx_word' id='word_1_47' title='bbox 500 989 887 1060; x_wconf 78' lang='grc' dir='ltr'>ἐφηρμήνευσε</span> <span class='ocrx_word' id='word_1_48' title='bbox 911 989 1093 1055; x_wconf 83' lang='grc' dir='ltr'>τοῦτο,</span> <span class='ocrx_word' id='word_1_49' title='bbox 1125 992 1403 1063; x_wconf 74' lang='grc' dir='ltr'>προσθεὶς,</span> <span class='ocrx_word' id='word_1_50' title='bbox 1425 992 1504 1044; x_wconf 86' lang='grc' dir='ltr'>ὅτι</span> <span class='ocrx_word' id='word_1_51' title='bbox 1533 992 1639 1045; x_wconf 79' lang='lat' dir='ltr'><strong>Kal</strong></span> <span class='ocrx_word' id='word_1_52' title='bbox 1665 991 1790 1057; x_wconf 80' lang='grc' dir='ltr'>τοῖς</span> 
     </span>
    </p>
   </div>
   <div class='ocr_carea' id='block_1_11' title="bbox 201 1080 1789 1154">
    <p class='ocr_par' dir='ltr' id='par_1_11' title="bbox 201 1080 1789 1154">
     <span class='ocr_line' id='line_1_11' title="bbox 201 1080 1789 1154; baseline -0.001 -19"><span class='ocrx_word' id='word_1_53' title='bbox 201 1080 438 1147; x_wconf 73' lang='grc' dir='ltr'>χείλεσι</span> <span class='ocrx_word' id='word_1_54' title='bbox 469 1099 548 1150; x_wconf 78' lang='grc' dir='ltr'><strong>με</strong></span> <span class='ocrx_word' id='word_1_55' title='bbox 589 1081 759 1151; x_wconf 82' lang='grc' dir='ltr'>τιμᾶ⁶</span> <span class='ocrx_word' id='word_1_56' title='bbox 797 1082 930 1136; x_wconf 80' lang='grc' dir='ltr'>Θεὸν</span> <span class='ocrx_word' id='word_1_57' title='bbox 961 1083 1245 1152; x_wconf 82' lang='grc' dir='ltr'>ὁμολογῶν</span> <span class='ocrx_word' id='word_1_58' title='bbox 1281 1101 1348 1154; x_wconf 89' lang='grc' dir='ltr'><strong>με</strong></span> <span class='ocrx_word' id='word_1_59' title='bbox 1385 1084 1478 1137; x_wconf 70' lang='grc' dir='ltr'>καὶ</span> <span class='ocrx_word' id='word_1_60' title='bbox 1515 1083 1748 1154; x_wconf 76' lang='grc' dir='ltr'>ποιητὴν</span> <span class='ocrx_word' id='word_1_61' title='bbox 1774 1120 1789 1149; x_wconf 93' lang='grc'><strong>,</strong></span> 
     </span>
    </p>
   </div>
   <div class='ocr_carea' id='block_1_12' title="bbox 199 1171 1791 1249">
    <p class='ocr_par' dir='ltr' id='par_1_12' title="bbox 199 1171 1791 1249">
     <span class='ocr_line' id='line_1_12' title="bbox 199 1171 1791 1249; baseline 0.003 -25"><span class='ocrx_word' id='word_1_62' title='bbox 199 1172 289 1224; x_wconf 70' lang='grc' dir='ltr'>καὶ</span> <span class='ocrx_word' id='word_1_63' title='bbox 325 1171 536 1244; x_wconf 80' lang='grc' dir='ltr'>Κύριον</span> <span class='ocrx_word' id='word_1_64' title='bbox 583 1173 679 1227; x_wconf 84' lang='grc' dir='ltr'><strong>τοῦ</strong></span> <span class='ocrx_word' id='word_1_65' title='bbox 717 1176 954 1237; x_wconf 84' lang='grc' dir='ltr'>παντός’</span> <span class='ocrx_word' id='word_1_66' title='bbox 987 1177 1022 1248; x_wconf 75' lang='grc' dir='ltr'>ἡ</span> <span class='ocrx_word' id='word_1_67' title='bbox 1050 1176 1107 1230; x_wconf 83' lang='grc' dir='ltr'><strong>δέ</strong></span> <span class='ocrx_word' id='word_1_68' title='bbox 1137 1177 1335 1249; x_wconf 77' lang='grc' dir='ltr'>καρδία</span> <span class='ocrx_word' id='word_1_69' title='bbox 1369 1175 1552 1229; x_wconf 79' lang='grc' dir='ltr'>αὐτῶν</span> <span class='ocrx_word' id='word_1_70' title='bbox 1602 1177 1791 1247; x_wconf 75' lang='grc' dir='ltr'>πόῤῥω</span> 
     </span>
    </p>
   </div>
   <div class='ocr_carea' id='block_1_13' title="bbox 200 1263 1790 1339">
    <p class='ocr_par' dir='ltr' id='par_1_13' title="bbox 200 1263 1790 1339">
     <span class='ocr_line' id='line_1_13' title="bbox 200 1263 1790 1339; baseline 0.005 -26"><span class='ocrx_word' id='word_1_71' title='bbox 200 1263 478 1318; x_wconf 77' lang='grc' dir='ltr'><strong>διίσταται</strong></span> <span class='ocrx_word' id='word_1_72' title='bbox 537 1264 635 1319; x_wconf 79' lang='grc' dir='ltr'><strong>ἀπ’</strong></span> <span class='ocrx_word' id='word_1_73' title='bbox 667 1266 825 1337; x_wconf 90' lang='grc' dir='ltr'>ἐμοῦ,</span> <span class='ocrx_word' id='word_1_74' title='bbox 856 1268 930 1338; x_wconf 82' lang='grc' dir='ltr'>μὴ</span> <span class='ocrx_word' id='word_1_75' title='bbox 962 1266 1350 1336; x_wconf 73' lang='grc' dir='ltr'><strong>πλησιάζουσα</strong></span> <span class='ocrx_word' id='word_1_76' title='bbox 1373 1270 1485 1332; x_wconf 83' lang='grc' dir='ltr'>τοῖς</span> <span class='ocrx_word' id='word_1_77' title='bbox 1517 1271 1672 1339; x_wconf 86' lang='grc' dir='ltr'>ἐμοῖς</span> <span class='ocrx_word' id='word_1_78' title='bbox 1699 1269 1790 1321; x_wconf 87' lang='grc' dir='ltr'>Οε-</span> 
     </span>
    </p>
   </div>
   <div class='ocr_carea' id='block_1_14' title="bbox 195 1355 1792 1430">
    <p class='ocr_par' dir='ltr' id='par_1_14' title="bbox 195 1355 1792 1430">
     <span class='ocr_line' id='line_1_14' title="bbox 195 1355 1792 1430; baseline 0.003 -24"><span class='ocrx_word' id='word_1_79' title='bbox 195 1355 435 1424; x_wconf 82' lang='grc' dir='ltr'>λήμασι·</span> <span class='ocrx_word' id='word_1_80' title='bbox 471 1356 652 1427; x_wconf 81' lang='grc' dir='ltr'><strong>μάτην</strong></span> <span class='ocrx_word' id='word_1_81' title='bbox 681 1357 737 1410; x_wconf 90' lang='grc' dir='ltr'>δὲ</span> <span class='ocrx_word' id='word_1_82' title='bbox 768 1359 1020 1412; x_wconf 75' lang='grc' dir='ltr'>σέϐονταί</span> <span class='ocrx_word' id='word_1_83' title='bbox 1052 1377 1144 1430; x_wconf 84' lang='grc' dir='ltr'><strong>με,</strong></span> <span class='ocrx_word' id='word_1_84' title='bbox 1177 1359 1252 1429; x_wconf 82' lang='grc' dir='ltr'>μὴ</span> <span class='ocrx_word' id='word_1_85' title='bbox 1283 1360 1381 1423; x_wconf 74' lang='grc' dir='ltr'><strong>τὰς</strong></span> <span class='ocrx_word' id='word_1_86' title='bbox 1415 1361 1554 1429; x_wconf 77' lang='grc' dir='ltr'>ἐμὰς</span> <span class='ocrx_word' id='word_1_87' title='bbox 1585 1357 1792 1427; x_wconf 68' lang='grc' dir='ltr'>φυλάσ-</span> 
     </span>
    </p>
   </div>
   <div class='ocr_carea' id='block_1_15' title="bbox 199 1450 1786 1518">
    <p class='ocr_par' dir='ltr' id='par_1_15' title="bbox 199 1450 1786 1518">
     <span class='ocr_line' id='line_1_15' title="bbox 199 1450 1786 1518; baseline 0.003 -16"><span class='ocrx_word' id='word_1_88' title='bbox 199 1466 379 1513; x_wconf 86' lang='grc' dir='ltr'>σοντες</span> <span class='ocrx_word' id='word_1_89' title='bbox 407 1450 654 1518; x_wconf 83' lang='grc' dir='ltr'>ἐντολὰς,</span> <span class='ocrx_word' id='word_1_90' title='bbox 683 1450 820 1506; x_wconf 76' lang='grc' dir='ltr'>ἀλλὰ</span> <span class='ocrx_word' id='word_1_91' title='bbox 842 1455 1187 1517; x_wconf 67' lang='grc' dir='ltr'>διδάσκοντες</span> <span class='ocrx_word' id='word_1_92' title='bbox 1215 1453 1595 1517; x_wconf 81' lang='grc' dir='ltr'>διδασκαλίας,</span> <span class='ocrx_word' id='word_1_93' title='bbox 1619 1452 1786 1516; x_wconf 73' lang='grc' dir='ltr'>οὔσας</span> 
     </span>
    </p>
   </div>
   <div class='ocr_carea' id='block_1_16' title="bbox 193 1542 1792 1616">
    <p class='ocr_par' dir='ltr' id='par_1_16' title="bbox 193 1542 1792 1616">
     <span class='ocr_line' id='line_1_16' title="bbox 193 1542 1792 1616; baseline 0.003 -23"><span class='ocrx_word' id='word_1_94' title='bbox 193 1542 510 1613; x_wconf 77' lang='grc' dir='ltr'>ἐντάλματα</span> <span class='ocrx_word' id='word_1_95' title='bbox 549 1543 874 1616; x_wconf 81' lang='grc' dir='ltr'>ἀνθρώπων,</span> <span class='ocrx_word' id='word_1_96' title='bbox 913 1547 1008 1599; x_wconf 75' lang='grc' dir='ltr'><strong>καὶ</strong></span> <span class='ocrx_word' id='word_1_97' title='bbox 1037 1546 1100 1600; x_wconf 78' lang='grc' dir='ltr'>οὐ</span> <span class='ocrx_word' id='word_1_98' title='bbox 1133 1546 1228 1599; x_wconf 86' lang='grc' dir='ltr'><strong>τοῦ</strong></span> <span class='ocrx_word' id='word_1_99' title='bbox 1260 1546 1419 1602; x_wconf 87' lang='grc' dir='ltr'>Θεοῦ.</span> <span class='ocrx_word' id='word_1_100' title='bbox 1452 1546 1792 1615; x_wconf 79' lang='grc' dir='ltr'>Φοδηθῶμεν</span> 
     </span>
    </p>
   </div>
   <div class='ocr_carea' id='block_1_17' title="bbox 191 1633 1788 1709">
    <p class='ocr_par' dir='ltr' id='par_1_17' title="bbox 191 1633 1788 1709">
     <span class='ocr_line' id='line_1_17' title="bbox 191 1633 1788 1709; baseline 0.002 -21"><span class='ocrx_word' id='word_1_101' title='bbox 191 1633 284 1688; x_wconf 85' lang='grc' dir='ltr'><strong>οῦν</strong></span> <span class='ocrx_word' id='word_1_102' title='bbox 329 1637 424 1689; x_wconf 81' lang='grc' dir='ltr'>καὶ</span> <span class='ocrx_word' id='word_1_103' title='bbox 456 1634 640 1706; x_wconf 77' lang='grc' dir='ltr'>ἡμεῖς,</span> <span class='ocrx_word' id='word_1_104' title='bbox 671 1639 700 1690; x_wconf 84' lang='grc' dir='ltr'>ὁ</span> <span class='ocrx_word' id='word_1_105' title='bbox 745 1637 840 1691; x_wconf 86' lang='grc' dir='ltr'><strong>τοῦ</strong></span> <span class='ocrx_word' id='word_1_106' title='bbox 893 1637 1132 1709; x_wconf 80' lang='grc' dir='ltr'>Χριστοῦ</span> <span class='ocrx_word' id='word_1_107' title='bbox 1182 1637 1332 1702; x_wconf 63' lang='grc' dir='ltr'>λαὶις,</span> <span class='ocrx_word' id='word_1_108' title='bbox 1385 1638 1461 1709; x_wconf 80' lang='grc' dir='ltr'><strong>μὴ</strong></span> <span class='ocrx_word' id='word_1_109' title='bbox 1515 1639 1612 1692; x_wconf 75' lang='grc' dir='ltr'>καὶ</span> <span class='ocrx_word' id='word_1_110' title='bbox 1665 1636 1788 1692; x_wconf 86' lang='grc' dir='ltr'>καθ’</span> 
     </span>
    </p>
   </div>
   <div class='ocr_carea' id='block_1_18' title="bbox 192 1729 805 1804">
    <p class='ocr_par' dir='ltr' id='par_1_18' title="bbox 192 1729 805 1804">
     <span class='ocr_line' id='line_1_18' title="bbox 192 1729 805 1804; baseline 0.007 -24"><span class='ocrx_word' id='word_1_111' title='bbox 192 1730 224 1797; x_wconf 74' lang='grc' dir='ltr'><strong>ἡ</strong></span> <span class='ocrx_word' id='word_1_112' title='bbox 231 1729 352 1797; x_wconf 83' lang='grc' dir='ltr'>μῶν</span> <span class='ocrx_word' id='word_1_113' title='bbox 389 1729 564 1785; x_wconf 79' lang='grc' dir='ltr'>ταῦτα</span> <span class='ocrx_word' id='word_1_114' title='bbox 590 1731 805 1804; x_wconf 76' lang='grc' dir='ltr'>ῥηθείη.</span> 
     </span>
    </p>
   </div>
   <div class='ocr_carea' id='block_1_19' title="bbox 264 1823 1787 1897">
    <p class='ocr_par' dir='ltr' id='par_1_19' title="bbox 264 1823 1787 1897">
     <span class='ocr_line' id='line_1_19' title="bbox 264 1823 1787 1897; baseline 0 -21"><span class='ocrx_word' id='word_1_115' title='bbox 264 1823 378 1877; x_wconf 78' lang='grc' dir='ltr'><strong>Καὶ</strong></span> <span class='ocrx_word' id='word_1_116' title='bbox 416 1854 487 1863; x_wconf 90' lang='grc'><strong><em>-</em></strong></span> <span class='ocrx_word' id='word_1_117' title='bbox 529 1824 759 1890; x_wconf 81' lang='grc' dir='ltr'>αὐτοῖς.</span> <span class='ocrx_word' id='word_1_118' title='bbox 821 1823 1098 1889; x_wconf 84' lang='grc' dir='ltr'>Ἑκείνους</span> <span class='ocrx_word' id='word_1_119' title='bbox 1139 1825 1241 1896; x_wconf 85' lang='grc' dir='ltr'><strong>μέν</strong></span> <span class='ocrx_word' id='word_1_120' title='bbox 1281 1824 1646 1897; x_wconf 68' lang='grc' dir='ltr'>ἐπιστομίσας</span> <span class='ocrx_word' id='word_1_121' title='bbox 1691 1823 1787 1878; x_wconf 77' lang='grc' dir='ltr'>καὶ</span> 
     </span>
    </p>
   </div>
   <div class='ocr_carea' id='block_1_20' title="bbox 191 1917 1787 1990">
    <p class='ocr_par' dir='ltr' id='par_1_20' title="bbox 191 1917 1787 1990">
     <span class='ocr_line' id='line_1_20' title="bbox 191 1917 1787 1990; baseline 0.001 -22"><span class='ocrx_word' id='word_1_122' title='bbox 191 1917 568 1988; x_wconf 78' lang='grc' dir='ltr'>καταισχύνας</span> <span class='ocrx_word' id='word_1_123' title='bbox 617 1919 854 1988; x_wconf 76' lang='grc' dir='ltr'>ἀφῆκεν,</span> <span class='ocrx_word' id='word_1_124' title='bbox 905 1919 981 1983; x_wconf 86' lang='grc' dir='ltr'>ὡς</span> <span class='ocrx_word' id='word_1_125' title='bbox 1023 1921 1298 1983; x_wconf 67' lang='grc' dir='ltr'>ἀνιάτουςθ</span> <span class='ocrx_word' id='word_1_126' title='bbox 1346 1921 1540 1990; x_wconf 79' lang='grc' dir='ltr'>τρέπει</span> <span class='ocrx_word' id='word_1_127' title='bbox 1588 1919 1647 1973; x_wconf 74' lang='grc' dir='ltr'><strong>δέ</strong></span> <span class='ocrx_word' id='word_1_128' title='bbox 1693 1919 1787 1972; x_wconf 74' lang='grc' dir='ltr'>τὸν</span> 
     </span>
    </p>
   </div>
   <div class='ocr_carea' id='block_1_21' title="bbox 188 2009 1459 2084">
    <p class='ocr_par' dir='ltr' id='par_1_21' title="bbox 188 2009 1459 2084">
     <span class='ocr_line' id='line_1_21' title="bbox 188 2009 1459 2084; baseline 0.004 -23"><span class='ocrx_word' id='word_1_129' title='bbox 188 2009 353 2078; x_wconf 86' lang='grc' dir='ltr'>λόγον</span> <span class='ocrx_word' id='word_1_130' title='bbox 385 2011 526 2081; x_wconf 75' lang='grc' dir='ltr'>πρὸς</span> <span class='ocrx_word' id='word_1_131' title='bbox 556 2011 649 2064; x_wconf 81' lang='grc' dir='ltr'>τὸν</span> <span class='ocrx_word' id='word_1_132' title='bbox 680 2012 862 2084; x_wconf 73' lang='grc' dir='ltr'>ὄχλον,</span> <span class='ocrx_word' id='word_1_133' title='bbox 897 2013 974 2077; x_wconf 83' lang='grc' dir='ltr'>ὡς</span> <span class='ocrx_word' id='word_1_134' title='bbox 1004 2012 1459 2084; x_wconf 77' lang='grc' dir='ltr'>ἀξιολογώτερον.</span> 
     </span>
    </p>
   </div>
   <div class='ocr_carea' id='block_1_22' title="bbox 274 2193 1787 2266">
    <p class='ocr_par' dir='ltr' id='par_1_22' title="bbox 274 2193 1787 2266">
     <span class='ocr_line' id='line_1_22' title="bbox 274 2193 1787 2266; baseline -0.002 -15"><span class='ocrx_word' id='word_1_135' title='bbox 274 2196 558 2251; x_wconf 77' lang='grc' dir='ltr'><strong>Ἀκούετε</strong></span> <span class='ocrx_word' id='word_1_136' title='bbox 600 2222 670 2239; x_wconf 89' lang='lat'><strong>——</strong></span> <span class='ocrx_word' id='word_1_137' title='bbox 720 2194 988 2249; x_wconf 74' lang='grc' dir='ltr'>συνίετε.</span> <span class='ocrx_word' id='word_1_138' title='bbox 1059 2193 1338 2260; x_wconf 78' lang='grc' dir='ltr'>Ἀκούετε,</span> <span class='ocrx_word' id='word_1_139' title='bbox 1407 2195 1435 2248; x_wconf 85' lang='grc' dir='ltr'><strong>δ</strong></span> <span class='ocrx_word' id='word_1_140' title='bbox 1493 2195 1623 2266; x_wconf 86' lang='grc' dir='ltr'>ἐρῶ,</span> <span class='ocrx_word' id='word_1_141' title='bbox 1689 2195 1787 2250; x_wconf 83' lang='grc' dir='ltr'>καὶ</span> 
     </span>
    </p>
   </div>
   <div class='ocr_carea' id='block_1_23' title="bbox 189 2286 1786 2360">
    <p class='ocr_par' dir='ltr' id='par_1_23' title="bbox 189 2286 1786 2360">
     <span class='ocr_line' id='line_1_23' title="bbox 189 2286 1786 2360; baseline 0.001 -18"><span class='ocrx_word' id='word_1_142' title='bbox 189 2289 373 2359; x_wconf 79' lang='grc' dir='ltr'>γνῶτε</span> <span class='ocrx_word' id='word_1_143' title='bbox 411 2289 566 2343; x_wconf 75' lang='grc' dir='ltr'>αὐτό.</span> <span class='ocrx_word' id='word_1_144' title='bbox 603 2289 770 2356; x_wconf 76' lang='grc' dir='ltr'>Λέγει</span> <span class='ocrx_word' id='word_1_145' title='bbox 796 2289 852 2342; x_wconf 85' lang='grc' dir='ltr'><strong>δέ</strong></span> <span class='ocrx_word' id='word_1_146' title='bbox 882 2286 1062 2352; x_wconf 86' lang='grc' dir='ltr'>τοῦτο,</span> <span class='ocrx_word' id='word_1_147' title='bbox 1102 2289 1283 2360; x_wconf 82' lang='grc' dir='ltr'>τιμῶν</span> <span class='ocrx_word' id='word_1_148' title='bbox 1312 2290 1536 2354; x_wconf 81' lang='grc' dir='ltr'>αὐτοὺς,</span> <span class='ocrx_word' id='word_1_149' title='bbox 1570 2290 1659 2344; x_wconf 78' lang='grc' dir='ltr'>ἵνα</span> <span class='ocrx_word' id='word_1_150' title='bbox 1691 2290 1786 2343; x_wconf 82' lang='grc' dir='ltr'><strong>εὐ-</strong></span> 
     </span>
    </p>
   </div>
   <div class='ocr_carea' id='block_1_24' title="bbox 185 2383 1321 2455">
    <p class='ocr_par' dir='ltr' id='par_1_24' title="bbox 185 2383 1321 2455">
     <span class='ocr_line' id='line_1_24' title="bbox 185 2383 1321 2455; baseline 0.001 -18"><span class='ocrx_word' id='word_1_151' title='bbox 185 2383 536 2455; x_wconf 81' lang='grc' dir='ltr'>παράδεκτον</span> <span class='ocrx_word' id='word_1_152' title='bbox 562 2383 786 2454; x_wconf 80' lang='grc' dir='ltr'>γένηται</span> <span class='ocrx_word' id='word_1_153' title='bbox 824 2385 888 2436; x_wconf 70' lang='grc' dir='ltr'>τὸ</span> <span class='ocrx_word' id='word_1_154' title='bbox 923 2383 1321 2454; x_wconf 80' lang='grc' dir='ltr'>ῥηθησόμενον.</span> 
     </span>
    </p>
   </div>
   <div class='ocr_carea' id='block_1_25' title="bbox 262 2473 1787 2544">
    <p class='ocr_par' dir='ltr' id='par_1_25' title="bbox 262 2473 1787 2544">
     <span class='ocr_line' id='line_1_25' title="bbox 262 2473 1787 2544; baseline -0.001 -15"><span class='ocrx_word' id='word_1_155' title='bbox 262 2477 347 2530; x_wconf 80' lang='grc' dir='ltr'><strong>Οὐ</strong></span> <span class='ocrx_word' id='word_1_156' title='bbox 378 2505 450 2516; x_wconf 89' lang='grc'><strong><em>-</em></strong></span> <span class='ocrx_word' id='word_1_157' title='bbox 480 2474 821 2544; x_wconf 82' lang='grc' dir='ltr'>ἄνθρωπον.</span> <span class='ocrx_word' id='word_1_158' title='bbox 845 2477 1071 2539; x_wconf 72' lang='grc' dir='ltr'>Καινοῖ,</span> <span class='ocrx_word' id='word_1_159' title='bbox 1099 2475 1218 2528; x_wconf 76' lang='grc' dir='ltr'>ἀντὶ</span> <span class='ocrx_word' id='word_1_160' title='bbox 1245 2473 1362 2539; x_wconf 83' lang='grc' dir='ltr'>τοῦ,</span> <span class='ocrx_word' id='word_1_161' title='bbox 1406 2475 1633 2544; x_wconf 75' lang='grc' dir='ltr'>μιαίνει.</span> <span class='ocrx_word' id='word_1_162' title='bbox 1668 2475 1741 2528; x_wconf 81' lang='grc' dir='ltr'><strong>Λέ</strong></span> <span class='ocrx_word' id='word_1_163' title='bbox 1759 2505 1787 2515; x_wconf 93' lang='grc'><strong><em>-</em></strong></span> 
     </span>
    </p>
   </div>
   <div class='ocr_carea' id='block_1_26' title="bbox 186 2568 1782 2640">
    <p class='ocr_par' dir='ltr' id='par_1_26' title="bbox 186 2568 1782 2640">
     <span class='ocr_line' id='line_1_26' title="bbox 186 2568 1782 2640; baseline -0.002 -15"><span class='ocrx_word' id='word_1_164' title='bbox 186 2590 279 2639; x_wconf 83' lang='grc' dir='ltr'><strong>γει</strong></span> <span class='ocrx_word' id='word_1_165' title='bbox 306 2571 620 2636; x_wconf 78' lang='grc' dir='ltr'>τοίνυν,ὄτι</span> <span class='ocrx_word' id='word_1_166' title='bbox 645 2570 743 2640; x_wconf 79' lang='grc' dir='ltr'>οὐχ</span> <span class='ocrx_word' id='word_1_167' title='bbox 767 2570 795 2622; x_wconf 89' lang='grc' dir='ltr'>ὁ</span> <span class='ocrx_word' id='word_1_168' title='bbox 822 2570 932 2622; x_wconf 75' lang='grc' dir='ltr'><strong>ἀπὸ</strong></span> <span class='ocrx_word' id='word_1_169' title='bbox 961 2569 1072 2622; x_wconf 83' lang='grc' dir='ltr'><strong>τῶν</strong></span> <span class='ocrx_word' id='word_1_170' title='bbox 1098 2570 1343 2623; x_wconf 84' lang='grc' dir='ltr'>άνίπτων</span> <span class='ocrx_word' id='word_1_171' title='bbox 1363 2570 1564 2639; x_wconf 84' lang='grc' dir='ltr'>χειρῶν</span> <span class='ocrx_word' id='word_1_172' title='bbox 1589 2568 1782 2640; x_wconf 81' lang='grc' dir='ltr'>ῥύπος,</span> 
     </span>
    </p>
   </div>
   <div class='ocr_carea' id='block_1_27' title="bbox 189 2661 1783 2736">
    <p class='ocr_par' dir='ltr' id='par_1_27' title="bbox 189 2661 1783 2736">
     <span class='ocr_line' id='line_1_27' title="bbox 189 2661 1783 2736; baseline -0.004 -17"><span class='ocrx_word' id='word_1_173' title='bbox 189 2665 334 2736; x_wconf 75' lang='grc' dir='ltr'>μετὰ</span> <span class='ocrx_word' id='word_1_174' title='bbox 367 2665 479 2718; x_wconf 82' lang='grc' dir='ltr'>τῶν</span> <span class='ocrx_word' id='word_1_175' title='bbox 538 2663 848 2735; x_wconf 81' lang='grc' dir='ltr'>βρωμάτων</span> <span class='ocrx_word' id='word_1_176' title='bbox 903 2663 1290 2733; x_wconf 76' lang='grc' dir='ltr'>εἰσερχόμενος</span> <span class='ocrx_word' id='word_1_177' title='bbox 1352 2664 1434 2723; x_wconf 76' lang='grc' dir='ltr'>εἰς</span> <span class='ocrx_word' id='word_1_178' title='bbox 1478 2661 1539 2714; x_wconf 70' lang='grc' dir='ltr'><strong>τὸ</strong></span> <span class='ocrx_word' id='word_1_179' title='bbox 1583 2661 1783 2729; x_wconf 80' lang='grc' dir='ltr'>στόμα,</span> 
     </span>
    </p>
   </div>
   <div class='ocr_carea' id='block_1_28' title="bbox 187 2755 1784 2829">
    <p class='ocr_par' dir='ltr' id='par_1_28' title="bbox 187 2755 1784 2829">
     <span class='ocr_line' id='line_1_28' title="bbox 187 2755 1784 2829; baseline -0.003 -15"><span class='ocrx_word' id='word_1_180' title='bbox 187 2761 401 2829; x_wconf 83' lang='grc' dir='ltr'>μιαίνει</span> <span class='ocrx_word' id='word_1_181' title='bbox 423 2759 514 2814; x_wconf 76' lang='grc' dir='ltr'><strong>τὸν</strong></span> <span class='ocrx_word' id='word_1_182' title='bbox 532 2759 825 2828; x_wconf 78' lang='grc' dir='ltr'>ἄνθρωπον</span> <span class='ocrx_word' id='word_1_183' title='bbox 848 2775 861 2788; x_wconf 87' lang='grc'>·</span> <span class='ocrx_word' id='word_1_184' title='bbox 891 2759 1011 2811; x_wconf 72' lang='grc' dir='ltr'>οὐδὲ</span> <span class='ocrx_word' id='word_1_185' title='bbox 1041 2758 1153 2827; x_wconf 83' lang='grc' dir='ltr'><strong>γὰρ</strong></span> <span class='ocrx_word' id='word_1_186' title='bbox 1181 2757 1418 2811; x_wconf 83' lang='grc' dir='ltr'>ἆπτεται</span> <span class='ocrx_word' id='word_1_187' title='bbox 1442 2757 1540 2824; x_wconf 75' lang='grc' dir='ltr'><strong>τῆς</strong></span> <span class='ocrx_word' id='word_1_188' title='bbox 1565 2755 1746 2826; x_wconf 69' lang='grc' dir='ltr'>ψυχῆς</span> <span class='ocrx_word' id='word_1_189' title='bbox 1769 2769 1784 2785; x_wconf 82' lang='grc'><strong>⁸</strong></span> 
     </span>
    </p>
   </div>
   <div class='ocr_carea' id='block_1_29' title="bbox 189 2849 1787 2925">
    <p class='ocr_par' dir='ltr' id='par_1_29' title="bbox 189 2849 1787 2925">
     <span class='ocr_line' id='line_1_29' title="bbox 189 2849 1787 2925; baseline -0.002 -20"><span class='ocrx_word' id='word_1_190' title='bbox 189 2855 356 2925; x_wconf 86' lang='grc' dir='ltr'>μόνον</span> <span class='ocrx_word' id='word_1_191' title='bbox 409 2853 520 2923; x_wconf 80' lang='grc' dir='ltr'><strong>γάρ</strong></span> <span class='ocrx_word' id='word_1_192' title='bbox 576 2851 777 2923; x_wconf 81' lang='grc' dir='ltr'>μιαρὸν</span> <span class='ocrx_word' id='word_1_193' title='bbox 845 2853 877 2919; x_wconf 85' lang='grc' dir='ltr'>ὴ</span> <span class='ocrx_word' id='word_1_194' title='bbox 949 2851 1236 2920; x_wconf 78' lang='grc' dir='ltr'>ἁμαρτία,</span> <span class='ocrx_word' id='word_1_195' title='bbox 1316 2849 1634 2918; x_wconf 80' lang='grc' dir='ltr'>βλάπτουσα</span> <span class='ocrx_word' id='word_1_196' title='bbox 1685 2851 1787 2916; x_wconf 83' lang='grc' dir='ltr'>τὴν</span> 
     </span>
    </p>
   </div>
   <div class='ocr_carea' id='block_1_30' title="bbox 181 2940 1782 3018">
    <p class='ocr_par' dir='ltr' id='par_1_30' title="bbox 181 2940 1782 3018">
     <span class='ocr_line' id='line_1_30' title="bbox 181 2940 1782 3018; baseline -0.013 -8"><span class='ocrx_word' id='word_1_197' title='bbox 181 2947 389 3018; x_wconf 63' lang='grc' dir='ltr'>ψυχήν.</span> <span class='ocrx_word' id='word_1_198' title='bbox 434 2946 501 2999; x_wconf 88' lang='grc' dir='ltr'><strong>Ἦ</strong></span> <span class='ocrx_word' id='word_1_199' title='bbox 541 2945 641 3016; x_wconf 65' lang='grc' dir='ltr'>μὲν</span> <span class='ocrx_word' id='word_1_200' title='bbox 673 2940 767 2999; x_wconf 79' lang='grc' dir='ltr'>οὖν</span> <span class='ocrx_word' id='word_1_201' title='bbox 802 2944 1099 3014; x_wconf 79' lang='grc' dir='ltr'>πρόχειρος</span> <span class='ocrx_word' id='word_1_202' title='bbox 1166 2941 1438 3012; x_wconf 75' lang='grc' dir='ltr'>ἑρμηνεία</span> <span class='ocrx_word' id='word_1_203' title='bbox 1482 2941 1579 2994; x_wconf 85' lang='grc' dir='ltr'><strong>τοῦ</strong></span> <span class='ocrx_word' id='word_1_204' title='bbox 1614 2941 1782 3012; x_wconf 76' lang='grc' dir='ltr'>ῥητοῦ</span> 
     </span>
    </p>
   </div>
   <div class='ocr_carea' id='block_1_31' title="bbox 185 3055 442 3107">
    <p class='ocr_par' dir='ltr' id='par_1_31' title="bbox 185 3055 442 3107">
     <span class='ocr_line' id='line_1_31' title="bbox 185 3055 442 3107; baseline 0 -13"><span class='ocrx_word' id='word_1_205' title='bbox 185 3055 442 3107; x_wconf 85' lang='grc' dir='ltr'>τοιαυτη.</span> 
     </span>
    </p>
   </div>
   <div class='ocr_carea' id='block_1_32' title="bbox 1902 535 3498 609">
    <p class='ocr_par' dir='ltr' id='par_1_32' title="bbox 1902 535 3498 609">
     <span class='ocr_line' id='line_1_32' title="bbox 1902 535 3498 609; baseline 0.009 -23"><span class='ocrx_word' id='word_1_206' title='bbox 1902 535 2147 598; x_wconf 80' lang='lat' dir='ltr'><strong>adducit,</strong></span> <span class='ocrx_word' id='word_1_207' title='bbox 2180 535 2271 604; x_wconf 85' lang='lat' dir='ltr'><strong>qui</strong></span> <span class='ocrx_word' id='word_1_208' title='bbox 2312 537 2423 608; x_wconf 79' lang='lat' dir='ltr'><strong>jam</strong></span> <span class='ocrx_word' id='word_1_209' title='bbox 2457 537 2590 591; x_wconf 88' lang='lat' dir='ltr'><strong>olim</strong></span> <span class='ocrx_word' id='word_1_210' title='bbox 2645 538 2766 593; x_wconf 81' lang='lat' dir='ltr'><strong>illos</strong></span> <span class='ocrx_word' id='word_1_211' title='bbox 2798 543 3096 597; x_wconf 77' lang='lat' dir='ltr'><strong>accusabat</strong></span> <span class='ocrx_word' id='word_1_212' title='bbox 3155 545 3223 598; x_wconf 90' lang='lat' dir='ltr'><strong>de</strong></span> <span class='ocrx_word' id='word_1_213' title='bbox 3265 545 3375 609; x_wconf 95' lang='lat' dir='ltr'><strong>his,</strong></span> <span class='ocrx_word' id='word_1_214' title='bbox 3429 547 3498 601; x_wconf 83' lang='lat' dir='ltr'><strong>de</strong></span> 
     </span>
    </p>
   </div>
   <div class='ocr_carea' id='block_1_33' title="bbox 1894 626 3499 700">
    <p class='ocr_par' dir='ltr' id='par_1_33' title="bbox 1894 626 3499 700">
     <span class='ocr_line' id='line_1_33' title="bbox 1894 626 3499 700; baseline 0.008 -21"><span class='ocrx_word' id='word_1_215' title='bbox 1894 626 2098 696; x_wconf 84' lang='lat' dir='ltr'><strong>quibus</strong></span> <span class='ocrx_word' id='word_1_216' title='bbox 2143 626 2262 698; x_wconf 83' lang='lat' dir='ltr'><strong>ipse</strong></span> <span class='ocrx_word' id='word_1_217' title='bbox 2316 645 2464 684; x_wconf 88' lang='lat' dir='ltr'><strong>nunc</strong></span> <span class='ocrx_word' id='word_1_218' title='bbox 2514 645 2609 685; x_wconf 80' lang='lat' dir='ltr'><strong>eos</strong></span> <span class='ocrx_word' id='word_1_219' title='bbox 2655 641 2913 700; x_wconf 78' lang='lat' dir='ltr'><strong>accusat;</strong></span> <span class='ocrx_word' id='word_1_220' title='bbox 2961 644 3016 689; x_wconf 89' lang='lat' dir='ltr'><strong>et</strong></span> <span class='ocrx_word' id='word_1_221' title='bbox 3068 650 3127 690; x_wconf 85' lang='lat' dir='ltr'><strong>se</strong></span> <span class='ocrx_word' id='word_1_222' title='bbox 3193 653 3318 690; x_wconf 83' lang='lat' dir='ltr'><strong>eum</strong></span> <span class='ocrx_word' id='word_1_223' title='bbox 3376 653 3499 692; x_wconf 69' lang='lat' dir='ltr'><strong>esse</strong></span> 
     </span>
    </p>
   </div>
   <div class='ocr_carea' id='block_1_34' title="bbox 1894 719 3470 799">
    <p class='ocr_par' dir='ltr' id='par_1_34' title="bbox 1894 719 3470 799">
     <span class='ocr_line' id='line_1_34' title="bbox 1894 719 3470 799; baseline 0.006 -27"><span class='ocrx_word' id='word_1_224' title='bbox 1894 719 2161 787; x_wconf 86' lang='lat' dir='ltr'><strong>ostendit,</strong></span> <span class='ocrx_word' id='word_1_225' title='bbox 2220 723 2313 792; x_wconf 86' lang='lat' dir='ltr'><strong>qui</strong></span> <span class='ocrx_word' id='word_1_226' title='bbox 2378 723 2542 777; x_wconf 87' lang='lat' dir='ltr'><strong>etiam</strong></span> <span class='ocrx_word' id='word_1_227' title='bbox 2607 723 2698 778; x_wconf 87' lang='lat' dir='ltr'><strong>illa</strong></span> <span class='ocrx_word' id='word_1_228' title='bbox 2763 741 2862 794; x_wconf 86' lang='lat' dir='ltr'><strong>per</strong></span> <span class='ocrx_word' id='word_1_229' title='bbox 2921 726 3246 797; x_wconf 76' lang='lat' dir='ltr'><strong>prophetam</strong></span> <span class='ocrx_word' id='word_1_230' title='bbox 3305 730 3470 799; x_wconf 62' lang='lat' dir='ltr'><strong>loqra:</strong></span> 
     </span>
    </p>
   </div>
   <div class='ocr_carea' id='block_1_35' title="bbox 1893 813 2055 865">
    <p class='ocr_par' dir='ltr' id='par_1_35' title="bbox 1893 813 2055 865">
     <span class='ocr_line' id='line_1_35' title="bbox 1893 813 2055 865; baseline -0.006 0"><span class='ocrx_word' id='word_1_231' title='bbox 1893 813 2055 865; x_wconf 87' lang='lat' dir='ltr'><strong>batur</strong></span> 
     </span>
    </p>
   </div>
   <div class='ocr_carea' id='block_1_36' title="bbox 1968 903 3495 984">
    <p class='ocr_par' dir='ltr' id='par_1_36' title="bbox 1968 903 3495 984">
     <span class='ocr_line' id='line_1_36' title="bbox 1968 903 3495 984; baseline 0.008 -28"><span class='ocrx_word' id='word_1_232' title='bbox 1968 903 2124 959; x_wconf 78' lang='lat' dir='ltr'><strong>Vers.</strong></span> <span class='ocrx_word' id='word_1_233' title='bbox 2161 908 2210 960; x_wconf 92' lang='grc'><strong>7.</strong></span> <span class='ocrx_word' id='word_1_234' title='bbox 2276 906 2464 962; x_wconf 71' lang='lat' dir='ltr'><strong>Diceris</strong></span> <span class='ocrx_word' id='word_1_235' title='bbox 2517 940 2587 950; x_wconf 92' lang='lat'><strong>-—</strong></span> <span class='ocrx_word' id='word_1_236' title='bbox 2632 907 2696 965; x_wconf 84' lang='lat' dir='ltr'><strong>V.</strong></span> <span class='ocrx_word' id='word_1_237' title='bbox 2737 909 2792 963; x_wconf 81' lang='lat'><strong>9.</strong></span> <span class='ocrx_word' id='word_1_238' title='bbox 2850 911 3142 966; x_wconf 79' lang='lat' dir='ltr'><strong>hominum.</strong></span> <span class='ocrx_word' id='word_1_239' title='bbox 3200 913 3495 984; x_wconf 83' lang='lat' dir='ltr'><strong>Postquam</strong></span> 
     </span>
    </p>
   </div>
   <div class='ocr_carea' id='block_1_37' title="bbox 1891 993 3494 1078">
    <p class='ocr_par' dir='ltr' id='par_1_37' title="bbox 1891 993 3494 1078">
     <span class='ocr_line' id='line_1_37' title="bbox 1891 993 3494 1078; baseline 0.007 -24"><span class='ocrx_word' id='word_1_240' title='bbox 1891 998 2030 1054; x_wconf 71' lang='lat' dir='ltr'><strong>dixit</strong></span> <span class='ocrx_word' id='word_1_241' title='bbox 2065 1018 2078 1052; x_wconf 90' lang='lat'>:</span> <span class='ocrx_word' id='word_1_242' title='bbox 2119 1004 2521 1074; x_wconf 79' lang='lat' dir='ltr'><strong>Appropinquat</strong></span> <span class='ocrx_word' id='word_1_243' title='bbox 2545 993 2672 1058; x_wconf 80' lang='lat' dir='ltr'><strong>mihi</strong></span> <span class='ocrx_word' id='word_1_244' title='bbox 2695 1022 2806 1072; x_wconf 87' lang='lat' dir='ltr'><strong>ore,</strong></span> <span class='ocrx_word' id='word_1_245' title='bbox 2836 1006 3236 1076; x_wconf 87' lang='lat' dir='ltr'><strong>interpretatus</strong></span> <span class='ocrx_word' id='word_1_246' title='bbox 3267 1010 3494 1078; x_wconf 87' lang='lat' dir='ltr'><strong>cstboc,</strong></span> 
     </span>
    </p>
   </div>
   <div class='ocr_carea' id='block_1_38' title="bbox 1893 1093 3499 1164">
    <p class='ocr_par' dir='ltr' id='par_1_38' title="bbox 1893 1093 3499 1164">
     <span class='ocr_line' id='line_1_38' title="bbox 1893 1093 3499 1164; baseline 0.007 -18"><span class='ocrx_word' id='word_1_247' title='bbox 1893 1093 2102 1150; x_wconf 80' lang='lat' dir='ltr'><strong>addens</strong></span> <span class='ocrx_word' id='word_1_248' title='bbox 2159 1110 2172 1148; x_wconf 91' lang='lat'><strong>:</strong></span> <span class='ocrx_word' id='word_1_249' title='bbox 2228 1093 2295 1147; x_wconf 80' lang='lat' dir='ltr'><strong>Et</strong></span> <span class='ocrx_word' id='word_1_250' title='bbox 2362 1095 2524 1150; x_wconf 81' lang='lat' dir='ltr'><strong>labiis</strong></span> <span class='ocrx_word' id='word_1_251' title='bbox 2571 1115 2652 1152; x_wconf 84' lang='lat' dir='ltr'><strong>me</strong></span> <span class='ocrx_word' id='word_1_252' title='bbox 2696 1100 2944 1164; x_wconf 76' lang='lat' dir='ltr'><strong>honorat,</strong></span> <span class='ocrx_word' id='word_1_253' title='bbox 3005 1101 3177 1156; x_wconf 83' lang='lat' dir='ltr'><strong>Deum</strong></span> <span class='ocrx_word' id='word_1_254' title='bbox 3231 1119 3319 1157; x_wconf 90' lang='lat' dir='ltr'><strong>me</strong></span> <span class='ocrx_word' id='word_1_255' title='bbox 3374 1117 3499 1157; x_wconf 85' lang='lat' dir='ltr'><strong>esse</strong></span> 
     </span>
    </p>
   </div>
   <div class='ocr_carea' id='block_1_39' title="bbox 1893 1187 3502 1247">
    <p class='ocr_par' dir='ltr' id='par_1_39' title="bbox 1893 1187 3502 1247">
     <span class='ocr_line' id='line_1_39' title="bbox 1893 1187 3502 1247; baseline 0.004 -7"><span class='ocrx_word' id='word_1_256' title='bbox 1893 1187 2162 1240; x_wconf 75' lang='lat' dir='ltr'><strong>confitens</strong></span> <span class='ocrx_word' id='word_1_257' title='bbox 2193 1195 2242 1241; x_wconf 78' lang='lat' dir='ltr'><strong>eI</strong></span> <span class='ocrx_word' id='word_1_258' title='bbox 2273 1187 2588 1242; x_wconf 82' lang='lat' dir='ltr'><strong>Creatorem</strong></span> <span class='ocrx_word' id='word_1_259' title='bbox 2620 1205 2683 1244; x_wconf 91' lang='lat' dir='ltr'><strong>ac</strong></span> <span class='ocrx_word' id='word_1_260' title='bbox 2714 1189 3008 1246; x_wconf 86' lang='lat' dir='ltr'><strong>Dominum</strong></span> <span class='ocrx_word' id='word_1_261' title='bbox 3067 1192 3335 1247; x_wconf 79' lang='lat' dir='ltr'><strong>universi.</strong></span> <span class='ocrx_word' id='word_1_262' title='bbox 3391 1193 3502 1246; x_wconf 86' lang='lat' dir='ltr'><strong>Cor</strong></span> 
     </span>
    </p>
   </div>
   <div class='ocr_carea' id='block_1_40' title="bbox 1891 1278 3500 1352">
    <p class='ocr_par' dir='ltr' id='par_1_40' title="bbox 1891 1278 3500 1352">
     <span class='ocr_line' id='line_1_40' title="bbox 1891 1278 3500 1352; baseline 0.002 -20"><span class='ocrx_word' id='word_1_263' title='bbox 1891 1287 2076 1332; x_wconf 89' lang='lat' dir='ltr'><strong>autem</strong></span> <span class='ocrx_word' id='word_1_264' title='bbox 2109 1292 2302 1334; x_wconf 88' lang='lat' dir='ltr'><strong>eorum</strong></span> <span class='ocrx_word' id='word_1_265' title='bbox 2337 1278 2498 1348; x_wconf 76' lang='lat' dir='ltr'><strong>longe</strong></span> <span class='ocrx_word' id='word_1_266' title='bbox 2528 1279 2682 1333; x_wconf 87' lang='lat' dir='ltr'><strong>abest</strong></span> <span class='ocrx_word' id='word_1_267' title='bbox 2706 1295 2734 1333; x_wconf 88' lang='lat' dir='ltr'><strong>a</strong></span> <span class='ocrx_word' id='word_1_268' title='bbox 2769 1295 2877 1344; x_wconf 86' lang='lat' dir='ltr'><strong>me,</strong></span> <span class='ocrx_word' id='word_1_269' title='bbox 2907 1296 3015 1334; x_wconf 93' lang='lat' dir='ltr'><strong>non</strong></span> <span class='ocrx_word' id='word_1_270' title='bbox 3049 1284 3500 1352; x_wconf 71' lang='lat' dir='ltr'><strong>appropinquans</strong></span> 
     </span>
    </p>
   </div>
   <div class='ocr_carea' id='block_1_41' title="bbox 1893 1365 3497 1433">
    <p class='ocr_par' dir='ltr' id='par_1_41' title="bbox 1893 1365 3497 1433">
     <span class='ocr_line' id='line_1_41' title="bbox 1893 1365 3497 1433; baseline 0.003 -14"><span class='ocrx_word' id='word_1_271' title='bbox 1893 1366 2031 1420; x_wconf 87' lang='lat' dir='ltr'><strong>meis</strong></span> <span class='ocrx_word' id='word_1_272' title='bbox 2105 1365 2512 1422; x_wconf 73' lang='lat' dir='ltr'><strong>voluntatibus.</strong></span> <span class='ocrx_word' id='word_1_273' title='bbox 2579 1367 2809 1423; x_wconf 85' lang='lat' dir='ltr'><strong>Frustra</strong></span> <span class='ocrx_word' id='word_1_274' title='bbox 2880 1379 3066 1423; x_wconf 90' lang='lat' dir='ltr'><strong>autem</strong></span> <span class='ocrx_word' id='word_1_275' title='bbox 3130 1369 3321 1424; x_wconf 82' lang='lat' dir='ltr'><strong>colunt</strong></span> <span class='ocrx_word' id='word_1_276' title='bbox 3388 1386 3497 1433; x_wconf 88' lang='lat' dir='ltr'><strong>me,</strong></span> 
     </span>
    </p>
   </div>
   <div class='ocr_carea' id='block_1_42' title="bbox 1893 1462 3498 1530">
    <p class='ocr_par' dir='ltr' id='par_1_42' title="bbox 1893 1462 3498 1530">
     <span class='ocr_line' id='line_1_42' title="bbox 1893 1462 3498 1530; baseline 0.004 -20"><span class='ocrx_word' id='word_1_277' title='bbox 1893 1474 2018 1511; x_wconf 81' lang='lat' dir='ltr'><strong>cum</strong></span> <span class='ocrx_word' id='word_1_278' title='bbox 2047 1474 2167 1513; x_wconf 89' lang='lat' dir='ltr'><strong>mea</strong></span> <span class='ocrx_word' id='word_1_279' title='bbox 2202 1475 2310 1514; x_wconf 91' lang='lat' dir='ltr'><strong>non</strong></span> <span class='ocrx_word' id='word_1_280' title='bbox 2345 1469 2570 1514; x_wconf 81' lang='lat' dir='ltr'><strong>servent</strong></span> <span class='ocrx_word' id='word_1_281' title='bbox 2601 1470 2902 1530; x_wconf 63' lang='lat' dir='ltr'><strong>praecepta,</strong></span> <span class='ocrx_word' id='word_1_282' title='bbox 2955 1462 3052 1516; x_wconf 88' lang='lat' dir='ltr'><strong>scd</strong></span> <span class='ocrx_word' id='word_1_283' title='bbox 3109 1462 3345 1517; x_wconf 82' lang='lat' dir='ltr'><strong>doceant</strong></span> <span class='ocrx_word' id='word_1_284' title='bbox 3398 1463 3498 1518; x_wconf 89' lang='lat' dir='ltr'><strong>do-</strong></span> 
     </span>
    </p>
   </div>
   <div class='ocr_carea' id='block_1_43' title="bbox 1893 1536 3527 1622">
    <p class='ocr_par' dir='ltr' id='par_1_43' title="bbox 1893 1536 3527 1622">
     <span class='ocr_line' id='line_1_43' title="bbox 1893 1536 3527 1622; baseline 0.004 -20"><span class='ocrx_word' id='word_1_285' title='bbox 1893 1551 2102 1605; x_wconf 79' lang='lat' dir='ltr'><strong>ctriuas</strong></span> <span class='ocrx_word' id='word_1_286' title='bbox 2142 1566 2263 1622; x_wconf 69' lang='lat' dir='ltr'><strong>quae</strong></span> <span class='ocrx_word' id='word_1_287' title='bbox 2296 1561 2426 1605; x_wconf 91' lang='lat' dir='ltr'><strong>sunt</strong></span> <span class='ocrx_word' id='word_1_288' title='bbox 2471 1565 2746 1622; x_wconf 71' lang='lat' dir='ltr'><strong>praecepta</strong></span> <span class='ocrx_word' id='word_1_289' title='bbox 2791 1555 3077 1608; x_wconf 83' lang='lat' dir='ltr'><strong>hominum</strong></span> <span class='ocrx_word' id='word_1_290' title='bbox 3126 1565 3184 1609; x_wconf 88' lang='lat' dir='ltr'><strong>et</strong></span> <span class='ocrx_word' id='word_1_291' title='bbox 3223 1569 3334 1608; x_wconf 93' lang='lat' dir='ltr'><strong>non</strong></span> <span class='ocrx_word' id='word_1_292' title='bbox 3383 1536 3527 1609; x_wconf 28' lang='lat' dir='ltr'><strong>Dei.‘</strong></span> 
     </span>
    </p>
   </div>
   <div class='ocr_carea' id='block_1_44' title="bbox 1893 1645 3496 1716">
    <p class='ocr_par' dir='ltr' id='par_1_44' title="bbox 1893 1645 3496 1716">
     <span class='ocr_line' id='line_1_44' title="bbox 1893 1645 3496 1716; baseline 0.001 -17"><span class='ocrx_word' id='word_1_293' title='bbox 1893 1645 2216 1700; x_wconf 82' lang='lat' dir='ltr'><strong>Timeamus</strong></span> <span class='ocrx_word' id='word_1_294' title='bbox 2251 1661 2382 1714; x_wconf 78' lang='lat' dir='ltr'><strong>ergo</strong></span> <span class='ocrx_word' id='word_1_295' title='bbox 2406 1654 2462 1700; x_wconf 83' lang='lat' dir='ltr'><strong>ct</strong></span> <span class='ocrx_word' id='word_1_296' title='bbox 2495 1662 2594 1700; x_wconf 73' lang='lat' dir='ltr'><strong>tros</strong></span> <span class='ocrx_word' id='word_1_297' title='bbox 2653 1646 2745 1714; x_wconf 92' lang='lat' dir='ltr'><strong>qui</strong></span> <span class='ocrx_word' id='word_1_298' title='bbox 2780 1661 2973 1700; x_wconf 81' lang='lat' dir='ltr'><strong>sumus</strong></span> <span class='ocrx_word' id='word_1_299' title='bbox 3002 1646 3208 1701; x_wconf 84' lang='lat' dir='ltr'><strong>Christi</strong></span> <span class='ocrx_word' id='word_1_300' title='bbox 3240 1647 3496 1716; x_wconf 83' lang='lat' dir='ltr'><strong>populus,</strong></span> 
     </span>
    </p>
   </div>
   <div class='ocr_carea' id='block_1_45' title="bbox 1894 1739 3089 1794">
    <p class='ocr_par' dir='ltr' id='par_1_45' title="bbox 1894 1739 3089 1794">
     <span class='ocr_line' id='line_1_45' title="bbox 1894 1739 3089 1794; baseline 0.001 -3"><span class='ocrx_word' id='word_1_301' title='bbox 1894 1754 1965 1792; x_wconf 86' lang='lat' dir='ltr'><strong>ne</strong></span> <span class='ocrx_word' id='word_1_302' title='bbox 2005 1740 2171 1793; x_wconf 84' lang='lat' dir='ltr'><strong>etiam</strong></span> <span class='ocrx_word' id='word_1_303' title='bbox 2211 1739 2508 1793; x_wconf 80' lang='lat' dir='ltr'><strong>adversum</strong></span> <span class='ocrx_word' id='word_1_304' title='bbox 2537 1754 2638 1794; x_wconf 85' lang='lat' dir='ltr'><strong>nos</strong></span> <span class='ocrx_word' id='word_1_305' title='bbox 2665 1739 2783 1792; x_wconf 76' lang='lat' dir='ltr'><strong>hzec</strong></span> <span class='ocrx_word' id='word_1_306' title='bbox 2809 1739 3089 1793; x_wconf 84' lang='lat' dir='ltr'><strong>dicantur.</strong></span> 
     </span>
    </p>
   </div>
   <div class='ocr_carea' id='block_1_46' title="bbox 1969 1830 3497 1901">
    <p class='ocr_par' dir='ltr' id='par_1_46' title="bbox 1969 1830 3497 1901">
     <span class='ocr_line' id='line_1_46' title="bbox 1969 1830 3497 1901; baseline 0.002 -17"><span class='ocrx_word' id='word_1_307' title='bbox 1969 1832 2123 1887; x_wconf 82' lang='lat' dir='ltr'><strong>Vers.</strong></span> <span class='ocrx_word' id='word_1_308' title='bbox 2162 1830 2248 1885; x_wconf 81' lang='lat' dir='ltr'><strong>l0.</strong></span> <span class='ocrx_word' id='word_1_309' title='bbox 2279 1830 2347 1884; x_wconf 85' lang='lat' dir='ltr'><strong>Et</strong></span> <span class='ocrx_word' id='word_1_310' title='bbox 2382 1861 2448 1872; x_wconf 91' lang='lat'><strong>—-</strong></span> <span class='ocrx_word' id='word_1_311' title='bbox 2507 1833 2600 1886; x_wconf 73' lang='lat' dir='ltr'><strong>eis.</strong></span> <span class='ocrx_word' id='word_1_312' title='bbox 2665 1831 2790 1886; x_wconf 88' lang='lat' dir='ltr'><strong>Illos</strong></span> <span class='ocrx_word' id='word_1_313' title='bbox 2848 1842 3106 1901; x_wconf 76' lang='lat' dir='ltr'><strong>tanquam</strong></span> <span class='ocrx_word' id='word_1_314' title='bbox 3165 1832 3497 1887; x_wconf 76' lang='lat' dir='ltr'><strong>incumbilcs</strong></span> 
     </span>
    </p>
   </div>
   <div class='ocr_carea' id='block_1_47' title="bbox 1894 1925 3496 1996">
    <p class='ocr_par' dir='ltr' id='par_1_47' title="bbox 1894 1925 3496 1996">
     <span class='ocr_line' id='line_1_47' title="bbox 1894 1925 3496 1996; baseline 0 -17"><span class='ocrx_word' id='word_1_315' title='bbox 1894 1926 2139 1996; x_wconf 84' lang='lat' dir='ltr'><strong>reliquit,</strong></span> <span class='ocrx_word' id='word_1_316' title='bbox 2188 1926 2278 1979; x_wconf 82' lang='lat' dir='ltr'><strong>ubi</strong></span> <span class='ocrx_word' id='word_1_317' title='bbox 2337 1926 2623 1980; x_wconf 86' lang='lat' dir='ltr'><strong>silentium</strong></span> <span class='ocrx_word' id='word_1_318' title='bbox 2677 1928 2763 1979; x_wconf 90' lang='lat' dir='ltr'><strong>eis</strong></span> <span class='ocrx_word' id='word_1_319' title='bbox 2837 1925 3216 1994; x_wconf 83' lang='lat' dir='ltr'><strong>imposuisset,</strong></span> <span class='ocrx_word' id='word_1_320' title='bbox 3291 1939 3496 1993; x_wconf 83' lang='lat' dir='ltr'><strong>eosque</strong></span> 
     </span>
    </p>
   </div>
   <div class='ocr_carea' id='block_1_48' title="bbox 1891 2017 3494 2074">
    <p class='ocr_par' dir='ltr' id='par_1_48' title="bbox 1891 2017 3494 2074">
     <span class='ocr_line' id='line_1_48' title="bbox 1891 2017 3494 2074; baseline -0.003 0"><span class='ocrx_word' id='word_1_321' title='bbox 1891 2019 2231 2074; x_wconf 79' lang='lat' dir='ltr'><strong>contudisset</strong></span> <span class='ocrx_word' id='word_1_322' title='bbox 2264 2035 2279 2073; x_wconf 92' lang='lat'>:</span> <span class='ocrx_word' id='word_1_323' title='bbox 2318 2019 2593 2072; x_wconf 87' lang='lat' dir='ltr'><strong>convertit</strong></span> <span class='ocrx_word' id='word_1_324' title='bbox 2624 2028 2806 2072; x_wconf 90' lang='lat' dir='ltr'><strong>autem</strong></span> <span class='ocrx_word' id='word_1_325' title='bbox 2841 2031 3155 2072; x_wconf 82' lang='lat' dir='ltr'><strong>sermonem</strong></span> <span class='ocrx_word' id='word_1_326' title='bbox 3188 2018 3253 2070; x_wconf 86' lang='lat' dir='ltr'><strong>ad</strong></span> <span class='ocrx_word' id='word_1_327' title='bbox 3278 2017 3494 2070; x_wconf 82' lang='lat' dir='ltr'><strong>turbam</strong></span> 
     </span>
    </p>
   </div>
   <div class='ocr_carea' id='block_1_49' title="bbox 1892 2107 2886 2177">
    <p class='ocr_par' dir='ltr' id='par_1_49' title="bbox 1892 2107 2886 2177">
     <span class='ocr_line' id='line_1_49' title="bbox 1892 2107 2886 2177; baseline -0.001 -17"><span class='ocrx_word' id='word_1_328' title='bbox 1892 2116 2152 2176; x_wconf 89' lang='lat' dir='ltr'><strong>tauquam</strong></span> <span class='ocrx_word' id='word_1_329' title='bbox 2183 2108 2488 2177; x_wconf 81' lang='lat' dir='ltr'><strong>digniorem</strong></span> <span class='ocrx_word' id='word_1_330' title='bbox 2525 2122 2646 2174; x_wconf 66' lang='lat' dir='ltr'><strong>qum</strong></span> <span class='ocrx_word' id='word_1_331' title='bbox 2675 2107 2886 2160; x_wconf 77' lang='lat' dir='ltr'><strong>audiat.</strong></span> 
     </span>
    </p>
   </div>
   <div class='ocr_carea' id='block_1_50' title="bbox 1967 2195 3497 2266">
    <p class='ocr_par' dir='ltr' id='par_1_50' title="bbox 1967 2195 3497 2266">
     <span class='ocr_line' id='line_1_50' title="bbox 1967 2195 3497 2266; baseline 0.002 -16"><span class='ocrx_word' id='word_1_332' title='bbox 1967 2195 2118 2252; x_wconf 85' lang='lat' dir='ltr'><strong>Vers.</strong></span> <span class='ocrx_word' id='word_1_333' title='bbox 2155 2196 2239 2250; x_wconf 84' lang='grc' dir='ltr'><strong>Η.</strong></span> <span class='ocrx_word' id='word_1_334' title='bbox 2274 2197 2470 2250; x_wconf 83' lang='lat' dir='ltr'><strong>Audite</strong></span> <span class='ocrx_word' id='word_1_335' title='bbox 2497 2226 2565 2235; x_wconf 94' lang='lat'><strong><em>—</em></strong></span> <span class='ocrx_word' id='word_1_336' title='bbox 2589 2196 2882 2266; x_wconf 80' lang='lat' dir='ltr'><strong>intelligite.</strong></span> <span class='ocrx_word' id='word_1_337' title='bbox 2918 2197 3118 2252; x_wconf 83' lang='lat' dir='ltr'><strong>Audite</strong></span> <span class='ocrx_word' id='word_1_338' title='bbox 3175 2196 3322 2266; x_wconf 86' lang='lat' dir='ltr'><strong>quod</strong></span> <span class='ocrx_word' id='word_1_339' title='bbox 3371 2196 3497 2253; x_wconf 54' lang='lat' dir='ltr'><strong>diro</strong></span> 
     </span>
    </p>
   </div>
   <div class='ocr_carea' id='block_1_51' title="bbox 1890 2287 3494 2360">
    <p class='ocr_par' dir='ltr' id='par_1_51' title="bbox 1890 2287 3494 2360">
     <span class='ocr_line' id='line_1_51' title="bbox 1890 2287 3494 2360; baseline -0.001 -15"><span class='ocrx_word' id='word_1_340' title='bbox 1890 2300 1942 2345; x_wconf 91' lang='lat' dir='ltr'><strong>et</strong></span> <span class='ocrx_word' id='word_1_341' title='bbox 1978 2290 2264 2360; x_wconf 77' lang='lat' dir='ltr'><strong>intelligite</strong></span> <span class='ocrx_word' id='word_1_342' title='bbox 2302 2290 2456 2344; x_wconf 90' lang='lat' dir='ltr'><strong>illud.</strong></span> <span class='ocrx_word' id='word_1_343' title='bbox 2502 2287 2616 2345; x_wconf 89' lang='lat' dir='ltr'><strong>lloc</strong></span> <span class='ocrx_word' id='word_1_344' title='bbox 2650 2298 2833 2344; x_wconf 88' lang='lat' dir='ltr'><strong>autem</strong></span> <span class='ocrx_word' id='word_1_345' title='bbox 2864 2289 2945 2344; x_wconf 87' lang='lat' dir='ltr'><strong>ait</strong></span> <span class='ocrx_word' id='word_1_346' title='bbox 3020 2291 3305 2346; x_wconf 73' lang='lat' dir='ltr'><strong>honoratis</strong></span> <span class='ocrx_word' id='word_1_347' title='bbox 3343 2289 3494 2355; x_wconf 89' lang='lat' dir='ltr'><strong>illos,</strong></span> 
     </span>
    </p>
   </div>
   <div class='ocr_carea' id='block_1_52' title="bbox 1892 2383 3188 2453">
    <p class='ocr_par' dir='ltr' id='par_1_52' title="bbox 1892 2383 3188 2453">
     <span class='ocr_line' id='line_1_52' title="bbox 1892 2383 3188 2453; baseline -0.003 -15"><span class='ocrx_word' id='word_1_348' title='bbox 1892 2394 1950 2440; x_wconf 91' lang='lat' dir='ltr'><strong>ut</strong></span> <span class='ocrx_word' id='word_1_349' title='bbox 1992 2384 2206 2439; x_wconf 80' lang='lat' dir='ltr'><strong>facilius</strong></span> <span class='ocrx_word' id='word_1_350' title='bbox 2246 2384 2585 2453; x_wconf 86' lang='lat' dir='ltr'><strong>suscipiatur</strong></span> <span class='ocrx_word' id='word_1_351' title='bbox 2615 2385 2761 2452; x_wconf 84' lang='lat' dir='ltr'><strong>quod</strong></span> <span class='ocrx_word' id='word_1_352' title='bbox 2800 2383 3054 2438; x_wconf 87' lang='lat' dir='ltr'><strong>dicturus</strong></span> <span class='ocrx_word' id='word_1_353' title='bbox 3080 2392 3188 2438; x_wconf 90' lang='lat' dir='ltr'><strong>est.</strong></span> 
     </span>
    </p>
   </div>
   <div class='ocr_carea' id='block_1_53' title="bbox 1963 2475 3494 2533">
    <p class='ocr_par' dir='ltr' id='par_1_53' title="bbox 1963 2475 3494 2533">
     <span class='ocr_line' id='line_1_53' title="bbox 1963 2475 3494 2533; baseline -0.001 -4"><span class='ocrx_word' id='word_1_354' title='bbox 1963 2477 2120 2532; x_wconf 77' lang='lat' dir='ltr'><strong>Vera.</strong></span> <span class='ocrx_word' id='word_1_355' title='bbox 2166 2477 2246 2533; x_wconf 82' lang='grc' dir='ltr'><strong>Η.</strong></span> <span class='ocrx_word' id='word_1_356' title='bbox 2275 2478 2464 2532; x_wconf 80' lang='lat' dir='ltr'><strong>Nou—</strong></span> <span class='ocrx_word' id='word_1_357' title='bbox 2494 2478 2782 2531; x_wconf 79' lang='lat' dir='ltr'><strong>hominem.</strong></span> <span class='ocrx_word' id='word_1_358' title='bbox 2829 2475 2944 2531; x_wconf 85' lang='lat' dir='ltr'><strong>Hoc</strong></span> <span class='ocrx_word' id='word_1_359' title='bbox 3006 2486 3091 2532; x_wconf 85' lang='lat' dir='ltr'><strong>est</strong></span> <span class='ocrx_word' id='word_1_360' title='bbox 3130 2495 3145 2531; x_wconf 86' lang='lat'><strong><em>:</em></strong></span> <span class='ocrx_word' id='word_1_361' title='bbox 3179 2476 3297 2530; x_wconf 72' lang='lat' dir='ltr'><strong>Non</strong></span> <span class='ocrx_word' id='word_1_362' title='bbox 3360 2491 3494 2530; x_wconf 84' lang='lat' dir='ltr'><strong>sor-</strong></span> 
     </span>
    </p>
   </div>
   <div class='ocr_carea' id='block_1_54' title="bbox 1891 2568 3492 2639">
    <p class='ocr_par' dir='ltr' id='par_1_54' title="bbox 1891 2568 3492 2639">
     <span class='ocr_line' id='line_1_54' title="bbox 1891 2568 3492 2639; baseline -0.004 -13"><span class='ocrx_word' id='word_1_363' title='bbox 1891 2571 1990 2626; x_wconf 89' lang='lat' dir='ltr'><strong>des</strong></span> <span class='ocrx_word' id='word_1_364' title='bbox 2045 2587 2307 2624; x_wconf 82' lang='lat' dir='ltr'><strong>manuum</strong></span> <span class='ocrx_word' id='word_1_365' title='bbox 2359 2571 2636 2624; x_wconf 85' lang='lat' dir='ltr'><strong>illotarum</strong></span> <span class='ocrx_word' id='word_1_366' title='bbox 2693 2585 2817 2639; x_wconf 71' lang='lat' dir='ltr'><strong>qua:</strong></span> <span class='ocrx_word' id='word_1_367' title='bbox 2885 2587 2992 2624; x_wconf 85' lang='lat' dir='ltr'><strong>una</strong></span> <span class='ocrx_word' id='word_1_368' title='bbox 3068 2585 3192 2623; x_wconf 85' lang='lat' dir='ltr'><strong>cum</strong></span> <span class='ocrx_word' id='word_1_369' title='bbox 3250 2568 3395 2623; x_wconf 86' lang='lat' dir='ltr'><strong>escis</strong></span> <span class='ocrx_word' id='word_1_370' title='bbox 3438 2570 3492 2622; x_wconf 90' lang='lat' dir='ltr'><strong>in</strong></span> 
     </span>
    </p>
   </div>
   <div class='ocr_carea' id='block_1_55' title="bbox 1889 2661 3497 2735">
    <p class='ocr_par' dir='ltr' id='par_1_55' title="bbox 1889 2661 3497 2735">
     <span class='ocr_line' id='line_1_55' title="bbox 1889 2661 3497 2735; baseline -0.002 -17"><span class='ocrx_word' id='word_1_371' title='bbox 1889 2680 1952 2718; x_wconf 82' lang='lat' dir='ltr'><strong>os</strong></span> <span class='ocrx_word' id='word_1_372' title='bbox 1986 2664 2370 2735; x_wconf 80' lang='lat' dir='ltr'><strong>ingrediuntur</strong></span> <span class='ocrx_word' id='word_1_373' title='bbox 2409 2665 2790 2717; x_wconf 74' lang='lat' dir='ltr'><strong>contaminant</strong></span> <span class='ocrx_word' id='word_1_374' title='bbox 2841 2673 2936 2717; x_wconf 87' lang='lat' dir='ltr'><strong>aut</strong></span> <span class='ocrx_word' id='word_1_375' title='bbox 2984 2671 3359 2732; x_wconf 79' lang='lat' dir='ltr'><strong>conspurcant</strong></span> <span class='ocrx_word' id='word_1_376' title='bbox 3391 2661 3497 2715; x_wconf 79' lang='lat' dir='ltr'><strong>lto—-</strong></span> 
     </span>
    </p>
   </div>
   <div class='ocr_carea' id='block_1_56' title="bbox 1893 2751 3498 2821">
    <p class='ocr_par' dir='ltr' id='par_1_56' title="bbox 1893 2751 3498 2821">
     <span class='ocr_line' id='line_1_56' title="bbox 1893 2751 3498 2821; baseline -0.001 -18"><span class='ocrx_word' id='word_1_377' title='bbox 1893 2754 2124 2814; x_wconf 82' lang='lat' dir='ltr'><strong>minem,</strong></span> <span class='ocrx_word' id='word_1_378' title='bbox 2193 2752 2324 2820; x_wconf 89' lang='lat' dir='ltr'><strong>quia</strong></span> <span class='ocrx_word' id='word_1_379' title='bbox 2403 2767 2508 2806; x_wconf 89' lang='lat' dir='ltr'><strong>nec</strong></span> <span class='ocrx_word' id='word_1_380' title='bbox 2621 2759 2856 2821; x_wconf 83' lang='lat' dir='ltr'><strong>tangunt</strong></span> <span class='ocrx_word' id='word_1_381' title='bbox 2932 2751 3171 2805; x_wconf 85' lang='lat' dir='ltr'><strong>animam</strong></span> <span class='ocrx_word' id='word_1_382' title='bbox 3239 2769 3252 2804; x_wconf 90' lang='lat'><strong>:</strong></span> <span class='ocrx_word' id='word_1_383' title='bbox 3315 2751 3498 2803; x_wconf 84' lang='lat' dir='ltr'><strong>solum</strong></span> 
     </span>
    </p>
   </div>
   <div class='ocr_carea' id='block_1_57' title="bbox 1890 2843 3496 2912">
    <p class='ocr_par' dir='ltr' id='par_1_57' title="bbox 1890 2843 3496 2912">
     <span class='ocr_line' id='line_1_57' title="bbox 1890 2843 3496 2912; baseline 0.001 -15"><span class='ocrx_word' id='word_1_384' title='bbox 1890 2859 2130 2912; x_wconf 85' lang='lat' dir='ltr'><strong>namque</strong></span> <span class='ocrx_word' id='word_1_385' title='bbox 2164 2851 2449 2912; x_wconf 83' lang='lat' dir='ltr'><strong>peccatum</strong></span> <span class='ocrx_word' id='word_1_386' title='bbox 2510 2843 2843 2904; x_wconf 74' lang='lat' dir='ltr'><strong>fmdumest,</strong></span> <span class='ocrx_word' id='word_1_387' title='bbox 2875 2843 3019 2910; x_wconf 89' lang='lat' dir='ltr'><strong>quod</strong></span> <span class='ocrx_word' id='word_1_388' title='bbox 3049 2843 3249 2895; x_wconf 70' lang='lat' dir='ltr'><strong>anima:</strong></span> <span class='ocrx_word' id='word_1_389' title='bbox 3309 2853 3496 2900; x_wconf 88' lang='lat' dir='ltr'><strong>nocet.</strong></span> 
     </span>
    </p>
   </div>
   <div class='ocr_carea' id='block_1_58' title="bbox 1893 2929 3492 3001">
    <p class='ocr_par' dir='ltr' id='par_1_58' title="bbox 1893 2929 3492 3001">
     <span class='ocr_line' id='line_1_58' title="bbox 1893 2929 3492 3001; baseline 0 -16"><span class='ocrx_word' id='word_1_390' title='bbox 1893 2932 2040 2986; x_wconf 83' lang='lat' dir='ltr'><strong>Talis</strong></span> <span class='ocrx_word' id='word_1_391' title='bbox 2089 2941 2272 2986; x_wconf 87' lang='lat' dir='ltr'><strong>autem</strong></span> <span class='ocrx_word' id='word_1_392' title='bbox 2333 2931 2462 2986; x_wconf 89' lang='lat' dir='ltr'><strong>dicti</strong></span> <span class='ocrx_word' id='word_1_393' title='bbox 2489 2931 2655 3001; x_wconf 84' lang='lat' dir='ltr'><strong>hujus</strong></span> <span class='ocrx_word' id='word_1_394' title='bbox 2707 2929 3097 3000; x_wconf 81' lang='lat' dir='ltr'><strong>interpretatio</strong></span> <span class='ocrx_word' id='word_1_395' title='bbox 3136 2930 3188 2983; x_wconf 90' lang='lat' dir='ltr'><strong>in</strong></span> <span class='ocrx_word' id='word_1_396' title='bbox 3226 2941 3492 3000; x_wconf 85' lang='lat' dir='ltr'><strong>promptu</strong></span> 
     </span>
    </p>
   </div>
   <div class='ocr_carea' id='block_1_59' title="bbox 1892 3035 1995 3079">
    <p class='ocr_par' dir='ltr' id='par_1_59' title="bbox 1892 3035 1995 3079">
     <span class='ocr_line' id='line_1_59' title="bbox 1892 3035 1995 3079; baseline -0.019 -1"><span class='ocrx_word' id='word_1_397' title='bbox 1892 3035 1995 3079; x_wconf 75' lang='grc' dir='ltr'>ρει.</span> 
     </span>
    </p>
   </div>
   <div class='ocr_carea' id='block_1_60' title="bbox 257 3116 1788 3204">
    <p class='ocr_par' dir='ltr' id='par_1_60' title="bbox 257 3127 1779 3203">
     <span class='ocr_line' id='line_1_60' title="bbox 257 3127 1779 3203; baseline -0.005 -15"><span class='ocrx_word' id='word_1_398' title='bbox 257 3136 399 3189; x_wconf 72' lang='grc' dir='ltr'>Φασὶ</span> <span class='ocrx_word' id='word_1_399' title='bbox 431 3134 487 3187; x_wconf 74' lang='grc' dir='ltr'>δὲ</span> <span class='ocrx_word' id='word_1_400' title='bbox 511 3134 608 3187; x_wconf 81' lang='grc' dir='ltr'>καὶ</span> <span class='ocrx_word' id='word_1_401' title='bbox 634 3132 803 3203; x_wconf 77' lang='grc' dir='ltr'>ἄλλην</span> <span class='ocrx_word' id='word_1_402' title='bbox 856 3128 1281 3200; x_wconf 76' lang='grc' dir='ltr'>ὕποκεκρύφθαι</span> <span class='ocrx_word' id='word_1_403' title='bbox 1340 3127 1672 3199; x_wconf 78' lang='grc' dir='ltr'>βαθυτέραν,</span> <span class='ocrx_word' id='word_1_404' title='bbox 1697 3128 1779 3182; x_wconf 82' lang='grc' dir='ltr'>ὅτι</span> 
     </span>
    </p>
   </div>
   <div class='ocr_carea' id='block_1_61' title="bbox 1909 3116 3497 3204">
    <p class='ocr_par' dir='ltr' id='par_1_61' title="bbox 1962 3116 3497 3185">
     <span class='ocr_line' id='line_1_61' title="bbox 1962 3116 3497 3185; baseline -0.001 -15"><span class='ocrx_word' id='word_1_405' title='bbox 1962 3118 2129 3170; x_wconf 84' lang='lat' dir='ltr'><strong>Aiunt</strong></span> <span class='ocrx_word' id='word_1_406' title='bbox 2160 3124 2342 3170; x_wconf 89' lang='lat' dir='ltr'><strong>autem</strong></span> <span class='ocrx_word' id='word_1_407' title='bbox 2366 3123 2420 3170; x_wconf 90' lang='lat' dir='ltr'><strong>ct</strong></span> <span class='ocrx_word' id='word_1_408' title='bbox 2446 3116 2672 3170; x_wconf 83' lang='lat' dir='ltr'><strong>alteram</strong></span> <span class='ocrx_word' id='word_1_409' title='bbox 2701 3116 3028 3185; x_wconf 81' lang='lat' dir='ltr'><strong>profundius</strong></span> <span class='ocrx_word' id='word_1_410' title='bbox 3056 3131 3178 3170; x_wconf 84' lang='lat' dir='ltr'><strong>esse</strong></span> <span class='ocrx_word' id='word_1_411' title='bbox 3200 3116 3497 3184; x_wconf 74' lang='lat' dir='ltr'><strong>reclusam,</strong></span> 
     </span>
    </p>
   </div>
   <div class='ocr_carea' id='block_1_62' title="bbox 182 3223 1781 3300">
    <p class='ocr_par' dir='ltr' id='par_1_62' title="bbox 182 3223 1781 3300">
     <span class='ocr_line' id='line_1_62' title="bbox 182 3223 1781 3300; baseline -0.004 -18"><span class='ocrx_word' id='word_1_412' title='bbox 182 3228 363 3293; x_wconf 75' lang='grc' dir='ltr'>οὐδὲν,</span> <span class='ocrx_word' id='word_1_413' title='bbox 394 3227 548 3300; x_wconf 84' lang='grc' dir='ltr'>παρά</span> <span class='ocrx_word' id='word_1_414' title='bbox 592 3227 731 3281; x_wconf 84' lang='grc' dir='ltr'>Θεοῦ</span> <span class='ocrx_word' id='word_1_415' title='bbox 795 3228 1114 3295; x_wconf 86' lang='grc' dir='ltr'>γενόμενον,</span> <span class='ocrx_word' id='word_1_416' title='bbox 1178 3223 1340 3294; x_wconf 78' lang='grc' dir='ltr'>φύσει</span> <span class='ocrx_word' id='word_1_417' title='bbox 1392 3223 1590 3293; x_wconf 87' lang='grc' dir='ltr'>μιαρόν</span> <span class='ocrx_word' id='word_1_418' title='bbox 1640 3223 1781 3276; x_wconf 86' lang='grc' dir='ltr'>ἐστι.</span> 
     </span>
    </p>
   </div>
   <div class='ocr_carea' id='block_1_63' title="bbox 181 3314 1782 3393">
    <p class='ocr_par' dir='ltr' id='par_1_63' title="bbox 181 3314 1782 3393">
     <span class='ocr_line' id='line_1_63' title="bbox 181 3314 1782 3393; baseline -0.007 -15"><span class='ocrx_word' id='word_1_419' title='bbox 181 3323 324 3393; x_wconf 70' lang='grc' dir='ltr'>Φησὶ</span> <span class='ocrx_word' id='word_1_420' title='bbox 354 3322 464 3393; x_wconf 82' lang='grc' dir='ltr'><strong>γὰρ</strong></span> <span class='ocrx_word' id='word_1_421' title='bbox 486 3324 514 3376; x_wconf 84' lang='grc' dir='ltr'>ὁ</span> <span class='ocrx_word' id='word_1_422' title='bbox 553 3321 794 3391; x_wconf 83' lang='grc' dir='ltr'>Μωῦσῆς</span> <span class='ocrx_word' id='word_1_423' title='bbox 825 3337 840 3354; x_wconf 77' lang='grc' dir='ltr'><strong><em>ο</em></strong></span> <span class='ocrx_word' id='word_1_424' title='bbox 875 3318 982 3373; x_wconf 79' lang='grc' dir='ltr'><strong>Καὶ</strong></span> <span class='ocrx_word' id='word_1_425' title='bbox 1004 3314 1167 3372; x_wconf 78' lang='grc' dir='ltr'>εἶδεν</span> <span class='ocrx_word' id='word_1_426' title='bbox 1200 3320 1233 3371; x_wconf 84' lang='grc' dir='ltr'><strong>ό</strong></span> <span class='ocrx_word' id='word_1_427' title='bbox 1271 3316 1419 3382; x_wconf 82' lang='grc' dir='ltr'>Θεὸς</span> <span class='ocrx_word' id='word_1_428' title='bbox 1458 3315 1530 3368; x_wconf 78' lang='grc' dir='ltr'>τὰ</span> <span class='ocrx_word' id='word_1_429' title='bbox 1560 3314 1782 3376; x_wconf 71' lang='grc' dir='ltr'>πάντα,</span> 
     </span>
    </p>
   </div>
   <div class='ocr_carea' id='block_1_64' title="bbox 182 3407 1786 3482">
    <p class='ocr_par' dir='ltr' id='par_1_64' title="bbox 182 3407 1786 3482">
     <span class='ocr_line' id='line_1_64' title="bbox 182 3407 1786 3482; baseline -0.009 -9"><span class='ocrx_word' id='word_1_430' title='bbox 182 3420 303 3473; x_wconf 84' lang='grc' dir='ltr'>ὅσα</span> <span class='ocrx_word' id='word_1_431' title='bbox 332 3416 614 3482; x_wconf 78' lang='grc' dir='ltr'>ἐποίησε,</span> <span class='ocrx_word' id='word_1_432' title='bbox 665 3414 765 3467; x_wconf 76' lang='grc' dir='ltr'>καὶ</span> <span class='ocrx_word' id='word_1_433' title='bbox 821 3411 973 3476; x_wconf 70' lang='grc' dir='ltr'>ἰδοὺ,</span> <span class='ocrx_word' id='word_1_434' title='bbox 1010 3410 1170 3464; x_wconf 74' lang='grc' dir='ltr'>καλὰ</span> <span class='ocrx_word' id='word_1_435' title='bbox 1211 3411 1378 3464; x_wconf 74' lang='grc' dir='ltr'><strong>λίαν.</strong></span> <span class='ocrx_word' id='word_1_436' title='bbox 1434 3409 1542 3462; x_wconf 73' lang='grc' dir='ltr'><strong>Καὶ</strong></span> <span class='ocrx_word' id='word_1_437' title='bbox 1565 3407 1786 3475; x_wconf 83' lang='grc' dir='ltr'>λέγουσι</span> 
     </span>
    </p>
   </div>
   <div class='ocr_carea' id='block_1_65' title="bbox 183 3501 1787 3582">
    <p class='ocr_par' dir='ltr' id='par_1_65' title="bbox 183 3501 1787 3582">
     <span class='ocr_line' id='line_1_65' title="bbox 183 3501 1787 3582; baseline -0.011 -12"><span class='ocrx_word' id='word_1_438' title='bbox 183 3517 276 3570; x_wconf 78' lang='grc' dir='ltr'><strong>διὰ</strong></span> <span class='ocrx_word' id='word_1_439' title='bbox 300 3514 511 3582; x_wconf 83' lang='grc' dir='ltr'>ταύτης</span> <span class='ocrx_word' id='word_1_440' title='bbox 535 3511 636 3580; x_wconf 83' lang='grc' dir='ltr'>τῆς</span> <span class='ocrx_word' id='word_1_441' title='bbox 670 3507 976 3579; x_wconf 80' lang='grc' dir='ltr'>βαθυτέρας</span> <span class='ocrx_word' id='word_1_442' title='bbox 1003 3505 1104 3576; x_wconf 81' lang='grc' dir='ltr'>τὴν</span> <span class='ocrx_word' id='word_1_443' title='bbox 1124 3505 1233 3557; x_wconf 85' lang='grc' dir='ltr'>τῶν</span> <span class='ocrx_word' id='word_1_444' title='bbox 1268 3503 1578 3573; x_wconf 82' lang='grc' dir='ltr'>βρωμάτων</span> <span class='ocrx_word' id='word_1_445' title='bbox 1593 3501 1787 3554; x_wconf 74' lang='grc' dir='ltr'>ἐκϐάλ-</span> 
     </span>
    </p>
   </div>
   <div class='ocr_carea' id='block_1_66' title="bbox 180 3595 1785 3676">
    <p class='ocr_par' dir='ltr' id='par_1_66' title="bbox 180 3595 1785 3676">
     <span class='ocr_line' id='line_1_66' title="bbox 180 3595 1785 3676; baseline -0.012 -13"><span class='ocrx_word' id='word_1_446' title='bbox 180 3610 377 3664; x_wconf 80' lang='grc' dir='ltr'>λεσθαι</span> <span class='ocrx_word' id='word_1_447' title='bbox 406 3606 817 3676; x_wconf 85' lang='grc' dir='ltr'>παρατήρησιν,</span> <span class='ocrx_word' id='word_1_448' title='bbox 854 3604 920 3673; x_wconf 78' lang='grc' dir='ltr'>ἢν</span> <span class='ocrx_word' id='word_1_449' title='bbox 982 3599 1223 3654; x_wconf 77' lang='grc' dir='ltr'>Ἰουδαῖοι</span> <span class='ocrx_word' id='word_1_450' title='bbox 1276 3595 1785 3666; x_wconf 79' lang='grc' dir='ltr'>παρεφυλάττοντο.</span> 
     </span>
    </p>
   </div>
   <div class='ocr_carea' id='block_1_67' title="bbox 188 3688 1783 3770">
    <p class='ocr_par' dir='ltr' id='par_1_67' title="bbox 188 3688 1783 3770">
     <span class='ocr_line' id='line_1_67' title="bbox 188 3688 1783 3770; baseline -0.012 -13"><span class='ocrx_word' id='word_1_451' title='bbox 188 3702 300 3756; x_wconf 88' lang='grc' dir='ltr'>Τοῦ</span> <span class='ocrx_word' id='word_1_452' title='bbox 331 3702 440 3770; x_wconf 77' lang='grc' dir='ltr'><strong>γάρ</strong></span> <span class='ocrx_word' id='word_1_453' title='bbox 476 3700 606 3770; x_wconf 71' lang='grc' dir='ltr'>περὶ</span> <span class='ocrx_word' id='word_1_454' title='bbox 652 3695 965 3767; x_wconf 82' lang='grc' dir='ltr'>βρωμάτων</span> <span class='ocrx_word' id='word_1_455' title='bbox 1018 3693 1192 3761; x_wconf 89' lang='grc' dir='ltr'>νόμου</span> <span class='ocrx_word' id='word_1_456' title='bbox 1256 3688 1601 3759; x_wconf 73' lang='grc' dir='ltr'>συμϐολικὴν</span> <span class='ocrx_word' id='word_1_457' title='bbox 1648 3688 1783 3740; x_wconf 86' lang='grc' dir='ltr'>θεω-</span> 
     </span>
    </p>
   </div>
   <div class='ocr_carea' id='block_1_68' title="bbox 189 3781 1786 3869">
    <p class='ocr_par' dir='ltr' id='par_1_68' title="bbox 189 3781 1786 3869">
     <span class='ocr_line' id='line_1_68' title="bbox 189 3781 1786 3869; baseline -0.011 -20"><span class='ocrx_word' id='word_1_458' title='bbox 189 3797 316 3869; x_wconf 85' lang='grc' dir='ltr'>ρίαν</span> <span class='ocrx_word' id='word_1_459' title='bbox 370 3793 612 3864; x_wconf 79' lang='grc' dir='ltr'>ἐχοντος,</span> <span class='ocrx_word' id='word_1_460' title='bbox 669 3791 718 3842; x_wconf 91' lang='grc' dir='ltr'>οἱ</span> <span class='ocrx_word' id='word_1_461' title='bbox 769 3786 1018 3840; x_wconf 79' lang='grc' dir='ltr'>Ἰουδαῖοι</span> <span class='ocrx_word' id='word_1_462' title='bbox 1074 3785 1241 3855; x_wconf 82' lang='grc' dir='ltr'>μηδὲν</span> <span class='ocrx_word' id='word_1_463' title='bbox 1298 3783 1505 3854; x_wconf 68' lang='grc' dir='ltr'>ὑψηλὸν</span> <span class='ocrx_word' id='word_1_464' title='bbox 1575 3781 1786 3834; x_wconf 75' lang='grc' dir='ltr'>ἐννοεῖν</span> 
     </span>
    </p>
   </div>
   <div class='ocr_carea' id='block_1_69' title="bbox 182 3875 1790 3958">
    <p class='ocr_par' dir='ltr' id='par_1_69' title="bbox 182 3875 1790 3958">
     <span class='ocr_line' id='line_1_69' title="bbox 182 3875 1790 3958; baseline -0.011 -15"><span class='ocrx_word' id='word_1_465' title='bbox 182 3889 506 3958; x_wconf 79' lang='grc' dir='ltr'>δυνάμενοι,</span> <span class='ocrx_word' id='word_1_466' title='bbox 551 3880 882 3954; x_wconf 83' lang='grc' dir='ltr'>σωματικῶς</span> <span class='ocrx_word' id='word_1_467' title='bbox 910 3880 1092 3934; x_wconf 87' lang='grc' dir='ltr'>πάντα</span> <span class='ocrx_word' id='word_1_468' title='bbox 1121 3878 1217 3932; x_wconf 71' lang='grc' dir='ltr'>καὶ</span> <span class='ocrx_word' id='word_1_469' title='bbox 1257 3879 1400 3930; x_wconf 76' lang='grc' dir='ltr'>κατὰ</span> <span class='ocrx_word' id='word_1_470' title='bbox 1422 3876 1486 3930; x_wconf 83' lang='grc' dir='ltr'>τὸ</span> <span class='ocrx_word' id='word_1_471' title='bbox 1525 3875 1790 3945; x_wconf 79' lang='grc' dir='ltr'>φαινόμε-</span> 
     </span>
    </p>
   </div>
   <div class='ocr_carea' id='block_1_70' title="bbox 182 3977 794 4048">
    <p class='ocr_par' dir='ltr' id='par_1_70' title="bbox 182 3977 794 4048">
     <span class='ocr_line' id='line_1_70' title="bbox 182 3977 794 4048; baseline -0.013 -10"><span class='ocrx_word' id='word_1_472' title='bbox 182 4001 280 4039; x_wconf 88' lang='grc' dir='ltr'><strong>νον</strong></span> <span class='ocrx_word' id='word_1_473' title='bbox 334 3977 794 4048; x_wconf 80' lang='grc' dir='ltr'>ἐξελαμὸάνοντο.</span> 
     </span>
    </p>
   </div>
   <div class='ocr_carea' id='block_1_71' title="bbox 274 4063 1789 4140">
    <p class='ocr_par' dir='ltr' id='par_1_71' title="bbox 274 4063 1789 4140">
     <span class='ocr_line' id='line_1_71' title="bbox 274 4063 1789 4140; baseline -0.008 -12"><span class='ocrx_word' id='word_1_474' title='bbox 274 4074 453 4128; x_wconf 78' lang='grc' dir='ltr'><strong>Ἀλλὰ</strong></span> <span class='ocrx_word' id='word_1_475' title='bbox 487 4097 556 4110; x_wconf 91' lang='grc'><strong><em>-</em></strong></span> <span class='ocrx_word' id='word_1_476' title='bbox 585 4069 923 4140; x_wconf 80' lang='grc' dir='ltr'>ἄνθρωπον.</span> <span class='ocrx_word' id='word_1_477' title='bbox 972 4065 1371 4138; x_wconf 82' lang='grc' dir='ltr'>Ἐκπορεύεται</span> <span class='ocrx_word' id='word_1_478' title='bbox 1413 4065 1478 4118; x_wconf 90' lang='grc' dir='ltr'><strong>ἐκ</strong></span> <span class='ocrx_word' id='word_1_479' title='bbox 1513 4063 1609 4117; x_wconf 88' lang='grc' dir='ltr'><strong>τοῦ</strong></span> <span class='ocrx_word' id='word_1_480' title='bbox 1667 4066 1789 4117; x_wconf 85' lang='grc' dir='ltr'>στό-</span> 
     </span>
    </p>
   </div>
   <div class='ocr_carea' id='block_1_72' title="bbox 188 4157 1790 4242">
    <p class='ocr_par' dir='ltr' id='par_1_72' title="bbox 188 4157 1790 4242">
     <span class='ocr_line' id='line_1_72' title="bbox 188 4157 1790 4242; baseline -0.009 -19"><span class='ocrx_word' id='word_1_481' title='bbox 188 4188 363 4242; x_wconf 77' lang='grc' dir='ltr'>ματος</span> <span class='ocrx_word' id='word_1_482' title='bbox 395 4169 504 4230; x_wconf 70' lang='grc' dir='ltr'>πᾶς</span> <span class='ocrx_word' id='word_1_483' title='bbox 550 4166 712 4233; x_wconf 82' lang='grc' dir='ltr'>λόγος</span> <span class='ocrx_word' id='word_1_484' title='bbox 746 4179 760 4195; x_wconf 88' lang='grc'><strong>·</strong></span> <span class='ocrx_word' id='word_1_485' title='bbox 801 4163 940 4217; x_wconf 79' lang='grc' dir='ltr'>ἀλλὰ</span> <span class='ocrx_word' id='word_1_486' title='bbox 995 4163 1124 4230; x_wconf 75' lang='grc' dir='ltr'>περὶ</span> <span class='ocrx_word' id='word_1_487' title='bbox 1186 4159 1282 4212; x_wconf 86' lang='grc' dir='ltr'><strong>τοῦ</strong></span> <span class='ocrx_word' id='word_1_488' title='bbox 1335 4157 1581 4228; x_wconf 90' lang='grc' dir='ltr'>πονηροῦ</span> <span class='ocrx_word' id='word_1_489' title='bbox 1639 4157 1790 4225; x_wconf 83' lang='grc' dir='ltr'>λέγει</span> 
     </span>
    </p>
   </div>
   <div class='ocr_carea' id='block_1_73' title="bbox 184 4250 1786 4330">
    <p class='ocr_par' dir='ltr' id='par_1_73' title="bbox 184 4250 1786 4330">
     <span class='ocr_line' id='line_1_73' title="bbox 184 4250 1786 4330; baseline -0.01 -12"><span class='ocrx_word' id='word_1_490' title='bbox 184 4263 306 4328; x_wconf 87' lang='grc' dir='ltr'>νῦν,</span> <span class='ocrx_word' id='word_1_491' title='bbox 343 4260 402 4324; x_wconf 85' lang='grc' dir='ltr'>ὃς</span> <span class='ocrx_word' id='word_1_492' title='bbox 438 4261 553 4330; x_wconf 79' lang='grc' dir='ltr'>ἔχει</span> <span class='ocrx_word' id='word_1_493' title='bbox 581 4256 769 4326; x_wconf 79' lang='grc' dir='ltr'>πηγὴν</span> <span class='ocrx_word' id='word_1_494' title='bbox 829 4255 930 4322; x_wconf 85' lang='grc' dir='ltr'><strong>τὴν</strong></span> <span class='ocrx_word' id='word_1_495' title='bbox 961 4254 1213 4322; x_wconf 86' lang='grc' dir='ltr'>καρδίαν.</span> <span class='ocrx_word' id='word_1_496' title='bbox 1242 4251 1460 4324; x_wconf 84' lang='grc' dir='ltr'>Προϊὼν</span> <span class='ocrx_word' id='word_1_497' title='bbox 1500 4250 1558 4304; x_wconf 83' lang='grc' dir='ltr'>δὲ</span> <span class='ocrx_word' id='word_1_498' title='bbox 1606 4265 1786 4322; x_wconf 77' lang='grc' dir='ltr'>σαφη-</span> 
     </span>
    </p>
   </div>
   <div class='ocr_carea' id='block_1_74' title="bbox 185 4347 1244 4423">
    <p class='ocr_par' dir='ltr' id='par_1_74' title="bbox 185 4347 1244 4423">
     <span class='ocr_line' id='line_1_74' title="bbox 185 4347 1244 4423; baseline 0.002 -22"><span class='ocrx_word' id='word_1_499' title='bbox 185 4359 326 4423; x_wconf 68' lang='grc' dir='ltr'>νῖζει</span> <span class='ocrx_word' id='word_1_500' title='bbox 353 4357 422 4408; x_wconf 75' lang='grc' dir='ltr'><strong>τά</strong></span> <span class='ocrx_word' id='word_1_501' title='bbox 445 4351 676 4419; x_wconf 74' lang='grc' dir='ltr'>ἀσαφῶς</span> <span class='ocrx_word' id='word_1_502' title='bbox 709 4348 944 4401; x_wconf 76' lang='grc' dir='ltr'>ἐνταῦθα</span> <span class='ocrx_word' id='word_1_503' title='bbox 983 4347 1244 4420; x_wconf 80' lang='grc' dir='ltr'>ρηθέντα.</span> 
     </span>
    </p>
   </div>
   <div class='ocr_carea' id='block_1_75' title="bbox 267 4438 1788 4509">
    <p class='ocr_par' dir='ltr' id='par_1_75' title="bbox 267 4438 1788 4509">
     <span class='ocr_line' id='line_1_75' title="bbox 267 4438 1788 4509; baseline -0.01 -5"><span class='ocrx_word' id='word_1_504' title='bbox 267 4452 406 4504; x_wconf 81' lang='grc' dir='ltr'>Τότε</span> <span class='ocrx_word' id='word_1_505' title='bbox 432 4477 500 4489; x_wconf 91' lang='grc'><strong><em>-</em></strong></span> <span class='ocrx_word' id='word_1_506' title='bbox 527 4444 1140 4509; x_wconf 66' lang='grc' dir='ltr'>ἐσκανδαλίσθησαν.</span> <span class='ocrx_word' id='word_1_507' title='bbox 1175 4442 1336 4493; x_wconf 85' lang='grc' dir='ltr'>Ποῖον</span> <span class='ocrx_word' id='word_1_508' title='bbox 1381 4438 1542 4506; x_wconf 90' lang='grc' dir='ltr'>λόγον</span> <span class='ocrx_word' id='word_1_509' title='bbox 1575 4438 1788 4508; x_wconf 85' lang='grc' dir='ltr'>Δηλαδὴ</span> 
     </span>
    </p>
   </div>
   <div class='ocr_carea' id='block_1_76' title="bbox 1890 3206 3498 3281">
    <p class='ocr_par' dir='ltr' id='par_1_76' title="bbox 1890 3206 3498 3281">
     <span class='ocr_line' id='line_1_76' title="bbox 1890 3206 3498 3281; baseline 0 -19"><span class='ocrx_word' id='word_1_510' title='bbox 1890 3218 2020 3281; x_wconf 85' lang='lat' dir='ltr'><strong>puta</strong></span> <span class='ocrx_word' id='word_1_511' title='bbox 2045 3208 2190 3278; x_wconf 85' lang='lat' dir='ltr'><strong>quod</strong></span> <span class='ocrx_word' id='word_1_512' title='bbox 2238 3207 2377 3261; x_wconf 82' lang='lat' dir='ltr'><strong>nihil</strong></span> <span class='ocrx_word' id='word_1_513' title='bbox 2431 3206 2634 3262; x_wconf 81' lang='lat' dir='ltr'><strong>factum</strong></span> <span class='ocrx_word' id='word_1_514' title='bbox 2677 3222 2706 3261; x_wconf 89' lang='lat' dir='ltr'><strong>a</strong></span> <span class='ocrx_word' id='word_1_515' title='bbox 2764 3209 2896 3270; x_wconf 87' lang='lat' dir='ltr'><strong>Deo,</strong></span> <span class='ocrx_word' id='word_1_516' title='bbox 2960 3217 3157 3262; x_wconf 88' lang='lat' dir='ltr'><strong>natura</strong></span> <span class='ocrx_word' id='word_1_517' title='bbox 3221 3209 3498 3278; x_wconf 88' lang='lat' dir='ltr'><strong>impurum</strong></span> 
     </span>
    </p>
   </div>
   <div class='ocr_carea' id='block_1_77' title="bbox 1890 3299 3500 3372">
    <p class='ocr_par' dir='ltr' id='par_1_77' title="bbox 1890 3299 3500 3372">
     <span class='ocr_line' id='line_1_77' title="bbox 1890 3299 3500 3372; baseline -0.001 -16"><span class='ocrx_word' id='word_1_518' title='bbox 1890 3312 1992 3356; x_wconf 83' lang='lat' dir='ltr'><strong>est.</strong></span> <span class='ocrx_word' id='word_1_519' title='bbox 2028 3301 2119 3355; x_wconf 83' lang='lat' dir='ltr'><strong>Ait</strong></span> <span class='ocrx_word' id='word_1_520' title='bbox 2151 3300 2296 3354; x_wconf 87' lang='lat' dir='ltr'><strong>enim</strong></span> <span class='ocrx_word' id='word_1_521' title='bbox 2359 3299 2596 3358; x_wconf 79' lang='lat' dir='ltr'><strong>Moses:</strong></span> <span class='ocrx_word' id='word_1_522' title='bbox 2662 3299 2728 3354; x_wconf 80' lang='lat' dir='ltr'><strong>Et</strong></span> <span class='ocrx_word' id='word_1_523' title='bbox 2788 3303 2917 3354; x_wconf 80' lang='lat' dir='ltr'><strong>uidit</strong></span> <span class='ocrx_word' id='word_1_524' title='bbox 2973 3301 3113 3355; x_wconf 82' lang='lat' dir='ltr'><strong>Deus</strong></span> <span class='ocrx_word' id='word_1_525' title='bbox 3174 3318 3500 3372; x_wconf 80' lang='lat' dir='ltr'><strong>qua&#39;cunque</strong></span> 
     </span>
    </p>
   </div>
   <div class='ocr_carea' id='block_1_78' title="bbox 1891 3395 3499 3466">
    <p class='ocr_par' dir='ltr' id='par_1_78' title="bbox 1891 3395 3499 3466">
     <span class='ocr_line' id='line_1_78' title="bbox 1891 3395 3499 3466; baseline 0 -17"><span class='ocrx_word' id='word_1_526' title='bbox 1891 3398 2112 3466; x_wconf 80' lang='lat' dir='ltr'><strong>fecerat,</strong></span> <span class='ocrx_word' id='word_1_527' title='bbox 2143 3405 2191 3450; x_wconf 87' lang='lat' dir='ltr'><strong>et</strong></span> <span class='ocrx_word' id='word_1_528' title='bbox 2224 3413 2340 3450; x_wconf 82' lang='lat' dir='ltr'><strong>ecce</strong></span> <span class='ocrx_word' id='word_1_529' title='bbox 2371 3399 2506 3449; x_wconf 80' lang='lat' dir='ltr'><strong>bona</strong></span> <span class='ocrx_word' id='word_1_530' title='bbox 2531 3395 2686 3450; x_wconf 80' lang='lat' dir='ltr'><strong>valde</strong></span> <span class='ocrx_word' id='word_1_531' title='bbox 2708 3397 2778 3449; x_wconf 74' lang='grc' dir='ltr'><strong>⁵¹ο</strong></span> <span class='ocrx_word' id='word_1_532' title='bbox 2814 3395 3014 3450; x_wconf 79' lang='lat' dir='ltr'><strong>Dicunt</strong></span> <span class='ocrx_word' id='word_1_533' title='bbox 3073 3411 3204 3465; x_wconf 64' lang='lat' dir='ltr'><strong>ergo</strong></span> <span class='ocrx_word' id='word_1_534' title='bbox 3237 3397 3338 3450; x_wconf 89' lang='lat' dir='ltr'><strong>hac</strong></span> <span class='ocrx_word' id='word_1_535' title='bbox 3366 3413 3499 3466; x_wconf 85' lang='lat' dir='ltr'><strong>pro-</strong></span> 
     </span>
    </p>
   </div>
   <div class='ocr_carea' id='block_1_79' title="bbox 1893 3489 3499 3558">
    <p class='ocr_par' dir='ltr' id='par_1_79' title="bbox 1893 3489 3499 3558">
     <span class='ocr_line' id='line_1_79' title="bbox 1893 3489 3499 3558; baseline 0 -16"><span class='ocrx_word' id='word_1_536' title='bbox 1893 3490 2132 3545; x_wconf 76' lang='lat' dir='ltr'><strong>tundiori</strong></span> <span class='ocrx_word' id='word_1_537' title='bbox 2175 3490 2636 3558; x_wconf 89' lang='lat' dir='ltr'><strong>interpretatione</strong></span> <span class='ocrx_word' id='word_1_538' title='bbox 2669 3489 2922 3543; x_wconf 91' lang='lat' dir='ltr'><strong>ciborum</strong></span> <span class='ocrx_word' id='word_1_539' title='bbox 2959 3489 3110 3554; x_wconf 80' lang='lat' dir='ltr'><strong>rejici</strong></span> <span class='ocrx_word' id='word_1_540' title='bbox 3148 3489 3499 3543; x_wconf 81' lang='lat' dir='ltr'><strong>observatio-</strong></span> 
     </span>
    </p>
   </div>
   <div class='ocr_carea' id='block_1_80' title="bbox 1891 3584 3498 3654">
    <p class='ocr_par' dir='ltr' id='par_1_80' title="bbox 1891 3584 3498 3654">
     <span class='ocr_line' id='line_1_80' title="bbox 1891 3584 3498 3654; baseline -0.002 -14"><span class='ocrx_word' id='word_1_541' title='bbox 1891 3602 2042 3650; x_wconf 88' lang='lat' dir='ltr'><strong>nem,</strong></span> <span class='ocrx_word' id='word_1_542' title='bbox 2087 3601 2250 3654; x_wconf 87' lang='lat' dir='ltr'><strong>quam</strong></span> <span class='ocrx_word' id='word_1_543' title='bbox 2284 3585 2457 3641; x_wconf 75' lang='lat' dir='ltr'><strong>Judaei</strong></span> <span class='ocrx_word' id='word_1_544' title='bbox 2509 3584 2828 3640; x_wconf 76' lang='lat' dir='ltr'><strong>servabant.</strong></span> <span class='ocrx_word' id='word_1_545' title='bbox 2881 3584 3016 3638; x_wconf 74' lang='lat' dir='ltr'><strong>Nam</strong></span> <span class='ocrx_word' id='word_1_546' title='bbox 3072 3600 3195 3637; x_wconf 89' lang='lat' dir='ltr'><strong>cum</strong></span> <span class='ocrx_word' id='word_1_547' title='bbox 3237 3584 3345 3647; x_wconf 84' lang='lat' dir='ltr'><strong>lex,</strong></span> <span class='ocrx_word' id='word_1_548' title='bbox 3378 3600 3498 3650; x_wconf 63' lang='lat' dir='ltr'><strong>qum</strong></span> 
     </span>
    </p>
   </div>
   <div class='ocr_carea' id='block_1_81' title="bbox 1892 3675 3496 3750">
    <p class='ocr_par' dir='ltr' id='par_1_81' title="bbox 1892 3675 3496 3750">
     <span class='ocr_line' id='line_1_81' title="bbox 1892 3675 3496 3750; baseline -0.004 -15"><span class='ocrx_word' id='word_1_549' title='bbox 1892 3682 1960 3735; x_wconf 90' lang='lat' dir='ltr'><strong>de</strong></span> <span class='ocrx_word' id='word_1_550' title='bbox 1985 3680 2122 3736; x_wconf 83' lang='lat' dir='ltr'><strong>cibis</strong></span> <span class='ocrx_word' id='word_1_551' title='bbox 2144 3688 2284 3743; x_wconf 90' lang='lat' dir='ltr'><strong>erat,</strong></span> <span class='ocrx_word' id='word_1_552' title='bbox 2310 3679 2662 3750; x_wconf 78' lang='lat' dir='ltr'><strong>allegoricum</strong></span> <span class='ocrx_word' id='word_1_553' title='bbox 2695 3679 2915 3733; x_wconf 83' lang='lat' dir='ltr'><strong>haberet</strong></span> <span class='ocrx_word' id='word_1_554' title='bbox 2942 3678 3301 3742; x_wconf 72' lang='lat' dir='ltr'><strong>intellectum,</strong></span> <span class='ocrx_word' id='word_1_555' title='bbox 3321 3675 3496 3731; x_wconf 77' lang='lat' dir='ltr'><strong>Judaei</strong></span> 
     </span>
    </p>
   </div>
   <div class='ocr_carea' id='block_1_82' title="bbox 1891 3768 3500 3841">
    <p class='ocr_par' dir='ltr' id='par_1_82' title="bbox 1891 3768 3500 3841">
     <span class='ocr_line' id='line_1_82' title="bbox 1891 3768 3500 3841; baseline -0.003 -16"><span class='ocrx_word' id='word_1_556' title='bbox 1891 3773 1986 3841; x_wconf 91' lang='lat' dir='ltr'><strong>qui</strong></span> <span class='ocrx_word' id='word_1_557' title='bbox 2025 3771 2163 3825; x_wconf 85' lang='lat' dir='ltr'><strong>nihil</strong></span> <span class='ocrx_word' id='word_1_558' title='bbox 2205 3771 2486 3826; x_wconf 86' lang='lat' dir='ltr'><strong>excelsum</strong></span> <span class='ocrx_word' id='word_1_559' title='bbox 2528 3771 2769 3839; x_wconf 77' lang='lat' dir='ltr'><strong>cogitare</strong></span> <span class='ocrx_word' id='word_1_560' title='bbox 2820 3777 3099 3838; x_wconf 80' lang='lat' dir='ltr'><strong>poterant,</strong></span> <span class='ocrx_word' id='word_1_561' title='bbox 3137 3768 3500 3837; x_wconf 80' lang='lat' dir='ltr'><strong>corporaliter</strong></span> 
     </span>
    </p>
   </div>
   <div class='ocr_carea' id='block_1_83' title="bbox 1893 3861 3424 3935">
    <p class='ocr_par' dir='ltr' id='par_1_83' title="bbox 1893 3861 3424 3935">
     <span class='ocr_line' id='line_1_83' title="bbox 1893 3861 3424 3935; baseline -0.004 -15"><span class='ocrx_word' id='word_1_562' title='bbox 1893 3876 1948 3920; x_wconf 90' lang='lat' dir='ltr'><strong>et</strong></span> <span class='ocrx_word' id='word_1_563' title='bbox 1970 3873 2133 3935; x_wconf 88' lang='lat' dir='ltr'><strong>prout</strong></span> <span class='ocrx_word' id='word_1_564' title='bbox 2167 3865 2224 3919; x_wconf 91' lang='lat' dir='ltr'><strong>in</strong></span> <span class='ocrx_word' id='word_1_565' title='bbox 2258 3863 2564 3934; x_wconf 89' lang='lat' dir='ltr'><strong>conspicuo</strong></span> <span class='ocrx_word' id='word_1_566' title='bbox 2599 3871 2779 3925; x_wconf 77' lang='lat' dir='ltr'><strong>erant,</strong></span> <span class='ocrx_word' id='word_1_567' title='bbox 2837 3863 3022 3915; x_wconf 86' lang='lat' dir='ltr'><strong>omnia</strong></span> <span class='ocrx_word' id='word_1_568' title='bbox 3051 3861 3424 3930; x_wconf 83' lang='lat' dir='ltr'><strong>excipiebant.</strong></span> 
     </span>
    </p>
   </div>
   <div class='ocr_carea' id='block_1_84' title="bbox 1965 4041 3499 4111">
    <p class='ocr_par' dir='ltr' id='par_1_84' title="bbox 1965 4041 3499 4111">
     <span class='ocr_line' id='line_1_84' title="bbox 1965 4041 3499 4111; baseline -0.005 -9"><span class='ocrx_word' id='word_1_569' title='bbox 1965 4047 2240 4102; x_wconf 53' lang='lat' dir='ltr'><strong>Vera“.</strong></span> <span class='ocrx_word' id='word_1_570' title='bbox 2277 4045 2382 4100; x_wconf 87' lang='lat' dir='ltr'><strong>Sed</strong></span> <span class='ocrx_word' id='word_1_571' title='bbox 2437 4074 2509 4086; x_wconf 91' lang='lat'><strong>—-</strong></span> <span class='ocrx_word' id='word_1_572' title='bbox 2576 4045 2864 4098; x_wconf 81' lang='lat' dir='ltr'><strong>hominem.</strong></span> <span class='ocrx_word' id='word_1_573' title='bbox 2930 4043 3220 4111; x_wconf 71' lang='lat' dir='ltr'><strong>Egreditur</strong></span> <span class='ocrx_word' id='word_1_574' title='bbox 3286 4041 3352 4095; x_wconf 87' lang='lat' dir='ltr'><strong>de</strong></span> <span class='ocrx_word' id='word_1_575' title='bbox 3405 4057 3499 4095; x_wconf 92' lang='lat' dir='ltr'><strong>ore</strong></span> 
     </span>
    </p>
   </div>
   <div class='ocr_carea' id='block_1_85' title="bbox 1893 4133 3501 4204">
    <p class='ocr_par' dir='ltr' id='par_1_85' title="bbox 1893 4133 3501 4204">
     <span class='ocr_line' id='line_1_85' title="bbox 1893 4133 3501 4204; baseline -0.007 -8"><span class='ocrx_word' id='word_1_576' title='bbox 1893 4142 2073 4196; x_wconf 88' lang='lat' dir='ltr'><strong>omnis</strong></span> <span class='ocrx_word' id='word_1_577' title='bbox 2099 4155 2285 4194; x_wconf 88' lang='lat' dir='ltr'><strong>sermo</strong></span> <span class='ocrx_word' id='word_1_578' title='bbox 2315 4158 2326 4192; x_wconf 93' lang='lat'><strong>:</strong></span> <span class='ocrx_word' id='word_1_579' title='bbox 2354 4137 2448 4193; x_wconf 86' lang='lat' dir='ltr'><strong>sed</strong></span> <span class='ocrx_word' id='word_1_580' title='bbox 2483 4152 2631 4192; x_wconf 90' lang='lat' dir='ltr'><strong>nunc</strong></span> <span class='ocrx_word' id='word_1_581' title='bbox 2679 4137 2748 4190; x_wconf 91' lang='lat' dir='ltr'><strong>de</strong></span> <span class='ocrx_word' id='word_1_582' title='bbox 2777 4136 2922 4190; x_wconf 88' lang='lat' dir='ltr'><strong>malo</strong></span> <span class='ocrx_word' id='word_1_583' title='bbox 2959 4134 3222 4204; x_wconf 89' lang='lat' dir='ltr'><strong>loquitur,</strong></span> <span class='ocrx_word' id='word_1_584' title='bbox 3270 4133 3361 4200; x_wconf 89' lang='lat' dir='ltr'><strong>qui</strong></span> <span class='ocrx_word' id='word_1_585' title='bbox 3404 4148 3501 4186; x_wconf 87' lang='lat' dir='ltr'><strong>cor</strong></span> 
     </span>
    </p>
   </div>
   <div class='ocr_carea' id='block_1_86' title="bbox 1896 4226 3499 4303">
    <p class='ocr_par' dir='ltr' id='par_1_86' title="bbox 1896 4226 3499 4303">
     <span class='ocr_line' id='line_1_86' title="bbox 1896 4226 3499 4303; baseline -0.006 -16"><span class='ocrx_word' id='word_1_586' title='bbox 1896 4251 1994 4303; x_wconf 88' lang='lat' dir='ltr'><strong>pro</strong></span> <span class='ocrx_word' id='word_1_587' title='bbox 2027 4237 2177 4286; x_wconf 91' lang='lat' dir='ltr'><strong>lonte</strong></span> <span class='ocrx_word' id='word_1_588' title='bbox 2209 4231 2394 4285; x_wconf 87' lang='lat' dir='ltr'><strong>habet.</strong></span> <span class='ocrx_word' id='word_1_589' title='bbox 2428 4230 2482 4282; x_wconf 87' lang='lat' dir='ltr'><strong>In</strong></span> <span class='ocrx_word' id='word_1_590' title='bbox 2508 4230 2867 4298; x_wconf 85' lang='lat' dir='ltr'><strong>sequentibus</strong></span> <span class='ocrx_word' id='word_1_591' title='bbox 2899 4239 3081 4283; x_wconf 88' lang='lat' dir='ltr'><strong>autem</strong></span> <span class='ocrx_word' id='word_1_592' title='bbox 3125 4226 3499 4280; x_wconf 80' lang='lat' dir='ltr'><strong>manifestiora</strong></span> 
     </span>
    </p>
   </div>
   <div class='ocr_carea' id='block_1_87' title="bbox 1895 4325 2995 4396">
    <p class='ocr_par' dir='ltr' id='par_1_87' title="bbox 1895 4325 2995 4396">
     <span class='ocr_line' id='line_1_87' title="bbox 1895 4325 2995 4396; baseline -0.005 -15"><span class='ocrx_word' id='word_1_593' title='bbox 1895 4327 2100 4390; x_wconf 88' lang='lat' dir='ltr'><strong>reddit,</strong></span> <span class='ocrx_word' id='word_1_594' title='bbox 2129 4341 2249 4396; x_wconf 65' lang='lat' dir='ltr'><strong>qute</strong></span> <span class='ocrx_word' id='word_1_595' title='bbox 2285 4325 2376 4379; x_wconf 91' lang='lat' dir='ltr'><strong>hic</strong></span> <span class='ocrx_word' id='word_1_596' title='bbox 2405 4325 2642 4379; x_wconf 79' lang='lat' dir='ltr'><strong>obscure</strong></span> <span class='ocrx_word' id='word_1_597' title='bbox 2670 4325 2814 4378; x_wconf 89' lang='lat' dir='ltr'><strong>dicta</strong></span> <span class='ocrx_word' id='word_1_598' title='bbox 2843 4334 2995 4378; x_wconf 91' lang='lat' dir='ltr'><strong>sunt.</strong></span> 
     </span>
    </p>
   </div>
   <div class='ocr_carea' id='block_1_88' title="bbox 1972 4411 3506 4487">
    <p class='ocr_par' dir='ltr' id='par_1_88' title="bbox 1972 4411 3506 4487">
     <span class='ocr_line' id='line_1_88' title="bbox 1972 4411 3506 4487; baseline -0.006 -15"><span class='ocrx_word' id='word_1_599' title='bbox 1972 4419 2128 4474; x_wconf 80' lang='lat' dir='ltr'><strong>Vers.</strong></span> <span class='ocrx_word' id='word_1_600' title='bbox 2163 4419 2249 4473; x_wconf 72' lang='lat'><strong>12.</strong></span> <span class='ocrx_word' id='word_1_601' title='bbox 2280 4418 2422 4471; x_wconf 83' lang='lat' dir='ltr'><strong>Tunc</strong></span> <span class='ocrx_word' id='word_1_602' title='bbox 2452 4448 2519 4456; x_wconf 91' lang='grc'><strong>--</strong></span> <span class='ocrx_word' id='word_1_603' title='bbox 2543 4417 2761 4486; x_wconf 73' lang='lat' dir='ltr'><strong>oﬂ&#39;ensos</strong></span> <span class='ocrx_word' id='word_1_604' title='bbox 2807 4417 2988 4487; x_wconf 78' lang='lat' dir='ltr'><strong>fuisse.</strong></span> <span class='ocrx_word' id='word_1_605' title='bbox 3021 4412 3142 4481; x_wconf 84' lang='lat' dir='ltr'><strong>Quo</strong></span> <span class='ocrx_word' id='word_1_606' title='bbox 3200 4427 3459 4467; x_wconf 89' lang='lat' dir='ltr'><strong>sermone</strong></span> <span class='ocrx_word' id='word_1_607' title='bbox 3481 4411 3506 4463; x_wconf 66' lang='grc' dir='ltr'><em>ἲ</em></span> 
     </span>
    </p>
   </div>
   <div class='ocr_carea' id='block_1_89' title="bbox 185 4505 1788 4608">
    <p class='ocr_par' dir='ltr' id='par_1_89' title="bbox 185 4505 1788 4608">
     <span class='ocr_line' id='line_1_89' title="bbox 185 4505 1788 4608; baseline -0.009 -9"><span class='ocrx_word' id='word_1_608' title='bbox 185 4547 280 4598; x_wconf 69' lang='grc' dir='ltr'><strong>τὸν</strong></span> <span class='ocrx_word' id='word_1_609' title='bbox 332 4543 588 4608; x_wconf 79' lang='grc' dir='ltr'>λέγοντα,</span> <span class='ocrx_word' id='word_1_610' title='bbox 650 4539 736 4590; x_wconf 78' lang='grc' dir='ltr'>ὃτι</span> <span class='ocrx_word' id='word_1_611' title='bbox 784 4536 844 4588; x_wconf 83' lang='grc' dir='ltr'><strong>ού</strong></span> <span class='ocrx_word' id='word_1_612' title='bbox 878 4537 940 4587; x_wconf 82' lang='grc' dir='ltr'>τὸ</span> <span class='ocrx_word' id='word_1_613' title='bbox 977 4505 1371 4605; x_wconf 69' lang='grc' dir='ltr'>εἰσερχόμενον</span> <span class='ocrx_word' id='word_1_614' title='bbox 1411 4505 1492 4596; x_wconf 84' lang='grc' dir='ltr'><strong>εἰς</strong></span> <span class='ocrx_word' id='word_1_615' title='bbox 1518 4532 1577 4586; x_wconf 78' lang='grc' dir='ltr'>τὸ</span> <span class='ocrx_word' id='word_1_616' title='bbox 1611 4505 1788 4599; x_wconf 72' lang='grc' dir='ltr'>στόμα</span> 
     </span>
    </p>
   </div>
   <div class='ocr_carea' id='block_1_90' title="bbox 1909 4505 3504 4608">
    <p class='ocr_par' dir='ltr' id='par_1_90' title="bbox 1909 4507 3504 4582">
     <span class='ocr_line' id='line_1_90' title="bbox 1909 4507 3504 4582; baseline -0.004 -16"><span class='ocrx_word' id='word_1_617' title='bbox 1909 4512 1974 4566; x_wconf 77' lang='lat' dir='ltr'><strong>Eo</strong></span> <span class='ocrx_word' id='word_1_618' title='bbox 1999 4513 2255 4568; x_wconf 85' lang='lat' dir='ltr'><strong>videlicet</strong></span> <span class='ocrx_word' id='word_1_619' title='bbox 2287 4528 2396 4582; x_wconf 93' lang='lat' dir='ltr'><strong>quo</strong></span> <span class='ocrx_word' id='word_1_620' title='bbox 2422 4511 2642 4566; x_wconf 87' lang='lat' dir='ltr'><strong>dicebat</strong></span> <span class='ocrx_word' id='word_1_621' title='bbox 2675 4528 2688 4564; x_wconf 91' lang='lat'><strong>:</strong></span> <span class='ocrx_word' id='word_1_622' title='bbox 2739 4509 2860 4565; x_wconf 84' lang='lat' dir='ltr'><strong>Non</strong></span> <span class='ocrx_word' id='word_1_623' title='bbox 2895 4510 3039 4578; x_wconf 89' lang='lat' dir='ltr'><strong>quod</strong></span> <span class='ocrx_word' id='word_1_624' title='bbox 3086 4509 3249 4562; x_wconf 75' lang='lat' dir='ltr'><strong>intrat</strong></span> <span class='ocrx_word' id='word_1_625' title='bbox 3304 4507 3358 4560; x_wconf 89' lang='lat' dir='ltr'><strong>in</strong></span> <span class='ocrx_word' id='word_1_626' title='bbox 3418 4521 3504 4568; x_wconf 90' lang='lat' dir='ltr'><strong>os,</strong></span> 
     </span>
    </p>
   </div>
   <div class='ocr_carea' id='block_1_91' title="bbox 187 4623 1792 4701">
    <p class='ocr_par' dir='ltr' id='par_1_91' title="bbox 187 4623 1792 4701">
     <span class='ocr_line' id='line_1_91' title="bbox 187 4623 1792 4701; baseline -0.011 -10"><span class='ocrx_word' id='word_1_627' title='bbox 187 4637 366 4692; x_wconf 86' lang='grc' dir='ltr'>κοινοῖ</span> <span class='ocrx_word' id='word_1_628' title='bbox 400 4634 492 4686; x_wconf 72' lang='grc' dir='ltr'><strong>τὸν</strong></span> <span class='ocrx_word' id='word_1_629' title='bbox 519 4632 830 4701; x_wconf 80' lang='grc' dir='ltr'>ἄνθρωπον.</span> <span class='ocrx_word' id='word_1_630' title='bbox 878 4627 1173 4699; x_wconf 81' lang='grc' dir='ltr'>Ἀνέτρεπε</span> <span class='ocrx_word' id='word_1_631' title='bbox 1227 4627 1336 4696; x_wconf 85' lang='grc' dir='ltr'>γὰρ</span> <span class='ocrx_word' id='word_1_632' title='bbox 1357 4626 1458 4696; x_wconf 78' lang='grc' dir='ltr'>τὴν</span> <span class='ocrx_word' id='word_1_633' title='bbox 1487 4623 1792 4696; x_wconf 84' lang='grc' dir='ltr'>παράδοσιν</span> 
     </span>
    </p>
   </div>
   <div class='ocr_carea' id='block_1_92' title="bbox 187 4725 755 4796">
    <p class='ocr_par' dir='ltr' id='par_1_92' title="bbox 187 4725 755 4796">
     <span class='ocr_line' id='line_1_92' title="bbox 187 4725 755 4796; baseline -0.012 -11"><span class='ocrx_word' id='word_1_634' title='bbox 187 4731 300 4784; x_wconf 74' lang='grc' dir='ltr'><strong>τῶν</strong></span> <span class='ocrx_word' id='word_1_635' title='bbox 331 4725 755 4796; x_wconf 67' lang='grc' dir='ltr'>πρεσϐυτέρων.</span> 
     </span>
    </p>
   </div>
   <div class='ocr_carea' id='block_1_93' title="bbox 274 4810 1792 4885">
    <p class='ocr_par' dir='ltr' id='par_1_93' title="bbox 274 4810 1792 4885">
     <span class='ocr_line' id='line_1_93' title="bbox 274 4810 1792 4885; baseline -0.009 -10"><span class='ocrx_word' id='word_1_636' title='bbox 274 4824 339 4875; x_wconf 90' lang='grc' dir='ltr'><strong><em>Ὀ</em></strong></span> <span class='ocrx_word' id='word_1_637' title='bbox 371 4819 439 4872; x_wconf 84' lang='grc' dir='ltr'>δὲ</span> <span class='ocrx_word' id='word_1_638' title='bbox 468 4849 537 4858; x_wconf 92' lang='grc'><strong><em>-</em></strong></span> <span class='ocrx_word' id='word_1_639' title='bbox 561 4815 1039 4885; x_wconf 74' lang='grc' dir='ltr'>ἐκριζωθήσεται.</span> <span class='ocrx_word' id='word_1_640' title='bbox 1082 4814 1315 4867; x_wconf 78' lang='grc' dir='ltr'>Φυτείαν</span> <span class='ocrx_word' id='word_1_641' title='bbox 1347 4811 1498 4880; x_wconf 82' lang='grc' dir='ltr'>λέγει</span> <span class='ocrx_word' id='word_1_642' title='bbox 1538 4810 1637 4864; x_wconf 80' lang='grc' dir='ltr'><strong>νῦν</strong></span> <span class='ocrx_word' id='word_1_643' title='bbox 1692 4811 1792 4881; x_wconf 82' lang='grc' dir='ltr'>τὴν</span> 
     </span>
    </p>
   </div>
   <div class='ocr_carea' id='block_1_94' title="bbox 191 4905 1792 4983">
    <p class='ocr_par' dir='ltr' id='par_1_94' title="bbox 191 4905 1792 4983">
     <span class='ocr_line' id='line_1_94' title="bbox 191 4905 1792 4983; baseline -0.009 -13"><span class='ocrx_word' id='word_1_644' title='bbox 191 4916 497 4983; x_wconf 79' lang='grc' dir='ltr'>παράδοσιν</span> <span class='ocrx_word' id='word_1_645' title='bbox 531 4911 642 4966; x_wconf 85' lang='grc' dir='ltr'><strong>τῶν</strong></span> <span class='ocrx_word' id='word_1_646' title='bbox 676 4909 1071 4982; x_wconf 78' lang='grc' dir='ltr'>πρεσόυτὲρων</span> <span class='ocrx_word' id='word_1_647' title='bbox 1123 4910 1218 4962; x_wconf 76' lang='grc' dir='ltr'>καὶ</span> <span class='ocrx_word' id='word_1_648' title='bbox 1252 4909 1319 4961; x_wconf 83' lang='grc' dir='ltr'>τὰ</span> <span class='ocrx_word' id='word_1_649' title='bbox 1348 4906 1664 4976; x_wconf 72' lang='grc' dir='ltr'>ἐντάλματα</span> <span class='ocrx_word' id='word_1_650' title='bbox 1683 4905 1792 4957; x_wconf 84' lang='grc' dir='ltr'>τῶν</span> 
     </span>
    </p>
   </div>
   <div class='ocr_carea' id='block_1_95' title="bbox 190 5005 519 5076">
    <p class='ocr_par' dir='ltr' id='par_1_95' title="bbox 190 5005 519 5076">
     <span class='ocr_line' id='line_1_95' title="bbox 190 5005 519 5076; baseline -0.012 -17"><span class='ocrx_word' id='word_1_651' title='bbox 190 5005 290 5063; x_wconf 86' lang='grc' dir='ltr'>ἀνθ</span> <span class='ocrx_word' id='word_1_652' title='bbox 300 5005 519 5076; x_wconf 83' lang='grc' dir='ltr'>ρώπων.</span> 
     </span>
    </p>
   </div>
   <div class='ocr_carea' id='block_1_96' title="bbox 269 5089 1792 5168">
    <p class='ocr_par' dir='ltr' id='par_1_96' title="bbox 269 5089 1792 5168">
     <span class='ocr_line' id='line_1_96' title="bbox 269 5089 1792 5168; baseline -0.008 -16"><span class='ocrx_word' id='word_1_653' title='bbox 269 5101 478 5168; x_wconf 72' lang='grc' dir='ltr'>Ἄφετε</span> <span class='ocrx_word' id='word_1_654' title='bbox 513 5125 584 5136; x_wconf 87' lang='lat'><strong>-——</strong></span> <span class='ocrx_word' id='word_1_655' title='bbox 621 5094 864 5159; x_wconf 81' lang='grc' dir='ltr'>αὐτοὺς.</span> <span class='ocrx_word' id='word_1_656' title='bbox 917 5093 1004 5155; x_wconf 86' lang='grc' dir='ltr'>Ὠς</span> <span class='ocrx_word' id='word_1_657' title='bbox 1037 5092 1316 5155; x_wconf 83' lang='grc' dir='ltr'>ἀνιάτους.</span> <span class='ocrx_word' id='word_1_658' title='bbox 1363 5090 1464 5143; x_wconf 80' lang='grc' dir='ltr'><strong>Διὰ</strong></span> <span class='ocrx_word' id='word_1_659' title='bbox 1492 5090 1652 5143; x_wconf 83' lang='grc' dir='ltr'>τοῦτο</span> <span class='ocrx_word' id='word_1_660' title='bbox 1682 5089 1792 5159; x_wconf 67' lang='grc' dir='ltr'><strong>γὰρ</strong></span> 
     </span>
    </p>
   </div>
   <div class='ocr_carea' id='block_1_97' title="bbox 192 5181 1794 5256">
    <p class='ocr_par' dir='ltr' id='par_1_97' title="bbox 192 5181 1794 5256">
     <span class='ocr_line' id='line_1_97' title="bbox 192 5181 1794 5256; baseline -0.009 -11"><span class='ocrx_word' id='word_1_661' title='bbox 192 5191 315 5245; x_wconf 77' lang='grc' dir='ltr'><strong>ουδέ</strong></span> <span class='ocrx_word' id='word_1_662' title='bbox 369 5187 710 5256; x_wconf 87' lang='grc' dir='ltr'>ἐθεράπευσε</span> <span class='ocrx_word' id='word_1_663' title='bbox 735 5183 797 5236; x_wconf 80' lang='grc' dir='ltr'>τὸ</span> <span class='ocrx_word' id='word_1_664' title='bbox 826 5182 1127 5237; x_wconf 81' lang='grc' dir='ltr'>σκάνδαλον</span> <span class='ocrx_word' id='word_1_665' title='bbox 1166 5182 1370 5242; x_wconf 74' lang='grc' dir='ltr'>αὐτῶν,</span> <span class='ocrx_word' id='word_1_666' title='bbox 1400 5181 1557 5244; x_wconf 82' lang='grc' dir='ltr'>εἰδὼς</span> <span class='ocrx_word' id='word_1_667' title='bbox 1593 5182 1794 5242; x_wconf 74' lang='grc' dir='ltr'>αὐτοὺς</span> 
     </span>
    </p>
   </div>
   <div class='ocr_carea' id='block_1_98' title="bbox 192 5279 921 5350">
    <p class='ocr_par' dir='ltr' id='par_1_98' title="bbox 192 5279 921 5350">
     <span class='ocr_line' id='line_1_98' title="bbox 192 5279 921 5350; baseline -0.01 -13"><span class='ocrx_word' id='word_1_668' title='bbox 192 5284 347 5337; x_wconf 71' lang='grc' dir='ltr'>οὐδὲν</span> <span class='ocrx_word' id='word_1_669' title='bbox 369 5279 921 5350; x_wconf 78' lang='grc' dir='ltr'>ὠφεληθησομένους.</span> 
     </span>
    </p>
   </div>
   <div class='ocr_carea' id='block_1_99' title="bbox 283 5453 1796 5530">
    <p class='ocr_par' dir='ltr' id='par_1_99' title="bbox 283 5453 1796 5530">
     <span class='ocr_line' id='line_1_99' title="bbox 283 5453 1796 5530; baseline -0.007 -16"><span class='ocrx_word' id='word_1_670' title='bbox 283 5460 511 5530; x_wconf 71' lang='grc' dir='ltr'>Ὀδηγοὶ</span> <span class='ocrx_word' id='word_1_671' title='bbox 563 5457 830 5528; x_wconf 71' lang='grc' dir='ltr'><strong>τυφλῶν.</strong></span> <span class='ocrx_word' id='word_1_672' title='bbox 865 5455 1116 5525; x_wconf 73' lang='grc' dir='ltr'>Τυφλοὺς</span> <span class='ocrx_word' id='word_1_673' title='bbox 1141 5455 1343 5518; x_wconf 84' lang='grc' dir='ltr'>αὐτούς</span> <span class='ocrx_word' id='word_1_674' title='bbox 1374 5471 1560 5525; x_wconf 85' lang='grc' dir='ltr'>φησιν,</span> <span class='ocrx_word' id='word_1_675' title='bbox 1590 5453 1665 5515; x_wconf 85' lang='grc' dir='ltr'>ὼς</span> <span class='ocrx_word' id='word_1_676' title='bbox 1689 5468 1796 5522; x_wconf 75' lang='grc' dir='ltr'>πη-</span> 
     </span>
    </p>
   </div>
   <div class='ocr_carea' id='block_1_100' title="bbox 198 5545 1796 5627">
    <p class='ocr_par' dir='ltr' id='par_1_100' title="bbox 198 5545 1796 5627">
     <span class='ocr_line' id='line_1_100' title="bbox 198 5545 1796 5627; baseline -0.007 -18"><span class='ocrx_word' id='word_1_677' title='bbox 198 5554 475 5627; x_wconf 81' lang='grc' dir='ltr'>ρωθέντας</span> <span class='ocrx_word' id='word_1_678' title='bbox 501 5552 594 5606; x_wconf 82' lang='grc' dir='ltr'><strong>τὸν</strong></span> <span class='ocrx_word' id='word_1_679' title='bbox 616 5551 714 5622; x_wconf 80' lang='grc' dir='ltr'>τῆς</span> <span class='ocrx_word' id='word_1_680' title='bbox 736 5549 917 5621; x_wconf 78' lang='grc' dir='ltr'>ψυχῆς</span> <span class='ocrx_word' id='word_1_681' title='bbox 945 5548 1228 5620; x_wconf 69' lang='grc' dir='ltr'>ὀφθαλμὸν</span> <span class='ocrx_word' id='word_1_682' title='bbox 1262 5549 1367 5603; x_wconf 79' lang='grc' dir='ltr'>ὑπὸ</span> <span class='ocrx_word' id='word_1_683' title='bbox 1396 5547 1491 5600; x_wconf 78' lang='grc' dir='ltr'><strong>τοῦ</strong></span> <span class='ocrx_word' id='word_1_684' title='bbox 1518 5545 1796 5617; x_wconf 80' lang='grc' dir='ltr'>ῥεύματος</span> 
     </span>
    </p>
   </div>
   <div class='ocr_carea' id='block_1_101' title="bbox 196 5637 1791 5716">
    <p class='ocr_par' dir='ltr' id='par_1_101' title="bbox 196 5637 1791 5716">
     <span class='ocr_line' id='line_1_101' title="bbox 196 5637 1791 5716; baseline -0.004 -14"><span class='ocrx_word' id='word_1_685' title='bbox 196 5649 309 5703; x_wconf 81' lang='grc' dir='ltr'>τῶν</span> <span class='ocrx_word' id='word_1_686' title='bbox 348 5647 558 5714; x_wconf 83' lang='grc' dir='ltr'>παθῶν,</span> <span class='ocrx_word' id='word_1_687' title='bbox 615 5646 710 5700; x_wconf 75' lang='grc' dir='ltr'>καὶ</span> <span class='ocrx_word' id='word_1_688' title='bbox 739 5645 815 5709; x_wconf 79' lang='grc' dir='ltr'>ὡς</span> <span class='ocrx_word' id='word_1_689' title='bbox 844 5643 921 5716; x_wconf 79' lang='grc' dir='ltr'>μὴ</span> <span class='ocrx_word' id='word_1_690' title='bbox 958 5643 1301 5714; x_wconf 83' lang='grc' dir='ltr'>δυναμένους</span> <span class='ocrx_word' id='word_1_691' title='bbox 1354 5640 1686 5706; x_wconf 76' lang='grc' dir='ltr'>ἐνατενίζειν</span> <span class='ocrx_word' id='word_1_692' title='bbox 1711 5637 1791 5697; x_wconf 81' lang='grc' dir='ltr'>τῶ</span> 
     </span>
    </p>
   </div>
   <div class='ocr_carea' id='block_1_102' title="bbox 306 5804 720 5873">
    <p class='ocr_par' dir='ltr' id='par_1_102' title="bbox 306 5804 720 5873">
     <span class='ocr_line' id='line_1_102' title="bbox 306 5804 720 5873; baseline -0.014 -9"><span class='ocrx_word' id='word_1_693' title='bbox 306 5810 350 5845; x_wconf 83' lang='grc'><strong>⁸¹</strong></span> <span class='ocrx_word' id='word_1_694' title='bbox 383 5807 520 5865; x_wconf 85' lang='lat' dir='ltr'><strong>Gen.</strong></span> <span class='ocrx_word' id='word_1_695' title='bbox 555 5823 593 5873; x_wconf 88' lang='lat' dir='ltr'><strong>t,</strong></span> <span class='ocrx_word' id='word_1_696' title='bbox 630 5804 720 5860; x_wconf 75' lang='lat'><strong>&#39;51.</strong></span> 
     </span>
    </p>
   </div>
   <div class='ocr_carea' id='block_1_103' title="bbox 1901 4602 3467 4676">
    <p class='ocr_par' dir='ltr' id='par_1_103' title="bbox 1901 4602 3467 4676">
     <span class='ocr_line' id='line_1_103' title="bbox 1901 4602 3467 4676; baseline -0.006 -15"><span class='ocrx_word' id='word_1_697' title='bbox 1901 4610 2180 4676; x_wconf 90' lang='lat' dir='ltr'><strong>impurum</strong></span> <span class='ocrx_word' id='word_1_698' title='bbox 2218 4607 2402 4662; x_wconf 89' lang='lat' dir='ltr'><strong>reddit</strong></span> <span class='ocrx_word' id='word_1_699' title='bbox 2461 4606 2743 4659; x_wconf 88' lang='lat' dir='ltr'><strong>hominem</strong></span> <span class='ocrx_word' id='word_1_700' title='bbox 2769 4623 2781 4670; x_wconf 92' lang='lat'>;</span> <span class='ocrx_word' id='word_1_701' title='bbox 2811 4604 3175 4658; x_wconf 80' lang='lat' dir='ltr'><strong>subvertebat</strong></span> <span class='ocrx_word' id='word_1_702' title='bbox 3201 4602 3349 4656; x_wconf 90' lang='lat' dir='ltr'><strong>enim</strong></span> <span class='ocrx_word' id='word_1_703' title='bbox 3387 4609 3467 4653; x_wconf 86' lang='lat' dir='ltr'><strong>tra</strong></span> 
     </span>
    </p>
   </div>
   <div class='ocr_carea' id='block_1_104' title="bbox 1899 4699 2502 4755">
    <p class='ocr_par' dir='ltr' id='par_1_104' title="bbox 1899 4699 2502 4755">
     <span class='ocr_line' id='line_1_104' title="bbox 1899 4699 2502 4755; baseline -0.003 0"><span class='ocrx_word' id='word_1_704' title='bbox 1899 4701 2166 4755; x_wconf 87' lang='lat' dir='ltr'><strong>ditionem</strong></span> <span class='ocrx_word' id='word_1_705' title='bbox 2194 4699 2502 4755; x_wconf 87' lang='lat' dir='ltr'><strong>seniorum.</strong></span> 
     </span>
    </p>
   </div>
   <div class='ocr_carea' id='block_1_105' title="bbox 1973 4788 3500 4849">
    <p class='ocr_par' dir='ltr' id='par_1_105' title="bbox 1973 4788 3500 4849">
     <span class='ocr_line' id='line_1_105' title="bbox 1973 4788 3500 4849; baseline -0.007 -1"><span class='ocrx_word' id='word_1_706' title='bbox 1973 4794 2131 4849; x_wconf 70' lang='lat' dir='ltr'><strong>V&#39;crs.</strong></span> <span class='ocrx_word' id='word_1_707' title='bbox 2166 4794 2253 4846; x_wconf 77' lang='lat'><strong>15.</strong></span> <span class='ocrx_word' id='word_1_708' title='bbox 2305 4791 2488 4846; x_wconf 80' lang='lat' dir='ltr'><strong>Atille</strong></span> <span class='ocrx_word' id='word_1_709' title='bbox 2521 4822 2589 4834; x_wconf 87' lang='lat'><strong>--</strong></span> <span class='ocrx_word' id='word_1_710' title='bbox 2639 4790 3022 4844; x_wconf 70' lang='lat' dir='ltr'><strong>erudit-obitur.</strong></span> <span class='ocrx_word' id='word_1_711' title='bbox 3092 4788 3500 4840; x_wconf 75' lang='lat' dir='ltr'><strong>Plantattunem</strong></span> 
     </span>
    </p>
   </div>
   <div class='ocr_carea' id='block_1_106' title="bbox 1900 4884 3502 4950">
    <p class='ocr_par' dir='ltr' id='par_1_106' title="bbox 1900 4884 3502 4950">
     <span class='ocr_line' id='line_1_106' title="bbox 1900 4884 3502 4950; baseline -0.009 -6"><span class='ocrx_word' id='word_1_712' title='bbox 1900 4904 2045 4944; x_wconf 90' lang='lat' dir='ltr'><strong>nunc</strong></span> <span class='ocrx_word' id='word_1_713' title='bbox 2117 4887 2250 4945; x_wconf 88' lang='lat' dir='ltr'><strong>dicit</strong></span> <span class='ocrx_word' id='word_1_714' title='bbox 2307 4887 2661 4940; x_wconf 81' lang='lat' dir='ltr'><strong>traditionem</strong></span> <span class='ocrx_word' id='word_1_715' title='bbox 2739 4884 3020 4939; x_wconf 80' lang='lat' dir='ltr'><strong>seniorum</strong></span> <span class='ocrx_word' id='word_1_716' title='bbox 3098 4889 3153 4935; x_wconf 86' lang='lat' dir='ltr'><strong>et</strong></span> <span class='ocrx_word' id='word_1_717' title='bbox 3229 4888 3502 4950; x_wconf 67' lang='lat' dir='ltr'><strong>praecepta</strong></span> 
     </span>
    </p>
   </div>
   <div class='ocr_carea' id='block_1_107' title="bbox 1903 4983 2207 5038">
    <p class='ocr_par' dir='ltr' id='par_1_107' title="bbox 1903 4983 2207 5038">
     <span class='ocr_line' id='line_1_107' title="bbox 1903 4983 2207 5038; baseline -0.016 -1"><span class='ocrx_word' id='word_1_718' title='bbox 1903 4983 2207 5038; x_wconf 85' lang='lat' dir='ltr'><strong>hominum.</strong></span> 
     </span>
    </p>
   </div>
   <div class='ocr_carea' id='block_1_108' title="bbox 1972 5062 3504 5137">
    <p class='ocr_par' dir='ltr' id='par_1_108' title="bbox 1972 5062 3504 5137">
     <span class='ocr_line' id='line_1_108' title="bbox 1972 5062 3504 5137; baseline -0.008 -9"><span class='ocrx_word' id='word_1_719' title='bbox 1972 5077 2126 5128; x_wconf 75' lang='lat' dir='ltr'><strong>Vcrs.</strong></span> <span class='ocrx_word' id='word_1_720' title='bbox 2184 5075 2270 5128; x_wconf 76' lang='grc' dir='ltr'><strong>Μ.</strong></span> <span class='ocrx_word' id='word_1_721' title='bbox 2314 5072 2486 5127; x_wconf 74' lang='lat' dir='ltr'><strong>Sinite</strong></span> <span class='ocrx_word' id='word_1_722' title='bbox 2522 5100 2592 5110; x_wconf 90' lang='lat'><strong>--</strong></span> <span class='ocrx_word' id='word_1_723' title='bbox 2625 5069 2762 5124; x_wconf 81' lang='lat' dir='ltr'><strong>illos.</strong></span> <span class='ocrx_word' id='word_1_724' title='bbox 2811 5069 3091 5137; x_wconf 84' lang='lat' dir='ltr'><strong>Tanquam</strong></span> <span class='ocrx_word' id='word_1_725' title='bbox 3144 5062 3504 5122; x_wconf 86' lang='lat' dir='ltr'><strong>incurabiles.</strong></span> 
     </span>
    </p>
   </div>
   <div class='ocr_carea' id='block_1_109' title="bbox 1899 5157 3502 5234">
    <p class='ocr_par' dir='ltr' id='par_1_109' title="bbox 1899 5157 3502 5234">
     <span class='ocr_line' id='line_1_109' title="bbox 1899 5157 3502 5234; baseline -0.008 -15"><span class='ocrx_word' id='word_1_726' title='bbox 1899 5167 2024 5221; x_wconf 86' lang='lat' dir='ltr'><strong>Ideo</strong></span> <span class='ocrx_word' id='word_1_727' title='bbox 2052 5167 2200 5221; x_wconf 87' lang='lat' dir='ltr'><strong>enim</strong></span> <span class='ocrx_word' id='word_1_728' title='bbox 2238 5181 2418 5234; x_wconf 91' lang='lat' dir='ltr'><strong>neque</strong></span> <span class='ocrx_word' id='word_1_729' title='bbox 2453 5164 2565 5233; x_wconf 87' lang='lat' dir='ltr'><strong>ipse</strong></span> <span class='ocrx_word' id='word_1_730' title='bbox 2591 5163 2802 5217; x_wconf 80' lang='lat' dir='ltr'><strong>curavit</strong></span> <span class='ocrx_word' id='word_1_731' title='bbox 2843 5162 3057 5216; x_wconf 85' lang='lat' dir='ltr'><strong>illorqu</strong></span> <span class='ocrx_word' id='word_1_732' title='bbox 3107 5157 3502 5216; x_wconf 73' lang='lat' dir='ltr'><strong>offensionem,</strong></span> 
     </span>
    </p>
   </div>
   <div class='ocr_carea' id='block_1_110' title="bbox 1904 5247 3502 5324">
    <p class='ocr_par' dir='ltr' id='par_1_110' title="bbox 1904 5247 3502 5324">
     <span class='ocr_line' id='line_1_110' title="bbox 1904 5247 3502 5324; baseline -0.009 -11"><span class='ocrx_word' id='word_1_733' title='bbox 1904 5262 2090 5314; x_wconf 77' lang='lat' dir='ltr'><strong>sciens</strong></span> <span class='ocrx_word' id='word_1_734' title='bbox 2180 5257 2321 5312; x_wconf 91' lang='lat' dir='ltr'><strong>nihil</strong></span> <span class='ocrx_word' id='word_1_735' title='bbox 2409 5257 2518 5310; x_wconf 85' lang='lat' dir='ltr'><strong>illis</strong></span> <span class='ocrx_word' id='word_1_736' title='bbox 2598 5254 2948 5324; x_wconf 75' lang='lat' dir='ltr'><strong>profuturum</strong></span> <span class='ocrx_word' id='word_1_737' title='bbox 3018 5267 3141 5306; x_wconf 79' lang='lat' dir='ltr'><strong>esse</strong></span> <span class='ocrx_word' id='word_1_738' title='bbox 3233 5247 3502 5320; x_wconf 86' lang='lat' dir='ltr'><strong>quidquid</strong></span> 
     </span>
    </p>
   </div>
   <div class='ocr_carea' id='block_1_111' title="bbox 1902 5351 2129 5405">
    <p class='ocr_par' dir='ltr' id='par_1_111' title="bbox 1902 5351 2129 5405">
     <span class='ocr_line' id='line_1_111' title="bbox 1902 5351 2129 5405; baseline -0.004 0"><span class='ocrx_word' id='word_1_739' title='bbox 1902 5351 2129 5405; x_wconf 84' lang='lat' dir='ltr'><strong>diceret.</strong></span> 
     </span>
    </p>
   </div>
   <div class='ocr_carea' id='block_1_112' title="bbox 1977 5440 3504 5498">
    <p class='ocr_par' dir='ltr' id='par_1_112' title="bbox 1977 5440 3504 5498">
     <span class='ocr_line' id='line_1_112' title="bbox 1977 5440 3504 5498; baseline -0.007 1"><span class='ocrx_word' id='word_1_740' title='bbox 1977 5444 2134 5498; x_wconf 69' lang='lat' dir='ltr'><strong>Vcrs.</strong></span> <span class='ocrx_word' id='word_1_741' title='bbox 2170 5444 2258 5497; x_wconf 74' lang='grc' dir='ltr'><strong>Η.</strong></span> <span class='ocrx_word' id='word_1_742' title='bbox 2294 5442 2462 5495; x_wconf 73' lang='lat' dir='ltr'><strong>Duces</strong></span> <span class='ocrx_word' id='word_1_743' title='bbox 2513 5472 2580 5481; x_wconf 85' lang='lat'><strong>--</strong></span> <span class='ocrx_word' id='word_1_744' title='bbox 2621 5458 2899 5496; x_wconf 64' lang='lat' dir='ltr'><strong>ramorum.</strong></span> <span class='ocrx_word' id='word_1_745' title='bbox 2965 5440 3153 5494; x_wconf 73' lang='lat' dir='ltr'><strong>Cmcos</strong></span> <span class='ocrx_word' id='word_1_746' title='bbox 3191 5446 3352 5492; x_wconf 80' lang='lat' dir='ltr'><strong>vocat</strong></span> <span class='ocrx_word' id='word_1_747' title='bbox 3406 5451 3504 5490; x_wconf 84' lang='lat' dir='ltr'><strong>eos</strong></span> 
     </span>
    </p>
   </div>
   <div class='ocr_carea' id='block_1_113' title="bbox 1905 5525 3500 5608">
    <p class='ocr_par' dir='ltr' id='par_1_113' title="bbox 1905 5525 3500 5608">
     <span class='ocr_line' id='line_1_113' title="bbox 1905 5525 3500 5608; baseline -0.008 -14"><span class='ocrx_word' id='word_1_748' title='bbox 1905 5549 2163 5608; x_wconf 83' lang='lat' dir='ltr'><strong>tanquam</strong></span> <span class='ocrx_word' id='word_1_749' title='bbox 2196 5535 2392 5590; x_wconf 79' lang='lat' dir='ltr'><strong>anim-.e</strong></span> <span class='ocrx_word' id='word_1_750' title='bbox 2419 5535 2580 5590; x_wconf 90' lang='lat' dir='ltr'><strong>oculo</strong></span> <span class='ocrx_word' id='word_1_751' title='bbox 2611 5553 2640 5588; x_wconf 73' lang='grc' dir='ltr'><strong>ιι</strong></span> <span class='ocrx_word' id='word_1_752' title='bbox 2689 5533 2836 5589; x_wconf 76' lang='lat' dir='ltr'><strong>ﬂuxu</strong></span> <span class='ocrx_word' id='word_1_753' title='bbox 2896 5525 3256 5590; x_wconf 78' lang='lat' dir='ltr'><strong>aﬂ&#39;cctionttm</strong></span> <span class='ocrx_word' id='word_1_754' title='bbox 3323 5545 3500 5585; x_wconf 65' lang='lat' dir='ltr'><strong>exae-</strong></span> 
     </span>
    </p>
   </div>
   <div class='ocr_carea' id='block_1_114' title="bbox 1904 5623 3505 5701">
    <p class='ocr_par' dir='ltr' id='par_1_114' title="bbox 1904 5623 3505 5701">
     <span class='ocr_line' id='line_1_114' title="bbox 1904 5623 3505 5701; baseline -0.008 -12"><span class='ocrx_word' id='word_1_755' title='bbox 1904 5643 2078 5698; x_wconf 87' lang='lat' dir='ltr'><strong>catos,</strong></span> <span class='ocrx_word' id='word_1_756' title='bbox 2108 5639 2164 5686; x_wconf 90' lang='lat' dir='ltr'><strong>ct</strong></span> <span class='ocrx_word' id='word_1_757' title='bbox 2198 5629 2353 5701; x_wconf 87' lang='lat' dir='ltr'><strong>quasi</strong></span> <span class='ocrx_word' id='word_1_758' title='bbox 2379 5644 2488 5682; x_wconf 89' lang='lat' dir='ltr'><strong>non</strong></span> <span class='ocrx_word' id='word_1_759' title='bbox 2548 5636 2804 5700; x_wconf 78' lang='lat' dir='ltr'><strong>potentes</strong></span> <span class='ocrx_word' id='word_1_760' title='bbox 2857 5627 3047 5682; x_wconf 79' lang='lat' dir='ltr'><strong>oculos</strong></span> <span class='ocrx_word' id='word_1_761' title='bbox 3110 5623 3398 5680; x_wconf 87' lang='lat' dir='ltr'><strong>intendere</strong></span> <span class='ocrx_word' id='word_1_762' title='bbox 3446 5623 3505 5676; x_wconf 78' lang='lat' dir='ltr'><strong>ir.</strong></span> 
     </span>
    </p>
   </div>
  </div>
