4020 6518
507 462 609 529 lbi

1767 465 2149 529 EUTHYMEI
2190 466 2550 529 ZlGABENI

3679 469 3790 533 452

577 603 732 659 Vers.
749 602 842 658 2'2.
880 603 1067 659 Diceris
1087 613 1496 678 :--torquelur.
1538 604 1673 661 Filia
1697 621 1818 676 qua:
1835 622 1867 660 δ
1887 606 1968 660 da:
1981 621 2092 659 nio-

2279 585 2562 654 Λέγουσα
2593 612 2659 622 —-
2700 579 3114 650 δαιμονίζεται.
3143 578 3256 650 Τὴν
3282 575 3563 648 θυγατέρα
3595 578 3790 650 δαιμοο

508 697 596 750 nio
620 698 980 766 torquebatur
997 697 1208 763 relicta,
1234 713 1301 752 eo
1323 699 1469 769 quod
1494 699 1721 754 omnino
1742 713 1909 753 sensu
1936 712 2090 751 care-

508 787 868 854 ret,seipsam
909 786 1115 854 profert
1155 788 1312 857 quasi
1351 789 1586 845 maxime
1623 789 1860 860 indigeat
1899 796 1960 842 ut
2005 787 2091 842 sui

509 880 852 942 misereatur,
871 877 998 947 quia
1015 880 1265 934 morbum
1282 883 1554 938 sentiebat
1572 894 1647 947 ,et
1665 882 1786 937 ideo
1800 883 2090 936 innumera

509 971 804 1026 sustinebat
821 971 1189 1026 incommoda.
1210 973 1402 1028 Filium
1421 984 1600 1028 autem
1634 973 1798 1027 David
1841 988 1968 1028 eum
1993 988 2091 1028 vo-

507 1071 613 1122 cat,
629 1061 775 1130 quod
811 1062 1077 1116 didicerat
1100 1080 1131 1117 e
1157 1079 1356 1134 genere
1383 1064 1547 1119 David
1581 1065 1866 1119 Christum
1899 1064 2089 1119 oriun-

508 1155 656 1204 dum.
675 1141 945 1207 Omnibus
958 1154 1228 1222 siquidem
1244 1155 1716 1211 nominatissimus
1735 1167 1854 1210 erat
1901 1155 2090 1210 David.

515 1238 683 1297 Male.
706 1243 903 1311 inquit,
920 1262 950 1295 α
963 1247 1223 1299 αωηιοηὶο
1238 1255 1534 1317 torquetur,
1559 1248 1661 1301 hoc
1680 1255 1766 1302 est
1784 1247 1985 1304 misere
2002 1289 2016 1304 .

581 1333 734 1388 Vers.
765 1335 858 1391 23.
894 1335 1021 1406 Ipse
1057 1367 1129 1380 —
1163 1341 1396 1394 verbum.
1441 1341 1535 1395 llla
1583 1342 1803 1411 quidem
1849 1343 1958 1397 alte
1998 1359 2095 1398 vo-

505 1423 788 1488 ciferatur,
832 1427 1073 1481 dolorem
1109 1431 1200 1495 qui
1223 1430 1423 1484 latebat
1458 1430 1513 1483 in
1546 1433 1711 1485 corde
1739 1431 2090 1502 signiﬁcans;

508 1516 625 1582 ipse
666 1533 796 1570 vero
836 1519 1057 1585 penitus
1103 1520 1248 1583 silet,
1268 1522 1546 1575 sustinens
1563 1522 1736 1577 donec
1758 1521 2095 1578 omnisillius

508 1606 662 1671 ﬁdes,
700 1610 868 1663 animi
905 1612 1167 1665 modesnia
1193 1626 1256 1666 ac
1309 1614 1598 1682 prudentia
1619 1613 2092 1670 manifestaretur:

505 1705 650 1768 quod
706 1705 859 1757 vario
927 1703 1088 1756 modo
1149 1703 1332 1756 facere
1391 1704 1532 1762 solet
1583 1705 1634 1756 in
1673 1705 1880 1760 multis.
1918 1704 2095 1762 Simul

505 1794 669 1846 ctiam
717 1804 774 1848 ut
803 1811 832 1848 e
857 1795 1074 1848 diverso
1103 1792 1308 1850 ludatis
1333 1796 1674 1860 ostenderet,
1701 1800 1917 1865 qualem
1969 1815 2096 1869 erga

509 1886 628 1938 illos
659 1895 872 1956 gereret
900 1887 1180 1951 allectum,
1224 1905 1348 1942 cum
1398 1889 1645 1944 inﬁrmos
1681 1905 1870 1944 eorum
1925 1893 2094 1946 semel

507 1985 718 2032 tantum
778 1987 1020 2048 rogatus.
1083 1979 1193 2032 imo
1238 1995 1341 2034 nec
1387 1981 1557 2034 semel
1609 1981 1853 2050 quidem,
1912 1983 2094 2038 statim

506 2074 772 2124 curabat:
805 2071 1090 2142 gentilium
1133 2087 1264 2125 vero
1309 2088 1420 2126 nun
1452 2074 1550 2127 ita.

580 2163 733 2216 νει-ε.
765 2162 852 2215 25.
883 2163 953 2216 Et
983 2188 1047 2202 -ο
1081 2180 1196 2217 nos.
1230 2165 1382 2229 Quod
1427 2165 1516 2219 hic
1543 2165 1763 2231 dicitur,
1799 2163 2095 2237 Rogabant,

506 2253 688 2306 littera
711 2255 876 2306 habet
915 2254 1166 2324 ἠρώτων,
1221 2254 1366 2322 quod
1418 2254 1647 2307 verbum
1699 2255 1825 2309 licet
1871 2265 1928 2309 ut
1978 2257 2099 2325 plu-

507 2350 704 2397 rituum
736 2345 1072 2414 interrogare
1124 2344 1416 2414 signiﬁcet,
1460 2345 1737 2400 interdum
1787 2355 1966 2401 tamen
2023 2347 2099 2402 si-

504 2437 727 2506 gniﬁcat
769 2438 1072 2505 deprecari.
1121 2437 1256 2490 Nam
1309 2447 1366 2492 et
1422 2440 1527 2492 hoc
1596 2439 1715 2492 loco
1775 2439 1988 2494 Marcus
2034 2455 2100 2494 eo

509 2533 698 2594 utitur,
736 2545 862 2584 cum
889 2530 957 2583 de
985 2530 1216 2584 muliere
1263 2531 1494 2599 loquens
1543 2532 1656 2585 ait:
1707 2531 1948 2602 Ἠρώτα,
1994 2531 2100 2588 hoc

504 2631 610 2684 est,
653 2623 1051 2691 deprecabatur
1097 2637 1224 2676 eum
1276 2631 1336 2676 ut
1384 2623 1755 2677 damoninum
1805 2624 2033 2694 ejiceret
2067 2639 2098 2678 a

509 2715 617 2766 lilia
644 2729 742 2766 sua
771 2715 835 2766 ".
877 2713 940 2766 Et
973 2713 1145 2768 Lucas
1166 2714 1383 2768 decimo
1416 2725 1614 2784 quarto
1675 2717 1853 2785 capite
1887 2718 2097 2788 ἐρωτῶ,

509 2810 612 2859 huc
649 2817 756 2869 est,
776 2807 1022 2871 deprecor
1039 2816 1106 2870 te,
1131 2806 1266 2860 habe
1289 2823 1368 2859 me
1385 2816 1695 2861 excusatum
1720 2809 1784 2862 ⁸⁸.
1813 2807 1908 2864 Est
1931 2820 1987 2863 et
2008 2810 2097 2864 ubi

507 2902 699 2966 jubere
726 2899 1019 2966 signiﬁcat,
1063 2909 1123 2950 ut
1173 2913 1297 2952 cum
1345 2900 1491 2953 circa
1545 2901 1711 2954 linem
1765 2901 1963 2956 decimi
2005 2918 2100 2956 ca-

510 2990 639 3057 pitis
687 2989 830 3056 apud
883 2987 1086 3041 Lucam
1143 2988 1344 3042 dicitur
1414 2989 1737 3061 :lngressus
1796 3004 1978 3046 autem
2042 2994 2097 3046 in

507 3093 667 3129 unam
698 3076 874 3129 navim
912 3091 1027 3146 qua
1072 3084 1190 3129 erat
1251 3074 1480 3131 Simonis
1520 3078 1848 3149 .ὴρώτησεν,
1912 3081 1966 3134 id
2013 3089 2098 3135 est

507 3169 666 3232 jussit
699 3184 818 3220 eum
853 3177 910 3219 ut
949 3185 980 3220 a
1011 3177 1153 3222 terra
1213 3169 1496 3224 abduceret
1549 3173 1800 3239 pusillum
1838 3174 1904 3224 “.
1948 3171 2094 3226 Tan-

2196 681 2491 749 νιζομένην
2518 673 2889 737 ἀπολιποῦσα,
2911 674 3000 727 διὰ
3024 673 3084 726 τὸ
3106 671 3382 734 παντελῶς
3405 670 3787 742 ἀναισθητεῖν,

2196 774 2508 846 πρόσεισιν,
2559 768 2765 839 ἑαυτὴν
2797 767 3086 837 ἐλεηθῆναι
3118 766 3356 835 μάλιστα
3407 764 3663 836 δεομένη,
3687 766 3789 835 τὴν

2195 863 2596 933 αἰσθανομένην
2627 861 2726 930 τῆς
2776 859 2957 924 νόσου,
2992 859 3086 912 καὶ
3125 858 3215 910 διὰ
3264 859 3421 912 τοῦτο
3455 859 3634 929 μυρία
3674 859 3788 912 πά-

2198 972 2458 1028 σχουσαν.
2476 953 2606 1006 Υίὸν
2628 953 2683 1005 δὲ
2708 950 2872 1004 Δαυῖδ
2889 953 3057 1004 αὐτὸν
3088 950 3248 1005 καλεῖ
3279 952 3366 1004 διὰ
3385 953 3445 1003 τὸ
3468 951 3686 1021 μαθεῖν,
3705 954 3790 1005 ὅτι

2195 1050 2259 1100 ἐκ
2293 1045 2458 1099 Δαυῖδ
2491 1043 2723 1110 κατάγει
2746 1043 2804 1095 τὸ
2831 1043 3006 1109 γένος.
3040 1041 3180 1095 Πᾶσι
3212 1041 3318 1108 γάρ
3349 1045 3376 1094 ὀ
3402 1043 3566 1096 Δαυῖδ
3590 1044 3793 1114 ὄνομα·

2197 1141 2451 1200 στότατος
2520 1134 2610 1210 ἦν.
2674 1135 2884 1202 Κακῶς
2902 1136 2980 1202 δὲ,
3026 1140 3180 1206 φησί,
3219 1135 3636 1206 δαιμονίζεται,
3669 1137 3792 1191 ἀντὶ

2196 1231 2313 1297 τοῦ,
2355 1233 2631 1303 χαλεπῶς.

2281 1325 2345 1378 '0
2373 1353 2441 1363 --
2473 1326 2685 1394 λόγον.
2736 1322 2798 1378 Ἦ
2841 1322 2939 1393 μὲν
2985 1320 3088 1394 βοᾷ
3145 1323 3377 1393 μεγάλα,
3415 1322 3509 1376 τὸν
3563 1323 3792 1396 ἐνδομυ-

2199 1417 2400 1488 χοῦντα
2430 1417 2528 1485 τῆς
2559 1416 2792 1487 καρδίας
2826 1415 2942 1488 (97)
2968 1418 3131 1470 πόνον
3162 1415 3552 1488 ἐνδεικνυμένη
3582 1434 3596 1449 ·
3622 1419 3792 1482 αὐτὸς

2197 1513 2254 1566 δέ
2289 1512 2419 1581 σιγᾷ
2473 1509 2775 1573 παντελῶς,
2810 1508 3103 1578 ἀναμένων
3132 1509 3354 1562 ἃπασαν
3400 1508 3790 1580 φανερωθῆναι

2199 1605 2297 1675 τὴν
2323 1606 2529 1666 πίστιν,
2552 1603 2646 1655 καὶ
2682 1600 3035 1663 ταπείνωσιν,
3065 1605 3160 1654 καὶ
3189 1601 3406 1654 σύνεσιν
3435 1587 3630 1671 αὐτῆς,
3651 1602 3791 1673 ὅπερ

2199 1696 2468 1765 διαφόρως
2499 1693 2657 1746 εἴωθε
2698 1695 2871 1745 ποιεῖν
2899 1693 2957 1746 ἐν
2989 1691 3235 1755 πολλοῖς·
3266 1690 3385 1761 ἅμα
3414 1692 3469 1745 δὲ
3504 1692 3602 1744 καὶ
3630 1693 3794 1745 ἀντε-

2201 1788 2616 1858 πιδεικνύμενος
2691 1787 2991 1853 Ἰουδαίοις,
3058 1786 3180 1840 οίαν
3227 1788 3358 1856 περὶ
3415 1785 3618 1847 αὐτοὺς
3677 1785 3793 1854 ἔχει

2200 1880 2462 1945 διάθεσιν,
2494 1881 2576 1933 ὅτι
2603 1881 2732 1942 τοὺς
2760 1881 2860 1949 μὲν
2891 1876 3213 1950 ἀρρώστους
3239 1875 3420 1931 αὐτῶν
3452 1875 3610 1942 ἅπαξ
3632 1876 3794 1948 αίτηο

2202 1973 2336 2039 θεὶς,
2377 1972 2548 2044 ῆούδ’
2599 1971 2766 2039 ἅπαξ,
2815 1971 2979 2036 εὐθὺς
3029 1971 3347 2044 θεραπεύει,
3391 1972 3520 2033 τοὺς
3566 1968 3624 2022 δὲ
3681 1968 3794 2023 τῶν

2200 2066 2370 2119 ἐθνῶν
2403 2067 2500 2136 οὑχ
2528 2065 2726 2130 οὓτως.

2272 2158 2382 2210 Καί
2413 2185 2480 2197 —-
2505 2156 2696 2226 ήμῶν.
2725 2188 2798 2199 —
2824 2156 3116 2226 Ἦρώτων,
3132 2156 3254 2210 ἀντὶ
3274 2153 3392 2222 τοῦ,
3416 2153 3792 2225 παρεκάλουν.

2202 2245 2311 2296 Καὶ
2365 2247 2476 2313 γὰρ
2524 2247 2670 2297 καὶὸ
2694 2249 2925 2314 Μάρκος
2957 2248 3149 2314 εἴρηκε
3201 2251 3332 2315 περὶ
3370 2245 3471 2312 τῆς
3502 2244 3793 2315 γυναικὸς,

2199 2338 2282 2390 ὃτι
2318 2340 2414 2390 καὶ
2443 2336 2636 2407 ἠρώτα
2684 2339 2871 2404 αὐτὸν,
2909 2337 2999 2390 ἵνα
3030 2337 3091 2391 τὸ
3145 2336 3430 2407 δαιμόνιον
3467 2337 3678 2409 ἐκϐάλῃ
3726 2338 3793 2390 ἐκ

2200 2429 2298 2499 τῆς
2347 2430 2617 2499 θυγατρὸς
2666 2431 2860 2501 αὐτῆς,
2915 2431 3106 2502 ῆγουν,
3171 2429 3497 2500 παρεκάλει.
3553 2429 3629 2483 Τὸ
3680 2430 3795 2501 γὰρ

2199 2520 2392 2591 ἐρωτῶ
2448 2522 2704 2592 σημαίνει
2737 2520 2836 2589 μὲν
2883 2520 2959 2583 ὡς
3005 2522 3100 2573 ἐπὶ
3138 2520 3200 2572 τὸ
3244 2519 3496 2572 πλεῖστον
3555 2517 3618 2571 τὺ
3649 2535 3792 2572 πυν-

2202 2613 2499 2665 θάνεσθαι·
2537 2612 2795 2682 σημαίνει
2838 2610 2897 2663 δὲ
2952 2609 3047 2663 καὶ
3089 2608 3180 2674 τὸ,
3216 2607 3520 2679 παρακαλῶ
3546 2621 3564 2638 °
3601 2608 3680 2672 ὡς
3730 2611 3794 2661 τὸ

2217 2702 2447 2772 Ἐρωτῶ
2483 2720 2580 2768 σε,
2646 2703 2750 2772 ἔχε
2774 2719 2853 2770 με
2906 2700 3354 2771 παρῃτημένον.
3415 2702 3574 2754 Ἔστι
3603 2699 3671 2767 δ’,
3699 2700 3792 2755 ὅτε

2199 2795 2350 2865 δηλοῖ
2380 2797 2475 2849 καὶ
2513 2795 2575 2848 τὺ
2624 2798 2988 2865 προστάσσω,
3023 2793 3098 2854 ὡς
3149 2794 3243 2845 τό·
3311 2792 3529 2861 Ἑμϐὰς
3570 2792 3626 2845 δὲ
3667 2791 3790 2863 (98)

2199 2891 2287 2954 είς
2311 2888 2380 2941 ἐν
2407 2885 2528 2941 τῶν
2550 2890 2806 2950 πλοίων,
2841 2886 2873 2939 ὃ
2909 2882 2988 2957 ἦν
3017 2884 3125 2939 τοῦ
3155 2884 3445 2954 Σίμωνος,
3470 2884 3797 2952 ἠρώτησεν

2198 2986 2388 3038 αὐτὸν
2436 2983 2558 3038 ἀπὸ
2608 2982 2722 3051 τῆς
2778 2981 2892 3052 γῆς
2947 2979 3358 3050 ἐπαναγαγεῖν
3408 2980 3638 3051 ὀλίγον.
3696 2979 3794 3043 Ὠς

2197 3076 2522 3142 διϐἀσκιλος
2581 3078 2690 3147 γὰρ
2747 3073 3115 3147 προσέταξεν,
3177 3073 3302 3126 ἐπεὶ
3347 3074 3442 3126 καὶ
3499 3075 3639 3144 μετά
3699 3093 3795 3146 μι-

2199 3169 2330 3239 κρὸν
2389 3168 2819 3234 ἐξουσιαστικῶς
2889 3163 3044 3221 εἶπεν
3081 3181 3096 3194 ·
3150 3166 3526 3236 Ἐπανάγαγε
3575 3168 3665 3234 εις
3722 3167 3793 3222 τὸ

507 3273 666 3326 quam
715 3269 1016 3328 praeceptor
1049 3260 1197 3313 enim
1242 3261 1430 3330 jussit.
1485 3260 1618 3316 Nam
1664 3273 1719 3317 et
1765 3265 1925 3334 paulo
1973 3272 2162 3335 postC
2190 3262 2407 3328 βάθος.

508 3351 668 3417 quasi
701 3355 1086 3404 auctoritatem
1137 3353 1345 3408 habens
1395 3355 1569 3408 dixit:
1600 3353 1973 3410 Duciualtum
2005 3357 2077 3411 “.

576 3438 728 3495 Vers.
793 3440 884 3495 ει.
932 3442 1117 3495 Atille
1155 3470 1226 3485 —
1267 3443 1455 3498 Israel.
1513 3443 1826 3501 Suﬁieiebat
1870 3449 2092 3518 quidem

504 3535 782 3588 silentium
813 3545 872 3589 ut
899 3551 1017 3590 eam
1052 3538 1106 3590 in
1151 3539 1592 3607 desperationem
1636 3544 1940 3609 conjiceret
1972 3559 1986 3607 ;
2038 3552 2094 3597 at

507 3641 565 3677 re
601 3626 795 3693 p0nsio
821 3627 992 3680 multo
1033 3629 1197 3681 etiam
1236 3630 1477 3698 amplius
1519 3633 1965 3699 desperationem
2002 3633 2092 3686 in-

511 3717 710 3770 tendit.
757 3715 1270 3786 Responditenim:
1321 3719 1441 3772 Non
1487 3737 1600 3773 sum
1646 3726 1832 3776 missus
1883 3725 1989 3778 nisi
2026 3725 2095 3778 ad

505 3806 740 3873 Iudaeos,
771 3809 870 3862 hos
902 3809 1048 3862 enim
1101 3810 1398 3878 appellavit
1449 3827 1563 3864 oves
1615 3814 1850 3879 perditas
1906 3815 2092 3868 domus

507 3899 702 3954 lsrael.
771 3899 905 3954 Nam
944 3901 1158 3955 decimo
1179 3917 1328 3956 nono
1375 3918 1594 3972 quoque
1645 3904 1823 3973 capite
1871 3921 2090 3960 rursum

505 3992 578 4045 ita
609 3992 745 4045 dixit
791 3992 1054 4062 apostolis
1086 4000 1108 4045 ξ
1135 3991 1216 4046 Ite
1245 4003 1424 4046 autem
1456 3997 1630 4062 potius
1695 3997 1767 4048 ad
1811 4012 1926 4051 oves
1968 4013 2093 4066 per-

505 4084 644 4135 ditas
677 4087 862 4136 domus
898 4080 1074 4136 Israel
1103 4083 1320 4148 “.Quid
1371 4099 1503 4154 ergo
1542 4085 1934 4141 mulierYCum
1969 4103 2092 4144 sese

507 4176 718 4228 videret
740 4188 862 4228 esse
894 4175 1234 4243 despectam,
1265 4177 1584 4246 repudiatos
1632 4179 1796 4233 etiam
1829 4179 1951 4234 illos
1996 4181 2090 4250 qui

505 4276 604 4329 pro
631 4277 693 4315 ea
742 4262 1192 4331 deprecarentur,
1225 4279 1336 4318 non
1389 4266 1734 4334 desperavit;
1785 4285 1910 4324 nam
1972 4287 2089 4324 ma-

507 4369 668 4421 gnam
711 4355 947 4408 habebat
985 4355 1146 4409 ﬁdem
1185 4373 1249 4410 ac
1296 4361 1686 4426 prudentiam;
1745 4364 1839 4416 sed
1905 4364 2088 4434 impu-

504 4442 641 4495 dens
667 4452 752 4495 est
782 4447 1010 4497 honesta
1037 4445 1396 4514 impudentia,
1420 4455 1475 4502 et
1502 4450 1611 4518 jam
1638 4451 1827 4505 relicto
1850 4451 2090 4510 clamore

505 4529 597 4597 qui
647 4530 868 4590 eminus
922 4531 1108 4597 ﬁebat,
1167 4533 1394 4603 propius
1451 4537 1701 4591 accessit.
1752 4537 1862 4592 Nos
1906 4550 2088 4595 autem

2305 3425 2349 3475 υ
2382 3449 2454 3462 —
2497 3417 2768 3488 Ἰσραήλ.
2839 3415 3021 3487 Ἱκανὴ
3074 3417 3176 3487 μὲν
3225 3417 3322 3472 καὶ
3372 3419 3406 3488 ἠ
3467 3417 3647 3491 σιωπὴ
3705 3421 3794 3484 είς

2199 3513 2518 3580 ἀπόγνωσιν
2574 3509 2838 3581 ἐμϐαλεῖν
2873 3511 3049 3582 αὑτήν
3071 3525 3084 3538 ·
3131 3513 3166 3582 ῆ
3195 3510 3241 3564 δ’
3271 3510 3566 3582 ἀπόκρισις
3601 3513 3793 3584 πο).λῷ

2201 3606 2363 3659 πλέον
2413 3605 2513 3674 τὴν
2562 3604 2799 3676 ἀπορίαν
2854 3604 3152 3657 ἐπέτεινεν.
3187 3603 3488 3675 ’Δπεκρίθη
3541 3604 3672 3676 γὰρ,
3703 3607 3792 3661 ὅτι

2202 3702 2325 3753 Οὐκ
2372 3699 2731 3764 ἀπεστάλην
2763 3701 2846 3762 είς
2899 3698 3092 3761 ἄλλους
3146 3700 3194 3750 εί
3243 3697 3320 3769 μὴ
3364 3701 3444 3761 είς
3473 3700 3601 3763 τοὺς
3656 3698 3790 3753 Ἰου-

2197 3796 2382 3858 δαίους
2401 3811 2414 3824 ·
2446 3794 2671 3857 τούτους
2696 3794 2806 3865 γὰρ
2830 3793 3086 3864 ὠνόμασε
3121 3795 3388 3862 πρόϐατα
3418 3793 3790 3855 ἀπολωλότα

2198 3864 2397 3940 οἴκοι)¹
2440 3885 2714 3954 Ἰσραήλ.
2767 3864 2928 3937 Ἒπεὶ
2966 3884 3062 3938 καὶ
3092 3884 3149 3937 ἐν
3193 3883 3271 3954 τῷ
3313 3883 3790 3956 ἐννεακαιδεκάτῳ

2199 3977 2485 4046 κεφαλαίῳ
2533 3981 2647 4041 τοῖς
2701 3977 3025 4040 ἀποστόλοις
3072 3975 3217 4030 οὕτω
3273 3975 3384 4046 (99)
3436 3976 3601 4032 πάλιν
3634 3979 3790 4032 εῖπε·

2197 4071 2532 4137 Πορεύεσθε
2573 4071 2642 4123 δὲ
2673 4069 2917 4140 μᾶλλον
2947 4073 3099 4139 πρὸς
3137 4071 3208 4125 τὰ
3241 4072 3506 4139 πρόϐατα
3536 4070 3610 4125 τὰ
3639 4074 3792 4128 ἀπο»

2195 4167 2438 4218 ,ιωλότα
2455 4165 2627 4219 οίκου
2657 4165 2930 4234 Ἰσραήλ.
2959 4165 3026 4218 'l‘l
3050 4161 3198 4235 οὖνὴ
3231 4166 3401 4234 γυνήι;
3455 4165 3788 4238 Θεασαμὲνη

2199 4257 2580 4328 παροφθεῖσαν
2647 4257 2746 4327 μὲν
2801 4257 3025 4328 ἑαυτὴν,
3078 4259 3547 4328 ἀποπεμφθέντας
3579 4257 3636 4312 δέ
3681 4263 3784 4314 καὶ

2197 4353 2325 4411 τοὺς
2369 4351 2511 4418 ὑπὲρ
2572 4351 2746 4420 αὐτῆς
2809 4350 3326 4419 παρακαλέσαντας,
3362 4351 3463 4405 οὐκ
3511 4351 3785 4420 ἀπέγνω·

2198 4441 2398 4513 πολλὴν
2454 4444 2564 4514 γὰρ
2603 4438 2714 4514 εἶχε
2763 4445 2947 4497 πίστιν
2989 4446 3085 4499 καὶ
3121 4445 3374 4498 σύνεσιν·
3431 4446 3566 4502 ἀλλά
3617 4448 3784 4500 ἀναι-

2199 4537 2420 4603 σχυντεῖ
2445 4537 2619 4606 καλὴν
2665 4537 3076 4607 ἀναισχυντίαν,
3101 4539 3196 4590 καὶ
3223 4539 3426 4608 ἀφεῖσα
3458 4539 3518 4593 τὸ
3549 4538 3780 4610 κράζειν

503 4635 614 4675 non
637 4622 736 4687 ita,
767 4623 861 4677 sed
879 4624 968 4677 ubi
999 4625 1182 4678 statim
1205 4641 1312 4679 non
1348 4630 1708 4696 assequimur,
1735 4631 2050 4688 desistimus
2077 4648 2091 4698 ;

2206 4627 2514 4698 πόρρωθεν,
2536 4628 2701 4696 ἐγγὺς
2727 4628 2969 4698 ἔρχεται.
3005 4629 3198 4699 Ἡμεῖς
3228 4630 3286 4684 δέ
3312 4631 3410 4701 οὐχ
3431 4630 3629 4697 οὕτως,
3659 4630 3782 4683 ἀλλ’

501 4729 627 4766 cum
662 4716 889 4784 propius
915 4727 1202 4784 oporteret
1231 4719 1515 4784 accedere,
1565 4729 1619 4775 et
1640 4720 1942 4778 ferventius
1968 4740 2089 4779 ora~

505 4805 643 4858 tioni
688 4807 1026 4861 incumbere.

581 4895 734 4950 Vers.
757 4899 848 4951 25.
864 4897 967 4950 Ῑίία
990 4931 1058 4939 --
1077 4917 1176 4954 me.
1200 4901 1380 4972 Usque
1407 4911 1535 4957 tunc
1553 4904 1698 4958 enim
1739 4920 1917 4975 neque
1943 4906 1996 4961 in
2023 4908 2090 4962 il-

2194 4720 2322 4772 ὅταν
2351 4719 2425 4790 μὴ
2444 4721 2716 4790 τύχωμεν,
2749 4723 3118 4792 ἀφιστάμεθα,
3147 4723 3265 4777 δέον
3281 4725 3577 4796 ἐγγύτερον
3603 4740 3781 4796 προσ-

2191 4811 2388 4876 ελθεῖν,
2415 4817 2509 4865 καὶ
2545 4813 2878 4886 θερμότερον
2908 4817 3243 4873 ἐπικεῖσθαι.

2275 4902 2338 4956 Ἠ
2372 4933 2442 4942 -—
2474 4921 2596 4973 μοι.
2659 4907 2825 4977 ’Λχρι
2885 4907 2993 4979 γὰρ
3046 4909 3167 4961 τότε
3210 4908 3318 4961 οὐδ’
3344 4911 3424 4973 εἰς
3446 4908 3570 4979 ὅφιν
3601 4910 3776 4965 αὑτοῦ

506 4991 613 5043 lius
631 5000 987 5059 conspectum
1007 5007 1138 5047 ausa
1158 4994 1182 5048 l‘
1185 5005 1336 5049 uerat
1354 4997 1635 5063 accedere,
1654 4998 1928 5070 indignam
1963 5015 2084 5056 sese

2202 4996 2522 5068 τετόλμηκεν
2558 4996 2760 5061 ἐλθεῖν,
2788 5000 3014 5066 ἀναξίαν
3043 5002 3246 5072 ἑαυτὴν
3274 5003 3554 5073 κρίνουσα.

501 5095 785 5154 reputans.

581 5176 733 5231 Vers.
763 5176 852 5233 26.
888 5176 987 5232 Ille
1014 5207 1085 5220 -
1123 5179 1344 5235 catellis.
1394 5181 1670 5247 Quantum
1711 5184 1799 5238 illa
1849 5187 2082 5255 augebat

2272 5179 2338 5233 Ὀ
2374 5211 2446 5224 -
2465 5183 2797 5252 κυναρίοις.
2834 5184 3002 5237 Ὅσον
3025 5186 3300 5239 ἐπέτεινεν
3323 5187 3507 5257 εκείνη
3537 5188 3636 5261 τὴν
3676 5190 3772 5242 αἷ-

503 5268 845 5338 petitionem.
883 5278 1091 5324 tantum
1139 5273 1256 5344 ipse
1302 5275 1690 5344 repulsionem.
1752 5277 1962 5333 Marcus
2005 5280 2081 5334 ait

2202 5293 2368 5348 ιησιν,
2420 5277 2676 5331 τοσοῦτον
2707 5279 2802 5330 καὶ
2851 5278 3017 5341 αὐτὸς
3067 5279 3168 5350 τὴν
3220 5279 3576 5354 παραίτησιν.
3618 5281 3678 5338 Ὀ
3710 5283 3770 5338 δὲ

611 5415 657 5445 ⁸⁸
681 5413 849 5470 Marc.
873 5432 970 5481 vtt,
995 5415 1087 5473 26.
1201 5419 1244 5450 ⁸³
1266 5417 1398 5474 Luc.
1444 5437 1555 5485 χεν,
1582 5423 1667 5477 l8.

1780 5423 1825 5453 “
1859 5423 1988 5478 Luc.
2023 5440 2076 5491 ν,
2118 5425 2171 5479 5.

2286 5423 2331 5455 ⁸⁵
2363 5423 2496 5479 ibid.
2523 5423 2575 5476 4.
2690 5423 2735 5454 ⁸⁸
2765 5423 2958 5480 Matth.
2987 5439 3041 5490 ι’,
3066 5423 3119 5479 6.

1692 5580 1886 5642 Variae
1922 5581 2229 5646 lectiones
2259 5590 2324 5646 et
2357 5587 2550 5643 notae.

523 5762 528 5766 ’
582 5744 693 5814 ,97)
722 5745 891 5800 Forte
934 5743 1239 5825 llentepius
1269 5748 1492 5825 reperit,
1545 5752 1612 5822 τῇ
1663 5753 2072 5825 καρδίᾳ-Γετιί

501 5825 683 5883 potest
718 5827 1028 5885 utrumque.
1059 5815 1169 5887 Τῆς
1207 5815 1462 5888 καρδίας,
1498 5815 1698 5890 pendet
1733 5815 1947 5888 («{sz
1975 5824 2070 5875 πό.

501 5902 609 5939 νον.

2260 5756 2374 5826 (98)
2403 5758 2491 5821 At,
2528 5758 2686 5814 abest
2715 5758 2782 5814 A.

2252 5827 2368 5902 (99)
2400 5827 2579 5895 Οὕτω,
2611 5830 2767 5884 abest
2789 5829 2850 5881 Α.
