4020 6536
180 469 292 534 453

1054 465 1444 527 COMMENT.
1493 464 1576 526 IN
1615 464 2108 530 ΜᾹΤἸἮᾸΞΗΜ.
2138 492 2210 506 ·-
2247 469 2408 531 CAP.
2454 470 2578 534 XV.

3379 488 3488 540 454

183 583 234 636 Μ
244 586 414 652 ἀρκος
443 581 626 654 φησὶν,
653 582 734 634 ὅτι
764 572 922 632 εἶπεν
949 578 1087 648 αὐτῇ
1113 595 1129 610 ·
1166 578 1344 647 Ἄφες
1374 575 1614 647 πρῶτον
1644 593 1783 645 χορ-

1902 579 2036 648 ]υοά
2086 578 2285 636 dixerit
2354 581 2454 635 ci:
2504 580 2634 636 Sine
2687 583 2920 653 primum
2941 588 3185 642 salutari
3238 589 3379 656 ﬁlios
3417 593 3483 649 ⁸⁷.

177 675 480 742 τασθῆναι
509 677 579 730 τὰ
597 674 800 729 τέκνω
834 672 1174 743 πανταχόθεν
1203 673 1316 744 γὰρ
1337 672 1527 742 ἐδήλου
1549 671 1652 741 τὴν
1672 670 1783 724 τῶν

191 770 468 823 Ἰουδαίων
491 770 795 832 οἱκείωσιν,
827 768 923 820 καὶ
965 767 1066 837 τὴν
1096 767 1177 828 είς
1207 765 1408 828 αὐτοὺς
1439 766 1666 834 ἀγάπην
1689 763 1784 817 καὶ

177 862 350 933 τιμὴν
384 863 479 915 καὶ
512 861 869 930 κηδεμονίαν.
909 859 1019 913 Καὶ
1053 857 1220 910 τέκνα
1267 858 1365 926 μὲν
1410 853 1612 918 αὐτοὺς
1650 855 1785 909 ὠνό-

181 973 385 1027 μασεν.
425 955 500 1017 ὡς
555 953 816 1025 γνησίους
874 953 970 1005 καὶ
1038 950 1114 1013 ὡς
1165 949 1602 1019 ἡγαπημένους·
1679 965 1781 1000 κυ-

177 1051 347 1120 νάρια
400 1047 454 1100 δὲ
500 1047 568 1100 τὰ
618 1047 770 1114 ἔθνη,
800 1046 874 1108 ὡς
923 1044 1232 1106 ἀκάθαρτα,
1291 1045 1384 1097 καὶ
1443 1045 1520 1105 ὡς
1585 1043 1781 1116 μιαρά.

183 1144 390 1211 Ἀρτον
417 1141 475 1192 δὲ
522 1141 671 1207 λέγει
703 1142 802 1207 τὴν
843 1137 1163 1208 θεραπείαν,
1195 1138 1255 1190 οὐ
1311 1136 1410 1207 τὴν
1456 1143 1784 1208 σωματικὴν

180 1233 370 1304 μόνον,
422 1232 562 1284 ἀλλὰ
601 1232 693 1283 καὶ
728 1231 826 1300 τὴν
859 1229 1122 1299 ψυχικήν,
1167 1227 1277 1281 Καὶ
1308 1229 1409 1298 ὅρα
1441 1227 1656 1282 σύνεσιν
1685 1245 1785 1296 γυ-

176 1324 398 1385 ναικός’
432 1323 758 1392 δραξαμένη
792 1322 902 1391 γὰρ
931 1322 1039 1372 τῶν
1071 1318 1165 1372 τοῦ
1219 1318 1460 1389 Χριστοῦ
1493 1320 1782 1391 ῥημάτων,

175 1419 278 1471 ἀπ’
308 1417 491 1470 αὐτῶν
520 1417 711 1468 πλέκει
739 1413 1077 1484 συνηγορίαν
1107 1413 1331 1483 ἑαυτῆς.

269 1506 340 1559 Ἠ
391 1502 810 1558 δὲ-αὑτῶν,
874 1503 983 1556 Ναὶ
1044 1502 1244 1571 Κύριε,
1311 1500 1501 1572 φησιν,
1563 1501 1784 1568 ἀληθῶς

176 1592 368 1659 εἴπας.
396 1597 579 1650 Τέκνα
605 1597 705 1664 μὲν
739 1597 966 1658 ἐκεῖνοι,
1005 1595 1268 1663 κυνάριον
1317 1595 1370 1647 δὲ
1405 1595 1538 1662 ἐγώ·
1567 1597 1666 1646 καὶ
1693 1594 1784 1647 διὰ

178 1693 344 1744 τοῦτο
381 1709 447 1762 με
485 1691 599 1759 χρὴ
633 1689 838 1758 μᾶλλον
870 1688 1183 1758 ἐλεηθῆναι·
1214 1689 1321 1742 Kal
1363 1686 1473 1756 γὰρ
1498 1686 1571 1740 τὰ
1601 1684 1785 1739 κυνάε

178 1803 283 1854 pra
326 1786 446 1839 ἀπὸ
475 1783 593 1835 τῶν
617 1783 842 1851 ψιχίων
867 1783 1059 1836 ἐσθίει
1086 1778 1206 1833 τῶν
1255 1781 1603 1833 πιπτόντων
1659 1776 1782 1832 ἀπὸ

178 1876 297 1944 τῆς
347 1875 648 1943 τραπέζης
693 1872 812 1936 τῶν
869 1873 1100 1941 κυρίων
1137 1869 1360 1925 αὐτῶν.
1402 1871 1558 1924 Ἐπεὶ
1603 1870 1783 1924 τοίνυν

1888 673 2138 742 Undique
2171 675 2318 729 enim
2386 674 2712 730 ostendebat
2754 675 3182 734 familiaritatem
3231 696 3296 737 ac
3344 682 3487 740 dile-

1884 765 2121 820 ctionem
2147 781 2272 836 erga
2325 766 2565 832 Judaaos,
2627 781 2935 837 eorumque
2984 773 3317 838 procurabat
3385 776 3489 832 ho-

1885 872 2100 914 norem.
2145 859 2312 913 Filios
2339 861 2561 928 quidem
2605 875 2702 914 eos
2733 866 2946 916 vocavit
2977 872 3239 934 tanquam
3267 881 3398 922 suos
3421 885 3486 924 ac

1885 949 2113 1006 dilectos
2146 967 2162 1017 ;
2211 952 2466 1008 ethnicos
2500 968 2632 1010 vero
2660 954 2889 1010 catellos
2925 963 3185 1025 tanquam
3238 960 3489 1030 impuros

1886 1055 1952 1098 ac
1989 1042 2278 1097 scelestos.
2329 1043 2532 1099 Panem
2600 1055 2783 1099 autem
2843 1047 3001 1101 dicit
3034 1051 3323 1104 sanitatem
3377 1067 3489 1106 non

1883 1148 2180 1204 corporum
2241 1145 2479 1202 tantum,
2557 1152 2750 1202 verum
2817 1139 2979 1194 etiam
3034 1141 3368 1198 animarum.
3425 1146 3492 1198 Et

1885 1227 2010 1282 vide
2070 1228 2317 1283 mulieris
2380 1230 2780 1299 prudentiam:
2830 1231 3034 1288 Christi
3090 1236 3240 1290 enim
3296 1238 3481 1292 verbis

1884 1318 2159 1389 perculsa,
2194 1337 2355 1377 suum
2389 1323 2459 1378 ab
2494 1323 2603 1377 illis
2637 1323 2772 1377 texit
2813 1327 3205 1394 patrocinium.

1962 1501 2239 1566 Vera-.27.
2272 1505 2340 1560 Αι
2365 1507 2551 1561 illa—
2576 1525 2816 1565 suorum.
2851 1510 3035 1578 Certe,
3075 1509 3324 1578 Domine,
3365 1528 3494 1568 vero

1883 1594 2070 1649 dixisti
2124 1597 2244 1651 :illi
2293 1586 2518 1668 quidem
2583 1612 2714 1656 sunt
2765 1602 2884 1668 ﬁlii,
2943 1619 3046 1674 ego
3101 1619 3233 1658 vero
3276 1621 3384 1659 una
3461 1622 3492 1660 e

1883 1687 2137 1743 catellis:
2193 1690 2427 1760 ideoque
2481 1695 2588 1747 mei
2667 1695 2856 1763 potius
2935 1697 3186 1750 misereri
3253 1707 3492 1767 oportet.

1883 1779 2024 1834 Nam
2055 1782 2294 1836 etcatelli
2321 1787 2480 1838 edunt
2504 1787 2568 1840 de
2614 1787 2764 1841 micis
2805 1803 2923 1856 qua:
2971 1791 3175 1842 cadunt
3229 1806 3262 1842 a
3315 1807 3496 1848 mensa

1886 1872 2227 1927 dominorum
2283 1892 2526 1930 suorum.
2561 1875 2702 1942 Quia
2745 1893 2874 1947 ergo
2929 1877 3129 1933 catella
3178 1894 3322 1944 sum,
3385 1896 3496 1935 non

180 1970 448 2039 κυνάριόν
497 1969 636 2036 εἰμι,
676 1966 777 2018 οὐκ
823 1966 944 2033 εἰμὶ
981 1963 1266 2033 ἀλλοτρία,
1313 1962 1436 2015 οὐδὲ
1493 1961 1783 2032 κωλύομαι

1902 1965 2068 2020 ilieua
2100 1980 2243 2030 sum,
2278 1982 2460 2037 neque
2493 1968 2561 2023 de
2600 1969 2758 2023 micis
2803 1970 3136 2041 participare
3172 1971 3494 2042 prohibeor,

177 2064 296 2116 τῶν
351 2063 553 2132 ψιχίων
612 2061 924 2129 μετασχεῖν,
979 2057 1171 2127 ὥσπερ
1224 2055 1348 2109 οὐδὲ
1388 2054 1459 2108 τὰ
1523 2054 1782 2126 κυνάριω

177 2159 388 2226 ψιχίων
440 2153 748 2225 νοουμένων
816 2152 928 2205 τῶν
982 2153 1047 2203 ὲκ
1083 2148 1179 2202 τοῦ
1220 2147 1634 2217 παρατυχόντος
1698 2147 1784 2202 ld-

182 2268 353 2305 σεων.
383 2247 456 2301 Τὸ
495 2247 595 2316 μὲν
627 2229 722 2299 οὖν
761 2246 835 2312 μὴ
900 2243 1234 2308 ἀποστῆναι,
1280 2240 1537 2292 τοσοῦτον
1570 2239 1785 2302 εξουδε-

178 2341 480 2400 νωθεῖσαν,
521 2334 762 2396 πίστεως
803 2329 892 2402 ἦν’
921 2332 984 2383 τὸ
1012 2329 1070 2383 δὲ
1117 2326 1561 2398 συνομολογῆσαι
1606 2327 1782 2382 κυνά-

185 2452 310 2506 ριον
338 2431 542 2499 ἑαυτὴν
604 2426 1015 2487 ταπεινώσεωςο
1044 2425 1104 2476 το
1132 2423 1177 2476 δ’
1201 2422 1310 2476 ἀπὸ
1341 2418 1452 2474 τῶν
1481 2421 1660 2490 λόγων
1685 2418 1782 2475 τοῦ

183 2523 436 2592 Χριστοῦ
495 2518 916 2572 κατασκευάσαι
975 2514 1307 2583 συνηγορῐαν
1352 2512 1645 2573 συνέσεως.
1686 2511 1788 2564 Διὰ

182 2618 365 2671 ταῦτα
395 2614 572 2668 τοίνυν
603 2612 896 2666 ἀνεϐάλετο
920 2610 996 2680 (1)
1031 2607 1130 2679 τὴν
1161 2606 1306 2660 ίασιν
1329 2605 1359 2658 ὁ
1387 2603 1650 2677 Χριστὸς,
1687 2603 1778 2655 ῐνα

186 2712 370 2765 ταῦτα
401 2707 818 2778 φανερωθῶσιν,
857 2705 946 2756 ἱνα
977 2701 1126 2773 δείξῃ
1160 2701 1260 2771 τὴν
1288 2702 1348 2753 ὲν
1374 2699 1590 2761 τούτοις
1639 2697 1790 2766 φιλο-

190 2805 392 2872 σοφίαν
422 2803 611 2870 αὐτῆς,
648 2800 733 2853 ἵνα
764 2795 1239 2868 καταισχυνθῶσιν
1283 2793 1554 2855 Ἰουδαῖοι,
1590 2790 1788 2844 τοσοῦ-

188 2916 287 2951 τον
320 2901 397 2960 εἰς
430 2896 615 2948 πίστιν
650 2893 745 2947 καὶ
768 2892 1102 2945 ταπείνωσιν
1132 2889 1226 2942 καὶ
1267 2887 1490 2939 σύνεσιν
1533 2884 1791 2954 ἡττώμε-

191 3011 279 3044 νοι
316 2991 574 3056 γυναικὸς
601 2989 844 3056 ἐθνικῆς,
869 2985 984 3047 ῐνα,
1039 2981 1219 3036 ταῦτα
1252 2980 1541 3051 βλέποντες
1573 2979 1622 3030 οί
1657 2977 1794 3029 ἀπό-

193 3083 398 3145 στολοι,
443 3081 796 3150 θαρρήσωσιν
841 3077 1093 3147 ὕστερον,
1127 3073 1587 3141 ἀποστελλόμενοι
1652 3069 1790 3138 πρὸς

191 3179 262 3227 τὰ
301 3174 441 3244 ἔθνη.
493 3172 693 3225 Λοιπὸν
730 3167 822 3222 οὖν
858 3166 1198 3236 ἀνεκήρυξεν
1233 3163 1403 3234 αὐτὴν
1443 3166 1471 3216 δ
1510 3161 1768 3231 Χριστός.

278 3357 413 3407 Τότε
442 3381 513 3392 -—-
545 3350 704 3420 ὥρας
735 3347 996 3414 ἐκείνης.
1032 3345 1093 3400 '0
1122 3345 1178 3400 δὲ
1204 3343 1434 3414 Μάρκος
1487 3343 1664 3395 εἰπεῖν
1697 3341 1790 3396 τὸν

194 3443 435 3517 Χριστὸν
470 3446 608 3514 πρὸς
669 3445 847 3511 αὐτὴν
907 3457 1095 3510 φησιν,
1130 3441 1213 3493 ὅτι
1266 3440 1367 3492 Διὰ
1411 3435 1630 3490 τοῦτον
1682 3439 1792 3488 τὸν

194 3544 409 3610 λόγον,
453 3540 668 3606 ὕπαγε,
701 3517 995 3605 ἐξελήλυθε
1035 3531 1097 3585 τὸ
1121 3531 1405 3600 δαιμόνιον
1437 3532 1502 3582 ὲκ
1546 3529 1646 3598 τῆς
1697 3527 1794 3581 Ou-

197 3637 401 3705 γατρός
454 3650 570 3696 σου,
629 3629 900 3695 τουτέστι,
949 3628 1036 3681 διὰ
1098 3625 1190 3679 τὸν
1227 3624 1410 3692 λόγον,
1441 3615 1597 3691 ᾧτινι
1653 3621 1792 3690 πρὸς

197 3732 536 3798 συνηγορίαν
578 3725 800 3794 ἐχρήσω
859 3721 1099 3783 συνετῶς
1137 3721 1301 3787 ἄγαν.
1336 3718 1446 3770 Καὶ
1485 3717 1596 3786 γὰρ
1625 3719 1651 3768 δ
1683 3716 1795 3767 Σω-

194 3826 309 3891 τὴρ
340 3821 437 3873 καὶ
464 3823 564 3885 τὴν
596 3816 781 3868 πίστιν
813 3814 986 3882 αὐτῆς
1017 3810 1276 3883 ἐπῄνεσε,
1297 3812 1392 3864 καὶ
1423 3811 1522 3879 τὴν
1545 3808 1788 3862 σύνεσιν.

199 3914 317 3966 Καὶ
365 3911 454 3963 δια
485 3911 645 3961 τοῦτο
680 3905 962 3967 Ματθαῖος
997 3903 1096 3972 μὲν
1157 3902 1247 3954 τὸν
1279 3901 1506 3953 ἔπαινον
1541 3899 1641 3968 τῆς
1704 3899 1796 3951 πί-

201 4020 375 4066 στεως
411 4001 574 4071 αὐτῆ,
612 3998 845 4070 ἔγραψε,
876 3997 1103 4067 Μάρκος
1131 3993 1188 4045 δὲ
1223 3993 1314 4045 τὸν
1359 3992 1459 4062 τῆς
1497 3991 1791 4052 συνέσεως.

275 4097 348 4150 Σὺ
389 4095 445 4148 δὲ
487 4094 706 4154 σκόπει,
770 4090 913 4153 πῶςς
963 4088 1072 4141 τῶν
1109 4085 1428 4140 ἀποστόλων
1489 4085 1796 4153 δεηθέντων

205 4192 348 4260 ὑπὲρ
387 4185 584 4256 αὐτῆς,
642 4186 740 4237 καὶ
774 4183 944 4252 μηδὲν
998 4181 1339 4242 ἁνυσαντων,
1409 4177 1548 4248 αὑτὴ
1593 4178 1796 4247 μᾶλλον

204 4286 393 4352 ἤνυσε.
431 4276 812 4346 Διδασκόμεθα
850 4276 958 4345 γὰρ
1001 4271 1276 4335 ἐντεῦθεν,
1322 4272 1404 4324 ὅτι
1433 4273 1460 4323 ὁ
1491 4272 1623 4333 Θεὸς
1668 4269 1798 4340 βού-

203 4377 358 4427 λ-τ-ι
402 4373 602 4443 μᾶλλον
637 4372 784 4440 ἡμᾶς
815 4369 1010 4428 αὐτοὺς
1045 4365 1188 4434 ὑπὲρ
1250 4363 1461 4416 ἑαυτῶν
1504 4362 1794 4415 ἱκετεύειν.

205 4468 268 4520 Οἱ
297 4469 398 4535 μὲν
427 4467 535 4533 γὰρ
570 4461 813 4532 μαθηταὶ
847 4457 1072 4529 μείζονα
1103 4456 1420 4526 παρρησίαν
1458 4448 1630 4524 είχον,
1681 4451 1797 4505 ἀλλ’

205 4564 238 4628 η
273 4559 413 4627 γυνὴ
467 4555 673 4624 πολλὴν
743 4552 1050 4623 καρτερίαν
1105 4545 1444 4611 ἐπεδείξατο.
1485 4546 1596 4599 Καὶ
1628 4545 1800 4608 ὄντως

210 4651 430 4722 μεγάλα
468 4649 695 4701 δύναται
744 4644 1048 4715 προσεδρὶα
1090 4641 1516 4712 παρακλήσεως.

284 4743 606 4813 ΙΙροετύπου
675 4740 732 4792 δὲ
795 4739 940 4792 κατὰ
1013 4736 1352 4804 ἀλληγορίαν
1409 4735 1444 4803 ὴ
1523 4732 1808 4788 Χαναναία

208 4840 352 4909 αὕτη
404 4837 543 4906 γυνὴ
595 4833 693 4906 τὴν
726 4833 785 4898 ἐξ
809 4830 984 4884 ὲθνὼν
1025 4829 1380 4899 Ἐκκλησίαν,
1414 4829 1537 4899 ἥτις
1566 4827 1674 4890 ἕως
1705 4825 1809 4896 μὲν

209 4936 407 5000 ἔμενεν
441 4931 499 4980 ἐν
553 4930 668 4990 τοῖς
733 4927 906 4996 ὁρίοις
953 4926 1054 4993 τῆς
1107 4921 1412 4994 θρησκείας
1458 4919 1655 4989 αὐτῆς,
1693 4914 1810 4989 εἶχε

209 5029 310 5095 τὴν
361 5021 644 5091 θυγατέρα
693 5017 1183 5088 δαιμονιζομένην,
1222 5015 1422 5084 ἧγουν,
1466 5011 1568 5082 τὴν
1604 5011 1809 5082 πρᾶξιν

208 5114 614 5188 κυριευομινην
699 5109 805 5163 ὑπὸ
870 5108 1170 5178 δαιμόνωνο
1219 5103 1518 5170 ἐξελθοῦσα
1574 5103 1632 5156 δὲ
1693 5105 1806 5157 τῶν

209 5214 378 5282 ὁρίων
412 5209 607 5279 αὐτῆςο
641 5205 718 5274 (2)
770 5202 1098 5258 Ἐπαιάοου
1129 5205 1261 5271 γὰρ,
1304 5199 1483 5270 φησι,
1516 5197 1624 5252 τοῦ
1648 5197 1805 5251 λαοῦ

211 5323 356 5369 σου,
396 5304 497 5357 καὶ
530 5301 640 5355 τοῦ
673 5299 845 5354 οἶκου
878 5296 988 5350 τοῦ
1015 5295 1244 5362 πατρός
1275 5307 1414 5346 σου’
1468 5291 1628 5360 λόγου
1687 5290 1807 5358 ﬁgi.

211 5399 330 5468 ὡθη
366 5395 520 5468 παρὰ
553 5388 820 5463 Χριστοῦ,
851 5389 945 5442 καὶ
995 5385 1291 5457 ἀπηλλάγη
1327 5382 1429 5453 τῆς
1481 5379 1807 5444 δυναστείας

211 5493 323 5546 τῶν
346 5489 642 5560 δαιμόνων.

275 5609 323 5642 ⁸⁷
350 5607 517 5664 Marc.
534 5619 628 5670 vn,
651 5599 744 5657 27.
820 5598 866 5632 ⁸⁸
885 5596 1051 5654 Μαι-ο.
1081 5611 1178 5660 vti,
1201 5593 1293 5652 29.

1889 2058 2035 2112 sicut
2066 2073 2246 2128 neque
2281 2059 2464 2114 catelli
2493 2077 2507 2114 :
2567 2061 2636 2115 de
2670 2062 2828 2116 micis
2849 2060 2930 2132 (ιι)
2992 2065 3219 2132 inquam
3281 2064 3488 2118 intelle-

1888 2150 2183 2214 ctualibus,
2208 2151 2261 2205 id
2305 2161 2388 2206 est
2417 2143 2749 2209 sanitatibus
2779 2153 2995 2208 collatis
3021 2155 3091 2209 ab
3131 2169 3199 2209 eo
3225 2159 3318 2225 qui
3350 2171 3498 2210 nunc

1889 2256 2022 2295 casu
2052 2257 2176 2297 sese
2200 2243 2421 2296 obtulit.
2456 2241 2612 2308 Quod
2655 2257 2787 2313 ergo
2813 2244 2954 2298 adeo
2983 2246 3200 2315 repulsa
3230 2262 3342 2302 non
3385 2249 3498 2303 dis-

1889 2330 2075 2394 cessit,
2104 2328 2226 2385 ﬁdei
2251 2343 2369 2386 erat
2402 2351 2415 2386 :
2439 2332 2588 2402 quod
2613 2347 2745 2388 vero
2761 2347 2821 2388 se
2840 2335 3092 2389 catellam
3112 2344 3198 2390 est
3220 2337 3497 2402 confessa,

1892 2423 2273 2478 humilitatis:
2332 2427 2480 2495 quod
2537 2435 2729 2481 autem
2785 2443 2816 2482 a
2873 2426 3092 2483 Christi
3145 2430 3499 2486 sermonibus

1889 2519 2262 2584 patrocinium
2295 2519 2399 2574 sibi
2455 2519 2763 2590 aptaverit,
2813 2521 3142 2592 prudentiae.
3189 2522 3493 2594 Propterea

1910 2609 2063 2665 enim
2124 2611 2377 2665 Christus
2418 2615 2714 2667 sanitatem
2773 2611 3009 2680 distulit,
3034 2623 3095 2668 ut
3155 2614 3271 2669 haec.
3323 2617 3499 2670 niani’

1893 2701 2032 2758 festa
2085 2703 2322 2759 ﬁerent;
2376 2713 2542 2774 atque
2575 2719 2674 2774 per
2713 2705 2803 2759 iiia
2848 2707 3016 2775 hujus
3081 2706 3499 2778 philosOphiam

1895 2793 2323 2859 demonstraret,
2381 2805 2550 2864 utque
2602 2794 3082 2852 confunderentur
3129 2796 3326 2863 Judaei,
3363 2799 3502 2852 adeo

1895 2886 2022 2951 ﬁde,
2091 2888 2400 2943 humilitate
2473 2906 2537 2942 ac
2590 2889 2884 2959 prudentia
2925 2908 2954 2942 a
3020 2891 3211 2962 gentili
3268 2892 3503 2946 muliere

1894 2982 2138 3050 superati
2173 2999 2188 3035 :
2223 2992 2489 3052 prmterea
2534 2966 2591 3037 ut
2622 2983 2742 3038 haec
2777 2985 3031 3039 videntes
3088 2986 3348 3055 apostoli,
3409 3000 3504 3040 su-

1895 3085 2111 3128 merent
2168 3076 2479 3152 audaciam,
2546 3092 2673 3129 cum
2737 3079 3090 3145 postmodum
3170 3080 3238 3132 ad
3303 3089 3500 3148 gentes

1894 3171 2300 3222 emitterentur.
2327 3167 2447 3222 Jan)
2479 3168 2666 3238 itaque
2691 3169 2947 3225 Christus
2985 3169 3136 3224 illius
3174 3170 3337 3224 ﬁdem
3368 3186 3502 3242 pro-

1819 3282 1863 3339 C
1901 3261 2126 3330 mulgat.

1969 3350 2126 3407 Vera.
2163 3353 2252 3408 28.
2291 3352 2433 3406 Tum:
2483 3382 2552 3393 --
2594 3352 2692 3408 illa
2743 3353 2898 3409 liora.
2947 3353 3166 3410 Marcus
3197 3364 3391 3410 antem
3426 3356 3504 3424 ait

1892 3443 2172 3500 Christum
2204 3446 2272 3499 ad
2294 3446 2441 3499 illam
2477 3445 2680 3500 dixisse
2709 3444 2971 3514 :Propter
3003 3448 3144 3500 hunc
3166 3463 3489 3512 sermonem,

1895 3539 1983 3590 abi
2019 3538 2086 3604 ⁶⁸;
2115 3541 2284 3593 exivit
2317 3539 2650 3593 daemonium
2675 3555 2704 3592 a
2735 3541 2841 3592 lilia
2869 3548 2982 3602 tua.
3023 3541 3125 3594 hoc
3147 3548 3252 3606 est,
3278 3552 3504 3610 pr0pter

1899 3629 2047 3683 hunc
2080 3645 2390 3684 sermonem
2435 3647 2545 3700 quo
2595 3641 2882 3701 sapienter
2935 3633 3234 3686 admodum
3290 3647 3388 3686 usa
3446 3649 3504 3687 es

1897 3716 1965 3772 ad
1996 3718 2395 3788 patrocinium.
2423 3717 2642 3773 Etenim
2672 3718 2926 3773 Salvator
2948 3728 3006 3773 et
3055 3717 3216 3774 ﬁdem
3245 3721 3364 3790 ejus
3392 3719 3494 3774 lau-

1897 3809 2050 3863 davit
2087 3817 2144 3863 et
2204 3810 2578 3879 prudentiam.
2633 3809 2704 3864 Et
2752 3810 2877 3864 ideo
2926 3809 3217 3864 Matthaius
3277 3812 3503 3880 quidem

1899 3900 2118 3958 laudem
2204 3902 2335 3958 ﬁdei
2388 3904 2512 3974 ejus
2583 3902 2848 3973 scripsit:
2882 3899 3101 3957 Marcus
3169 3916 3302 3958 vero
3367 3920 3505 3974 pru-

1900 3999 2125 4057 demite.

1974 4087 2056 4142 Tu
2079 4097 2260 4141 autem
2293 4085 2582 4140 considera
2595 4083 2872 4154 quomodo
2897 4097 3021 4138 cum
3040 4083 3269 4154 apostoli
3288 4097 3387 4154 pro
3415 4083 3505 4138 illa

1902 4182 2180 4253 deprecati
2213 4180 2470 4242 fuissent,
2508 4178 2758 4248 nihilque
2787 4177 3130 4239 effecissent,
3173 4177 3289 4245 ipsa
3320 4181 3507 4246 potius

1903 4277 2155 4344 perfecit.
2193 4275 2333 4328 Hinc
2380 4275 2528 4328 enim
2556 4276 2824 4327 docemur-
2859 4271 3008 4340 quod
3084 4269 3230 4324 Deus
3294 4274 3506 4325 mavult

1902 4384 2004 4424 nos
2032 4383 2131 4438 pro
2162 4365 2460 4436 nobisipsis
2487 4366 2784 4419 obsecrare
2811 4382 2824 4418 :
2860 4362 3122 4433 discipuli
3145 4362 3293 4416 enim
3313 4363 3507 4433 majori

1905 4462 2157 4516 libertate
2205 4458 2525 4524 utebantur,
2573 4457 2670 4511 sed
2725 4455 2926 4509 mulier
2970 4470 3222 4526 magnam
3278 4454 3508 4510 demon-

1907 4555 2106 4610 stravit
2139 4553 2508 4610 constantiam
2542 4566 2606 4606 ac
2673 4551 3167 4622 perseverantiam.
3246 4549 3314 4603 Et
3380 4565 3525 4605 vere-

1838 4625 1883 4680 θ
1909 4664 2105 4719 magna
2143 4656 2332 4718 potest
2379 4645 2717 4716 precationis
2750 4643 3074 4699 assiduitas.

1977 4739 2374 4810 Praeﬁgurabat
2403 4747 2588 4793 autem
2617 4738 2774 4808 juxta
2825 4735 3146 4805 allegoriam
3195 4734 3508 4789 Chananzea

1909 4835 2026 4889 hinc
2072 4834 2273 4888 mulier
2319 4831 2624 4888 Ecclesiaui
2660 4845 2693 4885 e
2735 4829 2994 4900 gentibus
3042 4829 3507 4900 congregandam,

1905 4944 2028 4999 qua:
2057 4929 2188 4983 dum
2223 4927 2279 4981 in
2321 4925 2523 4980 ﬁnibus
2573 4937 2802 4980 suarum
2858 4927 3348 4977 otiservant‘iarum
3385 4937 3510 4991 per-

1907 5025 2133 5088 mansit,
2164 5020 2331 5074 ﬁliam
2363 5020 2603 5075 habebat
2656 5031 2689 5072 a
2734 5017 3008 5072 daemonio
3043 5015 3328 5086 agitatam,
3361 5015 3512 5068 vidc-

1917 5118 2043 5171 licet
2071 5115 2450 5186 operationem
2484 5113 2832 5169 demonibus
2880 5111 3216 5180 subjectam.
3275 5106 3376 5163 Ubi
3408 5123 3512 5163 au-

1918 5218 2026 5265 tem
2065 5223 2286 5280 egressa
2317 5216 2403 5262 est
2441 5223 2473 5262 a
2514 5206 2719 5262 ﬁnibus
2772 5206 2910 5271 suis,
2957 5204 3132 5260 oblita
3161 5202 3373 5258 scilicet
3413 5216 3511 5270 p0-

1912 5301 2027 5373 puli
2059 5301 2144 5355 sui
2173 5316 2237 5355 ac
2287 5301 2488 5355 domus
2515 5300 2688 5370 patris
2743 5299 2830 5352 sui
2855 5299 2924 5366 ⁶⁹,
2973 5294 3185 5351 Christi
3252 5308 3513 5348 sermone

1912 5397 2077 5467 digna
2109 5394 2300 5450 eﬁ‘ecta
2320 5401 2423 5459 est,
2443 5401 2500 5449 et
2526 5408 2556 5448 a
2579 5393 2891 5449 daemonum
2917 5387 3175 5447 violentia
3199 5386 3455 5443 liberata.

1405 5593 1450 5626 ‘°
1483 5591 1629 5649 Psal.
1651 5611 1795 5664 xuv,
1823 5599 1909 5656 11.

1415 5693 1623 5755 Variis
1654 5693 1963 5760 lectiones
1997 5699 2059 5757 et
2093 5696 2290 5755 notia.

287 5786 368 5856 (1)
413 5781 788 5845 ’Δνεδάλλετο,
812 5777 876 5834 B.

286 5843 366 5932 {‘2}
419 5857 547 5912 Haec
577 5843 809 5909 fortasse
859 5859 1050 5904 contra
1086 5844 1330 5900 codicem
1380 5859 1542 5900 suum
1575 5846 1811 5901 mutavit
1851 5843 2180 5900 Hentenius.

290 5962 368 6022 (ii)
408 5954 485 6009 De
518 5953 665 6008 micis
699 5979 765 5990 —-
800 5963 910 6002 sese
961 5942 1169 5998 obtuiit.
1206 5941 1357 5998 Mica:
1391 5950 1574 5998 autem
1610 5943 1991 6012 intelliguntur
2026 5939 2340 5995 curationes
2370 5949 2500 5992 casu
2528 5933 2748 5991 oblatae.
