4020 6510
530 413 636 482 455

1767 402 2153 471 EUTHYMII
2192 397 2547 465 ZIGABENI

3717 392 3826 458 456

604 530 759 585 V’ers.
792 528 881 583 29.
911 526 979 581 Et
1024 555 1080 567 --
1110 526 1241 583 illic.
1300 524 1581 583 Interdum
1613 524 1833 598 quidem
1865 524 1982 595 ipse
2012 521 2124 578 cir-

2306 516 2413 572 Kal
2452 544 2520 558 ——
2548 511 2695 569 ἐκεῖ.
2731 511 2868 567 Ποτὲ
2904 510 3003 582 μὲν
3049 508 3215 574 αὐτὸς
3266 506 3619 580 περιέρχεται
3660 505 3825 576 θερα-

531 623 701 678 cumit
730 662 744 685 ,
782 635 988 675 sanans
1058 635 1154 675 eos
1215 620 1309 689 qui
1389 620 1527 676 male
1584 619 1789 674 habent
1827 635 1843 672 :
1877 616 2126 687 quando-

529 732 635 785 que
706 723 886 767 autem
967 713 1118 766 sedet
1192 723 1517 783 exspectans
1575 727 1705 767 eos
1752 710 1953 781 quibus
1997 721 2128 762 cura

531 817 813 876 opusest;
866 806 995 858 illud
1031 807 1252 875 quidem
1306 821 1405 861 sua
1471 804 1744 868 bonitate,
1807 803 1913 857 hoc
1971 814 2127 861 vero,

534 907 591 953 ut
618 898 686 950 de
719 896 1055 951 inllrmorum
1111 898 1216 953 ﬁde
1264 907 1446 952 sumat
1499 896 1960 967 experimentum.
2000 889 2131 944 Frec

532 1000 765 1060 quenter
812 1001 993 1044 autem
1025 990 1079 1043 in
1126 1001 1367 1045 montem
1404 989 1674 1054 ascendit,
1734 994 1961 1057 propter
2012 995 2128 1036 sua:

530 1085 875 1139 altitudinem
920 1085 1263 1141 divinitatis:
1309 1101 1373 1141 ac
1420 1084 1624 1139 docens
1676 1096 1707 1135 a
1759 1079 1877 1134 solo
1927 1076 2131 1130 elevari

530 1192 625 1231 eos
653 1179 744 1246 qui
791 1177 899 1231 Deo
934 1179 1380 1248 appropinquare
1400 1175 1654 1246 cupiunt.

872 1294 1026 1349 CAP.
1054 1292 1219 1347 XXX.
1254 1291 1329 1345 De
1351 1291 1517 1344 turbis
1554 1289 1785 1344 sanatis.

602 1407 758 1463 Vers.
799 1410 883 1462 50.
931 1407 997 1460 Et
1048 1438 1113 1449 ——
1157 1406 1372 1459 multos.
1427 1404 1629 1457 Κυλλοὶ
1666 1404 1790 1474 (pro
1849 1414 1961 1471 quo
2009 1416 2128 1452 mu-

540 1500 661 1553 tilos
740 1500 1026 1563 vertimus)
1094 1497 1315 1567 proprie
1379 1495 1664 1560 dicuntur,
1721 1493 1814 1563 qui
1873 1491 2131 1546 manibus

532 1600 738 1651 carent,
768 1593 909 1645 sicut
948 1590 1228 1644 tricesimo
1263 1590 1505 1659 septimo
1546 1586 1729 1654 capite
1781 1582 2131 1637 manifestius

532 1684 756 1755 patebit.

607 1773 854 1830 Vers.30.
883 1774 951 1826 Et
990 1801 1062 1813 -—
1092 1771 1236 1826 illos.
1282 1769 1415 1825 Vide
1467 1770 1849 1841 proﬁcientem
1906 1767 2127 1822 illorum

533 1869 719 1924 ﬁdem.
776 1866 966 1936 Neque
1020 1865 1169 1919 enim
1216 1864 1451 1935 amplius
1489 1871 1722 1935 tangunt
1754 1860 2022 1915 ﬁmbriam
2050 1875 2137 1913 ve-

530 1961 776 2015 stimenti
803 1958 946 2027 ejus,
970 1955 1065 2011 sed
1095 1954 1391 2026 projiciunt
1417 1969 1477 2009 se
1507 1954 1680 2009 solum
1704 1952 1771 2007 ad
1801 1952 1968 2024 pedes
1988 1952 2129 2021 ejus,

532 2060 588 2106 et
614 2056 839 2118 repente
870 2056 1028 2102 curat
1059 2046 1180 2100 illos
1212 2065 1225 2100 :
1252 2060 1363 2098 non
1398 2044 1544 2115 quod
1574 2044 1799 2114 majoris
1844 2043 1956 2099 sint
2000 2040 2107 2097 ﬁde

532 2155 695 2209 quam
757 2139 1087 2201 Cliananzea,
1154 2137 1250 2190 sed
1281 2134 1427 2203 quod
1478 2132 1654 2188 Judaei
1699 2134 1827 2199 sint,
1862 2141 1923 2188 ut
1952 2132 2134 2201 ingra-

534 2241 716 2287 torum
752 2232 973 2285 obturet
1025 2244 1120 2283 ora
1164 2227 1505 2290 Judasorum,
1573 2224 1967 2279 demonstrans
2008 2224 2133 2275 illos

532 2322 727 2390 majori
775 2322 967 2392 dignos
1025 2319 1318 2391 supplicio.
1392 2317 1643 2384 Ingratus
1690 2316 1839 2370 enim
1923 2322 2132 2384 quanto

532 2414 838 2481 majoribus
893 2412 1253 2481 pluribusque
1313 2408 1550 2462 aﬁicitur
1603 2405 1913 2471 beneﬁciis,
1975 2415 2129 2461 tanto

532 2505 595 2556 ad
630 2505 890 2570 majorem
924 2516 1142 2571 poenam
1181 2500 1438 2555 luendam
1468 2511 1555 2555 est
1576 2499 1871 2554 obnoxius.

605 2596 757 2649 Vers.
793 2594 882 2647 3|.
916 2593 1002 2646 Ita
1038 2605 1091 2645 ιιι
1137 2622 1206 2634 -
1250 2592 1447 2647 videre.
1506 2591 1846 2645 Mirabantur
1903 2600 2131 2661 propter

533 2701 726 2739 eorum
760 2685 1171 2739 multitudinem
1227 2686 1320 2755 qui
1375 2683 1734 2747 curabantur,
1795 2690 1851 2737 et
1904 2690 2131 2753 propter

532 2778 832 2833 curationis
861 2777 1225 2830 velocitatem.

606 2870 758 2923 Vers.
800 2870 888 2922 5t.
939 2867 1007 2920 Et
1038 2897 1107 2907 —
1138 2868 1330 2923 Israel.
1368 2868 1539 2923 Deum
1598 2868 1770 2939 ipsius
1806 2865 1995 2934 Israel,
2026 2866 2133 2922 boc

529 2970 633 3024 est,
655 2962 747 3030 qui
776 2961 846 3014 ab
878 2961 1135 3015 lsraelitis
1152 2961 1457 3015 colebatur.

800 3073 953 3129 CAP.
990 3073 1184 3127 XXXI.
1223 3074 1299 3129 De
1341 3084 1540 3145 septem
1579 3074 1828 3145 panibus.

606 3186 757 3239 Vers.
813 3185 899 3239 32.
942 3185 1090 3239 Jesus
1120 3196 1298 3239 autem
1327 3215 1399 3225 —
1422 3188 1605 3239 edant.
1660 3185 1789 3240 Dies
1855 3196 1989 3249 tres,
2022 3198 2124 3255 pro
2153 3208 2200 3270 ο

531 3276 723 3330 diebus
754 3277 953 3329 tribus.
988 3276 1321 3329 Admiranda
1354 3285 1474 3330 erat
1524 3284 1671 3329 tanta
1708 3276 1881 3330 turba:
1941 3289 2129 3345 perse-

532 3368 795 3420 verantia.
830 3368 1010 3431 Quare
1039 3377 1223 3421 autem
1257 3376 1440 3422 tacent
1473 3368 1753 3437 discipuli,
1794 3383 1898 3421 nec
1941 3367 2132 3421 dicunt

2232 615 2419 665 πεύων
2452 608 2582 671 τοὺς
2615 605 2801 670 κακῶς
2834 605 3081 675 ἔχοντας,
3104 602 3236 656 ποτὲ
3278 601 3334 656 δὲ
3386 600 3622 670 κάθηται
3664 615 3825 669 περι-

2235 707 2417 777 μένων
2451 703 2577 764 τοὺς
2619 700 2919 771 χρῄζοντας
2952 697 3251 768 θεραπείας
3286 712 3301 728 ο
3366 696 3547 747 ικεῖνο
3600 691 3701 763 μὲν
3760 690 3828 743 δι’

2231 796 2440 851 οἰκείαν
2480 792 2819 862 ἀγαθότητα,
2850 789 3011 842 τοῦτο
3040 788 3102 841 δὲ
3152 786 3467 859 δοκιμάζων
3509 785 3610 856 τὴν
3641 783 3828 835 πίστιν

2231 890 2341 943 τῶν
2377 886 2718 957 καμνόντων.
2753 882 3005 952 Συνεχῶς
3030 880 3086 933 δὲ
3124 881 3204 943 εἰς
3242 879 3369 951 ὅρος
3408 879 3610 941 ἄνεισι,
3642 874 3732 928 διὰ
3769 874 3829 926 τδ

2234 982 2367 1052 ὕψος
2392 982 2492 1050 τῆς
2532 975 2729 1031 ἑαυτοῦ
2783 974 3063 1044 θεότητος,
3110 972 3202 1024 καὶ
3243 970 3521 1024 παιδεύων
3590 966 3825 1035 ἐπαίρε-

2236 1074 2359 1128 σθαι
2410 1071 2651 1144 χαμόθεν
2701 1070 2828 1132 τοὺς
2860 1066 3188 1138 πλησιάζειν
3242 1061 3319 1134 τῷ
3371 1062 3492 1133 Θεῷ
3538 1061 3824 1123 θέλοντας.

2306 1274 2466 1328 ΚΕΦ.
2522 1272 2603 1326 A'.
2662 1268 2803 1337 Περὶ
2856 1266 2976 1320 τῶν
3033 1262 3526 1334 θεραπευθέντων
3595 1260 3822 1328 ὄχλων.

2305 1386 2415 1443 Kal
2440 1415 2511 1426 —-
2539 1381 2833 1447 πολλούς.
2866 1378 3069 1434 Κυλλο)⁵
3100 1378 3304 1447 κυρίως
3357 1376 3406 1428 οί
3437 1374 3688 1445 ἄχειρες,
3750 1371 3825 1433 ὡς

2233 1481 2292 1533 ὲν
2323 1476 2403 1547 τῷ
2430 1475 2509 1539 λζ’
2540 1471 2822 1543 κεφαλαίῳ
2864 1466 3357 1539 διαγνωσθησεται.

2305 1749 2414 1803 Καὶ
2445 1776 2517 1788 --
2545 1744 2793 1810 αὐτούς.
2852 1741 2997 1812 Ὀρα
3045 1737 3457 1808 προκόπτουσαν
3502 1732 3604 1802 τὴν
3647 1729 3832 1783 πίστιν

2162 1863 2210 1922 Β
2240 1840 2443 1896 αὐτῶν,
2481 1838 2709 1893 Οὐκέτι
2758 1836 2868 1904 γὰρ
2934 1833 3202 1887 ἅπτονται
3240 1829 3334 1884 τοῦ
3380 1824 3696 1898 κρασπέδου
3740 1822 3831 1875 τοῦ

2241 1935 2461 2006 ἱματίου
2528 1931 2718 1998 αὑτοῦ,
2774 1928 2914 1984 ἀλλὰ
2977 1928 3261 2000 ῥίπτονται
3337 1923 3499 1994 μόνον
3562 1918 3672 1990 πρὸ
3719 1917 3829 1970 τῶν

2238 2025 2421 2080 ποδῶν
2450 2024 2646 2089 αὑτοῦ,
2680 2023 2777 2076 καὶ
2806 2019 3153 2091 παραχρῆμα
3194 2013 3460 2088 θραπεύει
3489 2010 3711 2073 αὐτοὺς.
3736 2008 3833 2079 οὐχ

2235 2120 2309 2183 ὼς
2340 2118 2693 2188 πιστοτέρους
2727 2116 2827 2185 τῆς
2856 2113 3198 2175 Χαναναίας,
3253 2108 3370 2163 αλλ’
3394 2106 3469 2167 ὡς
3506 2104 3833 2167 Ἰουδαίους,

2238 2212 2574 2280 ὲμφράττων
2607 2210 2719 2259 τῶν
2751 2206 3068 2275 ἀχαρίστων
3140 2200 3414 2257 Ἰουδαίων
3449 2198 3520 2252 τὰ
3563 2198 3834 2266 στόματα,

2237 2305 2333 2356 καὶ
2360 2298 2677 2369 ἀποφαίνων
2706 2297 2902 2358 αὐτοὺς
2936 2294 3182 2364 μείζονος
3211 2288 3481 2360 τιμωρίας
3512 2286 3729 2350 ἀξίους.
3774 2282 3836 2337 ὐ

2238 2398 2349 2461 γάρ
2401 2391 2727 2462 ἀχάριστος,
2754 2390 2880 2442 ὅσον
2910 2385 3281 2456 εὐεργετεῖται
3316 2381 3523 2452 μεῖζον,
3574 2377 3836 2432 τοσοῦτον

2236 2486 2453 2554 γίνεται
2493 2482 2703 2553 μείζονι
2742 2480 2963 2533 κολάσει
2998 2474 3324 2536 ὑπεὺθυνος.

2311 2578 2495 2632 Ὥστε
2550 2605 2621 2615 -
2660 2572 3034 2639 βλέποντας.
3109 2564 3455 2636 Ἐθαύμαζον
3508 2562 3601 2616 διά
3655 2578 3718 2616 τε
3773 2562 3836 2612 τὸ

2236 2670 2441 2740 πλῆθος
2476 2668 2586 2721 τῶν
2644 2666 3129 2737 θεραπευομένων,
3162 2659 3258 2714 καὶ
3305 2658 3393 2712 διὰ
3418 2656 3481 2711 τὸ
3527 2657 3697 2725 ταχος
3733 2653 3833 2723 τῆς

2248 2763 2573 2835 θεραπείας.

2307 2852 2419 2908 Kal
2448 2880 2517 2893 —
2556 2849 2818 2919 Ἰσραήλ.
2856 2849 2961 2901 Τὸν
2991 2845 3126 2899 Θεὸν
3163 2845 3239 2916 (5)
3274 2840 3514 2913 Ἰσραὴλ,
3554 2838 3834 2904 τουτέστι,

2235 2942 2329 2997 τὸν
2354 2940 2667 3012 τιμώμενον
2695 2940 2801 2992 ὑπὸ
2828 2938 2939 2992 τῶν
2988 2935 3361 3007 Ἰσραηλιτῶν.

2520 3056 2679 3111 ΚΕΦ.
2708 3051 2992 3120 ΛΑ’.Περί
3011 3049 3128 3103 τῶν
3150 3049 3299 3103 ἑπτὰ
3331 3047 3546 3117 ἄρτων.

2318 3170 2462 3226 '0—
2477 3171 2770 3241 φάγωσιν.
2788 3155 3019 3235 Ἡμέραι
3043 3164 3120 3234 (4)
3139 3166 3307 3234 τρεῖς,
3330 3159 3573 3226 ἀντὶτοῦ,
3593 3158 3838 3230 ἡμέραις

2230 3266 2403 3338 τρισί.
2439 3262 2743 3331 Θαυμαστὴ
2772 3261 2828 3311 δὲ
2864 3261 2898 3329 η
2930 3256 3171 3326 τοσαύτη
3218 3254 3312 3307 τοῦ
3352 3253 3512 3323 ὄχλου
3539 3254 3834 3323 καρτερία.

2232 3358 2383 3413 Διατί
2411 3356 2468 3410 δὲ
2514 3356 2738 3424 σιγῶσιν
2770 3354 2819 3405 οί
2859 3350 3122 3422 μαθηταὶ,
3167 3348 3261 3400 καὶ
3291 3346 3411 3415 οὐχ,
3442 3345 3516 3404 ὼς
3542 3344 3833 3413 πρότερον,

531 3466 587 3509 ul
626 3457 795 3524 prius.
834 3454 1052 3509 Dimitte
1082 3458 1288 3518 turbas,
1351 3456 1516 3525 idque
1580 3457 1755 3511 tribus
1782 3457 1893 3527 jam
1928 3456 2130 3525 elapsis

2252 3453 2499 3521 idyouotv'
2543 3448 2838 3501 Ἀπόλυσον
2870 3447 2961 3497 τὸν
2988 3443 3271 3513 ιχλον,κα“ι
3292 3437 3464 3492 ταῦτα
3493 3437 3659 3508 τριῶν
3684 3452 3838 3507 παρ·-

531 3548 765 3601 diebus?
802 3548 939 3610 Quia
998 3548 1258 3601 videbant
1288 3548 1410 3601 illos
1446 3558 1863 3615 perseverantes
1896 3563 1960 3601 ac
2008 3562 2135 3617 gau-

532 3631 726 3683 dentes
766 3644 933 3697 super
984 3632 1308 3686 sanitatibus
1372 3629 1737 3697 inﬁrmorum,
1794 3647 1895 3686 nec
1929 3630 2131 3687 famem

532 3725 750 3792 penitus
770 3724 1094 3775 sentientes.

602 3811 872 3866 Fortassis
921 3821 1103 3865 autem
1136 3821 1192 3866 et
1236 3812 1306 3867 ad
1345 3813 1565 3868 tertium
1600 3829 1770 3884 usque
1801 3816 1944 3870 diem
1981 3832 2136 3871 escas

532 3904 840 3958 detulerant
871 3925 885 3957 ε
926 3903 1049 3957 ideo
1081 3914 1211 3959 tunc
1259 3906 1479 3959 demum
1509 3907 1573 3960 ad
1626 3909 1949 3962 miraculum
1981 3925 2137 3963 acce-

532 3996 631 4061 dit,
671 3999 889 4066 quando
929 3998 983 4051 in
1024 3999 1271 4053 ciborum
1323 4000 1621 4070 indigentia
1662 4005 1944 4058 conStituti
1985 4013 2134 4057 sunt.

532 4090 714 4155 Quare
740 4098 921 4143 autem
956 4107 1174 4144 rursum
1226 4093 1349 4146 illos
1378 4093 1432 4145 in
1488 4094 1712 4147 deserto
1772 4097 1972 4163 pascit?
2021 4096 2138 4151 Uti-

533 4195 639 4250 que
668 4196 737 4233 ne
766 4181 820 4234 in
869 4181 953 4234 via
1008 4182 1329 4247 deﬁcerent,
1381 4185 1523 4237 sicut
1562 4186 1679 4254 ipse
1733 4197 2139 4255 consequenter

537 4274 692 4340 dicit,
759 4284 920 4329 etut
988 4277 1337 4333 conﬁrmaret
1414 4279 1635 4349 signum
1712 4283 2137 4351 praecedentium

537 4366 781 4434 quinque
813 4380 1054 4433 panum;
1089 4367 1328 4435 undique
1367 4368 1509 4422 enim
1542 4368 1880 4441 divulgatum
1912 4381 2049 4437 erat,
2082 4381 2142 4426 ut

537 4456 683 4525 quod
719 4456 933 4523 publice
966 4459 1167 4511 factum
1204 4458 1407 4514 fuerat.

2236 3544 2504 3599 ελθουσῶν
2550 3540 2808 3613 ἡμερῶν;
2848 3538 2994 3591 Διότι
3043 3535 3269 3587 ἔϐλεπον
3324 3532 3451 3594 τοὺς
3491 3544 3833 3598 προσκαρτεο

2241 3637 2472 3709 ρ’)ὖντας
2514 3636 2801 3705 χαίροντας
2829 3631 2922 3684 επὶ
2961 3632 3077 3692 ταῖς
3111 3626 3458 3699 ἀναρρὼσεσι
3496 3623 3612 3676 τῶν
3668 3620 3833 3675 ἀσθε-

2239 3730 2496 3792 νούντων,
2539 3728 2631 3779 καὶ
2663 3726 2769 3777 οὐδ’
2802 3724 2939 3786 ὅλως
2970 3720 3395 3788 αἰσθανομένους
3422 3716 3605 3788 λιμορ.

2314 3821 2475 3881 Ἴσως
2516 3818 2572 3870 δὲ
2596 3820 2686 3869 καί
2720 3814 2883 3884 μέχρι
2913 3812 3011 3882 τῆς
3046 3810 3235 3882 τρίτης
3266 3810 3477 3881 ἡμέρας
3509 3809 3655 3879 εἶχον
3701 3807 3838 3877 ἑφό-

2239 3911 2353 3965 δια.
2390 3911 2481 3962 Διὸ
2522 3909 2616 3962 καὶ
2654 3908 2776 3961 τότε
2800 3907 2992 3960 λοιπὸν
3038 3908 3131 3959 ἐπὶ.
3154 3905 3215 3958 τὸ
3246 3904 3433 3974 θαῦμα
3455 3904 3703 3976 ἔρχεται,
3734 3904 3829 3956 ὅτε

2242 4004 2594 4070 κατέστησαν
2626 4003 2684 4053 ἑν
2718 3998 2878 4069 χρείᾳ
2912 3999 3141 4069 τροφῆς.
3179 3997 3336 4059 Τίνος
3365 3998 3422 4048 δὲ
3445 3996 3634 4048 ἕνεκεν
3661 3995 3831 4049 πάλιν

2243 4096 2442 4158 αὐτοὺς
2474 4096 2532 4146 ὲν
2568 4094 2763 4163 ἐρήμῳ
2803 4091 2995 4161 τρέφει
3030 4106 3044 4154 ;
3082 4090 3327 4154 Πάντως,
3358 4090 3445 4140 ἵνα
3480 4086 3558 4159 μὴ
3586 4086 3835 4139 ὲκλυθῶ-

2246 4209 2331 4244 σιν
2383 4194 2441 4243 ὲν
2494 4194 2561 4261 τῇ
2624 4188 2751 4258 ὁδῷ,
2780 4187 2962 4251 καθὼς
2993 4178 3157 4251 αὐτὸς
3190 4184 3315 4239 εἷπε
3345 4183 3573 4254 προῖὼν,
3609 4186 3703 4237 καὶ
3741 4183 3835 4235 ἵνα

2247 4280 2526 4353 βεϐαιώσῃ
2552 4279 2614 4332 τὺ
2643 4281 2871 4348 σημεῖον
2896 4278 3005 4329 τῶν
3031 4277 3419 4347 προλαὸόντων
3439 4277 3598 4329 πέντε
3620 4276 3830 4345 ἀρτωνο

2244 4371 2666 4443 διατεθρύλλητο
2702 4371 2812 4441 γὰρ
2872 4369 3024 4439 παρὰ
3086 4370 3273 4435 πᾶσιν,
3329 4368 3404 4432 ὼς
3451 4370 3526 4440 (5)
3563 4384 3835 4436 καινοφα-

2244 4468 2354 4531 νὲς.
2395 4464 2473 4537 (6)

607 4545 761 4600 Vers.
802 4548 892 4601 δὲ.
930 4548 994 4601 Ει
1028 4579 1093 4590 —-
1145 4552 1250 4605 ria.
1313 4552 1531 4610 Marcus
1598 4566 1780 4611 autem
1844 4557 2061 4613 addidit
2106 4575 2121 4614 :

2304 4558 2415 4613 Kal.
2446 4586 2516 4597 —
2548 4552 2687 4620 ὀδῷ.
2722 4555 2779 4608 ’0
2821 4554 2877 4607 δὲ
2900 4552 3127 4623 Μάρκος
3159 4551 3493 4624 προσέθηκεο
3524 4552 3689 4619 Τινὲς
3709 4555 3827 4623 γὰρ

536 4638 762 4703 Quidam
814 4643 951 4695 enim
999 4659 1178 4696 eorum
1240 4662 1268 4697 e
1329 4647 1613 4719 longinquo
1669 4664 1941 4704 uenerunt.
1997 4650 2135 4705 Vide

535 4747 666 4798 ergo
701 4733 913 4788 Domini
949 4736 1371 4793 humanitatem.
1445 4739 1579 4793 Nam
1635 4742 1820 4796 sciens
1878 4756 2135 4797 naturam

540 4825 831 4879 humanam
880 4829 1004 4883 cibo
1046 4832 1314 4902 indigere,
1376 4834 1635 4903 providet
1696 4836 1747 4889 ei
1809 4838 1973 4891 etiam
2030 4852 2139 4891 non

538 4920 855 4987 requisitus,
887 4922 1185 4991 cibumque
1243 4925 1471 4994 praebet.
1513 4924 1896 4981 Communicat
1957 4934 2139 4982 autem

537 5008 846 5078 discipulis,
880 5023 936 5065 ut
973 5015 1246 5069 recordati
1300 5016 1545 5071 miraculi
1602 5017 1843 5088 quinque
1907 5035 2132 5090 panum,

536 5100 765 5155 oﬁeraut
794 5104 842 5157 ei
869 5120 1039 5173 panes
1073 5123 1209 5176 quos
1244 5109 1473 5173 habent,
1535 5119 1590 5165 et
1626 5111 1813 5167 dicant
1856 5129 1871 5165 :
1937 5112 2125 5168 Multi-

654 5278 701 5309 "
730 5278 895 5336 Marc.
926 5297 1044 5348 vm,
1077 5284 1130 5338 5.

2232 4652 2300 4715 ἐξ
2332 4650 2409 4721 (Ἰ)
2441 4647 2642 4706 αὐτῶν
2668 4652 2975 4718 μακρόθεν
3021 4647 3307 4715 ἣκουσιν.
3342 4646 3486 4716 Ὅρα
3520 4646 3577 4699 δὲ
3608 4648 3824 4700 Δεσπὸ-

2233 4762 2327 4798 του
2383 4742 2829 4812 φιλανθρωπίαν.
2896 4742 3067 4804 Εἰδὼς
3148 4741 3259 4813 γὰρ
3319 4741 3420 4810 τὴν
3473 4738 3829 4810 ἀνθρωπίνην

2237 4835 2399 4906 φύσιν
2437 4834 2699 4905 δεομένην
2730 4835 2958 4904 τροφῆς,
2997 4834 3310 4904 προνοεῖται
3346 4830 3575 4903 ταύτης,
3604 4833 3701 4884 καὶ
3748 4830 3829 4901 μὴ

2239 4926 2511 4999 αίτηθεὶς,
2550 4927 2785 4997 παρέχει
2836 4927 3070 4997 τροφήν.
3123 4924 3537 4993 Κοινολογεῖται
3577 4922 3635 4975 δὲ
3684 4925 3831 4993 πρὸς

2238 5022 2364 5083 τοὺς
2400 5016 2668 5089 μαθητὰς,
2694 5019 2783 5073 ἵνα
2811 5018 3253 5089 ἀναμνησθέντες
3282 5016 3375 5071 τοῦ
3409 5014 3685 5084 θαύματος
3709 5014 3827 5068 τῶν

2243 5112 2411 5166 πέντε
2463 5110 2672 5183 ἄρτων,
2738 5112 3185 5183 προσενέγκωσιν
3237 5110 3391 5183 αὑτῷ
3421 5111 3545 5174 τοὺς
3595 5109 3825 5181 ἄρτους,

1729 5355 1930 5419 Varias
1987 5356 2292 5423 lectiones
2323 5367 2385 5423 et
2416 5366 2606 5424 notas.

614 5517 692 5653 (δὲ
729 5515 837 5569 Τοῦ
868 5516 1039 5571 addit.
1070 5518 1134 5573 A.

614 5590 668 5653 (4
732 5588 814 5641 ΑΙ)
835 5589 1039 5653 ἡμέραι
1068 5589 1134 5641 ad

613 5588 689 5667 (3)
721 5588 814 5667 _r_\b
835 5589 1039 5667 ἡμέραι
1068 5589 1346 5667 ads-pte“
1375 5593 1635 5667 omiserat
1665 5592 1990 5651 Hentenius.

612 5658 1023 5733 (5)_H_cnter_iius
1058 5658 1316 5733 reddidit,
1352 5679 1415 5717 ac
1440 5664 1485 5718 si
1534 5667 1825 5733 repererit,
1870 5683 2129 5730 κοινοφα-

540 5731 663 5801 νέςε
824 5728 1436 5801 retinendum_videtur,
1464 5728 1814 5801 καινόφανὲς.

635 5797 691 5866 6)
718 5796 814 5853 Hic
836 5798 1124 5854 addiderat
1148 5796 1453 5859 Hentcuius
1478 5796 1747 5860 scholium
1772 5796 2127 5878 allegoricum

2230 5530 2375 5605 quod
2411 5530 2465 5585 in
2498 5529 2829 5605 meispaulo
2854 5530 3089 5587 inferius
3115 5532 3313 5605 legitur
3346 5531 3416 5587 ad
3462 5546 3678 5587 versum
3717 5534 3822 5590 tri-

2232 5601 2496 5655 cesimum
2540 5603 2783 5656 tertium.

2304 5671 2381 5739 (7)
2428 5671 2701 5749 ‘E$__inlra_
2711 5671 2855 5749 apud
2888 5671 3125 5749 Marcum
3152 5673 3205 5729 in
3232 5684 3489 5731 contextu
3512 5691 3620 5731 non
3649 5692 3820 5749 agno-

2231 5751 2395 5797 scunt
2423 5744 2639 5798 codices
2664 5744 2963 5814 Eutliymii.
