  <div class='ocr_page' id='page_1' title='image "/cluster/home/n/w/nwhite01/storage/ocr_20150623/129/ien.35556001660034/236.png"; bbox 0 0 4020 6532; ppageno 0'>
   <div class='ocr_carea' id='block_1_1' title="bbox 221 424 323 486">
    <p class='ocr_par' dir='ltr' id='par_1_1' title="bbox 221 424 323 486">
     <span class='ocr_line' id='line_1_1' title="bbox 221 424 323 486; baseline 0 -1"><span class='ocrx_word' id='word_1_1' title='bbox 221 424 323 486; x_wconf 71' lang='grc' dir='ltr'><strong>ίῖ-’Ῑ</strong></span> 
     </span>
    </p>
   </div>
   <div class='ocr_carea' id='block_1_2' title="bbox 1100 424 2620 488">
    <p class='ocr_par' dir='ltr' id='par_1_2' title="bbox 1100 424 2620 488">
     <span class='ocr_line' id='line_1_2' title="bbox 1100 424 2620 488; baseline 0.001 -1"><span class='ocrx_word' id='word_1_2' title='bbox 1100 426 1493 488; x_wconf 82' lang='lat' dir='ltr'><strong>COMMENT.</strong></span> <span class='ocrx_word' id='word_1_3' title='bbox 1540 426 1620 485; x_wconf 82' lang='lat' dir='ltr'><strong>IN</strong></span> <span class='ocrx_word' id='word_1_4' title='bbox 1664 424 2140 484; x_wconf 64' lang='lat' dir='ltr'><strong>MATTII/EUM.</strong></span> <span class='ocrx_word' id='word_1_5' title='bbox 2187 449 2248 458; x_wconf 84' lang='lat'><em>-</em></span> <span class='ocrx_word' id='word_1_6' title='bbox 2291 424 2453 484; x_wconf 78' lang='lat' dir='ltr'><strong>CAP.</strong></span> <span class='ocrx_word' id='word_1_7' title='bbox 2499 425 2620 488; x_wconf 76' lang='lat' dir='ltr'><strong>XV.</strong></span> 
     </span>
    </p>
   </div>
   <div class='ocr_carea' id='block_1_3' title="bbox 3395 426 3502 490">
    <p class='ocr_par' dir='ltr' id='par_1_3' title="bbox 3395 426 3502 490">
     <span class='ocr_line' id='line_1_3' title="bbox 3395 426 3502 490; baseline 0 -1"><span class='ocrx_word' id='word_1_8' title='bbox 3395 426 3502 490; x_wconf 70' lang='grc'>458</span> 
     </span>
    </p>
   </div>
   <div class='ocr_carea' id='block_1_4' title="bbox 219 535 1823 607">
    <p class='ocr_par' dir='ltr' id='par_1_4' title="bbox 219 535 1794 607">
     <span class='ocr_line' id='line_1_4' title="bbox 219 535 1794 607; baseline 0 -17"><span class='ocrx_word' id='word_1_9' title='bbox 219 536 311 601; x_wconf 73' lang='grc' dir='ltr'><strong>οὓς</strong></span> <span class='ocrx_word' id='word_1_10' title='bbox 339 536 543 606; x_wconf 74' lang='grc' dir='ltr'><strong>ἔχουσι,</strong></span> <span class='ocrx_word' id='word_1_11' title='bbox 574 535 666 587; x_wconf 67' lang='grc' dir='ltr'><strong>καὶ</strong></span> <span class='ocrx_word' id='word_1_12' title='bbox 709 535 962 599; x_wconf 73' lang='grc' dir='ltr'><strong>εἴπωσιν,</strong></span> <span class='ocrx_word' id='word_1_13' title='bbox 988 537 1071 591; x_wconf 76' lang='grc' dir='ltr'><strong>ὅτι</strong></span> <span class='ocrx_word' id='word_1_14' title='bbox 1098 537 1377 607; x_wconf 79' lang='grc' dir='ltr'>Πλήθυνον</span> <span class='ocrx_word' id='word_1_15' title='bbox 1407 539 1499 590; x_wconf 75' lang='grc' dir='ltr'>καὶ</span> <span class='ocrx_word' id='word_1_16' title='bbox 1549 537 1794 599; x_wconf 80' lang='grc' dir='ltr'>τούτους.</span> 
     </span>
    </p>
   </div>
   <div class='ocr_carea' id='block_1_5' title="bbox 1920 535 3498 607">
    <p class='ocr_par' dir='ltr' id='par_1_5' title="bbox 1920 535 3498 598">
     <span class='ocr_line' id='line_1_5' title="bbox 1920 535 3498 598; baseline 0.006 -11"><span class='ocrx_word' id='word_1_17' title='bbox 1920 536 2040 588; x_wconf 74' lang='lat' dir='ltr'><strong>)lica</strong></span> <span class='ocrx_word' id='word_1_18' title='bbox 2095 535 2254 590; x_wconf 90' lang='lat' dir='ltr'><strong>etiam</strong></span> <span class='ocrx_word' id='word_1_19' title='bbox 2299 535 2416 596; x_wconf 87' lang='lat' dir='ltr'><strong>bos.</strong></span> <span class='ocrx_word' id='word_1_20' title='bbox 2448 537 2543 590; x_wconf 88' lang='lat' dir='ltr'><strong>sed</strong></span> <span class='ocrx_word' id='word_1_21' title='bbox 2577 553 2686 592; x_wconf 92' lang='lat' dir='ltr'><strong>non</strong></span> <span class='ocrx_word' id='word_1_22' title='bbox 2725 537 3115 594; x_wconf 78' lang='lat' dir='ltr'><strong>intellexerunt</strong></span> <span class='ocrx_word' id='word_1_23' title='bbox 3153 539 3225 594; x_wconf 92' lang='lat' dir='ltr'><strong>illi</strong></span> <span class='ocrx_word' id='word_1_24' title='bbox 3277 555 3498 598; x_wconf 80' lang='lat' dir='ltr'><strong>causam</strong></span> 
     </span>
    </p>
   </div>
   <div class='ocr_carea' id='block_1_6' title="bbox 216 629 1797 701">
    <p class='ocr_par' dir='ltr' id='par_1_6' title="bbox 216 629 1797 701">
     <span class='ocr_line' id='line_1_6' title="bbox 216 629 1797 701; baseline 0.001 -20"><span class='ocrx_word' id='word_1_25' title='bbox 216 629 336 683; x_wconf 72' lang='grc' dir='ltr'><strong>ἀλλ’</strong></span> <span class='ocrx_word' id='word_1_26' title='bbox 363 630 422 680; x_wconf 69' lang='grc' dir='ltr'><strong>οὐ</strong></span> <span class='ocrx_word' id='word_1_27' title='bbox 460 629 700 695; x_wconf 73' lang='grc' dir='ltr'>συνῆκαν</span> <span class='ocrx_word' id='word_1_28' title='bbox 727 632 924 682; x_wconf 73' lang='grc' dir='ltr'><strong>ἐκεῖνοι</strong></span> <span class='ocrx_word' id='word_1_29' title='bbox 949 631 1046 701; x_wconf 84' lang='grc' dir='ltr'><strong>τῆν</strong></span> <span class='ocrx_word' id='word_1_30' title='bbox 1077 631 1262 684; x_wconf 88' lang='grc' dir='ltr'><strong>αίτίαν</strong></span> <span class='ocrx_word' id='word_1_31' title='bbox 1292 631 1396 699; x_wconf 83' lang='grc' dir='ltr'>τῆς</span> <span class='ocrx_word' id='word_1_32' title='bbox 1443 632 1797 701; x_wconf 76' lang='grc' dir='ltr'><strong>ἐρωτήσεως·</strong></span> 
     </span>
    </p>
   </div>
   <div class='ocr_carea' id='block_1_7' title="bbox 216 721 1580 796">
    <p class='ocr_par' dir='ltr' id='par_1_7' title="bbox 216 721 1580 796">
     <span class='ocr_line' id='line_1_7' title="bbox 216 721 1580 796; baseline 0.004 -21"><span class='ocrx_word' id='word_1_33' title='bbox 216 721 296 775; x_wconf 71' lang='grc' dir='ltr'><strong>διὸ</strong></span> <span class='ocrx_word' id='word_1_34' title='bbox 329 724 425 774; x_wconf 80' lang='grc' dir='ltr'>καὶ</span> <span class='ocrx_word' id='word_1_35' title='bbox 458 721 616 774; x_wconf 67' lang='grc' dir='ltr'><strong>πάῢ.ιν</strong></span> <span class='ocrx_word' id='word_1_36' title='bbox 652 723 718 773; x_wconf 70' lang='grc' dir='ltr'><strong>τὰ</strong></span> <span class='ocrx_word' id='word_1_37' title='bbox 749 722 849 790; x_wconf 80' lang='grc' dir='ltr'><strong>τῆς</strong></span> <span class='ocrx_word' id='word_1_38' title='bbox 875 723 1108 793; x_wconf 78' lang='grc' dir='ltr'><strong>ἀπορίας</strong></span> <span class='ocrx_word' id='word_1_39' title='bbox 1162 724 1580 796; x_wconf 74' lang='grc' dir='ltr'><strong>προϐάλλονται.</strong></span> 
     </span>
    </p>
   </div>
   <div class='ocr_carea' id='block_1_8' title="bbox 285 811 1802 884">
    <p class='ocr_par' dir='ltr' id='par_1_8' title="bbox 285 811 1802 884">
     <span class='ocr_line' id='line_1_8' title="bbox 285 811 1802 884; baseline 0.001 -19"><span class='ocrx_word' id='word_1_40' title='bbox 285 811 397 865; x_wconf 83' lang='lat' dir='ltr'><strong>Kal</strong></span> <span class='ocrx_word' id='word_1_41' title='bbox 435 841 504 852; x_wconf 73' lang='grc' dir='ltr'><strong>ι·-</strong></span> <span class='ocrx_word' id='word_1_42' title='bbox 545 811 893 877; x_wconf 79' lang='grc' dir='ltr'><strong>τοσο·ὗτον;</strong></span> <span class='ocrx_word' id='word_1_43' title='bbox 941 812 1215 884; x_wconf 68' lang='grc' dir='ltr'><strong>ἶῈρημία</strong></span> <span class='ocrx_word' id='word_1_44' title='bbox 1250 816 1324 884; x_wconf 84' lang='grc'><strong>(8)</strong></span> <span class='ocrx_word' id='word_1_45' title='bbox 1361 814 1579 884; x_wconf 78' lang='grc' dir='ltr'><strong>νοηθείη</strong></span> <span class='ocrx_word' id='word_1_46' title='bbox 1638 813 1705 868; x_wconf 85' lang='grc' dir='ltr'>ἂν</span> <span class='ocrx_word' id='word_1_47' title='bbox 1769 815 1802 884; x_wconf 77' lang='grc' dir='ltr'><strong>ἡ</strong></span> 
     </span>
    </p>
   </div>
   <div class='ocr_carea' id='block_1_9' title="bbox 215 901 1802 978">
    <p class='ocr_par' dir='ltr' id='par_1_9' title="bbox 215 901 1802 978">
     <span class='ocr_line' id='line_1_9' title="bbox 215 901 1802 978; baseline 0.003 -23"><span class='ocrx_word' id='word_1_48' title='bbox 215 903 380 972; x_wconf 72' lang='grc' dir='ltr'>φύσις</span> <span class='ocrx_word' id='word_1_49' title='bbox 405 902 514 955; x_wconf 80' lang='grc' dir='ltr'><strong>τῶν</strong></span> <span class='ocrx_word' id='word_1_50' title='bbox 545 903 868 975; x_wconf 82' lang='grc' dir='ltr'><strong>ἀνθρώπων,</strong></span> <span class='ocrx_word' id='word_1_51' title='bbox 899 905 930 974; x_wconf 80' lang='grc' dir='ltr'>ἢ</span> <span class='ocrx_word' id='word_1_52' title='bbox 956 907 984 958; x_wconf 83' lang='grc' dir='ltr'>ὁ</span> <span class='ocrx_word' id='word_1_53' title='bbox 1016 907 1219 975; x_wconf 79' lang='grc' dir='ltr'><strong>κόσμος</strong></span> <span class='ocrx_word' id='word_1_54' title='bbox 1247 901 1425 972; x_wconf 74' lang='grc' dir='ltr'><strong>οὗτος,</strong></span> <span class='ocrx_word' id='word_1_55' title='bbox 1463 909 1519 960; x_wconf 85' lang='grc' dir='ltr'><strong>ὲν</strong></span> <span class='ocrx_word' id='word_1_56' title='bbox 1547 901 1592 975; x_wconf 84' lang='grc' dir='ltr'>ᾧ</span> <span class='ocrx_word' id='word_1_57' title='bbox 1634 923 1802 978; x_wconf 86' lang='grc' dir='ltr'>προσ·</span> 
     </span>
    </p>
   </div>
   <div class='ocr_carea' id='block_1_10' title="bbox 217 994 1803 1069">
    <p class='ocr_par' dir='ltr' id='par_1_10' title="bbox 217 994 1803 1069">
     <span class='ocr_line' id='line_1_10' title="bbox 217 994 1803 1069; baseline 0.004 -23"><span class='ocrx_word' id='word_1_58' title='bbox 217 994 444 1064; x_wconf 78' lang='grc' dir='ltr'>μένουσι</span> <span class='ocrx_word' id='word_1_59' title='bbox 486 995 565 1065; x_wconf 77' lang='grc' dir='ltr'><strong>τῷ</strong></span> <span class='ocrx_word' id='word_1_60' title='bbox 618 996 761 1066; x_wconf 82' lang='grc' dir='ltr'><strong>λόγῳ</strong></span> <span class='ocrx_word' id='word_1_61' title='bbox 804 997 902 1064; x_wconf 80' lang='grc' dir='ltr'><strong>τῆς</strong></span> <span class='ocrx_word' id='word_1_62' title='bbox 961 999 1164 1069; x_wconf 81' lang='grc' dir='ltr'><strong>ἀρετῆς</strong></span> <span class='ocrx_word' id='word_1_63' title='bbox 1205 999 1301 1051; x_wconf 77' lang='grc' dir='ltr'><strong>καὶ</strong></span> <span class='ocrx_word' id='word_1_64' title='bbox 1338 998 1593 1066; x_wconf 79' lang='grc' dir='ltr'><strong>γνώσεως</strong></span> <span class='ocrx_word' id='word_1_65' title='bbox 1627 1001 1674 1052; x_wconf 87' lang='grc' dir='ltr'><strong>οί</strong></span> <span class='ocrx_word' id='word_1_66' title='bbox 1713 998 1803 1051; x_wconf 77' lang='grc' dir='ltr'><strong>διὰ</strong></span> 
     </span>
    </p>
   </div>
   <div class='ocr_carea' id='block_1_11' title="bbox 215 1085 1802 1159">
    <p class='ocr_par' dir='ltr' id='par_1_11' title="bbox 215 1085 1802 1159">
     <span class='ocr_line' id='line_1_11' title="bbox 215 1085 1802 1159; baseline 0.004 -22"><span class='ocrx_word' id='word_1_67' title='bbox 215 1085 314 1154; x_wconf 78' lang='grc' dir='ltr'>τὴν</span> <span class='ocrx_word' id='word_1_68' title='bbox 367 1086 559 1139; x_wconf 87' lang='grc' dir='ltr'><strong>πίστιν</strong></span> <span class='ocrx_word' id='word_1_69' title='bbox 587 1089 681 1140; x_wconf 73' lang='grc' dir='ltr'>καὶ</span> <span class='ocrx_word' id='word_1_70' title='bbox 709 1087 808 1157; x_wconf 79' lang='grc' dir='ltr'><strong>τὴν</strong></span> <span class='ocrx_word' id='word_1_71' title='bbox 843 1088 1036 1141; x_wconf 76' lang='grc' dir='ltr'><strong>ἐλπίδα</strong></span> <span class='ocrx_word' id='word_1_72' title='bbox 1065 1089 1176 1142; x_wconf 85' lang='grc' dir='ltr'><strong>τῶν</strong></span> <span class='ocrx_word' id='word_1_73' title='bbox 1213 1090 1520 1159; x_wconf 81' lang='grc' dir='ltr'><strong>μελλόντων</strong></span> <span class='ocrx_word' id='word_1_74' title='bbox 1581 1089 1802 1158; x_wconf 77' lang='grc' dir='ltr'><strong>ἀγαθῶν</strong></span> 
     </span>
    </p>
   </div>
   <div class='ocr_carea' id='block_1_12' title="bbox 214 1177 1805 1253">
    <p class='ocr_par' dir='ltr' id='par_1_12' title="bbox 214 1177 1805 1253">
     <span class='ocr_line' id='line_1_12' title="bbox 214 1177 1805 1253; baseline 0.006 -26"><span class='ocrx_word' id='word_1_75' title='bbox 214 1177 690 1242; x_wconf 77' lang='grc' dir='ltr'>κακοπαθοῦντες.</span> <span class='ocrx_word' id='word_1_76' title='bbox 763 1178 1000 1250; x_wconf 78' lang='grc' dir='ltr'><strong>Ἡμέραι</strong></span> <span class='ocrx_word' id='word_1_77' title='bbox 1052 1180 1110 1233; x_wconf 80' lang='grc' dir='ltr'><strong>δὲ</strong></span> <span class='ocrx_word' id='word_1_78' title='bbox 1173 1184 1322 1251; x_wconf 78' lang='grc' dir='ltr'>τρεῖς</span> <span class='ocrx_word' id='word_1_79' title='bbox 1361 1181 1418 1234; x_wconf 91' lang='grc' dir='ltr'><strong>αί</strong></span> <span class='ocrx_word' id='word_1_80' title='bbox 1472 1182 1572 1252; x_wconf 85' lang='grc' dir='ltr'><strong>τῆς</strong></span> <span class='ocrx_word' id='word_1_81' title='bbox 1624 1183 1805 1253; x_wconf 81' lang='grc' dir='ltr'>ψυχῆς</span> 
     </span>
    </p>
   </div>
   <div class='ocr_carea' id='block_1_13' title="bbox 210 1270 1803 1345">
    <p class='ocr_par' dir='ltr' id='par_1_13' title="bbox 210 1270 1803 1345">
     <span class='ocr_line' id='line_1_13' title="bbox 210 1270 1803 1345; baseline 0.004 -25"><span class='ocrx_word' id='word_1_82' title='bbox 210 1273 362 1339; x_wconf 81' lang='grc' dir='ltr'><strong>τρεῖς</strong></span> <span class='ocrx_word' id='word_1_83' title='bbox 389 1270 670 1339; x_wconf 75' lang='grc' dir='ltr'><strong>δυνάμεις,</strong></span> <span class='ocrx_word' id='word_1_84' title='bbox 701 1271 823 1325; x_wconf 80' lang='grc' dir='ltr'>καθ’</span> <span class='ocrx_word' id='word_1_85' title='bbox 848 1272 914 1336; x_wconf 74' lang='grc' dir='ltr'><strong>ἃς</strong></span> <span class='ocrx_word' id='word_1_86' title='bbox 945 1273 1369 1345; x_wconf 71' lang='grc' dir='ltr'>προσμένουσιν·</span> <span class='ocrx_word' id='word_1_87' title='bbox 1408 1274 1485 1344; x_wconf 81' lang='grc' dir='ltr'><strong>τῷ</strong></span> <span class='ocrx_word' id='word_1_88' title='bbox 1506 1276 1608 1345; x_wconf 74' lang='grc' dir='ltr'><strong>μὲν</strong></span> <span class='ocrx_word' id='word_1_89' title='bbox 1637 1275 1803 1345; x_wconf 82' lang='grc' dir='ltr'><strong>λόγῳ,</strong></span> 
     </span>
    </p>
   </div>
   <div class='ocr_carea' id='block_1_14' title="bbox 213 1362 1806 1438">
    <p class='ocr_par' dir='ltr' id='par_1_14' title="bbox 213 1362 1806 1438">
     <span class='ocr_line' id='line_1_14' title="bbox 213 1362 1806 1438; baseline 0.002 -23"><span class='ocrx_word' id='word_1_90' title='bbox 213 1362 535 1431; x_wconf 77' lang='grc' dir='ltr'>ζητοῦντες,</span> <span class='ocrx_word' id='word_1_91' title='bbox 574 1366 641 1434; x_wconf 81' lang='grc' dir='ltr'><strong>τῇ</strong></span> <span class='ocrx_word' id='word_1_92' title='bbox 676 1365 947 1436; x_wconf 77' lang='grc' dir='ltr'><strong>ἐπιθυμίᾳ</strong></span> <span class='ocrx_word' id='word_1_93' title='bbox 973 1366 1050 1432; x_wconf 81' lang='grc' dir='ltr'><strong>δὲ,</strong></span> <span class='ocrx_word' id='word_1_94' title='bbox 1082 1366 1379 1430; x_wconf 79' lang='grc' dir='ltr'>ποθοῦντες</span> <span class='ocrx_word' id='word_1_95' title='bbox 1423 1367 1484 1420; x_wconf 77' lang='grc' dir='ltr'><strong>τὸ</strong></span> <span class='ocrx_word' id='word_1_96' title='bbox 1532 1367 1806 1438; x_wconf 79' lang='grc' dir='ltr'><strong>ζητούμε-</strong></span> 
     </span>
    </p>
   </div>
   <div class='ocr_carea' id='block_1_15' title="bbox 211 1457 1803 1530">
    <p class='ocr_par' dir='ltr' id='par_1_15' title="bbox 211 1457 1803 1530">
     <span class='ocr_line' id='line_1_15' title="bbox 211 1457 1803 1530; baseline 0.004 -23"><span class='ocrx_word' id='word_1_97' title='bbox 211 1475 331 1521; x_wconf 90' lang='grc' dir='ltr'>νον,</span> <span class='ocrx_word' id='word_1_98' title='bbox 355 1457 434 1526; x_wconf 84' lang='grc' dir='ltr'>τῷ</span> <span class='ocrx_word' id='word_1_99' title='bbox 458 1457 616 1526; x_wconf 78' lang='grc' dir='ltr'>θυμῷ</span> <span class='ocrx_word' id='word_1_100' title='bbox 639 1457 720 1521; x_wconf 75' lang='grc' dir='ltr'><strong>δὲ,</strong></span> <span class='ocrx_word' id='word_1_101' title='bbox 749 1458 1290 1530; x_wconf 77' lang='grc' dir='ltr'><strong>ύπεραγωνιζόμενοι</strong></span> <span class='ocrx_word' id='word_1_102' title='bbox 1320 1460 1415 1514; x_wconf 84' lang='grc' dir='ltr'><strong>τοῦ</strong></span> <span class='ocrx_word' id='word_1_103' title='bbox 1441 1461 1803 1530; x_wconf 74' lang='grc' dir='ltr'><strong>ποθουμένου.</strong></span> 
     </span>
    </p>
   </div>
   <div class='ocr_carea' id='block_1_16' title="bbox 212 1549 1804 1620">
    <p class='ocr_par' dir='ltr' id='par_1_16' title="bbox 212 1549 1804 1620">
     <span class='ocr_line' id='line_1_16' title="bbox 212 1549 1804 1620; baseline 0.001 -19"><span class='ocrx_word' id='word_1_104' title='bbox 212 1549 288 1601; x_wconf 83' lang='grc' dir='ltr'><strong>Ἦ</strong></span> <span class='ocrx_word' id='word_1_105' title='bbox 329 1551 382 1602; x_wconf 84' lang='lat' dir='ltr'><strong>oi</strong></span> <span class='ocrx_word' id='word_1_106' title='bbox 436 1551 584 1620; x_wconf 76' lang='grc' dir='ltr'>τρεῖς</span> <span class='ocrx_word' id='word_1_107' title='bbox 628 1549 979 1620; x_wconf 80' lang='grc' dir='ltr'><strong>γενικώτεροι</strong></span> <span class='ocrx_word' id='word_1_108' title='bbox 1002 1551 1178 1620; x_wconf 85' lang='grc' dir='ltr'><strong>νόμοι,</strong></span> <span class='ocrx_word' id='word_1_109' title='bbox 1197 1554 1224 1603; x_wconf 86' lang='grc' dir='ltr'>ὁ</span> <span class='ocrx_word' id='word_1_110' title='bbox 1250 1552 1501 1619; x_wconf 76' lang='grc' dir='ltr'><strong>φυσικὸς,</strong></span> <span class='ocrx_word' id='word_1_111' title='bbox 1527 1555 1554 1604; x_wconf 75' lang='grc' dir='ltr'>ὁ</span> <span class='ocrx_word' id='word_1_112' title='bbox 1583 1552 1804 1604; x_wconf 61' lang='lat' dir='ltr'><strong>Moleat-</strong></span> 
     </span>
    </p>
   </div>
   <div class='ocr_carea' id='block_1_17' title="bbox 211 1641 1806 1714">
    <p class='ocr_par' dir='ltr' id='par_1_17' title="bbox 211 1641 1806 1714">
     <span class='ocr_line' id='line_1_17' title="bbox 211 1641 1806 1714; baseline 0.003 -23"><span class='ocrx_word' id='word_1_113' title='bbox 211 1643 335 1703; x_wconf 79' lang='grc' dir='ltr'><strong>κὸς,</strong></span> <span class='ocrx_word' id='word_1_114' title='bbox 363 1642 393 1693; x_wconf 86' lang='grc' dir='ltr'>ὁ</span> <span class='ocrx_word' id='word_1_115' title='bbox 422 1641 803 1708; x_wconf 65' lang='grc' dir='ltr'><strong>εὐαγγελικὸς,</strong></span> <span class='ocrx_word' id='word_1_116' title='bbox 865 1642 1196 1710; x_wconf 77' lang='grc' dir='ltr'><strong>φωτίζοντες</strong></span> <span class='ocrx_word' id='word_1_117' title='bbox 1235 1644 1396 1713; x_wconf 75' lang='grc' dir='ltr'>δίκην</span> <span class='ocrx_word' id='word_1_118' title='bbox 1432 1645 1670 1714; x_wconf 72' lang='grc' dir='ltr'>ἡμέρας.</span> <span class='ocrx_word' id='word_1_119' title='bbox 1708 1645 1806 1698; x_wconf 76' lang='grc' dir='ltr'><strong>καὶ</strong></span> 
     </span>
    </p>
   </div>
   <div class='ocr_carea' id='block_1_18' title="bbox 211 1729 1807 1805">
    <p class='ocr_par' dir='ltr' id='par_1_18' title="bbox 211 1729 1807 1805">
     <span class='ocr_line' id='line_1_18' title="bbox 211 1729 1807 1805; baseline 0.003 -24"><span class='ocrx_word' id='word_1_120' title='bbox 211 1731 353 1798; x_wconf 85' lang='grc' dir='ltr'>πρὸς</span> <span class='ocrx_word' id='word_1_121' title='bbox 395 1729 666 1801; x_wconf 72' lang='grc' dir='ltr'><strong>ἐργασίαν</strong></span> <span class='ocrx_word' id='word_1_122' title='bbox 727 1731 822 1784; x_wconf 80' lang='grc' dir='ltr'><strong>τοῦ</strong></span> <span class='ocrx_word' id='word_1_123' title='bbox 880 1734 1256 1804; x_wconf 80' lang='grc' dir='ltr'><strong>συμφέροντος</strong></span> <span class='ocrx_word' id='word_1_124' title='bbox 1317 1735 1700 1805; x_wconf 80' lang='grc' dir='ltr'><strong>διεγείροντες.</strong></span> <span class='ocrx_word' id='word_1_125' title='bbox 1744 1735 1807 1786; x_wconf 82' lang='lat' dir='ltr'><strong>Ol</strong></span> 
     </span>
    </p>
   </div>
   <div class='ocr_carea' id='block_1_19' title="bbox 207 1824 1800 1900">
    <p class='ocr_par' dir='ltr' id='par_1_19' title="bbox 207 1824 1800 1900">
     <span class='ocr_line' id='line_1_19' title="bbox 207 1824 1800 1900; baseline 0.003 -25"><span class='ocrx_word' id='word_1_126' title='bbox 207 1824 400 1876; x_wconf 87' lang='grc' dir='ltr'>τοίνυν</span> <span class='ocrx_word' id='word_1_127' title='bbox 431 1826 527 1878; x_wconf 80' lang='grc' dir='ltr'><strong>καὶ</strong></span> <span class='ocrx_word' id='word_1_128' title='bbox 581 1825 724 1878; x_wconf 81' lang='grc' dir='ltr'><strong>κατὰ</strong></span> <span class='ocrx_word' id='word_1_129' title='bbox 763 1826 987 1890; x_wconf 85' lang='grc' dir='ltr'>τούτους</span> <span class='ocrx_word' id='word_1_130' title='bbox 1023 1829 1152 1892; x_wconf 79' lang='grc' dir='ltr'>τοὺς</span> <span class='ocrx_word' id='word_1_131' title='bbox 1181 1831 1332 1900; x_wconf 78' lang='grc' dir='ltr'><strong>τρεῖς</strong></span> <span class='ocrx_word' id='word_1_132' title='bbox 1365 1829 1439 1900; x_wconf 87' lang='lat'><strong>(9)</strong></span> <span class='ocrx_word' id='word_1_133' title='bbox 1480 1827 1674 1896; x_wconf 82' lang='grc' dir='ltr'>λόγους</span> <span class='ocrx_word' id='word_1_134' title='bbox 1719 1825 1800 1896; x_wconf 84' lang='grc' dir='ltr'><strong>τῷ</strong></span> 
     </span>
    </p>
   </div>
   <div class='ocr_carea' id='block_1_20' title="bbox 209 1913 1798 1991">
    <p class='ocr_par' dir='ltr' id='par_1_20' title="bbox 209 1913 1798 1991">
     <span class='ocr_line' id='line_1_20' title="bbox 209 1913 1798 1991; baseline 0.005 -25"><span class='ocrx_word' id='word_1_135' title='bbox 209 1913 335 1983; x_wconf 77' lang='grc' dir='ltr'><strong>Θεῷ</strong></span> <span class='ocrx_word' id='word_1_136' title='bbox 393 1915 555 1986; x_wconf 82' lang='grc' dir='ltr'><strong>Λόγῳ</strong></span> <span class='ocrx_word' id='word_1_137' title='bbox 591 1918 1050 1988; x_wconf 75' lang='grc' dir='ltr'><strong>προσμείναντες,</strong></span> <span class='ocrx_word' id='word_1_138' title='bbox 1084 1920 1180 1974; x_wconf 75' lang='grc' dir='ltr'><strong>καὶ</strong></span> <span class='ocrx_word' id='word_1_139' title='bbox 1218 1916 1347 1983; x_wconf 74' lang='grc' dir='ltr'>τοὺς</span> <span class='ocrx_word' id='word_1_140' title='bbox 1387 1919 1528 1991; x_wconf 69' lang='grc' dir='ltr'>ὑπὲρ</span> <span class='ocrx_word' id='word_1_141' title='bbox 1562 1919 1798 1974; x_wconf 71' lang='grc' dir='ltr'><strong>ἑκάστου</strong></span> 
     </span>
    </p>
   </div>
   <div class='ocr_carea' id='block_1_21' title="bbox 211 2007 1804 2078">
    <p class='ocr_par' dir='ltr' id='par_1_21' title="bbox 211 2007 1804 2078">
     <span class='ocr_line' id='line_1_21' title="bbox 211 2007 1804 2078; baseline 0.006 -20"><span class='ocrx_word' id='word_1_142' title='bbox 211 2007 417 2070; x_wconf 84' lang='grc' dir='ltr'>πόνους</span> <span class='ocrx_word' id='word_1_143' title='bbox 479 2008 786 2078; x_wconf 82' lang='grc' dir='ltr'>προθύμως</span> <span class='ocrx_word' id='word_1_144' title='bbox 829 2011 1251 2076; x_wconf 85' lang='grc' dir='ltr'><strong>ὑπομείναντες,</strong></span> <span class='ocrx_word' id='word_1_145' title='bbox 1309 2014 1412 2066; x_wconf 77' lang='grc' dir='ltr'>οὐκ</span> <span class='ocrx_word' id='word_1_146' title='bbox 1470 2013 1804 2066; x_wconf 82' lang='grc' dir='ltr'>ἀπολύονται</span> 
     </span>
    </p>
   </div>
   <div class='ocr_carea' id='block_1_22' title="bbox 210 2099 1800 2174">
    <p class='ocr_par' dir='ltr' id='par_1_22' title="bbox 210 2099 1800 2174">
     <span class='ocr_line' id='line_1_22' title="bbox 210 2099 1800 2174; baseline 0.004 -25"><span class='ocrx_word' id='word_1_147' title='bbox 210 2099 458 2167; x_wconf 82' lang='grc' dir='ltr'><strong>νήστεις,</strong></span> <span class='ocrx_word' id='word_1_148' title='bbox 492 2099 634 2152; x_wconf 76' lang='grc' dir='ltr'><strong>ἀλλὰ</strong></span> <span class='ocrx_word' id='word_1_149' title='bbox 680 2101 932 2172; x_wconf 67' lang='grc' dir='ltr'><strong>δέχονται</strong></span> <span class='ocrx_word' id='word_1_150' title='bbox 977 2104 1189 2173; x_wconf 77' lang='grc' dir='ltr'>τροφὴν</span> <span class='ocrx_word' id='word_1_151' title='bbox 1234 2103 1434 2174; x_wconf 74' lang='grc' dir='ltr'><strong>δαψιλῆ</strong></span> <span class='ocrx_word' id='word_1_152' title='bbox 1485 2105 1580 2158; x_wconf 77' lang='grc' dir='ltr'><strong>καὶ</strong></span> <span class='ocrx_word' id='word_1_153' title='bbox 1628 2103 1800 2157; x_wconf 58' lang='grc' dir='ltr'>θείαν</span> 
     </span>
    </p>
   </div>
   <div class='ocr_carea' id='block_1_23' title="bbox 1909 626 3500 701">
    <p class='ocr_par' dir='ltr' id='par_1_23' title="bbox 1909 626 3500 701">
     <span class='ocr_line' id='line_1_23' title="bbox 1909 626 3500 701; baseline 0.005 -23"><span class='ocrx_word' id='word_1_154' title='bbox 1909 626 2377 695; x_wconf 72' lang='lat' dir='ltr'><strong>interrogationis;</strong></span> <span class='ocrx_word' id='word_1_155' title='bbox 2411 626 2532 681; x_wconf 89' lang='lat' dir='ltr'><strong>idco</strong></span> <span class='ocrx_word' id='word_1_156' title='bbox 2582 644 2773 683; x_wconf 80' lang='lat' dir='ltr'><strong>rursus</strong></span> <span class='ocrx_word' id='word_1_157' title='bbox 2812 629 3167 699; x_wconf 79' lang='lat' dir='ltr'><strong>indigentiam</strong></span> <span class='ocrx_word' id='word_1_158' title='bbox 3210 631 3500 701; x_wconf 67' lang='lat' dir='ltr'><strong>objiciunt.</strong></span> 
     </span>
    </p>
   </div>
   <div class='ocr_carea' id='block_1_24' title="bbox 1983 807 3502 882">
    <p class='ocr_par' dir='ltr' id='par_1_24' title="bbox 1983 807 3502 882">
     <span class='ocr_line' id='line_1_24' title="bbox 1983 807 3502 882; baseline 0.003 -22"><span class='ocrx_word' id='word_1_159' title='bbox 1983 807 2140 862; x_wconf 79' lang='lat' dir='ltr'><strong>Vers.</strong></span> <span class='ocrx_word' id='word_1_160' title='bbox 2194 808 2284 862; x_wconf 77' lang='lat'><strong>55.</strong></span> <span class='ocrx_word' id='word_1_161' title='bbox 2327 807 2392 861; x_wconf 78' lang='lat' dir='ltr'><strong>Et</strong></span> <span class='ocrx_word' id='word_1_162' title='bbox 2429 840 2470 848; x_wconf 94' lang='lat'><em>—</em></span> <span class='ocrx_word' id='word_1_163' title='bbox 2530 820 2733 862; x_wconf 81' lang='lat' dir='ltr'><strong>tantam</strong></span> <span class='ocrx_word' id='word_1_164' title='bbox 2772 811 2796 862; x_wconf 86' lang='lat'><strong>.’</strong></span> <span class='ocrx_word' id='word_1_165' title='bbox 2844 809 2883 879; x_wconf 67' lang='grc' dir='ltr'><strong>’ξ-</strong></span> <span class='ocrx_word' id='word_1_166' title='bbox 2933 810 3215 864; x_wconf 74' lang='lat' dir='ltr'><strong>Desertum</strong></span> <span class='ocrx_word' id='word_1_167' title='bbox 3275 811 3502 882; x_wconf 72' lang='lat' dir='ltr'><strong>intelligi</strong></span> 
     </span>
    </p>
   </div>
   <div class='ocr_carea' id='block_1_25' title="bbox 1909 895 3504 968">
    <p class='ocr_par' dir='ltr' id='par_1_25' title="bbox 1909 895 3504 968">
     <span class='ocr_line' id='line_1_25' title="bbox 1909 895 3504 968; baseline 0.003 -20"><span class='ocrx_word' id='word_1_168' title='bbox 1909 904 2089 965; x_wconf 90' lang='lat' dir='ltr'><strong>potest</strong></span> <span class='ocrx_word' id='word_1_169' title='bbox 2124 895 2363 949; x_wconf 88' lang='lat' dir='ltr'><strong>humana</strong></span> <span class='ocrx_word' id='word_1_170' title='bbox 2393 907 2611 960; x_wconf 88' lang='lat' dir='ltr'><strong>natura,</strong></span> <span class='ocrx_word' id='word_1_171' title='bbox 2643 904 2738 949; x_wconf 88' lang='lat' dir='ltr'><strong>aut</strong></span> <span class='ocrx_word' id='word_1_172' title='bbox 2774 897 3014 950; x_wconf 80' lang='lat' dir='ltr'><strong>mundus</strong></span> <span class='ocrx_word' id='word_1_173' title='bbox 3070 897 3193 962; x_wconf 78' lang='lat' dir='ltr'><strong>iste,</strong></span> <span class='ocrx_word' id='word_1_174' title='bbox 3285 899 3339 952; x_wconf 91' lang='lat' dir='ltr'><strong>in</strong></span> <span class='ocrx_word' id='word_1_175' title='bbox 3393 915 3504 968; x_wconf 92' lang='lat' dir='ltr'><strong>quo</strong></span> 
     </span>
    </p>
   </div>
   <div class='ocr_carea' id='block_1_26' title="bbox 1909 988 3501 1059">
    <p class='ocr_par' dir='ltr' id='par_1_26' title="bbox 1909 988 3501 1059">
     <span class='ocr_line' id='line_1_26' title="bbox 1909 988 3501 1059; baseline 0.001 -16"><span class='ocrx_word' id='word_1_176' title='bbox 1909 988 2116 1043; x_wconf 85' lang='lat' dir='ltr'><strong>assidui</strong></span> <span class='ocrx_word' id='word_1_177' title='bbox 2150 997 2279 1042; x_wconf 90' lang='lat' dir='ltr'><strong>sunt</strong></span> <span class='ocrx_word' id='word_1_178' title='bbox 2307 989 2372 1042; x_wconf 86' lang='lat' dir='ltr'><strong>ad</strong></span> <span class='ocrx_word' id='word_1_179' title='bbox 2429 1004 2739 1043; x_wconf 77' lang='lat' dir='ltr'><strong>sermonem</strong></span> <span class='ocrx_word' id='word_1_180' title='bbox 2788 988 3008 1043; x_wconf 85' lang='lat' dir='ltr'><strong>virtutis</strong></span> <span class='ocrx_word' id='word_1_181' title='bbox 3039 999 3094 1042; x_wconf 90' lang='lat' dir='ltr'><strong>et</strong></span> <span class='ocrx_word' id='word_1_182' title='bbox 3145 991 3501 1059; x_wconf 78' lang='lat' dir='ltr'><strong>cognitionis,</strong></span> 
     </span>
    </p>
   </div>
   <div class='ocr_carea' id='block_1_27' title="bbox 1907 1081 3503 1152">
    <p class='ocr_par' dir='ltr' id='par_1_27' title="bbox 1907 1081 3503 1152">
     <span class='ocr_line' id='line_1_27' title="bbox 1907 1081 3503 1152; baseline 0.001 -18"><span class='ocrx_word' id='word_1_183' title='bbox 1907 1081 2001 1152; x_wconf 87' lang='lat' dir='ltr'><strong>qui</strong></span> <span class='ocrx_word' id='word_1_184' title='bbox 2057 1091 2280 1150; x_wconf 87' lang='lat' dir='ltr'><strong>propter</strong></span> <span class='ocrx_word' id='word_1_185' title='bbox 2341 1082 2500 1135; x_wconf 82' lang='lat' dir='ltr'><strong>Iidem</strong></span> <span class='ocrx_word' id='word_1_186' title='bbox 2535 1097 2598 1136; x_wconf 86' lang='lat' dir='ltr'><strong>ac</strong></span> <span class='ocrx_word' id='word_1_187' title='bbox 2659 1096 2814 1151; x_wconf 87' lang='lat' dir='ltr'><strong>spem</strong></span> <span class='ocrx_word' id='word_1_188' title='bbox 2879 1081 3186 1134; x_wconf 89' lang='lat' dir='ltr'><strong>futurorum</strong></span> <span class='ocrx_word' id='word_1_189' title='bbox 3235 1083 3503 1137; x_wconf 89' lang='lat' dir='ltr'><strong>bonorum</strong></span> 
     </span>
    </p>
   </div>
   <div class='ocr_carea' id='block_1_28' title="bbox 1909 1173 3505 1244">
    <p class='ocr_par' dir='ltr' id='par_1_28' title="bbox 1909 1173 3505 1244">
     <span class='ocr_line' id='line_1_28' title="bbox 1909 1173 3505 1244; baseline 0.001 -16"><span class='ocrx_word' id='word_1_190' title='bbox 1909 1175 2048 1229; x_wconf 83' lang='lat' dir='ltr'><strong>mala</strong></span> <span class='ocrx_word' id='word_1_191' title='bbox 2105 1175 2408 1244; x_wconf 90' lang='lat' dir='ltr'><strong>patiuntur.</strong></span> <span class='ocrx_word' id='word_1_192' title='bbox 2469 1173 2606 1229; x_wconf 85' lang='lat' dir='ltr'><strong>Tres</strong></span> <span class='ocrx_word' id='word_1_193' title='bbox 2665 1183 2848 1228; x_wconf 88' lang='lat' dir='ltr'><strong>autem</strong></span> <span class='ocrx_word' id='word_1_194' title='bbox 2904 1175 3045 1234; x_wconf 84' lang='lat' dir='ltr'><strong>dies.</strong></span> <span class='ocrx_word' id='word_1_195' title='bbox 3123 1185 3236 1229; x_wconf 89' lang='lat' dir='ltr'><strong>tres</strong></span> <span class='ocrx_word' id='word_1_196' title='bbox 3309 1176 3505 1230; x_wconf 78' lang='lat' dir='ltr'><strong>anima:</strong></span> 
     </span>
    </p>
   </div>
   <div class='ocr_carea' id='block_1_29' title="bbox 1909 1269 3504 1340">
    <p class='ocr_par' dir='ltr' id='par_1_29' title="bbox 1909 1269 3504 1340">
     <span class='ocr_line' id='line_1_29' title="bbox 1909 1269 3504 1340; baseline -0.002 -16"><span class='ocrx_word' id='word_1_197' title='bbox 1909 1271 2170 1340; x_wconf 71' lang='lat' dir='ltr'><strong>potentiae</strong></span> <span class='ocrx_word' id='word_1_198' title='bbox 2205 1285 2300 1339; x_wconf 89' lang='lat' dir='ltr'><strong>per</strong></span> <span class='ocrx_word' id='word_1_199' title='bbox 2338 1285 2476 1339; x_wconf 87' lang='lat' dir='ltr'><strong>quas</strong></span> <span class='ocrx_word' id='word_1_200' title='bbox 2541 1269 2746 1323; x_wconf 79' lang='lat' dir='ltr'><strong>assidui</strong></span> <span class='ocrx_word' id='word_1_201' title='bbox 2808 1277 2937 1323; x_wconf 87' lang='lat' dir='ltr'><strong>sunt</strong></span> <span class='ocrx_word' id='word_1_202' title='bbox 2969 1287 2983 1322; x_wconf 91' lang='lat'><strong>:</strong></span> <span class='ocrx_word' id='word_1_203' title='bbox 3017 1283 3115 1340; x_wconf 91' lang='lat' dir='ltr'><strong>per</strong></span> <span class='ocrx_word' id='word_1_204' title='bbox 3179 1269 3504 1322; x_wconf 71' lang='lat' dir='ltr'><strong>rationalem</strong></span> 
     </span>
    </p>
   </div>
   <div class='ocr_carea' id='block_1_30' title="bbox 1910 1359 3504 1430">
    <p class='ocr_par' dir='ltr' id='par_1_30' title="bbox 1910 1359 3504 1430">
     <span class='ocr_line' id='line_1_30' title="bbox 1910 1359 3504 1430; baseline 0 -16"><span class='ocrx_word' id='word_1_205' title='bbox 1910 1360 2136 1430; x_wconf 88' lang='lat' dir='ltr'><strong>quidem</strong></span> <span class='ocrx_word' id='word_1_206' title='bbox 2208 1362 2574 1429; x_wconf 74' lang='lat' dir='ltr'><strong>inquirentes,</strong></span> <span class='ocrx_word' id='word_1_207' title='bbox 2631 1376 2732 1430; x_wconf 90' lang='lat' dir='ltr'><strong>per</strong></span> <span class='ocrx_word' id='word_1_208' title='bbox 2790 1359 3281 1429; x_wconf 88' lang='lat' dir='ltr'><strong>concupiscibilem</strong></span> <span class='ocrx_word' id='word_1_209' title='bbox 3326 1375 3504 1425; x_wconf 78' lang='lat' dir='ltr'><strong>,vero,</strong></span> 
     </span>
    </p>
   </div>
   <div class='ocr_carea' id='block_1_31' title="bbox 1911 1451 3505 1522">
    <p class='ocr_par' dir='ltr' id='par_1_31' title="bbox 1911 1451 3505 1522">
     <span class='ocr_line' id='line_1_31' title="bbox 1911 1451 3505 1522; baseline 0 -17"><span class='ocrx_word' id='word_1_210' title='bbox 1911 1452 2056 1521; x_wconf 82' lang='lat' dir='ltr'><strong>quod</strong></span> <span class='ocrx_word' id='word_1_211' title='bbox 2106 1453 2399 1522; x_wconf 63' lang='lat' dir='ltr'><strong>quaesitum</strong></span> <span class='ocrx_word' id='word_1_212' title='bbox 2454 1461 2539 1506; x_wconf 88' lang='lat' dir='ltr'><strong>est</strong></span> <span class='ocrx_word' id='word_1_213' title='bbox 2602 1451 3012 1517; x_wconf 84' lang='lat' dir='ltr'><strong>desiderantes,</strong></span> <span class='ocrx_word' id='word_1_214' title='bbox 3045 1466 3143 1521; x_wconf 89' lang='lat' dir='ltr'><strong>per</strong></span> <span class='ocrx_word' id='word_1_215' title='bbox 3171 1451 3505 1508; x_wconf 68' lang='lat' dir='ltr'><strong>irascibilem</strong></span> 
     </span>
    </p>
   </div>
   <div class='ocr_carea' id='block_1_32' title="bbox 1915 1544 3508 1616">
    <p class='ocr_par' dir='ltr' id='par_1_32' title="bbox 1915 1544 3508 1616">
     <span class='ocr_line' id='line_1_32' title="bbox 1915 1544 3508 1616; baseline 0 -18"><span class='ocrx_word' id='word_1_216' title='bbox 1915 1545 1986 1616; x_wconf 79' lang='grc' dir='ltr'><strong>(υ)</strong></span> <span class='ocrx_word' id='word_1_217' title='bbox 2025 1553 2208 1599; x_wconf 87' lang='lat' dir='ltr'><strong>autem</strong></span> <span class='ocrx_word' id='word_1_218' title='bbox 2266 1561 2368 1614; x_wconf 87' lang='lat' dir='ltr'><strong>pro</strong></span> <span class='ocrx_word' id='word_1_219' title='bbox 2416 1559 2483 1599; x_wconf 91' lang='lat' dir='ltr'><strong>eo</strong></span> <span class='ocrx_word' id='word_1_220' title='bbox 2549 1544 2693 1615; x_wconf 87' lang='lat' dir='ltr'><strong>quod</strong></span> <span class='ocrx_word' id='word_1_221' title='bbox 2746 1547 3103 1616; x_wconf 87' lang='lat' dir='ltr'><strong>concupitum</strong></span> <span class='ocrx_word' id='word_1_222' title='bbox 3174 1553 3260 1600; x_wconf 88' lang='lat' dir='ltr'><strong>est</strong></span> <span class='ocrx_word' id='word_1_223' title='bbox 3313 1546 3508 1601; x_wconf 75' lang='lat' dir='ltr'><strong>decer-</strong></span> 
     </span>
    </p>
   </div>
   <div class='ocr_carea' id='block_1_33' title="bbox 1914 1637 3504 1710">
    <p class='ocr_par' dir='ltr' id='par_1_33' title="bbox 1914 1637 3504 1710">
     <span class='ocr_line' id='line_1_33' title="bbox 1914 1637 3504 1710; baseline 0.001 -18"><span class='ocrx_word' id='word_1_224' title='bbox 1914 1646 2115 1692; x_wconf 80' lang='lat' dir='ltr'><strong>tantes.</strong></span> <span class='ocrx_word' id='word_1_225' title='bbox 2171 1642 2280 1692; x_wconf 82' lang='lat' dir='ltr'><strong>Aut</strong></span> <span class='ocrx_word' id='word_1_226' title='bbox 2315 1647 2426 1692; x_wconf 87' lang='lat' dir='ltr'><strong>tres</strong></span> <span class='ocrx_word' id='word_1_227' title='bbox 2457 1637 2575 1693; x_wconf 92' lang='lat' dir='ltr'><strong>dies</strong></span> <span class='ocrx_word' id='word_1_228' title='bbox 2605 1647 2736 1692; x_wconf 91' lang='lat' dir='ltr'><strong>sunt</strong></span> <span class='ocrx_word' id='word_1_229' title='bbox 2764 1648 2872 1692; x_wconf 89' lang='lat' dir='ltr'><strong>tres</strong></span> <span class='ocrx_word' id='word_1_230' title='bbox 2901 1638 3048 1710; x_wconf 82' lang='lat' dir='ltr'><strong>leges</strong></span> <span class='ocrx_word' id='word_1_231' title='bbox 3086 1640 3464 1709; x_wconf 82' lang='lat' dir='ltr'><strong>generaliores</strong></span> <span class='ocrx_word' id='word_1_232' title='bbox 3490 1658 3504 1694; x_wconf 91' lang='lat'><strong>:</strong></span> 
     </span>
    </p>
   </div>
   <div class='ocr_carea' id='block_1_34' title="bbox 1913 1729 3506 1802">
    <p class='ocr_par' dir='ltr' id='par_1_34' title="bbox 1913 1729 3506 1802">
     <span class='ocr_line' id='line_1_34' title="bbox 1913 1729 3506 1802; baseline 0.002 -20"><span class='ocrx_word' id='word_1_233' title='bbox 1913 1729 2203 1790; x_wconf 88' lang='lat' dir='ltr'><strong>naturalis.</strong></span> <span class='ocrx_word' id='word_1_234' title='bbox 2258 1731 2460 1799; x_wconf 88' lang='lat' dir='ltr'><strong>scripta</strong></span> <span class='ocrx_word' id='word_1_235' title='bbox 2513 1740 2570 1785; x_wconf 89' lang='lat' dir='ltr'><strong>et</strong></span> <span class='ocrx_word' id='word_1_236' title='bbox 2613 1731 2956 1802; x_wconf 82' lang='lat' dir='ltr'><strong>evangelica.</strong></span> <span class='ocrx_word' id='word_1_237' title='bbox 3019 1732 3087 1786; x_wconf 85' lang='lat' dir='ltr'><strong>ad</strong></span> <span class='ocrx_word' id='word_1_238' title='bbox 3138 1734 3360 1786; x_wconf 77' lang='lat' dir='ltr'><strong>modum</strong></span> <span class='ocrx_word' id='word_1_239' title='bbox 3398 1732 3506 1788; x_wconf 89' lang='lat' dir='ltr'><strong>diei</strong></span> 
     </span>
    </p>
   </div>
   <div class='ocr_carea' id='block_1_35' title="bbox 1915 1820 3508 1894">
    <p class='ocr_par' dir='ltr' id='par_1_35' title="bbox 1915 1820 3508 1894">
     <span class='ocr_line' id='line_1_35' title="bbox 1915 1820 3508 1894; baseline 0.003 -20"><span class='ocrx_word' id='word_1_240' title='bbox 1915 1820 2315 1885; x_wconf 80' lang='lat' dir='ltr'><strong>illuminantes,</strong></span> <span class='ocrx_word' id='word_1_241' title='bbox 2347 1829 2406 1875; x_wconf 81' lang='lat' dir='ltr'><strong>et</strong></span> <span class='ocrx_word' id='word_1_242' title='bbox 2452 1821 2523 1876; x_wconf 88' lang='lat' dir='ltr'><strong>ad</strong></span> <span class='ocrx_word' id='word_1_243' title='bbox 2552 1823 2672 1891; x_wconf 86' lang='lat' dir='ltr'><strong>ejus</strong></span> <span class='ocrx_word' id='word_1_244' title='bbox 2700 1824 2845 1892; x_wconf 89' lang='lat' dir='ltr'><strong>quod</strong></span> <span class='ocrx_word' id='word_1_245' title='bbox 2877 1824 3100 1892; x_wconf 78' lang='lat' dir='ltr'><strong>expedit</strong></span> <span class='ocrx_word' id='word_1_246' title='bbox 3126 1825 3508 1894; x_wconf 79' lang='lat' dir='ltr'><strong>operationem</strong></span> 
     </span>
    </p>
   </div>
   <div class='ocr_carea' id='block_1_36' title="bbox 1907 1912 3506 1985">
    <p class='ocr_par' dir='ltr' id='par_1_36' title="bbox 1907 1912 3506 1985">
     <span class='ocr_line' id='line_1_36' title="bbox 1907 1912 3506 1985; baseline 0.003 -17"><span class='ocrx_word' id='word_1_247' title='bbox 1907 1913 2234 1969; x_wconf 79' lang='lat' dir='ltr'><strong>excitantes.</strong></span> <span class='ocrx_word' id='word_1_248' title='bbox 2262 1912 2366 1980; x_wconf 87' lang='lat' dir='ltr'><strong>Qui</strong></span> <span class='ocrx_word' id='word_1_249' title='bbox 2393 1929 2526 1985; x_wconf 83' lang='lat' dir='ltr'><strong>ergo</strong></span> <span class='ocrx_word' id='word_1_250' title='bbox 2553 1915 2858 1969; x_wconf 86' lang='lat' dir='ltr'><strong>secundum</strong></span> <span class='ocrx_word' id='word_1_251' title='bbox 2892 1916 2995 1971; x_wconf 88' lang='lat' dir='ltr'><strong>bos</strong></span> <span class='ocrx_word' id='word_1_252' title='bbox 3025 1917 3188 1972; x_wconf 86' lang='lat' dir='ltr'><strong>etiam</strong></span> <span class='ocrx_word' id='word_1_253' title='bbox 3221 1927 3334 1972; x_wconf 88' lang='lat' dir='ltr'><strong>tres</strong></span> <span class='ocrx_word' id='word_1_254' title='bbox 3364 1917 3506 1982; x_wconf 88' lang='lat' dir='ltr'><strong>dies,</strong></span> 
     </span>
    </p>
   </div>
   <div class='ocr_carea' id='block_1_37' title="bbox 1911 2005 3509 2079">
    <p class='ocr_par' dir='ltr' id='par_1_37' title="bbox 1911 2005 3509 2079">
     <span class='ocr_line' id='line_1_37' title="bbox 1911 2005 3509 2079; baseline 0.003 -20"><span class='ocrx_word' id='word_1_255' title='bbox 1911 2007 1978 2060; x_wconf 83' lang='lat' dir='ltr'><strong>ad</strong></span> <span class='ocrx_word' id='word_1_256' title='bbox 2019 2005 2111 2060; x_wconf 89' lang='lat' dir='ltr'><strong>Dei</strong></span> <span class='ocrx_word' id='word_1_257' title='bbox 2147 2020 2458 2061; x_wconf 88' lang='lat' dir='ltr'><strong>sermonem</strong></span> <span class='ocrx_word' id='word_1_258' title='bbox 2516 2016 2891 2076; x_wconf 79' lang='lat' dir='ltr'><strong>perseverant,</strong></span> <span class='ocrx_word' id='word_1_259' title='bbox 2940 2017 2997 2062; x_wconf 86' lang='lat' dir='ltr'><strong>et</strong></span> <span class='ocrx_word' id='word_1_260' title='bbox 3046 2025 3148 2079; x_wconf 90' lang='lat' dir='ltr'><strong>pro</strong></span> <span class='ocrx_word' id='word_1_261' title='bbox 3177 2024 3509 2079; x_wconf 83' lang='lat' dir='ltr'><strong>unoquoque</strong></span> 
     </span>
    </p>
   </div>
   <div class='ocr_carea' id='block_1_38' title="bbox 1909 2099 3509 2172">
    <p class='ocr_par' dir='ltr' id='par_1_38' title="bbox 1909 2099 3509 2172">
     <span class='ocr_line' id='line_1_38' title="bbox 1909 2099 3509 2172; baseline 0.002 -17"><span class='ocrx_word' id='word_1_262' title='bbox 1909 2101 2126 2155; x_wconf 89' lang='lat' dir='ltr'><strong>labores</strong></span> <span class='ocrx_word' id='word_1_263' title='bbox 2167 2110 2425 2171; x_wconf 89' lang='lat' dir='ltr'><strong>prompto</strong></span> <span class='ocrx_word' id='word_1_264' title='bbox 2478 2101 2758 2155; x_wconf 88' lang='lat' dir='ltr'><strong>sustinent</strong></span> <span class='ocrx_word' id='word_1_265' title='bbox 2789 2099 2998 2164; x_wconf 85' lang='lat' dir='ltr'><strong>animo,</strong></span> <span class='ocrx_word' id='word_1_266' title='bbox 3045 2116 3395 2172; x_wconf 86' lang='lat' dir='ltr'><strong>nequaquam</strong></span> <span class='ocrx_word' id='word_1_267' title='bbox 3422 2103 3509 2172; x_wconf 87' lang='lat' dir='ltr'><strong>je-</strong></span> 
     </span>
    </p>
   </div>
   <div class='ocr_carea' id='block_1_39' title="bbox 209 2190 1823 2266">
    <p class='ocr_par' dir='ltr' id='par_1_39' title="bbox 209 2190 1806 2265">
     <span class='ocr_line' id='line_1_39' title="bbox 209 2190 1806 2265; baseline 0.004 -23"><span class='ocrx_word' id='word_1_268' title='bbox 209 2191 361 2262; x_wconf 71' lang='grc' dir='ltr'><strong>ὑπιρ</strong></span> <span class='ocrx_word' id='word_1_269' title='bbox 402 2191 503 2262; x_wconf 80' lang='grc' dir='ltr'><strong>μὲν</strong></span> <span class='ocrx_word' id='word_1_270' title='bbox 557 2190 654 2244; x_wconf 84' lang='grc' dir='ltr'>τοῦ</span> <span class='ocrx_word' id='word_1_271' title='bbox 710 2193 942 2262; x_wconf 80' lang='grc' dir='ltr'><strong>φυσικοῦ</strong></span> <span class='ocrx_word' id='word_1_272' title='bbox 993 2195 1108 2265; x_wconf 76' lang='grc'><strong>(10)</strong></span> <span class='ocrx_word' id='word_1_273' title='bbox 1141 2195 1312 2265; x_wconf 86' lang='grc' dir='ltr'>νόμου</span> <span class='ocrx_word' id='word_1_274' title='bbox 1374 2199 1472 2265; x_wconf 82' lang='grc' dir='ltr'><strong>τὴν</strong></span> <span class='ocrx_word' id='word_1_275' title='bbox 1505 2197 1806 2251; x_wconf 74' lang='grc' dir='ltr'><strong>ἄπταιστον</strong></span> 
     </span>
    </p>
   </div>
   <div class='ocr_carea' id='block_1_40' title="bbox 1920 2190 3509 2266">
    <p class='ocr_par' dir='ltr' id='par_1_40' title="bbox 1920 2193 3509 2266">
     <span class='ocr_line' id='line_1_40' title="bbox 1920 2193 3509 2266; baseline 0.001 -17"><span class='ocrx_word' id='word_1_276' title='bbox 1920 2196 2023 2260; x_wconf 78' lang='lat' dir='ltr'><strong>iuni</strong></span> <span class='ocrx_word' id='word_1_277' title='bbox 2062 2195 2470 2266; x_wconf 82' lang='lat' dir='ltr'><strong>relinquuntur,</strong></span> <span class='ocrx_word' id='word_1_278' title='bbox 2524 2195 2620 2249; x_wconf 88' lang='lat' dir='ltr'><strong>sed</strong></span> <span class='ocrx_word' id='word_1_279' title='bbox 2677 2193 2989 2262; x_wconf 86' lang='lat' dir='ltr'><strong>suscipiunt</strong></span> <span class='ocrx_word' id='word_1_280' title='bbox 3035 2194 3390 2263; x_wconf 88' lang='lat' dir='ltr'><strong>splendidum</strong></span> <span class='ocrx_word' id='word_1_281' title='bbox 3444 2211 3509 2250; x_wconf 89' lang='lat' dir='ltr'><strong>ac</strong></span> 
     </span>
    </p>
   </div>
   <div class='ocr_carea' id='block_1_41' title="bbox 208 2281 1806 2357">
    <p class='ocr_par' dir='ltr' id='par_1_41' title="bbox 208 2281 1806 2357">
     <span class='ocr_line' id='line_1_41' title="bbox 208 2281 1806 2357; baseline 0.003 -23"><span class='ocrx_word' id='word_1_282' title='bbox 208 2281 325 2335; x_wconf 83' lang='grc' dir='ltr'><strong>τῶν</strong></span> <span class='ocrx_word' id='word_1_283' title='bbox 363 2283 507 2335; x_wconf 78' lang='grc' dir='ltr'><strong>κατὰ</strong></span> <span class='ocrx_word' id='word_1_284' title='bbox 557 2282 722 2351; x_wconf 71' lang='grc' dir='ltr'><strong>φύσιν</strong></span> <span class='ocrx_word' id='word_1_285' title='bbox 770 2286 1078 2355; x_wconf 79' lang='grc' dir='ltr'><strong>ἐνέργειαν,</strong></span> <span class='ocrx_word' id='word_1_286' title='bbox 1115 2287 1256 2357; x_wconf 77' lang='grc' dir='ltr'>ὑπὲρ</span> <span class='ocrx_word' id='word_1_287' title='bbox 1303 2286 1361 2340; x_wconf 68' lang='grc' dir='ltr'><strong>δὲ</strong></span> <span class='ocrx_word' id='word_1_288' title='bbox 1408 2286 1504 2341; x_wconf 83' lang='grc' dir='ltr'>τοῦ</span> <span class='ocrx_word' id='word_1_289' title='bbox 1556 2287 1806 2356; x_wconf 84' lang='grc' dir='ltr'><strong>γραπτοῦ</strong></span> 
     </span>
    </p>
   </div>
   <div class='ocr_carea' id='block_1_42' title="bbox 209 2373 1808 2452">
    <p class='ocr_par' dir='ltr' id='par_1_42' title="bbox 209 2373 1808 2452">
     <span class='ocr_line' id='line_1_42' title="bbox 209 2373 1808 2452; baseline 0.005 -26"><span class='ocrx_word' id='word_1_290' title='bbox 209 2373 317 2443; x_wconf 84' lang='grc' dir='ltr'><strong>τῆν</strong></span> <span class='ocrx_word' id='word_1_291' title='bbox 342 2374 740 2446; x_wconf 77' lang='grc' dir='ltr'><strong>ἁνενεργησίαν</strong></span> <span class='ocrx_word' id='word_1_292' title='bbox 773 2376 883 2429; x_wconf 79' lang='grc' dir='ltr'><strong>τῶν</strong></span> <span class='ocrx_word' id='word_1_293' title='bbox 926 2383 1074 2448; x_wconf 72' lang='grc' dir='ltr'><strong>παρὰ</strong></span> <span class='ocrx_word' id='word_1_294' title='bbox 1121 2379 1289 2448; x_wconf 82' lang='grc' dir='ltr'><strong>φύσιν</strong></span> <span class='ocrx_word' id='word_1_295' title='bbox 1336 2380 1551 2445; x_wconf 82' lang='grc' dir='ltr'><strong>παθῶν,</strong></span> <span class='ocrx_word' id='word_1_296' title='bbox 1580 2382 1721 2452; x_wconf 74' lang='grc' dir='ltr'>ὑπὲρ</span> <span class='ocrx_word' id='word_1_297' title='bbox 1749 2381 1808 2434; x_wconf 76' lang='grc' dir='ltr'><strong>δὲ</strong></span> 
     </span>
    </p>
   </div>
   <div class='ocr_carea' id='block_1_43' title="bbox 205 2465 1805 2542">
    <p class='ocr_par' dir='ltr' id='par_1_43' title="bbox 205 2465 1805 2542">
     <span class='ocr_line' id='line_1_43' title="bbox 205 2465 1805 2542; baseline 0.005 -26"><span class='ocrx_word' id='word_1_298' title='bbox 205 2466 310 2517; x_wconf 70' lang='grc' dir='ltr'><strong>τοῦ</strong></span> <span class='ocrx_word' id='word_1_299' title='bbox 369 2465 731 2535; x_wconf 81' lang='grc' dir='ltr'><strong>εὐαγγελικοῦ</strong></span> <span class='ocrx_word' id='word_1_300' title='bbox 770 2469 868 2540; x_wconf 74' lang='grc' dir='ltr'><strong>τὴν</strong></span> <span class='ocrx_word' id='word_1_301' title='bbox 902 2471 1040 2542; x_wconf 86' lang='grc' dir='ltr'>πρὸς</span> <span class='ocrx_word' id='word_1_302' title='bbox 1072 2471 1236 2523; x_wconf 71' lang='grc' dir='ltr'><strong>αὑτὸν</strong></span> <span class='ocrx_word' id='word_1_303' title='bbox 1285 2473 1378 2524; x_wconf 71' lang='grc' dir='ltr'>τὸν</span> <span class='ocrx_word' id='word_1_304' title='bbox 1423 2472 1558 2525; x_wconf 70' lang='grc' dir='ltr'><strong>Θεὸν</strong></span> <span class='ocrx_word' id='word_1_305' title='bbox 1605 2472 1805 2524; x_wconf 70' lang='grc' dir='ltr'><strong>ἕνωσιν</strong></span> 
     </span>
    </p>
   </div>
   <div class='ocr_carea' id='block_1_44' title="bbox 211 2554 598 2628">
    <p class='ocr_par' dir='ltr' id='par_1_44' title="bbox 211 2554 598 2628">
     <span class='ocr_line' id='line_1_44' title="bbox 211 2554 598 2628; baseline 0.01 -22"><span class='ocrx_word' id='word_1_306' title='bbox 211 2556 312 2607; x_wconf 72' lang='grc' dir='ltr'><strong>καὶ</strong></span> <span class='ocrx_word' id='word_1_307' title='bbox 355 2554 598 2628; x_wconf 67' lang='grc' dir='ltr'><strong>θέωσιν.]</strong></span> 
     </span>
    </p>
   </div>
   <div class='ocr_carea' id='block_1_45' title="bbox 289 2821 1808 2896">
    <p class='ocr_par' dir='ltr' id='par_1_45' title="bbox 289 2821 1808 2896">
     <span class='ocr_line' id='line_1_45' title="bbox 289 2821 1808 2896; baseline -0.001 -18"><span class='ocrx_word' id='word_1_308' title='bbox 289 2825 403 2878; x_wconf 74' lang='grc' dir='ltr'><strong>Καὶ</strong></span> <span class='ocrx_word' id='word_1_309' title='bbox 436 2823 724 2896; x_wconf 84' lang='grc' dir='ltr'><strong>πρότερον,</strong></span> <span class='ocrx_word' id='word_1_310' title='bbox 757 2824 852 2878; x_wconf 69' lang='grc' dir='ltr'><strong>καὶ</strong></span> <span class='ocrx_word' id='word_1_311' title='bbox 901 2823 1156 2894; x_wconf 76' lang='grc' dir='ltr'><strong>ὕστερον,</strong></span> <span class='ocrx_word' id='word_1_312' title='bbox 1217 2823 1276 2875; x_wconf 71' lang='grc' dir='ltr'>ἐν</span> <span class='ocrx_word' id='word_1_313' title='bbox 1327 2821 1560 2896; x_wconf 67' lang='grc' dir='ltr'><strong>ἐρημίᾳ,</strong></span> <span class='ocrx_word' id='word_1_314' title='bbox 1616 2823 1808 2895; x_wconf 72' lang='grc' dir='ltr'><strong>πόρρω</strong></span> 
     </span>
    </p>
   </div>
   <div class='ocr_carea' id='block_1_46' title="bbox 211 2914 1808 2987">
    <p class='ocr_par' dir='ltr' id='par_1_46' title="bbox 211 2914 1808 2987">
     <span class='ocr_line' id='line_1_46' title="bbox 211 2914 1808 2987; baseline 0 -18"><span class='ocrx_word' id='word_1_315' title='bbox 211 2917 434 2970; x_wconf 81' lang='grc' dir='ltr'><strong>πόλεων</strong></span> <span class='ocrx_word' id='word_1_316' title='bbox 466 2918 560 2970; x_wconf 78' lang='grc' dir='ltr'><strong>καὶ</strong></span> <span class='ocrx_word' id='word_1_317' title='bbox 610 2916 837 2987; x_wconf 79' lang='grc' dir='ltr'><strong>κωμῶν,</strong></span> <span class='ocrx_word' id='word_1_318' title='bbox 882 2915 946 2970; x_wconf 83' lang='grc' dir='ltr'><strong>τὸ</strong></span> <span class='ocrx_word' id='word_1_319' title='bbox 985 2914 1173 2985; x_wconf 84' lang='grc' dir='ltr'>θαῦμα</span> <span class='ocrx_word' id='word_1_320' title='bbox 1217 2915 1377 2970; x_wconf 74' lang='grc' dir='ltr'><strong>τοῦτο</strong></span> <span class='ocrx_word' id='word_1_321' title='bbox 1411 2919 1573 2982; x_wconf 83' lang='grc' dir='ltr'><strong>ποιεί,</strong></span> <span class='ocrx_word' id='word_1_322' title='bbox 1605 2915 1692 2969; x_wconf 81' lang='grc' dir='ltr'><strong>ἴνα</strong></span> <span class='ocrx_word' id='word_1_323' title='bbox 1731 2917 1808 2986; x_wconf 80' lang='grc' dir='ltr'><strong>μὴ</strong></span> 
     </span>
    </p>
   </div>
   <div class='ocr_carea' id='block_1_47' title="bbox 208 3002 1807 3079">
    <p class='ocr_par' dir='ltr' id='par_1_47' title="bbox 208 3002 1807 3079">
     <span class='ocr_line' id='line_1_47' title="bbox 208 3002 1807 3079; baseline -0.001 -20"><span class='ocrx_word' id='word_1_324' title='bbox 208 3006 346 3079; x_wconf 77' lang='grc' dir='ltr'><strong>δόξῃ</strong></span> <span class='ocrx_word' id='word_1_325' title='bbox 378 3009 490 3070; x_wconf 83' lang='grc' dir='ltr'>τοῖς</span> <span class='ocrx_word' id='word_1_326' title='bbox 523 3006 701 3077; x_wconf 70' lang='grc' dir='ltr'><strong>ὄχλοις</strong></span> <span class='ocrx_word' id='word_1_327' title='bbox 739 3009 806 3059; x_wconf 85' lang='grc' dir='ltr'><strong>ὲκ</strong></span> <span class='ocrx_word' id='word_1_328' title='bbox 849 3004 1262 3076; x_wconf 71' lang='grc' dir='ltr'><strong>πλησιαζούσης</strong></span> <span class='ocrx_word' id='word_1_329' title='bbox 1297 3005 1505 3068; x_wconf 83' lang='grc' dir='ltr'><strong>πόλεως</strong></span> <span class='ocrx_word' id='word_1_330' title='bbox 1539 3005 1572 3076; x_wconf 81' lang='grc' dir='ltr'><strong>ἢ</strong></span> <span class='ocrx_word' id='word_1_331' title='bbox 1606 3002 1807 3074; x_wconf 79' lang='grc' dir='ltr'>κώμης</span> 
     </span>
    </p>
   </div>
   <div class='ocr_carea' id='block_1_48' title="bbox 208 3099 1049 3169">
    <p class='ocr_par' dir='ltr' id='par_1_48' title="bbox 208 3099 1049 3169">
     <span class='ocr_line' id='line_1_48' title="bbox 208 3099 1049 3169; baseline 0.007 -19"><span class='ocrx_word' id='word_1_332' title='bbox 208 3100 284 3151; x_wconf 78' lang='grc' dir='ltr'><strong>τὰ</strong></span> <span class='ocrx_word' id='word_1_333' title='bbox 319 3099 586 3169; x_wconf 79' lang='grc' dir='ltr'><strong>βρώματα</strong></span> <span class='ocrx_word' id='word_1_334' title='bbox 635 3099 1049 3168; x_wconf 77' lang='grc' dir='ltr'><strong>μετακομίζειν.</strong></span> 
     </span>
    </p>
   </div>
   <div class='ocr_carea' id='block_1_49' title="bbox 292 3190 1878 3280">
    <p class='ocr_par' dir='ltr' id='par_1_49' title="bbox 292 3190 1878 3280">
     <span class='ocr_line' id='line_1_49' title="bbox 292 3190 1878 3280; baseline -0.001 -36"><span class='ocrx_word' id='word_1_335' title='bbox 292 3192 400 3244; x_wconf 78' lang='lat' dir='ltr'><strong>Kal</strong></span> <span class='ocrx_word' id='word_1_336' title='bbox 431 3221 500 3231; x_wconf 74' lang='grc' dir='ltr'><strong>ο-</strong></span> <span class='ocrx_word' id='word_1_337' title='bbox 532 3192 791 3260; x_wconf 77' lang='grc' dir='ltr'>ἰχθύδια.</span> <span class='ocrx_word' id='word_1_338' title='bbox 827 3193 937 3246; x_wconf 77' lang='grc' dir='ltr'><strong>Καὶ</strong></span> <span class='ocrx_word' id='word_1_339' title='bbox 965 3194 1059 3247; x_wconf 69' lang='grc' dir='ltr'><strong>ἐπὶ</strong></span> <span class='ocrx_word' id='word_1_340' title='bbox 1085 3194 1195 3248; x_wconf 84' lang='grc' dir='ltr'><strong>τῶν</strong></span> <span class='ocrx_word' id='word_1_341' title='bbox 1241 3194 1402 3247; x_wconf 72' lang='grc' dir='ltr'><strong>πέντε</strong></span> <span class='ocrx_word' id='word_1_342' title='bbox 1433 3192 1618 3264; x_wconf 74' lang='grc' dir='ltr'><strong>ἄρτων</strong></span> <span class='ocrx_word' id='word_1_343' title='bbox 1648 3190 1809 3244; x_wconf 84' lang='grc' dir='ltr'>τοῦτο</span> <span class='ocrx_word' id='word_1_344' title='bbox 1832 3218 1878 3280; x_wconf 79' lang='lat' dir='ltr'>C</span> 
     </span>
    </p>
   </div>
   <div class='ocr_carea' id='block_1_50' title="bbox 219 3281 1806 3357">
    <p class='ocr_par' dir='ltr' id='par_1_50' title="bbox 219 3281 1806 3357">
     <span class='ocr_line' id='line_1_50' title="bbox 219 3281 1806 3357; baseline 0.001 -22"><span class='ocrx_word' id='word_1_345' title='bbox 219 3283 530 3354; x_wconf 64' lang='grc' dir='ltr'><strong>ηρὼτησεν,</strong></span> <span class='ocrx_word' id='word_1_346' title='bbox 559 3284 636 3346; x_wconf 87' lang='grc' dir='ltr'><strong>ὼς</strong></span> <span class='ocrx_word' id='word_1_347' title='bbox 662 3281 817 3337; x_wconf 75' lang='grc' dir='ltr'><strong>εἶπεν</strong></span> <span class='ocrx_word' id='word_1_348' title='bbox 861 3287 890 3338; x_wconf 82' lang='grc' dir='ltr'><strong>ὁ</strong></span> <span class='ocrx_word' id='word_1_349' title='bbox 919 3286 1161 3349; x_wconf 79' lang='grc' dir='ltr'><strong>Λουκᾶς.</strong></span> <span class='ocrx_word' id='word_1_350' title='bbox 1203 3286 1315 3357; x_wconf 81' lang='lat' dir='ltr'><strong>(ll)</strong></span> <span class='ocrx_word' id='word_1_351' title='bbox 1357 3289 1468 3340; x_wconf 78' lang='grc' dir='ltr'><strong>Καὶ</strong></span> <span class='ocrx_word' id='word_1_352' title='bbox 1511 3285 1621 3338; x_wconf 68' lang='grc' dir='ltr'><strong>οὐδ’</strong></span> <span class='ocrx_word' id='word_1_353' title='bbox 1662 3283 1806 3336; x_wconf 75' lang='grc' dir='ltr'><strong>οὕτω</strong></span> 
     </span>
    </p>
   </div>
   <div class='ocr_carea' id='block_1_51' title="bbox 212 3376 1807 3449">
    <p class='ocr_par' dir='ltr' id='par_1_51' title="bbox 212 3376 1807 3449">
     <span class='ocr_line' id='line_1_51' title="bbox 212 3376 1807 3449; baseline -0.001 -20"><span class='ocrx_word' id='word_1_354' title='bbox 212 3378 477 3446; x_wconf 70' lang='grc' dir='ltr'>συνῆκαν*</span> <span class='ocrx_word' id='word_1_355' title='bbox 509 3377 572 3429; x_wconf 83' lang='grc' dir='ltr'><strong>σὺ</strong></span> <span class='ocrx_word' id='word_1_356' title='bbox 601 3376 680 3439; x_wconf 78' lang='grc' dir='ltr'><strong>δὲ,</strong></span> <span class='ocrx_word' id='word_1_357' title='bbox 705 3377 753 3428; x_wconf 84' lang='grc' dir='ltr'><strong>εί</strong></span> <span class='ocrx_word' id='word_1_358' title='bbox 782 3381 874 3434; x_wconf 81' lang='grc' dir='ltr'><strong>καὶ</strong></span> <span class='ocrx_word' id='word_1_359' title='bbox 902 3379 1153 3442; x_wconf 78' lang='grc' dir='ltr'><strong>κακίζεις</strong></span> <span class='ocrx_word' id='word_1_360' title='bbox 1179 3379 1280 3449; x_wconf 81' lang='grc' dir='ltr'><strong>τὴν</strong></span> <span class='ocrx_word' id='word_1_361' title='bbox 1304 3379 1580 3447; x_wconf 72' lang='grc' dir='ltr'>τοσαύτην</span> <span class='ocrx_word' id='word_1_362' title='bbox 1609 3377 1807 3447; x_wconf 82' lang='grc' dir='ltr'><strong>πώρω-</strong></span> 
     </span>
    </p>
   </div>
   <div class='ocr_carea' id='block_1_52' title="bbox 213 3468 1806 3543">
    <p class='ocr_par' dir='ltr' id='par_1_52' title="bbox 213 3468 1806 3543">
     <span class='ocr_line' id='line_1_52' title="bbox 213 3468 1806 3543; baseline 0.001 -23"><span class='ocrx_word' id='word_1_363' title='bbox 213 3487 306 3521; x_wconf 87' lang='grc' dir='ltr'><strong>σιν</strong></span> <span class='ocrx_word' id='word_1_364' title='bbox 356 3468 558 3533; x_wconf 83' lang='grc' dir='ltr'><strong>αὐτῶν,</strong></span> <span class='ocrx_word' id='word_1_365' title='bbox 593 3469 698 3532; x_wconf 78' lang='grc' dir='ltr'><strong>ὅτι,</strong></span> <span class='ocrx_word' id='word_1_366' title='bbox 735 3469 934 3538; x_wconf 79' lang='grc' dir='ltr'>νεαροῦ</span> <span class='ocrx_word' id='word_1_367' title='bbox 962 3471 1113 3533; x_wconf 76' lang='grc' dir='ltr'>ὄντος</span> <span class='ocrx_word' id='word_1_368' title='bbox 1148 3471 1231 3523; x_wconf 78' lang='grc' dir='ltr'><strong>ἔτι</strong></span> <span class='ocrx_word' id='word_1_369' title='bbox 1254 3471 1350 3524; x_wconf 85' lang='grc' dir='ltr'><strong>τοῦ</strong></span> <span class='ocrx_word' id='word_1_370' title='bbox 1385 3470 1806 3543; x_wconf 70' lang='grc' dir='ltr'>προφθάσαντος</span> 
     </span>
    </p>
   </div>
   <div class='ocr_carea' id='block_1_53' title="bbox 212 3560 1807 3632">
    <p class='ocr_par' dir='ltr' id='par_1_53' title="bbox 212 3560 1807 3632">
     <span class='ocr_line' id='line_1_53' title="bbox 212 3560 1807 3632; baseline -0.001 -17"><span class='ocrx_word' id='word_1_371' title='bbox 212 3561 518 3632; x_wconf 70' lang='grc' dir='ltr'>θαύματος,</span> <span class='ocrx_word' id='word_1_372' title='bbox 547 3560 691 3614; x_wconf 77' lang='grc' dir='ltr'><strong>οὕτω</strong></span> <span class='ocrx_word' id='word_1_373' title='bbox 725 3560 838 3631; x_wconf 70' lang='lat' dir='ltr'><strong>(l‘i)</strong></span> <span class='ocrx_word' id='word_1_374' title='bbox 873 3563 1087 3632; x_wconf 82' lang='grc' dir='ltr'><strong>ταχέως</strong></span> <span class='ocrx_word' id='word_1_375' title='bbox 1111 3563 1464 3616; x_wconf 76' lang='grc' dir='ltr'><strong>ἐπελάθοντοο</strong></span> <span class='ocrx_word' id='word_1_376' title='bbox 1509 3563 1647 3614; x_wconf 78' lang='grc' dir='ltr'>ἀλλὰ</span> <span class='ocrx_word' id='word_1_377' title='bbox 1676 3561 1807 3614; x_wconf 87' lang='grc' dir='ltr'><strong>Θαύ-</strong></span> 
     </span>
    </p>
   </div>
   <div class='ocr_carea' id='block_1_54' title="bbox 215 3655 1808 3728">
    <p class='ocr_par' dir='ltr' id='par_1_54' title="bbox 215 3655 1808 3728">
     <span class='ocr_line' id='line_1_54' title="bbox 215 3655 1808 3728; baseline -0.001 -18"><span class='ocrx_word' id='word_1_378' title='bbox 215 3673 394 3728; x_wconf 82' lang='grc' dir='ltr'><strong>μασον</strong></span> <span class='ocrx_word' id='word_1_379' title='bbox 441 3659 500 3708; x_wconf 85' lang='grc' dir='ltr'>τὸ</span> <span class='ocrx_word' id='word_1_380' title='bbox 545 3655 844 3726; x_wconf 78' lang='grc' dir='ltr'><strong>φιλάληΘες</strong></span> <span class='ocrx_word' id='word_1_381' title='bbox 875 3657 1077 3720; x_wconf 65' lang='grc' dir='ltr'><strong>αὐτῶν,</strong></span> <span class='ocrx_word' id='word_1_382' title='bbox 1106 3657 1222 3720; x_wconf 71' lang='grc' dir='ltr'>πῶς</span> <span class='ocrx_word' id='word_1_383' title='bbox 1253 3659 1555 3726; x_wconf 72' lang='grc' dir='ltr'><strong>γράφοντες</strong></span> <span class='ocrx_word' id='word_1_384' title='bbox 1583 3658 1643 3709; x_wconf 77' lang='grc' dir='ltr'><strong>ού</strong></span> <span class='ocrx_word' id='word_1_385' title='bbox 1669 3657 1808 3726; x_wconf 87' lang='grc' dir='ltr'>κρύ-</span> 
     </span>
    </p>
   </div>
   <div class='ocr_carea' id='block_1_55' title="bbox 213 3749 1805 3819">
    <p class='ocr_par' dir='ltr' id='par_1_55' title="bbox 213 3749 1805 3819">
     <span class='ocr_line' id='line_1_55' title="bbox 213 3749 1805 3819; baseline 0.001 -18"><span class='ocrx_word' id='word_1_386' title='bbox 213 3766 412 3802; x_wconf 88' lang='grc' dir='ltr'><strong>πτουσι</strong></span> <span class='ocrx_word' id='word_1_387' title='bbox 443 3750 505 3802; x_wconf 81' lang='grc' dir='ltr'>τὸ</span> <span class='ocrx_word' id='word_1_388' title='bbox 540 3751 738 3803; x_wconf 68' lang='grc' dir='ltr'><strong>οἰκεῖον</strong></span> <span class='ocrx_word' id='word_1_389' title='bbox 783 3749 1058 3819; x_wconf 70' lang='grc' dir='ltr'>ἔγκλημα.</span> <span class='ocrx_word' id='word_1_390' title='bbox 1114 3750 1400 3818; x_wconf 81' lang='grc' dir='ltr'><strong>Ἐννόησον</strong></span> <span class='ocrx_word' id='word_1_391' title='bbox 1439 3751 1494 3802; x_wconf 85' lang='grc' dir='ltr'><strong>δὲ</strong></span> <span class='ocrx_word' id='word_1_392' title='bbox 1533 3754 1624 3802; x_wconf 79' lang='grc' dir='ltr'><strong>καὶ</strong></span> <span class='ocrx_word' id='word_1_393' title='bbox 1687 3751 1805 3814; x_wconf 84' lang='grc' dir='ltr'>πῶς</span> 
     </span>
    </p>
   </div>
   <div class='ocr_carea' id='block_1_56' title="bbox 212 3842 1804 3914">
    <p class='ocr_par' dir='ltr' id='par_1_56' title="bbox 212 3842 1804 3914">
     <span class='ocr_line' id='line_1_56' title="bbox 212 3842 1804 3914; baseline 0.002 -22"><span class='ocrx_word' id='word_1_394' title='bbox 212 3843 502 3912; x_wconf 78' lang='grc' dir='ltr'>ἐκυρίευον</span> <span class='ocrx_word' id='word_1_395' title='bbox 541 3842 645 3911; x_wconf 81' lang='grc' dir='ltr'>τῆς</span> <span class='ocrx_word' id='word_1_396' title='bbox 671 3845 936 3914; x_wconf 77' lang='grc' dir='ltr'><strong>γαστρός.</strong></span> <span class='ocrx_word' id='word_1_397' title='bbox 993 3842 1082 3895; x_wconf 84' lang='grc' dir='ltr'>Ἐν</span> <span class='ocrx_word' id='word_1_398' title='bbox 1125 3845 1334 3911; x_wconf 75' lang='grc' dir='ltr'><strong>ἐρημία</strong></span> <span class='ocrx_word' id='word_1_399' title='bbox 1358 3846 1467 3914; x_wconf 79' lang='grc' dir='ltr'><strong>γὰρ</strong></span> <span class='ocrx_word' id='word_1_400' title='bbox 1505 3843 1680 3906; x_wconf 73' lang='grc' dir='ltr'><strong>ὅντες,</strong></span> <span class='ocrx_word' id='word_1_401' title='bbox 1711 3843 1804 3895; x_wconf 77' lang='grc' dir='ltr'><strong>καὶ</strong></span> 
     </span>
    </p>
   </div>
   <div class='ocr_carea' id='block_1_57' title="bbox 207 3936 1804 4007">
    <p class='ocr_par' dir='ltr' id='par_1_57' title="bbox 207 3936 1804 4007">
     <span class='ocr_line' id='line_1_57' title="bbox 207 3936 1804 4007; baseline 0 -19"><span class='ocrx_word' id='word_1_402' title='bbox 207 3937 364 4003; x_wconf 80' lang='grc' dir='ltr'><strong>τρεῖς</strong></span> <span class='ocrx_word' id='word_1_403' title='bbox 420 3936 635 4007; x_wconf 78' lang='grc' dir='ltr'><strong>ἡμέρας</strong></span> <span class='ocrx_word' id='word_1_404' title='bbox 685 3936 1080 4005; x_wconf 80' lang='grc' dir='ltr'><strong>διατρίϐοντες,</strong></span> <span class='ocrx_word' id='word_1_405' title='bbox 1138 3937 1279 3988; x_wconf 71' lang='grc' dir='ltr'><strong>ἑπτὰ</strong></span> <span class='ocrx_word' id='word_1_406' title='bbox 1344 3937 1543 4006; x_wconf 88' lang='grc' dir='ltr'>μόνους</span> <span class='ocrx_word' id='word_1_407' title='bbox 1602 3937 1804 4006; x_wconf 75' lang='grc' dir='ltr'>ἄρτους</span> 
     </span>
    </p>
   </div>
   <div class='ocr_carea' id='block_1_58' title="bbox 208 4028 569 4095">
    <p class='ocr_par' dir='ltr' id='par_1_58' title="bbox 208 4028 569 4095">
     <span class='ocr_line' id='line_1_58' title="bbox 208 4028 569 4095; baseline 0.014 -17"><span class='ocrx_word' id='word_1_408' title='bbox 208 4028 569 4095; x_wconf 75' lang='grc' dir='ltr'><strong>ἐπεφέροντο.</strong></span> 
     </span>
    </p>
   </div>
   <div class='ocr_carea' id='block_1_59' title="bbox 285 4118 1804 4194">
    <p class='ocr_par' dir='ltr' id='par_1_59' title="bbox 285 4118 1804 4194">
     <span class='ocr_line' id='line_1_59' title="bbox 285 4118 1804 4194; baseline 0.004 -24"><span class='ocrx_word' id='word_1_409' title='bbox 285 4118 396 4170; x_wconf 81' lang='grc' dir='ltr'><strong>Καὶ</strong></span> <span class='ocrx_word' id='word_1_410' title='bbox 427 4149 491 4158; x_wconf 89' lang='grc'><strong>-</strong></span> <span class='ocrx_word' id='word_1_411' title='bbox 521 4118 1004 4188; x_wconf 78' lang='grc' dir='ltr'>ἐχορτάσθησαν.</span> <span class='ocrx_word' id='word_1_412' title='bbox 1031 4121 1233 4190; x_wconf 82' lang='grc' dir='ltr'><strong>Ὅμοια</strong></span> <span class='ocrx_word' id='word_1_413' title='bbox 1257 4123 1369 4184; x_wconf 83' lang='grc' dir='ltr'>τοῖς</span> <span class='ocrx_word' id='word_1_414' title='bbox 1394 4123 1688 4194; x_wconf 77' lang='grc' dir='ltr'>προτέροις</span> <span class='ocrx_word' id='word_1_415' title='bbox 1709 4125 1804 4176; x_wconf 78' lang='grc' dir='ltr'><strong>καὶ</strong></span> 
     </span>
    </p>
   </div>
   <div class='ocr_carea' id='block_1_60' title="bbox 207 4209 1802 4290">
    <p class='ocr_par' dir='ltr' id='par_1_60' title="bbox 207 4209 1802 4290">
     <span class='ocr_line' id='line_1_60' title="bbox 207 4209 1802 4290; baseline 0.003 -27"><span class='ocrx_word' id='word_1_416' title='bbox 207 4209 364 4277; x_wconf 76' lang='grc' dir='ltr'><strong>λέγει</strong></span> <span class='ocrx_word' id='word_1_417' title='bbox 393 4210 490 4262; x_wconf 69' lang='grc' dir='ltr'><strong>καὶ</strong></span> <span class='ocrx_word' id='word_1_418' title='bbox 519 4215 689 4272; x_wconf 83' lang='grc' dir='ltr'><strong>ποιεῖ,</strong></span> <span class='ocrx_word' id='word_1_419' title='bbox 723 4212 808 4264; x_wconf 83' lang='grc' dir='ltr'><strong>ἵνα</strong></span> <span class='ocrx_word' id='word_1_420' title='bbox 861 4215 1205 4283; x_wconf 72' lang='grc' dir='ltr'><strong>πανταχόθεν</strong></span> <span class='ocrx_word' id='word_1_421' title='bbox 1254 4216 1454 4278; x_wconf 70' lang='grc' dir='ltr'>αὐτοὺς</span> <span class='ocrx_word' id='word_1_422' title='bbox 1508 4217 1802 4290; x_wconf 76' lang='grc' dir='ltr'><strong>ὰναμνήσῃ</strong></span> 
     </span>
    </p>
   </div>
   <div class='ocr_carea' id='block_1_61' title="bbox 209 4305 982 4376">
    <p class='ocr_par' dir='ltr' id='par_1_61' title="bbox 209 4305 982 4376">
     <span class='ocr_line' id='line_1_61' title="bbox 209 4305 982 4376; baseline 0.004 -18"><span class='ocrx_word' id='word_1_423' title='bbox 209 4306 308 4358; x_wconf 81' lang='grc' dir='ltr'><strong>τοῦ</strong></span> <span class='ocrx_word' id='word_1_424' title='bbox 355 4305 626 4376; x_wconf 77' lang='grc' dir='ltr'>προτέρου</span> <span class='ocrx_word' id='word_1_425' title='bbox 679 4305 982 4376; x_wconf 82' lang='grc' dir='ltr'>θαύματος.</span> 
     </span>
    </p>
   </div>
   <div class='ocr_carea' id='block_1_62' title="bbox 283 4396 1796 4470">
    <p class='ocr_par' dir='ltr' id='par_1_62' title="bbox 283 4396 1796 4470">
     <span class='ocr_line' id='line_1_62' title="bbox 283 4396 1796 4470; baseline 0.001 -20"><span class='ocrx_word' id='word_1_426' title='bbox 283 4396 395 4450; x_wconf 74' lang='grc' dir='ltr'><strong>Καί</strong></span> <span class='ocrx_word' id='word_1_427' title='bbox 429 4426 498 4436; x_wconf 83' lang='grc'><strong>-</strong></span> <span class='ocrx_word' id='word_1_428' title='bbox 533 4397 811 4451; x_wconf 80' lang='grc' dir='ltr'><strong>παιδίων.</strong></span> <span class='ocrx_word' id='word_1_429' title='bbox 853 4399 973 4463; x_wconf 83' lang='grc' dir='ltr'><strong>Πῶς</strong></span> <span class='ocrx_word' id='word_1_430' title='bbox 1021 4400 1139 4452; x_wconf 78' lang='grc' dir='ltr'><strong>ἐκεῖ</strong></span> <span class='ocrx_word' id='word_1_431' title='bbox 1184 4399 1286 4470; x_wconf 85' lang='grc' dir='ltr'><strong>μὲν</strong></span> <span class='ocrx_word' id='word_1_432' title='bbox 1323 4399 1530 4453; x_wconf 76' lang='grc' dir='ltr'><strong>δώδεκα</strong></span> <span class='ocrx_word' id='word_1_433' title='bbox 1586 4399 1796 4468; x_wconf 72' lang='grc' dir='ltr'><strong>κόφινοι</strong></span> 
     </span>
    </p>
   </div>
   <div class='ocr_carea' id='block_1_63' title="bbox 1909 2287 3510 2357">
    <p class='ocr_par' dir='ltr' id='par_1_63' title="bbox 1909 2287 3510 2357">
     <span class='ocr_line' id='line_1_63' title="bbox 1909 2287 3510 2357; baseline 0 -15"><span class='ocrx_word' id='word_1_434' title='bbox 1909 2287 2155 2342; x_wconf 86' lang='lat' dir='ltr'><strong>divinum</strong></span> <span class='ocrx_word' id='word_1_435' title='bbox 2194 2288 2379 2342; x_wconf 87' lang='lat' dir='ltr'><strong>cibum</strong></span> <span class='ocrx_word' id='word_1_436' title='bbox 2413 2306 2425 2340; x_wconf 90' lang='lat'>:</span> <span class='ocrx_word' id='word_1_437' title='bbox 2473 2301 2573 2357; x_wconf 88' lang='lat' dir='ltr'><strong>pro</strong></span> <span class='ocrx_word' id='word_1_438' title='bbox 2609 2287 2844 2340; x_wconf 83' lang='lat' dir='ltr'><strong>naturali</strong></span> <span class='ocrx_word' id='word_1_439' title='bbox 2883 2287 3104 2354; x_wconf 88' lang='lat' dir='ltr'><strong>quidem</strong></span> <span class='ocrx_word' id='word_1_440' title='bbox 3144 2287 3283 2357; x_wconf 77' lang='lat' dir='ltr'><strong>lege,</strong></span> <span class='ocrx_word' id='word_1_441' title='bbox 3323 2302 3510 2356; x_wconf 83' lang='lat' dir='ltr'><strong>prom-</strong></span> 
     </span>
    </p>
   </div>
   <div class='ocr_carea' id='block_1_64' title="bbox 1911 2378 3508 2451">
    <p class='ocr_par' dir='ltr' id='par_1_64' title="bbox 1911 2378 3508 2451">
     <span class='ocr_line' id='line_1_64' title="bbox 1911 2378 3508 2451; baseline -0.001 -17"><span class='ocrx_word' id='word_1_442' title='bbox 1911 2381 2216 2451; x_wconf 86' lang='lat' dir='ltr'><strong>ptissimam</strong></span> <span class='ocrx_word' id='word_1_443' title='bbox 2244 2379 2541 2434; x_wconf 81' lang='lat' dir='ltr'><strong>eﬂieaeiam</strong></span> <span class='ocrx_word' id='word_1_444' title='bbox 2577 2393 2768 2433; x_wconf 89' lang='lat' dir='ltr'><strong>eorum</strong></span> <span class='ocrx_word' id='word_1_445' title='bbox 2799 2395 2921 2448; x_wconf 74' lang='lat' dir='ltr'><strong>qua:</strong></span> <span class='ocrx_word' id='word_1_446' title='bbox 2956 2378 3192 2431; x_wconf 84' lang='lat' dir='ltr'><strong>naturali</strong></span> <span class='ocrx_word' id='word_1_447' title='bbox 3244 2378 3508 2433; x_wconf 78' lang='lat' dir='ltr'><strong>instinctu</strong></span> 
     </span>
    </p>
   </div>
   <div class='ocr_carea' id='block_1_65' title="bbox 1910 2469 3509 2539">
    <p class='ocr_par' dir='ltr' id='par_1_65' title="bbox 1910 2469 3509 2539">
     <span class='ocr_line' id='line_1_65' title="bbox 1910 2469 3509 2539; baseline 0.001 -16"><span class='ocrx_word' id='word_1_448' title='bbox 1910 2469 2049 2523; x_wconf 72' lang='lat' dir='ltr'><strong>ellici</strong></span> <span class='ocrx_word' id='word_1_449' title='bbox 2107 2481 2388 2539; x_wconf 90' lang='lat' dir='ltr'><strong>possunt:</strong></span> <span class='ocrx_word' id='word_1_450' title='bbox 2423 2483 2523 2538; x_wconf 88' lang='lat' dir='ltr'><strong>pro</strong></span> <span class='ocrx_word' id='word_1_451' title='bbox 2577 2472 2779 2539; x_wconf 82' lang='lat' dir='ltr'><strong>scripta</strong></span> <span class='ocrx_word' id='word_1_452' title='bbox 2849 2485 3000 2534; x_wconf 79' lang='lat' dir='ltr'><strong>vero,</strong></span> <span class='ocrx_word' id='word_1_453' title='bbox 3054 2485 3126 2524; x_wconf 88' lang='lat' dir='ltr'><strong>ne</strong></span> <span class='ocrx_word' id='word_1_454' title='bbox 3188 2469 3509 2526; x_wconf 82' lang='lat' dir='ltr'><strong>aflectiones</strong></span> 
     </span>
    </p>
   </div>
   <div class='ocr_carea' id='block_1_66' title="bbox 1910 2562 3508 2633">
    <p class='ocr_par' dir='ltr' id='par_1_66' title="bbox 1910 2562 3508 2633">
     <span class='ocr_line' id='line_1_66' title="bbox 1910 2562 3508 2633; baseline 0.003 -21"><span class='ocrx_word' id='word_1_455' title='bbox 1910 2575 2033 2630; x_wconf 69' lang='lat' dir='ltr'><strong>qua:</strong></span> <span class='ocrx_word' id='word_1_456' title='bbox 2087 2568 2285 2630; x_wconf 68' lang='lat' dir='ltr'><strong>prmter</strong></span> <span class='ocrx_word' id='word_1_457' title='bbox 2345 2571 2599 2614; x_wconf 86' lang='lat' dir='ltr'><strong>naturam</strong></span> <span class='ocrx_word' id='word_1_458' title='bbox 2657 2562 2954 2633; x_wconf 76' lang='lat' dir='ltr'><strong>insurgunt</strong></span> <span class='ocrx_word' id='word_1_459' title='bbox 2999 2569 3357 2632; x_wconf 84' lang='lat' dir='ltr'><strong>sequantur:</strong></span> <span class='ocrx_word' id='word_1_460' title='bbox 3411 2577 3508 2633; x_wconf 85' lang='lat' dir='ltr'><strong>pro</strong></span> 
     </span>
    </p>
   </div>
   <div class='ocr_carea' id='block_1_67' title="bbox 1908 2653 3506 2724">
    <p class='ocr_par' dir='ltr' id='par_1_67' title="bbox 1908 2653 3506 2724">
     <span class='ocr_line' id='line_1_67' title="bbox 1908 2653 3506 2724; baseline 0.001 -15"><span class='ocrx_word' id='word_1_461' title='bbox 1908 2653 2234 2724; x_wconf 82' lang='lat' dir='ltr'><strong>evangelica</strong></span> <span class='ocrx_word' id='word_1_462' title='bbox 2291 2663 2501 2720; x_wconf 89' lang='lat' dir='ltr'><strong>autem,</strong></span> <span class='ocrx_word' id='word_1_463' title='bbox 2552 2653 2814 2709; x_wconf 89' lang='lat' dir='ltr'><strong>unionem</strong></span> <span class='ocrx_word' id='word_1_464' title='bbox 2866 2655 2936 2708; x_wconf 88' lang='lat' dir='ltr'><strong>ad</strong></span> <span class='ocrx_word' id='word_1_465' title='bbox 2991 2654 3162 2708; x_wconf 76' lang='lat' dir='ltr'><strong>Deum</strong></span> <span class='ocrx_word' id='word_1_466' title='bbox 3226 2671 3289 2710; x_wconf 86' lang='lat' dir='ltr'><strong>ac</strong></span> <span class='ocrx_word' id='word_1_467' title='bbox 3353 2655 3506 2711; x_wconf 83' lang='lat' dir='ltr'><strong>deifi-</strong></span> 
     </span>
    </p>
   </div>
   <div class='ocr_carea' id='block_1_68' title="bbox 1909 2747 2209 2800">
    <p class='ocr_par' dir='ltr' id='par_1_68' title="bbox 1909 2747 2209 2800">
     <span class='ocr_line' id='line_1_68' title="bbox 1909 2747 2209 2800; baseline -0.007 0"><span class='ocrx_word' id='word_1_468' title='bbox 1909 2747 2209 2800; x_wconf 73' lang='lat' dir='ltr'><strong>rationem.</strong></span> 
     </span>
    </p>
   </div>
   <div class='ocr_carea' id='block_1_69' title="bbox 1986 2823 3497 2913">
    <p class='ocr_par' dir='ltr' id='par_1_69' title="bbox 1986 2823 3497 2913">
     <span class='ocr_line' id='line_1_69' title="bbox 1986 2823 3497 2913; baseline 0.005 -23"><span class='ocrx_word' id='word_1_469' title='bbox 1986 2838 2053 2891; x_wconf 81' lang='lat' dir='ltr'><strong>Et</strong></span> <span class='ocrx_word' id='word_1_470' title='bbox 2083 2837 2234 2907; x_wconf 91' lang='lat' dir='ltr'><strong>prius</strong></span> <span class='ocrx_word' id='word_1_471' title='bbox 2261 2847 2318 2892; x_wconf 89' lang='lat' dir='ltr'><strong>et</strong></span> <span class='ocrx_word' id='word_1_472' title='bbox 2357 2846 2548 2908; x_wconf 82' lang='lat' dir='ltr'><strong>postea</strong></span> <span class='ocrx_word' id='word_1_473' title='bbox 2579 2823 2636 2893; x_wconf 76' lang='lat' dir='ltr'><strong>in</strong></span> <span class='ocrx_word' id='word_1_474' title='bbox 2663 2838 2885 2894; x_wconf 82' lang='lat' dir='ltr'><strong>deserto</strong></span> <span class='ocrx_word' id='word_1_475' title='bbox 2908 2839 3029 2895; x_wconf 91' lang='lat' dir='ltr'><strong>loco</strong></span> <span class='ocrx_word' id='word_1_476' title='bbox 3053 2840 3214 2913; x_wconf 83' lang='lat' dir='ltr'><strong>longe</strong></span> <span class='ocrx_word' id='word_1_477' title='bbox 3236 2858 3268 2896; x_wconf 70' lang='grc' dir='ltr'>ι</span> <span class='ocrx_word' id='word_1_478' title='bbox 3302 2843 3497 2898; x_wconf 83' lang='lat' dir='ltr'><strong>civita-</strong></span> 
     </span>
    </p>
   </div>
   <div class='ocr_carea' id='block_1_70' title="bbox 1915 2929 3507 2996">
    <p class='ocr_par' dir='ltr' id='par_1_70' title="bbox 1915 2929 3507 2996">
     <span class='ocr_line' id='line_1_70' title="bbox 1915 2929 3507 2996; baseline 0.004 -12"><span class='ocrx_word' id='word_1_479' title='bbox 1915 2929 2064 2984; x_wconf 83' lang='lat' dir='ltr'><strong>tibus</strong></span> <span class='ocrx_word' id='word_1_480' title='bbox 2088 2943 2154 2983; x_wconf 88' lang='lat' dir='ltr'><strong>ac</strong></span> <span class='ocrx_word' id='word_1_481' title='bbox 2193 2929 2330 2983; x_wconf 87' lang='lat' dir='ltr'><strong>vicis</strong></span> <span class='ocrx_word' id='word_1_482' title='bbox 2349 2929 2455 2984; x_wconf 69' lang='lat' dir='ltr'><strong>hoc</strong></span> <span class='ocrx_word' id='word_1_483' title='bbox 2486 2929 2991 2996; x_wconf 88' lang='lat' dir='ltr'><strong>facitmiraculum,</strong></span> <span class='ocrx_word' id='word_1_484' title='bbox 3017 2948 3087 2986; x_wconf 91' lang='lat' dir='ltr'><strong>ne</strong></span> <span class='ocrx_word' id='word_1_485' title='bbox 3124 2934 3299 2988; x_wconf 89' lang='lat' dir='ltr'><strong>turbis</strong></span> <span class='ocrx_word' id='word_1_486' title='bbox 3325 2935 3507 2990; x_wconf 84' lang='lat' dir='ltr'><strong>videa-</strong></span> 
     </span>
    </p>
   </div>
   <div class='ocr_carea' id='block_1_71' title="bbox 1914 3023 3403 3092">
    <p class='ocr_par' dir='ltr' id='par_1_71' title="bbox 1914 3023 3403 3092">
     <span class='ocr_line' id='line_1_71' title="bbox 1914 3023 3403 3092; baseline 0.003 -16"><span class='ocrx_word' id='word_1_487' title='bbox 1914 3032 2004 3076; x_wconf 89' lang='lat' dir='ltr'><strong>tur</strong></span> <span class='ocrx_word' id='word_1_488' title='bbox 2047 3039 2074 3075; x_wconf 91' lang='lat' dir='ltr'><strong>a</strong></span> <span class='ocrx_word' id='word_1_489' title='bbox 2118 3023 2421 3092; x_wconf 89' lang='lat' dir='ltr'><strong>propinqua</strong></span> <span class='ocrx_word' id='word_1_490' title='bbox 2462 3023 2682 3078; x_wconf 75' lang='lat' dir='ltr'><strong>civitate</strong></span> <span class='ocrx_word' id='word_1_491' title='bbox 2721 3039 2784 3077; x_wconf 87' lang='lat' dir='ltr'><strong>ac</strong></span> <span class='ocrx_word' id='word_1_492' title='bbox 2818 3029 2941 3079; x_wconf 78' lang='lat' dir='ltr'><strong>vico</strong></span> <span class='ocrx_word' id='word_1_493' title='bbox 2981 3026 3133 3079; x_wconf 87' lang='lat' dir='ltr'><strong>cibos</strong></span> <span class='ocrx_word' id='word_1_494' title='bbox 3170 3026 3403 3080; x_wconf 77' lang='lat' dir='ltr'><strong>deferre.</strong></span> 
     </span>
    </p>
   </div>
   <div class='ocr_carea' id='block_1_72' title="bbox 1995 3203 3507 3275">
    <p class='ocr_par' dir='ltr' id='par_1_72' title="bbox 1995 3203 3507 3275">
     <span class='ocr_line' id='line_1_72' title="bbox 1995 3203 3507 3275; baseline 0.004 -21"><span class='ocrx_word' id='word_1_495' title='bbox 1995 3203 2150 3258; x_wconf 80' lang='lat' dir='ltr'><strong>Vers.</strong></span> <span class='ocrx_word' id='word_1_496' title='bbox 2193 3207 2280 3260; x_wconf 73' lang='grc'>54.</span> <span class='ocrx_word' id='word_1_497' title='bbox 2326 3204 2393 3258; x_wconf 83' lang='lat' dir='ltr'><strong>Et</strong></span> <span class='ocrx_word' id='word_1_498' title='bbox 2424 3235 2493 3246; x_wconf 81' lang='lat'><strong>--</strong></span> <span class='ocrx_word' id='word_1_499' title='bbox 2523 3205 2823 3273; x_wconf 73' lang='lat' dir='ltr'><strong>pisciculos.</strong></span> <span class='ocrx_word' id='word_1_500' title='bbox 2879 3205 2938 3257; x_wconf 89' lang='lat' dir='ltr'><strong>ln</strong></span> <span class='ocrx_word' id='word_1_501' title='bbox 2997 3206 3242 3275; x_wconf 88' lang='lat' dir='ltr'><strong>quinque</strong></span> <span class='ocrx_word' id='word_1_502' title='bbox 3279 3207 3507 3274; x_wconf 88' lang='lat' dir='ltr'><strong>panibus</strong></span> 
     </span>
    </p>
   </div>
   <div class='ocr_carea' id='block_1_73' title="bbox 1914 3298 3507 3369">
    <p class='ocr_par' dir='ltr' id='par_1_73' title="bbox 1914 3298 3507 3369">
     <span class='ocr_line' id='line_1_73' title="bbox 1914 3298 3507 3369; baseline 0.003 -18"><span class='ocrx_word' id='word_1_503' title='bbox 1914 3299 2018 3351; x_wconf 88' lang='lat' dir='ltr'><strong>hoc</strong></span> <span class='ocrx_word' id='word_1_504' title='bbox 2044 3298 2205 3352; x_wconf 81' lang='lat' dir='ltr'><strong>etiam</strong></span> <span class='ocrx_word' id='word_1_505' title='bbox 2250 3299 2632 3369; x_wconf 86' lang='lat' dir='ltr'><strong>interrogavit,</strong></span> <span class='ocrx_word' id='word_1_506' title='bbox 2683 3302 2826 3354; x_wconf 88' lang='lat' dir='ltr'><strong>sicut</strong></span> <span class='ocrx_word' id='word_1_507' title='bbox 2854 3299 2993 3353; x_wconf 77' lang='lat' dir='ltr'><strong>dixit</strong></span> <span class='ocrx_word' id='word_1_508' title='bbox 3028 3300 3243 3354; x_wconf 84' lang='lat' dir='ltr'><strong>Marcus</strong></span> <span class='ocrx_word' id='word_1_509' title='bbox 3273 3302 3342 3366; x_wconf 80' lang='lat'><strong>“,</strong></span> <span class='ocrx_word' id='word_1_510' title='bbox 3370 3312 3423 3355; x_wconf 88' lang='lat' dir='ltr'><strong>et</strong></span> <span class='ocrx_word' id='word_1_511' title='bbox 3443 3317 3507 3356; x_wconf 87' lang='lat' dir='ltr'><strong>ne</strong></span> 
     </span>
    </p>
   </div>
   <div class='ocr_carea' id='block_1_74' title="bbox 1913 3392 3506 3460">
    <p class='ocr_par' dir='ltr' id='par_1_74' title="bbox 1913 3392 3506 3460">
     <span class='ocr_line' id='line_1_74' title="bbox 1913 3392 3506 3460; baseline 0.003 -16"><span class='ocrx_word' id='word_1_512' title='bbox 1913 3393 1993 3444; x_wconf 88' lang='lat' dir='ltr'><strong>sic</strong></span> <span class='ocrx_word' id='word_1_513' title='bbox 2023 3392 2243 3460; x_wconf 89' lang='lat' dir='ltr'><strong>quidem</strong></span> <span class='ocrx_word' id='word_1_514' title='bbox 2277 3392 2688 3446; x_wconf 81' lang='lat' dir='ltr'><strong>intellexerunt.</strong></span> <span class='ocrx_word' id='word_1_515' title='bbox 2737 3393 2942 3458; x_wconf 84' lang='lat' dir='ltr'><strong>Quodsi</strong></span> <span class='ocrx_word' id='word_1_516' title='bbox 2971 3403 3133 3447; x_wconf 70' lang='lat' dir='ltr'><strong>tanta:</strong></span> <span class='ocrx_word' id='word_1_517' title='bbox 3167 3409 3359 3448; x_wconf 89' lang='lat' dir='ltr'><strong>eorum</strong></span> <span class='ocrx_word' id='word_1_518' title='bbox 3402 3411 3506 3448; x_wconf 78' lang='lat' dir='ltr'><strong>ea:-</strong></span> 
     </span>
    </p>
   </div>
   <div class='ocr_carea' id='block_1_75' title="bbox 1910 3485 3506 3557">
    <p class='ocr_par' dir='ltr' id='par_1_75' title="bbox 1910 3485 3506 3557">
     <span class='ocr_line' id='line_1_75' title="bbox 1910 3485 3506 3557; baseline 0.003 -19"><span class='ocrx_word' id='word_1_519' title='bbox 1910 3486 2060 3539; x_wconf 87' lang='lat' dir='ltr'><strong>citati</strong></span> <span class='ocrx_word' id='word_1_520' title='bbox 2113 3485 2435 3556; x_wconf 74' lang='lat' dir='ltr'><strong>indignaris,</strong></span> <span class='ocrx_word' id='word_1_521' title='bbox 2477 3487 2622 3554; x_wconf 88' lang='lat' dir='ltr'><strong>quod</strong></span> <span class='ocrx_word' id='word_1_522' title='bbox 2663 3502 2786 3539; x_wconf 89' lang='lat' dir='ltr'><strong>eum</strong></span> <span class='ocrx_word' id='word_1_523' title='bbox 2829 3488 2968 3540; x_wconf 87' lang='lat' dir='ltr'><strong>adeo</strong></span> <span class='ocrx_word' id='word_1_524' title='bbox 3031 3503 3222 3540; x_wconf 78' lang='lat' dir='ltr'><strong>recens</strong></span> <span class='ocrx_word' id='word_1_525' title='bbox 3285 3497 3506 3557; x_wconf 65' lang='lat' dir='ltr'><strong>pra&#39;tcr-</strong></span> 
     </span>
    </p>
   </div>
   <div class='ocr_carea' id='block_1_76' title="bbox 1911 3578 3506 3643">
    <p class='ocr_par' dir='ltr' id='par_1_76' title="bbox 1911 3578 3506 3643">
     <span class='ocr_line' id='line_1_76' title="bbox 1911 3578 3506 3643; baseline 0.002 -11"><span class='ocrx_word' id='word_1_526' title='bbox 1911 3578 2066 3633; x_wconf 86' lang='lat' dir='ltr'><strong>iisset</strong></span> <span class='ocrx_word' id='word_1_527' title='bbox 2106 3579 2237 3632; x_wconf 90' lang='lat' dir='ltr'><strong>illud</strong></span> <span class='ocrx_word' id='word_1_528' title='bbox 2285 3581 2630 3643; x_wconf 79' lang='lat' dir='ltr'><strong>miraculum,</strong></span> <span class='ocrx_word' id='word_1_529' title='bbox 2678 3579 2814 3632; x_wconf 84' lang='lat' dir='ltr'><strong>adeo</strong></span> <span class='ocrx_word' id='word_1_530' title='bbox 2844 3578 3109 3632; x_wconf 83' lang='lat' dir='ltr'><strong>velociter</strong></span> <span class='ocrx_word' id='word_1_531' title='bbox 3149 3579 3304 3633; x_wconf 85' lang='lat' dir='ltr'><strong>obliti</strong></span> <span class='ocrx_word' id='word_1_532' title='bbox 3333 3591 3506 3636; x_wconf 87' lang='lat' dir='ltr'><strong>sunt:</strong></span> 
     </span>
    </p>
   </div>
   <div class='ocr_carea' id='block_1_77' title="bbox 1912 3669 3505 3738">
    <p class='ocr_par' dir='ltr' id='par_1_77' title="bbox 1912 3669 3505 3738">
     <span class='ocr_line' id='line_1_77' title="bbox 1912 3669 3505 3738; baseline 0 -14"><span class='ocrx_word' id='word_1_533' title='bbox 1912 3671 2184 3724; x_wconf 86' lang='lat' dir='ltr'><strong>admirare</strong></span> <span class='ocrx_word' id='word_1_534' title='bbox 2247 3680 2430 3722; x_wconf 75' lang='lat' dir='ltr'><strong>tamen</strong></span> <span class='ocrx_word' id='word_1_535' title='bbox 2488 3669 2636 3738; x_wconf 91' lang='lat' dir='ltr'><strong>quod</strong></span> <span class='ocrx_word' id='word_1_536' title='bbox 2701 3669 2990 3723; x_wconf 82' lang='lat' dir='ltr'><strong>veritatem</strong></span> <span class='ocrx_word' id='word_1_537' title='bbox 3033 3671 3105 3723; x_wconf 82' lang='lat' dir='ltr'><strong>ita</strong></span> <span class='ocrx_word' id='word_1_538' title='bbox 3177 3671 3391 3734; x_wconf 84' lang='lat' dir='ltr'><strong>colant,</strong></span> <span class='ocrx_word' id='word_1_539' title='bbox 3447 3679 3505 3724; x_wconf 94' lang='lat' dir='ltr'><strong>ut</strong></span> 
     </span>
    </p>
   </div>
   <div class='ocr_carea' id='block_1_78' title="bbox 1911 3762 3503 3824">
    <p class='ocr_par' dir='ltr' id='par_1_78' title="bbox 1911 3762 3503 3824">
     <span class='ocr_line' id='line_1_78' title="bbox 1911 3762 3503 3824; baseline -0.002 -6"><span class='ocrx_word' id='word_1_540' title='bbox 1911 3765 2233 3824; x_wconf 78' lang='lat' dir='ltr'><strong>scribentes.</strong></span> <span class='ocrx_word' id='word_1_541' title='bbox 2274 3779 2404 3816; x_wconf 85' lang='lat' dir='ltr'><strong>suos</strong></span> <span class='ocrx_word' id='word_1_542' title='bbox 2443 3764 2606 3816; x_wconf 83' lang='lat' dir='ltr'><strong>etiam</strong></span> <span class='ocrx_word' id='word_1_543' title='bbox 2663 3762 2914 3817; x_wconf 90' lang='lat' dir='ltr'><strong>defectus</strong></span> <span class='ocrx_word' id='word_1_544' title='bbox 2973 3777 3080 3816; x_wconf 92' lang='lat' dir='ltr'><strong>non</strong></span> <span class='ocrx_word' id='word_1_545' title='bbox 3137 3763 3503 3818; x_wconf 79' lang='lat' dir='ltr'><strong>abscondant.</strong></span> 
     </span>
    </p>
   </div>
   <div class='ocr_carea' id='block_1_79' title="bbox 1911 3854 3503 3922">
    <p class='ocr_par' dir='ltr' id='par_1_79' title="bbox 1911 3854 3503 3922">
     <span class='ocr_line' id='line_1_79' title="bbox 1911 3854 3503 3922; baseline 0.001 -16"><span class='ocrx_word' id='word_1_546' title='bbox 1911 3858 2148 3908; x_wconf 84' lang='lat' dir='ltr'><strong>Auverte</strong></span> <span class='ocrx_word' id='word_1_547' title='bbox 2218 3854 2384 3907; x_wconf 85' lang='lat' dir='ltr'><strong>etiam</strong></span> <span class='ocrx_word' id='word_1_548' title='bbox 2461 3865 2728 3922; x_wconf 87' lang='lat' dir='ltr'><strong>quantum</strong></span> <span class='ocrx_word' id='word_1_549' title='bbox 2808 3855 2986 3907; x_wconf 86' lang='lat' dir='ltr'><strong>ventri</strong></span> <span class='ocrx_word' id='word_1_550' title='bbox 3049 3855 3503 3910; x_wconf 63' lang='lat' dir='ltr'><strong>dominabantur.</strong></span> 
     </span>
    </p>
   </div>
   <div class='ocr_carea' id='block_1_80' title="bbox 1911 3943 3505 4007">
    <p class='ocr_par' dir='ltr' id='par_1_80' title="bbox 1911 3943 3505 4007">
     <span class='ocr_line' id='line_1_80' title="bbox 1911 3943 3505 4007; baseline 0.001 -10"><span class='ocrx_word' id='word_1_551' title='bbox 1911 3946 2045 3997; x_wconf 77' lang='lat' dir='ltr'><strong>Cum</strong></span> <span class='ocrx_word' id='word_1_552' title='bbox 2087 3945 2232 3996; x_wconf 88' lang='lat' dir='ltr'><strong>enim</strong></span> <span class='ocrx_word' id='word_1_553' title='bbox 2276 3953 2461 3997; x_wconf 86' lang='lat' dir='ltr'><strong>essent</strong></span> <span class='ocrx_word' id='word_1_554' title='bbox 2500 3943 2554 3996; x_wconf 93' lang='lat' dir='ltr'><strong>in</strong></span> <span class='ocrx_word' id='word_1_555' title='bbox 2586 3945 2828 4007; x_wconf 89' lang='lat' dir='ltr'><strong>deserto,</strong></span> <span class='ocrx_word' id='word_1_556' title='bbox 2887 3953 2945 3997; x_wconf 91' lang='lat' dir='ltr'><strong>et</strong></span> <span class='ocrx_word' id='word_1_557' title='bbox 2988 3954 3099 3999; x_wconf 90' lang='lat' dir='ltr'><strong>tres</strong></span> <span class='ocrx_word' id='word_1_558' title='bbox 3133 3945 3250 3999; x_wconf 88' lang='lat' dir='ltr'><strong>dies</strong></span> <span class='ocrx_word' id='word_1_559' title='bbox 3310 3945 3505 4000; x_wconf 88' lang='lat' dir='ltr'><strong>demo-</strong></span> 
     </span>
    </p>
   </div>
   <div class='ocr_carea' id='block_1_81' title="bbox 1911 4037 3263 4106">
    <p class='ocr_par' dir='ltr' id='par_1_81' title="bbox 1911 4037 3263 4106">
     <span class='ocr_line' id='line_1_81' title="bbox 1911 4037 3263 4106; baseline 0.001 -17"><span class='ocrx_word' id='word_1_560' title='bbox 1911 4047 2190 4097; x_wconf 82' lang='lat' dir='ltr'><strong>rarentur.</strong></span> <span class='ocrx_word' id='word_1_561' title='bbox 2226 4046 2438 4106; x_wconf 88' lang='lat' dir='ltr'><strong>septem</strong></span> <span class='ocrx_word' id='word_1_562' title='bbox 2482 4046 2694 4090; x_wconf 88' lang='lat' dir='ltr'><strong>tantum</strong></span> <span class='ocrx_word' id='word_1_563' title='bbox 2733 4051 2902 4106; x_wconf 88' lang='lat' dir='ltr'><strong>panes</strong></span> <span class='ocrx_word' id='word_1_564' title='bbox 2941 4037 3263 4091; x_wconf 85' lang='lat' dir='ltr'><strong>attulerant.</strong></span> 
     </span>
    </p>
   </div>
   <div class='ocr_carea' id='block_1_82' title="bbox 1983 4125 3505 4198">
    <p class='ocr_par' dir='ltr' id='par_1_82' title="bbox 1983 4125 3505 4198">
     <span class='ocr_line' id='line_1_82' title="bbox 1983 4125 3505 4198; baseline 0.001 -17"><span class='ocrx_word' id='word_1_565' title='bbox 1983 4127 2139 4182; x_wconf 74' lang='grc' dir='ltr'><strong>γει-ε.</strong></span> <span class='ocrx_word' id='word_1_566' title='bbox 2170 4127 2262 4181; x_wconf 79' lang='grc'><strong>55.</strong></span> <span class='ocrx_word' id='word_1_567' title='bbox 2294 4130 2362 4181; x_wconf 87' lang='lat' dir='ltr'><strong>Et</strong></span> <span class='ocrx_word' id='word_1_568' title='bbox 2384 4157 2451 4168; x_wconf 90' lang='lat'><strong>—</strong></span> <span class='ocrx_word' id='word_1_569' title='bbox 2474 4127 2539 4182; x_wconf 72' lang='grc' dir='ltr'><strong>ν.</strong></span> <span class='ocrx_word' id='word_1_570' title='bbox 2569 4127 2660 4180; x_wconf 79' lang='lat'><strong>37.</strong></span> <span class='ocrx_word' id='word_1_571' title='bbox 2690 4125 2939 4182; x_wconf 83' lang='lat' dir='ltr'><strong>Saturati</strong></span> <span class='ocrx_word' id='word_1_572' title='bbox 2964 4137 3106 4180; x_wconf 75' lang='lat' dir='ltr'><strong>sunt.</strong></span> <span class='ocrx_word' id='word_1_573' title='bbox 3130 4125 3336 4180; x_wconf 83' lang='lat' dir='ltr'><strong>Similia</strong></span> <span class='ocrx_word' id='word_1_574' title='bbox 3357 4129 3505 4198; x_wconf 76' lang='lat' dir='ltr'><strong>prio-</strong></span> 
     </span>
    </p>
   </div>
   <div class='ocr_carea' id='block_1_83' title="bbox 1909 4220 3504 4291">
    <p class='ocr_par' dir='ltr' id='par_1_83' title="bbox 1909 4220 3504 4291">
     <span class='ocr_line' id='line_1_83' title="bbox 1909 4220 3504 4291; baseline 0.001 -17"><span class='ocrx_word' id='word_1_575' title='bbox 1909 4222 2060 4274; x_wconf 90' lang='lat' dir='ltr'><strong>ribus</strong></span> <span class='ocrx_word' id='word_1_576' title='bbox 2111 4233 2165 4274; x_wconf 89' lang='lat' dir='ltr'><strong>et</strong></span> <span class='ocrx_word' id='word_1_577' title='bbox 2198 4220 2352 4282; x_wconf 87' lang='lat' dir='ltr'><strong>dicit,</strong></span> <span class='ocrx_word' id='word_1_578' title='bbox 2419 4229 2474 4274; x_wconf 91' lang='lat' dir='ltr'><strong>et</strong></span> <span class='ocrx_word' id='word_1_579' title='bbox 2515 4221 2665 4283; x_wconf 88' lang='lat' dir='ltr'><strong>facit,</strong></span> <span class='ocrx_word' id='word_1_580' title='bbox 2737 4228 2797 4274; x_wconf 89' lang='lat' dir='ltr'><strong>ut</strong></span> <span class='ocrx_word' id='word_1_581' title='bbox 2852 4221 3004 4291; x_wconf 90' lang='lat' dir='ltr'><strong>prius</strong></span> <span class='ocrx_word' id='word_1_582' title='bbox 3059 4220 3385 4274; x_wconf 72' lang='lat' dir='ltr'><strong>miraculum</strong></span> <span class='ocrx_word' id='word_1_583' title='bbox 3439 4236 3504 4275; x_wconf 81' lang='lat' dir='ltr'><strong>ex</strong></span> 
     </span>
    </p>
   </div>
   <div class='ocr_carea' id='block_1_84' title="bbox 1906 4312 3099 4381">
    <p class='ocr_par' dir='ltr' id='par_1_84' title="bbox 1906 4312 3099 4381">
     <span class='ocr_line' id='line_1_84' title="bbox 1906 4312 3099 4381; baseline 0.003 -15"><span class='ocrx_word' id='word_1_584' title='bbox 1906 4313 2056 4367; x_wconf 91' lang='lat' dir='ltr'><strong>omni</strong></span> <span class='ocrx_word' id='word_1_585' title='bbox 2087 4323 2238 4381; x_wconf 70' lang='lat' dir='ltr'><strong>parm</strong></span> <span class='ocrx_word' id='word_1_586' title='bbox 2277 4313 2358 4366; x_wconf 89' lang='lat' dir='ltr'><strong>eis</strong></span> <span class='ocrx_word' id='word_1_587' title='bbox 2388 4313 2456 4366; x_wconf 83' lang='lat' dir='ltr'><strong>ad</strong></span> <span class='ocrx_word' id='word_1_588' title='bbox 2497 4312 2818 4366; x_wconf 85' lang='lat' dir='ltr'><strong>memoriam</strong></span> <span class='ocrx_word' id='word_1_589' title='bbox 2844 4315 3099 4369; x_wconf 78' lang='lat' dir='ltr'><strong>reducat.</strong></span> 
     </span>
    </p>
   </div>
   <div class='ocr_carea' id='block_1_85' title="bbox 1987 4401 3504 4470">
    <p class='ocr_par' dir='ltr' id='par_1_85' title="bbox 1987 4401 3504 4470">
     <span class='ocr_line' id='line_1_85' title="bbox 1987 4401 3504 4470; baseline 0.001 -13"><span class='ocrx_word' id='word_1_590' title='bbox 1987 4402 2144 4458; x_wconf 85' lang='lat' dir='ltr'><strong>Vers.</strong></span> <span class='ocrx_word' id='word_1_591' title='bbox 2181 4403 2275 4457; x_wconf 78' lang='lat'><strong>57.</strong></span> <span class='ocrx_word' id='word_1_592' title='bbox 2331 4403 2395 4456; x_wconf 88' lang='lat' dir='ltr'><strong>Et</strong></span> <span class='ocrx_word' id='word_1_593' title='bbox 2435 4435 2506 4446; x_wconf 93' lang='lat'><strong><em>—</em></strong></span> <span class='ocrx_word' id='word_1_594' title='bbox 2545 4401 2608 4456; x_wconf 77' lang='grc' dir='ltr'><strong>ν.</strong></span> <span class='ocrx_word' id='word_1_595' title='bbox 2665 4403 2758 4458; x_wconf 79' lang='lat'><strong>58.</strong></span> <span class='ocrx_word' id='word_1_596' title='bbox 2800 4403 3027 4458; x_wconf 74' lang='lat' dir='ltr'><strong>Pueros.</strong></span> <span class='ocrx_word' id='word_1_597' title='bbox 3081 4403 3368 4470; x_wconf 87' lang='lat' dir='ltr'><strong>Quomodo</strong></span> <span class='ocrx_word' id='word_1_598' title='bbox 3431 4405 3504 4460; x_wconf 87' lang='lat' dir='ltr'><strong>ibi</strong></span> 
     </span>
    </p>
   </div>
   <div class='ocr_carea' id='block_1_86' title="bbox 208 4480 1823 4567">
    <p class='ocr_par' dir='ltr' id='par_1_86' title="bbox 208 4489 1800 4560">
     <span class='ocr_line' id='line_1_86' title="bbox 208 4489 1800 4560; baseline 0.003 -19"><span class='ocrx_word' id='word_1_599' title='bbox 208 4489 639 4558; x_wconf 69' lang='grc' dir='ltr'><strong>ἐπερίσσευσαν,</strong></span> <span class='ocrx_word' id='word_1_600' title='bbox 659 4491 895 4544; x_wconf 72' lang='grc' dir='ltr'>ἐνταῦθα</span> <span class='ocrx_word' id='word_1_601' title='bbox 913 4492 968 4544; x_wconf 85' lang='grc' dir='ltr'><strong>δὲ</strong></span> <span class='ocrx_word' id='word_1_602' title='bbox 992 4493 1247 4560; x_wconf 84' lang='grc' dir='ltr'><strong>σπυρίδες</strong></span> <span class='ocrx_word' id='word_1_603' title='bbox 1271 4493 1410 4546; x_wconf 78' lang='grc' dir='ltr'><strong>ἑπτὰ</strong></span> <span class='ocrx_word' id='word_1_604' title='bbox 1434 4494 1552 4546; x_wconf 82' lang='grc' dir='ltr'><strong>δέον</strong></span> <span class='ocrx_word' id='word_1_605' title='bbox 1567 4493 1800 4545; x_wconf 74' lang='grc' dir='ltr'>ἐνταῦθα</span> 
     </span>
    </p>
   </div>
   <div class='ocr_carea' id='block_1_87' title="bbox 1920 4480 3504 4567">
    <p class='ocr_par' dir='ltr' id='par_1_87' title="bbox 1920 4495 3504 4567">
     <span class='ocr_line' id='line_1_87' title="bbox 1920 4495 3504 4567; baseline 0.001 -18"><span class='ocrx_word' id='word_1_606' title='bbox 1920 4495 2203 4550; x_wconf 86' lang='lat' dir='ltr'><strong>duodecim</strong></span> <span class='ocrx_word' id='word_1_607' title='bbox 2245 4495 2468 4566; x_wconf 90' lang='lat' dir='ltr'><strong>cophini</strong></span> <span class='ocrx_word' id='word_1_608' title='bbox 2510 4496 2921 4565; x_wconf 82' lang='lat' dir='ltr'><strong>superfuerant.</strong></span> <span class='ocrx_word' id='word_1_609' title='bbox 2950 4498 3038 4550; x_wconf 86' lang='lat' dir='ltr'><strong>hic</strong></span> <span class='ocrx_word' id='word_1_610' title='bbox 3067 4507 3252 4551; x_wconf 88' lang='lat' dir='ltr'><strong>autem</strong></span> <span class='ocrx_word' id='word_1_611' title='bbox 3303 4509 3504 4567; x_wconf 65' lang='lat' dir='ltr'><strong>sporta:</strong></span> 
     </span>
    </p>
   </div>
   <div class='ocr_carea' id='block_1_88' title="bbox 211 4579 1798 4652">
    <p class='ocr_par' dir='ltr' id='par_1_88' title="bbox 211 4579 1798 4652">
     <span class='ocr_line' id='line_1_88' title="bbox 211 4579 1798 4652; baseline 0.003 -20"><span class='ocrx_word' id='word_1_612' title='bbox 211 4579 452 4649; x_wconf 73' lang='grc' dir='ltr'><strong>μάλιστα</strong></span> <span class='ocrx_word' id='word_1_613' title='bbox 481 4582 664 4634; x_wconf 73' lang='grc' dir='ltr'><strong>πλεῖον</strong></span> <span class='ocrx_word' id='word_1_614' title='bbox 699 4581 1081 4650; x_wconf 82' lang='grc' dir='ltr'><strong>περισσεῦσαι,</strong></span> <span class='ocrx_word' id='word_1_615' title='bbox 1124 4583 1254 4636; x_wconf 79' lang='grc' dir='ltr'>ἔνθα</span> <span class='ocrx_word' id='word_1_616' title='bbox 1301 4586 1394 4636; x_wconf 77' lang='grc' dir='ltr'><strong>καὶ</strong></span> <span class='ocrx_word' id='word_1_617' title='bbox 1423 4584 1798 4652; x_wconf 68' lang='grc' dir='ltr'><strong>πλείονεςῌό)</strong></span> 
     </span>
    </p>
   </div>
   <div class='ocr_carea' id='block_1_89' title="bbox 207 4671 1799 4746">
    <p class='ocr_par' dir='ltr' id='par_1_89' title="bbox 207 4671 1799 4746">
     <span class='ocr_line' id='line_1_89' title="bbox 207 4671 1799 4746; baseline 0.003 -22"><span class='ocrx_word' id='word_1_618' title='bbox 207 4675 256 4724; x_wconf 90' lang='grc' dir='ltr'><strong>οἱ</strong></span> <span class='ocrx_word' id='word_1_619' title='bbox 302 4671 457 4742; x_wconf 72' lang='grc' dir='ltr'><strong>ἄρτοι</strong></span> <span class='ocrx_word' id='word_1_620' title='bbox 495 4675 592 4726; x_wconf 73' lang='grc' dir='ltr'><strong>καὶ</strong></span> <span class='ocrx_word' id='word_1_621' title='bbox 650 4673 938 4739; x_wconf 82' lang='grc' dir='ltr'><strong>ἐλάττονες</strong></span> <span class='ocrx_word' id='word_1_622' title='bbox 975 4677 1024 4728; x_wconf 89' lang='grc' dir='ltr'><strong>οί</strong></span> <span class='ocrx_word' id='word_1_623' title='bbox 1072 4675 1347 4739; x_wconf 76' lang='grc' dir='ltr'>ἐσθίοντες</span> <span class='ocrx_word' id='word_1_624' title='bbox 1376 4694 1390 4743; x_wconf 89' lang='grc'><strong>;</strong></span> <span class='ocrx_word' id='word_1_625' title='bbox 1423 4679 1594 4746; x_wconf 75' lang='grc' dir='ltr'>Φησὶν</span> <span class='ocrx_word' id='word_1_626' title='bbox 1626 4678 1735 4744; x_wconf 74' lang='grc' dir='ltr'><strong>(Η)</strong></span> <span class='ocrx_word' id='word_1_627' title='bbox 1771 4680 1799 4728; x_wconf 86' lang='grc' dir='ltr'>ὁ</span> 
     </span>
    </p>
   </div>
   <div class='ocr_carea' id='block_1_90' title="bbox 209 4765 1800 4839">
    <p class='ocr_par' dir='ltr' id='par_1_90' title="bbox 209 4765 1800 4839">
     <span class='ocr_line' id='line_1_90' title="bbox 209 4765 1800 4839; baseline 0.004 -23"><span class='ocrx_word' id='word_1_628' title='bbox 209 4765 622 4836; x_wconf 74' lang='grc' dir='ltr'>Χρυσύστομος,</span> <span class='ocrx_word' id='word_1_629' title='bbox 648 4767 728 4819; x_wconf 76' lang='grc' dir='ltr'><strong>ὅτι</strong></span> <span class='ocrx_word' id='word_1_630' title='bbox 755 4767 810 4820; x_wconf 87' lang='grc' dir='ltr'><strong>αί</strong></span> <span class='ocrx_word' id='word_1_631' title='bbox 841 4768 1095 4836; x_wconf 83' lang='grc' dir='ltr'><strong>σπυρίδες</strong></span> <span class='ocrx_word' id='word_1_632' title='bbox 1115 4771 1242 4830; x_wconf 81' lang='grc' dir='ltr'><strong>ἴσως</strong></span> <span class='ocrx_word' id='word_1_633' title='bbox 1263 4770 1482 4838; x_wconf 79' lang='grc' dir='ltr'><strong>μείζους</strong></span> <span class='ocrx_word' id='word_1_634' title='bbox 1508 4771 1616 4822; x_wconf 81' lang='grc' dir='ltr'><strong>τῶν</strong></span> <span class='ocrx_word' id='word_1_635' title='bbox 1639 4771 1800 4839; x_wconf 78' lang='grc' dir='ltr'><strong>κοφί-</strong></span> 
     </span>
    </p>
   </div>
   <div class='ocr_carea' id='block_1_91' title="bbox 209 4852 1796 4930">
    <p class='ocr_par' dir='ltr' id='par_1_91' title="bbox 209 4852 1796 4930">
     <span class='ocr_line' id='line_1_91' title="bbox 209 4852 1796 4930; baseline 0.006 -23"><span class='ocrx_word' id='word_1_636' title='bbox 209 4875 317 4908; x_wconf 86' lang='grc' dir='ltr'>νων</span> <span class='ocrx_word' id='word_1_637' title='bbox 347 4852 556 4926; x_wconf 80' lang='grc' dir='ltr'><strong>ἦσαν,ῆ</strong></span> <span class='ocrx_word' id='word_1_638' title='bbox 593 4861 686 4910; x_wconf 78' lang='grc' dir='ltr'><strong>καὶ</strong></span> <span class='ocrx_word' id='word_1_639' title='bbox 735 4857 932 4927; x_wconf 69' lang='grc' dir='ltr'><strong>ἑτέρως</strong></span> <span class='ocrx_word' id='word_1_640' title='bbox 965 4858 1296 4930; x_wconf 71' lang='grc' dir='ltr'>ᾠκονομήθη</span> <span class='ocrx_word' id='word_1_641' title='bbox 1329 4863 1389 4913; x_wconf 78' lang='grc' dir='ltr'><strong>τὸ</strong></span> <span class='ocrx_word' id='word_1_642' title='bbox 1411 4861 1680 4925; x_wconf 79' lang='grc' dir='ltr'><strong>τοιοῦτον,</strong></span> <span class='ocrx_word' id='word_1_643' title='bbox 1708 4863 1796 4916; x_wconf 81' lang='grc' dir='ltr'><strong>ἵνα</strong></span> 
     </span>
    </p>
   </div>
   <div class='ocr_carea' id='block_1_92' title="bbox 322 5007 776 5071">
    <p class='ocr_par' dir='ltr' id='par_1_92' title="bbox 322 5007 776 5071">
     <span class='ocr_line' id='line_1_92' title="bbox 322 5007 776 5071; baseline -0.009 -9"><span class='ocrx_word' id='word_1_644' title='bbox 322 5008 363 5039; x_wconf 72' lang='grc'><strong>⁷³</strong></span> <span class='ocrx_word' id='word_1_645' title='bbox 388 5007 554 5064; x_wconf 75' lang='lat' dir='ltr'><strong>Marc.</strong></span> <span class='ocrx_word' id='word_1_646' title='bbox 579 5021 653 5071; x_wconf 74' lang='lat' dir='ltr'><strong>vr,</strong></span> <span class='ocrx_word' id='word_1_647' title='bbox 686 5008 776 5060; x_wconf 71' lang='grc'><strong>53.</strong></span> 
     </span>
    </p>
   </div>
   <div class='ocr_carea' id='block_1_93' title="bbox 1915 4587 3503 4657">
    <p class='ocr_par' dir='ltr' id='par_1_93' title="bbox 1915 4587 3503 4657">
     <span class='ocr_line' id='line_1_93' title="bbox 1915 4587 3503 4657; baseline 0.001 -17"><span class='ocrx_word' id='word_1_648' title='bbox 1915 4597 2152 4657; x_wconf 82' lang='lat' dir='ltr'><strong>septem,</strong></span> <span class='ocrx_word' id='word_1_649' title='bbox 2189 4603 2314 4641; x_wconf 84' lang='lat' dir='ltr'><strong>cum</strong></span> <span class='ocrx_word' id='word_1_650' title='bbox 2343 4596 2623 4656; x_wconf 90' lang='lat' dir='ltr'><strong>oporteret</strong></span> <span class='ocrx_word' id='word_1_651' title='bbox 2652 4587 2742 4640; x_wconf 85' lang='lat' dir='ltr'><strong>hic</strong></span> <span class='ocrx_word' id='word_1_652' title='bbox 2783 4589 2959 4657; x_wconf 75' lang='lat' dir='ltr'><strong>magis</strong></span> <span class='ocrx_word' id='word_1_653' title='bbox 2986 4602 3279 4657; x_wconf 79' lang='lat' dir='ltr'><strong>superesse</strong></span> <span class='ocrx_word' id='word_1_654' title='bbox 3311 4589 3334 4642; x_wconf 71' lang='grc' dir='ltr'><strong>’ἒ</strong></span> <span class='ocrx_word' id='word_1_655' title='bbox 3379 4589 3503 4643; x_wconf 87' lang='lat' dir='ltr'><strong>Plu-</strong></span> 
     </span>
    </p>
   </div>
   <div class='ocr_carea' id='block_1_94' title="bbox 1913 4679 3502 4750">
    <p class='ocr_par' dir='ltr' id='par_1_94' title="bbox 1913 4679 3502 4750">
     <span class='ocr_line' id='line_1_94' title="bbox 1913 4679 3502 4750; baseline 0.001 -17"><span class='ocrx_word' id='word_1_656' title='bbox 1913 4696 2000 4733; x_wconf 90' lang='lat' dir='ltr'><strong>res</strong></span> <span class='ocrx_word' id='word_1_657' title='bbox 2028 4680 2177 4732; x_wconf 91' lang='lat' dir='ltr'><strong>enim</strong></span> <span class='ocrx_word' id='word_1_658' title='bbox 2204 4689 2365 4734; x_wconf 88' lang='lat' dir='ltr'><strong>erant</strong></span> <span class='ocrx_word' id='word_1_659' title='bbox 2399 4679 2487 4734; x_wconf 90' lang='lat' dir='ltr'><strong>hic</strong></span> <span class='ocrx_word' id='word_1_660' title='bbox 2511 4694 2702 4750; x_wconf 88' lang='lat' dir='ltr'><strong>panes,</strong></span> <span class='ocrx_word' id='word_1_661' title='bbox 2738 4689 2794 4733; x_wconf 89' lang='lat' dir='ltr'><strong>et</strong></span> <span class='ocrx_word' id='word_1_662' title='bbox 2823 4679 3114 4748; x_wconf 83' lang='lat' dir='ltr'><strong>pauciores</strong></span> <span class='ocrx_word' id='word_1_663' title='bbox 3142 4681 3236 4750; x_wconf 87' lang='lat' dir='ltr'><strong>qui</strong></span> <span class='ocrx_word' id='word_1_664' title='bbox 3271 4683 3502 4734; x_wconf 88' lang='lat' dir='ltr'><strong>mandu-</strong></span> 
     </span>
    </p>
   </div>
   <div class='ocr_carea' id='block_1_95' title="bbox 1910 4772 3503 4842">
    <p class='ocr_par' dir='ltr' id='par_1_95' title="bbox 1910 4772 3503 4842">
     <span class='ocr_line' id='line_1_95' title="bbox 1910 4772 3503 4842; baseline 0.002 -20"><span class='ocrx_word' id='word_1_665' title='bbox 1910 4782 2192 4826; x_wconf 71' lang='lat' dir='ltr'><strong>t-avcrant.</strong></span> <span class='ocrx_word' id='word_1_666' title='bbox 2258 4772 2399 4826; x_wconf 90' lang='lat' dir='ltr'><strong>Dicit</strong></span> <span class='ocrx_word' id='word_1_667' title='bbox 2467 4773 2895 4842; x_wconf 79' lang='lat' dir='ltr'><strong>Clirysostomus</strong></span> <span class='ocrx_word' id='word_1_668' title='bbox 2966 4784 3183 4842; x_wconf 90' lang='lat' dir='ltr'><strong>sportas</strong></span> <span class='ocrx_word' id='word_1_669' title='bbox 3247 4773 3503 4842; x_wconf 81' lang='lat' dir='ltr'><strong>copliinis</strong></span> 
     </span>
    </p>
   </div>
   <div class='ocr_carea' id='block_1_96' title="bbox 1909 4865 3499 4940">
    <p class='ocr_par' dir='ltr' id='par_1_96' title="bbox 1909 4865 3499 4940">
     <span class='ocr_line' id='line_1_96' title="bbox 1909 4865 3499 4940; baseline 0.002 -22"><span class='ocrx_word' id='word_1_670' title='bbox 1909 4867 2077 4919; x_wconf 86' lang='lat' dir='ltr'><strong>fuisse</strong></span> <span class='ocrx_word' id='word_1_671' title='bbox 2137 4866 2371 4920; x_wconf 80' lang='lat' dir='ltr'><strong>fortasse</strong></span> <span class='ocrx_word' id='word_1_672' title='bbox 2419 4867 2676 4935; x_wconf 82' lang='lat' dir='ltr'><strong>majores.</strong></span> <span class='ocrx_word' id='word_1_673' title='bbox 2731 4865 2826 4920; x_wconf 84' lang='lat' dir='ltr'><strong>Vel</strong></span> <span class='ocrx_word' id='word_1_674' title='bbox 2890 4866 2998 4919; x_wconf 90' lang='lat' dir='ltr'><strong>alio</strong></span> <span class='ocrx_word' id='word_1_675' title='bbox 3067 4882 3286 4940; x_wconf 83' lang='lat' dir='ltr'><strong>quoque</strong></span> <span class='ocrx_word' id='word_1_676' title='bbox 3315 4869 3499 4921; x_wconf 91' lang='lat' dir='ltr'><strong>modo.</strong></span> 
     </span>
    </p>
   </div>
   <div class='ocr_carea' id='block_1_97' title="bbox 1410 5101 2292 5169">
    <p class='ocr_par' dir='ltr' id='par_1_97' title="bbox 1410 5101 2292 5169">
     <span class='ocr_line' id='line_1_97' title="bbox 1410 5101 2292 5169; baseline 0.009 -8"><span class='ocrx_word' id='word_1_677' title='bbox 1410 5101 1610 5162; x_wconf 75' lang='lat' dir='ltr'><strong>Vat-im</strong></span> <span class='ocrx_word' id='word_1_678' title='bbox 1653 5104 1960 5168; x_wconf 84' lang='lat' dir='ltr'><strong>lectiones</strong></span> <span class='ocrx_word' id='word_1_679' title='bbox 2003 5113 2064 5168; x_wconf 88' lang='lat' dir='ltr'><strong>et</strong></span> <span class='ocrx_word' id='word_1_680' title='bbox 2100 5114 2292 5169; x_wconf 83' lang='lat' dir='ltr'><strong>notae.</strong></span> 
     </span>
    </p>
   </div>
   <div class='ocr_carea' id='block_1_98' title="bbox 280 5255 1391 5324">
    <p class='ocr_par' dir='ltr' id='par_1_98' title="bbox 280 5255 1391 5324">
     <span class='ocr_line' id='line_1_98' title="bbox 280 5255 1391 5324; baseline -0.002 -15"><span class='ocrx_word' id='word_1_681' title='bbox 280 5258 360 5323; x_wconf 83' lang='lat'><strong>(3)</strong></span> <span class='ocrx_word' id='word_1_682' title='bbox 393 5256 603 5310; x_wconf 82' lang='lat' dir='ltr'><strong>Inclusa</strong></span> <span class='ocrx_word' id='word_1_683' title='bbox 629 5255 682 5308; x_wconf 91' lang='lat' dir='ltr'><strong>in</strong></span> <span class='ocrx_word' id='word_1_684' title='bbox 715 5255 954 5324; x_wconf 85' lang='lat' dir='ltr'><strong>margine</strong></span> <span class='ocrx_word' id='word_1_685' title='bbox 985 5257 1143 5309; x_wconf 84' lang='lat' dir='ltr'><strong>habet</strong></span> <span class='ocrx_word' id='word_1_686' title='bbox 1171 5257 1290 5308; x_wconf 76' lang='lat' dir='ltr'><strong>Cod.</strong></span> <span class='ocrx_word' id='word_1_687' title='bbox 1334 5257 1391 5308; x_wconf 77' lang='grc' dir='ltr'>Β.</span> 
     </span>
    </p>
   </div>
   <div class='ocr_carea' id='block_1_99' title="bbox 285 5327 1795 5398">
    <p class='ocr_par' dir='ltr' id='par_1_99' title="bbox 285 5327 1795 5398">
     <span class='ocr_line' id='line_1_99' title="bbox 285 5327 1795 5398; baseline 0.003 -23"><span class='ocrx_word' id='word_1_688' title='bbox 285 5331 360 5395; x_wconf 69' lang='grc' dir='ltr'><strong>(ξι)</strong></span> <span class='ocrx_word' id='word_1_689' title='bbox 398 5327 704 5380; x_wconf 88' lang='lat' dir='ltr'><strong>llentenius</strong></span> <span class='ocrx_word' id='word_1_690' title='bbox 748 5331 966 5380; x_wconf 90' lang='lat' dir='ltr'><strong>videtur</strong></span> <span class='ocrx_word' id='word_1_691' title='bbox 997 5327 1192 5395; x_wconf 76' lang='lat' dir='ltr'><strong>legisse</strong></span> <span class='ocrx_word' id='word_1_692' title='bbox 1231 5328 1466 5398; x_wconf 81' lang='grc' dir='ltr'><strong>ἡμέρας.</strong></span> <span class='ocrx_word' id='word_1_693' title='bbox 1520 5327 1680 5382; x_wconf 72' lang='lat' dir='ltr'><strong>Forte</strong></span> <span class='ocrx_word' id='word_1_694' title='bbox 1706 5329 1795 5380; x_wconf 78' lang='grc' dir='ltr'><strong>νό-</strong></span> 
     </span>
    </p>
   </div>
   <div class='ocr_carea' id='block_1_100' title="bbox 211 5399 690 5465">
    <p class='ocr_par' dir='ltr' id='par_1_100' title="bbox 211 5399 690 5465">
     <span class='ocr_line' id='line_1_100' title="bbox 211 5399 690 5465; baseline 0.006 -20"><span class='ocrx_word' id='word_1_695' title='bbox 211 5413 346 5465; x_wconf 73' lang='grc' dir='ltr'>μους</span> <span class='ocrx_word' id='word_1_696' title='bbox 379 5399 690 5464; x_wconf 84' lang='lat' dir='ltr'><strong>legendum.</strong></span> 
     </span>
    </p>
   </div>
   <div class='ocr_carea' id='block_1_101' title="bbox 283 5467 1786 5539">
    <p class='ocr_par' dir='ltr' id='par_1_101' title="bbox 283 5467 1786 5539">
     <span class='ocr_line' id='line_1_101' title="bbox 283 5467 1786 5539; baseline 0.003 -22"><span class='ocrx_word' id='word_1_697' title='bbox 283 5467 393 5539; x_wconf 68' lang='lat' dir='ltr'><strong>(ill)</strong></span> <span class='ocrx_word' id='word_1_698' title='bbox 424 5470 536 5520; x_wconf 83' lang='lat' dir='ltr'><strong>Hoc</strong></span> <span class='ocrx_word' id='word_1_699' title='bbox 555 5467 1222 5539; x_wconf 73' lang='lat' dir='ltr'><strong>confirmatcuitjecturam</strong></span> <span class='ocrx_word' id='word_1_700' title='bbox 1248 5471 1409 5522; x_wconf 90' lang='lat' dir='ltr'><strong>modo</strong></span> <span class='ocrx_word' id='word_1_701' title='bbox 1429 5471 1786 5539; x_wconf 83' lang='lat' dir='ltr'><strong>propositam.</strong></span> 
     </span>
    </p>
   </div>
   <div class='ocr_carea' id='block_1_102' title="bbox 281 5536 1792 5610">
    <p class='ocr_par' dir='ltr' id='par_1_102' title="bbox 281 5536 1792 5610">
     <span class='ocr_line' id='line_1_102' title="bbox 281 5536 1792 5610; baseline 0.004 -23"><span class='ocrx_word' id='word_1_702' title='bbox 281 5536 396 5605; x_wconf 83' lang='lat' dir='ltr'><strong>(ll;</strong></span> <span class='ocrx_word' id='word_1_703' title='bbox 425 5539 580 5606; x_wconf 84' lang='lat' dir='ltr'><strong>Apud</strong></span> <span class='ocrx_word' id='word_1_704' title='bbox 621 5539 749 5593; x_wconf 88' lang='lat' dir='ltr'><strong>Luc.</strong></span> <span class='ocrx_word' id='word_1_705' title='bbox 789 5557 861 5603; x_wconf 75' lang='lat' dir='ltr'><strong>Ix,</strong></span> <span class='ocrx_word' id='word_1_706' title='bbox 901 5542 984 5602; x_wconf 79' lang='lat' dir='ltr'><strong>l3,</strong></span> <span class='ocrx_word' id='word_1_707' title='bbox 1023 5538 1156 5594; x_wconf 88' lang='lat' dir='ltr'><strong>nihil</strong></span> <span class='ocrx_word' id='word_1_708' title='bbox 1185 5541 1290 5592; x_wconf 78' lang='lat' dir='ltr'><strong>tale</strong></span> <span class='ocrx_word' id='word_1_709' title='bbox 1322 5536 1612 5610; x_wconf 79' lang='lat' dir='ltr'><strong>reperitur.</strong></span> <span class='ocrx_word' id='word_1_710' title='bbox 1645 5539 1792 5596; x_wconf 83' lang='lat' dir='ltr'><strong>Scri-</strong></span> 
     </span>
    </p>
   </div>
   <div class='ocr_carea' id='block_1_103' title="bbox 284 5700 1786 5768">
    <p class='ocr_par' dir='ltr' id='par_1_103' title="bbox 284 5700 1786 5768">
     <span class='ocr_line' id='line_1_103' title="bbox 284 5700 1786 5768; baseline 0.007 -17"><span class='ocrx_word' id='word_1_711' title='bbox 284 5700 357 5768; x_wconf 79' lang='lat' dir='ltr'><strong>(v)</strong></span> <span class='ocrx_word' id='word_1_712' title='bbox 397 5703 745 5757; x_wconf 75' lang='lat' dir='ltr'><strong>lrascibilem.</strong></span> <span class='ocrx_word' id='word_1_713' title='bbox 786 5703 920 5758; x_wconf 87' lang='lat' dir='ltr'><strong>Tres</strong></span> <span class='ocrx_word' id='word_1_714' title='bbox 949 5706 1114 5760; x_wconf 88' lang='lat' dir='ltr'><strong>animi</strong></span> <span class='ocrx_word' id='word_1_715' title='bbox 1147 5706 1433 5762; x_wconf 78' lang='lat' dir='ltr'><strong>facultates</strong></span> <span class='ocrx_word' id='word_1_716' title='bbox 1466 5719 1619 5764; x_wconf 86' lang='lat' dir='ltr'><strong>notat</strong></span> <span class='ocrx_word' id='word_1_717' title='bbox 1654 5713 1706 5764; x_wconf 80' lang='lat' dir='ltr'><strong>li.</strong></span> <span class='ocrx_word' id='word_1_718' title='bbox 1746 5711 1786 5762; x_wconf 92' lang='lat' dir='ltr'><strong>l.</strong></span> 
     </span>
    </p>
   </div>
   <div class='ocr_carea' id='block_1_104' title="bbox 219 5772 1793 5848">
    <p class='ocr_par' dir='ltr' id='par_1_104' title="bbox 219 5772 1793 5848">
     <span class='ocr_line' id='line_1_104' title="bbox 219 5772 1793 5848; baseline 0.008 -28"><span class='ocrx_word' id='word_1_719' title='bbox 219 5772 270 5848; x_wconf 60' lang='grc' dir='ltr'>τὸ</span> <span class='ocrx_word' id='word_1_720' title='bbox 331 5775 564 5848; x_wconf 52' lang='grc' dir='ltr'><strong>λογικὸν,</strong></span> <span class='ocrx_word' id='word_1_721' title='bbox 617 5777 676 5826; x_wconf 78' lang='grc' dir='ltr'><strong>τὸ</strong></span> <span class='ocrx_word' id='word_1_722' title='bbox 718 5777 1137 5845; x_wconf 75' lang='grc' dir='ltr'>ἐπιθυμητικὸν,</span> <span class='ocrx_word' id='word_1_723' title='bbox 1179 5779 1237 5828; x_wconf 82' lang='grc' dir='ltr'>τὸ</span> <span class='ocrx_word' id='word_1_724' title='bbox 1278 5781 1528 5848; x_wconf 76' lang='grc' dir='ltr'>θυμικόν.</span> <span class='ocrx_word' id='word_1_725' title='bbox 1578 5783 1683 5835; x_wconf 75' lang='lat' dir='ltr'><strong>Sed</strong></span> <span class='ocrx_word' id='word_1_726' title='bbox 1732 5782 1793 5832; x_wconf 75' lang='grc' dir='ltr'><strong>τὸ</strong></span> 
     </span>
    </p>
   </div>
   <div class='ocr_carea' id='block_1_105' title="bbox 213 5842 1794 5916">
    <p class='ocr_par' dir='ltr' id='par_1_105' title="bbox 213 5842 1794 5916">
     <span class='ocr_line' id='line_1_105' title="bbox 213 5842 1794 5916; baseline 0.008 -25"><span class='ocrx_word' id='word_1_727' title='bbox 213 5842 442 5911; x_wconf 66' lang='grc' dir='ltr'>θυμικὸν</span> <span class='ocrx_word' id='word_1_728' title='bbox 474 5846 634 5899; x_wconf 78' lang='lat' dir='ltr'><strong>latius</strong></span> <span class='ocrx_word' id='word_1_729' title='bbox 671 5858 838 5914; x_wconf 80' lang='lat' dir='ltr'><strong>patet,</strong></span> <span class='ocrx_word' id='word_1_730' title='bbox 881 5842 1042 5916; x_wconf 73' lang='lat' dir='ltr'><strong>quam</strong></span> <span class='ocrx_word' id='word_1_731' title='bbox 1078 5861 1135 5900; x_wconf 89' lang='lat' dir='ltr'><strong>ut</strong></span> <span class='ocrx_word' id='word_1_732' title='bbox 1170 5866 1276 5902; x_wconf 89' lang='lat' dir='ltr'><strong>uno</strong></span> <span class='ocrx_word' id='word_1_733' title='bbox 1305 5842 1568 5907; x_wconf 73' lang='lat' dir='ltr'><strong>vocabulo</strong></span> <span class='ocrx_word' id='word_1_734' title='bbox 1604 5853 1794 5904; x_wconf 72' lang='lat' dir='ltr'><strong>irasci--</strong></span> 
     </span>
    </p>
   </div>
   <div class='ocr_carea' id='block_1_106' title="bbox 539 5945 1251 6010">
    <p class='ocr_par' dir='ltr' id='par_1_106' title="bbox 539 5945 1251 6010">
     <span class='ocr_line' id='line_1_106' title="bbox 539 5945 1251 6010; baseline 0.01 -8"><span class='ocrx_word' id='word_1_735' title='bbox 539 5945 806 6004; x_wconf 71' lang='lat' dir='ltr'><strong>PATROI..</strong></span> <span class='ocrx_word' id='word_1_736' title='bbox 851 5946 966 6004; x_wconf 83' lang='lat' dir='ltr'><strong>Gn.</strong></span> <span class='ocrx_word' id='word_1_737' title='bbox 999 5947 1251 6010; x_wconf 71' lang='lat' dir='ltr'><strong>CXXIX</strong></span> 
     </span>
    </p>
   </div>
   <div class='ocr_carea' id='block_1_107' title="bbox 1907 5260 3067 5333">
    <p class='ocr_par' dir='ltr' id='par_1_107' title="bbox 1907 5260 3067 5333">
     <span class='ocr_line' id='line_1_107' title="bbox 1907 5260 3067 5333; baseline 0.003 -21"><span class='ocrx_word' id='word_1_738' title='bbox 1907 5260 2144 5314; x_wconf 86' lang='lat' dir='ltr'><strong>bendum</strong></span> <span class='ocrx_word' id='word_1_739' title='bbox 2181 5278 2310 5333; x_wconf 86' lang='lat' dir='ltr'><strong>ergo</strong></span> <span class='ocrx_word' id='word_1_740' title='bbox 2346 5279 2470 5317; x_wconf 81' lang='lat' dir='ltr'><strong>eum</strong></span> <span class='ocrx_word' id='word_1_741' title='bbox 2512 5263 2782 5320; x_wconf 85' lang='lat' dir='ltr'><strong>llentenio</strong></span> <span class='ocrx_word' id='word_1_742' title='bbox 2823 5263 3067 5333; x_wconf 78' lang='grc' dir='ltr'><strong>Μάρκο;.</strong></span> 
     </span>
    </p>
   </div>
   <div class='ocr_carea' id='block_1_108' title="bbox 1979 5331 2613 5399">
    <p class='ocr_par' dir='ltr' id='par_1_108' title="bbox 1979 5331 2613 5399">
     <span class='ocr_line' id='line_1_108' title="bbox 1979 5331 2613 5399; baseline 0.013 -16"><span class='ocrx_word' id='word_1_743' title='bbox 1979 5333 2092 5399; x_wconf 66' lang='grc'><strong>(12)</strong></span> <span class='ocrx_word' id='word_1_744' title='bbox 2135 5331 2320 5394; x_wconf 69' lang='grc' dir='ltr'>Οΰπὶο,</span> <span class='ocrx_word' id='word_1_745' title='bbox 2362 5335 2520 5387; x_wconf 81' lang='lat' dir='ltr'><strong>male.</strong></span> <span class='ocrx_word' id='word_1_746' title='bbox 2550 5340 2613 5391; x_wconf 81' lang='grc' dir='ltr'>Α.</span> 
     </span>
    </p>
   </div>
   <div class='ocr_carea' id='block_1_109' title="bbox 1981 5403 2501 5464">
    <p class='ocr_par' dir='ltr' id='par_1_109' title="bbox 1981 5403 2501 5464">
     <span class='ocr_line' id='line_1_109' title="bbox 1981 5403 2501 5464; baseline 0.01 -12"><span class='ocrx_word' id='word_1_747' title='bbox 1981 5403 2092 5464; x_wconf 70' lang='lat' dir='ltr'><strong>HS)</strong></span> <span class='ocrx_word' id='word_1_748' title='bbox 2129 5405 2214 5464; x_wconf 86' lang='grc' dir='ltr'><strong>ΟΞ,</strong></span> <span class='ocrx_word' id='word_1_749' title='bbox 2245 5403 2420 5456; x_wconf 77' lang='lat' dir='ltr'><strong>abest.</strong></span> <span class='ocrx_word' id='word_1_750' title='bbox 2441 5405 2501 5457; x_wconf 77' lang='grc' dir='ltr'>Β.</span> 
     </span>
    </p>
   </div>
   <div class='ocr_carea' id='block_1_110' title="bbox 1971 5472 2864 5546">
    <p class='ocr_par' dir='ltr' id='par_1_110' title="bbox 1971 5472 2864 5546">
     <span class='ocr_line' id='line_1_110' title="bbox 1971 5472 2864 5546; baseline 0.009 -23"><span class='ocrx_word' id='word_1_751' title='bbox 1971 5472 2083 5542; x_wconf 62' lang='grc'><strong>(14)</strong></span> <span class='ocrx_word' id='word_1_752' title='bbox 2116 5473 2275 5527; x_wconf 87' lang='lat' dir='ltr'><strong>Tom.</strong></span> <span class='ocrx_word' id='word_1_753' title='bbox 2315 5472 2429 5538; x_wconf 83' lang='lat' dir='ltr'><strong>Vll,</strong></span> <span class='ocrx_word' id='word_1_754' title='bbox 2464 5491 2586 5546; x_wconf 85' lang='lat' dir='ltr'><strong>pag.</strong></span> <span class='ocrx_word' id='word_1_755' title='bbox 2631 5476 2753 5530; x_wconf 79' lang='lat'><strong>539.</strong></span> <span class='ocrx_word' id='word_1_756' title='bbox 2801 5479 2864 5530; x_wconf 87' lang='grc' dir='ltr'><strong>υ.</strong></span> 
     </span>
    </p>
   </div>
   <div class='ocr_carea' id='block_1_111' title="bbox 1900 5711 3487 5839">
    <p class='ocr_par' dir='ltr' id='par_1_111' title="bbox 1900 5711 3487 5839">
     <span class='ocr_line' id='line_1_111' title="bbox 1900 5711 3487 5839; baseline -0.001 -74"><span class='ocrx_word' id='word_1_757' title='bbox 1900 5711 2207 5839; x_wconf 48' lang='grc' dir='ltr'><strong>ιιίισῶριὶιιί</strong></span> <span class='ocrx_word' id='word_1_758' title='bbox 2270 5713 2464 5780; x_wconf 81' lang='lat' dir='ltr'><strong>possit.</strong></span> <span class='ocrx_word' id='word_1_759' title='bbox 2521 5712 2650 5766; x_wconf 79' lang='lat' dir='ltr'><strong>\‘ide</strong></span> <span class='ocrx_word' id='word_1_760' title='bbox 2707 5713 2912 5767; x_wconf 79' lang='lat' dir='ltr'><strong>scholia</strong></span> <span class='ocrx_word' id='word_1_761' title='bbox 2964 5715 3029 5767; x_wconf 86' lang='lat' dir='ltr'><strong>ad</strong></span> <span class='ocrx_word' id='word_1_762' title='bbox 3090 5713 3281 5782; x_wconf 74' lang='lat' dir='ltr'><strong>Synes.</strong></span> <span class='ocrx_word' id='word_1_763' title='bbox 3349 5726 3381 5765; x_wconf 89' lang='lat' dir='ltr'><strong>t.</strong></span> <span class='ocrx_word' id='word_1_764' title='bbox 3450 5715 3487 5775; x_wconf 87' lang='grc' dir='ltr'><strong>Ι,</strong></span> 
     </span>
     <span class='ocr_line' id='line_1_112' title="bbox 1905 5791 2106 5839; baseline -0.015 0"><span class='ocrx_word' id='word_1_765' title='bbox 1905 5804 1958 5839; x_wconf 74' lang='grc' dir='ltr'><strong>ιν.</strong></span> <span class='ocrx_word' id='word_1_766' title='bbox 2023 5791 2106 5836; x_wconf 83' lang='lat'><strong>.‘..</strong></span> 
     </span>
    </p>
   </div>
   <div class='ocr_carea' id='block_1_112' title="bbox 1905 5791 2106 5853">
    <p class='ocr_par' dir='ltr' id='par_1_112' title="bbox 1905 5791 2106 5853">
     <span class='ocr_line' id='line_1_113' title="bbox 1905 5791 2106 5853; baseline 0.02 -21"><span class='ocrx_word' id='word_1_767' title='bbox 1905 5804 1958 5853; x_wconf 73' lang='grc' dir='ltr'><strong>ιν,</strong></span> <span class='ocrx_word' id='word_1_768' title='bbox 2020 5791 2106 5839; x_wconf 60' lang='lat'><strong>.99.</strong></span> 
     </span>
    </p>
   </div>
   <div class='ocr_carea' id='block_1_113' title="bbox 3103 5956 3172 6010">
    <p class='ocr_par' dir='ltr' id='par_1_113' title="bbox 3103 5956 3172 6010">
     <span class='ocr_line' id='line_1_114' title="bbox 3103 5956 3172 6010; baseline 0 0"><span class='ocrx_word' id='word_1_769' title='bbox 3103 5956 3172 6010; x_wconf 76' lang='lat' dir='ltr'><strong>ib</strong></span> 
     </span>
    </p>
   </div>
  </div>
