4020 6532
247 429 356 490 465

1116 442 1504 504 (ΣΟΜΜΕΝΤ.
1545 444 1626 505 1N
1670 447 2143 509 MA'l'TlI/EUM.
2188 476 2257 487 -ο
2285 453 2424 511 C.\P
2491 399 2644 514 XVI.

3405 455 3519 521 466

240 544 396 601 εἶναι
426 567 446 612 ;
488 551 546 603 '0
579 550 634 605 δὲ
670 554 898 623 Μάρκος
934 553 1106 618 εἶπεν,
1141 560 1221 610 ὅτι
1273 564 1331 612 ὲν
1365 563 1428 630 τῇ
1463 561 1568 625 ὀδῷ
1615 562 1825 630 ἐπηρώι

1935 570 2146 631 gaverit
2175 586 2293 624 eos.
2335 571 2426 626 Est
2456 573 2604 627 enim
2658 575 2955 632 verisimile
2988 578 3132 646 quod
3160 593 3286 630 cum
3337 577 3519 631 venis-

235 655 404 707 τησεν
442 644 662 707 αὑτούς.
702 646 861 709 Εἰκὸς
888 648 1019 715 γὰρ,
1053 651 1279 704 ἐλθόντα
1307 656 1387 715 είς
1416 655 1482 706 τὰ
1516 655 1660 723 μέρη
1692 657 1824 706 Και-

239 734 490 798 σαρείας,
519 732 776 803 εὔχεσθαι
811 737 926 804 ἅμα
955 741 1050 792 καὶ
1083 741 1309 797 ὁδεύειν.

310 823 413 874 Τὸν
447 824 578 876 Υίὸν
609 826 664 878 δὲ
712 828 806 879 τοῦ
854 829 1146 899 ἀνθρώπου
1202 835 1358 900 φησὶ,
1415 837 1684 897 τουτέστι,
1732 839 1824 889 τὸν

235 915 566 984 φαινόμενον
597 919 781 981 αὑτοζς
815 921 1126 990 ἄνθρωπον.
1173 926 1457 996 ’Πρώτησε
1493 929 1572 995 δὲ,
1599 931 1701 1001 οὑχ
1749 933 1826 995 ὡς

231 1010 466 1075 ἀγνοῶν,
530 1013 647 1065 ἀλλ’
693 1017 1081 1084 οἰκονομικῶς,
1132 1021 1217 1073 ἵνα
1252 1022 1280 1073 6
1321 1023 1529 1093 Πέτρος
1580 1025 1712 1098 εἴπῃ
1763 1026 1824 1080 τὸ

232 1103 625 1173 άποκαλυφθὲν
658 1107 828 1175 αὐτῷ,
883 1110 975 1161 καὶ
1010 1111 1532 1182 ἀποδοκιμασθῶσιν
1584 1119 1640 1170 αἱ
1693 1120 1823 1188 περὶ

230 1195 398 1246 αὑτοῦ
436 1198 547 1248 τῶν
593 1196 772 1252 ἄλλων
797 1202 1017 1253 πὶντων
1050 1203 1369 1273 ὑπολήψεις,
1405 1206 1482 1268 ὠς
1534 1209 1820 1280 πεπλανη-

233 1286 412 1351 μέναι.
454 1289 561 1340 Καὶ
584 1289 693 1359 γὰρ
734 1291 1052 1359 ἐγίνωσκεν,
1109 1297 1194 1348 ὃτι
1242 1298 1600 1367 ἀπεκάλυψεν
1628 1304 1656 1355 6
1686 1302 1821 1366 Θεὸς

232 1382 324 1428 καὶ
382 1380 576 1449 Πατὴρ
611 1381 684 1451 τῷ
723 1383 916 1454 Πέτρῳ
973 1386 1106 1452 περὶ
1153 1389 1346 1455 αὑτοῦ,
1383 1391 1661 1460 διανοίξας
1727 1396 1819 1448 τὸν

225 1487 354 1520 νουν
392 1488 579 1528 αυτου.

298 1563 501 1616 Σκόπει
558 1566 635 1631 δὲ,
693 1569 812 1631 πῶς
864 1570 965 1625 οὑκ
1021 1574 1080 1625 ὲν
1125 1575 1266 1645 ἀρχῇ
1303 1575 1398 1629 τοῦ
1455 1578 1816 1647 κηρύγματος

226 1655 541 1724 ἠρώτησεν,
580 1661 714 1712 ἀλλὰ
748 1665 886 1730 μετὰ
911 1666 968 1718 τὸ
1002 1668 1226 1736 ποιῆσαι
1260 1669 1431 1722 πολλὰ
1473 1674 1567 1724 καὶ
1595 1674 1811 1741 μεγάλα

228 1753 455 1816 σημεῖα,
493 1755 630 1820 μετά
661 1755 722 1806 τὸ
746 1755 955 1836 διδάξαι
1001 1765 1130 1831 περὶ
1163 1762 1376 1815 πολλῶν
1411 1767 1502 1817 καὶ
1535 1768 1812 1834 μεγάλων,

229 1841 373 1906 μετὰ
408 1842 469 1894 τὸ
515 1850 826 1917 παρασχεῖν
864 1850 1060 1914 ἱκανὰς
1111 1854 1423 1919 ἀποδείξεις
1477 1860 1575 1925 τῆς
1614 1859 1811 1910 ἑαυτοῦ

224 1931 507 2001 θεότητος,
539 1938 634 1990 καὶ
665 1940 764 2008 τῆς
796 1941 935 2009 πρὸς
963 1943 1052 1994 τὸν
1105 1946 1330 2014 Πατέρα
1365 1949 1631 2016 ἰσότητος.

302 2027 366 2077 Οὶ
397 2026 466 2077 δὲ
492 2059 558 2067 -
588 2028 796 2098 λέγετε
829 2028 1020 2096 sirm;
1065 2033 1276 2104 Ὑμεῖς.
1317 2038 1504 2106 φησὶν,
1539 2042 1587 2091 oi
1620 2044 1812 2093 συνόν-

225 2135 318 2178 τες
351 2135 442 2185 μοι
493 2120 811 2186 διαπαντὸς,
861 2126 957 2178 καὶ
988 2127 1190 2196 πολλὴν
1225 2132 1424 2198 πεῖραν
1461 2132 1679 2198 ἔχοντες
1711 2135 1810 2203 τῆς

226 2211 368 2276 sui;
396 2213 684 2282 δυνάμεως
740 2217 798 2267 ὲν
830 2217 979 2289 ἔργῳ
1029 2222 1124 2272 καὶ
1149 2221 1314 2290 λόγῳ.
1356 2223 1541 2274 Εἰπὼν
1583 2222 1679 2278 οὖν
1712 2229 1810 2278 αὺ-

223 2304 358 2364 τοῖς·
401 2301 601 2370 ’Υμεῖς
626 2305 694 2359 δὲ
722 2309 857 2360 τίνα
889 2326 966 2376 με
993 2310 1203 2378 λέγετε
1255 2311 1408 2367 εἶναι
1434 2333 1453 2380 ;
1484 2317 1810 2387 δεδήλωκεν,

223 2395 309 2446 ὅτι
342 2396 532 2458 κακῶς
557 2401 608 2450 οἱ
639 2399 789 2469 ὄχλοι
813 2400 1089 2468 λέγουσιν.

311 2573 679 2643 Ἀποκριθεὶς
733 2608 802 2618 -
859 2580 1098 2647 ζῴντος.

223 2667 508 2734 πανταχοῦ
593 2672 820 2740 θερμὸς,

1192 2585 1364 2639 Πάλιν
1425 2590 1451 2639 6
1517 2591 1749 2661 Πέτρος,
1786 2597 1814 2646 6

920 2681 1201 2751 προπηδᾷ,
1308 2685 1402 2735 καὶ
1479 2687 1808 2756 προλαμϐά-

218 2775 325 2813 νει.
400 2759 516 2814 Τοῦ
594 2763 811 2832 ζῶντος
865 2769 922 2821 δὲ
967 2769 1115 2837 εἷπε,
1146 2776 1282 2830 διότι
1318 2779 1637 2849 γέγραπται
1682 2781 1812 2849 περὶ

220 2853 418 2919 αὑτοῦ,
455 2856 602 2922 Θεὸς
660 2857 772 2918 ζῶν
797 2861 913 2931 ἐγώ
955 2869 1092 2933 ειμι,
1148 2871 1263 2934 καὶ,
1324 2872 1416 2926 Ζῶ
1467 2873 1605 2942 ἐγὼ,
1648 2875 1810 2942 λέγει

219 2947 460 3016 Κύριος,
491 2951 585 3004 καὶ
612 2952 782 3007 πολλὰ
813 2957 1055 3023 τοιαῦτα,
1091 2962 1229 3033 πρὸς
1256 2965 1673 3037 ἀντιδιαστολὴν
1698 2968 1806 3022 τῶν

218 3041 438 3111 νεκρῶν
479 3044 736 3103 είδώλων.

303 3133 413 3187 Καὶ
451 3165 521 3177 -
554 3141 858 3210 οἰιρανοῖς.
921 3147 1030 3200 Καὶ
1080 3147 1187 3218 μὴν
1216 3150 1312 3204 καὶ
1345 3153 1637 3224 πρότερον,
1669 3158 1811 3226 μετὰ

1937 672 2020 714 act
2077 664 2128 714 in
2189 674 2372 733 partes
2422 665 2685 721 Cresareae
2734 668 2898 722 simul
2956 669 3148 724 orabat
3169 679 3226 726 et
3271 669 3517 724 ambula-

1936 757 1999 809 ba
2009 768 2048 813 t.

2004 851 2201 904 Filium
2235 867 2366 906 vero
2394 853 2636 907 hominis
2668 854 2764 919 ait,
2804 854 2910 908 hoc
2939 863 3045 914 est,
3075 869 3224 916 eum,
3287 854 3381 922 qui
3413 853 3522 906 lio--

1931 945 2176 1000 minibus
2245 956 2476 1016 apparet
2537 947 2718 1002 nudus
2769 947 2956 1001 homo.
3017 945 3376 1015 Interrogavit
3421 961 3514 999 au-

1929 1049 2036 1094 tem
2074 1055 2183 1093 non
2225 1040 2380 1109 quasi
2411 1040 2694 1109 ignorans.
2731 1040 2825 1094 sed
2875 1039 3284 1108 dispensatorio
3331 1039 3513 1101 modo,

1927 1136 1985 1180 ut
2000 1127 2197 1183 i'ctrus
2215 1128 2425 1184 diceret
2441 1129 2584 1198 quod
2598 1129 2702 1183 sibi
2721 1130 3022 1183 revelatum
3044 1136 3182 1193 erat,
3214 1136 3268 1182 et
3280 1137 3512 1182 caetero-

1925 1235 2048 1274 rum
2072 1222 2359 1290 opiniones
2377 1237 2498 1291 qua-
2519 1221 2616 1275 dei
2626 1236 2722 1290 pso
2735 1229 2916 1283 erant.
2937 1221 3367 1290 reprobarentur
3387 1230 3477 1273 tan
3493 1248 3512 1260 -

1925 1327 2090 1380 quam
2122 1328 2392 1368 erroneie.
2420 1313 2891 1382 Sciebatnainque
2922 1313 3070 1383 quod
3093 1313 3239 1367 Deus
3265 1327 3328 1365 ac
3354 1312 3513 1367 Pater

1923 1405 2264 1462 revelaverat
2288 1405 2452 1461 Petro
2479 1407 2548 1461 de
2567 1423 2645 1470 se,
2666 1407 2924 1476 aperiens
2955 1415 3196 1462 mentem
3225 1406 3367 1474 ejus.

1991 1567 2128 1622 Vide
2155 1566 2502 1636 autemquod
2532 1565 2678 1620 circa
2704 1565 3118 1635 praedicationis
3149 1564 3304 1618 initia
3337 1566 3510 1618 inter—

1921 1659 2220 1727 rogaverit.
2279 1658 2374 1711 sed
2409 1665 2700 1726 postquam
2761 1659 2937 1711 multa
3000 1672 3308 1727 magnaque
3355 1657 3508 1726 signa

1917 1750 2189 1811 ediderat,
2250 1757 2540 1816 postquam
2612 1749 2782 1800 multa
2836 1763 3145 1816 magnaque
3193 1749 3506 1801 docuerat:

1918 1851 2205 1912 postquam
2227 1839 2562 1896 sullicientcs
2581 1839 2648 1893 de
2669 1856 2766 1894 sua
2785 1839 3070 1893 divinitate
3095 1855 3160 1892 ac
3200 1841 3511 1909 aequalitate

1917 1935 1981 1986 ad
2011 1934 2252 1993 Patrem,
2310 1930 2662 1999 probationes
2693 1931 2986 1984 evidentes
3037 1930 3363 1985 tradiderat.

1993 2025 2147 2079 Vers.
2175 2024 2261 2076 Η.
2292 2023 2476 2076 Atilii.
2510 2052 2580 2062 —
2621 2022 2791 2078 v.15.
2825 2021 2954 2076 Esse
2975 2024 3155 2076 dicitis
3185 2027 3210 2080 Υ
3236 2025 3361 2089 Vos,
3425 2025 3509 2078 in-

1914 2118 2053 2185 quit,
2082 2117 2411 2185 quimecum
2436 2131 2656 2185 semper
2704 2115 3131 2179 convcrsamini,
3180 2124 3235 2169 et
3279 2117 3505 2170 multum

1916 2209 2134 2265 habetis
2165 2209 2564 2278 experientiam
2590 2223 2724 2261 meae
2760 2209 3044 2277 potentire,
3091 2224 3210 2276 qum
3257 2217 3310 2260 ct
3343 2227 3508 2277 opere

1916 2318 1972 2360 et
2010 2320 2268 2360 sermone
2320 2303 2602 2359 elucescit.
2652 2303 2789 2357 Cum
2813 2319 2941 2374 ergo
2974 2303 3184 2356 diceret
3219 2303 3325 2355 illis
3363 2323 3373 2355 :
3412 2303 3508 2354 l’us

1916 2409 2092 2452 autem
2121 2412 2272 2467 quem
2293 2413 2374 2449 me
2398 2412 2506 2450 esse
2536 2397 2755 2450 dicitis?
2780 2395 3106 2462 signiﬁcavit
3157 2395 3341 2449 turbas
3397 2410 3507 2446 non

1917 2499 2068 2545 recte
2091 2489 2298 2542 dicere.

1993 2582 2150 2636 Vers.
2193 2582 2278 2635 l6.
2333 2580 3019 2647 Rerpomicns—viveutis.
3055 2579 3266 2632 Rursus
3313 2579 3507 2633 Petrus

1918 2679 2121 2746 ubique
2154 2678 2370 2730 fervens
2402 2675 2618 2743 prosilit
2640 2684 2696 2728 et
2723 2675 3002 2743 praecedit.
3039 2672 3286 2728 Viventis
3324 2682 3507 2727 autem

1915 2771 2072 2830 dixit.
2125 2769 2253 2837 quia
2312 2768 2579 2834 scriptum
2607 2776 2725 2821 est:
2765 2765 2902 2818 Deus
2954 2766 3129 2819 vivens
3167 2781 3258 2834 ego
3291 2783 3409 2818 sum
3436 2763 3504 2818 ⁸³.

1915 2863 2022 2917 Et:
2087 2861 2207 2916 Vivo
2238 2877 2356 2927 ego,
2393 2861 2520 2914 dicit
2551 2858 2810 2914 Daminua
2830 2857 2909 2923 “;
2965 2858 3250 2928 multaque
3281 2857 3504 2924 similia,

1915 2957 1986 3011 ad
2052 2955 2369 3026 oppositam
2423 2952 2847 3009 distinctionem
2907 2960 3256 3006 mortuorum
3327 2951 3504 3005 idolo.

1987 3063 2061 3099 111.

1987 3063 2061 3099 Ill.

1915 3061 2148 3192 1Ἢνοι-ε.
2176 3136 2268 3190 Π.
2301 3134 2368 3190 Et
2393 3164 2463 3176 —
2497 3136 2664 3190 caelis.
2697 3135 2860 3206 Atqui
2883 3135 3035 3206 prius
3064 3135 3230 3190 etiam
3247 3134 3502 3204 discipuli

218 3225 324 3295 τὴν
364 3226 558 3300 ζάλην,
600 3232 648 3283 oi
679 3234 924 3306 μαθηταὶ
953 3237 1081 3291 Υίδν
1114 3240 1251 3294 Θεοῦ
1305 3241 1448 3298 εἶναι
1479 3245 1641 3299 αὑτὸν
1668 3225 1808 3317 ῶμο-

1921 3227 2102 3283 sedata
2160 3236 2491 3296 tempestate
2533 3225 2733 3282 Filium
2799 3226 2896 3282 Dei
2929 3241 3053 3282 esse
3076 3226 3320 3283 confessi
3375 3238 3509 3283 sunt

217 3320 484 3391 λόγησαν,
551 3325 834 3390 είπόντες’
898 3329 1167 3397 Ἀληθῶς
1225 3333 1373 3387 Θεοῦ
1423 3336 1556 3402 Υἱὸς
1600 3333 1691 3403 εἶν
1713 3341 1809 3394 καὶ

216 3413 326 3466 οὑκ
363 3414 843 3488 ὲμακαρίσθησαν.
887 3419 999 3474 Καὶ
1045 3421 1198 3476 ἄλλοι
1235 3421 1293 3478 δέ
1345 3442 1494 3490 τινες
1533 3414 1807 3484 Θεὸνάὑ-

215 3506 318 3558 τὸν
341 3505 612 3578 ὑπάρχειν
673 3509 1022 3578 ἐπίστευσαν,
1063 3513 1139 3579 ὡς
1179 3519 1627 3590 προειρήκαμεν
1688 3523 1807 3576 ἀλλ’

213 3596 414 3650 οὑδένα
466 3599 671 3654 τούτων
726 3603 1057 3672 ἐμακάρισε.
1125 3606 1192 3658 Τί
1231 3605 1326 3660 οὑν
1376 3610 1526 3663 ἐστὶν
1584 3613 1803 3682 είπεῐνς

214 3685 347 3740 Ὅτι
373 3687 594 3754 πάντες,
617 3691 733 3745 ὅσοι
762 3693 890 3747 Υἰδν
920 3694 1056 3748 Θεοῦ
1075 3690 1214 3750 εἶναι
1240 3698 1402 3752 αὑτὸν
1419 3700 1804 3774 ὡμολόγησαν,

211 3781 250 3850 ἢ
295 3780 427 3834 Θεὸν
456 3782 726 3854 ὑπάρχειν
756 3787 1110 3856 ἐπίστευσαν,
1169 3791 1230 3844 οὑ
1263 3792 1424 3861 φύσει
1461 3797 1558 3848 καὶ
1598 3798 1806 3870 κυρίως

210 3872 392 3927 ταῦτα
433 3870 570 3929 εἶναι
603 3878 767 3932 αὑτὸν
823 3880 1116 3946 ὑπέλαϐον,
1174 3882 1316 3938 ἀλλὰ
1337 3885 1510 3952 θέσει,
1543 3889 1805 3945 καὶκατὰ

214 3969 508 4038 προκοπὴν
533 3969 758 4037 ἀρετῆς,
776 3971 849 4034 ὡς
874 3975 970 4025 καὶ
993 3973 1202 4038 πάντας
1226 3976 1352 4038 τοὺς
1379 3977 1568 4046 ἁγίους
1591 3997 1604 4012 ·
1646 3982 1806 4050 μόνος

209 4060 274 4113 δὲ
303 4062 330 4113 6
354 4060 556 4131 Πέτρος
583 4062 798 4134 άληθῶς
842 4067 1100 4137 Χριστὸν,
1141 4069 1236 4122 καὶ
1290 4069 1451 4139 φύσει
1484 4075 1578 4126 καὶ
1600 4073 1803 4142 κυρίως

210 4151 348 4204 Υίὺν
377 4151 468 4204 τοῦ
501 4153 638 4207 Θεοῦ
687 4154 877 4210 τοῦτον
909 4159 1121 4230 ἐνόησε.
1154 4161 1246 4214 Διὸ
1276 4163 1369 4214 καὶ
1411 4163 1583 4218 θέλων
1611 4168 1639 4219 6
1669 4167 1803 4236 Χρι-

209 4243 340 4304 στδς
373 4243 542 4310 δείξαι
579 4249 690 4309 τοῖς
738 4250 1030 4318 μαθηταῖς,
1083 4252 1166 4306 ὅτι
1205 4253 1367 4322 μόνος
1422 4249 1579 4321 οὗτος
1625 4259 1803 4329 ὀρθῶς

207 4339 503 4404 Ervum“).
551 4340 808 4404 ἀπλανῶς
846 4341 1191 4415 ὡμολόγησε,
1240 4348 1537 4418 μακαρίζει
1587 4351 1798 4418 τοῦτον,

205 4427 291 4489 ὡς
319 4428 665 4497 τετυχηκότα
722 4432 850 4502 περὶ
907 4434 1100 4486 τούτου
1153 4435 1306 4501 θείας
1371 4439 1795 4510 ἀποκαλύψεως.

206 4517 361 4586 Σᾶρξ
388 4519 517 4586 γὰρ,
581 4520 735 4588 φησὶ,
772 4521 866 4574 καὶ
911 4518 1072 4592 αἷμα,
1125 4527 1431 4594 τουτέστιν,
1484 4531 1794 4602 ἅνθρωπος,

204 4611 769 4682 οὑκὲμυσταγώγησέ
818 4633 876 4668 σε
903 4617 1004 4687 τὴν
1042 4620 1168 4689 περὶ
1197 4620 1332 4690 ἐμοῦ
1365 4623 1572 4692 ταύτην
1607 4625 1801 4694 ὁμολο-

208 4704 362 4772 γίαν,
389 4706 552 4758 ἀλλ’ὁ
595 4709 784 4778 Πατήρ
824 4728 948 4779 μου,
982 4711 1056 4772 ὡς
1090 4713 1241 4779 ἄξιον
1281 4715 1542 4783 τοιαύτης
1585 4717 1799 4769 ἀποκα-

210 4797 447 4864 λύψεως.
502 4799 574 4851 Τὸ
603 4801 659 4852 δὲ
707 4802 828 4870 Βὰρ
891 4803 1148 4873 ἑϐραῖκδν
1194 4808 1293 4875 μέν
1340 4808 1476 4870 ἐστι,
1536 4811 1796 4878 σημαίνει

207 4888 269 4940 δὲ
309 4888 397 4943 τὸν
438 4891 591 4944 υἱόν.
660 4892 788 4953 Υἱὸς
844 4899 953 4963 γὰρ
1005 4891 1126 4964 ἦνὸ
1160 4897 1368 4969 Πέτρος
1422 4899 1578 4951 Ἰωνᾶ
1629 4917 1794 4962 τινος.

207 4981 370 5036 Οὑτω
420 4981 551 5050 γοῦν
621 4985 927 5054 βεϐαιώσας
974 4989 1035 5041 τὸ
1072 4990 1253 5057 δόγμα
1289 4989 1384 5043 τοῦ
1421 4991 1649 5062 Πέτρου,
1699 4994 1794 5044 καὶ

207 5071 558 5127 θεοδίδακτον
614 5077 898 5148 ἀποφήνας
941 5081 1096 5146 αὐτὸ,
1151 5081 1358 5152 βλέπε,
1421 5083 1584 5135 τίνων
1632 5084 1793 5138 αὑτὸν

203 5167 370 5234 ἀξιοῖ.

286 5349 460 5417 Κάμὶ)
491 5382 558 5390 -
593 5369 712 5421 μου
748 5353 862 5422 τὴν
910 5357 1302 5428 Ἐ’κκλησίαν,
1360 5367 1431 5419 Σὺ
1477 5363 1528 5421 εἴ
1569 5373 1794 5443 Πέτρος,

205 5446 285 5508 ὡς
345 5443 557 5512 μέλλων
622 5447 877 5512 γενέσθαι
947 5452 1124 5520 πέτρα
1190 5457 1430 5521 πίστεως
1492 5465 1632 5529 μετὰ
1682 5467 1782 5532 τὴν

205 5541 460 5608 ἄρνησιν,
511 5538 543 5608 ἦ
591 5538 666 5604 ῶς
703 5541 806 5612 ήδη
868 5546 1100 5616 στερρὸς
1154 5547 1229 5600 ὢν
1289 5550 1368 5621 τῷ
1438 5561 1790 5625 φρονηματιο

315 5655 359 5686 ⁸³
388 5654 554 5710 Josne
579 5672 659 5717 ltl,
691 5657 775 5713 l0.
888 5662 935 5694 ‘"
958 5663 1154 5720 Ezech.
1187 5683 1336 5730 “in,
1376 5670 1428 5722 5.

1913 3321 2214 3376 dicentes:
2266 3319 2394 3374 Vere
2447 3318 2544 3374 Dei
2592 3320 2758 3374 Filius
2802 3321 2946 3384 es“,
2998 3337 3102 3376 nec
3139 3331 3320 3376 tamen
3357 3320 3504 3376 beati

1911 3411 2192 3482 praedicanti
2222 3421 2374 3467 sunt.
2398 3409 2465 3466 Et
2489 3411 2582 3466 alii
2636 3412 2860 3482 quidam
2895 3414 3066 3468 Deum
3091 3429 3214 3468 esse
3258 3414 3508 3468 credide-

1912 3515 2064 3570 runt,
2100 3515 2162 3560 ιιι
2191 3503 2568 3575 praediximus,
2600 3505 2698 3560 sed
2729 3505 2940 3560 nullum
2967 3505 3181 3560 illorum
3223 3505 3506 3560 beatiﬁca-

1910 3598 2013 3653 vit.
2043 3595 2186 3663 Quid
2217 3612 2350 3668 ergo
2380 3596 2677 3652 dicendum
2695 3608 2783 3654 est
2807 3599 2830 3652 ?
2855 3597 3016 3664 Quod
3041 3613 3234 3653 omnes
3262 3599 3358 3668 qui
3415 3599 3503 3669 ip-

1909 3706 2033 3747 sum
2061 3706 2188 3746 esse
2213 3691 2310 3746 Dei
2333 3691 2533 3746 Filium
2599 3691 2838 3746 confessi
2866 3702 3016 3755 sunt.
3050 3703 3144 3747 aut
3175 3691 3344 3746 Deum
3378 3709 3504 3748 esse

1909 3788 2288 3850 crediderunt,
2323 3804 2434 3844 non
2459 3799 2656 3844 natura
2687 3797 2744 3843 et
2775 3789 2998 3859 prOprie
3037 3788 3155 3843 luec
3180 3789 3330 3843 illum
3378 3804 3503 3844 esse

1910 3882 2303 3953 epinabantur,
2345 3882 2442 3938 sed
2474 3882 2790 3946 adobtione,
2823 3891 2880 3938 et
2901 3882 3202 3938 secundum
3231 3882 3504 3937 excellen-

1911 3977 2042 4032 tiam
2109 3976 2352 4039 virtutis,
2403 3976 2572 4030 veluti
2633 3975 2798 4029 etiam
2859 3991 3054 4031 omnes
3105 3985 3345 4040 sanctos,
3404 3975 3499 4029 Dei

1909 4069 2048 4124 filios
2073 4084 2196 4125 esse
2255 4069 2468 4123 dicunt.
2526 4067 2690 4128 Silus
2729 4078 2912 4122 autem
2939 4067 3135 4122 Petrus
3162 4082 3291 4121 vere
3339 4067 3502 4122 Chri-

1905 4172 2076 4226 stum,
2136 4171 2192 4215 et
2238 4169 2436 4214 natura
2469 4159 2771 4229 etpmprie
2801 4159 3002 4214 Filium
3055 4157 3148 4212 Dei
3202 4159 3500 4212 huncesse

1908 4253 2196 4308 intellexit.
2252 4252 2378 4307 Ideo
2424 4259 2644 4321 quoque
2706 4252 2897 4305 volens
2921 4249 3177 4305 Christus
3207 4249 3500 4318 discipulis

1906 4347 2314 4408 demonstrare,
2349 4345 2496 4412 quod
2526 4345 2681 4399 30th
2707 4343 2797 4398 hic
2829 4354 2978 4398 recte
3044 4342 3387 4411 cognoverit,
3442 4350 3500 4395 et

1905 4437 2026 4490 sine
2059 4450 2247 4490 errore
2284 4435 2572 4490 confessus
2595 4446 2686 4501 stt,
2715 4436 2894 4505 ipsum
2917 4434 3214 4498 beatiﬁcat,
3239 4445 3496 4502 tanquam

1909 4539 2222 4586 assecutum
2253 4529 2494 4583 divinam
2524 4528 2593 4580 de
2623 4541 2682 4580 se
2701 4525 3090 4580 revelationem
3114 4544 3128 4579 :
3155 4525 3295 4580 Caro
3322 4527 3495 4588 enim,

1911 4625 2112 4692 inquit,
2147 4629 2202 4674 et
2237 4620 2482 4689 sanguis,
2520 4619 2625 4672 hoc
2655 4628 2740 4674 est
2763 4618 2950 4678 homo.
3016 4634 3126 4672 non
3165 4619 3407 4676 initiavit
3444 4632 3498 4677 te

1905 4717 1972 4769 ad
2001 4729 2212 4770 sacram
2251 4713 2394 4766 hanc
2441 4711 2509 4766 de
2552 4726 2638 4764 me
2688 4709 3122 4773 confessionem,
3183 4715 3277 4767 sed
3332 4714 3498 4770 “ater

1904 4824 2083 4873 meus,
2129 4817 2391 4876 tanquam
2439 4803 2758 4873 huiusmodi
2832 4803 3187 4860 confessione
3245 4807 3492 4877 dignum.

1905 4903 2062 4968 Quod
2087 4911 2271 4956 autem
2308 4900 2512 4954 dicitur
2537 4898 2661 4960 ΒΜ,
2689 4895 2957 4952 llebraica
2987 4899 3156 4954 dictio
3181 4909 3288 4958 est.
3332 4901 3498 4973 signi-

1905 4998 2079 5052 ﬁcans
2105 4995 2275 5065 ﬁlium
2301 5009 2319 5046 :
2365 5001 2487 5047 erat
2541 4991 2814 5060 siquidem
2845 4992 2987 5049 ﬁlius
3016 4994 3309 5062 cujusdam
3332 4995 3493 5050 Juna.

1905 5091 2201 5159 Postquam
2239 5102 2372 5158 ergo
2439 5083 2586 5142 Piri
2616 5083 2934 5153 opinionem
2990 5088 3364 5152 confirmavit,
3440 5099 3497 5143 et

1906 5183 2054 5237 hunc
2079 5197 2108 5235 a
2132 5182 2244 5236 Dco
2262 5180 2518 5236 edocmm
2541 5195 2664 5236 esse
2687 5180 3110 5250 demonstravit,
3149 5183 3270 5235 vide
3293 5183 3494 5250 quibus

1907 5292 2033 5331 eum
2058 5275 2317 5345 dignetur
2344 5273 2521 5330 bonis.

1982 5368 2142 5423 Vers.
2191 5368 2280 5424 l8.
2346 5367 2411 5422 Et
2471 5385 2563 5438 cgo
2611 5398 2670 5406 —
2728 5366 3022 5420 Ecclesium
3076 5383 3268 5420 meum.
3324 5369 3405 5421 'l‘u
3431 5384 3490 5422 es

1906 5462 2121 5527 Petrus,
2150 5470 2208 5516 ut
2236 5461 2329 5530 qui
2365 5469 2487 5531 post
2517 5461 2965 5532 abnegationcm,
2994 5460 3116 5514 fidei
3148 5473 3300 5530 petra
3339 5462 3489 5516 intu-

1904 5572 1997 5611 rus
2034 5570 2095 5611 es
2126 5557 2260 5610 :‘vcl
2288 5565 2544 5626 tanquam
2567 5556 2678 5627 jam
2711 5555 3000 5626 prudentia
3037 5557 3108 5627 (ε.)
3143 5555 3352 5612 firmus.
3386 5555 3491 5612 Ita-

1540 5671 1586 5704 ⁸³
1619 5673 1950 5746 Matiniuv,
1987 5676 2078 5730 53.

1399 5764 1936 5831 Variielcctiones
1981 5776 2042 5829 ct
2085 5778 2275 5830 nutze.

280 5852 351 5923 (ι)
393 5852 650 5924 Φρόνημτ
692 5856 778 5911 hic
838 5870 893 5915 ct
949 5859 1088 5916 infra
1140 5864 1370 5919 rcddilit
1428 5871 1785 5935 prudm‘ium.
1819 5872 1992 5926 Malim
2031 5881 2252 5926 utentem
2287 5873 2535 5929 reddere.
