4020 6524
215 394 332 457 661)

1099 393 1494 454 COMMENT.
1540 392 1620 451 ΙΝ
1663 390 2139 454 MATTILEUM.
2172 421 2239 431 --
2277 396 2438 456 CAP.
2464 396 2620 456 XVI.

3392 383 3513 447 470‘

208 528 401 579 μονοις
455 511 566 565 τοῖς
607 509 910 579 μαθηταῖς,
946 508 1021 571 ὡς
1080 508 1443 579 τελειοτέρας
1464 507 1574 560 τῶν
1605 506 1803 575 δχλων,

1914 540 2086 595 retur,
2116 543 2300 601 utpote
2331 534 2424 603 qui
2455 532 2815 603 popularibus
2838 531 3191 601 perfectiores
3223 538 3399 587 erant.
3438 539 3497 582 ct

206 602 317 652 καὶ
361 601 434 663 ὡς,
469 602 664 659 κοινοῖς
719 600 1064 663 διδασκάλοις
1117 600 1218 668 τῆς
1271 601 1620 670 οἰκουμένης.
1667 600 1805 661 Τοὺς

202 693 409 763 ὖχλους
465 693 521 745 δὲ
556 694 715 746 τοῦτο
768 691 965 763 μαθεῖν
1035 693 1139 744 οὐκ
1196 691 1450 746 ὲὸούλετο
1509 689 1626 753 νῦν,
1677 690 1806 757 ἄχρι

204 787 317 853 τῆς
351 785 414 836 ὲκ
442 782 659 854 νεκρῶν
686 785 1036 844 ἀναστάσεως
1067 781 1257 845 αὐτοῦ,
1293 781 1381 834 ἵνα
1416 780 1525 850 μὴ,
1563 779 1659 831 νῦν
1696 797 1803 849 μα-

206 877 422 939 θόντες,
487 877 569 928 ὅτι
637 876 797 944 φύσει
837 874 963 938 Υἱός
1014 876 1132 926 ἐστι
1175 874 1267 926 τοῦ
1317 872 1477 937 Θεοῦ,
1510 874 1607 926 καὶ
1641 872 1802 941 φύσει

204 970 395 1033 Θεὸς,
462 965 583 1022 εἶτα
667 968 995 1036 θεασάμενοι
1078 965 1270 1019 τοῦτον
1351 967 1567 1035 ἀτίμως
1647 966 1802 1032 ὑϐρι-

205 1062 448 1131 ζόμενον
507 1063 603 1114 καὶ
658 1061 810 1114 δεινὰ
883 1060 1164 1130 πάσχοντα
1243 1058 1341 1112 καὶ
1386 1057 1597 1130 πικρῶς
1646 1060 1803 1111 ἀναι-

206 1154 505 1225 ρούμενον,
564 1151 1023 1219 σκανῶλισθῶσι,
1084 1150 1177 1204 καὶ
1238 1152 1316 1213 είς
1363 1149 1463 1222 τὴν
1527 1149 1804 1220 προτέραν

207 1245 479 1301 ἀπιστίαν
520 1245 1036 1317 παλινδρομήσωσι,
1097 1245 1193 1296 καὶ
1249 1240 1647 1313 δυσανάκλητοι
1714 1241 1804 1310 γέ-

201 1356 436 1391 νιυνται.

289 1433 349 1484 El
400 1433 511 1501 γὰρ
568 1429 823 1493 καὶτοὺς
878 1427 1129 1499 μαθητὰς
1185 1426 1538 1481 ἐσκανδάλισε
1605 1424 1801 1491 ταῦτα,

201 1525 338 1587 τοὺς
386 1523 765 1594 τελειοτέρους
823 1521 933 1575 τῶν
984 1521 1185 1589 ὄχλων,
1231 1520 1324 1572 καὶ
1350 1520 1409 1571 οὐ
1438 1518 1612 1572 ταῦτα
1641 1520 1805 1586 μόνον

202 1616 491 1686 ὁρώμενα,
529 1616 668 1669 ἀλλὰ
695 1616 789 1668 καὶ
818 1616 866 1668 οἱ
895 1615 1026 1685 περὶ
1056 1613 1266 1666 τούτων
1298 1613 1451 1679 λόγοι
1489 1613 1806 1682 προμηνυὸ-

206 1725 401 1775 μενοι·
464 1709 519 1761 τί
557 1709 660 1762 οὐκ
692 1709 758 1761 ἂν
809 1707 1015 1759 ἔπαθον
1047 1708 1095 1759 οἱ
1148 1705 1360 1767 ἀτελεῖς
1395 1705 1543 1775 ὄχλοι
1577 1704 1805 1758 τοιαῦτα

207 1800 525 1869 βλέποντες,
561 1799 656 1854 καὶ
682 1798 1003 1869 ἀγνοοῦντες
1040 1797 1101 1851 τὸ
1122 1797 1219 1851 τοῦ
1243 1797 1455 1861 πάθους
1478 1798 1802 1867 μυστήριον,

200 1893 347 1962 ὅπερ
396 1892 493 1945 καὶ
532 1892 716 1955 αὐτοῖς
746 1893 859 1953 τοῖς
915 1890 1192 1960 μαθηταῖς
1229 1888 1310 1944 ἔτι
1364 1889 1482 1960 (25)
1525 1889 1805 1959 δυσπαράο

203 1979 402 2031 δεκτον
454 1973 559 2048 ἧν;
614 1978 725 2031 Καὶ
754 1972 900 2031 οὗτοι
934 1979 1067 2048 γὰρ,
1096 1979 1185 2030 ὅτε
1233 1978 1374 2047 μετὰ
1427 1979 1526 2047 τὴν
1572 1978 1804 2047 Ἀνάλη-

202 2070 304 2138 φιν
360 2068 459 2123 τοῦ
514 2070 769 2141 Σωτῆρος
844 2070 1213 2140 ὲπεφοίτησεν
1283 2070 1470 2133 αὐτοῖς
1553 2070 1692 2142 (26)
1743 2072 1803 2123 τὸ

207 2160 443 2229 Πνεῦμα
501 2161 563 2213 τὸ
610 2159 767 2229 ἅγιον
802 2198 818 2223 ,
895 2161 1017 2214 τότε
1097 2160 1286 2215 λοιπὸν
1369 2162 1522 2226 θείας
1584 2163 1802 2233 χάριτος

208 2252 561 2319 πλησθέντες
595 2293 610 2317 ,
682 2254 778 2305 καὶ
841 2253 967 2315 τοὺς
1046 2253 1429 2324 ἀνθρωπίνους
1502 2252 1803 2322 λογισμοὺς

206 2345 599 2413 ἀποθέμενοι,
669 2345 912 2415 συνῆκαν
969 2344 1040 2399 τὰ
1104 2347 1382 2417 μυστήρια
1440 2346 1656 2412 πάντα,
1712 2351 1803 2402 καὶ

209 2436 565 2509 στερρότεροι
624 2436 915 2503 γεγόνασιν
971 2435 1301 2506 ἀδάμαντος.
1372 2437 1532 2507 Ἄχρι
1579 2437 1651 2490 δὲε
1681 2440 1803 2492 τότε

210 2529 457 2599 συνεχῶς
487 2530 880 2595 ἔσκανδάλιςον
933 2529 1136 2594 αὐτοὺς
1188 2530 1377 2583 πάντα
1400 2530 1470 2582 τὰ
1524 2529 1807 2601 ἀνθρωπο-

208 2624 402 2693 πρεπῆ
433 2622 529 2675 τοῦ
554 2621 819 2691 Χριστοῦ.

284 2716 387 2767 Διά
417 2714 578 2767 τοῦτο
607 2714 811 2779 τοίνυν,
832 2712 908 2777 ὡς
943 2713 1185 2783 εἴρηται,
1206 2716 1331 2767 τότε
1360 2715 1603 2784 μὲνοὺκη
1638 2715 1802 2785 ἥθεὶι

211 2807 529 2876 γνωσθῆναι
562 2808 679 2870 τοῖς
704 2805 910 2877 ὄχλοις,
937 2806 1017 2859 ὅτι
1043 2804 1205 2873 φύσει
1234 2806 1360 2870 Υἱὸς
1391 2805 1485 2859 τοῦ
1504 2806 1638 2859 Θεοῦ
1660 2809 1800 2869 ἐστι,

1909 625 2061 693 quasi
2119 639 2442 679 communes
2493 625 2645 680 orbis
2690 622 2936 693 magistri
2975 638 2991 688 ;
3044 621 3335 691 populares
3363 635 3495 673 vero

1909 716 1963 769 id
1983 730 2128 769 nunc
2157 716 2299 770 scire
2318 716 2494 769 noluit
2516 730 2690 785 usque
2712 715 2779 769 ad
2801 714 3265 768 resurrectionem
3288 726 3444 765 suam
3462 726 3499 761 α

1911 814 2166 872 mortuis,
2224 823 2293 862 ne
2346 808 2389 862 si
2418 822 2565 861 nunc
2629 808 2916 862 discerent
2964 805 3118 858 illum
3146 812 3343 857 natura
3375 816 3495 855 esse

1910 901 2005 955 Dei
2039 901 2263 965 Filium,
2292 911 2347 956 et
2370 911 2566 956 natura
2601 899 2797 964 Deum,
2827 908 3016 969 postea
3078 895 3336 951 videntes
3368 908 3495 947 cum

1910 995 2283 1066 ignominioso
2312 992 2664 1070 contumeliis
2697 991 2984 1053 allectum,
3012 996 3080 1043 et
3115 986 3337 1055 indigna
3398 999 3513 1053 pa--

1910 1088 2156 1149 ticntem,
2188 1101 2251 1140 ac
2275 1086 2470 1139 acerbe
2494 1084 2912 1152 interemptum,
2943 1077 3382 1139 oﬂenderentur,
3442 1084 3497 1129 et

1909 1194 2127 1233 rursum
2189 1178 2256 1233 ad
2309 1177 2547 1247 priorem
2596 1173 3039 1230 incredulitatem
3120 1175 3494 1230 recurrerent,

1906 1287 2160 1344 aegreque
2186 1272 2255 1326 ab
2288 1287 2351 1326 ea
2378 1279 2801 1349 revocarentur.

1979 1433 2112 1485 Nam
2146 1431 2191 1485 si
2232 1430 2534 1500 discipulos
2563 1430 2751 1490 etiam,
2801 1428 2895 1499 qui
2926 1424 3281 1497 popularibus
3322 1419 3501 1492 perfe-

1907 1524 2107 1580 ctiores
2125 1533 2305 1589 erant,
2326 1523 2681 1579 oll‘enderunt
2700 1537 2811 1576 non
2837 1520 3016 1575 solum
3042 1520 3156 1573 haec
3180 1524 3495 1585 conspecta,

1910 1632 2097 1670 verum
2150 1616 2316 1670 etiam
2369 1615 2437 1669 de
2481 1614 2566 1668 his
2597 1614 2762 1668 rebus
2794 1610 2963 1666 habiti
2996 1622 3306 1670 sermones,
3362 1604 3510 1675 quid.

1910 1724 2019 1762 non
2073 1722 2246 1776 passa:
2303 1707 2543 1761 fuissent
2589 1704 2926 1775 imperfecta:
2974 1702 3147 1758 turbae
3187 1700 3319 1754 dum
3382 1696 3500 1750 haec

1909 1798 2349 1866 conspexissent;
2384 1796 2625 1851 maxime
2690 1797 3014 1867 ignorantes
3050 1791 3329 1863 passionis
3378 1805 3500 1861 my-

1909 1892 2167 1955 sterium,
2196 1892 2340 1961 quod
2367 1890 2503 1961 ipsis
2537 1904 2757 1961 quoque
2802 1886 3092 1957 discipulis
3116 1894 3236 1941 erat
3274 1894 3511 1954 receptu.

1908 1983 2171 2040 difﬁcile?
2224 1984 2355 2037 Nam
2420 1984 2581 2050 ethi,
2626 1981 2848 2053 quando
2882 1990 3009 2052 post
3070 1977 3372 2033 Salvatoris
3445 1976 3500 2030 in

1905 2076 2102 2131 caelum
2130 2075 2522 2131 Ascensionem
2560 2075 2900 2143 venitsuper
2922 2087 3021 2152 eos
3067 2070 3310 2141 Spiritus
3368 2084 3519 2123 san-.

1905 2179 2048 2231 etus.
2077 2181 2208 2224 tunc
2235 2169 2457 2225 domum
2498 2169 2687 2224 divina
2731 2169 2905 2241 gratia
2964 2167 3181 2237 repleti,
3242 2164 3500 2221 humanis

1906 2257 2340 2329 cogitationibus
2369 2258 2624 2328 abiectis,
2670 2256 2857 2311 omnia
2884 2264 3269 2328 cognoverunt
3292 2259 3523 2325 myste»

1907 2350 2010 2405 ria.
2045 2350 2250 2405 Verum
2279 2365 2501 2420 semper
2526 2349 2593 2404 ad
2624 2348 2681 2404 id
2713 2364 2889 2418 usque
2918 2356 3136 2416 tempus
3184 2343 3370 2400 omnia
3429 2341 3509 2396 ad

1908 2444 2304 2499 humanitatem
2334 2441 2671 2513 pertinentia
2698 2439 3057 2496 oﬂendebant
3084 2436 3227 2494 illos.

1979 2715 2208 2784 Propter
2248 2714 2351 2768 hoc
2376 2728 2532 2783 ergo,
2557 2722 2625 2767 ut
2640 2713 2992 2775 dictum-est,
3030 2708 3209 2764 noluit
3241 2722 3270 2760 a
3322 2713 3533 2775 pupum.

1882 2807 2106 2862 laribns
2148 2806 2299 2871 sciri,
2338 2805 2485 2877 quod
2528 2816 2723 2859 natura
2747 2803 2841 2858 Dei
2876 2801 3049 2856 Filius
3082 2809 3252 2863 esset,
3284 2810 3338 2852 et
3396 2813 3493 2852 na-

208 2900 308 2955 καὶ
356 2898 516 2968 φύσει
571 2898 725 2964 Θεὸς,
764 2900 858 2953 καὶ
888 2900 1166 2970 διαφόρως
1232 2899 1392 2952 τοῦτο
1443 2900 1800 2971 παρήγγελλε

1914 2910 2024 2954 tura
2064 2899 2205 2953 Deus
2233 2917 2250 2966 ;
2277 2899 2445 2969 idque
2485 2879 2673 2953 multis
2714 2896 2892 2951 modis
2940 2894 3203 2965 praecepit
3261 2891 3501 2961 discipu-

207 2992 325 3051 τοῖς
350 2988 625 3059 μαθηταῖς
655 3006 669 3020 ·
720 2989 813 3043 δτι
837 2987 915 3048 δι.
942 2989 1053 3042 τῶν
1081 2989 1545 3054 σκανδαλιζόντων
1574 2992 1798 3044 πάντων

1914 2994 1988 3047 Iis.
2020 2991 2257 3057 Quando
2291 3006 2423 3047 vero
2450 2990 2742 3061 completis
2772 3004 2837 3044 ac
2868 2987 3037 3042 ﬁnitis
3088 2984 3347 3040 omnibus
3377 2999 3499 3054 quae

206 3078 600 3144 τελεσθέντων,
636 3077 868 3149 ἔμελλον
936 3079 1207 3151 Λαμπρῶς
1268 3079 1664 3150 ἀνακηρύττειν
1704 3082 1802 3134 αύ-

1914 3084 2189 3139 οσειιᾱετθ
2221 3091 2499 3154 poterant,
2532 3080 2932 3152 praedicaturus
2964 3078 3116 3132 illum
3153 3085 3273 3131 erat
3304 3084 3497 3129 natura

204 3171 305 3224 τὸν
337 3169 498 3239 φύσει
513 3169 646 3223 Θιδν
669 3169 870 3243 δηλιος
890 3169 1296 3239 σκοτιζόμενος,
1315 3169 1375 3223 τὸ
1392 3169 1799 3239 καταπέτασμα

1914 3160 2075 3232 Deum
2101 3192 2225 3231 esse
2257 3177 2339 3232 sol
2364 3176 2715 3235 obscuratus,
2747 3174 2930 3227 velum
2959 3170 3146 3242 templi
3176 3169 3497 3232 discissum,

208 3262 310 3316 τοῦ
366 3262 497 3317 ναοῦ
555 3261 982 3334 ρηγνύμενον,ή
1014 3261 1087 3331 γῆ
1153 3261 1435 3332 σειομένη,
1494 3263 1549 3315 al
1604 3263 1801 3333 πέτραι

212 3356 559 3426 σχιζόμεναι,
618 3356 716 3410 καὶ
771 3354 841 3408 τὰ
906 3352 1142 3421 σώματα
1215 3353 1325 3407 τῶν
1379 3354 1802 3424 κεκοιμημένων

208 3451 390 3516 ἁγίων
436 3448 786 3518 ἐγειρόμενα,
842 3449 939 3500 καὶ
982 3445 1145 3509 αὐτὸς
1201 3446 1428 3511 ἐνδόξως
1466 3448 1531 3500 ἐκ
1588 3447 1801 3518 νεκρῶν

212 3541 589 3611 ἀνιστάμενος
614 3556 629 3572 ο
663 3538 969 3610 τηνικαῦτα
1000 3540 1111 3609 γὰρ
1162 3537 1350 3606 σαφῶς
1407 3537 1716 3609 ἐξέλαμψεν
1766 3540 1799 3609 ή

206 3635 448 3704 δύναμις
488 3633 589 3703 τῆς
641 3631 810 3686 αὑτοῦ
847 3631 1131 3700 θεότητος,
1166 3630 1261 3683 καὶ
1302 3630 1700 3701 ἀναντίρῤητος
1733 3626 1800 3702 ἦν

209 3735 249 3798 ἡ
284 3726 559 3792 ἀπόδειξις
587 3743 602 3758 ο
660 3724 857 3795 ἔμελλε
904 3725 962 3777 δὲ
1014 3724 1108 3777 καὶ
1151 3725 1211 3775 τὸ
1243 3723 1509 3791 πανὰγιον
1574 3724 1800 3793 Πνεῦμα

212 3820 436 3872 εύνεσιν
483 3817 742 3887 ἐμϐαλεῖν
800 3817 861 3870 οὑ
911 3819 1025 3879 τοῖς
1088 3816 1360 3885 μαθηταῖς
1412 3818 1596 3884 μόνον,
1662 3817 1801 3869 ἀλλὰ

209 3914 309 3964 καὶ
326 3913 463 3965 πᾶσι
478 3913 591 3975 107.;
608 3909 928 3963 πιστεύουσι
948 3924 963 3939 ·
1006 3909 1127 3960 τότε
1152 3908 1236 3976 δη,
1270 3908 1392 3960 τότε
1424 3909 1611 3962 λοιπὸν
1643 3910 1802 3963 ἐϐού-

208 4006 341 4056 λετο
380 4001 813 4073 δημοσιευθῆναι
841 4000 977 4053 πᾶσι
1023 4000 1116 4052 καὶ
1153 3998 1213 4052 τὸ
1252 3998 1354 4066 τῆς
1395 3983 1675 4068 θεδτητος,
1705 4001 1801 4054 καὶ

206 4095 275 4147 τὸ
306 4094 399 4147 τοῦ
439 4092 643 4156 πάθους
678 4089 847 4145 αὑτοῦ
881 4091 1213 4162 μυστήριον,
1241 4089 1332 4141 ἶνα
1366 4089 1801 4145 ἀσκανδάλιστον

203 4187 388 4242 ὀδεύοι
414 4187 476 4241 τὸ
503 4188 791 4258 κήρυγμα.

298 4282 445 4336 Ἀπὸ
483 4282 617 4335 τότε
641 4277 1070 4350 -ἐτερθῆναι,
1128 4277 1263 4330 Ἀπὸ
1314 4278 1459 4336 τότε,
1490 4277 1582 4345 ἀφ’
1615 4270 1675 4330 οῦ
1713 4276 1803 4348 βε-

210 4374 389 4437 ϐαίως
418 4373 623 4442 ἔμαθον
651 4374 699 4426 oi
725 4372 990 4442 μαθηταὶ,
1028 4372 1112 4425 ὅτι
1147 4373 1369 4440 γνήσιος
1405 4370 1532 4434 Υἱός
1563 4372 1679 4423 ἐστι
1707 4368 1800 4422 τοῦ

208 4466 375 4522 θεοῦ.
400 4467 471 4519 Τὸ
493 4465 679 4519 λοιπὸν
706 4465 814 4535 γὰρ
844 4464 1046 4536 ἧρξατο
1082 4464 1196 4535 ('27)
1235 4462 1638 4534 προδεικνύειν,
1672 4481 1797 4516 του-

1904 3278 2047 3323 terra
2065 3283 2355 3330 concussa,
2398 3276 2568 3337 petra:
2594 3265 2851 3334 diruptas,
2888 3272 2946 3317 et
3005 3278 3235 3332 corpora
3277 3268 3500 3316 sancto-

1906 3379 2025 3417 rum
2068 3363 2163 3432 qui
2224 3360 2571 3416 dormierant
2598 3358 2861 3421 excitata,
2912 3356 3143 3426 ipseque
3198 3354 3436 3425 gloriose
3468 3369 3503 3406 a

1904 3454 2135 3509 mortuis
2162 3468 2477 3523 resurgens.
2521 3460 2652 3505 tunc
2692 3463 2825 3503 sane
2843 3447 3055 3503 effulsit
3093 3448 3265 3501 virtus
3297 3445 3501 3500 divini-

1908 3549 2033 3600 tatis
2058 3547 2199 3616 ejus,
2225 3554 2280 3600 et
2310 3544 2620 3600 indubitata
2686 3550 2807 3598 erat
2858 3541 3290 3596 demonstratio.
3319 3538 3505 3595 Simul

1902 3655 2122 3711 quoque
2150 3640 2499 3695 immissnrus
2534 3649 2656 3693 erat
2728 3637 2967 3709 Spiritus
3022 3642 3247 3690 sanctus
3331 3631 3499 3688 intel-

1903 3739 2130 3798 lectum.
2167 3750 2278 3790 non
2312 3734 2442 3789 solis
2484 3731 2795 3801 discipulis,
2860 3730 2957 3786 sed
3007 3728 3270 3783 omnibus
3328 3726 3498 3781 etiam

1903 3831 2258 3887 credentibus
2296 3844 2311 3883 :
2339 3837 2393 3883 et
2414 3838 2545 3881 tunc
2562 3825 2673 3895 jam
2696 3824 2918 3880 demum
2941 3822 3200 3878 omnibus
3224 3820 3494 3891 publicari

1905 3926 2119 3981 Volebat
2144 3932 2198 3977 et
2226 3921 2536 3977 divinitatis
2568 3928 2625 3973 et
2661 3917 2935 3988 passionis
2982 3932 3097 3971 sum
3151 3914 3498 3987 mysterium,

1905 4027 1965 4071 ut
1990 4018 2198 4086 absque
2225 4015 2335 4069 ullo
2384 4012 2719 4068 otl‘endiculo
2775 4009 3097 4081 praedicatio
3138 4007 3497 4078 praecederet.

1976 4284 2133 4339 Vers.
2168 4284 2257 4339 ει.
2288 4284 2371 4338 Ea:
2396 4301 2454 4339 eo
2484 4294 2717 4353 tempore
2746 4312 2814 4323 -—
2844 4296 3139 4352 resurgere.
3169 4279 3245 4335 Ex
3271 4294 3337 4334 eo
3358 4289 3466 4334 tem

1904 4391 2056 4445 pure,
2090 4392 2157 4431 ex
2189 4393 2300 4445 quo
2335 4375 2566 4429 ﬁrmiter
2589 4380 2975 4446 cognoverunt
3004 4372 3294 4443 discipuli,
3347 4370 3495 4441 quod

1906 4470 2169 4523 naturalis
2202 4479 2348 4523 esset
2381 4469 2474 4522 Dei
2501 4466 2671 4521 Filius
2704 4481 2719 4519 :
2753 4476 2887 4521 tunc
2922 4466 3069 4519 enim
3099 4465 3324 4519 demum
3380 4479 3501 4519 ca:-

206 4562 387 4623 τέστι,
426 4559 712 4631 προλέγειν
762 4559 997 4621 τούτοις,
1052 4556 1087 4611 ἃ
1146 4557 1329 4626 μέλλει
1392 4556 1609 4622 παθεῖν,
1684 4559 1796 4624 ἵνα,

1914 4562 1986 4630 pit
2014 4561 2398 4615 demonstrare
2422 4559 2538 4613 sive
2564 4558 2866 4628 prmdicere
2934 4556 3042 4611 illis
3079 4572 3201 4625 qua:
3230 4571 3501 4626 passurus

209 4650 388 4704 ταῦτα
420 4650 909 4723 προγινώσκοντες,
934 4648 1078 4701 κατὰ
1107 4648 1200 4700 τὸν
1225 4648 1416 4716 καιρὸν
1454 4647 1547 4700 τοῦ
1593 4648 1802 4711 πάθους

213 4744 296 4814 μὴ
345 4742 800 4805 σκανδαλισθῶσι,
859 4740 984 4812 μηδ’
1024 4741 1399 4805 ὑπολάϐωσιν,
1440 4740 1613 4794 ὅτιδι’
1646 4742 1805 4794 ἀσθέ-

210 4851 367 4889 νειαν
419 4837 638 4906 φύσεως
690 4836 922 4905 πάσχει.
987 4836 1111 4902 Πῶς
1159 4835 1291 4906 γὰρ,
1345 4834 1403 4898 ὃς
1456 4836 1551 4888 καὶ
1608 4852 1801 4906 προγι-

210 4928 416 4983 νώσκει
476 4928 659 4993 τοῦτο,
704 4930 799 4982 καὶ
850 4927 1132 4997 προλέγει,
1187 4927 1285 4981 καὶ⁵
1332 4927 1554 4981 σπεύδει
1604 4927 1805 4998 μᾶλλον

215 5022 414 5077 παθεῖν
432 5041 447 5089 ;

288 5116 397 5171 Καὶ
427 5143 497 5154 -
526 5112 710 5180 αὐτῷ.
740 5113 1217 5184 Προσλαὸόμενος,
1250 5114 1372 5167 ἀντὶ
1426 5112 1522 5164 τοῦ
1554 5114 1806 5184 παραλαο

216 5208 331 5261 ϐὼν
361 5209 633 5264 κατιδίαν.
680 5208 950 5271 Ἀκούσας
982 5208 1113 5276 γὰρ,
1142 5207 1227 5259 ὅτι
1253 5206 1441 5276 μέλλει
1485 5206 1803 5271 ἀποθανεῖν,

217 5300 671 5371 ἐϐαρυθυμησεν,
730 5301 952 5365 ἀνάξιον
991 5299 1091 5368 τῆς
1143 5299 1306 5351 αὐτοῦ
1357 5299 1611 5369 θεότητος
1644 5302 1805 5354 τοῦτο

214 5391 468 5462 νομίσας.
506 5394 597 5446 Διὸ
630 5394 746 5461 καὶ,
778 5394 852 5457 ὡς
881 5393 982 5463 ήδη
1018 5394 1332 5464 παρρησίαν
1364 5394 1473 5447 ἀπὸ
1491 5394 1584 5447 τοῦ
1618 5412 1801 5465 μακα-

1907 4662 2046 4716 cral,
2084 4663 2144 4704 ut
2176 4651 2289 4706 haec
2337 4649 2712 4720 praescientes.
2770 4657 3018 4718 tempore
3087 4648 3359 4717 passionis
3386 4662 3497 4703 non

1907 4744 2550 4821 oll‘endcrentur,‘neque
2580 4741 2996 4812 suspicarentur
3055 4741 3200 4811 quod
3271 4748 3500 4810 propter

1906 4838 2568 4893 natura:imbecillitatem
2597 4844 2899 4906 pateretur.
2928 4835 3049 4902 Quo
3081 4834 3230 4890 enim
3262 4842 3424 4903 pacto
3444 4832 3499 4887 id

1910 4930 2064 4984 tim-et
2094 4932 2161 4985 de
2193 4946 2279 4993 eo,
2311 4930 2402 4999 qui
2436 4929 2784 4999 praenovitet
2815 4927 3065 4998 praedicit
3146 4944 3212 4983 ac
3270 4926 3499 4982 festinat

1913 5023 2096 5092 potius
2126 5031 2184 5075 ut
2213 5021 2467 5091 patiatur.

1982 5111 2136 5166 Vurs.
2181 5112 2271 5164 2'2.
2306 5110 2371 5164 Et
2408 5142 2477 5150 —
2504 5110 2680 5164 illum.
2719 5111 3045 5171 Assumcns,
3078 5109 3185 5162 hoc
3231 5115 3316 5161 est
3343 5120 3499 5177 seor;
3530 5142 3533 5143 ν

1906 5205 2007 5260 sim
2040 5204 2336 5274 accipiens.
2375 5204 2577 5258 Audito
2607 5204 2754 5258 enim
2788 5203 2931 5272 quod
2968 5203 3269 5256 moriturus
3320 5211 3497 5263 esset,

1906 5302 2145 5373 graviter
2197 5301 2369 5365 tulit;
2432 5316 2557 5353 nam
2600 5300 2654 5355 id
2678 5316 2776 5354 sua
2840 5299 3132 5354 divinitate
3208 5296 3525 5367 indignum.

1912 5395 2141 5466 putavit.
2225 5395 2459 5463 Ideoque
2512 5394 2666 5461 quasi
2714 5395 2825 5465 jam
2916 5400 3136 5463 sumpta
3215 5390 3498 5455 libertate,

1444 5576 1640 5638 Varia:
1707 5576 2015 5639 lectiones
2074 5584 2134 5638 et
2166 5586 2356 5641 notis.

293 5747 405 5813 (εδ)
437 5745 579 5807 Ἔτι,
613 5745 787 5800 abest.
823 5746 887 5799 Α.

292 5818 409 5885 ιὲζὶ)
435 5818 653 5883 Δύτοῖς,
683 5819 857 5872 abest.
888 5818 946 5870 A.

1986 5746 2099 5811 (27)
2128 5745 2234 5803 Sed
2262 5746 2314 5800 in
2346 5754 2498 5801 textu
2529 5754 2711 5800 servat
2737 5748 3012 5807 vulgatum
3035 5743 3326 5801 δεικνύειν,
3353 5742 3514 5807 quod

1919 5816 2344 5888 Chrysustomus
2378 5819 2541 5873 etiam
2581 5815 2770 5881 habet,
2793 5842 2833 5871 ι..
2874 5839 2893 5869 τ
2911 5815 2973 5882 Il,
2997 5831 3051 5886 p.
3084 5812 3189 5869 549
3212 5812 3277 5879 Ε,
3304 5812 3407 5868 577
3433 5812 3499 5864 Ω.
