4020 6536
557 436 667 502 05

1782 437 2161 499 ΕΗΤΗΪΜΠ
2196 437 2551 497 ZIGABENI

3713 434 3829 499 476

634 551 787 607 Vers.
816 553 910 608 26.
943 556 1045 607 Aut
1096 582 1163 596 —-
1196 570 1291 606 sua
1325 554 1350 607 Σ
1390 552 1446 607 Si
1486 553 1631 607 enim
1669 569 1847 623 neque
1898 553 2118 608 mundus

2310 554 2378 605 Ἦ
2402 552 2634 614 αὑτοῦ;
2684 552 2745 604 Ei
2796 550 2905 621 γὰρ
2952 551 3066 604 οὐδ’
3093 551 3141 619 of
3171 550 3395 621 σύμπας
3455 550 3661 620 κόσμος
3697 553 3822 604 ἀντ-

556 651 710 699 totus
733 645 1169 714 correspondens
1197 652 1285 699 est
1313 645 1507 698 anima:
1539 645 1812 709 rationali,
1834 646 1963 714 quid
1986 644 2137 697 dabit

557 734 830 805 quispiam
850 734 1292 790 commutationis
1313 745 1372 787 ut
1398 736 1535 788 hanc
1565 734 1633 787 ab
1654 734 2137 802 :eternosuppiicio

558 826 795 895 eripiat?
836 824 997 881 Certe
1024 826 1182 881 nihil.
1216 826 1481 880 Omnibus
1513 826 1691 894 itaque
1712 825 1936 884 relictis.
1974 825 2136 894 hujus

558 930 745 970 curam
819 915 1024 970 habere
1082 915 1251 983 solius
1300 925 1534 985 Oportet,
1588 917 1744 986 cujus
1784 918 1995 984 jactura
2054 924 2137 970 est

557 1007 794 1063 maxime
813 1010 1079 1071 mortalis,
1105 1019 1159 1063 et
1181 1010 1253 1063 ob
1280 1026 1443 1078 quam
1473 1010 1737 1079 perditam
1768 1011 1916 1064 nulla
1953 1020 2133 1079 potest

556 1097 671 1153 dari
698 1100 1075 1153 commutatio.
1133 1099 1203 1155 Ut
1243 1110 1426 1154 autem
1454 1101 1667 1156 discant
1695 1102 1841 1169 quod
1873 1102 2135 1171 segnibus

554 1203 668 1242 non
697 1189 818 1243 sine
844 1190 1051 1244 ultione
1083 1190 1190 1244 erit
1218 1204 1315 1244 sua
1382 1191 1659 1261 segnities,
1688 1207 1868 1261 neque
1928 1193 2131 1248 sedulis

554 1277 781 1342 praemio
836 1276 1043 1330 carebit
1098 1292 1196 1331 sua
1220 1278 1499 1346 sedulitas,
1560 1287 1729 1349 utque
1779 1281 1853 1335 illi
1902 1282 2132 1352 amplius

553 1373 886 1433 terreantur,
920 1369 974 1423 hi
1006 1386 1133 1426 vere
1166 1374 1426 1436 majorem
1485 1369 1758 1441 accipiant
1801 1375 2130 1429 consolatio-

553 1469 700 1521 nem,
732 1458 863 1513 dicit
895 1477 909 1513 :

627 1548 777 1605 Vers.
802 1551 895 1607 27.
928 1552 1103 1610 Filius
1147 1586 1217 1597 —
1254 1566 1497 1627 operatus
1546 1566 1646 1613 est.
1686 1557 1863 1614 Simul
1898 1560 2128 1616 demon-

548 1642 743 1694 stravit
772 1642 916 1711 ψιοά
942 1647 1404 1714 eamdemfhabeat
1430 1664 1554 1704 cum
1590 1651 1750 1705 Patre
1780 1652 2025 1721 gloriam.
2060 1650 2128 1705 In

550 1730 742 1799 gloria,
778 1733 972 1803 inquit,
994 1740 1163 1804 patris
1181 1740 1283 1792 sui.
1309 1740 1461 1805 Quod
1480 1740 1521 1795 si
1550 1741 1797 1796 eamdem
1829 1741 1989 1796 habet
2010 1743 2125 1812 glo-

547 1820 705 1882 riam,
736 1822 983 1889 ejusdem
1012 1826 1199 1896 utique
1233 1830 1553 1885 substantia:
1583 1841 1665 1885 est
1686 1842 1743 1886 et
1777 1835 2039 1903 potentiae
2058 1850 2122 1889 ac

2242 644 2393 708 ἀξιός
2427 645 2542 697 ἐστι
2567 644 2747 713 ψυχῆς
2769 643 3016 713 λογικῆς,
3048 644 3101 696 τί
3124 643 3290 697 δώσει
3324 661 3409 706 τις
3440 641 3825 711 ἀντάλλαγμα,

2238 736 2379 789 ὥστε
2421 736 2625 804 ταύτην
2656 734 2933 799 ἐξελέσθαι
2957 736 3056 804 τῆς
3086 736 3306 790 αίωνίου
3328 734 3644 800 κολάσεως-ς
3689 736 3823 787 Ὀν-

2237 844 2345 889 τως
2381 826 2552 880 οὐδέν.
2582 827 2787 880 Λοιπὸν
2816 821 2912 878 οὖν
2946 826 3074 896 χρὴ,
3118 827 3334 880 πάντων
3363 828 3679 895 ἀφεμένους
3710 826 3824 877 τῶν

2236 918 2433 983 ἄλλων,
2487 910 2689 987 ταύτης
2748 917 3127 985 ὶπιμελεῖσθαι
3183 920 3370 986 μόνης.
3414 906 3502 987 ’ἧς
3556 919 3590 988 ἡ
3646 917 3823 986 ζημία

2237 1010 2601 1078 καιριωτάτη,
2640 1009 2736 1061 καὶ
2768 1003 2837 1079 ἧς
2899 1008 3266 1077 ἀπολομένης,
3325 1008 3425 1060 οὐκ
3484 1006 3601 1061 εστι
3636 1007 3824 1061 δοῦναι

2234 1098 2611 1167 ἀντάλλαγμα.
2676 1098 2795 1151 Ἵνα
2841 1097 2898 1150 δέ
2931 1096 3182 1167 μάθοιεν,
3215 1098 3298 1150 ὅτι
3351 1095 3476 1148 οὔτε
3509 1100 3621 1160 τοῖς
3650 1096 3819 1166 ῥαθύ-

2237 1206 2361 1258 μοις
2385 1190 2733 1259 ἀτιμώρητον
2763 1190 2914 1241 ἔσται
2947 1188 3022 1264 ,τὸ
3053 1187 3321 1260 ῥᾴθυμον,
3354 1187 3474 1239 οὔτε
3506 1190 3617 1250 τοῖς
3650 1205 3820 1240 σπου·

2232 1278 2405 1343 δαίοις
2461 1280 2771 1349 ἀγέραστον
2800 1279 2861 1333 τὸ
2911 1279 3225 1343 σπουδαῖον,
3256 1278 3350 1332 καὶ
3404 1278 3491 1331 ῖνα
3531 1278 3628 1329 ἐπὶ
3656 1278 3818 1330 πλέοι

2230 1371 2432 1426 ἐκεῖνοι
2487 1373 2587 1444 μὲν
2643 1372 2999 1443 φοὸηθῶσιν,
3059 1364 3206 1425 οὗτοι
3250 1370 3306 1423 δὲ
3353 1369 3819 1442 παρηγορηθῶσι,

2230 1464 2367 1533 φησι
2392 1478 2407 1494 ⁸

2315 1480 2407 1516 σι·

2275 1480 2522 1611 ηΜέλλει
2557 1584 2627 1596 -
2671 1556 2820 1610 κατὰ
2843 1554 2956 1623 τὴν
3004 1552 3224 1623 πρᾶξιν
3249 1550 3456 1607 αὐτοῦ.
3506 1552 3661 1621 Ἀμα
3728 1552 3817 1603 ὲν-

2228 1646 2416 1716 έφηνε,
2477 1647 2572 1700 καὶ
2596 1648 2678 1701 ὅτι
2707 1647 2806 1716 τῆς
2830 1648 2999 1716 αὐτῆς
3020 1647 3096 1718 τῷ
3114 1646 3290 1716 [Iath
3316 1646 3472 1714 δόξης
3508 1643 3677 1698 ἐστίν.
3696 1645 3810 1697 Ἐν

2228 1731 2303 1800 τῇ
2331 1733 2481 1800 δόξῃ
2531 1738 2662 1805 γὰρ,
2687 1737 2841 1804 φησὶ,
2873 1735 2979 1789 τοῦ
3037 1734 3265 1801 Πατρός
3296 1731 3507 1787 αὐτοῦ.
3534 1732 3596 1784 El
3624 1731 3680 1783 δὲ
3711 1732 3815 1799 τῆς

2228 1823 2401 1893 αὐτῆς
2432 1824 2592 1893 δόξης
2646 1827 2786 1888 ἐστὶ,
2813 1823 2910 1892 τῆς
2941 1823 3115 1893 αὐτῆς
3155 1824 3264 1892 ἀρα
3297 1821 3392 1875 καὶ
3426 1820 3618 1882 οὐσίας
3665 1819 3810 1881 εστὶ,

546 1910 845 1969 divinitatis
886 1932 902 1971 :
933 1932 1163 1985 quorum
1195 1920 1342 1974 enim
1376 1921 1549 1991 gloria
1577 1900 1885 1989 esteadetn,
1922 1923 2117 1980 horum

2228 1915 2652 1983 καὶδυνάμεως,
2683 1915 2778 1967 καὶ
2813 1915 3089 1985 θεότητος.
3148 1907 3248 1966 Ὧν
3279 1913 3387 1983 γὰρ
3418 1911 3544 1977 δόξα
3576 1912 3613 1981 ἡ
3643 1910 3809 1980 αὑτὴ,

544 2012 601 2057 et
635 2013 830 2060 caetera
862 2022 1080 2079 quoque
1106 2012 1467 2067 sunteadem.

618 2092 868 2152 νει-838.
898 2099 1189 2155 Amen—in
1212 2119 1370 2174 regno
1392 2122 1507 2160 suo.
1527 2106 1819 2176 Postquam
1845 2109 1911 2163 ile
1940 2110 2121 2180 seipso

542 2185 698 2251 dixit,
727 2189 870 2258 quod
900 2190 1141 2247 futurum
1168 2204 1251 2249 est
1304 2204 1364 2251 ut
1409 2196 1591 2253 veniat
1616 2201 1669 2254 in
1688 2200 1853 2267 gloria
1898 2217 2019 2257 cum
2038 2219 2126 2257 sa-

544 2277 740 2334 tellitio
785 2296 850 2336 ac
876 2282 1135 2338 comitatu
1163 2293 1216 2339 et
1244 2288 1616 2356 prazmissione
1659 2292 1996 2358 angelorum,
2027 2310 2121 2348 ro-

541 2369 695 2438 guito
729 2371 873 2439 quod
897 2371 1147 2442 discipuli
1177 2375 1245 2429 de
1265 2376 1367 2431 hoc
1383 2393 1635 2433 seru-one
1659 2380 1967 2437 diﬂidcrent
1987 2400 2120 2438 con-

541 2460 717 2515 llrmat
746 2461 917 2526 illum,
948 2464 1290 2533 praemittens
1321 2468 1603 2537 (cc),quod
1630 2484 1740 2524 non
1780 2472 1949 2525 multo
1971 2484 2095 2542 post

539 2549 757 2618 quidam
790 2567 851 2606 se
882 2553 1053 2608 visuri
1110 2566 1298 2611 essent
1335 2558 1389 2611 in
1421 2558 1591 2628 gloria
1622 2577 1637 2623 ;
1676 2560 1814 2615 hanc
1848 2564 1996 2617 enim
2035 2580 2121 2620 re-

538 2656 703 2710 gnum
720 2659 867 2697 nunc
882 2645 1116 2701 vocavit.
1143 2647 1690 2719 Signiﬁcabatautem
1715 2668 1827 2708 suae
1858 2654 2122 2710 transfor-

537 2732 795 2787 mationis
829 2734 1200 2805 splendorem,
1233 2754 1395 2805 quem
1421 2752 1543 2809 post
1581 2743 1745 2798 breve
1778 2754 1992 2813 tempus
2020 2746 2118 2800 de-

534 2827 943 2876 monstraturus
974 2832 1091 2877 erat
1122 2822 1303 2889 Petro,
1329 2824 1529 2881 Iacobo
1551 2826 1820 2883 etJoanni
1848 2850 1860 2885 :
1894 2846 2019 2885 nam
2051 2833 2119 2886 de

537 2906 626 2963 his
644 2908 804 2963 dixit:
839 2907 975 2964 Sunt
1002 2914 1222 2983 quidam
1242 2917 1327 2970 hic
1358 2925 1577 2973 stantes.
1637 2918 1884 2991 Regnum
1933 2932 2112 2976 autem

534 3012 695 3052 suum
726 3000 850 3055 sive
884 3002 1112 3073 gloriam
1148 3021 1331 3071 suam,
1370 3009 1719 3079 splendorem
1762 3013 1913 3067 illum
1940 3015 2115 3067 nomi-

533 3088 702 3151 navit,
724 3104 849 3144 cum
873 3108 981 3162 quo
1006 3096 1353 3163 postmodum
1370 3097 1738 3155 descensurus
1758 3110 1862 3167 est,
1894 3104 2116 3172 quando

531 3180 722 3235 reddet
753 3184 1042 3254 unicuique
1064 3187 1214 3256 juxta
1245 3188 1295 3243 id
1310 3190 1454 3259 quod
1475 3200 1842 3261 Operatusest.
1872 3193 2114 3250 Venien-

530 3281 639 3325 tetn
666 3290 791 3330 vero
816 3277 968 3341 dixit,
998 3278 1103 3334 hoc
1136 3289 1220 3336 est
1240 3293 1614 3352 apparentem.

666 3472 819 3527 CAP.
850 3473 1091 3533 XXXIV.
1132 3478 1207 3533 De
1238 3484 1710 3552 tramformatione
1757 3487 1970 3543 Christi.

597 3562 752 3619 CAP.
778 3565 945 3619 XVII.
994 3568 1142 3623 Vers.
1167 3587 1204 3625 I.
1239 3570 1305 3623 Et
1327 3583 1441 3635 post
1466 3603 1534 3615 —
1563 3576 1698 3641 eius.
1721 3577 1894 3634 Lucas
1932 3593 2112 3637 autem

526 3658 665 3712 dixit
698 3675 711 3712 :
751 3658 871 3714 Post
926 3672 1041 3717 octo
1063 3663 1109 3694 "
1134 3705 1149 3730 ,
1191 3681 1293 3720 nec
1323 3676 1504 3723 tamen
1539 3673 1847 3726 contrarius
1874 3684 1979 3728 cst.
2023 3675 2114 3729 Si-

526 3746 745 3815 quidem
800 3753 1184 3807 annumeravit
1219 3754 1307 3809 ille
1352 3764 1409 3810 et
1455 3757 1592 3812 duos
1625 3760 1741 3815 dies
1771 3763 1927 3829 alios,
1971 3766 2115 3822 hunc

527 3838 786 3893 videlicet
834 3856 943 3910 quo
972 3843 1227 3910 praedicta
1265 3846 1476 3903 locutus
1504 3858 1587 3904 est
1621 3850 1779 3907 Jesus
1808 3854 2111 3927 discipulis,

526 3935 582 3982 et
610 3944 735 3985 eum
795 3947 906 4000 quo
937 3933 1057 3988 illos
1086 3939 1381 4007 assumpsit
1413 3956 1427 4005 ;
1481 3939 1765 3999 Matthwus
1794 3961 1923 4001 vero
1962 3957 2114 4003 utro-

525 4036 631 4088 que
658 4022 1051 4090 praetermisso,
1077 4025 1287 4082 medios
1306 4035 1518 4084 tantum
1541 4035 1905 4090 enumeravit.
1934 4035 2113 4101 Quare

526 4116 710 4162 autem
742 4110 887 4164 solus
921 4112 1021 4167 bos
1056 4121 1167 4169 tres
1197 4118 1511 4187 assumpsit,
1543 4134 1652 4174 non
1691 4122 1851 4177 modo
1878 4133 2112 4191 tantum,

531 4198 625 4251 sed
672 4208 731 4253 et
781 4201 919 4255 alias
964 4201 1327 4273 frequentius,
1376 4208 1517 4263 sicut
1549 4210 1601 4265 in
1634 4228 1925 4283 progressu
1958 4216 2113 4272 inve-

528 4288 789 4343 niemus?
846 4292 981 4357 Quia
1047 4298 1260 4353 caeteris
1338 4300 1625 4369 discipulis
1703 4310 2112 4374 praastantiores

528 4388 683 4433 erant
718 4398 730 4434 :
758 4382 954 4439 Petrus
980 4387 1196 4454 quidem
1234 4404 1299 4442 eo
1328 4394 1470 4460 quod
1498 4394 1652 4448 valde
1679 4397 1931 4467 diligeret
1959 4414 2107 4463 eum,

527 4477 753 4537 propter
778 4470 901 4526 fidei
937 4474 1202 4531 fervorem
1226 4497 1239 4539 ;
1271 4479 1507 4537 Joannes
1526 4487 1790 4555 veroquia
1816 4489 2106 4557 plurimum

2226 2004 2433 2056 τούτων
2464 2003 2571 2072 ἄρα
2602 2005 2697 2055 καὶ
2723 2004 2890 2058 τᾶλλα
2917 2004 2985 2057 τά
3011 2004 3171 2059 αὐτὰ.

2310 2093 2491 2162 Ἀμὴν
2511 2095 2651 2147 -ἐν
2674 2093 2748 2162 τῇ
2769 2096 3061 2162 ﬂauas/gr
3090 2094 3299 2150 αὐτοῦ.
3332 2093 3516 2148 Εἰπὼν
3544 2095 3677 2165 περὶ
3699 2096 3812 2164 (3|)

2229 2184 2449 2248 ἑαυτοῦ,
2469 2185 2551 2237 ὅτι
2578 2185 2761 2254 μέλλει
2792 2185 3051 2255 ἔρχεσθαι
3077 2186 3135 2238 ὲν
3160 2184 3290 2257 δόξῃ
3316 2186 3453 2254 μετά
3480 2184 3814 2257 δορυφορίας

2229 2276 2323 2329 καὶ
2358 2279 2691 2347 προπομπῆς
2724 2278 2833 2330 τῶν
2862 2276 3240 2345 ἀγγέλων,καὶ
3279 2278 3441 2344 γνοὺς
3470 2278 3598 2339 τοὺς
3633 2279 3812 2347 μαθηο

2228 2368 2325 2429 τὰς
2348 2367 2777 2431 δυσπιστοῦντας
2809 2367 2887 2439 τῷ
2915 2367 3143 2438 τοιούτῳ
3173 2368 3340 2439 λόγῳ,
3356 2367 3567 2438 βεὸαιοῖ
3597 2368 3811 2432 τοῦτον,

2229 2456 2659 2525 προστιθεὶς,ὄτι
2689 2459 2789 2511 οὐκ
2822 2460 2902 2521 είς
2936 2460 3157 2529 μακράν
3187 2476 3333 2521 τινες
3365 2460 3548 2514 αὐτῶν
3582 2461 3812 2530 ὄψονται

2225 2550 2325 2617 τὴν
2350 2548 2507 2613 δόξαν
2537 2547 2725 2602 αὑτοῦ.
2747 2547 2965 2619 Ταύτην
2995 2549 3103 2620 γὰρ
3126 2547 3221 2602 νῦν
3239 2548 3486 2620 ὠνόμασε
3508 2549 3811 2619 βασιλείαν.

2238 2638 2459 2709 Ἐδήλου
2512 2639 2568 2692 δι
2608 2640 2709 2710 τὴν
2766 2640 3131 2710 λαμπρότητα
3169 2641 3269 2709 τῆς
3324 2640 3811 2712 μεταμορφώσεως

2224 2730 2415 2797 αὑτοῦ,
2454 2731 2522 2800 ἢν
2580 2730 2719 2801 μετὰ
2776 2732 2967 2802 καιρὸν
3011 2730 3192 2798 ὀλίγον
3247 2731 3472 2801 ῐμελλεν
3525 2731 3811 2797 ὑποδεῖξαι

2225 2822 2441 2893 Πέτρῳ,
2460 2823 2554 2876 καὶ
2589 2821 2853 2893 Ἰακώϐῳ,
2897 2824 2991 2875 καὶ
3027 2821 3275 2894 Ἰωάννῃ.
3302 2823 3436 2892 Περὶ
3458 2823 3666 2876 τούτων
3700 2827 3809 2894 γάρ

2223 2909 2398 2976 εἶπεν,
2428 2915 2511 2967 ὅτι
2539 2914 2679 2965 Εἰσί
2704 2929 2858 2977 τινες
2896 2912 3012 2965 τῶν
3035 2906 3150 2966 ὦδε
3176 2912 3469 2967 ἑστώτων.
3512 2914 3809 2967 Βασιλείαν

2221 3004 2279 3057 δὲ
2331 3003 2521 3066 αὐτοῦ,
2579 3004 2769 3073 ήγουν,
2816 3003 2997 3068 δόξαν,
3046 3003 3145 3074 τὴν
3192 3004 3555 3075 λαμπρότητα
3601 3006 3809 3077 ταύτην

2220 3095 2529 3165 ὠνόμασεν,
2561 3095 2636 3156 ὼς
2683 3090 2851 3149 οὖσαν
2900 3096 3241 3166 προμηνυμσ
3301 3097 3396 3149 καὶ
3452 3097 3806 3167 παράδειγμα

2222 3185 2321 3253 τῆς
2355 3184 2743 3254 λαμπρότητος
2771 3186 3010 3254 ἐκείνης,
3048 3186 3168 3254 μεθ’
3200 3180 3268 3258 ἦς
3307 3186 3492 3256 μέλλει
3518 3187 3802 3241 κατελθεῖν

2142 3241 2187 3301 C
2220 3241 2469 3342 ὕστερον,
2501 3241 2589 3327 dte
2635 3241 2916 3329 ’ἀποδώσει
2944 3241 3196 3346 ⁵ε’)ιάστῳ
3222 3241 3399 3330 ’ὶᾶτά
3449 3276 3549 3347 τὴν
3603 3278 3806 3349 πρᾶξιν

2215 3366 2403 3420 αὑτοῦ.
2442 3365 2808 3434 Ἐρχόμενον
2831 3365 2887 3417 δὲ
2919 3360 3097 3429 εἶπεν,
3117 3366 3259 3419 ἀντὶ·
3283 3366 3402 3433 τοῦ,
3449 3368 3802 3427 Φαινόμενον.

2217 3480 2374 3534 ΚΕΦ.
2406 3478 2525 3533 ΛΔ’.
2547 3479 2685 3546 Περὶ
2705 3478 2816 3547 τῆς
2836 3481 3349 3550 μεταμορφώσεως
3380 3483 3485 3537 τοῦ
3516 3483 3799 3549 Χριστοῦ.

2323 3570 2431 3624 Καὶ
2462 3570 2585 3636 μεθ’
2614 3599 2685 3610 —
2705 3569 2915 3625 αὑτοῦ.
2935 3572 3149 3635 Λουκᾶς
3172 3572 3228 3625 δὲ
3248 3573 3406 3627 Μετὰ
3440 3574 3593 3628 ὀκτώ
3617 3593 3809 3648 φησιν,

2215 3662 2315 3713 οὐκ
2362 3661 2771 3728 ὲναντιολογῶν.
2797 3656 2966 3726 Οὗτος
3008 3664 3109 3731 μὲν
3138 3664 3247 3734 γὰρ
3282 3666 3660 3737 συνηρίθμησε
3707 3671 3803 3722 καὶ

2217 3752 2389 3817 αὑτὰς
2427 3754 2525 3815 τὰς
2564 3755 2799 3824 ἡμέρας,
2828 3754 2947 3806 καθ’
2979 3754 3047 3822 ἥν
3080 3770 3140 3807 τι
3172 3757 3239 3807 τά
3265 3754 3507 3824 ρηθέντα
3532 3752 3654 3809 εἷπε
3681 3760 3798 3821 τοῖς

2219 3843 2489 3913 μαθηταῖς
2514 3847 2542 3897 ὁ
2568 3846 2613 3896 Χ
2622 3846 2823 3914 ριστὺς,
2849 3844 2945 3897 καὶ
2970 3843 3093 3897 καθ’
3121 3844 3191 3915 ἢν
3226 3844 3450 3908 τούτους
3476 3848 3755 3915 παρέλαϐε
3780 3866 3806 3881 ο

2216 3935 2491 3998 Ματθαῖος
2516 3936 2597 4001 δὲ,
2628 3939 2721 3989 καὶ
2766 3936 3081 4007 ἀμςροτὲρας
3116 3936 3320 3999 ταύτας
3338 3937 3686 4007 παραλιπὼν,
3704 3943 3804 4005 τὰς

2218 4027 2424 4098 μεταξὺ
2477 4028 2645 4097 μόνας
2690 4027 3141 4099 ἀπηριθμήσατο.
3172 4029 3328 4083 Διατί
3359 4028 3416 4081 δὲ
3446 4030 3643 4099 μόνους
3682 4032 3796 4103 (32)

2215 4117 2343 4180 τοὺς
2365 4120 2511 4187 τρεῖς
2533 4118 2759 4181 τούτους
2788 4118 3229 4189 παραλαμόἀνει,
3254 4119 3351 4173 καὶ
3385 4120 3444 4172 ού
3470 4120 3564 4173 νῦν
3611 4123 3800 4190 μόνον,

2214 4208 2353 4262 ἀλλὰ
2400 4210 2495 4261 καὶ
2544 4210 2826 4274 πολλάκις,
2851 4209 2927 4272 ὡς
2962 4210 3244 4281 προϊόντες
3275 4211 3618 4281 εύρήσομεν;
3651 4214 3799 4267 Διότι

2214 4297 2323 4350 τῶν
2363 4299 2538 4352 ἄλλων
2571 4299 2828 4370 μαθητῶν
2879 4303 3169 4371 ὑπερεῖχον
3217 4300 3400 4356 οὗτοι*
3438 4305 3642 4371 Πέτρος
3674 4308 3796 4377 μὲν,

2214 4390 2321 4443 ἀπὸ
2343 4391 2437 4443 τοῦ
2458 4392 2663 4461 σφόδρα
2686 4393 2857 4460 φιλεῖν
2882 4394 3063 4454 αὑτὸν,
3085 4394 3173 4446 διὰ
3190 4394 3503 4464 θερμότητα
3523 4397 3759 4460 πίστεως
3778 4412 3801 4427 ο

2226 4482 2480 4552 Ἰωάννης
2507 4483 2583 4548 δὲ,
2615 4485 2722 4536 ἀπὸ
2751 4485 2844 4537 τοῦ
2878 4485 3080 4555 σφόδρα
3107 4487 3377 4553 φιλεῖσθαι
3402 4486 3495 4539 ὑπ’
3516 4489 3703 4550 αὐτοῦ,
3728 4490 3798 4541 δι’

522 4557 851 4629 diligebatur
878 4564 945 4617 ab
978 4566 1088 4628 illo,
1124 4579 1339 4638 propter
1374 4573 1629 4629 virtutum
1688 4580 2060 4635 excellentiam
2090 4598 2105 4648 ;

2224 4575 2522 4645 ὑπερϐολὴν
2578 4578 2819 4646 ἀρετῶν·
2869 4576 3118 4641 Ἰάκωὸος
3184 4578 3261 4640 δὲ,
3313 4579 3421 4631 ἀπὸ
3461 4579 3551 4632 τοῦ
3590 4582 3798 4650 σφόδρα

523 4646 761 4705 Jacobus
796 4664 980 4708 autem
1012 4657 1137 4725 quia
1174 4660 1352 4729 gravis
1407 4664 1696 4719 admodum
1737 4678 1854 4721 erat
1880 4669 2103 4736 Iudaeis,

524 4740 579 4792 in
612 4751 817 4796 tantum
850 4755 909 4800 ut
947 4746 1189 4803 Herodes
1221 4753 1401 4807 occiso
1434 4754 1523 4809 illo
1554 4759 1843 4813 maximam
1889 4762 2103 4829 putasti-

532 4834 661 4885 terit
692 4836 917 4903 gratiam
944 4837 1167 4893 Judaais.

598 4922 731 4977 Vide
773 4937 951 4981 autem
1023 4934 1299 4999 quomodo
1332 4933 1614 4990 Mattbmns
1648 4954 1755 4992 non
1791 4940 2099 4997 occultave-

522 5017 595 5069 rit
638 5016 758 5073 illos
800 5022 889 5087 qui
944 5023 1045 5075 sibi
1108 5028 1380 5094 praepositi
1443 5038 1593 5083 sunt.
1656 5030 1768 5085 lloc
1806 5042 1989 5086 autem
2043 5045 2099 5089 et

517 5103 756 5163 Joannes
788 5110 1063 5181 plerisque
1090 5114 1142 5168 in
1173 5117 1305 5172 locis
1340 5118 1487 5184 facit,
1525 5123 1795 5191 prxcipua
1826 5124 1967 5179 Petri
1999 5140 2096 5180 en-

628 5263 671 5295 "
699 5264 831 5319 Luc.
860 5282 934 5331 rx,
960 5270 1049 5323 ‘38.

2214 4665 2385 4735 βαρὺς
2426 4662 2567 4719 εἶναι
2605 4667 2717 4729 τοῖς
2751 4666 3050 4728 Ἰουδαίοις,
3075 4668 3186 4737 (55)
3238 4666 3333 4737 [ὼς
3360 4669 3570 4721 καὶτὸν
3610 4669 3791 4738 Ἱέρὼ-

2210 4756 2326 4823 δην,
2364 4756 2590 4825 ὕστερον
2620 4758 2875 4810 ἀνελόντα
2911 4757 3120 4823 τοῦτον,
3164 4759 3325 4828 χάριν
3361 4760 3627 4832 μεγίστην
3662 4762 3794 4815 ἀποο

2210 4851 2396 4922 νεῖμαι
2423 4852 2535 4911 τοῖς
2568 4848 2893 4922 Ἰουδαίοις]

2281 4921 2488 4995 Σκόιπει
2516 4942 2594 5006 δὲ,
2617 4943 2732 5005 πῶς
2753 4942 2780 4994 ὁ
2810 4921 3092 5005 Ματθαῖος
3135 4945 3233 4995 οὒκ
3265 4945 3628 5014 ἀπεκρύψατο
3659 4947 3792 5009 τοὺς

2205 5034 2649 5105 προτιμηθέντας
2682 5035 2874 5089 αὐτοῦ.
2928 5035 3100 5087 Τοῦτο
3129 5036 3184 5087 δὲ
3215 5037 3311 5087 καὶ
3364 5038 3619 5105 Ἰωάννης
3654 5037 3789 5089 πολ,-

2202 5126 2368 5199 λαχοῦ
2396 5129 2560 5194 ποιεῖ,
2583 5128 2651 5182 τὰ
2684 5128 2941 5201 ἐξαίρετα
2975 5128 3069 5181 τοῦ
3098 5129 3304 5199 Πέτρου
3338 5128 3590 5199 ἐγκώμια
3630 5129 3782 5199 φιλαο

1699 5346 1894 5405 Variae
1955 5348 2258 5411 lectiones
2289 5358 2350 5411 et
2386 5358 2573 5412 nota).

592 5497 704 5562 (3|)
735 5498 870 5566 Περὶ
907 5500 1095 5566 αὐτοῦ,
1128 5511 1192 5560 Α.

594 5568 703 5635 (δὲ)
740 5569 951 5632 Μόνους
980 5571 1204 5637 τούτους
1236 5576 1362 5637 τοὺς
1385 5578 1554 5645 τρεῖς.
1580 5580 1643 5631 Α.

2219 5584 2251 5636 Ἰ
2276 5515 2624 5635 (Egilia-lusa
2656 5517 2971 5573 exciderant
3002 5534 3066 5574 ex
3092 5520 3281 5578 codice
3309 5520 3369 5577 Β.
3394 5522 3464 5576 ob
3487 5524 3787 5593 repetitum)

2260 5604 2319 5636 ου
2356 5603 2515 5636 αιοις-

2260 5603 2515 5640 ουοαιοις.

596 5757 694 5824 (ιτ)
734 5758 1082 5816 Pra'mitlcns.
1119 5764 1355 5821 Addens.
1398 5766 1556 5823 Forte
1608 5769 1733 5839 legit
1794 5770 2089 5839 προτιθύς.

2228 5786 2244 5828 t
2276 5778 2461 5848 :igiatn
2501 5778 2710 5836 invenit
2747 5782 3008 5853 ττρτιοεες,
3038 5801 3156 5851 qua:
3188 5788 3457 5857 προτιθείς
3496 5800 3679 5844 notat.
