4020 6556
502 456 611 518 ιδιι

1734 436 2119 503 EUTHYMU
2168 431 2532 495 ZIGABENI

3647 418 3753 479 (Si.

503 575 688 623 autem
748 562 941 617 Petrus
982 557 1197 628 duplam
1233 566 1364 610 tunc
1407 552 1607 608 mentis
1654 551 2076 607 commotionem

2197 542 2413 611 τταυροῦ
2463 538 2666 609 σφόδρα
2710 536 2920 599 ἀτελεῖς
2953 530 3094 605 ἦσαν
3123 534 3173 586 οἱ
3230 529 3471 601 μαθηταί
3495 544 3509 558 ⁸
3542 531 3658 598 ἅμα
3696 536 3751 584 δὲ

502 655 847 711 sustinebat:
900 652 1027 705 hinc
1067 646 1282 718 quidem
1330 645 1610 715 trepidans
1673 659 1772 713 pro
1805 645 2084 715 magistro,

503 745 656 799 illinc
705 757 833 796 vero
872 756 903 794 a
935 736 1339 807 snpernaturali
1383 736 1478 789 illo
1549 743 1771 803 aspectu
1834 733 2085 786 turbatus

502 846 585 892 est
621 846 677 889 et
712 832 992 894 confusus,
1033 831 1267 898 taliaque
1316 829 1638 898 loquebatur
1676 825 1926 879 nesciens
1952 824 2083 892 quid

502 930 729 988 diceret,
758 923 894 977 sicut
926 921 1059 976 dixit
1082 920 1260 975 Lucas
1278 919 1317 983 ⁵,
1356 920 1461 974 hoc
1487 925 1571 973 est
1600 919 1741 987 quod
1777 915 2088 970 inconside-

503 1026 620 1073 rate
660 1015 1000 1084 loqueretur.

583 1198 801 1253 Marcus
840 1206 1022 1251 autem
1064 1195 1140 1251 ait
1172 1211 1191 1249 :
1222 1194 1399 1263 Neque
1429 1193 1567 1246 enim
1604 1190 1802 1246 sciebat
1844 1193 1971 1261 quid
2003 1191 2083 1245 lo-

501 1302 721 1347 cuturus
742 1298 871 1344 esset
888 1291 930 1354 ⁸,
953 1288 1005 1343 id
1030 1296 1133 1349 est,
1169 1298 1276 1341 non
1308 1293 1533 1339 noverat
1557 1284 1687 1353 quid
1719 1283 1865 1338 aliud
1888 1284 2088 1337 melius

505 1380 789 1434 locuturus
820 1383 967 1430 esset
999 1374 1083 1428 vel
1120 1374 1264 1443 loqui
1304 1380 1510 1443 posset.
1549 1371 1754 1426 Deinde
1782 1370 1989 1425 addidit
2022 1380 2077 1424 et

504 1483 727 1524 causam
757 1468 966 1532 dicens,
1012 1464 1155 1535 quod
1197 1474 1356 1519 erant
1387 1462 1655 1518 exterriti.
1734 1462 1907 1520 Lucas
1957 1480 2087 1518 vero

510 1558 730 1628 scripsit
759 1557 803 1623 ‘,
849 1555 992 1625 quod
1053 1564 1211 1609 erant
1284 1569 1479 1609 somno
1534 1554 1742 1624 gravati
1781 1570 1794 1607 :
1831 1553 2089 1609 Exterriti

505 1648 727 1717 quidem
770 1647 882 1700 visa
923 1646 1106 1716 specie
1138 1645 1259 1714 plus
1311 1659 1475 1714 quam
1546 1644 1807 1697 humana.
1866 1642 2079 1698 Grava-

508 1740 709 1794 bantur
762 1747 944 1791 autem
993 1751 1189 1790 somno
1233 1751 1344 1806 pra:
1383 1750 1580 1806 sopore
1612 1736 1760 1805 quia
1798 1734 2088 1804 splendore

510 1828 888 1899 procedebat;
967 1842 1143 1896 neque
1217 1826 1362 1880 enim
1435 1840 1538 1879 nox
1617 1833 1736 1879 erat
1798 1826 1890 1879 sed
1949 1825 2089 1879 dies.

2175 637 2203 689 6
2236 636 2439 704 Πέτρος
2483 632 2578 685 καὶ
2624 627 2849 682 διπλοῦν
2891 624 3196 697 τηνικαῦτα
3239 623 3397 677 σάλον
3426 621 3529 687 τῆς
3571 620 3755 689 ψυχῆς

2178 726 2564 795 ὑφιστάμενος,
2588 720 2748 774 τοῦτο
2790 717 3035 788 μὲν,ἁπὸ
3067 714 3161 768 τοῦ
3197 713 3437 783 ἀγωνιᾷν
3468 712 3612 780 ὐπὶρ
3654 711 3751 762 τοῦ

2178 815 2535 881 Διδασκὰλον,
2561 812 2717 865 τοῦτο
2741 810 2807 875 δ’,
2826 808 2933 861 ἀπὸ
2964 808 3062 877 τῆς
3088 804 3398 875 ὑπερφυοῦς
3419 802 3593 870 δψεως
3614 801 3759 851 ὲκεί-

2179 925 2276 977 νης
2294 904 2592 975 έταρὰχθη,
2629 904 2722 956 καὶ
2754 897 3044 967 συνεχύθη,
3060 898 3156 948 καὶ
3192 896 3413 947 τοιαῦτα
3430 892 3755 962 ἐφθέγγετο,

2179 999 2255 1067 μὴ
2306 996 2460 1058 εἰδὼς
2510 995 2538 1047 6
2579 994 2753 1061 λέγει,
2814 990 2997 1054 καθὼς
3048 986 3169 1041 εἷπε
3222 987 3456 1050 Λουκᾶς,
3496 987 3525 1039 ὃ
3578 985 3755 1044 έστιν.

2178 1090 2414 1144 ἀσύνετα
2449 1086 2645 1142 λαλῶν.

2249 1178 2475 1246 Μάρκος
2506 1176 2563 1228 δέ
2598 1190 2785 1244 φησιν,
2808 1173 2889 1225 ὅτι
2924 1168 3221 1238 Οὐκῇδει,
3247 1167 3305 1219 τι
3323 1165 3609 1235 λαλήσει,
3632 1182 3729 1217 του

2180 1270 2503 1333 τέστιν,οὑκ
2550 1267 2834 1336 ἐγίνωσκε,
2875 1269 2929 1319 τί
2979 1264 3202 1332 λαλήσει
3258 1261 3446 1329 ἕτερον
3482 1263 3758 1329 κρεῖττον.

2182 1357 2316 1412 Εἶτα
2338 1359 2649 1429 προσέθηκε
2677 1359 2772 1411 καὶ
2793 1356 2994 1419 αἰτίαν,
3010 1352 3181 1407 εἰπών
3202 1370 3217 1386 ο
3242 1354 3325 1406 ὅτι
3350 1349 3486 1421 ἦσαν
3512 1349 3761 1418 ἔκφοϐοι.

2183 1450 2396 1509 Λουκᾶς
2446 1447 2501 1500 6t
2541 1446 2804 1517 ἔγραψεν,
2835 1446 2919 1498 ὅτι
2972 1439 3114 1515 ἦσαν
3161 1440 3530 1511 βεϐαρημένοι
3577 1438 3761 1507 ὕπνῳ.

2181 1537 2623 1607 Ἐξεφοσήθησιν
2663 1536 2763 1604 μὲν
2795 1536 2928 1603 γὰρ,
2960 1530 3159 1594 ἰδόντες
3195 1527 3332 1593 εἶδος
3377 1529 3516 1601 ὑπὲρ
3544 1527 3765 1597 ἀνθρω-

2186 1642 2285 1678 πον
2306 1640 2319 1654 ·
2352 1625 2705 1695 έόαρήθησαν
2737 1625 2789 1678 ει
2824 1624 2995 1694 ὕπνῳ,
3027 1622 3171 1689 λέγω
3219 1622 3305 1690 δὴ,
3327 1620 3507 1690 κάρῳ,
3539 1618 3616 1687 τῷ
3651 1618 3765 1670 ἀπὸ

2183 1717 2281 1784 τῆς
2312 1714 2676 1785 λαμπηδόνος.
2698 1716 2808 1769 Καὶ
2837 1716 2947 1783 γὰο
2976 1714 3037 1766 οὐ
3067 1712 3163 1779 νὺξ
3198 1708 3287 1783 ἧν,
3308 1712 3423 1763 ἀλλ’
3457 1710 3640 1780 ἡμέρα
3659 1724 3673 1739 °
3702 1709 3768 1760 τὸ

2184 1806 2242 1859 δὲ
2288 1806 2387 1876 τῆς
2436 1805 2779 1875 λαμπηδόνος
2814 1803 3154 1874 ὑπερϐάλλον
3203 1802 3451 1855 ὲσκὸτισε
3490 1800 3590 1869 μὲν
3637 1799 3771 1859 τοὺς

512 1884 829 1987 ξριειιάυτίε
873 1884 1080 1970 ἰαπιυιι
1138 1929 1395 1968 excessus
1474 1914 1797 1968 obscurabat
1874 1914 2088 1968 illorum

2197 1896 2508 1965 ὀφθαλμοὺς
2563 1896 2781 1949 αὐτῶν·
2819 1895 3069 1965 ικάρωσι
3110 1893 3167 1946 δὲ
3214 1892 3306 1944 τὸν
3348 1891 3494 1957 νοῦν,
3543 1890 3647 1952 ἕως
3703 1884 3771 1942 οὗ

509 2008 719 2069 ocuios.
760 2020 823 2058 ac
854 2012 1094 2058 mentem
1145 2002 1486 2072 aggravabat,
1524 2002 1697 2057 donec
1731 2002 1969 2072 perfecte
1997 2018 2087 2055 ex-

510 2094 766 2168 perrecti,
806 2094 949 2149 sicut
992 2093 1132 2147 dixit
1189 2091 1420 2157 Lucas',
1491 2093 1607 2147 sive
1676 2095 1743 2147 ad
1799 2109 1858 2149 se
1910 2111 1939 2147 a
1996 2097 2086 2148 tali

512 2200 709 2256 sopore
756 2194 811 2239 et
842 2185 1290 2239 obtenebratioue
1326 2185 1554 2245 reversi.
1606 2185 1861 2239 viderunt
1911 2200 2087 2253 quan-

516 2287 630 2331 tum
675 2274 933 2345 possibile
981 2284 1119 2339 erat,
1175 2274 1401 2343 gloriam
1462 2275 1601 2342 ejus.
1661 2274 1854 2329 Petrus
1911 2278 2092 2345 itaque

513 2367 798 2421 confusam
846 2365 1027 2419 adhuc
1056 2376 1293 2419 mentem
1335 2367 1565 2430 habens,
1608 2366 2008 2423 inconsiderata
2035 2378 2091 2424 et

516 2448 815 2528 incongrua
849 2460 1190 2526 lnquebatur.

581 2545 623 2616 σι-
650 2546 775 2600 Tria
806 2546 1153 2601 tabernacula
1199 2546 1425 2616 intelligi
1464 2554 1693 2616 possunt
1741 2556 1853 2603 tres
1900 2548 1971 2603 ad
2003 2564 2094 2603 sa-

513 2635 681 2690 lutem
716 2634 1120 2703 dispositioncs.
1185 2634 1440 2689 videlicet
1522 2636 1881 2705 operationis,
1957 2654 2095 2693 con-

519 2724 911 2794 templationis,
937 2735 989 2778 et
1014 2726 1315 2797 theologia.
1348 2724 1695 2795 Operationis
1727 2730 1906 2799 itaque
1936 2739 2094 2800 typus

520 2814 627 2869 fuit
656 2812 800 2867 Elias
854 2814 1010 2866 fortis
1058 2830 1122 2867 ac
1187 2824 1539 2883 temperatus.
1610 2815 2098 2886 Contemplationis

519 2906 698 2961 loses
738 2905 1012 2972 legislatgr
1066 2921 1129 2959 ac
1170 2905 1309 2973 juris
1363 2906 1538 2960 dator.
1595 2907 1904 2977 Theolvgia:
1971 2926 2098 2964 vero

528 2994 799 3056 Christus,
832 3004 1018 3063 utpote
1060 2996 1374 3048 omnimodo
1424 2996 1716 3064 perfectus.
1760 2998 1884 3053 llam
1912 3010 2093 3052 autem

523 3084 870 3139 tabernacula
901 3094 1048 3145 sunt,
1077 3086 1483 3153 comparatione
1515 3086 1817 3140 futurarum
1850 3090 2094 3157 quietum

523 3174 1022 3246 incomparabiliter
1046 3174 1357 3229 meliorum.

598 3266 743 3319 νει-ιι.
773 3265 825 3319 5.
861 3265 1039 3317 Adnue
1063 3296 1129 3305 —
1156 3266 1307 3319 nube.
1342 3265 1524 3321 Nubes
1556 3276 1611 3321 et
1636 3283 1755 3332 vox,
1818 3280 1874 3323 ut
1896 3272 2095 3326 certio-
2124 3246 2166 3305 θ

524 3372 611 3410 res
647 3356 1003 3410 redderentur
1034 3355 1123 3407 Dei
1155 3370 1279 3410 esse
1335 3373 1519 3410 vocem
1557 3377 1570 3422 ;
1608 3360 1915 3415 didicerant
1952 3366 2097 3416 enim

523 3448 666 3516 quod
710 3445 850 3498 Deus
882 3444 935 3497 in
970 3446 1110 3498 nube
1154 3446 1443 3500 veheretur
1465 3463 1483 3500 :
1512 3448 1739 3512 Panem,
1773 3452 1966 3519 inquit,
2000 3471 2100 3505 nu-

523 3540 607 3592 bes
632 3554 903 3591 ascensum
928 3553 1080 3589 suum
1103 3536 1125 3567 ⁸
1156 3553 1170 3601 ;
1205 3538 1483 3606 multaque
1523 3539 1830 3606 hujusmodi
1854 3543 2104 3609 frequen-

525 3642 608 3686 ter
647 3633 808 3685 habet
829 3630 1132 3699 Scriptura.
1164 3631 1463 3683 Considera
1493 3646 1623 3684 vero
1652 3646 1759 3699 quo
1794 3642 1951 3701 pacto
1973 3635 2103 3689 dum

526 3722 789 3783 minatur,
821 3722 1109 3774 obscuram
1142 3720 1295 3790 ponit
1320 3719 1464 3773 circa
1498 3736 1557 3774 se
1594 3723 1815 3783 nubem.
1851 3735 1910 3777 ut
1938 3740 2104 3793 super

528 3811 659 3865 Sina
695 3811 716 3841 ’
746 3826 761 3873 ;
808 3824 953 3866 nunc
989 3818 1167 3862 autem
1206 3806 1399 3861 Filium
1451 3811 1739 3863 ostendere
1783 3812 1987 3873 volens.
2021 3815 2101 3867 lu-

528 3903 705 3957 cidam
737 3901 879 3953 illam
913 3902 1094 3953 habet.

584 3991 738 4047 Vers.
755 3992 806 4045 5.
833 3992 1017 4044 Diceris
1032 3991 1489 4060 :-—complacitum
1510 4001 1603 4046 est.
1626 3994 1922 4050 Haeclertio
1942 3999 2101 4053 etiam

526 4084 703 4153 capite
719 4099 840 4136 cum
870 4084 1114 4136 Salvator
1141 4084 1508 4152 baptizaretur
1528 4085 1662 4139 dixit
1681 4085 1893 4140 coalitus
1916 4087 2100 4155 Pater;

526 4175 621 4229 sed
669 4175 742 4228 ibi
787 4184 1010 4243 propter
1040 4175 1509 4229 circumstantium
1552 4176 1977 4243 multitudinem,
2014 4181 2102 4235 hic

526 4279 708 4321 autem
742 4268 975 4320 maxime
1005 4275 1227 4335 propter
1262 4268 1484 4322 Petrum
1519 4284 1533 4330 ;
1572 4284 1635 4322 ac
1665 4268 1711 4322 si
1756 4270 1963 4325 diceret
1998 4287 2099 4328 vox

527 4357 703 4411 Patris
731 4374 745 4410 :
779 4356 918 4421 Ουιά
944 4358 1121 4419 times,
1147 4374 1178 4410 ο
1208 4358 1387 4422 Petre,
1414 4359 1478 4413 de
1498 4358 1675 4414 Jcsu?
1713 4362 1799 4414 hic
1826 4372 1908 4416 est
1932 4362 2103 4419 Filius

528 4465 707 4513 meus;
741 4465 841 4501 nec
866 4449 1389 4518 simplicitecFilius,
1418 4463 1475 4504 ut
1504 4454 1553 4505 hi
1574 4453 1663 4521 qui
1688 4470 1781 4523 per
1804 4455 2101 4509 virtutem'a

2186 1988 2748 2057 διαγρηγορήταντες,
2788 1984 2863 2049 ὡς
2918 1988 2946 2039 6
2995 1985 3209 2046 Λουκᾶς
3266 1985 3512 2053 εἴρηκεν,
3584 1984 3771 2035 εῑτουν

2187 2080 2557 2147 ἀνανήψαντες
2592 2080 2683 2130 τοῦ
2709 2078 2952 2130 τοιούτου
2979 2077 3149 2145 κάρου
3183 2078 3274 2128 καὶ
3302 2076 3403 2145 τῆς
3426 2075 3768 2143 σκοτοδίνης,

2190 2167 2348 2235 εἶδον,
2392 2170 2466 2231 ὡς
2525 2171 2772 2233 δυνατὸν,
2824 2169 2923 2239 τὴν
2976 2169 3137 2231 δόξαν
3172 2167 3362 2221 αὐτοῦ.
3401 2168 3606 2220 Λοιπὸν
3645 2166 3703 2218 δὲ
3745 2167 3775 2217 6

2194 2262 2423 2332 Πέτρος,
2465 2260 2543 2313 ἐτι
2580 2260 2830 2312 ὲ·.τεῡοεν
2865 2259 3272 2330 συγκεχυμένον
3304 2259 3441 2328 ἔχων
3477 2258 3569 2311 τὸν
3622 2256 3773 2321 vain,

2193 2354 2430 2409 ἀσύνετα
2461 2353 2897 2422 παρεφθέγγετο.

2264 2535 2462 2609 [Τρεῖς
2488 2537 2598 2598 (45)
2627 2536 2821 2603 σκηναὶ
2849 2535 3090 2603 νοηθεϊιν
3122 2533 3188 2587 ἂν
3246 2532 3303 2587 αἱ
3326 2533 3473 2601 τρεῖς
3503 2530 3650 2597 ἔξεις
3670 2531 3774 2597 τῆς

2200 2632 2494 2701 σωτηρίας,
2546 2632 2579 2700 ἦ
2607 2646 2662 2682 τε
2708 2630 2809 2696 τῆς
2859 2628 3130 2698 πράξεως,
3159 2627 3253 2679 καὶ
3295 2627 3330 2695 ἡ
3371 2625 3468 2694 τῆς
3512 2625 3774 2693 θεωρίας.

2200 2725 2295 2776 καὶ
2325 2724 2357 2792 ἡ
2404 2723 2503 2789 τῆς
2536 2722 2837 2788 θεολογίας.
2868 2722 2977 2790 Τῆς
3019 2721 3117 2790 μὲν
3150 2718 3242 2772 οὖν
3301 2717 3553 2789 πράξεως
3600 2716 3777 2778 τύπος

2200 2814 2229 2865 6
2269 2813 2475 2876 Ἠλίας.
2512 2815 2586 2875 ὡς
2616 2813 2858 2883 ἀνδρεῖος
2883 2815 2977 2866 καὶ
3006 2811 3260 2881 σώφρων,
3296 2812 3391 2880 τῆς
3424 2810 3481 2862 δὲ
3533 2809 3777 2877 θεωρίας

2202 2910 2229 2958 6
2258 2908 2501 2973 Μωῦσῆς
2573 2905 2643 2966 ὡς
2703 2904 3001 2973 νομοθέτης
3048 2905 3145 2957 καὶ
3192 2900 3551 2969 δικαιοδότηςο
3584 2901 3683 2968 τῆς
3715 2899 3778 2951 δὲ

2202 2995 2477 3062 Οεολογίας
2502 2998 2530 3048 6
2557 2995 2811 3065 Χριστὸς,
2864 2995 2938 3057 ὡς
2966 2996 3023 3047 έν
3048 2993 3213 3047 παντὶ
3236 2994 3457 3055 τέλειος.
3488 2993 3692 3063 Σκηναὶ
3718 2990 3778 3043 6's

2200 3080 2386 3148 αὗται,
2418 3086 2555 3157 πρὸς
2592 3087 2881 3155 σύγκρισιν
2911 3086 3021 3139 τῶν
3060 3086 3369 3155 μελλουσῶν
3402 3083 3632 3155 λήξεων,
3663 3082 3777 3137 τῶν

2199 3177 2546 3249 ἀσυγκρίτως
2577 3176 2948 3248 κρειττόνων.]

2278 3271 2407 3323 Ἔτι
2434 3299 2500 3310 -
2530 3267 2810 3336 νεφέλης.
2844 3266 3059 3335 Νεφέλη
3090 3268 3185 3321 καὶ
3211 3269 3384 3337 φωνὴ,
3420 3270 3507 3323 ἵνα
3538 3270 3776 3340 βεϐαιω-

2206 3359 2393 3421 Θῶτιν,
2431 3359 2512 3410 ὅτι
2565 3356 2715 3427 φωνὴ
2743 3358 2836 3408 τοό
2867 3355 3003 3408 Θεοῦ
3034 3358 3172 3412 ἔστι.
3221 3359 3622 3430 Μεμαθηκὸτες
3666 3363 3777 3431 γὰρ

2202 3447 2363 3521 ἦσαν,
2399 3451 2480 3502 ὅτι
2503 3450 2531 3500 6
2559 3450 2689 3510 θεὸς
2715 3451 2804 3501 hri.
2834 3449 3063 3515 νεφέλης
3090 3449 3314 3517 ὀχεῖται.
3359 3451 3419 3502 '0
3454 3454 3630 3516 τιθεὶς
3661 3454 3715 3523 (ι
3731 3457 3776 3523 ί)

2206 3544 2338 3610 γὰρ,
2379 3542 2535 3609 φησὶ,
2570 3542 2723 3607 νέφη
2763 3539 2876 3605 τὴν
2906 3540 3187 3592 ἐπίϐασιν
3220 3542 3427 3596 αὑτοῦ.
3464 3545 3573 3596 Καὶ
3605 3547 3775 3597 πολλὰ

2206 3634 2431 3687 τοιαῦτα
2465 3632 2733 3703 πολλαχοῦ
2768 3635 2865 3701 τῆς
2898 3632 3142 3703 Γραφῆς.
3180 3634 3377 3686 Σκόπει
3404 3634 3480 3695 δὲ,
3515 3636 3656 3699 πῶς,
3684 3639 3775 3691 ὅτι

2210 3724 2309 3793 μὲν
2353 3723 2603 3784 ἀπειλεῖ,
2634 3720 2916 3792 σκοτεινὴν
2946 3721 3184 3773 δείκνυσι
3228 3723 3456 3792 νεφέλην
3486 3726 3615 3790 περὶ
3644 3727 3772 3779 έαυ-

2204 3812 2316 3871 τὸν,
2350 3811 2395 3861 ὼ
2454 3811 2545 3861 ἐπὶ
2574 3809 2667 3861 τοῦ
2701 3809 2850 3862 Σινᾶ·
2884 3808 2978 3861 νῦν
3015 3810 3092 3871 δὲ,
3124 3809 3331 3873 διδάξαι
3362 3812 3551 3876 ὂέλων,
3576 3830 3771 3881 φωτει.

2206 3902 2301 3966 νὴν
2339 3899 2508 3969 αὐτὴν
2542 3899 2682 3968 ἔχει.

2280 3991 2555 4059 Λέγουσα
2602 4022 2664 4030 -
2704 3991 3031 4057 εὐδόκησα.
3068 3992 3254 4046 Ταῦτα
3284 3994 3377 4046 καὶ
3412 3997 3468 4047 ὲν
3499 3995 3577 4065 τῷ
3607 3997 3758 4066 τρίτι,

2206 4082 2506 4151 κεφαλαίῳ,
2547 4082 2952 4152 βαπτιζομένου
2982 4083 3076 4135 τοῦ
3111 4084 3385 4153 Σωτῆρος,
3422 4082 3578 4138 εἶπεν
3608 4090 3763 4159 οὖρα-

2204 4175 2355 4228 νόθεν
2386 4176 2413 4225 6
2455 4176 2642 4245 Πατήρ
2667 4190 2683 4207 ο
2717 4174 2813 4227 ἀλλ
2878 4176 2994 4226 ἐκεῖ
3018 4176 3116 4243 μὲν
3172 4176 3258 4228 διὰ
3298 4178 3387 4229 τὸν
3431 4182 3768 4247 περιεστῶτα

2204 4266 2380 4336 ὄχλον,
2414 4266 2645 4319 ἐνταῦθα
2682 4267 2737 4319 δὲ
2795 4267 3027 4335 μάλιστα
3076 4267 3162 4320 διὰ
3192 4269 3283 4319 τὸν
3316 4270 3538 4337 Πέτρον,
3574 4270 3767 4323 ὡσανε¹

2204 4356 2472 4422 λεγούσης
2498 4356 2597 4423 τῆς
2657 4356 2845 4425 φωνῆς
2910 4356 3005 4408 τοῦ
3065 4358 3314 4427 Πατρός·
3380 4358 3445 4411 Τί
3503 4359 3750 4423 δέδῖικας

2202 4442 2248 4500 ὦ
2280 4450 2449 4517 Πέτρε
2469 4490 2482 4512 ,
2513 4453 2639 4519 περὶ
2667 4451 2759 4501 τοῦ
2811 4450 3018 4519 Ἰησοῦς
3053 4445 3207 4513 οὗτός
3243 4455 3388 4504 ὲστιν
3417 4454 3444 4505 6
3474 4453 3603 4515 Υἱός
3634 4474 3733 4523 μου

528 4556 615 4594 me
650 4550 779 4593 sunt
812 4542 1071 4608 adoptati,
1109 4542 1201 4593 sed
1226 4543 1451 4596 dilectus
1479 4545 1591 4598 sive
1616 4547 1818 4600 electus
1848 4556 2094 4616 tanquam

2210 4540 2304 4593 καὶ
2343 4542 2441 4609 οὐχ
2479 4541 2665 4601 ἁπλῶς
2697 4541 2853 4602 Υἱὸς,
2893 4543 2966 4603 ὼς
3001 4542 3049 4593 οἱ
3084 4541 3151 4593 δι’
3188 4544 3389 4612 ἀρετῆς
3425 4545 3741 4615 υἱοποιούμέ

528 4631 877 4698 υηίεεηίιυες
919 4646 1018 4683 nec
1064 4631 1115 4683 id
1150 4640 1379 4694 tantum,
1428 4650 1613 4687 verum
1673 4636 1833 4689 etiam
1891 4640 1946 4691 in
1991 4652 2099 4707 quo

528 4721 658 4775 mihi
691 4722 1069 4789 complacitum
1138 4732 1239 4786 est,
1288 4723 1389 4777 boc
1424 4726 1587 4778 estin
1640 4742 1747 4794 quo
1796 4730 2092 4796 requiesco,

531 4815 716 4882 inquo
769 4814 1030 4877 ohlector,
1078 4823 1134 4867 ut
1176 4814 1227 4867 in
1283 4816 1525 4869 unanimi
1574 4828 1627 4870 et
1661 4819 1851 4886 aquati
1919 4820 2093 4874 mihi:

530 4917 597 4954 ne
640 4917 769 4969 ergo
801 4903 872 4954 illi
944 4904 1155 4957 timeas.
1200 4904 1695 4975 Quantumcunque
1760 4909 1904 4961 enim
1947 4911 2095 4963 illum

529 4992 741 5060 diligas,
800 5008 907 5046 non
936 4996 1071 5047 adeo
1098 5008 1220 5047 eum
1270 4997 1445 5065 diligis
1485 5007 1540 5049 ut
1588 5014 1705 5068 ego.
1760 4997 1972 5067 Triplex
2015 5012 2097 5054 est

529 5098 763 5149 namque
794 5084 933 5151 apud
973 5100 1058 5138 me
1100 5086 1181 5139 vis
1212 5089 1413 5140 amoris
1444 5104 1565 5157 erga
1605 5092 1775 5142 illum.
1810 5091 2090 5159 Siquidem

531 5181 781 5239 tanquam
827 5172 1014 5225 Filium
1050 5175 1196 5227 illum
1224 5176 1406 5245 diligo,
1452 5190 1504 5231 et
1534 5192 1784 5247 tauquam
1816 5181 2093 5247 dilectum,

529 5280 583 5319 et
622 5277 874 5337 tanquam
929 5284 1015 5322 me
1069 5283 1405 5325 recn-autem
1464 5277 1706 5343 mihique
1763 5278 2090 5344 placentem.

640 5409 657 5438 ⁸
690 5408 819 5463 Luc.
853 5427 925 5471 Ix.
957 5413 1045 5467 33.

1154 5414 1172 5443 ⁵
1200 5414 1363 5469 Marc.
1399 5431 1470 5478 Ix,
1504 5418 1558 5470 6.
1670 5419 1687 5447 ⁸
1722 5418 1852 5471 Luc.
1881 5434 1955 5481 Ix,
1992 5420 2082 5473 ‘50.

2208 4630 2287 4680 νοί
2324 4648 2436 4698 μοι,
2490 4630 2604 4682 ἀλλ’
2654 4633 2681 4683 6
2737 4633 3039 4701 ἀγαπητὸς,
3075 4633 3262 4702 ήγουν,
3294 4634 3320 4683 6
3351 4633 3650 4704 ἐξαίρετος,
3699 4639 3762 4696 ὡ,

2208 4724 2523 4790 μονογενής·
2555 4723 2646 4774 καί
2673 4724 2731 4774 οὗ
2764 4723 2923 4775 τοῦτο
2947 4724 3125 4792 μόνον,
3149 4724 3285 4788 ἀλλ’,
3315 4727 3372 4776 έν
3400 4720 3443 4792 ᾧ
3469 4726 3745 4797 ηὑδόκησα

2205 4816 2519 4879 τουτέστιν,
2575 4809 2619 4883 ᾧ
2677 4818 3135 4886 έπαναπαύομαι,
3191 4819 3276 4887 ἐφ’
3336 4810 3379 4887 ᾧ
3442 4821 3745 4891 ἀρέσγομαι

2204 4906 2276 4967 ὡς
2308 4908 2409 4975 ὁμο
2423 4909 2650 4975 γνώμονι
2676 4911 2768 4961 καὶ
2808 4910 2907 4978 ῐσῳ
2940 4910 3081 4975 ἐμοί.
3118 4912 3209 4979 Μὴ
3237 4900 3414 4964 mth
3445 4915 3612 4981 φοϐοῦ
3644 4919 3761 4983 περτ

2206 4999 2390 5051 αὑτοῦ.
2437 5000 2578 5053 Ὅσα
2606 5002 2711 5072 γὰρ
2744 5002 2808 5053 ἂν
2851 5002 3009 5071 φιλῇς
3031 5041 3046 5067 ,
3075 5004 3186 5072 (45)
3223 5004 3281 5055 οὐ
3315 5006 3568 5057 τοσοῦτον
3598 5008 3760 5075 φιλεῖς

2204 5090 2385 5157 αὑτὸν,
2406 5092 2527 5143 ὅσον
2543 5092 2673 5158 ἐγώ.
2694 5092 2963 5162 Τριπλοῦν
2984 5094 3090 5162 γὰρ
3118 5093 3247 5162 παρ’
3268 5095 3401 5162 ἐμοῦ
3427 5096 3535 5165 (46)
3561 5098 3619 5147 τὸ
3646 5098 3761 5165 π;ρ³

2207 5184 2367 5235 αὑτὸν
2425 5184 2664 5253 φίλτρον.
2712 5184 2854 5235 Φιλῶ
2903 5187 3011 5251 γὰρ
3057 5187 3131 5246 ὡς
3179 5185 3300 5236 Υὶόν
3365 5205 3463 5253 μου
3500 5228 3513 5251 ,
3542 5190 3637 5238 καὶ
3693 5190 3766 5249 ὡς

2203 5280 2505 5346 αγαπητδν,
2550 5278 2643 5329 καὶ
2678 5278 2750 5339 ὡς
2790 5278 3134 5330 ἀναπαύοντα
3175 5282 3267 5331 καὶ
3307 5280 3614 5347 ἀρέσκοντα
3657 5298 3768 5345 μοι.

2195 5421 2211 5450 ⁷
2249 5420 2379 5471 Ibid.
2421 5419 2508 5473 5'2.
2621 5419 2641 5449 ⁸
2666 5418 2813 5472 Psal.
2843 5434 2955 5485 cut,
2993 5422 3042 5472 8.
3157 5421 3175 5450 ⁸
3207 5418 3371 5472 Exul.
3403 5437 3513 5481 xix,
3538 5420 3620 5474 16.

1721 5572 1918 5631 Var-ite
1944 5570 2249 5642 lectiones
2286 5582 2344 5632 et
2379 5582 2561 5633 notua.

608 5735 717 5812 (id)
762 5735 815 5812 in
842 5736 1080 5812 margine
1107 5736 1266 5812 habet
1294 5741 1351 5797 Β,
1387 5757 1504 5807 qua:
1542 5742 1629 5795 hic
1662 5744 1867 5796 inclusa
1914 5755 2058 5797 sunt.

610 5805 725 5875 (44)
765 5805 869 5857 Τοῦ
911 5806 1047 5857 Θιοῦ
1077 5811 1277 5877 ἐστινὴ
1310 5805 1482 5879 φωνή,
1510 5815 1547 5862 Λ

2281 5746 2387 5813 (ιδ)
2418 5747 2612 5807 Φιλεῖς.
2644 5746 2709 5797 Α.

2294 5817 2401 5885 μυ)
2436 5816 2569 5884 Παρ⁹
2597 5817 2719 5882 ἐμοί
2752 5815 2959 5869 videtur
2998 5816 3186 5885 legisse
3222 5816 3538 5868 chtenius.
