4020 6530
590 417 692 478 487

1810 422 1910 482 EU
1931 425 2190 484 [‘llYMII
2249 427 2609 486 ZIGABENI

3748 423 3850 484 638

660 533 725 585 Et
754 529 952 600 prioris
986 528 1203 598 quidem
1241 527 1418 581 {actus
1434 537 1517 582 est
1548 527 1785 585 .‘oannes
1812 546 2115 600 pnecuvsor

2337 533 2439 586 Καὶ
2472 539 2571 604 τῆς
2603 535 2702 603 μὲν
2737 532 2959 603 πρώτης
2993 534 3180 601 γέγονε
3236 533 3554 603 πρόδρομος
3601 533 3629 584 6
3674 533 3850 584 Ἰωάν-

593 625 912 687 posterioris
948 637 1074 672 vero
1109 620 1199 671 lict
1227 634 1530 686 przecnrsor
1564 620 1730 687 Elias,
1760 622 1827 676 de
1862 640 1968 690 quo
2027 625 2158 678 dicit

591 715 852 783 propheta
881 711 1168 764 Malachias
1204 728 1217 763 z
1253 709 1470 764 Mittam
1503 715 1642 766 vobis
1667 713 1838 766 Etiam
1867 714 2156 774 Thesbiten,

586 807 672 874 qui
729 805 962 856 restituet
1022 817 1104 853 cor
1160 804 1328 870 patris
1389 807 1457 857 ad
1516 805 1710 872 ﬁlium,
1779 807 1878 859 hoc
1930 815 2014 858 est
2067 807 2159 873 qui

586 901 866 946 convertet
890 891 1052 944 corda
1080 889 1415 956 intimorum,
1451 893 1541 960 qui
1584 903 1712 946 tunc
1763 893 2156 960 superfueriut,

584 985 648 1037 ad
684 983 981 1051 apostolos,
1015 992 1073 1034 ut
1102 983 1362 1036 obediant
1385 983 1647 1037 doctrinis
1670 998 1884 1046 eorum,
1909 985 2161 1037 credant-

586 1090 693 1144 que
777 1075 1022 1128 Christo.
1102 1073 1295 1128 Patres
1380 1074 1533 1128 enim
1563 1074 1951 1144 Apostolorum
2001 1085 2159 1129 erant

580 1165 776 1221 Judaei.

658 1343 764 1405 Sed
793 1350 1020 1414 Scriba,
1042 1349 1180 1403 duos
1208 1347 1408 1403 Christi
1439 1350 1709 1406 adventus
1730 1351 1786 1404 iu
1824 1365 1992 1404 unum
2023 1363 2158 1406 con-

582 1443 900 1505 fundentes,
933 1453 987 1495 et
1013 1438 1369 1510 posteriorem
1397 1440 1449 1494 in
1479 1441 1715 1510 priorem
1750 1442 2154 1506 contrahentes,

581 1539 648 1591 de
680 1537 797 1590 solo
827 1537 1116 1606 posteriori
1150 1534 1690 1603 docebantpopulum
1727 1550 1742 1586 :
1776 1544 1831 1587 et
1871 1543 2156 1604 propterea

581 1630 863 1684 Christum
899 1645 1008 1682 non
1057 1629 1424 1697 suscipiebant
1461 1628 1729 1690 dicentes,
1786 1627 1928 1694 quod
1981 1625 2154 1678 [fliam

580 1731 798 1791 oportet
848 1723 1035 1775 venire
1079 1721 1338 1787 primum,
1407 1730 1461 1774 et
1519 1735 1643 1772 mox
1696 1719 1998 1772 Christum.
2047 1717 2153 1770 Sed

581 1830 728 1868 nunc
751 1814 1005 1868 Christus
1041 1813 1108 1866 de
1161 1811 1376 1866 duobus
1431 1822 1620 1881 aperte
1675 1811 1858 1864 docet.
1918 1811 2153 1863 Adverte

580 1922 734 1976 ergo.

655 1995 805 2049 Vers.
851 1995 936 2049 ll.
963 1991 1113 2047 hstis
1131 2003 1308 2046 autem
1332 2021 1400 2034 —
1419 1991 1483 2047 V.
1511 1993 1598 2046 12.
1620 1990 1988 2062 Cognouenmt
2009 2007 2152 2044 eum.

579 2088 724 2142 Elias
753 2087 977 2158 quidem
1010 2086 1255 2156 proprior
1277 2085 1392 2139 sive
1421 2083 1738 2139 Thesbistes
1767 2083 2013 2137 nondum
2058 2097 2155 2138 ve-

579 2177 704 2239 nit;
738 2176 920 2229 veniet
978 2184 1161 2228 autem
1190 2175 1336 2228 circa
1397 2173 1697 2228 secundum
1739 2188 1919 2226 meum
1949 2172 2153 2227 adven-

581 2277 734 2323 tum:
779 2274 835 2320 et
869 2266 1125 2320 restituet
1161 2280 1377 2318 omnem
1399 2265 1493 2333 qui
1527 2265 1576 2318 ei
1600 2263 1914 2326 crediderit,
1944 2264 2046 2317 hoc
2071 2270 2156 2317 est

579 2365 862 2412 convertet
929 2373 1026 2411 cor
1080 2358 1250 2425 patris
1295 2357 1361 2409 ad
1394 2356 1590 2418 lilium,
1652 2364 1712 2408 ut
1760 2356 1836 2409 ait
1886 2355 2154 2425 propheta

578 2448 892 2503 Malachias.
927 2449 1054 2502 Dico
1099 2456 1282 2502 autem
1319 2448 1474 2502 vobis
1502 2447 1666 2518 .quod
1707 2446 1852 2501 Elius
1875 2447 2153 2502 secundus

577 2539 691 2594 sive
715 2538 958 2607 Baptista
986 2538 1099 2607 jam
1132 2537 1284 2590 venit
1334 2537 1480 2590 circa
1531 2537 1769 2608 primum
1823 2552 2004 2592 meum
2055 2537 2152 2591 ad-

579 2642 828 2694 ventum,
851 2640 909 2683 ut
941 2630 1134 2684 dicunt
1162 2629 1460 2700 Scriptura;
1504 2647 1518 2684 :
1554 2640 1610 2685 et
1640 2645 1750 2684 non
1779 2639 2153 2701 cognoverunt

576 2722 780 2778 Scribae
809 2724 954 2794 quod
976 2723 1143 2778 etiam
1181 2724 1268 2778 hic
1326 2732 1474 2778 esset
1525 2721 1675 2778 Elias
1701 2732 1959 2792 tanquam
2009 2737 2150 2792 prae-

576 2832 786 2871 cursor.
821 2816 939 2870 Non
970 2824 1348 2886 cognoverunt
1371 2829 1556 2870 autem
1606 2830 1731 2872 eum
1761 2822 1952 2885 utpote
2011 2813 2152 2869 male

579 2904 948 2976 intelligentes
974 2903 1308 2972 Scripturas.

648 3096 806 3148 Vcrs.
855 3094 938 3148 12.
985 3093 1089 3149 Sed
1123 3123 1190 3134 —
1219 3094 1517 3148 voluerunt.
1570 3093 1806 3149 llcrodcs
1843 3093 2093 3150 videlicet
2130 3112 2143 3158 ;

577 3188 748 3239 multa
779 3186 924 3239 enim
959 3187 1013 3239 in
1041 3202 1166 3239 eum
1200 3184 1349 3249 fecit,
1407 3185 1462 3238 in
1498 3200 1775 3240 carcerem
1845 3186 1998 3239 illum
2065 3187 2148 3240 in-

570 3275 768 3342 jiciens
795 3289 809 3338 ;
840 3274 1035 3328 deinde
1080 3281 1419 3341 amputatum
1449 3283 1611 3343 caput
1637 3273 1839 3328 deferri
1871 3273 2072 3344 jubens
2095 3273 2147 3327 in

575 3366 750 3416 lance.

652 3455 802 3510 Vers.
849 3457 934 3508 12.
968 3457 1050 3509 Ita
1084 3487 1153 3496 --
1175 3457 1237 3508 ab
1270 3458 1363 3509 eis.
1429 3457 1505 3510 ita
1532 3473 1766 3526 quoque,
1813 3474 1921 3512 non
1967 3461 2149 3530 cogni-

573 3554 658 3597 tus
679 3545 889 3597 scilicet
914 3545 1056 3611 quod
1079 3545 1149 3596 sit
1175 3543 1426 3598 Christus
1461 3561 1475 3596 :
1534 3559 1641 3597 non
1683 3548 1932 3611 Cognitns
1961 3555 2145 3599 autent

573 3642 797 3703 propter
865 3646 1087 3698 pravam
1145 3639 1380 3684 mentem
1439 3634 1698 3700 ipsorum.
1764 3632 1866 3686 Sed
1910 3651 2145 3703 quonam

575 3721 735 3772 modo
767 3721 880 3781 lict,
941 3729 997 3770 ut
1023 3733 1147 3769 cum
1187 3727 1487 3785 praesentes
1521 3717 1727 3772 llelzrwi
1774 3721 1994 3775 Christo
2035 3738 2144 3776 non

572 3809 927 3870 crediderint,
991 3810 1080 3876 qui
1131 3817 1259 3861 tunc
1287 3818 1469 3874 erunt,
1514 3811 1740 3865 credant
1780 3813 1944 3865 Elim?
2008 3815 2143 3880 Quia

569 3911 875 3972 agnoscunt
912 3916 1058 3964 eum,
1083 3903 1372 3970 sciuntque
1395 3905 1462 3956 de
1514 3903 1604 3956 illo
1643 3906 1954 3972 praedixisse
1983 3906 2147 3961 Mala-

569 3993 770 4044 chiam.
799 3990 967 4043 Simul
1002 3992 1164 4042 etiam
1215 4001 1322 4044 tam
1355 3993 1574 4063 longum
1622 4004 1838 4064 tempus
1886 3998 2033 4065 quod
2089 3999 2140 4051 in

571 4084 753 4136 medio
788 4083 1104 4146 intercidet,
1169 4093 1427 4152 tantaque
1487 4084 1660 4139 virtus
1714 4087 2140 4155 praedicationis,

570 4173 855 4227 emollient
890 4173 1144 4226 duritiem
1184 4175 1362 4229 cordis
1407 4190 1620 4230 eorum.

643 4265 918 4320 Vers.13.
979 4265 1219 4320 Tunc—
1273 4270 1368 4323 eis.
1422 4267 1555 4323 Nam
1616 4271 1874 4328 vicesimo
1925 4289 2142 4345 quoque

566 4363 744 4427 capite
800 4358 1125 4427 przedixerat
1187 4362 1269 4416 eis
1339 4364 1405 4428 ³⁸,
1455 4365 1598 4433 quod
1641 4364 1732 4419 ille
1768 4365 1839 4421 sit
1873 4365 2014 4421 Elius
2048 4369 2140 4437 qui

567 4461 831 4507 venturus
861 4467 981 4506 esse
1008 4453 1228 4508 dicitur.

948 4565 1102 4619 CAP.
1151 4565 1368 4620 XXXV.
1405 4569 1477 4622 De
1507 4569 1758 4626 lunatico.

639 4655 902 4710 Vers.M.
955 4656 1118 4709 Et—
1177 4655 1238 4711 V.
1286 4659 1371 4712 l5.
1435 4660 1712 4730 Amigitur.
1778 4662 1852 4718 De
1901 4665 2137 4719 lunatico

565 4748 882 4816 praedictum
913 4749 1131 4817 quidem
1158 4759 1240 4803 est
1271 4753 1430 4804 modo
1462 4753 1780 4806 naturaliori
1809 4755 2135 4821 insistendo,

562 4853 758 4906 quarto
783 4841 996 4908 capite;
1029 4842 1241 4895 dicetur
1276 4853 1456 4896 autem
1529 4854 1582 4896 et
1645 4860 1793 4898 nunc
1843 4847 2138 4914 perfectius

561 4934 705 4999 quod
804 4933 1111 4986 daemonum
1185 4934 1401 5002 quidam
1466 4937 1802 5001 secedentes,
1876 4951 2135 4994 adversus

561 5023 822 5092 quosdam
850 5024 1096 5075 homines
1127 5033 1339 5092 tempus
1357 5034 1562 5078 certum
1589 5027 1728 5080 lunae
1750 5029 2133 5095 observabant,

561 5124 617 5166 ct
649 5123 777 5165 tunc
828 5113 1088 5165 insnllutn
1135 5115 1188 5166 in
1223 5117 1346 5168 illos
1377 5115 1669 5179 faciebant,
1717 5129 1774 5171 ut
1831 5121 1957 5173 dum
2002 5122 2130 5176 luna

564 5205 691 5256 mali
732 5220 891 5257 causa
926 5205 1224 5270 videretur,
1275 5207 1393 5276 ejus
1429 5218 1639 5262 creator
1685 5210 1969 5266 calumnia:
2030 5230 2130 5268 ex-

564 5309 879 5365 poneretur.

672 5411 716 5447 ¹³
750 5409 982 5464 Malach.
1020 5427 1092 5473 tv,
1126 5413 1179 5476 6,
1212 5413 1266 5465 5.
1380 5414 1421 5444 ”
1459 5414 1648 5470 Matth.
1686 5433 1760 5482 ιι,
1798 5420 1882 5474 Η.

2263 642 2379 692 νηςο
2408 627 2506 693 τῆς
2529 625 2786 695 δευτέρας
2818 625 2873 676 δὲ
2900 627 3190 695 γενήσεται
3218 627 3534 696 πρόδρομος
3583 628 3611 678 6
3646 625 3847 684 Ἠλίας·

2265 716 2394 782 περὶ
2447 712 2514 786 ἧς
2548 721 2681 783 φησὶ
2735 715 3021 784 Μαλαχίας
3073 716 3100 766 6
3135 718 3450 785 προφήτηςο
3516 713 3851 768 Ἀποστελῶ

2260 807 2403 874 ὑμῖν
2458 805 2674 858 Ἠλίαν
2719 807 2826 859 τὸν
2873 807 3186 872 Θεσόίτην,
3234 809 3301 871 ὃς
3346 803 3850 869 ἀποκαταστήσει

2265 897 2514 962 καρδίαν
2544 899 2770 963 πατρὸς
2803 897 2952 965 πρὸς
2982 899 3141 962 υἱὸν,
3167 900 3474 959 τουτέστιν,
3510 897 3571 959 ὃς
3603 895 3855 966 ἐπιστρέ-

2258 989 2349 1055 ψει
2382 989 2492 1056 (ὅθ)
2525 993 2622 1052 τὰς
2657 989 2884 1059 καρδίας
2918 989 3027 1041 τῶν
3055 988 3356 1057 τηνικαῦτα
3395 990 3684 1042 Ἰουδαίων
3719 988 3852 1055 πρὸς

2260 1081 2382 1138 τοὺς
2408 1079 2762 1142 ἀποστόλους,
2796 1079 2938 1132 ὥστε
2976 1079 3263 1147 πεισθῆναι
3293 1086 3421 1144 ταῖς
3475 1078 3850 1139 διδασκαλίαις

2259 1170 2460 1230 αὐτῶν,
2496 1173 2589 1224 καὶ
2622 1171 2911 1224 πιστεῦσαι
2940 1171 3020 1242 τῷ
3049 1172 3289 1242 Χριστῷ.
3326 1173 3580 1242 ῐίατέρες
3606 1174 3716 1242 γὰρ
3744 1168 3849 1222 τῶν

2259 1261 2573 1314 ἀποστόλων
2601 1262 2651 1314 οί
2696 1262 2960 1316 Ἰουδαῖοι.

2342 1348 2484 1401 Ἀλλ’
2515 1351 2566 1402 oi
2601 1349 2978 1420 Γραμματείς,
3001 1348 3100 1412 τὰς
3117 1348 3211 1402 δύο
3237 1349 3330 1402 τοῦ
3359 1349 3616 1421 Χριστοῦ
3647 1365 3849 1418 παρου-

2261 1439 2378 1502 σίας
2413 1441 2492 1502 είς
2534 1439 2663 1510 μίαν
2699 1439 3056 1509 συγχέοντες,
3089 1440 3184 1492 καὶ
3235 1442 3334 1507 τὴν
3365 1439 3607 1510 πρώτην
3645 1439 3725 1501 είς
3754 1437 3848 1507 τὴν

2257 1531 2521 1602 δευτέραν
2561 1533 2910 1601 συνάγοντες,
2948 1531 3079 1602 περὶ
3106 1531 3207 1601 τῆς
3237 1532 3507 1604 δευτέρας
3542 1534 3716 1602 μόνης
3746 1530 3843 1585 ὲδί·

2256 1621 2452 1674 δασκον
2480 1623 2573 1675 τὸν
2601 1621 2748 1675 λιόν.
2776 1621 2886 1674 Καὶ
2911 1622 2998 1676 διὰ
3028 1621 3186 1675 τοῦτο
3216 1622 3306 1674 τὸν
3334 1624 3584 1693 Χριστὸν
3609 1624 3711 1675 οὐκ
3740 1621 3848 1673 ἑδέ-

2255 1732 2434 1784 χοντο,
2463 1714 2740 1781 λέγοντες,
2777 1715 2858 1767 δτι
2889 1715 2979 1766 τὸν
3019 1713 3205 1767 Ἠλίαν
3247 1715 3352 1783 χρὴ
3391 1715 3583 1770 ἐλθεῖν
3611 1714 3844 1784 πρῶτον,

2256 1803 2374 1857 εἶτα
2416 1806 2508 1858 τὸν
2560 1804 2822 1877 Χριστόν.
2881 1805 3045 1858 Ἀλλὰ
3094 1804 3188 1858 νῦν
3237 1809 3266 1857 6
3309 1806 3558 1876 Χριστὸς
3607 1805 3844 1861 διδάσκει

2189 1889 2230 1944 Β
2261 1899 2390 1969 περὶ
2423 1898 2531 1950 τῶν
2562 1898 2655 1952 δύο
2691 1897 2902 1966 σαφῶς.
2937 1897 3180 1969 Πρόσχες
3210 1899 3319 1970 γάρ
3339 1915 3354 1930 ο

2339 1989 2402 2042 '0
2456 1990 2526 2040 δὲ
2574 1989 2806 2056 Ἰησοῦς
2855 2020 2922 2031 -
2963 1989 3319 2059 ἐπέγνωσαν
3363 1991 3585 2048 αὐτόν.
3662 1989 3844 2050 Ἠλίας

2259 2079 2361 2149 μὶν
2399 2081 2428 2131 6
2485 2080 2724 2149 πρῶτος,
2781 2079 2975 2150 ήγουν,
3021 2082 3049 2132 6
3102 2079 3389 2150 Θεσσίτης,
3444 2081 3606 2135 οὕπω
3661 2075 3843 2152 ἦλθεν·

2257 2173 2478 2242 ἔρχεται
2527 2171 2582 2224 δὲ
2625 2171 2762 2224 κατὰ
2801 2175 2901 2241 την
2935 2173 3198 2242 δευτέραν
3237 2190 3338 2242 μου
3379 2173 3723 2243 παρουσίαν,
3755 2172 3844 2225 καὶ

2256 2261 2702 2331 ἀποκαταστήσει
2737 2263 2913 2315 πάντα
2944 2264 3034 2314 τὸν
3068 2263 3391 2331 πειθόμενον
3423 2264 3581 2335 αὐτῷ
3605 2304 3618 2327 ,
3656 2264 3842 2316 τουτὲ·

2258 2373 2396 2418 στιν,
2456 2355 2775 2424 ἐπιστρέψει
2831 2355 3059 2425 καρδίαν
3114 2357 3324 2424 πατρὸς
3377 2357 3523 2428 πρὸς
3572 2357 3711 2419 υίδν,
3769 2355 3840 2417 ὡς

2255 2449 2284 2501 6
2333 2450 2618 2517 προφήτης
2665 2447 2946 2517 Μαλαχίας
2996 2449 3148 2518 φησί.
3209 2449 3367 2517 Λέγω
3417 2450 3477 2502 δι
3536 2449 3705 2519 ὑμίν,
3761 2447 3836 2500 ὃτι

2268 2538 2456 2601 Ίιλίας
2489 2541 2517 2591 6
2547 2539 2836 2610 δεύτερος,
2877 2541 3091 2604 ιίτουν,
3126 2543 3153 2594 6
3193 2541 3544 2612 Βαπτιστὴς,
3577 2542 3680 2610 ήδη
3709 2535 3836 2611 ἦλθε

2254 2629 2394 2683 κατὰ
2438 2629 2538 2699 τὴν
2583 2630 2808 2700 πρώτην
2861 2647 2966 2700 μου
3018 2631 3226 2700 ταύτην
3279 2633 3617 2702 παρουσίαν,
3663 2632 3736 2694 ὡς
3781 2630 3834 2683 αί

2254 2722 2469 2793 Γραφαί
2510 2739 2660 2788 quat.
2698 2724 2805 2776 Καὶ
2843 2724 2944 2777 οὐκ
2990 2723 3312 2793 ιπὲγνωσαν
3358 2727 3406 2778 oi
3443 2725 3831 2796 Γραμματεῐς,

2252 2816 2336 2868 ὅτι
2380 2816 2472 2867 καὶ
2519 2804 2676 2876 οὗτος
2735 2812 2923 2878 Ἠλίας
2971 2815 3140 2876 ἐστὶν,
3191 2810 3280 2868 οία
3332 2816 3687 2887 πρόδρομοςο
3738 2813 3832 2866 οὐκ

2253 2904 2571 2973 ιιι-’.ἔγνωσαν
2633 2905 2693 2958 δὲ
2761 2904 2960 2969 αὑτὸν,
3018 2907 3096 2970 ὡς
3159 2905 3346 2970 κακῶς
3419 2907 3670 2971 νοοῦντες
3734 2906 3830 2968 τὰς

2252 2999 2498 3067 Γραφάς.

2337 3090 2500 3143 Ἀλλ’
2533 3121 2602 3131 -
2644 3089 2978 3157 ἠθέλησαν.
3016 3089 3080 3142 Oi
3128 3091 3256 3159 περὶ
3287 3087 3378 3141 τδν
3436 3088 3688 3160 Ἡρώδην
3732 3087 3823 3155 δηο

2255 3181 2427 3233 >.ονότι
2451 3196 2464 3210 ο
2511 3181 2674 3234 πολλὰ
2714 3183 2822 3251 γὰρ
2857 3183 2936 3243 είς
2970 3181 3132 3232 αὑτὸν
3162 3181 3464 3249 ἐποίησαν,
3500 3181 3824 3249 ἐμϐαλόντες

2253 3276 2331 3334 εἰς
2379 3273 2640 3341 φυλακὴν,
2680 3272 3203 3341 ἀποκεφαλίσαντες,
3244 3273 3563 3340 ἐνεγκόντες
3607 3272 3705 3341 τήν
3741 3286 3826 3322 χε-

2253 3366 2428 3434 φαλὴν
2462 3365 2626 3417 αὑτοῦ
2659 3366 2748 3416 ἐπὶ
2779 3364 3028 3426 πίνακος.

2327 3455 2524 3520 Οὕτως
2547 3485 2618 3494 -
2644 3454 2743 3510 ὑπ’
2773 3453 2988 3509 αὐτῶν.
3021 3454 3176 3509 Οὕτω
3203 3457 3296 3510 καὶ
3317 3457 3498 3522 αὐτὸς,
3532 3456 3821 3526 ἀγνοοᾶμε·

2251 3565 2364 3613 νος,
2396 3550 2476 3600 ὃτι
2511 3549 2539 3599 6
2572 3549 2806 3617 Χριστός
2838 3552 2986 3602 ἐστιν
3021 3566 3034 3579 ·
3086 3549 3446 3618 ἀγνοούμενος
3485 3552 3543 3602 δὲ
3595 3550 3681 3602 διὰ
3727 3551 3818 3615 τὴν

2253 3642 2541 3693 κακόνοιαν
2569 3642 2770 3695 αὐτῶν.
2825 3642 2980 3696 Ἀλλὰ
3010 3646 3148 3710 πῶς,
3179 3644 3288 3697 τῶν
3317 3643 3411 3697 νῦν
3449 3645 3718 3714 Ἐϐραίων
3749 3639 3816 3709 μὴ

2251 3734 2655 3785 πιστευσάντων
2679 3733 2755 3802 τῷ
2780 3735 3021 3804 Χριστῷ,
3056 3739 3104 3788 οί
3137 3736 3261 3788 τότε
3284 3734 3361 3805 τῷ
3403 3736 3565 3805 Ἠλίᾳ
3597 3732 3816 3800 πεισθή-

2250 3839 2473 3888 σονται-ς
2509 3826 2654 3877 Διότι
2695 3828 3057 3896 γνωρίζουσιν
3088 3828 3272 3890 αὑτὸν,
3306 3829 3400 3881 καὶ
3434 3830 3812 3895 γινώσκουσιν,

2248 3913 2275 3965 ὃ
2305 3916 2430 3984 περὶ
2457 3915 2622 3968 αὑτοῦ
2653 3921 2915 3984 προεῖπεν
2941 3921 2968 3970 6
2997 3919 3451 3988 Μαλαχίαςομᾶμα
3483 3920 3540 3973 δὲ
3568 3921 3661 3973 καὶ
3688 3921 3714 3971 6
3733 3933 3815 3968 το-

2248 4005 2434 4068 σοῦτος
2487 4010 2544 4057 ἐν
2583 4007 2658 4076 τῷ
2695 4010 2844 4078 μέσῳ
2886 4015 3094 4078 χρόνος,
3147 4014 3240 4064 καὶ
3291 4013 3322 4079 ἡ
3366 4013 3668 4081 τηλικαύτη
3724 4008 3809 4061 τοῦ

2245 4100 2599 4167 κηρύγματος
2629 4099 2878 4170 δύναμις,
2915 4101 3215 4170 μαλάξουσι
3250 4105 3350 4169 τὴν
3381 4104 3809 4175 σκληροκαρδίαν

2243 4207 2447 4245 αυτων.

2322 4283 2461 4336 Τότε
2495 4315 2560 4322 -
2603 4284 2833 4349 αὐτοῖς.
2876 4287 3111 4356 Προείπε
3157 4287 3263 4357 γὰρ
3298 4287 3479 4348 αὐτοῖς
3526 4291 3620 4340 καὶ
3651 4289 3704 4339 ἐν
3737 4284 3808 4354 τῷ

2245 4375 2473 4444 εἰκοστῷ
2505 4377 2804 4447 κεφαλαίῳ,
2837 4378 2919 4430 ὅτι
2953 4379 3118 4442 αὐτός
3149 4381 3296 4432 ἐστιν
3337 4381 3520 4444 Ἠλίας
3552 4384 3580 4434 6
3609 4380 3804 4451 μέλλων

2245 4469 2528 4539 ἔρχεσθαι.

2452 4581 2607 4634 ΚΕΦ.
2629 4582 2752 4635 AE'.
2779 4584 2914 4650 Περὶ
2939 4600 3044 4636 του
3069 4587 3618 4657 aslqrtaé'opércv-

2319 4671 2424 4724 Καὶ
2449 4700 2518 4710 -ο
2543 4672 2787 4739 πάσχει.
2822 4675 2954 4742 Περὶ
2979 4677 3071 4726 τοῦ
3097 4675 3463 4748 σεληνιασμοῦ
3491 4679 3798 4748 προείρηται

2248 4764 2344 4832 μὲν
2393 4767 2486 4815 καὶ
2539 4767 2596 4815 ὲν
2653 4765 2730 4834 τῷ
2779 4768 3026 4836 τετάρτῳ
3077 4771 3356 4838 κεφαλαίῳ
3418 4769 3797 4838 φυσιολογικώ-

2241 4871 2431 4922 τερον·
2469 4857 2767 4925 ῥηθήσεται
2809 4858 2863 4909 δὲ
2899 4861 2990 4910 καὶ
3023 4861 3116 4911 νῦν
3147 4862 3558 4934 ἀκριϐέστερον,
3589 4867 3666 4918 ὅτι
3701 4863 3796 4914 τῶν

2241 4945 2507 5014 δαιμόνων
2535 4949 2680 5011 τινὲς
2711 4953 3196 5021 παραχωρούμενοι
3229 4955 3338 5024 (51)
3363 4958 3505 5010 κατά
3535 4975 3692 5010 τινων
3714 4956 3796 5008 ἀνι

2243 5035 2500 5104 Θρώπων,
2532 5040 2832 5109 ἐπετήρουν
2875 5045 3065 5112 καιρόν
3104 5064 3221 5099 τινα
3272 5047 3372 5113 τῆς
3426 5051 3675 5120 σελήνης,
3711 5049 3792 5099 καὶ

2238 5131 2359 5182 τότε
2387 5131 2596 5194 τούτοις
2627 5136 2912 5206 ἐπεπήδων
2935 5177 2948 5198 ,
2981 5138 3064 5189 ἵνα
3084 5181 3096 5202 ,
3131 5141 3206 5202 ὼς
3237 5145 3332 5209 τῆς
3368 5144 3598 5212 σελήνης
3632 5141 3791 5200 αἰτίας

2240 5223 2523 5292 δοκούσης,
2557 5229 2583 5278 6
2615 5229 2952 5297 Δημιουργὸς
2987 5231 3154 5300 αὐτῆς
3182 5234 3521 5304 διαϐάληται.

1743 5539 1940 5598 Variae
1980 5539 2279 5614 lectiones
2311 5552 2372 5605 et
2418 5558 2603 5610 noun.

633 5661 742 5726 (50)
779 5659 868 5714 Uti
903 5659 1137 5727 explicat
1167 5660 1295 5713 Luc.
1328 5676 1363 5719 ι,
1405 5662 1490 5714 17.

634 5732 744 5801 (Si)
782 5732 1141 5798 Παραχωρεῖν
1201 5746 1341 5782 nunc
1392 5747 1499 5782 non
1566 5743 1648 5784 est
1704 5736 1972 5796 secedere,
2025 5741 2118 5790 sed

1797 5821 1802 5828 ι

559 5817 826 5864 cruri-pere
857 5816 906 5847 tu
931 5814 1133 5852 rumne
1175 5802 1451 5865 (ξιτεδ-νέωτα.
1487 5811 1520 5851 ι.
1563 5803 1666 5861 ΠΙ,
1701 5821 1752 5869 ιι.
1795 5805 1895 5854 5⁵71,
1930 5806 1985 5867 lC,
2022 5811 2117 5858 Ιιλ-

2238 5672 2328 5755 bet
2362 5677 2716 5733 ἐπιτίθεσθαι.
2755 5683 2914 5735 Forte
2944 5695 3120 5738 tamen
3145 5690 3267 5757 quis
3296 5693 3547 5744 maluerit
3582 5709 3778 5765 προχω-

2234 5746 2508 5812 ρούμενοι.
