4020 6532
192 431 293 495 193

1076 423 1467 486 COMMENT.
1516 422 1601 482 IN
1645 420 2122 482 ΜΑἸἽἩᾸΞΠΜ.
2166 444 2229 454 ·-
2280 419 2439 478 CAP.
2483 420 2669 481 XVII.

3387 415 3490 476 494

193 550 361 619 τρίτῳ
421 542 892 615 κιφαλαίῳ.”ορα
937 540 1091 610 γοῦν,
1142 539 1282 605 πῶς,
1314 540 1409 593 ut
1440 536 1537 592 τοῦ
1575 536 1784 607 Πέτρου

1901 536 2089 591 limus.
2132 534 2263 592 Vide
2295 551 2425 607 ergo
2447 536 2720 605 quomodo
2746 534 2965 590 licet‘ibi
2994 533 3366 589 Peli-infuerit
3402 535 3453 587 in
3473 566 3488 577 ~

191 637 615 709 ἐπιτιμηθέντος
669 638 806 699 ἐκεῖ,
853 636 946 687 καὶ
999 632 1094 687 τοῦ
1152 632 1367 702 Πατρδς
1423 630 1564 701 μετὰ
1619 628 1779 681 τοῦτο

192 731 548 793 κελεύσαντος
614 727 782 783 αὐτοῦ
830 727 1074 792 ἀκούειν,
1127 724 1224 779 καὶ
1271 722 1373 792 τῆς
1422 720 1777 782 ἀναστάσεως

192 826 329 895 μετὰ
345 826 497 893 τρεῖς
520 822 626 894 ἡμέ
635 840 734 892 ρας
753 820 1171 891 ὑποσχεθείσης,
1186 817 1295 871 οὐδ’
1316 817 1490 880 οὕτως
1513 817 1773 887 ἤνεγκα-ι,

188 916 303 970 ἀλλ’
334 915 712 986 ἐλυπήθησαν,
746 915 838 968 καὶ
868 914 990 967 οὐδὲ
1014 912 1224 976 ἁπλῶς,
1255 910 1394 962 ἀλλὰ
1439 908 1667 978 σφόδρα.

255 1008 428 1061 Τοῦτο
457 1008 501 1060 δ’
529 1008 746 1075 ἐγένετο
774 1006 910 1078 (55),
942 1006 1033 1059 διὰ
1062 1004 1124 1057 τὸ
1178 1005 1396 1070 ἀγνοεῖν
1430 1001 1633 1061 αὐτοὺς
1667 996 1777 1049 τῶν

185 1100 499 1169 λεγομένων
555 1098 652 1169 τὴν
706 1099 957 1168 δύναμιν,
1012 1097 1085 1159 ὡς
1133 1095 1362 1164 Μάρκος
1424 1092 1519 1145 καὶ
1562 1089 1777 1150 Λουκᾶς

184 1187 358 1245 εἷπον.
392 1192 596 1261 Εῖρηκε
629 1190 738 1261 γὰρ
768 1192 794 1243 ό
835 1190 956 1260 μὲν,
984 1190 1067 1242 ὅτι
1130 1186 1426 1255 Ἠγνόουν
1474 1184 1539 1236 τὸ
1588 1179 1774 1249 ῥῆμα.

183 1286 278 1337 καὶ
326 1282 660 1352 ἐφοϐοῦντο
695 1282 884 1335 αὐτὸν
920 1277 1298 1347 ἐπερωτῆσαι
1320 1291 1335 1306 ο
1364 1277 1391 1327 ὁ
1426 1274 1503 1337 δὲ,
1539 1272 1622 1325 ὅτι
1669 1270 1779 1325 Καὶ

181 1373 260 1445 ἦν
313 1374 943 1444 παρακεκαλυμμένον
990 1369 1344 1432 ἀπἀὐτῶν,
1391 1368 1494 1419 ἵνα
1544 1364 1630 1434 μὴ
1684 1364 1777 1415 αἷ-

180 1471 445 1521 σθωνται
484 1468 653 1521 αὑτό.
676 1466 831 1519 Κατὰ
872 1465 1024 1518 θείαν
1050 1462 1159 1532 γὰρ
1186 1458 1501 1529 οἰκονομίαν
1532 1456 1779 1524 ἀπεκρύ-

183 1576 352 1611 πτετο
406 1560 441 1630 ἡ
501 1558 700 1627 γνῶσις
745 1557 837 1610 τοῦ
864 1559 1108 1629 ῥήματος
1134 1553 1229 1608 ἀπ’
1248 1551 1452 1616 αὐτῶν,
1476 1553 1549 1611 ὡς
1574 1548 1779 1601 ἀτελῶν

180 1650 283 1714 ετι,
333 1650 430 1703 καὶ
471 1648 549 1719 μὴ
587 1648 909 1719 δυναμένων
962 1645 1253 1718 ἐφικέσθαι
1308 1641 1404 1697 τοῦ
1465 1639 1779 1710 ὑπερφυοῦς

180 1741 375 1795 τούτου
421 1742 751 1812 μυστηρίου.

254 1835 367 1887 Καὶ
398 1835 496 1887 ἐὰν
526 1835 761 1904 ἠγνόουν
792 1832 948 1899 αὐτὸ,
980 1831 1097 1896 πῶς
1146 1831 1501 1902 ἐλυπήθησαν
1533 1828 1779 1897 σφόδρα;

183 1927 259 1977 0-3
295 1926 357 1978 τὸ
398 1928 508 1979 πᾶν
559 1927 810 1994 ἠγνόουν,
861 1924 996 1977 ἀλλὰ
1034 1924 1166 1994 περὶ
1226 1923 1326 1993 μὲν
1384 1922 1480 1975 τοῦ
1544 1921 1780 1973 θανάτου

180 2019 350 2072 αὐτοῦ
409 2019 730 2085 ἐγίνωσκον,
779 2018 1055 2085 διαφόρως
1105 2017 1462 2078 ἀκούσαντες,
1503 2016 1590 2081 ἐφ’
1622 2008 1786 2082 (Incol.

181 2110 538 2181 ἐλυπήθησαν
559 2110 769 2180 σφόδρα
789 2126 800 2138 ⁸
825 2126 889 2161 πε
899 2110 951 2178 pi
970 2108 1025 2161 δὲ
1042 2107 1137 2177 τῆ,
1156 2108 1511 2168 ἀναστάσεως
1529 2106 1783 2175 ἠγνόουν.

184 2204 458 2264 Πολλάκις
493 2206 603 2273 γὰρ
631 2242 646 2268 ,
683 2205 778 2254 καὶ
815 2202 946 2267 περί⁵
979 2199 1185 2269 ταύτης
1226 2200 1565 2259 ἀκούσαντες
1590 2237 1601 2258 .
1636 2198 1786 2265 ὅμως

182 2297 282 2348 οὐκ
309 2286 772 2363 ἠδύναντονοεῖν,
799 2294 850 2346 τί
884 2295 1033 2345 ἐστιν
1068 2292 1234 2361 αὕτη.
1259 2294 1399 2362 Φησὶ
1432 2292 1542 2362 γὰρ
1571 2293 1598 2343 ό
1624 2290 1784 2361 Μὰρ·

188 2405 279 2449 κός
312 2390 370 2439 ὲν
403 2384 610 2450 ἄλλοις,
644 2387 728 2440 ὃτι
781 2380 922 2454 ἦσαν
974 2383 1361 2454 συζητοῦντες,
1405 2383 1455 2435 τί
1491 2385 1607 2433 ἐστι
1643 2385 1703 2432 τὸ
1724 2382 1787 2430 ὲκ

188 2480 400 2549 νεκρῶν
475 2480 799 2547 ἀναστῆναι.
868 2475 1287 2547 Ὑπελάμὸανον
1361 2476 1492 2543 γὰρ,
1550 2474 1634 2526 ὅτι
1692 2471 1790 2523 καὶ

187 2570 343 2625 τοῦτο
398 2571 686 2641 παραδολή
726 2569 808 2631 τίς
862 2569 1001 2623 ἑστι.
1052 2568 1163 2621 Καὶ
1195 2568 1307 2641 χὰρ
1340 2565 1480 2636 μετὰ
1528 2564 1627 2634 τὴν
1659 2564 1789 2615 ἀνά-

190 2681 379 2716 στασιν
410 2660 676 2732 διήνοιξεν
716 2659 896 2713 αὐτῶν
918 2658 1010 2711 τὸν
1050 2656 1176 2711 νοῦν
1212 2636 1308 2709 τοῦ
1367 2656 1609 2707 συνιέναι
1656 2652 1788 2722 περὶ

187 2773 408 2809 παντων
418 2798 431 2810 .

261 2966 418 3017 ΚΕΦ.
446 2966 588 3029 Λζῗ.
614 2962 752 3029 Περὶ
777 2958 895 3012 τῶν
921 2958 1253 3010 αἰτούντων
1287 2953 1360 3006 τὰ
1394 2952 1715 3019 δίδραχμα.

265 3058 371 3112 Καὶ
399 3085 472 3097 —--
503 3055 624 3108 ναι.
655 3055 716 3107 Oi
750 3052 1090 3121 πρωτότοκοι
1122 3048 1233 3101 τῶν
1262 3044 1535 3117 Ἐϐραίων
1566 3045 1788 3115 δίδραχ-

195 3168 293 3221 μον
342 3150 579 3209 ἕκαστος
631 3147 751 3199 κατ’
786 3142 1035 3197 ἐνιαυτὸν
1085 3140 1302 3192 ἐτέλουν
1350 3137 1428 3206 τῷ
1478 3134 1599 3205 Θεῷ
1653 3138 1790 3206 πρὸς

1890 634 2168 695 crepatus,
2200 634 2254 681 et
2286 626 2634 696 postmodum
2667 625 2894 697 jusserit
2917 622 3077 677 Pater
3095 630 3153 677 ut
3177 638 3302 677 cum
3334 625 3488 677 andi-

1889 727 2032 779 rent.
2102 718 2218 788 ipse
2271 734 2491 789 quoque
2540 707 3007 773 resurrectionem
3064 726 3189 787 post
3233 723 3345 769 tres
3370 716 3489 769 dies

1888 810 2226 879 promiserit,
2273 826 2375 865 nec
2429 812 2508 867 sic
2584 822 2763 866 tamen
2818 810 2961 865 ferre
3015 816 3332 879 potuerunt,
3394 810 3488 863 sul

1889 899 2197 953 contristati
2231 910 2381 963 sunt,
2415 910 2603 955 etnon
2631 909 2933 969 utcunque,
2971 899 3066 954 sed
3103 900 3484 953 vehementer.

1962 990 2077 1046 lloc
2105 1004 2287 1046 autem
2319 993 2519 1056 factum
2575 1001 2679 1063 est,
2713 1006 2781 1046 eo
2831 992 2977 1061 quod
3013 992 3330 1061 ignorarent
3380 994 3487 1041 vir-

1890 1092 2063 1137 tutem
2093 1099 2287 1139 eorum
2323 1101 2446 1153 qua:
2473 1085 2824 1147 dicebantur,
2852 1084 2996 1137 sicut
3029 1079 3246 1136 ﬂoreus
3280 1092 3331 1135 cl
3374 1080 3451 1132 Ln
3474 1111 3487 1119 ς

1886 1188 1982 1228 cas
2035 1173 2299 1228 dixerunt
2326 1177 2391 1226 ¹⁶.
2427 1171 2561 1228 Nam
2612 1173 2703 1229 ille
2764 1172 2923 1246 dixit
2955 1171 3101 1242 quod
3161 1172 3487 1241 Ignorabunt

1888 1266 2123 1332 verbum,
2162 1276 2209 1320 et
2242 1267 2500 1321 timebant
2545 1282 2665 1321 eum
2706 1267 3067 1336 interrogare.
3115 1262 3216 1317 llic
3251 1270 3434 1317 autem
3469 1278 3483 1314 :

1892 1356 1957 1411 Ei
1982 1368 2100 1412 erat
2158 1360 2536 1414 absconditum
2578 1358 2645 1413 ab
2682 1360 2756 1413 eis
2789 1368 2977 1412 utnon
3020 1354 3377 1426 intelligerent
3420 1353 3487 1404 it-

1891 1451 2003 1504 lud.
2061 1438 2252 1505 Divina
2287 1460 2469 1507 autem
2510 1452 2930 1521 dispensatione
2988 1446 3364 1503 occultabatnr
3416 1446 3484 1498 ab

1890 1542 1999 1595 illis
2030 1543 2181 1597 verbi
2223 1545 2469 1614 co;;nitio
2508 1553 2770 1613 tanquam
2795 1545 2865 1596 ab
2900 1539 3266 1611 imperfectis,
3300 1548 3357 1591 et
3389 1540 3482 1605 qui

1891 1634 2126 1689 necdum
2162 1644 2419 1704 poterant
2454 1636 2521 1692 ad
2560 1635 2984 1706 supernaturalc
3033 1633 3154 1703 ejus
3197 1640 3485 1701 penetrare

1888 1730 2235 1797 mysterium.

1969 1817 2163 1873 Verum
2204 1823 2246 1876 si
2276 1822 2408 1877 illud
2453 1824 2800 1893 ignorabant.
2851 1821 3127 1890 quomodo
3175 1819 3487 1876 contristati

1893 1920 2019 1965 sunt
2056 1914 2417 1966 vehementer
2445 1912 2469 1965 ‘i
2498 1913 2612 1967 Non
2646 1915 2867 1984 penitus
2888 1914 3245 1985 ignorabant,
3296 1912 3394 1966 sed
3420 1912 3490 1965 du

1893 2015 2066 2061 morte
2097 2006 2215 2075 ejus
2248 2006 2653 2078 intelligebant.
2682 2022 2807 2061 cum
2839 2006 2907 2061 de
2956 2023 3021 2062 ea
3055 2005 3257 2075 saepius
3304 2003 3489 2057 audis-

1890 2103 2033 2156 sent,
2086 2102 2140 2149 et
2180 2096 2249 2150 de
2292 2096 2392 2149 hac
2449 2097 2760 2151 contristati
2816 2106 2946 2152 sunt
2996 2096 3388 2151 vehementer:
3424 2093 3493 2147 du

1892 2186 2297 2239 resurrectione
2322 2200 2451 2240 vero
2480 2187 2826 2255 ignorabant,
2857 2187 2927 2241 de
2956 2201 3063 2257 qua
3095 2184 3260 2241 etiam
3295 2186 3493 2255 saepius

1889 2276 2200 2340 audierant,
2235 2292 2339 2332 nec
2371 2287 2551 2332 tamen
2588 2288 2845 2348 poterant
2902 2278 3210 2349 intelligere
3265 2279 3394 2346 quid
3428 2293 3491 2332 ea

1890 2376 2096 2421 essent.
2128 2367 2271 2423 Dicit
2300 2370 2450 2425 enim
2481 2369 2700 2425 Marcus
2732 2370 2876 2424 inter
2906 2370 3035 2435 alia,
3069 2370 3216 2441 quod
3262 2370 3494 2440 conqui-

1892 2460 2085 2514 rebant
2126 2462 2272 2514 inter
2301 2476 2361 2516 se
2396 2461 2525 2531 quid
2556 2471 2724 2525 esset,
2777 2478 2807 2515 a
2838 2462 3071 2517 mortuis
3107 2476 3394 2533 resurgere
3419 2460 3489 2512 ".

1891 2553 2329 2622 SuSpicabantur
2366 2570 2603 2625 namque
2654 2555 2799 2610 hanc
2826 2556 2993 2611 etiam
3027 2555 3321 2625 quamdam
3366 2569 3491 2609 esse.

1893 2645 2232 2715 parabolam.
2258 2645 2539 2715 Siquidem
2569 2657 2693 2717 post
2711 2648 3173 2702 resurrectionem
3206 2648 3251 2678 "
3280 2646 3495 2716 aperuit

1895 2744 2133 2790 mentem
2170 2737 2408 2805 illorum,
2448 2748 2509 2793 ut
2539 2738 2909 2809 intelligerent
2940 2737 3257 2809 Scripturas
3281 2738 3349 2792 de
3369 2753 3494 2793 om-

1894 2829 2081 2884 nibus.

2038 2945 2191 3001 CAP.
2229 2946 2473 3002 XXXVI.
2508 2946 2588 3001 De
2634 2948 2968 3017 exigentibus
3011 2949 3346 3003 didrachma.

1971 3037 2127 3093 Vers.
2162 3038 2253 3092 24.
2301 3037 2513 3093 Etcum
2551 3042 2828 3093 venissent.
2872 3068 2940 3079 -—-
2986 3039 3140 3094 Vers.
3172 3038 3264 3094 25.
3307 3039 3491 3094 etiam.

1896 3130 2250 3202 Primogeniti
2279 3147 2474 3188 omnes
2506 3131 2879 3186 Haebrworum
2907 3130 3144 3201 singulis
3202 3130 3365 3185 annis
3404 3131 3492 3185 di-

194 3241 571 3311 εὐχαριστίαν,
626 3236 741 3290 ἀνθ’
785 3231 861 3288 ὦν
927 3232 1295 3303 ὲξωλόθρευσε
1354 3230 1521 3281 πάλαι
1576 3227 1643 3279 τὰ
1686 3225 1792 3277 τῶν

1901 3223 2161 3279 drachma
2212 3223 2528 3294 pendebant
2564 3222 2674 3278 Deo
2724 3224 2777 3276 in
2812 3224 3109 3294 gratiarum
3168 3221 3443 3276 actionem
3479 3241 3492 3275 :

194 3334 511 3402 Αἰγυπτίων
566 3330 911 3401 πρωτότοκα.
950 3326 1105 3379 Ἐπεὶ
1155 3320 1251 3378 οὖν
1312 3322 1406 3375 καὶ
1459 3323 1485 3372 ὁ
1542 3318 1779 3389 Χριστὸς

196 3428 541 3498 πρωτότοκος
569 3419 657 3494 ἦν,
710 3420 861 3489 αὑτῷ
902 3418 1001 3489 μὲν
1054 3418 1102 3470 οί
1146 3415 1572 3481 ὲπισυνάγοντες
1612 3410 1787 3463 ταῦτα

196 3518 518 3590 προσελθεῖν
573 3514 991 3585 ηὐλαϐήθηοαν,
1040 3508 1312 3580 τιμῶντες
1360 3507 1527 3559 αὐτὸν
1576 3503 1666 3556 διὰ
1718 3503 1786 3554 τὰ

197 3612 399 3680 σημεῖα
418 3625 431 3637 ·
469 3607 549 3675 τῷ
582 3608 775 3675 Πέτρῳ
805 3604 862 3656 δὲ
892 3600 1098 3665 λοιπὸν,
1121 3600 1197 3663 ὡς
1237 3596 1521 3667 κορυφαίῳ
1549 3594 1656 3647 τῶν
1684 3610 1788 3662 μα-

196 3702 402 3773 θητῶν,
462 3699 884 3770 προσέρχονται,
941 3695 1036 3747 καὶ
1086 3694 1187 3746 οὐκ
1240 3688 1594 3751 ἀπαιτοῦσιν,
1649 3686 1787 3738 ἀλλὰ

200 3797 338 3864 μετὰ
389 3794 697 3862 πραότητος
745 3788 1049 3859 ἐρωτῶσιν.
1084 3785 1243 3837 Ἔστι
1283 3782 1341 3835 δὲ
1386 3782 1449 3833 τὸ
1489 3781 1786 3849 δίδραχμον

197 3888 335 3950 ε’ὀιις
368 3886 659 3956 ἀργυρίου.

269 4072 380 4127 Καὶ
402 4072 503 4123 ὅτε
538 4066 829 4135 εἰσῆλθεν
853 4094 920 4103 -
942 4062 1319 4129 ἀλλοτρίων;
1353 4059 1464 4132 Πρὸ
1493 4057 1589 4112 τοῦ
1613 4060 1789 4110 εἰπεῖν

199 4168 289 4221 τὸν
323 4165 529 4233 Πέτρον
553 4161 681 4229 περὶ
715 4158 808 4215 τοῦ
843 4156 1169 4227 διδράχμου,
1217 4152 1524 4225 προέλαὸεν
1562 4150 1727 4205 αὑτὸν
1762 4155 1789 4204 ό

198 4260 457 4331 Χριστος,
481 4251 884 4325 ὲμφαίνων,ὃτι
911 4249 972 4302 οὐ
996 4249 1167 4301 δεῖται
1196 4246 1325 4317 παρ’
1353 4244 1540 4315 ἐτέρου
1568 4244 1788 4314 μαθεῖν,

194 4353 354 4414 εἰδὼς
408 4350 471 4403 οὐ
500 4348 569 4402 τὰ
601 4345 908 4414 λαλούμενα
942 4342 1123 4413 μόνον,
1156 4338 1294 4393 ἀλλὰ
1316 4339 1412 4392 καὶ
1460 4337 1528 4390 τὰ
1575 4335 1792 4390 ἐννοού-

202 4463 365 4516 μενα.
420 4441 520 4495 Διὰ
573 4438 1023 4510 παραδείγματος
1078 4434 1135 4487 δὲ
1194 4431 1614 4496 ἀποδείκνυσιν,
1666 4431 1787 4494 ὅτι,

199 4540 428 4608 γνήσιος
479 4534 608 4597 Υἱὸς
634 4533 711 4585 ὢν
760 4531 855 4585 τοῦ
900 4528 1062 4593 Θεοῦ,
1093 4527 1193 4581 οὐκ
1246 4524 1454 4595 ὀφείλει
1502 4524 1679 4577 τελεῖν
1711 4522 1789 4593 τῷ

201 4626 471 4698 [la-.9110
500 4625 813 4695 δίδραχμον.
853 4623 914 4675 Οί
960 4622 1070 4691 γὰρ
1106 4617 1347 4690 βασιλεῖς
1381 4616 1483 4670 οὐκ
1526 4616 1634 4669 ἀπὸ
1678 4616 1787 4669 τῶν

198 4724 444 4796 γνησίων
475 4719 635 4783 υίῶν,
656 4716 772 4772 ἀλλ’
798 4714 905 4767 ἀπὸ
924 4712 1035 4767 τῶν
1062 4710 1360 4781 ἀλλοτρίων
1376 4708 1506 4779 τέλη
1535 4708 1566 4777 ἢ
1589 4707 1792 4777 κῆνσον

200 4812 644 4888 >.αμ6ανουοι.’1“ὺ
666 4810 799 4864 αὐτὸ
826 4808 882 4862 δὲ
905 4809 1125 4878 λέγεται
1153 4806 1248 4859 καὶ
1265 4803 1416 4868 τέλος
1440 4803 1537 4856 καὶ
1565 4802 1788 4873 κῆναος·

200 4912 358 4973 τέλος
389 4909 488 4975 μὲν
516 4903 635 4958 καθ’
657 4903 947 4972 Ἕλληνας,
982 4900 1179 4971 κῆνσος
1208 4896 1266 4950 δὲ
1292 4898 1434 4951 κατὰ
1463 4893 1791 4967 Ῥωμαίους.

276 5190 453 5257 Λέγει
492 5186 732 5240 —-vlo!.
784 5184 859 5237 Τὸ
919 5181 1035 5251 ἄρα
1098 5179 1210 5252 (56)
1246 5180 1369 5233 ἀντὶ
1425 5176 1541 5240 τοῦ,
1591 5178 1797 5231 λοιπόν.

234 5280 529 5352 Ελεύθεροι
553 5279 610 5332 δὲ
639 5275 733 5331 τοῦ
761 5275 945 5330 δοῦναι
975 5273 1105 5347 τέλη
1139 5272 1171 5345 ἢ
1208 5272 1430 5343 κῆνσον.

314 5472 362 5505 ⁸⁸
386 5468 531 5525 Marc
585 5484 659 5535 ιι,
682 5466 787 5532 52;
827 5463 960 5519 Luc.
998 5478 1074 5527 ix,
1108 5459 1199 5517 45.
1310 5460 1353 5491 ¹¹
1393 5456 1559 5511 Marc.
1595 5472 1669 5521 ix,
1705 5455 1792 5507 lO.

1889 3330 1955 3369 eo
1985 3314 2130 3384 quod
2161 3314 2290 3369 olim
2319 3312 2703 3384 Egyptioruut
2753 3312 3120 3384 primogenita
3144 3310 3494 3383 perdiderat.

1888 3407 2027 3473 Quia
2065 3421 2196 3476 ergo
2228 3406 2493 3461 Christus
2527 3407 2695 3461 etiam
2739 3405 3139 3475 primogenitus
3199 3413 3341 3471 erat,
3400 3403 3493 3475 qui

1891 3502 2008 3555 haec
2040 3500 2466 3570 congregabant,
2499 3500 2566 3553 ad
2600 3500 2781 3568 ipsum
2812 3498 3037 3567 quidem
3075 3498 3339 3553 accedere
3398 3512 3495 3552 ve-

1892 3595 2178 3656 rebantur,
2211 3594 2549 3647 Iionorantes
2590 3606 2716 3645 eum
2774 3598 3003 3661 propter
3042 3590 3311 3644 miracula
3354 3608 3369 3644 :
3426 3590 3495 3645 ad

1893 3686 2118 3740 Petrum
2151 3696 2335 3739 autem
2374 3693 2632 3752 tanquam
2665 3682 2974 3752 principem
3026 3681 3137 3751 jam
3187 3682 3492 3753 discipulo-

1892 3796 2012 3832 rum
2048 3778 2318 3832 accedunt
2346 3794 2358 3830 :
2393 3792 2497 3829 nec
2525 3777 2769 3845 exigunt,
2798 3777 2893 3829 sed
2926 3791 3047 3829 cum
3078 3774 3495 3833 mansuetudine

1894 3876 2235 3945 interrogant
2305 3871 2401 3925 Est
2434 3883 2616 3925 autem
2650 3870 3034 3923 didracbmum
3092 3885 3265 3939 genus
3323 3873 3496 3926 numi~

1896 3968 2083 4022 matis.

1964 4057 2123 4114 Vers.
2200 4058 2289 4112 25.
2354 4057 2593 4122 Cumque
2651 4058 2919 4127 ingressus
2990 4056 3496 4111 esset—alienis!

1894 4150 2219 4221 Priusquam
2247 4151 2563 4219 loqueretur
2590 4151 2780 4204 Petrus
2834 4150 2903 4204 de
2949 4150 3293 4213 didraclnno,
3325 4150 3495 4214 λωπ-

1895 4245 2050 4300 venit
2070 4243 2401 4306 eumJesus,
2455 4244 2846 4298 demonstrans
2872 4258 2979 4295 non
3045 4257 3184 4311 opus
3212 4256 3336 4296 esse
3389 4240 3491 4296 sibi

1896 4348 1955 4393 ut
1981 4338 2051 4393 ab
2102 4337 2210 4391 alio
2245 4337 2501 4399 disceret,
2551 4353 2674 4390 cum
2718 4338 2889 4390 sciret
2941 4351 3047 4389 non
3108 4344 3317 4388 tantum
3374 4350 3495 4403 qua:

1894 4426 2469 4487 dicebantur,_verum
2531 4425 2696 4478 etiam
2758 4438 2879 4493 qua:
2942 4424 3345 4495 cogitabantur.
3388 4423 3491 4477 Per

1896 4520 2209 4590 exeiiiplum
2259 4526 2445 4572 autent
2497 4518 2739 4573 ostendit
2782 4521 2948 4586 quod,
3025 4534 3149 4572 cum
3228 4518 3492 4572 naturalis

1899 4614 1971 4669 sit
2006 4612 2099 4665 Dei
2149 4611 2342 4672 Filius,
2400 4625 2510 4663 non
2546 4610 2713 4663 debet
2760 4608 3003 4678 pendere
3038 4607 3183 4662 Patri
3231 4610 3491 4664 didrach-

1901 4722 2075 4761 mum.
2125 4703 2263 4758 Nam
2327 4718 2483 4772 reges
2534 4718 2639 4755 non
2686 4719 2717 4755 a
2786 4704 3028 4773 propriis
3071 4702 3218 4765 ﬁliis,
3284 4706 3377 4756 sed
3425 4702 3495 4755 ab

1905 4798 2101 4853 alienis
2154 4795 2416 4849 tributum
2474 4796 2554 4849 vel
2590 4810 2818 4849 censum
2849 4794 3142 4862 accipiunt.
3193 4795 3342 4847 lilem
3398 4810 3495 4847 an-

1910 4904 2019 4947 tem
2049 4890 2358 4961 signiﬁeant
2400 4888 2554 4951 τὲλος
2600 4890 2617 4948 (
2647 4887 2793 4956 quod
2821 4886 3075 4940 tributum
3120 4886 3407 4957 vertimus)
3441 4897 3495 4941 et

1902 4992 2101 5059 κῆνσος
2148 5000 2370 5038 census:
2433 4982 2527 5036 sed
2567 4980 2699 5035 illud
2731 4980 2874 5049 apud
2915 4976 3159 5041 Grtecos,
3192 4979 3296 5033 hoc
3347 4979 3493 5046 apud

1904 5083 2209 5137 Romanos.

1976 5171 2131 5226 Vers.
2165 5169 2256 5224 26.
2299 5167 2437 5222 Dicit
2462 5167 2671 5237 —ﬁlii.
2708 5168 2873 5236 Ἄρα,
2908 5164 3029 5220 loco
3068 5162 3337 5231 reliquum
3373 5177 3390 5230 ;
3430 5160 3493 5217 li-

1898 5266 2021 5323 beri
2061 5271 2271 5325 autem,
2308 5277 2378 5315 ne
2410 5262 2652 5332 pendant
2679 5260 2953 5315 tributum
2986 5260 3067 5311 vel
3100 5271 3350 5311 censum.

1905 5455 1948 5485 ²¹
1979 5453 2112 5507 Luc.
2151 5466 2302 5513 xxiv,
2326 5448 2417 5504 45.

1456 5618 1659 5680 νοτία)
1692 5611 2002 5677 lectiones
2048 5614 2110 5670 et
2152 5614 2341 5669 notae.

285 5752 401 5819 (55)
448 5750 713 5821 Ἐγίνετο,
755 5750 823 5806 Α.

276 5800 398 5897 ξέθί
434 5800 713 5893 uﬁtiq'u'é'
738 5800 921 5893 priora
968 5818 1233 5875 vocabula
1284 5815 1550 5870 omiserat
1590 5807 1921 5865 llentenius.
1953 5803 2126 5859 Etiam
2156 5800 2463 5875 proximum
2486 5801 2567 5860 δέ.
