4020 6550
581 452 688 516 495

651 567 802 620 Vers.
826 568 913 620 Ξῖ.
952 564 1134 618 l'crum
1181 576 1308 618 —tc.
1339 566 1715 617 Detuoustrato
1747 562 1981 630 primum
1999 555 2146 628 quod
2179 556 2229 615 Α

579 656 696 728 ipse
724 673 831 712 non
869 659 1059 712 debeat
1108 656 1344 726 pendere
1397 664 1616 724 propter
1659 653 2023 712 divinitatem,
2065 660 2148 702 ta-

578 766 703 804 men
729 751 858 803 dare
885 749 1044 819 jubet
1079 756 1301 818 propter
1334 748 1755 810 humanitatem,
1805 761 1872 800 ne
1915 743 2151 798 aliendi.

578 839 761 896 culum
789 844 1124 907 paterentur,
1157 837 1308 905 quasi
1342 836 1458 906 ipse
1490 837 1659 891 Deum
1690 837 2021 906 despiceret,
2048 848 2149 886 no-

579 931 694 985 lens
711 939 765 982 et
796 930 907 997 ipse
936 927 1044 981 Deo
1064 929 1301 996 pendere
1329 928 1726 982 didruclnnum.
1747 927 1788 980 A
1809 928 1943 981 mari
1967 935 2149 979 autem

577 1021 672 1073 dat
713 1019 1015 1073 tributum:
1061 1019 1189 1072 hinc
1223 1033 1441 1087 quoque
1483 1019 1778 1074 ostendens
1821 1020 1966 1086 quod
2024 1025 2147 1070 tan-

577 1125 737 1179 quam
783 1109 1026 1163 omnium
1073 1107 1337 1164 Dominus
1387 1109 1630 1178 praecipit
1680 1117 1734 1163 et
1788 1109 1947 1172 mari,
2005 1110 2148 1177 quod

575 1201 729 1271 quasi
761 1211 1035 1270 praecepto
1072 1201 1195 1271 ejus
1223 1201 1550 1272 subjectum,
1594 1200 1760 1253 mittit
1801 1198 2006 1269 piscem
2051 1201 2146 1269 qui

578 1293 837 1347 tributum
857 1292 1081 1348 domino
1111 1291 1321 1346 deferat
1354 1308 1369 1346 :
1400 1307 1504 1346 nec
1530 1305 1631 1361 pro
1665 1290 1784 1359 ipso
1814 1291 2014 1356 solum,
2048 1293 2145 1348 sed

577 1395 629 1440 et
664 1400 765 1454 pro
799 1385 976 1454 primo
1006 1386 1127 1454 ejus
1156 1383 1467 1454 discipulo;
1521 1398 1648 1438 nam
1676 1383 1873 1438 Petrus
1923 1400 2142 1454 quoque

578 1471 974 1541 primogenitus
1002 1480 1142 1524 erat.

650 1562 807 1617 Prius
843 1563 1111 1631 siquidem
1151 1562 1314 1617 etiam
1345 1563 1446 1617 hoc
1486 1564 1850 1618 diversimode
1909 1564 2146 1617 demon-

578 1660 805 1713 stravit:
839 1660 1123 1728 etqnando
1147 1659 1246 1728 ipsi
1277 1659 1476 1714 furenti
1508 1659 1815 1729 imperavit.
1850 1669 1904 1712 et
1929 1659 2148 1728 quando

577 1766 673 1819 per
701 1753 878 1820 ipsum
915 1751 1066 1820 quasi
1111 1766 1208 1819 per
1241 1751 1446 1812 aridam
1497 1753 1663 1819 pedes
1703 1750 2025 1804 ambulavit.
2083 1748 2146 1802 Et

576 1857 721 1896 nunc
766 1857 980 1910 quoque
1040 1842 1180 1895 idem
1237 1857 1452 1898 rursum
1503 1842 1659 1895 aliter
1703 1843 1965 1905 ostendit,
1995 1843 2146 1895 vario

1832 443 2216 504 EUTHYMH
2259 439 2624 502 ZIGARENI
3713 439 3803 499 490

2323 553 2457 606 "Ira
2501 581 2572 593 —
2609 551 2744 606 σοῦ.
2785 549 3100 614 ’Λποδείξας
3129 549 3366 619 πρῶτον,
3393 548 3474 601 ὅτι
3529 548 3680 610 αὐτὸς
3722 549 3806 599 οὐκ

2255 641 2460 709 ὀφείλει
2497 641 2714 693 τελέσαι
2790 640 2876 693 διὰ
2927 639 3028 709 τὴν
3079 639 3334 707 θεότητα,
3385 637 3569 689 λοιπὸν
3622 637 3808 688 κελεύει

2256 731 2439 787 δοῦναι
2487 733 2577 786 διὰ
2609 734 2708 801 τὴν
2745 731 3168 802 ἀνθρωπότητα,
3193 732 3281 784 ἵνα
3320 731 3397 800 μὴ
3434 728 3806 781 σκανδαλισθὼ-

2259 838 2364 886 σιν,
2395 823 2471 886 ὡς
2501 822 2860 891 άτιμάζοντος
2895 820 3062 872 αὐτοῦ
3094 823 3184 872 τὸν
3215 821 3368 884 Θεὸν,
3401 822 3460 871 ὲν
3513 820 3586 887 τῷ
3617 819 3688 886 μὴ
3728 835 3808 869 τε·

2257 913 2368 964 λείν
2397 913 2491 966 καὶ
2513 913 2676 966 αὐτὸν
2704 912 2782 981 τῷ
2802 911 2921 977 Θεῷ
2947 912 3009 963 τὸ
3028 911 3341 981 δίδραχμον.
3384 912 3479 964 Ἐκ
3507 912 3604 980 τῆς
3628 911 3808 964 θαλάσ-

2259 1018 2360 1070 σης
2407 1002 2462 1054 δὲ
2509 1000 2702 1055 δίδωσι
2739 1002 2802 1054 τὸ
2845 1001 3018 1065 τέλος,
3062 999 3323 1054 δεικνύων
3373 1000 3680 1066 κάντεῦθεν,
3718 1001 3808 1065 ὅτι,

2255 1093 2388 1155 Θεὸς
2415 1093 2490 1146 ὢν
2511 1093 2621 1146 τῶν
2649 1075 2806 1154 ὂλιυν,
2837 1092 3085 1163 κυριεύει
3130 1090 3227 1144 καὶ
3257 1091 3361 1160 τῆς
3400 1090 3690 1159 θαλάσσης,
3705 1090 3812 1158 ἥτις

2254 1183 2332 1253 τῷ
2397 1185 2699 1255 βουλήματι
2758 1183 2922 1236 αὑτοῦ
2981 1180 3451 1252 καθυπηρετοῦσα
3503 1183 3700 1248 πέμπει
3733 1179 3812 1232 τὸν

2259 1275 2412 1343 ίχθὺν
2432 1315 2446 1339 ,
2480 1274 2773 1345 κομίζοντα
2805 1275 2866 1327 τὸ
2895 1273 3047 1336 τέλος
3086 1273 3231 1343 ’ὑπὲρ
3260 1271 3357 1324 τοῦ
3397 1271 3699 1323 Δεσπότου·
3729 1269 3815 1322 καὶ

2254 1366 2353 1433 οὐχ
2383 1365 2524 1434 ὑπὲρ
2570 1363 2736 1417 αὐτοῦ
2778 1365 2960 1434 μόνον,
2997 1363 3133 1417 ἀλλὰ
3182 1364 3278 1416 καὶ
3312 1362 3457 1428 ὑπὲρ
3493 1359 3585 1413 τοῦ
3619 1358 3814 1428 πρώτου

2253 1455 2362 1506 τῶν
2383 1455 2643 1524 μαθητῶν
2661 1455 2825 1507 αὑτοῦ
2842 1472 2855 1485 ⁸
2874 1455 3220 1524 πρωτότοκος
3235 1454 3344 1525 γάρ
3365 1454 3462 1504 καὶ
3481 1453 3507 1502 ὁ
3531 1452 3721 1521 Πέτρος
3734 1445 3812 1515 ἦν.

2326 1549 2435 1599 Καὶ
2467 1548 2732 1618 πρότερον
2765 1549 2865 1617 μὲν
2895 1550 3003 1616 γάρ
3041 1546 3200 1599 τοῦτο
3228 1545 3507 1614 διαφόρως
3547 1543 3654 1612 (57)
3697 1540 3816 1594 ἔδει·

2256 1637 2472 1701 ξεν,ὃτε
2522 1640 2855 1708 ἐπετίμησεν
2902 1641 3038 1708 αὐτῇ
3090 1637 3556 1708 μαινομένῃμκαὶ
3601 1635 3686 1687 ὅτε
3736 1633 3814 1684 δια

2253 1730 2454 1801 ταύτης
2496 1733 2808 1795 ἐπέζευσεν,
2843 1732 2916 1794 ὼς
2963 1731 3050 1783 διὰ
3083 1731 3281 1800 ξηρᾶςο
3316 1727 3415 1781 καὶ
3447 1726 3541 1779 νῦν
3574 1725 3629 1778 δὲ
3669 1724 3814 1777 πάλιν

2253 1822 2452 1889 τρόπον
2481 1821 2665 1890 ἕτερον
2730 1820 2886 1874 τοῦτο
2955 1821 3216 1883 δείκνυσι,
3269 1817 3603 1888 πολλαχόθεν
3658 1813 3815 1884 δηλῶν

577 1933 736 1985 modo
783 1933 1178 1999 subjectionem
1208 1932 1352 1986 illius
1378 1933 1712 2003 signiﬁcans.
1761 1934 1856 1986 Est
1889 1943 1943 1988 et
1975 1943 2145 1987 stater

2252 1912 2345 1984 τὴν
2372 1914 2650 1984 ὑποταγὴν
2674 1914 2868 1983 αὐτῆς.
2897 1913 3186 1983 Ἀργυρίου
3211 1911 3268 1965 δὲ
3290 1907 3433 1974 εἶδος
3461 1911 3555 1962 καὶ
3577 1911 3604 1961 ό
3630 1905 3814 1974 στστὴρ

575 2022 916 2076 numismatis
953 2037 1125 2092 genus
1169 2021 1276 2076 duo
1306 2022 1642 2088 didrachma,
1669 2024 1721 2078 id
1777 2035 1879 2087 est,
1916 2035 2148 2094 quatuor

575 2116 863 2168 drachmas
894 2115 1206 2168 continens.

657 2203 787 2258 Vide
822 2213 1003 2258 autem
1050 2205 1328 2273 quomodo
1379 2221 1527 2259 nunc
1569 2204 1773 2259 Iudaeis
1813 2205 2147 2259 oﬂendieulo

576 2311 696 2350 esse
719 2297 929 2350 noluit:
963 2295 1089 2350 alibi
1121 2312 1249 2351 vero
1277 2295 1672 2350 Pharismorum
1701 2297 1947 2365 despexit
1977 2297 2150 2350 otl‘en-

577 2388 841 2450 diculum,
889 2387 1108 2456 quando
1143 2387 1210 2440 de
1251 2387 1389 2440 cibis
1418 2387 1757 2456 disputabat.
1798 2389 1965 2441 Docet
2001 2390 2146 2442 enim

576 2479 719 2546 quod
749 2477 1040 2544 aliquando
1066 2476 1455 2530 oﬂ‘endiculum
1493 2492 1687 2530 cavere
1712 2486 1947 2544 oportet,
1979 2477 2151 2532 inter—

575 2573 701 2622 dum
740 2584 868 2622 vero
903 2568 1033 2621 illud
1075 2567 1378 2636 despicere,
1420 2573 1630 2620 etcum
1691 2566 1898 2635 judicio
1933 2567 2036 2620 hoc
2095 2578 2149 2622 ct

575 2659 708 2715 illud
733 2658 931 2713 facere.

652 2750 1038 2807 Universaliter
1087 2750 1231 2803 enim
1272 2750 1322 2801 in
1361 2750 1449 2804 his
1508 2764 1629 2817 qua:
1675 2749 1826 2818 juxta
1880 2749 1972 2803 Dei
2012 2765 2149 2818 prat-

578 2851 796 2911 ceptum
840 2843 1097 2897 dicuntur
1139 2850 1231 2893 ant
1280 2840 1436 2903 fiunt,
1491 2839 1874 2893 oﬂendiculum
1937 2851 2151 2909 Oportet

575 2936 858 3004 despicere
893 2952 905 2986 :
943 2934 996 2986 in
1024 2934 1108 2986 his
1141 2941 1322 2986 autem
1347 2947 1468 3000 qua:
1495 2933 1644 3001 juxta
1675 2933 2005 2986 voluntatem
2042 2949 2146 2984 no-

578 3036 771 3088 stram,
810 3023 1199 3077 oﬂ'endiculum
1232 3035 1424 3075 curare
1465 3023 1738 3088 convenit,
1799 3032 1962 3090 prout
2007 3039 2147 3092 pra}-

577 3117 720 3185 cepit
758 3114 982 3184 Magnus
1016 3113 1266 3168 Basilius.

681 3210 837 3262 CAP.
877 3205 1138 3259 XXXVII.
1178 3206 1250 3259 De
1297 3206 1633 3259 dicentibus:
1668 3205 1795 3270 Qui:
1827 3207 2044 3275 major?

650 3299 802 3352 CAP.
853 3297 1043 3360 XVIII,
1107 3295 1264 3352 Vers.
1320 3298 1369 3350 l.
1413 3295 1565 3350 In—-
1594 3297 1897 3350 captarum?
1944 3298 2147 3350 lluma-

577 3406 708 3444 nunt
758 3390 1014 3458 quiddam
1065 3387 1316 3457 discipuli
1379 3397 1507 3442 tunc
1547 3389 1916 3457 patiebantur.
1965 3390 2145 3442 Intuiti

579 3481 846 3550 siquidem
888 3480 1236 3548 praepositum
1297 3478 1466 3532 fuisse
1499 3481 1738 3544 Petrum,
1774 3496 1899 3533 nam
1962 3491 2017 3533 et
2054 3481 2144 3534 .la-

576 3574 742 3627 cobus
803 3571 1204 3641 primogenitus
1251 3580 1368 3623 erat
1409 3581 1463 3623 et
1505 3570 1644 3623 alii:
1708 3572 1800 3623 sed
1858 3570 1992 3624 nihil
2045 3574 2148 3626 tale

581 3677 678 3730 pro
702 3661 782 3714 eis
828 3659 986 3721 dixit,
1015 3658 1310 3711 doluerunt
1344 3675 1357 3712 :
1385 3666 1440 3710 et
1472 3665 1651 3708 tamen
1685 3657 1943 3711 allectum
1979 3675 2139 3712 suum

576 3749 825 3805 confiteri
878 3749 1238 3810 erubuernnt,
1265 3746 1359 3799 sed
1407 3745 1724 3800 indistincte
1759 3759 2147 3815 przeceptorem

578 3847 935 3912 interrogant,
964 3841 1213 3910 quisnam
1249 3838 1517 3892 maximus
1541 3848 1686 3892 esset
1708 3854 1916 3893 eorum.

647 3935 759 3989 Nec
786 3934 836 3986 id
863 3933 1038 3987 solum
1085 3931 1339 3986 aﬂ'ectum
1378 3933 1523 3984 hunc
1567 3931 1917 3994 excitaverat,
1961 3932 2055 3986 sed
2093 3942 2150 3987 et

579 4025 683 4078 alia
722 4026 913 4078 multa.
942 4023 1075 4076 Nam
1107 4033 1162 4078 et
1191 4023 1344 4091 prius
1373 4035 1589 4090 quoque
1617 4021 1948 4076 beatificavit
1998 4039 2145 4086 eum,

581 4118 859 4185 multaque
886 4116 960 4168 illi
992 4116 1277 4185 promisit:
1303 4115 1429 4168 alibi
1458 4116 1619 4168 etiam
1643 4116 1755 4169 visa
1776 4115 1921 4170 illius
1975 4118 2142 4171 liber-

579 4218 684 4260 tate
710 4206 999 4260 subtristes
1025 4205 1208 4260 eﬂecti
1238 4215 1386 4259 sunt.

646 4298 859 4352 Marcus
886 4312 1014 4350 vero
1045 4297 1121 4352 ait
1147 4298 1218 4362 ",
1261 4298 1404 4367 quod
1435 4299 1672 4368 primum
1710 4301 1851 4356 inter
1878 4320 1936 4359 se
1953 4307 2144 4375 dispu-

577 4398 842 4452 taverant,
877 4389 999 4457 quis
1043 4389 1310 4443 maximus
1353 4399 1541 4456 esset;
1595 4401 1649 4447 et
1695 4393 1820 4448 huic
1879 4411 2144 4456 consonat

572 4481 737 4534 etiam
791 4479 962 4533 Lucas
985 4480 1052 4532 ν’.

2248 2001 2338 2072 ἦν,
2366 2005 2461 2058 δύο
2491 2007 2804 2077 διδράχμων
2833 2007 3106 2070 ἀντάξιος.

2331 2192 2529 2244 Σκόπει
2558 2192 2639 2256 δὲ,
2669 2191 2784 2253 πῶς
2813 2191 2908 2243 νῦν
2946 2191 3041 2258 μὲν
3089 2191 3189 2242 οὑκ
3222 2188 3500 2260 ὴῦουλήθη
3547 2184 3814 2238 σκανδαλί-

2254 2305 2344 2339 σαι
2393 2290 2518 2348 τοὺς
2552 2286 2877 2350 Ἰουδαίους,
2920 2285 3153 2354 ἀλλαχοῦ
3203 2285 3259 2337 δὲ
3308 2286 3684 2353 κατεφρόνησε
3727 2277 3811 2330 τοῦ

2254 2380 2548 2432 σκανδάλου
2573 2379 2682 2432 τῶν
2706 2379 3039 2448 Φαρισαίων,
3066 2380 3153 2430 ὅτε
3187 2377 3312 2445 περὶ
3361 2377 3471 2428 τῶν
3527 2377 3811 2446 βρωμάτων

2251 2473 2539 2539 διελέγετο.
2567 2473 2964 2542 Διδάσκειγάρ,
2987 2473 3069 2524 ὅτι
3098 2472 3225 2522 ποτὲ
3259 2472 3356 2538 μὲν
3391 2472 3498 2539 χρὴ
3529 2469 3814 2538 φροντίζειν

2252 2563 2345 2613 τοῦ
2388 2561 2712 2626 σκανδάλου,
2763 2564 2894 2614 ποτὲ
2943 2562 2997 2614 δὲ
3051 2565 3420 2631 καταφρονεῖν
3475 2561 3659 2629 αύτοῦ,
3691 2566 3815 2631 μετὰ

2251 2653 2574 2722 διακρίσεως
2602 2651 2660 2704 δὲ
2691 2654 2868 2704 ποιεῖν
2899 2652 2994 2705 καὶ
3018 2653 3176 2704 τούτο
3197 2654 3445 2708 κάκεῖνο.

2323 2742 2600 2815 [Καθόλου
2631 2744 2762 2814 (58)
2791 2744 2898 2813 γὰρ
2923 2745 3016 2796 ἐπὶ
3042 2744 3141 2813 μὲν
3159 2746 3266 2807 toi,
3297 2747 3422 2796 κατ’
3443 2745 3664 2814 ἐντολὴν
3687 2743 3812 2796 Θεοῦ

2252 2835 2566 2904 λεγομένοις
2628 2835 2661 2906 ἦ
2721 2835 3120 2905 πραττομένοις
3164 2836 3270 2905 χρὴ
3319 2839 3682 2907 καταφρονεῖν
3730 2833 3812 2886 τοῦ

2253 2927 2553 2982 σκανδάλου
2595 2929 2688 2980 ἐπὶ
2727 2927 2784 2979 δὲ
2820 2929 2930 2988 τοῖς
2977 2929 3118 2980 κατὰ
3162 2918 3487 2998 προαίρεσιν
3531 2931 3810 2999 ἡμετέραν,

2253 3019 2522 3087 προσήκει
2578 3017 2906 3087 θεραπεύειν
2973 3015 3031 3067 τὸ
3083 3015 3401 3083 σκάνδαλον,
3445 3017 3520 3080 ὡς
3569 3019 3596 3069 ὁ
3655 3017 3812 3085 μέγας

2253 3114 2529 3176 Βασίλειος
2555 3113 2869 3166 διέστειλεν.
2891 3112 2909 3183 ]

2358 3207 2513 3259 ΚΕΦ.
2537 3205 2655 3261 ΛΖ’.
2681 3207 2814 3272 Περὶ
2843 3205 2963 3258 τῶν
2990 3207 3311 3273 λεγόντων,
3335 3204 3435 3269 Τίς
3457 3203 3699 3274 μείζωη

2323 3298 2425 3351 Ἐν
2453 3327 2516 3337 -
2540 3298 2852 3363 οὐρανῶν;
2900 3296 3276 3367 Ἀνθρώπινόν
3305 3314 3356 3349 τι
3387 3298 3511 3348 τότε
3561 3293 3812 3348 πεπόνθα-

2253 3407 2334 3441 σιν
2365 3391 2414 3441 οί
2450 3389 2714 3458 μαθηταί.
2736 3389 3073 3458 Θεασάμενοι
3106 3388 3234 3459 ¹γάρ
3281 3387 3685 3457 προτιμηθέντα
3731 3384 3812 3435 τὸν

2253 3481 2456 3549 Πέτρον
2479 3496 2492 3509 ·
2529 3479 2618 3532 καὶ
2651 3481 2758 3548 γὰρ
2787 3480 2880 3532 καὶ
2933 3479 3187 3540 Ἰάκωϐος
3231 3477 3580 3548 πρωτότοκος
3610 3473 3694 3548 ἦν,
3730 3478 3813 3528 καὶ

2248 3574 2424 3642 ἕτεροι
2448 3589 2461 3603 ο
2502 3571 2614 3625 ἀλλ’
2649 3573 2800 3624 οὐδὲν
2832 3570 3074 3624 τοιοῦτον
3103 3571 3241 3640 ὑπὲρ
3271 3569 3478 3623 τούτων
3510 3565 3660 3621 εἶπεν
3685 3585 3696 3597 ·
3724 3568 3812 3637 ήλ-

2250 3680 2424 3732 γησαν
2446 3702 2461 3726 ,
2518 3665 2614 3715 καὶ
2652 3664 2995 3732 αἰσχύνονται
3038 3663 3137 3731 μὲν
3170 3660 3506 3732 ὁμολογῆσαι
3534 3662 3595 3727 τρ
3626 3660 3814 3723 πάθος,

2250 3755 2567 3826 ἀδιορίστως
2599 3753 2654 3806 δὲ
2679 3754 2768 3806 τὸν
2795 3754 3116 3808 διδάσκαλον
3149 3754 3415 3825 ἐρωτῶσι,
3441 3754 3525 3817 τίς
3558 3753 3664 3821 ἄρα
3699 3751 3810 3819 μεί-

2250 3845 2448 3911 ζιον,ἐξ
2479 3846 2678 3898 αὐτῶν.

2320 3939 2393 3989 Ού
2424 3936 2584 3988 τοῦτο
2612 3937 2667 3989 δὲ
2702 3936 2884 4005 μόνον,
2907 3937 3042 3990 ἀλλά
3074 3937 3168 3990 καὶ
3185 3936 3350 4005 ἔτερα
3371 3937 3543 3990 πολλὰ
3567 3939 3626 3989 τὸ
3654 3934 3808 3995 πάθος

2249 4029 2484 4097 ἀνῆψαν.
2531 4029 2636 4080 Καὶ
2669 4028 2779 4097 γὰρ
2809 4029 2904 4081 καὶ
2957 4029 3220 4098 πρότερον
3264 4029 3605 4097 ὲμακάρισεν
3637 4029 3810 4088 αὐτὸν,

2249 4120 2343 4171 καὶ
2402 4119 2614 4187 μεγάλα
2657 4119 2832 4188 τούτῳ
2886 4121 3272 4188 ἐπηγγείλατο,
3318 4122 3409 4172 καὶ
3440 4123 3541 4191 τὴν
3571 4120 3730 4189 ἄλλην
3759 4119 3808 4170 δὲ

2251 4210 2564 4280 παρρησίαν
2598 4210 2766 4264 αὑτοῦ
2798 4211 3116 4281 βλέποντες,
3132 4216 3546 4283 παρεκνίςοντο.

2320 4305 2543 4372 Μάρκος
2577 4305 2631 4356 δέ
2666 4321 2855 4374 φησιν,
2883 4305 2964 4357 ὃτι
2999 4306 3132 4374 πρὸς
3173 4307 3394 4368 ἑαυτοὺς
3440 4307 3558 4377 (59)
3600 4303 3809 4371 διελογί-

2249 4397 2524 4462 ζοντο,τίς
2568 4395 2790 4465 μείζων.
2819 4395 3006 4466 Τούτῳ
3040 4397 3097 4448 δὲ
3140 4397 3354 4468 συνᾴδει
3392 4399 3488 4449 καὶ
3523 4400 3550 4449 ὁ
3584 4395 3806 4455 Λουκᾶς.

645 4570 961 4639 Priusquam
993 4573 1136 4625 enim
1175 4571 1240 4626 ad
1281 4572 1501 4628 Petrum
1542 4577 1900 4634 accessissent
1933 4583 2027 4650 qni
2066 4584 2147 4638 di-

2324 4582 2436 4652 Πρὸ
2466 4581 2564 4651 μὲν
2590 4581 2695 4652 γὰρ
2727 4581 2822 4634 τοῦ
2848 4582 3091 4651 ἐντυχεῖν
3118 4581 3196 4650 τῷ
3225 4580 3415 4649 Πέτρῳ
3444 4579 3555 4647 (60)
3587 4579 3708 4640 τοὺς
3743 4574 3806 4629 τὰ

570 4663 832 4718 drachma
870 4665 1214 4736 accipiebant
1243 4666 1586 4734 (simpliciter
1627 4669 1695 4721 de
1731 4685 1795 4722 eo
1831 4672 2141 4730 ratiocinati

570 4752 784 4807 [ueram
807 4754 859 4807 in
882 4755 1110 4820 itinere;
1131 4769 1251 4809 cum
1278 4763 1458 4810 autem
1475 4755 1816 4824 Capernaum
1840 4761 2138 4830 venissent,

574 4844 663 4897 ubi
693 4844 854 4898 etiam
892 4845 1112 4899 Petrum
1150 4845 1424 4909 adierunt,
1459 4847 1551 4915 qui
1599 4849 1910 4905 didrachma
1957 4857 2141 4926 exige-

574 4936 761 5003 bant),
825 4944 951 4990 tunc
1019 4936 1266 4991 videntes
1335 4954 1524 4993 rursus
1565 4939 1783 4996 Petrum
1855 4948 2143 5015 prarhono-

571 5023 702 5085 rari,
736 5026 905 5094 magis
927 5026 1118 5081 irritati
1145 5038 1293 5090 sunt,
1331 5037 1384 5082 et
1419 5029 1490 5084 ita
1516 5030 1736 5086 demum
1776 5034 2148 5109 interrogare.

573 5123 720 5168 runt.

678 5232 721 5261 ’³
747 5231 908 5289 Mar‘c.
940 5252 1011 5300 ιιι,
1041 5236 1128 5290 54.
1243 5238 1289 5268 ’³
1312 5237 1442 5291 Luc.
1472 5256 1542 5301 ix,
1574 5242 1659 5295 είϐ.

2246 4675 2513 4746 δίδραχμα
2564 4672 2967 4743 λαμϐάνοντας,
3019 4673 3391 4741 διελογίσαντο
3450 4674 3582 4743 περὶ
3627 4669 3802 4723 τούτου

2247 4769 2388 4820 κατά
2413 4765 2510 4836 τὴν
2551 4766 2668 4817 ὁδὸν
2699 4765 2886 4827 ἁπλῶς
2906 4781 2919 4793 ·
2955 4765 3196 4828 ἐλθόντες
3218 4767 3272 4819 δὲ
3302 4768 3378 4827 εἰς
3421 4763 3802 4835 Καπερναοῦμ.

2248 4861 2305 4910 ὲν
2417 4857 2509 4909 καὶ
2538 4856 2615 4925 τῷ
2652 4856 2841 4926 Πέτρῳ
2872 4857 3178 4926 προσῆλθον
3205 4859 3253 4910 oi
3284 4857 3349 4908 τά
3378 4857 3644 4927 δίδραχμα
3672 4855 3802 4920 λαμ-

2251 4951 2522 5010 ϐάνοντες,
2544 4949 2638 5001 καὶ
2658 4948 2854 5010 ἰδόντες
2878 4950 3065 5001 τοῦτον
3089 4949 3168 5001 ἔτι
3190 4949 3592 5018 προτιμηθέντα
3615 4945 3802 5018 μᾶλλον

2252 5041 2653 5113 ⁴ιίρεθίσθησαν⁸
2686 5042 2780 5093 καὶ
2810 5040 2930 5093 τότε
2966 5039 3150 5092 λοιπὸν
3187 5039 3498 5110 ἠρώτησαν.

1763 5315 1963 5374 Variae
2010 5317 2315 5381 lectiones
2362 5324 2421 5376 et
2468 5321 2658 5375 notat.

788 5449 909 5525 ’ξΟῖι
941 5454 1182 5522 κυριεύει
1223 5456 1322 5523 τῆς
1354 5455 1624 5525 θαλάσσης

645 5523 757 5588 (58)
796 5521 1243 5578 Ιιι‹·Ιιιεδ⁷οιιιὶῐιίι
1264 5521 1326 5578 Α.

647 5593 757 5666 ςδυ)
799 5592 1007 5666 marcus
1035 5595 1192 5646 habet
1219 5595 1591 5664 διελέχθησαν.
1622 5596 1660 5650 U
1680 5599 1951 5666 nde'ergo
1979 5603 2147 5656 διελο-

573 5662 822 5726 γίζοντο;
857 5661 1072 5734 Scilicet
1101 5678 1163 5716 ex
1214 5661 1493 5734 Cltrysost.
1545 5679 1582 5718 t.
1617 5666 1725 5727 VII,
1759 5685 1810 5734 p.
1843 5661 1943 5723 587
1987 5672 2045 5724 Β.
2078 5674 2148 5726 Ex

569 5746 638 5782 et)
679 5732 964 5797 occupavit
992 5733 1156 5784 etiam
1181 5732 1391 5788 codices
1417 5736 1708 5789 nonnullos
1741 5732 1862 5790 eum
1903 5743 2146 5797 scholiis.

577 5797 901 5867 Euthymius
934 5801 1046 5869 ipse
1081 5803 1349 5872 vulgatum
1386 5806 1548 5859 habet
1576 5806 1626 5858 in
1671 5817 1818 5860 textu
1859 5810 2041 5864 Marci.

2323 5464 2433 5534 (60)
2469 5464 2523 5515 In
2555 5463 2741 5517 codice
2775 5462 3021 5517 llentenii
3054 5465 3304 5518 videntur
3338 5464 3518 5518 omnia
3551 5462 3796 5524 abfuisse.

2251 5553 2277 5587 a
2317 5535 2506 5602 Πέτρῳ
2538 5536 2602 5584 ad
2643 5535 2946 5600 proximum
3012 5536 3218 5603 Πέτρῳ.
3276 5535 3412 5604 Ergo
3455 5535 3506 5586 in
3549 5534 3800 5604 principio

2253 5621 2368 5671 pro.
2413 5615 2467 5674 rt
2505 5605 2558 5655 id
2593 5604 2797 5671 quidem
2846 5607 3174 5674 priusquam,
3221 5605 3453 5668 correxi,
3509 5607 3796 5672 priusquam

2249 5691 2410 5727 emm.
2439 5673 2567 5736 Qua)
2598 5683 2776 5725 autem
2812 5674 3019 5727 inclusa
3059 5683 3184 5727 suttt
3223 5676 3275 5728 in
3324 5678 3592 5741 versione,
3626 5689 3684 5727 ea
3715 5673 3797 5725 ad:

2249 5746 2380 5807 dati,
2412 5754 2460 5797 et
2490 5755 2634 5805 ante,
2683 5755 2824 5805 tunc,
2860 5746 3086 5808 exclusi,
3113 5756 3254 5799 sunt.
