4020 6532
158 474 253 536 ii?

999 479 1388 538 (ἱζίΜΪιὶΕΝΤ.
1433 479 1512 536 IN
1555 473 2028 540 MATTHJEUM.
2070 507 2127 516 -
2177 479 2334 541 CAP.
2378 477 2598 541 XVIII.

3323 471 3426 538 498

227 594 328 642 Καὶ
369 588 584 643 δοκοῦσι
639 587 739 660 μὲν
786 589 1080 659 ἐρωτῆσαι,
1120 591 1246 662 περὶ
1278 585 1340 644 οὐ
1388 589 1725 657 ἐγίνωσκον*
1756 588 1788 644 Α

1903 591 2167 648 Videntur
2207 607 2389 648 autem
2428 593 2494 647 de
2527 607 2592 646 co
2618 591 2956 660 intermgare
2989 589 3132 659 quod
3164 589 3276 659 jam
3323 595 3423 642 no-

157 684 253 735 οὐκ
287 681 489 734 ἔστιδὲ
520 680 698 734 τοῦτο.
745 681 855 732 Καὶ
907 681 1036 750 γὰρ,
1082 681 1165 733 ὅτι
1227 681 1326 750 μὲν
1363 682 1454 732 ἐπὶ
1481 679 1582 744 τῆς
1632 681 1736 749 γῆς

157 778 182 827 ὀ
210 775 412 842 Πέτρος
436 773 839 844 προτετίμηται
866 771 1093 837 τούτων,
1128 772 1330 842 ᾔδεσαν
1360 771 1418 835 ἐξ
1463 764 1536 824 ὦν
1584 769 1737 822 ἔϐλε-

160 883 283 918 πονο
307 865 590 918 ἐδούλοντο
619 865 676 917 δὲ
720 865 939 934 μαθεῖν,
966 865 1014 916 εί
1044 865 1142 916 καὶ
1169 865 1227 914 ὲν
1275 863 1493 933 οὐρανῷ
1543 878 1736 932 προτι-

163 957 482 1025 μηοήσεται.
530 957 691 1009 Ἀλλὰ
729 958 847 1008 τότε
876 957 977 1024 μὲν
1004 955 1274 1025 ῆλγησαν,
1313 952 1509 1007 τέλειοι
1559 955 1616 1006 δὲ
1647 971 1741 1021 γε-

163 1049 396 1116 νόμενοι,
431 1047 540 1100 τῶν
577 1050 862 1118 πρωτείων
895 1047 1148 1118 ἀλλήλοις
1177 1045 1561 1117 παρεχώρουν.

230 1323 334 1376 Kal
387 1351 454 1361 —
484 1319 706 1374 αὐτῶν.
751 1319 980 1390 Μάρκος
1013 1320 1070 1372 δέ
1101 1336 1290 1388 φησιν,
1322 1321 1404 1371 ὅτι
1437 1321 1546 1373 Kal
1577 1321 1721 1390 ἐναγ

160 1415 566 1482 παυσάμενος
595 1415 741 1467 αὐτὸ
763 1454 780 1479 ,
813 1413 986 1466 εἶπεν
1015 1413 1223 1478 αὐτοῖς
1243 1429 1255 1440 ·
1292 1413 1507 1476 Λουκᾶς
1541 1413 1596 1465 δὲ
1622 1455 1636 1477 ,
1667 1414 1748 1466 ὅτι

162 1511 472 1574 Ἔστησεν
483 1509 627 1560 αὐτὸ
643 1508 779 1574 παρ’
794 1505 1001 1569 ἐαυτῷ.
1024 1505 1205 1558 Πάντα
1222 1505 1276 1557 δὲ
1293 1506 1568 1573 γεγόνασι.
1592 1505 1750 1574 [ιρῶ-

160 1615 246 1648 τιν
291 1597 395 1666 μὲν
436 1597 546 1666 γὰρ
586 1595 816 1667 ἔστησεν
856 1595 988 1650 αὐτὸ
1033 1596 1091 1647 ἐν
1139 1594 1288 1665 μέσῳ
1332 1596 1510 1648 αὐτῶν
1536 1611 1549 1626 ⁸
1595 1591 1747 1657 εἷτα,

164 1690 289 1758 παρ’
318 1688 519 1758 ἐαυτῷ,
565 1687 757 1741 ἔπειτα
812 1687 1207 1756 ἑνηγκαλίσατο
1233 1689 1385 1741 αὐτό.
1412 1688 1672 1740 Βούλεται
1696 1688 1753 1741 δὲ

163 1781 250 1832 δια
282 1780 378 1832 τοῦ
420 1781 562 1833 κατὰ
592 1781 654 1833 τὸ
675 1780 888 1834 παιδίον
919 1781 1369 1850 παραδείγματος
1397 1783 1750 1833 καταστεῖλαι

161 1875 219 1923 τὸ
250 1871 425 1934 πάθος
456 1872 659 1925 αὐτῶν.

1841 696 2058 751 verant,
2094 703 2202 740 non
2245 697 2425 741 tamen
2470 685 2659 738 estita
2717 683 3000 752 Siquidem
3053 697 3120 736 ex
3174 682 3258 736 his
3308 697 3429 750 qua:

1841 779 2120 842 videbant,
2155 779 2404 833 sciebant
2434 777 2580 848 quod
2615 777 2668 829 in
2721 785 2866 829 terra
2930 774 3125 828 Petrus
3163 773 3265 827 sibi
3292 789 3426 843 pra:-

1845 877 2190 934 ponerctur;
2257 865 2513 921 volebant
2578 873 2760 918 autem
2809 864 2973 925 scire,
3010 870 3192 915 utrum
3260 862 3428 914 etiam

1846 960 1899 1013 in
1930 959 2069 1013 ecelo
2126 958 2596 1028 prtehonorandus
2643 965 2809 1011 esset.
2870 954 2980 1009 Sed
3023 964 3153 1008 tunc
3212 954 3432 1022 quidem

1845 1051 1912 1104 de
1948 1051 2032 1106 bis
2082 1052 2382 1106 dolebant:
2444 1066 2633 1105 verum
2695 1049 3042 1120 postmodum
3094 1062 3217 1099 cum
3253 1045 3434 1099 elici-ti

1846 1155 2032 1199 easent
2065 1144 2312 1215 perfecti,
2345 1143 2550 1214 primos
2580 1144 2817 1197 honores
2866 1139 3102 1193 invicem
3164 1137 3437 1192 concede-

1848 1239 2001 1293 bant.

1923 1331 2078 1385 Vers.
2111 1329 2164 1383 2.
2201 1331 2266 1380 Et
2315 1359 2378 1368 —
2407 1328 2643 1382 illorum.
2700 1327 2914 1380 Marcus
2967 1332 3149 1379 autem
3181 1324 3300 1377 ait.
3377 1320 3436 1374 Ft

1853 1423 2185 1491 amplexatus
2208 1421 2360 1474 illum
2390 1422 2524 1474 dixit
2552 1421 2625 1473 eis
2655 1419 2732 1484 ";
2766 1416 2941 1471 Lucas
2982 1431 3112 1470 vero
3140 1414 3281 1483 quod
3314 1411 3440 1467 Stu-

1855 1517 1955 1569 tuit
1986 1531 2103 1568 eum
2140 1514 2302 1582 juxta
2327 1529 2382 1564 se
2411 1511 2475 1566 ".
2512 1507 2708 1564 Omnia
2741 1517 2924 1562 autem
2950 1507 3092 1559 facta
3121 1514 3272 1558 sunt.
3313 1501 3441 1555 Pri-

1854 1622 2002 1662 mum
2021 1606 2288 1675 siquidem
2303 1602 2630 1659 statuiteum
2662 1601 2716 1655 in
2745 1599 2924 1653 medio
2950 1598 3165 1650 illorum
3200 1613 3213 1657 ;
3243 1593 3441 1648 deinde

1851 1700 2005 1768 juxta
2059 1713 2139 1764 se,
2178 1695 2528 1767 postmodum
2573 1691 2916 1762 amplexatus
2948 1699 3030 1743 est
3084 1687 3260 1740 illum.
3315 1683 3442 1736 Vult

1855 1800 2038 1845 autem
2069 1805 2165 1858 per
2183 1787 2496 1856 exemplum
2526 1787 2596 1840 de
2625 1797 2792 1854 puero
2824 1782 3015 1836 sedare
3044 1780 3190 1832 hunc
3223 1778 3442 1832 illorum

1856 1883 2137 1938 allectum.

236 1961 346 2015 Kal
395 1991 469 2001 —
518 1961 816 2030 οὐρανῶν.
882 1962 1074 2031 Ὑμεῖς
1115 1963 1214 2032 μὲν
1269 1964 1401 2032 περὶ
1457 1962 1551 2016 τοῦ
1589 1964 1648 2016 ὲν
1683 1944 1788 2034 τῇῑ

1935 1973 2088 2028 Vers.
2146 1973 2201 2027 3.
2257 1969 2322 2023 Et
2356 1969 2716 2023 --cu:lorum.
2771 1963 2879 2019 Vos
2942 1964 3163 2033 quidem
3227 1961 3294 2014 de
3335 1959 3448 2029 pri-

165 2053 418 2123 ξασιλείᾳ
447 2054 557 2104 τῶν
611 2051 858 2122 οὐρανῶν
903 2054 1176 2124 πρωτείου
1226 2056 1602 2108 πυνθάνεσοεο
1639 2056 1753 2123 ἐγὼ

162 2147 214 2198 δὲ
250 2146 395 2212 λέγω
431 2146 584 2215 ὑμίν,
617 2145 722 2208 ὅτι,
756 2145 854 2198 ἐὰν
886 2146 962 2215 μὴ
1000 2150 1278 2216 στραφῆτε
1315 2147 1422 2200 ἀπὸ
1452 2149 1549 2218 τῆς
1586 2164 1754 2218 πονη-

167 2237 284 2307 ρίας
315 2238 411 2288 ἐπὶ
449 2237 514 2288 τὸ
543 2237 845 2306 ἀπόνηρον,
875 2238 969 2290 καὶ
1023 2237 1257 2308 γένησθε
1311 2240 1537 2305 ἄκακοι,
1564 2239 1640 2301 ὼς
1687 2238 1755 2291 τὰ

165 2327 376 2390 παιδία,
418 2325 539 2378 οὐδὲ
575 2325 952 2378 είσελεύσεσθε
975 2325 1114 2390 ὅλως
1149 2327 1264 2397 (6i)
1297 2329 1380 2392 είς
1414 2330 1612 2398 αὐτήν.

237 2422 308 2471 Τὸ
365 2419 476 2488 γὰρ
531 2417 742 2471 παιδίον
792 2420 909 2471 ἐστὶ
964 2419 1065 2488 μὲν
1117 2419 1348 2484 ἁπλοῦν,
1402 2421 1756 2493 ἀπερίεργον,

170 2514 510 2578 ἀκονόδιζον,
556 2511 759 2580 ἄτυφον
781 2527 794 2540 °
831 2511 1180 2582 ἀπήλλακται
1210 2513 1269 2566 δὲ
1306 2513 1638 2582 βασκανίας,
1665 2518 1759 2569 καὶ

172 2603 526 2673 ζηλοτυπίας,
551 2603 644 2654 καὶ
674 2601 1097 2670 φιλοπρωτείας,
1118 2605 1210 2655 καὶ
1228 2603 1422 2674 ἔριδος,
1451 2605 1546 2658 καὶ
1575 2605 1759 2668 ἁπλῶς

174 2695 370 2757 εἰπεῖν,
399 2691 688 2761 ἐλεύθερόν
718 2693 836 2744 ἐστι
868 2693 1068 2754 παντὸς
1103 2694 1495 2764 προαιρετικοῦ
1524 2696 1761 2758 πάθους,

816 2785 929 2835 ἀλλ’
965 2783 1023 2848 ἐξ
1073 2787 1355 2854 ἀφελείας.
1414 2786 1480 2840 Ei
1533 2805 1617 2850 τις
1671 2788 1764 2841 οὖν

177 2878 442 2945 ἀπέχεται
478 2873 587 2925 τῶν
625 2875 1030 2944 προαιρετικιῖη
1065 2874 1255 2928 παθῶν
1279 2916 1294 2938 ,
1329 2877 1539 2943 γίνεται
1586 2879 1660 2939 ὡς
1696 2879 1764 2929 τὰ

178 2970 382 3031 παιιία,
405 2968 684 3035 κτώμενος
703 2965 769 3015 δι’
790 2965 1099 3036 ἀσκήσεως,
1115 2967 1258 3038 ἅπερ
1276 2968 1462 3037 ἔχουσι
1482 2970 1550 3021 τὰ
1577 2970 1765 3022 παιδία

179 3061 234 3122 ἐξ
268 3061 546 3128 ἁφελεὶλς.

173 2785 269 2837 οὐκ
322 2786 380 2850 ἐξ
437 2785 763 2852 ἀσκήσεως,

247 3156 458 3219 ’⁷οστις
487 3185 557 3194 —-
589 3155 882 3224 οὐρανῶν.
910 3155 1099 3215 Ὅστις
1133 3153 1254 3206 λίαν
1286 3155 1606 3225 ταπεινώσῃ
1637 3157 1768 3209 ἑαυ-

1862 2075 2010 2120 rnatu
2045 2066 2098 2119 in
2143 2079 2312 2131 regno
2339 2063 2607 2116 etelorum
2664 2055 3066 2125 interrogatis;
3116 2068 3218 2124 ego
3263 2061 3447 2105 autem

1863 2155 1985 2210 dico
2018 2155 2174 2208 vobis
2195 2152 2362 2222 quod,
2390 2151 2492 2206 nisi
2524 2149 2776 2204 conversi
2829 2145 3054 2200 fueritis
3083 2160 3112 2196 a
3173 2142 3446 2212 pravitate

1865 2247 1930 2302 ad
1965 2246 2360 2304 sinceritatem,
2392 2251 2447 2298 et
2474 2239 3130 2297 eﬂiciaminiinnocentes
3161 2245 3219 2288 ut
3259 2233 3440 2302 pueri,

1867 2342 1921 2395 in
1957 2339 2089 2394 illud
2127 2337 2351 2393 omnino
2382 2352 2490 2390 non
2517 2332 2923 2404 ingrediemini.

1939 2433 2081 2487 Puer
2115 2431 2383 2500 siquidem
2426 2437 2510 2482 est
2545 2427 2797 2495 simplex,
2825 2439 2934 2477 non
2971 2422 3241 2484 curiosus,
3273 2432 3454 2486 neque

1870 2541 2020 2578 rana:
2051 2525 2235 2595 gloria:
2267 2521 2529 2592 cupidus,
2567 2519 2686 2572 sine
2719 2518 2883 2582 fastu,
2910 2515 3048 2569 liber
3078 2523 3156 2568 est
3195 2522 3250 2567 et
3275 2513 3342 2566 ab
3374 2513 3454 2564 in-

1871 2620 2039 2682 vidia,
2070 2615 2445 2677 :emulationc,
2476 2611 2562 2667 sui
2595 2625 2804 2672 amore,
2843 2607 3223 2669 contentione,
3283 2615 3361 2668 et,
3398 2612 3456 2657 ut

1871 2710 2039 2766 semel
2065 2710 2264 2770 dicam,
2299 2707 2513 2761 solutus
2544 2713 2630 2758 est
2668 2704 2736 2756 ab
2770 2703 2917 2755 omni
2971 2698 3280 2753 voluntario
3330 2696 3457 2751 atie-

1871 2817 1984 2867 etu.
2016 2821 2122 2858 non
2155 2819 2252 2872 per
2283 2799 2633 2861 exercitium,
2666 2797 2760 2851 sed
2803 2810 2898 2864 per
2935 2793 3364 2860 simplicitatem.
3401 2791 3457 2843 Si

1873 2900 1997 2968 quis
2053 2914 2182 2967 ergo
2240 2895 2619 2950 (liscesserita
2679 2889 3000 2944 voluntariis
3059 2887 3461 2946 aﬁectionibus,

1875 2993 2140 3047 οΠὶι-ἰιιιυι·
2175 2991 2317 3043 sicut
2344 2988 2518 3058 pueri,
2570 2981 2778 3040 habens
2830 3001 2924 3054 per
2965 2981 3286 3036 exercitium
3318 2982 3462 3048 quod

1877 3085 2080 3138 habent
2113 3081 2264 3151 pueri
2302 3097 2399 3150 per
2435 3079 2866 3148 simplicitatem.

1954 3177 2103 3229 Vers.
2137 3176 2189 3229 4.
2227 3174 2480 3243 Quisquis
2503 3204 2569 3212 —
2604 3170 2876 3224 cozlornm.
2915 3166 3178 3235 Quisquis
3214 3165 3468 3217 volunta-

179 3249 266 3300 τὴν
309 3251 683 3315 ὲκουσίως,ὼς
715 3251 775 3303 τὸ
800 3250 1007 3302 παιδίον
1027 3249 1185 3302 τοῦτο
1209 3250 1330 3302 λίαν
1375 3251 1771 3304 τεταπείνωται

1883 3269 1957 3324 rie
1993 3269 2230 3334 seipsum
2265 3266 2624 3320 vehementer
2664 3259 2948 3332 dejecerit,
3010 3259 3149 3313 sicut
3203 3273 3336 3326 puer
3365 3256 3466 3309 istc

181 3341 469 3402 ἀκουσίως.
517 3343 636 3412 Χρὴ
671 3343 780 3412 γὰρ
817 3341 1104 3411 μιμεῖσθαι
1145 3342 1205 3393 τὸ
1247 3342 1480 3407 παιδίον,
1510 3342 1537 3394 ὃ
1570 3341 1772 3402 πολλὰς

181 3434 296 3502 ἕλον
319 3476 330 3496 ,
362 3435 441 3496 ὡς
477 3437 731 3505 εἴρηται,
766 3436 965 3504 ἀρετὰς
1001 3436 1086 3486 ἐπ’
1117 3435 1347 3506 οὐδεμιᾷ
1381 3435 1584 3487 τούτων
1619 3437 1776 3487 ὲπαί-

185 3543 355 3594 perat.

251 3620 356 3672 li'al
385 3619 729 3688 -δέχεται,
764 3621 874 3672 Καὶ
905 3620 1053 3683 ὅστις
1081 3619 1147 3672 ἂν
1194 3619 1523 3692 ξενοδοχήσῃ
1561 3619 1775 3673 παιδίον

180 3712 418 3764 τοιοῦτον
455 3707 666 3776 ἓν,οἷον
707 3707 881 3778 εἶπον,
906 3712 1100 3788 idem},
1147 3711 1242 3762 ἕνα
1286 3711 1409 3763 τινὰ
1455 3713 1776 3781 γενόμενον,

183 3805 256 3866 ὡς
287 3804 501 3856 πιιδίον
530 3803 795 3870 τοιοῦτον,
820 3805 964 3871 λέγω
986 3804 1050 3874 δὴ
1084 3803 1363 3867 ταπεινὸν,
1413 3804 1509 3857 καὶ
1560 3804 1777 3874 εὐτελῆ,

186 3900 279 3949 καὶ
334 3899 777 3969 ἀπερριμμένον.
823 3900 895 3950 Τὸ
942 3898 1020 3962 δὲ,
1067 3897 1167 3950 ἐπὶ
1217 3897 1298 3962 τῷ
1340 3898 1590 3966 ὀνόματί
1634 3916 1774 3968 μου,

186 3992 302 4042 ἀντὶ
329 3992 448 4056 τοῦ,
482 3993 548 4044 δι’
575 3995 696 4061 ἐμὲ,
715 3991 804 4043 διὰ
823 3992 883 4044 τὸ
904 3987 1044 4044 εἶναι
1071 3992 1162 4044 τὸν
1194 3990 1434 4045 τοιοῦτον
1458 3991 1611 4062 ἐμόν.

260 4181 400 4249 Ὅρα
438 4179 518 4240 δὲ,
555 4178 720 4230 πόσον
749 4179 896 4247 φιλεῖ
918 4177 1008 4229 τὸν
1032 4176 1300 4230 τοιοῦτον.
1341 4177 1402 4229 Ὀ
1429 4179 1621 4230 τοῦτον
1646 4179 1776 4249 γὰρ,

191 4273 361 4339 φησι,
398 4269 690 4337 δεχόμενος
732 4269 832 4337 ἐμὲ
868 4268 1110 4337 δέχεται.
1148 4268 1378 4338 Μάρκος
1413 4267 1468 4319 δὲ
1513 4271 1782 4340 προσέθη-

192 4383 310 4430 κεν,
339 4365 422 4417 ὅτι
465 4363 575 4414 Kal
607 4362 674 4426 ὃς
711 4361 822 4413 ἐὰν
865 4361 970 4430 ἐμὲ
1007 4358 1273 4426 δέξηται,
1308 4361 1418 4416 οὐκ
1452 4361 1558 4428 ἐμὲ·
1608 4361 1780 4429 δέχε-

193 4474 309 4521 ται,
346 4457 510 4510 ἀλλὰ
551 4456 658 4506 τὸν
697 4450 1155 4507 ἀποστείλαντά
1182 4469 1277 4520 με.

269 4550 428 4600 Ἔστι
464 4548 520 4599 δὲ
566 4549 594 4599 ὁ
630 4545 750 4608 νοῦς
803 4546 911 4598 τῶν
961 4546 1099 4598 illum
1145 4546 1324 4614 ῥητῶν
1379 4545 1642 4610 τοιοῦτος,
1700 4549 1783 4600 ὅτι

1877 3380 1985 3416 non
2022 3359 2326 3414 voluntarie
2367 3359 2723 3410 vehementer
2777 3353 3030 3420 deiectus
3066 3359 3191 3404 cst:
3241 3356 3460 3416 Oportet

1877 3458 2048 3518 enim,
2078 3463 2137 3509 ut
2170 3455 2376 3509 dictum
2437 3460 2541 3514 est,
2593 3448 2795 3503 imitari
2831 3462 3086 3516 puerum,
3146 3445 3238 3512 qui
3270 3446 3468 3496 multas

1881 3552 2090 3606 habens
2117 3548 2370 3610 virtutes,
2406 3545 2477 3599 ob
2511 3543 2718 3598 nullam
2764 3541 2980 3594 illarum
3018 3537 3323 3593 extollitur.

1950 3640 2106 3695 Vers.
2140 3640 2193 3694 5.
2260 3637 2326 3691 Et
2356 3667 2423 3677 --
2451 3635 2691 3702 suscipit.
2756 3632 2822 3686 Et
2869 3629 3186 3699 quicunque
3237 3625 3470 3694 hospitio

1880 3732 2162 3801 exceperit
2196 3744 2366 3783 unum
2401 3727 2564 3779 talem
2602 3739 2833 3794 puerum
2862 3723 3077 3792 qualem
3109 3719 3266 3784 dixit,
3317 3717 3470 3770 vide-

1880 3825 2011 3878 licet
2047 3839 2215 3876 unum
2264 3822 2500 3890 aliquem
2540 3818 2742 3871 factum
2795 3815 2937 3870 sicut
2973 3815 3091 3868 talis
3141 3828 3315 3882 puer,.
3347 3811 3472 3866 dico

1883 3935 2012 3973 sane
2049 3917 2338 3977 humilem,
2381 3913 2538 3966 vilem
2579 3921 2632 3966 et
2658 3910 2954 3978 abiectum.
2995 3905 3148 3973 Quod
3186 3916 3369 3959 autem
3389 3905 3472 3960 di-

1883 4009 1979 4069 cit,
2009 4010 2064 4059 in
2103 4005 2314 4057 nomine
2363 4019 2496 4066 meo,
2540 4003 2642 4055 hoc
2679 4009 2783 4064 est,
2822 4005 3040 4068 propter
3086 4013 3187 4056 me.
3240 4004 3294 4048 et
3345 3993 3471 4064 quia

1887 4100 2007 4154 talis
2039 4106 2121 4152 est
2163 4111 2339 4151 meus.

1955 4189 2091 4242 Vide
2139 4203 2268 4252 ergo
2328 4193 2592 4255 quantum
2646 4183 2806 4236 talem
2841 4191 3006 4235 amet.
3065 4179 3241 4242 llunc,
3275 4179 3472 4245 inquit,

1885 4283 2214 4351 suscipiens,
2234 4296 2320 4333 me
2347 4279 2598 4347 suscipit.
2631 4276 2842 4330 Marcus
2872 4289 3003 4328 vero
3037 4272 3281 4327 addidit:
3314 4270 3472 4336 Quis-

1885 4377 2000 4448 quis
2039 4383 2217 4428 autem
2268 4389 2350 4425 me
2395 4371 2634 4436 suscipit,
2681 4385 2785 4420 non
2828 4383 2906 4418 me
2946 4365 3182 4434 suscipit.
3230 4362 3319 4416 sed
3355 4377 3474 4415 eum

1884 4472 1974 4541 qui
2001 4470 2138 4522 misit
2172 4483 2251 4520 me
2278 4467 2345 4517 ³⁷.

1960 4563 2056 4615 Est
2082 4569 2267 4614 autem
2300 4570 2496 4611 sensus
2539 4554 2782 4608 omnium
2816 4552 3087 4605 dictorum
3135 4549 3255 4603 talis
3287 4566 3305 4604 ;
3341 4546 3474 4613 Qui-

201 4643 297 4704 Ὃς
353 4640 419 4694 ἂν
460 4641 792 4709 ὑποδέξηταί
853 4641 946 4692 τὸν
988 4639 1285 4708 γενόμενον
1317 4639 1391 4701 ὡς
1438 4640 1674 4701 παιδίον,
1716 4641 1782 4690 δι’

1893 4667 2112 4721 cunque
2149 4647 2454 4715 susceperit
2486 4660 2610 4698 eum
2647 4645 2736 4712 qui
2771 4641 2946 4695 factus
2976 4649 3061 4694 est
3105 4639 3271 4693 veluti
3316 4654 3470 4707 puer,

197 4735 411 4785 ἐκείνου
462 4733 559 4800 μὲν
602 4733 701 4800 ἐμὲ
744 4732 1093 4800 ὑποδέχεται,
1134 4730 1201 4783 δι’
1231 4733 1365 4800 ἐμοῦ
1411 4731 1468 4784 δὲ
1514 4732 1606 4783 τὸν
1651 4734 1787 4784 αποο

197 4825 491 4878 στείλαντα
532 4842 600 4894 με
634 4825 851 4895 Πατέρα
879 4842 1000 4894 μου.
1043 4825 1099 4876 '0
1135 4825 1231 4892 μὲν
1254 4823 1363 4894 γὰρ
1399 4826 1587 4894 Πατὴρ
1617 4828 1789 4878 οίκει-

197 4921 358 4974 οὖται
395 4921 496 4988 τὴν
536 4921 615 4980 είς
649 4919 746 4987 ἐμὲ
782 4919 947 4989 τιμὴν
972 4960 984 4984 ,
1022 4916 1133 4984 ἐγὼ
1166 4917 1223 4970 δὲ
1256 4919 1355 4988 τὴν
1389 4921 1467 4980 είς
1502 4921 1594 4971 τὸν
1631 4922 1786 4986 γενό-

201 5029 368 5078 μενον
395 5012 470 5072 ὡς
503 5010 738 5063 παιδίον.

269 5104 336 5155 Τί
375 5101 470 5154 οὐν
518 5100 938 5171 μακαριώτερον
969 5101 1227 5170 τοιαύτης
1270 5102 1564 5172 ὑποδοχῆς,
1617 5103 1685 5155 δι’
1718 5098 1784 5173 ἧς

199 5193 528 5264 ὑποδέχεταί
563 5212 647 5257 τις
699 5195 798 5264 τὴν
838 5195 1123 5263 μακαρίαν
1159 5194 1368 5265 Τριάδα
1407 5214 1422 5261 ;
1457 5195 1519 5248 Εἰ
1555 5199 1665 5268 γὰρ
1693 5198 1785 5250 τὸν

200 5292 332 5348 ὶίλλν
380 5291 474 5343 καὶ
515 5290 608 5342 τὸν
653 5288 912 5357 Πατέρα,
954 5288 1176 5350 πάντως
1223 5288 1317 5340 καὶ
1356 5288 1416 5340 τὸ
1462 5289 1686 5358 Πνεῦμα
1727 5292 1789 5342 τὸ

199 5386 356 5449 ᾶγιον
395 5383 507 5451 (69.)
535 5399 548 5411 ·
587 5379 889 5450 ἀχώριστος
935 5379 1043 5450 γὰρ
1071 5382 1104 5448 ἡ
1155 5379 1274 5431 Θεία
1307 5381 1499 5450 Τριάς.
1538 5380 1704 5434 Οὔπω
1733 5383 1788 5434 δὲ

199 5474 397 5544 καιρὸς
445 5470 512 5542 ἦν
558 5473 860 5541 τηνικαῦτα
909 5471 1116 5538 διδάξαι
1167 5473 1258 5525 καὶ
1321 5475 1450 5543 περὶ
1494 5473 1586 5528 τοῦ
1631 5476 1788 5542 ἁγίου

201 5568 543 5636 Πνεὺμαιος.

313 5683 360 5712 ’⁸
398 5677 566 5733 Marc.
599 5693 678 5741 Ix,
713 5677 800 5732 36.
913 5679 958 5718 ιθ
985 5677 1116 5732 Luc.
1148 5694 1221 5744 ix,
1254 5678 1343 5731 47.

1889 4764 1987 4818 per
2020 4747 2172 4800 illum
2205 4741 2428 4812 quidem
2466 4754 2552 4791 me
2583 4737 2836 4804 suscipit,
2881 4751 2979 4802 per
3009 4750 3095 4788 me
3149 4743 3333 4788 autem
3374 4732 3477 4785 Pa-

1891 4847 2029 4890 trem
2072 4848 2254 4888 meum
2285 4829 2379 4898 qui
2421 4827 2568 4880 misit
2604 4841 2712 4878 me.
2749 4824 2908 4876 Pater
2962 4822 3230 4891 siquidem
3280 4835 3482 4890 appro-

1889 4929 2034 4999 priat
2071 4927 2170 4980 sibi
2201 4939 2348 4984 eum,
2390 4921 2482 4988 qui
2530 4918 2662 4971 mihi
2705 4916 2970 4978 defertur,
3030 4915 3331 4979 honorem;
3382 4928 3482 4982 ego

1897 5036 2028 5075 vero
2060 5018 2300 5071 delatum
2338 5013 2411 5066 illi
2437 5010 2527 5080 qui
2563 5009 2740 5063 factus
2776 5017 2856 5061 est
2893 5006 3057 5059 veluti
3086 5021 3243 5073 puer.

1968 5111 2108 5178 Quid
2144 5111 2305 5179 igitur
2347 5105 2438 5159 tali
2477 5101 2831 5170 susceptione
2881 5098 3113 5160 beatius,
3170 5113 3268 5165 per
3323 5112 3484 5165 quam

1899 5205 2128 5274 suscipit
2167 5202 2290 5272 quis
2327 5200 2542 5253 beatam
2574 5194 2898 5248 Trinitatem
2920 5191 2943 5242 Ἰ
2969 5190 3103 5243 Nam
3131 5190 3174 5243 si
3206 5188 3406 5242 Filium
3432 5199 3488 5243 et

1903 5301 2138 5362 Patrem,
2173 5295 2360 5363 utique
2392 5300 2444 5345 et
2475 5288 2738 5356 Spiritum
2768 5293 3014 5341 sanctum
3056 5303 3066 5336 :
3108 5283 3489 5352 inseparabilis

1901 5389 2172 5459 siquidem
2203 5395 2286 5440 est
2319 5385 2479 5438 beata
2508 5379 2771 5433 Trinitas.
2814 5377 3066 5430 Nondum
3125 5383 3307 5429 autem
3351 5382 3488 5429 tem-

1901 5493 2001 5548 pus
2042 5486 2172 5530 tunc
2211 5481 2327 5528 erat
2353 5469 2584 5527 docendi
2616 5469 2683 5522 de
2714 5467 2921 5537 Spiritu
2947 5477 3157 5520 s:mcto.

1456 5679 1499 5707 ³⁷
1532 5677 1696 5732 Marc.
1723 5696 1797 5746 lx,
1830 5682 1920 5737 57.

1397 5818 1600 5881 Variae
1635 5821 1945 5882 lectiones
1992 5824 2050 5878 et
2097 5823 2286 5877 noue.

283 5901 397 5960 (6|)
432 5901 594 5960 Ἕως.
627 5915 724 5968 pro
757 5899 911 5962 ὅλως.
945 5899 1002 5954 Β.

1981 5899 2092 5968 (6‘2)
2143 5894 2516 5964 ’Υποδέχεταιο
