  <div class='ocr_page' id='page_1' title='image "/cluster/home/n/w/nwhite01/storage/ocr_20150623/129/ien.35556001660034/260.png"; bbox 0 0 4020 6534; ppageno 0'>
   <div class='ocr_carea' id='block_1_1' title="bbox 209 426 319 490">
    <p class='ocr_par' dir='ltr' id='par_1_1' title="bbox 209 426 319 490">
     <span class='ocr_line' id='line_1_1' title="bbox 209 426 319 490; baseline 0 0"><span class='ocrx_word' id='word_1_1' title='bbox 209 426 319 490; x_wconf 75' lang='lat'><strong>505</strong></span> 
     </span>
    </p>
   </div>
   <div class='ocr_carea' id='block_1_2' title="bbox 1043 417 2650 482">
    <p class='ocr_par' dir='ltr' id='par_1_2' title="bbox 1043 417 2650 482">
     <span class='ocr_line' id='line_1_2' title="bbox 1043 417 2650 482; baseline -0.001 0"><span class='ocrx_word' id='word_1_2' title='bbox 1043 419 1435 482; x_wconf 85' lang='lat' dir='ltr'><strong>COMMENT.</strong></span> <span class='ocrx_word' id='word_1_3' title='bbox 1473 418 1558 480; x_wconf 89' lang='lat' dir='ltr'><strong>IN</strong></span> <span class='ocrx_word' id='word_1_4' title='bbox 1597 417 2075 479; x_wconf 80' lang='lat' dir='ltr'><strong>MATTH/EUM.</strong></span> <span class='ocrx_word' id='word_1_5' title='bbox 2115 441 2185 454; x_wconf 82' lang='lat'><strong>--</strong></span> <span class='ocrx_word' id='word_1_6' title='bbox 2224 419 2386 480; x_wconf 77' lang='lat' dir='ltr'><strong>CAP.</strong></span> <span class='ocrx_word' id='word_1_7' title='bbox 2425 418 2650 482; x_wconf 78' lang='lat' dir='ltr'><strong>XVIII.</strong></span> 
     </span>
    </p>
   </div>
   <div class='ocr_carea' id='block_1_3' title="bbox 3385 421 3492 484">
    <p class='ocr_par' dir='ltr' id='par_1_3' title="bbox 3385 421 3492 484">
     <span class='ocr_line' id='line_1_3' title="bbox 3385 421 3492 484; baseline 0 0"><span class='ocrx_word' id='word_1_8' title='bbox 3385 421 3492 484; x_wconf 81' lang='lat'><strong>506</strong></span> 
     </span>
    </p>
   </div>
   <div class='ocr_carea' id='block_1_4' title="bbox 210 527 1828 604">
    <p class='ocr_par' dir='ltr' id='par_1_4' title="bbox 210 527 1798 604">
     <span class='ocr_line' id='line_1_4' title="bbox 210 527 1798 604; baseline -0.008 -12"><span class='ocrx_word' id='word_1_9' title='bbox 210 535 448 593; x_wconf 81' lang='grc' dir='ltr'>γίνεσθαι</span> <span class='ocrx_word' id='word_1_10' title='bbox 491 533 703 600; x_wconf 81' lang='grc' dir='ltr'>τοῦτον,</span> <span class='ocrx_word' id='word_1_11' title='bbox 752 532 964 604; x_wconf 80' lang='grc' dir='ltr'>μήποτε</span> <span class='ocrx_word' id='word_1_12' title='bbox 1010 528 1393 602; x_wconf 64' lang='grc' dir='ltr'>δημοσιευθεὶς</span> <span class='ocrx_word' id='word_1_13' title='bbox 1460 527 1798 601; x_wconf 67' lang='grc' dir='ltr'><strong>ἰταμώτερος</strong></span> 
     </span>
    </p>
   </div>
   <div class='ocr_carea' id='block_1_5' title="bbox 1929 527 3495 604">
    <p class='ocr_par' dir='ltr' id='par_1_5' title="bbox 1929 528 3495 602">
     <span class='ocr_line' id='line_1_5' title="bbox 1929 528 3495 602; baseline 0.003 -19"><span class='ocrx_word' id='word_1_14' title='bbox 1929 528 2074 599; x_wconf 75' lang='grc' dir='ltr'>ὀοῑρὶ</span> <span class='ocrx_word' id='word_1_15' title='bbox 2116 531 2291 600; x_wconf 92' lang='lat' dir='ltr'><strong>possit</strong></span> <span class='ocrx_word' id='word_1_16' title='bbox 2325 532 2622 602; x_wconf 74' lang='lat' dir='ltr'><strong>correptio,</strong></span> <span class='ocrx_word' id='word_1_17' title='bbox 2658 531 2983 587; x_wconf 83' lang='lat' dir='ltr'><strong>exhortatur</strong></span> <span class='ocrx_word' id='word_1_18' title='bbox 3014 540 3072 586; x_wconf 85' lang='lat' dir='ltr'><strong>ut</strong></span> <span class='ocrx_word' id='word_1_19' title='bbox 3099 531 3192 586; x_wconf 84' lang='lat' dir='ltr'><strong>ﬂat</strong></span> <span class='ocrx_word' id='word_1_20' title='bbox 3218 531 3361 588; x_wconf 88' lang='lat' dir='ltr'><strong>inter</strong></span> <span class='ocrx_word' id='word_1_21' title='bbox 3383 533 3495 588; x_wconf 88' lang='lat' dir='ltr'><strong>duo</strong></span> 
     </span>
    </p>
   </div>
   <div class='ocr_carea' id='block_1_6' title="bbox 211 624 996 700">
    <p class='ocr_par' dir='ltr' id='par_1_6' title="bbox 211 624 996 700">
     <span class='ocr_line' id='line_1_6' title="bbox 211 624 996 700; baseline -0.006 -16"><span class='ocrx_word' id='word_1_22' title='bbox 211 631 433 700; x_wconf 71' lang='grc' dir='ltr'><strong>νἐνηειιαι</strong></span> <span class='ocrx_word' id='word_1_23' title='bbox 463 627 559 682; x_wconf 78' lang='grc' dir='ltr'>καὶ</span> <span class='ocrx_word' id='word_1_24' title='bbox 585 624 996 695; x_wconf 84' lang='grc' dir='ltr'>δυσδιόρθωτος.</span> 
     </span>
    </p>
   </div>
   <div class='ocr_carea' id='block_1_7' title="bbox 287 804 1799 877">
    <p class='ocr_par' dir='ltr' id='par_1_7' title="bbox 287 804 1799 877">
     <span class='ocr_line' id='line_1_7' title="bbox 287 804 1799 877; baseline -0.006 -12"><span class='ocrx_word' id='word_1_25' title='bbox 287 809 431 866; x_wconf 79' lang='grc' dir='ltr'><strong>Ἐὰν</strong></span> <span class='ocrx_word' id='word_1_26' title='bbox 464 842 535 853; x_wconf 91' lang='grc'><strong>-</strong></span> <span class='ocrx_word' id='word_1_27' title='bbox 563 825 701 864; x_wconf 88' lang='grc' dir='ltr'>σου.</span> <span class='ocrx_word' id='word_1_28' title='bbox 743 805 869 860; x_wconf 85' lang='grc' dir='ltr'><strong>Ἐάν</strong></span> <span class='ocrx_word' id='word_1_29' title='bbox 905 822 985 859; x_wconf 93' lang='grc' dir='ltr'><strong>σοι</strong></span> <span class='ocrx_word' id='word_1_30' title='bbox 1029 805 1224 876; x_wconf 74' lang='grc' dir='ltr'>πεισθῇ</span> <span class='ocrx_word' id='word_1_31' title='bbox 1267 804 1672 877; x_wconf 75' lang='grc' dir='ltr'>διορθουμένῳ,</span> <span class='ocrx_word' id='word_1_32' title='bbox 1703 804 1799 857; x_wconf 71' lang='grc' dir='ltr'>καὶ</span> 
     </span>
    </p>
   </div>
   <div class='ocr_carea' id='block_1_8' title="bbox 216 896 1795 972">
    <p class='ocr_par' dir='ltr' id='par_1_8' title="bbox 216 896 1795 972">
     <span class='ocr_line' id='line_1_8' title="bbox 216 896 1795 972; baseline -0.006 -17"><span class='ocrx_word' id='word_1_33' title='bbox 216 903 561 972; x_wconf 74' lang='grc' dir='ltr'><strong>μετανοήσῃ,</strong></span> <span class='ocrx_word' id='word_1_34' title='bbox 604 901 700 954; x_wconf 59' lang='grc' dir='ltr'><strong>καὶ⁵</strong></span> <span class='ocrx_word' id='word_1_35' title='bbox 735 897 994 969; x_wconf 81' lang='grc' dir='ltr'><strong>καταγνῷ</strong></span> <span class='ocrx_word' id='word_1_36' title='bbox 1035 896 1268 961; x_wconf 79' lang='grc' dir='ltr'>ἑαυτοῦ,</span> <span class='ocrx_word' id='word_1_37' title='bbox 1307 896 1612 967; x_wconf 75' lang='grc' dir='ltr'><strong>ἐκέρδησας</strong></span> <span class='ocrx_word' id='word_1_38' title='bbox 1650 896 1795 965; x_wconf 79' lang='grc' dir='ltr'>μέγα</span> 
     </span>
    </p>
   </div>
   <div class='ocr_carea' id='block_1_9' title="bbox 211 987 1794 1063">
    <p class='ocr_par' dir='ltr' id='par_1_9' title="bbox 211 987 1794 1063">
     <span class='ocr_line' id='line_1_9' title="bbox 211 987 1794 1063; baseline -0.004 -17"><span class='ocrx_word' id='word_1_39' title='bbox 211 994 419 1063; x_wconf 76' lang='grc' dir='ltr'>κέρδος,</span> <span class='ocrx_word' id='word_1_40' title='bbox 463 993 626 1045; x_wconf 61' lang='grc' dir='ltr'>αὑτὸν</span> <span class='ocrx_word' id='word_1_41' title='bbox 673 992 764 1044; x_wconf 80' lang='grc' dir='ltr'>τὸν</span> <span class='ocrx_word' id='word_1_42' title='bbox 806 989 1036 1058; x_wconf 78' lang='grc' dir='ltr'>ἀδελφόν</span> <span class='ocrx_word' id='word_1_43' title='bbox 1081 1006 1199 1054; x_wconf 88' lang='grc' dir='ltr'>σου,</span> <span class='ocrx_word' id='word_1_44' title='bbox 1245 987 1309 1040; x_wconf 76' lang='grc' dir='ltr'>τὸ</span> <span class='ocrx_word' id='word_1_45' title='bbox 1363 987 1524 1057; x_wconf 88' lang='grc' dir='ltr'>μέλος</span> <span class='ocrx_word' id='word_1_46' title='bbox 1574 988 1635 1038; x_wconf 77' lang='grc' dir='ltr'>τὸ</span> <span class='ocrx_word' id='word_1_47' title='bbox 1682 987 1794 1040; x_wconf 91' lang='grc' dir='ltr'>σόν.</span> 
     </span>
    </p>
   </div>
   <div class='ocr_carea' id='block_1_10' title="bbox 208 1076 1798 1154">
    <p class='ocr_par' dir='ltr' id='par_1_10' title="bbox 208 1076 1798 1154">
     <span class='ocr_line' id='line_1_10' title="bbox 208 1076 1798 1154; baseline -0.008 -17"><span class='ocrx_word' id='word_1_48' title='bbox 208 1084 432 1154; x_wconf 82' lang='grc' dir='ltr'>Πρῶτον</span> <span class='ocrx_word' id='word_1_49' title='bbox 470 1085 584 1153; x_wconf 68' lang='grc' dir='ltr'>γὰρ</span> <span class='ocrx_word' id='word_1_50' title='bbox 615 1080 844 1151; x_wconf 73' lang='grc' dir='ltr'>ἐζημιοῦ</span> <span class='ocrx_word' id='word_1_51' title='bbox 879 1079 1090 1145; x_wconf 83' lang='grc' dir='ltr'>τοῦτον,</span> <span class='ocrx_word' id='word_1_52' title='bbox 1124 1079 1214 1131; x_wconf 72' lang='grc' dir='ltr'><strong>διὰ</strong></span> <span class='ocrx_word' id='word_1_53' title='bbox 1234 1077 1328 1131; x_wconf 82' lang='grc' dir='ltr'>τοῦ</span> <span class='ocrx_word' id='word_1_54' title='bbox 1367 1076 1667 1129; x_wconf 81' lang='grc' dir='ltr'><strong>σκανδάλου</strong></span> <span class='ocrx_word' id='word_1_55' title='bbox 1701 1078 1798 1144; x_wconf 75' lang='grc' dir='ltr'>ρηο</span> 
     </span>
    </p>
   </div>
   <div class='ocr_carea' id='block_1_11' title="bbox 211 1169 1797 1250">
    <p class='ocr_par' dir='ltr' id='par_1_11' title="bbox 211 1169 1797 1250">
     <span class='ocr_line' id='line_1_11' title="bbox 211 1169 1797 1250; baseline -0.008 -17"><span class='ocrx_word' id='word_1_56' title='bbox 211 1179 478 1250; x_wconf 83' lang='grc' dir='ltr'>γνύμενον</span> <span class='ocrx_word' id='word_1_57' title='bbox 529 1177 637 1230; x_wconf 82' lang='grc' dir='ltr'><strong>ἀπὸ</strong></span> <span class='ocrx_word' id='word_1_58' title='bbox 668 1175 766 1245; x_wconf 79' lang='grc' dir='ltr'>τῆς</span> <span class='ocrx_word' id='word_1_59' title='bbox 816 1172 1118 1244; x_wconf 79' lang='grc' dir='ltr'>ἀδελφικῆς</span> <span class='ocrx_word' id='word_1_60' title='bbox 1153 1189 1248 1225; x_wconf 85' lang='grc' dir='ltr'><strong>σου</strong></span> <span class='ocrx_word' id='word_1_61' title='bbox 1291 1169 1610 1236; x_wconf 73' lang='grc' dir='ltr'><strong>συναφείας,</strong></span> <span class='ocrx_word' id='word_1_62' title='bbox 1661 1170 1797 1236; x_wconf 80' lang='grc' dir='ltr'>ὅπερ</span> 
     </span>
    </p>
   </div>
   <div class='ocr_carea' id='block_1_12' title="bbox 211 1265 1326 1341">
    <p class='ocr_par' dir='ltr' id='par_1_12' title="bbox 211 1265 1326 1341">
     <span class='ocr_line' id='line_1_12' title="bbox 211 1265 1326 1341; baseline -0.007 -18"><span class='ocrx_word' id='word_1_63' title='bbox 211 1273 423 1341; x_wconf 81' lang='grc' dir='ltr'><strong>μεγάλη</strong></span> <span class='ocrx_word' id='word_1_64' title='bbox 457 1270 523 1336; x_wconf 49' lang='lat' dir='ltr'><strong>Cr.</strong></span> <span class='ocrx_word' id='word_1_65' title='bbox 535 1268 632 1337; x_wconf 87' lang='grc' dir='ltr'><strong>μία</strong></span> <span class='ocrx_word' id='word_1_66' title='bbox 663 1270 772 1330; x_wconf 86' lang='grc' dir='ltr'><strong>τοίς</strong></span> <span class='ocrx_word' id='word_1_67' title='bbox 805 1265 1022 1335; x_wconf 82' lang='grc' dir='ltr'>ἀληθῶς</span> <span class='ocrx_word' id='word_1_68' title='bbox 1057 1265 1326 1334; x_wconf 70' lang='grc' dir='ltr'>ἀδελφοῖς.</span> 
     </span>
    </p>
   </div>
   <div class='ocr_carea' id='block_1_13' title="bbox 273 1354 1795 1428">
    <p class='ocr_par' dir='ltr' id='par_1_13' title="bbox 273 1354 1795 1428">
     <span class='ocr_line' id='line_1_13' title="bbox 273 1354 1795 1428; baseline -0.008 -12"><span class='ocrx_word' id='word_1_69' title='bbox 273 1365 420 1417; x_wconf 81' lang='grc' dir='ltr'><em>Ἐὰν</em></span> <span class='ocrx_word' id='word_1_70' title='bbox 436 1360 702 1428; x_wconf 80' lang='grc' dir='ltr'>-ῥῆμα,</span> <span class='ocrx_word' id='word_1_71' title='bbox 744 1357 963 1426; x_wconf 80' lang='grc' dir='ltr'><strong>Ἐπειδὴ</strong></span> <span class='ocrx_word' id='word_1_72' title='bbox 991 1359 1148 1427; x_wconf 89' lang='grc' dir='ltr'>μόνος</span> <span class='ocrx_word' id='word_1_73' title='bbox 1182 1357 1452 1427; x_wconf 72' lang='grc' dir='ltr'>ὴτόνητας</span> <span class='ocrx_word' id='word_1_74' title='bbox 1489 1354 1795 1426; x_wconf 63' lang='grc' dir='ltr'>ἰατρεῦσαι,</span> 
     </span>
    </p>
   </div>
   <div class='ocr_carea' id='block_1_14' title="bbox 207 1447 1796 1522">
    <p class='ocr_par' dir='ltr' id='par_1_14' title="bbox 207 1447 1796 1522">
     <span class='ocr_line' id='line_1_14' title="bbox 207 1447 1796 1522; baseline -0.005 -16"><span class='ocrx_word' id='word_1_75' title='bbox 207 1454 494 1522; x_wconf 61' lang='grc' dir='ltr'>παράάαϐε</span> <span class='ocrx_word' id='word_1_76' title='bbox 537 1452 676 1521; x_wconf 76' lang='grc' dir='ltr'>μετὰ</span> <span class='ocrx_word' id='word_1_77' title='bbox 715 1449 807 1503; x_wconf 68' lang='grc' dir='ltr'>σοῦ</span> <span class='ocrx_word' id='word_1_78' title='bbox 846 1451 925 1502; x_wconf 77' lang='grc' dir='ltr'>ἔτι</span> <span class='ocrx_word' id='word_1_79' title='bbox 967 1451 1041 1519; x_wconf 79' lang='grc' dir='ltr'>μὴ</span> <span class='ocrx_word' id='word_1_80' title='bbox 1081 1448 1308 1511; x_wconf 65' lang='grc' dir='ltr'>πολλοὺς</span> <span class='ocrx_word' id='word_1_81' title='bbox 1336 1489 1350 1510; x_wconf 86' lang='grc'><strong>,</strong></span> <span class='ocrx_word' id='word_1_82' title='bbox 1392 1449 1480 1500; x_wconf 80' lang='grc' dir='ltr'>ἵνα</span> <span class='ocrx_word' id='word_1_83' title='bbox 1517 1449 1591 1515; x_wconf 75' lang='grc' dir='ltr'>μὴ</span> <span class='ocrx_word' id='word_1_84' title='bbox 1634 1447 1796 1498; x_wconf 71' lang='grc' dir='ltr'>πάλιν</span> 
     </span>
    </p>
   </div>
   <div class='ocr_carea' id='block_1_15' title="bbox 205 1534 1793 1610">
    <p class='ocr_par' dir='ltr' id='par_1_15' title="bbox 205 1534 1793 1610">
     <span class='ocr_line' id='line_1_15' title="bbox 205 1534 1793 1610; baseline -0.007 -15"><span class='ocrx_word' id='word_1_85' title='bbox 205 1547 436 1606; x_wconf 76' lang='grc' dir='ltr'>ἐκεῖνος,</span> <span class='ocrx_word' id='word_1_86' title='bbox 476 1541 632 1605; x_wconf 77' lang='grc' dir='ltr'>δόξας</span> <span class='ocrx_word' id='word_1_87' title='bbox 673 1539 1150 1610; x_wconf 81' lang='grc' dir='ltr'>ὲκπομπεύεσθαι,</span> <span class='ocrx_word' id='word_1_88' title='bbox 1188 1536 1555 1607; x_wconf 77' lang='grc' dir='ltr'>σκληρότερος</span> <span class='ocrx_word' id='word_1_89' title='bbox 1590 1534 1793 1604; x_wconf 77' lang='grc' dir='ltr'>ἁποὸᾔ,</span> 
     </span>
    </p>
   </div>
   <div class='ocr_carea' id='block_1_16' title="bbox 205 1630 1794 1708">
    <p class='ocr_par' dir='ltr' id='par_1_16' title="bbox 205 1630 1794 1708">
     <span class='ocr_line' id='line_1_16' title="bbox 205 1630 1794 1708; baseline -0.006 -16"><span class='ocrx_word' id='word_1_90' title='bbox 205 1638 322 1692; x_wconf 76' lang='grc' dir='ltr'><strong>ἀλλ’</strong></span> <span class='ocrx_word' id='word_1_91' title='bbox 348 1638 449 1691; x_wconf 73' lang='grc' dir='ltr'>ἕνα</span> <span class='ocrx_word' id='word_1_92' title='bbox 473 1637 506 1708; x_wconf 79' lang='grc' dir='ltr'><strong>ἢ</strong></span> <span class='ocrx_word' id='word_1_93' title='bbox 534 1637 626 1690; x_wconf 82' lang='grc' dir='ltr'><strong>δύο</strong></span> <span class='ocrx_word' id='word_1_94' title='bbox 655 1636 903 1707; x_wconf 72' lang='grc' dir='ltr'>βοηθοὺς,</span> <span class='ocrx_word' id='word_1_95' title='bbox 943 1636 1053 1695; x_wconf 68' lang='grc' dir='ltr'>ἵνα,</span> <span class='ocrx_word' id='word_1_96' title='bbox 1083 1637 1128 1686; x_wconf 77' lang='grc' dir='ltr'><strong>εί</strong></span> <span class='ocrx_word' id='word_1_97' title='bbox 1160 1633 1418 1704; x_wconf 79' lang='grc' dir='ltr'>ὲπιμείνη</span> <span class='ocrx_word' id='word_1_98' title='bbox 1486 1632 1560 1701; x_wconf 84' lang='grc' dir='ltr'>μὴ</span> <span class='ocrx_word' id='word_1_99' title='bbox 1591 1630 1794 1701; x_wconf 81' lang='grc' dir='ltr'>μαλασ-</span> 
     </span>
    </p>
   </div>
   <div class='ocr_carea' id='block_1_17' title="bbox 207 1723 1796 1799">
    <p class='ocr_par' dir='ltr' id='par_1_17' title="bbox 207 1723 1796 1799">
     <span class='ocr_line' id='line_1_17' title="bbox 207 1723 1796 1799; baseline -0.006 -15"><span class='ocrx_word' id='word_1_100' title='bbox 207 1731 436 1799; x_wconf 84' lang='grc' dir='ltr'>σόμενος</span> <span class='ocrx_word' id='word_1_101' title='bbox 456 1771 472 1794; x_wconf 91' lang='grc'><strong>,</strong></span> <span class='ocrx_word' id='word_1_102' title='bbox 500 1724 599 1782; x_wconf 74' lang='grc' dir='ltr'>ὦσι</span> <span class='ocrx_word' id='word_1_103' title='bbox 630 1731 724 1782; x_wconf 84' lang='grc' dir='ltr'>καὶ</span> <span class='ocrx_word' id='word_1_104' title='bbox 759 1728 1036 1798; x_wconf 84' lang='grc' dir='ltr'>μάρτυρες</span> <span class='ocrx_word' id='word_1_105' title='bbox 1069 1727 1166 1794; x_wconf 69' lang='grc' dir='ltr'>τῆς</span> <span class='ocrx_word' id='word_1_106' title='bbox 1199 1741 1257 1776; x_wconf 84' lang='grc' dir='ltr'><strong>τε</strong></span> <span class='ocrx_word' id='word_1_107' title='bbox 1293 1725 1393 1794; x_wconf 79' lang='grc' dir='ltr'>σῆς</span> <span class='ocrx_word' id='word_1_108' title='bbox 1424 1723 1796 1794; x_wconf 68' lang='grc' dir='ltr'><strong>χρηστότητος</strong></span> 
     </span>
    </p>
   </div>
   <div class='ocr_carea' id='block_1_18' title="bbox 206 1813 1796 1892">
    <p class='ocr_par' dir='ltr' id='par_1_18' title="bbox 206 1813 1796 1892">
     <span class='ocr_line' id='line_1_18' title="bbox 206 1813 1796 1892; baseline -0.007 -16"><span class='ocrx_word' id='word_1_109' title='bbox 206 1827 303 1876; x_wconf 73' lang='grc' dir='ltr'>καὶ</span> <span class='ocrx_word' id='word_1_110' title='bbox 324 1823 428 1892; x_wconf 76' lang='grc' dir='ltr'>τῆς</span> <span class='ocrx_word' id='word_1_111' title='bbox 461 1823 672 1875; x_wconf 75' lang='grc' dir='ltr'>ἐκείνου</span> <span class='ocrx_word' id='word_1_112' title='bbox 707 1820 1102 1891; x_wconf 80' lang='grc' dir='ltr'><strong>σκληρότητος,</strong></span> <span class='ocrx_word' id='word_1_113' title='bbox 1146 1817 1239 1871; x_wconf 78' lang='grc' dir='ltr'>καὶ</span> <span class='ocrx_word' id='word_1_114' title='bbox 1271 1816 1358 1868; x_wconf 82' lang='grc' dir='ltr'>ἵνα</span> <span class='ocrx_word' id='word_1_115' title='bbox 1390 1815 1530 1868; x_wconf 68' lang='grc' dir='ltr'>κατὰ</span> <span class='ocrx_word' id='word_1_116' title='bbox 1561 1813 1662 1885; x_wconf 74' lang='grc' dir='ltr'>τὴν</span> <span class='ocrx_word' id='word_1_117' title='bbox 1694 1815 1796 1884; x_wconf 80' lang='grc' dir='ltr'>τῆς</span> 
     </span>
    </p>
   </div>
   <div class='ocr_carea' id='block_1_19' title="bbox 205 1903 1794 1982">
    <p class='ocr_par' dir='ltr' id='par_1_19' title="bbox 205 1903 1794 1982">
     <span class='ocr_line' id='line_1_19' title="bbox 205 1903 1794 1982; baseline -0.006 -17"><span class='ocrx_word' id='word_1_118' title='bbox 205 1914 448 1976; x_wconf 74' lang='grc' dir='ltr'>παλαιᾶς</span> <span class='ocrx_word' id='word_1_119' title='bbox 483 1911 808 1982; x_wconf 80' lang='grc' dir='ltr'>νομοθεσίας</span> <span class='ocrx_word' id='word_1_120' title='bbox 844 1909 1123 1977; x_wconf 84' lang='grc' dir='ltr'>ἀπόφασιν</span> <span class='ocrx_word' id='word_1_121' title='bbox 1156 1908 1249 1960; x_wconf 71' lang='grc' dir='ltr'><strong>ἰπὶ</strong></span> <span class='ocrx_word' id='word_1_122' title='bbox 1286 1907 1591 1975; x_wconf 86' lang='grc' dir='ltr'>στόματος,</span> <span class='ocrx_word' id='word_1_123' title='bbox 1625 1903 1794 1974; x_wconf 75' lang='grc' dir='ltr'>ἧγουν</span> 
     </span>
    </p>
   </div>
   <div class='ocr_carea' id='block_1_20' title="bbox 204 1995 1799 2078">
    <p class='ocr_par' dir='ltr' id='par_1_20' title="bbox 204 1995 1799 2078">
     <span class='ocr_line' id='line_1_20' title="bbox 204 1995 1799 2078; baseline -0.009 -16"><span class='ocrx_word' id='word_1_124' title='bbox 204 2007 295 2061; x_wconf 78' lang='grc' dir='ltr'><strong>διὰ</strong></span> <span class='ocrx_word' id='word_1_125' title='bbox 325 2007 616 2078; x_wconf 89' lang='grc' dir='ltr'>στόματος,</span> <span class='ocrx_word' id='word_1_126' title='bbox 640 2005 734 2060; x_wconf 88' lang='grc' dir='ltr'><strong>δύο</strong></span> <span class='ocrx_word' id='word_1_127' title='bbox 760 2003 1056 2077; x_wconf 52' lang='grc' dir='ltr'>μαρτύρων</span> <span class='ocrx_word' id='word_1_128' title='bbox 1080 1999 1305 2074; x_wconf 61' lang='grc' dir='ltr'>ἢστριῶν</span> <span class='ocrx_word' id='word_1_129' title='bbox 1325 1996 1525 2070; x_wconf 76' lang='grc' dir='ltr'>σταθῇ,</span> <span class='ocrx_word' id='word_1_130' title='bbox 1546 1995 1799 2052; x_wconf 76' lang='grc' dir='ltr'>τουτέστι</span> 
     </span>
    </p>
   </div>
   <div class='ocr_carea' id='block_1_21' title="bbox 208 2092 1798 2172">
    <p class='ocr_par' dir='ltr' id='par_1_21' title="bbox 208 2092 1798 2172">
     <span class='ocr_line' id='line_1_21' title="bbox 208 2092 1798 2172; baseline -0.007 -19"><span class='ocrx_word' id='word_1_131' title='bbox 208 2100 485 2171; x_wconf 55' lang='lat' dir='ltr'><strong>gemmea</strong></span> <span class='ocrx_word' id='word_1_132' title='bbox 520 2104 627 2155; x_wconf 82' lang='grc' dir='ltr'><strong>πᾶν</strong></span> <span class='ocrx_word' id='word_1_133' title='bbox 656 2101 829 2172; x_wconf 77' lang='grc' dir='ltr'>ῥῆμα,</span> <span class='ocrx_word' id='word_1_134' title='bbox 854 2100 882 2152; x_wconf 81' lang='grc' dir='ltr'><strong>ὅ</strong></span> <span class='ocrx_word' id='word_1_135' title='bbox 906 2100 1079 2164; x_wconf 79' lang='grc' dir='ltr'>ἐστιν,</span> <span class='ocrx_word' id='word_1_136' title='bbox 1103 2099 1184 2150; x_wconf 80' lang='grc' dir='ltr'>ὅτι</span> <span class='ocrx_word' id='word_1_137' title='bbox 1209 2096 1274 2148; x_wconf 80' lang='grc' dir='ltr'>σὺ</span> <span class='ocrx_word' id='word_1_138' title='bbox 1304 2094 1366 2147; x_wconf 76' lang='grc' dir='ltr'>τὸ</span> <span class='ocrx_word' id='word_1_139' title='bbox 1392 2093 1484 2146; x_wconf 80' lang='grc' dir='ltr'><strong>σὺν</strong></span> <span class='ocrx_word' id='word_1_140' title='bbox 1509 2092 1798 2159; x_wconf 73' lang='grc' dir='ltr'>ἐποίησας,</span> 
     </span>
    </p>
   </div>
   <div class='ocr_carea' id='block_1_22' title="bbox 205 2181 1798 2259">
    <p class='ocr_par' dir='ltr' id='par_1_22' title="bbox 205 2181 1798 2259">
     <span class='ocr_line' id='line_1_22' title="bbox 205 2181 1798 2259; baseline -0.007 -13"><span class='ocrx_word' id='word_1_141' title='bbox 205 2197 303 2247; x_wconf 73' lang='grc' dir='ltr'>καὶ</span> <span class='ocrx_word' id='word_1_142' title='bbox 355 2193 515 2246; x_wconf 77' lang='grc' dir='ltr'>οὐδὲν</span> <span class='ocrx_word' id='word_1_143' title='bbox 568 2192 838 2255; x_wconf 70' lang='grc' dir='ltr'>ἐνέλιπες,</span> <span class='ocrx_word' id='word_1_144' title='bbox 895 2189 1090 2259; x_wconf 83' lang='grc' dir='ltr'>πρῶτα</span> <span class='ocrx_word' id='word_1_145' title='bbox 1145 2187 1246 2258; x_wconf 81' lang='grc' dir='ltr'>μὲν</span> <span class='ocrx_word' id='word_1_146' title='bbox 1298 2185 1461 2256; x_wconf 89' lang='grc' dir='ltr'>μόνος</span> <span class='ocrx_word' id='word_1_147' title='bbox 1516 2181 1798 2250; x_wconf 81' lang='grc' dir='ltr'>ἀπελθὼν,</span> 
     </span>
    </p>
   </div>
   <div class='ocr_carea' id='block_1_23' title="bbox 205 2277 1335 2350">
    <p class='ocr_par' dir='ltr' id='par_1_23' title="bbox 205 2277 1335 2350">
     <span class='ocr_line' id='line_1_23' title="bbox 205 2277 1335 2350; baseline -0.003 -14"><span class='ocrx_word' id='word_1_148' title='bbox 205 2286 400 2336; x_wconf 77' lang='grc' dir='ltr'>ἔπειτα.</span> <span class='ocrx_word' id='word_1_149' title='bbox 429 2284 487 2336; x_wconf 75' lang='grc' dir='ltr'>δὲ</span> <span class='ocrx_word' id='word_1_150' title='bbox 517 2283 613 2336; x_wconf 73' lang='grc' dir='ltr'>καὶ</span> <span class='ocrx_word' id='word_1_151' title='bbox 640 2283 833 2345; x_wconf 73' lang='grc' dir='ltr'>ἄλλους</span> <span class='ocrx_word' id='word_1_152' title='bbox 867 2277 1335 2350; x_wconf 78' lang='grc' dir='ltr'>συμπαραλαϐών.</span> 
     </span>
    </p>
   </div>
   <div class='ocr_carea' id='block_1_24' title="bbox 288 2365 1800 2442">
    <p class='ocr_par' dir='ltr' id='par_1_24' title="bbox 288 2365 1800 2442">
     <span class='ocr_line' id='line_1_24' title="bbox 288 2365 1800 2442; baseline -0.007 -13"><span class='ocrx_word' id='word_1_153' title='bbox 288 2378 435 2429; x_wconf 86' lang='grc' dir='ltr'><em>Ἐὰν</em></span> <span class='ocrx_word' id='word_1_154' title='bbox 463 2406 532 2417; x_wconf 84' lang='grc'><strong><em>-</em></strong></span> <span class='ocrx_word' id='word_1_155' title='bbox 575 2374 927 2441; x_wconf 69' lang='grc' dir='ltr'>Ἐκκλησία.</span> <span class='ocrx_word' id='word_1_156' title='bbox 974 2371 1306 2442; x_wconf 75' lang='grc' dir='ltr'>Ἐκκλησίαν</span> <span class='ocrx_word' id='word_1_157' title='bbox 1333 2369 1486 2439; x_wconf 84' lang='grc' dir='ltr'><strong>λέγει</strong></span> <span class='ocrx_word' id='word_1_158' title='bbox 1519 2367 1616 2422; x_wconf 80' lang='grc' dir='ltr'>νῦν</span> <span class='ocrx_word' id='word_1_159' title='bbox 1667 2365 1800 2429; x_wconf 76' lang='grc' dir='ltr'>τοὺς</span> 
     </span>
    </p>
   </div>
   <div class='ocr_carea' id='block_1_25' title="bbox 207 2459 1803 2540">
    <p class='ocr_par' dir='ltr' id='par_1_25' title="bbox 207 2459 1803 2540">
     <span class='ocr_line' id='line_1_25' title="bbox 207 2459 1803 2540; baseline -0.006 -20"><span class='ocrx_word' id='word_1_160' title='bbox 207 2469 566 2540; x_wconf 69' lang='grc' dir='ltr'>προεστῶτας</span> <span class='ocrx_word' id='word_1_161' title='bbox 595 2468 696 2536; x_wconf 64' lang='grc' dir='ltr'>τῆς</span> <span class='ocrx_word' id='word_1_162' title='bbox 733 2465 1059 2534; x_wconf 73' lang='grc' dir='ltr'>Ἐκκλησίας</span> <span class='ocrx_word' id='word_1_163' title='bbox 1092 2465 1200 2517; x_wconf 65' lang='grc' dir='ltr'>τῶν</span> <span class='ocrx_word' id='word_1_164' title='bbox 1234 2461 1463 2517; x_wconf 79' lang='grc' dir='ltr'>πιστῶν.</span> <span class='ocrx_word' id='word_1_165' title='bbox 1510 2459 1803 2527; x_wconf 79' lang='grc' dir='ltr'>Ἀνάγγει·</span> 
     </span>
    </p>
   </div>
   <div class='ocr_carea' id='block_1_26' title="bbox 206 2551 1805 2630">
    <p class='ocr_par' dir='ltr' id='par_1_26' title="bbox 206 2551 1805 2630">
     <span class='ocr_line' id='line_1_26' title="bbox 206 2551 1805 2630; baseline -0.008 -14"><span class='ocrx_word' id='word_1_166' title='bbox 206 2566 297 2617; x_wconf 73' lang='grc' dir='ltr'>ὶον</span> <span class='ocrx_word' id='word_1_167' title='bbox 337 2564 521 2625; x_wconf 82' lang='grc' dir='ltr'>αὐτοῖς</span> <span class='ocrx_word' id='word_1_168' title='bbox 553 2561 622 2613; x_wconf 83' lang='grc' dir='ltr'>τὰ</span> <span class='ocrx_word' id='word_1_169' title='bbox 657 2560 787 2630; x_wconf 76' lang='grc' dir='ltr'>περὶ</span> <span class='ocrx_word' id='word_1_170' title='bbox 818 2557 1008 2611; x_wconf 71' lang='grc' dir='ltr'>αὐτοῦ’</span> <span class='ocrx_word' id='word_1_171' title='bbox 1046 2557 1179 2619; x_wconf 84' lang='grc' dir='ltr'>ῐσως</span> <span class='ocrx_word' id='word_1_172' title='bbox 1213 2555 1371 2608; x_wconf 71' lang='grc' dir='ltr'>αὐτοὶ</span> <span class='ocrx_word' id='word_1_173' title='bbox 1407 2551 1603 2607; x_wconf 83' lang='grc' dir='ltr'>τοῦτον</span> <span class='ocrx_word' id='word_1_174' title='bbox 1633 2565 1805 2621; x_wconf 85' lang='grc' dir='ltr'>μετα-</span> 
     </span>
    </p>
   </div>
   <div class='ocr_carea' id='block_1_27' title="bbox 207 2647 1512 2722">
    <p class='ocr_par' dir='ltr' id='par_1_27' title="bbox 207 2647 1512 2722">
     <span class='ocr_line' id='line_1_27' title="bbox 207 2647 1512 2722; baseline -0.008 -13"><span class='ocrx_word' id='word_1_175' title='bbox 207 2658 512 2718; x_wconf 79' lang='grc' dir='ltr'>πείσουσιν,</span> <span class='ocrx_word' id='word_1_176' title='bbox 539 2653 855 2722; x_wconf 81' lang='grc' dir='ltr'>αἰδούμενον</span> <span class='ocrx_word' id='word_1_177' title='bbox 882 2651 978 2720; x_wconf 83' lang='grc' dir='ltr'>τὴν</span> <span class='ocrx_word' id='word_1_178' title='bbox 1008 2647 1280 2720; x_wconf 83' lang='grc' dir='ltr'>ὑπεροχὴν</span> <span class='ocrx_word' id='word_1_179' title='bbox 1310 2647 1512 2699; x_wconf 81' lang='grc' dir='ltr'>αὐτῶν.</span> 
     </span>
    </p>
   </div>
   <div class='ocr_carea' id='block_1_28' title="bbox 291 2733 1801 2811">
    <p class='ocr_par' dir='ltr' id='par_1_28' title="bbox 291 2733 1801 2811">
     <span class='ocr_line' id='line_1_28' title="bbox 291 2733 1801 2811; baseline -0.009 -9"><span class='ocrx_word' id='word_1_180' title='bbox 291 2749 438 2804; x_wconf 81' lang='grc' dir='ltr'><strong>Ἐὰν</strong></span> <span class='ocrx_word' id='word_1_181' title='bbox 463 2779 529 2789; x_wconf 91' lang='grc'><strong><em>-</em></strong></span> <span class='ocrx_word' id='word_1_182' title='bbox 553 2745 845 2811; x_wconf 76' lang='grc' dir='ltr'>τελώνης.</span> <span class='ocrx_word' id='word_1_183' title='bbox 873 2744 1056 2796; x_wconf 84' lang='grc' dir='ltr'>Ἔστω</span> <span class='ocrx_word' id='word_1_184' title='bbox 1083 2759 1166 2794; x_wconf 93' lang='grc' dir='ltr'><strong>σοι</strong></span> <span class='ocrx_word' id='word_1_185' title='bbox 1192 2741 1382 2793; x_wconf 86' lang='grc' dir='ltr'>λοιπὸν</span> <span class='ocrx_word' id='word_1_186' title='bbox 1412 2733 1801 2806; x_wconf 81' lang='grc' dir='ltr'>ἀκοινώνητος,</span> 
     </span>
    </p>
   </div>
   <div class='ocr_carea' id='block_1_29' title="bbox 208 2830 1805 2906">
    <p class='ocr_par' dir='ltr' id='par_1_29' title="bbox 208 2830 1805 2906">
     <span class='ocr_line' id='line_1_29' title="bbox 208 2830 1805 2906; baseline -0.009 -10"><span class='ocrx_word' id='word_1_187' title='bbox 208 2846 284 2906; x_wconf 82' lang='grc' dir='ltr'>ὡς</span> <span class='ocrx_word' id='word_1_188' title='bbox 343 2839 589 2902; x_wconf 84' lang='grc' dir='ltr'>ἀνίατος.</span> <span class='ocrx_word' id='word_1_189' title='bbox 628 2837 752 2900; x_wconf 83' lang='grc' dir='ltr'>Τοῖς</span> <span class='ocrx_word' id='word_1_190' title='bbox 790 2837 1023 2900; x_wconf 74' lang='grc' dir='ltr'>ἑθνικοίς</span> <span class='ocrx_word' id='word_1_191' title='bbox 1071 2835 1151 2901; x_wconf 82' lang='grc' dir='ltr'>δὲ,</span> <span class='ocrx_word' id='word_1_192' title='bbox 1193 2835 1309 2896; x_wconf 87' lang='grc' dir='ltr'>τοῖς</span> <span class='ocrx_word' id='word_1_193' title='bbox 1357 2833 1630 2899; x_wconf 82' lang='grc' dir='ltr'>ἀπίστοις,</span> <span class='ocrx_word' id='word_1_194' title='bbox 1675 2830 1805 2893; x_wconf 75' lang='grc' dir='ltr'>τοὺς</span> 
     </span>
    </p>
   </div>
   <div class='ocr_carea' id='block_1_30' title="bbox 208 2920 1807 2996">
    <p class='ocr_par' dir='ltr' id='par_1_30' title="bbox 208 2920 1807 2996">
     <span class='ocr_line' id='line_1_30' title="bbox 208 2920 1807 2996; baseline -0.011 -7"><span class='ocrx_word' id='word_1_195' title='bbox 208 2934 453 2996; x_wconf 75' lang='grc' dir='ltr'>τελώνας</span> <span class='ocrx_word' id='word_1_196' title='bbox 494 2930 786 2994; x_wconf 76' lang='grc' dir='ltr'>συνέζευξε</span> <span class='ocrx_word' id='word_1_197' title='bbox 822 2928 910 2982; x_wconf 82' lang='grc' dir='ltr'>διὰ</span> <span class='ocrx_word' id='word_1_198' title='bbox 949 2929 1011 2980; x_wconf 86' lang='grc' dir='ltr'>τὸ</span> <span class='ocrx_word' id='word_1_199' title='bbox 1054 2925 1468 2996; x_wconf 80' lang='grc' dir='ltr'>φιλοχρήματον</span> <span class='ocrx_word' id='word_1_200' title='bbox 1508 2925 1605 2977; x_wconf 79' lang='grc' dir='ltr'>καὶ</span> <span class='ocrx_word' id='word_1_201' title='bbox 1647 2920 1807 2975; x_wconf 82' lang='grc' dir='ltr'>πλεο-</span> 
     </span>
    </p>
   </div>
   <div class='ocr_carea' id='block_1_31' title="bbox 211 3017 1363 3093">
    <p class='ocr_par' dir='ltr' id='par_1_31' title="bbox 211 3017 1363 3093">
     <span class='ocr_line' id='line_1_31' title="bbox 211 3017 1363 3093; baseline -0.013 -8"><span class='ocrx_word' id='word_1_202' title='bbox 211 3028 486 3093; x_wconf 72' lang='grc' dir='ltr'>νεκτικδν,</span> <span class='ocrx_word' id='word_1_203' title='bbox 521 3024 617 3078; x_wconf 74' lang='grc' dir='ltr'>καὶ</span> <span class='ocrx_word' id='word_1_204' title='bbox 645 3019 993 3092; x_wconf 78' lang='grc' dir='ltr'>ἀσυμπαθὲς,</span> <span class='ocrx_word' id='word_1_205' title='bbox 1027 3019 1122 3074; x_wconf 82' lang='grc' dir='ltr'>καὶ</span> <span class='ocrx_word' id='word_1_206' title='bbox 1151 3017 1363 3073; x_wconf 81' lang='grc' dir='ltr'>ἄδικον.</span> 
     </span>
    </p>
   </div>
   <div class='ocr_carea' id='block_1_32' title="bbox 296 3283 1809 3367">
    <p class='ocr_par' dir='ltr' id='par_1_32' title="bbox 296 3283 1809 3367">
     <span class='ocr_line' id='line_1_32' title="bbox 296 3283 1809 3367; baseline -0.011 -14"><span class='ocrx_word' id='word_1_207' title='bbox 296 3297 657 3367; x_wconf 81' lang='grc' dir='ltr'>’Δκούσωμεν</span> <span class='ocrx_word' id='word_1_208' title='bbox 690 3297 738 3348; x_wconf 89' lang='grc' dir='ltr'>οἱ</span> <span class='ocrx_word' id='word_1_209' title='bbox 763 3295 878 3357; x_wconf 82' lang='grc' dir='ltr'>τοῖς</span> <span class='ocrx_word' id='word_1_210' title='bbox 909 3305 1177 3356; x_wconf 77' lang='grc' dir='ltr'>τοιούτοις</span> <span class='ocrx_word' id='word_1_211' title='bbox 1203 3289 1439 3344; x_wconf 81' lang='grc' dir='ltr'>πάθεσιν</span> <span class='ocrx_word' id='word_1_212' title='bbox 1466 3283 1809 3357; x_wconf 82' lang='grc' dir='ltr'>ὲνεχόμενοι.</span> 
     </span>
    </p>
   </div>
   <div class='ocr_carea' id='block_1_33' title="bbox 217 3375 1812 3456">
    <p class='ocr_par' dir='ltr' id='par_1_33' title="bbox 217 3375 1812 3456">
     <span class='ocr_line' id='line_1_33' title="bbox 217 3375 1812 3456; baseline -0.009 -14"><span class='ocrx_word' id='word_1_213' title='bbox 217 3391 365 3455; x_wconf 86' lang='grc' dir='ltr'>Ὅρα</span> <span class='ocrx_word' id='word_1_214' title='bbox 420 3389 499 3452; x_wconf 80' lang='grc' dir='ltr'>δὲ,</span> <span class='ocrx_word' id='word_1_215' title='bbox 541 3388 717 3456; x_wconf 74' lang='grc' dir='ltr'>πόσην</span> <span class='ocrx_word' id='word_1_216' title='bbox 765 3385 1003 3455; x_wconf 61' lang='grc' dir='ltr'>σπουδὴν</span> <span class='ocrx_word' id='word_1_217' title='bbox 1043 3379 1424 3448; x_wconf 74' lang='grc' dir='ltr'>ἐπιδείξασθαι</span> <span class='ocrx_word' id='word_1_218' title='bbox 1472 3375 1812 3450; x_wconf 81' lang='grc' dir='ltr'>προσέταξεν</span> 
     </span>
    </p>
   </div>
   <div class='ocr_carea' id='block_1_34' title="bbox 217 3471 1816 3553">
    <p class='ocr_par' dir='ltr' id='par_1_34' title="bbox 217 3471 1816 3553">
     <span class='ocr_line' id='line_1_34' title="bbox 217 3471 1816 3553; baseline -0.01 -18"><span class='ocrx_word' id='word_1_219' title='bbox 217 3482 358 3553; x_wconf 83' lang='grc' dir='ltr'>ὑπὲρ</span> <span class='ocrx_word' id='word_1_220' title='bbox 373 3480 467 3534; x_wconf 81' lang='grc' dir='ltr'>τοῦ</span> <span class='ocrx_word' id='word_1_221' title='bbox 484 3479 824 3550; x_wconf 77' lang='grc' dir='ltr'>διορθοῦσθαι</span> <span class='ocrx_word' id='word_1_222' title='bbox 842 3478 965 3538; x_wconf 77' lang='grc' dir='ltr'>τοὺς</span> <span class='ocrx_word' id='word_1_223' title='bbox 987 3475 1448 3535; x_wconf 81' lang='grc' dir='ltr'>σκανδαλίσαντας</span> <span class='ocrx_word' id='word_1_224' title='bbox 1464 3471 1635 3542; x_wconf 72' lang='grc' dir='ltr'>ἡμᾶς’</span> <span class='ocrx_word' id='word_1_225' title='bbox 1654 3471 1816 3540; x_wconf 76' lang='grc' dir='ltr'>ἡμεῖς</span> 
     </span>
    </p>
   </div>
   <div class='ocr_carea' id='block_1_35' title="bbox 219 3562 1817 3638">
    <p class='ocr_par' dir='ltr' id='par_1_35' title="bbox 219 3562 1817 3638">
     <span class='ocr_line' id='line_1_35' title="bbox 219 3562 1817 3638; baseline -0.011 -10"><span class='ocrx_word' id='word_1_226' title='bbox 219 3575 277 3628; x_wconf 77' lang='grc' dir='ltr'>δὲ</span> <span class='ocrx_word' id='word_1_227' title='bbox 305 3574 494 3627; x_wconf 72' lang='grc' dir='ltr'>λοιπὸν</span> <span class='ocrx_word' id='word_1_228' title='bbox 517 3572 639 3624; x_wconf 80' lang='grc' dir='ltr'>οὐδὲ</span> <span class='ocrx_word' id='word_1_229' title='bbox 667 3572 792 3631; x_wconf 78' lang='grc' dir='ltr'>τοὺς</span> <span class='ocrx_word' id='word_1_230' title='bbox 823 3570 912 3637; x_wconf 73' lang='grc' dir='ltr'><strong>ὑφ’</strong></span> <span class='ocrx_word' id='word_1_231' title='bbox 933 3569 1092 3638; x_wconf 79' lang='grc' dir='ltr'>ἡμῶν</span> <span class='ocrx_word' id='word_1_232' title='bbox 1121 3565 1621 3626; x_wconf 82' lang='grc' dir='ltr'>σκανδαλισθέντας</span> <span class='ocrx_word' id='word_1_233' title='bbox 1652 3562 1817 3632; x_wconf 69' lang='grc' dir='ltr'>θερι-</span> 
     </span>
    </p>
   </div>
   <div class='ocr_carea' id='block_1_36' title="bbox 221 3653 1816 3729">
    <p class='ocr_par' dir='ltr' id='par_1_36' title="bbox 221 3653 1816 3729">
     <span class='ocr_line' id='line_1_36' title="bbox 221 3653 1816 3729; baseline -0.01 -11"><span class='ocrx_word' id='word_1_234' title='bbox 221 3666 419 3718; x_wconf 81' lang='grc' dir='ltr'>πεύειν</span> <span class='ocrx_word' id='word_1_235' title='bbox 479 3661 912 3729; x_wconf 67' lang='grc' dir='ltr'>καταδεχόμεθα.</span> <span class='ocrx_word' id='word_1_236' title='bbox 955 3659 1020 3710; x_wconf 83' lang='grc' dir='ltr'>Τί</span> <span class='ocrx_word' id='word_1_237' title='bbox 1076 3654 1207 3723; x_wconf 79' lang='grc' dir='ltr'>οὗν;</span> <span class='ocrx_word' id='word_1_238' title='bbox 1243 3654 1405 3709; x_wconf 81' lang='grc' dir='ltr'>τοῦτο</span> <span class='ocrx_word' id='word_1_239' title='bbox 1460 3654 1624 3724; x_wconf 89' lang='grc' dir='ltr'>μόνον</span> <span class='ocrx_word' id='word_1_240' title='bbox 1662 3653 1816 3706; x_wconf 75' lang='grc' dir='ltr'>ἔσται</span> 
     </span>
    </p>
   </div>
   <div class='ocr_carea' id='block_1_37' title="bbox 224 3745 1817 3824">
    <p class='ocr_par' dir='ltr' id='par_1_37' title="bbox 224 3745 1817 3824">
     <span class='ocr_line' id='line_1_37' title="bbox 224 3745 1817 3824; baseline -0.01 -14"><span class='ocrx_word' id='word_1_241' title='bbox 224 3758 450 3818; x_wconf 81' lang='grc' dir='ltr'>κόλασις</span> <span class='ocrx_word' id='word_1_242' title='bbox 502 3756 580 3824; x_wconf 82' lang='grc' dir='ltr'>τῷ</span> <span class='ocrx_word' id='word_1_243' title='bbox 627 3754 872 3821; x_wconf 75' lang='grc' dir='ltr'>ὰνιάτῳς</span> <span class='ocrx_word' id='word_1_244' title='bbox 926 3752 1081 3820; x_wconf 77' lang='grc' dir='ltr'>Οὐχὶ,</span> <span class='ocrx_word' id='word_1_245' title='bbox 1142 3748 1258 3802; x_wconf 76' lang='grc' dir='ltr'><strong>ἀλλ’</strong></span> <span class='ocrx_word' id='word_1_246' title='bbox 1323 3749 1493 3802; x_wconf 78' lang='grc' dir='ltr'>ἄκουε</span> <span class='ocrx_word' id='word_1_247' title='bbox 1550 3745 1651 3801; x_wconf 57' lang='grc' dir='ltr'><strong>καὶΙ</strong></span> <span class='ocrx_word' id='word_1_248' title='bbox 1706 3745 1817 3797; x_wconf 82' lang='grc' dir='ltr'>τῶν</span> 
     </span>
    </p>
   </div>
   <div class='ocr_carea' id='block_1_38' title="bbox 226 3851 375 3918">
    <p class='ocr_par' dir='ltr' id='par_1_38' title="bbox 226 3851 375 3918">
     <span class='ocr_line' id='line_1_38' title="bbox 226 3851 375 3918; baseline -0.013 -3"><span class='ocrx_word' id='word_1_249' title='bbox 226 3851 375 3918; x_wconf 70' lang='grc' dir='ltr'><strong>ἑξῆς.</strong></span> 
     </span>
    </p>
   </div>
   <div class='ocr_carea' id='block_1_39' title="bbox 310 3931 1815 4008">
    <p class='ocr_par' dir='ltr' id='par_1_39' title="bbox 310 3931 1815 4008">
     <span class='ocr_line' id='line_1_39' title="bbox 310 3931 1815 4008; baseline -0.008 -14"><span class='ocrx_word' id='word_1_250' title='bbox 310 3941 490 4008; x_wconf 75' lang='grc' dir='ltr'><strong>Ἀμὴν</strong></span> <span class='ocrx_word' id='word_1_251' title='bbox 511 3971 579 3980; x_wconf 93' lang='grc'><strong>--</strong></span> <span class='ocrx_word' id='word_1_252' title='bbox 605 3937 860 4005; x_wconf 74' lang='grc' dir='ltr'>οὐρανῷ.</span> <span class='ocrx_word' id='word_1_253' title='bbox 889 3935 1167 3995; x_wconf 75' lang='grc' dir='ltr'>Κελεύσας</span> <span class='ocrx_word' id='word_1_254' title='bbox 1211 3931 1521 3984; x_wconf 78' lang='grc' dir='ltr'>τελευταῖον</span> <span class='ocrx_word' id='word_1_255' title='bbox 1546 3931 1720 3983; x_wconf 79' lang='grc' dir='ltr'>εἰπεῖν</span> <span class='ocrx_word' id='word_1_256' title='bbox 1749 3931 1815 4000; x_wconf 80' lang='grc' dir='ltr'>τῇ</span> 
     </span>
    </p>
   </div>
   <div class='ocr_carea' id='block_1_40' title="bbox 239 4022 1816 4105">
    <p class='ocr_par' dir='ltr' id='par_1_40' title="bbox 239 4022 1816 4105">
     <span class='ocr_line' id='line_1_40' title="bbox 239 4022 1816 4105; baseline -0.01 -17"><span class='ocrx_word' id='word_1_257' title='bbox 239 4035 559 4105; x_wconf 76' lang='grc' dir='ltr'>Ἐκκλησία,</span> <span class='ocrx_word' id='word_1_258' title='bbox 591 4031 792 4102; x_wconf 80' lang='grc' dir='ltr'>δηλαδὴ</span> <span class='ocrx_word' id='word_1_259' title='bbox 833 4033 947 4091; x_wconf 87' lang='grc' dir='ltr'>τοῖς</span> <span class='ocrx_word' id='word_1_260' title='bbox 979 4025 1286 4098; x_wconf 80' lang='grc' dir='ltr'>προεστῶσι</span> <span class='ocrx_word' id='word_1_261' title='bbox 1337 4022 1816 4094; x_wconf 83' lang='grc' dir='ltr'>τῆςἘκκλησίας,</span> 
     </span>
    </p>
   </div>
   <div class='ocr_carea' id='block_1_41' title="bbox 226 4113 1820 4196">
    <p class='ocr_par' dir='ltr' id='par_1_41' title="bbox 226 4113 1820 4196">
     <span class='ocr_line' id='line_1_41' title="bbox 226 4113 1820 4196; baseline -0.009 -14"><span class='ocrx_word' id='word_1_262' title='bbox 226 4129 418 4183; x_wconf 80' lang='grc' dir='ltr'>λοιπὸν</span> <span class='ocrx_word' id='word_1_263' title='bbox 463 4128 600 4196; x_wconf 74' lang='grc' dir='ltr'>πρὸς</span> <span class='ocrx_word' id='word_1_264' title='bbox 647 4126 843 4187; x_wconf 75' lang='grc' dir='ltr'>αὐτοὺς</span> <span class='ocrx_word' id='word_1_265' title='bbox 882 4122 1227 4176; x_wconf 77' lang='grc' dir='ltr'>ἀποτείνεται</span> <span class='ocrx_word' id='word_1_266' title='bbox 1277 4117 1477 4185; x_wconf 80' lang='grc' dir='ltr'>λέγων’</span> <span class='ocrx_word' id='word_1_267' title='bbox 1528 4115 1690 4168; x_wconf 84' lang='grc' dir='ltr'>Ὅσα</span> <span class='ocrx_word' id='word_1_268' title='bbox 1742 4113 1820 4168; x_wconf 85' lang='grc' dir='ltr'><strong>ἂν</strong></span> 
     </span>
    </p>
   </div>
   <div class='ocr_carea' id='block_1_42' title="bbox 228 4208 1819 4288">
    <p class='ocr_par' dir='ltr' id='par_1_42' title="bbox 228 4208 1819 4288">
     <span class='ocr_line' id='line_1_42' title="bbox 228 4208 1819 4288; baseline -0.009 -13"><span class='ocrx_word' id='word_1_269' title='bbox 228 4222 457 4288; x_wconf 75' lang='grc' dir='ltr'>δήσητε</span> <span class='ocrx_word' id='word_1_270' title='bbox 493 4220 591 4272; x_wconf 79' lang='grc' dir='ltr'><strong>ἐπὶ</strong></span> <span class='ocrx_word' id='word_1_271' title='bbox 630 4217 738 4285; x_wconf 79' lang='grc' dir='ltr'>τῆς</span> <span class='ocrx_word' id='word_1_272' title='bbox 782 4216 914 4287; x_wconf 77' lang='grc' dir='ltr'>τῆς,</span> <span class='ocrx_word' id='word_1_273' title='bbox 953 4217 1049 4267; x_wconf 70' lang='grc' dir='ltr'>καὶ</span> <span class='ocrx_word' id='word_1_274' title='bbox 1097 4215 1166 4266; x_wconf 83' lang='grc' dir='ltr'>τὰ</span> <span class='ocrx_word' id='word_1_275' title='bbox 1213 4213 1364 4282; x_wconf 77' lang='grc' dir='ltr'><strong>ἑξῆς.</strong></span> <span class='ocrx_word' id='word_1_276' title='bbox 1400 4210 1576 4264; x_wconf 85' lang='grc' dir='ltr'>Τοῦτο</span> <span class='ocrx_word' id='word_1_277' title='bbox 1615 4209 1674 4262; x_wconf 80' lang='grc' dir='ltr'>δὲ</span> <span class='ocrx_word' id='word_1_278' title='bbox 1723 4208 1819 4261; x_wconf 77' lang='grc' dir='ltr'>καὶ</span> 
     </span>
    </p>
   </div>
   <div class='ocr_carea' id='block_1_43' title="bbox 229 4302 1820 4384">
    <p class='ocr_par' dir='ltr' id='par_1_43' title="bbox 229 4302 1820 4384">
     <span class='ocr_line' id='line_1_43' title="bbox 229 4302 1820 4384; baseline -0.008 -18"><span class='ocrx_word' id='word_1_279' title='bbox 229 4315 367 4384; x_wconf 73' lang='grc' dir='ltr'>πρὸς</span> <span class='ocrx_word' id='word_1_280' title='bbox 397 4311 489 4364; x_wconf 81' lang='grc' dir='ltr'>τὸν</span> <span class='ocrx_word' id='word_1_281' title='bbox 527 4311 730 4378; x_wconf 85' lang='grc' dir='ltr'>Πέτρον</span> <span class='ocrx_word' id='word_1_282' title='bbox 763 4306 940 4371; x_wconf 83' lang='grc' dir='ltr'>εἶπεν,</span> <span class='ocrx_word' id='word_1_283' title='bbox 982 4311 1042 4360; x_wconf 83' lang='grc' dir='ltr'>ἐν</span> <span class='ocrx_word' id='word_1_284' title='bbox 1069 4306 1145 4374; x_wconf 87' lang='grc' dir='ltr'>τῷ</span> <span class='ocrx_word' id='word_1_285' title='bbox 1178 4303 1490 4376; x_wconf 83' lang='grc' dir='ltr'>τριακοστῷ</span> <span class='ocrx_word' id='word_1_286' title='bbox 1519 4302 1691 4374; x_wconf 83' lang='grc' dir='ltr'>τρίτῳ</span> <span class='ocrx_word' id='word_1_287' title='bbox 1723 4317 1820 4354; x_wconf 82' lang='grc' dir='ltr'>κε-</span> 
     </span>
    </p>
   </div>
   <div class='ocr_carea' id='block_1_44' title="bbox 231 4398 1462 4475">
    <p class='ocr_par' dir='ltr' id='par_1_44' title="bbox 231 4398 1462 4475">
     <span class='ocr_line' id='line_1_44' title="bbox 231 4398 1462 4475; baseline -0.007 -16"><span class='ocrx_word' id='word_1_288' title='bbox 231 4407 467 4475; x_wconf 76' lang='grc' dir='ltr'>φαλαίῳ,</span> <span class='ocrx_word' id='word_1_289' title='bbox 496 4409 591 4456; x_wconf 74' lang='grc' dir='ltr'>καὶ</span> <span class='ocrx_word' id='word_1_290' title='bbox 626 4403 858 4473; x_wconf 76' lang='grc' dir='ltr'>ζήτησον</span> <span class='ocrx_word' id='word_1_291' title='bbox 894 4403 1010 4452; x_wconf 81' lang='grc' dir='ltr'>ἐκεῖ</span> <span class='ocrx_word' id='word_1_292' title='bbox 1041 4402 1140 4468; x_wconf 82' lang='grc' dir='ltr'>τὴν</span> <span class='ocrx_word' id='word_1_293' title='bbox 1175 4398 1462 4468; x_wconf 77' lang='grc' dir='ltr'>ἐξήγησιν.</span> 
     </span>
    </p>
   </div>
   <div class='ocr_carea' id='block_1_45' title="bbox 305 4483 1820 4563">
    <p class='ocr_par' dir='ltr' id='par_1_45' title="bbox 305 4483 1820 4563">
     <span class='ocr_line' id='line_1_45' title="bbox 305 4483 1820 4563; baseline -0.012 -11"><span class='ocrx_word' id='word_1_294' title='bbox 305 4500 464 4552; x_wconf 82' lang='grc' dir='ltr'>Ἐστι</span> <span class='ocrx_word' id='word_1_295' title='bbox 501 4497 556 4550; x_wconf 78' lang='grc' dir='ltr'>δὲ</span> <span class='ocrx_word' id='word_1_296' title='bbox 605 4494 700 4548; x_wconf 83' lang='grc' dir='ltr'><strong>νῦν</strong></span> <span class='ocrx_word' id='word_1_297' title='bbox 743 4497 776 4563; x_wconf 80' lang='grc' dir='ltr'>ἡ</span> <span class='ocrx_word' id='word_1_298' title='bbox 814 4493 1026 4546; x_wconf 78' lang='grc' dir='ltr'>διάνοια</span> <span class='ocrx_word' id='word_1_299' title='bbox 1074 4489 1170 4543; x_wconf 81' lang='grc' dir='ltr'>τοῦ</span> <span class='ocrx_word' id='word_1_300' title='bbox 1223 4488 1390 4560; x_wconf 79' lang='grc' dir='ltr'>ῥητοῦ</span> <span class='ocrx_word' id='word_1_301' title='bbox 1440 4483 1688 4554; x_wconf 84' lang='grc' dir='ltr'>τοιαύτη,</span> <span class='ocrx_word' id='word_1_302' title='bbox 1737 4483 1820 4536; x_wconf 81' lang='grc' dir='ltr'><strong>ὅτι</strong></span> 
     </span>
    </p>
   </div>
   <div class='ocr_carea' id='block_1_46' title="bbox 1905 622 3498 697">
    <p class='ocr_par' dir='ltr' id='par_1_46' title="bbox 1905 622 3498 697">
     <span class='ocr_line' id='line_1_46' title="bbox 1905 622 3498 697; baseline 0.001 -21"><span class='ocrx_word' id='word_1_303' title='bbox 1905 631 2213 688; x_wconf 87' lang='lat' dir='ltr'><strong>tantum,ne</strong></span> <span class='ocrx_word' id='word_1_304' title='bbox 2229 622 2369 678; x_wconf 89' lang='lat' dir='ltr'><strong>forte</strong></span> <span class='ocrx_word' id='word_1_305' title='bbox 2384 623 2696 694; x_wconf 81' lang='lat' dir='ltr'><strong>publicatus</strong></span> <span class='ocrx_word' id='word_1_306' title='bbox 2710 622 3008 694; x_wconf 84' lang='lat' dir='ltr'><strong>improbior</strong></span> <span class='ocrx_word' id='word_1_307' title='bbox 3027 623 3119 679; x_wconf 82' lang='lat' dir='ltr'><strong>liat</strong></span> <span class='ocrx_word' id='word_1_308' title='bbox 3131 640 3195 680; x_wconf 89' lang='lat' dir='ltr'><strong>ac</strong></span> <span class='ocrx_word' id='word_1_309' title='bbox 3208 624 3498 697; x_wconf 85' lang='lat' dir='ltr'><strong>incorrigi-</strong></span> 
     </span>
    </p>
   </div>
   <div class='ocr_carea' id='block_1_47' title="bbox 1903 716 2054 770">
    <p class='ocr_par' dir='ltr' id='par_1_47' title="bbox 1903 716 2054 770">
     <span class='ocr_line' id='line_1_47' title="bbox 1903 716 2054 770; baseline -0.007 0"><span class='ocrx_word' id='word_1_310' title='bbox 1903 716 2054 770; x_wconf 81' lang='lat' dir='ltr'><strong>bilis.</strong></span> 
     </span>
    </p>
   </div>
   <div class='ocr_carea' id='block_1_48' title="bbox 1973 804 3493 878">
    <p class='ocr_par' dir='ltr' id='par_1_48' title="bbox 1973 804 3493 878">
     <span class='ocr_line' id='line_1_48' title="bbox 1973 804 3493 878; baseline 0.003 -20"><span class='ocrx_word' id='word_1_311' title='bbox 1973 807 2128 862; x_wconf 86' lang='lat' dir='ltr'><strong>Vers.</strong></span> <span class='ocrx_word' id='word_1_312' title='bbox 2171 807 2257 863; x_wconf 72' lang='grc'><strong>15.</strong></span> <span class='ocrx_word' id='word_1_313' title='bbox 2291 804 2350 863; x_wconf 87' lang='lat' dir='ltr'><strong>Si</strong></span> <span class='ocrx_word' id='word_1_314' title='bbox 2375 836 2443 848; x_wconf 80' lang='lat'><em>-</em></span> <span class='ocrx_word' id='word_1_315' title='bbox 2469 816 2639 862; x_wconf 82' lang='lat' dir='ltr'><strong>tuum.</strong></span> <span class='ocrx_word' id='word_1_316' title='bbox 2672 805 2729 862; x_wconf 91' lang='lat' dir='ltr'><strong>Si</strong></span> <span class='ocrx_word' id='word_1_317' title='bbox 2759 807 2857 862; x_wconf 90' lang='lat' dir='ltr'><strong>tibi</strong></span> <span class='ocrx_word' id='word_1_318' title='bbox 2883 807 3153 864; x_wconf 82' lang='lat' dir='ltr'><strong>obedierit</strong></span> <span class='ocrx_word' id='word_1_319' title='bbox 3198 809 3493 878; x_wconf 72' lang='lat' dir='ltr'><strong>cor-rigenti</strong></span> 
     </span>
    </p>
   </div>
   <div class='ocr_carea' id='block_1_49' title="bbox 1902 900 3490 973">
    <p class='ocr_par' dir='ltr' id='par_1_49' title="bbox 1902 900 3490 973">
     <span class='ocr_line' id='line_1_49' title="bbox 1902 900 3490 973; baseline 0.001 -19"><span class='ocrx_word' id='word_1_320' title='bbox 1902 900 2330 970; x_wconf 84' lang='lat' dir='ltr'><strong>resipueritque,</strong></span> <span class='ocrx_word' id='word_1_321' title='bbox 2363 915 2426 955; x_wconf 89' lang='lat' dir='ltr'><strong>ac</strong></span> <span class='ocrx_word' id='word_1_322' title='bbox 2449 900 2693 971; x_wconf 84' lang='lat' dir='ltr'><strong>seipsum</strong></span> <span class='ocrx_word' id='word_1_323' title='bbox 2718 901 3196 965; x_wconf 91' lang='lat' dir='ltr'><strong>condemnaverit,</strong></span> <span class='ocrx_word' id='word_1_324' title='bbox 3233 916 3490 973; x_wconf 88' lang='lat' dir='ltr'><strong>magnum</strong></span> 
     </span>
    </p>
   </div>
   <div class='ocr_carea' id='block_1_50' title="bbox 1902 990 3496 1060">
    <p class='ocr_par' dir='ltr' id='par_1_50' title="bbox 1902 990 3496 1060">
     <span class='ocr_line' id='line_1_50' title="bbox 1902 990 3496 1060; baseline 0.001 -16"><span class='ocrx_word' id='word_1_325' title='bbox 1902 991 2081 1046; x_wconf 90' lang='lat' dir='ltr'><strong>fecisti</strong></span> <span class='ocrx_word' id='word_1_326' title='bbox 2107 991 2342 1054; x_wconf 87' lang='lat' dir='ltr'><strong>lucrum,</strong></span> <span class='ocrx_word' id='word_1_327' title='bbox 2364 990 2546 1060; x_wconf 87' lang='lat' dir='ltr'><strong>ipsum</strong></span> <span class='ocrx_word' id='word_1_328' title='bbox 2577 992 2826 1046; x_wconf 86' lang='lat' dir='ltr'><strong>videlicet</strong></span> <span class='ocrx_word' id='word_1_329' title='bbox 2858 992 3086 1048; x_wconf 82' lang='lat' dir='ltr'><strong>fratrem</strong></span> <span class='ocrx_word' id='word_1_330' title='bbox 3112 1001 3286 1059; x_wconf 90' lang='lat' dir='ltr'><strong>tuum,</strong></span> <span class='ocrx_word' id='word_1_331' title='bbox 3318 1008 3496 1048; x_wconf 88' lang='lat' dir='ltr'><strong>mem-</strong></span> 
     </span>
    </p>
   </div>
   <div class='ocr_carea' id='block_1_51' title="bbox 1902 1081 3496 1154">
    <p class='ocr_par' dir='ltr' id='par_1_51' title="bbox 1902 1081 3496 1154">
     <span class='ocr_line' id='line_1_51' title="bbox 1902 1081 3496 1154; baseline 0.001 -18"><span class='ocrx_word' id='word_1_332' title='bbox 1902 1082 2060 1136; x_wconf 84' lang='lat' dir='ltr'><strong>brum</strong></span> <span class='ocrx_word' id='word_1_333' title='bbox 2094 1091 2272 1136; x_wconf 88' lang='lat' dir='ltr'><strong>tuum.</strong></span> <span class='ocrx_word' id='word_1_334' title='bbox 2313 1081 2467 1137; x_wconf 90' lang='lat' dir='ltr'><strong>llunc</strong></span> <span class='ocrx_word' id='word_1_335' title='bbox 2497 1083 2646 1137; x_wconf 89' lang='lat' dir='ltr'><strong>enim</strong></span> <span class='ocrx_word' id='word_1_336' title='bbox 2689 1084 3012 1152; x_wconf 80' lang='lat' dir='ltr'><strong>perdideras</strong></span> <span class='ocrx_word' id='word_1_337' title='bbox 3059 1094 3288 1154; x_wconf 88' lang='lat' dir='ltr'><strong>pr0pter</strong></span> <span class='ocrx_word' id='word_1_338' title='bbox 3317 1084 3496 1138; x_wconf 69' lang='lat' dir='ltr'><strong>oden-</strong></span> 
     </span>
    </p>
   </div>
   <div class='ocr_carea' id='block_1_52' title="bbox 1901 1171 3498 1242">
    <p class='ocr_par' dir='ltr' id='par_1_52' title="bbox 1901 1171 3498 1242">
     <span class='ocr_line' id='line_1_52' title="bbox 1901 1171 3498 1242; baseline 0.001 -16"><span class='ocrx_word' id='word_1_339' title='bbox 1901 1171 2168 1234; x_wconf 91' lang='lat' dir='ltr'><strong>diculum,</strong></span> <span class='ocrx_word' id='word_1_340' title='bbox 2189 1171 2461 1226; x_wconf 89' lang='lat' dir='ltr'><strong>divulsum</strong></span> <span class='ocrx_word' id='word_1_341' title='bbox 2495 1188 2524 1226; x_wconf 91' lang='lat' dir='ltr'><strong>a</strong></span> <span class='ocrx_word' id='word_1_342' title='bbox 2544 1173 2783 1227; x_wconf 83' lang='lat' dir='ltr'><strong>fraterna</strong></span> <span class='ocrx_word' id='word_1_343' title='bbox 2804 1174 3194 1242; x_wconf 84' lang='lat' dir='ltr'><strong>conjunctione</strong></span> <span class='ocrx_word' id='word_1_344' title='bbox 3220 1182 3332 1238; x_wconf 91' lang='lat' dir='ltr'><strong>tua,</strong></span> <span class='ocrx_word' id='word_1_345' title='bbox 3352 1173 3498 1242; x_wconf 90' lang='lat' dir='ltr'><strong>quod</strong></span> 
     </span>
    </p>
   </div>
   <div class='ocr_carea' id='block_1_53' title="bbox 1900 1262 3286 1334">
    <p class='ocr_par' dir='ltr' id='par_1_53' title="bbox 1900 1262 3286 1334">
     <span class='ocr_line' id='line_1_53' title="bbox 1900 1262 3286 1334; baseline 0.005 -19"><span class='ocrx_word' id='word_1_346' title='bbox 1900 1262 2102 1334; x_wconf 79' lang='lat' dir='ltr'><strong>grande</strong></span> <span class='ocrx_word' id='word_1_347' title='bbox 2126 1263 2386 1319; x_wconf 86' lang='lat' dir='ltr'><strong>damnum</strong></span> <span class='ocrx_word' id='word_1_348' title='bbox 2403 1273 2488 1320; x_wconf 88' lang='lat' dir='ltr'><strong>est</strong></span> <span class='ocrx_word' id='word_1_349' title='bbox 2516 1265 2601 1318; x_wconf 87' lang='lat' dir='ltr'><strong>his</strong></span> <span class='ocrx_word' id='word_1_350' title='bbox 2630 1267 2724 1334; x_wconf 89' lang='lat' dir='ltr'><strong>qui</strong></span> <span class='ocrx_word' id='word_1_351' title='bbox 2748 1281 2874 1319; x_wconf 91' lang='lat' dir='ltr'><strong>vere</strong></span> <span class='ocrx_word' id='word_1_352' title='bbox 2907 1266 3104 1321; x_wconf 78' lang='lat' dir='ltr'><strong>fratres</strong></span> <span class='ocrx_word' id='word_1_353' title='bbox 3136 1275 3286 1322; x_wconf 88' lang='lat' dir='ltr'><strong>sunt.</strong></span> 
     </span>
    </p>
   </div>
   <div class='ocr_carea' id='block_1_54' title="bbox 1974 1352 3498 1422">
    <p class='ocr_par' dir='ltr' id='par_1_54' title="bbox 1974 1352 3498 1422">
     <span class='ocr_line' id='line_1_54' title="bbox 1974 1352 3498 1422; baseline 0.004 -16"><span class='ocrx_word' id='word_1_354' title='bbox 1974 1352 2238 1409; x_wconf 73' lang='lat' dir='ltr'><strong>Vers.16.</strong></span> <span class='ocrx_word' id='word_1_355' title='bbox 2265 1355 2325 1410; x_wconf 82' lang='lat' dir='ltr'><strong>Si</strong></span> <span class='ocrx_word' id='word_1_356' title='bbox 2355 1386 2426 1396; x_wconf 93' lang='lat'><strong><em>—</em></strong></span> <span class='ocrx_word' id='word_1_357' title='bbox 2463 1357 2700 1410; x_wconf 81' lang='lat' dir='ltr'><strong>verbum.</strong></span> <span class='ocrx_word' id='word_1_358' title='bbox 2748 1359 2885 1422; x_wconf 80' lang='lat' dir='ltr'><strong>Quia</strong></span> <span class='ocrx_word' id='word_1_359' title='bbox 2914 1357 3065 1412; x_wconf 82' lang='lat' dir='ltr'><strong>solus</strong></span> <span class='ocrx_word' id='word_1_360' title='bbox 3107 1373 3218 1412; x_wconf 88' lang='lat' dir='ltr'><strong>non</strong></span> <span class='ocrx_word' id='word_1_361' title='bbox 3275 1356 3498 1412; x_wconf 87' lang='lat' dir='ltr'><strong>valuisti</strong></span> 
     </span>
    </p>
   </div>
   <div class='ocr_carea' id='block_1_55' title="bbox 1903 1449 3496 1513">
    <p class='ocr_par' dir='ltr' id='par_1_55' title="bbox 1903 1449 3496 1513">
     <span class='ocr_line' id='line_1_55' title="bbox 1903 1449 3496 1513; baseline 0.003 -14"><span class='ocrx_word' id='word_1_362' title='bbox 1903 1461 2135 1512; x_wconf 89' lang='lat' dir='ltr'><strong>curare,</strong></span> <span class='ocrx_word' id='word_1_363' title='bbox 2179 1462 2401 1502; x_wconf 90' lang='lat' dir='ltr'><strong>assume</strong></span> <span class='ocrx_word' id='word_1_364' title='bbox 2435 1457 2615 1502; x_wconf 91' lang='lat' dir='ltr'><strong>tecum</strong></span> <span class='ocrx_word' id='word_1_365' title='bbox 2651 1449 2832 1504; x_wconf 89' lang='lat' dir='ltr'><strong>adhuc</strong></span> <span class='ocrx_word' id='word_1_366' title='bbox 2889 1465 2998 1504; x_wconf 92' lang='lat' dir='ltr'><strong>non</strong></span> <span class='ocrx_word' id='word_1_367' title='bbox 3033 1451 3260 1513; x_wconf 89' lang='lat' dir='ltr'><strong>multos,</strong></span> <span class='ocrx_word' id='word_1_368' title='bbox 3298 1465 3369 1503; x_wconf 90' lang='lat' dir='ltr'><strong>ne</strong></span> <span class='ocrx_word' id='word_1_369' title='bbox 3402 1449 3496 1503; x_wconf 89' lang='lat' dir='ltr'><strong>ille</strong></span> 
     </span>
    </p>
   </div>
   <div class='ocr_carea' id='block_1_56' title="bbox 1910 1537 3500 1608">
    <p class='ocr_par' dir='ltr' id='par_1_56' title="bbox 1910 1537 3500 1608">
     <span class='ocr_line' id='line_1_56' title="bbox 1910 1537 3500 1608; baseline 0.003 -20"><span class='ocrx_word' id='word_1_370' title='bbox 1910 1537 2176 1606; x_wconf 81' lang='lat' dir='ltr'><strong>publicari</strong></span> <span class='ocrx_word' id='word_1_371' title='bbox 2230 1553 2290 1593; x_wconf 91' lang='lat' dir='ltr'><strong>se</strong></span> <span class='ocrx_word' id='word_1_372' title='bbox 2336 1548 2618 1606; x_wconf 83' lang='lat' dir='ltr'><strong>reputans,</strong></span> <span class='ocrx_word' id='word_1_373' title='bbox 2655 1539 2844 1595; x_wconf 83' lang='lat' dir='ltr'><strong>durior</strong></span> <span class='ocrx_word' id='word_1_374' title='bbox 2874 1539 3296 1608; x_wconf 83' lang='lat' dir='ltr'><strong>elliciatur;sed</strong></span> <span class='ocrx_word' id='word_1_375' title='bbox 3329 1555 3500 1594; x_wconf 86' lang='lat' dir='ltr'><strong>unum</strong></span> 
     </span>
    </p>
   </div>
   <div class='ocr_carea' id='block_1_57' title="bbox 1899 1627 3506 1700">
    <p class='ocr_par' dir='ltr' id='par_1_57' title="bbox 1899 1627 3506 1700">
     <span class='ocr_line' id='line_1_57' title="bbox 1899 1627 3506 1700; baseline 0.002 -18"><span class='ocrx_word' id='word_1_376' title='bbox 1899 1639 1992 1682; x_wconf 88' lang='lat' dir='ltr'><strong>aut</strong></span> <span class='ocrx_word' id='word_1_377' title='bbox 2018 1627 2156 1686; x_wconf 86' lang='lat' dir='ltr'><strong>duos</strong></span> <span class='ocrx_word' id='word_1_378' title='bbox 2179 1629 2553 1693; x_wconf 75' lang='lat' dir='ltr'><strong>auxiliatores,</strong></span> <span class='ocrx_word' id='word_1_379' title='bbox 2577 1640 2639 1684; x_wconf 91' lang='lat' dir='ltr'><strong>ut</strong></span> <span class='ocrx_word' id='word_1_380' title='bbox 2669 1630 2714 1685; x_wconf 92' lang='lat' dir='ltr'><strong>si</strong></span> <span class='ocrx_word' id='word_1_381' title='bbox 2752 1632 3130 1700; x_wconf 83' lang='lat' dir='ltr'><strong>pcrduraverit</strong></span> <span class='ocrx_word' id='word_1_382' title='bbox 3165 1647 3276 1685; x_wconf 89' lang='lat' dir='ltr'><strong>non</strong></span> <span class='ocrx_word' id='word_1_383' title='bbox 3312 1631 3506 1685; x_wconf 84' lang='lat' dir='ltr'><strong>molle-</strong></span> 
     </span>
    </p>
   </div>
   <div class='ocr_carea' id='block_1_58' title="bbox 1899 1723 3504 1786">
    <p class='ocr_par' dir='ltr' id='par_1_58' title="bbox 1899 1723 3504 1786">
     <span class='ocr_line' id='line_1_58' title="bbox 1899 1723 3504 1786; baseline 0 -9"><span class='ocrx_word' id='word_1_384' title='bbox 1899 1737 2052 1786; x_wconf 90' lang='lat' dir='ltr'><strong>cens,</strong></span> <span class='ocrx_word' id='word_1_385' title='bbox 2083 1723 2194 1778; x_wconf 89' lang='lat' dir='ltr'><strong>sint</strong></span> <span class='ocrx_word' id='word_1_386' title='bbox 2220 1724 2383 1777; x_wconf 88' lang='lat' dir='ltr'><strong>etiam</strong></span> <span class='ocrx_word' id='word_1_387' title='bbox 2410 1733 2577 1778; x_wconf 89' lang='lat' dir='ltr'><strong>testes</strong></span> <span class='ocrx_word' id='word_1_388' title='bbox 2601 1733 2710 1778; x_wconf 64' lang='lat' dir='ltr'><strong>tuae</strong></span> <span class='ocrx_word' id='word_1_389' title='bbox 2751 1725 3198 1780; x_wconf 83' lang='lat' dir='ltr'><strong>mansuetudinis</strong></span> <span class='ocrx_word' id='word_1_390' title='bbox 3266 1735 3321 1778; x_wconf 90' lang='lat' dir='ltr'><strong>et</strong></span> <span class='ocrx_word' id='word_1_391' title='bbox 3354 1724 3504 1778; x_wconf 88' lang='lat' dir='ltr'><strong>duri-</strong></span> 
     </span>
    </p>
   </div>
   <div class='ocr_carea' id='block_1_59' title="bbox 1904 1815 3504 1888">
    <p class='ocr_par' dir='ltr' id='par_1_59' title="bbox 1904 1815 3504 1888">
     <span class='ocr_line' id='line_1_59' title="bbox 1904 1815 3504 1888; baseline 0 -18"><span class='ocrx_word' id='word_1_392' title='bbox 1904 1815 1993 1870; x_wconf 91' lang='lat' dir='ltr'><strong>tiei</strong></span> <span class='ocrx_word' id='word_1_393' title='bbox 2028 1815 2198 1881; x_wconf 90' lang='lat' dir='ltr'><strong>illius,</strong></span> <span class='ocrx_word' id='word_1_394' title='bbox 2230 1824 2403 1886; x_wconf 89' lang='lat' dir='ltr'><strong>utque</strong></span> <span class='ocrx_word' id='word_1_395' title='bbox 2439 1816 2598 1885; x_wconf 80' lang='lat' dir='ltr'><strong>juxta</strong></span> <span class='ocrx_word' id='word_1_396' title='bbox 2644 1817 2849 1875; x_wconf 84' lang='lat' dir='ltr'><strong>veteris</strong></span> <span class='ocrx_word' id='word_1_397' title='bbox 2884 1817 3020 1888; x_wconf 83' lang='lat' dir='ltr'><strong>legis</strong></span> <span class='ocrx_word' id='word_1_398' title='bbox 3055 1818 3390 1873; x_wconf 90' lang='lat' dir='ltr'><strong>sententiam</strong></span> <span class='ocrx_word' id='word_1_399' title='bbox 3448 1817 3504 1870; x_wconf 92' lang='lat' dir='ltr'><strong>in</strong></span> 
     </span>
    </p>
   </div>
   <div class='ocr_carea' id='block_1_60' title="bbox 1903 1905 3506 1975">
    <p class='ocr_par' dir='ltr' id='par_1_60' title="bbox 1903 1905 3506 1975">
     <span class='ocr_line' id='line_1_60' title="bbox 1903 1905 3506 1975; baseline 0.001 -17"><span class='ocrx_word' id='word_1_400' title='bbox 1903 1919 1998 1959; x_wconf 91' lang='lat' dir='ltr'><strong>ore</strong></span> <span class='ocrx_word' id='word_1_401' title='bbox 2025 1905 2141 1960; x_wconf 90' lang='lat' dir='ltr'><strong>sive</strong></span> <span class='ocrx_word' id='word_1_402' title='bbox 2173 1920 2269 1975; x_wconf 90' lang='lat' dir='ltr'><strong>per</strong></span> <span class='ocrx_word' id='word_1_403' title='bbox 2300 1921 2363 1962; x_wconf 90' lang='lat' dir='ltr'><strong>os</strong></span> <span class='ocrx_word' id='word_1_404' title='bbox 2384 1906 2615 1961; x_wconf 89' lang='lat' dir='ltr'><strong>duorum</strong></span> <span class='ocrx_word' id='word_1_405' title='bbox 2651 1908 2879 1962; x_wconf 82' lang='lat' dir='ltr'><strong>testium</strong></span> <span class='ocrx_word' id='word_1_406' title='bbox 2913 1908 2996 1962; x_wconf 89' lang='lat' dir='ltr'><strong>vel</strong></span> <span class='ocrx_word' id='word_1_407' title='bbox 3025 1908 3212 1971; x_wconf 90' lang='lat' dir='ltr'><strong>trium,</strong></span> <span class='ocrx_word' id='word_1_408' title='bbox 3243 1917 3372 1973; x_wconf 87' lang='lat' dir='ltr'><strong>stet,</strong></span> <span class='ocrx_word' id='word_1_409' title='bbox 3402 1909 3506 1960; x_wconf 87' lang='lat' dir='ltr'><strong>hoc</strong></span> 
     </span>
    </p>
   </div>
   <div class='ocr_carea' id='block_1_61' title="bbox 1904 1997 3503 2071">
    <p class='ocr_par' dir='ltr' id='par_1_61' title="bbox 1904 1997 3503 2071">
     <span class='ocr_line' id='line_1_61' title="bbox 1904 1997 3503 2071; baseline -0.002 -17"><span class='ocrx_word' id='word_1_410' title='bbox 1904 2006 2016 2066; x_wconf 86' lang='lat' dir='ltr'><strong>est,</strong></span> <span class='ocrx_word' id='word_1_411' title='bbox 2048 1997 2408 2054; x_wconf 75' lang='lat' dir='ltr'><strong>conﬁrmetur</strong></span> <span class='ocrx_word' id='word_1_412' title='bbox 2437 2013 2600 2055; x_wconf 83' lang='lat' dir='ltr'><strong>omne</strong></span> <span class='ocrx_word' id='word_1_413' title='bbox 2627 2000 2879 2061; x_wconf 73' lang='lat' dir='ltr'><strong>verbum.</strong></span> <span class='ocrx_word' id='word_1_414' title='bbox 2905 2009 3034 2071; x_wconf 87' lang='lat' dir='ltr'><strong>puta</strong></span> <span class='ocrx_word' id='word_1_415' title='bbox 3053 2009 3104 2054; x_wconf 87' lang='lat' dir='ltr'><strong>te</strong></span> <span class='ocrx_word' id='word_1_416' title='bbox 3133 2000 3328 2054; x_wconf 88' lang='lat' dir='ltr'><strong>fecisse</strong></span> <span class='ocrx_word' id='word_1_417' title='bbox 3360 1998 3503 2068; x_wconf 86' lang='lat' dir='ltr'><strong>quod</strong></span> 
     </span>
    </p>
   </div>
   <div class='ocr_carea' id='block_1_62' title="bbox 1905 2091 3500 2164">
    <p class='ocr_par' dir='ltr' id='par_1_62' title="bbox 1905 2091 3500 2164">
     <span class='ocr_line' id='line_1_62' title="bbox 1905 2091 3500 2164; baseline 0 -20"><span class='ocrx_word' id='word_1_418' title='bbox 1905 2091 1961 2145; x_wconf 92' lang='lat' dir='ltr'><strong>in</strong></span> <span class='ocrx_word' id='word_1_419' title='bbox 2009 2101 2064 2148; x_wconf 90' lang='lat' dir='ltr'><strong>te</strong></span> <span class='ocrx_word' id='word_1_420' title='bbox 2114 2104 2222 2156; x_wconf 87' lang='lat' dir='ltr'><strong>est,</strong></span> <span class='ocrx_word' id='word_1_421' title='bbox 2255 2092 2508 2163; x_wconf 86' lang='lat' dir='ltr'><strong>nihilque</strong></span> <span class='ocrx_word' id='word_1_422' title='bbox 2544 2094 2964 2164; x_wconf 70' lang='lat' dir='ltr'><strong>praetermisisse</strong></span> <span class='ocrx_word' id='word_1_423' title='bbox 3028 2093 3308 2162; x_wconf 88' lang='lat' dir='ltr'><strong>:primum</strong></span> <span class='ocrx_word' id='word_1_424' title='bbox 3352 2091 3500 2145; x_wconf 88' lang='lat' dir='ltr'><strong>enim</strong></span> 
     </span>
    </p>
   </div>
   <div class='ocr_carea' id='block_1_63' title="bbox 1904 2179 3509 2249">
    <p class='ocr_par' dir='ltr' id='par_1_63' title="bbox 1904 2179 3509 2249">
     <span class='ocr_line' id='line_1_63' title="bbox 1904 2179 3509 2249; baseline -0.002 -15"><span class='ocrx_word' id='word_1_425' title='bbox 1904 2179 2054 2236; x_wconf 88' lang='lat' dir='ltr'><strong>solus</strong></span> <span class='ocrx_word' id='word_1_426' title='bbox 2085 2179 2268 2236; x_wconf 88' lang='lat' dir='ltr'><strong>abiisti</strong></span> <span class='ocrx_word' id='word_1_427' title='bbox 2301 2180 2372 2236; x_wconf 84' lang='lat' dir='ltr'><strong>ad</strong></span> <span class='ocrx_word' id='word_1_428' title='bbox 2404 2195 2562 2244; x_wconf 92' lang='lat' dir='ltr'><strong>eum,</strong></span> <span class='ocrx_word' id='word_1_429' title='bbox 2611 2180 2813 2235; x_wconf 87' lang='lat' dir='ltr'><strong>deinde</strong></span> <span class='ocrx_word' id='word_1_430' title='bbox 2873 2181 2996 2235; x_wconf 80' lang='lat' dir='ltr'><strong>aliis</strong></span> <span class='ocrx_word' id='word_1_431' title='bbox 3035 2194 3255 2249; x_wconf 91' lang='lat' dir='ltr'><strong>quoque</strong></span> <span class='ocrx_word' id='word_1_432' title='bbox 3296 2194 3509 2232; x_wconf 80' lang='lat' dir='ltr'><strong>assum-</strong></span> 
     </span>
    </p>
   </div>
   <div class='ocr_carea' id='block_1_64' title="bbox 1903 2273 2039 2343">
    <p class='ocr_par' dir='ltr' id='par_1_64' title="bbox 1903 2273 2039 2343">
     <span class='ocr_line' id='line_1_64' title="bbox 1903 2273 2039 2343; baseline 0.007 -17"><span class='ocrx_word' id='word_1_433' title='bbox 1903 2273 2039 2343; x_wconf 91' lang='lat' dir='ltr'><strong>ptis.</strong></span> 
     </span>
    </p>
   </div>
   <div class='ocr_carea' id='block_1_65' title="bbox 1978 2361 3514 2430">
    <p class='ocr_par' dir='ltr' id='par_1_65' title="bbox 1978 2361 3514 2430">
     <span class='ocr_line' id='line_1_65' title="bbox 1978 2361 3514 2430; baseline -0.002 -10"><span class='ocrx_word' id='word_1_434' title='bbox 1978 2364 2136 2420; x_wconf 85' lang='lat' dir='ltr'><strong>Vers.</strong></span> <span class='ocrx_word' id='word_1_435' title='bbox 2153 2362 2240 2418; x_wconf 80' lang='lat' dir='ltr'><strong>l7.</strong></span> <span class='ocrx_word' id='word_1_436' title='bbox 2260 2362 2412 2428; x_wconf 83' lang='lat' dir='ltr'><strong>Quod</strong></span> <span class='ocrx_word' id='word_1_437' title='bbox 2434 2361 2828 2430; x_wconf 70' lang='lat' dir='ltr'><strong>isi—Ecclesiae.</strong></span> <span class='ocrx_word' id='word_1_438' title='bbox 2860 2362 3155 2417; x_wconf 82' lang='lat' dir='ltr'><strong>Ecclesiam</strong></span> <span class='ocrx_word' id='word_1_439' title='bbox 3185 2379 3332 2417; x_wconf 89' lang='lat' dir='ltr'><strong>nunc</strong></span> <span class='ocrx_word' id='word_1_440' title='bbox 3353 2373 3514 2418; x_wconf 83' lang='lat' dir='ltr'><strong>vocat</strong></span> 
     </span>
    </p>
   </div>
   <div class='ocr_carea' id='block_1_66' title="bbox 1905 2450 3509 2527">
    <p class='ocr_par' dir='ltr' id='par_1_66' title="bbox 1905 2450 3509 2527">
     <span class='ocr_line' id='line_1_66' title="bbox 1905 2450 3509 2527; baseline -0.004 -16"><span class='ocrx_word' id='word_1_441' title='bbox 1905 2455 2169 2527; x_wconf 70' lang='lat' dir='ltr'><strong>prmsides</strong></span> <span class='ocrx_word' id='word_1_442' title='bbox 2187 2453 2431 2509; x_wconf 78' lang='lat' dir='ltr'><strong>ﬁdelium</strong></span> <span class='ocrx_word' id='word_1_443' title='bbox 2465 2451 2746 2509; x_wconf 67' lang='lat' dir='ltr'><strong>Ecclesiae.</strong></span> <span class='ocrx_word' id='word_1_444' title='bbox 2781 2450 3058 2505; x_wconf 80' lang='lat' dir='ltr'><strong>Renuntia</strong></span> <span class='ocrx_word' id='word_1_445' title='bbox 3103 2453 3209 2505; x_wconf 88' lang='lat' dir='ltr'><strong>illis</strong></span> <span class='ocrx_word' id='word_1_446' title='bbox 3250 2468 3371 2521; x_wconf 62' lang='lat' dir='ltr'><strong>quin</strong></span> <span class='ocrx_word' id='word_1_447' title='bbox 3399 2453 3509 2506; x_wconf 85' lang='lat' dir='ltr'><strong>cir-</strong></span> 
     </span>
    </p>
   </div>
   <div class='ocr_carea' id='block_1_67' title="bbox 1905 2541 3516 2616">
    <p class='ocr_par' dir='ltr' id='par_1_67' title="bbox 1905 2541 3516 2616">
     <span class='ocr_line' id='line_1_67' title="bbox 1905 2541 3516 2616; baseline -0.005 -14"><span class='ocrx_word' id='word_1_448' title='bbox 1905 2560 1969 2602; x_wconf 85' lang='lat' dir='ltr'><strong>ca</strong></span> <span class='ocrx_word' id='word_1_449' title='bbox 1989 2544 2138 2599; x_wconf 84' lang='lat' dir='ltr'><strong>hunc</strong></span> <span class='ocrx_word' id='word_1_450' title='bbox 2164 2551 2423 2616; x_wconf 75' lang='lat' dir='ltr'><strong>aguntur.</strong></span> <span class='ocrx_word' id='word_1_451' title='bbox 2456 2542 2727 2598; x_wconf 87' lang='lat' dir='ltr'><strong>Fortassis</strong></span> <span class='ocrx_word' id='word_1_452' title='bbox 2754 2541 2830 2596; x_wconf 90' lang='lat' dir='ltr'><strong>illi</strong></span> <span class='ocrx_word' id='word_1_453' title='bbox 2857 2542 3236 2596; x_wconf 83' lang='lat' dir='ltr'><strong>immntabunt</strong></span> <span class='ocrx_word' id='word_1_454' title='bbox 3269 2557 3394 2594; x_wconf 89' lang='lat' dir='ltr'><strong>cum</strong></span> <span class='ocrx_word' id='word_1_455' title='bbox 3425 2556 3516 2594; x_wconf 77' lang='lat' dir='ltr'><strong>ve-</strong></span> 
     </span>
    </p>
   </div>
   <div class='ocr_carea' id='block_1_68' title="bbox 1918 2638 2754 2709">
    <p class='ocr_par' dir='ltr' id='par_1_68' title="bbox 1918 2638 2754 2709">
     <span class='ocr_line' id='line_1_68' title="bbox 1918 2638 2754 2709; baseline -0.007 -14"><span class='ocrx_word' id='word_1_456' title='bbox 1918 2641 2094 2695; x_wconf 85' lang='lat' dir='ltr'><strong>ritum</strong></span> <span class='ocrx_word' id='word_1_457' title='bbox 2131 2639 2454 2709; x_wconf 81' lang='lat' dir='ltr'><strong>dignitatem</strong></span> <span class='ocrx_word' id='word_1_458' title='bbox 2485 2638 2754 2708; x_wconf 87' lang='lat' dir='ltr'><strong>ipsorum.</strong></span> 
     </span>
    </p>
   </div>
   <div class='ocr_carea' id='block_1_69' title="bbox 1978 2725 3509 2807">
    <p class='ocr_par' dir='ltr' id='par_1_69' title="bbox 1978 2725 3509 2807">
     <span class='ocr_line' id='line_1_69' title="bbox 1978 2725 3509 2807; baseline -0.007 -22"><span class='ocrx_word' id='word_1_459' title='bbox 1978 2729 2139 2786; x_wconf 75' lang='lat' dir='ltr'><strong>Vera.</strong></span> <span class='ocrx_word' id='word_1_460' title='bbox 2173 2729 2264 2785; x_wconf 77' lang='lat' dir='ltr'><strong>l7.</strong></span> <span class='ocrx_word' id='word_1_461' title='bbox 2307 2727 2479 2783; x_wconf 88' lang='lat' dir='ltr'><strong>Porro</strong></span> <span class='ocrx_word' id='word_1_462' title='bbox 2509 2729 2555 2782; x_wconf 76' lang='lat' dir='ltr'><strong>si</strong></span> <span class='ocrx_word' id='word_1_463' title='bbox 2596 2726 3017 2807; x_wconf 39' lang='lat' dir='ltr'><strong>--p&#39;ublicanus.</strong></span> <span class='ocrx_word' id='word_1_464' title='bbox 3052 2725 3136 2779; x_wconf 88' lang='lat' dir='ltr'><strong>Sit</strong></span> <span class='ocrx_word' id='word_1_465' title='bbox 3199 2725 3290 2778; x_wconf 89' lang='lat' dir='ltr'><strong>tibi</strong></span> <span class='ocrx_word' id='word_1_466' title='bbox 3343 2725 3509 2778; x_wconf 86' lang='lat' dir='ltr'><strong>dein-</strong></span> 
     </span>
    </p>
   </div>
   <div class='ocr_carea' id='block_1_70' title="bbox 1906 2817 3503 2892">
    <p class='ocr_par' dir='ltr' id='par_1_70' title="bbox 1906 2817 3503 2892">
     <span class='ocr_line' id='line_1_70' title="bbox 1906 2817 3503 2892; baseline -0.007 -13"><span class='ocrx_word' id='word_1_467' title='bbox 1906 2837 2040 2892; x_wconf 89' lang='lat' dir='ltr'><strong>ceps</strong></span> <span class='ocrx_word' id='word_1_468' title='bbox 2071 2820 2639 2885; x_wconf 85' lang='lat' dir='ltr'><strong>incommunicabilis,</strong></span> <span class='ocrx_word' id='word_1_469' title='bbox 2671 2834 2793 2873; x_wconf 87' lang='lat' dir='ltr'><strong>cum</strong></span> <span class='ocrx_word' id='word_1_470' title='bbox 2820 2834 2928 2886; x_wconf 90' lang='lat' dir='ltr'><strong>quo</strong></span> <span class='ocrx_word' id='word_1_471' title='bbox 2946 2818 3151 2872; x_wconf 87' lang='lat' dir='ltr'><strong>nullam</strong></span> <span class='ocrx_word' id='word_1_472' title='bbox 3186 2817 3340 2870; x_wconf 84' lang='lat' dir='ltr'><strong>ineas</strong></span> <span class='ocrx_word' id='word_1_473' title='bbox 3372 2817 3503 2869; x_wconf 72' lang='lat' dir='ltr'><strong>vita:</strong></span> 
     </span>
    </p>
   </div>
   <div class='ocr_carea' id='block_1_71' title="bbox 1909 2908 3521 2981">
    <p class='ocr_par' dir='ltr' id='par_1_71' title="bbox 1909 2908 3521 2981">
     <span class='ocr_line' id='line_1_71' title="bbox 1909 2908 3521 2981; baseline -0.009 -9"><span class='ocrx_word' id='word_1_474' title='bbox 1909 2915 2250 2978; x_wconf 85' lang='lat' dir='ltr'><strong>societatem,</strong></span> <span class='ocrx_word' id='word_1_475' title='bbox 2309 2922 2572 2981; x_wconf 88' lang='lat' dir='ltr'><strong>tanquam</strong></span> <span class='ocrx_word' id='word_1_476' title='bbox 2609 2910 3017 2965; x_wconf 89' lang='lat' dir='ltr'><strong>immedicabili.</strong></span> <span class='ocrx_word' id='word_1_477' title='bbox 3051 2908 3298 2963; x_wconf 87' lang='lat' dir='ltr'><strong>Ethnicis</strong></span> <span class='ocrx_word' id='word_1_478' title='bbox 3337 2917 3521 2961; x_wconf 82' lang='lat' dir='ltr'><strong>autem</strong></span> 
     </span>
    </p>
   </div>
   <div class='ocr_carea' id='block_1_72' title="bbox 1909 2999 3518 3075">
    <p class='ocr_par' dir='ltr' id='par_1_72' title="bbox 1909 2999 3518 3075">
     <span class='ocr_line' id='line_1_72' title="bbox 1909 2999 3518 3075; baseline -0.007 -12"><span class='ocrx_word' id='word_1_479' title='bbox 1909 3005 2228 3063; x_wconf 82' lang='lat' dir='ltr'><strong>inﬁdelibus</strong></span> <span class='ocrx_word' id='word_1_480' title='bbox 2264 3005 2551 3075; x_wconf 78' lang='lat' dir='ltr'><strong>conjunxit</strong></span> <span class='ocrx_word' id='word_1_481' title='bbox 2583 3003 2926 3071; x_wconf 86' lang='lat' dir='ltr'><strong>publicanos,</strong></span> <span class='ocrx_word' id='word_1_482' title='bbox 2993 3008 3218 3071; x_wconf 79' lang='lat' dir='ltr'><strong>prepter</strong></span> <span class='ocrx_word' id='word_1_483' title='bbox 3267 2999 3518 3068; x_wconf 73' lang='lat' dir='ltr'><strong>pecunia:</strong></span> 
     </span>
    </p>
   </div>
   <div class='ocr_carea' id='block_1_73' title="bbox 1909 3085 3524 3160">
    <p class='ocr_par' dir='ltr' id='par_1_73' title="bbox 1909 3085 3524 3160">
     <span class='ocr_line' id='line_1_73' title="bbox 1909 3085 3524 3160; baseline -0.01 -7"><span class='ocrx_word' id='word_1_484' title='bbox 1909 3111 2154 3153; x_wconf 90' lang='lat' dir='ltr'><strong>amorem</strong></span> <span class='ocrx_word' id='word_1_485' title='bbox 2183 3101 2241 3150; x_wconf 91' lang='lat' dir='ltr'><strong>et</strong></span> <span class='ocrx_word' id='word_1_486' title='bbox 2271 3093 2580 3157; x_wconf 83' lang='lat' dir='ltr'><strong>avaritiam,</strong></span> <span class='ocrx_word' id='word_1_487' title='bbox 2619 3089 3222 3160; x_wconf 83' lang='lat' dir='ltr'><strong>incompassibilitatem</strong></span> <span class='ocrx_word' id='word_1_488' title='bbox 3257 3096 3313 3141; x_wconf 86' lang='lat' dir='ltr'><strong>et</strong></span> <span class='ocrx_word' id='word_1_489' title='bbox 3373 3085 3524 3156; x_wconf 84' lang='lat' dir='ltr'><strong>inju-</strong></span> 
     </span>
    </p>
   </div>
   <div class='ocr_carea' id='block_1_74' title="bbox 1836 3187 2146 3275">
    <p class='ocr_par' dir='ltr' id='par_1_74' title="bbox 1836 3187 2146 3275">
     <span class='ocr_line' id='line_1_74' title="bbox 1836 3187 2146 3275; baseline -0.01 -30"><span class='ocrx_word' id='word_1_490' title='bbox 1836 3215 1885 3275; x_wconf 66' lang='grc' dir='ltr'>α</span> <span class='ocrx_word' id='word_1_491' title='bbox 1916 3187 2146 3244; x_wconf 90' lang='lat' dir='ltr'><strong>stitiam.</strong></span> 
     </span>
    </p>
   </div>
   <div class='ocr_carea' id='block_1_75' title="bbox 1994 3271 3526 3346">
    <p class='ocr_par' dir='ltr' id='par_1_75' title="bbox 1994 3271 3526 3346">
     <span class='ocr_line' id='line_1_75' title="bbox 1994 3271 3526 3346; baseline -0.007 -15"><span class='ocrx_word' id='word_1_492' title='bbox 1994 3277 2298 3331; x_wconf 80' lang='lat' dir='ltr'><strong>Audiamus</strong></span> <span class='ocrx_word' id='word_1_493' title='bbox 2319 3290 2448 3346; x_wconf 89' lang='lat' dir='ltr'><strong>ergo</strong></span> <span class='ocrx_word' id='word_1_494' title='bbox 2468 3274 2563 3344; x_wconf 90' lang='lat' dir='ltr'><strong>qui</strong></span> <span class='ocrx_word' id='word_1_495' title='bbox 2591 3272 2906 3342; x_wconf 89' lang='lat' dir='ltr'><strong>bujusmodi</strong></span> <span class='ocrx_word' id='word_1_496' title='bbox 2930 3271 3317 3326; x_wconf 79' lang='lat' dir='ltr'><strong>alfectionibus</strong></span> <span class='ocrx_word' id='word_1_497' title='bbox 3334 3283 3526 3323; x_wconf 90' lang='lat' dir='ltr'><strong>sumus</strong></span> 
     </span>
    </p>
   </div>
   <div class='ocr_carea' id='block_1_76' title="bbox 1922 3363 3526 3435">
    <p class='ocr_par' dir='ltr' id='par_1_76' title="bbox 1922 3363 3526 3435">
     <span class='ocr_line' id='line_1_76' title="bbox 1922 3363 3526 3435; baseline -0.009 -8"><span class='ocrx_word' id='word_1_498' title='bbox 1922 3369 2168 3427; x_wconf 80' lang='lat' dir='ltr'><strong>obnoxii.</strong></span> <span class='ocrx_word' id='word_1_499' title='bbox 2218 3368 2352 3423; x_wconf 86' lang='lat' dir='ltr'><strong>Vide</strong></span> <span class='ocrx_word' id='word_1_500' title='bbox 2386 3376 2573 3421; x_wconf 90' lang='lat' dir='ltr'><strong>autem</strong></span> <span class='ocrx_word' id='word_1_501' title='bbox 2601 3378 2869 3435; x_wconf 89' lang='lat' dir='ltr'><strong>quantum</strong></span> <span class='ocrx_word' id='word_1_502' title='bbox 2901 3365 3150 3419; x_wconf 86' lang='lat' dir='ltr'><strong>adhiberi</strong></span> <span class='ocrx_word' id='word_1_503' title='bbox 3211 3363 3441 3432; x_wconf 89' lang='lat' dir='ltr'><strong>jusserit</strong></span> <span class='ocrx_word' id='word_1_504' title='bbox 3467 3371 3526 3413; x_wconf 93' lang='lat' dir='ltr'><strong>ut</strong></span> 
     </span>
    </p>
   </div>
   <div class='ocr_carea' id='block_1_77' title="bbox 1923 3453 3527 3531">
    <p class='ocr_par' dir='ltr' id='par_1_77' title="bbox 1923 3453 3527 3531">
     <span class='ocr_line' id='line_1_77' title="bbox 1923 3453 3527 3531; baseline -0.009 -15"><span class='ocrx_word' id='word_1_505' title='bbox 1923 3459 2268 3531; x_wconf 78' lang='lat' dir='ltr'><strong>corrigantur</strong></span> <span class='ocrx_word' id='word_1_506' title='bbox 2317 3457 2372 3510; x_wconf 88' lang='lat' dir='ltr'><strong>hi</strong></span> <span class='ocrx_word' id='word_1_507' title='bbox 2403 3456 2495 3526; x_wconf 88' lang='lat' dir='ltr'><strong>qui</strong></span> <span class='ocrx_word' id='word_1_508' title='bbox 2529 3455 2737 3509; x_wconf 88' lang='lat' dir='ltr'><strong>fuerint</strong></span> <span class='ocrx_word' id='word_1_509' title='bbox 2774 3453 3108 3508; x_wconf 80' lang='lat' dir='ltr'><strong>ollendiculo</strong></span> <span class='ocrx_word' id='word_1_510' title='bbox 3140 3470 3154 3506; x_wconf 94' lang='lat'>:</span> <span class='ocrx_word' id='word_1_511' title='bbox 3193 3467 3317 3506; x_wconf 90' lang='lat' dir='ltr'><strong>cum</strong></span> <span class='ocrx_word' id='word_1_512' title='bbox 3345 3464 3527 3517; x_wconf 85' lang='lat' dir='ltr'><strong>neque</strong></span> 
     </span>
    </p>
   </div>
   <div class='ocr_carea' id='block_1_78' title="bbox 1925 3540 3512 3616">
    <p class='ocr_par' dir='ltr' id='par_1_78' title="bbox 1925 3540 3512 3616">
     <span class='ocr_line' id='line_1_78' title="bbox 1925 3540 3512 3616; baseline -0.008 -9"><span class='ocrx_word' id='word_1_513' title='bbox 1925 3553 2050 3607; x_wconf 89' lang='lat' dir='ltr'><strong>illos</strong></span> <span class='ocrx_word' id='word_1_514' title='bbox 2083 3565 2277 3607; x_wconf 90' lang='lat' dir='ltr'><strong>curare</strong></span> <span class='ocrx_word' id='word_1_515' title='bbox 2309 3548 2703 3612; x_wconf 89' lang='lat' dir='ltr'><strong>sustineamus,</strong></span> <span class='ocrx_word' id='word_1_516' title='bbox 2726 3545 2929 3616; x_wconf 89' lang='lat' dir='ltr'><strong>quibus</strong></span> <span class='ocrx_word' id='word_1_517' title='bbox 2957 3545 3316 3615; x_wconf 62' lang='lat' dir='ltr'><strong>praestitimus</strong></span> <span class='ocrx_word' id='word_1_518' title='bbox 3339 3540 3512 3597; x_wconf 73' lang='lat' dir='ltr'><strong>oden-</strong></span> 
     </span>
    </p>
   </div>
   <div class='ocr_carea' id='block_1_79' title="bbox 1924 3631 3524 3710">
    <p class='ocr_par' dir='ltr' id='par_1_79' title="bbox 1924 3631 3524 3710">
     <span class='ocr_line' id='line_1_79' title="bbox 1924 3631 3524 3710; baseline -0.01 -10"><span class='ocrx_word' id='word_1_519' title='bbox 1924 3642 2188 3701; x_wconf 87' lang='lat' dir='ltr'><strong>diculum.</strong></span> <span class='ocrx_word' id='word_1_520' title='bbox 2210 3639 2352 3706; x_wconf 88' lang='lat' dir='ltr'><strong>Quid</strong></span> <span class='ocrx_word' id='word_1_521' title='bbox 2375 3639 2678 3710; x_wconf 66' lang='lat' dir='ltr'><strong>ergoihaac</strong></span> <span class='ocrx_word' id='word_1_522' title='bbox 2708 3636 2821 3692; x_wconf 90' lang='lat' dir='ltr'><strong>sola</strong></span> <span class='ocrx_word' id='word_1_523' title='bbox 2852 3637 2956 3690; x_wconf 93' lang='lat' dir='ltr'><strong>erit</strong></span> <span class='ocrx_word' id='word_1_524' title='bbox 2987 3635 3122 3690; x_wconf 88' lang='lat' dir='ltr'><strong>ultio</strong></span> <span class='ocrx_word' id='word_1_525' title='bbox 3175 3634 3388 3688; x_wconf 91' lang='lat' dir='ltr'><strong>illorum</strong></span> <span class='ocrx_word' id='word_1_526' title='bbox 3430 3631 3524 3702; x_wconf 80' lang='lat' dir='ltr'><strong>qui</strong></span> 
     </span>
    </p>
   </div>
   <div class='ocr_carea' id='block_1_80' title="bbox 1926 3726 3526 3799">
    <p class='ocr_par' dir='ltr' id='par_1_80' title="bbox 1926 3726 3526 3799">
     <span class='ocr_line' id='line_1_80' title="bbox 1926 3726 3526 3799; baseline -0.008 -7"><span class='ocrx_word' id='word_1_527' title='bbox 1926 3745 2057 3792; x_wconf 88' lang='lat' dir='ltr'><strong>sunt</strong></span> <span class='ocrx_word' id='word_1_528' title='bbox 2087 3731 2467 3789; x_wconf 72' lang='lat' dir='ltr'><strong>incurabiles?</strong></span> <span class='ocrx_word' id='word_1_529' title='bbox 2500 3729 2880 3799; x_wconf 84' lang='lat' dir='ltr'><strong>Nequaquam,</strong></span> <span class='ocrx_word' id='word_1_530' title='bbox 2920 3727 3018 3782; x_wconf 88' lang='lat' dir='ltr'><strong>sed</strong></span> <span class='ocrx_word' id='word_1_531' title='bbox 3055 3726 3183 3782; x_wconf 88' lang='lat' dir='ltr'><strong>audi</strong></span> <span class='ocrx_word' id='word_1_532' title='bbox 3214 3726 3377 3780; x_wconf 91' lang='lat' dir='ltr'><strong>etiam</strong></span> <span class='ocrx_word' id='word_1_533' title='bbox 3401 3739 3526 3793; x_wconf 71' lang='lat' dir='ltr'><strong>quae</strong></span> 
     </span>
    </p>
   </div>
   <div class='ocr_carea' id='block_1_81' title="bbox 1926 3835 2255 3897">
    <p class='ocr_par' dir='ltr' id='par_1_81' title="bbox 1926 3835 2255 3897">
     <span class='ocr_line' id='line_1_81' title="bbox 1926 3835 2255 3897; baseline -0.012 -13"><span class='ocrx_word' id='word_1_534' title='bbox 1926 3835 2255 3897; x_wconf 89' lang='lat' dir='ltr'><strong>sequuntur.</strong></span> 
     </span>
    </p>
   </div>
   <div class='ocr_carea' id='block_1_82' title="bbox 2003 3906 3528 3973">
    <p class='ocr_par' dir='ltr' id='par_1_82' title="bbox 2003 3906 3528 3973">
     <span class='ocr_line' id='line_1_82' title="bbox 2003 3906 3528 3973; baseline -0.009 0"><span class='ocrx_word' id='word_1_535' title='bbox 2003 3915 2250 3973; x_wconf 78' lang='lat' dir='ltr'><strong>Vers.l8.</strong></span> <span class='ocrx_word' id='word_1_536' title='bbox 2280 3916 2448 3968; x_wconf 79' lang='lat' dir='ltr'><strong>Amen</strong></span> <span class='ocrx_word' id='word_1_537' title='bbox 2463 3912 2671 3965; x_wconf 74' lang='lat' dir='ltr'><strong>—caelo.</strong></span> <span class='ocrx_word' id='word_1_538' title='bbox 2703 3909 2804 3965; x_wconf 89' lang='lat' dir='ltr'><strong>Ubi</strong></span> <span class='ocrx_word' id='word_1_539' title='bbox 2835 3909 3054 3964; x_wconf 88' lang='lat' dir='ltr'><strong>tandem</strong></span> <span class='ocrx_word' id='word_1_540' title='bbox 3096 3907 3352 3962; x_wconf 67' lang='lat' dir='ltr'><strong>Ecclesiae</strong></span> <span class='ocrx_word' id='word_1_541' title='bbox 3376 3906 3528 3960; x_wconf 90' lang='lat' dir='ltr'><strong>dice-</strong></span> 
     </span>
    </p>
   </div>
   <div class='ocr_carea' id='block_1_83' title="bbox 1927 3997 3528 4079">
    <p class='ocr_par' dir='ltr' id='par_1_83' title="bbox 1927 3997 3528 4079">
     <span class='ocr_line' id='line_1_83' title="bbox 1927 3997 3528 4079; baseline -0.007 -16"><span class='ocrx_word' id='word_1_542' title='bbox 1927 4024 1987 4065; x_wconf 89' lang='lat' dir='ltr'><strong>re</strong></span> <span class='ocrx_word' id='word_1_543' title='bbox 2019 4008 2295 4079; x_wconf 89' lang='lat' dir='ltr'><strong>jussisset,</strong></span> <span class='ocrx_word' id='word_1_544' title='bbox 2330 4005 2654 4076; x_wconf 64' lang='lat' dir='ltr'><strong>praesidibus</strong></span> <span class='ocrx_word' id='word_1_545' title='bbox 2675 4002 2932 4057; x_wconf 89' lang='lat' dir='ltr'><strong>videlicet</strong></span> <span class='ocrx_word' id='word_1_546' title='bbox 2964 4000 3244 4063; x_wconf 67' lang='lat' dir='ltr'><strong>Ecclesiae,</strong></span> <span class='ocrx_word' id='word_1_547' title='bbox 3281 4013 3430 4052; x_wconf 89' lang='lat' dir='ltr'><strong>nunc</strong></span> <span class='ocrx_word' id='word_1_548' title='bbox 3459 3997 3528 4051; x_wconf 87' lang='lat' dir='ltr'><strong>ad</strong></span> 
     </span>
    </p>
   </div>
   <div class='ocr_carea' id='block_1_84' title="bbox 1927 4092 3529 4162">
    <p class='ocr_par' dir='ltr' id='par_1_84' title="bbox 1927 4092 3529 4162">
     <span class='ocr_line' id='line_1_84' title="bbox 1927 4092 3529 4162; baseline -0.01 -4"><span class='ocrx_word' id='word_1_549' title='bbox 1927 4118 2023 4158; x_wconf 92' lang='lat' dir='ltr'><strong>eos</strong></span> <span class='ocrx_word' id='word_1_550' title='bbox 2042 4113 2356 4157; x_wconf 87' lang='lat' dir='ltr'><strong>sermonem</strong></span> <span class='ocrx_word' id='word_1_551' title='bbox 2375 4097 2633 4156; x_wconf 90' lang='lat' dir='ltr'><strong>intendit,</strong></span> <span class='ocrx_word' id='word_1_552' title='bbox 2659 4096 2848 4151; x_wconf 89' lang='lat' dir='ltr'><strong>dicens</strong></span> <span class='ocrx_word' id='word_1_553' title='bbox 2878 4111 2893 4149; x_wconf 90' lang='lat'>:</span> <span class='ocrx_word' id='word_1_554' title='bbox 2926 4092 3529 4162; x_wconf 72' lang='lat' dir='ltr'><strong>Quwcunqueligaaeri-</strong></span> 
     </span>
    </p>
   </div>
   <div class='ocr_carea' id='block_1_85' title="bbox 1940 4183 3532 4254">
    <p class='ocr_par' dir='ltr' id='par_1_85' title="bbox 1940 4183 3532 4254">
     <span class='ocr_line' id='line_1_85' title="bbox 1940 4183 3532 4254; baseline -0.007 -8"><span class='ocrx_word' id='word_1_555' title='bbox 1940 4195 2008 4248; x_wconf 79' lang='lat' dir='ltr'><strong>tis</strong></span> <span class='ocrx_word' id='word_1_556' title='bbox 2066 4194 2123 4246; x_wconf 82' lang='lat' dir='ltr'><strong>in</strong></span> <span class='ocrx_word' id='word_1_557' title='bbox 2175 4202 2342 4254; x_wconf 78' lang='lat' dir='ltr'><strong>terra,</strong></span> <span class='ocrx_word' id='word_1_558' title='bbox 2392 4199 2499 4245; x_wconf 90' lang='lat' dir='ltr'><strong>etc.</strong></span> <span class='ocrx_word' id='word_1_559' title='bbox 2554 4188 2668 4242; x_wconf 85' lang='lat' dir='ltr'><strong>Hoc</strong></span> <span class='ocrx_word' id='word_1_560' title='bbox 2717 4197 2901 4241; x_wconf 84' lang='lat' dir='ltr'><strong>autem</strong></span> <span class='ocrx_word' id='word_1_561' title='bbox 2949 4195 3004 4240; x_wconf 85' lang='lat' dir='ltr'><strong>et</strong></span> <span class='ocrx_word' id='word_1_562' title='bbox 3034 4185 3101 4239; x_wconf 89' lang='lat' dir='ltr'><strong>ad</strong></span> <span class='ocrx_word' id='word_1_563' title='bbox 3136 4184 3356 4238; x_wconf 85' lang='lat' dir='ltr'><strong>Petrum</strong></span> <span class='ocrx_word' id='word_1_564' title='bbox 3393 4183 3532 4237; x_wconf 84' lang='lat' dir='ltr'><strong>dixit</strong></span> 
     </span>
    </p>
   </div>
   <div class='ocr_carea' id='block_1_86' title="bbox 1930 4275 3530 4353">
    <p class='ocr_par' dir='ltr' id='par_1_86' title="bbox 1930 4275 3530 4353">
     <span class='ocr_line' id='line_1_86' title="bbox 1930 4275 3530 4353; baseline -0.008 -13"><span class='ocrx_word' id='word_1_565' title='bbox 1930 4284 2219 4340; x_wconf 84' lang='lat' dir='ltr'><strong>tricesimo</strong></span> <span class='ocrx_word' id='word_1_566' title='bbox 2253 4283 2415 4339; x_wconf 90' lang='lat' dir='ltr'><strong>tertio</strong></span> <span class='ocrx_word' id='word_1_567' title='bbox 2438 4281 2640 4353; x_wconf 85' lang='lat' dir='ltr'><strong>capite,</strong></span> <span class='ocrx_word' id='word_1_568' title='bbox 2679 4280 2752 4335; x_wconf 92' lang='lat' dir='ltr'><strong>ibi</strong></span> <span class='ocrx_word' id='word_1_569' title='bbox 2787 4295 2920 4350; x_wconf 73' lang='lat' dir='ltr'><strong>ergo</strong></span> <span class='ocrx_word' id='word_1_570' title='bbox 2983 4293 3169 4348; x_wconf 65' lang='lat' dir='ltr'><strong>qumre</strong></span> <span class='ocrx_word' id='word_1_571' title='bbox 3210 4275 3530 4332; x_wconf 88' lang='lat' dir='ltr'><strong>enarratio-</strong></span> 
     </span>
    </p>
   </div>
   <div class='ocr_carea' id='block_1_87' title="bbox 1930 4391 2084 4433">
    <p class='ocr_par' dir='ltr' id='par_1_87' title="bbox 1930 4391 2084 4433">
     <span class='ocr_line' id='line_1_87' title="bbox 1930 4391 2084 4433; baseline 0.006 -3"><span class='ocrx_word' id='word_1_572' title='bbox 1930 4391 2084 4433; x_wconf 83' lang='lat' dir='ltr'><strong>nem.</strong></span> 
     </span>
    </p>
   </div>
   <div class='ocr_carea' id='block_1_88' title="bbox 1999 4461 3532 4531">
    <p class='ocr_par' dir='ltr' id='par_1_88' title="bbox 1999 4461 3532 4531">
     <span class='ocr_line' id='line_1_88' title="bbox 1999 4461 3532 4531; baseline -0.007 -6"><span class='ocrx_word' id='word_1_573' title='bbox 1999 4470 2096 4525; x_wconf 86' lang='lat' dir='ltr'><strong>Est</strong></span> <span class='ocrx_word' id='word_1_574' title='bbox 2127 4476 2307 4524; x_wconf 89' lang='lat' dir='ltr'><strong>autem</strong></span> <span class='ocrx_word' id='word_1_575' title='bbox 2343 4481 2493 4522; x_wconf 88' lang='lat' dir='ltr'><strong>nunc</strong></span> <span class='ocrx_word' id='word_1_576' title='bbox 2522 4465 2787 4520; x_wconf 90' lang='lat' dir='ltr'><strong>orationis</strong></span> <span class='ocrx_word' id='word_1_577' title='bbox 2828 4480 3028 4520; x_wconf 91' lang='lat' dir='ltr'><strong>sensus</strong></span> <span class='ocrx_word' id='word_1_578' title='bbox 3065 4464 3165 4519; x_wconf 91' lang='lat' dir='ltr'><strong>iste</strong></span> <span class='ocrx_word' id='word_1_579' title='bbox 3201 4480 3216 4516; x_wconf 90' lang='lat'><strong>:</strong></span> <span class='ocrx_word' id='word_1_580' title='bbox 3258 4461 3532 4531; x_wconf 83' lang='lat' dir='ltr'><strong>Quidquid</strong></span> 
     </span>
    </p>
   </div>
   <div class='ocr_carea' id='block_1_89' title="bbox 236 4555 1828 4656">
    <p class='ocr_par' dir='ltr' id='par_1_89' title="bbox 236 4555 1826 4656">
     <span class='ocr_line' id='line_1_89' title="bbox 236 4555 1826 4656; baseline -0.011 -13"><span class='ocrx_word' id='word_1_581' title='bbox 236 4593 301 4644; x_wconf 86' lang='lat'><strong>&#39;0</strong></span> <span class='ocrx_word' id='word_1_582' title='bbox 324 4591 390 4642; x_wconf 78' lang='grc' dir='ltr'>ἂν</span> <span class='ocrx_word' id='word_1_583' title='bbox 423 4589 580 4656; x_wconf 83' lang='grc' dir='ltr'>ὑμεῖς</span> <span class='ocrx_word' id='word_1_584' title='bbox 629 4585 722 4638; x_wconf 70' lang='grc' dir='ltr'><strong>ἐπὶ</strong></span> <span class='ocrx_word' id='word_1_585' title='bbox 748 4555 846 4654; x_wconf 72' lang='grc' dir='ltr'>τῆς</span> <span class='ocrx_word' id='word_1_586' title='bbox 874 4588 977 4653; x_wconf 82' lang='grc' dir='ltr'>γῆς</span> <span class='ocrx_word' id='word_1_587' title='bbox 1017 4555 1396 4650; x_wconf 76' lang='grc' dir='ltr'>ἀποφήνησθε,</span> <span class='ocrx_word' id='word_1_588' title='bbox 1438 4575 1601 4630; x_wconf 82' lang='grc' dir='ltr'>τοῦτο</span> <span class='ocrx_word' id='word_1_589' title='bbox 1651 4575 1745 4627; x_wconf 74' lang='grc' dir='ltr'>καὶ</span> <span class='ocrx_word' id='word_1_590' title='bbox 1797 4573 1826 4625; x_wconf 83' lang='grc' dir='ltr'>ὁ</span> 
     </span>
    </p>
   </div>
   <div class='ocr_carea' id='block_1_90' title="bbox 1929 4555 3534 4656">
    <p class='ocr_par' dir='ltr' id='par_1_90' title="bbox 1939 4555 3534 4623">
     <span class='ocr_line' id='line_1_90' title="bbox 1939 4555 3534 4623; baseline -0.006 -6"><span class='ocrx_word' id='word_1_591' title='bbox 1939 4577 2040 4618; x_wconf 90' lang='lat' dir='ltr'><strong>vos</strong></span> <span class='ocrx_word' id='word_1_592' title='bbox 2063 4561 2118 4614; x_wconf 93' lang='lat' dir='ltr'><strong>in</strong></span> <span class='ocrx_word' id='word_1_593' title='bbox 2153 4570 2298 4615; x_wconf 87' lang='lat' dir='ltr'><strong>terra</strong></span> <span class='ocrx_word' id='word_1_594' title='bbox 2339 4558 2688 4623; x_wconf 86' lang='lat' dir='ltr'><strong>censueritis,</strong></span> <span class='ocrx_word' id='word_1_595' title='bbox 2721 4567 2816 4612; x_wconf 91' lang='lat' dir='ltr'><strong>aut</strong></span> <span class='ocrx_word' id='word_1_596' title='bbox 2852 4558 3124 4611; x_wconf 88' lang='lat' dir='ltr'><strong>sententia</strong></span> <span class='ocrx_word' id='word_1_597' title='bbox 3160 4555 3534 4619; x_wconf 82' lang='lat' dir='ltr'><strong>decreveritis,</strong></span> 
     </span>
    </p>
   </div>
   <div class='ocr_carea' id='block_1_91' title="bbox 234 4665 1816 4748">
    <p class='ocr_par' dir='ltr' id='par_1_91' title="bbox 234 4665 1816 4748">
     <span class='ocr_line' id='line_1_91' title="bbox 234 4665 1816 4748; baseline -0.011 -14"><span class='ocrx_word' id='word_1_598' title='bbox 234 4682 364 4743; x_wconf 74' lang='grc' dir='ltr'>Θεὸς</span> <span class='ocrx_word' id='word_1_599' title='bbox 392 4682 450 4732; x_wconf 82' lang='grc' dir='ltr'>ἐν</span> <span class='ocrx_word' id='word_1_600' title='bbox 468 4679 547 4748; x_wconf 76' lang='grc' dir='ltr'>τῷ</span> <span class='ocrx_word' id='word_1_601' title='bbox 568 4676 783 4748; x_wconf 77' lang='grc' dir='ltr'>οὐρανῷ</span> <span class='ocrx_word' id='word_1_602' title='bbox 804 4673 1063 4743; x_wconf 78' lang='grc' dir='ltr'>κυρώσει,</span> <span class='ocrx_word' id='word_1_603' title='bbox 1092 4675 1194 4726; x_wconf 79' lang='grc' dir='ltr'>κᾶν</span> <span class='ocrx_word' id='word_1_604' title='bbox 1215 4688 1275 4724; x_wconf 89' lang='grc' dir='ltr'><strong>τε</strong></span> <span class='ocrx_word' id='word_1_605' title='bbox 1299 4671 1536 4732; x_wconf 86' lang='grc' dir='ltr'>ἀνιάτως</span> <span class='ocrx_word' id='word_1_606' title='bbox 1567 4665 1816 4736; x_wconf 76' lang='grc' dir='ltr'>ἔχοντας,</span> 
     </span>
    </p>
   </div>
   <div class='ocr_carea' id='block_1_92' title="bbox 233 4756 1821 4841">
    <p class='ocr_par' dir='ltr' id='par_1_92' title="bbox 233 4756 1821 4841">
     <span class='ocr_line' id='line_1_92' title="bbox 233 4756 1821 4841; baseline -0.009 -16"><span class='ocrx_word' id='word_1_607' title='bbox 233 4771 505 4841; x_wconf 71' lang='grc' dir='ltr'>ἐκκόψητε</span> <span class='ocrx_word' id='word_1_608' title='bbox 533 4766 756 4828; x_wconf 86' lang='grc' dir='ltr'>τούτους</span> <span class='ocrx_word' id='word_1_609' title='bbox 782 4767 882 4835; x_wconf 83' lang='grc' dir='ltr'>τῆς</span> <span class='ocrx_word' id='word_1_610' title='bbox 900 4764 1249 4834; x_wconf 77' lang='grc' dir='ltr'>Ἑκκλησίας,</span> <span class='ocrx_word' id='word_1_611' title='bbox 1278 4762 1380 4816; x_wconf 83' lang='grc' dir='ltr'>κᾶν</span> <span class='ocrx_word' id='word_1_612' title='bbox 1407 4778 1466 4814; x_wconf 87' lang='grc' dir='ltr'><strong>τε</strong></span> <span class='ocrx_word' id='word_1_613' title='bbox 1498 4756 1821 4829; x_wconf 81' lang='grc' dir='ltr'>μετανοοῦν-</span> 
     </span>
    </p>
   </div>
   <div class='ocr_carea' id='block_1_93' title="bbox 231 4850 1821 4933">
    <p class='ocr_par' dir='ltr' id='par_1_93' title="bbox 231 4850 1821 4933">
     <span class='ocr_line' id='line_1_93' title="bbox 231 4850 1821 4933; baseline -0.01 -15"><span class='ocrx_word' id='word_1_614' title='bbox 231 4884 330 4928; x_wconf 86' lang='grc' dir='ltr'><strong>τας</strong></span> <span class='ocrx_word' id='word_1_615' title='bbox 361 4865 589 4933; x_wconf 82' lang='grc' dir='ltr'>ὓστερον</span> <span class='ocrx_word' id='word_1_616' title='bbox 634 4859 1038 4930; x_wconf 80' lang='grc' dir='ltr'>παραδέξησθε.</span> <span class='ocrx_word' id='word_1_617' title='bbox 1072 4856 1261 4911; x_wconf 75' lang='grc' dir='ltr'>Ταῦτα</span> <span class='ocrx_word' id='word_1_618' title='bbox 1283 4856 1340 4909; x_wconf 80' lang='grc' dir='ltr'>δὲ</span> <span class='ocrx_word' id='word_1_619' title='bbox 1373 4852 1696 4924; x_wconf 79' lang='grc' dir='ltr'>ἠπείλησεν,</span> <span class='ocrx_word' id='word_1_620' title='bbox 1732 4850 1821 4903; x_wconf 84' lang='grc' dir='ltr'>ἶνα</span> 
     </span>
    </p>
   </div>
   <div class='ocr_carea' id='block_1_94' title="bbox 239 4942 1820 5030">
    <p class='ocr_par' dir='ltr' id='par_1_94' title="bbox 239 4942 1820 5030">
     <span class='ocr_line' id='line_1_94' title="bbox 239 4942 1820 5030; baseline -0.014 -15"><span class='ocrx_word' id='word_1_621' title='bbox 239 4963 314 5030; x_wconf 83' lang='grc' dir='ltr'>μὴ</span> <span class='ocrx_word' id='word_1_622' title='bbox 338 4959 511 5012; x_wconf 77' lang='grc' dir='ltr'>ταῦτα</span> <span class='ocrx_word' id='word_1_623' title='bbox 538 4957 828 5024; x_wconf 87' lang='grc' dir='ltr'>γένωνται,</span> <span class='ocrx_word' id='word_1_624' title='bbox 855 4952 968 5006; x_wconf 83' lang='grc' dir='ltr'><strong>ἀλλ’</strong></span> <span class='ocrx_word' id='word_1_625' title='bbox 991 4953 1099 5018; x_wconf 76' lang='grc' dir='ltr'>ἵνα,</span> <span class='ocrx_word' id='word_1_626' title='bbox 1128 4948 1463 5019; x_wconf 80' lang='grc' dir='ltr'>φοϐούμενός</span> <span class='ocrx_word' id='word_1_627' title='bbox 1486 4962 1572 5009; x_wconf 87' lang='grc' dir='ltr'><strong>τις</strong></span> <span class='ocrx_word' id='word_1_628' title='bbox 1602 4943 1697 4997; x_wconf 74' lang='grc' dir='ltr'>καὶ</span> <span class='ocrx_word' id='word_1_629' title='bbox 1722 4942 1820 5013; x_wconf 86' lang='grc' dir='ltr'>τὴν</span> 
     </span>
    </p>
   </div>
   <div class='ocr_carea' id='block_1_95' title="bbox 235 5034 1819 5118">
    <p class='ocr_par' dir='ltr' id='par_1_95' title="bbox 235 5034 1819 5118">
     <span class='ocr_line' id='line_1_95' title="bbox 235 5034 1819 5118; baseline -0.013 -11"><span class='ocrx_word' id='word_1_630' title='bbox 235 5055 512 5107; x_wconf 76' lang='grc' dir='ltr'>ἔκπτωσιν</span> <span class='ocrx_word' id='word_1_631' title='bbox 540 5053 639 5118; x_wconf 79' lang='grc' dir='ltr'>τῆς</span> <span class='ocrx_word' id='word_1_632' title='bbox 683 5048 1035 5115; x_wconf 83' lang='grc' dir='ltr'>Ἐκκλησίας,</span> <span class='ocrx_word' id='word_1_633' title='bbox 1065 5045 1160 5098; x_wconf 70' lang='grc' dir='ltr'>καὶ</span> <span class='ocrx_word' id='word_1_634' title='bbox 1187 5046 1289 5110; x_wconf 76' lang='grc' dir='ltr'>τὴν</span> <span class='ocrx_word' id='word_1_635' title='bbox 1318 5042 1503 5112; x_wconf 71' lang='grc' dir='ltr'>ψῆφον</span> <span class='ocrx_word' id='word_1_636' title='bbox 1535 5037 1631 5091; x_wconf 81' lang='grc' dir='ltr'>τοῦ</span> <span class='ocrx_word' id='word_1_637' title='bbox 1658 5034 1819 5099; x_wconf 80' lang='grc' dir='ltr'>Θεοῦ,</span> 
     </span>
    </p>
   </div>
   <div class='ocr_carea' id='block_1_96' title="bbox 234 5126 1821 5212">
    <p class='ocr_par' dir='ltr' id='par_1_96' title="bbox 234 5126 1821 5212">
     <span class='ocr_line' id='line_1_96' title="bbox 234 5126 1821 5212; baseline -0.013 -13"><span class='ocrx_word' id='word_1_638' title='bbox 234 5144 644 5212; x_wconf 50' lang='lat' dir='ltr'><strong>animum“.</strong></span> <span class='ocrx_word' id='word_1_639' title='bbox 681 5141 783 5193; x_wconf 84' lang='grc' dir='ltr'><strong>Διὰ</strong></span> <span class='ocrx_word' id='word_1_640' title='bbox 813 5138 972 5192; x_wconf 78' lang='grc' dir='ltr'>τοῦτο</span> <span class='ocrx_word' id='word_1_641' title='bbox 1005 5137 1116 5206; x_wconf 83' lang='grc' dir='ltr'>γὰρ</span> <span class='ocrx_word' id='word_1_642' title='bbox 1146 5137 1242 5189; x_wconf 68' lang='grc' dir='ltr'>καὶ</span> <span class='ocrx_word' id='word_1_643' title='bbox 1276 5133 1496 5204; x_wconf 84' lang='grc' dir='ltr'>πρῶτον</span> <span class='ocrx_word' id='word_1_644' title='bbox 1517 5171 1532 5197; x_wconf 93' lang='grc'><strong>,</strong></span> <span class='ocrx_word' id='word_1_645' title='bbox 1570 5129 1665 5182; x_wconf 74' lang='grc' dir='ltr'>καὶ</span> <span class='ocrx_word' id='word_1_646' title='bbox 1696 5126 1821 5180; x_wconf 87' lang='grc' dir='ltr'>δεύ-</span> 
     </span>
    </p>
   </div>
   <div class='ocr_carea' id='block_1_97' title="bbox 235 5224 1824 5308">
    <p class='ocr_par' dir='ltr' id='par_1_97' title="bbox 235 5224 1824 5308">
     <span class='ocr_line' id='line_1_97' title="bbox 235 5224 1824 5308; baseline -0.01 -18"><span class='ocrx_word' id='word_1_647' title='bbox 235 5256 416 5308; x_wconf 73' lang='grc' dir='ltr'>τερον,</span> <span class='ocrx_word' id='word_1_648' title='bbox 446 5235 541 5289; x_wconf 73' lang='grc' dir='ltr'>καὶ</span> <span class='ocrx_word' id='word_1_649' title='bbox 570 5237 754 5303; x_wconf 83' lang='grc' dir='ltr'>τρίτον</span> <span class='ocrx_word' id='word_1_650' title='bbox 783 5234 1053 5302; x_wconf 79' lang='grc' dir='ltr'>ἐπέστησε</span> <span class='ocrx_word' id='word_1_651' title='bbox 1091 5229 1403 5299; x_wconf 83' lang='grc' dir='ltr'>κριτήριον,</span> <span class='ocrx_word' id='word_1_652' title='bbox 1437 5227 1533 5279; x_wconf 69' lang='grc' dir='ltr'>καὶ</span> <span class='ocrx_word' id='word_1_653' title='bbox 1565 5224 1688 5276; x_wconf 86' lang='grc' dir='ltr'>τότε</span> <span class='ocrx_word' id='word_1_654' title='bbox 1726 5241 1824 5276; x_wconf 82' lang='grc' dir='ltr'>πε-</span> 
     </span>
    </p>
   </div>
   <div class='ocr_carea' id='block_1_98' title="bbox 239 5319 1825 5400">
    <p class='ocr_par' dir='ltr' id='par_1_98' title="bbox 239 5319 1825 5400">
     <span class='ocr_line' id='line_1_98' title="bbox 239 5319 1825 5400; baseline -0.011 -16"><span class='ocrx_word' id='word_1_655' title='bbox 239 5332 467 5400; x_wconf 74' lang='grc' dir='ltr'>ποὶηκεν</span> <span class='ocrx_word' id='word_1_656' title='bbox 493 5329 655 5381; x_wconf 71' lang='grc' dir='ltr'>αὐτὸν</span> <span class='ocrx_word' id='word_1_657' title='bbox 677 5327 1008 5396; x_wconf 78' lang='grc' dir='ltr'>ἀπόόλητον,</span> <span class='ocrx_word' id='word_1_658' title='bbox 1034 5324 1142 5390; x_wconf 71' lang='grc' dir='ltr'>ἵνα,</span> <span class='ocrx_word' id='word_1_659' title='bbox 1167 5323 1260 5374; x_wconf 80' lang='grc' dir='ltr'><strong>ἐὰν</strong></span> <span class='ocrx_word' id='word_1_660' title='bbox 1282 5319 1375 5374; x_wconf 77' lang='grc' dir='ltr'>τοῦ</span> <span class='ocrx_word' id='word_1_661' title='bbox 1399 5319 1620 5390; x_wconf 79' lang='grc' dir='ltr'>πρώτου</span> <span class='ocrx_word' id='word_1_662' title='bbox 1647 5334 1825 5384; x_wconf 66' lang='grc' dir='ltr'>παραυ</span> 
     </span>
    </p>
   </div>
   <div class='ocr_carea' id='block_1_99' title="bbox 240 5409 1825 5495">
    <p class='ocr_par' dir='ltr' id='par_1_99' title="bbox 240 5409 1825 5495">
     <span class='ocr_line' id='line_1_99' title="bbox 240 5409 1825 5495; baseline -0.009 -19"><span class='ocrx_word' id='word_1_663' title='bbox 240 5423 433 5495; x_wconf 78' lang='grc' dir='ltr'>κούσῃ,</span> <span class='ocrx_word' id='word_1_664' title='bbox 492 5419 570 5490; x_wconf 82' lang='grc' dir='ltr'>τῷ</span> <span class='ocrx_word' id='word_1_665' title='bbox 626 5420 865 5490; x_wconf 83' lang='grc' dir='ltr'>δευτέρῳ</span> <span class='ocrx_word' id='word_1_666' title='bbox 919 5418 1120 5488; x_wconf 81' lang='grc' dir='ltr'>πεισθῇ</span> <span class='ocrx_word' id='word_1_667' title='bbox 1158 5428 1174 5444; x_wconf 80' lang='grc'><strong>⁸</strong></span> <span class='ocrx_word' id='word_1_668' title='bbox 1239 5415 1337 5468; x_wconf 67' lang='grc' dir='ltr'><strong>ἐὰν</strong></span> <span class='ocrx_word' id='word_1_669' title='bbox 1391 5414 1448 5467; x_wconf 80' lang='grc' dir='ltr'>δὲ</span> <span class='ocrx_word' id='word_1_670' title='bbox 1487 5411 1584 5466; x_wconf 77' lang='grc' dir='ltr'>καὶ</span> <span class='ocrx_word' id='word_1_671' title='bbox 1630 5409 1825 5464; x_wconf 83' lang='grc' dir='ltr'>τούτου</span> 
     </span>
    </p>
   </div>
   <div class='ocr_carea' id='block_1_100' title="bbox 240 5501 1822 5584">
    <p class='ocr_par' dir='ltr' id='par_1_100' title="bbox 240 5501 1822 5584">
     <span class='ocr_line' id='line_1_100' title="bbox 240 5501 1822 5584; baseline -0.001 -15"><span class='ocrx_word' id='word_1_672' title='bbox 240 5513 657 5584; x_wconf 81' lang='grc' dir='ltr'>καταφρονήσῃ.</span> <span class='ocrx_word' id='word_1_673' title='bbox 695 5511 817 5564; x_wconf 86' lang='grc' dir='ltr'>τότε</span> <span class='ocrx_word' id='word_1_674' title='bbox 855 5509 1043 5564; x_wconf 82' lang='grc' dir='ltr'>λοιπὸν</span> <span class='ocrx_word' id='word_1_675' title='bbox 1072 5510 1172 5580; x_wconf 85' lang='grc' dir='ltr'>τὴν</span> <span class='ocrx_word' id='word_1_676' title='bbox 1202 5505 1478 5576; x_wconf 79' lang='grc' dir='ltr'>ἀποϐολὴν</span> <span class='ocrx_word' id='word_1_677' title='bbox 1511 5501 1822 5573; x_wconf 73' lang='grc' dir='ltr'>ὑποπτήξῃ,</span> 
     </span>
    </p>
   </div>
   <div class='ocr_carea' id='block_1_101' title="bbox 241 5594 1828 5677">
    <p class='ocr_par' dir='ltr' id='par_1_101' title="bbox 241 5594 1828 5677">
     <span class='ocr_line' id='line_1_101' title="bbox 241 5594 1828 5677; baseline -0.011 -17"><span class='ocrx_word' id='word_1_678' title='bbox 241 5606 449 5677; x_wconf 80' lang='grc' dir='ltr'>πικρὰν</span> <span class='ocrx_word' id='word_1_679' title='bbox 495 5599 684 5666; x_wconf 83' lang='grc' dir='ltr'>οὖσαν,</span> <span class='ocrx_word' id='word_1_680' title='bbox 733 5596 852 5654; x_wconf 74' lang='grc' dir='ltr'>εἶτα</span> <span class='ocrx_word' id='word_1_681' title='bbox 903 5601 999 5654; x_wconf 66' lang='grc' dir='ltr'>καὶ</span> <span class='ocrx_word' id='word_1_682' title='bbox 1052 5601 1151 5668; x_wconf 79' lang='grc' dir='ltr'>τὴν</span> <span class='ocrx_word' id='word_1_683' title='bbox 1204 5595 1416 5652; x_wconf 83' lang='grc' dir='ltr'>ἄνωθεν</span> <span class='ocrx_word' id='word_1_684' title='bbox 1468 5594 1676 5667; x_wconf 74' lang='grc' dir='ltr'>ψῆφον,</span> <span class='ocrx_word' id='word_1_685' title='bbox 1731 5609 1828 5660; x_wconf 83' lang='grc' dir='ltr'><strong>φο-</strong></span> 
     </span>
    </p>
   </div>
   <div class='ocr_carea' id='block_1_102' title="bbox 244 5683 1827 5764">
    <p class='ocr_par' dir='ltr' id='par_1_102' title="bbox 244 5683 1827 5764">
     <span class='ocr_line' id='line_1_102' title="bbox 244 5683 1827 5764; baseline -0.008 -16"><span class='ocrx_word' id='word_1_686' title='bbox 244 5693 559 5764; x_wconf 79' lang='grc' dir='ltr'>6ερωτέραν</span> <span class='ocrx_word' id='word_1_687' title='bbox 591 5690 797 5761; x_wconf 77' lang='grc' dir='ltr'>ταύτης</span> <span class='ocrx_word' id='word_1_688' title='bbox 832 5692 1247 5760; x_wconf 85' lang='grc' dir='ltr'>τυγχάνουσαν,</span> <span class='ocrx_word' id='word_1_689' title='bbox 1288 5686 1382 5740; x_wconf 80' lang='grc' dir='ltr'>καὶ</span> <span class='ocrx_word' id='word_1_690' title='bbox 1423 5684 1642 5747; x_wconf 72' lang='grc' dir='ltr'>πάντως</span> <span class='ocrx_word' id='word_1_691' title='bbox 1679 5683 1827 5745; x_wconf 83' lang='grc' dir='ltr'>διορ-</span> 
     </span>
    </p>
   </div>
   <div class='ocr_carea' id='block_1_103' title="bbox 247 5784 416 5854">
    <p class='ocr_par' dir='ltr' id='par_1_103' title="bbox 247 5784 416 5854">
     <span class='ocr_line' id='line_1_103' title="bbox 247 5784 416 5854; baseline 0.012 -17"><span class='ocrx_word' id='word_1_692' title='bbox 247 5784 416 5854; x_wconf 80' lang='grc' dir='ltr'>θωθῇ.</span> 
     </span>
    </p>
   </div>
   <div class='ocr_carea' id='block_1_104' title="bbox 321 5865 1827 5941">
    <p class='ocr_par' dir='ltr' id='par_1_104' title="bbox 321 5865 1827 5941">
     <span class='ocr_line' id='line_1_104' title="bbox 321 5865 1827 5941; baseline -0.013 -4"><span class='ocrx_word' id='word_1_693' title='bbox 321 5877 512 5936; x_wconf 67' lang='grc' dir='ltr'><strong>Πάλιν</strong></span> <span class='ocrx_word' id='word_1_694' title='bbox 549 5909 618 5920; x_wconf 86' lang='grc'><strong>-</strong></span> <span class='ocrx_word' id='word_1_695' title='bbox 648 5879 752 5934; x_wconf 84' lang='grc' dir='ltr'>τοῦ</span> <span class='ocrx_word' id='word_1_696' title='bbox 791 5877 860 5932; x_wconf 79' lang='grc' dir='ltr'><strong>ἐν</strong></span> <span class='ocrx_word' id='word_1_697' title='bbox 886 5876 1012 5941; x_wconf 81' lang='grc' dir='ltr'>τοῖς</span> <span class='ocrx_word' id='word_1_698' title='bbox 1039 5869 1342 5941; x_wconf 72' lang='grc' dir='ltr'>οὐρανοῖς.</span> <span class='ocrx_word' id='word_1_699' title='bbox 1389 5869 1594 5924; x_wconf 73' lang='grc' dir='ltr'>Βαϐαἱῑ</span> <span class='ocrx_word' id='word_1_700' title='bbox 1653 5865 1827 5937; x_wconf 67' lang='grc' dir='ltr'>πόσην</span> 
     </span>
    </p>
   </div>
   <div class='ocr_carea' id='block_1_105' title="bbox 1935 4648 3538 4715">
    <p class='ocr_par' dir='ltr' id='par_1_105' title="bbox 1935 4648 3538 4715">
     <span class='ocr_line' id='line_1_105' title="bbox 1935 4648 3538 4715; baseline -0.004 -8"><span class='ocrx_word' id='word_1_701' title='bbox 1935 4653 2042 4707; x_wconf 90' lang='lat' dir='ltr'><strong>hoc</strong></span> <span class='ocrx_word' id='word_1_702' title='bbox 2074 4651 2220 4705; x_wconf 84' lang='lat' dir='ltr'><strong>Deus</strong></span> <span class='ocrx_word' id='word_1_703' title='bbox 2255 4651 2313 4705; x_wconf 88' lang='lat' dir='ltr'><strong>in</strong></span> <span class='ocrx_word' id='word_1_704' title='bbox 2329 4650 2470 4706; x_wconf 59' lang='lat' dir='ltr'><strong>coelo</strong></span> <span class='ocrx_word' id='word_1_705' title='bbox 2502 4657 2682 4702; x_wconf 88' lang='lat' dir='ltr'><strong>ratum</strong></span> <span class='ocrx_word' id='word_1_706' title='bbox 2713 4649 2937 4702; x_wconf 86' lang='lat' dir='ltr'><strong>habebit</strong></span> <span class='ocrx_word' id='word_1_707' title='bbox 2965 4667 2977 4701; x_wconf 90' lang='lat'>:</span> <span class='ocrx_word' id='word_1_708' title='bbox 3015 4650 3128 4702; x_wconf 88' lang='lat' dir='ltr'><strong>sive</strong></span> <span class='ocrx_word' id='word_1_709' title='bbox 3147 4662 3241 4701; x_wconf 90' lang='lat' dir='ltr'><strong>eos</strong></span> <span class='ocrx_word' id='word_1_710' title='bbox 3283 4648 3374 4715; x_wconf 91' lang='lat' dir='ltr'><strong>qui</strong></span> <span class='ocrx_word' id='word_1_711' title='bbox 3408 4657 3538 4701; x_wconf 90' lang='lat' dir='ltr'><strong>sunt</strong></span> 
     </span>
    </p>
   </div>
   <div class='ocr_carea' id='block_1_106' title="bbox 1929 4739 3537 4810">
    <p class='ocr_par' dir='ltr' id='par_1_106' title="bbox 1929 4739 3537 4810">
     <span class='ocr_line' id='line_1_106' title="bbox 1929 4739 3537 4810; baseline -0.005 -11"><span class='ocrx_word' id='word_1_712' title='bbox 1929 4743 2271 4799; x_wconf 85' lang='lat' dir='ltr'><strong>incurabiles</strong></span> <span class='ocrx_word' id='word_1_713' title='bbox 2296 4743 2366 4798; x_wconf 90' lang='lat' dir='ltr'><strong>ab</strong></span> <span class='ocrx_word' id='word_1_714' title='bbox 2391 4739 2636 4797; x_wconf 89' lang='lat' dir='ltr'><strong>Ecclesia</strong></span> <span class='ocrx_word' id='word_1_715' title='bbox 2667 4739 3105 4810; x_wconf 86' lang='lat' dir='ltr'><strong>amputaveritis,</strong></span> <span class='ocrx_word' id='word_1_716' title='bbox 3141 4739 3258 4793; x_wconf 88' lang='lat' dir='ltr'><strong>sive</strong></span> <span class='ocrx_word' id='word_1_717' title='bbox 3293 4747 3537 4807; x_wconf 81' lang='lat' dir='ltr'><strong>postmo-</strong></span> 
     </span>
    </p>
   </div>
   <div class='ocr_carea' id='block_1_107' title="bbox 1929 4831 3538 4907">
    <p class='ocr_par' dir='ltr' id='par_1_107' title="bbox 1929 4831 3538 4907">
     <span class='ocr_line' id='line_1_107' title="bbox 1929 4831 3538 4907; baseline -0.007 -14"><span class='ocrx_word' id='word_1_718' title='bbox 1929 4839 2061 4894; x_wconf 89' lang='lat' dir='ltr'><strong>dum</strong></span> <span class='ocrx_word' id='word_1_719' title='bbox 2093 4837 2478 4907; x_wconf 88' lang='lat' dir='ltr'><strong>resipiscentes</strong></span> <span class='ocrx_word' id='word_1_720' title='bbox 2532 4834 2870 4903; x_wconf 88' lang='lat' dir='ltr'><strong>receperitis.</strong></span> <span class='ocrx_word' id='word_1_721' title='bbox 2912 4832 3039 4886; x_wconf 78' lang='lat' dir='ltr'><strong>Haec</strong></span> <span class='ocrx_word' id='word_1_722' title='bbox 3079 4842 3260 4885; x_wconf 86' lang='lat' dir='ltr'><strong>autem</strong></span> <span class='ocrx_word' id='word_1_723' title='bbox 3309 4831 3538 4884; x_wconf 86' lang='lat' dir='ltr'><strong>commi-</strong></span> 
     </span>
    </p>
   </div>
   <div class='ocr_carea' id='block_1_108' title="bbox 1930 4920 3536 4993">
    <p class='ocr_par' dir='ltr' id='par_1_108' title="bbox 1930 4920 3536 4993">
     <span class='ocr_line' id='line_1_108' title="bbox 1930 4920 3536 4993; baseline -0.006 -9"><span class='ocrx_word' id='word_1_724' title='bbox 1930 4939 2094 4984; x_wconf 88' lang='lat' dir='ltr'><strong>natus</strong></span> <span class='ocrx_word' id='word_1_725' title='bbox 2121 4937 2228 4993; x_wconf 92' lang='lat' dir='ltr'><strong>est,</strong></span> <span class='ocrx_word' id='word_1_726' title='bbox 2255 4942 2369 4983; x_wconf 89' lang='lat' dir='ltr'><strong>non</strong></span> <span class='ocrx_word' id='word_1_727' title='bbox 2396 4933 2456 4981; x_wconf 91' lang='lat' dir='ltr'><strong>ut</strong></span> <span class='ocrx_word' id='word_1_728' title='bbox 2479 4926 2595 4981; x_wconf 77' lang='lat' dir='ltr'><strong>hzec</strong></span> <span class='ocrx_word' id='word_1_729' title='bbox 2615 4925 2767 4988; x_wconf 84' lang='lat' dir='ltr'><strong>ﬁant,</strong></span> <span class='ocrx_word' id='word_1_730' title='bbox 2820 4924 2917 4978; x_wconf 82' lang='lat' dir='ltr'><strong>sed</strong></span> <span class='ocrx_word' id='word_1_731' title='bbox 2962 4935 3021 4977; x_wconf 90' lang='lat' dir='ltr'><strong>ut</strong></span> <span class='ocrx_word' id='word_1_732' title='bbox 3040 4923 3275 4991; x_wconf 88' lang='lat' dir='ltr'><strong>quisque</strong></span> <span class='ocrx_word' id='word_1_733' title='bbox 3308 4920 3536 4974; x_wconf 77' lang='lat' dir='ltr'><strong>territus</strong></span> 
     </span>
    </p>
   </div>
   <div class='ocr_carea' id='block_1_109' title="bbox 1931 5015 3534 5091">
    <p class='ocr_par' dir='ltr' id='par_1_109' title="bbox 1931 5015 3534 5091">
     <span class='ocr_line' id='line_1_109' title="bbox 1931 5015 3534 5091; baseline -0.008 -14"><span class='ocrx_word' id='word_1_734' title='bbox 1931 5031 1988 5077; x_wconf 92' lang='lat' dir='ltr'><strong>et</strong></span> <span class='ocrx_word' id='word_1_735' title='bbox 2019 5021 2275 5078; x_wconf 68' lang='lat' dir='ltr'><strong>Ecclesia:</strong></span> <span class='ocrx_word' id='word_1_736' title='bbox 2299 5021 2735 5091; x_wconf 68' lang='lat' dir='ltr'><strong>amputationem</strong></span> <span class='ocrx_word' id='word_1_737' title='bbox 2760 5028 2814 5072; x_wconf 86' lang='lat' dir='ltr'><strong>et</strong></span> <span class='ocrx_word' id='word_1_738' title='bbox 2855 5017 2948 5071; x_wconf 83' lang='lat' dir='ltr'><strong>Dei</strong></span> <span class='ocrx_word' id='word_1_739' title='bbox 2975 5015 3317 5070; x_wconf 81' lang='lat' dir='ltr'><strong>sententiam</strong></span> <span class='ocrx_word' id='word_1_740' title='bbox 3353 5023 3534 5066; x_wconf 87' lang='lat' dir='ltr'><strong>mutet</strong></span> 
     </span>
    </p>
   </div>
   <div class='ocr_carea' id='block_1_110' title="bbox 1935 5106 3539 5181">
    <p class='ocr_par' dir='ltr' id='par_1_110' title="bbox 1935 5106 3539 5181">
     <span class='ocr_line' id='line_1_110' title="bbox 1935 5106 3539 5181; baseline -0.009 -9"><span class='ocrx_word' id='word_1_741' title='bbox 1935 5133 1999 5172; x_wconf 86' lang='lat' dir='ltr'><strong>ac</strong></span> <span class='ocrx_word' id='word_1_742' title='bbox 2029 5118 2324 5181; x_wconf 78' lang='lat' dir='ltr'><strong>liberetur,</strong></span> <span class='ocrx_word' id='word_1_743' title='bbox 2388 5125 2579 5169; x_wconf 88' lang='lat' dir='ltr'><strong>eteam</strong></span> <span class='ocrx_word' id='word_1_744' title='bbox 2612 5112 2833 5167; x_wconf 87' lang='lat' dir='ltr'><strong>evadat.</strong></span> <span class='ocrx_word' id='word_1_745' title='bbox 2878 5108 3010 5162; x_wconf 86' lang='lat' dir='ltr'><strong>Nam</strong></span> <span class='ocrx_word' id='word_1_746' title='bbox 3040 5120 3095 5162; x_wconf 89' lang='lat' dir='ltr'><strong>et</strong></span> <span class='ocrx_word' id='word_1_747' title='bbox 3124 5117 3348 5176; x_wconf 71' lang='lat' dir='ltr'><strong>promer</strong></span> <span class='ocrx_word' id='word_1_748' title='bbox 3395 5106 3498 5158; x_wconf 85' lang='lat' dir='ltr'><strong>hoc</strong></span> <span class='ocrx_word' id='word_1_749' title='bbox 3524 5145 3539 5164; x_wconf 90' lang='lat'><strong>.</strong></span> 
     </span>
    </p>
   </div>
   <div class='ocr_carea' id='block_1_111' title="bbox 1937 5198 3540 5278">
    <p class='ocr_par' dir='ltr' id='par_1_111' title="bbox 1937 5198 3540 5278">
     <span class='ocr_line' id='line_1_111' title="bbox 1937 5198 3540 5278; baseline -0.009 -16"><span class='ocrx_word' id='word_1_750' title='bbox 1937 5210 2198 5278; x_wconf 88' lang='lat' dir='ltr'><strong>primum,</strong></span> <span class='ocrx_word' id='word_1_751' title='bbox 2233 5206 2561 5270; x_wconf 85' lang='lat' dir='ltr'><strong>secundum,</strong></span> <span class='ocrx_word' id='word_1_752' title='bbox 2593 5219 2657 5258; x_wconf 88' lang='lat' dir='ltr'><strong>ac</strong></span> <span class='ocrx_word' id='word_1_753' title='bbox 2683 5203 2902 5258; x_wconf 88' lang='lat' dir='ltr'><strong>tertium</strong></span> <span class='ocrx_word' id='word_1_754' title='bbox 2935 5201 3176 5256; x_wconf 89' lang='lat' dir='ltr'><strong>tribunal</strong></span> <span class='ocrx_word' id='word_1_755' title='bbox 3231 5198 3540 5262; x_wconf 84' lang='lat' dir='ltr'><strong>constituit,</strong></span> 
     </span>
    </p>
   </div>
   <div class='ocr_carea' id='block_1_112' title="bbox 1937 5291 3539 5370">
    <p class='ocr_par' dir='ltr' id='par_1_112' title="bbox 1937 5291 3539 5370">
     <span class='ocr_line' id='line_1_112' title="bbox 1937 5291 3539 5370; baseline -0.009 -15"><span class='ocrx_word' id='word_1_756' title='bbox 1937 5311 1992 5355; x_wconf 87' lang='lat' dir='ltr'><strong>et</strong></span> <span class='ocrx_word' id='word_1_757' title='bbox 2014 5300 2656 5370; x_wconf 86' lang='lat' dir='ltr'><strong>tandemjudicaviteum</strong></span> <span class='ocrx_word' id='word_1_758' title='bbox 2691 5295 3063 5366; x_wconf 88' lang='lat' dir='ltr'><strong>abjiciendum</strong></span> <span class='ocrx_word' id='word_1_759' title='bbox 3107 5310 3120 5344; x_wconf 90' lang='lat'><strong>:</strong></span> <span class='ocrx_word' id='word_1_760' title='bbox 3150 5291 3270 5346; x_wconf 93' lang='lat' dir='ltr'><strong>utsi</strong></span> <span class='ocrx_word' id='word_1_761' title='bbox 3304 5291 3539 5361; x_wconf 85' lang='lat' dir='ltr'><strong>primum</strong></span> 
     </span>
    </p>
   </div>
   <div class='ocr_carea' id='block_1_113' title="bbox 1937 5383 3535 5456">
    <p class='ocr_par' dir='ltr' id='par_1_113' title="bbox 1937 5383 3535 5456">
     <span class='ocr_line' id='line_1_113' title="bbox 1937 5383 3535 5456; baseline -0.009 -8"><span class='ocrx_word' id='word_1_762' title='bbox 1937 5410 2047 5449; x_wconf 89' lang='lat' dir='ltr'><strong>non</strong></span> <span class='ocrx_word' id='word_1_763' title='bbox 2082 5394 2317 5456; x_wconf 89' lang='lat' dir='ltr'><strong>audiret,</strong></span> <span class='ocrx_word' id='word_1_764' title='bbox 2344 5391 2593 5446; x_wconf 88' lang='lat' dir='ltr'><strong>obediret</strong></span> <span class='ocrx_word' id='word_1_765' title='bbox 2612 5388 2857 5445; x_wconf 89' lang='lat' dir='ltr'><strong>secundo</strong></span> <span class='ocrx_word' id='word_1_766' title='bbox 2885 5404 2899 5452; x_wconf 84' lang='lat'><strong>;</strong></span> <span class='ocrx_word' id='word_1_767' title='bbox 2927 5387 2970 5441; x_wconf 89' lang='lat' dir='ltr'><strong>si</strong></span> <span class='ocrx_word' id='word_1_768' title='bbox 2993 5397 3176 5440; x_wconf 87' lang='lat' dir='ltr'><strong>autem</strong></span> <span class='ocrx_word' id='word_1_769' title='bbox 3204 5392 3260 5437; x_wconf 88' lang='lat' dir='ltr'><strong>et</strong></span> <span class='ocrx_word' id='word_1_770' title='bbox 3287 5385 3390 5436; x_wconf 87' lang='lat' dir='ltr'><strong>hoc</strong></span> <span class='ocrx_word' id='word_1_771' title='bbox 3435 5383 3535 5435; x_wconf 84' lang='lat' dir='ltr'><strong>de-</strong></span> 
     </span>
    </p>
   </div>
   <div class='ocr_carea' id='block_1_114' title="bbox 1938 5478 3541 5559">
    <p class='ocr_par' dir='ltr' id='par_1_114' title="bbox 1938 5478 3541 5559">
     <span class='ocr_line' id='line_1_114' title="bbox 1938 5478 3541 5559; baseline -0.01 -15"><span class='ocrx_word' id='word_1_772' title='bbox 1938 5490 2194 5559; x_wconf 85' lang='lat' dir='ltr'><strong>spiceret,</strong></span> <span class='ocrx_word' id='word_1_773' title='bbox 2215 5488 2432 5544; x_wconf 86' lang='lat' dir='ltr'><strong>timeret</strong></span> <span class='ocrx_word' id='word_1_774' title='bbox 2452 5487 2536 5540; x_wconf 85' lang='lat' dir='ltr'><strong>vel</strong></span> <span class='ocrx_word' id='word_1_775' title='bbox 2555 5485 2776 5539; x_wconf 89' lang='lat' dir='ltr'><strong>tertium</strong></span> <span class='ocrx_word' id='word_1_776' title='bbox 2801 5499 2816 5548; x_wconf 88' lang='lat'><strong>;</strong></span> <span class='ocrx_word' id='word_1_777' title='bbox 2843 5481 2990 5551; x_wconf 90' lang='lat' dir='ltr'><strong>quod</strong></span> <span class='ocrx_word' id='word_1_778' title='bbox 3018 5481 3063 5536; x_wconf 93' lang='lat' dir='ltr'><strong>si</strong></span> <span class='ocrx_word' id='word_1_779' title='bbox 3091 5480 3254 5535; x_wconf 90' lang='lat' dir='ltr'><strong>etiam</strong></span> <span class='ocrx_word' id='word_1_780' title='bbox 3283 5478 3386 5532; x_wconf 86' lang='lat' dir='ltr'><strong>hoc</strong></span> <span class='ocrx_word' id='word_1_781' title='bbox 3404 5492 3541 5531; x_wconf 87' lang='lat' dir='ltr'><strong>con-</strong></span> 
     </span>
    </p>
   </div>
   <div class='ocr_carea' id='block_1_115' title="bbox 1938 5569 3540 5650">
    <p class='ocr_par' dir='ltr' id='par_1_115' title="bbox 1938 5569 3540 5650">
     <span class='ocr_line' id='line_1_115' title="bbox 1938 5569 3540 5650; baseline -0.012 -14"><span class='ocrx_word' id='word_1_782' title='bbox 1938 5590 2232 5644; x_wconf 83' lang='lat' dir='ltr'><strong>temneret,</strong></span> <span class='ocrx_word' id='word_1_783' title='bbox 2251 5580 2362 5650; x_wconf 91' lang='lat' dir='ltr'><strong>jam</strong></span> <span class='ocrx_word' id='word_1_784' title='bbox 2387 5587 2519 5632; x_wconf 86' lang='lat' dir='ltr'><strong>tunc</strong></span> <span class='ocrx_word' id='word_1_785' title='bbox 2542 5574 2908 5643; x_wconf 86' lang='lat' dir='ltr'><strong>abjectionem</strong></span> <span class='ocrx_word' id='word_1_786' title='bbox 2935 5569 3256 5626; x_wconf 81' lang='lat' dir='ltr'><strong>formidaret</strong></span> <span class='ocrx_word' id='word_1_787' title='bbox 3298 5581 3540 5620; x_wconf 87' lang='lat' dir='ltr'><strong>amaram</strong></span> 
     </span>
    </p>
   </div>
   <div class='ocr_carea' id='block_1_116' title="bbox 1940 5659 3532 5746">
    <p class='ocr_par' dir='ltr' id='par_1_116' title="bbox 1940 5659 3532 5746">
     <span class='ocr_line' id='line_1_116' title="bbox 1940 5659 3532 5746; baseline -0.01 -16"><span class='ocrx_word' id='word_1_788' title='bbox 1940 5688 2346 5746; x_wconf 87' lang='lat' dir='ltr'><strong>supernamque</strong></span> <span class='ocrx_word' id='word_1_789' title='bbox 2376 5670 2734 5732; x_wconf 88' lang='lat' dir='ltr'><strong>sententiam,</strong></span> <span class='ocrx_word' id='word_1_790' title='bbox 2754 5682 2877 5738; x_wconf 62' lang='lat' dir='ltr'><strong>qua;</strong></span> <span class='ocrx_word' id='word_1_791' title='bbox 2905 5667 3009 5720; x_wconf 85' lang='lat' dir='ltr'><strong>hac</strong></span> <span class='ocrx_word' id='word_1_792' title='bbox 3028 5662 3339 5734; x_wconf 82' lang='lat' dir='ltr'><strong>abjectione</strong></span> <span class='ocrx_word' id='word_1_793' title='bbox 3359 5659 3532 5729; x_wconf 78' lang='lat' dir='ltr'><strong>magis</strong></span> 
     </span>
    </p>
   </div>
   <div class='ocr_carea' id='block_1_117' title="bbox 1941 5756 3298 5828">
    <p class='ocr_par' dir='ltr' id='par_1_117' title="bbox 1941 5756 3298 5828">
     <span class='ocr_line' id='line_1_117' title="bbox 1941 5756 3298 5828; baseline -0.013 -5"><span class='ocrx_word' id='word_1_794' title='bbox 1941 5765 2283 5823; x_wconf 75' lang='lat' dir='ltr'><strong>formidanda</strong></span> <span class='ocrx_word' id='word_1_795' title='bbox 2303 5773 2386 5818; x_wconf 87' lang='lat' dir='ltr'><strong>est</strong></span> <span class='ocrx_word' id='word_1_796' title='bbox 2413 5781 2426 5817; x_wconf 92' lang='lat'><strong>:</strong></span> <span class='ocrx_word' id='word_1_797' title='bbox 2462 5772 2517 5817; x_wconf 92' lang='lat' dir='ltr'><strong>et</strong></span> <span class='ocrx_word' id='word_1_798' title='bbox 2549 5763 2622 5815; x_wconf 89' lang='lat' dir='ltr'><strong>ita</strong></span> <span class='ocrx_word' id='word_1_799' title='bbox 2651 5760 2878 5814; x_wconf 88' lang='lat' dir='ltr'><strong>omnino</strong></span> <span class='ocrx_word' id='word_1_800' title='bbox 2912 5756 3298 5828; x_wconf 76' lang='lat' dir='ltr'><strong>corrigeretur.</strong></span> 
     </span>
    </p>
   </div>
   <div class='ocr_carea' id='block_1_118' title="bbox 2011 5847 3538 5924">
    <p class='ocr_par' dir='ltr' id='par_1_118' title="bbox 2011 5847 3538 5924">
     <span class='ocr_line' id='line_1_118' title="bbox 2011 5847 3538 5924; baseline -0.01 -10"><span class='ocrx_word' id='word_1_801' title='bbox 2011 5859 2168 5916; x_wconf 71' lang='lat' dir='ltr'><strong>Vcrs.</strong></span> <span class='ocrx_word' id='word_1_802' title='bbox 2201 5857 2283 5914; x_wconf 85' lang='lat' dir='ltr'><strong>l9.</strong></span> <span class='ocrx_word' id='word_1_803' title='bbox 2316 5855 2618 5912; x_wconf 78' lang='lat' dir='ltr'><strong>Rursum—</strong></span> <span class='ocrx_word' id='word_1_804' title='bbox 2645 5853 2736 5924; x_wconf 78' lang='lat' dir='ltr'><strong>qui</strong></span> <span class='ocrx_word' id='word_1_805' title='bbox 2767 5854 2820 5907; x_wconf 79' lang='lat' dir='ltr'><strong>in</strong></span> <span class='ocrx_word' id='word_1_806' title='bbox 2842 5851 2983 5906; x_wconf 74' lang='lat' dir='ltr'><strong>cwlis</strong></span> <span class='ocrx_word' id='word_1_807' title='bbox 2999 5859 3073 5903; x_wconf 79' lang='lat' dir='ltr'><strong>est</strong></span> <span class='ocrx_word' id='word_1_808' title='bbox 3129 5847 3289 5918; x_wconf 59' lang='lat' dir='ltr'><strong>Pupzc</strong></span> <span class='ocrx_word' id='word_1_809' title='bbox 3323 5847 3334 5900; x_wconf 89' lang='lat'><strong>!</strong></span> <span class='ocrx_word' id='word_1_810' title='bbox 3367 5861 3538 5917; x_wconf 80' lang='lat' dir='ltr'><strong>quau-</strong></span> 
     </span>
    </p>
   </div>
  </div>
