4020 6522
246 432 348 497 509

1084 419 1477 486 COMMENT.
1528 421 1609 481 IN
1652 417 2134 480 MATTHIEUM.
2167 442 2235 457 -·
2276 419 2441 482 CAP.
2482 418 2711 482 XVIII.

3432 411 3538 477 διο

246 550 377 606 ἀλλὰ
392 546 455 601 τὸ
474 545 740 615 ἄμετρον,
765 539 860 593 καὶ
878 536 1151 608 διηνεκὲς,
1182 534 1277 588 καὶ
1300 533 1406 586 ἀεί.
1429 530 1699 601 Καθάπερ
1725 528 1836 598 γάρ
1862 559 1876 587 λ

1978 531 2037 583 ed
2072 527 2426 593 immensum,
2455 526 2782 583 continuum
2818 532 2875 579 et
2895 536 3139 592 semper.
3201 520 3339 577 Nam
3400 523 3542 580 sicut

242 642 299 694 τὸ
334 636 594 710 μυριάκις
627 635 687 686 τὸ
722 629 981 692 πολλάκις
1016 626 1167 693 δηλοῖ
1197 623 1328 695 παρ’
1354 621 1613 690 Ἕλλησιν
1633 658 1650 686 ,
1684 617 1829 671 οὕτω

242 735 303 802 δὴ
338 731 437 786 καὶ
464 730 526 782 τὸ
555 727 787 786 ἑπτάκις
826 721 958 793 παρ’
1001 718 1279 789 Ἑϐραίοις
1301 758 1315 782 ,
1351 716 1445 769 καὶ
1475 712 1657 782 πολλῷ
1687 712 1829 781 μάλ-

240 824 332 876 λον
374 822 437 874 τὸ
490 814 992 886 ἑϐδομηκοντάκις·
1043 809 1125 863 ἔτι
1168 808 1224 862 δὲ
1270 807 1454 859 πλεῖον
1503 805 1566 858 τὸ
1611 803 1671 867 εξ
1726 804 1832 871 άμ-

244 918 361 983 ιξοῖν
436 909 841 979 συγκείμενον,
902 903 1047 973 λέγω
1110 902 1176 973 δὴ
1236 900 1299 954 τὸ
1365 893 1830 967 ἑϐδομηκοντάκις

242 1007 406 1058 ἑπτά.

322 1095 482 1148 Ἐπεὶ
516 1090 697 1145 τοίνυν
725 1091 943 1160 ἄμετρα
959 1088 1039 1151 είς
1056 1085 1190 1140 Θεὸν
1222 1083 1614 1154 ἁμαρτάνομεν
1639 1079 1716 1150 ita
1728 1078 1831 1140 αῖς,

242 1184 461 1255 ἄμετρα
498 1185 592 1238 καὶ
624 1184 932 1253 συγχωρεῖν
966 1182 1080 1243 τοῖς
1122 1179 1201 1241 είς
1232 1178 1382 1247 ἡμᾶς
1424 1171 1834 1244 ἁμαρτάνουσιν

244 1278 551 1339 ἰκέλευσεν,
578 1273 715 1327 ἀλλὰ
740 1275 853 1335 τοῖς
882 1271 970 1324 ἀεὶ
1004 1268 1381 1339 μετανοοῦσιν.
1419 1265 1576 1318 Ἐπεὶ
1635 1261 1730 1315 τδν
1761 1259 1838 1331 μὴ

248 1366 617 1438 μετανςοίντα
669 1362 808 1433 μετά
854 1361 1047 1432 τρίτην
1098 1358 1447 1430 παραίνεσιν,
1495 1354 1839 1409 ἀπωθεῖσθαι

246 1457 604 1527 προσέταξεν,
652 1457 729 1520 ὡς
777 1455 871 1509 τὸν
923 1454 1139 1507 ὲθνικδν
1173 1452 1268 1505 καὶ
1306 1450 1383 1513 ὡς
1432 1450 1525 1503 τὸν
1575 1446 1837 1515 τελώνην.

247 1551 371 1613 Πῶς
400 1550 509 1619 γὰρ
541 1548 606 1603 ἄν
632 1566 714 1612 τις
744 1549 945 1617 ἀφήσει
975 1545 1052 1614 τῷ
1086 1546 1159 1615 μὴ
1188 1542 1443 1613 ζητοῦντι
1472 1543 1704 1611 άφεσινς

248 1665 412 1720 ΚΕΦ.
466 1665 592 1719 A9".
640 1664 779 1731 Περὶ
832 1662 960 1787 toi;
988 1662 1344 1730 ὀφείλοντος
1393 1657 1465 1712 τὰ
1508 1660 1693 1728 μύρια
1742 1654 1840 1709 τά·

962 1749 1136 1787 αντα.

962 1749 1136 1787 αντα.

321 1826 429 1880 Διὰ
481 1826 660 1881 τοῦτο
712 1857 781 1867 -
833 1824 1043 1879 αὑτοῦ.
1096 1824 1197 1877 Διὰ
1252 1821 1430 1887 τοῦτο,
1500 1822 1690 1883 πεῖον;
1744 1815 1842 1870 Διὰ

248 1920 309 1973 τὸ
360 1918 564 1988 χρῆναι
624 1918 856 1971 πάντοτε
900 1921 1210 1986 συγχωρεῖν
1257 1913 1334 1985 τῷ
1389 1913 1621 1967 πάντοτε
1681 1927 1848 1979 μετα-

252 2012 488 2064 νοοῦντι.
522 2010 809 2063 Βασιλείαν
842 2010 898 2063 δὲ
924 2009 1172 2079 οὐρανῶν
1228 2010 1419 2061 ἑαυτὸν
1443 2006 1593 2073 λέγει
1624 2005 1687 2057 νῦ
1702 2024 1742 2066 θ,
1773 2003 1850 2066 ὼς

254 2103 479 2172 βασιλέα
513 2101 787 2172 οὐράνιον,
826 2099 1010 2163 καθὼς
1060 2100 1323 2162 πολλάκις
1356 2100 1683 2167 εἰρήκαμεν.
1714 2094 1849 2146 Συν-

255 2197 385 2265 ἆραι
424 2195 481 2246 δὲ
526 2194 703 2261 λόγον,
773 2194 895 2247 ἀντὶ
924 2192 1041 2257 τοῦ,
1078 2191 1301 2261 κινῆσαι
1333 2189 1646 2257 λογοθέσιον
1684 2187 1853 2255 μέσον

255 2285 363 2338 τῶν
405 2283 607 2337 δούλων
639 2284 828 2350 αὐτοῦ,
862 2282 1058 2345 οἵτινές
1084 2283 1222 2334 εἰσιν
1254 2282 1305 2333 ot
1339 2279 1642 2349 ἄνθρωποι.
1677 2276 1855 2330 Πλάτ-

255 2394 339 2429 est
368 2377 426 2429 δὲ
452 2380 551 2444 τὴν
578 2375 898 2444 παραῦολὴν
927 2373 1156 2442 ταύτην,
1188 2372 1360 2437 δεῖξαι
1395 2368 1743 2439 βουλόμενος,
1770 2368 1853 2421 ὅτι

256 2468 283 2517 ὁ
315 2466 390 2536 μὴ
421 2467 723 2535 συγχωρῶν
753 2465 831 2533 τῷ
860 2466 940 2525 είς
968 2464 1131 2515 αὐτὸν
1160 2461 1531 2532 ἁμαρτάνοντι
1559 2458 1856 2526 ἀποστερεῖ

258 2559 455 2609 ἑαυτὸν
488 2557 580 2609 τοῦ
619 2557 771 2626 παρὰ
793 2556 928 2608 Θεοῦ
961 2556 1169 2617 ἐλέους.

343 2650 714 2718 Ἀρξαμένου
744 2678 815 2691 --
846 2648 1181 2702 ταλάντων.
1222 2642 1318 2708 Εἷς
1371 2645 1557 2705 δοῦλος
1588 2643 1851 2712 δηλονότι.

258 2745 443 2810 Ὅπερ
474 2744 531 2795 δέ
562 2745 679 2795 ἐστι
711 2742 842 2812 παρ’
877 2744 1009 2811 ἡμῖν
1038 2743 1071 2811 ή
1104 2740 1263 2811 λίτρα
1299 2738 1393 2791 τοῦ
1426 2736 1656 2807 χρυσοῦ,
1695 2735 1855 2787 τοῦτο

260 2836 418 2904 παρὰ
456 2836 568 2897 τοῖς
615 2832 890 2903 Ἐὕραίοις
932 2835 991 2885 τὺ
1028 2832 1316 2886 τάλαντον.
1356 2829 1607 2897 Σταθμδς
1645 2827 1752 2894 γὰρ
1786 2820 1855 2895 ἦν

260 2927 617 2995 νομισμάτων
648 2924 1099 2992 πολυτιμότατος,
1129 2924 1225 2975 καὶ
1251 2921 1360 2974 τῶν
1383 2921 1564 2974 ἄλλων
1593 2917 1853 2988 σταθμῶν

262 3020 685 3091 ὑπερκείμενος.

334 3116 432 3181 Μὴ
470 3113 721 3182 ἔχοντος
762 3110 831 3163 δὲ
875 3139 935 3151 ν·-
972 3110 1070 3163 καὶ
1107 3106 1505 3175 ἀποδοθῆναι.
1556 3104 1850 3173 Ἀποδοθῆο

1937 620 2227 691 μυριάκις,
2256 621 2360 675 hoc
2390 629 2496 685 est,
2536 619 2723 673 decies
2758 616 2972 679 millies,
2998 612 3270 692 signiﬁcat
3293 615 3539 686 frequen-

1940 721 2037 776 ter,
2063 710 2207 780 apud
2233 710 2467 773 (ii-meos,
2489 710 2560 763 ita
2589 722 2722 763 sane
2744 716 2799 761 et
2816 706 3009 774 septies
3062 704 3207 773 apud
3240 700 3541 767 Hebrxos;

1939 812 1996 857 ct
2028 802 2200 857 multo
2268 803 2439 871 magis
2470 800 2821 871 septuagiu;
2882 810 2948 850 ac
2983 794 3210 863 insuper
3266 792 3412 862 quod
3466 807 3536 845 ex

1946 904 2177 964 utroque
2209 892 2577 964 compositum
2603 900 2685 946 est
2714 888 3014 959 septuagies
3040 885 3254 954 septies.

2015 1082 2153 1150 Quia
2186 1095 2318 1152 ergo
2366 1080 2629 1135 inﬂnities
2654 1079 2708 1132 in
2743 1078 2913 1132 Deum
2950 1089 3270 1147 peccamus,
3311 1070 3546 1127 inﬁnitis

1942 1178 2159 1235 vicibus
2194 1175 2357 1247 jussit
2382 1174 2671 1243 ignoscere
2706 1170 2796 1225 his
2825 1169 2916 1239 qui
2945 1168 3000 1221 in
3046 1182 3148 1221 nos
3193 1165 3545 1233 delinquunt,

1942 1272 1988 1327 si
2022 1283 2239 1339 semper
2273 1265 2601 1336 resipiscant
2632 1278 2648 1316 :
2688 1276 2813 1316 eum
2842 1273 3091 1328 namque
3115 1256 3209 1326 qui
3255 1271 3371 1310 non
3410 1254 3547 1308 resi-

1943 1360 2127 1433 piscit,
2163 1368 2290 1429 post
2322 1357 2545 1412 tertiam
2582 1354 2948 1408 munitionem
2980 1349 3173 1421 repelli
3217 1347 3383 1418 jussit
3423 1358 3548 1399 tan-

1944 1470 2106 1525 quam
2164 1451 2446 1507 ethnlcum
2501 1457 2557 1503 et
2616 1446 3024 1517 publicanum;
3066 1440 3347 1512 quomodo
3396 1437 3545 1493 enim

1944 1547 2191 1602 remittet
2250 1542 2375 1613 quis
2423 1541 2473 1595 ei
2539 1540 2632 1610 qui
2694 1537 3075 1595 remissionem
3135 1550 3248 1590 non
3300 1528 3548 1602 quaerit?

2015 1659 2169 1717 CAP.
2203 1655 2449 1712 XXXIX.
2487 1654 2561 1709 De
2586 1671 2664 1717 eo.
2689 1655 2781 1723 qui
2817 1651 3229 1706 debebatdecem
3270 1646 3440 1701 millia
3465 1654 3549 1697 ta-

2590 1726 2874 1778 lentarum.

2022 1823 2185 1879 Vers.
2215 1822 2309 1876 23.
2334 1819 2624 1886 Propterea
2653 1845 2722 1855 ——
2748 1815 2884 1869 suis.
2948 1814 3277 1881 Propterea,
3332 1820 3501 1878 quare
3530 1804 3555 1858 ῖ

1952 1914 2091 1981 Quia
2113 1921 2331 1982 oportet
2351 1909 2399 1964 ei
2418 1924 2637 1977 semper
2686 1918 2983 1977 ignoscere
3013 1903 3102 1972 qui
3143 1915 3361 1969 semper
3416 1896 3553 1951 resio-

1956 2007 2140 2078 piscit.
2209 2003 2457 2073 Regnum
2516 2009 2703 2054 autem
2759 1997 3032 2052 caelorum
3089 1992 3336 2061 seipsum
3407 2001 3557 2042 nunc

1958 2098 2202 2167 appellat
2273 2104 2536 2163 tanquam
2596 2105 2781 2159 regem
2838 2087 3144 2149 ccelestem,
3190 2089 3357 2153 prout
3413 2093 3558 2147 saepe

1957 2193 2218 2246 diximus.
2255 2187 2521 2241 Conferre
2556 2198 2685 2237 vero
2724 2182 3020 2240 rationem,
3057 2178 3161 2231 hoc
3203 2185 3287 2229 est
3337 2184 3559 2229 sumere

1956 2300 2020 2339 ac
2068 2283 2379 2337 subducere
2437 2290 2759 2347 computum
2820 2274 2965 2328 inter
3024 2286 3215 2325 servos
3261 2282 3417 2329 suos,
3465 2265 3557 2330 qui

1957 2382 2087 2429 sunt
2111 2372 2390 2427 homines.
2432 2366 2614 2437 Fingit
2651 2376 2835 2419 autem
2876 2364 3018 2418 hanc
3052 2358 3393 2431 parabolam,
3460 2369 3559 2409 νο·-

1959 2464 2082 2519 lens
2108 2460 2427 2521 ostendere.
2463 2457 2608 2527 quod
2652 2462 2695 2511 ts
2721 2456 2813 2524 qui
2845 2470 2955 2508 non
2986 2449 3291 2523 ignoscitin
3323 2462 3383 2503 se
3432 2460 3563 2517 pec-

1957 2556 2125 2617 cauti.
2159 2555 2335 2626 privat
2366 2553 2624 2623 seipsqu
2660 2550 2751 2603 Dei
2786 2544 3194 2603 misericordia.

2038 2647 2193 2701 Vers.
2228 2644 2318 2699 24.
2381 2641 2619 2711 Cumque
2654 2639 2889 2708 coepisset
2916 2664 2988 2676 -—
3033 2633 3379 2687 talentorum.
3414 2627 3564 2683 Unus

1958 2739 2222 2795 videlicet
2290 2749 2505 2789 servus.
2568 2731 2726 2797 Quod
2787 2734 3087 2782 autemest
3145 2722 3291 2791 apud
3342 2721 3566 2776 Graecos

1957 2830 2141 2901 λίτρα,
2198 2829 2303 2880 hoc
2329 2834 2415 2879 est
2478 2822 2615 2877 libra
2669 2822 2812 2884 auri,
2876 2818 2928 2872 id
2979 2814 3127 2886 apud
3193 2813 3455 2867 Hebraeos
3482 2820 3569 2864 est

1960 2922 2254 2976 talentum.
2289 2917 2421 2971 Erat
2453 2916 2602 2970 enim
2636 2911 3035 2966 numismatum
3070 2905 3287 2977 pondus
3335 2901 3564 2956 maximi

1959 3012 2148 3082 pretii,
2173 3018 2374 3063 cmtera
2406 3007 2593 3062 omnia
2623 3003 2899 3059 excedens
2926 3000 3195 3070 pondera.

2033 3102 2187 3158 Vers.
2218 3101 2308 3155 25.
2348 3099 2413 3152 Et
2447 3115 2564 3152 cum
2625 3112 2729 3150 non
2784 3101 2954 3163 posset
2985 3122 3053 3133 ——
3083 3090 3303 3159 ﬁerique
3354 3082 3572 3137 solutio—

264 3227 355 3261 ναι
398 3207 458 3260 τὸ
505 3206 663 3275 χρέος
712 3205 952 3265 πάντως.
1002 3204 1116 3253 Ούκ
1165 3200 1225 3263 ἐξ
1269 3200 1555 3269 ὠμότητος
1596 3199 1652 3251 δὲ
1697 3196 1858 3250 τοῦτο

1980 3211 2101 3248 tem.
2142 3191 2214 3247 Ut
2257 3192 2485 3245 omnino
2543 3189 2847 3244 solveretur
2896 3184 3168 3239 debitum.
3214 3178 3332 3232 Non
3386 3185 3569 3229 tamen

266 3301 579 3360 ἐκέλευσεν,
608 3296 723 3350 ἀλλ’
751 3298 814 3349 ἐκ
847 3294 1217 3365 συμπαθείας,
1247 3294 1339 3345 ἵνα
1365 3291 1624 3362 φοϐηθεὶς
1654 3292 1861 3352 ἐκεῖνος

263 3394 366 3464 τὴν
396 3390 654 3459 τοιαύτην
683 3388 961 3457 ἀπόφασιν
993 3384 1296 3458 [ἱκετεύσῃ.
1327 3386 1439 3455 (7'7)
1472 3385 1564 3436 καὶ
1590 3384 1731 3455 τύχῃ
1762 3383 1862 3452 τῆς

268 3487 548 3555 ἀφέσεως.
611 3483 676 3534 Ei
732 3481 840 3550 γὰρ
908 3479 984 3551 μὴ
1044 3480 1135 3531 διὰ
1194 3477 1356 3531 τοῦτο
1433 3479 1691 3546 τοιαύτην
1776 3477 1864 3542 ὲξ-

271 3582 509 3650 ήνεγκεν
574 3571 898 3644 ἀπόφασιν,]
929 3572 1030 3624 οὐκ
1088 3570 1154 3624 ἂν
1190 3569 1532 3623 ἱκετεύσαντι
1587 3569 1648 3621 τὸ
1706 3568 1865 3639 χρέος

273 3671 486 3741 ἀφῆκε.

348 3764 462 3815 Καὶ
503 3758 644 3812 διατί
684 3758 757 3829 μὴ
799 3756 905 3822 πρὸ
942 3756 1042 3823 τῆς
1078 3753 1407 3821 ἀποφάσεως
1442 3753 1651 3821 ἀφῆκες
1686 3751 1865 3813 mn,

279 3853 476 3923 ῥαδίως
507 3849 648 3902 οὕτω
678 3845 1076 3916 συγχωρηθεὶς,
1100 3843 1201 3897 οὐκ
1222 3842 1451 3911 ἔμελλεν
1483 3842 1869 3909 ἐπιγινώσκειν

273 3943 335 3994 τὸ
374 3941 473 4007 τῆς
507 3938 725 4009 χάριτος
762 3935 1013 4007 μέγεθος.
1048 3935 1148 3987 Διὰ
1179 3932 1340 3987 τοῦτο
1384 3932 1478 3986 οῦν
1512 3937 1592 3995 είς
1621 3933 1870 4003 ἀνάγκην

281 4034 531 4103 μεγάλην
551 4030 712 4083 αὑτὸν
737 4027 1094 4097 κατέστησεν.
1120 4025 1210 4079 ἶνα
1232 4024 1690 4097 διαμνημονεύειν
1716 4026 1873 4079 ῦστε-

282 4143 377 4197 ρον
424 4124 560 4194 ἔχοι,
610 4122 770 4182 ποίας
814 4120 1013 4189 ἀφείθη
1060 4119 1383 4188 καταδίκης,
1433 4119 1528 4170 καὶ
1578 4118 1873 4189 συμπαθὴς

281 4220 509 4287 γένηται
545 4214 637 4267 καὶ
674 4213 838 4276 αὐτὸς
869 4212 1003 4283 περὶ
1035 4211 1128 4263 τὸν
1157 4211 1355 4263 ἑαυτοῦ
1388 4210 1705 4281 χρεώστην,
1742 4226 1875 4262 παι-

282 4310 495 4370 δευθεὶς
528 4309 585 4359 ὲν
618 4308 737 4367 ταῖς
768 4303 1004 4367 οἰκείαις
1039 4304 1373 4373 συμφοραῖς,

356 4401 570 4455 Πεσὼν
598 4427 667 4438 --
697 4395 881 4461 αὐτῷ.
916 4396 1060 4466 Ὅρα
1098 4395 1211 4465 (78)
1248 4393 1671 4464 φιλανθρωπίας
1699 4395 1877 4465 ὑπερ-

287 4494 488 4564 ϐολήνί
565 4492 624 4544 ’0
678 4492 777 4560 μὲν
834 4488 945 4557 γὰρ
996 4487 1342 4558 προθεσμίαν
1397 4489 1629 4559 ἐζήτησε
1693 4489 1873 4556 μόνον·

285 4590 315 4640 ὁ
372 4586 432 4639 δὲ
486 4584 546 4638 τὸ
608 4581 769 4654 χρέος
822 4579 1035 4650 ἀφῆκεν
1089 4580 1270 4651 αὐτῷ,
1329 4582 1513 4651 μεῖζον
1560 4574 1622 4634 οὗ
1681 4581 1875 4653 ᾔτησε,

288 4678 561 4742 δεδωκώς.

360 4775 400 4842 'i'
432 4773 539 4826 Ἴδε
586 4773 685 4845 τὴν
738 4775 833 4845 τῆς
901 4772 1195 4845 μετανοίας
1246 4769 1420 4839 ίσχὺν,
1456 4768 1551 4821 καλ⁵
1600 4766 1702 4837 τὴν
1755 4766 1879 4835 φιλ-

291 4865 612 4937 ανθρωπίαν
688 4865 783 4918 τοῦ
864 4865 1088 4937 Κυρίου.
1158 4862 1222 4915 ’11
1286 4862 1386 4931 μὲν
1450 4862 1557 4929 γάρ
1616 4860 1876 4929 μετάνοια

293 4961 520 5030 ἐποίησε
557 4961 647 5013 τὸν
688 4959 876 5012 δοῦλον
920 4959 1106 5011 πεσεῖν
1142 4954 1249 5011 ἀπὸ
1290 4954 1388 5024 τῆς
1426 4952 1625 5014 κακίας
1650 4968 1663 4982 ’
1704 4954 1731 5004 ὁ
1768 4953 1876 5022 γάρ

299 5056 589 5123 ἱστάμενος
634 5052 869 5123 βεϐαίως
914 5053 972 5105 ὲν
1018 5052 1085 5120 τῇ
1138 5049 1306 5118 κακίᾳ
1354 5047 1416 5099 οὐ
1465 5045 1882 5114 συγχωρητέοςο

1966 3286 2071 3342 hoc
2111 3300 2177 3339 ex
2225 3283 2547 3338 crudelitate
2598 3282 2783 3350 jussit,
2827 3278 2924 3333 sed
2954 3292 3025 3331 ex
3076 3269 3479 3342 compassione.
3516 3273 3573 3317 ut

1970 3380 2064 3434 tali
2093 3384 2372 3435 sententia
2395 3376 2619 3429 territus
2647 3373 3063 3442 deprecaretur,
3085 3384 3151 3422 ac
3186 3363 3571 3419 remissionem

1970 3477 2426 3541 consequeretur.
2462 3466 2576 3519 Nisi
2612 3466 2759 3520 enim
2792 3478 2859 3518 eo
2910 3462 3020 3515 fine
3046 3460 3211 3515 talem
3254 3452 3576 3526 protulisset

1974 3566 2331 3630 sententiam,
2422 3575 2766 3631 nequaquam
2861 3553 3177 3626 deprecanti
3277 3546 3577 3604 remisisset

1972 3660 2241 3715 debitum.

2054 3753 2194 3805 Nam
2237 3752 2280 3807 si
2322 3750 2481 3805 valde
2538 3748 2697 3802 facile
2762 3744 3142 3799 remissionem
3210 3733 3576 3809 percepisset,

1975 3848 2223 3901 [ntttrutn
2254 3856 2372 3898 erat
2404 3853 2464 3897 ut
2493 3852 2681 3913 gratiae
2720 3836 3154 3908 magnitudinem
3200 3846 3311 3886 non
3367 3841 3575 3895 cognoc

1978 3948 2203 3993 secret:
2238 3945 2464 4008 propter
2492 3936 2597 3990 hoc
2635 3949 2766 4007 ergo
2802 3932 2856 3987 in
2888 3943 3142 4000 magnam
3185 3922 3577 3979 necessitatem

1984 4048 2109 4085 eum
2149 4031 2376 4101 redegit,
2396 4040 2456 4082 ut
2474 4028 2539 4083 ad
2573 4027 2895 4081 memoriam
2923 4024 2979 4077 in
3008 4029 3291 4093 posterum
3317 4025 3581 4068 revocare

1981 4131 2190 4191 posset,
2213 4137 2321 4191 qua
2348 4118 2812 4175 condemnatione
2828 4114 3111 4170 absolutus
3129 4116 3276 4165 esset
3302 4124 3314 4160 :
3338 4115 3395 4159 et
3419 4117 3581 4157 com-

1983 4216 2237 4284 passivus
2276 4214 2441 4267 etiam
2473 4212 2590 4282 ipse
2617 4225 2746 4281 erga
2806 4223 2969 4263 suum
3022 4204 3180 4259 ﬁeret
3247 4199 3579 4256 debitorem,

1986 4307 2227 4377 propriis
2244 4306 2476 4360 edoctus
2503 4301 2935 4359 calamitatibus.

2058 4401 2214 4454 Vers.
2238 4401 2329 4454 26.
2385 4397 2695 4452 Prostratus
2727 4425 2801 4435 -—-
2834 4393 2988 4447 Vers.
3020 4391 3112 4444 Q7.
3172 4388 3275 4441 illi.
3324 4384 3405 4454 -H-
3436 4382 3577 4434 Ecce

1986 4492 2351 4547 humanitatis
2380 4488 2858 4561 magnitudinem!
2910 4485 3009 4539 llic
3054 4482 3200 4537 enim
3258 4475 3583 4533 dilationem

1988 4597 2198 4641 tantum
2232 4593 2514 4654 qumrcbat
2543 4600 2558 4650 ;
2588 4583 2677 4636 ille
2706 4596 2837 4636 vero
2856 4578 3103 4633 debitum
3141 4573 3188 4627 ei
3215 4572 3383 4626 etiam
3411 4564 3580 4619 renti-

1980 4680 2070 4740 sit,
2096 4678 2327 4746 plusque
2357 4676 2528 4737 dedit.
2566 4688 2729 4744 quam
2771 4678 3078 4742 rogaverat.

2056 4770 2188 4825 Vide
2240 4768 2580 4840 poenitentiae
2615 4767 2761 4820 vires
2806 4778 2870 4818 ac
2909 4758 3127 4815 Domini
3164 4752 3584 4811 humanitatem.

1989 4862 2320 4916 Pmnitentia
2346 4861 2613 4931 siquidem
2639 4859 2766 4913 fecit
2787 4871 3006 4912 servum
3046 4869 3075 4906 a
3098 4850 3306 4905 malitia
3353 4843 3585 4899 cadere:

1983 4961 2134 5005 stans
2155 4954 2298 5005 enim
2332 4952 2521 5005 firmus
2547 4952 2599 5005 iu
2623 4949 2914 5020 pravitate,
2948 4960 3059 4999 non
3083 4947 3300 5014 poterat
3320 4932 3591 4990 remissio-

1983 5061 2111 5097 nem
2147 5046 2425 5115 accipere.
2469 5045 2559 5099 Dei
2596 5059 2728 5098 vero
2761 5039 3080 5096 humanitas
3104 5037 3218 5091 sive
3272 5027 3589 5100 benignitas

298 5148 332 5217 ἡ
378 5146 435 5198 δὲ
478 5145 861 5215 φιλανθρωπία
901 5141 993 5195 τοῦ
1032 5141 1168 5195 Θεοῦ
1219 5141 1564 5210 συνεχώρησε
1608 5137 1876 5199 παντελῶς

1989 5138 2218 5191 omnino
2242 5138 2473 5209 ignovit,
2503 5146 2559 5190 et
2583 5152 2658 5191 :es
2680 5136 2918 5189 alienum
2950 5130 3185 5186 remisit.
3206 5123 3369 5193 Atqui
3389 5135 3586 5176 servus

298 5215 357 5291 τὸ
376 5238 604 5292 δάνειονο
638 5237 888 5304 καίτοιγε
918 5237 947 5289 ὁ
974 5235 1162 5297 δοῦλος
1182 5235 1243 5286 ού
1274 5231 1624 5302 συγχώρησιν
1651 5229 1876 5283 παντελῐ

1988 5244 2100 5283 non
2128 5231 2498 5285 omnitnodam
2534 5229 2940 5288 remissionem,
2974 5224 3069 5279 sed
3105 5215 3583 5289 longanimita'tcm

300 5332 506 5401 ἐζήτει,
574 5330 711 5385 ἀλλὰ
775 5302 1137 5401 προθεσμίαν.
1203 5327 1459 5383 Μάνθανε
1531 5325 1742 5387 τοίνυν,
1806 5325 1876 5375 ὃτι

1992 5330 2056 5370 ac
2079 5318 2501 5386 protelationcm
2529 5318 2826 5387 quaerebat.
2849 5314 3007 5369 Disce
3025 5326 3177 5381 ergo,
3234 5308 3404 5361 Deum
3434 5302 3591 5371 plura

301 5431 329 5480 ὁ
357 5426 489 5491 Θεὸς
534 5427 630 5480 καὶ
692 5425 915 5479 πλείονα
960 5423 1197 5485 δίδωσιν,
1232 5414 1307 5475 ὧν
1354 5416 1677 5488 αἰτούμεθα.
1731 5413 1886 5467 Ἐπεὶ

1994 5411 2249 5469 conferre
2304 5425 2465 5481 quam
2535 5426 2635 5464 nos
2704 5409 3084 5480 postolemus:
3128 5413 3277 5457 tanta
3336 5406 3421 5452 est
3487 5393 3588 5448 Dei

1466 5578 1666 5640 Variae
1698 5575 2009 5639 lectiones
2052 5579 2115 5634 et
2158 5580 2353 5635 notte.

378 5753 491 5821 (77)
524 5752 733 5807 Inclusa
763 5750 1079 5805 exciderant
1106 5752 1170 5803 Δ.

380 5815 495 5895 {78)
525 5823 639 5880 lloc
668 5821 879 5878 scholio
919 5821 1139 5876 carebat
1187 5818 1564 5891 interpretatio
1589 5815 1868 5873 llentenii.

1990 5742 2119 5810 Ejus
2153 5748 2335 5810 autem
2370 5739 2489 5810 loco
2509 5735 2671 5810 habet
2694 5730 2910 5800 longius
2941 5726 3336 5801 Theopbylacti
3362 5742 3417 5810 ρ,
3458 5722 3586 5790 108,

1986 5798 2047 5879 Β,
2073 5812 2217 5883 quod
2241 5809 2328 5865 hic
2357 5806 2586 5877 subieci.
2627 5803 2682 5858 ln
2710 5798 2908 5859 neutro
2935 5798 3192 5857 meorum
3222 5798 3512 5869 reperitur.
