4020 6528
515 429 618 495 511

1719 418 2107 484 EUTHYMil
2146 420 2507 483 ZFGABENI

3668 429 3781 494 51?.

515 541 825 612 benignitas
854 537 1259 597 ethumauitas.
1283 537 1444 590 etiam
1478 551 1603 590 cum
1624 535 1814 589 durior
1843 533 2080 592 videtur.

2201 532 2422 605 τοσαύτη
2482 534 2629 586 ἐστὶν
2687 535 2720 601 ἡ
2778 533 3155 604 φιλανθρωπία
3211 536 3402 602 αὑτοῦ,
3462 537 3606 592 ῶστε
3677 543 3776 594 καὶ

518 639 648 701 puta
681 627 925 697 jubendo
955 625 1274 680 venumdari
1305 639 1453 686 eum,
1481 634 1535 678 et
1564 624 1745 677 omnia
1775 638 1894 691 quae
1945 620 2091 672 illius

516 732 692 778 erant.
719 719 904 788 Neque
932 717 1075 771 enim
1117 717 1222 770 hoc
1289 733 1356 770 ex
1402 717 1698 786 asperitate
1724 716 1962 776 dicebat,
1993 711 2089 766 sed

519 824 579 867 ut
640 827 857 866 servum
920 819 1144 864 terreret
1185 819 1241 864 et
1304 809 1678 878 persuaderet,
1728 823 1963 876 eumque
2023 810 2090 862 ad

520 905 797 959 humiliter
835 903 1234 973 deprecandum
1267 902 1577 961 adduceret,
1603 908 1657 953 et
1682 900 1746 953 ad
1793 902 2093 970 respicien-

516 997 644 1050 dum
671 995 946 1063 quomodo
976 995 1323 1048 invitaretur.

587 1080 742 1142 V'ers.
813 1088 904 1141 28.
944 1086 1198 1155 Egressus
1223 1118 1287 1127 —
1315 1089 1485 1142 debes.
1511 1087 1628 1141 Non
1681 1097 1803 1155 post.
1871 1088 2090 1156 longum

517 1184 758 1246 tempus,
791 1177 886 1230 sed
919 1177 1099 1231 statim
1131 1193 1145 1230 :
1181 1176 1597 1231 beneﬁcentiam
1655 1175 1863 1230 faciens
1904 1177 2093 1229 trami-

518 1276 650 1330 tem,
683 1269 750 1322 ει]
791 1269 842 1323 id
867 1269 1011 1337 quod
1048 1284 1226 1338 neque
1255 1269 1368 1322 Deo
1398 1281 1612 1338 gratum
1649 1276 1752 1330 est,
1773 1283 1949 1336 neque
1992 1267 2090 1320 lto-

519 1360 781 1414 minibus.

589 1448 742 1502 Vers.
776 1449 864 1504 29.
890 1449 1195 1504 Proslratus
1224 1480 1293 1491 σο-
1316 1448 1475 1504 Vers.
1507 1450 1596 1504 '50.
1630 1450 1884 1502 debitum.
1908 1447 2092 1516 Neque

516 1540 745 1594 formam
803 1541 1222 1610 supplicationis
1270 1542 1474 1595 veritus
1532 1549 1636 1600 est,
1695 1554 1801 1608 qua
1865 1547 1921 1592 et
1974 1539 2091 1606 ipse

517 1630 952 1684 misericordiam
1012 1631 1499 1700 percepit;neque
1535 1643 1790 1682 sermone
1851 1629 2093 1694 placatus

516 1731 615 1783 est,
653 1737 749 1788 per
779 1736 939 1788 quem
969 1731 1022 1774 et
1052 1721 1164 1789 ipse
1187 1731 1438 1775 servatus
1467 1729 1583 1774 erat
1609 1737 1623 1785 ;
1659 1733 1835 1788 neque
1865 1735 1894 1772 a
1925 1719 2088 1773 simili

516 1812 750 1881 propriae
807 1813 1056 1865 meminit
1084 1813 1431 1876 calamitatis,
1465 1813 1561 1866 sed
1595 1813 1903 1881 permansit
1934 1813 2084 1866 omni
2126 1851 2166 1906 Β

516 1903 627 1956 fera
662 1903 955 1957 crudelior.
997 1905 1158 1972 Atqui
1191 1920 1300 1956 non
1332 1920 1428 1973 pro
1457 1905 1759 1972 aequalibus
1791 1913 1912 1958 erat
1958 1921 2086 1974 sup.

515 1996 739 2063 plicatio
771 2013 786 2060 ;
816 1997 930 2066 ipse
958 1999 1104 2051 enim
1163 2013 1261 2066 pro
1291 1996 1529 2062 talentis.
1587 1997 1673 2050 hic
1703 2009 1802 2065 pro
1853 1995 2091 2049 denariis

516 2092 740 2160 rogabat
768 2109 783 2154 ;
812 2104 862 2146 et
898 2094 1014 2162 ipse
1047 2107 1146 2162 pro
1174 2093 1362 2146 decem
1423 2091 1684 2155 millibus,
1756 2091 1846 2144 hic
1911 2103 2092 2144 autem

517 2197 616 2249 pro
638 2191 858 2235 centum
894 2199 907 2243 ;
960 2194 1015 2236 et
1043 2184 1159 2251 ipse
1182 2182 1491 2243 dominum,
1541 2181 1631 2235 hic
1663 2191 1844 2234 autem
1875 2197 2097 2234 conser-

517 2288 642 2326 vum
671 2289 685 2336 ;
719 2281 774 2325 et
809 2273 1066 2327 dominus
1099 2273 1598 2326 tantum-debitum
1638 2272 1739 2340 ipsi
1779 2273 2096 2324 universum

515 2362 816 2425 remiserat,
840 2364 953 2431 ipse
967 2379 1096 2416 vero
1113 2379 1287 2431 neque
1309 2362 1620 2415 dilationem
1639 2377 1904 2415 conservo
1924 2362 2095 2416 dedit.

629 2452 773 2509 Vers.
806 2456 893 2507 3|.
930 2455 1167 2506 Videntes
1196 2484 1265 2492 —
1296 2469 1411 2522 qua!
1433 2454 1652 2520 ﬁebant.
1685 2454 2100 2521 Incompassibi-

513 2542 635 2596 l'tas
666 2544 808 2596 enim
869 2561 974 2597 non
1006 2560 1032 2596 τι
1062 2545 1172 2598 Deo
1205 2546 1378 2597 solum
1419 2546 1648 2598 habetur
1681 2547 1826 2607 odio,
1875 2546 1969 2598 sed
2003 2561 2098 2598 ne-

513 2649 617 2703 que
649 2636 941 2689 mansuetis
972 2637 1280 2690 hominibus
1307 2648 1455 2707 grata
1489 2645 1596 2691 est.

589 2726 736 2779 Vers.
771 2726 856 2778 52.
895 2726 1033 2779 Tunc
1062 2756 1126 2764 —
1158 2727 1292 2780 Vers.
1320 2729 1408 2780 55.
1448 2729 1687 2781 misertus
1711 2732 1873 2782 sum?
1908 2729 1951 2782 Ο
2000 2732 2100 2782 im-

514 2831 756 2868 mensam
799 2817 1304 2870 mansuetudinem!
1347 2818 1423 2870 Ex
1466 2834 1621 2885 :equo
1673 2819 1938 2886 disceptat
1975 2835 2098 2872 eum

514 2909 694 2974 eiqui
726 2908 870 2960 omni
937 2925 1189 2963 sermone
1246 2911 1498 2979 indignus
1555 2921 1684 2963 est:
1726 2920 1781 2963 et
1833 2912 2100 2980 patienter

513 3013 579 3050 ac
623 2998 816 3051 leuiter
840 3015 961 3052 eum
995 3003 1288 3064 convincit,
1338 3002 1426 3069 qui
1466 3018 1560 3069 per
1609 3017 1666 3055 se
1700 3003 2100 3055 condemnatus

513 3097 616 3150 est,
649 3089 994 3159 ostenditque
1045 3092 1188 3159 quod
1225 3094 1335 3159 ipse
1371 3094 1472 3146 sibi
1512 3093 1611 3161 ipsi
1656 3095 1896 3162 priorem
1935 3094 2099 3147 etiam

513 3177 742 3244 gratiam
773 3178 1060 3243 subvertit,
1092 3189 1143 3231 et
1177 3195 1242 3232 ex
1271 3196 1337 3234 eo
1378 3181 1639 3234 ultionem
1683 3181 1928 3235 adduxit.

587 3263 649 3316 Et
682 3281 811 3318 eum
843 3281 952 3320 non
1015 3279 1197 3336 posset
1226 3270 1458 3334 solvere,
1507 3285 1616 3324 non
1650 3286 1774 3324 eum
1805 3273 2094 3326 scelestum

513 3355 834 3417 nominarit,
876 3357 973 3410 scd
1006 3360 1126 3427 ejus
1156 3361 1336 3426 potius
1387 3361 1645 3413 misertus
1701 3370 1785 3414 est
1820 3380 1831 3414 :
1880 3364 2099 3429 quando

512 3462 643 3500 vero
687 3463 811 3514 erga
837 3463 1156 3502 conservum
1188 3467 1293 3502 non
1342 3460 1424 3504 est
1477 3463 1657 3504 motus
1689 3454 2096 3521 compassionis

512 3534 731 3598 affectu,
759 3545 888 3588 tunc
920 3545 974 3589 et
1001 3537 1288 3591 scelestum
1321 3539 1610 3605 appellavit
1641 3549 1693 3592 et
1727 3541 1954 3607 punivit.

582 3625 882 3681 Audiamus
911 3644 1009 3682 nos
1034 3629 1123 3697 qui
1151 3645 1256 3681 non
1279 3630 1637 3698 compatimur
1666 3641 1720 3684 et
1750 3631 2095 3696 horreamus,

512 3717 749 3770 sciamus
782 3720 924 3787 quod
967 3720 1071 3789 ipsi
1111 3721 1362 3788 nosipsos
1389 3723 1611 3775 omnino
1642 3722 2096 3788 condemnamus,

514 3810 604 3861 1)ρί
641 3811 1073 3864 misericordiam
1109 3827 1270 3879 quam
1307 3828 1434 3880 erga
1469 3827 1569 3866 nos
1598 3815 1843 3870 exhibuit
1873 3823 2099 3871 subver-

512 3905 713 3957 tentes,
761 3907 1137 3964 aalet'numqye
1166 3899 1494 3966 supplicium
1528 3899 1887 3954 attrahentes.

584 3991 734 4043 Vers.
763 3992 848 4044 54.
881 3991 947 4043 Et
976 3992 1602 4047 sibi—totumdebitum.
1639 3993 1753 4047 Hoc
1791 4006 1895 4061 est,
1923 3999 2099 4050 centi-

513 4096 618 4134 nue
651 4093 703 4134 et
739 4097 952 4152 semper
985 4101 996 4146 ;
1032 4094 1215 4151 postea
1255 4084 1399 4137 enim
1464 4101 1741 4154 nunquam
1785 4087 1977 4141 solvet.
2018 4087 2096 4141 Tu

513 4189 644 4227 vero
710 4175 914 4243 reliqua
958 4177 1221 4242 parabolm
1255 4191 1323 4230 ne
1356 4177 1575 4232 curiose
1629 4179 1910 4242 scruteris,
1980 4197 2099 4248 qua:

515 4269 990 4334 persuasibilitutis
1039 4269 1206 4338 gratia
1241 4280 1367 4323 sunt
1416 4283 1794 4339 coassumpta;
1839 4273 1930 4326 sed
1997 4273 2100 4326 hoc

513 4361 686 4410 solum
719 4376 782 4412 ex
815 4375 875 4412 ca
908 4361 1195 4415 manifeste
1239 4363 1470 4428 accipito
1522 4382 1534 4416 :
1575 4375 1800 4432 peccata
1863 4380 1983 4433 qua:
2041 4367 2094 4418 in

515 4447 680 4499 licum
723 4449 1110 4504 committimus
1136 4451 1359 4505 infinitis
1394 4454 1566 4507 modis
1616 4454 1767 4523 plttra
1833 4472 1976 4518 esse,
2012 4455 2095 4508 his

509 4550 628 4601 qua:
661 4536 976 4602 delinquunt
1020 4538 1070 4589 in
1105 4554 1200 4591 nos
1233 4539 1425 4592 fratres
1457 4543 1647 4594 nostri.
1677 4541 1812 4596 Nam
1863 4545 2094 4613 quisque

511 4637 754 4679 nostrum
814 4630 919 4680 Deo
948 4629 1162 4683 debitor
1204 4641 1289 4684 est
1344 4633 1530 4685 decem
1576 4635 1804 4688 millium
1866 4638 2094 4689 talento-

514 4735 654 4780 rum,
702 4722 800 4772 hoc
831 4731 936 4784 est,
983 4721 1134 4774 multi
1168 4737 1232 4775 ac
1293 4724 1470 4792 magni
1526 4741 1651 4778 reus
1686 4727 1888 4792 debiti;
1924 4728 2095 4782 debe-

514 4826 632 4864 mus
664 4812 809 4863 cnim
842 4811 916 4863 illi
941 4812 1136 4867 multas
1161 4829 1461 4882 gravesque
1485 4830 1695 4884 poenas,
1723 4828 1945 4886 prepler
1975 4835 2091 4872 ma-

512 4919 612 4970 gna
657 4902 956 4971 gratiaque
988 4915 1224 4972 peccata.
1261 4904 1502 4973 Quisque
1546 4919 1726 4962 autem
1764 4925 1951 4962 eorum
1999 4910 2091 4978 qui

514 4993 565 5043 in
620 5009 719 5046 nos
770 4994 1136 5061 deliquerunt,
1183 4996 1340 5049 nobis
1373 4997 1586 5052 debitor
1617 5008 1698 5051 est
1742 5010 1959 5053 centum
1997 5001 2092 5053 de—

513 5084 811 5145 nariorum,
847 5084 1093 5138 tidclicet
1131 5088 1277 5154 parvi
1316 5089 1542 5157 vilisque
1575 5090 1766 5154 debiti,
1803 5092 1844 5144 si
1898 5091 2088 5145 Confe-

516 5185 664 5224 r.itur
695 5174 762 5226 ad
797 5173 985 5227 decem
1022 5176 1184 5229 millia
1247 5178 1592 5234 talentorum.
1634 5179 1770 5234 Cum
1801 5195 1929 5250 ergo
1983 5181 2092 5234 Deo

518 5273 662 5315 tanta
701 5265 1015 5329 debeamus,
1057 5267 1158 5320 nisi
1200 5284 1324 5337 erga
1359 5283 1573 5324 nosnos
1625 5271 1903 5324 debitores
1932 5273 2092 5324 misc-

519 5356 746 5408 ricordia
775 5355 854 5408 usi
882 5357 1168 5423 fuerimus,
1227 5361 1606 5417 subvertemus
1631 5366 1789 5416 etiam
1833 5381 1950 5432 qua:
1981 5365 2088 5431 jam

2194 623 2372 674 ἐκεῖνο
2409 623 2466 675 τὸ
2491 621 2684 676 δοκοῦν
2718 623 2976 692 σκληρὸν,
3019 624 3078 676 τὸ
3108 627 3414 694 προστάξαι
3445 628 3775 699 πωληθῆναι

2193 714 2378 774 αὑτὸν,
2413 714 2513 766 οὐκ
2561 714 2669 766 ἀπὸ
2718 713 3086 784 σκληρότητος
3121 711 3294 780 εἶπεν,
3331 718 3445 772 ἀλλ’
3474 719 3562 772 ἴνα
3604 738 3780 772 κατα-

2195 808 2406 876 πτοήσῃ
2437 805 2525 856 τὸν
2553 804 2760 864 δοῦλον,
2807 807 2900 856 καὶ
2946 807 3113 875 πείσῃ
3163 809 3327 860 αὐτὸν
3359 808 3493 878 πρὸς
3541 810 3780 863 ἱκετείαν

2195 898 2288 947 καὶ
2323 897 2671 969 παράκλησιν
2699 898 3031 967 άποῦλέψαι.

2277 985 2965 1054 Ἑξελοὼν-ὀφείλεις,
3006 985 3156 1050 Εἶδες
3199 989 3311 1057 (79)
3351 991 3624 1041 Δεσπὸτου
3658 1007 3694 1056 φ
3724 991 3782 1041 λι

2195 1075 2553 1143 ανθρωπίαν,
2593 1077 2694 1146 ὅρα
2752 1079 2847 1130 καὶ
2910 1079 3096 1131 δούλου
3145 1080 3308 1132 πάλιν
3349 1082 3777 1150 ἀπανθρωπίαν.

2206 1164 2474 1228 Ἐξελθὼν
2509 1167 2620 1236 γὰρ
2670 1167 2855 1231 εὐθὺς,
2894 1167 3062 1232 ἔδειξε
3105 1169 3206 1238 τὴν
3235 1169 3443 1221 οἰκείαν
3476 1171 3780 1239 ἀπήνειαν,

2193 1256 2316 1308 οὐδὲ
2364 1257 2559 1326 καιροῦ
2597 1258 2742 1320 τινὸς
2789 1259 3175 1328 παρελθόντος.

2265 1345 2958 1415 Πεσὼν--όςρειλόμενον.
2983 1349 3120 1402 Οὔτε
3146 1351 3235 1402 οτὺ
3253 1351 3438 1419 σχῆμα
3469 1353 3565 1418 τῆς
3592 1356 3779 1420 ἱκετη-

2199 1437 2316 1504 ρίας
2349 1437 2570 1506 ᾐδέσθη,
2603 1439 2669 1490 δι’
2694 1436 2754 1494 οὗ
2791 1442 2885 1492 καὶ
2915 1442 3079 1504 αὐτὸς
3121 1445 3322 1510 ἐσώθη,
3349 1442 3472 1495 οὔτε
3508 1445 3604 1512 τῆς
3640 1446 3779 1507 ἰδίας

2194 1528 2512 1596 ἀνεμνήσθη
2556 1533 2846 1602 συμφορᾶς
2888 1534 2995 1584 ἀπὸ
3038 1535 3135 1602 τῆς
3173 1533 3404 1602 ὁμοίας·
3447 1535 3564 1587 ἀλλ’
3591 1537 3779 1604 ἔμεινε

2195 1616 2388 1685 θηρίου
2441 1620 2640 1682 παντὸς
2674 1621 2975 1695 ὠμότερος.
3033 1624 3312 1691 Καίτοιγε,
3351 1626 3451 1694 οὐχ¹
3499 1627 3639 1695 ὑπὲρ
3669 1627 3781 1679 τῶν

2197 1707 2328 1762 ἰσων
2365 1705 2433 1779 ἦν
2471 1713 2504 1781 ἡ
2547 1713 2798 1783 ἱκετηρία
2823 1731 2836 1744 ·
2879 1718 2907 1767 6
2947 1719 3044 1784 μὲν
3081 1715 3190 1783 γάρ
3229 1717 3367 1785 ὑπὲρ
3399 1717 3678 1770 ταλάντων
3702 1762 3715 1782 ,
3753 1721 3781 1771 6

2194 1799 2250 1852 δὲ
2286 1800 2428 1871 ὑπὲρ
2457 1801 2731 1871 δηναρίων
2795 1806 3121 1875 παρεκάλει.
3159 1808 3269 1859 Καὶ
3295 1809 3322 1859 6
3358 1807 3460 1875 μὲν
3494 1808 3636 1876 ὑπὲρ
3676 1826 3781 1876 μυ-

2205 1892 2333 1960 ρίων
2354 1931 2370 1954 ,
2400 1895 2427 1944 6
2454 1893 2510 1945 δὲ
2541 1895 2680 1964 ὑπὲρ
2708 1898 2924 1952 ἑκατόν.
2955 1899 3065 1950 Καὶ
3090 1901 3118 1951 ὁ
3152 1900 3252 1968 μὲν
3285 1899 3376 1951 τὸν
3404 1901 3686 1968 Δεσπότην
3712 1940 3723 1960 ,
3756 1902 3783 1952 6

2200 1980 2256 2032 δὲ
2315 1981 2404 2032 τὸν
2449 1981 2763 2050 ὁμόδουλον.
2819 1987 2931 2039 Καὶ
2961 1989 2988 2040 6
3021 1989 3120 2056 μὲν
3178 1988 3447 2058 δεσπότης
3497 1990 3646 2041 ἆπαν
3675 1989 3781 2040 αὑ-

2201 2069 2278 2138 τῷ
2316 2072 2374 2121 τὸ
2410 2071 2522 2138 (80)
2565 2073 2819 2128 τοσοῦτον
2850 2077 3011 2146 χρέος
3057 2079 3270 2147 ἀφῆκεν
3296 2095 3308 2109 ·
3346 2079 3509 2141 αὐτὸς
3552 2079 3609 2132 δὲ
3653 2079 3782 2132 οὐδὲ

2204 2163 2550 2232 προθεσμίαν
2588 2165 2761 2235 μόνην
2803 2167 2881 2236 τῷ
2929 2168 3202 2240 συνδούλῳ
3235 2169 3492 2226 δέδωκεν.

2286 2436 2544 2504 Ἰδόντες
2588 2470 2660 2479 -
2700 2443 2772 2494 τὰ
2813 2444 3126 2511 γενόμενα.
3178 2446 3250 2496 Τὸ
3298 2446 3622 2514 ἀσυμπαθὲς
3668 2449 3779 2518 γάρ

2203 2528 2262 2578 οὐ
2299 2530 2458 2596 μόνον
2489 2531 2565 2599 τῷ
2599 2533 2716 2602 Θεῷ
2747 2536 2996 2604 μισητὸν,
3035 2536 3148 2588 ἀλλ’
3175 2537 3295 2589 οὐδὲ
3325 2542 3436 2592 τοί.
3468 2540 3778 2593 ἐπιεικέσιν

2203 2619 2512 2687 ἀνθρώποις
2547 2623 2800 2685 ἀρεστόν.

2283 2713 2494 2763 Ίϋτε-
2545 2712 2818 2779 ὴλέησαδ
2887 2717 2949 2768 Ὢ
2992 2722 3088 2784 τῆς
3140 2719 3339 2787 πολλῆς
3398 2723 3774 2792 ἡμερότητοςί

2205 2802 2639 2868 Δικαιολογεῖται
2671 2807 2809 2874 πρὸς
2849 2807 2938 2857 τὸν
2964 2809 3184 2873 ἀνάξιον
3230 2813 3388 2878 λόγου
3422 2815 3645 2877 παντὸς,
3680 2817 3778 2867 καὶ

2206 2893 2581 2962 μακροθύμως
2621 2896 2833 2965 ἐλέγχει
2867 2899 2957 2949 τὸν
2993 2902 3463 2973 αὑτοκατάκριτον
3486 2919 3500 2934 ⁶
3537 2906 3632 2958 καὶ
3668 2907 3780 2958 δεί-

2205 3002 2416 3050 κνυσιν,
2453 2987 2533 3038 ὅτι
2570 2987 2732 3050 αὐτὸς
2764 2990 2940 3058 ἑαυτῷ
2987 2995 3080 3044 aut
3135 2994 3233 3063 τὴν
3295 2996 3565 3064 προτέραν
3614 2998 3777 3066 χάριν

2205 3075 2488 3145 ἀνέτρεψε,
2549 3079 2640 3131 καὶ
2689 3081 2788 3150 τὴν
2846 3086 2986 3152 μετά
3027 3086 3184 3136 τοῦτο
3219 3087 3440 3139 κόλασιν
3469 3089 3772 3160 προύξέιη-

2123 3175 2164 3230 C
2202 3183 2259 3217 σε
2290 3165 2426 3233 (81).

2274 3257 2382 3309 Καὶ
2430 3259 2515 3310 ὅτε
2554 3261 2654 3329 μὲν
2697 3263 2796 3314 οὐκ
2831 3258 2974 3332 εἶχεν
3007 3265 3301 3318 ἀποδοῦναι
3359 3269 3418 3319 τδ
3450 3270 3632 3338 χρέος,
3670 3272 3774 3324 οὐκ

2198 3349 2487 3416 ὠνόμασεν
2525 3352 2691 3404 αὑτὸν
2731 3355 2994 3423 πονηρὸν,
3032 3356 3167 3408 ἀλλὰ
3218 3359 3309 3409 καὶ
3352 3359 3553 3427 μᾶλλον
3608 3362 3776 3432 ἠλέη-

2202 3455 2312 3491 σεν·
2340 3441 2427 3492 ὅτε
2464 3442 2520 3495 δὲ
2559 3444 2686 3514 περὶ
2719 3445 2810 3496 τὸν
2841 3445 3126 3498 σύνδουλον
3148 3447 3374 3514 γέγονεν
3407 3450 3771 3519 ἀσυμπαθὴς,

2199 3533 2319 3584 τότε
2374 3536 2470 3586 καὶ
2512 3536 2751 3604 πονηρὸν
2797 3536 3074 3605 ὠνόμασε,
3109 3541 3202 3590 καὶ
3241 3539 3521 3594 ἐκόλασεν.

2283 3626 2638 3695 Ἀκούσωμεν
2674 3630 2723 3679 oi
2781 3629 3134 3698 ἀσυμπαθεῖς
3187 3631 3279 3681 καὶ
3331 3631 3634 3700 φρίξωμεν,
3683 3653 3777 3685 και

2199 3717 2440 3784 γνῶμεν,
2466 3718 2547 3770 ὅτι
2583 3719 2739 3770 αὐτοὶ
2769 3719 2982 3781 πάντως
3026 3721 3258 3782 ἑαυτοὺς
3305 3721 3773 3792 καταδικάζομεν,

2197 3809 2288 3859 τὸν
2338 3810 2418 3870 είς
2459 3812 2606 3879 ἡμᾶς
2657 3811 3130 3881 προγεγενημένον
3162 3812 3309 3864 ἔλεον
3345 3812 3436 3865 τοῦ
3464 3815 3603 3867 Θεοῦ
3638 3819 3774 3870 ἁνα-

2197 3899 2511 3968 τρέποντες,
2567 3901 2660 3953 καὶ
2693 3902 2792 3972 τὴν
2833 3902 3059 3955 αἰωνίαν
3097 3903 3320 3955 κόλασιν
3365 3907 3774 3977 ἐπισπώμενοι.

2271 3991 2380 4042 Καὶ
2406 4021 2467 4031 -—
2490 3990 2612 4045 πᾶν
2629 3993 2694 4044 τὸ
2721 3995 3120 4062 ὀφειλόμενον
3158 3995 3340 4060 αὐτῷ.
3367 3997 3653 4064 Τουτέστι,
3696 4003 3777 4052 δι-

2197 4085 2411 4154 ηνεκῶς
2431 4097 2443 4108 ·
2471 4085 2728 4137 οὐδέποτε
2759 4085 2868 4154 γὰρ
2896 4086 3081 4138 λοιπὸν
3105 4086 3400 4140 ἀποδώσει.
3428 4089 3498 4140 Σὺ
3531 4089 3586 4141 δὲ
3609 4093 3777 4145 τᾶλλα

2202 4175 2302 4242 μὲν
2359 4176 2457 4243 τῆς
2495 4174 2820 4244 παραδολῆς
2877 4176 2953 4243 μὴ
2993 4176 3379 4246 περιεργάζου,
3423 4178 3583 4247 χάριν
3617 4184 3777 4233 πιθα-

2200 4267 2423 4335 νότητος
2464 4267 3032 4337 συμπαραληφθέντα·
3089 4268 3249 4320 τοῦτο
3271 4269 3326 4320 δὲ
3356 4271 3516 4339 μόνον
3549 4274 3615 4324 ὲκ
3641 4275 3776 4325 ταύ-

2199 4376 2293 4427 της
2331 4359 2467 4428 μάθε
2490 4359 2698 4426 σαφῶς,
2728 4360 2810 4411 ὅτι
2832 4357 2898 4411 τὰ
2929 4361 3006 4423 είς
3036 4360 3169 4412 Θεὺν
3198 4362 3579 4431 ἁμαρτήματα
3611 4367 3774 4434 ἡμῶν

2206 4448 2581 4517 μυριοπλάσιά
2612 4451 2717 4500 είσι
2757 4448 2867 4500 τῶν
2897 4451 2976 4511 είς
3001 4451 3149 4517 ἡμᾶς
3199 4451 3621 4522 ἁμαρτημάτων
3667 4457 3775 4508 τῶν

2201 4539 2469 4606 ἀδελφῶν.
2529 4540 2640 4590 Καὶ
2689 4539 2923 4602 ἕκαστος
2985 4541 3085 4608 μὲν
3137 4541 3298 4611 ἡμῶν
3363 4545 3776 4615 χρεωφειλέτης

2201 4634 2318 4684 ἐστὶ
2351 4632 2425 4701 τῷ
2459 4631 2579 4700 Θεῷ
2615 4633 2828 4701 μυρίων
2864 4635 3180 4697 ταλάντων,
3215 4637 3498 4689 τουτέστιν
3539 4638 3780 4691 ὑπεύθυ-

2198 4741 2286 4784 νος
2322 4723 2520 4775 πολλοῦ
2560 4726 2653 4776 καὶ
2696 4727 2932 4794 μεγάλου
2974 4727 3200 4794 χρέουςο
3243 4729 3630 4798 χρεωστοῦμεν
3668 4733 3776 4802 γὰρ

2199 4815 2347 4884 αὑτῷ
2397 4816 2597 4877 πολλὰς
2656 4819 2750 4868 καὶ
2807 4818 3049 4885 μεγάλας
3096 4821 3368 4890 τιμωρίας
3419 4822 3512 4874 ἐπὶ
3562 4824 3776 4888 πολλοῖς

2200 4905 2292 4968 καὶ
2331 4905 2586 4972 μεγάλοις
2622 4907 3054 4974 ἁμαρτήμασιν·
3089 4909 3314 4971 ἕκαστος
3354 4911 3408 4961 δὲ
3443 4911 3552 4962 τῶν
3593 4913 3776 4982 ἁμαρ-

2199 4997 2472 5048 τανόντων
2499 4998 2579 5056 είς
2626 4998 2770 5064 ἡμᾶς
2817 4999 3225 5068 χρεωφειλέτης
3269 5002 3416 5052 ἐστὶν
3459 5002 3590 5071 ἡμῖν
3641 5006 3773 5057 ἐκσ-

2196 5086 2286 5138 τὺν
2326 5085 2618 5155 δηναρίων,
2675 5087 2842 5157 ἣγουν
2888 5089 3070 5157 ὀλίγου
3127 5094 3220 5143 καὶ
3274 5092 3526 5153 εὐτελοῦς
3581 5095 3773 5164 χρέους

2199 5179 2334 5248 πρῖις
2379 5178 2668 5248 σύγκρισιν
2697 5180 2806 5232 τῶν
2844 5183 3059 5252 μυρίων
3109 5185 3407 5237 ταλάντων.
3455 5187 3566 5238 Ka‘t
3612 5188 3694 5238 ὅτι
3723 5188 3770 5238 οἱ

2199 5271 2497 5338 τηλικαῦτα
2558 5272 2635 5341 τῷ
2700 5271 2819 5342 Θεῷ
2877 5276 3301 5343 χρεωστοῦντεε,
3359 5277 3454 5329 ὲάν
3515 5278 3771 5348 φανῶμεν

2201 5363 2337 5431 πρὸς
2370 5366 2497 5425 τοὺς
2532 5367 2707 5433 μικρὰ
2737 5365 3152 5434 χρεωατοῦντας
3198 5369 3331 5438 ημῖν
3384 5369 3771 5441 ἀνελεήμονες,

1707 5544 1902 5604 Variae
1953 5542 2259 5603 lectiones
2304 5551 2365 5604 et
2411 5553 2604 5605 notae.

554 5772 557 5776 γ
597 5701 703 5770 (79)
736 5705 987 5763 l‘leuteuii
1048 5707 1430 5774 interpretatio
1475 5711 1561 5764 hic
1611 5727 1832 5778 prorsus
1883 5713 2090 5766 dissen-

525 5781 607 5828 ιιι.

2277 5711 2386 5778 (80)
2419 5711 2510 5776 Τί,
2535 5712 2736 5764 omittit
2767 5712 2828 5764 Α.

2290 5782 2398 5848 (8|)
2434 5782 2508 5834 lla
2536 5783 2772 5845 correxi,
2812 5783 2930 5836 loro
2959 5782 3273 5854 προξένησε.
