4020 6522
206 426 308 494 513

1046 409 1442 490 COMMENT.
1489 428 1566 488 IN
1613 426 2094 488 ΜΛΤΤΗΑΞΗΜ.
2139 451 2205 461 ’··
2246 426 2406 486 CAP.
2455 426 2615 486 XIX.

3407 429 3514 495 514

215 537 596 608 ἀνατρ’πομεν
649 537 745 589 καὶ
793 536 894 588 ὅσα
946 535 1456 604 προσυπεχώρησεν
1508 535 1624 606 (82)
1672 538 1807 606 ἡμῖν

1924 534 2076 588 nobis
2107 534 2546 604 supplicantibus
2578 535 2868 591 remiserat
2907 544 2998 593 :el
3026 537 3374 608 postmodum
3395 557 3517 595 om-

211 625 446 692 δεηθεῖσι
473 643 485 655 ·
522 627 615 678 καὶ
649 623 837 677 λοιπὸν
873 623 1221 693 ἀσυμπαθῶς
1257 625 1482 678 πάντων
1520 626 1792 679 ἀπαιτου-

209 718 342 786 μεθα
376 718 476 780 τὰς
511 716 764 771 εὐθύνας.
802 717 948 784 Ὀρα
979 716 1088 786 γὰρ
1126 717 1194 769 τὰ
1240 715 1394 786 ἑξῆς.

269 809 474 874 Οὕτως
500 837 570 848 -
591 805 814 862 αὐτῶν.
847 810 946 860 Διὰ
975 807 1166 860 τοῦτον
1203 810 1292 860 τὸν
1325 809 1486 877 λόγον
1518 809 1792 881 συνέθηκε

204 901 294 967 τὴν
325 900 458 969 ὃλην
496 898 840 970 παραϐολὴν,
891 897 1205 968 βεϐαιώσας
1239 898 1432 951 τοῦτον
1473 900 1564 953 διὰ
1614 917 1797 970 παρα-

203 991 522 1057 δείγματος,
556 991 644 1041 ἴνα
704 989 907 1060 μᾶλλον
949 989 1364 1059 εὐπαράδεκτος
1413 991 1662 1059 γένηται.
1707 991 1796 1043 Ἐν

202 1084 341 1153 ἀρχῇ
391 1081 492 1152 μὲν
522 1078 615 1137 οὖν
650 1083 751 1153 τῆς
785 1081 1108 1153 παραϐολῆς
1171 1082 1366 1135 ἐαυτὸν
1395 1079 1518 1135 εἶπε
1569 1083 1798 1152 βασιλέα

200 1178 288 1226 >2".
339 1174 664 1245 3.0-;0'léth'
734 1177 875 1242 μετᾶ
930 1175 1045 1245 (R3)
1084 1176 1146 1226 τὸ
1192 1175 1346 1236 τέλος
1377 1176 1435 1226 δὲ
1468 1176 1676 1245 ταύτης
1717 1173 1799 1244 τῷ

205 1267 378 1334 Πατρὶ
406 1267 507 1334 τὴν
537 1267 790 1332 ἐξουσίαν
818 1267 919 1334 τῆς
962 1267 1242 1329 κολάσεως
1284 1267 1578 1337 ἀνέθηκεν,
1611 1269 1701 1337 ἵνα
1734 1285 1790 1319 τε

203 1356 274 1423 μὴ
323 1356 451 1427 δόξῃ
507 1357 822 1426 κομπάζειν
870 1357 1054 1421 αὐτὸς,
1105 1360 1200 1410 καὶ
1242 1357 1359 1426 ἅμα
1388 1359 1676 1422 δεικνύων,
1717 1362 1799 1414 ὅτι

203 1448 296 1515 μία
333 1448 669 1518 ἀμφοτέροις
701 1449 734 1518 η
764 1448 1007 1512 ἐξουσία.
1038 1449 1112 1500 Τὸ
1161 1450 1240 1513 δέ,
1290 1450 1435 1503 Ἀπὸ
1487 1451 1607 1504 τῶν
1658 1471 1794 1522 καρ-

197 1537 337 1589 διῶν
369 1538 555 1606 ὑμῶν,
593 1539 714 1592 ἀντὶ
743 1539 862 1603 τοῦ,
894 1541 957 1592 ἐκ
989 1541 1237 1611 καρδίας,
1270 1543 1366 1595 καὶ
1427 1542 1504 1613 μὴ
1536 1544 1644 1596 ἀπὸ
1680 1546 1802 1596 στόο

200 1646 370 1697 ματος
407 1631 592 1698 μόνον.

269 1724 379 1776 Καὶ
405 1752 475 1763 —
522 1724 846 1792 Ἰορδάνου.
883 1721 1089 1790 ’,Ηλθεν
1118 1726 1196 1789 είς
1223 1729 1294 1780 τὰ
1325 1727 1473 1797 μέρη
1504 1727 1604 1794 τῆς
1655 1728 1758 1780 ’1ου
1787 1758 1800 1768 ~

197 1817 378 1882 δαίας,
411 1819 552 1872 διότι
578 1819 807 1888 ηγγιζεν
841 1822 868 1872 ὁ
896 1819 1090 1890 καιρὸς
1118 1819 1216 1872 τοῦ
1250 1818 1466 1882 Πάθους
1495 1819 1689 1873 αὐτοῦ.

277 1978 385 2030 Kal
418 2008 486 2017 —
525 1979 669 2032 ἐκεῖ.
732 1980 927 2043 Πάλιν,
981 1979 1057 2042 ὡς
1114 1980 1379 2045 πολλάκις
1413 1982 1650 2052 ἔφημεν,
1693 1983 1803 2037 ἀπὸ

200 2071 297 2136 τῆς
335 2071 694 2134 διδασκαλίας
731 2077 824 2125 ἐπὶ
856 2077 925 2126 τὰ
952 2074 1214 2145 θαύματα
1254 2077 1494 2146 μέτεισι,
1530 2077 1662 2130 ποτὲ
1701 2078 1802 2148 μὲν

199 2162 378 2232 ψυχᾶς
441 2163 787 2234 θεραπεύων,
875 2168 1004 2220 ποτὲ
1065 2167 1122 2220 δὲ
1191 2170 1444 2239 σώματα,
1501 2171 1596 2224 καὶ
1650 2171 1804 2224 ούδὲ-

202 2270 334 2305 ποτε
371 2254 485 2324 (84)
515 2256 763 2324 ἀμελῶν.

206 2367 370 2422 ΚΕΦ.
404 2370 494 2421 Μ’.
536 2371 671 2437 Περὶ
703 2371 822 2425 τῶν
869 2371 1410 2440 ἐπερωτησάντων,
1453 2375 1506 2426 εί
1558 2373 1807 2438 ἔξεστιν

593 2441 906 2495 ἀπολῦσαι
978 2443 1094 2509 τὴν
1140 2447 1420 2513 γυναῖκα.

275 2533 385 2585 Καὶ
415 2535 731 2588 -αιτίαγκ
776 2535 972 2600 Πάλιν,
1010 2537 1214 2599 ίδόντες
1269 2537 1336 2590 τὰ
1388 2536 1648 2607 θαύματα
1707 2540 1802 2590 καὶ

204 2624 304 2694 τὴν
333 2623 571 2695 δύναμιν
602 2626 771 2679 αὑτοῦ
798 2666 813 2690 ,
848 2627 1303 2697 ὲξεθηριὼθησαν
1325 2645 1338 2658 ⁸
1373 2631 1468 2682 καὶ
1505 2631 1627 2682 ἐπεὶ
1661 2630 1808 2699 μέμ-

203 2713 413 2780 ψασθαι
453 2714 567 2776 τοῖς
601 2718 930 2786 πράγμασιν
986 2718 1086 2769 οὐκ
1135 2719 1346 2786 ῐσχυον,
1404 2721 1806 2790 προσέρχονται

208 2803 563 2873 πειράζοντες
593 2808 653 2858 ἐν
693 2807 900 2874 λόγοις,
933 2809 1028 2860 ἐὰν
1061 2809 1171 2877 ἄρα
1205 2808 1516 2877 δυνηθῶσιν
1547 2811 1811 2864 ἐπιλαΰέ-

207 2895 333 2949 σθαι
358 2897 549 2963 αὐτοῦ,
583 2899 765 2951 καίτοι
809 2899 1073 2961 πολλάκις
1104 2899 1266 2952 τοῦτο
1317 2903 1667 2968 ποιήσαντες,
1712 2903 1809 2955 καὶ

211 2989 496 3060 πανταχοῦ
541 2991 864 3062 θαυμασίως
907 2991 1425 3061 ἐπιστομισθέντες.
1479 2994 1620 3046 Ἀλλ’
1653 2993 1808 3047 ἀναί-

211 3100 440 3152 σχυντον
497 3083 669 3148 ὅντως
722 3088 750 3137 ὁ
804 3085 1004 3152 φθόνος
1063 3088 1159 3139 καὶ
1225 3086 1442 3154 ίταμόν.
1493 3087 1809 3155 Ἐρωτῶσιν

212 3175 327 3238 οὖν,
369 3177 420 3228 εί
461 3174 688 3240 ἔξεστιν
720 3175 994 3246 ἀνθρώπῳ
1022 3175 1412 3246 ἁπολῦσαιτὴν
1445 3179 1679 3244 γυναῖκα
1708 3178 1810 3229 αύ-

212 3266 308 3320 τοῦ
343 3268 483 3320 κατὰ
515 3268 701 3321 πᾶσαν
733 3268 940 3322 αἰτίαν.
986 3268 1095 3319 Καὶ
1140 3269 1244 3336 ὅρα
1282 3285 1372 3338 μοι
1416 3270 1516 3338 τὴν
1560 3285 1808 3339 πανουρ-
1836 3239 1880 3299 c

212 3364 359 3431 γίαν.
417 3364 572 3416 Ἐπεὶ
604 3364 716 3434 γὰρ
760 3367 891 3434 περὶ
934 3363 1130 3416 τούτου
1175 3363 1268 3416 τοῦ
1313 3364 1631 3433 ζητήματος
1680 3381 1812 3434 προ-

211 3451 394 3505 λαϐὼν
445 3451 690 3519 ἐδίδαξεν
742 3453 800 3504 ἐν
844 3452 923 3522 τῷ
950 3453 1195 3521 πέμπτῳ
1256 3452 1565 3522 κεφαλαίῳ,
1615 3453 1808 3520 εἰπὼν,

211 3547 293 3597 ὃτι
328 3549 433 3611 Ὃς
455 3545 533 3598 ἂν
558 3547 848 3614 ἀπολύσῃ
873 3545 988 3613 τὴν
1013 3545 1273 3614 γυναῖκα
1297 3547 1486 3600 αὐτοῦ
1513 3549 1812 3614 παρεκτὸς

214 3637 407 3704 λόγου
440 3637 753 3704 πορνείας,
789 3637 948 3689 ποιεῖ
973 3637 1172 3703 αὐτὴν
1211 3634 1567 3706 μοιχᾶσθαι,
1607 3639 1704 3688 καὶ
1743 3636 1814 3689 τὰ

216 3729 366 3798 ἑξῆς·
406 3729 695 3799 ἐνόμισαν,
722 3730 804 3782 δτι
848 3729 1154 3782 ἐπελάθετο
1189 3729 1286 3798 τῆς
1319 3730 1593 3798 τοιαύτης
1663 3730 1814 3783 διδα-

219 3820 469 3881 σκαλίας.
496 3823 585 3874 Διὸ
614 3820 708 3873 καὶ
748 3821 809 3872 ού
855 3821 1099 3888 λέγουσι,
1127 3820 1284 3871 Διατί
1319 3820 1438 3872 τόδε
1476 3820 1590 3892 (85)
1639 3821 1816 3874 ἐδίδα-

217 3913 352 3978 ξας;
385 3912 502 3965 ἀλλ’
535 3913 612 3976 ὡς
657 3913 827 3984 μήπω
873 3915 1004 3984 περὶ
1056 3914 1248 3964 τούτου
1282 3911 1602 3976 διδάξαντα,
1643 3930 1814 3966 κακοε

216 4005 365 4073 ηθως
392 4005 698 4076 ἐρωτῶσιν,
734 4006 843 4071 ἵνα,
877 4008 926 4058 εί
956 4005 1058 4075 μὲν
1089 4005 1244 4078 εἴπῃ,
1280 4006 1362 4058 ὅτι
1397 4006 1634 4071 ἔξεστιν,
1668 4008 1817 4060 ἀντι-

219 4096 510 4164 θήτουσιν,
542 4097 626 4150 δτι
660 4097 768 4148 Καὶ
804 4096 923 4160 πῶς
971 4097 1261 4168 προλαὸὼν
1293 4098 1562 4161 ἐδίδαξας,
1600 4100 1682 4151 ὅτι
1713 4101 1815 4152 ούκ

218 4191 467 4255 ἐξεστιν;
517 4191 565 4242 εί
591 4190 648 4242 δέ
695 4189 848 4260 εἴπῃ,
883 4190 968 4242 ὅτι
993 4193 1094 4243 οὑκ
1121 4190 1334 4254 ἔξεστιν
1363 4232 1378 4255 ,
1425 4191 1816 4260 ἀντιθήσουσιν

220 4281 372 4351 αὐτῷ
417 4281 512 4333 τὸν
543 4281 728 4351 νόμον.
760 4282 1009 4351 Ζήτησον
1043 4282 1098 4334 δέ
1132 4283 1190 4333 ἐν
1220 4280 1300 4350 τῷ
1332 4281 1636 4350 δηλωθέντι
1671 4285 1815 4351 πέμ-

220 4393 340 4441 πτῳ
364 4373 649 4444 κεφαλαίῳ
679 4373 778 4442 τὴν
811 4373 1073 4443 ἐξήγησιν
1103 4373 1220 4436 τοῦ,
1263 4376 1369 4438 ’ος
1402 4372 1478 4426 ἂν
1528 4375 1816 4443 ἀπολύσῃ

222 4467 335 4534 τὴν
375 4465 638 4536 γυναῖκα
682 4466 873 4519 αὐτοῦ
913 4466 1214 4534 παρεκτὸς
1266 4467 1456 4536 λόγου
1505 4469 1813 4534 πορνείας,

219 4558 604 4624 ποιεῖαὺτὴν
659 4556 1015 4627 μοιχᾱσθαι,
1062 4557 1161 4608 καὶ
1195 4559 1418 4628 μαθήσῃ
1461 4557 1661 4629 ῥᾳδίως
1701 4560 1819 4610 ἐκεῖ

224 4658 318 4704 καὶ
353 4653 447 4703 τὸν
477 4652 666 4719 νόμον,
700 4653 790 4703 καὶ
819 4651 919 4720 τὴν
943 4651 1149 4713 αἰτίαν,
1212 4630 1279 4701 δι’
1321 4653 1386 4720 ἣν
1420 4651 1816 4720 ἐνομοθετήθη.

226 4745 289 4795 'l't'
324 4741 420 4797 οὖν
463 4745 491 4795 δ
519 4744 616 4806 τὰς
660 4744 1003 4811 πανουργίας
1035 4743 1131 4793 καὶ
1161 4743 1228 4793 τὰ
1267 4742 1582 4810 σοφίσματα
1611 4743 1822 4794 τούτων

222 4838 471 4909 ἀκριϐῶς
500 4837 907 4904 ἐπιστάμενοςς

311 4931 376 4983 '0
410 4929 476 4981 δὲ
503 4957 567 4967 —
593 4927 818 4990 αὐτούς
846 4966 858 4978 .
915 4925 1160 4986 Ἀύτοὶς,
1213 4923 1417 4994 δηλαδὴ
1445 4925 1570 4986 τοὺς
1611 4923 1819 4995 ἀνθρώ·

232 5040 387 5082 πους.

231 5114 504 5187 [ενέσεως
537 5112 876 5182 γέγραπται.
913 5110 985 5162 Σὺ
1026 5109 1083 5161 δὲ
1132 5108 1418 5174 θαύμασον
1469 5110 1571 5178 τὴν
1617 5110 1822 5180 ἡμερό.

230 5225 370 5277 τητα
401 5207 496 5258 τοῦ
529 5204 807 5257 Δεσπότου
829 5245 843 5268 ,
882 5203 1000 5263 πῶς
1023 5242 1037 5266 ,
1070 5202 1233 5269 γνοὺς
1256 5242 1270 5263 ,
1308 5202 1392 5252 ὅτι
1429 5201 1788 5270 πειράζουσιν
1809 5245 1824 5269 ,

232 5302 330 5352 οὐκ
355 5296 501 5363 εἷπε,
541 5296 604 5350 Τί
633 5316 704 5365 με
759 5297 1086 5364 πειράζετε,
1133 5297 1270 5364 ὅπερ
1304 5298 1359 5347 ἐν
1414 5295 1597 5359 ἄλλοις
1631 5298 1824 5367 εἴρηκε

309 5445 348 5475 ³⁸
387 5441 584 5498 Matth.
618 5458 668 5504 γ,
695 5440 785 5493 '52.
864 5441 908 5470 "
942 5437 1076 5492 Gen.
1111 5455 1173 5502 tl,
1206 5438 1299 5491 Si.

453 5023 620 5073 Τουτὶ
678 5018 778 5088 μὲν
835 5013 928 5069 οὖν
973 5017 1036 5068 τὸ
1096 5017 1261 5086 ῥητὸν
1314 5018 1372 5068 ἐν
1427 5019 1495 5086 τῇ
1529 5015 1701 5086 βίϐλῳ
1723 5019 1824 5085 τῆς

1906 627 2056 678 nium
2094 642 2268 694 preme
2299 642 2327 680 a
2357 627 2513 681 nobis
2544 627 2662 680 sine
2693 627 2800 682 ulla
2840 628 3228 699 contpassione
3252 639 3519 701 expeten-

1907 726 1995 769 ιιι·
2050 715 2187 771 Vile
2226 718 2372 771 enim
2422 735 2545 787 quae
2575 729 2904 787 sequuntur.

1978 804 2132 860 νει-ε.
2172 807 2261 860 55.
2299 806 2389 861 Sic
2423 837 2490 847 -
2515 807 2994 879 illorum.Propter
3021 809 3171 864 hunc
3201 825 3517 865 sermonem

1907 901 2076 949 totain
2105 895 2418 968 composuit
2450 899 2794 967 parabolam,
2841 900 3097 970 exemplo
3132 900 3282 955 illum
3319 905 3520 956 contir-

1907 1001 2085 1048 mans,
2128 1004 2238 1056 quo
2270 982 2487 1044 facilius
2521 990 2882 1058 reciperetur.
2917 975 2998 1042 'ln
3035 989 3310 1060 principio
3342 993 3518 1061 siqui-

1905 1077 2030 1132 dem
2081 1079 2354 1148 parabolae
2394 1080 2634 1149 seipsum
2678 1081 2862 1149 posuit
2893 1095 3078 1151 regem
3136 1096 3200 1134 ac
3244 1081 3520 1150 legislato-

1911 1184 2025 1222 rem
2057 1186 2068 1221 :
2109 1178 2232 1238 post
2262 1169 2426 1224 ﬁnem
2464 1184 2596 1224 vero
2621 1172 2815 1240 ipsius,
2848 1170 2998 1224 Patri
3029 1171 3252 1226 ultionis
3279 1174 3521 1226 auctori-

1910 1265 2074 1309 tatem
2109 1257 2388 1324 attribuit,
2442 1272 2512 1311 ne
2537 1244 2910 1334 iactabundus
2957 1259 3074 1328 ipse
3103 1258 3408 1323 videretur,
3438 1263 3519 1314 si-

1909 1348 2134 1415 mulque
2180 1351 2489 1403 ostendens
2537 1365 2702 1403 unam
2738 1350 3027 1420 utriusque
3071 1365 3194 1405 esse
3224 1352 3520 1406 auctorita-

1912 1449 2042 1492 tem.
2108 1439 2185 1493 De
2234 1442 2498 1495 cordibus
2581 1441 2782 1496 vestris
2840 1451 3049 1508 autem,
3097 1441 3202 1494 hoc
3274 1452 3382 1507 est,
3450 1457 3520 1496 ex

1910 1531 2096 1594 corde,
2147 1541 2204 1585 et
2232 1547 2344 1586 non
2375 1543 2587 1587 tantum
2617 1536 2688 1588 ab
2719 1547 2838 1592 ore.

1980 1715 2135 1770 CAP.
2161 1716 2477 1773 XIX.Vers.
2509 1719 2559 1771 l.
2588 1717 2654 1772 Et
2671 1717 3050 1773 —-.Iordauem.
3071 1718 3229 1772 Venit
3257 1718 3312 1772 in
3341 1728 3522 1775 extre-

1914 1828 2031 1866 mas
2073 1813 2279 1868 Judaeze
2324 1823 2530 1883 partes,
2599 1816 2729 1878 quia
2785 1815 3028 1868 instabat
3077 1823 3294 1884 tempus
3339 1813 3522 1869 Passi-

1828 1903 1872 1958 B
1900 1907 2022 1961 onis
2051 1907 2242 1978 ipsius.

1982 1999 2138 2054 Vers.
2199 1999 2256 2054 2.
2304 1999 2372 2052 Et
2419 2029 2488 2041 —
2541 1999 2637 2052 ibi.
2680 1999 2946 2064 Rursum,
2976 2009 3035 2053 ut
3071 1997 3389 2067 frequenter
3438 1999 3524 2052 tli-

1906 2095 2110 2158 ximus,
2157 2093 2460 2148 adoctriua
2494 2091 2692 2146 transit
2718 2091 2784 2145 ad
2811 2090 3073 2144 miracula
3129 2107 3143 2144 :
3189 2091 3521 2159 quandoque

1908 2202 2110 2242 curans
2157 2185 2394 2249 animas,
2447 2183 2722 2238 interdunt
2777 2197 2907 2238 vero
2963 2196 3219 2252 corpore,
3259 2192 3316 2236 et
3379 2182 3519 2236 tnhil

1909 2295 2152 2350 unquam
2196 2278 2499 2350 negligens.

1983 2391 2138 2445 CAP.
2210 2388 2323 2441 XL.
2410 2387 2488 2440 De
2538 2385 3020 2456 interrogantibus,
3083 2395 3262 2438 utrum
3326 2385 3446 2440 licet

2167 2459 2372 2512 homini
2407 2459 2695 2511 divortium
2738 2461 2910 2527 [acere
2938 2473 3058 2509 cum
3085 2473 3270 2510 uxore.

1989 2551 2142 2606 Vers.
2204 2553 2257 2606 5.
2317 2549 2384 2603 Et
2445 2580 2517 2590 —
2555 2552 2772 2604 causa?
2816 2549 3233 2614 Rursum,visis
3285 2548 3524 2603 miracu-

1911 2645 1978 2700 lis
2025 2659 2087 2698 ac
2123 2647 2323 2698 virtute
2375 2645 2541 2710 illius,
2576 2642 2792 2697 efferati
2836 2641 3058 2696 fuerant
3090 2652 3182 2695 :et
3212 2644 3338 2710 quia
3380 2643 3525 2698 facta

1911 2736 2032 2804 ejus
2062 2734 2474 2804 reprehendere
2508 2749 2617 2788 non
2663 2742 2948 2804 peierarit,
2989 2730 3272 2798 accedunt.
3310 2741 3527 2786 tentan-

1914 2833 1996 2878 tes
2039 2841 2109 2877 an
2137 2828 2188 2877 in
2217 2825 2570 2879 sermonibus
2601 2803 2730 2877 eum
2764 2831 2989 2892 possent
3022 2822 3522 2890 comprehendere:

1912 2933 2149 2987 cumque
2181 2918 2235 2971 id
2302 2932 2452 2986 saepe
2497 2915 2781 2979 fecissent,
2839 2924 2894 2968 et
2959 2916 3161 2983 ubique
3199 2917 3527 2970 mirabiliter

1914 3009 2230 3079 impositum
2267 3009 2399 3078 ipsis
2430 3007 2628 3066 fuisset
2651 3006 2953 3074 silentium,
3006 3005 3299 3075 impudens
3343 3023 3528 3060 tamen

1915 3116 1978 3156 ac
2034 3101 2283 3170 improba
2316 3108 2437 3154 erat
2473 3115 2666 3154 eorum
2713 3099 2943 3154 invidia.
2991 3097 3331 3169 lutei'rugani
3368 3115 3525 3170 ergo,

1915 3196 1959 3249 si
2030 3193 2195 3248 liceat
2267 3193 2479 3247 homini
2558 3192 2857 3246 divortium
2923 3193 3102 3244 lacrre
3164 3206 3287 3244 cum
3360 3207 3530 3245 uxnre

1914 3299 2013 3337 sua
2040 3299 2105 3337 ex
2137 3280 2382 3351 qualibet
2413 3295 2600 3336 causa.
2647 3280 2714 3333 Et
2748 3278 3036 3333 considera
3068 3279 3202 3331 mihi
3224 3279 3478 3332 astutiam
3509 3294 3528 3335 :

1912 3374 2039 3440 quia
2065 3373 2210 3424 enim
2265 3371 2333 3424 de
2383 3370 2489 3422 hoc
2543 3368 2774 3436 quaesito
2827 3369 2881 3420 in
2934 3368 3378 3436 praecedentibus
3427 3368 3530 3421 do-

1914 3467 2130 3524 cuerat,
2172 3457 2368 3526 quinto
2400 3457 2657 3510 videlicet
2705 3455 2905 3524 capite,
2948 3455 3179 3508 dicens:
3224 3453 3530 3524 Quicunque

1915 3552 2274 3620 repudiaverit
2301 3565 2519 3602 uxorem
2555 3565 2712 3602 suam
2754 3557 2978 3615 excepta
3011 3563 3172 3600 causa
3213 3549 3531 3616 fornicatio-

1919 3645 2023 3710 nis,
2080 3645 2209 3713 facit
2262 3659 2377 3694 eam
2423 3641 2728 3692 adulteram
2762 3655 2870 3692 esse
2911 3639 2978 3703 ",
3011 3647 3148 3702 etc.,
3200 3649 3530 3708 putaverunt

1917 3754 2042 3792 eum
2111 3738 2415 3791 doctrinam
2481 3736 2630 3789 illam
2699 3735 2964 3791 onlivioni
3035 3735 3347 3791 tradidisse.
3403 3737 3531 3790 ldco

1918 3836 2082 3886 etiam
2111 3844 2220 3883 non
2239 3832 2452 3893 dicunt,
2485 3829 2667 3895 Quare
2699 3829 2804 3884 hec
2829 3828 3106 3883 docuisti?
3152 3829 3246 3883 sed
3276 3831 3432 3898 quasi
3464 3830 3532 3882 de

1920 3927 2024 3977 line
2047 3926 2293 3978 nondum
2328 3923 2630 3988 docuisset,
2663 3937 2830 3990 pravo
2856 3936 3009 3976 more
3043 3935 3144 3974 suo
3170 3921 3532 3991 interrogant,

1921 4028 1978 4069 ut
2022 4018 2066 4070 si
2098 4015 2262 4068 licere
2314 4015 2543 4078 diceret,
2604 4023 2946 4083 opponerent
2980 4014 3228 4068 dicentes
3257 4031 3270 4066 :
3303 4012 3369 4066 Et
3399 4030 3532 4081 qun-

1922 4109 2082 4161 tnodn
2119 4109 2173 4160 in
2209 4106 2649 4177 praeedentibus
2679 4105 2912 4160 docuisti
2938 4120 3045 4158 non
3079 4105 3286 4159 licere?
3328 4105 3372 4158 si
3405 4121 3534 4159 vero

1920 4202 2131 4256 diceret
2171 4215 2284 4255 non
2334 4201 2523 4264 licere,
2582 4213 2925 4268 opponerent
2959 4199 3060 4268 ipsi
3094 4199 3290 4268 legem.
3354 4202 3534 4262 (.luare

1921 4306 2103 4349 autem
2140 4294 2400 4360 praedicto
2439 4294 2630 4362 quinto
2659 4292 2835 4362 capite
2863 4293 2991 4346 dicti
3034 4292 3182 4346 illius
3224 4294 3534 4345 enarratio-

1922 4405 2048 4442 nem
2089 4404 2102 4440 :
2140 4385 2469 4454 Quicumque
2505 4386 2860 4454 repudiarerit
2893 4401 3104 4436 uxorem
3125 4394 3336 4451 excepta
3367 4399 3533 4435 causa

1922 4477 2316 4547 fornicationis,
2374 4475 2648 4545 [aciteam
2699 4471 2996 4525 adulteram
3054 4487 3184 4532 esse,
3231 4470 3416 4538 ibique
3479 4477 3534 4522 et

1925 4569 2099 4637 legem
2119 4565 2270 4618 laeile
2298 4565 2476 4618 disces
2503 4573 2558 4617 et
2579 4578 2800 4617 causam
2820 4563 2888 4614 ob
2907 4577 3068 4630 quam
3097 4569 3362 4614 statutum
3392 4574 3530 4613 erat.

1928 4660 2070 4725 Quid
2126 4675 2254 4728 ergo
2299 4658 2555 4711 Christus
2608 4657 2701 4726 qui
2760 4660 2954 4708 horum
2997 4655 3228 4707 astutias
3280 4669 3342 4707 ac
3377 4655 3534 4709 dolos

1927 4754 2168 4823 perfecte
2207 4762 2436 4805 noverat
2469 4751 2492 4802 ?

2007 4922 2160 4976 Vers.
2235 4923 2289 4976 4.
2354 4922 2420 4972 At
2474 4917 2565 4971 ille
2633 4948 2700 4957 -——
2751 4934 2838 4970 eos
2875 4919 2898 4972 ?
2937 4917 3042 4969 Eos
3111 4916 3366 4970 videlicet
3429 4917 3530 4970 ho-

1933 5017 2124 5070 mines.
2148 5015 2262 5068 Hoc
2295 5023 2479 5066 autem
2510 5011 2733 5065 verbum
2763 5011 2813 5062 in
2841 5011 2978 5062 libro
3007 5009 3237 5063 Genesis
3263 5009 3532 5076 scriptum

1934 5112 2085 5163 est".
2118 5106 2202 5160 Tu
2247 5124 2376 5160 vero
2411 5105 2684 5160 admirare
2730 5102 2943 5156 Domini
2997 5103 3476 5156 mansuetudinem
3515 5141 3530 5166 ,

1934 5205 2208 5270 quomodo
2259 5201 2440 5256 sciens
2495 5199 2640 5268 quod
2677 5213 2803 5251 eum
2865 5207 3163 5260 tentarent,
3201 5211 3307 5248 non
3353 5195 3529 5248 dixit:

1938 5295 2072 5362 Quid
2125 5311 2204 5346 me
2236 5293 2451 5346 teulali‘s
2484 5289 2680 5358 ?quod
2727 5286 2855 5341 alibi
2893 5286 3030 5341 dixit
3069 5286 3136 5338 ad
3166 5300 3261 5339 eos
3290 5283 3332 5313 ⁸³
3355 5323 3369 5348 ,
3433 5298 3533 5334 ne-

1412 5436 1458 5468 ³³
1487 5436 1678 5494 Matth.
1707 5456 1841 5509 nu,
1874 5443 1957 5498 18.

1405 5577 1609 5638 Varias
1656 5575 1967 5640 lectiones
2013 5585 2073 5638 et
2118 5585 2310 5638 notio.

313 5708 424 5776 (81)
465 5708 502 5758 ll
517 5725 635 5776 ροσε
646 5705 866 5776 πεχώρη
878 5723 989 5756 σεν.
1024 5705 1084 5757 Β.

313 5773 424 5847 (85)
457 5773 592 5832 (Σὺιιι
624 5773 982 5847 haecquoque
1012 5773 1415 5847 pertineantatl
1438 5773 1601 5847 istam
1643 5791 1822 5847 παρα-

247 5844 426 5917 εοὶζὴν,
461 5849 641 5901 malini
678 5844 818 5900 κατα
855 5849 913 5898 τὸ
935 5847 1106 5906 τέλος.
1149 5845 1400 5917 Itaenim
1438 5844 1594 5917 loqui
1619 5845 1821 5917 solent.

249 5913 374 5973 Sed
406 5920 535 5974 illud
589 5933 804 5989 quoque
853 5918 1142 5972 ferendum
1207 5913 1822 5986 videbitur.’E1uidctn

1934 5703 2276 5771 scripsissem
2307 5701 2419 5765 ἐπὶ,
2453 5710 2548 5753 aut
2583 5700 2722 5771 πρὸς
2743 5695 2829 5771 -τῷ
2860 5693 3026 5771 τέλειΖ

2009 5762 2120 5839 (84)
2165 5762 2638 5838 Ιηι‹·ι-νοιιριιι1ιιιιὶ
2669 5762 2903 5829 videtur,
2937 5762 3248 5833 οὐδετέρου.

2010 5844 2122 5914 (85)
2161 5843 2315 5894 Aturi
2349 5844 2492 5906 τότε,
2522 5845 2584 5893 Α.
