4020 6542
485 433 588 498 519

549 543 706 599 Vera.
739 543 822 600 Η.
853 542 953 597 Ille
980 572 1045 583 —--
1068 541 1224 610 hujus
1242 541 1386 594 dicti.
1411 541 1531 595 Non
1556 555 1748 595 omnes
1769 541 2079 610 suscipiunt
2107 545 2152 600 Α

478 637 630 694 hunc
683 649 989 690 sermonem
1023 633 1090 686 de
1140 649 1250 686 non
1286 631 1666 687 contrahendo
1688 631 2073 697 mairimouio;

479 747 592 787 non
623 743 815 784 omnes
855 729 1058 780 lerunt.
1103 725 1295 794 Magna
1351 726 1497 780 enim
1532 741 1618 780 res
1649 735 1733 781 est
1763 726 2071 789 caelibatus,

480 838 582 877 nec
611 822 678 874 ab
705 817 962 873 omnibus
990 816 1123 871 ferri
1149 826 1346 887 potest.

552 910 710 964 Vcrs.
760 907 841 962 Η.
878 905 985 961 Sed
1009 907 1196 976 quibus
1225 907 1410 958 datum
1446 915 1544 959 est.
1599 904 1708 958 Soli
1751 903 1828 957 illi
1859 917 2072 957 sermo-

478 1018 606 1055 nem
651 1001 798 1054 hunc
833 1000 1142 1068 suscipiunt
1193 1007 1248 1052 et
1280 1001 1486 1061 ferunt,
1530 997 1729 1066 quibus
1756 995 1940 1049 datum
1989 1003 2074 1049 est

477 1097 580 1146 hoc
620 1093 823 1146 donum
855 1107 884 1144 a
916 1091 1058 1156 Deo;
1092 1091 1278 1144 datum
1305 1100 1390 1144 est
1418 1098 1598 1142 autem
1634 1089 1719 1144 his
1743 1090 1834 1159 qui
1866 1090 2072 1156 petive-

474 1194 624 1237 runt.
666 1183 832 1237 Petita
859 1183 1027 1248 enim,
1057 1182 1152 1247 ait,
1183 1191 1232 1234 et
1271 1181 1488 1233 dabitur
1517 1181 1656 1235 vobis
1691 1182 1736 1212 ³⁸
1764 1198 1778 1240 :
1829 1179 2071 1250 petenti-

473 1273 600 1338 bus,
663 1273 906 1341 inquam,
963 1289 1072 1326 non
1118 1271 1460 1341 simpliciter,
1522 1271 1616 1324 sed
1675 1271 1955 1325 ferventer
2015 1278 2071 1324 et

475 1375 932 1432 perseveranter:
961 1373 1047 1429 et,
1089 1372 1149 1416 ut
1205 1363 1371 1417 semel
1418 1364 1619 1428 dicam,
1653 1373 1794 1417 sicut
1832 1372 2067 1431 Oportet.

474 1456 851 1526 Signiﬁcatum
884 1467 964 1512 est
988 1472 1119 1527 ergo
1147 1456 1518 1528 virginitatem
1567 1455 1660 1510 Dei
1685 1455 1888 1510 donum
1924 1469 2067 1518 esse,

474 1551 657 1604 datum
700 1551 785 1604 bis
824 1551 914 1620 qui
947 1560 1163 1621 petunt,
1209 1561 1264 1605 ut
1302 1560 1534 1622 oportet.

549 1643 706 1700 Vera.
744 1643 831 1698 12.
865 1641 997 1699 Sunt
1033 1674 1102 1684 —
1125 1645 1398 1698 malorum.
1452 1642 1589 1710 Quia
1612 1642 1679 1697 de
1712 1640 1960 1697 caelibatu
1987 1639 2069 1693 in-

473 1734 609 1788 cidit
637 1750 840 1800 sermo,
874 1735 1032 1790 docet
1069 1752 1215 1788 nune
1244 1735 1313 1789 de
1349 1734 1601 1803 innuptis
1634 1750 1648 1799 ;
1705 1742 1760 1787 et
1791 1731 1892 1786 tria
1927 1745 2066 1784 enu-

474 1834 648 1879 merat
672 1841 874 1896 genera
893 1825 1295 1890 cunuchorum,
1326 1840 1557 1894 quorum
1597 1823 1834 1892 primum
1859 1821 2065 1874 nullam

1753 433 2140 496 EUTHYMII
2180 431 2544 492 ZIGABENI

2265 540 2329 590 '0
2358 569 2429 579 —
2455 538 2562 592 τὸν
2593 539 2783 606 λόγον
2805 535 3042 591 τοῦτον.
3075 537 3149 592 Οὐ
3183 537 3382 601 πάντες
3429 540 3771 610 παραδέχου-

2181 647 2270 683 ται
2299 630 2392 683 τὸν
2448 630 2607 697 λόγον
2647 629 2856 694 τοῦτον,
2907 629 2999 682 τὸν
3049 629 3180 701 περὶ
3220 629 3316 683 τοῦ
3364 631 3438 701 μὴ
3467 633 3664 700 γῆμαι,
3705 635 3769 684 ού

2179 724 2385 786 πάντες
2410 721 2767 792 βαστάζουσι.
2796 721 2958 789 Μέία
2981 722 3090 791 γάρ
3119 723 3151 792 ὴ
3175 723 3408 793 ἀγαμία,
3448 723 3545 777 καὶ
3567 724 3774 792 ὀλίγοις

2179 816 2440 886 φορητόν.

2261 907 2425 960 Ἀλλ’
2449 902 2541 970 οἷς
2562 902 2822 958 δέδοται.
2866 903 3097 958 Ἐκεῖνοι
3150 906 3299 976 μόνοι
3328 906 3419 959 τὸν
3459 908 3616 970 λόεον
3651 908 3778 960 τοῦ·

2177 1014 2270 1050 τον
2291 997 2693 1067 παραδέχονται
2725 995 2818 1049 καὶ
2852 993 3241 1064 βαστάζουσιν,
3268 991 3350 1059 οἷς
3378 996 3592 1051 δέδοται
3611 997 3775 1050 τοῦτο

2175 1092 2237 1135 το
2268 1092 2441 1156 δωρον
2470 1084 2622 1156 παρὰ
2655 1084 2790 1137 Θεοῦ
2815 1100 2827 1114 ·
2859 1083 3071 1138 δέδοται
3105 1083 3162 1136 δὲ
3199 1086 3515 1154 αἰτήσασιν.
3537 1087 3768 1141 Αἰτεῖτε

2176 1176 2284 1243 γάρ
2307 1215 2320 1237 ν
2355 1175 2492 1244 φησι
2514 1215 2528 1239 ,
2562 1174 2660 1227 καί
2696 1173 3021 1238 δοθήσεται
3058 1173 3202 1242 ὑμῖν
3227 1190 3239 1203 ⁸
3271 1175 3534 1245 αἰτήσασι
3571 1177 3630 1230 δέ
3672 1178 3772 1244 οὐχ

2175 1264 2384 1328 ἁπλῶς,
2419 1265 2556 1318 ἀλλά
2590 1264 2808 1334 θερμῶς
2852 1267 2943 1317 καὶ
2977 1265 3279 1332 ἐπιμόνως,
3311 1266 3408 1317 καὶ
3468 1266 3658 1330 απλῶς
3691 1269 3770 1317 εί-

2176 1373 2322 1418 πειν,
2388 1373 2464 1420 ως
2519 1359 2646 1427 χρή.
2699 1357 3019 1426 Σημείωσαι
3082 1357 3160 1421 δὲ,
3215 1359 3297 1411 ὅτι
3343 1357 3478 1410 Θεοῦ
3526 1358 3766 1428 δῶρονή

2172 1445 2466 1516 παρθενία,
2513 1445 2769 1518 διδομένη
2800 1447 2911 1509 τοῖς
2940 1445 3207 1512 αἰτοῦσιν,
3244 1446 3319 1509 ὡς
3352 1447 3478 1518 χρή.

2243 1629 2377 1684 Εἰσί
2419 1660 2491 1670 -
2531 1630 2830 1698 οίιρανῶν.
2880 1630 3102 1700 Ἐπειδὴ
3162 1630 3292 1701 περὶ
3364 1631 3611 1700 ἀταμίας
3678 1634 3765 1684 ἐν·

2171 1722 2337 1776 έπεσε
2368 1723 2526 1790 λόγος
2559 1723 2695 1793 (91),
2731 1723 2972 1776 διδάσκει
2997 1723 3184 1777 λοιπὸν
3212 1723 3341 1793 περὶ
3371 1725 3477 1777 τῶν
3505 1725 3763 1795 ἀγάμων,

2170 1817 2265 1869 καὶ
2327 1815 2723 1887 άπαριθμείται
2768 1816 2896 1885 τρία
2949 1816 3065 1887 εἴδη
3113 1817 3221 1870 τῶν
3256 1817 3548 1888 εὐνούχων,
3589 1836 3663 1872 ων
3694 1820 3756 1872 τὸ

474 1913 710 1968 sustinet
750 1915 1105 1978 calumniam,
1140 1913 1443 1967 secundum
1470 1922 1653 1966 autem
1696 1912 2058 1981 vituperatur,

2173 1907 2392 1977 πρῶτον
2441 1884 2555 1977 μέν-
2587 1884 2910 1979 ἀδιάϐλητον
2958 1884 3076 1962 ἐστι
3123 1911 3186 1962 τὸ
3233 1884 3488 1982 δεύτερον
3533 1912 3590 1964 δὲ
3641 1912 3763 1964 δια-

471 2004 690 2059 tertium
749 2020 879 2059 vero
918 2005 1187 2059 laudabile
1235 2015 1320 2058 est
1353 2021 1367 2058 :
1399 2019 1589 2058 eorum
1666 2002 1922 2057 videlicet
1973 2001 2064 2071 qui

467 2097 683 2167 seipsos
740 2109 1148 2162 castraverunt,
1199 2109 1258 2153 ut
1285 2115 1514 2167 regnum
1549 2097 1814 2152 calorum
1859 2111 2063 2151 conse-

467 2195 789 2254 querentur,
823 2200 933 2239 non
966 2185 1228 2239 novacula
1284 2185 1461 2239 ferrea
1515 2195 1839 2240 exsccantes
1859 2184 2066 2254 genita-

468 2276 570 2330 lia.
607 2279 701 2331 sed
742 2278 1082 2332 continentia
1130 2279 1401 2334 insaniam
1433 2277 1896 2346 concupiscentia
1946 2291 2066 2328 am-

469 2378 752 2437 putautes,
810 2379 866 2423 et
925 2384 1113 2423 amore
1186 2371 1535 2439 virginitatis,
1584 2370 1762 2425 coitus
1821 2382 2062 2421 amorem

462 2469 835 2510 emarcescere
869 2455 1136 2510 sinentes.
1181 2455 1428 2520 Quorum
1469 2457 1617 2509 enim
1663 2465 1912 2510 naturam
1945 2470 2062 2507 ma-

464 2561 570 2600 nus
607 2544 843 2599 humana
885 2545 1311 2611 transformavit,
1358 2545 1672 2616 ferrumque
1720 2546 2058 2614 depravavit,

463 2647 572 2685 non
640 2641 849 2685 tantum
883 2633 953 2686 ob
987 2641 1259 2686 servatam
1317 2631 1690 2702 virginitatem
1738 2631 2060 2697 laudantur,

461 2731 726 2790 quantum
761 2722 816 2776 hi
851 2723 946 2791 qui
979 2723 1147 2777 veluti
1198 2723 1443 2778 libidinis
1485 2725 1746 2786 accusati,
1798 2723 2060 2777 ultionem

460 2823 828 2884 susceperunt
866 2815 1041 2882 (mm),
1089 2830 1209 2884 quae
1261 2815 1317 2868 id
1362 2817 1528 2870 etiam
1581 2817 1785 2880 vincat,
1842 2816 1984 2884 quod
2028 2828 2058 2868 a

459 2906 608 2960 ferro
635 2917 720 2961 est
746 2906 1033 2960 auxilium.

527 3016 565 3085 ’ὶ-
596 3017 888 3088 Gregorius
913 3018 1222 3089 Theologus
1259 3037 1270 3072 :
1307 3019 1373 3074 lli
1408 3023 1630 3091 quidem
1667 3033 1861 3078 natura
1895 3023 2056 3078 incli-

458 3120 660 3160 nantur
699 3108 765 3162 ad
790 3111 1019 3164 bonum.
1075 3111 1211 3166 Cum
1248 3123 1432 3167 autem
1467 3115 1590 3169 dico
1620 3125 1893 3181 naturam,
1944 3133 2050 3171 non

2171 1999 2509 2068 ϐεϐλημένον
2532 2016 2546 2030 ·
2577 2000 2640 2053 τὸ
2670 2001 2726 2053 δέ
2759 2002 2946 2072 τρίτον
2978 2004 3268 2056 ἐπαινετὸν
3291 2047 3305 2070 ,
3339 2006 3538 2070 οἵτινες
3570 2006 3762 2059 εὐνού-

2170 2109 2328 2160 χισαν
2361 2092 2611 2156 ἑαυτοὺς,
2643 2093 2728 2145 ἵνα
2760 2092 2971 2163 τύχωσι
3011 2095 3112 2164 τῆς
3143 2095 3422 2165 βασιλείας
3453 2098 3562 2150 τῶν
3588 2099 3762 2169 οὖρα-

2169 2185 2301 2250 νῶν,
2318 2184 2379 2235 οὐ
2401 2183 2546 2256 ξυρῷ
2563 2185 2785 2255 σιδήρου
2808 2185 2876 2237 τά
2900 2186 3198 2254 παιδογόνα
3220 2189 3384 2258 μόρια
3405 2190 3760 2258 ἐκτεμόντες.

2173 2277 2309 2330 άλλά
2344 2277 2495 2347 ξυρῴ
2525 2278 2885 2348 σωφροσύνης
2923 2279 3018 2331 τὸν
3048 2275 3264 2349 οἶστρον
3301 2281 3400 2351 τῆς
3455 2282 3763 2352 ἐπιθυμίας

2168 2371 2568 2440 ἀποκόψαντες,
2615 2372 2709 2424 καὶ
2745 2371 2910 2442 ἔρωτι
2948 2373 3251 2441 παρθενίας
3283 2377 3376 2428 τὸν
3424 2375 3602 2446 ἔρωτα
3657 2375 3762 2446 τῆς

2169 2464 2452 2526 συνουσίας
2503 2465 3014 2534 καταμαράναντες.
3084 2459 3184 2518 Ὧν
3251 2466 3359 2536 γάρ
3438 2467 3537 2537 τὴν
3595 2467 3761 2537 φύσιν

2164 2555 2484 2626 ἀνθρωπίνη
2535 2557 2845 2626 μετέπλασε
2897 2558 3045 2628 χεὶρ,
3093 2559 3186 2610 καὶ
3239 2559 3456 2627 σίδηρος
3509 2561 3760 2629 παρεχά-

2165 2649 2378 2718 ραξεν,
2445 2649 2507 2701 ού
2562 2647 2826 2702 τοσοῦτον
2905 2650 3201 2702 άπόδεκτοι
3295 2651 3757 2720 παρθενεύοντες,

2161 2741 2287 2793 ὅσον
2357 2740 2734 2808 κατηγορητοὶ
2769 2779 2785 2805 ,
2843 2739 3244 2808 λαγνεύοντες,
3327 2741 3404 2804 ὡς
3463 2741 3560 2810 τῆς
3622 2745 3756 2796 ἀκο-

2162 2833 2357 2896 λασίας
2412 2832 2719 2904 νικησάσης
2764 2833 2858 2887 καὶ
2912 2833 3009 2904 τὴν
3057 2833 3164 2886 ἀπὸ
3217 2831 3310 2886 τοῦ
3356 2833 3578 2905 σιδήρου
3624 2833 3756 2906 βοή-

2162 2928 2335 2981 θειαν.

2230 3019 2361 3092 [Τοῦ
2391 3021 2507 3091 (92)
2543 3020 2840 3088 Θεολόγου⁶
2897 3019 2965 3073 Ol
2997 3018 3099 3088 μέν
3147 3020 3211 3073 ἐκ
3253 3019 3472 3089 φύσεως
3536 3021 3755 3077 νεύουσι

2159 3114 2295 3184 πρὸς
2323 3115 2382 3166 τὸ
2413 3114 2619 3181 ἀγαθόν
2641 3128 2655 3143 ο
2684 3113 2902 3181 φύσεως
2932 3112 2988 3166 δὲ
3019 3112 3147 3165 ὅταν
3174 3113 3337 3176 εἴπω,
3365 3115 3466 3166 οὐκ
3495 3115 3753 3185 άτιμάζω

463 3199 664 3268 abjicio
697 3198 1060 3262 voluntatem,
1106 3201 1210 3254 sed
1251 3211 1544 3272 utrumque
1575 3221 1756 3273 pono:
1793 3215 1848 3259 et
1896 3207 2055 3260 incli-

2169 3207 2258 3277 τὴν
2286 3205 2634 3276 προαίρ;σιν,
2669 3204 2783 3257 ἀλλ’
2809 3204 3101 3274 ἀμφότερα
3124 3203 3342 3274 τίθημι,
3371 3207 3471 3275 τήν
3503 3223 3566 3273 γε
3609 3209 3751 3278 πρὸς

456 3287 732 3341 nationem
758 3287 826 3342 ad
863 3287 918 3341 id
948 3289 1094 3356 quod
1127 3290 1416 3344 honestum
1442 3303 1546 3353 est,
1581 3302 1638 3345 et
1674 3308 1795 3361 qua-.-
1826 3294 1892 3347 ad
1911 3311 2049 3364 Opus

455 3377 661 3432 bonum
685 3378 833 3434 ducit
862 3390 1138 3434 naturam.
1169 3381 1505 3446 Quibusdam
1537 3398 1666 3437 vero
1691 3399 1720 3436 a
1744 3394 2048 3454 pracepto-

451 3469 608 3523 ribus
646 3479 1003 3540 amputantur
1057 3471 1394 3536 alicctioncs,
1444 3473 1668 3541 quidam
1726 3483 1907 3528 autem
1950 3491 2048 3544 per

454 3561 663 3627 seipsos
689 3561 805 3614 illas
836 3571 1141 3629 amputant,
1176 3573 1234 3615 ut
1274 3563 1365 3630 qui
1401 3575 1768 3633 praeceptores
1813 3582 1917 3620 non
1958 3584 2046 3623 as-

451 3655 648 3717 secuti,
677 3655 887 3723 seipsos
922 3661 1121 3710 docent
1146 3675 1266 3726 qua:
1297 3673 1638 3714 conveniunt
1671 3679 1684 3714 :
1722 3672 1775 3716 et
1807 3661 2042 3718 radicem

452 3742 707 3796 vitiorum
728 3744 1055 3810 excidentes,
1089 3757 1143 3800 et
1178 3748 1419 3802 membra
1464 3751 1747 3818 pravitatis
1783 3754 2046 3808 extermi-

451 3843 670 3888 nantes.

527 3919 687 3976 γει-ε.
755 3923 840 3976 ίὲ.
888 3923 1089 3987 Qui—-—
1120 3927 1318 3993 capiat.
1373 3926 1616 3982 Tandem
1669 3929 1759 3984 ubi
1817 3933 2035 3988 caelibes

457 4013 615 4068 laute
649 4014 845 4084 dignos
871 4016 1318 4081 demonstrasset,
1346 4029 1398 4071 et
1433 4019 1504 4072 ita
1532 4022 1691 4074 talem
1731 4023 2040 4078 caelibatum

451 4103 744 4171 laudasset,
786 4122 850 4160 ac
884 4122 949 4160 eo
974 4109 1133 4162 modo
1167 4109 1398 4163 latenter
1421 4113 1698 4167 auditores
1721 4114 1786 4168 ad
1818 4117 2044 4187 virgini-

450 4205 614 4250 tatem
643 4209 1020 4264 provocasset;
1049 4201 1226 4254 sciens
1255 4202 1302 4253 id
1323 4217 1578 4272 magnum
1604 4220 1745 4271 esse,
1768 4216 1822 4260 et
1849 4223 1878 4261 a
1911 4224 2046 4277 pau-

449 4285 529 4339 cis
564 4287 742 4356 deligi.
774 4289 1030 4359 relinquit
1073 4307 1187 4345 tem
1208 4291 1261 4344 in
1297 4292 1582 4346 hominum
1611 4296 1910 4350 voluntate.
1935 4297 2038 4363 Qui

451 4387 650 4445 potest,
694 4379 893 4447 inquit,
923 4397 1120 4451 capere
1155 4383 1281 4446 hoc,
1329 4393 1425 4437 aut
1475 4387 1761 4455 pervenire
1798 4387 1865 4442 ad
1913 4388 2038 4453 hoc,

451 4479 653 4536 (aptat.

527 4664 683 4719 Vers.
719 4668 801 4720 15.
833 4668 973 4721 Tum:
1003 4700 1069 4709 —
1101 4671 1239 4724 illos.
1282 4672 1520 4727 Infantes
1555 4675 1688 4727 dixit
1718 4675 1911 4738 Lucas,
1950 4681 2042 4747 qui

449 4757 818 4810 otl'ercbantur
849 4761 903 4811 in
940 4761 1043 4813 lidc
1065 4774 1351 4829 parentum
1384 4764 1447 4815 ³ο.
1492 4764 1752 4834 Discipuli
1795 4784 1922 4821 vero
1952 4787 2043 4824 eos

452 4849 803 4915 increpabant
832 4851 922 4918 qui
961 4854 1282 4916 oll'erebant,
1317 4856 1456 4908 sicut
1497 4857 1716 4924 scripsit
1743 4857 1950 4913 Marcus
1976 4863 2040 4925 ",

448 4939 553 4991 huc
583 4950 668 4991 est
702 4943 1082 5007 prohibebant.
1128 4946 1432 4999 Verisimile
1472 4956 1555 4999 cst
1591 4958 1770 5000 autem
1819 4951 1958 5017 quod
1989 4962 2043 5005 et

452 5042 650 5094 pueros
690 5029 1064 5097 increpabant.
1099 5032 1228 5086 Nam
1269 5044 1322 5087 et
1355 5035 1453 5088 hos
1487 5046 1541 5088 et
1569 5036 1706 5098 illos,
1738 5052 2035 5106 praecepto-

446 5129 560 5165 rem
592 5117 936 5180 honorando,
968 5119 1349 5186 prohibebant.

554 5251 596 5281 ³³
630 5251 823 5306 Matth.
861 5270 955 5317 vn,
981 5254 1036 5307 7.
1151 5256 1197 5286 "
1232 5255 1367 5312 Luc.
1397 5275 1549 5320 xvtn,
1581 5259 1667 5312 l5.

2159 3300 2217 3350 τὸ
2257 3298 2423 3350 καλὸν
2473 3295 2920 3367 ἐπιτηδειότητα,
2955 3297 3051 3348 καὶ
3079 3296 3180 3364 τὴν
3210 3297 3292 3359 είς
3320 3297 3480 3365 ἔργον
3507 3299 3752 3366 ἄγουσαν

2155 3396 2215 3444 τὸ
2269 3393 2330 3444 ἐκ
2385 3390 2604 3459 φύσεως
2655 3390 2998 3461 ἐπιτήδειον·
3044 3391 3091 3442 oi
3142 3387 3198 3442 δέ
3253 3390 3358 3444 ὑπὸ
3407 3392 3753 3446 διδασκάλων

2156 3486 2515 3553 ἐκτέμνονται
2551 3493 2616 3536 τά
2655 3482 2804 3552 πάθη
2826 3499 2839 3512 ο
2900 3482 2949 3534 οί
2992 3483 3048 3535 δὲ
3084 3482 3152 3535 δι’
3187 3483 3396 3536 ἐαυτῶν
3419 3484 3749 3554 ἐκτέμνονσι

2156 3577 2355 3640 ταῦτα,
2388 3575 2733 3629 διδασκάλων
2785 3575 2885 3645 μὲν
2938 3575 3038 3627 οὐκ
3088 3576 3470 3645 ἐπιτυχόντες,
3517 3577 3748 3641 ἑαυτοὺς

2155 3669 2211 3719 δὲ
2251 3667 2565 3732 διδάξαντες
2595 3668 2661 3719 τά
2694 3667 3071 3737 προσήκοντα,
3093 3667 3185 3720 καὶ
3215 3668 3318 3737 τήν
3357 3683 3417 3720 τε
3463 3670 3618 3739 ῥίζαν
3644 3673 3747 3737 τῆς

2154 3757 2354 3819 κακίας
2416 3756 2769 3824 ἐκτεμόντες,
2825 3756 2923 3809 καὶ
2983 3757 3050 3808 τά
3096 3756 3308 3825 ὄργανα
3344 3758 3445 3828 τῆς
3478 3759 3746 3830 πονηρίας

2152 3845 2552 3916 ὲξορίσαντες.]

2239 3941 2303 3991 '0
2332 3967 2402 3979 -—-
2429 3937 2707 4006 χωρείτω.
2737 3937 3081 4000 Τελευταῖον,
3117 3938 3407 4004 ὑποδείξας
3443 3941 3570 4003 τοὺς
3602 3941 3742 4007 άγά.

2155 4046 2291 4099 μους
2347 4031 2474 4090 τοὺς
2541 4027 2993 4097 ἐπαινουμένους,
3043 4026 3139 4080 καὶ
3167 4027 3309 4080 οὕτω
3352 4037 3452 4089 τὴν
3480 4027 3742 4097 τοιαύτην

2152 4120 2399 4188 ἀγαμίαν
2427 4119 2742 4182 ἐπαινέσας,
2783 4120 2874 4170 καὶ
2903 4118 3207 4188 λεληθότως
3235 4121 3334 4188 μὲν
3369 4123 3495 4183 τοὺς
3533 4124 3742 4189 άκροα-

2151 4215 2251 4274 τὰς
2277 4213 2357 4275 είς
2377 4211 2438 4262 τὸ
2463 4209 2824 4281 παρθενεύειν
2855 4211 3030 4274 οὕτως
3062 4213 3504 4282 ἐπικαλεσάμενος
3528 4229 3542 4242 ·
3579 4213 3739 4276 εἰδὼς

2149 4303 2205 4356 δὲ
2277 4303 2420 4372 μέγα
2452 4301 2612 4356 τοῦτο
2672 4303 2765 4355 καὶ
2797 4301 2998 4370 ὀλίγοις
3041 4305 3278 4374 οίρετὺν,
3335 4305 3736 4375 καταλιμπάνει

2149 4398 2210 4446 τὸ
2249 4396 2493 4464 πρᾶγμα
2525 4398 2586 4464 τῇ
2618 4395 2942 4462 προαιρέσει
2970 4395 3077 4447 τῶν
3106 4396 3432 4467 ἀνθρώπων.
3497 4399 3556 4451 Ὀ
3580 4398 3738 4451 δυνά-

2153 4502 2313 4553 μενος
2338 4483 2466 4553 γάρ,
2495 4485 2653 4551 φησι,
2705 4485 2906 4553 χωρεῖν
2935 4481 3112 4550 τοῦτο,
3179 4485 3233 4555 [ἦ
3267 4487 3468 4555 χωρεῖν
3507 4485 3621 4556 (95)
3651 4488 3732 4549 εἰς

2067 4577 2109 4628 Ι)
2140 4574 2348 4647 τούτο,]
2394 4577 2664 4647 χωρείτω.

2222 4668 2364 4721 Τότε
2419 4697 2459 4708 -
2501 4668 2736 4734 αὐτοῖς.
2806 4669 2991 4740 Βρέφη
3050 4665 3204 4723 εἶπεν
3232 4673 3260 4723 ὁ
3289 4672 3526 4734 Λουκᾶς,
3571 4669 3729 4723 ἅτινα

2145 4760 2608 4830 προσηνέχθησαν
2649 4761 2748 4830 μὲν
2781 4762 2844 4813 ἐκ
2882 4762 3117 4825 πίστεως
3150 4763 3258 4815 τῶν
3311 4763 3544 4827 γονέων⁶
3599 4763 3646 4812 οί
3670 4762 3728 4812 δὲ

2147 4854 2389 4920 μαθηταὶ
2427 4854 2706 4920 ἐπετίμων
2740 4856 2853 4910 τοῖς
2887 4854 3312 4924 προσφέρουσιν,
3347 4851 3421 4914 ὡς
3443 4853 3470 4903 ὁ
3498 4852 3725 4920 Μάρκος

2143 4944 2350 5012 ἔγραψε
2373 4984 2387 5007 ,
2424 4945 2705 4995 τουτέστιν
2739 4943 2996 4997 ἐκώλυον.
3034 4945 3194 5007 Είκὸς
3230 4945 3286 4998 δὲ
3325 4945 3417 4997 καὶ
3449 4945 3562 5004 τοῖς
3606 4959 3719 4995 παι-

2148 5037 2232 5086 σὶν
2292 5037 2572 5105 ἐπιτιμᾷν.
2621 5036 2889 5088 Ἐκωλυον
2947 5037 3002 5089 δὲ
3065 5038 3350 5100 κάκείνους
3415 5035 3720 5099 καὶταῦτα,

2143 5125 2411 5193 τιμῶντες
2440 5128 2530 5177 τὸν
2555 5125 2895 5180 διδάσκαλον.

1778 5261 1818 5292 ³⁷
1846 5259 2014 5316 Marc.
2045 5280 2098 5327 χ,
2134 5264 2219 5317 15.

1673 5403 1869 5464 Varia)
1908 5404 2215 5470 lectiones
2250 5416 2309 5470 et
2342 5417 2537 5470 notre.

522 5519 632 5588 (91)
680 5519 964 5573 Ἐνέπεσεν
997 5525 1022 5574 ὁ
1055 5525 1208 5590 λόγος
1239 5525 1296 5578 Β.

524 5595 632 5659 (92)
663 5590 890 5660 Gregor.
926 5593 1178 5648 Naziauz.
1223 5615 1277 5666 p.
1318 5599 1439 5664 192,
1475 5600 1594 5654 195.
1640 5599 1809 5655 [labet
1837 5613 2019 5656 autem

2137 5535 2252 5589 haec
2283 5535 2336 5588 in
2368 5537 2610 5605 margine
2641 5537 2677 5588 ll

2202 5608 2315 5675 (95)
2355 5607 2567 5661 Inclusa
2597 5609 2798 5661 absunt
2833 5608 2896 5660 Α.

527 5750 984 5840 ςι-ιιιιιλλριιιιιηιιιγιι
1016 5784 1084 5840 ῖ-
1119 5771 1473 5840 susccpcruut.
1534 5760 1810 5826 Quantum
1874 5766 1942 5818 ob
1998 5764 2275 5820 libidinem
2333 5765 2837 5835 reprehenduntur,
2887 5766 2993 5821 vim
3052 5765 3176 5821 ferri
3224 5765 3505 5836 (auxilium
3556 5763 3710 5840 ferri)

455 5833 744 5887 superante
768 5825 929 5877 etiam
960 5827 1392 5894 intemperantia.
