4020 6504
262 366 366 425 ΞἏἹ

1135 366 1529 427 COMMENT.
1581 365 1664 425 ΙΝ
1701 367 2177 428 MA'l‘TIIrEUM.
2215 394 2278 403 -
2322 369 2480 428 CAP.
2524 368 2654 428 XX.

3450 371 3552 435 531

262 479 451 539 θείσας
479 478 718 534 ἐντολάς
753 478 912 547 τρίτη
935 479 992 532 δὲ
1017 477 1158 548 ὥρα,
1191 481 1226 550 ἡ
1253 480 1440 549 ἡλικία
1465 481 1577 533 τῶν
1607 478 1846 550 ἐφήϐων·

1966 480 2187 536 infantia
2217 480 2390 536 vocati
2431 488 2561 535 sunt
2585 480 2653 535 ad
2683 480 2830 535 dicta
2861 486 3156 552 pmccpta.
3194 472 3376 537 Tertia
3453 501 3551 535 an-

258 571 393 640 ῑκτη
431 571 508 635 δὲ,
541 571 574 641 ἡ
608 569 719 622 τῶν
753 571 981 639 ἀνδρῶν·
1015 574 1182 640 ἐνάτη
1225 572 1300 636 δέ,
1335 574 1370 643 ἡ
1411 572 1519 625 τῶν
1554 572 1844 642 γερόντωνο

264 664 527 732 ἑνδεκάτη
585 663 664 727 δέ,
726 665 760 733 ἡ
818 663 926 715 τῶν
986 663 1424 734 βαθνγερύντων,
1486 666 1685 727 εῐτουν,
1743 665 1853 718 τῶν

263 757 502 823 ἐχόντων
581 755 756 825 βραχὺ
829 755 1082 826 λείψανον
1155 757 1350 827 χρόνου
1428 755 1575 828 ζωῆς
1644 757 1854 809 ὑπολε-

260 846 586 914 λειμμένον.

345 936 604 1005 Ἐξῆλθεν
628 932 722 990 οὖν
749 940 774 990 ὁ
805 939 1044 1006 Χριστὸς
1070 941 1148 1001 εἰς
1174 938 1272 1010 τὴν
1306 938 1663 1009 οἰκουμένην,
1697 939 1855 994 τοῦτο

263 1031 385 1099 μιν,
425 1031 494 1084 δι’
528 1034 746 1097 ἐαυτοῦ,
799 1033 957 1086 τοῦτο
985 1034 1065 1098 δὲ,
1111 1034 1200 1087 διὰ
1232 1032 1341 1087 τῶν
1385 1032 1728 1097 ἀποστόλων,
1758 1035 1856 1088 καὶ

257 1124 348 1175 διὰ
371 1125 484 1176 τῶν
510 1126 629 1192 μετ’
651 1125 852 1189 αὐτοὺς
882 1126 1245 1190 διδασκάλων,
1277 1126 1660 1196 μισθώσασθαι
1688 1127 1857 1196 ἐργά-

256 1226 357 1271 τας
401 1212 482 1274 εις
527 1213 620 1265 τὸν
669 1215 973 1282 ἀμπελῶνα
1022 1215 1212 1274 αὐτοῦ,
1260 1217 1353 1269 τὸν
1397 1218 1857 1286 καρποφοροῦντα

261 1301 500 1370 βότρυας
557 1305 794 1374 ἀρετῶν,
851 1308 1251 1379 εὐφραίνοντας
1298 1308 1388 1360 τὸν
1443 1310 1854 1380 οἰκοδεσπότην.

258 1394 352 1447 τὸν
387 1397 492 1461 τῆς
537 1399 866 1469 οἱκουμένης
899 1401 1202 1471 Δεσπότην.
1236 1400 1475 1464 Εἰκότως
1499 1402 1558 1456 δέ
1581 1399 1725 1466 εἷπε,
1763 1421 1859 1473 μι-

261 1483 650 1542 σθώσασθαι.
668 1488 877 1552 Μισθὸς
893 1490 1001 1559 γάρ
1019 1492 1310 1544 ἀπόκειται
1333 1493 1444 1554 τοῖς
1464 1493 1726 1560 ἐργάταις
1749 1493 1858 1548 τῶν

257 1576 517 1640 ἐντολῶν,
571 1580 604 1648 ἡ
636 1579 867 1632 ἑκάστου
900 1584 1168 1651 σωτηρία.
1205 1583 1426 1654 Ταύτην
1480 1583 1592 1654 γὰρ
1627 1584 1858 1656 νοοῦμεν

254 1669 544 1740 δηνάριον.
578 1676 810 1729 ιιλάττει
831 1677 888 1730 δέ
912 1680 1040 1740 τοὺς
1073 1679 1322 1748 πρώτους
1347 1681 1380 1750 ἡ
1411 1679 1696 1752 παραϐολὴ
1725 1698 1859 1749 γογ-

257 1763 550 1831 γύζοντας,
584 1769 679 1820 καὶ
707 1770 1248 1840 ἐπιστομιζομὲνους,
1286 1773 1384 1841 οὐχ
1407 1772 1486 1825 ὅτι
1510 1773 1569 1825 ἐν
1601 1776 1666 1844 τῇ
1705 1775 1859 1844 βασι-

256 1854 381 1927 λείᾳ.
401 1859 510 1910 τῶν
540 1861 785 1931 οὐρανῶν
807 1862 961 1916 ἔσται
990 1863 1210 1931 φθόνοςο
1243 1865 1290 1917 el
1315 1864 1425 1934 γάρ
1445 1865 1680 1920 ἐνταῦθα
1707 1868 1859 1934 ὄντες

256 1950 308 2000 οἱ
367 1949 570 2004 δίκαιοι
603 1954 702 2015 τὰς
749 1955 960 2008 ἑαυτῶν
991 1955 1171 2025 ψυχάς
1204 1956 1344 2025 ὑπὲρ
1383 1957 1494 2011 τῶν
1549 1958 1858 2028 ἀνθρώπων

255 2039 496 2099 τιθέασι.
522 2043 702 2115 πολλῷ
732 2045 938 2115 μᾶλλον
965 2047 1085 2098 ἐκεῖ
1107 2045 1331 2109 τούτους
1358 2045 1650 2116 βλέποντες
1685 2048 1858 2114 σωζο-

260 2132 466 2200 μένους
522 2136 828 2206 χαέρυυσιψ
889 2137 1006 2191 ἀλλ’
1066 2141 1095 2191 ὁ
1151 2137 1396 2201 τοιοῦτος
1451 2144 1858 2212 ἐσχημάτεσται

257 2228 603 2296 γογγυσμὸς,
625 2229 721 2282 καὶ
746 2232 778 2300 ἡ
806 2232 1176 2302 ἐπιστόμισις,
1205 2235 1283 2296 εἰς
1311 2234 1552 2304 ἔμφασιν
1575 2239 1735 2306 μόνον
1758 2239 1860 2305 τῆς

251 2316 356 2368 τοῦ
387 2317 524 2371 Θεοῦ
556 2323 684 2393 περὶ
717 2323 845 2385 τοὺς
881 2323 1108 2396 ἔσχατον
1145 2331 1629 2397 προσερχομένους
1663 2332 1858 2398 (latitav-

255 2410 533 2478 θρωπίας,
577 2414 991 2486 ἵνα-Θαρρῶσιν,
1033 2417 1110 2482 ὡς
1141 2419 1294 2472 οὐδὲν
1327 2421 1731 2494 ἐμποδιζούσης
1760 2425 1860 2494 τῆς

256 2503 635 2575 ὑστερήσεως,
679 2509 774 2560 ἐὰν
811 2512 892 2572 εἰς
921 2511 981 2563 τὸ
1011 2510 1140 2581 ἑξῆς
1176 2512 1544 2582 ἐργάζωνται.

334 2600 444 2650 Καὶ
499 2602 664 2668 ἡμεῖς
722 2603 853 2672 γάρ,
911 2605 1041 2657 ὅταν
1094 2604 1220 2658 τινὰ
1280 2606 1482 2674 πολλῆς
1529 2607 1859 2677 ἀξιώσωμεν

253 2692 452 2758 τιμῆς,
509 2691 628 2748 εἶτα
660 2693 1016 2766 βουληθῶμεν
1051 2697 1294 2767 ἐμφῆναι
1332 2699 1430 2768 τὴν
1457 2699 1664 2771 ταύτης
1691 2702 1860 2771 ὑπερ-

257 2779 452 2852 ϐολὴν,
484 2785 760 2856 εἰώθαμεν
795 2787 994 2855 λέγειν,
1023 2787 1147 2841 ὃτιὸ
1167 2789 1314 2842 δεῖνα
1344 2789 1616 2859 ἐγόγγυσε
1644 2791 1733 2847 διὰ
1758 2793 1860 2862 τὴν

255 2874 536 2945 τοσαύτην
594 2879 780 2951 τιμήν.
829 2880 1001 2933 Τοῦτο
1058 2880 1118 2932 δὲ
1169 2881 1426 2952 λέγομεν,
1486 2884 1589 2938 οὒκ
1647 2886 1858 2940 ἐκεῖνον

256 2968 669 3034 διαϐάλλοντες,
740 2972 878 3026 ἀλλὰ
940 2971 1136 3027 τοῦτον
1191 2973 1560 3044 διεγείροντες
1627 2978 1713 3041 εἰς
1764 2979 1858 3033 εὑ-

254 3061 576 3129 χαριστίαν.

1959 581 2066 626 tem
2095 573 2248 634 hora.
2286 584 2419 627 mtas
2466 571 3007 642 epheborum.Sexta
3054 586 3206 635 vero.
3261 573 3507 627 virorum
3537 614 3550 627 .

1957 661 2132 723 Nona.
2164 678 2393 730 senum;
2435 671 2491 718 et
2519 664 2831 729 undecima,
2868 662 3301 732 decrepitorum,
3353 663 3556 733 quibus

1957 755 2124 810 breve
2161 763 2244 810 est
2279 755 2551 826 reliquum
2590 755 2714 810 vitae
2747 764 2985 824 tempus.

2031 937 2176 992 Exiit
2205 952 2334 1009 ergo
2353 935 2685 998 Cbristusin
2713 935 3004 999 mundum,
3033 943 3146 990 tum
3170 948 3272 1003 per
3303 934 3548 1003 seipsum

1961 1041 2074 1087 tum
2093 1046 2191 1101 per
2221 1031 2521 1102 apostolos,
2581 1039 2787 1099 eusque
2848 1035 3216 1097 pmceptores
3279 1028 3374 1095 qui
3431 1025 3556 1078 illos

1960 1121 2133 1175 secuti
2164 1129 2315 1182 sunt,
2359 1128 2420 1175 ut
2459 1117 2714 1172 mercede
2761 1116 3097 1172 conduceret
3154 1116 3440 1185 operarios
3500 1114 3556 1168 in

1961 1214 2180 1268 vineam
2219 1227 2395 1275 suam,
2432 1226 2554 1282 qua:
2579 1211 2772 1276 botros
2804 1208 3099 1264 fructiﬁcat
3135 1209 3428 1272 virtutum,
3464 1207 3559 1261 lte-

1961 1306 2232 1361 titicantes
2250 1303 2718 1375 patremfamilias.
2751 1303 2845 1374 qui
2880 1302 3143 1357 Dominus
3180 1308 3266 1355 est
3284 1301 3552 1356 universi.

1959 1397 2154 1454 Merito
2189 1405 2375 1451 autem
2403 1397 2559 1458 dixit,
2588 1405 2645 1451 ut
2669 1396 2909 1450 mercede
2942 1395 3298 1448 conduceret:
3343 1406 3557 1446 merces

1961 1489 2106 1544 enim
2137 1490 2378 1559 reposita
2410 1499 2495 1544 est
2520 1496 2922 1560 praeceptorum
2963 1488 3255 1558 operariis,
3283 1494 3414 1556 puta
3465 1501 3563 1540 cn-

1958 1583 2162 1652 jusque
2197 1582 2385 1637 salus:
2424 1582 2567 1636 hanc
2625 1583 2774 1635 enim
2807 1580 3165 1650 intelligimus
3219 1593 3344 1634 esse
3385 1578 3562 1632 dena-

1964 1678 2126 1730 rium.
2166 1675 2383 1746 Etﬁngit
2441 1685 2624 1730 autem
2668 1675 2928 1745 parabola
2971 1673 3185 1743 primos
3211 1687 3562 1726 murmuran-

1965 1778 2069 1834 tes,
2129 1773 2569 1838 lmpositnmque
2603 1769 2712 1824 illis
2774 1768 3100 1824 silentium:
3143 1783 3255 1822 non
3311 1766 3457 1837 quod
3507 1767 3561 1818 in

1967 1877 2133 1933 regno
2164 1862 2430 1917 caelorum
2452 1861 2634 1916 futura
2669 1861 2742 1936 sit
2771 1860 3012 1926 invidia;
3040 1876 3166 1914 nam
3196 1860 3240 1914 si
3268 1860 3358 1914 hic
3380 1857 3565 1913 adhuc

1965 1956 2215 2009 viventes
2239 1953 2374 2023 justi
2428 1968 2557 2008 suas
2591 1953 2807 2008 animas
2834 1968 2933 2022 pro
2965 1951 3289 2006 hominibus
3319 1957 3561 2021 ponunt.

1966 2046 2139 2100 multo
2165 2045 2338 2117 magis
2367 2045 2466 2110 ibi,
2495 2044 2744 2100 videntes
2774 2059 2871 2100 eos
2899 2043 3082 2099 salvos
3103 2059 3228 2098 esse
3251 2082 3269 2108 ,
3301 2042 3562 2113 gaudent.

1966 2139 2074 2194 Sed
2125 2139 2231 2193 tale
2293 2138 2586 2209 ﬁguratum
2642 2147 2730 2192 est
2805 2152 3080 2198 murmur,
3131 2135 3565 2206 impOsitumque

1964 2232 2270 2296 silentium,
2303 2232 2370 2287 ad
2407 2232 2577 2287 solam
2604 2229 3150 2286 demonstrationem
3204 2226 3404 2281 divina:
3465 2225 3564 2280 bc-

1964 2325 2248 2395 nignitatis
2308 2340 2435 2395 erga
2517 2339 2613 2380 eos
2678 2323 2771 2393 qui
2835 2320 3105 2392 postremi
3166 2319 3422 2381 veniunt,
3505 2326 3565 2372 ut

1963 2419 2244 2474 conﬁdant
2273 2417 2417 2488 quod
2444 2416 2581 2472 nihil
2613 2416 2722 2472 illis
2756 2416 2937 2470 oberit
2966 2423 3280 2485 postremos
3310 2411 3553 2477 venisse,

1965 2513 2009 2568 si
2038 2512 2305 2582 deinceps
2335 2509 2555 2581 operati
2582 2508 2813 2564 fuerint.

2069 2606 2135 2660 Et
2163 2620 2263 2659 nos
2292 2603 2564 2673 siquidem
2597 2602 2688 2657 ubi
2719 2602 2959 2672 aliquem
3001 2601 3173 2656 multo
3202 2599 3408 2671 dignati
3442 2597 3564 2652 fue-

1967 2697 2143 2751 rimus
2173 2697 2403 2760 honore,
2430 2704 2484 2749 et
2515 2695 2866 2765 postmodum
2897 2693 3236 2748 voluerimus
3276 2691 3566 2762 huiusmo-

1965 2789 2020 2845 di
2093 2787 2533 2860 magnitudinem
2584 2789 2990 2849 demonstrare,
3075 2785 3320 2840 solemus
3375 2784 3562 2838 dicere

1963 2883 2111 2954 quod
2137 2883 2357 2953 quidam
2395 2881 2468 2938 ob
2496 2889 2710 2936 tantum
2780 2879 3047 2934 honorem
3112 2875 3560 2931 murmurabant.

1965 2977 2078 3032 Hoc
2140 2984 2324 3031 autem
2359 2974 2598 3030 dicimus
2680 2988 2794 3028 non
2848 2972 2999 3026 illum
3065 2969 3562 3040 reprehendentes,

1966 3069 2064 3126 sed
2098 3071 2244 3124 hunc
2279 3067 2346 3123 ad
2373 3067 2673 3139 gratiarum
2705 3066 2977 3123 actionem
3017 3064 3346 3119 excitantes.

333 3155 490 3207 Διατί
519 3157 578 3210 δέ
607 3158 705 3228 οὐχ
733 3159 872 3229 ὁμοῦ
905 3162 1117 3228 πάντας
1146 3165 1411 3218 ἐκάλεσεν
1441 3167 1521 3228 εἰς
1548 3165 1640 3218 τὸν
1671 3166 1856 3237 ἀμπε-

2034 3162 2216 3230 Quare
2285 3169 2470 3216 autem
2529 3176 2640 3214 non
2717 3175 2909 3214 omnes
2974 3159 3134 3213 simul
3207 3157 3424 3214 vocavit
3497 3155 3564 3210 ad

253 3244 440 3310 λῶνας
481 3249 626 3303 Διότι
661 3251 762 3322 οὐχ
786 3253 923 3323 ὁμοῦ
955 3258 1165 3319 πάντας
1197 3248 1379 3328 εὗρεν.
1423 3257 1712 3310 Ἀδύνατον
1742 3259 1852 3327 γάρ

249 3339 403 3393 κατά
427 3341 520 3394 τὸν
547 3345 711 3398 αὐτὸν
747 3347 959 3416 χρόνον,
998 3349 1072 3413 ὡς
1103 3352 1544 3421 προειρήκαμεν,
1579 3353 1673 3404 καὶ
1710 3355 1854 3407 κατά

250 3430 364 3501 τὴν
390 3435 563 3505 αὐτὴν
594 3438 812 3506 ἡλικίαν
835 3441 1044 3505 πάντας
1074 3444 1418 3512 προσελθεῖν.
1454 3444 1590 3496 Τότε
1614 3444 1671 3497 δὲ
1702 3444 1849 3514 εὕρε-

254 3541 385 3578 exet
437 3526 688 3594 ἕκαστον,
743 3533 871 3586 ὅταν
917 3528 1074 3595 οὗτος
1114 3535 1430 3590 ὑπακοῦσαι
1485 3536 1677 3608 μέλλῃυ
1717 3537 1853 3607 φησὶ

249 3615 370 3685 γὰρ
402 3619 430 3671 ὁ
471 3621 702 3685 Παῦλος,
742 3624 880 3678 ’Ὅτε
907 3625 976 3678 δὲ
1004 3627 1346 3695 εὐδόκησεν
1387 3630 1419 3682 ό
1456 3628 1756 3696 ἀφορίσας
1777 3645 1856 3697 με

252 3709 329 3761 ἐκ
383 3714 619 3778 κοιλίας
660 3718 887 3784 μητρός
926 3735 1069 3785 ,κου’
1113 3718 1233 3771 τότε
1281 3719 1338 3772 δὲ
1390 3719 1709 3790 εὐδόκησεν,
1764 3721 1854 3774 ὅτε

249 3797 420 3869 οὗτος
455 3808 681 3877 ἔμελλεν
713 3811 1032 3868 ὑπακούειν.
1091 3815 1153 3868 Ἦ
1195 3815 1294 3886 μὲν
1326 3814 1424 3891 ρῦν
1455 3817 1743 3889 παραϐολὴ
1773 3817 1854 3872 δι-

248 3895 471 3959 δάσκει,
537 3904 665 3964 τοὺς
695 3905 750 3956 ἐν
796 3905 1014 3975 ἐσχάτῳ
1061 3910 1209 3976 γήρᾳ
1247 3908 1726 3980 προσερχομένους
1779 3909 1855 3981 μὴ

254 3991 705 4057 ἀπογινώσκειν,
773 3997 909 4052 ἀλλὰ
965 4000 1278 4066 γινώσκειν,
1341 4001 1424 4053 ὃτι
1481 4000 1710 4052 δυνατὸν
1762 4001 1857 4054 καὶ

255 4085 323 4135 ἐν
365 4083 597 4157 βραχείᾳ
632 4091 837 4160 σπουδῇ
888 4091 1151 4161 σωθῆναι.
1197 4092 1368 4145 Τοῦτο
1414 4091 1524 4162 γὰρ
1576 4093 1605 4144 ὁ
1650 4091 1857 4162 ταύτης

257 4177 492 4238 σκοπός.
532 4177 653 4248 Χρὴ
689 4179 745 4230 δὲ
779 4181 928 4249 ἡμᾶς
959 4182 1052 4234 τὸν
1097 4181 1300 4235 σκοπὸν
1337 4182 1499 4251 μόνον
1534 4182 1704 4252 αὐτῆς
1731 4183 1856 4253 δρε-

251 4268 563 4337 ψαμένους,
617 4271 786 4325 τᾶλλα
849 4275 924 4343 μὴ
979 4272 1699 4345 πολυπραγμονεῖν.Τᾶλλα
1748 4276 1859 4344 γὰρ

254 4363 446 4415 πάντα
466 4363 552 4416 διὰ
576 4365 668 4417 τὸν
693 4367 894 4419 σκοπὸν
919 4367 1310 4438 συνετέθησαν,
1339 4367 1427 4420 ἵνα
1454 4367 1678 4429 πιθανὸς
1705 4367 1863 4436 γένη.

255 4473 378 4520 ται,
415 4457 510 4510 καὶ
541 4458 642 4512 οὐκ
671 4460 954 4514 ἀκίνδυνον
991 4461 1050 4514 τὸ
1081 4461 1177 4514 καὶ
1221 4461 1353 4530 περὶ
1389 4459 1599 4513 τούτων
1632 4459 1821 4531 ζητεῖν
1843 4499 1856 4520 ,

1961 3255 2181 3311 vineam
2202 3255 2226 3309 ?
2245 3255 2379 3321 Qma
2411 3268 2523 3308 non
2546 3254 2710 3309 simul
2738 3267 2932 3309 omnes
2957 3251 3201 3315 invenit;
3226 3249 3592 3318 impossibile.

1966 3350 2116 3404 enim
2150 3358 2272 3404 erat
2317 3350 2515 3406 eodem
2574 3358 2846 3418 tempore.
2909 3357 2970 3402 ut
3031 3344 3410 3417 praediximus,
3463 3358 3563 3398 ea-

1955 3442 2191 3512 demque
2215 3451 2377 3497 aetate
2403 3456 2596 3496 omnes
2616 3440 2902 3494 accedere.
2955 3437 3112 3491 Tunc
3139 3445 3332 3490 autem
3355 3451 3560 3488 unum-

1955 3550 2231 3605 quemque
2287 3533 2522 3599 invenit,
2591 3547 2718 3587 cum
2808 3530 2901 3586 ille
2961 3529 3226 3585 obediens
3301 3526 3559 3582 eﬂicitur.

1956 3629 2049 3682 Ait
2080 3628 2226 3682 enim
2270 3626 2522 3682 Paulus:
2563 3625 2658 3683 Ubi
2708 3640 2830 3678 vero
2881 3621 3305 3690 beneplacuitei,
3370 3629 3427 3673 ut
3483 3635 3565 3673 mc

1956 3732 2232 3791 separaret
2270 3722 2333 3774 ab
2359 3730 2510 3775 utero
2537 3720 2728 3774 matris
2751 3734 2880 3773 mea:
2918 3716 2984 3772 “.
3021 3714 3178 3770 Nunc
3222 3723 3407 3769 autem
3458 3713 3556 3767 be-

1957 3815 2257 3885 neplaeuit,
2292 3813 2514 3884 quando
2545 3814 2633 3867 hic
2663 3811 2930 3867 obedivit.
2964 3811 3138 3865 Docet
3171 3809 3359 3878 itaque
3392 3821 3559 3877 para-

1958 3908 2105 3966 bola.
2133 3923 2203 3961 ne
2246 3923 2342 3962 eos
2373 3908 2466 3977 qni
2529 3917 2776 3962 extrema
2808 3913 3097 3960 senectute
3152 3903 3428 3957 accedunt
3475 3915 3563 3953 re-

1960 4001 2279 4071 probemus,
2337 3999 2432 4054 sed
2483 3999 2723 4054 sciamus
2766 3996 2912 4067 quod
2972 3993 3235 4066 possibile
3284 3993 3356 4047 sit
3404 3991 3557 4046 brevi

1960 4094 2126 4148 etiam
2175 4094 2360 4149 studio
2382 4109 2445 4148 ac
2505 4091 2788 4162 diligentia
2845 4089 3066 4145 salvari.
3130 4085 3230 4142 Hic
3286 4085 3556 4157 siquidem

1962 4201 2164 4256 scopus
2197 4187 2319 4256 ejus
2347 4192 2454 4240 est.
2487 4181 2718 4254 Oportet
2791 4191 2976 4237 autem
3021 4195 3145 4243 nos,
3213 4179 3330 4234 solo
3392 4178 3566 4248 ipsius

1964 4293 2133 4347 scopo
2193 4279 2393 4348 adepto
2445 4274 2586 4346 (pp),
2641 4281 2839 4328 cmtera
2900 4287 3010 4326 non
3067 4268 3561 4340 magnipendere:

1968 4369 2176 4438 reliqua
2207 4369 2355 4424 enim
2389 4369 2572 4422 omnia
2604 4374 2832 4436 propter
2897 4363 3057 4418 ﬁnale
3096 4364 3371 4416 intentum
3411 4376 3564 4416 com~

1966 4462 2146 4531 posita
2178 4471 2326 4526 sunt,
2358 4471 2420 4515 ut
2446 4459 2659 4514 facilius
2687 4459 3030 4528 excipiatur;
3066 4470 3249 4524 neque
3316 4452 3561 4524 periculo

255 4551 341 4611 ὡς
371 4554 398 4603 ὁ
423 4552 807 4622 Χρυσόστοςιος
837 4555 895 4606 ἐν
921 4553 998 4624 τῷ
1027 4552 1102 4625 (7)
1132 4553 1268 4622 Περὶ
1304 4549 1664 4622 παραϐολῶν
1690 4569 1856 4620 κεφα-

1969 4564 2141 4617 vacat,
2175 4556 2343 4609 etiam
2374 4553 2462 4608 illa
2491 4553 2750 4617 scrutari,
2780 4553 2946 4607 veluti
2978 4551 3266 4623 traditChy
3281 4561 3565 4605 summus

255 4645 406 4714 λαξῳ
445 4647 854 4716 παραδέδωκεν.

339 4737 557 4810 [Νοοῖτο
580 4739 655 4809 (3)
685 4739 730 4792 δ’
760 4741 826 4794 ἂν
857 4739 1023 4811 βάρος
1048 4741 1144 4793 καὶ
1165 4738 1389 4793 καύσων
1410 4739 1512 4808 τῆς
1539 4740 1757 4811 ἡμέρας
1797 4741 1858 4794 τὺ

257 4830 434 4900 βάρος
464 4830 574 4883 τῶν
610 4832 938 4902 πειρασμῶν
981 4833 1076 4885 καὶ
1128 4833 1190 4886 τὸ
1235 4832 1345 4903 πῦρ
1391 4833 1501 4886 τῶν
1546 4833 1859 4887 ἁτιθάσσων

256 4922 470 4994 ἡδονῶν
497 4923 592 4976 καὶ
621 4925 834 4995 ἀγρίων
863 4922 1072 4989 παθῶν,
1107 4921 1253 4995 ἅπερ
1283 4922 1618 4991 ἐϐάστασαν,
1651 4927 1854 4990 εἷτουν,

259 5018 596 5088 ὑπέμειναν,
636 5021 715 5089 μὴ
749 5017 990 5080 ἐνδόντες
1019 5015 1248 5088 αὐτοῖς.]

375 5202 423 5235 ⁸⁵
454 5201 630 5258 Galat.
659 5203 712 5268 1,
743 5204 830 5258 l5.

1964 4649 2144 4718 capite
2174 4650 2239 4703 de
2264 4649 2559 4717 parabolis.

2038 4740 2079 4810 -Ι-
2118 4741 2350 4812 lntelligi
2381 4748 2563 4812 patest
2621 4739 2838 4808 pondus
2892 4746 2949 4793 et
2971 4749 3140 4794 aestus
3191 4733 3323 4804 diei,
3375 4738 3562 4806 gravi-

1970 4843 2051 4890 tas
2081 4835 2472 4900 tentationum,
2521 4842 2576 4887 et
2604 4832 2747 4903 ignis
2786 4832 3184 4888 indomitarum
3215 4833 3561 4902 voluptatum

1969 4941 2034 4981 ac
2085 4925 2352 5003 ferocium
2415 4925 2764 4982 aﬂ‘ectionum
2829 4941 2962 4994 quas
3016 4931 3380 4996 portaverunt
3448 4923 3565 4980 sive

1971 5020 2380 5078 Sustinuerunt.
2418 5034 2487 5074 ne
2517 5018 2586 5074 ab
2625 5017 2704 5073 eis
2747 5017 3132 5077 vincerentur.

1473 5275 1672 5338 Variae
1717 5274 2027 5338 lectiones
2064 5286 2124 5338 et
2166 5283 2354 5336 notae.

338 5447 418 5519 (Ἰ)
454 5445 727 5519 Multoties
757 5447 825 5503 de
857 5447 942 5502 his
981 5445 1229 5517 praecipit
1267 5447 1857 5519 ChrysoslomusaSed

261 5517 620 5590 Euthymius,
655 5527 715 5573 ut
742 5519 978 5585 videtur,
1025 5520 1083 5572 in
1115 5528 1302 5574 mente
1335 5517 1548 5588 habuit,
1585 5527 1624 5572 t.
1660 5517 1767 5582 VII,
1801 5536 1854 5589 p.

344 5679 659 5754 (pplScopo
689 5691 899 5750 aaepto.
938 5682 1125 5739 Solum
1162 5683 1282 5754 ejus
1314 5695 1541 5754 sc0pum
1584 5697 1855 5737 consecu-

264 5752 378 5806 tos.
412 5752 602 5826 iFortc
639 5754 803 5808 etiam
865 5769 962 5823 pro
1015 5752 1424 5826 δρεψαμένως
1455 5755 1602 5826 aliud
1648 5753 1860 5810 invenit

262 5825 617 5879 vocabulum.
654 5825 813 5880 Certe
839 5825 1091 5895 equidem
1126 5843 1232 5881 non
1267 5825 1491 5882 memini
1525 5825 1652 5882 alibi
1679 5826 1856 5894 legere

1969 5449 2122 5591 “(723)
2145 5520 2360 5577 Inclusa
2390 5520 2564 5576 codex
2597 5528 2828 5590 uterque
2859 5519 3027 5575 habet
3050 5519 3104 5573 in
3134 5519 3398 5590 margine.

1969 5684 2172 5737 σκοπὸν
2215 5681 2538 5751 δρέπεσθαι.
2588 5681 2646 5735 1η
2700 5689 2940 5736 mentem
2979 5679 3257 5744 veniebat,
3288 5681 3391 5735 etsi
3451 5698 3562 5738 non

1971 5755 2104 5808 satis
2138 5754 2430 5824 probatur,
2459 5752 2854 5822 δραξαμένως,
2900 5752 3043 5823 quod
3067 5762 3258 5824 tamen
3308 5754 3564 5822 frequen-

1974 5825 2082 5881 tius
2121 5823 2418 5897 genitivum
2447 5839 2609 5894 quam
2651 5824 3024 5879 accusativum
3064 5823 3245 5878 habet.
