4020 6530
539 405 638 467 Ξὲτ)

1759 396 2144 459 EUTHYMII
2212 397 2575 456 ZIGABENI

3711 385 3813 444 τιτι

537 536 592 578 ut
627 539 761 575 unus
791 539 821 575 η
859 522 1058 574 (lex-tris
1089 520 1213 581 luis,
1258 526 1305 570 et
1343 518 1479 569 aiter
1503 533 1532 568 (ι
1569 516 1794 567 sinistris
1825 517 1928 566 tuis
1977 513 2124 564 sedc-

2249 533 2356 574 tsr,
2398 515 2517 569 ira.
2550 512 2579 563 ὃ
2606 511 2714 562 ἐΐη·
2739 508 3100 575 (ιὶτιὶσωμεγ.
3132 504 3394 572 ποιήσῃς
3432 501 3600 568 ἡμῖν.
3644 503 3714 552 '0
3745 502 3813 552 δὲ

537 634 691 670 amns
714 617 764 667 in
786 616 956 684 gloria
996 625 1083 666 ma
1104 614 1171 664 '9.
1205 611 1403 665 Verum
1434 625 1541 662 non
1570 619 1963 675 cognoscentes
2001 607 2123 659 ideo

536 724 596 762 se
638 724 832 778 passos
870 721 991 760 esse
1021 703 1316 772 repulsam,
1386 706 1530 770 quod
1581 701 1800 765 indigna
1851 706 2122 766 peterent,

537 800 604 851 ad
648 798 1105 866 supplicationem
1139 801 1426 846 assumunt
1457 799 1512 844 et
1545 801 1792 845 matrem.
1821 790 2127 858 Interroga!

540 898 722 941 autem
746 888 1001 943 Christus
1027 885 1260 954 primum
1281 885 1501 954 quidem
1531 884 1666 943 illos,
1693 882 1892 936 deinde
1932 890 1987 936 et
2011 897 2127 934 ma-

540 982 916 1036 tremilIorum
954 991 1214 1050 tanquam
1247 982 1440 1034 homo:
1472 978 1629 1031 simul
1664 977 1823 1030 etiam
1857 985 2126 1030 uteorum

541 1075 827 1142 responsio
855 1075 1011 1128 ﬂeret
1045 1073 1450 1144 quodammodo
1500 1072 1730 1125 aﬂ'ectus
1775 1069 1857 1124 sui
1915 1069 2130 1123 confes-

541 1180 646 1219 SIO.

616 1424 772 1477 νει-ε.
808 1424 899 1478 2‘3.
945 1424 1276 1488 Respondens
1325 1454 1386 1464 —
1447 1425 1644 1493 petitis.
1695 1422 1968 1492 Deinceps
2023 1423 2130 1477 illis

545 1515 862 1582 respondet,
902 1525 960 1568 ut
1003 1515 1095 1585 qui
1147 1525 1376 1570 matrem
1428 1531 1580 1569 suam
1627 1514 2014 1572 submiserant.
2048 1522 2133 1578 ,υι

545 1622 642 1672 pro
675 1607 807 1674 ipsis
847 1609 1181 1674 postularet,
1213 1618 1268 1661 et
1297 1609 1373 1662 ait
1408 1627 1421 1663 :
1467 1608 1695 1662 Nescitis
1747 1608 1874 1678 quid
1927 1608 2128 1677 petitis.

544 1696 751 1751 Sedere
784 1698 930 1751 enim
995 1716 1022 1752 a
1065 1699 1271 1753 dextris
1325 1701 1418 1753 aut
1471 1716 1498 1752 a
1559 1700 1798 1755 sinistris
1854 1702 1905 1755 in
1963 1717 2132 1772 regno

543 1802 688 1850 meo,
727 1803 983 1857 magnum
1013 1798 1117 1854 est,
1145 1800 1200 1843 et
1241 1805 1402 1858 supra
1429 1790 1752 1860 dignitatem
1773 1808 1882 1847 non
1949 1793 2127 1847 homi—

2227 604 2399 661 εἶπεν
2426 604 2654 672 αὐτοῖς·
2681 604 2741 656 Τί
2773 601 2977 654 θέλετε
3012 597 3264 664 ποιῆσαί
3289 613 3364 663 με
3404 594 3583 662 ι’νμῖτ’;
3633 595 3698 645 Oi
3746 591 3814 643 δὲ

2229 692 2401 749 εἶπον
2433 693 2615 756 αὐτῷ’
2656 693 2767 757 Δός
2801 690 2963 757 ἡμῖν,
3001 689 3100 740 ἵνα
3150 684 3234 750 εἷς
3291 687 3360 738 ἐκ,
3401 684 3618 748 δεξιῶν
3670 698 3810 736 σου.

2229 787 2328 840 καί
2359 782 2446 850 εἷς
2474 786 2541 849 ἐξ
2567 783 2889 850 εὐωνύμων
2918 797 3033 834 σου
3070 781 3408 845 καθίσωμεν
3438 777 3508 828 ἐν
3534 773 3610 843 τῇ
3663 773 3812 838 δόξῃ

2230 894 2369 932 σου.
2403 875 2495 946 Μὴ
2544 875 2805 944 τυχόντες
2846 873 2903 924 δὲ
2940 869 3316 939 ἀποκρίσεως,
3371 868 3458 920 διὰ
3520 868 3583 919 τὸ
3633 867 3816 919 αἰτεῖν

2230 969 2448 1032 ἀνάξια,
2487 965 2984 1036 παραλαμϐάνουσι
3045 963 3138 1015 καὶ
3183 962 3284 1030 τὴν
3333 960 3545 1014 ἑαυτῶν
3592 960 3814 1029 μητέρα

2231 1058 2370 1126 πρὸς
2402 1056 2710 1126 ἱκετηρίαν.
2752 1056 2964 1124 Ἐρωτᾷ
2998 1054 3054 1106 δὲ
3107 1054 3136 1107 ὁ
3162 1053 3397 1120 Χριστὸς
3443 1051 3662 1118 πρῶτον
3715 1049 3816 1117 μὲν

2233 1149 2500 1214 ἐκείνους,
2527 1145 2646 1203 εἶτα
2680 1147 2779 1219 τὴν
2811 1147 3025 1216 μητέρα
3074 1145 3254 1200 αὐτῶν
3289 1144 3802 1214 άνθρωποπρεπῶς,

2231 1241 2351 1312 ἅμα
2395 1243 2454 1295 δὲ
2507 1241 2625 1302 καὶ,
2663 1240 2749 1292 ἵνα
2775 1241 2808 1308 ἠ
2849 1239 3145 1308 ἀπόκρισις
3199 1237 3379 1291 αὐτῶν
3422 1237 3816 1305 ἐξομολόγησις

2231 1336 2438 1403 τρόπον
2465 1334 2588 1387 τινὰ
2612 1333 2840 1402 γένηται
2863 1330 2957 1383 τοῦ
2999 1331 3229 1393 πάθους.

2317 1425 2682 1492 Ἀποκριθεὶς
2708 1453 2778 1463 --
2805 1422 3092 1478 αίτεῖσθε.
3148 1422 3293 1492 Πρδς
3343 1423 3540 1485 αὐτοὺς
3579 1422 3818 1490 ἀποκρί-

2233 1536 2385 1572 νεται
2416 1518 2628 1578 λοιπὸν,
2655 1514 2730 1579 ὡς
2761 1517 2944 1570 αὐτῶν
2976 1516 3078 1585 τὴν
3108 1516 3324 1587 μητέρα
3348 1514 3819 1584 προϐαλλομένων

2234 1611 2315 1674 είς
2348 1610 2445 1678 τὴν
2463 1610 2604 1678 ὑπὲρ
2637 1608 2819 1662 αὐτῶν
2841 1607 3077 1678 αἴτησιν,
3113 1607 3205 1660 καί
3233 1623 3416 1675 φησιν,
3449 1609 3570 1660 Οὐκ
3593 1607 3819 1663 οἴδατε.

2233 1702 2291 1755 τί
2333 1701 2620 1755 αἰτεῖσθε.
2665 1700 2739 1752 Τὸ
2783 1700 2895 1769 γὰρ
2927 1699 3153 1752 καθίσαι
3182 1698 3304 1752 τινὰ
3349 1699 3412 1751 ἐκ
3438 1697 3653 1763 δεξιῶν,
3694 1698 3727 1768 ἦ
3761 1697 3823 1762 ἐξ

2235 1793 2560 1861 εὐωνύμων,
2597 1794 2656 1844 ὲν
2681 1794 2748 1861 τῇ
2772 1791 3026 1862 βασιλείᾳ
3061 1807 3188 1860 μου,
3222 1791 3364 1859 μέγα
3404 1789 3498 1841 xui.
3548 1790 3691 1858 ὑπὲρ
3721 1790 3824 1855 τὴν

543 1893 672 1930 num
705 1888 937 1942 tantum,
982 1896 1169 1933 verum
1233 1881 1395 1933 etiam
1438 1896 1799 1949 supernarum
1843 1884 2130 1938 virtutum.

2245 1860 2511 1950 ἀείαπωι
2548 1860 2856 1953 μόνοντῶν
2887 1860 3213 1952 ἀνθρώπων,
3251 1881 3390 1934 ἀλλὰ
3433 1882 3671 1934 καὶτῶν
3707 1883 3824 1935 ἄνω

543 1969 826 2037 Siquidem
861 1987 1090 2040 regnum
1125 1988 1306 2027 meum
1373 1989 1479 2026 non
1523 1982 1606 2026 est
1651 1990 1715 2027 es
1764 1975 1868 2029 hoc
1900 1975 2130 2041 mundo,

543 2069 707 2126 prout
733 2076 826 2114 vos
850 2064 1075 2130 putatis.
1135 2063 1271 2127 Quia
1325 2079 1454 2117 vero
1504 2063 1871 2130 Opinabantur
1919 2075 2135 2133 tempus

541 2154 675 2208 illud
708 2170 818 2207 non
856 2155 1007 2224 regni
1040 2155 1214 2209 solum
1248 2172 1389 2220 esse,
1431 2159 1524 2211 sed
1549 2159 1710 2211 etiam
1747 2157 1995 2226 requivi;
2032 2159 2136 2212 hoc

541 2258 783 2313 quoque,
808 2245 951 2314 quod
983 2245 1034 2296 in
1079 2259 1138 2297 se
1172 2256 1277 2307 est,
1311 2246 1556 2311 corrigit.
1600 2248 1989 2303 demonstrans
2033 2250 2136 2303 hoc

542 2337 727 2405 potius
748 2353 872 2392 esse
897 2347 1113 2406 tempus
1150 2337 1454 2394 aIIIictionis
1490 2342 1749 2396 ctc;edis.
1807 2341 1896 2395 Ait
1938 2344 2082 2396 enim
2113 2363 2128 2398 :

617 2524 774 2578 Vers.
805 2525 898 2579 ΞΩ.
932 2524 1160 2578 Potestis
1189 2555 1258 2564 --
1287 2526 1602 2592 baptizari?
1680 2525 1944 2578 Pomlum
1999 2528 2135 2582 dicit

546 2618 762 2682 mortis,
801 2626 857 2671 et
889 2619 1226 2685 baptismum
1256 2617 1352 2683 qui
1385 2619 1442 2669 tit
1472 2633 1571 2686 per
1601 2620 1954 2686 sanguinem.
1994 2621 2128 2674 Nam

543 2717 594 2761 ct
633 2710 890 2776 poculum
924 2717 979 2762 et
1011 2709 1348 2777 baptismum
1382 2718 1540 2763 vocat
1573 2711 1778 2763 czeilem
1819 2728 1829 2763 :
1875 2712 2134 2780 poculum

544 2801 787 2868 quidem.
826 2811 1016 2870 utpote
1041 2802 1166 2854 I:eto
1197 2801 1383 2854 animo
1436 2817 1532 2866 pro
1571 2802 1884 2856 hominibus
1919 2819 2136 2873 suscep-

551 2899 659 2944 tam
687 2910 699 2954 ;
734 2894 1068 2961 baptismum
1109 2908 1266 2955 vero,
1293 2902 1548 2961 tanquam
1579 2894 2018 2962 purificationem
2055 2897 2135 2965 ip-

547 2999 753 3038 sorum.
789 2985 1010 3040 Addens
1039 2996 1246 3050 autem,
1284 2984 1437 3050 Quod
1471 3004 1564 3054 ego
1597 2987 1853 3040 bibiturus
1882 3007 2021 3052 sum,
2059 3001 2135 3051 et,

549 3074 665 3139 Quo
691 3091 782 3144 ego
810 3077 1070 3146 baptizor.
1095 3078 1427 3141 subindicat,
1451 3079 1593 3148 quod
1621 3079 1709 3148 qui
1747 3079 2137 3136 afﬂictionibus

2237 1977 2542 2044 δυνάμεων.
2591 1977 2653 2028 Ἦ
2693 1976 2803 2044 γάρ
2835 1975 3079 2044 βασιλεία
3109 1976 3141 2044 ἠ
3168 1973 3276 2044 ἐμὴ
3327 1974 3425 2026 οὐκ
3456 1973 3606 2025 ἔστιν
3637 1974 3703 2026 ἐκ
3728 1972 3825 2025 τοῦ

2239 2071 2448 2137 κόσμου
2481 2071 2695 2129 τούτου,
2731 2067 2911 2129 καθὼς
2940 2067 3100 2134 ὑμεῖς
3119 2065 3321 2120 οἴεσθε.
3362 2067 3515 2118 Ἐπεὶ
3547 2067 3605 2118 δὲ
3639 2082 3798 2134 προση

2234 2163 2521 2230 εδὸκησαν,
2583 2161 2643 2212 οὐ
2698 2161 2860 2227 μόνον
2913 2157 3193 2228 βασιλείας
3255 2155 3396 2210 εἶναι
3459 2157 3550 2210 τὸν
3627 2157 3826 2226 καιρὸν

2240 2257 2471 2317 ἐκεῖνον,
2503 2253 2638 2306 ἀλλὰ
2667 2252 2762 2304 καὶ
2789 2251 3173 2313 ἀναπαύσεως,
3209 2252 3302 2303 καὶ
3326 2250 3482 2303 τοῦτο
3508 2251 3826 2318 διορθοῦται

2238 2347 2298 2399 τὸ
2333 2347 2521 2416 μέρος,
2549 2344 2831 2414 ἐμφαίνων
2865 2343 3100 2412 θλίψεως
3133 2343 3338 2413 μᾶλλον
3375 2338 3517 2396 εἶναι
3575 2344 3668 2395 τὸν
3703 2361 3829 2394 και-

2242 2439 2335 2508 ρὸν
2372 2439 2563 2490 τοῦτον
2589 2439 2683 2490 καὶ
2714 2438 2958 2506 σφαγῆς.
2996 2439 3132 2506 Φησὶ
3159 2436 3289 2506 γάρ·

2310 2531 2584 2583 Δύνασοε
2641 2529 3204 2596 -βαπτισθῆναι;
3259 2530 3525 2598 Ποτήριον
3589 2531 3650 2580 τὸ
3729 2529 3824 2582 τοῦ

2240 2622 2471 2676 θανάτου
2520 2623 2692 2690 λέγει,
2747 2624 2843 2675 καὶ
2877 2623 3181 2691 βάπτισμα,
3226 2622 3287 2675 τὺ
3322 2622 3390 2674 δι’
3415 2623 3670 2690 αἵματος.
3716 2623 3831 2692 Τὴν

2243 2717 2460 2784 σφαγὴν
2491 2717 2597 2787 γὰρ
2623 2718 2881 2787 ὀνομάζει
2911 2720 3007 2769 καὶ
3049 2717 3308 2785 ποτήριον
3373 2717 3467 2768 καὶ
3516 2717 3828 2783 βάπτισμα.

2243 2809 2516 2878 Ποτήριον
2571 2807 2694 2877 μὲν,
2750 2808 2826 2872 ὡς
2869 2810 3041 2880 ἡδέως
3087 2809 3514 2877 προσδεχθεῐσαν
3545 2809 3687 2878 ὑπὲρ
3719 2809 3832 2860 τῶν

2241 2899 2572 2966 ἀνθρώπων
2605 2900 2891 2970 βάπτισμα
2922 2901 2998 2962 δὲ,
3035 2900 3109 2963 ὼς
3137 2901 3436 2970 καθάρσιον
3489 2901 3694 2956 αὐτῶν.
3741 2902 3835 2952 ΕΞ·

2242 2990 2359 3044 πὼν
2381 2991 2456 3056 δὲ,
2491 2993 2573 3044 ὅτι
2619 2994 2688 3045 '0
2719 2994 2832 3060 ἐγὼ
2858 2994 3030 3055 πίνω,
3069 2992 3162 3045 καὶ
3198 2994 3262 3045 Ὀ
3290 2992 3403 3062 ἐγὼ
3429 2991 3825 3060 βαπτίζομαι,

2243 3085 2654 3155 παρεδήλωσεν,
2683 3086 2758 3149 ὠς
2790 3089 2816 3139 ὁ
2851 3087 2927 3156 μὴ
2965 3085 3240 3139 κοινωνῶν
3277 3086 3369 3138 τοῦ
3405 3085 3606 3148 πάθους
3636 3084 3830 3150 αὑτοῦ,

548 3169 668 3236 ejus
696 3183 806 3221 non
832 3168 1230 3231 communicat,
1253 3185 1430 3238 neque
1462 3185 1631 3240 regno
1690 3185 1789 3224 suo
1830 3172 2134 3224 communi-

2245 3177 2360 3230 οὐδὲ
2385 3179 2483 3246 τῆς
2516 3177 2792 3247 βασιλείας
2825 3179 2990 3231 αὑτοῦ
3025 3179 3369 3247 κοινωνήσει.

548 3260 707 3314 cabit.

619 3350 776 3403 Vers.
815 3352 904 3406 22.
946 3354 1139 3407 Dicunt
1173 3356 1220 3407 ei
1254 3372 1272 3408 :
1305 3355 1607 3410 Possumus.
1658 3352 1852 3409 Omnia
1909 3356 2140 3422 promit-

549 3452 692 3505 tum,
721 3445 1038 3512 petitionem
1071 3448 1335 3514 consequi
1365 3448 1675 3516 cupientes.
1711 3447 2138 3516 Chrysostomus

548 3546 731 3588 autem
789 3536 922 3590 dicit
957 3539 1101 3606 quod
1157 3555 1339 3606 neque
1374 3540 1574 3605 poculo
1630 3549 1683 3591 et
1722 3539 1995 3606 baptismo
2050 3541 2136 3593 in-

550 3625 803 3688 tellectis,
837 3642 865 3679 a
887 3629 998 3681 sola
1050 3629 1216 3681 animi
1251 3630 1681 3697 promptitudine
1707 3630 1935 3699 gratiam
1991 3648 2141 3702 qua:-

549 3716 762 3770 rebant.
803 3715 943 3781 Quid
971 3733 1102 3787 ergo
1130 3717 1383 3771 Christus
1417 3719 1439 3770 ?

628 3806 781 3861 Vers.
819 3808 908 3861 23.
945 3809 1102 3863 Et—
1130 3810 1556 3878 baplizabimini.
1607 3811 1974 3883 Prophetabat
2033 3816 2138 3881 eis,

550 3901 694 3969 quod
752 3900 856 3970 ipsi
912 3916 1130 3970 quoque
1185 3901 1468 3955 occidendi
1527 3914 1732 3967 essent,
1781 3921 1844 3959 ac
1896 3909 2137 3978 martyrii

554 4001 732 4047 morte
752 3994 1080 4047 honorandi.
1114 3993 1181 4046 Et
1213 3996 1282 4048 de
1304 3994 1506 4049 Jacobo
1570 3997 1790 4064 quidem
1860 4011 2140 4055 noverunt

553 4097 765 4148 onmes,
791 4083 936 4150 quod
968 4084 1034 4135 ab
1068 4082 1283 4135 Herode
1333 4083 1606 4137 tctrareha
1639 4084 1708 4138 sit
1754 4085 2140 4157 interemptus.

553 4175 628 4228 Dc
675 4175 885 4229 Joanne
947 4192 1078 4229 vero
1113 4177 1342 4244 qumstio
1377 4185 1460 4229 est
1500 4177 1642 4244 apud
1692 4181 1912 4234 multos.
1975 4181 2144 4236 Aiunt

552 4266 699 4318 enim
758 4268 901 4334 quod
967 4270 1092 4335 quia
1125 4267 1410 4322 infallibile
1439 4279 1523 4321 est
1562 4269 1763 4324 Christi
1799 4273 2141 4338 vaticinium,

551 4367 606 4411 et
639 4359 726 4411 ille
773 4360 1015 4412 nondum
1041 4363 1285 4430 martyrii
1315 4371 1546 4417 mortem
1579 4365 1861 4428 sustinuit,
1893 4367 2136 4420 nondum

551 4457 799 4504 mortuus
853 4459 960 4513 est,
997 4453 1089 4505 sed
1122 4455 1297 4506 adhuc
1345 4455 1510 4518 vivit,
1557 4467 1611 4510 ct
1681 4473 1803 4511 cum
1845 4456 2027 4512 Enorh
2089 4469 2141 4514 et

2313 3346 2618 3414 Λέγουσιν
2661 3347 2842 3412 αὐτῷ’
2863 3345 3196 3414 Δυνάμεθα.
3233 3343 3422 3399 Πάντα
3449 3345 3825 3413 ἐπαγγέλλον-

2243 3455 2356 3500 ται,
2394 3439 2688 3502 ποθοῦντες
2716 3443 2900 3509 τυχεῖν
2921 3439 3019 3508 τῆς
3034 3439 3322 3509 αἰτήσεως.
3344 3438 3402 3490 '0
3427 3438 3483 3490 δὲ
3513 3438 3827 3505 Χρυσόστο-

2247 3531 2472 3599 μὸς(18)
2503 3548 2689 3604 φησιν,
2717 3529 2933 3584 ὄτιοὺδὲ
2961 3530 3022 3582 τὸ
3045 3530 3305 3600 ποτήριον
3330 3531 3426 3583 καὶ
3449 3529 3510 3580 τὸ
3539 3529 3832 3597 βάπτισμα

2245 3624 2563 3691 νοήσαντες,
2591 3621 2698 3674 ἀπὸ
2726 3623 2825 3692 τῆς
2855 3621 3168 3694 προθυμίας
3201 3623 3371 3692 μόνης
3402 3622 3716 3676 κατέθεντο.
3765 3623 3831 3674 Τί

2245 3713 2339 3766 οὖν
2369 3717 2396 3767 ὀ
2421 3717 2701 3785 Χριστὸςς

2318 3806 2426 3859 Kal
2466 3807 3086 3872 -βιιπτισθήσεσθε.
3135 3806 3554 3876 Πωεφήτευσεν
3617 3808 3828 3871 αὐτοῖς.

2245 3893 2327 3946 ὃτι
2360 3896 2453 3946 καὶ
2483 3897 2635 3945 αὐτοὶ
2669 3897 3067 3965 σφαγήσονται,
3101 3897 3194 3949 καὶ
3228 3894 3568 3965 μαρτυρικοῦ
3597 3895 3829 3951 θανάτου

2248 3985 2775 4054 καταξιωθήσονται.
2840 3987 2952 4039 Καὶ
3013 3990 3141 4055 περὶ
3195 3988 3293 4054 μὲν
3325 3986 3588 4038 Ἰακώϐου
3625 3989 3833 4053 πάντες

2246 4078 2475 4142 οἴδασιν,
2511 4080 2594 4130 ὅτι
2627 4080 2870 4150 ἀνῃρέθη
2907 4078 3058 4149 παρὰ
3102 4080 3342 4147 Ἡρώδου
3376 4080 3467 4132 τοῦ
3501 4082 3830 4151 τετράρχου·

2248 4171 2373 4237 περὶ
2406 4169 2462 4220 δὲ
2497 4169 2589 4221 τοῦ
2662 4171 2911 4223 Ἰωάννου
2964 4168 3196 4239 ζήτησίς
3226 4174 3342 4223 ἐστι
3396 4175 3546 4240 παρὰ
3593 4173 3832 4236 πολλοῖς.

2245 4263 2380 4314 Φασὶ
2413 4264 2541 4331 γὰρ,
2570 4264 2646 4326 ὡς
2672 4264 2795 4315 ἐπεὶ
2824 4264 3064 4332 ἀψευδὴς
3096 4265 3130 4333 ἠ
3159 4263 3254 4315 τοῦ
3291 4265 3527 4332 Χριστοῦ
3579 4266 3836 4336 πρξρῤη-

2249 4376 2352 4421 σις,
2389 4363 2486 4413 καὶ
2515 4360 2668 4412 οὔπω
2705 4361 3042 4430 μαρτυρικὸν
3087 4352 3245 4423 οὗτος
3298 4361 3508 4428 ὑπέστη
3573 4360 3830 4424 θάνατον,

2246 4451 2399 4504 οὔπω
2448 4453 2728 4522 τέθνηκεν,
2762 4453 2880 4506 ἀλλ’
2909 4454 2990 4506 ἔτι
3019 4453 3107 4523 ζῇ,
3139 4455 3233 4506 καὶ
3261 4453 3441 4523 μέλλει
3483 4455 3620 4522 μετὰ
3661 4454 3834 4522 Ἑνὼχ

554 4540 669 4593 Elia
704 4541 847 4594 circa
881 4543 1060 4596 saeculi
1097 4549 1626 4601 consummationem
1662 4549 2001 4603 oc:,-i.Iendus
2034 4561 2134 4604 est.

2249 4545 2342 4596 καὶ
2387 4545 2569 4597 Ἠλιοῦ
2608 4549 2884 4615 σφαγῆναι
2932 4547 3074 4598 κατὰ
3105 4546 3196 4600 τὸν
3244 4548 3342 4615 τῆς
3376 4548 3688 4610 συντελείας
3715 4566 3838 4600 και-

551 4633 975 4703 Chrysostomns
1007 4643 1190 4689 autem
1223 4637 1513 4691 manifeste
1546 4640 1729 4698 docet.
1793 4642 1939 4708 quod
1995 4659 2139 4696 mor-

553 4735 679 4778 tuus
709 4736 788 4779 cst
821 4735 877 4780 et
919 4726 1303 4798 interemptus.
1364 4729 1496 4783 Nam
1544 4733 1961 4801 interpretando
2017 4737 2138 4806 ejus

551 4812 927 4882 Esangelium,
990 4816 1066 4870 ait
1101 4817 1167 4869 de
1206 4818 1298 4870 illo
1319 4818 1556 4872 secunda
1587 4819 1806 4872 homilia
1848 4839 1860 4872 :
1895 4822 2141 4892 Evange-

553 4907 626 4960 lio
696 4915 867 4959 totum
921 4909 1340 4975 comprehendit
1394 4912 1608 4977 orbem,
1693 4928 1923 4982 corpore
2013 4929 2141 4967 vero

561 4999 794 5054 mediam
827 4999 1067 5052 obtinuit
1107 5003 1315 5068 Asiam,
1351 5004 1474 5058 dico
1498 5020 1631 5057 sane
1668 5004 1941 5074 Ephesum
1971 5024 1984 5068 ;
2015 5007 2130 5060 ani-

556 5107 641 5145 ma
673 5099 856 5145 autem
895 5094 960 5146 ad
992 5093 1141 5147 illum
1174 5097 1408 5149 secessit
1433 5098 1609 5151 locum
1639 5099 1729 5167 qui
1766 5099 1974 5152 sanctis
2004 5114 2127 5151 con-

556 5200 724 5252 gruus
761 5193 864 5239 est.
897 5185 954 5238 In
982 5186 1155 5255 prima
1187 5203 1319 5241 vero
1351 5188 1503 5253 dicit,
1539 5191 1683 5258 quod
1713 5191 1878 5244 etiam
1921 5191 2131 5244 Christi

555 5277 689 5331 bibit
724 5280 999 5346 poculum,
1060 5289 1115 5334 et
1171 5281 1442 5350 baptismo
1475 5283 1594 5350 ejus
1639 5284 1942 5352 baptizatus
1977 5294 2058 5338 est
2124 5301 2138 5338 :

662 5462 704 5493 δ’
731 5461 893 5515 Marc.
928 5479 980 5524 χ,
1013 5465 1100 5522 53.
1132 5463 1220 5517 56.

2250 4637 2359 4704 ρόν.
2411 4637 2467 4689 '0
2491 4638 2546 4689 δὲ
2576 4639 2967 4708 Χρυσόστομος
2994 4639 3236 4691 διδάσκει
3268 4640 3543 4710 φανερῶς.
3581 4642 3662 4693 ὅτι
3694 4643 3834 4694 άπέο

2248 4726 2399 4791 θανε,
2435 4731 2529 4782 καὶ
2558 4731 2640 4782 ὅτι
2661 4731 2898 4801 ἐσφάγη·
2939 4731 3000 4783 τὺ
3030 4731 3137 4797 γὰρ
3165 4733 3286 4784 κατ’
3311 4732 3474 4785 αὑτὸν
3497 4733 3834 4800 Εὐαγγέλιον

2249 4821 2594 4891 ἑρμηνεύων,
2631 4823 2689 4874 ὲν
2723 4823 2824 4890 μὲν
2850 4831 2926 4890 τῷ
2955 4822 3068 4894 (I9)
3096 4823 3332 4893 δευτέρῳ
3377 4825 3520 4893 λόγῳ
3550 4827 3680 4895 περὶ
3729 4829 3834 4879 αὖ·

2246 4911 2342 4965 τοῦ
2370 4930 2554 4981 φησιν,
2583 4915 2665 4966 ὅτι
2712 4915 2802 4984 Τῷ
2854 4916 2953 4984 μὲν
2983 4914 3302 4985 Εὑαγγελίῳ
3354 4917 3452 4985 τὴν
3504 4920 3834 4990 οἰκουμένην

2250 5006 2554 5059 κατέλαϐεν
2596 5007 2838 5060 ἃπασανο
2871 5008 2948 5078 τῷ
2985 5009 3043 5060 δὲ
3095 5009 3308 5076 σώματι
3373 5009 3546 5078 μέσην
3597 5013 3833 5081 κατέσχε

2243 5099 2342 5168 τὴν
2384 5101 2590 5163 Ἀσίαν,
2632 5102 2775 5170 φημι
2809 5099 2892 5171 δὴ,
2931 5099 3027 5170 τὴν
3057 5101 3312 5168 Ἔφεσον’
3340 5104 3403 5170 τῇ
3426 5102 3481 5153 δὲ
3517 5105 3661 5174 ψυχῇ
3697 5105 3835 5172 πρὸς

2246 5191 2337 5243 τὸν
2369 5192 2534 5245 τόπον
2569 5193 2878 5264 ἀνέδραμεν
2905 5193 3137 5255 ἐκεῖνον,
3173 5191 3264 5244 τὸν
3291 5195 3403 5255 τοῖς
3435 5194 3612 5262 ἁγίοις
3653 5199 3834 5266 ἁρμό-

2254 5283 2436 5348 ζοντα.
2484 5282 2572 5337 Ἐν
2607 5284 2663 5339 δὲ
2686 5283 2762 5356 τῷ
2803 5283 3004 5358 πρώτῳ
3045 5285 3213 5354 λέγει,
3249 5285 3330 5339 ὅτι
3375 5288 3469 5340 καὶ
3510 5288 3569 5340 τὸ
3594 5288 3709 5359 (‘20)
3740 5309 3835 5343 7T0-

1715 5535 1912 5598 Variao
1960 5537 2260 5602 lectiones
2305 5549 2359 5602 et
2406 5550 2592 5603 notas.

629 5700 743 5771 (I8)
784 5700 936 5756 Tom.
966 5703 1080 5762 VII,
1123 5719 1178 5771 ρ.
1213 5703 1338 5758 646.

629 5770 740 5833 (I9)
769 5771 923 5826 Tom.
966 5773 1098 5836 VIII,
1125 5770 1189 5839 7p.
1219 5775 1269 5830 7.

2322 5712 2432 5780 (9.0;
2483 5710 2640 5765 Tom.
2707 5710 2838 5776 vul,
2889 5727 2942 5780 p.
3007 5711 3063 5764 ει.
3127 5710 3368 5781 Animel
3421 5726 3568 5782 ε”ῧοι
3625 5709 3828 5785 Eum)"
