4020 6486
180 376 273 442 ιιι

1093 369 1489 432 COMMENT.
1536 373 1613 432 ιη
1636 371 2114 432 ΜᾹΤΤΙΙῈΠἈῙ.

2227 369 2386 428 CAP.
2423 367 2550 426 XX.
3371 362 3481 423 552

177 492 367 559 τήριον
409 485 503 538 τοῦ
560 480 803 554 Χριστοῦ
840 481 980 545 ἔπιε,
1012 482 1106 534 καὶ
1156 485 1216 535 τὸ
1269 483 1558 551 βάπτισμα
1600 483 1768 536 αὑτοῦ

1886 484 2162 536 voluntate
2191 480 2336 535 enim
2374 488 2430 531 et
2466 478 2553 531 hic
2582 476 2950 544 interemptus
2972 481 3077 533 est.
3127 472 3299 542 plagis
3331 489 3479 528 tuar-

177 579 527 635 ἑῆαπτίσατο.
558 577 637 645 Τῇ
674 572 992 642 προαιρέσει
1023 572 1132 642 γὰρ
1181 573 1397 642 ἐσφάγη
1443 574 1537 625 καὶ
1587 567 1764 636 οὗτος,

175 670 271 730 τὰς
311 663 655 736 μαρτυρικὰς
689 661 906 731 πληγάς
939 661 1203 724 ὑποστὰς.
1253 665 1346 714 καὶ
1398 663 1571 732 μυρία
1607 664 1760 714 δεινᾶ

178 759 373 815 παθὰι
407 758 495 811 διὰ
528 757 622 809 τὸν
651 755 914 824 Χριστόν.
963 753 1232 826 Ἀθλητὴς
1260 755 1370 824 γάρ
1401 756 1496 807 καὶ
1524 755 1761 824 μάρτυς,

173 854 231 905 οὐ
293 851 456 914 μόνον
520 849 550 901 ὁ
614 847 808 917 βιαίως
865 845 1160 898 ἀποθανὼν
1212 845 1302 898 διὰ
1363 846 1458 898 τὸν
1500 845 1763 915 Χριστὸν,

172 946 306 1000 ἀλλὰ
358 944 454 996 καὶ
489 945 516 996 ὁ
563 938 937 1009 μαστιγωθεὶς
987 942 1082 994 καὶ
1124 939 1523 1007 κακοπαθήσας
1573 936 1639 990 δι’
1671 937 1770 988 αὑο

171 1036 281 1088 τόν.
347 1034 692 1102 Εὐρίσκομεν
747 1030 858 1100 γὰρ
925 1033 1019 1082 καὶ
1093 1031 1234 1099 μετὰ
1295 1029 1487 1083 τοῦτον
1540 1029 1772 1092 πολλοὺς

171 1128 516 1195 ἀθλήσαντας
581 1126 703 1195 μὲν,
757 1124 856 1192 τὴν
903 1123 960 1176 δὲ
1014 1123 1197 1193 ψυχὴν
1229 1125 1286 1175 ὲν
1333 1123 1524 1194 εἰρήνῃ
1583 1139 1767 1192 παρα-

172 1215 436 1281 θεμένους
485 1212 624 1282 Θεῷ.
654 1212 752 1264 καὶ
783 1212 870 1264 διὰ
903 1210 1062 1264 τοῦτο
1089 1214 1255 1280 φήσει
1288 1229 1374 1276 τις
1408 1213 1519 1281 (21)
1565 1212 1765 1274 αὐτοὺς

174 1305 542 1374 ὲκὸεὸλῆσθαι
575 1303 670 1356 τοῦ
695 1303 1035 1374 μαρτυρικοῦ
1074 1303 1408 1370 ἀξιώματος.
1454 1306 1580 1359 Ὀτι
1602 1304 1656 1356 δὲ
1683 1304 1766 1356 τέ·

173 1401 395 1466 θνηκεν,
428 1399 590 1459 αὐτὸς
618 1389 773 1458 οῦτὸς
805 1413 991 1462 φησιν,
1023 1398 1080 1448 ὲν
1104 1396 1181 1461 τῷ
1200 1397 1525 1466 Εὑαγγελίῳ
1549 1398 1645 1465 μὲν
1671 1396 1761 1449 λέ-

167 1506 304 1556 γων,
327 1490 410 1540 ὅτι
432 1491 556 1541 Οὐκ
600 1483 772 1540 εἶπεν
796 1485 958 1551 αὐτῷ
985 1490 1017 1540 ὁ
1059 1486 1320 1554 Ἰησοῦς,
1351 1489 1441 1541 ὅτι
1476 1491 1588 1542 οὐκ
1615 1488 1763 1540 ἁπο-

167 1580 446 1646 θνήσκειο
480 1583 538 1633 ὲν
583 1580 639 1631 δὲ
665 1582 732 1648 τῇ
761 1579 930 1648 βίϐλῳ
959 1580 1057 1647 τῆς
1101 1579 1557 1650 Ἀποκαλύψεως,
1585 1596 1761 1648 προσο

167 1675 305 1742 ὡπῳ
337 1672 434 1724 τοῦ
477 1673 754 1742 Σωτῆρος,
785 1672 868 1723 ὃτι
903 1674 1010 1725 Καὶ
1057 1671 1231 1724 δώσω
1273 1674 1395 1738 τοῖς
1428 1672 1571 1725 δυσὶ
1602 1671 1752 1740 μάρ-

178 1848 354 1923 Ἐνὼχ
403 1857 495 1908 καὶ
533 1853 741 1915 Ἠλίας.

247 1949 321 2000 Τὸ
360 1946 429 1999 δὲ
476 1944 720 1997 καθίσαι
751 1974 820 1983 ——
846 1961 992 2012 μου.
1024 1942 1400 2012 Προλαῦόντες
1438 1943 1770 2012 εἰρήκαμεν,
1804 1945 1850 2003 Β

169 2042 252 2092 ὅτι
317 2039 381 2089 τὸ
437 2037 664 2088 καθίσαι
703 2038 766 2088 ἐκ
816 2035 1030 2099 δεξιῶν,
1065 2035 1096 2105 ἥ
1129 2034 1188 2099 ἐξ
1226 2035 1526 2104 εὐωνύμων
1576 2034 1765 2094 αὑτοῦ,

171 2133 320 2200 ὑπὲρ
371 2131 470 2201 τὴν
512 2129 672 2193 ἀξίαν
735 2130 910 2191 ἐστὶν,
967 2129 1031 2181 οὺ
1088 2129 1253 2197 μόνον
1299 2128 1406 2180 τῶν
1439 2126 1767 2196 ἀνθρώπων,

170 2221 310 2274 ἀλλὰ
343 2222 439 2272 καὶ
471 2221 580 2272 τῶν
609 2218 724 2272 ἄνω
749 2217 1058 2286 δυνάμεωνο
1103 2217 1290 2270 λοιπὸν
1316 2215 1410 2271 οὖν
1449 2217 1625 2280 οὐδεὶς
1672 2234 1773 2269 κα-

172 2315 436 2367 θεδεῖται.
475 2314 584 2365 Καὶ
611 2312 729 2375 πῶς
757 2311 998 2364 ἐνταῦθα
1055 2329 1249 2379 φησιν,
1303 2313 1384 2363 ὅτι
1424 2313 1545 2363 Οὐκ
1596 2309 1770 2362 ἔστιν

170 2403 322 2470 ἐμὸν
352 2402 589 2465 δοῦναι,
621 2402 762 2454 ἀλλ’
790 2401 1042 2454 ἐκείνων
1071 2402 1268 2462 ἐστίν,
1296 2397 1385 2466 οἷς
1408 2401 1771 2468 ἡτοίμασται

173 2497 289 2549 ὑπὸ
335 2495 444 2549 τοῦ
473 2493 702 2561 Πατίός
727 2509 872 2561 μου;
907 2493 1160 2545 Δείκνυσι
1195 2493 1326 2563 γὰρ,
1360 2494 1442 2544 ὅτι
1476 2490 1767 2544 καθεδοῦν-

171 2589 264 2641 ταί
294 2605 462 2651 τινες.
511 2588 762 2653 Λέγομεν
793 2584 912 2650 οῦν,
963 2585 1040 2648 ὼς
1074 2587 1205 2636 ἐπεὶ
1237 2585 1539 2655 προεδρίαν
1565 2587 1621 2634 ἐν
1657 2584 1772 2645 τοῖς

180 2683 460 2751 μαθηταῖς
501 2679 755 2750 ᾐτοῦντο,
813 2679 1003 2731 λοιπὸν
1045 2682 1073 2732 ὁ
1104 2679 1346 2749 Χριστὸς
1397 2677 1673 2747 καθέδραν
1709 2678 1772 2729 ἐκ

174 2775 373 2840 δεξιῶν
409 2775 502 2828 καὶ
558 2773 618 2837 ἐξ
666 2772 963 2843 εὐωνύμων
1013 2774 1166 2842 λέγει
1214 2776 1315 2838 τὴν
1356 2773 1582 2844 πρώτην
1615 2774 1772 2838 τάξιν

176 2872 234 2922 ὲν
267 2870 478 2931 αὐτοῖς,
513 2863 582 2940 ἦς
609 2867 1016 2936 ἀξιωθήσονται
1047 2868 1256 2937 Πέτρος
1311 2867 1406 2919 καὶ
1457 2867 1692 2930 Παῦλος,
1722 2869 1771 2919 οἱ

177 2965 470 3032 κορυφαῖοι
499 2959 609 3012 τῶν
644 2961 929 3031 μαθητῶν,
959 2959 1038 3024 ὼς
1069 2959 1250 3013 πλεῖον
1293 2960 1397 3012 τῶν
1423 2959 1603 3013 ἄλλων
1631 2961 1771 3013 πάν-

174 3073 285 3108 των
317 3053 754 3122 ἀγωνισάμενοι.

249 3148 365 3200 Καὶ
398 3148 515 3208 πῶς
567 3147 595 3199 ὁ
643 3145 1062 3215 παντοδύναμος
1111 3147 1366 3199 ἀδυνατεῖ
1413 3143 1598 3198 δοῦναι
1639 3145 1770 3196 ταύ-

175 3260 277 3311 την
308 3260 322 3306 ;
358 3242 473 3294 Οὐκ
495 3238 664 3303 ἔστιν,
697 3240 838 3310 ὅπερ
866 3236 1043 3304 εἶπεν,
1072 3239 1399 3307 ἀδυναμίας,
1433 3237 1568 3289 ἀλλὰ
1595 3237 1770 3289 δικαι-

177 3334 405 3401 οσύνης.
473 3332 624 3383 Ἐπεὶ
695 3330 805 3400 γὰρ
867 3332 1200 3401 χαρίσασθαι
1252 3332 1438 3394 αὐτοῖς
1487 3328 1586 3398 τὴν
1640 3345 1776 3398 προ-

177 3428 368 3496 εδρίαν
395 3424 642 3496 ᾐτοῦντο,
673 3427 860 3492 φησὶν,
911 3425 994 3476 ὅτι
1025 3424 1140 3476 Οὐκ
1178 3423 1326 3474 ἔστιν
1375 3422 1508 3491 ἐμὸν
1561 3424 1623 3473 τὸ
1677 3421 1776 3490 τὴν

181 3519 415 3591 πρώτην
443 3518 596 3582 τάξιν
623 3517 982 3586 χαρίσασθαι·
1014 3516 1175 3568 τοῦτο
1197 3516 1306 3586 γὰρ
1358 3514 1454 3568 νῦν
1487 3514 1547 3566 τὺ
1595 3513 1777 3566 δοῦναι

181 3615 475 3684 σημαίνει,
528 3611 742 3674 δίκαιος
781 3611 891 3679 γὰρ
923 3612 1060 3680 εἰμι,
1111 3610 1208 3663 καὶ
1240 3608 1773 3679 ἀπροσωπὸληπτος·

179 3709 296 3759 ἁλλ’
351 3705 577 3759 ἐκείνων
613 3706 762 3756 ἐστὶν
811 3704 973 3773 αῦτη,
1038 3698 1120 3764 οἷς
1180 3703 1510 3772 ἡτοίμασται
1543 3702 1648 3753 ὑπὸ
1681 3701 1774 3753 τοῦ

180 3798 398 3871 Πατρός
420 3814 542 3866 μου.
583 3794 944 3864 ἰιτοὶμασται
969 3796 1025 3848 δὲ
1073 3797 1184 3855 τοῖς
1210 3794 1622 3861 δικλιουμὲνοις
1647 3793 1779 3847 ταύ-

178 3905 284 3959 της
325 3889 531 3956 τυχεῖν.
592 3886 666 3938 Οὐ
721 3886 832 3955 γὰρ
894 3885 1056 3954 μόνον
1109 3885 1170 3936 τὸ
1210 3888 1492 3953 κοινωνεῖν
1523 3903 1613 3954 μοι
1677 3886 1778 3954 τῆς

179 3975 400 4043 σψαγῆς
426 3974 674 4042 προξενεί
700 3975 796 4043 τὴν
827 3973 1051 4042 πρώτην
1077 3974 1251 4037 τάξιν,
1292 3975 1428 4027 ἀλλὰ
1448 3976 1510 4027 τὸ
1535 3977 1781 4047 πρωτεῦο

184 4086 279 4121 σαι
349 4068 567 4119 πάντων
598 4068 692 4119 καὶ
721 4069 778 4117 ὲν
809 4067 931 4128 ταῖς
980 4066 1200 4128 λοιπαῖς
1251 4069 1500 4136 ἀρεταῖς.
1564 4067 1781 4120 Ἐντεῦ-

183 4165 279 4214 θεν
305 4160 361 4214 δὲ
395 4159 630 4228 μάλιστα
663 4159 972 4227 παρέθηξεν
995 4159 1216 4221 αὐτούς.
1249 4159 1387 4212 Ὑπὸ
1411 4158 1515 4211 τοῦ
1551 4160 1780 4227 Πατρός

172 4271 304 4322 μου
343 4251 400 4304 δὲ
440 4245 614 4313 εἶπεν,
647 4249 767 4318 ἅμα
810 4249 911 4318 μὲν
941 4251 1034 4305 τὸν
1078 4253 1296 4320 Πατέρα
1327 4250 1525 4320 τιμῶν,
1575 4250 1693 4320 ἅμα
1724 4252 1780 4303 δὲ

184 4349 289 4401 καὶ
320 4347 516 4398 ἑαυτὸν
548 4345 955 4413 συνεμφαίνων,
1010 4345 1086 4406 ὡς
1123 4345 1318 4397 ταύτὸν
1351 4345 1430 4413 τῷ
1479 4345 1657 4413 "arpi
1688 4344 1780 4396 δυ-

182 4441 446 4509 νάμενον.
486 4435 628 4503 Ἐγὼ
660 4439 788 4506 γὰρ,
821 4437 975 4505 φησι,
1003 4441 1101 4489 καὶ
1134 4439 1166 4488 ό
1204 4435 1408 4502 Πατὴρ
1433 4434 1502 4488 ἓν
1531 4436 1742 4500 ἐσμεν.

255 4531 372 4587 Καὶ
399 4560 470 4571 -
501 4530 802 4597 ἀδελφῶν.
837 4532 900 4583 Οἱ
954 4530 1046 4581 δύο
1088 4529 1186 4598 μὲν
1216 4528 1324 4581 τῶν
1363 4529 1494 4580 δέκα
1525 4528 1782 4597 μαθητῶν

1882 576 2006 646 tyrii
2033 574 2330 642 susceptis.
2351 581 2407 626 et
2437 570 2936 637 passusinnumera
2959 574 3178 635 propter
3197 565 3477 619 Christum

1862 667 2129 736 pericula.
2180 664 2313 719 Nam
2366 665 2571 717 athleta
2605 677 2669 716 ac
2703 671 2909 731 martyr
2940 659 3142 713 dicitur
3165 674 3274 712 non
3301 659 3478 711 solmn

1868 759 1959 828 qui
1987 759 2225 811 violente
2259 767 2510 810 mortuus
2537 765 2621 808 est
2669 763 2897 823 propter
2935 751 3242 812 Christmn,
3286 766 3477 803 verum

1868 851 2033 902 etiam
2093 848 2188 916 qui
2257 847 2563 914 ﬂagellatus
2601 855 2704 908 est,
2764 845 2980 913 aliaque
3061 843 3228 894 multa
3283 856 3480 910 passus

1874 950 2102 1009 propter
2151 955 2300 992 eum.
2351 939 2670 992 Invenimus
2722 937 2998 1006 siquidem
3060 944 3116 988 et
3167 943 3291 1003 post
3330 933 3479 987 hunc

1877 1034 2170 1102 plerosque
2195 1027 2434 1086 certasse
2453 1031 2700 1099 quidem,
2736 1043 2925 1081 verum
2976 1026 3214 1078 animam
3255 1024 3308 1076 in
3347 1039 3480 1090 pace

1882 1125 1992 1176 Deo
2021 1122 2438 1177 commendasse
2465 1138 2479 1184 ;
2517 1136 2618 1174 nec
2656 1127 2881 1187 propter
2905 1116 3008 1168 hoc
3035 1114 3182 1167 dicet
3207 1113 3478 1182 quispiam

1874 1231 2017 1269 eosa
2044 1215 2287 1284 martyrii
2320 1213 2590 1268 excidisse
2619 1210 2885 1279 dignitate
2937 1206 3093 1272 Quod
3119 1214 3299 1257 autem
3337 1219 3484 1256 mor-

1876 1317 2003 1361 tuus
2027 1308 2118 1369 sit,
2141 1307 2255 1376 ipse
2297 1308 2441 1360 idem
2466 1307 2542 1359 ait
2567 1306 2620 1356 in
2654 1301 2958 1370 Evangelio
2985 1298 3209 1367 quidem
3239 1296 3430 1350 dicens
3465 1311 3480 1348 :

1873 1400 1989 1453 Non
2015 1401 2150 1453 dixit
2178 1401 2225 1453 ei
2249 1398 2426 1455 Iesus.
2468 1397 2590 1451 Non
2644 1397 2871 1449 moritur
2915 1394 2981 1446 ⁶⁰.
3032 1393 3086 1445 1η
3126 1391 3266 1443 lihro
3297 1397 3479 1442 autem

1873 1493 2228 1562 Apocalypsis
2263 1493 2365 1546 sub
2396 1507 2630 1561 persona
2666 1488 2970 1543 Salvatoris
2997 1504 3011 1539 :
3094 1484 3159 1538 Et
3191 1482 3330 1535 dabo
3351 1481 3484 1532 duo-

1873 1585 1966 1636 bus
1997 1584 2213 1636 testibus
2239 1585 2384 1648 meis,
2418 1592 2466 1636 et
2517 1583 2902 1652 prophcmbuut
2951 1587 3025 1631 tot
3067 1577 3255 1629 diebus
3298 1571 3483 1626 amicti

1869 1675 2036 1728 saccis
2069 1676 2136 1729 ".
2177 1675 2278 1728 llic
2298 1685 2479 1728 autem
2499 1685 2624 1727 sunt
2665 1672 2848 1727 Enoch
2877 1682 2932 1726 et
2958 1671 3124 1724 Elius.

169 1765 317 1824 ιυσι
373 1780 516 1830 μου,
577 1764 672 1815 καὶ
728 1764 1272 1831 προφητεύσουσιν
1336 1763 1564 1833 ἡμέρας
1622 1764 1805 1828 τόσας
1879 1764 2017 1832 (92),
2082 1767 2580 1833 περιϐεϐλημένοι
2637 1765 2936 1828 σάκκους.

3019 1754 3180 1814 υῦτοι
3231 1759 3288 1810 δέ
3341 1758 3481 1809 εἰσιν

1955 1945 2108 2000 Vcrs.
2147 1946 2235 1999 25.
2271 1943 2463 1998 Sedere
2483 1955 2662 1996 autem
2689 1959 2907 1995 -mt0.
2945 1940 3002 1993 In
3043 1938 3482 2008 przrccdentibus

1872 2038 2129 2096 d'ximus,
2159 2037 2305 2106 quod
2339 2037 2531 2090 sedere
2573 2053 2603 2090 a
2633 2034 2878 2090 dexteris
2917 2034 3038 2100 ejus
3068 2042 3165 2085 aut
3214 2032 3479 2095 sinistris,

1872 2129 2088 2184 excedit
2110 2128 2429 2199 dignitatem
2452 2143 2560 2181 non
2589 2126 2872 2181 hominum
2892 2125 3288 2186 solum,verum
3313 2124 3480 2176 etiam

1873 2235 2238 2290 supernarum
2288 2221 2598 2284 virtutum;
2659 2219 2845 2271 nullus
2900 2218 3083 2286 itaque
3135 2215 3368 2268 sedebit.
3417 2216 3482 2269 lit

1873 2313 2154 2382 quomodo
2211 2313 2300 2366 hic
2341 2313 2511 2366 dicit:
2559 2312 2674 2365 Non
2713 2321 2787 2364 est
2845 2328 3017 2363 meum
3059 2310 3214 2371 dare,
3268 2310 3360 2362 sed
3408 2309 3474 2362 iis

1874 2406 2126 2475 contingit
2167 2405 2353 2476 quibus
2383 2416 2634 2475 paratum
2668 2416 2738 2458 est
2767 2421 2797 2455 a
2837 2404 3002 2456 Patre
3041 2418 3152 2456 meo
3185 2404 3208 2456 ?
3267 2400 3474 2454 Osten-

1875 2498 1953 2552 dit
1988 2498 2134 2552 enim
2183 2499 2450 2566 quosdam
2516 2512 2790 2552 sessurus.
2859 2495 3103 2548 Dicimus
3159 2509 3286 2562 ergo
3334 2492 3482 2554 quod

1875 2602 1998 2640 cum
2041 2586 2514 2656 prteemiueutiam
2582 2586 2725 2638 inter
2798 2582 3104 2650 discipulos
3193 2587 3476 2647 petercn',

1875 2693 2024 2732 nunc
2071 2679 2326 2732 Christus
2369 2676 2690 2732 cathedram
2769 2691 2799 2729 a
2841 2673 3053 2728 dextris
3103 2682 3157 2726 ct
3217 2671 3476 2732 sinistris,

1875 2771 2009 2825 dicit
2071 2771 2302 2840 primam
2347 2770 2492 2823 inter
2541 2771 2687 2837 ipsos
2741 2769 2949 2827 sedem,
3008 2762 3377 2835 quo'Petrus
3425 2772 3480 2817 ct

1876 2863 2078 2916 Paulus
2115 2862 2262 2932 digni
2289 2861 2456 2916 habiti
2490 2843 2626 2914 sunt.
2657 2860 2936 2929 principes
2965 2857 3390 2926 discipulorum,
3419 2865 3478 2908 ut

1875 2955 1969 3025 qui
2015 2954 2139 3025 plus
2180 2954 2394 3009 caeteris
2426 2954 2838 3009 laboraverunt.

1948 3159 2014 3212 Et
2043 3157 2318 3227 quomodo
2342 3156 2433 3227 qui
2461 3155 2818 3224 omnipotens
2843 3164 2949 3216 est,
2974 3152 3040 3206 ad
3073 3152 3214 3205 hanc
3243 3151 3479 3205 dandam

1877 3251 2122 3304 redditur
2155 3247 2640 3318 impotens?Quod
2673 3247 2808 3301 dixit
2839 3244 2994 3298 :Non
3021 3252 3119 3301 est.
3160 3257 3270 3296 non
3308 3243 3483 3310 impo-

1881 3341 2065 3394 tentize
2106 3350 2211 3403 est,
2249 3339 2344 3394 sed
2376 3339 2630 3408 iustitiae.
2661 3337 2795 3390 Nam
2839 3337 2964 3405 quia
3010 3337 3178 3405 gratis
3221 3333 3325 3387 sibi
3361 3332 3480 3387 dari

1881 3433 2175 3502 primatum
2210 3433 2470 3501 petebant
2508 3447 2520 3482 :
2556 3429 2673 3483 Non
2739 3439 2842 3492 est,
2879 3429 3077 3498 inquit,
3115 3443 3298 3480 meum
3349 3427 3483 3479 dare

1881 3527 2050 3597 gratis
2081 3527 2376 3596 primatum
2423 3525 2540 3578 sive
2569 3524 2800 3593 primam
2835 3523 3045 3583 sedem,
3089 3520 3141 3575 id
3203 3521 3481 3590 siquidem

1882 3619 2153 3690 signiﬁcat
2182 3619 2349 3679 dare;
2389 3619 2572 3688 justus
2607 3616 2756 3670 enim
2791 3632 2934 3676 Slllll,
2981 3629 3089 3667 non
3117 3629 3479 3682 personarqu

1883 3721 2163 3781 acceptor.
2199 3709 2304 3764 Sed
2336 3710 2458 3771 hoc,
2504 3710 2602 3770 ait,
2634 3717 2719 3762 est
2752 3708 2966 3762 illorum
2994 3706 3196 3775 quibus
3231 3715 3481 3774 paratum

1883 3813 1967 3858 est
2003 3822 2032 3855 a
2057 3803 2218 3855 Patre
2249 3817 2393 3855 meo.
2436 3801 2692 3854 Paratum
2730 3810 2814 3854 est
2855 3809 3038 3854 autem
3079 3799 3164 3852 his
3196 3799 3285 3867 qui
3332 3798 3481 3867 digni

1883 3899 2011 3946 sunt
2042 3899 2101 3942 ut
2133 3891 2233 3943 hoc
2267 3899 2698 3958 consequantur.
2725 3887 2842 3942 Non
2864 3888 3009 3941 enim
3042 3887 3154 3940 sola
3181 3883 3313 3939 mihi
3335 3887 3482 3938 czede

1884 3981 2292 4036 communicare
2343 3982 2576 4051 primam
2631 3981 2886 4036 conciliat
2936 3979 3146 4042 sedem,
3204 3979 3298 4032 sed
3369 3979 3482 4046 pri-

1886 4089 2002 4127 mas
2068 4072 2314 4125 omnium
2377 4071 2519 4125 ferre
2565 4073 2727 4125 etiam
2773 4071 2826 4124 in
2889 4071 3107 4124 ueteris
3159 4067 3479 4121 virtutibus.

1886 4165 2018 4219 Inde
2071 4173 2251 4217 autem
2291 4165 2525 4218 maxime
2563 4164 2803 4217 traduxit
2853 4162 2995 4216 illos.
3060 4160 3102 4213 Α
3157 4159 3319 4212 Patre
3370 4175 3483 4210 meo

1885 4269 2069 4314 autem
2112 4259 2274 4323 dixit,
2326 4269 2439 4312 tmn
2494 4269 2553 4313 ut
2585 4258 2800 4311 Patrem
2870 4258 3189 4318 honoraret,
3255 4265 3368 4306 tum
3426 4261 3486 4306 ut

1886 4353 2130 4420 seipsum
2156 4351 2848 4418 demonstrarettanquam
2947 4349 3088 4402 idem
3156 4362 3277 4398 cum
3322 4345 3482 4398 Patre

1885 4452 2188 4513 potentem.
2217 4442 2350 4514 Ego,
2372 4443 2568 4512 inquit,
2599 4453 2644 4495 ct
2668 4443 2836 4496 Pater
2863 4458 3026 4494 unum
3061 4454 3241 4492 sumus
3271 4437 3338 4490 θ’.

1964 4535 2120 4589 Vers.
2155 4534 2246 4588 24.
2286 4533 2740 4604 fit—fratribus.
2777 4533 2894 4584 Duo
2918 4530 3139 4600 quidem
3176 4542 3341 4596 supra
3385 4526 3485 4578 de-

181 4622 646 4692 κετεπήρθησαν·
674 4622 721 4672 ci
751 4621 884 4674 δέκα
909 4620 984 4681 δὲ,
1020 4622 1133 4680 τοῖς
1159 4619 1279 4671 δυσὶ
1315 4619 1588 4688 μαθηταῖς
1621 4617 1774 4685 ἑφθά.

1890 4642 2010 4681 cem
2053 4625 2355 4694 discipulos
2382 4625 2512 4678 elati
2545 4626 2801 4678 fuerant:
2831 4623 3022 4677 decem
3075 4638 3206 4675 vero
3232 4620 3300 4673 de
3348 4619 3485 4672 duo-

184 4735 386 4788 νησαν,
407 4715 515 4766 τῶν
544 4713 829 4782 πρωτείων
847 4713 1182 4781 ἐφιεμένοις.
1221 4711 1381 4764 Οῦτω
1408 4711 1612 4773 πάντες
1639 4707 1783 4781 ἦσαν

183 4811 426 4872 ἀτελεῖς,
461 4807 628 4874 μήπω
660 4807 755 4858 τοῦ
796 4807 942 4859 θείου
985 4805 1302 4875 Πνεῦματος
1333 4806 1790 4875 ἐπιφοιτήσαντος

180 4908 394 4967 αὐτοῖς.
414 4902 554 4955 Ἀλλ’
582 4902 709 4952 ῦστε
718 4918 812 4970 ρον
830 4902 1026 4963 αὐτοὺς
1046 4899 1354 4968 κατάμαθε,
1385 4901 1478 4950 καὶ
1496 4897 1618 4966 ὄψει
1648 4915 1789 4950 παν-

181 5002 276 5061 τὸς
321 4996 529 5057 πάθους
564 4994 1046 5063 ἀπηλλαγμένους,
1073 4993 1170 5045 καὶ
1199 4991 1464 5060 ἀλλήλους
1496 4991 1792 5047 ἐπαινοῦνα,

185 5107 314 5153 τας,
346 5087 441 5140 καὶ
488 5084 738 5155 ἀλλήλοις
775 5084 886 5136 τῶν
937 5085 1228 5155 πρωτείων
1285 5083 1784 5156 παραχωροῦντας.

303 5235 350 5266 ⁸⁸
371 5233 529 5289 Joan.
563 5249 678 5296 χχι,
707 5231 798 5286 ‘25.
916 5232 957 5264 ⁶¹
1001 5234 1173 5302 Apoc.
1202 5249 1276 5297 ιιι,
1319 5233 1374 5286 5.

1891 4720 1994 4773 ltus
2031 4716 2374 4780 invidebant,
2411 4731 2477 4769 eo
2512 4715 2657 4784 quod
2687 4716 2888 4784 primas
2917 4713 3078 4768 Sedes
3129 4711 3482 4766 desiderave-

1892 4817 2050 4874 rant;
2083 4815 2138 4861 et
2164 4808 2236 4860 ita
2274 4821 2466 4861 omnes
2501 4805 2813 4875 imperfecti
2851 4815 3027 4859 erant.
3056 4803 3307 4857 Nondum
3333 4801 3482 4854 enim

1889 4900 2128 4970 Spiritus
2162 4908 2386 4954 sanctus
2417 4899 2800 4953 descenderat.
2843 4897 2951 4952 Sed
2989 4895 3338 4966 postmodum
3397 4892 3485 4961 ip-

1889 5008 1981 5047 sos
2012 4992 2257 5062 perfecte
2289 4991 2631 5062 cognoscito,
2692 4999 2749 5044 et
2811 4989 3027 5044 videbis
3078 4989 3228 5042 omni
3283 4983 3483 5038 aﬂectu

1887 5085 2112 5150 liberos,
2149 5099 2213 5140 ac
2242 5084 2476 5138 invicem
2507 5083 2860 5149 extollentes,
2886 5090 2943 5136 et
2972 5091 3166 5135 mutuo
3212 5077 3484 5149 primatus

1487 5231 1532 5261 “
1563 5229 1721 5284 Joan.
1753 5245 1807 5296 ι,
1841 5229 1932 5285 50.

1389 5389 1593 5451 Variae
1622 5389 1930 5452 lectiones
1973 5395 2036 5450 et
2083 5396 2272 5450 nolze.

193 5543 368 5596 mium
397 5548 496 5604 pro
522 5533 697 5603 prima
748 5532 975 5587 homilia
1023 5533 1301 5595 habuisse,
1335 5535 1478 5602 quod
1533 5534 1783 5586 nonnulli

191 5629 298 5675 pro
351 5603 670 5678 priefatione
734 5605 960 5657 habent.
1020 5603 1387 5658 Consentium
1441 5604 1680 5658 Savilius
1735 5614 1787 5656 et

192 5675 667 5737 Montel‘alconius.

269 5753 383 5819 (9.1)
419 5747 582 5801 Forte
614 5745 810 5807 οὖδεις,
842 5747 1000 5801 simili
1048 5745 1352 5801 llcnleuius
1384 5761 1600 5816 quoque
1635 5747 1785 5800 video

195 5834 285 5882 tur
329 5821 535 5893 legisse.

1969 5532 2079 5594 (9.2)
2111 5533 2286 5598 Ίξόσας
2312 5532 2553 5602 scripsit.
2587 5533 2734 5602 qttod
2767 5549 3030 5587 numeros
3056 5533 3259 5586 referre
3285 5533 3478 5587 noluit.

1897 5603 2170 5673 Cancrum
2217 5620 2324 5655 non
2396 5603 2661 5673 intelligo.
2728 5605 3003 5672 quomodo
3055 5604 3170 5656 haec
3231 5605 3480 5670 probent,

1893 5672 2163 5727 Joannem
2218 5672 2606 5744 evangelistam
2645 5687 2919 5729 mortuqu
2958 5691 3095 5730 esse.
3155 5673 3308 5741 Vide,
3362 5690 3482 5744 qua:

1895 5744 2002 5797 dixi
2035 5744 2084 5797 iu
2121 5745 2357 5798 editione
2387 5743 2452 5798 Ν.
2486 5746 2634 5800 'l‘cst.
2669 5750 2732 5799 ad
2767 5745 2924 5801 Joau.
2965 5764 3070 5808 xxi,
3105 5747 3193 5799 ‘35.
