4020 6518
572 480 682 547 555

1818 481 2203 541 EUTHYMII
2244 481 2605 542 ZlGABENI

3727 483 3833 549 556

558 603 663 658 est,
688 599 745 647 ut
772 591 1135 665 vulgnsdl'cit,
1157 590 1539 647 cambiatores.
1567 591 1698 646 Nam
1723 592 1984 655 κόλλυϐος
2009 593 2130 646 οὶιοι

2259 594 2539 658 Κόλλυὸος
2571 597 2705 665 γὰρ,
2734 596 2762 648 6
2788 595 2995 662 ὀϐολὸς,
3030 597 3122 651 καὶ
3169 596 3472 660 κολλυϐίζω
3509 597 3726 666 ὶέγεται
3775 600 3835 652 τὸ

553 689 665 750 ius,
698 696 752 741 et
783 685 1084 748 κολλυῦίξω
1133 695 1415 740 commuto
1451 685 1673 740 dicitur.
1727 685 2014 757 Ingressus
2057 694 2144 738 est

555 794 683 848 ergo
711 776 963 831 Christus
995 775 1256 845 templum
1290 791 1416 830 cum
1461 792 1652 849 magna
1688 777 1968 840 libertate,
2019 785 2145 829 tan-

553 886 716 939 quam
748 867 1141 937 pmerv'amilias
1176 867 1402 923 domum
1460 884 1636 934 suam,
1665 879 1722 923 et
1771 881 1865 922 cos
1896 866 1988 937 qui
2034 868 2146 936 jam

553 962 683 1016 dicti
713 968 841 1014 sunt
872 961 1052 1028 eiecit,
1111 975 1174 1014 ac
1213 960 1512 1030 potentiam
1557 956 1728 1031 qu’am
1780 967 1841 1013 ut
1890 957 2034 1012 Deus
2065 958 2133 1012 ad

554 1067 746 1109 omnes
774 1053 1029 1118 habebat,
1071 1052 1453 1118 manifestans,
1485 1062 1538 1107 et
1578 1061 1800 1122 pr0pter
1827 1050 2148 1126 immunita-

552 1155 658 1202 tem
686 1161 716 1199 ιι
747 1154 971 1215 peccato
1003 1143 1306 1211 confidens,
1334 1145 1465 1199 hinc
1495 1145 1714 1215 quidem
1739 1155 1966 1199 ornatus
2007 1155 2148 1198 tem-

553 1239 627 1308 pli
658 1238 744 1293 sui
778 1253 962 1291 curam
1010 1239 1194 1301 habet,
1225 1239 1354 1292 hinc
1390 1250 1572 1292 autem
1599 1225 1992 1292 sacrificiorum
2027 1250 2149 1305 qua:

552 1346 646 1398 per
679 1331 1002 1401 sanguinem
1055 1331 1192 1384 fiunt
1239 1329 1590 1399 rejectionem
1639 1330 1972 1383 manifestat.
2006 1327 2147 1382 Pra-

552 1432 700 1476 terea
730 1421 954 1475 instruit
985 1436 1084 1476 nos
1107 1429 1166 1474 ut
1188 1435 1287 1490 pro
1319 1418 1564 1474 Ecclesia
1591 1419 1762 1475 libere
1792 1433 2036 1490 agamus.

623 1511 777 1568 Vers.
826 1511 908 1566 15.
946 1511 1011 1565 Et
1039 1541 1109 1554 υ-
1133 1512 1427 1566 vocabitur.
1486 1511 1765 1581 Scriptum
1802 1521 1885 1566 est
1926 1510 1980 1563 in
2013 1522 2145 1578 pro-

549 1603 715 1676 phata
747 1605 903 1659 lsaia.

623 1696 780 1753 Vers.
847 1698 935 1751 15.
987 1695 1491 1752 Vos—latronum.
1547 1695 1808 1751 Latrones
1841 1694 2143 1750 nominavit

547 1806 643 1846 eos
674 1793 766 1862 qui
800 1792 856 1844 in
913 1790 1006 1844 illo
1065 1791 1546 1860 cauponabantur,
1608 1788 1752 1859 quod
1783 1787 1852 1842 ad
1915 1785 2138 1841 modum

548 1884 817 1937 latronum
845 1881 1010 1934 lucris
1043 1879 1322 1934 inhiarent
1353 1897 1363 1932 :
1402 1880 1641 1933 latrones
1680 1877 1954 1948 siquidem
1995 1876 2135 1930 lucri

2253 685 2644 741 καταλλάσσω.
2687 687 2954 759 Εἰσῆλθεν
3005 685 3102 744 οὖν
3136 691 3163 743 ὀ
3198 691 3431 758 Χριστὸς
3479 691 3559 751 είς
3588 690 3648 742 τὸ
3689 691 3834 761 ἱερὸν

2255 781 2394 847 μετὰ
2427 781 2762 851 παρρησίας,
2793 780 2866 844 ὡς
2893 781 3309 852 οἰκοδεσπότης.
3364 781 3621 846 Ἐξέεαλε
3651 781 3708 834 δὲ
3739 782 3835 835 καὶ

2249 871 2380 933 τοὺς
2413 871 2708 939 ῥηθέντας,
2734 873 2828 925 καὶ
2845 872 2912 924 τὰ
2944 873 3198 944 ρηθέντα,
3231 877 3329 941 τήν
3352 890 3408 925 τε
3439 871 3580 926 κατὰ
3613 873 3834 925 πάντων

2250 961 2525 1026 ἐξουσίαν,
2561 963 2629 1033 ἢν
2681 963 2756 1026 ὡς
2813 961 2947 1026 Θεὸς
3007 961 3142 1033 εἶχε,
3193 963 3592 1031 παραγυμνῶν,
3640 962 3737 1015 καὶ
3766 968 3833 1033 τῇ

2249 1050 2645 1122 ἀναμαρτησίᾳ
2681 1050 3040 1121 τεθαρρηκώς
3074 1070 3088 1083 ο
3129 1052 3225 1105 καὶ
3271 1050 3429 1104 τοῦτο
3463 1052 3582 1120 μὲν,
3616 1051 3714 1120 τῆς
3745 1053 3834 1103 εὖ·

2249 1145 2491 1214 κοσμίας
2543 1140 2640 1197 τοῦ
2703 1146 2902 1198 οἰκείου
2955 1145 3085 1198 ναοῦ
3141 1146 3484 1215 φροντίζων·
3536 1144 3699 1197 τοῦτο
3751 1144 3832 1204 δὲ,

2249 1236 2539 1308 προδηλῶν
2581 1236 2681 1306 τὴν
2738 1235 2972 1306 ἐκϐολὴν
3011 1236 3120 1289 τῶν
3171 1235 3241 1288 δι’
3299 1235 3538 1306 αἵματος
3595 1235 3830 1288 θυσιῶν⁹

2253 1327 2413 1381 τοῦτο
2455 1327 2634 1382 δὲκαὶ
2677 1328 2946 1382 παιδεύων
2987 1329 3156 1399 ἡμᾶς,
3193 1327 3336 1398 ὑπὲρ
3368 1329 3465 1397 τῆς
3509 1327 3834 1397 Ἐκκλησίας

2247 1419 2758 1492 παρρησιάζεσθαι.

2317 1515 2428 1568 Kal
2471 1543 2530 1556 -
2561 1513 2955 1584 κληθήσεται.
3016 1515 3334 1587 Γέγραπται
3359 1517 3418 1569 ὲν
3460 1514 3539 1586 τῷ
3570 1516 3822 1586 προςιήτῖ

2255 1607 2483 1686 Ἡσαΐᾳ.

2329 1696 2902 1768 Ὑμεῖς-λῃστῶν.
2968 1696 3191 1769 Λῃστὰς
3277 1698 3529 1770 ὠνόμασε
3591 1701 3716 1761 τοὺς
3772 1701 3829 1752 ὲν

2243 1791 2394 1863 αὐτῷ
2432 1791 2873 1862 καπηλεύοντας,
2933 1792 3023 1844 διὰ
3070 1791 3131 1843 τὸ
3179 1771 3388 1861 ὁμοίως
3448 1794 3561 1853 τοῖς
3595 1790 3828 1863 λῃσταῖς

2244 1882 2610 1954 φιλοκερδεῖν.
2677 1884 2741 1936 Oi
2772 1881 2972 1955 λῃσταὶ
3005 1883 3115 1955 γὰρ
3167 1882 3534 1953 φιλοκερδεῖς.
3594 1885 3659 1934 Ἦ
3692 1882 3825 1935 διότι

544 1973 804 2027 aviditate
837 1979 1118 2027 tenentur.
1149 1971 1256 2024 Aut
1295 1970 1421 2041 quia
1463 1986 1528 2024 ea
1577 1985 1702 2040 qua:
1747 1943 2130 2024 vendebantur

2240 1943 2308 2031 τὰ
2343 1943 2672 2046 πωλούμενα
2711 1977 2771 2042 ἐξ
2811 1943 3099 2048 "tignariis
3141 1943 3236 2031 καὶ
3290 1943 3612 2042 πλεονεξίας
3658 1972 3819 2046 ἦσαν.

543 2081 614 2121 ex
647 2066 834 2135 rapina
860 2065 943 2119 vel
967 2063 1196 2119 avaritia
1226 2071 1404 2117 erant.
1436 2061 1492 2116 In
1516 2059 1752 2116 Ieremia
1785 2073 1968 2115 autem
1996 2059 2136 2114 scri-

544 2168 699 2228 ptum
743 2164 828 2212 est
881 2173 897 2212 :
954 2155 1094 2210 Nunt
1142 2155 1393 2220 spelunca
1437 2153 1708 2208 latronum
1765 2153 1951 2206 domus
2021 2167 2137 2204 mea

544 2251 741 2306 est"?

824 2364 976 2421 CAP.
1021 2363 1206 2418 XLVI.
1245 2362 1322 2417 De
1355 2362 1504 2417 caecis
1531 2369 1578 2414 et
1603 2359 1826 2414 claudis.

623 2461 771 2516 Vers.
814 2461 901 2513 H.
962 2457 1028 2511 Et
1058 2487 1126 2496 -
1165 2473 1270 2512 eos.
1334 2456 1574 2510 Claudiis
1601 2464 1687 2509 est
1743 2450 1995 2523 quisquis
2028 2466 2137 2504 non

550 2566 697 2611 recta
727 2553 792 2607 ad
825 2552 1080 2606 virtutem
1131 2548 1356 2602 incedit.
1399 2547 1460 2600 Et
1485 2562 1664 2600 c.rcus
1696 2555 1780 2600 est
1827 2545 2009 2600 omnis
2042 2544 2135 2613 qui

546 2648 690 2719 quod
730 2647 932 2700 honmn
960 2652 1037 2696 est
1077 2658 1138 2696 ac
1169 2640 1456 2694 lioncstum
1493 2657 1598 2693 non
1633 2641 1896 2694 intuetur.

621 2738 770 2794 Vers.
809 2736 896 2790 l5.
946 2733 1185 2790 Videntes
1227 2763 1298 2771 —
1327 2733 1592 2802 indignati
1647 2741 1790 2785 sunt.
1845 2730 2134 2800 Dispensa-

542 2834 684 2889 torie
726 2821 1002 2887 ordinavit
1058 2828 1223 2890 Deus,
1255 2839 1316 2880 ut
1354 2827 1509 2896 pueri
1546 2840 1764 2894 quoque
1853 2824 2136 2879 laudarent

542 2937 667 2977 eum
707 2938 721 2974 :
766 2934 876 2990 quo
918 2918 987 2972 ab
1016 2916 1164 2970 omni
1207 2915 1644 2970 contradictione
1714 2913 2137 2968 excluderentur

540 3012 736 3077 Judaei,
800 3011 1052 3065 videntes
1093 3007 1230 3063 ﬁlios
1261 3008 1369 3075 qui'
1391 3006 1534 3077 apud
1578 3021 1637 3061 se
1664 3005 1882 3060 fuerant
1910 3003 2134 3059 enutriti

538 3119 605 3158 ac
638 3101 912 3166 instructi,
939 3097 1262 3154 mirabiliter
1295 3113 1360 3152 ac
1425 3097 1920 3167 supcrnaturaliter
1957 3102 2136 3151 motos

537 3196 607 3251 ad
637 3193 839 3250 Christi
871 3191 1117 3246 laudem.
1152 3189 1353 3244 Verum
1402 3189 1477 3242 illi
1521 3198 1650 3242 sunt
1706 3203 1772 3241 ex
1822 3187 1930 3241 hoc
1961 3185 2135 3240 multo

539 3284 1181 3357 impudentiores,atque
1213 3280 1418 3335 invidia
1443 3279 1648 3349 dirupti
1687 3279 1991 3333 insaniunt.

607 3380 766 3436 νει-ε.
803 3376 886 3430 16.
915 3373 984 3427 Et
1017 3402 1084 3412 -—
1126 3373 1348 3427 dicunt?
1381 3371 1423 3427 Ο
1452 3369 1886 3440 impudentiam!
1914 3381 2131 3436 aequum

538 3473 722 3544 potius
787 3477 908 3522 erat
971 3463 1264 3519 utdiceret
1294 3463 1375 3517 eis
1406 3461 1664 3516 Christus
1696 3478 1709 3514 :
1743 3461 1964 3515 Auditis
1998 3459 2132 3529 quid

535 3565 730 3620 dicunt
762 3563 816 3617 hi
851 3560 944 3614 filii
970 3559 1160 3624 vestri,
1188 3557 1280 3626 qui
1339 3571 1424 3611 me
1485 3571 1765 3626 nunquam
1818 3555 2077 3609 viderunt
2110 3553 2133 3608 ?

611 3747 768 3803 Vers.
805 3743 892 3798 16.
924 3736 1279 3796 Iesus—autem
1309 3769 1379 3778 —-
1402 3738 1605 3808 utique.
1636 3738 1896 3805 Omnino,
1925 3739 2128 3809 inquit,

537 3843 724 3900 audio.
777 3840 846 3894 Et
897 3837 1021 3907 quia
1085 3834 1380 3906 plurimum
1427 3834 1774 3902 impudentes
1801 3834 2128 3888 erantsicut

537 3937 800 4000 diximus,
835 3930 1200 4004 increpatooria
1233 3941 1363 3980 usus
1383 3923 1868 3994 estresponsione,
1897 3926 2084 3979 dicens
2111 3939 2126 3978 :

609 4051 767 4106 Vers.
828 4046 916 4100 16.
974 4043 1356 4114 Nauquam—
1395 4041 1654 4096 laudem?
1705 4039 1873 4094 David
1911 4040 2122 4094 dictum

536 4151 643 4208 est,
673 4156 785 4212 quo
843 4154 906 4194 ea
948 4153 1072 4207 quae
1137 4145 1268 4189 tunc
1299 4133 1972 4203 fiebantprophetaverat.
2013 4134 2126 4186 Ita-

536 4251 644 4307 que
669 4243 896 4302 stupore
923 4227 1306 4300 plenissimum
1340 4237 1425 4280 est
1461 4227 1568 4281 hoc
1603 4220 2126 4280 miraculutn.'l‘unc

539 4329 684 4385 enim
708 4327 911 4382 chorus
967 4337 1264 4393 puerorum
1301 4320 1620 4374 lactentium
1680 4319 1830 4374 clare
1907 4319 2126 4372 locutus

537 4430 644 4476 est.
672 4417 953 4488 Siquidem
1018 4429 1130 4467 non
1189 4411 1516 4481 simpliciter
1580 4411 1735 4480 pueri
1802 4417 1982 4468 erant.
2027 4408 2124 4462 sed

537 4508 690 4582 pueri
728 4505 963 4561 infantes
983 4519 1046 4558 ac
1070 4504 1356 4558 lactentes.
1391 4499 1673 4556 Perfecisti
1738 4514 1892 4561 vero,
1930 4497 1981 4552 id
2012 4508 2120 4562 est,

537 4601 838 4671 perfectum
895 4613 958 4650 ex
1023 4593 1344 4665 imperfecto
1371 4609 1467 4648 ore
1501 4591 1695 4646 fecisti.
1729 4591 1879 4645 Bene
1938 4602 2119 4645 autem

2253 2068 2342 2121 Ἐν
2373 2068 2450 2139 τῷ
2502 2068 2744 2140 Ἱερεμίᾳ
2771 2069 2828 2122 δὲ
2858 2069 3192 2140 γέγραπται,
3230 2068 3326 2138 Μὴ
3381 2068 3693 2138 σπήλαιον
3718 2071 3831 2136 λῃ-

2240 2159 2408 2213 στῶν
2438 2163 2470 2215 ό
2504 2158 2672 2228 οἶκός
2694 2163 2810 2232 μού
2851 2161 2986 2215 ἐστι
3012 2177 3032 2226 ;

2348 2373 2503 2428 ΚΕΦ.
2535 2373 2682 2438 Μαι.
2727 2373 2862 2440 Περὶ
2893 2371 3012 2425 τῶν
3057 2371 3298 2440 τυφλῶν
3329 2372 3426 2425 καὶ
3482 2371 3716 2442 χωλῶν.

2311 2465 2419 2518 Καὶ
2445 2463 2768 2529 -αιίτούς.
2807 2463 2994 2528 Χωλός
3053 2465 3170 2516 ἐστι
3205 2464 3298 2516 καὶ
3333 2467 3441 2527 πᾶς
3463 2467 3490 2518 ὁ
3518 2467 3594 2535 μὴ
3621 2467 3823 2534 βαίνων

2239 2558 2378 2630 ὀρθᾶ
2397 2559 2535 2629 πρὸς
2568 2558 2776 2628 ἀρετήν
2801 2575 2814 2589 ·
2873 2558 3073 2626 τυφλός
3120 2559 3230 2627 μισ)
3262 2561 3376 2611 ἐστι
3420 2561 3517 2612 καὶ
3547 2563 3651 2622 πᾶς
3686 2563 3714 2614 6
3749 2564 3824 2634 μὴ

2247 2651 2386 2704 νοῶν
2417 2650 2478 2702 τὸ
2511 2650 2698 2703 καλόν.

2322 2742 2581 2808 Ἰδόντες
2609 2771 2678 2782 --
2706 2740 3162 2810 ἠγανάκτησαν.
3214 2744 3578 2813 ’ῼκονόμησεν
3614 2748 3640 2799 6
3666 2747 3822 2809 Θεὸς,

2239 2834 2489 2897 καὶτοὺς
2525 2835 2722 2896 παῖδας
2757 2833 3006 2901 ὑμνῆσαι
3036 2833 3225 2898 αὑτὸν,
3262 2835 3350 2887 ἵνα
3397 2837 3579 2904 πάσης
3612 2836 3827 2889 ἀντιλο-

2239 2928 2364 2997 γίας
2395 2926 2835 2980 ἀποκλειτίέῶσιν
2881 2926 3152 2987 Ἰουδαῖοι,
3189 2926 3480 2994 βλέποντες
3515 2928 3584 2980 τὰ
3624 2928 3824 2997 ἔκγονα

2238 3019 2439 3084 αὐτῶν,
2476 3018 2542 3071 τὰ
2573 3017 2702 3089 παρ’
2726 3018 2913 3080 αὐτοῖς
2943 3019 3257 3088 τρεφόμενα
3299 3019 3392 3071 καὶ
3429 3019 3820 3088 παιδευόμενοι,

2237 3111 2535 3180 κινούμενα
2587 3109 2725 3178 πρὸς
2760 3110 2933 3178 ῦμνον
2963 3109 3058 3162 τοῦ
3087 3110 3326 3179 Χριστοῦ
3379 3111 3700 3182 παραδόξως
3727 3115 3822 3165 καὶ

2239 3204 2539 3274 ὑπερφυῶς
2560 3221 2574 3234 ⁸
2602 3205 2655 3257 οῑ
2687 3204 2745 3257 δὲ
2777 3203 3142 3275 σφοδρότερον
3179 3205 3380 3274 μᾶλλον
3403 3203 3818 3273 ἀναισχυντοῦσι

2160 3287 2204 3350 C
2239 3298 2331 3351 καὶ
2354 3297 2429 3368 τῷ
2466 3297 2645 3368 φθόνῳ
2672 3296 3136 3368 διαῤῥηγνύμενοι
3164 3296 3473 3367 μαίνονται.

2304 3390 2416 3444 Kal
2445 3420 2515 3430 —
2552 3387 2881 3458 .Iérovatr;
2922 3391 2984 3442 Ὦ
3038 3389 3140 3460 τῆς
3197 3389 3502 3451 ἀναιδείαςί
3553 3389 3646 3442 τὸν
3683 3390 3820 3460 Χρι-

2234 3485 2360 3537 στὸν
2417 3483 2566 3546 εἰκὸς
2623 3478 2693 3555 ἦν
2741 3485 2918 3536 εἰπεῖν
2974 3483 3112 3556 πρὸς
3156 3484 3378 3548 αὐτοὺς,
3456 3483 3711 3537 Ἀκούετε
3763 3483 3818 3537 τί

2233 3571 2379 3630 οὗτοι
2431 3575 2703 3644 λέγουσιν,
2762 3576 2812 3629 oi
2871 3575 3065 3640 παῖδες
3118 3577 3294 3646 ὑμῶν,
3338 3578 3387 3629 οξ
3437 3576 3710 3647 μηδέποτέ
3747 3593 3816 3646 με

2234 3666 2571 3738 θεασάμενοι
2591 3685 2607 3728 ς

2315 3762 2378 3815 '0
2409 3760 2476 3815 δὲ
2503 3759 2745 3830 Ἰησοῦς
2777 3792 2846 3804 -
2872 3763 2995 3818 ναί.
3040 3763 3168 3830 Ναὶ,
3219 3762 3402 3835 φησὶν,
3439 3762 3644 3818 ἀκούω.
3705 3766 3816 3819 Καὶ

2231 3855 2360 3906 ἐπεὶ⁴
2396 3853 2530 3925 (47),
2569 3854 2646 3918 ὡς
2677 3855 2910 3925 ἔφημεν,
2973 3856 3179 3926 σφόδρα
3227 3856 3646 3927 ῄναισχύντουν,
3692 3859 3813 3911 6n;-

2231 3945 2682 4016 πληκτικώτερον
2708 3947 2976 4018 κέχρηται
3007 3950 3073 4016 τῇ
3115 3949 3382 4019 ἀπολογίᾳ
3409 3944 3583 4018 λέγων
3617 3965 3634 3982 ο

2307 4037 2607 4092 Οὐδέποτε
2643 4067 2716 4080 -
2760 4036 2983 4104 uiror;
3039 4041 3146 4093 Τοῦ
3183 4041 3347 4093 Δαυῒδ
3389 4042 3487 4110 μὲν
3520 4043 3580 4093 τὸ
3624 4043 3812 4113 ῥητὸν,

2231 4131 2572 4199 προεφήτευε
2599 4128 2655 4182 δὶ
2677 4129 2745 4183 τὰ
2772 4130 3074 4201 τηνικαῦτα
3094 4133 3374 4202 γινόμενα.
3399 4132 3813 4204 Ἐκπληκτικὼ-

2226 4235 2391 4272 τατον
2443 4217 2537 4272 οῦν
2599 4221 2659 4272 τὸ
2691 4221 2936 4276 τοιοῦτον
2999 4221 3204 4290 θαῦμα.
3264 4223 3396 4275 Τότε
3450 4224 3558 4295 γὰρ
3593 4227 3811 4295 πρῶτον

2227 4311 2384 4380 χορὸς
2419 4311 2626 4364 παίδων
2661 4313 2986 4384 ὑπομαζίων
3023 4314 3234 4384 τρανῶς
3289 4315 3616 4384 ἐφθέγξατο.
3672 4319 3808 4369 Οὐδὲ

2225 4404 2334 4472 γὰρ
2366 4404 2551 4467 ἁπλῶς
2597 4399 2739 4475 ἦσαν
2804 4407 3014 4470 παῖδες,
3042 4407 3178 4460 ἀλλὰ
3238 4409 3425 4471 παῖδες
3483 4409 3665 4475 νήπιοι
3715 4414 3809 4463 καὶ

2225 4495 2577 4564 θηλάζοντες.
2608 4499 2942 4570 Κατηρτίσω
2967 4500 3045 4566 δὲ,
3077 4500 3200 4553 ἀντὶ
3241 4501 3356 4568 τοῦ,
3383 4501 3586 4554 τέλειον
3611 4503 3808 4573 ἐποίη-

2226 4603 2324 4649 σας
2355 4586 2416 4651 ἐξ
2443 4587 2666 4652 ἀτελοῦς
2700 4591 2987 4660 στόματος.
3027 4593 3223 4656 Καλῶς
3257 4594 3311 4645 δὲ
3334 4592 3509 4656 εἶπεν,
3553 4594 3647 4647 Ἐκ
3683 4598 3807 4649 στό-

535 4652 674 4748 trlixit
703 4710 718 4746 :
757 4691 841 4746 Ea:
871 4706 958 4742 ore
979 4689 1264 4759 infantium
1293 4703 1310 4751 ;
1349 4702 1471 4740 nam
1502 4701 1564 4740 os
1589 4694 1702 4739 erat
1722 4685 2027 4739 infantium.
2051 4683 2115 4748 old

2240 4669 2399 4741 ιαξος
2435 4680 2669 4749 νηπίων.
2700 4681 2772 4733 Τὸ
2790 4652 2966 4751 στόμα
2999 4683 3108 4752 γὰρ
3135 4652 3216 4753 ἦν⁷
3245 4683 3354 4735 τῶν
3381 4652 3585 4753 νηπίων
3605 4699 3620 4714 °
3649 4686 3708 4737 τὸ
3751 4686 3806 4738 δὲ

535 4793 720 4839 autem
756 4782 902 4852 quod
930 4779 1236 4841 dicebatur,
1281 4777 1542 4847 potentiae
1571 4775 1746 4846 ipsius
1801 4785 1940 4844 erat,
1994 4792 2115 4847 quae

537 4877 798 4932 disertam
836 4869 1103 4929 reddebat
1126 4871 1476 4925 immaturam
1509 4869 1823 4924 lactentium
1849 4871 2109 4940 linguam.

537 4968 608 5022 Et
632 4967 734 5020 hoc
763 4979 982 5034 quoque
1011 4961 1345 5015 miraculose
1377 4959 1584 5014 factum
1615 4962 1784 5014 estad
1811 4959 2111 5030 discipulo-

523 5076 659 5122 rum
681 5056 1137 5115 consolationem,
1172 5062 1230 5105 ut
1256 5051 1324 5106 de
1355 5051 1552 5120 seipsis
1572 5050 1934 5117 confiderent,
1965 5054 2110 5122 quod

532 5153 626 5223 qui
644 5151 905 5207 disertam
931 5148 1138 5202 fecerat
1162 5144 1559 5199 balbutientem
1593 5145 1861 5216 linguam,
1899 5147 2116 5217 sapien-

526 5252 642 5296 tem
674 5240 842 5296 etiam
881 5237 1124 5292 facturus
1153 5246 1272 5289 erat
1309 5249 1499 5288 eorum
1528 5234 1842 5290 ruditalcm.
1896 5234 2029 5292 Erat
2059 5247 2114 5293 et

539 5331 640 5385 hoc
669 5331 838 5398 figura
868 5328 1132 5400 gentium,
1164 5341 1285 5396 quae
1309 5341 1433 5381 cum
1463 5326 1531 5381 ad
1561 5327 1886 5398 theologiam
1933 5339 1989 5385 et
2022 5330 2108 5386 di-

532 5425 658 5477 vina
686 5422 850 5478 verba
887 5421 1244 5484 halhutirent,
1273 5431 1504 5490 repente
1557 5419 1630 5474 ita
1669 5419 1911 5490 perfecte
1962 5438 2112 5479 reso-

530 5527 758 5580 narunt,
790 5521 850 5568 ut
875 5513 942 5567 ab
974 5511 1226 5568 omnibus
1244 5512 1496 5567 exaudiri
1533 5523 1780 5583 possent.

639 5632 683 5664 "
715 5630 918 5693 Jerem.
947 5646 1043 5696 vn,
1078 5629 1164 5684 ll.

2227 4769 2550 4841 λεγόμενον,
2577 4773 2677 4843 τῆς
2711 4773 2999 4843 δυνάμεως
3035 4777 3224 4842 αὑτοῦ,
3248 4777 3554 4846 τρανούσης
3574 4777 3684 4848 (48)
3703 4777 3803 4848 τὴν

2224 4864 2405 4934 ἄωρον
2445 4863 2701 4932 γλῶσσαν
2729 4865 2836 4918 τῶν
2861 4865 3232 4936 θηλαζόντων.
3263 4868 3800 4940 Ἐοαυματουργήθη

2223 4957 2279 5010 δὲ
2309 4958 2470 5012 τοῦτο
2525 4960 2620 5012 καὶ
2670 4961 2807 5031 πρὸς
2840 4961 3192 5033 παράκλησιν
3246 4961 3370 5016 τῶν·
3404 4961 3683 5033 μαθητῶν,
3717 4963 3804 5016 ita

2226 5050 2582 5122 θαρρήσωσιν
2632 5053 2775 5124 ὑπὲρ
2836 5053 3070 5120 ἑαυτῶν,
3124 5053 3198 5118 ὡς
3232 5055 3260 5106 6
3291 5056 3391 5126 τὴν
3443 5054 3802 5125 ψελλίζαυσαν

2224 5141 2482 5208 γλῶσσαν
2539 5147 2856 5215 τρανώσας,
2897 5148 3107 5216 σοφίσει
3137 5147 3228 5200 καὶ
3253 5146 3348 5217 τὴν
3400 5146 3668 5200 ίδιωτείαν
3700 5150 3801 5200 αὐ-

2221 5234 2351 5287 τῶν.
2381 5231 2488 5288 Ἦν
2516 5236 2572 5290 δὲ
2597 5237 2756 5292 τοῦτο
2779 5241 2871 5293 καὶ
2902 5240 3071 5305 τύπος
3098 5240 3208 5295 τῶν
3228 5239 3396 5294 ὲθνῶν
3427 5239 3802 5310 ἄφελλίζοντα

2224 5325 2360 5394 πρὸς
2438 5327 2766 5399 θεολογίαν,
2823 5333 3089 5403 αἰφνίδιον
3170 5334 3380 5405 ἤχησαν
3434 5333 3640 5387 τέλειον
3705 5337 3800 5389 καὶ

2221 5420 2573 5485 ἐξάκουστον.

1732 5703 1931 5767 ναι-ἰῶ
1972 5693 2281 5784 lectio‘nes
2321 5714 2383 5772 et
2410 5717 2579 5770 nota)

604 5825 717 5895 (46)
748 5827 837 5893 Δί,
865 5828 1162 5895 interponit
1198 5828 1262 5881 A.

601 5896 718 5961 (Π)
763 5898 1005 5966 Ἐπειδὴ,
1037 5912 1132 5967 pro
1165 5897 1308 5966 incl,
1345 5898 1410 5955 Α.

2303 5835 2416 5910 (ιε)
2449 5836 2537 5903 Δέ,
2576 5835 2724 5892 addit
2751 5836 2816 5891 A.
