4020 6488
179 409 280 473 561

1046 407 1434 472 COMMENT.
1481 408 1562 468 IN
1609 405 2077 469 MAT’I‘ILEUM.
2120 432 2188 444 -
2229 407 2388 469 CAP.
2432 405 2593 468 XXI.

3347 397 3461 460 56?.

248 525 611 591 Ἀνθρωπος
639 551 711 564 -
752 523 866 578 οὐκ
933 522 1234 592 ἀπῆλθεν.
1295 521 1622 594 Ἄνθρωπον
1673 523 1771 590 μὲν

1948 522 2100 580 Vers.
2133 523 2222 576 28.
2263 523 2429 578 Ποηιο
2460 523 2690 577 habebat
2721 552 2790 562 —-
2816 520 2972 578 Vers.
3010 521 3101 577 50.
3125 536 3230 575 non
3288 518 3448 574 abiit.

177 614 438 685 ὑποδηλοῖ
473 614 568 668 τὸν
612 614 770 678 Θεὸν,
824 615 899 678 ὡς
929 615 1336 686 φιλάνθρωπον·
1373 617 1538 670 τέκνα
1566 615 1626 669 δὲ
1657 615 1758 669 αὑ-

173 706 269 762 τοῦ
293 707 414 774 δύο,
454 710 543 762 τόν
573 725 633 761 τε
659 705 790 761 λαὸν
838 707 943 762 τῶν
979 708 1170 775 ἐθνῶν,
1216 708 1310 763 καὶ
1339 709 1432 760 τὸν
1479 709 1588 762 τῶν
1629 708 1764 761 ἰουο

175 799 364 864 δαίων,
397 800 473 862 ὡς
499 799 785 868 ποιήματα
818 801 1006 853 αὑτοῦ.
1033 800 1144 854 Kal.
1173 800 1322 853 ἔστιν
1349 802 1376 852 ὀ
1407 801 1479 870 μὴ
1524 801 1762 869 ὑποσχόο

181 906 344 956 μενος
404 890 525 959 μὲν,
576 890 831 944 ἀπελθὼν
878 891 956 954 δὲ,
1010 895 1037 945 ό
1083 893 1212 957 λαὸς
1262 893 1371 945 τῶν
1418 894 1618 946 ἐθνῶν·
1647 895 1673 946 6
1705 893 1763 947 δὲ

176 981 554 1050 ὑποσχόμενος
589 981 712 1050 μὲν,
751 982 826 1052 μὴ
868 981 1122 1036 ἀπελθὼν
1143 985 1218 1044 δὲ,
1240 987 1268 1037 ὁ
1302 984 1430 1048 λαὸς
1463 986 1570 1038 τῶν
1622 985 1761 1038 Ίου-

173 1072 366 1125 δαίων.
404 1073 484 1124 Τὰ
515 1072 644 1142 ἔθνη
687 1073 786 1144 μὲν
811 1075 919 1144 γὰρ
947 1076 1042 1144 οὑχ
1089 1075 1395 1144 ὑπέσχοντο
1427 1062 1762 1130 ἀκούσεσθαι

173 1163 268 1216 τοῦ
299 1164 462 1227 Θεοῦ,
498 1166 593 1217 καὶ
620 1167 763 1234 ὃμω.
793 1165 1022 1234 ὕστερον
1048 1167 1372 1237 ὑπήκουσαν
1396 1167 1763 1220 πιστεύσαντα

173 1254 252 1321 τῷ
308 1254 431 1307 Θεῶ
477 1257 571 1308 καὶ
633 1256 883 1325 Χριστῴ-
925 1257 973 1309 οί
1011 1256 1066 1310 δὲ
1115 1257 1362 1310 Ἰουδαῖοι
1438 1258 1762 1326 ὑπέσχοντο,

173 1347 430 1409 εἰπόντες
484 1349 542 1400 ἐν
591 1351 654 1418 τῇ
685 1347 855 1418 βίϐλῳ
911 1347 1006 1402 τοῦ
1057 1347 1500 1420 Δευτερονομίου·
1536 1349 1762 1412 Πάντα,

172 1437 290 1490 ὅσα
318 1435 401 1492 ἂν
424 1437 563 1506 εἴπῃ
596 1441 628 1492 d
649 1439 815 1505 Θεὸς,
842 1439 1178 1508 ποιήσομεν
1222 1439 1321 1493 καὶ
1357 1439 1762 1508 ἀκουσόμεθα,

174 1531 267 1580 καὶ
305 1527 538 1600 ὕστερον
579 1531 964 1600 παρήκουσαν,
1010 1532 1421 1601 ἀπιστήσαντες
1444 1531 1520 1601 τῷ
1541 1528 1764 1602 Χριστῷ

170 1621 268 1697 οιαὶ
319 1619 463 1690 Θεῷ.
511 1619 703 1674 Ταῦτα
741 1621 882 1690 μόνα
914 1623 1012 1690 τῆς
1044 1622 1368 1693 παραϐολῆς
1393 1623 1642 1692 ἐκλέγου,
1670 1627 1765 1678 καὶ

172 1710 536 1779 ἐπιγινωσκε·
563 1711 734 1765 τᾶλλα
758 1713 816 1766 δὲ
839 1713 1032 1782 πάρες,
1067 1713 1145 1775 ὡς
1185 1715 1280 1768 καὶ
1317 1716 1410 1767 ἐπὶ
1443 1715 1553 1768 τῶν
1589 1715 1766 1768 ἄλλων

173 1801 516 1871 παραϐολῶν
572 1805 1055 1874 παρηγγείλαμεν.
1111 1805 1235 1858 Ἐπὶ
1285 1806 1346 1859 τὸ
1386 1807 1765 1878 ἀσαφέστερον

1872 613 2156 668 Hominem
2185 612 2457 681 signiﬁcat
2487 614 2682 677 Deum,
2719 622 2974 682 tanquam
3036 610 3296 666 videlicet
3346 609 3451 664 hu-

1867 724 2088 762 manum
2122 715 2215 760 aut
2261 707 2544 761 hominum
2580 715 2906 770 amatorem,
2937 707 3274 762 duosautem
3314 702 3450 756 lilios

1865 799 2003 866 ejus,
2032 799 2294 869 populum
2323 799 2582 869 gentilem
2610 807 2665 854 et
2691 799 3009 863 Judaicum,
3055 795 3150 866 qui
3202 805 3330 850 sunt
3366 795 3450 849 ia-

1866 901 2035 945 ctura:
2066 890 2098 956 i;
2123 891 2260 944 sius.
2309 889 2378 944 Et
2420 890 2465 944 is
2521 890 2613 957 qui
2673 904 2783 943 non
2831 887 3104 958 promisit,
3130 887 3225 942 sed
3270 894 3450 940 tamen

1864 982 2017 1046 abiit,
2044 981 2281 1052 populus
2309 992 2392 1037 est
2424 969 2646 1053 gentilis
2675 999 2689 1036 :
2721 979 2820 1050 qui
2845 995 2973 1034 vero
3030 977 3310 1048 promisit,
3348 991 3453 1031 nec

1867 1083 2047 1128 tamen
2081 1074 2236 1138 abiit,
2270 1073 2550 1130 Iudaicus.
2585 1073 2792 1128 Gentes
2808 1071 3083 1142 siquidem
3105 1085 3213 1124 non
3250 1069 3458 1139 promi-

1865 1173 2057 1218 serunt
2087 1180 2144 1218 se
2198 1165 2364 1218 Deum
2404 1163 2713 1228 audituras,
2744 1172 2799 1218 et
2828 1173 3012 1216 tamen
3042 1169 3235 1232 postea
3264 1159 3456 1213 audie-

1866 1265 2012 1319 runt,
2064 1253 2390 1308 obedientcs
2465 1255 2689 1309 (Ilii-isto
2716 1270 2778 1308 ac
2832 1251 2965 1315 Deo.
2992 1262 3047 1307 et
3080 1251 3138 1305 in
3167 1266 3294 1306 eum
3327 1265 3452 1305 cre~

1866 1347 2060 1401 dentes
2089 1345 2299 1402 Λιιᾱωί
2332 1363 2462 1401 νει-ο
2496 1350 2895 1417 promiserunt,
2939 1344 3187 1399 dicentes
3219 1343 3271 1397 in
3313 1343 3453 1397 libro

1867 1438 2305 1494 Deuleronomii:
2336 1429 2528 1494 Omnia
2545 1456 2661 1509 qua:
2682 1437 2821 1491 dixit
2850 1438 2985 1492 Deus
3003 1437 3258 1508 faciemus
3287 1446 3333 1489 et
3354 1452 3456 1488 au-

1868 1533 2070 1585 diemus
2095 1530 2141 1563 3‘
2166 1548 2179 1594 ;
2205 1531 2551 1600 postmodum
2571 1541 2758 1585 autem
2796 1530 3183 1594 obaudierunt,
3202 1529 3304 1598 ipsi
3331 1541 3457 1597 per-

1869 1634 2154 1679 manentes
2203 1623 2426 1680 Christo
2491 1639 2555 1679 ac
2592 1627 2702 1680 Deo
2747 1623 3042 1680 increduli.
3087 1620 3215 1678 Hinc
3239 1630 3453 1677 tantum

1869 1717 1935 1772 de
1971 1717 2228 1788 parabola
2255 1718 2393 1788 elige
2423 1727 2476 1772 et
2507 1717 2770 1788 intellige,
2819 1717 3032 1786 reliqua
3069 1731 3203 1770 vero
3227 1722 3454 1785 praeter-

1870 1825 1986 1872 eas,
2021 1810 2492 1878 quemadmodum
2556 1818 2614 1864 et
2678 1809 2732 1863 in
2763 1807 2993 1874 reliquis
3059 1805 3329 1876 parabolis
3358 1803 3457 1858 ad-

171 1895 286 1964 γὰρ
343 1911 468 1948 τινα
513 1871 1127 1967 τα·5τηςόίκονομικῶς
1169 1871 1564 1970 συνετέθήσαν,
1593 1871 1682 1953 δια
1709 1899 1768 1953 τὺ

1885 1901 2214 1964 monuimus,
2247 1910 2506 1971 tanquam
2528 1900 2633 1955 hoc
2657 1901 2776 1956 solo
2807 1902 2917 1954 tlne
2942 1900 2994 1952 in
3024 1913 3087 1952 ea
3118 1897 3318 1968 posita,
3346 1908 3456 1964 quo

174 1986 518 2050 ἀνύποπτον,
573 1987 660 2040 ῖνα
717 1987 886 2055 μηδὲν
948 1990 1076 2059 περὶ
1149 1990 1360 2042 ἑαυτῶν
1410 1991 1460 2044 οί
1521 1991 1768 2046 Ἰουδαῖοι

175 2076 426 2143 γνόντες,
479 2076 650 2147 ὀρθὴν
685 2077 1018 2146 ἐξενέγκωσι
1053 2082 1153 2151 τὴν
1190 2082 1396 2151 ψῆφον.

252 2166 447 2231 Τίς-
475 2164 728 2234 πρῶτος.
766 2169 973 2232 Αὐτοὺς
1011 2171 1354 2239 ἠνάγκασεν,
1403 2171 1479 2234 ὡς
1528 2172 1768 2242 εἴρηται,

170 2259 273 2328 τὴν
304 2258 488 2328 ψῆφον
513 2259 828 2326 ἐξαγαγεῖν,
866 2261 951 2314 ῐνα
975 2263 1442 2334 αὑτοκατάκριτοι
1468 2264 1761 2331 γένωνται.

176 2347 314 2404 Εἶτα
345 2351 668 2422 μεταϐαίνει
699 2353 839 2422 πρὸς
870 2353 996 2415 τοὺς
1019 2355 1260 2420 τελώνας
1285 2356 1378 2409 καὶ
1407 2355 1506 2420 τὰς
1541 2357 1768 2428 πόρνας,

174 2443 270 2495 ἐπὶ
302 2441 464 2494 πλέον
497 2442 735 2512 ἐλέγχων
770 2443 991 2506 αὐτούς.

249 2533 428 2602 Λέγει
495 2533 703 2598 αὐτοῖς
738 2563 810 2572 -
845 2534 1014 2588 Θεοῦ.
1087 2533 1343 2600 Τελὼνας
1415 2535 1565 2604 λέγει
1643 2535 1771 2597 τοὺς

182 2625 641 2694 μετανοήσαντας
695 2625 790 2676 καὶ
849 2625 1273 2695 βαπτισθέντας,
1327 2629 1472 2680 ὃτεό
1513 2627 1773 2696 Ἰωάννης

175 2716 484 2786 ἐκήρυσσε,
508 2718 602 2769 καὶ
651 2716 856 2787 πόρνας
885 2717 1108 2787 ὁμοίως.
1162 2718 1506 2788 Προὰγουσι
1541 2719 1618 2782 δὲ,
1650 2718 1774 2771 ἀντὶ

176 2807 300 2872 τοῦ,
343 2809 852 2879 προλαμϐάνουσιν.
907 2807 1044 2864 Εἶτα
1104 2813 1404 2882 σαφηνίζει
1455 2812 1550 2866 τὸν
1594 2812 1770 2879 λόγον,

178 2900 281 2952 καὶ
302 2899 571 2966 διδάσκει,
614 2901 733 2964 πῶς
765 2903 1240 2973 προλαμϐάνουσι,
1289 2904 1485 2973 λέγων’

249 2986 446 3046 Ἦλθε
473 3022 545 3032 -
574 2993 760 3058 αὑτῷ.
801 2990 976 3051 Ἦλθε
1015 2997 1151 3066 πρὸς
1190 2998 1356 3067 ὑμᾶς,
1383 2999 1482 3051 οὑκ
1539 3002 1599 3054 ἐν
1630 3002 1774 3071 ἠμε-

177 3084 407 3155 λημένῳ
446 3084 568 3156 βίῳ,
619 3086 734 3139 ἀλλ’
762 3088 820 3139 ἐν
858 3087 961 3158 ὁδῷ
1007 3089 1236 3161 ἀρετῆς,
1271 3090 1361 3142 ἶνα
1407 3091 1502 3145 καὶ
1556 3093 1779 3158 ἀξιόπι-

1873 1994 2080 2047 iirmior
2114 2003 2280 2056 esset,
2314 2001 2368 2046 et
2389 1991 2559 2046 Judaei
2585 1991 2723 2046 nihil
2747 1992 2815 2047 de
2843 1988 3452 2062 seipsisintelligentcs,

1870 2095 2075 2140 rectam
2111 2083 2426 2153 proferrent
2455 2085 2810 2138 sententiam.

1946 2179 2098 2234 Vers.
2132 2179 2219 2232 51.
2261 2177 2393 2242 Quis
2423 2207 2493 2216 —
2525 2177 2750 2247 primus.
2771 2174 2958 2246 Coegit
2985 2173 3132 2237 illos,
3164 2178 3225 2225 ut
3249 2167 3455 2235 dictum

1873 2281 1976 2338 est,
2034 2271 2363 2331 sententiam
2428 2286 2533 2339 qua
2599 2269 3107 2324 condemnarentur
3187 2262 3455 2335 proferre.

1872 2361 2080 2415 Deinde
2139 2361 2207 2414 ad
2269 2359 2588 2428 publicanos
2626 2359 2826 2414 transit
2868 2367 2924 2413 et
2984 2354 3330 2417 meretrices,
3359 2349 3460 2404 hos

1873 2455 1997 2524 plus
2030 2469 2196 2524 quam
2225 2453 2348 2507 illos
2379 2468 2617 2522 arguens

1945 2545 2104 2602 Vers.
2144 2548 2236 2601 51.
2283 2545 2373 2600 Ait
2415 2546 2524 2600 illis
2565 2575 2636 2586 -—
2669 2544 2788 2600 Dei.
2840 2543 3170 2599 Publicanos
3211 2541 3346 2597 dicit
3365 2537 3460 2611 qui

1874 2639 2254 2710 paenitentiam
2283 2647 2531 2707 egerant,
2562 2636 2939 2706 baptizatique
2978 2634 3198 2689 fuerant
3256 2631 3457 2703 praedio

1874 2741 2034 2789 cante
2075 2731 2311 2796 Joanne,
2348 2739 2404 2786 et
2437 2729 2759 2796 meretrices
2817 2727 3068 2782 similiter
3115 2724 3456 2795 praacedunt.

1877 2827 1980 2881 hoc
2013 2833 2098 2880 est
2121 2825 2302 2894 priora
2337 2831 2583 2879 sumunt.
2620 2823 2828 2878 Deinde
2859 2830 2912 2876 et
2961 2820 3232 2874 rationem
3270 2817 3454 2880 docet,

1873 2919 2150 2988 quomodo
2179 2916 2365 2986 priora
2408 2922 2653 2976 sumunt,
2689 2915 2883 2969 dicens
2915 2929 2930 2966 :

1947 3008 2100 3064 Vers.
2131 3008 2224 3063 3%.
2256 3007 2497 3061 Venit—
2529 3006 2631 3061 illi.
2696 3005 2860 3060 Venit
2899 3004 2967 3060 ad
3016 3018 3136 3064 vos.
3196 3015 3309 3055 non
3360 3013 3459 3070 per

1881 3101 2137 3169 ignavam
2166 3100 2357 3163 vitam,
2381 3099 2475 3154 sed
2507 3113 2605 3169 per
2631 3097 2774 3152 viam
2833 3095 3077 3160 virtutis,
3113 3101 3172 3147 ut
3223 3091 3329 3146 ﬁde
3381 3091 3464 3143 di-

180 3191 310 3241 στος
337 3179 508 3246 φανῇ,
543 3179 639 3231 καὶ
671 3180 772 3232 οὐκ
805 3181 1166 3234 ἐπιστεύσατε
1194 3181 1372 3256 αὐτῷ,
1407 3186 1770 3255 παραινοῦντι

1885 3207 2015 3263 gnus
2039 3191 2339 3246 haberetur
2373 3205 2387 3255 ;
2439 3197 2494 3244 et
2551 3203 2661 3242 non
2696 3185 3013 3242 credidistis
3072 3183 3144 3247 ei,
3168 3196 3293 3238 cum
3325 3179 3464 3235 resio

182 3271 474 3357 μετανοεῖν
507 3272 613 3325 ’καὶ
653 3272 1083 3344 εὐτρεπίζεσθαι
1145 3275 1285 3347 πρὸς
1346 3276 1616 3349 ὑποδοχὴν
1673 3281 1772 3351 τῆς

1885 3286 2094 3357 piseere
2121 3284 2463 3348 admoneret,
2490 3281 2782 3353 pararique
2796 3280 2864 3336 ad
2885 3278 3291 3346 susceptionem
3314 3273 3464 3346 regni

179 3352 467 3428 βασιλείας
499 3364 594 3416 τοῦ
623 3364 780 3419 Θεοῦ.

263 3452 466 3521 ’Υμεῒς
499 3483 570 3494 -—
598 3455 782 3522 αὐτῷ.
831 3457 1024 3528 Ὑμεῖς
1048 3459 1129 3524 δὲ,
1189 3461 1394 3526 ἰδόντες
1427 3448 1555 3527 τοὺς
1602 3463 1772 3517 τελώ-

183 3559 284 3605 νας
314 3545 539 3608 καὶτὰς
574 3547 806 3618 πόρνας,
839 3551 958 3614 πῶς
989 3553 1438 3623 μετεϐλήθησαν,
1465 3557 1555 3610 ὅτε
1584 3557 1612 3610 6
1656 3559 1775 3612 Ἰω-

178 3636 354 3706 άννης
384 3639 688 3708 ἐκήρυσσε,
721 3643 820 3696 καὶ
845 3643 1152 3714 προέλαϐον
1183 3647 1350 3718 ὑμᾶς,
1393 3649 1456 3703 οὐ
1501 3649 1774 3722 μετεϐλή-

179 3727 340 3800 θήτε,
371 3729 513 3786 ὥστε
549 3733 844 3789 πιστεῦσαι
870 3738 1043 3809 αὐτῷ.

297 3893 457 3948 ΚΕΦ.
498 3894 580 3950 N'.
629 3896 911 3964 Περίτοῦ
945 3897 1302 3968 ἀμπελῶνος
1331 3901 1669 3970 παραϐολή.

269 4035 593 4100 ’Δλλην-
612 4033 1027 4102 ἀπεδήμησεν.
1088 4036 1415 4106 ’Ἄνθρωπον
1446 4038 1546 4108 μὲν
1575 4037 1776 4108 ὁμοίως

180 4123 598 4186 ὑπαινίττεται,
635 4126 728 4178 τὸν
769 4117 900 4180 Θεὸν
925 4130 1018 4183 καὶ
1069 4130 1318 4200 Πατέρα,
1361 4131 1452 4186 διὰ
1479 4133 1540 4185 τὸ
1581 4133 1775 4202 φιλάν-

180 4217 430 4287 θρωπον,
461 4218 556 4268 καὶ
586 4217 674 4270 διὰ
705 4217 763 4269 τὸ
812 4218 911 4289 τῆς
945 4221 1270 4292 παραϐολῆς
1302 4221 1447 4285 ἔθος·
1509 4223 1776 4294 ἀμπελὼν

179 4308 243 4361 δὲ
272 4308 561 4377 φυτευθεὶς
595 4308 687 4362 ὑπ’
712 4307 898 4373 αὑτοῦ,
919 4313 946 4364 6
984 4312 1335 4384 Ἰσραηλίτης
1359 4313 1508 4382 λαὸς,
1543 4315 1603 4369 ὃν
1634 4316 1770 4382 ἐφύ-

179 4417 385 4454 τευσεν
408 4402 467 4453 ἐν
496 4405 560 4471 τῇ
590 4404 659 4472 γῇ
695 4403 796 4472 τῆς
821 4404 1178 4473 ἐπαγγελίας.
1216 4407 1356 4476 Φησὶ
1389 4407 1497 4479 γὰρ
1519 4410 1545 4461 6
1577 4407 1768 4462 Δαυῖδ·

185 4491 498 4560 Ἀμπελον
544 4492 612 4556 ἐξ
638 4493 938 4562 Αἰγύπτου
972 4493 1260 4566 μετῆρας,
1297 4497 1582 4566 ἐξέϐαλες
1630 4499 1775 4566 ἔθνη

183 4585 290 4637 καί
347 4587 809 4654 κατεφύτευσας
843 4588 1061 4653 αὐτήνο
1120 4591 1379 4662 φραγμὸς
1427 4592 1506 4658 δὲ,
1539 4594 1565 4645 6
1593 4593 1778 4662 νόμος,
1808 4568 1860 4628 D

181 4676 293 4726 οὑκ
341 4674 447 4727 ἐῶν
500 4675 664 4729 αὑτὸν
719 4678 1048 4747 ἐπιμιγῆναι
1106 4683 1219 4744 τοῖς
1281 4681 1484 4736 ἔθνεσι.
1547 4684 1780 4750 Λέγοιτο

181 4766 229 4819 δ’
260 4763 331 4819 ἂν
354 4767 608 4836 φραγμὸς
669 4770 766 4821 καὶ
793 4770 827 4841 ἡ
852 4771 1004 4842 παρὰ
1032 4771 1126 4825 τοῦ
1156 4773 1292 4826 Θεοῦ
1327 4773 1572 4845 φυλακὴ,
1610 4791 1782 4845 φρου-

189 4857 371 4929 ροῦσα
426 4859 616 4913 τοῦτον
677 4862 784 4914 ἀπὸ
841 4865 1024 4932 πάσης
1079 4865 1382 4936 ἐπιϐουλῆς
1438 4865 1549 4920 τῶν
1620 4867 1781 4938 πέριξ

183 4949 390 5004 ἐθνῶν.
409 4952 692 5018 Καθεῖλες
712 4954 841 5024 γὰρ,
861 4957 1014 5024 φησι,
1031 4957 1141 5010 τὸν
1155 4958 1432 5026 φραγμὸν
1447 4958 1660 5026 αὐτῆς,
1680 4961 1779 5014 καί

182 5045 494 5114 τρυγῶσιν
516 5046 712 5114 αὐτὴν
753 5047 976 5113 πάντες
1009 5052 1062 5102 οἱ
1085 5053 1643 5122 παραπορευόμενοι
1675 5053 1789 5120 τὴν

186 5137 363 5190 ὀδόν·
397 5136 556 5208 ληνὸς
589 5139 668 5203 δὲ,
704 5140 763 5191 τὸ
793 5141 1210 5213 θυσιαστήριον,
1245 5147 1302 5197 ἐν
1333 5139 1376 5213 ᾧ
1416 5147 1474 5198 τὸ
1496 5144 1636 5216 αἷμα
1668 5147 1788 5211 ἐξε-

187 5233 364 5301 χεῖτο·
393 5233 604 5304 πύργος
631 5234 712 5297 δὲ,
743 5236 772 5288 6
808 5235 954 5301 ναὸς,
986 5236 1077 5291 διὰ
1100 5238 1161 5290 τὸ
1197 5239 1295 5307 τῆς
1326 5239 1623 5310 οἰκοδομῆς
1657 5239 1780 5309 ὀχυ-

197 5324 296 5394 ρὸν
337 5325 432 5376 καὶ
485 5324 716 5395 ὑψηλόνο
770 5330 1013 5400 γεωργοὶ
1039 5329 1118 5395 δὲ,
1157 5331 1207 5383 oi
1259 5333 1538 5401 ἀρχιερεῖς
1602 5333 1696 5384 καὶ
1740 5332 1788 5384 οἱ

192 5421 554 5490 γραμματεῖς
602 5425 698 5475 καὶ
747 5423 798 5476 οί
852 5425 1220 5497 πρεσϐύτεροι
1253 5426 1348 5478 τοῦ
1386 5426 1540 5479 λαοῦ·
1575 5427 1788 5492 τούτοις

192 5515 308 5582 γὰρ
334 5513 719 5569 ἐνεπίστευσεν
746 5519 774 5571 6
797 5518 952 5586 Θεὸς,
979 5520 1053 5585 ὼς
1083 5521 1451 5588 διδασκάλοις,
1481 5522 1573 5573 τὸν
1605 5523 1788 5592 ἀμπε-

192 5603 344 5658 λῶνα
385 5605 596 5662 τοῦτον·
626 5610 940 5682 ἀποδημίαν
967 5613 1023 5665 δὲ
1058 5613 1152 5666 τοῦ
1187 5614 1572 5668 οἰκοδεσπότου
1613 5615 1785 5683 φησὶν

320 5811 366 5844 ⁸⁸
400 5811 571 5867 Exod.
602 5830 716 5878 XIX,
753 5815 807 5870 8.
920 5816 963 5847 ⁸⁸
991 5814 1132 5870 l'snl.
1177 5833 1355 5884 Lxxu,
1383 5819 1436 5870 9,

1883 3379 2000 3433 Dei.

1963 3470 2230 3526 Vers.’52.
2271 3467 2374 3523 Vos
2401 3496 2469 3506 —
2500 3467 2570 3520 ei.
2638 3465 2747 3520 Vos
2790 3472 2972 3519 autem
3024 3461 3295 3520 videntes,
3333 3471 3469 3527 quo-

1882 3564 2046 3620 modo
2093 3561 2369 3632 publicani
2399 3569 2455 3616 et
2513 3558 2836 3614 meretrices
2883 3555 2949 3612 ad
3014 3553 3464 3626 praedicationem

1881 3653 2114 3711 Joannis
2163 3653 2418 3710 conversi
2446 3659 2626 3716 erant,
2657 3665 2766 3704 non
2793 3647 3110 3719 resipuistis
3133 3647 3199 3701 ad
3234 3643 3467 3700 creden-

1885 3748 2038 3804 dum.

2239 3899 2393 3955 CAP.
2436 3899 2499 3955 L.
2536 3899 2616 3953 De
2643 3899 2793 3953 vinea
2832 3896 3112 3967 parabola.

1955 4036 2115 4092 νει-3.
2139 4035 2230 4091 33.
2265 4033 2444 4089 Aliam
2475 4063 2547 4073 -—
2571 4047 2783 4104 peregre
2803 4034 3070 4104 profectus
3118 4040 3218 4086 est.
3281 4029 3472 4086 Homi-

1884 4145 2011 4186 nem
2039 4129 2292 4184 similiter
2345 4125 2688 4198 aanigmatice
2745 4124 3014 4194 signiﬁcat
3061 4125 3236 4179 Deum
3285 4132 3339 4180 et
3369 4124 3473 4178 Pa-

1886 4231 2048 4289 trem,
2079 4232 2308 4292 propter
2350 4219 2632 4274 hominum
2660 4233 2928 4283 amorem,
2971 4226 3028 4271 et
3056 4227 3284 4287 propter
3311 4232 3476 4286 para-

1884 4316 2025 4371 bolze
2048 4327 2278 4369 morem.
2309 4310 2556 4365 Plantala
2598 4319 2780 4364 autem
2809 4309 2972 4365 vinea
2997 4309 3065 4362 ab
3107 4307 3199 4362 illo
3239 4307 3474 4378 populus

1885 4416 1970 4462 est
1993 4404 2275 4467 Iudaicus,
2307 4418 2470 4473 quam
2495 4401 2766 4472 plantavit
2799 4400 2856 4454 in
2889 4408 3032 4454 terra
3067 4398 3471 4470 promissionis.

1890 4497 2029 4551 Dicit
2057 4494 2215 4573 enim
2255 4492 2425 4548 David
2452 4513 2462 4546 :
2488 4491 2703 4548 Vineam
2727 4493 2790 4545 de
2835 4489 3068 4561 Egypto
3126 4489 3474 4550 transtulisti.

1888 4589 2286 4659 ejecistigentes
2331 4595 2379 4640 et
2413 4584 2672 4657 plantusti
2695 4601 2809 4636 eam
2844 4583 2912 4637 ⁸³.
2952 4586 3128 4653 Sepes
3179 4598 3312 4637 vero
3364 4582 3475 4645 lex,

1886 4698 1996 4737 non
2015 4681 2207 4737 sinens
2234 4695 2355 4734 eam
2389 4677 2733 4735 commisceri
2759 4677 3035 4748 gentibus.
3053 4676 3238 4730 Potest
3260 4688 3479 4744 quoque

1888 4777 1994 4831 dici
2023 4790 2205 4846 sepes,
2241 4772 2338 4828 Dei
2371 4771 2620 4828 custodia
2663 4786 2787 4842 qua:
2812 4770 3028 4824 vineam
3071 4770 3216 4823 hanc
3265 4766 3334 4820 ab
3360 4781 3480 4820 om-

1891 4869 2043 4924 nium
2095 4865 2607 4938 circumjarentium
2637 4864 2884 4937 gentium
2944 4862 3162 4917 insidiis
3213 4861 3477 4916 custodit.

1901 4962 2246 5023 Destruxisti,
2296 4960 2497 5030 inquit,
2561 4975 2733 5026 sepem
2759 4957 2894 5028 ejus,
2931 4965 2979 5010 et
3009 4955 3334 5009 vindemiant
3361 4970 3479 5007 eam

1889 5069 2066 5107 onmes
2117 5053 2206 5121 qui
2251 5051 2764 5122 prmtergreditmtur
2817 5048 2955 5102 viam
3008 5047 3079 5101 ⁸⁸.
3131 5045 3306 5100 Lacus
3362 5044 3482 5098 sive

1890 5149 2128 5201 torcular
2160 5156 2244 5200 est
2294 5147 2466 5200 altare
2518 5146 2573 5198 in
2609 5159 2720 5214 quo
2775 5141 3000 5212 sanguis
3068 5139 3480 5194 ell'undebatnr.

1892 5239 2083 5296 Turris
2117 5255 2247 5295 vero
2283 5241 2820 5309 templum,propter
2861 5244 3156 5291 structurae
3198 5231 3484 5287 fortitudi-

1889 5349 2019 5392 nem
2052 5349 2116 5389 ac
2149 5334 2567 5389 sublimitatem.
2606 5330 2874 5402 Agricolte
2901 5339 3111 5394 autem,
3151 5335 3284 5382 sunt
3327 5325 3448 5395 prin
3469 5354 3482 5364 -

1892 5429 2044 5499 cipes
2094 5426 2442 5482 sacerdotum
2494 5435 2548 5480 et
2605 5423 2815 5479 Scriba:
2878 5421 3245 5489 senioresque
3269 5416 3480 5488 populi.

1896 5520 1996 5575 llis
2023 5518 2172 5574 enim
2199 5526 2457 5588 tanquam
2496 5514 2937 5586 prteceptoribus
2965 5508 3311 5567 concredidit
3341 5507 3481 5560 Deus

1898 5612 2042 5667 hanc
2081 5609 2746 5666 \‘incam.Profectionem
2801 5613 2983 5659 autem
3040 5603 3479 5674 patrisfamilias,

1547 5818 1592 5848 εδ
1625 5816 1760 5871 ibid.
1803 5815 1882 5870 l5.
