4020 6488
178 412 282 476 Ξ69

1015 408 1404 471 COMMENT.
1449 411 1530 471 ΙΝ
1574 410 1768 472 MAT'I

1879 414 2046 476 EllM.
2091 439 2158 452 -
2196 414 2356 477 CAP.
2396 417 2589 479 XXII.
3334 423 3442 487 570

177 523 343 576 αὐτὸν
395 521 497 594 γάί-
545 519 747 584 αὐτοῦς
801 518 1204 592 παρέπεμπον·
1263 519 1346 572 ἐτι
1407 519 1464 573 δὲ
1513 533 1607 574 και
1661 520 1756 574 ὑπ’

1879 527 2118 595 ιοριιιιιιιι
2157 527 2304 596 ipsos
2338 541 2526 582 servos
2552 526 2890 583 transmisit:
2926 536 3190 597 praeterea
3223 544 3442 599 quoque

177 613 347 668 αὑτοῦ
401 613 493 667 τοῦ
551 612 816 683 νυμφίου.
848 612 958 666 Καὶ
1005 612 1108 682 δρα
1140 612 1240 678 τὴν
1285 611 1487 665 κακίαν
1521 611 1620 682 μέν
1645 612 1756 666 τῶν

189 703 478 766 Ἰουδαίων,
538 704 853 774 ἀγαθότητα
912 702 968 754 δὲ
1027 701 1124 756 τοῦ
1182 704 1457 774 Σωτῆρος.
1526 703 1759 757 Ἀνεῖλον

179 797 346 850 αὐτὸν
382 797 600 849 ἐκεῖνοι·
635 797 664 847 ὁ
701 794 901 848 sum
930 797 1110 863 φονεῖς
1163 794 1324 858 ὄντας
1380 795 1546 849 αὐτοῦ
1599 796 1762 849 πάλιν

181 889 340 941 καλεῖ
383 887 516 957 πρὸς
558 887 901 958 εὐφροσύνην
939 887 1181 952 αἰώνιον,
1223 889 1274 940 οι
1312 888 1369 940 δέ
1411 888 1755 959 ἀποπηδῶσι.

249 1072 443 1125 Πάλιν
478 1100 546 1110 -
581 1069 829 1139 γάμους.
884 1069 1189 1141 Προτέρους
1227 1070 1327 1140 μιν
1374 1071 1594 1135 δούλους
1649 1071 1766 1126 νόει·

180 1165 308 1224 τοὶις
347 1162 478 1232 περὶ
516 1161 742 1230 Πέτρονο
787 1161 1051 1230 ὑστέρους
1086 1161 1164 1225 δὲ,
1196 1161 1326 1224 τοὺς
1363 1162 1493 1232 περὶ
1525 1162 1759 1218 Παῦλον.

183 1256 440 1323 Ἀριστον
468 1254 527 1305 δὲ
562 1256 656 1307 καὶ
679 1253 915 1324 ταύρους
950 1255 1046 1306 καὶ
1079 1254 1294 1306 σιτιστά
1325 1253 1623 1325 τεθυμένα,
1643 1257 1760 1309 εῖτ-

180 1364 296 1410 ουν,
333 1347 768 1417 ηὐτρεπισμένα,
801 1346 1013 1416 εἴρηκε,
1046 1348 1184 1399 κατὰ
1212 1347 1272 1398 τὸ
1301 1347 1360 1398 ἐν
1419 1349 1532 1410 τοῖς
1562 1347 1761 1416 γάμοις

182 1438 325 1495 έθικ.
365 1434 487 1490 Εἶεν
527 1436 572 1490 δ’
610 1439 676 1490 ἂν
711 1436 884 1489 ταῦτα
917 1436 1155 1491 ἐνταῦθα
1196 1437 1295 1508 μὲν
1319 1479 1334 1504 ,
1375 1439 1409 1509 ή
1439 1439 1621 1509 τρυφὴ
1654 1438 1761 1492 τῶν

181 1528 343 1582 θείων
362 1529 676 1598 δογμάτωνο
707 1529 825 1580 ἐκεῖ
849 1527 928 1593 δέ,
961 1530 994 1598 ὴ
1025 1529 1279 1598 οὐράνιος
1305 1528 1488 1601 τρυφὴ
1511 1531 1604 1582 καὶ
1627 1529 1764 1582 ἀπό-

178 1620 393 1682 λαυσις.
429 1621 530 1673 Διά
556 1620 612 1672 δέ
643 1619 750 1672 τῶν
777 1619 996 1690 ταύρων
1027 1622 1121 1673 καὶ
1151 1619 1261 1673 τῶν
1295 1622 1553 1676 σιτιστῶν
1583 1622 1642 1674 τὸ
1671 1639 1762 1690 φιο

178 1714 402 1784 λότιμον
433 1713 530 1767 καὶ
557 1712 850 1776 πολυτελὲς
878 1713 976 1783 τῆς
1008 1713 1244 1783 εὐωχίας
1272 1714 1618 1784 ἐμφαίνεται.

255 1904 321 1955 οι
366 1929 440 1941 -
483 1897 696 1954 αὑτοῦ.
750 1898 1289 1968 Καταφρονήσαντες
1343 1897 1442 1968 τῆς
1494 1897 1761 1967 κλήσεως.

179 1993 424 2062 ἀπῆλθον
461 1995 540 2056 είς
576 1992 646 2046 τὰ
672 1993 852 2044 οἰκεῖα
884 1991 1043 2063 ἔργα,
1081 1993 1386 2058 τουτέστιν,
1413 1991 1624 2062 εἴχοντο
1657 1992 1766 2045 τῶν

181 2089 493 2158 προτέρων.

247 2181 314 2231 Oi
349 2177 420 2232 δὲ
452 2176 652 2232 λοιποί
690 2205 749 2214 -—-
786 2176 1169 2231 ἀπέκτειναν.
1218 2177 1283 2228 Ὠ
1326 2179 1425 2246 τῆς
1471 2177 1765 2247 ἀναισχυν-

183 2269 330 2332 τίαςί
361 2271 423 2323 οὐ
460 2270 619 2339 μόνον
647 2268 746 2320 οὐκ
768 2263 952 2338 ἦλθον,
985 2268 1126 2321 ἀλλὰ
1149 2270 1242 2321 καὶ
1269 2271 1397 2331 τοὺς
1417 2271 1768 2340 ἀπεσταλμέ-

184 2379 310 2424 νους
361 2363 502 2432 πρδς
559 2361 756 2423 αὐτοὺς
815 2359 1045 2430 ὕϐρισαν
1095 2361 1192 2414 καὶ
1251 2363 1602 2416 ἀπέκτειναν.
1655 2365 1768 2417 Καὶ

185 2456 245 2505 ἐν
299 2455 397 2523 μὲν
442 2457 507 2525 τῇ
562 2453 914 2524 προλαὸούσῃ
968 2454 1251 2525 παραϐολῇ
1299 2457 1351 2509 oi
1404 2458 1767 2522 ἀπαιτοῦντες

184 2547 308 2608 τοὺς
345 2545 594 2614 καρποὺς
634 2544 977 2613 ἐσφάγησαν·
1014 2547 1070 2598 ἐν
1103 2545 1275 2617 ταύτῃ
1305 2547 1361 2600 δέ
1392 2550 1439 2600 oi
1474 2549 1770 2613 καλοῦντες

186 2639 266 2699 είς
290 2638 418 2698 τοὺς
449 2637 680 2705 γάμους.
701 2637 765 2687 Τί
792 2636 998 2704 ταύτης
1030 2632 1147 2688 ῐσον
1165 2639 1485 2707 τῆςεμιινίας
1510 2657 1525 2706 ;
1555 2640 1720 2694 Ὅσον
1741 2641 1770 2692 ό

187 2729 446 2796 βασιλεὺς
476 2727 856 2797 ἐμακροθύμει
886 2730 978 2782 καὶ
1008 2729 1551 2798 ἐφιλανθρωπεύετο,
1581 2731 1770 2785 τοσοῦ-

185 2839 275 2873 τον
306 2814 454 2874 οὗτοι
485 2819 880 2891 ἐσκληρύνοντο
907 2824 996 2875 καὶ
1025 2823 1333 2892 ὴγρίαινον.

255 2913 367 2968 Kal
395 2914 668 2978 ἀκούσας
697 2942 768 2953 —
793 2913 1152 2982 ἐνέπρησεν.
1188 2915 1293 2968 Ἴδε
1318 2916 1646 2986 κηδεμονίαν
1676 2920 1770 2972 καὶ

191 3006 579 3076 μακροθυμίαν
635 3007 862 3072 ἄφατον.
936 3008 1262 3074 Ἐφύτευσεν
1314 3008 1618 3076 ἀμπελῶνα
1677 3012 1772 3062 καὶ

187 3101 512 3167 ἀπήρτισεν,
539 3096 747 3160 ἐξέδοτο
781 3096 944 3149 αὐτὸν
969 3099 1238 3166 γεωργοῖς
1269 3099 1362 3150 καὶ
1391 3098 1770 3168 ἀπεδήμησεν,

1861 627 1917 674 et
1945 619 2012 672 ab
2037 618 2155 688 ipso
2196 633 2417 690 sponso.
2449 617 2515 672 Et
2551 618 2674 674 vide
2709 618 2839 674 hinc
2871 619 3094 688 quidem
3129 620 3442 675 Judworum

1863 711 2203 778 pravitatem,
2237 711 2385 766 illine
2413 719 2596 764 autem
2637 707 2936 765 Salvatoris
2989 710 3311 764 bonitatem.
3367 710 3446 764 Illi

1860 802 2006 856 enim
2031 802 2368 869 occiderunt,
2433 801 2550 872 ipse
2580 817 2711 856 vero
2741 817 2863 855 cum
2913 811 3100 856 essent
3141 803 3446 859 homicidae.

1864 909 2079 948 rursum
2126 903 2282 947 vocat
2311 907 2403 947 eos
2459 892 2528 947 ad
2573 891 2832 963 gaudium
2879 892 3309 962 sempiternum,
3358 891 3435 944 illi

1861 997 2044 1043 autem
2076 988 2143 1042 ab
2167 1003 2233 1040 eo
2260 987 2531 1046 resiliunt.

1936 1078 2094 1132 Vcrs.
2117 1078 2169 1130 4.
2211 1075 2436 1129 Rursum
2460 1105 2530 1114 —
2553 1075 2789 1142 nuptias.
2817 1071 3037 1128 Priores
3082 1073 3302 1143 quidem
3333 1088 3446 1128 ser-

1863 1187 1958 1226 vos
2001 1170 2251 1239 intelligit
2276 1167 2520 1230 Petrum,
2551 1175 2606 1222 et
2637 1167 2729 1238 qui
2760 1183 2882 1221 cum
2912 1181 2979 1220 eo
3011 1174 3172 1220 erant
3201 1181 3216 1230 ;
3261 1173 3450 1236 poste-

1863 1263 2037 1315 riores
2074 1275 2204 1313 vero
2235 1258 2458 1312 Paulum
2499 1267 2554 1312 et
2584 1273 2737 1330 suos.
2797 1255 3096 1312 Prandium
3157 1267 3336 1311 autem
3396 1264 3453 1311 et

1865 1367 2050 1407 tauros
2082 1361 2136 1404 et
2161 1351 2328 1404 altilia
2359 1358 2591 1402 mactata
2621 1350 2737 1402 sive
2770 1357 2954 1416 parata
2989 1347 3126 1401 dixit
3147 1348 3303 1416 juxta
3336 1361 3455 1401 mo-

1865 1463 1978 1500 rem
2007 1447 2094 1515 qui
2123 1443 2327 1499 servari
2353 1441 2490 1496 solet
2531 1441 2587 1495 in
2620 1441 2846 1510 nuptiis.
2885 1440 2952 1494 Et
2978 1440 3064 1494 hic
3094 1440 3314 1508 quidem
3344 1439 3452 1494 dici

1865 1544 2094 1608 possunt
2132 1533 2339 1590 deliciae
2397 1532 2708 1586 divinorum
2767 1530 3123 1602 dogmatum;
3165 1529 3220 1583 in
3269 1528 3454 1583 futuro

1864 1639 2045 1683 autem
2079 1629 2303 1682 celeste
2327 1625 2581 1695 gaudium
2614 1640 2678 1678 ac
2722 1623 2928 1676 fruitio.
2965 1621 3071 1676 Per
3109 1631 3297 1675 tauros
3322 1635 3454 1673 vero

1865 1732 1920 1776 et
1968 1719 2134 1773 altilia
2176 1717 2491 1789 prctiositas
2526 1731 2587 1770 ac
2647 1714 3052 1786 magniﬁcentia
3086 1711 3320 1767 convivii
3355 1709 3456 1764 de-

1869 1815 2133 1868 claratur.

1943 1905 2095 1960 Vers.
2127 1905 2178 1959 5.
2206 1902 2296 1957 Illi
2320 1933 2388 1943 —-
2415 1917 2593 1954 suam.
2624 1900 2995 1971 Despexerunt
3039 1886 3453 1958 invitationem;

1869 1999 2126 2053 abierunt
2155 1996 2218 2050 ad
2251 1993 2467 2064 prepria
2491 2007 2680 2061 opera,
2712 1991 2928 2050 liocest.
2953 1988 3161 2043 detenti
3195 1994 3324 2041 sunt
3348 1986 3456 2050 his,

1869 2106 1990 2162 quze
2028 2089 2206 2158 priora
2230 2101 2292 2140 ac
2317 2086 2531 2154 potiora
2564 2083 2860 2137 habebant.

1942 2179 2095 2232 Vcrs.
2134 2175 2186 2229 6.
2223 2173 2426 2242 Reliqui
2455 2188 2577 2226 vero
2606 2198 2672 2211 -—
2704 2172 3029 2224 occiderunt.
3083 2167 3128 2225 Ο
3161 2167 3456 2236 impuden-

1872 2271 2043 2326 tiaml
2079 2284 2187 2322 non
2221 2266 2398 2320 solum
2439 2280 2548 2318 non
2585 2272 2880 2324 venerunt,
2922 2262 3018 2316 sed
3063 2269 3118 2314 et
3149 2275 3243 2314 eos
3277 2259 3365 2328 qui
3389 2257 3458 2311 ad

1869 2379 1928 2417 se
1960 2361 2112 2416 missi
2142 2369 2318 2421 erant,
2352 2355 2681 2411 contumelia
2709 2354 3010 2407 all'ecerunt
3042 2350 3456 2406 etocciderunt.

1871 2457 1937 2510 Et
1971 2457 2024 2510 in
2062 2450 2385 2523 praecedenti
2416 2449 2638 2520 quidem
2677 2446 2932 2516 parabola
2960 2446 3032 2498 illi
3053 2443 3281 2514 jugulati
3307 2452 3457 2502 sunt,

1869 2549 1960 2617 qui
1999 2546 2209 2598 fructus
2233 2541 2575 2613 repetebant,
2609 2538 2662 2592 in
2695 2539 2796 2592 hac
2821 2545 3004 2591 autem
3033 2535 3127 2606 qui
3158 2537 3224 2588 ad
3241 2533 3462 2603 nuptias

1870 2639 2157 2694 vocabant.
2217 2634 2353 2701 Quid
2381 2634 2509 2688 huic
2539 2631 2771 2686 insaniae
2803 2628 3012 2699 mquari
3046 2625 3298 2698 poterit?
3340 2625 3460 2689 Quo

1871 2733 2042 2802 magis
2064 2747 2156 2785 rex
2189 2731 2402 2797 patiens
2431 2735 2514 2781 est
2547 2735 2602 2779 et
2633 2725 2933 2785 humanus,
2969 2735 3037 2775 eo
3063 2718 3317 2774 duriores
3350 2715 3465 2771 elli-

1874 2827 2094 2879 ciuntur
2128 2823 2182 2876 lii
2207 2836 2272 2874 ac
2301 2819 2621 2874 ferociores.

1942 2919 2100 2974 Vers.
2126 2913 2424 2983 7.Cumque
2450 2940 2521 2952 --
2543 2909 2825 2963 succendit.
2845 2907 2980 2962 Vide
3008 2902 3460 2976 gubernationem

1874 3011 1990 3082 (uu)
2023 3025 2086 3064 ac
2116 3007 2464 3062 tolerantiam
2498 3002 2854 3058 ineﬂ‘abilem.
2877 2998 3152 3053 Plantavit
3176 2998 3390 3051 vineam
3408 3001 3466 3047 et

1875 3103 1940 3155 ad
1976 3099 2278 3170 perfectum
2310 3095 2606 3166 perduxit;
2665 3093 2890 3148 tradidit
2920 3107 3044 3146 eam
3082 3087 3359 3160 agricolis,
3407 3093 3465 3139 et

191 3189 517 3241 ἀπέστειλεν
549 3190 606 3240 ἐν
631 3187 806 3256 καιρῷ
827 3188 1046 3249 δούλους
1067 3188 1317 3241 ἁπαιτῶν
1347 3190 1475 3253 τοὺς
1498 3191 1768 3260 καρπούς.

1880 3207 2104 3264 peregre
2151 3191 2429 3261 profectus
2457 3197 2559 3244 est.
2597 3188 2797 3243 Emisit
2854 3186 2909 3240 in
2956 3192 3206 3254 tempore
3268 3193 3462 3234 servos

192 3281 412 3333 Τούτων
446 3279 862 3349 ἀναιρεθέντων,
904 3278 1225 3332 ἀπέστειλεν
1258 3280 1473 3344 ἀλλους.
1505 3285 1616 3336 Καὶ
1644 3285 1772 3337 τού-

189 3391 296 3426 των
336 3371 686 3438 σφαγέντων,
723 3370 969 3439 ἐπεμψεν
1006 3371 1168 3424 αὐτὸν
1202 3371 1295 3423 τὸν
1331 3373 1448 3424 υίὸν
1480 3374 1648 3427 αὑτοῦ
1679 3376 1772 3428 τὸν

187 3464 497 3533 ἀγαπητόν.
535 3463 645 3515 Καὶ
682 3462 877 3516 τούτου
919 3461 1273 3531 φονευθέντος
1295 3503 1310 3528 ,
1343 3465 1637 3537 ἠνέσχετο,
1677 3469 1774 3520 καὶ

190 3558 398 3629 μᾶλλον
426 3557 754 3618 ἀποστείλας
791 3554 1032 3621 δούλους,
1068 3557 1296 3610 ἐκάλεσε
1328 3561 1454 3621 τοὺς
1484 3562 1667 3627 φονεῖς
1693 3563 1773 3626 είς

185 3650 425 3720 εὐωχίαν
473 3648 853 3718 ἀτελεύτητον.
891 3650 1006 3701 Οὐκ
1055 3650 1332 3720 ἠθέλησαν
1364 3650 1563 3707 ἐλθεῖν.
1601 3653 1774 3707 Πάλιν

187 3744 416 3811 ἐτέρους
446 3740 789 3795 ἀπέστειλεν.
825 3742 888 3793 Οί
921 3741 979 3794 δέ
1023 3742 1120 3795 καὶ
1142 3742 1368 3806 τούτους
1398 3744 1627 3798 ἀνεῖλον.
1667 3746 1773 3798 Τό-

183 3852 247 3889 τε
313 3834 521 3897 λοιπὸν,
579 3833 654 3896 ὼς
707 3833 903 3887 ἀνίατα
983 3833 1315 3900 νοσοῦντας,
1369 3836 1588 3907 ἀναιρεῖ
1644 3839 1773 3898 τοὺς

187 3927 593 3999 παμπονήρους
637 3924 733 3979 καὶ
779 3924 1033 3995 μιαρούς.
1081 3925 1481 3998 Στρατεύματα
1517 3929 1574 3982 δέ
1604 3929 1772 3984 αὑτοῦ

184 4027 299 4076 νόει
346 4021 414 4073 τὰ
480 4018 866 4090 στρατεύματα
901 4017 1008 4069 τῶν
1055 4017 1367 4088 Ῥωμαίων
1417 4019 1620 4085 πάντες
1663 4022 1774 4095 γὰρ

182 4113 285 4167 τοῦ
311 4111 450 4166 θεοῦ
480 4113 623 4166 είσιν
650 4109 794 4164 κατὰ
825 4111 918 4164 τὸν
948 4109 1107 4178 λόγον
1144 4112 1242 4179 τῆς
1273 4112 1661 4184 δημιουργίας·
1697 4115 1733 4169 ἃ
1755 4157 1772 4184 ,

186 4210 288 4262 ἐπὶ
348 4204 770 4260 Οὐεσπασιανοῦ
827 4205 924 4258 καὶ
981 4204 1183 4268 Τίτου,
1245 4206 1342 4258 καὶ
1400 4209 1526 4270 τοὺς
1591 4212 1775 4276 φονεῖς

185 4299 562 4369 κατέσφαξαν,
603 4298 696 4350 καὶ
726 4297 823 4368 τὴν
855 4295 1010 4350 πόλιν
1045 4297 1246 4362 αὐτῶν,
1277 4299 1344 4353 τὰ
1394 4297 1772 4371 Ἰεροσόλυμα,

185 4394 527 4463 ἐνέπρησαν.

266 4485 406 4540 Τότε
438 4513 506 4523 ——
536 4482 783 4554 γάμους.
825 4481 1104 4547 Διεξόδους
1135 4481 1244 4534 τῶν
1278 4480 1414 4534 ιδῶν
1470 4483 1622 4552 λέγει
1672 4485 1773 4548 τὰς

189 4578 381 4640 πόλεις
429 4577 524 4628 καὶ
564 4575 760 4646 κώμας
807 4574 914 4628 τῶν
970 4573 1162 4628 ἐθνῶν.
1217 4575 1498 4640 Διεξόδους
1545 4577 1603 4630 δὲ
1659 4577 1770 4631 τῶν

185 4673 329 4728 ὁδῶν
358 4669 562 4731 ταύτας
593 4667 872 4737 ὠνόμασε,
913 4665 1092 4735 δηλῶν
1122 4666 1182 4718 τὸ
1211 4667 1629 4738 ἀπερριμμένον
1659 4668 1772 4723 τῶν

187 4765 385 4822 ἐθνῶν.
427 4763 513 4814 Ἐν
534 4763 653 4822 ταῖς
674 4757 927 4825 διεξόδοις
947 4758 1056 4827 γὰρ
1078 4760 1127 4811 oi
1153 4759 1558 4829 ἀπερριμμένοι
1587 4777 1773 4814 κατοι-

185 4855 371 4910 κοῦσι.
406 4850 628 4922 Πρῶτον
664 4849 764 4918 μὲν
793 4848 902 4919 γὰρ
929 4851 976 4900 οί
1010 4847 1303 4901 ἀπόστολοι
1335 4852 1447 4914 τοῖς
1493 4850 1774 4915 Ἰουδαίοις

185 4950 519 5018 ἐκήρυσσον,
559 4943 639 4996 ἔτι
673 4941 806 5012 παρ’
834 4941 1018 5004 αὐτοῖς
1056 4940 1232 5004 ὄντες·
1266 4943 1390 4995 ἐπεὶ
1427 4943 1484 4996 δὲ
1517 4945 1771 5015 ἀπηλαύ-

186 5055 370 5102 νοντο,
422 5037 556 5104 φησὶ
598 5035 734 5105 πρὸς
777 5034 976 5092 αὐτοὺς
1059 5034 1089 5085 ὁ
1139 5032 1350 5097 Παῦλος
1389 5051 1404 5066 ο
1469 5033 1635 5105 Ὑμῖν
1697 5031 1776 5104 ἦν

185 5128 524 5198 ἀναγκαῖον
556 5127 668 5198 (ϐἿ)
692 5126 926 5193 πρῶτον
956 5125 1299 5194 λαληθῆναι
1331 5127 1438 5181 τὸν
1464 5131 1651 5199 λόγον
1672 5130 1777 5183 τοῦ

188 5223 366 5280 Θεοῦ·
395 5219 603 5286 ἐπειδὴ
629 5217 696 5271 δὲ
727 5216 1016 5283 ἀναξίους
1041 5217 1300 5283 ἑαυτοὺς
1329 5220 1621 5288 ἐκρίνατε,
1645 5220 1775 5274 ἰδοὺ

185 5317 568 5386 στρεφόμεθα
594 5315 681 5377 εις
709 5310 778 5363 τὰ
814 5311 980 5380 ἔθνη.

298 5465 348 5501 ιδ
368 5465 490 5519 Act.
511 5477 626 5525 xm,
657 5465 745 5519 46.

1878 3295 2134 3355 repetens
2163 3284 2406 3338 fruetus:
2434 3280 2516 3335 his
2539 3277 2866 3341 interfectis,
2895 3275 3076 3331 emisit
3108 3273 3273 3337 alios;
3297 3271 3462 3325 etiam

1880 3378 1966 3433 his
2022 3375 2309 3447 jugulatis,
2348 3389 2507 3428 suum
2563 3370 2713 3426 misit
2765 3369 2939 3424 lilium
3001 3367 3306 3430 dilectum;
3355 3377 3467 3431 quo

1877 3469 2040 3524 etiam
2085 3467 2354 3538 jugulato.
2402 3465 2676 3534 patienter
2741 3461 3046 3525 sustinuit;
3106 3457 3218 3512 imo
3279 3454 3467 3510 missis

1879 3559 2052 3616 servis
2086 3557 2389 3612 homicidas
2422 3556 2490 3610 ad
2522 3554 2780 3625 gaudium
2837 3559 3108 3607 aeternum
3165 3545 3466 3608 invitavit;

1881 3655 2174 3709 noluerunt
2207 3649 2415 3706 venire.
2448 3647 2661 3702 Rursus
2689 3645 2828 3699 alios
2855 3643 3006 3697 misit
3037 3659 3051 3707 ;
3095 3640 3170 3694 illi
3200 3647 3385 3692 autem
3412 3644 3468 3689 et

1879 3747 1978 3802 hos
2004 3745 2418 3800 interfecerunt.
2455 3740 2612 3794 Tunc
2635 3738 2857 3793 demum
2885 3735 3039 3805 quasi
3085 3729 3470 3788 insanabiliter

1877 3847 2222 3909 aegrotantes,
2250 3832 2449 3889 occidit
2479 3831 2741 3888 scelestos
2771 3842 2835 3881 ac
2857 3825 3102 3896 perditos
3129 3823 3271 3876 illos.
3301 3820 3465 3874 Exer-

1878 3932 2020 3987 citus
2081 3944 2212 3985 vero
2249 3927 2368 3994 ejus
2431 3924 2675 3993 intelligo
2733 3923 3012 3975 exercitus
3072 3916 3467 3969 Romanorum.

1880 4023 2086 4078 Omnes
2125 4019 2272 4074 enim
2301 4018 2390 4072 Dei
2425 4024 2554 4071 sunt
2599 4015 2807 4068 ratione
2853 4010 3157 4066 creationis
3204 4008 3294 4077 qui
3363 4004 3469 4061 sub

1880 4113 2216 4184 Vespasiano
2240 4120 2296 4165 et
2326 4109 2450 4164 Tito
2481 4107 2785 4161 homicidas
2835 4103 3183 4174 jugularunt,
3216 4114 3279 4154 ac
3328 4097 3472 4152 civi-

1881 4215 2049 4263 tatem
2081 4219 2271 4261 eorum
2301 4200 2676 4271 Hierosolyma
2709 4196 3140 4252 succenderunt.

1953 4487 2112 4542 Vers.
2142 4485 2195 4541 8.
2258 4485 2399 4540 Tum:
2434 4515 2505 4527 ——
2543 4483 2695 4538 νει-ε,
2730 4484 2786 4537 9.
2831 4481 3064 4548 nuptias.
3114 4477 3306 4532 Exitus
3351 4477 3472 4532 via-

1808 4547 1852 4602 θ
1881 4595 1998 4633 rum
2030 4578 2162 4632 dicit
2185 4576 2436 4630 civitates
2472 4581 2528 4629 et
2555 4573 2707 4627 vicos
2760 4571 3034 4643 gentium,
3093 4585 3216 4639 qua:
3248 4569 3472 4622 vacavit

1877 4668 2070 4723 Exitus
2097 4667 2332 4730 viarum,
2385 4663 2703 4735 signiﬁcans
2752 4659 3119 4729 abjectionem
3172 4657 3469 4726 gentium;

1879 4762 1933 4815 in
1984 4760 2221 4814 exitibus
2271 4761 2417 4813 enim
2474 4755 2673 4826 abiecti
2729 4760 3166 4810 commorantur.
3222 4748 3467 4803 Primum

1877 4853 2146 4924 siquidem
2179 4849 2404 4922 apostoli
2445 4848 2648 4902 Juilzeis
2680 4846 3075 4917 pr.r.dicah:int,
3112 4858 3235 4898 cum
3291 4841 3473 4896 adhuc

1877 4947 2021 5017 apud
2047 4961 2143 5000 eos
2177 4951 2379 4998 essent.
2417 4942 2711 5010 Postquam
2739 4948 2921 4991 autem
2973 4935 3095 4987 illos
3153 4935 3466 5003 ejecerunt,

1882 5039 2016 5094 dicit
2045 5039 2125 5092 eis
2153 5037 2355 5091 Paulus
2397 5033 2582 5088 :Vobis
2616 5031 2845 5100 oportuit
2891 5029 3121 5098 primum
3161 5027 3302 5097 loqui
3355 5041 3470 5078 vcr-

1886 5133 2006 5186 bum
2057 5131 2152 5184 Dei
2182 5146 2200 5184 :
2234 5130 2359 5200 quia
2386 5140 2564 5181 autent
2605 5125 2848 5178 indimtos
2879 5138 2963 5175 vos
2993 5121 3303 5189 judicastis,
3354 5132 3469 5170 ecce

1886 5223 2236 5278 convertimur
2273 5222 2343 5274 ad
2375 5227 2550 5290 gentes
2573 5217 2641 5272 ”.

1400 5575 1600 5637 Varisa
1630 5572 1940 5636 lectiones
1972 5581 2032 5636 et
2069 5583 2261 5637 notae.

271 5684 382 5752 (67)
415 5685 491 5739 ita
538 5683 729 5740 laudat
773 5685 1055 5756 Clirysost.
1090 5693 1129 5739 t.
1179 5681 1293 5749 Vll,
1327 5696 1450 5752 pag.
1495 5677 1594 5734 681
1643 5676 1703 5730 Β.
1741 5674 1986 5735 Varictas
2040 5694 2173 5750 ergo
2221 5693 2331 5733 non
2371 5692 2439 5734 ex
2486 5676 2766 5734 codicibus
2796 5675 3054 5736 Actuum,
3094 5671 3188 5729 sed
3233 5670 3469 5740 Chryso-

193 5758 378 5814 stomi.

271 5854 385 5924 (un)
425 5853 880 5910 Cul'ernutionem.
914 5851 1109 5908 Curan'
