4020 6510
515 440 622 502 575

515 559 738 622 propter
764 552 977 608 turbant
995 549 1405 624 apprehendere
1427 561 1553 603 eum
1579 559 1689 600 non
1721 545 1996 612 poterant,
2032 542 2092 588 ιιι

2217 529 2483 584 ξυλλαϐεῖν

515 644 723 699 dictum
753 653 854 707 est.
883 645 1044 700 simul
1066 643 1391 706 deliberant,
1419 649 1478 696 ut
1506 653 1632 695 eum
1662 630 2091 703 interrogatione

518 736 902 805 illequearent.

589 828 745 882 Vers.
781 829 860 882 l6.
887 829 953 882 Et
983 827 1412 883 -Herodianis.
1459 824 1674 879 Dictum
1715 827 1800 874 est
1857 815 1925 870 de
1984 812 2093 866 lie-

520 920 762 974 rodizmis
824 920 1083 974 vicesimo
1118 921 1296 991 primo
1324 918 1548 986 capite:
1597 915 1684 968 hic
1721 921 1906 965 autem
1961 904 2095 960 dicit

522 1013 949 1080 (Zitrysostomus
1023 1026 1119 1080 per
1198 1009 1541 1064 Herodianos
1609 999 1831 1068 intelligi
1897 995 2096 1050 milites

525 1102 768 1164 l'crodis,
809 1105 899 1170 qui
930 1114 1062 1158 tunc
1089 1119 1157 1159 eo
1192 1106 1560 1161 accesserant,
1596 1104 1652 1148 et
1681 1089 1844 1146 simul
1895 1104 1923 1139 a
1951 1085 2094 1139 Plia-

524 1199 690 1250 riseis
723 1198 904 1252 emissi
941 1209 1070 1252 sunt
1099 1208 1356 1265 tanquam
1396 1203 1584 1254 testes,
1623 1188 1664 1242 si
1695 1184 1825 1255 quid
1853 1177 2097 1235 forIaSSis

521 1299 710 1344 contra
741 1287 1019 1343 CaeSarem
1073 1288 1447 1355 responderet.
1485 1285 1608 1338 Erat
1657 1278 1803 1334 enim
1856 1272 2098 1327 llerodes

523 1380 733 1434 amicus
793 1381 1047 1436 Caesaris.
1115 1376 1290 1434 Lucas
1341 1391 1472 1431 vero
1511 1375 1579 1429 de
1637 1369 1853 1425 emissis
1907 1380 2097 1421 eorum

523 1469 807 1539 discipulis
831 1460 1175 1526 manifestius
1215 1469 1434 1538 scripsit
1462 1469 1507 1500 "
1536 1483 1553 1532 ;
1607 1463 1954 1518 insidiatores
1985 1457 2101 1510 illos

524 1562 825 1628 appellans.
872 1561 1096 1631 etquod
1149 1561 1412 1628 justitiam
1465 1555 1816 1618 simulabant,
1881 1558 2103 1620 propter

523 1667 685 1717 quam
718 1651 972 1705 videlicet
1001 1667 1126 1706 eum
1172 1648 1606 1718 interrogabant,
1640 1654 1694 1700 et
1745 1640 1892 1712 quod
1934 1638 2103 1692 mise—

541 1748 671 1793 runt
719 1751 778 1794 ut
815 1751 1101 1810 captarent
1153 1753 1460 1794 sermonem
1515 1738 1674 1805 ejus,
1719 1744 1772 1787 et
1822 1730 2105 1786 traderent

1741 419 2118 490 EUTHYMII
2158 415 2518 479 ZIGABENI

3658 399 3766 464 576

2542 521 2703 582 αὑτδν
2766 520 2866 577 οὒκ
2911 519 3176 590 ἠδύναντο
3228 514 3314 570 διὰ
3345 512 3439 569 τὸν
3481 511 3664 586 ὄχλον,
3692 514 3768 575 ὡς

2196 621 2624 694 προδεδήλωται,
2682 615 3086 669 συσκέπτονται
3142 607 3407 680 θηρεῦσαι
3461 608 3650 661 τοῦτον
3702 601 3769 658 δι’

2193 713 2537 783 ἐρωτήσεως.

2264 801 2372 855 Kal
2394 831 2465 840 —
2496 795 2888 867 Ἦρωδιανῶν.
2924 793 3159 863 Εἴρηται
3187 790 3446 860 περὶτῶν
3501 788 3773 857 Ἥρωδιαι

2195 895 2300 949 νῶν
2328 896 2389 946 ὲν
2414 895 2493 965 τῷ
2523 889 2754 959 εἰκοστῷ
2781 885 2982 959 πρώτῳ
3012 882 3311 952 κεφαλαίῳ.
3369 880 3481 934 Νῦν
3505 879 3562 932 at
3606 894 3774 948 φησιν

2196 989 2224 1040 ὁ
2272 985 2657 1058 Χρυσόστομος
2720 982 2833 1051 (75)
2905 976 3273 1047 Ἦρωδιανοὺς
3330 973 3589 1033 νοεῖσθαι,
3647 970 3776 1032 τοὺς

2209 1075 2452 1148 ’Ῑίρώδου
2486 1073 2847 1144 στρατιώτας,
2889 1065 3294 1138 ἐπιδημοῦντας
3323 1064 3441 1116 ἐκεῖ
3478 1062 3621 1124 τότε,
3681 1061 3776 1112 καὶ

2202 1167 2777 1235 συνεξαποσταλέντας
2817 1162 2922 1217 ὑπὸ
2960 1160 3068 1214 τῶν
3109 1156 3424 1229 Φαρισαίων
3454 1155 3530 1217 ὡς
3567 1153 3778 1223 μάρτυ-

2204 1282 2328 1337 ρας,
2370 1261 2423 1315 εί
2447 1278 2501 1313 τι
2557 1258 2700 1314 κατὰ
2748 1255 2845 1310 τοῦ
2898 1253 3180 1319 Καίσαρος
3234 1245 3582 1315 ἀποκριθείη.
3617 1245 3778 1307 Φίλος

2203 1332 2313 1423 γὰρ
2345 1347 2414 1422 ἦν
2451 1351 2479 1403 ὁ
2521 1347 2769 1417 Ἡρώδης
2819 1342 2914 1396 τοῦ
2976 1340 3278 1406 Καίσαρος.
3347 1335 3410 1387 '0
3447 1333 3502 1385 δὲ
3557 1332 3776 1393 Λουκᾶς

2202 1443 2586 1515 φανερώτερον
2613 1439 2742 1510 περὶ
2787 1435 2894 1489 τῶν
2926 1429 3346 1486 ἀποσταλέντων
3381 1425 3640 1503 μαθητῶν
3675 1424 3780 1476 αὒ-

2201 1539 2311 1591 τῶν
2367 1534 2629 1608 ἔγραψεν,
2682 1529 3016 1595 ἐγκαθέτους
3065 1523 3264 1583 αὐτοὺς
3312 1519 3423 1588 (74)
3481 1517 3778 1587 ὀνομάσας,

2203 1633 2396 1703 ἧγουν,
2449 1624 2834 1691 ινεδρεύοντας
2891 1617 3028 1688 (75),
3087 1614 3167 1667 ἔτι
3225 1612 3278 1665 δὲ
3337 1610 3430 1664 καὶ
3487 1609 3783 1679 ὑποκρινο-

2210 1701 2404 1791 μένους
2447 1714 2823 1783 δικαιοσύνην,
2863 1705 2930 1782 ἦς
2984 1709 3175 1763 ἕνεκεν
3203 1705 3365 1773 δῆθεν
3399 1701 3649 1773 ἠρώτων,
3687 1701 3786 1752 γα).

543 1789 669 1793 --ρη
725 1789 777 1794 --
820 1789 1101 1810 --ν----η
1153 1789 1453 1794 ---ω-γρ
1660 1789 1674 1800 ,

523 1845 649 1883 eum
709 1830 1038 1899 principatui
1071 1841 1122 1885 et
1183 1827 1441 1899 potestati
1489 1827 1753 1896 prtesidis.
1798 1822 2103 1892 Sperabam

2217 1816 2290 1867 ὅτι
2320 1809 2732 1878 ἀπεστάλησαν,
2769 1805 2859 1858 ἵνα
2892 1799 3261 1856 ἐπιλάϐωνται
3293 1797 3454 1862 λόγου
3481 1789 3667 1854 αὐτοῦ,
3701 1791 3787 1852 είς

523 1920 667 1974 enim
691 1921 833 1990 quod
863 1928 1052 1976 contra
1085 1920 1357 1976 Ctesarent
1390 1932 1754 1988 responsurus
1791 1921 1959 1968 esset.

594 2171 748 2227 γει-ε.
803 2172 884 2227 16.
942 2172 1180 2227 [licentes
1221 2188 1238 2225 :
1285 2202 1356 2212 —
1395 2173 1490 2228 sis.
1544 2169 1677 2225 Vide
1731 2167 2104 2238 impudentem

523 2265 886 2319 adulationem
950 2281 1053 2334 qua
1093 2265 1175 2318 usi
1220 2272 1367 2330 sunt,
1403 2261 1592 2316 inﬂare
1639 2275 1768 2314 eum
1818 2258 2107 2328 cupientes

523 2372 585 2410 ac
650 2357 916 2420 emollire,
982 2364 1038 2408 ut
1089 2356 1315 2410 omnino
1365 2353 1744 2423 responderet.
1807 2349 2010 2404 Verum
2061 2349 2105 2403 si

527 2465 684 2504 \erax
731 2462 832 2510 est,
895 2449 1166 2520 quomodo
1230 2448 1357 2501 alibi
1425 2445 1631 2508 dicitis,
1691 2443 1836 2513 quod
1895 2440 2107 2495 seducit

525 2539 786 2592 mundum
820 2539 834 2568 ¹
867 2538 889 2590 ‘l

600 2631 754 2684 Vers.
810 2630 895 2684 i6.
954 2628 1019 2682 Et
1071 2657 1143 2669 —-
1190 2630 1399 2682 doceas.
1454 2623 1518 2678 Et
1567 2619 1839 2691 quomodo
1887 2633 2104 2673 rursum

524 2721 728 2782 dicitis,
779 2720 922 2790 quod
957 2735 1066 2773 non
1101 2729 1183 2772 est
1233 2733 1260 2770 a
1312 2715 1508 2770 Deo‘?
1566 2714 1717 2765 Viam
1773 2721 1959 2765 autem
2009 2709 2106 2763 Dei

524 2812 714 2865 dicunt
757 2813 1036 2870 virtutem.
1089 2825 1185 2880 per
1233 2823 1396 2878 quam
1461 2805 1810 2876 progreditur
1833 2802 2106 2873 quispiam

526 2901 591 2953 ad
620 2900 814 2953 Deum.

598 2992 752 3046 Vera.
811 2995 896 3046 l6.
939 2993 1007 3047 Et
1052 2993 1384 3046 -Ιιοιηὶηἱε,
1417 2991 1482 3044 Et
1564 2989 1667 3043 boc
1713 2988 1920 3051 dicunt,
1975 2985 2108 3040 inci-

525 3093 707 3137 tantes
760 3099 885 3137 eum
940 3098 1008 3136 ne
1067 3081 1338 3137 Caesarem
1425 3087 1755 3134 vereretur:
1816 3086 1911 3131 aut
1990 3077 2109 3144 eius

527 3175 722 3228 timore
758 3174 1034 3228 omitteret
1064 3173 1130 3226 ad
1175 3171 1506 3239 interrogata
1557 3167 1907 3237 respondere.
1970 3165 2108 3221 Vera

2137 1885 2175 1937 Β
2206 1907 2265 1958 τὸ
2291 1901 2624 1974 παραδοῦναι
2663 1898 2828 1953 αὐτὸν
2870 1898 2937 1965 τῇ
2971 1895 3111 1964 ἀρχῇ
3143 1891 3242 1945 κα)¹
3299 1891 3364 1959 τῇ
3420 1884 3641 1954 ἐξουσίᾳ
3683 1883 3783 1936 τοῦ

2205 1993 2497 2065 ἡγεμόνος.
2564 1988 2834 2053 Ἦλπιζον
2892 1985 3022 2055 γὰρ,
3049 1983 3133 2036 ὅτι
3160 1979 3302 2034 κατὰ
3347 1977 3439 2032 τοῦ
3503 1976 3787 2045 Καίσαρος

2206 2082 2668 2153 ἀποκριθήσεται.

2279 2175 2568 2242 Λέγοντες
2618 2201 2687 2215 --
2734 2167 2806 2224 εἴ.
2859 2170 3001 2239 Ὀρα
3058 2165 3351 2220 κολακείαν
3410 2161 3787 2229 ἀναίσχυντον,

2209 2260 2592 2338 ᾖκέχρηνται,
2652 2261 2937 2332 χαυνῶσαι
2980 2257 3171 2311 τοῦτον
3206 2253 3522 2324 βουλόμενοι
3553 2249 3688 2317 πρὸς
3725 2247 3792 2300 τὸ

2208 2356 2426 2418 πάντως
2459 2353 2844 2422 ἀποκριθῆναι.
2887 2349 2996 2404 Καὶ
3026 2350 3072 2402 εί
3117 2345 3320 2415 ἀληθής
3352 2348 3490 2408 ἔστι,
3526 2341 3643 2404 πῶς
3686 2339 3788 2393 ἀλ-

2208 2445 2378 2517 λαχοῦ
2407 2447 2619 2515 λέγετε,
2653 2445 2735 2498 ὅτι
2774 2442 2953 2514 πλανᾷ
2983 2440 3075 2493 τὸν
3106 2439 3314 2508 κόσμον
3355 2435 3505 2505 (76);

2276 2633 2386 2688 Kal
2427 2662 2495 2672 —
2525 2630 2859 2696 διδάσκεις.
2903 2627 3014 2680 Καὶ
3062 2625 3177 2689 πῶς
3221 2623 3381 2677 πάλιν
3441 2621 3650 2689 λέγετε,
3704 2618 3790 2672 ὅτι

2208 2728 2307 2779 οὐκ
2332 2725 2481 2778 ἔστιν
2507 2727 2567 2777 ἐκ
2592 2724 2686 2777 τοῦ
2712 2722 2844 2774 Θεοῦ
2868 2737 2882 2785 ;
2925 2719 3076 2773 Ὀδδν
3105 2719 3161 2770 δὲ
3191 2717 3284 2769 τοῦ
3320 2714 3452 2769 Θεοῦ
3491 2731 3632 2792 ,φασι
3685 2713 3789 2782 τὴν

2211 2818 2438 2888 ἀρετὴν,
2479 2817 2546 2870 δι’
2575 2812 2642 2888 ἧς
2677 2813 2850 2869 ὁδεύει
2875 2829 2959 2874 τις
2993 2809 3129 2881 πρὸς
3162 2808 3319 2862 Θεόν.

2282 2990 2392 3040 Και
2425 3015 2490 3025 -
2515 2981 2852 3050 ἀνθρώπου.
2896 2978 3008 3033 Kal.
3035 2975 3194 3030 τοῦτο
3244 2972 3511 3042 λέγουσιν,
3561 2970 3790 3025 ύποκνίσ-

2210 3080 2390 3143 (avra;
2423 3076 2583 3129 αὐτὸν
2605 3077 2683 3137 είς
2700 3075 2760 3126 τὸ
2793 3072 2867 3144 μὴ
2893 3070 3206 3140 αίδεσθῆναι
3234 3069 3324 3120 τὸν
3349 3067 3622 3134 Καίσαρα,
3650 3065 3790 3135 μηδὲ

2211 3169 2297 3220 διὰ
2335 3166 2501 3234 φοϐον
2531 3161 2697 3216 αὑτοῦ
2754 3160 2979 3228 σιγῆσαι
3039 3158 3175 3228 πρὸς
3225 3157 3284 3209 τὸ
3331 3157 3788 3226 ἐπερωτώμενονο

527 3272 675 3316 certe
705 3275 861 3317 erant
890 3279 1231 3333 qu;ncunquc
1280 3263 1346 3316 de
1383 3276 1450 3315 eo
1505 3261 1777 3314 testiﬁcati
1831 3257 2053 3312 fuerant
2084 3273 2098 3323 ;

2220 3258 2419 3328 Ἀληθῆ
2456 3257 2553 3326 μὲν
2582 3253 2674 3308 οὖν
2702 3249 2845 3324 ἦσαν
2876 3252 3084 3312 πάντα,
3119 3249 3226 3302 ὅσα
3257 3245 3793 3328 προσεμαρτύρησαν

527 3370 590 3406 ea
649 3364 825 3408 tamen
881 3355 1034 3409 inviti
1093 3353 1225 3408 fassi
1275 3353 1495 3407 fuerant
1538 3353 1606 3406 ad
1649 3350 1972 3405 insidiarum
2017 3364 2105 3419 ap-

528 3457 886 3514 parattouem.

603 3536 756 3593 νει-ε.
790 3540 873 3591 17.
914 3539 1009 3592 Dic
1035 3570 1102 3578 —
1133 3540 1388 3592 videtur?
1422 3536 1494 3590 De
1528 3535 1632 3589 hoc
1667 3533 1927 3589 videlicet
1962 3532 2108 3603 quod

529 3640 583 3685 te
612 3632 995 3700 interrogaturi
1023 3647 1234 3686 sumus.

603 3722 758 3776 Vers.
796 3724 880 3777 l7.
915 3722 1055 3776 Licet
1103 3752 1172 3764 -ο
1208 3738 1278 3774 an
1311 3737 1412 3773 non
1450 3721 1474 3775 .9
1510 3717 1722 3788 Κῆνσος
1781 3716 1973 3772 Latina
2021 3715 2109 3772 di-

529 3817 641 3870 Clin
661 3825 762 3880 est,
793 3816 935 3871 idem
962 3815 1273 3885 signiﬁcans
1302 3813 1448 3883 quod
1474 3812 1728 3866 tributum
1751 3820 1842 3865 aut
1866 3809 2112 3881 vectigal.

534 3909 686 3961 Lis-et
739 3916 944 3972 autem,
981 3908 1083 3962 hoc
1109 3916 1212 3970 est,
1242 3906 1354 3959 ﬁeri
1389 3911 1569 3975 potest
1619 3911 1714 3956 aut
1755 3901 1962 3968 justum
2010 3909 2114 3956 est.

533 4000 673 4054 Olim
706 4001 972 4068 siquidem
1007 3997 1176 4052 Judtei
1210 3997 1338 4051 dum
1377 3997 1524 4065 leges
1563 4010 1691 4049 suas
1737 3995 2115 4057 observarent,

2209 3350 2382 3418 αὐτῷ,
2422 3349 2563 3419 πλὴν
2604 3346 2830 3408 ἄκοντες
2891 3343 3257 3413 ὡμολόγησαν
3288 3339 3488 3407 ταῦτα,
3525 3338 3660 3409 πρὸς
3689 3355 3793 3391 κα·

2207 3439 2480 3509 τασοιιευὴν
2509 3440 2607 3508 τῆς
2638 3435 2952 3504 ἐπιϐουλῆς.

2283 3531 2432 3585 Εἰπὲ
2465 3527 2760 3591 -δοκεῖ;
2805 3525 2943 3595 Περὶ
2982 3517 3044 3578 οὗ
3089 3522 3335 3594 δηλονότι
3365 3517 3629 3590 μέλλομεν
3651 3518 3791 3586 ἐρω-

2213 3624 2336 3678 τᾶν.

2289 3713 2534 3777 Ἔξεστι
2559 3741 2629 3752 -
2672 3710 2710 3776 ἢ
2745 3711 2857 3776 ob;
2912 3709 3128 3778 Κῆνσος
3189 3701 3475 3774 Ῥωμαῖκὴ
3535 3700 3633 3771 μέν
3672 3703 3791 3753 ἐστι

2214 3805 2384 3869 λέξις,
2445 3803 2807 3873 ἑρμηνεύεται
2861 3800 2918 3853 δὲ
2970 3799 3159 3868 φόρος,
3205 3796 3347 3866 ἦτοι,
3409 3794 3580 3854 τέλος.
3631 3791 3704 3844 Τὸ
3736 3791 3792 3843 δὲ

2222 3900 2491 3963 ἔξεστιν,
2529 3897 2650 3949 ἀντὶ
2707 3893 2800 3947 τοῦ
2827 3937 2842 3960 ,
2873 3891 3098 3945 δυνατόν
3141 3892 3313 3953 ἐστιν,
3349 3888 3548 3952 εἷτουν,
3589 3884 3796 3938 δίκαιόν

2221 3995 2359 4045 ἐστι.
2401 3989 2580 4044 Πάλαι
2622 3987 2724 4056 μὲν
2770 3986 2882 4055 γὰρ
2925 3983 3192 4046 Ἰουδαῖοι,
3255 3979 3614 4049 φυλάττοντες
3669 3978 3797 4039 τοὺς

533 4094 680 4145 muni
708 4092 1027 4146 fruebantur
1045 4091 1319 4153 libertate;
1348 4086 1694 4159 postmodum
1721 4100 1851 4140 vero
1873 4099 1996 4137 cum
2023 4099 2103 4137 ea:

2220 4085 2444 4152 νόμους,
2488 4081 2669 4150 πάσης
2728 4064 3012 4144 ἀπηλαυον
3073 4073 3418 4142 ἐλευθερίαςο
3471 4069 3695 4136 ὕστερον
3739 4069 3796 4122 δὲ

535 4184 1107 4251 pnetergredereutur,
1173 4181 1480 4235 servierunt
1550 4178 1846 4237 Romanis,
1885 4191 2103 4244 quorum

2228 4172 2657 4242 παραϐαίνοντες
2697 4169 2917 4231 αὐτοὺς,
2942 4162 3436 4232 κατεδουλώθησαν
3482 4159 3792 4228 Ῥωμαίοις,

539 4290 570 4338 p
605 4271 789 4341 iuncis
804 4271 1193 4333 eratCeesar.ct
1211 4272 1314 4325 illis
1332 4271 1528 4324 tributa
1549 4266 2103 4339 pendebantJnterre

2224 4266 2297 4320 ὢν
2326 4263 2465 4338 ἦρχε
2499 4265 2740 4330 Καῖσαρ,
2773 4263 2865 4314 καὶ
2890 4260 3090 4330 φόρους
3119 4258 3303 4318 αὐτοῖς
3331 4253 3567 4307 ἐτέλουν.
3631 4253 3799 4322 Ἐρω-

539 4373 662 4431 paul
692 4374 870 4417 autem
908 4365 1138 4434 maligne
1181 4378 1241 4416 ac
1273 4363 1475 4419 dolose.
1509 4369 1568 4414 ut
1611 4361 1653 4412 si
1695 4360 1860 4414 licere
1897 4359 2096 4413 dixerit

2224 4359 2356 4411 τςῖλσι
2392 4358 2450 4409 δὲ
2477 4357 2616 4408 πάνυ
2651 4356 2762 4424 (77)
2793 4353 3082 4422 κακοήθως
3135 4349 3231 4402 καὶ
3282 4347 3533 4416 δολερῶς,
3567 4346 3651 4397 ἳνα
3700 4344 3799 4396 ἐὰν

539 4455 1194 4508 cetumovcantadversus
1209 4468 1332 4506 eum
1362 4451 1526 4504 etiam
1550 4451 1752 4512 turbas,
1781 4458 1967 4518 utpote
1993 4465 2103 4503 sua

2231 4450 2330 4519 μὲν
2379 4450 2507 4520 είπῃ
2568 4450 2649 4501 ὅτι
2706 4447 2906 4512 ἔξεστι,
2972 4445 3236 4512 κινήσωσι
3291 4442 3411 4495 κατ’
3466 4437 3632 4492 αὑτοῦ
3671 4439 3797 4499 τοὺς

541 4549 761 4600 dentem
799 4547 1003 4600 servire
1027 4545 1246 4607 Caesari,
1283 4555 1337 4597 et
1371 4541 1748 4611 subjicicntem
1782 4541 1988 4594 homini
2020 4556 2103 4610 po,

2225 4543 2438 4613 ὄχλους,
2475 4543 2551 4602 ὼς
2588 4537 3054 4612 συμϐουλεύοντος
3109 4535 3383 4588 δουλεύειν
3415 4533 3676 4602 Καίσαρι,
3705 4529 3802 4582 καὶ

541 4639 730 4706 pulum
760 4636 855 4690 Dei
900 4653 913 4701 ;
952 4638 994 4691 si
1026 4651 1152 4688 vero
1184 4650 1292 4686 non
1315 4633 1483 4685 licere
1507 4631 1871 4699 responderit,
1903 4633 2103 4708 tradant

2224 4634 2620 4695 ύποτάσσοντος
2647 4629 2922 4701 ἀνθρώπῳ
2972 4629 3063 4682 τὸν
3087 4626 3214 4679 λαὸν
3242 4625 3336 4677 τοῦ
3381 4621 3518 4676 Θεοῦ
3542 4638 3553 4651 ·
3603 4623 3697 4674 ὲαν
3736 4621 3793 4674 δὲ

540 4745 667 4782 eum
706 4727 951 4798 praesidi,
977 4737 1234 4796 tanquam
1287 4722 1650 4778 defectionem
1677 4736 1706 4774 a
1751 4722 1966 4776 Caesare
1996 4724 2103 4778 bel-

2217 4730 2346 4799 εἴπῃ
2389 4731 2468 4781 δτι
2503 4729 2602 4780 οὐκ
2654 4726 2857 4792 ἔξεστι,
2888 4721 3306 4792 παραδώσουσιν
3351 4718 3514 4772 αὐτὸν
3546 4715 3625 4785 τῷ
3661 4717 3793 4785 ἡγεσ

541 4821 759 4890 lltmqne
799 4809 1169 4875 consulentem
1199 4813 1332 4886 (xx).
1363 4811 1504 4878 Quid
1530 4812 1720 4866 ervois
1746 4813 1835 4882 qui
1885 4813 2006 4869 I‘ons
2030 4823 2103 4869 esl

2225 4825 2367 4893 μόνι,
2419 4821 2494 4883 ώς
2546 4818 2885 4871 ἀποστασίαν
2936 4814 3046 4869 ἀπὸ
3095 4810 3516 4886 Καίσαροςικα),
3553 4808 3793 4878 πόλεμον

541 4913 817 4969 scientiae?

2227 4909 2689 4982 συμϐουλεύοντα.
2726 4907 2790 4959 Τί
2821 4902 2914 4960 οὖν
2937 4908 2970 4976 η
2991 4906 3142 4976 πηγὴ
3164 4906 3264 4976 τῆς
3298 4902 3582 4974 γνώσεως;

648 5092 692 5122 θ’
717 5093 850 5146 Luc.
885 5107 975 5154 xx,
1009 5090 1097 5145 ΞΟ.

1216 5089 1415 5144 'Joau.
1444 5103 1538 5151 vn,
1576 5089 1658 5144 l2.
1766 5091 1785 5118 ²
1809 5085 1967 5141 Joan.
2000 5104 2074 5148 ιχ,
2109 5085 2191 5141 l6.

1750 5267 1951 5332 Varie:
1994 5265 2302 5331 lectiones
2339 5274 2399 5328 et
2438 5273 2630 5329 note).

642 5440 729 5504 '73)
764 5437 922 5490 Tom.
955 5436 1067 5500 VII,
1096 5454 1149 5506 p.
1182 5436 1283 5490 687
1311 5438 1353 5489 Α

638 5510 728 5577 74)
754 5509 982 5569 Αύτούς,
1014 5509 1217 5562 omittit
1245 5509 1311 5562 A.

645 5581 730 5650 75)
767 5579 1139 5648 Ἐνεδρευτὰς,
1167 5577 1232 5631 Α.

625 5763 740 5837 (η)
779 5765 1168 5820 Consnlcnlem.
1203 5759 1555 5816 Suadentcm.

2305 5431 2417 5502 (Ξεῖ)
2449 5432 2620 5486 Etiam
2656 5432 2746 5489 hic
2789 5431 3211 5502 Chrysostomns
3257 5427 3445 5492 habet,
3487 5427 3578 5482 τὸν
3617 5426 3800 5496 ὄχλον.

2233 5501 2296 5556 Τ.
2327 5499 2440 5566 vn,
2468 5518 2519 5569 p.
2548 5503 2650 5556 687
2673 5503 2736 5558 c.

2297 5571 2412 5643 (77)
2448 5573 2636 5637 Πάλιν,
2678 5590 2776 5644 pro
2801 5573 2964 5637 πάνυ,
3000 5570 3066 5626 Λ.
