4020 6480
250 436 349 499 .577

1103 424 1491 489 COMMENT.
1532 423 1613 484 ΙΝ
1673 416 2145 482 ΜΑΤΤΗΕΗΜ.
2182 440 2255 453 -
2306 416 2465 478 CAP.
2505 416 2703 478 XXII.

3424 415 3530 478 578

314 544 513 609 Γνοὺς
535 572 609 584 ——
638 536 829 595 εἶπεν.
867 538 927 593 '0
970 538 1069 609 μὲν
1102 537 1333 608 Μάρκος
1388 534 1487 604 τὴν
1536 530 1834 604 ὑπόκρισιν
1865 565 1874 594 Α

2012 527 2168 584 Vers.
2200 526 2283 582 l8.
2307 525 2531 598 Cognita
2559 556 2630 567 -—
2669 525 2828 579 dixit.
2864 518 3081 579 Marcus
3104 523 3516 582 simulationen

248 654 411 709 φησιν
432 650 445 664 ⁸
482 637 512 689 ὁ
541 634 600 688 δὲ
635 633 874 695 Λουκᾶς.
900 630 998 701 τὴν
1023 627 1390 699 πανουργίαν.

318 730 467 784 τι-
492 728 815 797 ὑποκριταί
838 742 860 791 ;
927 724 1388 794 ’Υποκρινόμενοι
1446 720 1545 793 μὶν
1600 718 1832 791 ἐρωτᾷν,

248 822 332 876 ῖνα
360 821 540 889 γνῶτε
593 821 657 873 τὸ
686 818 931 873 δίκαιον
994 815 1327 886 ὀρύσσοντες
1371 812 1429 867 δὲ
1486 811 1715 884 βόθρους
1746 808 1835 863 διὰ

246 916 341 982 τῆς
396 913 748 984 ἐρωτήσεως.
807 910 895 963 ῖνα
950 927 1019 981 με
1068 905 1582 977 κατακρημνίσητε.
1642 902 1835 969 Δείξας

244 1000 360 1068 οὖν,
400 1004 485 1057 ὅτι
531 1002 635 1055 οὐκ
665 1000 860 1054 ἔλαθον
911 999 1099 1062 αὑτὸν,
1133 999 1286 1068 ὅμως
1336 995 1703 1067 ἀποκρίνεται
1740 993 1836 1045 καὶ

251 1096 389 1166 πρὸς
412 1096 517 1166 τὴν
548 1093 843 1166 ἐρώτησιν.
877 1092 989 1148 Καὶ
1017 1091 1214 1145 σκόπει
1240 1088 1390 1155 πῶςς

327 1279 699 1345 Ἐπιδείξατε
731 1306 805 1318 -
846 1272 1111 1347 κήνσου.
1168 1275 1327 1346 Παρὰ
1386 1274 1442 1327 δδ
1492 1273 1571 1345 τῷ
1624 1274 1837 1344 Μάρκῳ

245 1374 405 1443 φησὶ,
445 1373 659 1441 Φέρετέ
681 1388 784 1441 μοι
834 1370 1145 1440 δηνάριον,
1178 1369 1280 1423 ἵνα
1333 1367 1472 1421 ῖδω·
1534 1368 1630 1421 καὶ
1683 1368 1837 1439 παρὰ

246 1465 327 1536 τῷ
407 1465 595 1535 Λουκᾴ
663 1464 720 1517 δὲ
805 1462 1028 1533 ὁμοίως.
1092 1462 1361 1531 Νόμισμα
1441 1458 1550 1529 γὰρ
1618 1459 1838 1527 ἐλέγετο

244 1557 346 1609 καὶ
398 1556 459 1609 τὺ
509 1555 789 1627 δηνάριον.
853 1554 1119 1624 Ἑζήτησε
1177 1551 1235 1605 δὲ
1288 1551 1422 1604 ίδεῖν
1462 1550 1522 1603 τὸ
1567 1549 1833 1619 νόμισμα,

250 1649 348 1702 ἵνα
400 1648 723 1716 θαυμασίως
780 1647 877 1701 ἀπ’
937 1644 1106 1700 αὑτοῦ
1177 1643 1277 1715 τὴν
1333 1642 1630 1714 ἀπόκρισιν
1672 1643 1839 1713 ἐργά-

246 1757 439 1811 σηται.

322 1836 391 1887 Ol
432 1833 502 1887 δὲ
549 1863 621 1874 -
676 1834 1019 1904 Καίσαρος.
1082 1834 1197 1888 οὐκ
1245 1832 1461 1903 ἀγνοῶν
1523 1829 1834 1904 ἠρώτησεν,

1936 619 2127 675 dixit”.
2153 619 2329 675 Lucas
2354 629 2536 673 autem
2568 618 2891 673 versutiam.

2011 708 2168 765 Vers.
2211 710 2298 764 18.
2339 709 2477 776 Quid
2494 739 2563 750 —-
2594 709 2882 779 hypocrita:
2904 710 2931 763 7
2950 706 3287 764 Simulantes
3308 709 3529 782 quidem

1941 802 2311 872 interrogare,
2370 803 2596 873 utquod
2626 803 2838 874 justum
2896 809 2982 856 est
3019 803 3363 872 cognoscatis
3397 820 3411 858 :
3452 804 3533 858 fo-

1936 909 2090 948 veam
2117 904 2299 947 autem
2321 892 2591 948 fodientes
2623 906 2720 962 per
2742 891 3252 961 interrogationem,
3283 894 3338 948 in
3367 910 3531 959 quam

1937 1000 2025 1039 me
2057 984 2432 1056 praecipitetis.
2458 983 2597 1039 Cum
2625 998 2756 1054 ergo
2783 982 3117 1038 ostendisset
3148 985 3292 1054 quod
3312 985 3415 1041 sibi
3436 1001 3534 1041 co-

1936 1079 2068 1149 gniti
2097 1088 2303 1142 essent,
2326 1078 2817 1147 respondettamen
2834 1085 2889 1131 et
2915 1075 2982 1130 ad
3005 1078 3531 1149 interrogationem;

1936 1180 1992 1225 et
2016 1171 2139 1225 vide
2172 1171 2490 1240 quomodo?

2010 1262 2163 1317 νοτε.
2204 1261 2289 1316 19.
2324 1261 2591 1317 Ostendite
2618 1291 2687 1300 —
2719 1278 2923 1316 census.
2957 1260 3119 1333 Apud
3163 1260 3400 1317 Marcum
3422 1262 3532 1317 ait:

1936 1352 2129 1422 Aﬂ‘erte
2165 1354 2666 1407 mihidenariumut
2721 1347 3009 1421 videam';
3078 1355 3336 1409 similiter
3389 1355 3535 1426 apud

1942 1444 2142 1500 Lucam
2179 1447 2226 1499 '.
2262 1443 2543 1500 Numisma
2562 1450 2712 1502 enim
2745 1447 3035 1502 dicebatur
3058 1449 3224 1501 etiam
3254 1447 3481 1501 denariu
3503 1466 3539 1501 ·.

1938 1534 2197 1603 Quaesivit
2227 1545 2411 1592 autem
2447 1538 2632 1593 videre
2663 1540 2934 1595 numisma
2957 1580 2974 1605 ,
3010 1547 3071 1594 ut
3118 1538 3537 1610 responsionem

1940 1630 2264 1686 mirabiliter
2297 1632 2365 1685 ab
2395 1647 2461 1686 eo
2485 1631 2800 1687 fabricaret.

2014 1814 2166 1872 Vers.
2207 1816 2289 1873 I9.
2326 1816 2392 1870 At
2422 1816 2505 1871 illi
2532 1847 2601 1857 —
2629 1814 2788 1872 \‘ers.
2817 1814 2909 1871 21.
2943 1814 3195 1871 ϐωεονὶε.
3225 1813 3345 1869 Non
3389 1815 3546 1887 igno-

247 1926 367 1979 ἀλλ’
424 1927 511 1980 {va
573 1926 672 1996 τὴν
723 1893 1023 1999 ἀπόκρισιν
1076 1926 1257 1981 αὐτῶν
1294 1893 1585 1996 ,ἀπόφασιν
1630 1893 1874 1977 οἰκείανἶ

1967 1907 2503 1978 ansinterrdgavit,
2538 1907 2633 1991 sed
2687 1915 2750 1962 ut
2794 1924 2863 1963 ex
2924 1907 3143 1962 illorum
3189 1904 3548 1977 tesponsione

246 2032 474 2072 ποιηστι.

326 2037 342 2071 ι
462 2060 474 2072 .

326 2019 864 2182 ῥύαξι-Καίσαρι.
935 2112 1096 2166 Ἐπεὶ
1148 2108 1433 2180 Καίσαρός
1489 2110 1661 2173 ἔστιν,
1699 2107 1841 2161 ἀπό-

249 2203 368 2257 δοτε
429 2204 617 2257 λοιπὸν
664 2205 908 2275 Καίσαρι
959 2204 1028 2257 τὰ
1073 2203 1204 2257 ﬁta.
1266 2204 1368 2256 Διὰ
1411 2201 1573 2255 τοῦτο
1602 2201 1713 2271 γὰρ
1743 2202 1843 2254 οὐκ

253 2294 403 2364 εἶπε,
425 2298 577 2364 Δότε,
615 2297 755 2368 ἀλλ’,
792 2297 1069 2363 ’Δπόδοτε,
1096 2296 1172 2359 ὡς
1209 2295 1420 2349 δκείνου
1446 2295 1597 2349 ὄντα.
1635 2295 1753 2349 Ἰνα
1786 2293 1844 2351 δὲ

255 2393 332 2461 μὴ
362 2392 616 2457 εἴπωσιν,
659 2392 743 2444 ὅτι
775 2389 1247 2461 ’Δνθρώπῳὴμᾶς
1293 2388 1743 2451 ὑποτάττειςκαὶ
1781 2386 1843 2439 οὐ

250 2479 396 2551 Θεῷ,
423 2481 675 2552 ἐπήγαγε
693 2495 709 2512 ⁸

324 2574 438 2627 Καὶ
475 2573 549 2627 τὰ
574 2569 807 2637 -Θεῷ,
850 2570 1069 2638 Ἔξεστι
1095 2571 1207 2639 γὰρ
1240 2570 1335 2625 καὶ
1372 2568 1686 2641 ἀνθρώποις
1711 2569 1847 2622 ἀπο-

253 2667 446 2733 νέμειν
480 2665 551 2718 τὰ
608 2666 999 2735 προσήκοντα,
1032 2663 1127 2717 καὶ
1182 2661 1304 2731 Θεῷ
1354 2661 1423 2715 τὰ
1475 2660 1845 2731 ὀφειλόμενα·

253 2761 372 2821 τοῖς
414 2757 538 2825 μὲν,
584 2756 715 2817 τοὺς
769 2757 991 2827 φόρους,
1021 2754 1119 2808 καὶ
1154 2754 1207 2807 εί
1232 2770 1285 2806 τι
1320 2752 1567 2807 τοιοῦτον
1590 2768 1605 2784 ο
1657 2752 1737 2823 τῷ
1766 2752 1845 2818 δὲ,

254 2850 358 2922 τὴν
390 2847 679 2903 εὐσέϐειαν
708 2853 805 2902 καὶ
845 2847 1099 2918 φυλακὴν
1157 2845 1267 2899 τῶν
1300 2843 1553 2899 ἐντολῶν.
1617 2846 1865 2913 Δέγοιτο·

256 2943 301 2997 δέ
336 2943 403 2997 ἂν
461 2944 679 3012 Καῖσαρ
728 2941 825 2995 καὶ
853 2943 880 2993 ό
917 2939 1324 3010 κοσμοκράτωρ
1376 2936 1644 3005 διάϐολος,
1696 2931 1850 3006 ᾧτινι

257 3035 378 3088 δέον
427 3033 740 3088 ἀποδιδόναι
785 3033 855 3087 τὰ
886 3030 1079 3099 αὑτοῦ,
1114 3030 1260 3101 φημὶ
1320 3027 1385 3098 δὴ
1440 3031 1624 3083 πᾶσαν
1667 3030 1850 3099 ἐμπά-

259 3126 416 3180 θειαν
442 3127 537 3179 καὶ
568 3125 789 3180 κακίαν.

1942 2006 2100 2052 suam
2158 1997 2454 2052 fabricaret
2510 1985 2865 2053 sententiam.

2014 2088 2174 2144 γει-ε.
2198 2089 2288 2145 21.
2321 2089 2463 2144 Tunc
2487 2118 2559 2129 -—
2584 2087 2812 2143 Cmari.
2837 2087 2975 2154 Quia
3014 2087 3248 2144 Caesaris
3279 2098 3386 2153 est,
3418 2089 3545 2144 red-

1944 2183 2059 2238 dite
2090 2183 2274 2251 itaque
2306 2183 2505 2238 Cmsari
2538 2198 2661 2252 quae
2697 2197 2795 2236 sua
2848 2188 2999 2236 sunt.
3061 2180 3191 2235 Ideo
3236 2182 3386 2236 enim
3435 2198 3546 2237 non

1945 2276 2102 2341 dixit,
2125 2276 2277 2338 Date.
2309 2276 2429 2342 sed,
2449 2273 2702 2334 Reddite.
2733 2283 2993 2344 tanquam
3024 2288 3089 2329 ea
3111 2290 3232 2343 quae
3257 2274 3377 2343 ejus
3396 2284 3548 2330 sunt.

1945 2366 2025 2422 Ne
2046 2376 2229 2423 autem
2247 2368 2432 2423 dicant
2457 2384 2471 2423 :
2499 2365 2718 2421 Homini
2744 2381 2847 2421 nos
2876 2365 3135 2437 subjicis,
3156 2373 3213 2419 et
3246 2379 3358 2420 non
3396 2365 3512 2422 Deo
3529 2406 3545 2430 ,

1946 2457 2158 2514 addidit
2176 2474 2189 2511 :

2023 2546 2180 2603 Vers.
2211 2546 2301 2601 21.
2334 2544 2403 2599 Et
2430 2544 2753 2615 quas—Deo.
2793 2543 3027 2599 Licitum
3055 2553 3140 2599 est
3178 2544 3325 2599 enim
3357 2554 3415 2601 et
3448 2546 3553 2601 ho-

1951 2639 2191 2695 minibus
2229 2639 2360 2695 dare
2394 2655 2513 2704 qua:
2548 2637 2913 2702 conveniunt,
2948 2647 3004 2692 et
3024 2637 3135 2692 Deo
3164 2653 3287 2707 quae
3333 2640 3547 2695 deben-

1956 2741 2062 2786 tnr.
2100 2732 2213 2786 IiIis
2240 2733 2459 2800 quidem
2494 2732 2795 2797 tributa,et
2824 2730 2870 2785 si
2894 2729 3026 2802 quid
3061 2738 3148 2784 est
3175 2731 3392 2797 simile;
3421 2731 3552 2787 huic

1953 2832 2137 2877 autem
2169 2823 2424 2891 pietatem
2457 2832 2512 2875 et
2537 2821 2949 2893 observantiam
2990 2822 3395 2877 mandatorum.
3448 2823 3555 2880 Po-

1959 2923 2076 2971 test
2113 2925 2301 2971 autem
2333 2916 2643 2971 diciCtesar
2664 2914 2939 2978 diabolus,
3002 2920 3096 2985 qui
3154 2918 3343 2972 mundi
3397 2922 3551 2989 prin-

1955 3024 2087 3079 ceps
2111 3018 2217 3073 est,
2234 3008 2322 3063 cui
2349 3008 2624 3063 reddenda
2647 3018 2778 3063 sunt
2796 3023 2918 3077 quas
2934 3023 3032 3063 sua
3051 3016 3201 3074 sunt,
3225 3021 3355 3080 puta
3369 2993 3555 3067 omnis

1960 3101 2169 3155 malitia
2194 3100 2488 3169 omnisque
2521 3099 2760 3154 carnalis
2788 3099 3047 3154 affectus.

330 3220 443 3275 Καὶ
471 3250 546 3261 -
564 3218 871 3289 ἀπῆλθον.
937 3216 1295 3288 Ἐθαύμασαν
1322 3217 1443 3289 μὲν,
1478 3216 1580 3271 οὒκ
1600 3216 1858 3270 ιπίστευ-

2038 3192 2186 3248 Vers.
2210 3194 2299 3247 22.
2322 3182 2391 3246 Et
2409 3224 2474 3237 -ι
2490 3193 2756 3247 abierunt.
2776 3193 3048 3248 Admirati
3065 3193 3287 3264 quidem
3307 3204 3556 3259 sunt,\-e-

264 3332 366 3369 σαν
393 3313 453 3367 δὲ
495 3312 525 3367 δ
559 3312 655 3366 καὶ
677 3309 813 3366 αὐτὸ
845 3309 1063 3381 μεγάλη
1094 3307 1304 3363 τούτων
1330 3306 1659 3379 κατηγορία.

480 3500 643 3557 ΚΕΦ.
686 3498 821 3553 NP.
854 3495 994 3566 Περὶ
1038 3494 1159 3550 τῶν
1194 3494 1649 3551 Σαδδουκαίων.

351 3599 454 3653 Ἐν
516 3594 718 3660 ἐκείνῃ
747 3588 1233 3644 -“ἀνάστασιν.
1287 3587 1522 3659 Είρηται
1586 3588 1716 3659 περὶ
1760 3588 1863 3659 τῆς

266 3691 537 3761 αἱρέσεως
589 3685 700 3739 τῶν
731 3681 1111 3738 Σαδδουκαίων
1160 3682 1218 3735 ὲν
1250 3679 1329 3751 τῷ
1358 3680 1530 3751 τρίτῳ
1556 3681 1859 3752 κεφαλαίῳ.

266 3776 431 3837 Οὗτοι
481 3778 539 3833 δὶ
596 3777 697 3847 τὴν
752 3778 818 3830 ἐκ
850 3774 1065 3843 νεκρῶν
1105 3774 1409 3827 ἀνάστασιν
1461 3773 1714 3845 ὴθέτουν,
1773 3775 1863 3829 διὰ

266 3876 331 3928 τὸ
374 3874 454 3944 μὴ
483 3871 596 3943 (78)
637 3867 1083 3941 μνημονεύεσθαι
1114 3865 1321 3938 ταύτην
1354 3866 1608 3936 φανερῶς
1650 3869 1712 3921 ὲν
1742 3871 1864 3931 ταῖς

270 3967 598 4029 Μωσαῖκαῖς
632 3964 897 4035 γραφαῖς,
975 3960 1041 4023 ἃς
1083 3958 1149 4031 δὴ
1202 3960 1373 4030 μόνας
1408 3960 1731 4027 ἐγίνωσκον,
1768 3961 1865 4023 τὰς

268 4058 439 4122 ἄλλας
508 4056 570 4109 οὐ
632 4053 1067 4125 παραδεχόμενοι
1155 4050 1396 4120 βίδλους·
1463 4051 1629 4119 Ἀλλ”
1662 4046 1714 4104 ’δ’
1763 4054 1864 4121 τῆς

270 4152 498 4215 avo!an
534 4147 1043 4221 ἑπιστομισθέντων
1094 4145 1204 4216 γὰρ
1240 4144 1351 4198 τῶν
1393 4144 1729 4216 Φαρισαίων,
1755 4146 1866 4198 τῶν

269 4241 687 4316 ἀκριθεστέρων
722 4241 782 4293 ἐν
837 4240 1145 4305 Ἰουδαίοις,
1176 4240 1227 4291 οῖ
1259 4237 1681 4309 καταδεέστεροι
1736 4238 1866 4291 τού-

268 4353 381 4389 των
431 4333 801 4396 Σαδδουκαῖοι,
851 4330 1107 4401 καθάπερ
1151 4333 1218 4383 ὲκ
1250 4330 1525 4400 διαδοχῆς,
1575 4329 1864 4401 προσϐάλ-

267 4427 443 4490 λουσι,
476 4425 593 4479 δέον
629 4423 870 4494 μάλιστα
895 4421 1251 4493 συσταλῆναι.
1293 4420 1436 4475 Ἀλλ’
1467 4421 1637 4485 ὅντως
1669 4423 1702 4493 ἡ
1734 4421 1868 4492 θρα-

273 4519 445 4590 σύτης
476 4518 835 4587 ἀναίσχυντον
876 4516 972 4569 καὶ
1020 4514 1217 4583 ἰταμὸν
1251 4516 1347 4567 καὶ
1409 4512 1691 4579 ἀδυνάτοις
1741 4515 1865 4568 ὲπι-

271 4613 514 4686 χειροῦν.
599 4612 711 4666 Καὶ
768 4612 892 4663 ἐπεὶ
968 4612 1093 4672 ταῖς
1165 4609 1541 4679 προφητικαῖς
1614 4606 1865 4677 Γραφαῖς

275 4704 661 4775 φανερώτερον
722 4702 970 4756 ἐνέκειτο
1011 4700 1074 4753 τὸ
1114 4699 1292 4770 δόγμα
1347 4702 1449 4770 τῆς
1486 4699 1864 4762 ἀναστάσεως,

271 4795 666 4864 ὑπελάμϐανον
699 4833 715 4861 ,
782 4794 965 4845 ικεῖνο
1006 4790 1120 4863 (79)
1169 4789 1525 4862 δογματίζειν
1588 4789 1867 4855 τοιούτους

269 4889 597 4944 ἀνίστασθαι
628 4888 757 4952 τοὺς
813 4886 927 4959 (80)
993 4886 1321 4957 ἀνθρώπους
1361 4925 1376 4949 ,
1436 4879 1539 4938 οἷοι
1600 4885 1708 4955 πρὸ
1770 4882 1866 4937 τοῦ

272 4982 572 5039 ἀποθανεῖν
618 4977 761 5051 ἦσαν
792 5018 808 5044 ,
887 4978 1027 5049 μετὰ
1085 4978 1193 5033 τῶν
1248 4977 1430 5033 αὐτῶν
1481 4976 1721 5046 σχέσεων
1775 4978 1871 5030 καὶ

276 5076 493 5135 παθῶν.
570 5074 664 5128 Διὸ
730 5076 828 5127 καὶ
876 5073 1011 5145 πρὸς
1082 5070 1401 5143 ἀνατροπὴν
1464 5071 1559 5123 τοῦ
1606 5069 1854 5123 τοιούτου

274 5171 369 5239 δὸγ
383 5186 550 5239 ματος
579 5167 887 5231 πλάσαντες
920 5164 1135 5219 οίκοθεν
1172 5164 1433 5218 ὑπόθεσιν
1476 5162 1759 5234 προσίασι.

388 5330 408 5362 ³
441 5328 610 5385 Marc.
638 5340 753 5391 xu,
780 5324 868 5379 15.
993 5322 1015 5354 ⁸
1041 5320 1173 5377 Luc.
1207 5335 1301 5386 xx,
1328 5318 1420 5374 25.

1531 5318 1552 5349 ⁸
1580 5317 1745 5371 Marc.
1772 5331 1870 5382 xu,
1897 5314 1985 5369 I5.

1966 3300 2085 3339 rum
2115 3300 2227 3339 non
2246 3285 2622 3349 crediderunt,
2651 3284 2799 3356 quod
2828 3284 3008 3354 ipsum
3033 3300 3227 3357 magna
3247 3296 3332 3340 est
3361 3302 3553 3341 eorum

1962 3377 2265 3432 accusatio.

2356 3471 2507 3525 CAP.
2544 3468 2676 3523 LIII.
2704 3468 2781 3523 De
2826 3467 3159 3524 Sadducwis.

2036 3562 2196 3618 νει-8.
2223 3564 2318 3618 25.
2347 3561 2411 3615 In
2436 3562 2528 3616 illo
2558 3591 2625 3604 —-
2654 3562 3116 3617 resurrectionem.
3153 3560 3370 3617 Dictum
3385 3569 3470 3616 cst
3486 3562 3557 3619 de

1964 3665 2113 3714 secta
2136 3654 2563 3710 Sadducmorum
2601 3661 2760 3710 tertio
2790 3655 2972 3725 capite
3010 3670 3025 3708 :
3075 3656 3131 3709 hi
3190 3668 3320 3733 ergo
3367 3670 3557 3709 resur-

1967 3750 2271 3805 rectionem
2288 3763 2354 3803 ex
2383 3748 2615 3803 mortuis
2642 3747 2941 3817 negabant,
2961 3762 3027 3801 eo
3044 3747 3191 3816 quod
3217 3746 3271 3801 in
3304 3745 3559 3803 Mosaicis

1968 3840 2267 3912 Scripturis
2301 3842 2468 3910 hujus
2515 3840 2808 3895 manifeste
2857 3854 2971 3893 non
3010 3839 3104 3894 fiat
3136 3839 3344 3894 mentio
3384 3857 3398 3894 :
3431 3855 3559 3895 nam

1968 3936 2068 3991 bas
2089 3936 2233 3991 solas
2263 3934 2654 4006 agnoscebant,
2686 3933 2809 3987 aliis
2839 3931 2994 3987 libris
3016 3948 3126 3987 non
3146 3915 3409 4002 receptis.
3425 3932 3561 4000 Sed,

1968 4046 2001 4086 ο
2034 4031 2369 4087 dementiam
2396 4030 2410 4084 l
2433 4027 2691 4097 imposito
2708 4024 2999 4081 Pharisaeis
3022 4027 3261 4093 silentio,
3284 4027 3376 4097 qui
3416 4029 3563 4082 inter

1965 4124 2186 4181 Judzeos
2216 4121 2621 4195 diligentissimi
2667 4129 2725 4176 et
2775 4119 3075 4175 acutissimi
3134 4129 3311 4185 erant,
3346 4118 3562 4172 Saddu-

1967 4217 2065 4274 caci
2116 4217 2203 4271 bis
2248 4215 2541 4270 inferiores
2605 4212 2762 4282 quasi
2839 4211 3202 4269 succedentes
3240 4220 3563 4265 occurrunt.

1969 4309 2222 4378 Cumque
2258 4307 2497 4361 maxime
2523 4310 2806 4374 oporteret
2837 4316 2935 4356 eos
2954 4300 3157 4354 ‘animo
3220 4298 3445 4369 reprimi
3499 4313 3565 4352 ac

1980 4408 2210 4456 mmstos
2244 4413 2389 4463 esse,
2419 4396 2646 4452 audacia
2676 4393 3055 4464 imprudentes
3076 4391 3211 4446 facit
3242 4406 3305 4445 ac
3332 4401 3567 4445 temera-

1972 4497 2105 4557 rios,
2130 4500 2187 4548 et
2220 4490 2575 4562 impossibilia
2600 4497 2901 4544 tentantes.
2936 4484 3004 4541 Et
3037 4486 3165 4555 quia
3196 4485 3249 4537 in
3282 4483 3570 4554 propheti-

1891 4573 1944 4633 Ῑ)
1974 4588 2054 4645 cis
2076 4585 2378 4659 Scripturis
2402 4582 2749 4639 manifestius
2769 4579 3155 4637 continebatur
3173 4578 3365 4648 dogma
3382 4591 3569 4630 resur-

1970 4680 2255 4747 rectionis,
2322 4677 2746 4748 suspicabantur
2796 4673 2929 4729 illud
2975 4672 3177 4727 docere
3223 4668 3371 4739 quod
3423 4667 3566 4721 tales

1969 4783 2327 4849 resurgerent
2351 4772 2623 4834 homines,
2644 4768 2837 4839 quales
2855 4774 3015 4821 erant
3038 4764 3357 4834 priusquam
3385 4775 3569 4814 more-

1973 4881 2185 4933 rentur,
2214 4883 2340 4924 cum
2355 4865 2567 4921 eisdem
2593 4861 2878 4917 habilibus
2894 4868 2951 4914 et
2990 4855 3303 4917 auectibus,
3326 4853 3567 4921 ideoque

1973 4964 2043 5020 ad
2064 4960 2483 5019 subversionem
2515 4954 2837 5026 huiusmodi
2863 4948 3156 5024 dogmatis,
3196 4946 3373 5004 emota
3417 4944 3566 5017 apud

1974 5072 2035 5113 se
2061 5054 2352 5111 occasione
2394 5050 2507 5124 (νει)
2536 5048 2826 5106 accedunt.

2094 5311 2115 5343 ⁸
2156 5308 2291 5364 Luc.
2321 5322 2416 5373 xx,
2438 5305 2530 5359 21.

1476 5474 1680 5540 Varia
1709 5473 2021 5538 lectiones
2064 5477 2129 5533 et
2174 5475 2369 5531 noue.

355 5640 472 5712 (78)
513 5638 624 5712 tu),
659 5636 861 5712 omittit
884 5633 944 5690 Β.

361 5694 474 5785 ζ793
508 5710 548 5765 i.
574 5694 625 5765 é;
655 5710 717 5763 τὸ
746 5708 941 5776 Muta.
979 5702 1076 5758 Est
1096 5716 1227 5774 ergo
1251 5699 1575 5771 δογματίζει
1596 5696 1657 5752 τὸ
1677 5694 1875 5764 δόγμα.

2051 5622 2165 5694 ι80)
2192 5619 2507 5683 Τοιούτους,
2536 5614 2598 5670 Β.

356 5876 468 5947 (yy)
502 5870 684 5941 liniue
715 5896 780 5908 -ι
812 5865 1101 5923 occasione.
1140 5863 1291 5921 Ficta
1329 5878 1361 5917 α
1398 5876 1457 5918 se
1486 5859 1825 5924 narratione,
1863 5854 1989 5913 ficto
2018 5852 2048 5910 τι
2075 5870 2135 5911 se
2172 5858 2520 5923 argumento.
