4020 6492
492 454 602 520 573

1716 450 2033 512 EUTHYM
2046 450 2101 509 lI
2144 448 2268 510 ZIG
2279 445 2475 508 ABEN
2484 445 2507 506 Ι

3661 435 3772 498 580

568 564 727 620 νοτε.
756 563 847 619 24.
881 565 950 619 Et
980 593 1051 603 --
1069 577 1184 617 suo.
1208 561 1285 615 Ex
1315 559 1435 631 lege
1463 557 1697 614 Mosaiea
1727 558 2072 612 occasionem

2251 559 2450 609 Ka..-—
2469 550 2678 608 αὐτοῦ.
2720 547 2816 603 Ἐκ
2840 544 3145 630 Μωσαῐκοῦ
3173 545 3339 617 νόμου
3368 542 3470 614 τὴν
3508 542 3774 614 ἀφορμὴν

493 656 793 711 commenti
841 649 1088 719 sumunt,
1151 661 1209 706 ut
1261 649 1568 705 verisimile
1615 657 1877 718 appareat
1927 647 2076 717 quod

495 747 779 816 quaeritur.
813 747 867 800 In
901 746 1172 814 scriptura
1203 741 1474 812 siquidem
1502 739 1912 795 Deuteronomii
1941 753 2079 809 pra:-

500 838 644 907 crpit
691 837 885 900 Moses,
947 843 1003 888 ut
1063 847 1287 889 uxorem
1343 831 1546 886 mortui
1607 831 1813 900 absque
1872 829 2079 892 liberis.

495 944 714 982 rursum
738 927 902 980 ducat
930 923 1098 978 frater
1127 925 1246 994 ejus
1273 925 1317 987 ',
1349 933 1407 977 et
1433 923 1662 993 quiquid
1692 921 1927 991 primum
1982 935 2082 973 nao

499 1028 610 1073 tum
651 1018 813 1072 fuerit
846 1017 1171 1071 nominetur
1205 1016 1255 1070 id
1277 1015 1432 1070 filius
1484 1015 1669 1069 fratris
1727 1011 1949 1076 mortui,
2016 1010 2085 1065 ad

496 1109 616 1178 ejus
646 1107 990 1163 memoriam.
1011 1106 1137 1162 llaec
1173 1108 1358 1178 itaque
1383 1114 1512 1162 sunt
1541 1101 1856 1178 legis.Vide
1877 1112 2083 1168 autem,

501 1199 630 1269 quid
662 1198 716 1252 hi
744 1197 1162 1252 machineutur?

569 1477 729 1533 Vers.
766 1476 858 1532 ΞΒ.
891 1474 1066 1530 Erant
1102 1505 1171 1518 --
1219 1473 1375 1529 Vers.
1403 1473 1497 1528 28.
1529 1489 1669 1527 eam.
1711 1471 1934 1540 Septem
1992 1484 2088 1524 eos

497 1579 840 1639 supponunt,
873 1577 930 1623 ut
953 1568 1121 1640 magis
1161 1565 1476 1620 intricatum
1507 1565 1756 1620 videatur
1787 1563 2086 1634 problems.

2191 1558 2334 1613 ὥστε
2374 1559 2555 1614 δοκεῖν
2584 1557 2940 1628 ἀπορώτερον
2977 1555 3038 1610 τὸ
3078 1555 3395 1625 πρόδλημα.

2181 648 2278 702 τοῦ
2310 647 2631 716 πλάσματος
2687 627 3077 713 λαμϐάνουσιν,
3132 640 3282 703 ὅπως
3343 636 3633 704 ἀξιόλογον
3665 653 3771 705 φα-

2183 740 2302 810 νείη
2327 739 2388 792 τὸ
2413 740 2661 808 ζήτημα.
2704 735 2816 790 Καὶ
2836 736 2946 804 γὰρ
2965 735 3022 786 ἐν
3047 736 3115 803 τῇ
3147 733 3336 803 γραφῇ
3371 728 3464 782 τοῦ
3496 731 3758 798 Aea-rspo-

2186 833 2381 902 νομίου
2415 825 2760 899 παρήγγειλε
2815 825 3081 893 Μωῡσῆς,
3126 825 3215 877 ἴνα
3239 825 3339 894 τὴν
3392 824 3629 889 γυναῖκα
3670 816 3771 870 τοῦ

2184 919 2639 991 τετελευτηκότος
2701 918 2931 979 ἄπαιδος
2984 915 3217 985 γαμήσῃ
3268 914 3431 968 πάλιν
3466 914 3496 964 6
3538 908 3775 979 ἀδελφὸς

2187 1013 2386 1066 αὐτοῦ’
2435 1009 2595 1063 τοῦτο
2628 1011 2739 1077 γάρ
2791 1008 2966 1078 δηλοῖ,
2999 1008 3060 1058 τὸ
3111 1004 3579 1075 Ἐπιγαμὸρτύσει
3611 1020 3622 1032 ·
3673 1005 3776 1054 καὶ

2183 1104 2213 1157 6
2255 1106 2322 1158 ἂν
2353 1106 2594 1174 γεννήσῃ
2643 1099 2882 1170 πρῶτον,
2925 1099 3173 1169 ὀνομάσῃ
3231 1095 3389 1150 τοῦτο
3447 1096 3638 1148 τέκνον
3669 1090 3774 1146 τοῦ

2187 1198 2445 1258 θανόντος
2490 1194 2746 1263 ἀδελφοῦ,
2772 1192 2907 1263 πρὸς
2945 1192 3290 1262 μνημόσυνον
3322 1187 3551 1240 ἐκείνου.
3579 1183 3775 1238 Ταῦτα

2193 1289 2295 1358 μὲν
2327 1283 2421 1340 οὗν
2443 1285 2538 1338 τοῦ
2572 1286 2762 1354 νόμου.
2803 1282 3007 1334 Σκόπει
3037 1281 3115 1344 δὲ,
3157 1280 3210 1332 τί
3243 1272 3390 1333 οὗτοι
3424 1276 3780 1328 κατασκευά-

2190 1378 2376 1442 ζουσιν
2399 1393 2414 1442 ;

2260 1466 2467 1523 Ἦσαν
2491 1496 2563 1507 -
2591 1465 2807 1533 αὑτήν.
2847 1465 3023 1518 Ἐπτά
3053 1462 3111 1517 δὲ
3138 1464 3364 1526 τούτους
3393 1457 3777 1518 ὑποτιθέασιν,

3477 1549 3684 1611 Σκοὴδς
3713 1546 3779 1598 δὲ

497 1658 773 1713 Intentum
806 1668 990 1712 autem
1029 1657 1455 1713 Sadducazorum
1484 1665 1622 1720 erat,
1657 1663 1716 1709 ut
1740 1656 1860 1709 sive
1906 1652 2088 1715 unius,

2196 1655 2303 1715 τοῖς
2332 1651 2736 1715 Σαδδουκαίοις,
2773 1650 2861 1702 ἶνα
2893 1648 3004 1701 stre
3041 1647 3182 1710 ἑνὸς,
3224 1646 3336 1699 εῐτε
3379 1645 3598 1698 πάντων
3637 1641 3781 1692 ἀπο-

498 1751 612 1802 sive
643 1751 888 1803 ninnium
913 1749 1304 1819 responderet,
1342 1747 1526 1802 statim
1565 1755 1906 1816 opponerent
1947 1743 2092 1814 quod

498 1853 625 1891 eum
666 1839 866 1890 iterum
901 1837 1099 1890 futurae
1130 1846 1319 1890 essent
1344 1837 1569 1906 nuptiae,
1620 1846 1768 1890 certe
1802 1843 1991 1890 essent
2036 1844 2093 1889 et

2194 1745 2436 1818 κριθείη.
2454 1745 2664 1815 ταχέως
2694 1742 3104 1813 ἀντιθήσουσιν,
3129 1741 3203 1803 ὡς
3228 1741 3352 1792 ἐπεὶ
3381 1739 3551 1806 γάμοι
3583 1733 3777 1796 πάλιν,

2196 1838 2306 1908 ἀρα
2330 1837 2426 1890 καὶ
2457 1835 2800 1902 τεκνογονίαι
2826 1835 2919 1885 καὶ
2949 1830 3330 1902 παιδοτροφίαι
3386 1831 3481 1882 καὶ
3508 1823 3783 1896 πορισμοὶ

499 1929 787 1998 puerperia
825 1940 881 1983 et
908 1929 1139 1983 nutritio
1180 1928 1474 1993 infantum,
1532 1937 1776 1998 quastus
1823 1943 2090 1998 pecunia-

2196 1907 2497 2001 χρημάτων
2532 1929 2626 1979 κα)⁸
2655 1927 2802 1980 δίκαι
2832 1926 2929 1978 καὶ
2957 1925 3187 1993 πόλεμοι
3229 1922 3326 1976 καὶ
3357 1920 3504 1974 νόσοι
3551 1917 3646 1971 καὶ
3679 1915 3783 1968 θά-

499 2036 644 2086 rum,
679 2021 906 2091 judicia,
933 2021 1073 2075 bella
1099 2035 1163 2075 ac
1196 2021 1570 2091 aegritudines,
1591 2035 1917 2090 rursumque
1946 2033 2095 2074 mor-

501 2120 604 2177 tes,
639 2125 694 2164 et
736 2113 920 2165 omnia
953 2127 1073 2182 qua:
1100 2112 1154 2174 in
1174 2113 1428 2182 praesenti
1474 2113 1582 2166 vita
1617 2112 1915 2178 habentur,
1944 2121 1999 2166 et
2020 2112 2093 2166 ita

499 2201 610 2253 vita
653 2199 747 2254 illa
783 2216 892 2254 non
934 2202 1038 2255 erit
1070 2201 1174 2254 alia
1209 2201 1277 2255 ab
1311 2202 1414 2255 ista
1449 2218 1464 2267 ;
1495 2203 1642 2271 quod
1670 2200 1718 2256 si
1751 2203 1941 2256 eadem
1967 2203 2092 2270 erit,

503 2292 574 2346 ad
609 2293 740 2361 quid
774 2294 958 2346 futura
1007 2301 1091 2347 est
1141 2293 1529 2347 resurrectio?
1588 2293 1771 2364 Itaque
1821 2309 1933 2348 non
1990 2296 2096 2349 erit

503 2385 855 2440 resurrectio.
881 2384 1022 2449 Quid
1053 2398 1183 2454 ergo
1215 2382 1470 2439 Christus
1502 2386 1526 2439 τ

575 2473 834 2543 ἧοΜυιίοι·
893 2475 1113 2541 quidem
1166 2488 1290 2528 esse
1338 2483 1520 2543 potest
1578 2474 1818 2529 humana
1859 2485 2092 2532 natura:

506 2577 721 2636 septem
757 2576 942 2620 autem
988 2569 1110 2630 viri,
1143 2576 1353 2636 septem
1412 2567 1559 2637 leges
1622 2568 1786 2622 variis
1837 2568 2096 2638 tempori-

502 2661 605 2714 bus
637 2674 666 2711 a
691 2660 802 2712 Deo
835 2659 886 2713 ei
923 2660 1136 2713 tradita:
1175 2658 1244 2713 ad
1308 2660 1728 2715 instructionem
1784 2670 1841 2714 et
1890 2661 2065 2730 produ

501 2753 741 2806 ctionem
789 2750 1069 2805 fructuum
1096 2751 1364 2822 iustitiae;
1411 2769 1536 2807 nam
1567 2753 1733 2809 dictio
1764 2757 1928 2824 νόμος
1978 2771 2098 2825 qua:

503 2843 676 2912 legem
715 2842 1010 2912 significat,
1052 2844 1197 2913 apud
1215 2843 1436 2898 Graecos
1468 2845 1770 2899 masculina
1836 2856 1942 2912 est,
1972 2848 2096 2903 ideo

501 2935 896 2989 convenienter
929 2936 1034 2990 illis
1068 2936 1214 2990 viros
1258 2938 1510 3001 denatat,
1542 2951 1666 2991 cum
1715 2939 1913 3006 quibus
1944 2941 2098 3010 quasi

503 3041 628 3078 eum
655 3025 787 3080 \‘il‘lS
810 3028 1122 3081 ειιοοοεεὶγο
1163 3038 1495 3081 conversata
1523 3037 1630 3090 est,
1670 3045 1771 3083 “CC
1798 3040 1980 3085 tamen
2032 3035 2099 3086 ab

505 3114 613 3166 ulla
640 3129 826 3167 verum
861 3114 1333 3169 liabuitfructum.
1368 3113 1571 3170 Harum
1599 3117 1772 3186 prima
1800 3117 1924 3184 fuit,
1979 3135 2098 3189 qua:

503 3207 632 3259 Athe
663 3207 715 3258 in
748 3206 1000 3275 paradiso
1039 3209 1235 3263 tradita
1271 3219 1375 3263 est.
1410 3209 1665 3263 Secunda
1701 3226 1891 3264 rursus
1918 3212 2094 3266 eidem

503 3299 629 3352 data
663 3308 812 3352 extra
844 3299 1153 3366 paradisum
1189 3301 1245 3354 in
1277 3310 1422 3355 statu
1454 3317 1740 3371 pinnarum
1773 3303 1871 3365 (zz
1891 3303 1929 3373 ).
1957 3302 2093 3357 Ter-

505 3393 577 3447 tia
621 3407 742 3460 qua:
795 3391 909 3446 Noe
933 3394 1057 3446 data
1085 3396 1259 3448 estde
1287 3409 1434 3447 arca.
1463 3395 1666 3459 Quarta
1685 3409 1803 3462 qua:
1820 3396 2093 3450 Abraham

502 3483 629 3535 data
656 3482 828 3535 estde
865 3483 1312 3537 circumcisione.
1397 3483 1596 3547 Quinta
1644 3499 1764 3554 quae
1807 3485 1983 3539 eidem
2029 3486 2096 3540 de

504 3572 652 3625 Isaac
686 3572 1083 3627 immolatione.
1124 3578 1287 3627 Sexta
1319 3588 1439 3641 quae
1467 3573 1624 3628 Mosi.
1672 3575 1921 3643 Septima
1975 3590 2097 3644 qua)

503 3677 600 3734 per
632 3665 948 3733 prophetas.
1003 3665 1195 3733 itaque
1253 3666 1530 3719 dannones
1583 3666 1675 3734 qui
1740 3667 1939 3720 docent
1985 3682 2095 3719 non

502 3757 728 3809 credere
758 3758 1245 3815 resurrectionem,
1314 3755 1654 3826 interrogant
1712 3757 1945 3826 maligne
2001 3773 2097 3828 per

504 3847 883 3915 cogitationes.
911 3846 991 3912 Si,
1053 3847 1336 3916 inquiunt,
1382 3845 1562 3900 futura
1614 3858 1697 3902 est
1757 3859 2093 3903 mortuorum

505 3943 855 4002 resurrectio,
889 3942 1044 4008 juxta
1071 3955 1234 4009 quant
1270 3939 1465 3992 barum
1489 3949 1706 4010 septem
1737 3942 1921 4012 legum
1987 3943 2093 3996 hu-

506 4040 662 4075 mana
698 4034 826 4078 tunc
852 4036 1045 4078 natura
1073 4028 1534 4081 conversabitur?
1586 4040 1644 4082 ut
1694 4031 1737 4083 si
1793 4033 2093 4086 secundum

502 4113 746 4183 aliquam
805 4116 1002 4170 harum
1067 4117 1392 4182 dixerimus,
1443 4107 1720 4174 inferant:
1756 4137 1885 4191 ergo
1977 4122 2095 4178 sine

507 4211 690 4261 fructu
745 4209 819 4262 ibi
854 4210 962 4264 erit
986 4219 1081 4264 aut
1114 4225 1252 4264 vana
1281 4211 1516 4266 humana
1543 4214 1651 4266 vita
1680 4215 1950 4282 prioribus
1979 4231 2095 4269 rur-

509 4315 605 4351 sus
631 4300 868 4354 obnoxia
939 4301 1117 4357 malis.
1177 4301 1282 4357 Sed
1325 4321 1448 4359 vera
1511 4322 1576 4360 ac
1646 4309 1900 4361 salutaris
1957 4309 2095 4362 ratio

509 4388 726 4460 pietatis
779 4393 1057 4446 silentiqu
1103 4394 1188 4448 bis
1205 4396 1458 4464 imponit,
1493 4398 1698 4452 docens
1728 4401 2095 4453 alteramesse

508 4487 674 4536 vitam
701 4493 822 4552 post
872 4489 1353 4540 resurrectionem.
1417 4488 1578 4552 Quod
1643 4492 1691 4543 si
1739 4492 1863 4559 quis
1928 4492 2093 4544 etiam

2197 2039 2353 2075 νατοι
2387 2019 2574 2085 πάλιν,
2609 2020 2705 2070 καὶ
2756 2019 2939 2070 πάντα
2973 2016 3042 2068 τά
3067 2013 3161 2068 τοῦ
3199 2014 3471 2083 παρόντος
3505 2009 3643 2080 βίου,
3677 2005 3782 2059 καὶ

2197 2115 2297 2168 οὐκ
2327 2114 2482 2166 ἐσται
2515 2111 2704 2165 λοιπὸν
2729 2110 2758 2162 6
2785 2107 2900 2179 βίος
2926 2109 3134 2169 ἐκεῖνος
3163 2106 3351 2176 ἔτερος
3377 2103 3528 2173 παρὰ
3557 2099 3776 2154 τοῦτον.

2197 2207 2260 2260 Εἰ
2290 2206 2335 2259 δ’
2361 2208 2388 2258 6
2419 2205 2583 2266 αὐτὸς
2637 2202 2813 2268 ἔσται,
2852 2200 2996 2265 τίνος
3043 2198 3205 2271 χάριν
3236 2197 3391 2249 ἔσται
3436 2195 3730 2254 ἀνάστασις
3757 2205 3776 2256 ;

2199 2297 2362 2350 Ὥστε
2392 2298 2492 2350 οὐκ
2514 2297 2669 2350 ἔσται
2691 2296 3010 2357 ἀνάστασις.
3044 2292 3109 2346 Τί
3138 2285 3230 2345 οὖν
3261 2291 3288 2343 6
3312 2287 3546 2360 Χριστός
3581 2302 3598 2353 ;

2269 2482 2437 2556 [Γυνὴ
2463 2480 2574 2555 (81)
2608 2481 2708 2551 μὲν
2737 2483 2824 2551 εἴη
2853 2479 2918 2533 ἂν
2981 2481 3012 2551 ἡ
3044 2477 3363 2549 ἀνθρωπίνη
3396 2475 3580 2546 φύσιςο
3607 2474 3750 2527 ἑπτὰ

2196 2579 2253 2630 δὲ
2288 2577 2532 2645 ἀδελφοὶ,
2566 2577 2618 2628 οἱ
2682 2577 2822 2628 κατά
2885 2576 3110 2646 καιροὺς
3159 2574 3313 2642 παρὰ
3353 2571 3488 2624 Θεοῦ
3530 2567 3782 2634 δοθέντες

2197 2671 2337 2739 αὐτῇ
2376 2668 2510 2740 πρὸς
2537 2667 2820 2736 πλιδαγιυγ
2835 2667 2920 2718 ίαν
2944 2667 3037 2719 καὶ
3060 2667 3273 2734 γένεσιν
3297 2662 3527 2735 καρπῶν
3569 2662 3784 2715 δικαιο-

2200 2763 2366 2834 σύνης
2406 2764 2580 2832 νόμοι,
2611 2756 2715 2824 οἷς,
2743 2760 2817 2824 ὡς
2869 2761 3115 2828 ἀ·.δράσι,
3172 2761 3313 2812 κατὰ
3368 2757 3618 2826 διαδοχὴν
3657 2755 3784 2824 ὀμι-

2201 2856 2441 2926 λήσασα,
2475 2854 2611 2925 παρ’
2660 2853 2877 2916 οὐδενὸς
2931 2853 3057 2923 ἔσχε
3110 2852 3326 2922 καρπὸν
3374 2850 3646 2920 ἀληθινόν.
3677 2843 3782 2898 Ὧν

2201 2951 2423 3020 πρῶτος
2491 2949 2614 3016 μὲν,
2647 2950 2674 2998 6
2721 2949 2778 2998 ὲν
2807 2947 2886 3016 τῷ
2916 2946 3232 3014 παραδείσῳ
3263 2943 3434 3005 δοθεὶς
3466 2944 3545 3012 τῷ
3587 2941 3778 3008 ’Δδάμ⁹

2199 3043 2455 3113 δεύτερος
2490 3041 2572 3106 δὲ,
2607 3043 2632 3093 6
2656 3040 2732 3108 τῷ
2766 3039 2917 3109 αὑτῷ
2944 3039 3122 3100 δοθεὶς
3149 3037 3310 3100 αὖθις
3343 3038 3447 3102 ἐξω
3472 3033 3564 3088 τοῦ
3587 3051 3771 3103 παρα-

2199 3135 2402 3200 δείσου,
2424 3137 2482 3187 ἐν
2504 3136 2656 3197 τάξει
2681 3133 2995 3208 ἐπιτιμίωνο
3021 3131 3226 3198 τρίτος,
3260 3132 3287 3183 ὁ
3319 3131 3459 3183 κατά
3491 3131 3590 3196 τὴν
3621 3126 3782 3179 κιϐω-

2127 3245 2170 3302 C
2203 3227 2296 3278 τὸν
2313 3225 2400 3295 .τῷ
2431 3224 2555 3277 Νῶε
2580 3223 2777 3285 δοθείς-
2805 3223 3088 3290 τέταρτος,
3122 3221 3150 3272 6
3176 3217 3254 3288 τῷ
3300 3216 3559 3287 Ἀϐραὰμ
3579 3213 3779 3277 δοθεὶς,

2203 3321 2335 3390 περὶ
2375 3319 2474 3388 τῆς
2529 3317 2864 3387 περιτομῆςο
2909 3315 3185 3384 πέμπτος,
3225 3316 3252 3373 6
3292 3312 3371 3381 τῷ
3413 3309 3563 3378 αὐτῷ
3611 3308 3776 3360 πάλιν

2200 3413 2331 3481 περὶ
2380 3411 2481 3479 τῆς
2529 3411 2671 3462 κατὰ
2717 3408 2808 3460 τὸν
2854 3409 3042 3459 Ἰσαὰκ
3088 3405 3300 3466 θυσίας·
3365 3403 3547 3464 ἕκτος,
3575 3403 3602 3452 6
3634 3401 3777 3451 κατὰ

2204 3504 2466 3565 Μωῦσέα,
2494 3500 2588 3552 καὶ
2616 3497 2866 3568 ἕϐδομος,
2896 3499 2923 3548 6
2941 3496 3030 3548 διὰ
3046 3495 3152 3546 τῶν
3176 3492 3492 3563 προφητῶν.
3509 3493 3571 3542 υἱ
3594 3490 3776 3542 τοίνυν

2198 3596 2295 3666 τὴν
2317 3596 2608 3646 ἀνάστασιν
2627 3592 2842 3644 ἀθετεῖν
2861 3591 3201 3650 όιδάσκοντες
3221 3589 3497 3655 δαίμονες,
3529 3585 3776 3656 ἐρωτῶσι

2199 3686 2489 3756 κακοήθως
2518 3685 2608 3737 διὰ
2641 3685 2746 3736 τῶν
2779 3683 3078 3752 λογισμῶν,
3105 3681 3178 3743 ὡς
3206 3681 3365 3750 εἴπερ
3398 3681 3606 3749 νεκρῶν
3648 3679 3776 3731 ανά-

2201 3797 2390 3840 στασις
2425 3780 2601 3843 ἔσται,
2635 3777 2778 3830 κατὰ
2811 3778 2933 3828 τίνα
2950 3774 3067 3828 τῶν
3085 3775 3394 3845 εἰρημένων
3423 3772 3562 3825 ἑπτὰ
3593 3772 3773 3841 νόμων
3801 3815 3804 3820 .

2198 3875 2231 3945 ή
2280 3873 2602 3944 ἀνθρωπίνη
2654 3871 2817 3939 φύσις
2875 3869 3003 3921 τότε
3058 3867 3517 3936 πολιτευθήσεται
3559 3882 3574 3932 ;
3636 3866 3772 3930 Ἵνα,

2199 3967 2314 4034 εἴγε
2351 3965 2494 4018 κατά
2527 3982 2645 4017 τινα
2667 3968 2879 4016 τούτων
2913 3963 3126 4032 φῶμεν,
3149 3962 3537 4028 ἑπαγάγωσιν,
3566 3958 3776 4014 Οὐκοῦν

2199 4060 2452 4130 ἄκαρπος
2486 4058 2641 4110 ἔσται
2678 4057 2840 4110 πάλιν
2863 4057 2958 4108 καὶ
2995 4055 3200 4124 ματαία
3228 4056 3260 4124 ή
3290 4055 3608 4123 ἀνθρωπίνη
3639 4052 3773 4123 ζωὴ,

2197 4156 2308 4214 τοῖς
2326 4152 2614 4221 προτέροις
2637 4147 2794 4212 αὖθις
2810 4148 3124 4217 ἐνσχεθεῐσα
3149 4151 3359 4209 κακοῖς.
3383 4146 3554 4198 Ἀλλ“ο
3573 4145 3774 4215 ἀληθὴς

2200 4245 2296 4297 καὶ
2316 4244 2587 4312 σωτήριος
2619 4243 2718 4311 τῆς
2769 4240 3055 4303 εὐσεϐείας
3091 4242 3245 4305 λόγος
3278 4239 3628 4306 ἐπιστομίζει
3657 4239 3775 4290 τού-

2197 4354 2344 4400 τους,
2383 4337 2576 4406 ἑτέραν
2626 4331 2769 4388 εἶναι
2793 4334 2939 4404 ζωὴν
2999 4335 3135 4403 μετὰ
3171 4335 3267 4402 τὴν
3298 4335 3596 4385 ἀνάστασιν
3630 4332 3775 4385 διδά-

2201 4446 2367 4483 σκων.
2401 4430 2464 4481 Εί
2488 4430 2546 4481 δὲ
2577 4427 2668 4480 καὶ
2696 4428 2790 4488 τὰς
2816 4427 2956 4479 ὲπτά
2986 4426 3228 4495 χιλιάδας
3262 4425 3370 4478 τῶν
3398 4425 3537 4476 ἑτῶν
3559 4423 3655 4476 τοῦ
3677 4442 3775 4476 πα-

2206 4524 2391 4591 ρόντος
2416 4521 2624 4590 κό;μου
2655 4520 2812 4572 λάϐοι
2845 4535 2953 4582 τις,
2998 4518 3140 4588 ἦτοι,
3183 4518 3307 4576 τοὺς
3347 4517 3488 4569 ἑπτὰ
3546 4517 3774 4580 αἰῶνας,

512 4587 722 4643 septem
758 4577 922 4629 millia
973 4593 1241 4632 annorum
1277 4581 1560 4649 praesentis
1609 4583 1796 4636 mundi
1841 4583 2091 4652 accipiat,

2203 4577 2283 4676 οἷς
2311 4577 2555 4682 ὡμίλησε
2589 4612 2697 4664 τῶν
2725 4577 3032 4680 άνθρὼττων
3067 4613 3098 4681 ὴ
3124 4577 3310 4679 ιρύσις,
3340 4612 3435 4678 οὐχ
3465 4577 3773 4679 ἁμαρτήσει

512 4667 629 4720 sive
657 4676 865 4736 septem
894 4669 1091 4722 saecula
1116 4670 1313 4739 quibus
1346 4671 1482 4724 vixit
1541 4673 1824 4727 hominum
1877 4684 2097 4738 natura,

511 4771 540 4806 a
577 4759 849 4811 verisimili
888 4775 996 4813 non
1047 4761 1349 4816 aberrauit.
1378 4761 1594 4816 Nullius
1622 4775 1799 4818 autem
1819 4766 1924 4819 erit
1965 4781 2100 4820 uxor

515 4857 644 4913 post
682 4853 1167 4916 resurrectionem,
1193 4868 1318 4907 cum
1351 4855 1465 4909 haec
1491 4857 1653 4908 linem
1699 4856 1953 4921 habeant,
2002 4858 2098 4912 sed

512 4939 660 4992 aliud
693 4942 954 4995 saeculum
997 4953 1262 4999 octavum
1305 4947 1452 5015 quod
1481 4947 1644 5000 finem
1670 4962 1779 5001 non
1799 4947 1980 5014 habet,
2006 4965 2100 5005 ac-

513 5029 678 5098 cipiet
701 5032 867 5086 illam.

586 5122 738 5177 Vers.
765 5123 856 5178 29.
920 5124 1256 5196 Respondeas
1291 5157 1358 5169 -
1391 5128 1505 5183 Dei.
1543 5127 1838 5195 Fallimini,
1893 5141 1951 5184 ut
1999 5129 2093 5202 qui

625 5281 644 5312 ⁷
676 5278 835 5336 Deut.
881 5299 1008 5348 xxv,
1030 5285 1080 5340 ὕ.

2201 4707 2296 4759 τοῦ
2339 4708 2549 4768 εἰκότος
2579 4704 2717 4775 (εἰ),
2749 4698 2824 4757 ὧν
2882 4704 3095 4767 οὐδενος
3149 4704 3302 4756 ἐσται
3335 4706 3474 4774 γυνὴ
3512 4705 3652 4773 μετά
3678 4707 3773 4771 τὴν

2201 4802 2525 4866 ἀνάστασιν,
2552 4801 2756 4852 τούτων
2789 4798 2889 4868 μὲν
2941 4799 3115 4869 πέρας
3152 4797 3452 4858 λαϐόντων,
3498 4797 3692 4864 ἑτέρου
3721 4797 3774 4848 δὲ

2201 4895 2563 4962 ἀτελευτήτου
2619 4890 2711 4945 τοῦ
2764 4891 2953 4959 ὀγδόου
3005 4890 3202 4952 αἰῶνος
3253 4887 3773 4958 παραλαμϐάνοντος

2202 4987 2425 5061 αὑτήν.]

2286 5129 2660 5198 Ἀποκριθεὶς
2688 5158 2753 5169 -
2781 5127 2948 5181 Θεοῦ.
2986 5126 3287 5192 Πλανᾶσθε,
3310 5128 3386 5191 ὼς
3412 5129 3488 5199 μὴ
3526 5127 3768 5192 νοοῦντες

1697 5359 1902 5420 Variae
1946 5358 2250 5422 lectiones
2284 5366 2344 5422 et
2376 5371 2565 5422 notae.

516 5589 527 5596 .
587 5513 700 5585 (81)
731 5516 862 5581 Qua:
904 5519 990 5596 Itie
1025 5519 1370 5585 inclusimus,
1396 5536 1459 5574 ea
1496 5522 1576 5596 in“
1604 5523 1727 5577 cod.
1758 5523 1802 5578 Α
1841 5523 2096 5596 leguntur

513 5591 570 5639 in
595 5601 858 5666 margine,
881 5591 1302 5666 tribuunturque
1324 5604 1511 5647 sancto
1536 5594 1790 5658 Maximo,
1823 5591 1983 5664 cujus
2010 5595 2087 5648 in-

513 5663 930 5725 terpretationes
960 5663 1231 5730 pleraeque
1262 5678 1454 5717 otnnes
1499 5663 2089 5736 :iliegortcae,ob5eurze

585 5817 689 5891 (zz)
717 5817 778 5872 In
804 5827 944 5875 statu
973 5837 1272 5888 peritarum.
1312 5822 1492 5878 l‘uzna‘
1528 5824 1662 5879 loco.

2203 5536 2368 5600 atque
2399 5532 2844 5600 tortuosaesunt.
2875 5528 3096 5581 Avertat
3146 5527 3285 5582 Deus
3319 5528 3371 5582 in
3416 5539 3692 5600 posterum
3733 5542 3764 5584 ι

2193 5598 2392 5652 litteris
2421 5598 2594 5649 sacris
2617 5597 2750 5650 tales
2783 5600 3130 5664 interpretes.

2269 5666 2383 5739 (83)
2420 5668 2656 5733 Σκοποῦ,
2684 5684 2783 5737 pro
2813 5671 3046 5731 εἰκότος,
3080 5673 3146 5721 Λ.
