4020 6504
546 448 651 509 £83

1779 429 2163 494 EUTHYMII
2199 428 2559 491 ZlGABENl

3706 433 3821 497 584

544 559 639 630 qui
690 558 1054 615 resuscitandi
1122 564 1271 613 sunt.
1328 554 1504 609 Lucas
1552 557 1735 605 autem
1808 546 2018 601 addidit
2068 544 2131 611 “,

2241 560 2362 607 τας.
2415 542 2477 597 '0
2506 543 2561 596 δὲ
2613 544 2832 606 Λουκᾶς
2892 544 3259 617 προσέθηκεν,
3314 547 3397 601 ὅτι
3434 547 3633 612 πάντες
3658 550 3823 619 αὐτῷ

546 652 691 722 quod
730 666 925 707 omnes
994 649 1322 709 illi’vivunt,
1352 644 1469 700 sive
1495 642 1640 713 apud
1678 640 1851 695 illum.

616 740 771 796 Vers.
813 741 901 795 55.
933 737 1163 807 Cumque
1207 735 1477 789 audissent
1513 760 1584 773 ——
1617 730 1755 800 ejus.
1783 726 1981 782 Turba
2004 727 2137 780 sim-

543 832 714 903 plices
747 842 801 885 et
836 830 1189 898 incorrupta.
1224 824 1295 880 Ut
1334 832 1515 879 autem
1544 822 1681 877 dixit
1712 819 1888 874 Lucas
1919 817 1985 883 ",
2015 816 2135 886 qui-

543 930 664 983 dam
688 925 849 979 etiam
874 924 1186 980 Scribarum
1218 922 1473 993 dixerunt
1497 937 1510 973 :
1546 918 1817 989 Magister,
1850 915 1974 968 bene
2001 913 2135 968 dixi;

540 1019 632 1083 sti;
657 1016 714 1071 bi
731 1018 877 1070 enim
894 1015 1355 1069 resurrectionem
1376 1012 1597 1082 quidem
1617 1009 2039 1067 conﬁtebantur,
2056 1012 2138 1059 at-

546 1118 728 1161 tamen
775 1106 1032 1159 admirati
1061 1112 1193 1158 sunt
1237 1101 1424 1173 etipsi
1462 1095 1766 1170 argumenti
1792 1095 2035 1158 modum,
2082 1100 2135 1146 et

542 1198 1056 1271 interpretationem
1104 1197 1252 1253 illius
1308 1195 1603 1258 sermonis,
1667 1192 1780 1263 Ego
1832 1206 1949 1243 sum
1994 1187 2133 1241 Deus

540 1292 812 1346 Abraham
846 1331 861 1352 ,
894 1299 1030 1355 etc.,
1064 1304 1157 1343 nec
1199 1287 1428 1356 amplius
1481 1283 1747 1337 audebant
1808 1295 1927 1335 eum
1982 1275 2137 1348 quid-

544 1400 703 1452 quam
783 1384 1132 1451 interrogare.
1196 1376 1333 1432 Nam
1404 1376 1570 1432 etiam
1646 1374 1751 1428 hoc
1823 1370 1958 1427 dicit
2019 1369 2131 1423 Lu-

543 1490 637 1529 cas
668 1476 733 1526 “.

899 1588 1035 1658 Cap.
1078 1586 1213 1642 LIV.
1264 1584 1342 1640 De
1377 1584 1501 1654 legis
1548 1584 1778 1636 doctore.

619 1681 775 1737 Vers.
812 1680 901 1734 54.
928 1678 1193 1734 Pharisaei
1232 1687 1410 1731 autem
1437 1704 1509 1714 —
1540 1673 1691 1728 Vers.
1725 1670 1816 1726 36.
1848 1670 1958 1741 lege
1991 1668 2015 1723 2
2041 1668 2130 1723 Si-

551 1773 729 1827 Ientio.
772 1773 879 1826 illis
921 1771 1178 1839 imposito
1223 1782 1444 1822 rursum
1497 1765 1717 1819 irruunt
1749 1761 1845 1824 bi,
1904 1776 1969 1816 ac
1996 1759 2134 1831 legis

543 1863 826 1917 doctorem
896 1858 1201 1930 proferunt,
1256 1874 1367 1913 non
1434 1857 1646 1911 discere
1704 1853 1970 1918 volentes,
2033 1850 2128 1907 sed

545 1953 735 2009 doIOSe
783 1961 1033 2023 agentes.
1067 1949 1207 2016 Quia
1254 1949 1403 2003 enim
1452 1946 1508 2002 id
1551 1954 1670 2001 erat
1696 1944 1931 2015 primum
1982 1958 2127 2014 pra:-

2240 635 2427 701 ζῶσιν,
2460 636 2649 706 ἦγουν.
2688 637 2819 704 παρ’
2851 637 3020 706 αὐτῷ.

2309 725 2418 780 Kal
2462 727 2840 792 ἀκούσαντες
2884 757 2953 767 —
3008 728 3215 784 αὐτοῦ.
3286 731 3351 783 Οἱ
3392 730 3659 802 ἀπόνηροι
3712 735 3819 787 καὶ

2237 816 2522 869 ἀδέκαστοι
2574 816 2744 885 δίλοι.
2790 816 2878 879 Ὠς
2908 817 2965 870 δὶ
2993 813 3153 870 εἶπεν
3176 820 3205 872 ὸ
3232 821 3469 883 Λουκᾶς,
3519 822 3614 874 καί
3664 838 3819 884 τινες

2238 909 2347 961 τῶν
2378 910 2757 980 Γραμματέων
2784 904 2960 977 εῐπον,
2988 909 3345 977 Διδάσκαλε,
3383 911 3582 979 καλῶς
3610 907 3815 977 εῖπας.

2239 998 2401 1057 Οὗτοι
2453 1008 2558 1075 γὰρ
2616 1005 2933 1074 ὡμολόγουν
2994 1007 3093 1074 μὲν
3152 1008 3249 1077 τὴν
3308 1008 3629 1075 ἀνάστασιν,
3689 1009 3816 1062 ἀλλ’

2237 1097 2387 1165 ὅμως
2430 1094 2753 1166 ἐθαύμασαν
2808 1096 2907 1149 καὶ
2950 1096 3107 1150 αὐτοὶ
3172 1098 3272 1167 τὴν
3319 1098 3663 1171 ἐπιχείρησιν
3715 1101 3820 1153 καὶ

2239 1190 2539 1260 ἑρμηνείαν
2560 1188 2678 1253 τοῦ,
2736 1190 2881 1258 Ἐγώ
2901 1192 3032 1259 ἐιμι
3060 1192 3093 1244 ό
3123 1191 3286 1257 Θεός·
3316 1191 3514 1245 οὐκέτι
3538 1191 3606 1244 δὲ
3639 1191 3819 1245 ἐτόλ-

2232 1298 2365 1349 μων
2416 1278 2725 1351 ἐπερωτᾷν
2770 1282 2961 1336 αὐτὸν
2994 1280 3346 1337 οὐδέν.·Καὶ
3399 1282 3559 1336 τοῦτο
3594 1284 3819 1345 Λουκᾶς

2239 1390 2314 1443 φη
2326 1390 2429 1426 σιν.

2308 1580 2465 1634 ΚΕΦ.
2490 1578 2615 1635 NA'.
2643 1579 2784 1649 Περι
2815 1574 2923 1636 τοῦ
2950 1580 3442 1649 ἐπερωτήσαντος
3472 1576 3743 1650 νομιίοῦ.

2312 1674 2377 1727 οι
2397 1673 2465 1727 δὲ
2493 1672 2885 1742 Φαρισαῖοι-
2908 1674 3094 1743 νόμφ;
3125 1672 3647 1741 Ἐπιοτομισθέντων
3674 1673 3817 1726 ἑκεί-

2238 1782 2366 1831 νων,
2401 1759 2551 1818 οὗτοι
2582 1765 2745 1818 πάλιν
2772 1764 3134 1829 έπιτίθενται,
3160 1764 3254 1819 καὶ
3292 1765 3684 1837 προσάλλονται
3714 1765 3816 1818 τὸν

2236 1855 2488 1926 νομικὸν,
2507 1856 2568 1908 οὐ
2591 1855 2906 1927 βουλόμενοι
2932 1857 3147 1926 μαθεῖν,
3175 1857 3314 1910 ἀλλά
3348 1840 3812 1928 κακουργοῦντες.

2248 1946 2405 2001 Ἐπεὶ
2444 1948 2557 2019 γὰρ
2589 1947 2784 2019 πρώτη
2807 1948 2998 2019 ιντολη
3030 1948 3168 2021 αὕτη
3197 1945 3659 2019 ἦν,Ἆταπήσεις
3694 1952 3816 2006 Κύ-

545 2053 793 2116 ceptum:
826 2044 1030 2114 Diliges
1061 2041 1339 2095 Dominum
1374 2040 1542 2094 Deum
1574 2046 1897 2103 tuum,etc.,
1921 2034 2127 2105 opinati

2237 2055 2370 2107 ριον
2403 2038 2511 2092 τὸν
2562 2040 2714 2095 Geor
2748 2055 2867 2094 σου
2889 2079 2907 2107 ,
2933 2042 3027 2094 καὶ
3072 2040 3142 2095 τά
3166 2042 3318 2112 ἑξῆς,
3364 2043 3808 2115 προσεδόκησαν,

547 2146 681 2192 sunt
722 2136 868 2206 quod
920 2135 1122 2202 aliquid
1166 2133 1329 2188 etiam
1356 2131 1426 2187 de
1446 2132 1628 2201 seipse
1687 2129 1972 2185 additurus
2046 2140 2131 2181 es-

548 2240 652 2289 set.
699 2243 766 2283 eo
823 2229 969 2298 quod
1018 2242 1075 2282 se
1134 2240 1354 2295 quoque
1424 2224 1597 2279 Deum
1658 2222 1892 2286 diceret,
1950 2227 2006 2273 et
2052 2217 2126 2272 ita

553 2332 811 2391 tanquam
884 2319 1260 2388 blasphemus,
1315 2318 1661 2371 occasionem
1735 2312 1869 2383 ipsis
1922 2308 2129 2364 calum-

549 2412 737 2465 niandi
772 2410 1057 2481 praeberet.

621 2500 777 2556 \‘ers.
801 2500 891 2555 57.
918 2498 1074 2553 Iesus
1102 2506 1279 2552 autem
1301 2525 1375 2537 —
1405 2496 1563 2551 Vera.
1608 2492 1700 2549 59.
1738 2491 1983 2561 teipsum.
2029 2487 2131 2543 Co-

552 2595 700 2662 gnita
755 2606 947 2646 eorum
994 2590 1223 2652 malitia.
1275 2588 1561 2659 respondit
1600 2583 1821 2656 quidem
1888 2585 2126 2652 irrepre-

552 2681 922 2745 bensibiliter,
981 2680 1129 2749 quod
1161 2677 1624 2748 interrogabatur,
1658 2673 1757 2730 sed
1820 2672 2032 2728 addidit
2071 2678 2129 2726 et

548 2774 856 2831 secundum
898 2779 1265 2842 praceptum,
1330 2784 1429 2839 per
1478 2770 1584 2823 hoc
1636 2767 1759 2822 illos
1811 2765 2127 2836 obiurgans,

550 2873 742 2933 utpote
790 2862 885 2931 qui
928 2874 989 2915 se
1037 2874 1149 2913 non
1227 2858 1507 2922 amabant,
1547 2856 1644 2911 sed
1690 2853 1899 2909 invidia
1933 2867 1998 2907 ac
2040 2851 2129 2905 in-

548 2956 706 3010 sidiis
768 2952 1307 3024 prosequebantur:
1374 2964 1549 3018 eoque
1590 2947 1697 3002 line
1752 2946 1917 3000 etiam
1985 2957 2131 2998 nunc

551 3051 819 3115 rogabant
861 3062 876 3101 :
927 3058 1055 3099 nam
1104 3042 1151 3097 si
1190 3042 1479 3114 diligerent
1536 3055 1648 3095 non
1696 3044 1991 3093 tentarent.
2043 3033 2131 3090 Si-

553 3138 681 3192 mile
723 3145 906 3191 autem
957 3136 1138 3206 primo
1197 3133 1338 3189 dixit
1408 3131 1733 3198 secundum,
1777 3129 1960 3201 quoad
2011 3143 2130 3182 ma-

2233 2131 2317 2184 δτι
2340 2129 2642 2200 προσθήσει
2670 2148 2723 2184 τι
2764 2135 2859 2184 καὶ
2887 2132 3017 2200 περὶ
3049 2131 3268 2195 ἑαυτοῦ,
3295 2133 3385 2186 διὰ
3413 2134 3473 2186 τὸ
3493 2134 3676 2202 λέγειν
3709 2134 3813 2188 καὶ

2235 2222 2431 2276 ἑαυτὸν
2476 2223 2631 2291 θεὸν,
2692 2230 2790 2277 καὶ
2848 2224 3078 2296 παρέξει
3130 2224 3343 2289 τούτοις
3396 2226 3673 2299 ἀφορμὴν,
3728 2224 3811 2289 ὡς

2236 2312 2585 2385 βλάσφημος.

2318 2502 2371 2554 '0
2403 2502 2473 2556 et
2516 2502 2759 2569 Ἰησοῦς
2788 2534 2857 2545 -
2890 2506 3172 2557 σεαυτόν.
3208 2504 3374 2568 Γνοὺς
3401 2505 3499 2574 τὴν
3539 2505 3811 2576 πονηρίαν

2235 2594 2441 2659 αὐτῶν,
2510 2595 2788 2667 ἀπεκρίθη
2851 2596 2953 2665 μὶν
3004 2596 3414 2667 ἀνεπιλήπτως,
3458 2597 3485 2650 ὃ
3519 2598 3807 2668 ἠρωτήθη.

2236 2688 2556 2759 Προσέθηκε
2588 2688 2648 2741 δὲ
2675 2689 2769 2742 καὶ
2801 2689 2902 2759 τὴν
2942 2688 3203 2757 δευτέραν
3246 2690 3491 2758 ιντολὴν,
3528 2689 3809 2743 καθαπτό-

2236 2797 2399 2851 μενος
2440 2780 2621 2833 αὐτῶν
2648 2780 2737 2833 διὰ
2761 2779 2989 2849 ταύτης,
3009 2780 3083 2843 ὡς
3114 2781 3215 2834 οὐκ
3244 2780 3587 2848 ἀγαπώντων
3620 2781 3807 2845 αὑτὸν,

2233 2875 2370 2929 ἀλλά
2397 2873 2743 2942 φθινούντων
2772 2876 2864 2928 καὶ
2892 2874 3381 2941 ἐπιϐουλευόντων,
3409 2878 3504 2928 καί
3532 2876 3624 2929 διά
3645 2876 3807 2930 τοῦτο

2233 2966 2330 3019 καὶ
2352 2966 2447 3020 νῦν
2472 2965 2827 3035 ἐρωτώντων.
2864 2966 2927 3019 Et
2951 2968 3062 3037 γὰρ
3087 2969 3343 3037 ἠγάπων,
3369 2970 3470 3022 οὐκ
3490 2970 3555 3021 ἂν
3580 2969 3810 3039 ἐπείρα-

2232 3057 2348 3122 ζον.
2395 3058 2623 3127 Ὀμοίαν
2644 3058 2703 3113 δι
2735 3062 2799 3131 τῇ
2832 3061 3026 3131 πρώτῃ
3064 3062 3164 3132 τὴν
3190 3060 3452 3131 δευτέραν
3491 3056 3637 3129 εἶπε,
3660 3063 3809 3117 κατά

2233 3150 2333 3221 τὴν
2364 3150 2785 3221 μεγαλειότητα.
2819 3153 3045 3222 Μεγάλη
3094 3154 3203 3225 γὰρ
3224 3155 3317 3208 καὶ
3336 3154 3497 3225 αὕτη,
3524 3156 3616 3207 καί
3642 3153 3811 3223 ἀλλη-

551 3228 899 3301 8ηίωάῖηθω
934 3242 951 3281 ³
1010 3242 1271 3296 ωεεηυω
1349 3234 1435 3281 εει
1482 3225 1628 3280 “lim
1697 3234 1772 3315 θι-
1807 3223 1931 3278 δοθ·
1991 3221 2125 3315 Nam
2155 3237 2201 3297 α
2232 3238 2553 3311 λουκοῠνται
2582 3241 2677 3293 καὶ
2707 3221 3040 3312 φεράλ),ηλοί
3082 3221 3220 3294 είσίν
3244 3244 3301 3295 αί
3331 3221 3598 3297 δύοίΚαὶ
3625 3243 3733 3315 γάρ
3767 3221 3806 3296 -ὀ

548 3322 652 3376 sibi
698 3330 893 3374 mutuo
933 3318 1149 3373 haerent
1199 3331 1266 3373 ac
1337 3331 1398 3373 se
1463 3316 1699 3372 invicem
1751 3313 1939 3370 ferunt
2010 3314 2128 3368 haec

2236 3332 2336 3404 μιν
2370 3330 2599 3401 ἀγαπῶν
2623 3332 2715 3385 τὸν
2741 3333 2894 3396 Θεὸν,
2926 3334 3118 3405 ἀγαπᾷ
3158 3334 3382 3393 καὶτὸν
3414 3332 3668 3403 πλησίον,
3704 3352 3808 3405 φυ-

547 3415 660 3469 duo
707 3422 997 3481 praecepta.
1038 3410 1318 3481 Siquidem
1367 3409 1460 3479 qui
1510 3409 1678 3463 Deum
1716 3407 1914 3478 diligit,
1957 3406 2125 3461 etiam

2237 3425 2442 3479 λάττων
2468 3426 2568 3495 τὴν
2601 3424 2823 3495 ἐντολὴν
2848 3426 3080 3478 αὑτοῦ-δ
3106 3426 3160 3479 δὲ
3188 3427 3264 3496 μὴ
3292 3426 3523 3495 ἀγαπῶν
3549 3429 3643 3480 τὸν
3672 3437 3805 3496 πλη-

548 3505 853 3576 proximum
888 3502 1085 3575 diligit,
1135 3516 1365 3559 servans
1416 3501 1566 3556 illius
1621 3509 1954 3571 praeceptum
1988 3514 2001 3551 :
2034 3498 2127 3569 qui

546 3607 731 3652 autem
792 3597 1102 3667 proximum
1150 3609 1261 3649 non
1311 3592 1508 3664 diligit,
1560 3608 1662 3647 nec
1714 3592 1884 3646 Deum
1953 3589 2132 3661 diligit

546 3688 959 3757 transgrediens
990 3687 1109 3757 ejus
1144 3694 1501 3755 prcceptum.

619 3778 961 3840 Secundum,
1016 3792 1129 3833 non
1189 3777 1384 3832 ordine
1444 3774 1824 3845 legislationis,
1860 3775 1956 3828 sed
2016 3771 2131 3827 vir-

552 3881 688 3925 tute.
748 3869 808 3923 In
882 3868 990 3923 alia
1058 3868 1207 3923 enim
1288 3877 1443 3938 parte
1519 3866 1742 3937 ponitur
1814 3866 1920 3920 hoc
1994 3876 2131 3934 prte-

552 3973 798 4033 ceptum.

623 4079 781 4134 Vers.
852 4077 943 4133 40.
988 4074 1427 4146 Iit—pendent.
1492 4074 1705 4129 Dictum
1740 4084 1825 4128 est
1890 4075 1957 4129 de
2025 4075 2131 4129 hoc

553 4169 842 4227 manifeste
902 4170 1097 4239 quinto
1145 4168 1346 4238 capite.
1410 4166 1600 4232 Quaere
1627 4181 1758 4237 ergo
1814 4166 1886 4220 ibi
1918 4167 2129 4221 dictum

553 4262 731 4317 illud:
772 4260 863 4316 Ita
921 4264 1059 4315 enim
1086 4270 1163 4315 est
1202 4261 1286 4315 lea:
1333 4269 1385 4314 et
1422 4258 1687 4330 propheta?
1729 4259 1794 4313 ".
1828 4258 1935 4313 Sed
1988 4259 2134 4329 apud

554 4353 866 4407 Mattbzenm
912 4362 1154 4407 tentator
1178 4351 1380 4406 dicitur
1408 4351 1497 4404 hic
1552 4352 1686 4421 legis
1724 4351 1936 4417 doctor;
1989 4351 2133 4420 apud

556 4442 799 4499 Marcum
831 4460 962 4498 vero
996 4446 1182 4515 potius
1214 4444 1375 4498 laude
1405 4445 1604 4513 dignus
1632 4444 1890 4497 habetur.
1924 4441 2138 4508 Quare?

2232 3519 2348 3571 σίον
2393 3518 2515 3570 οὐδὲ
2540 3517 2633 3570 τὸν
2668 3516 2801 3571 Θεὸν
2822 3520 3036 3588 ἀγαπᾷ,
3075 3517 3433 3590 παραϐαίνων
3460 3517 3559 3589 τὴν
3580 3518 3803 3589 ἐντολὴν

2232 3607 2399 3664 αὑτοῦ
2410 3646 2423 3662 .

2300 3773 2572 3847 [Δευτέρα
2602 3772 2717 3845 (87)
2756 3774 2838 3837 δι,
2892 3774 2955 3827 οὐ
2996 3776 3062 3845 τῇ
3117 3774 3269 3841 τάξει
3311 3775 3415 3846 τῆς
3458 3774 3800 3847 νομοθεσίας.

2231 3867 2369 3922 ἀλλά
2397 3871 2463 3939 τῇ
2500 3867 2752 3939 δυνάμει.
2798 3867 2886 3923 Ἐν
2912 3868 3088 3942 ἑτέρῳ
3122 3869 3230 3941 γάρ
3259 3869 3415 3941 μέρει
3446 3872 3629 3925 κεῖται
3658 3869 3797 3940 αὕτη

2232 3962 2268 4033 ἡ
2298 3961 2538 4034 ιντολή.]

2315 4057 2420 4110 Ἐν
2449 4086 2517 4097 -—
2548 4058 2895 4126 κρέμανται.
2925 4056 3162 4129 Είρηται
3194 4057 3326 4129 περὶ
3382 4057 3575 4112 τούτου
3616 4058 3800 4129 σαφῶς

2233 4151 2293 4203 ὲν
2320 4148 2399 4219 τῷ
2434 4150 2673 4219 πέμπτῳ
2702 4148 3008 4219 κεφαλαίῳ,
3037 4150 3131 4204 καὶ
3157 4148 3392 4221 ζήτησον
3425 4151 3544 4203 ἐκεῖ
3570 4150 3652 4212 τὸ,
3692 4149 3800 4203 οὓ-

2234 4258 2347 4307 τως
2366 4241 2478 4311 (88)
2496 4241 2605 4311 γάρ
2628 4242 2802 4296 ἐστιν
2834 4246 2867 4297 ό
2894 4242 3080 4312 νόμος
3100 4243 3197 4297 καὶ
3227 4246 3280 4297 οί
3309 4241 3801 4312 προφῆται.“Δλλὰ

2236 4335 2389 4401 παρὰ
2422 4335 2521 4404 μὲν
2552 4334 2631 4403 τῷ
2666 4335 2937 4403 Ματθαίῳ
2980 4336 3284 4407 πειραστής
3336 4336 3486 4387 ἐστιν
3522 4338 3549 4387 ὸ
3582 4336 3800 4406 νομικὸς

2235 4416 2414 4487 οὗτος,
2450 4426 2605 4495 παρά
2652 4426 2709 4478 δι
2747 4424 2826 4496 τῷ
2856 4426 3075 4496 Μάρκῳ
3111 4426 3314 4496 μᾶλλον
3365 4426 3590 4479 ἐπαίνου
3647 4428 3799 4480 τετύ-

554 4536 695 4601 Quia
754 4536 994 4606 primum
1046 4546 1193 4591 certe
1250 4537 1520 4600 tentavit,
1572 4546 1632 4589 ut
1688 4536 1896 4591 dictum
1951 4544 2058 4603 est,
2102 4550 2131 4589 a

2237 4534 2396 4588 χηκε.
2443 4517 2649 4583 Διατί;
2705 4519 2850 4571 Διότι
2900 4521 3120 4589 πρῶτον
3165 4518 3264 4588 μὲν
3293 4520 3607 4591 ἐπείραζεν,
3656 4522 3800 4591 παρὰ

552 4599 848 4680 ιλιιιιιείεᾶξὶδ
878 4625 1125 4680 directus
1178 4625 1310 4695 (b):
1346 4599 1729 4679 animadversa
1787 4632 1972 4679 autem
2042 4599 2131 4678 re-

2237 4610 2347 4663 τῶν
2372 4612 2687 4681 Φαρισαίων
2718 4611 3071 4675 ἀποσταλείςο
3099 4612 3413 4675 ένωτισθεὶς
3445 4612 3501 4665 δὲ
3539 4614 3638 4683 τὴν
3666 4614 3799 4667 ἀπό-

559 4716 858 4783 sponsione
898 4715 1145 4783 suscepit
1172 4730 1318 4779 eam,
1349 4722 1404 4771 et
1428 4730 1745 4781 conversus,
1787 4729 1902 4769 rem
1946 4714 2021 4769 ita
2070 4730 2134 4769 se

560 4805 762 4859 habere
787 4805 1077 4861 confessus
1101 4814 1205 4861 est:
1232 4816 1291 4861 et
1316 4808 1516 4861 deinde
1539 4806 1701 4862 Jesus
1726 4809 1957 4862 intuitus
1981 4821 2133 4873 eum,

559 4897 706 4967 quod
734 4896 977 4952 adhibita
1004 4892 1203 4952 mentis
1229 4900 1441 4953 ratione
1489 4900 1868 4969 responderet,
1895 4899 1972 4954 ait
2016 4899 2088 4953 illi
2116 4915 2132 4955 :

560 4984 685 5040 Non
706 4986 857 5057 longe
870 5004 970 5041 esa
988 5004 1143 5058 regno
1166 4987 1333 5053 Dei",
1359 4990 1461 5043 hoc
1495 5000 1579 5043 est
1613 4989 1962 5059 approximas
1986 4989 2133 5053 lldei,

2236 4720 2444 4775 κρισιν,
2476 4703 2776 4768 ἀπεδέξατο
2796 4703 3025 4773 ταύτην,
3054 4704 3146 4757 καὶ
3178 4704 3541 4775 μετασληθεὶς
3571 4721 3800 4774 συνωμο-

2233 4795 2488 4864 λόγησεν,
2544 4794 2716 4858 οὕτως
2753 4796 2921 4865 ἔχειν,
2969 4796 3065 4849 καὶ
3121 4796 3309 4849 λοιπὸν
3355 4798 3384 4849 ὁ
3421 4794 3627 4866 Ἰησοῦς
3680 4795 3797 4849 ίδὼν

2234 4888 2422 4952 αὐτὸν,
2446 4889 2527 4942 ὅτι
2557 4890 2827 4959 νουνεχῶς
2854 4888 3155 4959 ἀπεκρίθη,
3185 4883 3339 4941 εἶπεν
3372 4888 3545 4959 αὐτῷ·
3580 4891 3663 4942 οὐ
3683 4904 3795 4957 μα·

2235 4980 2388 5049 κρὰν
2409 4976 2470 5033 εἴ
2492 4982 2610 5035 ἀπὸ
2642 4979 2751 5050 τῆς
2786 4981 3111 5045 βασιλείας
3137 4979 3244 5035 τοῦ
3300 4964 3469 5047 Θεοῦ,
3502 4981 3793 5043 τουτέστιν,

551 5079 645 5147 qui
670 5078 932 5133 invidiam
955 5078 1206 5149 abjecisti
1224 5087 1285 5133 et
1300 5081 1591 5133 veritatem
1612 5079 1896 5134 confessus
1914 5095 1974 5134 es
1996 5096 2011 5146 ;
2042 5080 2131 5135 hOt

2253 5074 2495 5143 έγγίζεις
2520 5074 2634 5145 (89)
2679 5078 2751 5147 τῇ
2778 5074 2983 5139 πίστει,
3016 5074 3107 5127 τὸν
3138 5074 3334 5145 φθόνον
3364 5072 3676 5142 ἀποσαλὼν,
3706 5072 3796 5126 καὶ

627 5214 669 5246 ¹δ
692 5214 827 5273 Luc.
864 5233 955 5283 xx,
991 5218 1082 5277 '58.
1200 5221 1241 5252 "
1266 5220 1397 5274 ibid.
1436 5220 1525 5275 39.
1642 5221 1683 5251 "
1716 5221 1847 5276 ibid.
1880 5221 1969 5275 40.

2084 5220 2125 5252 ¹⁷
2154 5219 2348 5275 Matth.
2380 5218 2568 5283 VIIJS.

2684 5218 2727 5251 ⁸³
2754 5217 2919 5273 Marc.
2950 5234 3047 5285 xu,
3072 5217 3161 5273 56.

1734 5380 1936 5441 Variae
1968 5378 2272 5440 lectiones
2302 5385 2363 5440 et
2401 5387 2594 5439 noue.

630 5521 743 5592 (87)
772 5521 897 5577 Haec
932 5532 1161 5592 uterque
1192 5523 1359 5577 codex
1400 5524 1451 5576 in
1482 5522 1722 5593 margine
1760 5522 1943 5575 habet.

633 5594 744 5662 (88)
784 5594 860 5647 Ex
910 5610 998 5657 eo,
1048 5596 1189 5663 quod
1251 5595 1467 5649 codices
1513 5595 1772 5662 plerique,
1814 5594 1975 5646 etiam
2000 5603 2124 5645 ante

556 5666 1098 5728 consonam,liabcnt
1149 5664 1343 5727 οὕτως,
1373 5676 1431 5719 ιιι
1488 5666 1576 5719 hic
1609 5666 1795 5718 \idere
1844 5663 1991 5726 licet,
2020 5675 2135 5717 orta

2232 5531 2317 5575 est
2352 5520 2545 5575 vitiosa
2570 5520 2731 5574 lectio
2757 5512 2937 5581 οὗτος.

2307 5590 2419 5660 (89)
2448 5590 2584 5646 Dedi
2610 5590 2873 5660 ἐγγίζεις,
2894 5590 3016 5646 loco
3037 5588 3304 5661 ιγγίζειν.

629 5826 703 5897 (b)
742 5824 997 5880 Dirccms.
1041 5826 1348 5881 Missus...”
1385 5828 1543 5883 Forte
1575 5828 1628 5880 iu
1676 5826 1863 5883 codice
1892 5824 2131 5880 invener:

2237 5820 2597 5887 ἰπευθυνθείς.
