4020 6488
216 428 315 495 535
1041 412 1433 503 COMMENT.
1479 406 1563 471 ΙΝ
1606 401 2085 469 MATTHIEUM.
2131 428 2197 439 ·-
2238 404 2399 465 CAP.
2443 403 2644 464 XXII.
3409 399 3510 462 586

211 548 308 618 τὴν
336 545 607 619 ἀλήθειαν
654 537 1062 612 συνομολογῶν.
1090 532 1268 589 Τοῦτο
1315 530 1372 584 δὲ
1401 526 1524 581 εἶπε
1570 538 1809 619 προτρε-

1957 527 2100 574 utem
2162 517 2300 573 dixit
2361 517 2665 573 adhortans
2719 515 2873 570 illum
2922 514 2988 569 ad
3087 513 3386 584 perfectam
3448 514 3511 570 li-

213 607 449 709 πδμενοξ
513 635 680 691 αὑτὸν
730 607 829 688 ἐντὶ
860 633 960 702 τὴν
997 626 1212 683 τελείαν
1255 625 1464 678 πίστιν.
1510 619 1718 687 Ταῦταξ
1744 616 1804 669 δὲ

1957 624 2060 665 em.
2117 609 2183 665 Et
2239 609 2357 665 iure
2408 608 2552 679 apud
2599 607 2840 663 Marcum
2885 607 3154 663 invenies.

207 731 461 801 εὑρήσεις
490 726 645 797 παρὰ
671 725 750 795 τῷ
781 725 1020 794 Μάρκῳ.

277 844 442 900 ΚΕΦ.
487 842 617 896 NE’.
664 841 806 911 Περὶ
834 838 946 911 τῆς
977 836 1084 891 τοῦ
1116 835 1342 911 Κυρίρυ
1380 828 1807 900 ἐπερωτήσεως

609 906 761 982 πρὸξ
816 906 961 976 τοὺς
1017 906 1449 977 Φαρισαίους.

280 1003 900 1079 Συνηγμένων-ἐστί
917 1017 936 1066 ,'
970 1001 1109 1070 Περὶ
1130 998 1226 1052 τοῦ
1250 994 1495 1069 Χριστοῦ
1526 1009 1685 1065 φησι,
1713 990 1808 1045 τοῦ

212 1100 730 1172 καταγγελλομένου
750 1098 848 1167 μὲν
866 1095 972 1149 ὑπὸ
990 1093 1098 1148 τῶν
1117 1089 1439 1164 προφητῶν,
1457 1090 1626 1160 μήπω
1640 1087 1696 1140 δὲ
1713 1102 1813 1138 πα-

216 1174 600 1268 ραγεγονότος,
614 1191 869 1263 ὡςῷίιεῖς
886 1189 1102 1258 λέγετε,
1125 1184 1583 1256 προσδοκωμένου
1600 1180 1658 1234 δὲ
1678 1177 1812 1249 παρ’

212 1291 363 1360 ὑμῖν.
388 1289 501 1342 Ka‘t
522 1287 623 1356 δρα
646 1288 862 1353 σοφίαν,
890 1280 1058 1337 Αὐτοὶ
1092 1278 1193 1360 μὲν
1216 1278 1327 1347 γὰρ
1355 1275 1549 1347 ᾤοντο,
1570 1270 1816 1343 προσθή-

211 1359 329 1435 σειν
357 1380 525 1436 αὑτὸν
549 1380 629 1443 εἰς
664 1378 764 1449 τὴν
795 1375 1024 1449 πρώτην
1056 1359 1299 1429 ἐντολὴν,
1336 1371 1413 1434 ὡς
1446 1369 1685 1440 εἴρηται,
1718 1363 1816 1418 καὶ

210 1477 346 1547 περὶ
387 1471 588 1528 ἑαυτοῦ
617 1488 691 1536 τι,
722 1470 862 1542 πρὸς
904 1468 1146 1538 ἔμφασιν
1197 1463 1294 1518 τοῦ
1343 1462 1440 1516 καὶ
1484 1458 1649 1514 αὑτὸν
1671 1451 1815 1509 εἶναι

209 1569 368 1622 Θεόν’
403 1565 568 1628 αὐτὸς
590 1563 649 1617 δὲ
678 1562 841 1618 τοῦτο
864 1561 963 1631 μὲν
980 1559 1081 1613 οὐκ
1102 1556 1391 1628 ἐποίησεν,
1416 1552 1688 1608 ἐκκλίνων
1714 1548 1815 1619 τὴν

1985 822 2140 880 CAP.
2183 822 2296 877 LV.
2333 852 2404 863 —-
2433 822 2510 876 De
2541 822 2956 894 interrogatione
2982 820 3199 875 Domini
3230 821 3301 875 ad
3320 821 3515 877 Phari-

1912 911 2066 949 “808.

1994 988 2151 1045 Vers.
2187 988 2279 1042 41.
2310 987 2653 1058 Congregatis
2682 1015 2748 1057 _—-
2771 996 2845 1041 est
2870 987 2896 1041 .9
2927 985 3006 1042 De
3036 984 3287 1052 Christo,
3314 986 3516 1056 inquit,

1917 1083 2012 1154 qui
2069 1070 2431 1135 annuntiatus
2473 1090 2556 1136 est
2589 1096 2619 1135 a
2657 1079 2940 1151 prophetis
2981 1098 2994 1134 :
3035 1080 3284 1135 nondum
3332 1088 3516 1133 autem

1922 1174 2185 1241 advenit,
2209 1184 2269 1228 ut
2303 1190 2401 1228 vos
2430 1173 2633 1241 dicitis,
2665 1173 2762 1228 sed
2788 1181 3144 1243 exspectatur
3173 1187 3204 1226 a
3240 1170 3418 1226 vobis.
3454 1170 3522 1224 Et

1919 1268 2044 1324 vide
2099 1268 2453 1338 sapientiam.
2525 1266 2818 1322 Putabant
2868 1266 2970 1332 illi,
3023 1274 3085 1321 ut
3131 1266 3346 1320 dictum
3414 1274 3522 1324 est,

1919 1359 2221 1415 Christum
2273 1359 2592 1415 additurum
2645 1359 2928 1430 quidpiam
2982 1367 3040 1414 et
3086 1358 3156 1414 de
3224 1357 3407 1427 seipse
3466 1359 3521 1413 iu

1922 1452 2103 1522 primo
2128 1462 2427 1522 praecepto,
2463 1462 2520 1507 ut
2560 1468 2619 1509 se
2650 1467 2869 1523 quoque
2901 1452 3077 1507 Deum
3110 1466 3236 1506 esse
3289 1450 3526 1505 demon-

1924 1551 2150 1597 straret.
2185 1540 2301 1597 Hoc
2331 1552 2515 1597 autem
2549 1544 2666 1613 ipse
2698 1560 2805 1599 non
2838 1544 2969 1599 fecit
3004 1553 3063 1598 ut
3111 1543 3346 1597 evitaret
3405 1542 3528 1596 illo—

217 1660 572 1731 πανουργίαν
601 1657 807 1721 αὐτῶν,
844 1653 955 1725 ἰδίᾳ
995 1652 1053 1705 δὲ
1088 1650 1220 1721 περὶ
1252 1649 1357 1719 τῆς
1384 1645 1585 1700 ἑαυτοῦ
1621 1642 1815 1711 θεότη-

1957 1648 2047 1686 ιιω
2075 1632 2367 1698 vafritiem,
2392 1634 2488 1689 sed
2507 1634 2740 1689 seorsim
2759 1635 2826 1691 de
2839 1650 2939 1690 sua
2958 1632 3528 1707 disputatdivinitatc,

209 1771 310 1815 τος
369 1723 706 1819 διαλέγεται,
741 1748 837 1801 καὶ
885 1723 987 1800 οῦκ
1032 1746 1097 1798 ὲκ
1153 1741 1247 1797 τοῦ
1303 1737 1648 1813 προφανοῦς,
1682 1732 1821 1790 ἀλλά

1957 1740 2029 1779 iet:
2052 1725 2107 1779 id
2134 1739 2201 1780 ex
2233 1725 2531 1780 manifesto
2561 1725 2657 1783 sed
2690 1723 2934 1796 oblique,
2978 1734 3041 1779 ut
3097 1723 3250 1779 omni
3312 1732 3533 1778 careret

215 1844 495 1913 πλαγίως,
521 1814 608 1896 διὰ
635 1842 697 1896 τὸ
721 1818 1057 1896 ἀνύποιττον.
1083 1836 1194 1890 Kal
1217 1835 1296 1906 τῷ
1322 1835 1504 1888 δοκεῖν
1536 1830 1658 1901 μὲν,
1689 1826 1820 1896 περὶ

1960 1816 2249 1887 uspicioue
2321 1835 2334 1871 :
2370 1827 2427 1873 et
2481 1825 2754 1888 quantum
2788 1817 2861 1873 ad
2884 1816 2941 1873 id
2995 1815 3143 1887 quod
3176 1824 3431 1887 apparet,
3462 1814 3532 1869 de

210 1936 312 1990 τοῦ
344 1885 812 2007 ⁸ττρτῖςέδοκιιιριινου
841 1929 1082 1998 Χριστοῦ
1111 1927 1207 1982 καὶ
1239 1885 1423 1997 ἐρωτᾷ
1452 1885 1550 1975 καί
1585 1885 1825 1987 ἀττοφαι-

1957 1885 2155 1964 Ihristo
2189 1909 2282 1979 qui
2310 1885 2748 1980 exspectabatur
2763 1920 2824 1964 et
2856 1885 3159 1979 interrogat
3176 1885 3233 1963 et
3254 1885 3530 1968 enuntiat,

213 2001 706 2094 νεταιξδεικνύων,
734 2026 820 2079 ὅτι
847 2023 1056 2094 Κύριος
1072 2019 1169 2075 καὶ
1195 2018 1332 2083 Θεὸς
1356 2020 1495 2071 ἐστι·
1516 2018 1583 2088 τῇ
1613 2014 1658 2067 δ’
1690 2012 1825 2082 ἁλη-

1957 2016 1984 2054 n
2013 2002 2092 2057 rei
2112 2001 2349 2058 veritate
2380 2014 2563 2058 autem
2598 2003 2717 2057 haec
2737 2002 2807 2057 de
2835 2001 3023 2072 seipso
3052 2001 3207 2057 dicit.

216 2121 344 2193 θείᾳ
374 2121 507 2190 περὶ
538 2116 740 2173 ἑαυτοῦ
781 2116 958 2170 ταῦτα
987 2115 1156 2182 λέγει.

288 2213 597 2281 Λέγουσιν
627 2209 810 2275 αὐτῷ,
840 2207 954 2264 Τοῦ
981 2206 1188 2261 Δαυΐδ.
1233 2204 1369 2259 Ἀπὸ
1400 2202 1511 2258 τῶν
1557 2219 1827 2274 προφητι-

219 2305 339 2359 κῶν
405 2302 587 2369 λόγων
640 2299 805 2354 τοῦτο
853 2298 1179 2365 ἐγίνωσκον.
1222 2293 1437 2358 Ἀπλῶς
1472 2294 1529 2346 δὲ
1570 2294 1687 2346 υἱὸν
1729 2290 1825 2346 τοῦ

218 2393 409 2458 Δκυῖδ,
444 2395 646 2458 εῖτουν,
675 2390 833 2462 ψιλὸν
865 2388 1155 2458 ἄνθρωπον
1186 2389 1277 2439 τὸν
1308 2385 1549 2456 Χριστὸν
1572 2384 1828 2453 ὑπελάμ-

221 2487 411 2549 ϐανον,
446 2486 624 2539 καίτοι
684 2482 793 2537 τῶν
845 2481 1146 2554 προφητῶν
1200 2481 1300 2550 οὐχ
1338 2478 1529 2541 ἁπλῶς
1578 2477 1699 2530 υἱὸν
1732 2473 1828 2528 τοῦ

221 2578 417 2644 Δαυῒδ,
450 2578 590 2632 ἀλλὰ
623 2576 739 2647 (90)
770 2575 867 2630 καὶ
890 2574 1026 2628 Θεὸν
1057 2573 1251 2626 τοῦτον
1276 2568 1798 2641 ἀνακηρυττόντων.

298 2674 479 2743 Λέγει
512 2704 574 2713 -—
606 2687 765 2736 00v;
816 2670 907 2722 Ἐν
937 2668 1247 2737 Πνεύματι,
1296 2665 1523 2735 δηλαδὴ,
1554 2663 1633 2735 τῷ
1663 2662 1828 2733 ἁγίῳ,

228 2766 421 2830 καθὼς
452 2761 577 2819 εἷπε
612 2762 870 2834 Μάρκος,
907 2763 1005 2814 καὶ
1033 2761 1136 2813 οὐκ
1169 2759 1263 2828 ἀφ’
1288 2756 1510 2812 ἑαυτοῦ.

296 2961 366 3014 Εἰ
394 2989 468 3000 —-
500 2954 637 3010 ἐστι
659 2970 677 3020 ;
712 2950 883 3006 Τοῦτο
938 2950 1185 3021 εἴρηκεν,
1207 2947 1309 3001 οὐκ
1340 2943 1582 3015 ἀναιρῶν
1607 2943 1668 2996 τὸ
1694 2937 1837 2996 εἶναι

234 3056 350 3109 υἱὸν
377 3049 549 3107 αὑτοῦ
582 3049 674 3102 τὸν
713 3045 974 3117 Χριστὸν,
1002 3034 1140 3096 ἀλλὰ
1175 3040 1468 3110 διελέγχων
1502 3038 1602 3107 τὴν
1638 3036 1839 3105 ἐσφχλο

235 3149 409 3219 μένην
447 3143 629 3199 αὐτῶν
684 3139 994 3209 ὑπόληψιν,
1050 3138 1137 3191 ὅτι
1177 3135 1279 3188 οὐκ
1317 3134 1466 3186 ἐστιν
1499 3132 1615 3194 υἱὸς
1668 3128 1836 3184 αὑτοῦ

2002 2191 2161 2246 Vers.
2204 2189 2296 2246 42.
2324 2188 2519 2244 Dicunt
2543 2190 2591 2245 ei
2631 2188 2826 2246 David.
2850 2189 2898 2246 Δ
2933 2189 3275 2261 propheticis
3320 2203 3537 2245 sermo-

1934 2286 2099 2341 nibus
2136 2288 2243 2341 hoc
2290 2285 2720 2356 cognoscebant.
2769 2282 3110 2355 Simpliciter
3139 2290 3327 2338 autem
3365 2282 3535 2336 lilium

1936 2380 2135 2443 David,
2157 2381 2273 2433 sive
2298 2378 2508 2431 nudum
2538 2376 2820 2430 hominem
2840 2376 3127 2431 Christum
3168 2374 3537 2445 suspicaban-

1935 2482 2065 2537 tur;
2097 2488 2221 2527 cum
2287 2479 2471 2525 tamen
2527 2468 2813 2539 propheta:
2853 2472 3001 2523 hunc
3057 2482 3171 2522 non
3212 2467 3540 2538 simpliciter

1937 2564 2106 2617 lilium
2142 2563 2336 2627 David,
2371 2563 2467 2618 sed
2493 2574 2549 2617 et
2583 2562 2753 2616 Deum
2785 2560 3177 2631 praedicarent.

2012 2655 2167 2711 Vers.
2233 2655 2323 2711 45.
2356 2656 2443 2709 Ait
2472 2685 2540 2697 —-
2568 2653 2722 2709 Vers.
2764 2653 2856 2707 ιη.
2894 2653 3153 2707 tuorum?
3202 2652 3262 2707 In
3329 2651 3541 2723 Spiritu

1939 2750 2197 2806 videlicet
2254 2759 2467 2814 sancto,
2524 2747 2668 2802 sicut
2721 2747 2861 2803 dixit
2911 2745 3154 2812 Marcus,
3225 2755 3282 2811 et
3343 2762 3456 2802 non
3511 2765 3541 2801 ιι

1940 2845 2128 2914 seipse
2162 2844 2229 2896 ".

2014 2936 2174 2990 Vers.
2210 2933 2300 2988 1ιὸ.
2334 2932 2395 2987 Si
2426 2942 2589 2987 —-est
2624 2931 2784 2988 ?Hoc
2812 2932 2951 2989 dixit
2980 2948 3095 2989 non
3152 2932 3352 2987 tollens
3379 2931 3544 2985 Chri-

1943 3039 2086 3084 stum
2151 3026 2322 3081 (ilium
2360 3043 2483 3081 esse
2534 3025 2729 3088 David,
2796 3026 2893 3080 sed
2956 3040 3246 3081 erroneam
3310 3040 3547 3095 arguens

1945 3124 2290 3194 opinionem,
2344 3121 2473 3190 quia
2515 3137 2625 3174 non
2665 3130 2750 3175 est
2791 3120 2914 3190 ejus
2946 3119 3092 3173 illius
3130 3119 3277 3184 talis,
3327 3119 3548 3189 qualem

234 3238 511 3299 τοιοῦτος,
536 3231 650 3287 οἷον
685 3230 1199 3297 ὑπολαμϐάνουσιν,
1255 3225 1530 3287 τουτέστι,
1558 3222 1716 3292 ψιλὸς
1741 3221 1834 3275 ἄν-

1957 3216 2050 3285 ,[ιεί
2072 3213 2517 3285 suSpicabantur,
2549 3213 2655 3268 hoc
2675 3220 2761 3267 est
2790 3211 2973 3266 nudus
2995 3210 3162 3267 homo
3190 3228 3203 3264 :
3236 3211 3333 3265 sed
3356 3218 3411 3265 et
3441 3211 3518 3265 Do
3537 3237 3553 3249 ε

238 3333 489 3403 θρωπος,
530 3326 670 3380 ἀλλὰ
702 3324 798 3377 καὶ
828 3323 1039 3393 Κύριος
1074 3317 1266 3372 αὐτοῦ.
1298 3315 1539 3383 Λέγεται
1583 3314 1690 3380 γὰρ
1720 3312 1834 3373 υἱὸς

242 3427 345 3497 μὲν
368 3422 565 3487 αὑτοῦ,
600 3419 675 3483 ὼς
712 3420 777 3471 ὲκ
803 3417 900 3488 τῆς
931 3415 1089 3487 ῥίζης
1123 3410 1289 3466 αὑτοῦ
1325 3409 1659 3479 βλαστήσας,
1695 3403 1839 3459 κατὰ

236 3496 337 3587 τὴν
380 3510 831 3582 ὲνανθρώπησιν·
884 3506 1095 3577 Κύριος
1142 3503 1199 3557 δὲ
1241 3502 1434 3565 αὑτοῦ,
1464 3498 1539 3562 ὼς
1569 3496 1701 3560 Θεὸς
1739 3496 1839 3548 αὐ-

239 3610 359 3664 τοῦ.
393 3608 586 3677 Τούτῳ
639 3606 737 3675 μὲν
770 3602 865 3656 οῦν
914 3601 1197 3671 ἐχρήσατο
1225 3598 1305 3668 τῷ
1363 3592 1641 3661 Δαυῖδικῷ
1694 3589 1842 3662 ρητῴ

244 3703 385 3775 πρὸς
414 3702 641 3770 ἔλεγχον
674 3697 787 3750 τῶν
829 3692 1175 3765 Φαρισαίων,
1206 3689 1498 3753 δεικνύων,
1543 3687 1626 3738 ὅτι
1652 3684 1713 3737 οὐ
1743 3684 1841 3753 μό-

244 3774 335 3847 νον
379 3793 496 3855 υἱός
552 3795 669 3843 ἐστι
723 3786 820 3842 τοῦ
864 3783 1053 3849 Δαυῖδ,
1086 3781 1225 3837 ἀλλὰ
1275 3781 1374 3834 καὶ
1404 3778 1611 3849 Κύριος
1651 3774 1841 3829 αὑτοῦ.

247 3890 372 3959 Χρὴ
424 3888 481 3940 δὲ
535 3886 687 3957 ἡμᾶς
731 3880 1076 3955 ἑρμηνεῦσαι
1126 3877 1224 3931 καὶ
1279 3875 1462 3931 τοῦτο.
1500 3873 1639 3943 Φησὶ
1679 3872 1788 3940 γὰρ
1820 3871 1848 3922 ὁ

253 3985 423 4041 Δαυῒδ
460 3984 541 4037 ὃτι
573 3996 587 4010 ·
631 3976 801 4033 Εἶπεν
836 3982 862 4031 ὁ
900 3974 1107 4044 Κύριος
1146 3973 1242 4027 καὶ
1297 3972 1488 4040 Πατὴρ
1533 3967 1613 4037 τῷ
1654 3965 1848 4036 Κυρίῳ

255 4096 363 4150 μου
412 4078 511 4129 καὶ
564 4071 677 4141 Υῐῴ
717 4070 909 4136 αὐτοῦ,
946 4069 1026 4140 τῷ
1054 4064 1301 4137 Χριστῷ,
1333 4062 1473 4133 μετὰ
1512 4061 1610 4130 τὴν
1645 4061 1723 4123 εἰς
1758 4058 1850 4109 o6-

258 4170 423 4239 ρανδν
474 4167 771 4238 ἀνάληψιν,
808 4166 892 4219 ὅτι
935 4160 1125 4217 Κάθου
1156 4162 1221 4212 ἐκ
1270 4156 1465 4221 δεξιῶν
1495 4171 1620 4225 μου,
1654 4153 1847 4222 ἤγουν,

253 4262 505 4318 ἀπόλαυε
533 4262 630 4327 τῆς
675 4258 814 4328 ἐμῆς
866 4252 1171 4325 βασιλείας,
1204 4248 1501 4319 δμόθρονος
1533 4245 1630 4299 καὶ
1665 4242 1852 4312 ὁμότι-

260 4371 361 4426 μος
421 4352 549 4422 ἐμοὶ
588 4351 817 4418 διάγων.
865 4344 1085 4417 Ἐχθροὶ
1117 4344 1171 4397 δὲ
1228 4342 1323 4394 τοῦ
1355 4337 1599 4408 Χριστοῦ
1647 4338 1705 4388 ὲν
1754 4336 1853 4405 μὲν

257 4446 542 4514 αἰσθητοῖς
596 4440 1033 4513 προηγουμένως
1073 4437 1369 4501 Ἰουδαῖοι,
1428 4432 1548 4486 εἶτα
1583 4426 1855 4500 Ἕλληνες

260 4543 355 4595 καὶ
425 4537 717 4609 αἱρετικοί’
779 4537 836 4587 ὲν
895 4535 952 4586 δὲ
998 4536 1208 4603 νοητοῖς
1260 4531 1308 4583 οἱ
1362 4528 1640 4597 δαίμονες.
1692 4525 1752 4576 Ὃ
1798 4522 1855 4575 δὲ

1947 3314 2131 3364 minus
2178 3311 2317 3379 ejus.
2380 3307 2589 3362 Dicitur
2633 3307 2780 3361 enim
2837 3305 2984 3373 ﬁlius
3042 3304 3196 3374 ejus,
3239 3316 3430 3376 utpote
3483 3320 3551 3359 ex

1949 3406 2135 3460 radice
2166 3402 2486 3473 rjus,juxta
2517 3402 2950 3464 humanitatem,
2991 3410 3322 3467 generatus;
3364 3398 3553 3468 D/omi-

1949 3514 2057 3554 nus
2090 3505 2274 3552 autem
2313 3498 2433 3567 ejus
2471 3507 2737 3564 tanquam
2779 3495 2926 3549 Deus
2951 3494 3119 3548 illius.
3146 3490 3229 3547 0b
3277 3492 3332 3546 id
3369 3493 3555 3560 itaque

1952 3608 2086 3646 usus
2118 3601 2202 3646 est
2235 3589 2495 3644 Davidico
2535 3589 2705 3643 verbo
2740 3586 2806 3641 ad
2864 3586 3272 3642 Pharisaeorum
3301 3584 3558 3639 confuta—

1954 3687 2186 3747 tionem,
2218 3686 2519 3739 ostendens
2546 3682 2692 3752 quod
2718 3698 2827 3735 non
2850 3681 3027 3735 solum
3072 3680 3216 3735 ﬁlius
3267 3690 3416 3734 esset
3453 3679 3560 3731 Dn-

1957 3782 2071 3844 vid,
2104 3780 2200 3834 sed
2240 3788 2297 3832 et
2346 3776 2616 3831 Dominus
2648 3776 2791 3844 ejus.
2817 3774 2928 3829 Nos
2949 3789 3083 3828 vero
3131 3773 3295 3828 etiam
3343 3772 3448 3826 hoc
3474 3772 3563 3825 in-

1960 3874 2249 3944 terpretari
2301 3880 2540 3941 oportet.
2591 3870 2683 3924 Ait
2714 3871 2863 3923 enim
2918 3866 3128 3922 David:
3192 3867 3341 3921 Dixit
3375 3866 3562 3920 Domi-

1958 3986 2062 4023 nus
2106 3968 2288 4031 Pater,
2337 3965 2570 4019 Domino
2624 3978 2749 4017 nico
2789 3961 2928 4016 Filio
2988 3976 3089 4015 suo
3150 3960 3395 4024 Christo,
3442 3971 3567 4030 post

1961 4047 2395 4139 assumptionem
2432 4060 2485 4113 in
2514 4058 2714 4113 coelum
2748 4075 2761 4110 :
2797 4056 2941 4111 Sede
2964 4071 2994 4109 a
3022 4055 3233 4110 dextris
3251 4054 3412 4119 meis,
3446 4054 3566 4107 sive

1963 4159 2151 4213 fruere
2201 4172 2325 4210 meo
2384 4168 2574 4225 regno,
2629 4152 2746 4221 pari
2780 4151 2834 4205 in
2865 4151 3092 4215 throno,
3121 4149 3235 4218 pari
3272 4148 3325 4201 in
3355 4148 3567 4201 honore

1963 4266 2182 4306 mecum
2211 4262 2549 4317 permanens
2587 4245 2655 4300 ²⁰.
2692 4244 2905 4298 Inimici
2957 4250 3145 4295 autem
3174 4225 3379 4295 Christi
3426 4241 3569 4295 inter

1963 4343 2257 4401 sensibiles
2284 4340 2504 4411 quidem
2539 4338 2703 4409 primi
2734 4345 2865 4391 sunt
2889 4333 3088 4400 Judaei,
3122 4333 3324 4389 deinde
3364 4341 3570 4404 gentes

1965 4457 2031 4496 ac
2085 4436 2356 4493 haeretici.
2430 4431 2812 4501 lntelligibiles
2878 4444 3009 4481 vero
3072 4435 3203 4481 sunt
3267 4426 3569 4480 daemones.

1968 4535 2184 4589 Marcus
2205 4540 2388 4587 autem
2417 4532 2492 4583 ait
2515 4530 2581 4592 “,
2610 4525 2756 4595 quod
2781 4525 2886 4578 hoc
2906 4521 3109 4578 dixerit
3131 4521 3337 4574 docens
3355 4521 3409 4573 in
3436 4528 3573 4572 tem-

260 4636 490 4705 Μάρκος
547 4632 737 4701 φησὶν,
776 4630 859 4683 ὅτι
920 4629 1081 4681 τοῦτο
1136 4627 1313 4693 ὲλεγε,
1368 4622 1643 4674 διδάσκων
1683 4620 1739 4670 ὲν
1776 4616 1834 4686 τι]

1966 4630 2077 4697 plo,
2114 4622 2327 4694 etquod
2348 4622 2516 4675 multa
2547 4619 2705 4673 turba
2726 4617 2968 4671 libenter
2990 4628 3116 4667 eum
3135 4608 3575 4665 audiebat.\'eri-

265 4728 423 4799 ἱερῷ,
480 4727 577 4779 καὶ
630 4725 713 4778 ὃτι
746 4726 773 4776 ὁ
837 4722 1005 4784 πολὺς
1073 4720 1184 4789 (9i)
1227 4718 1383 4787 ὄχλος
1434 4716 1633 4786 ἤκουεν
1691 4713 1834 4764 uino“

1968 4722 2148 4777 simile
2179 4729 2264 4775 est
2285 4718 2512 4773 enimdc
2546 4714 2651 4767 hoc
2690 4710 2929 4781 primum
2966 4708 3340 4776 interrogasse
3383 4702 3576 4757 Phari—

496 4819 659 4881 Εἰκὸς
700 4817 832 4887 γὰρ,
883 4816 1050 4868 αὐτὸν
1101 4814 1323 4884 πρῶτον
1358 4811 1457 4880 μὲν
1508 4807 1834 4877 ὲπερωτῆσα

1968 4830 2128 4871 ειεοδε
2150 4812 2348 4867 deinde
2366 4809 2532 4865 etiam
2554 4806 2621 4860 de
2642 4806 2747 4860 hoc
2764 4803 2822 4857 in
2836 4800 3042 4870 templo
3061 4797 3315 4854 docuisse
3332 4794 3572 4851 turbam.

268 4918 399 4987 περὶ
450 4914 643 4967 τούτου
699 4914 826 4973 τοὺς
862 4908 1229 4980 Φαρισαίους,
1282 4901 1405 4959 εἶτα
1459 4902 1675 4966 διδάξαι
1736 4900 1866 4970 περὶ

267 5011 462 5065 τούτου
496 5008 591 5061 καὶ
620 5008 677 5059 ὲν
710 5005 786 5074 τῷ
827 5004 958 5073 ἱερῷ
989 5002 1079 5055 τὸν
1110 5001 1292 5072 ὄχλον.

340 5097 808 5157 Καὶ-οὐκέτι.
874 5096 1102 5149 Μέλλων
1163 5088 1271 5163 γὰρ
1335 5094 1429 5145 ἐπὶ
1481 5099 1571 5144 τὸν
1630 5090 1865 5143 θάνατον

276 5195 483 5260 ἐλθεῖν,
509 5194 579 5247 τὰ
607 5193 898 5245 τελευταῖα
930 5190 1145 5251 τούτοις
1174 5187 1449 5257 διελέχθη,
1485 5185 1581 5237 καὶ
1604 5185 1664 5237 οὐ
1698 5184 1864 5254 μόνον

386 5385 430 5417 ’³
475 5382 641 5438 Marc.
686 5396 783 5446 xtl,
820 5381 912 5435 '56.
1025 5379 1069 5410 ²⁰
1096 5378 1239 5433 Psal.
1279 5393 1386 5442 cut,
1426 5375 1477 5429 1.

2049 5089 2208 5143 Vera.
2247 5084 2336 5138 46.
2366 5083 2432 5133 Et
2468 5107 2538 5118 ——
2565 5073 2820 5144 amplius.
2871 5068 2953 5124 Ad
3018 5072 3253 5122 mortem
3304 5059 3452 5116 enim
3482 5073 3580 5128 ap-

1978 5184 2361 5257 propinquans
2383 5174 2452 5229 dc
2486 5168 2749 5241 perlectis
2806 5160 3072 5221 disseruit
3141 5172 3268 5214 cum
3302 5155 3432 5220 illis,
3472 5163 3580 5206 nec

1593 5376 1635 5406 "
1669 5371 1834 5440 Marc,
1870 5369 2079 5436 xu,55,
2114 5368 2205 5421 5⁵1.

1507 5556 1714 5617 Variae
1751 5551 2060 5615 lectiones
2098 5555 2159 5609 et
2197 5550 2385 5605 noue.

360 5745 471 5821 (90)
504 5740 633 5796 Υἰθιν
664 5738 757 5793 τοῦ
782 5734 942 5798 Θεοῦ,
975 5732 1131 5796 ἀλλὰ,
1159 5729 1222 5782 AL

366 5936 433 6009 (ε)
474 5934 543 5989 De
569 5927 837 6001 palmis.
866 5921 1093 5979 Ultimo.
1126 5916 1291 5970 Forte
1333 5912 1401 5967 τὰ
1436 5912 1617 5965 τέλεια
1646 5909 1872 5978 legerat.

618 6025 869 6085 PATROL
937 6018 1053 6077 GR.
1093 6010 1353 6073 CXXIX.

2068 5714 2180 5785 (Ἦ)
2216 5712 2337 5765 ’Ὁτι
2368 5705 2554 5770 πολύς,
2592 5705 2659 5757 Λ.

3190 5973 3261 6040 l9
