4020 6490
209 517 315 583 689

1046 516 1437 580 CUMMENT.
1478 515 1559 577 ΙΝ
1598 517 2071 580 ΜΑΤΤΗᾸΞΠΜ.
2110 544 2179 554 -
2214 520 2382 582 CAP.
2419 521 2646 584 XXIII.

3378 520 3486 585 590

202 631 317 703 γάρ
384 629 481 685 καὶ
542 631 570 684 6
630 630 868 696 Λουκᾶς,
939 630 1023 683 ότι
1096 629 1225 685 Ἑνὶ
1277 627 1399 682 τῶν
1470 627 1793 682 δακτύλων
1821 654 1835 694 λ

1930 647 2057 683 nera
2120 647 2224 684 non
2272 632 2537 701 attingitis
2574 630 2920 688 ".Subditis
2967 630 3240 701 siquidem
3285 630 3489 700 jubent

202 721 373 793 ὑμῶν
394 721 507 792 (95)
534 722 607 775 οὐ
636 723 1030 791 προσψαύετε
1054 721 1179 788 τοῖς
1207 722 1495 790 φορτίοις.
1530 720 1646 775 Kal
1676 722 1791 782 τοῖς

1898 721 2268 784 exactissima.
2298 725 2401 779 sibi
2433 724 2567 793 ipsis
2617 734 2802 779 autem
2864 738 3089 778 omnem
3152 722 3489 793 permittunt

208 813 315 884 μιν
349 811 614 882 ὑπηκόοις
648 813 1041 867 ὶπιτάττουσιν
1086 814 1371 884 ἀκρότητα
1407 813 1545 883 βίου,
1580 813 1795 875 ἑαυτοῖς

1927 814 2200 880 lcentiam,
2226 831 2351 871 eum
2374 817 2713 870 contrarium
2744 816 2863 870 ﬁeri
2886 825 3170 883 oporteret
3210 832 3225 870 :
3255 824 3316 868 ut
3377 814 3488 869 sei-

202 907 262 960 δὲ
286 905 473 959 πᾶσαν
513 904 702 960 ἄδειαν
735 907 1120 977 ἐπιτρέπουσι,
1164 905 1284 958 δέον
1321 904 1637 959 τούναντίον
1671 918 1796 956 ποι-

204 999 310 1064 εῖν,
338 998 437 1050 καὶ
464 998 695 1060 ἑαυτοὺς
750 997 852 1067 μὶν
887 997 1088 1065 μᾶλλον
1133 997 1503 1062 κατατείνειν,
1558 995 1796 1059 ἐκείνοις

204 1087 263 1140 δδ
289 1088 360 1142 τὰ
389 1089 562 1142 πολλὰ
594 1091 1027 1158 συγγνωμονεῖν.

278 1182 489 1235 Πάντα
516 1210 587 1221 —
623 1180 985 1249 ἀνθρώποις.
1023 1182 1230 1246 Πάντα,
1265 1183 1432 1248 ποῖα;
1466 1182 1548 1236 Τὰ
1581 1179 1801 1234 δοκοῦν-

205 1286 279 1324 τα
330 1272 520 1335 αὐτοῖς
570 1271 736 1326 καλά.
772 1272 1181 1343 Παρατήρησον
1220 1271 1299 1337 δὲ,
1329 1274 1415 1326 ὅτι
1447 1274 1514 1326 τά
1548 1274 1801 1343 προρρήσ-

206 1364 376 1417 θέντα
402 1363 503 1433 μὲν
530 1363 817 1434 ὠμότητος
843 1360 987 1435 ἦσαν
1010 1366 1105 1417 καὶ
1148 1364 1419 1437 ῥᾳθυμίας
1446 1364 1799 1436 ἐγκλήματα,

204 1454 372 1506 τοῦτο
423 1454 481 1507 δὲ
541 1454 869 1526 δοξομανίας
916 1454 1163 1525 διαϐολή.
1210 1452 1344 1509 Εἶτα
1389 1456 1685 1521 δείκνυσιν,
1720 1457 1803 1509 ὅτι

206 1546 322 1599 οὐδ’
343 1547 438 1599 hri.
473 1548 735 1617 μεγά-λοις
769 1546 1170 1618 φιλώοξοῦσιν,
1198 1548 1298 1618 {pq
1312 1566 1402 1619 μοι
1433 1547 1802 1619 κατορθωμά-

1898 904 2048 974 ipsos
2066 906 2247 977 potius
2264 916 2563 973 arctarent,
2601 908 2724 965 aliis
2753 921 2883 963 vero
2914 907 3084 962 multa
3115 908 3490 975 ignoscerent.

1979 1182 2135 1237 Vers.
2165 1183 2217 1237 5.
2259 1181 2459 1238 Omnia
2491 1213 2560 1224 —
2588 1154 2906 1237 hominibus.
2946 1183 3166 1249 Omnia,
3189 1185 3492 1254 quamam?

1903 1274 2036 1339 Quae
2068 1274 2173 1328 sibi
2202 1273 2345 1328 bona
2371 1274 2653 1329 videntur.
2680 1273 2749 1328 Et
2775 1275 3005 1330 observa
3039 1278 3184 1345 quod
3218 1278 3494 1347 praedictae

1905 1366 2291 1419 accusationes
2315 1364 2387 1419 dc
2413 1366 2745 1420 crudelitate
2778 1376 2834 1421 et
2859 1366 3092 1437 segnitie
3130 1378 3289 1421 erant
3320 1384 3335 1433 ;
3390 1360 3517 1423 hoc

1904 1469 2037 1509 vero
2100 1455 2311 1511 crimen
2373 1467 2462 1511 est
2527 1458 2921 1512 insanientium
2972 1459 3043 1513 ob
3102 1475 3257 1515 vana
3313 1460 3498 1531 gloria:

1906 1549 2232 1616 appetitum.
2257 1548 2465 1603 Deinde
2503 1551 2747 1604 ostendit
2775 1550 2920 1619 quod
2966 1566 3150 1621 neque
3181 1553 3249 1607 de
3282 1554 3495 1622 magnis

207 1654 323 1692 των
352 1638 530 1702 ὄντεςο
585 1640 703 1693 ἀλλ’
731 1640 827 1694 ἐπὶ
885 1643 1107 1711 μικροῖς
1142 1658 1256 1694 τισι
1302 1642 1399 1694 καὶ
1446 1640 1745 1707 εὐτελέσιν,
1775 1637 1806 1693 ὃ

1927 1639 2232 1709 glorientur,
2263 1650 2451 1711 utpote
2486 1642 2723 1713 egregiis
2753 1645 3018 1713 operibus
3071 1646 3343 1710 destituti,
3398 1649 3498 1703 sed

211 1731 313 1784 καὶ
359 1730 497 1784 αὐτὸ
540 1731 835 1803 προσθήκη
866 1732 1081 1802 γίνεται
1109 1732 1213 1801 τῆς
1242 1730 1519 1803 διαϐολῆς.

286 1918 680 1973 Πλατύνουσι
709 1948 778 1959 -
797 1917 1018 1974 αὐτῶν.
1048 1918 1237 1973 Ταῦτα
1281 1919 1380 1990 μὲν
1411 1914 1577 1990 ἦσαν,
1612 1918 1701 1987 ἐφ’
1722 1914 1806 1985 οἷς

1909 1732 1977 1787 de
2013 1733 2197 1801 parvis
2226 1734 2553 1802 quibusdam
2584 1745 2635 1790 et
2673 1735 2891 1802 vilibus,
2935 1738 3084 1807 quod
3114 1738 3296 1808 ipsum
3334 1751 3502 1811 auget

1911 1824 2079 1877 etiam
2106 1827 2543 1878 accusationem.

1985 1912 2145 1968 Vers.
2175 1915 2229 1968 5.
2262 1914 2826 1971 vitatum—suorum.
2852 1916 2979 1974 Haec
3012 1929 3176 1976 erant
3206 1921 3274 1975 de
3298 1922 3501 1991 quibus

210 2005 590 2074 ικενοδόξουν,
618 2008 694 2073 ὡς
722 2010 819 2063 tul
844 2010 1264 2080 κατορθώμασι.
1306 2009 1431 2082 Χρὴ
1460 2009 1518 2063 δι
1561 2010 1658 2064 καὶ
1685 2006 1815 2081 περὶ

1927 2013 2179 2074 tanquam
2211 2004 2279 2059 de
2312 2006 2550 2074 egregiis
2580 2006 2840 2076 operibus
2899 2023 3038 2062 vane
3103 2010 3500 2079 gloriabantur.

212 2099 427 2153 τούτων
488 2103 687 2155 εἰπεῖν.
750 2102 902 2155 Ἐπεὶ
934 2103 1041 2174 γὰρ
1098 2103 1339 2173 συνεχῶς
1380 2102 1812 2156 ιπελανθάνοντο

1927 2098 2140 2168 Oportet
2166 2110 2351 2153 autem
2393 2108 2447 2153 et
2478 2099 2546 2153 de
2574 2100 2663 2154 bis
2696 2101 2904 2155 dicere.
2929 2102 3066 2168 Quia
3119 2104 3382 2159 continue
3407 2106 3504 2159 Dei

209 2190 328 2245 τῶν
356 2192 691 2261 εὐεργεσιῶν
720 2192 813 2247 τοῦ
826 2194 993 2259 ⁸Θεοῦ,
1022 2195 1361 2266 προσέταξεν
1388 2196 1416 2248 6
1445 2194 1580 2258 Θεὸς
1609 2196 1813 2266 ἔγγρα-

217 2288 394 2355 φῆναι
416 2286 624 2348 ταύτας
653 2285 940 2356 βιϐλιδίοις
968 2290 1062 2342 καὶ
1101 2288 1473 2360 ιεαρτηθῆναι
1503 2291 1602 2360 τῆς
1625 2289 1812 2359 χειρὸς

215 2377 332 2431 τῶν
370 2377 739 2441 διδασκάλων,
771 2379 913 2433 ὥστε
941 2381 1031 2434 διὰ
1056 2382 1260 2445 παντὸς
1290 2381 1526 2453 ὁρᾶσθαι
1553 2382 1650 2435 καὶ
1671 2383 1813 2451 μνή-

218 2466 583 2537 μονεύεσθαι.
618 2469 729 2522 Kal
749 2470 818 2523 τὰ
844 2470 1073 2524 τοιαῦτα
1105 2470 1341 2540 βιϐλίδια
1382 2471 1672 2541 ὠνόμαζον
1704 2489 1811 2541 φυο

218 2557 524 2629 λακτήρια,
557 2559 647 2613 διὰ
671 2559 736 2613 τὸ
765 2562 1063 2628 φυλάττειν
1120 2564 1217 2616 καὶ
1253 2562 1506 2635 ῥύεσθαι.
1544 2564 1657 2617 Kal
1703 2562 1813 2616 πά-

221 2650 331 2713 λιν,
374 2650 464 2704 ῖνα
486 2650 563 2722 μὴ
609 2651 1083 2707 ιπιλανθάνωνται
1111 2654 1223 2707 τῶν
1248 2654 1480 2708 ἐντολῶν
1518 2653 1614 2706 τοῦ
1648 2653 1809 2719 Θεοῦ,

224 2741 489 2796 ὲκὲλευσε
566 2744 799 2814 κλῶσμα
852 2744 1168 2797 ὑακίνθινον
1235 2745 1693 2817 προσράπτεσθαι
1743 2747 1811 2815 τῇ

225 2836 370 2889 κατὰ
398 2837 525 2899 τοὺς
558 2838 729 2899 πόδας
776 2836 858 2908 to;
894 2838 990 2892 τοῦ
1027 2837 1251 2908 ἱματίου
1283 2839 1490 2902 αὐτῶν,
1522 2838 1633 2903 ἵνα,
1678 2838 1818 2891 πάν-

224 2943 350 2979 τοτε
375 2929 728 2999 φαινόμενον,
752 2929 1153 3003 ὑπομιμνήσκῃ
1172 2930 1399 2993 τούτους
1421 2930 1531 2983 τῶν
1552 2929 1810 2984 ἐντολῶν.

228 3019 341 3071 Καὶ
362 3021 435 3073 τά
462 3018 691 3074 τοιαῦτα
724 3023 955 3077 ικάλουν
982 3022 1318 3091 κράσπεδα.
1362 3024 1425 3076 Ol
1456 3020 1588 3090 γοῦν
1622 3022 1814 3093 Γραμ-

229 3112 427 3181 ματεῖς
450 3113 544 3166 καὶ
572 3114 859 3183 Φαρισαῖοι
904 3112 1016 3168 τῶν
1053 3115 1153 3184 μὲν
1186 3114 1420 3167 ἐντολῶν
1454 3113 1718 3183 ἠμέλουν,
1743 3113 1817 3167 τὰ

228 3201 287 3254 δὲ
317 3201 549 3256 τοιαῦτα
576 3203 925 3276 φυλακτήρια
960 3204 1171 3259 πλατέα
1219 3202 1631 3268 κατεσκεύαζον
1690 3206 1818 3257 ἑαυ-

231 3295 369 3357 τοῖς,
404 3296 497 3348 καὶ
527 3296 595 3348 τὰ
629 3296 870 3367 ρηθέντα
897 3298 1186 3368 κράσπεδα
1213 3297 1323 3351 τῶν
1358 3297 1594 3366 ἱματίων
1631 3298 1814 3351 αὐτῶν

1911 2189 2303 2245 beneﬁciorum
2329 2191 2815 2256 obliviscebantur,
2846 2192 3009 2261 jussit
3035 2209 3103 2249 ea
3132 2192 3274 2250 Deus
3307 2196 3505 2250 libellis

1913 2279 2164 2342 inscribi,
2225 2290 2282 2335 et
2328 2282 2724 2351 magistrorum
2784 2285 3021 2354 appendi
3098 2285 3375 2353 manibus,
3447 2298 3506 2341 ut

1914 2386 2134 2441 semper
2157 2372 2498 2436 viderentur,
2533 2384 2587 2428 et
2618 2374 2671 2426 in
2703 2379 2967 2430 memoria
2996 2377 3353 2433 haberentur.
3395 2378 3508 2432 llu-

1910 2465 2154 2536 jusmodi
2206 2483 2340 2522 vero
2398 2468 2627 2523 libelluli
2682 2470 3017 2540 pliylacteria
3060 2471 3409 2535 dicebantur,
3438 2485 3507 2524 eo

1916 2561 2065 2630 quod
2087 2561 2158 2615 ab
2181 2561 2459 2615 oblivione
2482 2571 2770 2616 servarent
2801 2578 2865 2616 ac
2881 2572 3259 2634 protegerent,
3285 2564 3392 2616 ἀπὸ
3411 2561 3507 2616 τοῦ

1918 2653 2197 2723 φυλάττω.
2255 2652 2495 2708 Rursum
2556 2671 2628 2710 ne
2699 2664 3102 2725 praceptorum
3170 2654 3263 2709 Dei
3318 2655 3513 2709 oblivi-

1916 2756 2227 2808 scerentur,
2255 2746 2420 2815 jussit
2460 2745 2606 2801 Deus
2659 2746 3026 2818 fragmentum
3089 2748 3509 2819 byacintbinunt

1918 2835 2067 2890 assui
2088 2835 2244 2906 juxta
2274 2837 2442 2906 pedes
2477 2852 2589 2891 ora
2619 2838 2935 2908 palliorum,
2978 2847 3041 2892 ut
3074 2854 3291 2909 semper
3336 2856 3509 2910 appa-

1919 2942 2067 2992 rens,
2127 2928 2229 2982 hos
2266 2922 2664 2998 prtecepto'rum
2700 2931 2795 2985 Dei
2845 2946 3123 2985 memores
3150 2932 3411 2997 eﬂiccret,
3456 2942 3512 2988 et

1919 3019 2037 3074 haec
2067 3021 2341 3074 vocabant
2365 3021 2675 3089 κράσπεδα,
2706 3022 2815 3076 hoc
2864 3033 2951 3077 est
2976 3023 3243 3091 ﬁmbrias.
3304 3024 3512 3080 Scrist

1919 3110 2107 3179 itaque
2133 3119 2189 3164 et
2217 3109 2479 3165 Pharisaei
2524 3119 2800 3183 praecepta
2852 3113 3080 3182 quidem
3133 3114 3508 3185 negligebant,

1920 3200 2238 3272 bnjusmodi
2270 3213 2457 3256 autem
2493 3203 2618 3257 latis
2651 3204 3007 3273 pbylacteriis
3038 3218 3163 3259 sese
3216 3208 3511 3272 ornabant,

1920 3292 2200 3361 dictasque
2251 3291 2495 3346 ﬁmbrias
2559 3292 2850 3362 palliorum
2914 3308 3140 3362 suorum
3210 3295 3511 3365 plurimum

234 3355 455 3455 μεγάλα
487 3355 807 3458 άπῃῶρουν,
838 3355 1267 3459 ὲναθρυνόμενοι
1299 3355 1510 3451 eodem;
1535 3390 1632 3442 καὶ
1652 3390 1818 3457 ἀνοή-

1927 3355 2312 3437 distendebant
2334 3397 2352 3436 ι
2378 3381 2464 3436 bis
2492 3355 2790 3453 gloriantes
2810 3358 3058 3452 ac_stulte'
3074 3399 3196 3439 sese
3211 3355 3283 3454 ia.
3302 3394 3508 3441 tantes.

234 3494 346 3542 τως
406 3480 883 3551 ὲνσεμνυνόμενοι.
937 3482 1126 3535 Ταῦτα
1184 3481 1243 3534 δὲ
1280 3480 1474 3546 στολὰς
1505 3482 1533 3533 ό
1586 3480 1818 3551 Μάρκος

234 3573 526 3640 ἐκάλεσεν,
571 3574 764 3630 εἰπών’
816 3575 1083 3632 Βλέπετε
1109 3576 1230 3633 ἀπὸ
1258 3575 1379 3631 τῶν
1406 3578 1815 3647 γραμματέων,

236 3666 445 3736 ήγουν,
501 3667 865 3737 φυλάττεσθε,
927 3668 1048 3724 τῶν
1094 3670 1400 3725 θελόντων
1442 3670 1512 3723 ἐν
1564 3669 1819 3736 στολαῖς

236 3758 610 3825 περιπατεῖν.
678 3760 912 3830 Ὁμοίως
962 3761 1019 3814 δὲ
1053 3758 1177 3815 εἷπε
1242 3761 1336 3816 καὶ
1372 3763 1401 3813 ό
1440 3762 1677 3825 Λουκᾶς.
1711 3761 1821 3815 Kal

234 3849 334 3901 οὐκ
364 3851 421 3901 ὲν
446 3849 657 3915 τούτοις
706 3852 890 3920 μόνον,
943 3852 1080 3906 ἀλλὰ
1116 3854 1211 3908 καὶ
1247 3854 1306 3905 ἐν
1344 3851 1554 3924 ἑτέροις
1606 3856 1823 3924 μικροῖς

237 3938 467 3993 ινόσουν
518 3940 618 4012 τήν
666 3942 994 4012 φιλοδοξίαν.
1044 3946 1156 3997 Kal
1202 3944 1391 4000 άκουε.

307 4031 570 4086 Φιλοῦσι
617 4050 683 4087 τε
729 4063 799 4073 —
853 4038 1256 4106 συναγωγαῖς.
1363 4036 1822 4106 Πρωτοκλισίαν

234 4115 361 4173 εἷπε
401 4120 499 4174 καὶ
547 4125 1100 4193 πρωτοκαθεδρίαν,
1147 4126 1286 4182 διότι
1336 4128 1397 4182 ἑν
1429 4128 1532 4199 μὲν
1561 4130 1674 4192 τοῖς
1706 4126 1819 4180 δεί-

237 4230 392 4273 πνοις
450 4213 839 4280 άνεκλίνοντο,⁹
878 4219 935 4270 ὲν
988 4217 1049 4270 δὲ
1104 4220 1229 4284 ταῖς
1278 4220 1634 4289 συναγωγαῖς
1673 4220 1822 4273 ἑκά-

237 4302 422 4374 θηντο.

316 4395 430 4451 Καὶ
472 4428 546 4440 —
582 4396 796 4455 'Pa66’l.
854 4399 1078 4456 Φιλοῠσι
1130 4402 1226 4456 καὶ
1279 4402 1409 4466 τοὺς
1460 4402 1817 4472 ἀσπασμοὺς,

242 4490 355 4543 εῖτε
386 4487 518 4552 τοὺς
551 4492 924 4560 σωματικοὺς,
964 4493 1078 4546 εῖτε
1110 4494 1354 4558 καὶτοὺς
1383 4493 1475 4547 διὰ
1500 4494 1827 4565 προσφωνή-

240 4598 401 4644 σεως.
444 4580 667 4635 Φιλοῦσι
700 4583 795 4635 καὶ
842 4586 1131 4639 καλεῖσθαι
1188 4585 1295 4657 ὑπὸ
1343 4585 1453 4641 τῶν
1516 4583 1823 4657 ἀνθρώπων

238 4674 574 4729 διδάσκαλοι.
630 4677 825 4732 'Pa66l
849 4680 955 4753 γὰρ
1003 4679 1286 4751 Ἐὄραῖστὶ
1312 4682 1341 4734 6
1368 4679 1712 4740 διδάσκαλος.

321 4768 522 4836 Ὑμεῖς
536 4790 613 4807 ·-
640 4769 803 4823 ἐστε.
838 4770 918 4824 Τὰ
956 4771 1056 4841 μὲν
1095 4772 1233 4827 ἄλλα
1254 4773 1417 4844 μέχρι
1467 4776 1567 4843 τῆς
1602 4772 1827 4826 ἐκείνων

242 4863 581 4931 κατηγορίας
614 4863 867 4930 ἔστησεν,
900 4864 975 4926 ὡς
1004 4863 1196 4936 εὐτελῆ
1238 4866 1333 4918 καὶ
1366 4865 1440 4936 μὴ
1471 4865 1703 4934 δεόμενα
1737 4861 1828 4915 λό-

243 4967 342 5020 γου
389 4952 640 5016 πλείονος
688 4955 770 5015 είς
819 4954 1130 5026 διόρθωσιν·
1178 4956 1279 5029 τὴν
1308 4958 1363 5009 δὲ
1400 4958 1715 5027 φιλαρχίαν,
1751 4960 1829 5024 ὡς

244 5044 458 5096 πολλῶν
495 5044 677 5097 αἰτίαν
720 5045 934 5113 κακῶν,
967 5050 1047 5112 είς
1086 5049 1253 5118 μέσον
1281 5050 1426 5115 ἄγει,
1463 5050 1557 5102 καὶ
1583 5050 1829 5121 διορθοῦ-

241 5152 331 5189 ται
358 5134 802 5207 σπουδαιότερον.
855 5139 946 5207 Μὴ
997 5138 1263 5207 κληθῆτε
1284 5141 1362 5203 δὲ,
1418 5142 1541 5194 ἀντὶ
1577 5141 1693 5208 τοῦ,
1749 5144 1825 5214 μὴ

245 5227 523 5297 ζητήσητε
571 5228 861 5300 κληθῆναι.
902 5232 964 5284 El
1012 5231 1126 5301 γὰρ
1156 5233 1337 5303 ἕτεροι
1384 5233 1543 5286 τοῦτο
1566 5234 1826 5288 καλοῦσιν

244 5321 411 5389 ὑμᾶς,
438 5321 536 5391 οὐχ
567 5321 809 5393 ὑμετέρα
844 5323 1001 5376 τοῦτο
1030 5320 1399 5395 κατάγνωσις.

348 5554 394 5586 ι’
422 5551 558 5607 Luc.
593 5569 669 5618 ιι,
698 5553 789 5608 46.
903 5555 949 5586 ⁸³
978 5554 1143 5611 Marc.
1192 5574 1294 5626 xu,
1330 5558 1419 5614 38.

1921 3473 2048 3528 Haec
2064 3483 2249 3528 autem
2271 3473 2487 3531 Marcus
2513 3475 2681 3529 stolas
2697 3476 3015 3545 appellavit,
3040 3476 3230 3531 dicens
3253 3494 3266 3531 :
3293 3478 3514 3549 Prosui—

1921 3569 2047 3633 cite,
2083 3568 2200 3625 sive
2230 3578 2409 3623 cavete
2436 3586 2471 3623 α
2500 3566 2704 3624 Scribis
2732 3571 2825 3640 qui
2845 3580 3028 3624 amant
3053 3570 3107 3624 in
3145 3572 3296 3626 stolis
3324 3576 3514 3626 anitu-

1923 3660 2037 3715 lare
2060 3659 2129 3714 ".
2163 3659 2430 3715 Similiter
2468 3668 2657 3715 autem
2717 3661 2857 3715 dixit
2896 3673 2953 3716 ct
2999 3661 3248 3718 Lucas".
3282 3664 3395 3720 Nec
3456 3667 3512 3720 in

1923 3753 2011 3809 bis
2050 3763 2263 3809 tantum
2304 3754 2382 3826 (ά)
2438 3768 2629 3809 amore
2675 3755 2863 3825 gloria:
2906 3755 3111 3811 inﬁrmi
3158 3768 3333 3813 erant.
3369 3760 3513 3817 Audi

1923 3847 2132 3918 itaque.

1995 4024 2154 4082 νει-ο.
2183 4028 2236 4083 6.
2298 4028 2604 4101 Amantque
2636 4058 2709 4071 —-
2744 4031 3050 4101 synagogis.
3090 4030 3296 4087 Primos
3352 4051 3511 4089 accu-

1923 4118 2085 4182 bitus,
2110 4117 2268 4185 dixit,
2297 4118 2355 4173 in
2385 4121 2586 4183 omnis.
2607 4138 2671 4175 ac
2700 4123 2874 4189 prima
2895 4121 3084 4179 sedilia
3112 4123 3167 4177 in
3200 4127 3511 4198 synagogis.

1924 4211 2061 4267 Nam
2089 4212 2145 4267 in
2171 4215 2347 4270 omnis
2367 4215 2788 4285 accumbebant,
2831 4218 2886 4273 in
2919 4218 3213 4292 synagogis
3260 4234 3391 4275 vero
3425 4237 3514 4276 se-

1926 4305 2151 4362 debant.

1997 4402 2153 4456 Vers.
2207 4401 2262 4456 7.
2290 4402 2453 4456 Ac—
2485 4402 2674 4458 Rabbi.
2718 4405 2920 4459 Amant
2976 4404 3360 4472 salutationes,
3398 4405 3515 4461 sive

1924 4510 2159 4566 corpore
2193 4494 2349 4559 ﬁant,
2378 4497 2495 4551 sive
2522 4497 2913 4566 appellatione.
2950 4500 3154 4553 Amant
3210 4507 3268 4553 et
3324 4502 3508 4554 vocari

1925 4586 1997 4641 ab
2085 4588 2406 4644 hominibus
2460 4588 2731 4660 magistri,
2784 4590 2932 4660 quod
2988 4588 3257 4647 Hebraiee
3311 4592 3514 4651 dicitur

1857 4710 1902 4763 ι)
1932 4678 2127 4734 Rabbi.

2004 4771 2165 4828 Vers.
2194 4771 2247 4826 8.
2288 4771 2381 4827 Vos
2409 4802 2478 4813 —-
2504 4772 2647 4827 estis.
2669 4771 2880 4829 Caetera
2906 4774 3152 4844 quidem,
3220 4792 3393 4845 usque
3448 4780 3515 4832 ad

1932 4867 2150 4921 illorum
2193 4868 2461 4921 duntaxat
2504 4868 2762 4937 perduxit
2814 4868 3220 4922 accusationem
3256 4877 3515 4938 tanquam

1930 4960 2081 5024 vilia,
2114 4975 2217 5013 nee
2242 4960 2310 5013 ad
2337 4960 2422 5014 sui
2446 4960 2849 5015 correctionem
2898 4959 3200 5032 longiorem
3228 4961 3517 5029 requiren-

1929 5054 2003 5106 tia
2022 5068 2355 5107 sermonem.
2396 5053 2743 5121 Principatus
2776 5061 2961 5107 autem
2986 5068 3257 5115 amorem,
3324 5062 3516 5122 utpote

1930 5144 2227 5199 multorum
2265 5159 2485 5199 causam
2520 5145 2815 5209 malorum,
2876 5144 2931 5197 in
2976 5145 3218 5199 medium
3272 5144 3515 5208 adducit,

1934 5252 2000 5292 ac
2055 5236 2373 5307 diligentius
2430 5238 2681 5308 castigat.
2731 5236 2814 5291 Ne
2870 5239 3147 5300 vocemini,
3180 5237 3233 5292 id
3267 5243 3372 5299 est,
3433 5233 3516 5290 Ne

1934 5330 2119 5383 vocari
2139 5331 2347 5399 cupias.
2372 5330 2503 5385 Nam
2528 5333 2571 5386 si
2593 5348 2690 5386 vos
2725 5332 2831 5387 itas
2848 5340 3047 5387 vocent
3068 5330 3180 5398 alii,
3210 5346 3320 5386 non
3339 5326 3518 5384 eritid

1935 5423 2004 5477 ad
2039 5432 2277 5478 vestram
2310 5426 2848 5481 condemnationem.

1535 5560 1577 5592 "
1609 5560 1744 5615 Luc.
1791 5575 1885 5629 xx,
1918 5563 2007 5617 46.

1442 5720 1641 5780 Variae
1677 5720 1990 5783 lectiones
2029 5730 2088 5783 et
2131 5732 2321 5785 noue.

318 5817 433 5891 (95)
463 5817 676 5887 Αὐτῶν,
704 5836 803 5890 pro
832 5821 1008 5893 ὑμῶν,
1050 5824 1112 5877 A.

315 6003 393 6065 (di
429 6004 675 6060 Tantum.
708 6007 763 6061 ln
783 6008 971 6063 (ἐι-ιεςο
997 6010 1241 6063 additur:
1271 6008 1373 6061 Sed
1396 6021 1441 6063 et
1474 6012 1521 6063 in
1558 6010 1679 6061 aliis
1706 6009 1901 6078 exiguis
1929 6012 2095 6063 rel-us.
