4020 6488
518 427 629 495 505

1753 418 2137 492 EUTHYMII
2177 417 2538 481 ZIGABENI

3673 415 3790 480 ιιι

517 552 575 600 ει
614 540 799 607 fidem,
833 558 954 613 qua:
985 552 1067 615 est
1097 541 1155 597 in
1182 541 1379 597 Deum.
1406 538 1585 595 Lucas
1624 549 1807 594 autem
1838 535 2088 593 dilectio-

2215 534 2295 604 ςὴν
2346 535 2426 597 είς
2457 532 2551 587 τὸν
2581 530 2736 587 Θεόν.
2773 530 2829 586 Ὀ
2856 531 2910 585 δὲ
2937 530 3150 594 Λουκᾶς
3178 526 3272 582 καὶ
3303 527 3402 601 τὴν
3432 529 3659 601 ἀγάπην
3683 528 3789 583 τοῦ

518 649 645 695 nem
673 632 837 689 etiam
868 634 959 688 Dei
1000 633 1154 704 ponit
1184 631 1253 686 “.

589 729 626 798 τ
655 728 876 798 Oportet
904 738 1350 795 unumquemque
1379 722 1663 778 doctorum
1693 737 1723 776 a
1762 719 1962 790 pepulo
1997 733 2099 772 suo

2246 646 2336 683 εου
2370 642 2527 683 φησι.

2246 646 2336 683 sou
2452 642 2527 681 at.

2201 629 2243 682 Θ
2271 721 2309 792 -ι-
2342 643 2507 791 -ι-φὲεῖ
2539 718 2651 792 (98)
2684 718 2917 772 ῑκαστον
2970 717 3083 773 τῶν
3123 720 3463 776 διδασκάλων
3505 720 3793 775 ἀποδεκα-

518 815 814 882 decimare,
854 817 955 872 hoc
978 825 1081 879 est,
1124 826 1311 887 petere
1350 831 1378 869 a
1416 815 1606 869 decem
1645 813 1916 874 sensibus,
1972 820 2098 880 puta

2215 813 2328 867 τοῦν
2372 812 2478 866 ἀπὸ
2538 811 2633 866 τοῦ
2687 810 2819 865 λαοῦ
2890 811 3058 865 αὐτοῦ
3085 852 3101 878 ,
3144 814 3426 869 τουτέστιν
3458 853 3473 875 ,
3524 812 3785 866 ἀπαιτεῖ)

518 909 757 978 quinque
806 908 1200 976 corporalibus,
1233 916 1287 960 et
1337 906 1578 975 quinque
1604 903 1698 974 qui
1727 912 1855 957 sunt
1882 900 2098 964 animm,

520 1003 812 1071 judicium.
847 1003 1276 1057 misericordiam
1310 1017 1371 1056 ac
1401 1001 1582 1056 fidem.

587 1184 741 1239 νει-ε.
773 1185 865 1239 23.
900 1184 1123 1239 lla'c—
1159 1185 1425 1240 omittere.
1487 1182 1615 1238 Haec
1678 1183 1917 1254 primum
1977 1199 2099 1251 quas

515 1278 758 1347 graviora
786 1288 936 1343 sunt,
973 1278 1196 1347 exsequi
1234 1276 1475 1348 Oportuit
1505 1293 1517 1330 :
1550 1288 1605 1332 et
1637 1291 1855 1331 rursum
1894 1275 2098 1330 leviora

514 1367 606 1421 itla
645 1383 756 1422 non
787 1369 1119 1440 relinquere,
1152 1368 1197 1423 si
1222 1378 1411 1423 exacte
1446 1369 1618 1441 legem
1650 1385 1872 1425 servare
1906 1368 2094 1423 vultis.

585 1552 740 1609 Vera.
768 1553 858 1610 2‘.
900 1553 1069 1610 Duces
1100 1583 1173 1596 -—
1198 1555 1501 1628 glutieutes.
1530 1554 1634 1622 Qui
1674 1570 1836 1625 parva
1874 1554 2097 1625 quidem

515 1644 732 1701 curiose
768 1646 1021 1711 servatis,
1056 1646 1111 1700 in
1148 1646 1362 1717 magnis
1404 1662 1534 1701 vero
1562 1646 1805 1717 peccatis
1838 1646 2102 1702 connive-

586 1830 741 1886 Vers.
770 1830 864 1885 25.
892 1829 975 1885 Va
1007 1860 1075 1872 -—
1110 1831 1403 1901 iujuatitia.
1463 1829 1749 1901 Παροψίδα
1784 1832 1957 1887 lancis
2004 1840 2099 1887 aut

518 1924 715 1993 patinae
756 1939 930 1996 genus
952 1939 1080 1980 esse
1124 1924 1338 1979 dicunt.
1370 1923 1525 1981 Unde
1560 1925 1736 1980 Lucas
1781 1926 1944 1995 hujus
1978 1925 2100 1981 loco

517 2017 749 2081 πίνακα,
822 2017 929 2072 hoc
986 2028 1092 2082 est,
1150 2017 1394 2074 catinum
1444 2018 1630 2088 posuit
1684 2018 2101 2090 quadragesimo

516 2110 679 2163 tertio
699 2108 877 2179 capite
905 2109 967 2162 ".
1015 2108 1110 2164 Est
1142 2119 1325 2164 autem
1358 2107 1447 2163 hic
1491 2121 1674 2162 sermo
1701 2106 2099 2178 tenigmaticus,

516 2200 569 2254 id
617 2200 854 2255 innuens
882 2217 895 2254 :
925 2199 1166 2269 Corpora
1211 2198 1429 2268 quidem
1486 2207 1664 2253 vestra
1704 2199 1965 2269 purgatis,
2011 2198 2100 2253 illa

514 2291 662 2345 enim
693 2298 849 2345 vocat
897 2290 1226 2345 exteriorem
1264 2290 1445 2361 poculi
1491 2305 1557 2344 ac
1595 2290 1800 2361 patina:
1835 2299 2045 2360 partem
2082 2331 2097 2357 ,

516 2383 804 2439 interiores
861 2392 1042 2438 autem
1078 2385 1272 2437 anima:
1300 2383 1474 2453 plena:
1501 2392 1633 2438 sunt
1664 2386 1848 2454 rapina
1878 2394 1934 2440 et
1959 2385 2101 2454 inju-

515 2478 663 2533 stitia
689 2476 1066 2545 aﬂeetionum,
1096 2477 1200 2531 hoc
1238 2484 1341 2543 est,
1367 2478 1672 2547 corporalis
1707 2478 1926 2548 quidem
1946 2478 2100 2547 puri-

516 2569 779 2625 ﬁcationis
812 2584 998 2624 curam
1035 2568 1270 2634 habetis,
1302 2584 1425 2623 eam
1465 2585 1600 2625 vero
1635 2586 1755 2640 qua:
1782 2571 1980 2625 animae
2010 2578 2099 2625 est

513 2661 804 2733 negligitis.
838 2661 1167 2729 lnjustitiam
1216 2670 1597 2717 autem'nunc
1642 2662 1880 2718 dicimus
1931 2662 2096 2717 etiam

514 2764 675 2805 omne
699 2757 1003 2819 peceatum,
1035 2764 1102 2804 eo
1153 2748 1299 2818 quod
1360 2749 1565 2817 iustitia
1618 2763 1835 2818 quoque
1888 2748 2100 2803 dicatur

514 2844 696 2899 omnis
747 2844 944 2897 virtus.
1014 2841 1191 2895 Lucas
1247 2849 1433 2895 autem
1505 2824 1849 2896 manifestius
1909 2841 2096 2896 dixit:

2202 905 2312 958 ἀπὸ
2364 903 2475 957 τῶν
2512 902 2647 956 δέκα
2694 901 3024 973 αἰσθήσεων,
3063 901 3173 956 τῶν
3218 904 3380 956 πέντε
3449 902 3794 973 σωματικῶν

2202 1000 2297 1053 καὶ
2343 997 2453 1051 τῶν
2505 999 2669 1050 πέντε
2723 995 2997 1066 ψυχικῶν,
3028 996 3131 1066 τὴν
3161 994 3347 1066 κρίσιν
3369 996 3464 1050 καὶ
3500 994 3595 1047 τὸν
3634 993 3792 1047 ἔλεον

2202 1092 2297 1145 καὶ
2321 1090 2419 1161 την
2454 1090 2657 1143 πίστιν.

2276 1181 2469 1236 Ταῦτα
2534 1208 2605 1222 --
2659 1176 2922 1247 ἀφιέναι.
2957 1177 3147 1232 Ταῦτα
3200 1176 3632 1250 προηγουμένως
3668 1178 3787 1232 ἔδει

2202 1272 2572 1340 κατορθῶσαι,
2620 1272 2687 1323 τὰ
2710 1270 3011 1341 βαρύτερα,
3044 1269 3275 1323 κάκεῖνα
3326 1269 3509 1333 πάλιν,
3560 1270 3628 1322 τὰ
3656 1272 3788 1322 ελα-

2203 1364 2337 1437 φρὰ,
2364 1363 2440 1435 μὴ
2459 1362 2864 1432 παραδραμεῖν,
2899 1360 3021 1428 είγε
3050 1359 3148 1432 τὴν
3177 1360 3465 1431 ἀκρίϐειαν
3488 1361 3585 1414 τοῦ
3613 1361 3788 1431 νόμου

2200 1459 2393 1527 τηρεῖν
2425 1453 2742 1509 ἐϐούλεσθε.

2289 1549 2526 1619 ὐδηγοί
2549 1546 3097 1611 -καταπίνοντες,
3155 1545 3221 1599 Ol
3244 1544 3312 1599 τὰ
3346 1544 3524 1617 μικρά
3556 1546 3659 1617 μὲν
3696 1564 3795 1601 πο-

2202 1640 2744 1713 λυπραγμονοῦντες,
2761 1638 2834 1693 τὰ
2867 1638 3103 1710 μέγιστα
3123 1636 3237 1709 (99)
3259 1637 3316 1692 δι
3337 1638 3794 1711 ἀπαρατηρήτως

2202 1734 2637 1805 ἁμαρτάνοντες.

2277 1824 2424 1879 Οὐαί
2474 1851 2544 1863 -
2585 1821 2841 1889 ἀδικίας.
2896 1822 3011 1894 Τὴν
3060 1820 3359 1894 παροψίδα,
3392 1819 3620 1882 πίνακος
3647 1813 3795 1883 εἶδος

2202 1913 2346 1971 εἶναί
2380 1933 2538 1987 φασι.
2573 1915 2790 1971 Πίνακα
2820 1914 2931 1987 γὰρ
2974 1916 3183 1987 ταύτην
3226 1909 3350 1968 εἷπε
3377 1914 3471 1968 καὶ
3501 1914 3530 1967 δ
3570 1915 3793 1975 Λουκᾶς

2203 2009 2262 2061 ὲν
2290 2006 2368 2078 τῷ
2404 2005 2833 2077 τεσσαρακοστῷ
2860 2007 3033 2077 τρίτω
3065 2006 3374 2077 κεφαλαίῳ.
3430 2002 3761 2074 Λίνιγματώ

2202 2101 2301 2172 δης
2356 2100 2452 2154 καὶ
2510 2093 2668 2163 οὗτος
2700 2101 2730 2154 δ
2756 2098 2938 2166 λόγος,
2979 2098 3284 2170 σημαίνων,
3316 2099 3399 2153 δτι
3430 2096 3511 2151 Τὰ
3548 2096 3651 2167 μὲν
3682 2096 3792 2149 σῶ-

2208 2216 2355 2271 ματα
2390 2195 2548 2267 ὑμῶν
2575 2195 2939 2268 καθαρίζετεο
2974 2197 3154 2251 ταῦτα
3186 2196 3302 2267 γὰρ
3345 2198 3549 2249 νοεῖται
3581 2195 3643 2249 τὸ
3680 2195 3792 2261 ἔξω

2202 2292 2299 2348 τοῦ
2354 2290 2617 2363 ποτηρίου
2646 2292 2743 2345 καὶ
2794 2290 2896 2361 τῆς
2927 2290 3226 2360 παροψίδος
3246 2304 3262 2321 ⁸
3314 2289 3424 2343 εσω
3447 2290 3504 2343 δὲ
3528 2290 3585 2342 αἱ
3614 2288 3793 2358 ψυχαὶ

2203 2386 2473 2456 γέμουσιν
2502 2385 2561 2452 ἐξ
2593 2381 2856 2455 ἁρπαγῆς
2891 2384 2984 2437 καὶ
3013 2383 3234 2447 ἀδικίας
3256 2381 3466 2436 παθῶν.
3500 2380 3788 2444 Τουτέστι,

2205 2478 2328 2532 Τῶν
2362 2478 2461 2548 μὶν
2483 2475 2578 2530 τοῦ
2614 2475 2869 2546 σώματος
2905 2474 3231 2545 καθαρσίων
3281 2473 3601 2545 φροντίζετε
3624 2487 3640 2501 ·
3677 2473 3791 2525 τῶν

2201 2570 2259 2624 δὲ
2286 2570 2385 2641 τῆς
2439 2568 2621 2640 ψυχῆς
2671 2566 2949 2638 ἀμελεῖτε.
3022 2565 3265 2619 Ἀδικίαν
3298 2564 3357 2618 δι
3412 2563 3507 2617 νῦν
3554 2561 3792 2631 λέγομεν

2202 2664 2297 2717 καὶ
2321 2663 2503 2715 πᾶσαν
2539 2659 2840 2730 ἁμαρτίαν,
2873 2658 3066 2729 ὥσπερ
3098 2657 3193 2712 καὶ
3238 2655 3588 2725 δικαιοσύνην
3636 2654 3791 2707 [στιν

2201 2753 2291 2806 ὅτε
2321 2751 2502 2804 πᾶσαν
2538 2749 2769 2821 ἀρετήν.
2826 2750 3046 2813 Λουκᾶς
3074 2747 3132 2801 δὲ
3180 2747 3567 2820 φανερώτερον
3606 2741 3787 2810 εἶπεν,

2201 2843 2285 2896 ὅτι
2340 2844 2413 2896 To
2465 2840 2698 2896 ἔσωθεν
2752 2839 2922 2910 ὑμῶν
2960 2840 3122 2910 γέμει
3160 2837 3437 2910 ἁρπαγῆς
3461 2836 3561 2893 καί
3600 2850 3793 2905 πονη-

514 2933 666 3000 Quod
703 2934 846 2988 intus
895 2934 1171 2995 estuestri,
1231 2932 1444 3001 plenum
1498 2942 1574 2986 est
1628 2933 1819 3001 rapina
1851 2939 1900 2986 et
1937 2931 2097 2986 mali—
2197 2934 2353 3001 ρίας,

516 3027 592 3080 tia
620 3026 689 3078 ".

588 3114 739 3172 Vers.
776 3116 868 3172 26.
924 3114 1190 3171 Phariaca
1217 3144 1291 3157 —
1333 3117 1550 3170 munda.
1596 3116 1732 3173 Cum
1764 3117 1909 3172 enim
1942 3118 2094 3188 puri-

2271 3120 2559 3189 Φαρισαῖε
2606 3151 2676 3162 -
2707 3120 2988 3189 καθαρόν.
3055 3116 3167 3191 Τῆς
3199 3120 3302 3191 μὲν
3322 3122 3431 3193 γὰρ
3467 3119 3647 3191 ψυχῆς
3684 3136 3789 3175 κα-

515 3212 707 3266 hcatur
727 3211 930 3275 anima,
988 3210 1150 3265 simul
1196 3209 1361 3264 etiam
1391 3220 1447 3265 et
1473 3225 1673 3280 corpus
1725 3211 2095 3281 puriﬁcatur;

2215 3213 2616 3285 ὃαριζομινης,
2664 3211 3132 3284 συγκαθαρίζεται
3188 3214 3283 3266 καὶ
3332 3213 3394 3267 τδ
3444 3213 3636 3283 σῶμα·
3679 3210 3776 3267 τοῦ

514 3321 639 3361 cum
670 3315 851 3359 autem
901 3304 1221 3375 puriticatur
1252 3319 1476 3372 corpus,
1508 3319 1619 3359 non
1653 3304 1816 3358 simul
1841 3303 2099 3374 puriﬁca-

516 3410 603 3452 tur
638 3409 694 3451 et
741 3400 944 3453 anima.
984 3397 1233 3452 Animam
1270 3397 1453 3467 itaque
1498 3397 1785 3467 puriﬁcare
1815 3397 2099 3464 convenit,

513 3499 575 3546 ut
608 3489 815 3561 pariter
843 3488 1163 3559 puriiicetur
1191 3496 1248 3545 et
1277 3503 1498 3559 corpus.

587 3583 745 3638 Vers.
769 3582 860 3637 27.
898 3585 981 3637 Ve
1021 3614 1090 3624 ——
1119 3584 1397 3651 spurcitia.
1466 3580 1567 3652 -Η-
1640 3580 1811 3636 Κονία
1876 3579 2099 3649 quidem

516 3685 601 3730 est
643 3677 784 3740 calx,
809 3690 918 3744 quo
950 3675 1166 3744 tingunt
1201 3690 1266 3729 ac
1291 3674 1548 3729 dealbant
1577 3673 1835 3744 parietes.
1866 3672 2101 3744 lmpuri-

520 3777 684 3823 tatem
712 3779 892 3821 autem
922 3767 1159 3835 appellat
1188 3765 1556 3834 putredinem.

589 3861 744 3917 Vers.
781 3858 870 3911 28.
912 3856 999 3913 Sic
1029 3886 1099 3932 -τ
1132 3858 1434 3926 iniquitate.
1469 3856 1641 3912 Lucas
1688 3867 1870 3913 autem
1912 3856 2050 3913 dixit
2082 3873 2097 3911 :

518 3951 654 4016 Quia
676 3950 797 4003 estis
832 3959 886 4001 ut
908 3946 1247 4002 monumenta
1276 3962 1393 4018 qua:
1422 3964 1525 4000 non
1544 3958 1826 4017 apparent,
1856 3958 1903 4002 et
1928 3949 2100 4003 homi-

518 4062 606 4099 aes
645 4042 979 4097 ambulantes
1023 4057 1181 4110 super
1203 4056 1265 4094 ea
1302 4041 1538 4094 nesciunt
1565 4041 1631 4094 η.
1666 4040 1925 4110 Sepulcra
1952 4043 2097 4111 epim

518 4152 640 4205 qua:
692 4152 801 4191 non
852 4143 1163 4206 apparent,
1199 4133 1350 4188 intus
1405 4132 1563 4204 plena
1618 4143 1748 4189 sunt
1811 4135 2096 4205 spurcitia,

519 4228 652 4284 foris
677 4236 858 4281 autem
891 4233 1158 4295 apparent
1186 4234 1329 4279 terra
1378 4225 1581 4279 munda
1627 4240 1693 4281 ac
1736 4227 1822 4281 via
1859 4228 2096 4296 publica.

590 4320 749 4374 Vers.
788 4317 879 4372 29.
934 4317 1117 4372 Vw—
1192 4315 1350 4371 Vers.
1392 4317 1481 4371 50.
1538 4318 1933 4386 prophetarum.
1986 4320 2097 4387 Vae,

520 4413 715 4484 inquit,
750 4410 922 4477 vobis,
961 4426 1070 4464 non
1113 4410 1257 4480 quod
1314 4408 1431 4465 hac
1468 4408 1645 4464 facitis
1673 4420 1727 4465 et
1755 4412 1869 4466 haec
1918 4412 2098 4467 dicitis

518 4520 641 4559 cum
694 4502 837 4557 bona
895 4502 1029 4566 sint,
1072 4500 1167 4555 sed
1224 4498 1371 4569 quod
1405 4498 1521 4552 hate
1571 4497 1837 4555 facientes
1866 4508 1920 4554 et
1980 4500 2097 4554 haec

2208 3305 2464 3377 σώματος
2495 3306 2550 3360 δὲ
2583 3305 3052 3377 καθαριζομὲνου,
3084 3306 3146 3359 οὗ
3188 3306 3659 3377 συγκαθαρίζεται
3692 3308 3790 3359 καὶ

2204 3398 2431 3470 ἠψυχὴ.
2492 3398 2585 3452 Διὸ
2628 3400 2900 3470 προσήκει
2944 3398 3044 3467 τὴν
3073 3398 3252 3470 ψυχὴν
3306 3398 3646 3469 καθαρίζειν,
3698 3398 3789 3452 ῖνι

2203 3490 2430 3560 γένηται
2465 3490 2563 3543 καὶ
2599 3490 2660 3542 τὸ
2689 3490 2850 3558 σῶμα
2872 3488 3137 3561 καθαρόν.

2275 3584 2423 3637 Οὐαί
2469 3610 2543 3624 --
2566 3582 2961 3650 ἀκαθαρσίας.
3023 3581 3280 3651 Κονίαμα
3310 3582 3385 3653 tl)
3422 3581 3527 3654 μέν
3555 3582 3724 3647 εστιν,
3758 3580 3789 3634 ὁ

2204 3675 2443 3737 τίτανος,
2475 3666 2519 3742 ᾧ
2548 3673 2764 3744 χρίουσι
2793 3675 2888 3728 καὶ
2915 3673 3186 3742 χρώζουσι
3214 3675 3343 3740 τοὺς
3361 3676 3575 3746 τοίχους
3615 3677 3787 3731 Ἀκα-

2209 3766 2446 3839 οαρσίαν
2470 3765 2527 3818 δὲ
2561 3766 2709 3835 λέγει
2741 3766 2839 3836 τὴν
2871 3767 3134 3835 σαπρίαν.

2269 3859 2471 3925 Οὕτως
2528 3888 2588 3900 -
2640 3858 2918 3928 ἀνομίας.
2960 3857 3021 3912 '0
3049 3858 3125 3931 (2)
3156 3858 3216 3912 δὲ
3258 3860 3473 3924 Λουκᾶς
3504 3854 3681 3926 εῐπεν,
3706 3861 3788 3918 ὅτι

2216 3949 2392 4003 Ἐστὲ
2418 3948 2500 4014 ὡς
2526 3947 2597 4001 τὰ
2635 3947 2902 4018 μνημεῖα
2932 3948 3003 4004 τὰ
3027 3947 3247 4016 ἄδηλα,
3277 3948 3375 4002 καί
3404 3952 3459 4004 οῖ
3488 3948 3787 4018 ἅνθρωποι

2204 4041 2669 4109 περιποτοῦντες
2697 4040 2920 4105 ἐπάνω,
2956 4045 3068 4096 οὐκ
3092 4044 3317 4099 οῖδασι.
3352 4043 3436 4096 Τά
3465 4044 3574 4115 γὰρ
3602 4046 3786 4117 ἀφανῆ

2207 4138 2450 4206 μνημεῖα
2494 4134 2645 4189 ἔνδον
2677 4135 2778 4205 μὲν
2806 4135 3041 4205 γέμουσι
3071 4136 3336 4208 σαπρίας,
3361 4135 3475 4192 ἀνω
3493 4136 3549 4192 δὲ
3577 4139 3789 4209 φαίνον⁴

2202 4241 2294 4278 ται
2325 4225 2395 4295 γῆ
2426 4223 2649 4296 καθαρά
2683 4224 2780 4278 καὶ
2810 4224 3109 4296 λεωφόρος.

2277 4316 2424 4371 Οὐαί
2453 4346 2522 4357 -—
2554 4315 2903 4387 προφητῶν.
2975 4318 3135 4383 Οὐαὶ,
3176 4318 3366 4389 φησιν,
3404 4320 3555 4391 ὑμῖν,
3578 4322 3677 4393 οὐχ
3706 4322 3784 4377 δτι

2202 4410 2377 4465 ταῦτα
2408 4412 2639 4473 ποιεῖτε,
2672 4410 2769 4462 καὶ
2798 4408 2970 4463 ταῦτα
3001 4410 3192 4477 λέγετε
3211 4428 3225 4442 ·
3278 4410 3444 4485 [καλά
3471 4413 3549 4484 (3)
3576 4415 3687 4483 γάρ
3712 4416 3786 4467 ει-

2204 4501 2345 4574 σιν
2370 4501 2485 4554 ἀλλ’
2509 4501 2593 4554 ὅτι
2620 4501 2797 4555 ταῦτα
2828 4501 3136 4573 ποιοῦντες.
3180 4505 3276 4557 καὶ
3300 4503 3475 4558 ταῦτα
3512 4505 3783 4572 λέγοντες,

519 4597 783 4658 dicentes,
828 4609 893 4648 ac
940 4593 1196 4662 utrinque
1246 4600 1461 4659 patrum
1504 4598 1810 4645 vestrorum
1861 4593 2097 4647 homici-

2215 4596 2297 4648 ια’.
2332 4565 2755 4665 ’ἀμφοτέρωθεν
2813 4565 3255 4667 κατηγοροῧντες
3282 4597 3382 4668 τῆς
3465 4565 3783 4669 μιαιφονίας

519 4688 666 4741 dium
695 4693 1035 4747 accusantes,
1066 4686 1132 4739 ad
1151 4684 1280 4738 illud
1300 4699 1398 4739 vos
1422 4698 1639 4753 quoque
1661 4684 1906 4748 curritis,
1944 4684 2099 4740 festi-

516 4790 714 4833 nantes
744 4789 910 4832 etme
944 4786 999 4832 et
1027 4775 1325 4845 discipulos
1362 4789 1515 4828 meos
1561 4773 1834 4840 occidere,
1867 4785 1924 4830 et
1970 4775 2099 4845 quia

517 4886 658 4925 vane
682 4869 820 4924 etin
870 4868 1088 4924 ﬁctione
1118 4868 1234 4922 haec
1255 4866 1433 4921 facitis
1482 4882 1547 4922 ac
1583 4867 1769 4921 dicitis
1808 4882 1825 4930 ;
1879 4881 2000 4920 nam
2043 4877 2099 4920 et

515 4976 615 5017 vos
642 4976 830 5017 eorum
900 4974 1038 5030 quos
1070 4959 1336 5015 accusatis
1378 4958 1733 5014 homicidium
1784 4957 2094 5013 imitamini.

587 5144 742 5199 Vers.
789 5144 877 5200 3|.
918 5142 1110 5215 Itaque
1159 5172 1229 5185 --
1299 5143 1603 5213 prophetas.
1662 5143 1870 5214 Itaque,
1927 5159 1991 5199 ex
2034 5160 2100 5199 eo

622 5310 667 5340 "
696 5310 828 5363 Luc.
864 5314 1045 5379 xt,42.
1157 5316 1201 5347 ’⁷
1237 5316 1369 5371 Luc.
1406 5332 1479 5377 xl,
1510 5314 1599 5368 59.
1712 5314 1756 5347 ’⁸
1781 5314 1919 5369 Ibid.

2203 4686 2312 4740 τῶν
2344 4687 2604 4756 πατέρων
2634 4686 2811 4757 ὑμῶν,
2842 4688 2934 4740 ἐπὶ
2966 4690 3173 4759 ταύτην
3200 4691 3295 4742 καὶ
3324 4687 3480 4742 αὐτοὶ
3535 4690 3776 4761 τρέχετε,

2207 4779 2532 4841 σπεύδοντες
2584 4778 2797 4833 ἀνελεῖν
2845 4781 2993 4849 κάμὲ
3046 4783 3141 4835 καὶ
3180 4783 3308 4845 τοὺς
3341 4782 3592 4854 μαθητάς
3640 4800 3777 4854 pou-

2201 4872 2296 4925 καὶ
2323 4870 2406 4923 ὅτι
2436 4869 2617 4939 μάτην
2667 4871 2764 4923 καὶ
2801 4872 2857 4924 ὲν
2888 4872 3179 4942 ὑποκρίσει
3208 4872 3383 4929 ταῦτα
3430 4876 3636 4927 ποιεῖτε
3683 4874 3778 4928 καὶ

2204 4964 2383 5019 ταῦτα
2422 4964 2634 5032 λέγετε.
2698 4964 2812 5017 Καὶ
2873 4964 2983 5036 γὰρ
3018 4966 3114 5019 καὶ
3162 4966 3320 5020 αὐτοὶ
3369 4968 3627 5038 μιμεῖσθε
3686 4968 3780 5040 τὴν

2209 5057 2529 5126 μιαιφονίαν
2559 5055 2667 5109 τῶν
2700 5059 3219 5131 κατηγορουμένων.

2282 5147 2463 5201 ’Ὥστε
2476 5177 2539 5189 -
2556 5147 2893 5217 προφήτας.
2912 5150 3096 5216 Ὥστε,
3129 5150 3224 5221 ἀφ’
3248 5145 3323 5206 ὧν
3352 5152 3671 5223 ὁμολογεῖτε
3687 5148 3781 5222 τὴν

2032 5315 2077 5347 ’³
2110 5313 2243 5369 Luc.
2276 5332 2351 5381 χι,
2381 5315 2470 5370 44.

1728 5478 1934 5540 Varias
1971 5476 2279 5540 lectiones
2312 5484 2372 5537 et
2409 5484 2598 5540 nota).

590 5643 697 5711 (98)
738 5642 858 5696 Ilaec
906 5644 956 5696 in
1024 5652 1218 5695 neutro
1266 5657 1507 5695 meorum
1564 5650 1896 5709 comparent.
1954 5642 2093 5696 Sunt

518 5710 923 5781 TlleOphvlacti,
960 5729 1011 5781 ι’).
1049 5712 1148 5767 159
1172 5711 1233 5765 Β.

590 5784 699 5853 (99)
739 5784 819 5836 Τὰ
852 5785 1082 5852 μεγαλα.
1118 5784 1183 5837 Α.

591 5856 667 5928 (1)
701 5853 871 5908 Κονία
922 5854 1273 5928 scribendum
1297 5853 1541 5928 videtur.
1598 5857 1812 5928 Syllaba
1861 5863 2095 5928 praem

514 5924 731 5981 videtur
760 5939 823 5981 ex
856 5927 1097 5995 proximo
1126 5925 1248 5998 μέν.
1282 5924 1438 5981 Alittd
1470 5934 1552 5982 est
1591 5924 1766 5995 κέλ-αἶα,
1824 5924 1971 5982 aliud
2002 5942 2095 5979 κο-

2202 5640 2393 5697 νίαμα.

2220 5661 2693 5781 ειοξὲῗῖῐυιιιιειιῖιιε
2727 5723 2856 5783 ante
2897 5714 3004 5768 hoc
3048 5715 3314 5769 scholium
3357 5714 3523 5769 habet
3549 5713 3773 5783 iunctim

2205 5798 2422 5839 versum
2454 5784 2521 5839 27
2548 5792 2601 5837 et
2625 5783 2715 5839 28.
2750 5782 3002 5838 Proxime
3035 5793 3216 5839 autem
3261 5785 3594 5841 antecedens
3619 5787 3777 5841 scho-

2201 5855 2356 5919 lium,
2396 5854 2551 5907 κονία
2578 5883 2644 5895 -——
2676 5855 2934 5922 σαπρίαν.
2962 5856 3163 5911 omisit.

2274 5926 2348 5996 (5)
2385 5923 2511 5980 Tria
2552 5923 2669 5983 ham
2700 5925 2961 5983 vocabula
2999 5925 3201 5983 omittit
3228 5928 3292 5982 Δ.
