4020 6500
214 418 321 480 597

1078 413 1467 479 COMMENT.
1512 416 1595 477 IN
1632 414 2109 478 MATIHIEUM.
2146 441 2217 453 --
2257 417 2419 479 CAP.
2454 418 2683 481 XXIII.

3413 421 3521 481 5'33

217 528 547 602 μιαιφονίαν
566 528 681 581 τῶν
708 526 965 598 πατέρων
1017 527 1215 597 ὑμῶν..
1234 526 1317 580 ἔτι
1342 527 1403 582 δι
1426 528 1545 593 καὶ,
1603 528 1699 597 ἀφ’
1742 520 1819 581 ῶν

1930 526 2069 597 quod
2092 525 2431 584 conﬁtemini
2466 527 2819 588 homicidium
2844 536 3060 599 patrum
3084 536 3394 584 vestrorum
3421 547 3437 596 ;
3466 529 3521 583 et

218 621 482 691 μιμεῖσθε
513 618 744 689 ταύτην,
780 617 1173 672 ἀποδεικνύετε
1228 617 1462 681 ἑαυτοὺς
1510 616 1663 680 υἱοὺς
1707 615 1816 669 τῶν

214 713 709 783 προφητοκτόνων.
774 711 992 773 Λουκᾶς
1037 710 1096 763 δὶ
1156 709 1526 781 προσέθηκεν,
1586 709 1671 763 ὅτι
1721 709 1817 763 καὶ

216 808 603 860 Συνευδοκείτε
633 807 750 868 τοῖς
780 806 968 875 ἔργοις
1025 802 1135 855 τῶν
1165 804 1422 876 πατέρων
1450 802 1631 872 ὑμῶν,
1659 820 1817 867 τουτ-

216 901 390 961 έστιν,
435 899 779 969 ἀποδέχεσθε
824 897 1005 950 ταῦτα
1046 897 1251 966 τρόπον
1286 896 1432 958 τινὰ,
1474 895 1571 951 ἅτε
1595 896 1688 949 διὰ
1716 895 1816 949 τοῦ

215 989 663 1055 κατασκευάζειν
724 990 931 1058 τάφους
981 987 1273 1057 λαμπροὺς
1330 989 1443 1050 τοῖς
1505 987 1816 1055 φονευθείσι

214 1082 589 1152 κηρύττοντες
642 1082 744 1151 τὴν
791 1084 1002 1151 τόλμαν
1042 1080 1151 1132 τῶν
1187 1080 1418 1148 φονέων,
1473 1082 1615 1151 ὅπερ
1662 1084 1816 1136 ἐστὶν

214 1176 817 1246 έγκαὶλωπιξομένων,
868 1175 967 1229 καὶ
1005 1168 1119 1227 οἷον
1164 1173 1590 1243 ἀποδεχομένων
1616 1176 1810 1244 αὑτήν.

225 1268 503 1324 Ἐδοκεῖτε
525 1272 636 1338 γάρ
663 1270 728 1322 ἂν
744 1271 825 1333 είς
853 1268 1023 1338 τιμὴν
1046 1267 1155 1321 τῶν
1186 1266 1563 1336 φονευθέντων
1587 1270 1817 1336 κοσμεῖν

211 1364 285 1417 τά
318 1366 567 1432 μνημεῖα
596 1364 825 1429 τούτων,
852 1363 947 1416 καὶ
989 1363 1070 1424 εἰς
1116 1362 1453 1431 κατηγορίαν
1491 1359 1602 1413 τῶν
1651 1360 1819 1413 πατέ-

218 1472 331 1523 ρων
364 1454 525 1522 ὑμῶν
554 1455 623 1508 τὰ
685 1454 928 1527 ῥηθέντα
973 1455 1177 1523 λέγειν,
1205 1456 1253 1507 εί
1280 1455 1356 1524 μὴ
1384 1455 1675 1523 ἐμιμεῖσθε
1716 1453 1817 1524 τὴν

216 1550 543 1616 μιαιφονίαν
570 1548 776 1603 αὐτῶν.
1502 1582 1505 1585 δ

289 1641 401 1694 Καὶ
420 1670 491 1679 --
512 1639 700 1709 ὑμῶν.
736 1640 810 1693 Τδ
831 1640 1036 1712 μέτρον
1069 1640 1168 1712 τῆς
1193 1640 1415 1703 κακίας.
1449 1641 1565 1693 Ούκ
1588 1640 1817 1695 ἐπιτάτ-

212 1750 329 1786 των
359 1732 441 1803 (4)
475 1734 533 1786 δὲ
564 1732 729 1787 τοῦτο
761 1729 942 1799 εἶπεν,
974 1734 1113 1788 ἀλλὰ
1158 1734 1580 1803 προαναφωνῶν
1607 1734 1669 1788 τὸ
1698 1735 1820 1789 ἐσό-

217 1838 405 1892 μενον.

295 1915 903 1985 Ὄφεις,-γεέννης;
934 1916 1132 1984 Ὅφεις
1159 1913 1259 1984 μὲν
1280 1914 1479 1978 αὐτοὺς
1506 1914 1815 1986 ὠνόμασεν,

215 2009 296 2072 ὦς
322 2008 603 2078 πονηροὺς
634 2006 731 2060 καὶ
769 2006 1098 2070 ἐπιϐούλους
1131 2006 1226 2060 καὶ
1252 2005 1625 2075 λυμαντικούς
1647 2025 1660 2039 ·
1690 2024 1819 2075 γεν-

217 2101 448 2169 νήματα
504 2098 562 2152 δὲ
608 2098 879 2168 ἐχιδνῶν,
938 2097 1015 2162 ὡς
1073 2097 1326 2161 ἐοικότας
1379 2101 1493 2161 τοῖς
1542 2099 1819 2170 πατράσιν

217 2192 404 2245 αὐτῶν
425 2194 569 2245 κατὰ
585 2192 678 2243 τὸν
710 2191 790 2244 ίδν
815 2190 915 2260 τῆς
942 2190 1145 2254 κακίας
1167 2191 1262 2243 καί⁵
1289 2190 1433 2245 κατὰ
1462 2190 1523 2243 τὸ
1548 2192 1793 2261 φονικόν.

220 2289 554 2357 Γεννήματα
602 2287 661 2339 δὲ
702 2285 930 2355 ἐχιδνῶν
990 2286 1085 2339 καὶ
1127 2287 1156 2339 6
1185 2284 1499 2355 Βαπτιστὴς
1563 2286 1820 2356 Ἰωάννης

221 2378 425 2438 αὐτοὺς
456 2378 907 2447 προσηγόρευσεν
934 2377 993 2429 ὲν
1026 2377 1106 2448 τῷ
1128 2378 1303 2447 τρίτῳ
1324 2377 1629 2446 κεφαλαίῳ,
1651 2381 1698 2433 εί
1722 2378 1820 2433 καὶ

223 2468 350 2521 καθ’
392 2468 591 2538 ἑτέραν
638 2467 872 2522 ἔννοιαν.
926 2468 1127 2539 Κρίσιν
1159 2469 1215 2522 δὲ
1250 2471 1477 2540 γεέννης
1504 2470 1679 2538 ’λέγει
1718 2473 1820 2541 τὴν

224 2560 558 2627 κατάκρισιν
605 2564 701 2613 καὶ
746 2562 1021 2631 τιμωρίαν
1075 2561 1176 2631 τῆς
1230 2560 1479 2632 γεέννης,
1524 2562 1667 2633 ἦτοι,
1719 2564 1820 2634 τὴν

222 2652 719 2722 παραπέμπουσαν
753 2654 833 2715 είς
866 2653 969 2724 τὴν
993 2653 1243 2721 γέενναν.

293 2742 401 2797 Διὰ
427 2774 500 2785 -
532 2744 739 2798 πόλιν.
772 2745 872 2797 Διὰ
926 2742 1111 2809 τοῦτο,
1147 2746 1337 2807 ποῐονς
1395 2745 1545 2798 Διότι
1592 2744 1816 2814 μέλλετε

222 2836 522 2906 πληρῶσαι
539 2837 602 2889 τὸ
622 2837 824 2906 μέτρον
853 2839 954 2907 τῆς
986 2836 1190 2899 κακίας
1221 2836 1330 2890 τῶν
1361 2838 1616 2905 πατέρων
1639 2838 1815 2907 ὑμῶν.

235 2924 589 2979 ’Ᾱποστέλλω
642 2926 701 2980 δὲ
728 2922 873 2990 εἷπε,
908 2912 1329 2995 παραδεικνύων
1374 2927 1435 2979 τὸ
1468 2926 1687 2994 ἀξίωμα
1716 2927 1818 2994 τῆς

223 3017 509 3088 ϐεότητος.
537 3018 837 3087 Προφήτας
863 3016 920 3069 δὲ
949 3018 1044 3070 καὶ
1076 3017 1278 3086 σοφοὺς
1318 3018 1415 3072 καὶ
1464 3022 1818 3089 γραμματεῖς

223 3110 352 3171 τοὺς
377 3108 718 3170 ἀποστόλους
772 3109 910 3176 φησὶ
941 3108 1037 3160 καὶ
1066 3108 1208 3171 τοὺς.
1230 3108 1351 3177 μετ’
1397 3110 1643 3171 ἑκείνους
1696 3126 1818 3163 σιοοι⁸

1920 632 1985 670 ει
2022 632 2089 671 eo
2128 626 2393 686 pmterea
2419 618 2564 688 quod
2593 617 2725 672 illud
2768 618 3081 675 imitamini.
3131 618 3521 672 demonstratis

1921 709 2186 779 vosipsos
2213 710 2352 765 ﬁlios
2389 726 2511 765 esse
2544 726 2760 776 eorum,
2808 711 2903 780 qui
2953 710 3251 781 prophetas
3300 711 3519 766 occide-

1920 809 2068 855 runt.
2102 801 2277 855 Lucas
2304 816 2438 857 vero
2465 802 2676 861 addidit
2711 802 3119 871 :Comprobatis
3141 804 3283 873 facta
3298 810 3519 870 patrum

1918 902 2215 947 vestrorum
2245 894 2314 958 “,
2358 894 2464 948 hoc
2486 904 2595 959 est,
2631 910 2696 949 ea
2742 896 3152 965 quodammodo
3211 894 3515 965 suscipitis,

1920 995 2109 1054 utpote
2170 984 2494 1048 aediﬁcando
2555 987 2643 1042 his
2687 988 2779 1057 qui
2842 987 3015 1041 occisi
3068 994 3195 1040 sunt
3232 988 3518 1055 splendida

1918 1088 2308 1144 monumenta;
2370 1078 2683 1146 praedicatis
2726 1078 3012 1134 audaciam
3048 1077 3449 1133 homicidarum
3501 1097 3516 1131 :

1920 1166 1973 1220 id
2002 1167 2149 1221 enim
2187 1166 2257 1222 de
2294 1181 2359 1231 ea
2389 1167 2743 1237 gloriantium
2768 1176 2853 1223 est
2909 1182 3144 1237 eamque
3201 1168 3519 1237 approban-

1902 1258 2077 1311 tium.
2118 1255 2455 1313 Videremiui
2487 1259 2761 1329 siquidem
2803 1260 2858 1313 in
2888 1259 3158 1313 honorem
3187 1274 3380 1314 eorum
3411 1260 3513 1327 qui

1919 1348 2085 1404 occisi
2136 1357 2289 1413 sunt,
2351 1365 2555 1404 ornare
2612 1360 2971 1405 monumenta
3027 1350 3303 1419 ipsorum,
3364 1360 3421 1407 et
3450 1352 3520 1402 ad

1920 1441 2331 1496 accusationem
2386 1453 2603 1511 patrum
2651 1452 2959 1497 vestrorum
3010 1444 3271 1513 praedicta
3309 1441 3519 1511 facere,

1920 1533 2025 1591 nisi
2050 1533 2409 1589 homicidium
2427 1550 2619 1612 eorum
2641 1535 3020 1590 imitaremini.

1992 1628 2149 1683 Vers.
2191 1628 2281 1682 32.
2331 1626 2400 1682 Et
2434 1657 2501 1668 —
2536 1638 2849 1683 vestrorum.
2895 1627 3210 1683 Mensuram
3274 1627 3518 1684 malitiae.

1920 1717 2041 1774 Non
2077 1719 2218 1775 dixit
2250 1729 2437 1775 autem
2469 1721 2575 1776 hoc
2614 1719 3015 1791 praecipiendo,
3049 1721 3147 1775 sed
3186 1720 3335 1792 quod
3363 1718 3516 1775 iutu-

1927 1826 2048 1865 rum
2074 1820 2193 1866 erat
2213 1812 2584 1883 praedicendo.

1997 1902 2154 1959 Vers.
2181 1904 2271 1959 55.
2308 1903 2587 1973 Serpentes
2616 1934 2685 1945 -
2708 1903 3001 1976 gehemw?
3041 1900 3346 1974 Serpentes
3367 1902 3523 1974 ipsos

1921 1997 2251 2062 nominavit,
2284 2005 2545 2067 tanquam
2576 1986 2807 2052 nocivos
2836 2005 2893 2051 et
2914 1994 3266 2050 insidiatores
3302 2009 3373 2051 ac
3422 2011 3522 2065 pe.

1924 2087 2174 2144 etiieros.
2209 2086 2511 2161 Progenies
2545 2098 2731 2143 autem
2766 2089 3110 2159 viperarum,
3137 2095 3331 2157 utpote
3356 2086 3515 2141 simi-

1920 2180 2003 2235 les
2039 2179 2292 2250 patribus
2334 2180 2454 2234 suis
2481 2179 2537 2233 in
2562 2193 2780 2234 veneno
2808 2177 3032 2233 malitiae
3065 2185 3122 2231 et
3144 2177 3200 2230 in
3232 2177 3520 2233 truculen-

1921 2272 2016 2326 tia.
2058 2270 2358 2342 Progenies
2390 2286 2611 2341 quoque
2632 2270 2948 2342 viperarum
2987 2268 3403 2340 appellaviteos
3424 2267 3522 2324 Jo-

1920 2380 2097 2420 annes
2132 2364 2377 2435 Baptista
2416 2364 2586 2420 tertio
2606 2364 2811 2434 capite,
2854 2362 2951 2419 sed
2974 2362 3129 2433 juxta
3166 2361 3332 2416 alium
3356 2361 3520 2417 intel-

1918 2459 2149 2516 lectum.
2170 2458 2444 2517 iudicium
2479 2473 2611 2513 vero
2642 2459 2910 2529 gehennm
2939 2457 3075 2513 dicit
3096 2454 3518 2535 condemnatio-

1920 2568 2049 2607 nem
2078 2560 2135 2607 et
2166 2550 2498 2622 supplicium
2542 2552 2811 2622 gehennae
2851 2551 2995 2614 sive,
3028 2550 3176 2620 quod
3249 2548 3422 2603 mittit
3461 2549 3516 2603 in

1920 2645 2257 2714 gehennam.

1998 2735 2159 2789 Vers.
2193 2735 2285 2791 54.
2336 2734 2561 2805 Propter
2586 2734 2959 2788 —-ciuitatem.
2985 2761 3058 2773 —
3092 2730 3325 2803 Propter
3378 2731 3519 2797 hoc;

1920 2836 2145 2898 propter
2171 2826 2339 2897 quid?
2369 2826 2509 2894 Quia
2536 2826 2821 2896 impleturi
2850 2824 2987 2879 estis
3027 2810 3379 2888 mensuraul/
3402 2839 3519 2877 ma-

1917 2919 2048 2974 litia:
2067 2927 2281 2989 patrum
2301 2929 2629 2977 vestrorum.
2653 2917 2809 2973 Mitto
2824 2924 3011 2971 autem
3039 2914 3201 2982 dixit,
3217 2913 3518 2972 ostendens

1917 3012 2221 3067 divinitatis
2250 3012 2593 3082 dignitatem.
2631 3009 2938 3081 Prophetas
2960 3018 3145 3064 autem
3167 3016 3224 3063 et
3242 3007 3520 3078 sapientes

1921 3120 1985 3160 ac
2018 3106 2233 3161 scribas
2288 3106 2424 3160 dicit
2456 3104 2758 3174 apostolos,
2795 3112 2852 3157 et
2891 3103 2984 3172 qui
3028 3116 3125 3156 eos
3168 3100 3347 3156 secuti
3388 3108 3522 3153 sunt

227 3200 399 3269 μένας
442 3200 538 3253 καὶ
573 3200 936 3264 διδασκάλους
968 3201 1081 3253 τῶν
1136 3199 1483 3269 Ἕκκλησιῶν
1526 3201 1604 3266 ὡς
1650 3204 1819 3274 ἠξιω-

1930 3207 2176 3268 pastores
2235 3214 2301 3252 ac
2342 3197 2602 3253 doctores
2646 3196 3047 3259 Ecclesiarum,
3094 3203 3289 3264 utpote
3325 3191 3523 3263 dignos

228 3292 427 3361 μένους
460 3290 812 3362 προφητικοῦ
862 3292 1208 3363 χαρίσματος
1238 3293 1335 3347 καὶ
1357 3294 1432 3359 ὡς
1465 3293 1825 3367 [σεσοφισμέ-

1930 3289 2146 3344 habitos
2161 3289 2489 3359 prophetica
2508 3289 2707 3361 gratia,
2734 3298 2790 3341 et
2807 3289 2964 3357 quasi
2990 3287 3060 3340 ab
3088 3300 3156 3341 eo
3185 3286 3416 3340 eductos
3465 3296 3522 3338 et.

225 3402 353 3447 νους
387 3384 467 3453 (5)
502 3384 593 3437 ὑπ’
625 3383 793 3438 αὐτοῦ
833 3386 931 3439 καὶ
949 3382 1050 3455 ὡς]
1071 3386 1171 3457 τὴν
1217 3386 1439 3457 Γραφὴν
1485 3388 1721 3453 εἰδότας.
1747 3389 1823 3443 Τὸ

224 3478 284 3530 δὲ
312 3477 385 3542 ἐξ
412 3476 617 3531 αὐτῶν
635 3478 807 3548 δηλοῖ,
826 3479 911 3531 ὅτι
928 3479 990 3532 ού
1014 3478 1225 3542 πάντας
1262 3480 1681 3549 ἀποκτενοῦσιν,
1698 3482 1822 3537 οὐδὲ

226 3570 442 3632 πάντας
474 3569 933 3639 μαστιγώσουσιν.

300 3661 507 3727 Ὅπως
528 3692 600 3703 --
622 3661 756 3731 γῆς.
784 3658 932 3733 Αἷμα
951 3664 1060 3716 νόει
1080 3664 1179 3732 τὴν
1208 3664 1509 3734 καταδίκην
1534 3666 1627 3720 τοῦ
1653 3668 1825 3739 αἵμα-

229 3771 342 3819 τος,
362 3754 487 3824 ἦτοι
514 3753 610 3808 τοῦ
624 3756 809 3821 φόνου.
840 3757 1031 3819 Ὅπως
1051 3756 1204 3830 lien,
1221 3757 1411 3828 φησὶν,
1431 3759 1517 3827 ἐφ’
1538 3760 1684 3828 ὑμᾶς
1716 3777 1822 3813 κα-

231 3848 428 3905 ταδίκη
460 3848 664 3911 παντὸς
686 3850 920 3919 αἵματος
950 3850 1162 3904 δικαίου
1197 3852 1571 3921 ἐκχυνομένου
1593 3854 1687 3907 ἰπὶ
1720 3854 1823 3923 τῆς

230 3939 367 4007 γῆς’
412 3938 523 3991 όδε
576 3940 790 4004 Λουκᾶς
848 3934 1025 4005 εἶπεν,
1078 3940 1163 3993 ὅτι
1218 3940 1346 3994 Ἵνα
1407 3941 1706 4010 ἐκζητηθῇ
1753 3943 1822 3996 τὸ

232 4024 377 4099 αἷμα
407 4028 658 4085 πάντων
695 4030 817 4086 τῶν
831 4029 1181 4101 προφητῶν,
1206 4032 1266 4085 τὸ
1309 4034 1676 4105 ὲκχυνόμενῦν
1711 4036 1823 4090 ἀπὸ

235 4121 552 4192 καταϐολῆς
586 4124 820 4195 κόσμου,
858 4126 968 4179 ἀπὸ
1017 4125 1119 4194 τῆς
1170 4128 1365 4194 γενεᾶς
1397 4125 1625 4197 ταύτης.
1660 4127 1819 4182 Διδά⁴

235 4231 357 4268 σκει
414 4214 473 4267 δέ
526 4231 582 4267 τι
643 4216 877 4287 φοϐερὸν
915 4220 943 4271 6
970 4217 1150 4285 λόγος.
1195 4218 1278 4270 ὅτι
1311 4221 1339 4271 6
1377 4220 1666 4287 γινώσκων
1720 4222 1821 4286 τὰς

232 4308 343 4360 τῶν
364 4308 927 4380 πεπλημμεληκότων
975 4311 1272 4381 τιμωρίας,
1311 4311 1433 4384 [καὶ
1464 4312 1540 4383 (6)
1585 4315 1825 4384 μιμησά-

236 4416 400 4471 μενος
422 4401 645 4466 αὐτοὺς,
672 4402 857 4473 ἔνοχός
884 4404 1034 4456 ἐστιν
1060 4403 1434 4473 άπαιτηθῆναι
1473 4404 1691 4459 πάντων
1723 4405 1821 4469 τὰς

232 4493 559 4566 τιμωρίας]
598 4494 872 4562 τουτέστι,
910 4495 1097 4549 δοῦναι
1126 4495 1211 4563 ἐφ’
1248 4497 1469 4567 ἑκάστῳ
1508 4496 1692 4566 δίκην,
1742 4496 1820 4559 ὡς

1927 3391 2188 3453 tanquam
2225 3381 2571 3451 Scripturam
2604 3380 2997 3451 intelligentes.
3028 3377 3184 3444 Quod
3216 3387 3401 3431 autem
3431 3377 3520 3432 di-

1926 3476 2092 3538 citur,
2145 3490 2211 3528 ea:
2253 3473 2387 3538 illis,
2423 3472 2698 3543 signiﬁcat
2728 3472 2875 3541 quod
2908 3486 3017 3525 non
3054 3484 3248 3524 omnes
3283 3469 3519 3524 occisuri

1926 3576 2109 3633 erant,
2144 3580 2327 3637 neque
2350 3558 2544 3620 omnes
2575 3564 2927 3636 ﬁagellaturi.

2004 3665 2158 3721 Vers.
2190 3665 2285 3719 35.
2324 3664 2473 3720 Ut—
2494 3672 2718 3717 terram.
2743 3660 3109 3733 Sanguinem,
3142 3659 3387 3733 intellige
3401 3661 3523 3715 san'

1926 3757 2110 3829 guinis
2140 3757 2258 3813 sive
2285 3757 2447 3812 credis
2477 3755 3019 3813 condemnationem.
3054 3753 3125 3809 Ut
3173 3753 3381 3819 veniat,
3419 3755 3523 3811 ln-

1926 3851 2068 3921 quit,
2104 3843 2273 3919 super
2302 3864 2401 3905 vos
2432 3847 2824 3905 condemnatio
2859 3846 3157 3917 cujuslibet
3204 3846 3343 3917 justi
3393 3861 3525 3902 san-

1928 3943 2109 4015 guinis
2156 3942 2248 4015 qui
2280 3942 2495 3999 eﬂusus
2523 3950 2608 3997 est
2628 3956 2797 4011 super
2828 3948 3054 3995 terram.
3103 3938 3283 3995 Lucas
3336 3950 3521 3995 autem

1927 4037 2067 4093 dixit
2098 4054 2111 4091 :
2143 4037 2202 4093 Ut
2221 4036 2537 4108 exquiratur
2553 4035 2771 4105 sanguis
2787 4034 3024 4087 omnium
3049 4037 3429 4104 prophetarum
3449 4033 3520 4096 ³⁸,

1926 4133 2021 4200 qui
2051 4129 2279 4184 eﬂusus-
2296 4137 2382 4183 est
2419 4143 2450 4182 a
2476 4125 2871 4183 constitutione
2894 4126 3086 4180 mundi
3108 4140 3139 4180 a
3165 4125 3522 4198 generatione

1928 4223 2053 4277 ista.
2088 4223 2257 4277 Docet
2280 4231 2463 4275 autem
2501 4220 2760 4289 quiddam
2798 4218 3144 4273 tremendum
3173 4226 3358 4274 sentio
3392 4216 3519 4273 iste.

1926 4316 2029 4383 Qui
2059 4316 2209 4370 enim
2241 4323 2594 4385 peccatorum
2624 4313 2784 4368 novit
2814 4327 3030 4383 pinnas,
3065 4321 3121 4367 et
3145 4310 3513 4367 nihilominus

1926 4422 2022 4462 eos
2054 4408 2325 4472 imitatur,
2366 4420 2497 4460 reus
2528 4414 2615 4459 est
2642 4415 2699 4459 ut
2733 4404 2802 4458 ah
2825 4418 2893 4458 eo
2922 4390 3237 4474 exigantur'
3269 4400 3521 4456 omnium

1928 4499 2220 4571 supplicia,
2252 4500 2356 4554 hoc
2385 4506 2471 4553 est
2498 4513 2598 4568 pro
2628 4511 2967 4567 unoquoque
2993 4510 3214 4567 prunam
3243 4494 3361 4549 luat
3388 4535 3404 4560 ,
3454 4508 3529 4549 eo

237 4588 312 4657 μὴ
346 4586 745 4656 σωφρονισθείς
771 4588 885 4653 τοῖς
913 4587 1354 4659 παραδείγμασι.
1411 4589 1525 4642 Καὶ
1552 4589 1612 4655 ἐξ
1634 4588 1818 4642 αὐτῶν

1930 4593 2072 4663 quod
2109 4592 2363 4662 exemplo
2392 4590 2513 4660 ejus
2544 4605 2667 4645 sese
2693 4604 2802 4644 non
2829 4588 3216 4644 refl-enaverit.
3261 4587 3327 4642 Et
3364 4602 3433 4642 ex
3458 4586 3523 4642 il-

233 4680 619 4745 ἀποκτενεῖτε,
708 4681 912 4752 φησιν,
978 4680 1127 4745 ὅπως
1192 4680 1537 4750 ἁπαιτηθῆτε
1599 4682 1824 4736 κόλασιν

233 4773 435 4835 παντὸς
467 4774 630 4843 φόνου
680 4774 1202 4847 προτετολμημένου
1237 4776 1383 4829 κατὰ
1416 4774 1527 4829 τῶν
1572 4774 1822 4829 δικαίων.

236 4867 520 4920 Ἤκουσαν
559 4867 689 4937 γάρ,
725 4868 807 4921 ὅτι
836 4871 865 4923 6
896 4868 997 4937 μὲν
1050 4868 1191 4923 Κάῖν
1234 4866 1375 4921 ἑπτά
1427 4866 1710 4939 τιμωριῶν
1754 4862 1827 4937 ἦν

234 4956 418 5023 ἄξιος·
450 4959 478 5010 6
507 4957 565 5010 δὲ
599 4960 793 5029 Λάμεχ
852 4960 1322 5030 ἑϐδομηκοντάκις
1350 4960 1512 5023 ἑπτὰ,
1536 4958 1627 5012 διὰ
1661 4959 1724 5013 τὸ
1748 4959 1825 5030 μὴ

238 5047 680 5118 σωφρονισθῆναι
728 5048 807 5119 τῷ
838 5048 1267 5121 παραδείγματι.
1307 5047 1382 5102 Τὸ
1413 5049 1471 5103 δὲ
1503 5049 1684 5116 ὅπως,
1728 5052 1824 5103 καὶ

233 5139 294 5192 τὸ
319 5140 446 5200 ἵνα,
472 5140 573 5192 οὐκ
597 5140 935 5209 αίτιολογικά
980 5140 1077 5196 νῦν
1115 5141 1256 5211 φασί
1287 5157 1460 5206 τινες,
1488 5140 1627 5199 ἀλλὰ
1648 5140 1824 5211 δηλω-

234 5235 363 5285 τικὰ
395 5232 492 5286 τοῦ
526 5233 841 5303 μέλλοντος.

316 5325 452 5379 Ἀπὸ
484 5355 552 5365 -
578 5327 1032 5397 θυσιαστηρίου.
1082 5328 1371 5401 Εὑκαίρως
1410 5329 1503 5383 τοῦ
1549 5330 1717 5383 Ἀϐελ
1765 5332 1824 5385 ὲ-

238 5415 605 5486 μνημόνευσε,
634 5416 918 5484 δεικνύων,
963 5421 1047 5474 ὅτι
1080 5422 1173 5475 καὶ
1206 5421 1235 5473 6
1278 5424 1489 5478 ἐκείνου
1540 5426 1701 5495 φόνος
1738 5425 1827 5481 διὰ

338 5579 385 5611 ³⁸
420 5578 556 5635 Luc.
589 5592 661 5643 ιι,
689 5576 779 5633 t8.
855 5580 895 5611 "
930 5579 1065 5639 Luc.
1104 5597 1178 5650 χι,
1209 5581 1302 5638 50.

1923 4687 1993 4742 lis
2029 4686 2317 4751 oecidetis,
2348 4684 2548 4756 inquit,
2583 4694 2646 4739 ut
2665 4690 2957 4755 expetatur
2986 4698 3017 4737 a
3049 4681 3204 4736 vobis
3234 4681 3374 4736 ultio
3407 4696 3521 4736 eu—

1920 4778 2151 4850 juslihct
2183 4777 2371 4843 caedis,
2410 4793 2533 4847 qua:
2565 4777 2723 4846 prius
2748 4784 2945 4830 contra
2969 4775 3154 4844 justos
3181 4772 3365 4828 iuerat
3390 4789 3522 4844 per-

1926 4878 2163 4939 petrata.
2194 4868 2497 4923 Audierant
2517 4868 2663 4921 enim
2700 4867 2845 4936 quod
2873 4866 3009 4920 Cain
3068 4874 3283 4936 septem
3311 4864 3525 4937 ευρρίἰο

1926 4961 2027 5016 ciis
2045 4962 2241 5032 dignus
2254 4960 2469 5026 fuerat;
2496 4959 2737 5015 Lamech
2763 4974 2894 5013 vero
2918 4958 3267 5029 septuaginta
3282 4966 3517 5028 septem,

1932 5067 2001 5107 co
2031 5055 2177 5123 quod
2208 5069 2331 5111 sese
2373 5069 2487 5109 non
2530 5053 2861 5109 refrenassct
2894 5051 3172 5121 exemplo.
3211 5050 3521 5107 Dictioncm

1920 5156 2103 5202 autem
2136 5149 2307 5211 ὅπως,
2362 5155 2445 5213 ιιι,
2480 5147 2635 5201 aiunt
2657 5146 2879 5216 quidam
2906 5160 3017 5199 non
3050 5143 3168 5214 capi
3199 5142 3519 5205 causaliter,

1924 5242 2019 5297 sed
2055 5252 2113 5295 ut
2146 5240 2421 5312 signiﬁcet
2450 5240 2504 5294 id
2539 5239 2687 5310 quod
2731 5237 2980 5293 futurum
3017 5246 3128 5291 est.

1997 5330 2156 5388 Vers.
2190 5333 2280 5389 35.
2314 5334 2354 5387 A
2386 5363 2455 5373 —
2476 5332 2675 5387 altare.
2711 5331 3042 5401 Opportune
3074 5327 3209 5383 Abel
3245 5326 3521 5387 meminit,

1926 5423 2228 5480 ostendens
2249 5424 2395 5494 quod
2412 5424 2580 5479 etiam
2596 5423 2778 5481 cades
2797 5421 2945 5478 illius
2955 5436 3055 5494 per
3093 5419 3358 5476 invidiam
3398 5434 3524 5491 per-

1445 5654 1645 5717 Variae
1683 5655 1996 5720 lectiones
2031 5665 2091 5719 et
2126 5664 2318 5719 notat.

429 5812 552 5891 ξεπὶ
587 5814 828 5891 πάντων,
852 5833 953 5888 pro
976 5822 1304 5891 ιπιτέττων,
1335 5825 1402 5881 Δ.

308 5884 387 5953 (ὅ)
429 5882 643 5941 Inclusa
676 5882 878 5945 absunt
903 5890 969 5946 Δ.

2006 5825 2082 5897 ιβ)
2119 5826 2330 5906 Inclusa
2361 5827 2562 5882 absunt
2587 5825 2654 5880 Α.
