4020 6484
513 503 624 568 599

1749 502 2134 569 EUTHYMII
2177 504 2544 566 ZiGABENl

3681 510 3800 574 600

510 626 724 688 pelrata
766 629 874 676 est.
901 621 1221 679 Zachariam
1257 630 1441 680 autem
1476 621 1697 692 quidam
1735 621 1928 676 dicunt
1972 635 2092 675 eum

2205 620 2397 688 φθόνον
2454 619 2688 685 ἐγένετο.
2739 618 3018 690 Ζαχαρίαν
3071 619 3128 675 δὲ
3183 622 3232 674 οί
3265 621 3364 689 μὲν
3421 620 3643 689 λέγουσι
3695 621 3798 672 τὸν

509 711 599 778 qui
633 711 736 768 fuit
761 700 902 769 unus
920 715 1212 770 duodecim
1241 715 1675 786 prophetarum:
1715 713 1936 783 quidam
1971 728 2100 768 vero

509 820 657 871 eum,
683 806 775 874 qui
801 805 942 860 [ilius
962 806 1144 861 Joadte
1167 807 1471 870 dicebatur,
1495 806 1584 875 qui
1612 807 1777 861 etiam
1804 807 2099 861 Zacharias

509 896 888 965 appellabatur
920 914 934 949 :
967 897 1154 966 plures
1194 906 1374 951 autem
1409 905 1615 968 patrem
1651 898 1926 968 Baptistae.
1959 897 2099 951 Seri-

509 988 642 1040 bunt
663 989 809 1042 enim
833 1002 890 1042 se
909 989 1188 1058 accepisse
1206 1005 1234 1043 a
1259 1003 1478 1060 patrum
1498 989 1807 1052 traditione,
1831 1004 1948 1058 quae
1962 988 2098 1042 citra

508 1082 778 1150 scriptum
808 1097 905 1151 per
943 1097 1139 1137 manus
1169 1083 1423 1152 pervenit
1451 1084 1517 1138 ad
1544 1094 1819 1153 posteros,
1846 1097 1967 1151 quae
1987 1090 2100 1134 tra-

507 1170 777 1227 ditionum
808 1187 1012 1243 genera
1051 1173 1278 1244 ἄγραφα
1302 1174 1676 1238 nominantur,
1713 1173 1859 1242 quod
1896 1179 2014 1226 erat
2039 1171 2096 1224 in

507 1263 713 1331 templo
749 1263 902 1319 locus
929 1263 1244 1336 virginibus
1271 1267 1582 1322 destinatus
1609 1281 1686 1320 :a
1715 1279 1828 1334 quo
1855 1273 2098 1319 stantem

504 1352 864 1416 quondamin
887 1369 956 1409 eo
993 1356 1086 1409 Dei
1115 1355 1342 1410 Matrem
1373 1364 1496 1425 post
1527 1363 1748 1424 partum
1779 1397 1793 1418 ,
1829 1370 1939 1409 non
1984 1354 2098 1422 eje-

505 1441 600 1503 cit,
634 1441 824 1496 dicens
880 1444 1146 1515 virginem
1179 1459 1320 1505 esse,
1355 1451 1411 1498 et
1449 1443 1573 1498 ideo
1638 1444 1858 1499 occisus
1895 1454 1980 1499 est
2006 1445 2096 1496 in-

509 1541 592 1585 ter
623 1533 890 1603 templum
920 1543 976 1589 et
1000 1535 1172 1588 altare
1200 1535 1472 1590 exterius.

578 1623 733 1678 Vers.
768 1627 856 1680 36.
890 1611 1348 1683 Anien—istam.
1385 1627 1525 1695 Quia
1582 1628 1780 1685 timore
1829 1631 2096 1701 gehennae

506 1732 626 1786 qnte
658 1718 740 1772 eis
773 1719 1124 1788 impendebat
1153 1736 1219 1775 eo
1263 1724 1409 1790 quod
1466 1733 1695 1777 ventura
1753 1734 1926 1786 esset,
1979 1725 2081 1780 hos

505 1823 618 1860 non
646 1810 1028 1863 commovebat
1057 1808 1151 1880 (e),
1178 1818 1418 1864 exterret
1443 1824 1506 1863 ac
1535 1810 1820 1879 propulsat
1847 1825 1944 1866 eos
2005 1827 2096 1866 ca-

507 1897 865 1964 lamitatibus,
888 1914 1010 1968 quae
1034 1914 1146 1954 non
1176 1899 1336 1970 longe
1368 1909 1493 1970 post
1521 1900 1720 1957 futura:
1740 1910 1900 1957 erant
1927 1920 1942 1955 :
1972 1903 2094 1957 ideo

506 1991 793 2046 conﬁrmat
821 1993 968 2062 quod
992 1994 1156 2047 etiam
1188 2004 1419 2049 ventura
1446 2004 1580 2050 sunt
1615 1997 1803 2050 omnia
1840 1995 1982 2060 haec,
2012 1995 2096 2050 vi-

507 2079 708 2134 delicet
741 2096 862 2149 qua
895 2082 1218 2139 miserrima:
1252 2095 1382 2140 sunt
1430 2087 1686 2150 ultionis,
1727 2101 1893 2157 super
1929 2101 2096 2157 gene-

507 2172 778 2227 rationem
817 2174 998 2240 istam,
1036 2175 1152 2231 sive
1186 2193 1354 2247 super
1409 2179 1512 2234 hos
1542 2179 1709 2248 ipsos.
1756 2177 1873 2234 Sub
1892 2178 2096 2248 Vespa-

509 2260 668 2314 siano
733 2263 884 2316 enim
917 2271 986 2317 et.
1033 2262 1160 2318 Tito
1213 2267 1705 2335 appreltenderunt
1760 2284 1856 2324 eos
1915 2285 2034 2337 quae
2065 2283 2093 2322 a

507 2351 770 2407 Romanis
791 2369 1095 2423 provenere
1126 2356 1289 2412 mala.

575 2441 734 2498 Vers.
766 2445 856 2500 57.
892 2445 1192 2501 Jerusalem
1213 2479 1284 2488 —
1313 2451 1383 2502 ad
1414 2460 1482 2503 te.
1519 2448 1598 2504 Ad
1633 2450 1913 2507 civitatem
1961 2469 2095 2509 con-

505 2545 731 2593 vertens
759 2553 1073 2594 sermonem
1102 2539 1352 2611 deplorat
1385 2542 1548 2596 hanc.
1582 2541 1961 2612 Reduplicatio
1991 2562 2092 2601 au-

509 2639 620 2683 tem
686 2630 1098 2700 appellationis,
1161 2634 1664 2689 demonstratioest
1703 2636 2092 2695 miserationis.

504 2722 636 2791 Ejus
670 2725 873 2777 etenim
905 2725 1218 2788 miseretur,
1276 2735 1335 2780 ut
1386 2742 1506 2800 qufe
1530 2727 1659 2781 olim
1685 2728 1884 2785 dilecta
1951 2740 2091 2797 erat,

502 2830 654 2870 nunc
685 2831 813 2869 vero
846 2825 1091 2872 extrema
1117 2833 1345 2886 passura
1395 2826 1502 2882 est,
1555 2831 1781 2889 propter
1822 2822 2090 2893 iniquita-

504 2914 588 2980 tes
623 2907 1056 2963 inhabitantium
1087 2909 1141 2962 in
1177 2925 1263 2964 ea.
1325 2908 1749 2980 Consequenter
1778 2923 1961 2969 autem
1995 2931 2093 2969 ex-

501 3000 726 3069 probrat
760 3003 831 3065 ei,
865 3004 1009 3073 quod
1046 3003 1388 3058 interemerit
1440 3005 1736 3074 prophetas
1791 3022 1932 3076 quos
1974 3008 2094 3077 ipse

504 3094 572 3147 ad
593 3109 713 3148 eam
745 3095 990 3163 miserat.

577 3181 731 3239 Vers.
762 3186 830 3239 57
864 3186 1083 3250 Quoties
1123 3219 1192 3229 —
1219 3191 1486 3247 noluistis.
1521 3193 1702 3260 Volui,
1736 3192 1934 3263 inquit,
1965 3208 2096 3249 con-

2203 711 2298 764 ἔνα
2330 709 2438 762 τῶν
2466 708 2676 763 δώδεκα
2708 711 3025 781 προφητῶν,
3069 713 3118 764 οἱ
3154 713 3210 765 δὲ
3259 713 3348 765 τὸν
3373 716 3466 766 καὶ
3491 713 3571 784 (7)
3610 712 3799 765 Ίωδαὲ

2203 802 2572 872 καλούμενονο
2597 801 2773 872 ἕτεροι
2814 802 2868 855 δὲ
2906 804 2998 854 τὸν
3034 804 3108 872 (8)
3151 803 3447 874 Ἀζαρίανο
3474 804 3528 856 oi.
3567 802 3799 855 πλείους

2201 894 2279 958 δὲ,
2309 895 2399 947 τὸν
2451 895 2664 965 πατέρα
2702 893 2794 947 τοῦ
2840 895 3165 950 Βαπτιστοῦ.
3208 894 3487 963 Γρὰφουσι
3537 893 3667 961 γὰρ,
3707 894 3797 944 ὅτι

2202 988 2512 1057 παρέλαϐον
2560 987 2618 1052 ἐξ
2645 987 2898 1056 ἀγράφου
2946 987 3302 1054 παραδόσεως
3345 985 3449 1038 τῶν
3503 985 3794 1054 πατέρων,

2200 1080 2274 1141 ὡς
2319 1075 2387 1150 ἦν
2413 1081 2578 1143 τόπος
2633 1082 2692 1132 ἐν
2721 1079 2798 1148 τῷ
2831 1077 2942 1147 ναῷ
2974 1080 3095 1140 ταῖς
3154 1076 3447 1148 παρθένοις
3472 1077 3794 1141 ἀποτεταγ-

2203 1169 2384 1241 μένος,
2410 1172 2469 1224 ἐν
2495 1165 2538 1238 ᾧ
2567 1170 2772 1224 στᾶσάν
2798 1187 2928 1226 ποτε
2945 1169 3042 1239 τὴν
3059 1168 3324 1220 Θεοτόκον
3345 1170 3479 1236 μετὰ
3504 1167 3597 1218 τὸν
3630 1165 3795 1218 τόκον

2202 1261 2302 1315 οὐκ
2331 1261 2580 1326 ἐξέϐαλεν
2610 1253 2787 1324 οὗτος,
2809 1258 3001 1325 εἰπὼν,
3022 1260 3105 1311 ὅτι
3124 1258 3394 1328 παρθένος
3417 1257 3556 1311 ἐστί.
3576 1255 3668 1307 Διὸ
3690 1255 3795 1307 καὶ

2200 1351 2464 1423 ἐφονεύθη
2491 1350 2696 1423 μεταξὺ
2720 1351 2812 1405 τοῦ
2836 1348 2965 1406 ναοῦ
2989 1352 3082 1403 καὶ
3116 1349 3211 1403 τοῦ
3234 1348 3340 1413 ἐξω
3369 1346 3792 1417 θυσιαστηρίου.

2284 1612 2463 1680 Ἀμὴν
2491 1640 2561 1651 -··
2588 1610 2834 1678 ταύτην.
2880 1608 3054 1673 Ἐπεὶ,
3087 1607 3181 1661 τὸν
3205 1607 3371 1678 φόϐον
3415 1608 3515 1676 τῆς
3559 1607 3793 1676 γεέννης

2199 1705 2582 1775 ἐπικρεμάσας
2645 1701 2851 1766 αὐτοῖς,
2890 1702 2953 1754 οὐ
3009 1699 3267 1754 καθίκετο
3324 1699 3555 1763 τούτων,
3606 1698 3791 1752 διὰτὸ

2199 1796 2418 1866 μέλλειν
2452 1794 2646 1866 αὐτὴν,
2679 1793 2908 1861 ἐκφοϐεῖ
2940 1792 3036 1846 καὶ
3064 1791 3536 1860 κατασφαλίζεται
3553 1790 3790 1854 τούτους

2197 1887 2307 1940 ἀπὸ
2333 1886 2442 1940 τῶν
2475 1886 2576 1938 οὐκ
2603 1887 2684 1948 είς
2717 1883 2936 1955 μακρὰν
2993 1882 3312 1953 συμφορῶν.
3341 1883 3432 1934 Διὸ
3470 1882 3567 1935 καὶ
3599 1881 3792 1934 διαϐε-

2201 1977 2470 2042 ϐαιοῦται,
2500 1976 2652 2046 ἥξειν
2701 1973 2878 2028 ταῦτα
2928 1973 3130 2036 πάντα,
3156 1972 3376 2043 δηλαδὴ,
3402 1972 3470 2026 τὰ
3498 1975 3598 2041 τῆς
3637 1988 3790 2040 παγ-

2199 2071 2435 2142 χαλέπου
2475 2067 2769 2140 τιμωρίας,
2794 2068 2889 2121 ἐπὶ
2932 2065 3032 2135 τὴν
3079 2065 3276 2133 γενεὰν
3317 2063 3546 2134 ταύτην,
3579 2066 3786 2134 ῆγουν,

2199 2167 2287 2216 ἐπ’
2312 2163 2508 2225 αὐτοὺς
2539 2162 2608 2228 δὴ
2639 2160 2888 2222 τούτους.
2931 2159 3055 2212 Ἐπὶ
3090 2158 3506 2210 Οὐεσπασιανοῦ
3537 2157 3647 2228 γὰρ
3689 2159 3791 2210 καὶ

2201 2257 2360 2310 Τίτου
2395 2257 2695 2311 κατέλαὸον
2723 2256 2921 2320 αὐτοὺς
2947 2256 3017 2310 τὰ
3048 2258 3111 2309 ἐκ
3143 2255 3432 2327 Ῥωμαίων
3471 2255 3638 2308 κακά.

2282 2350 2683 2420 Ἰερουσαλὴμ
2711 2380 2784 2390 —
2804 2349 3021 2417 αὐτήν.
3041 2349 3183 2420 Πρὸς
3209 2349 3308 2420 τὴν
3327 2349 3482 2400 πόλιν
3511 2348 3792 2417 ἀποστρέ-

2197 2444 2305 2514 ψας
2333 2446 2422 2496 τὴν
2448 2443 2923 2512 λόγον,ταλανίζει
2955 2443 3162 2511 ταύτην
3183 2458 3197 2471 ο
3228 2443 3255 2494 ὀ
3290 2439 3692 2507 διπλασιασμὸς
3721 2438 3784 2492 δὲ

2197 2537 2298 2605 τῆς
2330 2536 2578 2606 κλήσεως
2603 2535 2940 2605 ἐμφαντικὸς
2965 2534 3148 2596 ἐλέους
3171 2533 3346 2587 ἐστίν.
3373 2533 3646 2600 Οίκτείρει
3675 2532 3788 2599 γὰρ

2196 2629 2424 2699 ταύτην,
2452 2629 2526 2693 ὡς
2565 2628 2731 2683 πάλαι
2768 2633 2869 2698 μὲν
2918 2628 3311 2698 ἠγαπημένην,
3343 2624 3440 2679 νῦν
3485 2626 3541 2678 δὲ
3591 2624 3788 2677 παθεῖν

2196 2723 2264 2776 τὰ
2291 2722 2496 2792 ἔσχατα
2538 2722 2863 2792 μέλλουσαν,
2891 2722 2980 2773 διὰ
3009 2721 3107 2782 τὰς
3135 2717 3482 2788 παρανομίας
3527 2716 3638 2768 τῶν
3690 2733 3792 2768 κα-

2196 2816 2524 2870 τοικούντων
2557 2817 2614 2867 ἐν
2652 2815 2814 2884 αὐτῇ.
2839 2814 2914 2867 Τὸ
2945 2813 2990 2866 δ’
3010 2812 3137 2881 ἐξῆς
3168 2810 3424 2873 ὀνειδίζει
3455 2807 3685 2876 ταύτην,
3711 2807 3790 2868 ὡς

2195 2907 2617 2978 διαφθείρουσαν
2644 2907 2772 2970 τοὺς
2803 2906 3115 2976 προφήτας,
3135 2901 3229 2966 οῦς
3266 2901 3430 2965 αὐτὸς
3479 2900 3786 2954 ἀπέστελλε

2199 3000 2334 3071 πρὸς
2365 2997 2558 3068 αὐτήν.

2268 3186 2614 3265 Ποσάκις-
2632 3184 2992 3254 ἠθελήσατε.
3029 3182 3323 3252 Ἦθέλησα,
3345 3181 3531 3252 φησὶν,
3561 3181 3788 3236 ἐπισυν-

502 3291 728 3348 gregare
771 3279 912 3335 ﬁlios
941 3289 1065 3337 tuos
1089 3284 1193 3338 sub
1220 3301 1337 3338 mea
1365 3286 1730 3355 proiectione,
1778 3303 1916 3355 quos
1962 3303 2091 3357 pec-

2205 3283 2429 3350 αγαγεῑν
2471 3280 2539 3332 τὰ
2569 3278 2738 3332 τέκνα
2795 3294 2887 3329 σου
2926 3277 3032 3330 ὑπὸ
3065 3277 3166 3347 τὴν
3188 3276 3328 3346 ἐμὴν
3359 3276 3592 3346 σκέπην,
3621 3275 3782 3329 ἆτινα

501 3379 620 3424 cata
651 3370 1072 3440 disperseranta
1101 3377 1286 3432 divina
1313 3381 1584 3434 custodia.
1607 3381 1870 3449 Exemplo
1900 3391 2085 3436 autem

499 3462 714 3532 gallinae
742 3480 899 3520 suum
941 3468 994 3521 in
1020 3467 1240 3525 Judaaos
1278 3486 1522 3526 amorem
1561 3473 1824 3527 ostendit.
1859 3473 2091 3538 Quidam

499 3565 684 3612 autem
717 3573 1029 3615 sermonem
1058 3562 1378 3635 intelligunt
1423 3566 1491 3619 de
1527 3564 1736 3621 Judaeis
1768 3582 1866 3634 per
1913 3566 2094 3621 varias

502 3651 757 3720 regiones
822 3653 1091 3723 dispersis
1141 3659 1245 3711 suh
1311 3659 1586 3727 prioribus
1660 3661 2089 3728 captivitatibus.

499 3744 636 3795 -—Et
661 3743 928 3810 noluistis,
957 3763 1041 3801 me
1062 3764 1170 3802 non
1194 3751 1548 3820 recipientes,
1573 3753 1666 3806 sed
1698 3762 2092 3822 persequentes

501 3845 558 3889 et
598 3837 852 3895 occidere
903 3841 1254 3896 festinantes.
1323 3843 1406 3898 Ad
1463 3845 1700 3901 civitatis
1758 3846 2095 3903 habitatores

501 3943 698 3983 rursus
733 3945 1048 3987 sermonem
1085 3936 1382 3990 convertit.

574 4116 729 4170 Vers.
789 4116 876 4170 58.
935 4117 1069 4172 Ecce
1101 4120 1421 4174 —deserta.
1498 4122 1700 4176 Domus
1744 4135 1923 4179 vestra
1977 4126 2098 4180 sive

500 4209 764 4276 templum
804 4209 1133 4278 relinquitur
1161 4213 1319 4267 vobis
1349 4214 1627 4269 desertum
1661 4217 1730 4270 ab
1756 4218 2095 4274 iuhahitante

503 4297 558 4350 in
593 4314 656 4351 ea
696 4299 881 4353 divina
906 4301 1100 4370 gratia.
1126 4301 1239 4357 Hoc
1268 4315 1448 4358 autem
1489 4306 1686 4361 domus
1711 4309 1927 4363 illorum
1952 4320 2091 4376 erat,

501 4397 692 4458 utpote
723 4390 776 4442 in
815 4391 1038 4446 civitate
1067 4407 1257 4446 eorum
1296 4395 1644 4451 :edilicatum.

579 4481 729 4536 Vers.
760 4483 848 4536 59.
889 4483 1015 4537 Dico
1067 4515 1125 4526 --
1159 4487 1394 4540 Domini.
1425 4485 1491 4540 Et
1513 4490 1730 4558 quando
1763 4491 1865 4545 hoc
1896 4493 2094 4547 dicturi

503 4583 632 4627 sunt
669 4575 691 4627 ‘i’
725 4575 981 4629 Volentes
1010 4577 1252 4646 quidem,
1286 4595 1564 4649 nunquam
1592 4601 1606 4635 :
1637 4584 1888 4636 nolentes
1912 4594 2092 4637 autem

2198 3374 2253 3427 αί
2286 3369 2556 3442 ἁμαρτίαι
2583 3367 2982 3436 διεσκόρπισαν
3015 3365 3124 3419 ἀπὸ
3144 3366 3240 3435 τῆς
3265 3365 3415 3426 θείας
3445 3363 3779 3431 ἐπισκοπῆς.

2198 3462 2298 3516 Διὰ
2325 3463 2382 3514 δὲ
2411 3462 2503 3514 τοῦ
2542 3459 2989 3530 παραδείγματος
3017 3458 3114 3528 τῆς
3134 3450 3348 3527 ὄρνιθος
3403 3457 3465 3509 τὸ
3497 3456 3624 3524 περὶ
3652 3455 3784 3518 τοὺς

2209 3551 2502 3614 Ἰουδαίους
2557 3551 2918 3619 φιλόστοργον
2971 3546 3165 3600 ἑαυτοῦ
3213 3546 3476 3599 δείκνυσι.
3533 3546 3690 3608 Τινὲς
3722 3545 3782 3598 δὲ

2197 3647 2375 3702 νοοῦσι
2395 3644 2657 3712 τὸνλόγον
2683 3645 2809 3714 περὶ
2834 3643 2942 3695 τῶν
2968 3640 3383 3712 διεσπαρμένων
3411 3639 3681 3692 Ἰουδαίων
3704 3639 3784 3701 είς

2197 3739 2489 3810 διαφόρους
2515 3735 2700 3808 χώρας
2722 3736 2828 3789 ὑπὸ
2849 3735 2959 3788 τῶν
2989 3733 3483 3805 προγεγενημένων
3503 3731 3783 3802 αίχμαλω⁹

2199 3834 2354 3887 σιῶν.
2393 3832 2502 3886 Καὶ
2534 3834 2644 3886 οὐκ
2675 3829 3045 3901 ἠθελήσατε,
3093 3829 3166 3899 μὴ
3211 3826 3646 3898 παραδεξάμενοί
3691 3842 3780 3894 με,

2196 3927 2333 3980 ἀλλὰ
2359 3925 2649 3988 διώκοντες
2680 3923 2774 3977 καὶ
2825 3924 3150 3976 ἀποκτεῖναι
3187 3920 3605 3983 σπουδάζοντες.
3636 3917 3778 3987 Πρὸς

2199 4022 2324 4083 τοὺς
2360 4020 2705 4082 ἐνοικοῦντας
2730 4016 2786 4070 δὲ
2819 4021 2886 4088 τῇ
2929 4016 3084 4070 πόλει
3114 4014 3424 4082 διαλέγεται
3450 4014 3631 4068 πάλιν.

2291 4112 2438 4166 Ἰδοὺ
2481 4143 2551 4153 -
2591 4111 2829 4180 ἕρημος.
2869 4109 2928 4162 Ὀ
2964 4104 3113 4170 οἶκος
3163 4107 3336 4177 ὑμῶν,
3366 4107 3555 4176 ῆγουν,
3583 4106 3610 4158 ὀ
3635 4107 3779 4172 ναὸς,

2198 4206 2421 4275 ἀφίεται
2453 4205 2581 4274 ὑμῖν
2617 4202 2824 4272 ἔρημος
2856 4202 2956 4270 τῆς
2981 4200 3299 4270 ὲνοικούσης
3323 4197 3474 4268 αὑτῷ
3502 4196 3655 4260 θείας
3681 4200 3777 4267 χά·

2199 4317 2371 4372 ριτος.
2415 4294 2577 4360 Οἶκος
2609 4295 2665 4349 δὲ
2694 4294 2876 4349 αὐτῶν
2935 4287 3112 4361 οὗτος,
3161 4293 3236 4355 ὼς
3296 4291 3580 4361 ἱδρυμένος
3625 4293 3683 4343 ἐν
3717 4293 3778 4361 τῇ

2197 4393 2353 4446 πόλει
2389 4390 2589 4443 αὐτῶν.

2271 4484 2434 4551 Λέγω
2460 4513 2527 4522 —-
2557 4480 2803 4546 Kvplov.
2833 4479 2942 4533 Καὶ
2970 4477 3100 4530 πότε
3117 4477 3276 4529 τοῦτο
3300 4475 3557 4542 εἴπωσιν;
3595 4474 3781 4529 Ἐκόν-

2197 4595 2285 4640 τες
2318 4579 2438 4646 μὲν,
2464 4574 2744 4637 οὐδέποτε,
2783 4573 3011 4634 ἄκοντες
3041 4572 3120 4632 δὲ,
3158 4573 3299 4624 κατὰ
3338 4571 3430 4622 τὸν
3466 4569 3659 4638 καιρὸν
3681 4569 3778 4637 τῆς

501 4672 745 4733 tempore
769 4668 992 4719 secundi
1029 4667 1297 4723 adventus
1337 4671 1481 4740 ejus,
1531 4672 1752 4741 quando
1805 4682 2080 4726 venturus

2205 4672 2452 4741 Βευτέρας
2510 4667 2675 4722 αὐτοῦ
2715 4665 3038 4736 παρουσίας,
3083 4665 3210 4717 ὅταν
3240 4664 3361 4734 ἣξει
3399 4664 3472 4733 (9)
3522 4663 3659 4732 μετὰ
3689 4662 3780 4714 δυ-

502 4765 587 4808 est
613 4771 735 4808 cum
775 4766 1046 4825 potestate
1071 4767 1127 4812 et
1157 4759 1328 4830 gloria
1364 4778 1560 4832 magna
1597 4781 1612 4830 ;
1657 4765 1880 4833 quando
1936 4765 2086 4830 nulla

502 4849 609 4899 erit
647 4847 730 4900 eis
771 4849 979 4904 utilitas
1007 4851 1361 4920 cognitionis.
1396 4853 1651 4908 Amantis
1708 4871 1839 4910 vero
1875 4856 2083 4911 dictum

499 4949 620 4994 est:
656 4939 1007 5012 Nequaquam
1043 4961 1122 4997 me
1154 4946 1370 5013 posthac
1404 4948 1660 5002 videbitis.
1720 4950 2085 5004 Vehementer

501 5033 770 5100 siquidem
807 5036 1061 5103 amabat;
1088 5054 1277 5092 verum
1308 5040 1736 5109 despiciebatnr,
1767 5051 1822 5096 et
1882 5043 2083 5098 idcirco

503 5126 740 5178 maxime
781 5127 1021 5184 dolebat.
1058 5128 1286 5183 Post/iac
1321 5139 1502 5184 autem
1532 5132 1741 5197 dicens,
1782 5149 1890 5187 non
1914 5132 2088 5186 solum

503 5222 721 5285 tempus
749 5217 879 5272 illud
909 5219 1254 5290 signiﬁcavit,
1301 5223 1395 5277 sed
1433 5233 1604 5278 totum
1653 5241 1825 5294 usque
1858 5225 1922 5279 ad
1961 5227 2090 5281 Pas-

2197 4767 2414 4835 νάμεως
2445 4764 2538 4816 καὶ
2576 4761 2735 4831 δόξης
2771 4759 2993 4828 πολλῆς,
3025 4760 3154 4811 ὅταν
3183 4757 3334 4809 οὐδὲν
3380 4756 3560 4817 αὐτοῖς
3590 4755 3779 4822 ὄφελος

2195 4859 2293 4926 τῆς
2342 4853 2716 4923 ἐπιγνώσεως.
2759 4850 3024 4922 Ἐραστοῦ
3051 4849 3106 4902 δὲ
3139 4849 3220 4913 τὸ,
3258 4850 3333 4902 Οὐ
3360 4847 3444 4916 μή
3490 4863 3567 4915 με
3619 4846 3778 4914 ἴδητε

2194 4950 2433 5018 ἁπάρτι,
2461 4948 2667 5019 σφόδρα
2705 4946 2803 5017 μὲν
2851 4944 3106 5015 ἐρῶντος,
3148 4941 3552 5012 ἁτιμαζομένου
3581 4940 3662 5003 δὲ,
3688 4939 3775 4993 καὶ

2195 5045 2283 5096 διὰ
2321 5043 2481 5095 τοῦτο
2532 5039 2980 5110 περιαλγοῦντος.
3021 5036 3252 5104 Ἀπὰρτι
3286 5036 3348 5087 δὲ
3373 5033 3561 5098 εἰπὼν,
3589 5033 3652 5086 οὐ
3685 5032 3778 5101 τὴν

2194 5137 2345 5205 ὤραν
2379 5135 2597 5204 ἐκείνην
2646 5134 2814 5203 μόνην
2875 5131 3165 5202 ἐδήλωσεν,
3212 5126 3324 5181 ἀλλ’
3377 5127 3498 5179 ὅλον
3529 5124 3620 5177 τὸν
3649 5122 3773 5196 ἄχρι

2195 5229 2294 5297 τῆς
2334 5224 2697 5296 σταυρώσεως
2727 5223 2943 5294 καιρὸν,
2976 5220 3094 5293 μεθ’
3118 5219 3175 5272 ὃν
3206 5217 3406 5272 οὐκέτι
3433 5211 3572 5268 εἶδον
3593 5214 3771 5269 αὐτόν.

1705 5405 1904 5467 Variae
1945 5405 2250 5466 lectiones
2285 5413 2347 5466 et
2386 5411 2578 5465 notae.

578 5525 654 5586 l7)
690 5529 798 5579 Καὶ
825 5529 936 5585 τόν.
963 5530 1154 5584 ordine
1180 5533 1417 5596 inverso,
1452 5531 1512 5584 Β.

575 5596 651 5665 (8,
690 5599 820 5665 Καί,
863 5599 1160 5669 interponit
1189 5604 1250 5655 A.

578 5758 650 5844 (ελ
697 5757 968 5844 Interpres
1018 5772 1126 5844 non
1164 5759 1307 5827 cepit
1343 5761 1714 5844 ἐπικρεμάσαι
1746 5763 1850 5814 τινὶ
1895 5761 2080 5829 φὸὅον.

500 5825 720 5881 Redde:
749 5828 1012 5902 Quoniam
1045 5825 1289 5899 gehenna:
1309 5843 1444 5884 metu
1474 5825 1669 5902 injecto
1694 5850 1776 5885 eos
1809 5825 1916 5885 non
1939 5851 2083 5886 arom-

499 5907 758 5972 moverat,
794 5901 1132 5972 quodsilicet
1163 5902 1344 5972 futura
1373 5912 1470 5965 est,
1510 5901 1666 5958 terret
1702 5921 1784 5956 cos
1817 5922 1877 5956 ac
1921 5915 2083 5956 certos

500 5970 673 6022 reddit
701 5986 734 6024 a
761 5969 1178 6031 calamitatibus.
1231 5973 1518 6029 Sententia
1551 5983 1631 6030 est
1671 5993 1681 6028 :
1717 5975 1982 6040 Quoniam
2016 5991 2078 6029 ca

2265 5532 2341 5602 (9)
2381 5532 2545 5602 Ἥξει,
2574 5532 2633 5584 Β.

2193 5778 2311 5830 qiue
2343 5770 2552 5816 remota
2584 5770 2713 5814 sunt
2749 5761 2890 5814 haud
2920 5762 3056 5814 adeo
3093 5769 3348 5830 metuunt
3377 5756 3644 5830 homines,
3682 5771 3770 5826 pc-

2195 5827 2384 5888 ficuiis
2415 5832 2609 5885 vicinis
2636 5847 2730 5884 ens
2767 5842 2954 5884 terret.
2980 5827 3495 5897 Καταςφαλίζεσθαι
3532 5828 3586 5881 h.
3624 5867 3658 5880 ..
3693 5837 3768 5880 est

2196 5919 2414 5958 omnem
2466 5903 2865 5956 dubitationem
2917 5902 3222 5955 futurarum
3256 5915 3540 5970 pwnarum
3587 5899 3767 5955 tollere

2189 5990 2285 6044 per
2319 5989 2507 6046 pwnas
2546 5973 2793 6043 proxime
2828 5972 3060 6028 futuras.
