4020 6492
513 441 621 505 603

1774 433 2161 499 EUTIIYMII
2202 432 2570 497 ZIGABENI

3704 439 3813 504 (illi

511 551 823 609 vastatione
860 550 1079 609 discere
1109 551 1425 633 cupientes,
1452 561 1720 623 quantum
1760 550 1829 605 de
1865 557 2100 619 tempore

2216 546 2517 612 ναοῦ,δσον
2548 547 2675 619 περὶ
2710 546 2807 602 τοῦ
2838 528 3034 621 καιροῦ
3060 548 3163 620 τῆς
3188 549 3449 623 δευτέρας
3500 554 3814 623 παρουσίας

513 645 747 702 secundi
785 646 1059 702 adventus
1083 648 1249 717 ejus;
1280 646 1407 701 ideo
1440 644 1605 699 etiam
1640 641 1873 698 seorsim
1920 655 2109 697 acces-

513 748 706 794 serunt
728 754 804 794 ne
829 737 1036 794 ludatis
1063 739 1169 793 hoc
1207 736 1566 791 manifestum
1596 735 1774 791 ﬁeret.
1833 733 1944 789 Sed
1976 731 2111 787 Mat-

514 832 693 887 theus
720 832 832 886 duo
860 832 975 886 ha'c
1002 846 1099 885 eos
1120 830 1493 901 interrogasse
1518 829 1673 891 dicit,
1703 838 1865 899 puta:
1886 825 2110 892 Quando

512 926 625 977 haec
653 931 809 975 erunt
841 924 867 977 τ
896 936 1020 992 quae
1048 921 1307 976 videlicet
1340 922 1411 977 de
1445 921 1632 992 templi
1655 920 1940 975 eversione
1963 917 2107 972 disi-

511 1017 616 1078 sti;
651 1023 707 1068 et
740 1012 892 1077 Quod
921 1016 1135 1085 signum
1174 1015 1430 1069 adventus
1490 1014 1569 1067 tui
1604 1022 1652 1067 et
1693 1005 2109 1065 consummatio-

511 1107 592 1160 nis
623 1105 856 1163 siccati?
890 1106 1107 1162 Marcus
1129 1122 1261 1162 vero
1293 1107 1513 1163 unicam
1546 1105 1721 1159 fuisse
1745 1104 1879 1158 dicit
1932 1103 2107 1157 inter-

511 1197 874 1267 rogationem,
910 1198 979 1253 de
1010 1199 1216 1269 templo
1248 1200 1447 1255 solum.
1469 1198 1560 1252 Ait
1598 1198 1783 1251 enim:
1824 1194 1924 1249 Dic
1956 1195 2109 1249 nobis

508 1291 725 1359 quando
767 1290 878 1343 Itaac
908 1302 1089 1355 erunt,
1115 1302 1164 1345 et
1192 1292 1333 1362 quod
1363 1293 1575 1360 signum
1599 1289 1816 1360 quando
1842 1289 1952 1345 hac
1990 1304 2105 1341 om-

508 1380 599 1431 nia
626 1381 1048 1435 consummantia
1080 1382 1263 1435 sunt"
1289 1382 1313 1434 ἲ
1355 1380 1625 1435 Similiter
1657 1390 1840 1435 autem
1885 1379 2108 1450 scripsit

506 1480 563 1526 et
598 1472 775 1529 Lucas
813 1475 882 1530 ³⁸.
921 1475 1060 1541 Quid
1092 1490 1221 1546 ergo
1275 1474 1572 1530 dicendum
1606 1476 1729 1530 est?
1780 1474 1937 1541 Quod
1998 1489 2106 1528 una

505 1564 729 1634 quidem
755 1566 860 1619 fuit
890 1568 1275 1640 interrogatio,
1310 1569 1456 1623 sicut
1487 1567 1847 1639 scripserunt
1886 1568 2105 1623 Marcus

505 1664 563 1710 et
602 1657 799 1711 Lucas.
827 1655 1067 1713 intentio
1098 1667 1283 1713 autem
1318 1658 1713 1728 discipulorum
1754 1669 1890 1723 erat,
1939 1667 2000 1713 ut
2035 1658 2104 1713 de

504 1752 594 1808 his
650 1752 871 1808 duobus
910 1752 1178 1809 certiores
1215 1753 1451 1809 tierent:
1492 1763 1624 1824 puta
1680 1753 1750 1808 de
1786 1754 2103 1809 'erersione

504 1844 701 1913 templi
734 1853 788 1898 et
824 1844 893 1899 de
924 1844 1172 1899 secundo
1211 1843 1415 1899 Christi
1444 1845 1711 1900 adventu.
1755 1844 2103 1901 Existiman-

503 1944 587 1992 tes
612 1944 797 1990 autem
824 1937 970 2006 quod
1005 1937 1171 1992 simul
1204 1937 1319 1991 haec
1340 1937 1454 1992 duo
1500 1938 1921 2008 contingerent,
1952 1938 2099 1992 fece-

500 2035 635 2081 runt
693 2042 859 2082 unam
910 2028 980 2084 de
1046 2039 1285 2101 utroque
1323 2030 1841 2100 interrogationem.
1896 2029 2102 2084 Verum

501 2116 798 2176 Mattheus
827 2120 1196 2177 intentionem
1258 2136 1456 2178 eorum
1496 2121 1883 2191 manifestans,
1952 2123 2103 2178 illam

501 2209 559 2264 in
591 2209 732 2266 duas
779 2211 993 2267 divisit.

571 2303 729 2358 Vers.
762 2304 812 2357 4.
854 2304 921 2358 Et
955 2334 1029 2344 —
1068 2304 1230 2361 Vers.
1264 2306 1323 2362 5.
1364 2308 1636 2362 seducenl.
1695 2306 1844 2362 Nihil
1889 2307 1956 2361 ad
2006 2306 2105 2363 has

502 2393 966 2467 interrogationes
1019 2398 1329 2467 respondit,
1386 2400 1483 2455 sed
1517 2401 1761 2469 primum
1820 2400 1909 2454 illa
1946 2399 2105 2469 dicit

502 2487 605 2551 eis,
638 2503 761 2557 qua:
800 2489 1039 2558 primum
1076 2506 1173 2545 eos
1202 2490 1349 2544 scire
1384 2492 1718 2560 oportebat:
1751 2507 1871 2561 qua:
1900 2493 2098 2547 videli—

503 2579 860 2635 cetl‘uturum
891 2594 1012 2638 erat
1074 2592 1136 2639 ut
1162 2592 1294 2639 ante
1351 2584 1442 2639 illa
1486 2596 1868 2640 occurrerent.
1927 2585 2103 2641 Lucas

504 2679 690 2724 autent
733 2671 911 2725 dicit:
950 2672 1130 2728 Videte
1161 2691 1225 2728 ne
1251 2676 1607 2729 seducamini.
1647 2674 1807 2729 Multi
1829 2678 1967 2731 enim
2018 2694 2105 2730 ve-

503 2763 648 2815 nient
677 2764 731 2817 in
764 2767 974 2821 nomine
1007 2784 1123 2822 meo
1150 2769 1384 2823 dicentes
1418 2786 1436 2823 :
1472 2768 1587 2839 Ego
1609 2787 1727 2824 sum
1758 2786 1774 2833 ;
1811 2780 1865 2824 et
1892 2789 1906 2824 :
1947 2771 2102 2824 Temo

500 2871 599 2923 pus
624 2856 813 2911 instat.
851 2857 929 2912 Ne
960 2860 1123 2929 igitur
1144 2863 1445 2929 sequamini
1486 2862 1607 2916 illos
1630 2861 1699 2916 ⁸⁷.
1730 2860 1987 2927 Venicnt,
2014 2862 2101 2915 in-

499 2948 645 3015 quit,
687 2949 917 3003 nomine
949 2966 1073 3006 meo
1099 2960 1323 3007 utentes
1355 2953 1424 3008 ad
1453 2953 1841 3022 deceptionem
1880 2968 2099 3019 eorum,

502 3038 596 3106 qui
630 3038 740 3093 illis
766 3041 1028 3095 credituri
1084 3053 1237 3107 sunt,
1278 3053 1336 3099 et
1366 3044 1637 3107 dicentes,
1669 3044 1909 3115 quisque
1937 3044 2097 3100 vide-

500 3129 631 3184 licet
652 3146 842 3185 eorum
875 3150 888 3185 :
921 3126 1033 3202 qu
1062 3152 1201 3199 sum,
1229 3152 1431 3206 nempe
1453 3137 1735 3191 Christus.
1778 3137 1845 3191 Et
1879 3155 1893 3190 :
1951 3136 2101 3191 Tem-

2216 640 2408 696 αὑτοῦ.
2429 640 2522 695 an
2550 641 2649 695 καὶ
2678 640 2803 695 κατ’
2832 642 2972 695 Ιδίαν
3006 641 3340 712 προσῆλθον,
3391 644 3481 697 ἵνα
3514 645 3593 716 μὴ
3649 643 3816 699 τοῦτο

2212 736 2328 796 τοῖς
2378 735 2656 799 Ἰουδαίοις
2682 733 2957 790 ἔκπυστον
3005 736 3256 806 γίνηται.
3315 735 3476 791 Ἀλλὰ
3529 736 3818 800 Ματθαῖος

2214 826 2317 897 μέν
2347 845 2537 899 φησιν,
2557 829 2758 893 αὐτοὺς
2784 828 2881 883 δύο
2908 825 3085 883 ταῦτα
3108 830 3411 900 ιρωτῆσαι.
3434 831 3587 885 Πότε
3617 830 3817 885 ταῦτα

2210 917 2405 982 ἔσται,
2433 916 2747 989 δηλαδὴ,τὰ
2773 918 2868 972 τοῦ
2913 918 3046 973 ναοῦ
3092 919 3200 989 τῆς
3245 921 3357 990 (i3)
3390 920 3812 991 καταστροφῆς.

2212 1010 2331 1075 καὶ,
2369 1010 2431 1063 Τι
2458 1010 2524 1063 τὸ
2553 1009 2814 1079 σημεῖον⁸
2846 1010 2958 1080 τῆς
2981 1010 3104 1081 σῆς
3145 1014 3504 1081 παρουσίας,
3542 1013 3645 1067 καί
3696 1012 3817 1083 τῆς

2210 1104 2569 1170 συντελείας
2594 1104 2703 1158 τοῦ
2746 1102 2969 1171 αἰῶνος
2986 1120 3004 1136 ⁸
3027 1106 3055 1159 ὁ
3079 1104 3138 1157 δὶ
3160 1104 3388 1175 Μάρκος
3422 1104 3479 1157 ἓν
3494 1102 3636 1160 εἶναι
3657 1106 3816 1175 λέγει

2210 1193 2271 1246 τὺ
2304 1193 2592 1264 ἐρώτημα,
2651 1196 2783 1267 περὶ
2819 1196 2913 1250 τοῦ
2960 1195 3090 1250 ναοῦ
3145 1197 3331 1268 μόνον.
3378 1196 3628 1267 Ἔγραψε
3672 1199 3812 1268 γὰρ,

2211 1284 2360 1338 Εἰπὲ
2382 1287 2551 1354 ἡμῖν,
2577 1289 2727 1341 πότε
2768 1286 2957 1341 ταῦτα
2986 1286 3183 1351 ἔσται,
3209 1288 3309 1341 καί
3340 1289 3399 1342 τί
3426 1288 3494 1342 τὸ
3525 1289 3811 1359 σημεῖον,

2210 1378 2360 1434 ὅταν
2398 1378 2600 1450 μέλλῃ
2661 1380 2851 1434 ταῦτα
2883 1380 3083 1435 πάντα
3128 1380 3574 1436 συντελεῖσθαι.
3617 1383 3811 1452 Rapa.

2209 1473 2459 1543 πλησίως
2499 1472 2556 1527 δὲ
2585 1472 2735 1541 λέγει
2763 1475 2859 1527 καὶ
2883 1474 2913 1527 δ
2943 1474 3181 1538 Λουκᾶς.
3204 1473 3272 1527 Τί
3296 1470 3391 1528 οὖν
3415 1474 3565 1527 εστιν
3587 1476 3807 1541 είπείνς

2210 1564 2333 1617 Ὅτι
2360 1565 2462 1633 μία
2488 1564 2589 1635 μὲν
2616 1561 2686 1636 ἦν
2710 1567 2744 1636 ὴ
2772 1564 3160 1637 ὲρώτησις,ὡς
3182 1566 3429 1637 ἔγραψαν
3456 1566 3687 1636 Μάρκος
3711 1569 3813 1619 καὶ

2207 1657 2462 1720 Λουκᾶς·
2497 1656 2703 1722 σκοπὸς
2759 1656 2820 1710 δὲ
2877 1660 2993 1721 τοῖς
3051 1657 3325 1729 μαθηταῖς
3364 1658 3496 1728 περὶ
3542 1657 3655 1712 τῶν
3712 1657 3814 1711 δύο

2206 1750 2417 1805 τούτων
2458 1751 2674 1822 μαθεῖν,
2698 1751 2799 1827 τῇς
2845 1767 2908 1804 τε
2955 1749 3053 1805 τοῦ
3110 1750 3243 1805 ναοῦ
3277 1749 3689 1821 καταστροφῆς,
3711 1749 3815 1803 καὶ

2208 1842 2307 1911 τῆς
2337 1842 2433 1897 τοῦ
2470 1841 2713 1916 Χριστοῦ
2744 1843 3007 1915 δευτέρας
3055 1843 3386 1915 παρουσίας.
3451 1842 3817 1914 Ὑπολαμδὰ-

2209 1953 2395 2000 νοντες
2454 1936 2585 2007 γὰρ,
2614 1935 2699 1989 δτι
2731 1935 2852 2006 ἅμα
2886 1936 2956 1990 τὰ
2986 1934 3081 1989 δύο
3111 1940 3457 2005 γενήσονται,
3483 1936 3623 2007 μίαν
3682 1937 3816 2007 περὶ

2206 2026 2318 2082 τῶν
2376 2027 2472 2081 δύο
2529 2027 2631 2099 τὴν
2686 2027 2963 2100 ἐρώτησιν
3016 2028 3386 2098 ἐποιήσαντο⁸
3432 2028 3720 2091 Ματθαϊος
3754 2026 3814 2081 δδ

2210 2120 2530 2193 σαφηνίζων
2546 2120 2641 2177 τδν
2660 2121 2866 2177 σκοπὸν
2884 2121 3089 2189 αὐτῶν,
3106 2121 3305 2175 διεῖλεν
3316 2122 3488 2193 αὐτὴν
3504 2122 3588 2185 εἰς
3604 2120 3675 2174 τὰ
3692 2120 3811 2176 δύο.

2278 2309 2393 2363 Kal
2421 2338 2492 2350 —
2521 2307 2946 2376 πλανήσουσι.
2971 2307 3144 2362 Οὐδὲν
3176 2307 3315 2375 πρὸς
3369 2305 3471 2370 τὰς
3501 2306 3813 2377 ἐρωτήσεις

2207 2401 2487 2472 ἀπεκρίθη
2521 2401 2750 2466 ταύτας,
2779 2401 2916 2455 ἀλλὰ
2955 2401 3227 2473 πρότερον
3252 2401 3437 2454 ἐκεῖνα
3473 2399 3628 2468 λέγει
3685 2398 3811 2453 τού-

2204 2510 2343 2560 τοις,
2369 2492 2407 2548 ἃ
2437 2492 2631 2565 πρῶτα
2659 2490 2882 2557 τούτους
2912 2491 3023 2544 ἔδει
3056 2492 3272 2561 μαθεῖν.
3294 2491 3372 2555 ὡς
3424 2490 3530 2562 πρὸ
3580 2491 3813 2567 ἐκείνων

2206 2585 2520 2657 ἀπαντῆσαι
2553 2584 2841 2654 μέλλοντα.
2865 2583 3081 2643 Λουκᾶς
3111 2582 3168 2635 δέ
3190 2600 3383 2652 φησιν,
3412 2580 3698 2646 Βλέπετε,
3718 2581 3808 2651 μὴ

2206 2678 2584 2749 πλανηθῆτε.
2636 2678 2863 2732 Πολλοί
2906 2675 3019 2747 γὰρ
3054 2676 3415 2731 ἐλεύσονται
3434 2675 3533 2729 ἐπὶ
3564 2674 3647 2740 τῷ
3674 2675 3814 2729 ὀνό-

2199 2775 2347 2844 ματί
2369 2792 2513 2843 μου,
2534 2771 2844 2841 λέγοντες,
2868 2771 2959 2824 ὅτι
3002 2769 3148 2839 Ἐγώ
3180 2773 3316 2837 εἰμι,
3348 2769 3466 2835 καὶ,
3506 2769 3567 2822 ὐ
3592 2768 3804 2836 καιρὸς

2205 2865 2435 2935 {in-tus.
2455 2863 2548 2935 Μὴ
2563 2861 2657 2916 οὖν
2675 2861 2979 2933 πορευθῆτε
3001 2861 3184 2914 ὀπίσω
3204 2861 3406 2916 αὐτῶν.
3425 2858 3803 2923 Ἐλεύσονται,

2205 2959 2362 3027 φησὶ,
2388 2957 2466 3026 τῷ
2502 2954 2730 3024 ὀνόματί
2767 2970 2871 3025 μου
2901 2952 3181 3023 χρώμενοι
3229 2953 3369 3023 πρὸς
3422 2954 3643 3020 ἀπάτην
3691 2952 3808 3005 τῶν

2205 3048 2549 3118 πειθομένων
2580 3048 2785 3110 αὐτοῖς,
2810 3046 2907 3100 καὶ
2959 3046 3212 3110 λέγοντες
3242 3047 3494 3113 ἕκαστος,
3533 3047 3617 3099 ὅτι
3654 3044 3807 3115 Ἐγώ

2203 3145 2674 3213 ειμι,τουτέστιν,
2708 3138 2822 3212 (μ)
2855 3142 2883 3193 ὁ
2914 3138 3175 3209 Χριστος,
3221 3140 3314 3192 καὶ
3363 3141 3442 3193 ὅτι
3481 3138 3547 3192 '0
3595 3138 3809 3207 καιρὸς

501 3239 600 3291 pus
640 3225 828 3289 instat,
860 3236 989 3295 puta
1017 3229 1122 3281 mei
1162 3230 1397 3284 secundi
1429 3230 1723 3285 adventus.
1765 3229 1846 3283 Ne
1873 3246 1995 3296 ergo
2014 3247 2100 3286 se-

2211 3237 2527 3305 ἧΠικεν-,ὀ
2577 3237 2676 3305 τῆς
2719 3234 2980 3304 δευτέρας
3024 3249 3125 3303 μου
3176 3232 3419 3303 δηλονότι
3471 3230 3803 3303 παρουσίας.

503 3316 886 3383 quamini'eos,
932 3318 1048 3374 sive
1096 3322 1333 3391 aliquem
1380 3322 1623 3377 illorum.
1669 3322 1885 3377 Marcus
1911 3334 2098 3377 autem

502 3408 678 3461 dixit:
707 3408 777 3463 Et
823 3411 1016 3465 multos
1054 3414 1303 3467 seducent
1335 3413 1403 3467 ⁸⁸.
1440 3414 1690 3469 Fuerunt
1748 3425 1935 3470 autem
1998 3415 2102 3469 bu-

498 3500 737 3569 jusmodi
774 3503 1121 3570 scductores,
1188 3505 1383 3562 Simon
1449 3515 1505 3562 et
1556 3505 1856 3562 Menander
1910 3508 2102 3561 Sama-

501 3591 691 3655 ritani,
741 3606 796 3647 et
824 3594 940 3648 alii.

574 3684 729 3741 Vers.
758 3688 813 3743 6.
843 3687 1109 3745 Futurum
1138 3702 1216 3746 est
1246 3724 1316 3736 -—-
1338 3692 1619 3748 bellorum.
1642 3692 1785 3749 Bella
1816 3694 1947 3749 dicit
1978 3712 2100 3766 qua:

500 3789 651 3834 mota
700 3794 831 3835 sunt
890 3795 1080 3839 contra
1137 3784 1553 3859 Hierosolyma:
1588 3803 1839 3843 rumores
1912 3800 2096 3847 autem

497 3872 794 3938 bellorum,
819 3892 941 3944 qua:
968 3888 1158 3932 contra
1183 3879 1315 3933 alias
1336 3879 1647 3936 Judaaornm
1667 3884 1938 3947 civitates,
1961 3900 2100 3954 quos

496 3961 675 4018 iactos
722 3964 893 4021 luisse
926 3968 1120 4022 scribit
1155 3967 1431 4040 Iosephus
1472 3980 1767 4040 antequam
1811 3983 2101 4042 caperetur

494 4051 823 4123 Jerusalem.
865 4056 1151 4127 Siquidem
1183 4062 1357 4119 erexit
1392 4077 1452 4117 se
1488 4063 1553 4133 (Γ)
1577 4064 1727 4118 natio
1754 4062 2096 4133 Judaorum,

496 4160 601 4199 nec
635 4148 899 4203 tributum
926 4152 1263 4209 exsolvebat.
1306 4152 1539 4209 Romani
1571 4172 1701 4210 vero
1725 4172 1834 4211 non
1855 4156 2097 4215 ferentes

496 4237 777 4307 injuriam,
811 4243 1218 4312 expeditionem
1254 4246 1308 4300 in
1346 4248 1468 4302 illos
1502 4258 1864 4319 paraverunt,

571 4329 728 4384 Vers.
761 4333 815 4385 6.
890 4332 1068 4388 Videte
1094 4366 1161 4378 —-
1186 4338 1327 4407 ﬁnis.
1383 4336 1461 4393 Ne
1501 4340 1845 4404 terreamini,
1896 4340 2094 4413 inquit,

496 4422 655 4490 quasi
708 4425 1027 4491 praedicatio
1072 4429 1175 4483 sub
1225 4431 1500 4488 seditione
1526 4442 1581 4486 et
1613 4433 1924 4488 turbatione
1962 4436 2095 4489 diri-

501 4514 694 4568 menda
729 4516 818 4569 sit.
858 4515 1142 4588 Siquidem
1172 4534 1401 4579 ventura
1452 4535 1581 4581 sunt
1613 4526 1730 4581 [nec
1762 4529 1945 4582 omnia
1970 4544 2093 4598 quae

2209 3328 2308 3395 Μὴ
2344 3322 2460 3381 οὖν
2487 3324 2956 3390 ἀκολουθήσητε
2984 3324 3215 3392 αὐτοῖς,
3238 3325 3438 3395 ,ἦγουν,
3460 3323 3567 3375 τινὶ
3595 3321 3800 3378 αὐτῶν.

2221 3421 2280 3473 '0
2317 3419 2374 3473 δὲ
2401 3420 2632 3490 Μάρκος
2661 3415 2838 3483 εἶπεν,
2876 3418 2958 3471 ὃτι
3000 3417 3111 3471 Kal
3142 3417 3416 3482 πολλοὺς
3446 3414 3804 3482 πλανήσου-

2209 3529 2336 3567 σιν.
2373 3513 2656 3579 Ἐγένοντο
2685 3512 2742 3562 δὲ
2774 3510 3009 3563 τοιοῦτοι
3070 3510 3267 3563 πλάνοι
3324 3509 3507 3581 Σίμων
3559 3508 3672 3579 (15)
3704 3509 3803 3563 καὶ

2209 3600 2546 3669 Μένανδρος,
2570 3602 2619 3652 οἱ
2647 3599 3015 3669 Σαμαρεῖται,
3042 3598 3137 3653 καὶ
3165 3597 3370 3670 ἕτεροι.

2280 3690 2638 3759 Malitiosa
2681 3720 2747 3730 —
2776 3688 3080 3760 πολέμων.
3128 3689 3407 3760 Πολέμους
3454 3688 3605 3759 λέγει
3667 3688 3802 3753 τοὺς

2208 3782 2351 3835 κατὰ
2405 3781 2524 3833 τῶν
2579 3780 3010 3851 Ἱεροσολύμων
3047 3782 3218 3844 ἀκοὰς
3268 3780 3325 3835 δὲ
3377 3780 3634 3851 πολέμων
3696 3781 3800 3845 τὰς

2207 3876 2315 3930 τῶν
2356 3877 2493 3946 πρὸς
2518 3876 2614 3939 τὰς
2645 3876 2813 3940 ἄλλας
2869 3876 3056 3940 πόλεις
3086 3878 3195 3930 τῶν
3232 3878 3520 3939 Ἰουδαίων,
3549 3876 3641 3942 οὓς
3682 3877 3797 3930 Ἰώ-

2180 3992 2183 3995 ·
2210 3984 2383 4037 σηπος
2409 3969 2616 4039 ίστορεῐ
2645 3967 2903 4037 γενέσθαι
2938 3967 3046 4040 πρὸ
3075 3969 3172 4040 τῆς
3189 3968 3442 4033 ἁλώσεως
3460 3969 3556 4039 τῆς
3591 3968 3797 4039 Ἰερου-

2209 4060 2412 4131 σαλήμ.
2436 4062 2544 4113 Καὶ
2567 4062 2676 4133 γὰρ
2702 4062 2765 4115 τὸ
2787 4061 2895 4114 τῶν
2932 4062 3203 4116 Ἰουδαίων
3249 4062 3402 4125 ἔθνος
3445 4063 3669 4133 ἁντῆρε,
3702 4065 3795 4116 καὶ

2205 4153 2306 4207 οὐκ
2333 4153 2587 4207 ἀπεδίδου
2632 4154 2761 4216 τοὺς
2793 4153 2991 4223 φόρους
3018 4172 3032 4186 ·
3071 4154 3337 4224 Ῥωμαῖοι
3387 4156 3464 4219 δὲ,
3507 4155 3583 4227 μὴ
3639 4158 3796 4224 ἐνεγ-

2205 4249 2392 4309 κόντες
2425 4246 2524 4319 τὴν
2555 4248 2734 4319 ὓϐριν,
2753 4250 3202 4319 ἐπεστράτευσαν
3240 4250 3445 4313 αὐτοῖς.

2284 4335 2488 4407 Ὁρᾶτε
2518 4368 2591 4380 —
2640 4338 2838 4406 τέλος.
2871 4340 2964 4411 Μὴ
3007 4340 3305 4412 πτοηθῆτε,
3354 4341 3543 4411 φησὶν,
3570 4340 3648 4405 ὠς
3697 4340 3793 4395 τοῦ

2203 4433 2564 4505 κηρύγματος
2626 4432 2731 4485 ὑπὸ
2771 4434 2869 4503 τῆς
2923 4432 3335 4496 ἀκαταστασίας
3404 4433 3496 4485 καὶ
3548 4435 3795 4505 ταραχῆς

2202 4526 2697 4599 διακοπησομένου.
2747 4526 3019 4579 Μέλλουσι
3058 4526 3167 4597 γὰρ
3222 4527 3405 4579 πάντα
3452 4526 3523 4578 τὰ
3547 4526 3659 4579 τῶν
3693 4544 3795 4579 ποο

505 4604 573 4657 de
609 4606 693 4660 his
723 4608 880 4663 bellis
911 4610 1046 4673 dixi,
1091 4614 1170 4668 sic
1195 4625 1374 4669 tamen
1429 4626 1489 4670 ut
1521 4618 1658 4671 nihil
1705 4619 1779 4673 illi
1837 4631 2094 4675 noceant.

2211 4620 2391 4690 λέμων
2422 4622 2633 4672 τούτων
2690 4618 2973 4687 γενέσθαι,
3028 4618 3197 4689 μηδὲν
3229 4620 3363 4671 αὐτὸ
3392 4619 3732 4691 βλάπτοντα·
3761 4619 3792 4690 ἢ

497 4694 641 4749 Aut:
680 4698 1128 4768 Netcrreamini,
1182 4707 1339 4774 quasi
1413 4707 1526 4777 jam
1582 4709 1749 4763 instet
1807 4710 1931 4765 ﬁnis
1977 4713 2095 4769 sive

496 4786 733 4852 perditio
761 4793 947 4861 templi
974 4809 1037 4848 ac
1065 4795 1320 4851 civitatis.
1350 4798 1576 4869 Oportet
1604 4802 1751 4855 enim
1774 4803 1889 4858 lucc
1908 4807 2093 4861 omnia

498 4876 613 4933 ﬁeri
648 4901 661 4946 ;
697 4885 794 4938 sed
843 4888 1085 4943 nondum
1136 4902 1219 4946 est
1276 4892 1401 4948 ﬁnis
1425 4896 1539 4949 sive
1584 4898 1817 4964 perditio
1868 4915 2093 4955 eorum:

498 4987 627 5027 nam
660 4980 1009 5044 postmodum
1050 4995 1207 5054 capta
1230 4996 1359 5041 sunt
1393 4988 1793 5059 Hierosolyma.
1832 4992 1973 5048 Dicit
1997 5011 2095 5049 au-

498 5070 609 5117 tem
650 5065 1101 5141 Chrysostomus,
1158 5077 1303 5144 quod
1346 5078 1599 5149 discipuli
1638 5097 1762 5135 cum
1794 5082 1847 5136 in
1881 5100 2089 5154 praece-

500 5153 758 5215 dentbus
789 5162 858 5216 de
894 5176 1135 5220 extrema
1163 5166 1476 5224 Judaaorum
1522 5172 1733 5228 ultione
1781 5153 2088 5245 audissent,

608 5342 654 5375 ³³
681 5343 851 5399 Marc.
885 5362 1006 5415 xm,
1038 5348 1093 5405 4.

1209 5348 1412 5407 “Luc.
1442 5367 1555 5422 ut,
1604 5354 1661 5411 7.
1770 5357 1815 5390 ³⁷
1850 5358 1981 5414 ibid.
2005 5360 2062 5414 8.

2208 4714 2287 4783 μὴ
2318 4710 2711 4783 πτοηθῆτε,ὡς
2745 4710 2848 4783 ἤδη
2878 4710 2975 4763 τοῦ
3003 4712 3193 4775 τέλους
3216 4712 3567 4777 ἐπιστάντος,
3600 4712 3791 4781 ἤγουν,

2203 4806 2301 4858 τοῦ
2331 4805 2558 4875 ὀλέθρου
2582 4804 2675 4857 τοῦ
2698 4805 2829 4858 ναοῦ
2856 4806 2949 4857 καὶ
2974 4805 3073 4874 τῆς
3100 4804 3330 4866 πόλεως.
3357 4806 3451 4857 Δεῖ
3485 4805 3596 4876 γὰρ
3613 4807 3791 4858 πάντα

2204 4895 2379 4947 ταῦτα
2419 4895 2697 4963 γενέσθαι,
2728 4895 2844 4947 ἀλλ’
2871 4894 3025 4949 οὔπω
3064 4896 3127 4947 τὸ
3170 4896 3355 4961 τέλος,⁵
3390 4897 3588 4959 είτουν,
3613 4899 3643 4950 ὁ
3672 4898 3789 4951 6k-

2204 4988 2335 5059 θρος
2376 4988 2578 5042 αὐτῶν.
2599 4988 2867 5059 ’Υστερον
2896 4989 3005 5059 γὰρ
3039 4988 3286 5041 ἑάλωσαν
3310 4987 3380 5041 τὰ
3420 4989 3790 5061 Ἰεροσόλυμα.

2202 5082 2342 5151 Φησὶ
2362 5080 2421 5135 δὲ
2445 5084 2471 5133 ὁ
2490 5081 2883 5151 Χρυσόστομος
2916 5079 3052 5152 (16),
3076 5081 3159 5135 ὅτι
3190 5082 3240 5135 oi
3274 5081 3374 5152 μὲν
3396 5082 3643 5151 μαθηταὶ
3666 5084 3792 5153 περὶ

2200 5176 2299 5245 τῆς
2343 5174 2702 5245 παγχαλέπου
2740 5175 3016 5245 τιμωρίας
3042 5174 3153 5228 τῶν
3207 5175 3483 5229 Ἰουδαίων
3532 5177 3793 5250 ἀνωτέρω

2176 5362 2220 5394 ⁸⁸
2270 5362 2439 5418 Marc.
2466 5379 2568 5429 xu,
2595 5365 2651 5421 6.

1728 5524 1932 5587 Varius
1964 5524 2273 5589 lectiones
2312 5536 2373 5589 et
2406 5536 2599 5591 noue.

569 5680 683 5753 (ίὸ)
712 5680 893 5753 ᾕσιίω
925 5679 1025 5753 τῆς
1050 5684 1146 5737 τοῦ
1176 5686 1329 5753 ναοῦ,
1362 5698 1423 5743 ut
1459 5704 1605 5745 mox.

565 5751 681 5820 (14)
712 5751 1008 5807 Τουτέστιν
1034 5756 1064 5808 ὁ
1094 5751 1356 5825 Χριστός.
1387 5760 1604 5818 Absunt
1633 5762 1701 5815 Δ.

2273 5697 2351 5770 (l)_
2389 5697 2464 5752 De
2495 5708 2728 5770 utroque
2748 5696 2951 5753 Justin.
2976 5696 3135 5770 Mart.
3164 5712 3221 5770 ρ.
3262 5698 3333 5756 69
3351 5698 3413 5765 D,
3437 5695 3501 5755 Ε.

2268 5768 2378 5838 (16)
2412 5770 2569 5824 'l'om.
2598 5769 2711 5835 νη,
2745 5784 2802 5840 p.
2836 5771 2944 5826 723
2978 5769 3043 5825 D.

567 5907 635 5975 (Γ)
666 5908 936 5967 Εναὲιιε.
972 5913 1315 5973 Seditionem
1347 5919 1540 5983 movit,
1560 5922 1860 5979 rebellavit.
1888 5923 2090 5982 Notum

2240 5927 2348 5985 hoc
2376 5942 2543 5987 sensu
2569 5929 2852 6001 ἀνταίρειν
2876 5937 2932 5988 et
2952 5928 3253 6002 ἀντάρτης.
