4020 6510
499 546 604 610 6οἹ

1731 532 2117 597 EUTHYMII
2157 531 2525 593 ZIGABENI

3670 525 3792 587 603

586 658 734 715 v'ers.
777 661 861 716 10.
902 658 1061 714 Et—
1096 655 1274 711 multi.
1325 652 1499 709 Erunt
1555 647 1790 705 invicem
1851 645 2095 716 suspecti

2273 643 2387 698 Kal
2416 673 2481 683 —
2513 641 2755 696 πολλοί.
2791 640 3066 694 ’Ύποπτοι
3089 639 3304 693 Ισονται
3327 638 3462 708 πρδς
3489 633 3798 705 ἀλλήλους,

503 764 737 822 propter
771 753 895 807 fidei
958 750 1340 805 diversitatem
1379 766 1393 801 :
1426 745 1565 809 sive,
1638 758 1750 799 non
1808 742 2095 798 credentes

2223 737 2286 788 :z'z
2348 735 2448 805 τὴν
2507 733 2776 804 διαφορὰν
2835 732 2938 801 τῆς
3002 731 3263 794 πίστεως,
3333 730 3521 800 ἡγουν,
3588 725 3641 778 oi
3711 725 3794 796 μὴ

507 841 654 911 θμΗά
677 858 771 896 cos
799 842 890 908 qui
925 840 1176 896 credent.

578 933 729 988 νοτε.
758 935 843 987 i0.
873 932 938 986 Et
963 963 1027 973 —
1051 933 1269 986 invicem
1287 930 1550 985 habebunt
1570 929 1712 984 odio.
1746 928 1960 983 Marcus
1992 940 2092 979 au—

509 1035 617 1079 tem
649 1025 992 1079 manifestius
1016 1025 1174 1088 dixit,
1196 1024 1342 1093 quod
1386 1023 1559 1076 tradet
1592 1021 1759 1090 frater
1792 1019 2012 1086 fratrem
2034 1015 2092 1067 in

511 1123 816 1175 mortem,et
847 1124 1001 1183 paler
1028 1113 1233 1168 Filium
1259 1130 1276 1168 :
1306 1115 1578 1183 insurgent
1599 1111 1699 1179 ﬁlii
1743 1109 1797 1161 in
1836 1115 2096 1177 parentes,

507 1213 557 1257 et
583 1213 748 1258 morte
773 1222 858 1259 eos
885 1205 1117 1275 adicient
1148 1207 1214 1260 “.
1247 1203 1555 1260 Verisimile
1584 1211 1666 1257 est
1707 1203 1891 1270 itaque
1919 1201 2102 1255 omnia

507 1294 653 1350 facta
687 1311 831 1358 csse,
863 1299 968 1352 etsi
1001 1298 1138 1351 liber
1167 1297 1422 1351 Actorum
1465 1293 1870 1364 particulariter
1898 1292 1965 1346 de
1986 1306 2105 1346 om-

509 1384 674 1438 nibus
708 1400 817 1439 non
846 1386 1099 1440 disserat.
1158 1385 1332 1439 Lucas
1371 1397 1504 1437 vero
1546 1383 1711 1436 etiam
1746 1382 1876 1436 dicit
1912 1395 1924 1430 :
1973 1380 2105 1434 Tra-

510 1472 710 1525 demini
731 1481 907 1525 autem
938 1473 1287 1541 aparentibus
1318 1481 1364 1524 et
1394 1471 1652 1541 cognatis,
1686 1470 1871 1523 amicis
1899 1485 1963 1522 ac
1992 1470 2104 1538 fra-

514 1566 705 1629 tribus,
735 1573 788 1618 et
811 1572 978 1617 morte
1016 1564 1240 1632 ofﬁcient
1272 1565 1526 1632 quosdam
1569 1578 1633 1616 ea:
1683 1563 1823 1616 vobis
1857 1560 1924 1615 ".
1958 1559 2103 1614 Prae.

515 1652 653 1707 dixit
681 1653 828 1708 enim
857 1666 912 1708 et
952 1655 1058 1710 hoc
1080 1654 1333 1709 Christus
1355 1654 1656 1724 discipulis,
1683 1654 1826 1722 quod
1861 1651 2103 1705 omnium

513 1752 599 1799 est
625 1744 1017 1811 miserrimum,
1046 1745 1300 1800 videlicet
1322 1745 1467 1815 quod
1503 1744 1667 1800 etiam
1694 1760 1724 1798 a
1742 1742 2106 1798 familiarissi-

514 1835 620 1891 mis
646 1836 997 1907 impugnandi
1027 1846 1184 1890 erant
1217 1853 1231 1901 ;
1261 1839 1685 1904 utpraescientes
1714 1836 1886 1904 parati
1920 1841 2107 1889 essent

514 1928 584 1982 ad
618 1927 986 1992 tolerantiam,
1045 1935 1102 1982 et
1154 1927 1226 1980 ita
1265 1927 1574 1997 periculum
1607 1925 1824 1982 facilius
1864 1926 2107 1982 sustine-

2201 826 2549 889 πιστεύοντες
2584 826 2722 894 πρὸς
2750 828 2875 887 τοὺς
2909 823 3289 885 πιστεύοντας.

2273 919 2380 974 Kal
2415 947 2483 959 —
2509 916 2890 984 μισήσουσιν
2917 914 3257 979 ἀλλήλους.
3289 912 3518 992 Μάρκος
3542 911 3600 964 δὲ
3630 925 3804 979 φανε-

2206 1014 2444 1082 ρώτερον
2489 1007 2663 1075 εἶπεν,
2714 1009 2795 1061 ὅτι
2843 1006 3190 1074 Παραδὼσει
3226 1004 3488 1073 ἀδελφὸς
3513 1001 3799 1070 ἀδελφὸν

2203 1106 2291 1169 είς
2320 1102 2605 1164 θάνατον,
2642 1102 2741 1154 καί
2793 1097 2990 1166 πατὴρ
3019 1097 3258 1160 τέκνον,
3307 1099 3404 1149 καί
3443 1093 3798 1157 ἐπανασττὶ⁴

2203 1206 2419 1244 σονται
2467 1188 2650 1242 τέκνα
2691 1185 2791 1240 ἐπὶ
2835 1184 3034 1254 γονεῖς
3063 1184 3162 1237 καί
3191 1183 3654 1236 θανατώσουσιν
3680 1181 3800 1233 αὑ-

2205 1282 2370 1348 τούς.
2403 1281 2566 1343 Εἰκὸς
2605 1279 2717 1350 γὰρ
2776 1278 2958 1331 πάντα
3001 1275 3281 1344 γενέσθαι,
3319 1276 3366 1327 εί
3404 1276 3496 1326 καὶ
3547 1270 3625 1343 μὴ
3662 1273 3801 1340 περὶ

2207 1376 2425 1428 πάντων
2493 1370 2848 1442 λεπομερῶς
2909 1371 2940 1440 ἡ
3012 1368 3195 1439 βίϐλος
3256 1364 3623 1434 διαλαμϐάνει
3681 1364 3802 1416 τῶν

2208 1468 2488 1538 Πράξεων.
2547 1467 2657 1519 Καὶ
2706 1467 2733 1518 ὁ
2782 1464 2998 1525 Λουκᾶς
3041 1461 3097 1515 δέ
3151 1475 3340 1530 φησιν,
3391 1459 3474 1510 ὅτι
3529 1455 3806 1523 Παραδο-

2209 1561 2472 1627 θιὲσεσθε
2504 1564 2601 1614 καί
2655 1556 2775 1613 ὑπὸ
2824 1554 3050 1626 γονέων
3092 1554 3192 1606 καί
3221 1549 3540 1621 συγγενῶν
3569 1549 3670 1602 καί
3699 1549 3803 1616 φί-

2209 1658 2334 1709 λων
2354 1655 2452 1710 καί
2473 1653 2582 1722 (20)
2602 1648 2903 1719 ἀδελφῶν,
2927 1649 3025 1702 καί
3045 1645 3504 1701 θανατώσουσιν
3519 1643 3589 1707 ἐξ
3605 1637 3801 1709 ὓμῶν.

2210 1746 2446 1814 Προεῖπε
2491 1745 2600 1813 γὰρ
2642 1744 2754 1804 τοῖς
2783 1739 3060 1812 μαθηταῖς
3101 1740 3130 1792 δ
3167 1735 3402 1807 Χριστὸς
3431 1734 3524 1787 καὶ
3553 1731 3714 1785 τουτὶ
3740 1730 3805 1783 τδ

2211 1839 2430 1893 πάντων
2477 1837 2805 1899 δεινότατον,
2854 1836 2937 1888 ὅτι
2992 1832 3090 1886 καὶ
3139 1831 3246 1884 ὑπὸ
3286 1830 3396 1882 τῶν
3445 1825 3806 1880 οἰκειοτάτων

2213 1930 2709 2000 πολεμηθήσονται,
2743 1927 2832 1979 ἵνα
2867 1923 3245 1996 προμαθόντες
3272 1917 3686 1989 ἐτοιμασθῶσιν
3715 1917 3805 1977 εἰς

514 2025 664 2071 rent.
701 2015 828 2070 ιιωο
865 2026 1048 2071 autem
1089 2016 1275 2070 omnia
1320 2017 1568 2085 praedixit
1597 2016 1677 2070 eis
1715 2014 1930 2070 decimo
1960 2030 2108 2070 nono

2223 2019 2516 2090 δπομονὴν,
2542 2019 2635 2070 καὶ
2654 2016 2841 2069 λοιπὸν
2871 2013 3201 2083 κουφότερον
3227 2013 3286 2064 τὸ
3304 2012 3474 2064 δεινὸν
3494 2009 3804 2075 ἐνέγκοιεν.

521 2107 722 2177 capite.
760 2106 957 2173 Quaere
992 2121 1120 2179 ergo
1159 2116 1215 2162 et
1244 2106 1318 2161 ibi
1343 2107 1539 2162 horum
1575 2106 1997 2178 expositionem.

593 2365 748 2420 νει-ε.
771 2365 860 2421 Η.
892 2364 962 2420 Et
982 2395 1052 2408 --
1083 2367 1294 2422 multos.
1350 2365 1617 2438 Superius
1642 2368 1711 2424 de
1739 2369 1805 2426 iis
1836 2369 1991 2435 dixit,
2019 2369 2112 2440 qui

521 2471 583 2512 se
613 2456 863 2512 Christos
889 2472 1012 2512 esse
1042 2459 1249 2525 ﬁngent
1291 2474 1304 2511 :
1347 2474 1497 2514 nunc
1527 2469 1710 2514 autem
1743 2462 1812 2515 de
1845 2462 1930 2515 his
1958 2461 2113 2528 dicit,

519 2549 614 2618 qui
639 2563 699 2604 se
723 2550 1050 2618 prophetare
1068 2549 1424 2604 simulahunt.
1453 2551 1609 2606 Tunc
1635 2552 1779 2607 enim
1800 2554 1955 2608 multi
1982 2554 2116 2610 tales

523 2639 768 2704 fuerunt,
807 2655 932 2694 cum
988 2639 1169 2694 adhuc
1228 2641 1382 2695 initia
1423 2651 1608 2697 essent
1639 2644 2066 2713 praedicationis.

603 2823 760 2878 νοτε.
797 2824 880 2878 12.
913 2823 978 2877 Et
1012 2853 1076 2866 --
1108 2824 1419 2880 multorum.
1484 2827 1554 2881 Et
1587 2828 1691 2882 hoc
1743 2829 2114 2887 miserrimum

522 2923 631 2981 est,
664 2915 809 2985 quod
843 2929 1021 2983 neque
1056 2915 1123 2968 ab
1153 2915 1452 2969 amicorum
1514 2918 1809 2974 dilectione
1865 2923 2119 2976 consola-

527 3007 734 3058 tionem
765 3007 1004 3060 habituri
1054 3015 1200 3060 sunt.
1270 3006 1502 3072 Quidam
1535 3019 1722 3064 autem
1758 3013 1997 3080 ἀγάπην,
2033 3015 2116 3069 di-

530 3097 849 3160 lectionem,
894 3096 1165 3150 nominari
1227 3098 1488 3153 dixerunt
1539 3101 1986 3170 hospitalitatem,
2027 3107 2119 3160 alii

529 3201 666 3241 vero
741 3189 1184 3257 contpassionem
1225 3204 1240 3243 :
1286 3189 1407 3242 vide
1479 3202 1616 3258 quot
1705 3194 1950 3261 pericula
2028 3198 2109 3251 eis

524 3278 866 3348 praedixerit,
897 3280 966 3333 ad
995 3280 1178 3334 omnia
1234 3295 1529 3347 exacuens,
1571 3291 1625 3336 ct
1650 3284 1715 3337 ad
1752 3287 2116 3356 magnanimi-

523 3377 696 3424 tatem
735 3370 1022 3437 roborans,
1073 3387 1136 3426 ac
1191 3371 1692 3429 confortationibus
1738 3377 2114 3433 adamantinos

523 3461 784 3517 reddens.

598 3551 759 3608 νοτε.
795 3554 881 3608 i5.
913 3552 1017 3619 Qui
1074 3555 1544 3610 autent—salvus
1605 3557 1724 3611 erit.
1781 3558 1898 3614 Hoc
1953 3563 2117 3618 etiam

522 3643 733 3699 dictum
765 3654 851 3699 est
883 3646 1099 3701 decimo
1131 3661 1278 3701 nono
1329 3649 1527 3718 capite,
1591 3659 1647 3704 et
1708 3650 1780 3704 ibi
1830 3651 2119 3712 manifesta

524 3738 817 3794 admodum
850 3737 974 3792 data
1003 3747 1086 3792 est
1125 3739 1538 3807 interpretatio.

597 3825 753 3883 Vers.
791 3829 876 3883 14.
912 3826 980 3882 Et
1004 3829 1386 3897 prwdicabitur
1415 3858 1489 3870 —-
1515 3835 1657 3888 orbe.
1721 3833 1857 3889 llinc
1887 3834 2119 3890 demon-

524 3921 720 3977 stravit
746 3922 890 3991 quod
927 3922 1074 3976 nulla
1118 3922 1360 3992 pericula
1395 3924 1841 3991 praedicationem
1879 3943 2114 3997 supera-

527 4013 686 4078 bunt,
717 4023 773 4066 et
800 4012 875 4067 ita
909 4028 1162 4083 magnam
1191 4015 1645 4082 praedicatoribus
1692 4017 1879 4088 injecit
1928 4034 2124 4074 conso-

527 4105 815 4170 lationem,
849 4108 993 4175 quod
1027 4107 1134 4161 voti
1161 4109 1244 4161 sui
1277 4118 1558 4177 compotes
1586 4119 1748 4164 erunt
1779 4128 1793 4166 :
1829 4112 1956 4180 quia
1985 4111 2122 4165 nihil

526 4197 610 4251 eis
658 4199 764 4251 erit
798 4199 1100 4252 obstaculo.
1179 4200 1223 4253 si
1263 4202 1427 4254 modo
1480 4202 1850 4257 toleraverint.
1909 4201 2123 4258 Marcus

525 4297 709 4344 autem
736 4291 1077 4346 manifestius
1102 4293 1234 4346 dixit
1267 4310 1281 4348 :
1317 4292 1385 4346 Et
1412 4295 1464 4347 in
1489 4311 1664 4350 omnes
1691 4307 1868 4367 gent—es
1890 4297 2121 4366 primum

528 4391 732 4446 oportet
762 4385 1051 4448 praedicare
1083 4384 1432 4455 Evangelium
1452 4387 1521 4439 ⁸³.

599 4472 758 4529 Vers.
789 4477 872 4530 Η.
910 4475 974 4529 In
1004 4506 1072 4516 —
1103 4479 1364 4545 gentibus.
1410 4480 1492 4533 Ad
1526 4481 1990 4553 redargutionem,
2053 4487 2124 4542 ad

527 4569 938 4622 accusationem
965 4584 1155 4624 eorum
1187 4571 1278 4633 qui
1299 4587 1405 4624 non
1435 4574 1806 4641 crediderint;
1839 4593 1910 4631 ne
1939 4579 2122 4634 dicere

2213 2113 2403 2166 Ταῦτα
2433 2112 2490 2164 δέ
2548 2111 2730 2164 πάντα
2762 2110 3029 2178 προεῖπεν
3064 2106 3250 2166 αὐτοῖς
3282 2102 3376 2155 καὶ
3411 2105 3468 2154 ἐν
3497 2100 3575 2170 τῷ
3607 2103 3805 2153 ἐννεα-

2212 2204 2520 2272 καιδεκάτῳ
2563 2199 2864 2268 κεφαλαίῳ,
2903 2197 2998 2250 καὶ
3037 2195 3273 2266 ζήτησον
3321 2195 3485 2246 κάκεῖ
3533 2194 3634 2261 τὴν
3671 2190 3808 2260 περὶ

2211 2297 2418 2353 τούτων
2451 2295 2740 2363 ἐξήγησιν.

2284 2386 2392 2440 Kal
2428 2417 2494 2426 —
2530 2383 2824 2449 πολλούς.
2899 2380 3183 2448 Ἀνωτὲρω
3222 2378 3320 2448 μὲν
3355 2376 3484 2448 περὶ
3523 2375 3634 2429 τῶν
3665 2377 3808 2429 ὑπο-

2209 2474 2548 2546 κρινομένων
2598 2474 2690 2526 τὸν
2741 2471 2980 2541 Χριστὸν
3043 2465 3215 2524 εἶπεν·
3277 2468 3511 2520 ἐνταῦθα
3552 2467 3608 2519 δέ
3653 2466 3806 2534 λέγει

2216 2568 2346 2639 περὶ
2384 2567 2490 2620 τῶν
2531 2561 2978 2634 ὑποκρινομένων
3013 2559 3406 2632 προφητεύειν.
3453 2558 3646 2610 Πολλοὶ
3692 2558 3808 2626 γὰρ

2216 2657 2446 2712 τοιοῦτοι
2480 2656 2599 2709 τότε
2649 2653 2962 2722 γεγόνασιν,
3000 2651 3175 2723 ἀρχὴν
3206 2651 3283 2704 ἔτι
3315 2649 3409 2702 τοῦ
3441 2649 3804 2720 κηρύγματος

2217 2752 2434 2824 ἔχοντος

2289 2844 2396 2898 Kal
2459 2874 2514 2882 —
2563 2839 2830 2895 πολλῶν.
2883 2840 2995 2892 Καὶ
3044 2837 3204 2891 τοῦτο
3252 2834 3662 2908 χαλεπώτατον,
3717 2834 3802 2886 ὅτι

2217 2933 2340 2986 ούδέ
2369 2935 2467 3004 τὴν
2496 2934 2601 2986 άπὸ
2633 2936 2730 3002 τῆς
2759 2931 2980 3002 ἀγάπης
3011 2928 3372 3002 παραμυθίαν
3397 2926 3599 2990 ἕξουσι.
3641 2923 3804 2986 Τινὲς

2217 3027 2276 3080 δὲ
2337 3027 2560 3098 ἀγάπην
2618 3023 2853 3080 ἐνταῦθα
2929 3023 3026 3094 τὴν
3087 3019 3398 3090 φιλοξενίαν
3471 3018 3802 3085 ὠνόμασανο

2218 3115 2396 3187 ’ἑτεροι
2424 3116 2502 3180 δὲ,
2537 3114 2635 3185 τὴν
2667 3112 3034 3184 συμπάθειαν.
3066 3111 3232 3181 Ὅρα,
3257 3110 3400 3161 πόσα
3429 3107 3579 3160 δεινὰ
3610 3107 3804 3175 προεῖο

2222 3223 2323 3258 πεν
2379 3206 2583 3269 αὐτοῖς,
2645 3203 2982 3274 παραθήγων
3038 3203 3120 3262 είς
3179 3201 3382 3262 πάντα,
3434 3197 3526 3250 καὶ
3583 3195 3802 3264 στομῶν

2223 3301 2303 3362 είς
2346 3298 2627 3367 εὐψυχίαν,
2682 3295 2779 3348 καὶ
2820 3296 2942 3358 ταῖς
2990 3291 3354 3365 ἐπιρῤώσεσιν
3406 3288 3804 3359 ἀδαμαντίνους

2222 3388 2696 3459 ἀπεργαζόμενος.

2303 3557 2368 3609 Ὀ
2398 3557 2465 3609 δὲ
2505 3582 2563 3596 -—
2594 3556 2955 3621 σωθήσεται.
2993 3555 3222 3624 Εἴρηται
3271 3554 3365 3607 καὶ
3401 3553 3558 3606 τοῦτο
3626 3553 3687 3606 ἐν
3724 3553 3803 3623 τῷ

2220 3646 2693 3716 ἐννεακαιδεκάτῳ
2730 3645 3035 3714 κεφαλαίῳ,
3084 3644 3179 3696 καὶ
3224 3642 3602 3714 διηρμηνεύθη
3657 3644 3801 3695 πάνυ

2226 3738 2415 3806 σαφῶς
2451 3739 2591 3792 ἐκεῖ.

2297 3831 2403 3884 Kal
2466 3828 2918 3900 κηρυχθήσεται
2980 3860 3050 3873 -
3103 3827 3444 3897 οἰκουμένῃ.
3522 3827 3802 3880 Ἐντεῦθεν

2222 3923 2445 3988 ἔδειξεν,
2503 3925 2586 3976 ὅτι
2636 3923 2787 3976 οὐδὲν
2838 3923 2949 3975 τῶν
2993 3922 3183 3974 δεινῶν
3233 3921 3653 3990 περιγενήσεται
3705 3920 3800 3973 τοῦ

2225 4015 2607 4086 κηρύγματος,
2647 4014 2744 4069 καὶ
2774 4014 2977 4084 πολλὴν
3007 4012 3151 4066 οὕτω
3177 4015 3290 4076 τοῖς
3322 4012 3516 4083 κήρυξι
3543 4030 3804 4083 παραμυ-

2227 4108 2347 4162 θίαν
2405 4109 2645 4173 ἐνέόαλε,
2706 4107 3229 4179 πληροφορηθεῖσιν,
3286 4107 3365 4159 ὅτι
3421 4107 3570 4159 οὐδὲν
3621 4108 3802 4168 αὐτοῖς

2226 4202 2535 4268 ἐμποδίσει,
2588 4203 2682 4256 ἐὰν
2737 4203 2897 4270 μόνον
2944 4193 3046 4252 ὦσι
3088 4199 3425 4270 καρτερικοί.
3477 4199 3698 4268 Μάρκος
3743 4199 3800 4250 δὲ

2225 4297 2605 4368 φανερώτερον
2653 4290 2832 4353 εἶπεν.
2863 4295 2945 4346 ὅτι
3004 4291 3111 4346 Καὶ
3157 4293 3244 4356 εις
3296 4289 3495 4343 πάντα
3554 4290 3624 4343 τὰ
3657 4291 3798 4358 ἔθνη

2225 4391 2321 4446 δεῖ
2338 4389 2574 4458 πρῶτον
2604 4385 2972 4457 κηρυχθῆναι
3000 4385 3066 4438 τὸ
3099 4381 3485 4453 Εὐαγσγέλιον.

2299 4484 2402 4547 Είς
2427 4511 2498 4520 —-
2525 4480 2790 4534 ἔθνεσιν.
2828 4478 2923 4540 Είς
2949 4477 3188 4545 ἔλεγχον,
3221 4477 3300 4536 είς
3332 4475 3665 4544 κατηγορίαν
3695 4474 3800 4527 τῶν

2233 4574 2308 4644 μὴ
2338 4571 2767 4632 πιστευσάντων,
2796 4570 2882 4622 ἴνα
2919 4568 2994 4640 μὴ
3024 4568 3291 4621 δύνωνται
3326 4567 3506 4634 λέγειν
3542 4569 3598 4618 ἐν
3624 4569 3797 4637 ἡμέρᾳ

529 4657 742 4725 possint
770 4659 824 4711 in
856 4659 944 4714 die
968 4661 1161 4728 judicii
1206 4677 1220 4714 :
1256 4661 1702 4719 Pmdicationcm
1761 4681 1871 4719 non
1909 4669 2113 4723 audivi-

2231 4666 2485 4734 κρίσεως,
2521 4663 2602 4716 ὅτι
2634 4664 2733 4715 οὐκ
2764 4661 3003 4732 ἥκουσαν
3035 4658 3131 4713 τοῦ
3164 4659 3544 4728 κηρύγματος.
3576 4659 3797 4728 Εἴρηται

530 4764 673 4802 inus.
711 4749 921 4804 Dictum
951 4760 1035 4806 est
1065 4753 1230 4806 etiam
1263 4753 1330 4808 de
1364 4755 1469 4809 hoc
1507 4756 1720 4811 decimo
1743 4774 1889 4813 nono
1923 4761 2121 4830 capite.

600 4838 758 4896 νοτε.
792 4842 876 4896 ii.
923 4843 1502 4899 Et—consummatio.
1540 4847 1958 4906 Consummatio
1984 4863 2123 4908 tem-

532 4932 604 5001 pli
636 4943 690 4987 et
716 4933 1040 4998 Jerusalem,
1078 4948 1138 4991 ut
1170 4941 1536 5006 praediximus.
1577 4941 1718 4995 Dicit
1751 4959 1880 5013 ergo
1919 4963 1931 4998 :
1967 4946 2123 5000 Post-

529 5043 693 5095 quam
740 5031 879 5083 facta
918 5029 1124 5085 fuerint
1173 5033 1424 5086 universa
1478 5049 1600 5102 quae
1651 5036 1797 5090 dicta
1860 5047 2008 5104 sunt,
2065 5048 2120 5094 et

527 5130 815 5189 postquam
845 5123 1196 5191 praedicatum
1215 5125 1383 5179 fuerit
1404 5125 1755 5198 Erangelium
1795 5129 1846 5182 in
1869 5132 2121 5186 universo

527 5212 682 5276 orbe,
719 5221 849 5267 tunc
882 5214 1068 5268 veniet
1098 5215 1304 5270 Judzeis
1329 5220 1644 5273 mnuimoda
1677 5222 1932 5288 perditio.
1965 5224 2128 5287 Quod

529 5310 715 5355 autem
748 5305 1064 5374 priusquam
1098 5318 1431 5376 caperentur
1491 5310 1866 5381 Hierosolyma
1923 5315 2120 5383 przedi-

531 5401 715 5444 catum
746 5395 816 5447 sit
852 5396 1208 5467 Evangelium
1251 5415 1349 5468 per
1405 5411 1578 5455 totum
1621 5404 1913 5468 mundum,
1983 5405 2122 5458 dixit

532 5482 732 5540 Paulus
766 5505 778 5540 :
809 5487 1191 5559 Fructiﬁcavir,
1225 5491 1423 5564 inquit,
1459 5511 1524 5548 ac
1545 5497 1704 5549 crevit
1734 5498 1790 5549 in
1813 5497 1955 5550 omni
1976 5512 2125 5551 crea-

641 5633 683 5666 “
718 5633 883 5690 Marc.
909 5651 1025 5700 xm,
1060 5637 1147 5692 12.
1259 5637 1304 5671 δ’
1327 5638 1461 5696 Luc.
1494 5641 1718 5710 1x516.

2231 4760 2288 4813 δὲ
2319 4761 2416 4813 καὶ
2452 4756 2611 4811 τοῦτο
2634 4757 2690 4809 ἐν
2716 4755 2793 4824 τῷ
2823 4753 3294 4822 ἐννεακαιδεκάτῳ
3326 4751 3627 4820 κεφαλαίῳ.

2303 4853 2417 4907 Καί
2445 4882 2516 4891 -
2547 4851 2746 4911 τέλος.
2775 4849 2847 4900 Τὸ
2878 4847 3026 4909 τέλος
3055 4846 3150 4899 τοῦ
3183 4845 3309 4897 ναοῦ
3341 4844 3434 4897 καὶ
3466 4844 3565 4912 τῆς
3605 4843 3797 4913 Ἰερου-

2233 4947 2433 5017 σαλὴμ,
2462 4945 2536 5008 ὡς
2564 4944 2904 5015 προέφημεν.
2942 4941 3103 5008 Λέγει
3131 4940 3328 5000 τοίνυν,
3361 4939 3441 4990 ὅτι
3468 4939 3606 5007 μετά
3633 4938 3690 4990 τὸ
3718 4955 3802 4999 γε·

2231 5040 2418 5093 νέσθαι
2447 5038 2513 5090 τά
2558 5037 2792 5107 ρηθέντα
2826 5035 3023 5097 πάντα,
3061 5033 3154 5084 καὶ
3203 5031 3338 5102 μετὰ
3370 5031 3430 5082 τὸ
3469 5029 3800 5100 κηρυχθῆναι

2227 5133 2288 5185 τὸ
2329 5130 2663 5198 Εὑαγγέλιον
2699 5129 2758 5179 ἐν
2806 5127 2906 5197 ὅλῃ
2946 5129 3011 5195 τῇ
3042 5124 3358 5193 οἰκουμένῃ,
3386 5123 3508 5174 τότε
3547 5123 3667 5191 ἣξει
3697 5125 3798 5184 τοῖς

2239 5222 2513 5284 Ἰουδαίοις
2558 5221 2587 5273 ὁ
2641 5219 2909 5288 παντελὴς
2971 5216 3213 5282 ὄλεθρος.
3268 5215 3389 5266 Ὅτι
3438 5212 3492 5265 δέ
3551 5212 3656 5280 πρὸ
3709 5213 3799 5278 τῆς

2229 5314 2484 5378 ἁλώσεως
2517 5313 2619 5382 τῆς
2673 5309 3030 5381 Ἰερουσαλὴμ
3061 5305 3344 5376 ἐκηρύχθη
3379 5306 3439 5356 τὸ
3479 5304 3796 5371 Εὐαγγέλιον

2232 5408 2311 5467 είς
2351 5407 2471 5459 ὅλον
2503 5405 2594 5458 τὸν
2622 5404 2849 5471 κόσμον,
2882 5402 3101 5471 εἴρηκεν
3153 5401 3180 5451 ὁ
3230 5397 3460 5460 Παῦλος,
3505 5398 3586 5449 ὅτι
3636 5397 3793 5451 Ἔστι

2232 5495 2808 5564 καρποφορούμενον
2835 5491 2915 5561 (21
2931 5493 2946 5542 l
2964 5490 3076 5545 ’καί
3106 5488 3522 5555 αὐξανόμενον
3547 5485 3617 5538 ἐν
3641 5486 3792 5556 πάσῃ

1834 5644 1878 5674 ⁵³
1913 5643 2076 5697 Marc.
2113 5659 2228 5708 xm,
2273 5643 2355 5696 lO.

1723 5798 1923 5860 Variae
1956 5797 2259 5861 lectiones
2303 5805 2364 5860 et
2408 5807 2601 5859 notae.

541 5920 727 6044 Luﬁg)
767 5923 842 5976 Ita
874 5922 1036 5977 etiam
1063 5932 1291 5996 uterque
1324 5924 1498 5981 codex
1523 5926 1738 5984 ordinat
1764 5927 1819 5982 in
1863 5936 2118 5984 contextu

2301 5924 2869 5995 (21)(31ιιῪεοδιοιηιιε
2905 5924 3022 5979 haec
3071 5931 3261 5995 tractat
3294 5933 3330 5978 t.
3390 5922 3498 5986 VII,
3545 5939 3597 5992 p.
3641 5923 3792 5978 7251)

2238 6007 2292 6053 et
2318 5998 2433 6052 loca
2466 5994 2661 6051 similia
2692 5995 3000 6052 confundit.
3055 5994 3211 6052 Hunc
3245 6009 3394 6068 ergo,
3430 6010 3541 6052 non
3591 5995 3789 6051 codices
