4020 6514
231 406 348 467 609

1082 400 1480 463 COMMENT.
1519 399 1598 460 IN
1645 400 2125 463 ΜΑΤἸῊᾹΣΠΜ.
2163 426 2231 436 --
2273 403 2434 462 CAP.
2475 404 2688 466 XXIV.

3439 410 3548 472 610

228 509 314 578 τῇ
370 511 569 565 κτίσει
625 511 700 581 τῇ
759 513 863 566 ὑπ’
920 511 1207 578 οὐρανόν.
1246 511 1307 563 El
1350 513 1460 581 γὰρ
1521 509 1683 574 αὐτὸς
1731 512 1841 566 ἀπὸ

1950 521 2070 565 tura
2115 529 2232 580 qut:
2262 514 2354 566 sub
2400 515 2527 566 cwlo
2563 525 2636 568 est
2670 515 2734 569 “.
2768 513 2824 569 Si
2871 516 3019 571 enim
3057 516 3173 588 ipse
3202 533 3234 573 a
3291 517 3550 576 Hieroso-

243 601 610 673 Ἰερουσαλὴμ
642 608 723 668 εἰς
784 603 1068 657 Ἱσπανίαν
1111 602 1403 673 ἐκήρυξεν,
1445 604 1702 674 ἐννόησον
1748 602 1844 655 καὶ

231 697 369 764 περὶ
401 697 510 748 τῶν
552 697 728 750 ἄλλων
769 695 1112 761 ἀποστόλων,
1145 698 1274 766 ἄχρι
1322 697 1491 749 πόσου
1520 697 1841 768 διέδραμον.

231 788 337 840 Διά
385 789 546 840 τοῦτο
602 788 659 840 δὲ
698 789 838 858 μετά
871 790 932 839 τὸ
985 787 1334 860 κηρυχθῆναι
1389 788 1449 840 τὸ
1505 789 1845 856 Εὑαγγέλιον

232 880 520 950 πανταχοῦ
544 880 642 950 τῆς
660 882 991 951 οἰκουμένης
1017 882 1348 934 ἀπόλλυνται
1370 881 1437 933 τὰ
1473 882 1734 952 Ἰεροσόλυ
1743 900 1840 951 μα,

235 972 327 1023 ἶνα
371 971 506 1041 μηδὲ
548 972 708 1025 σκιάν
743 973 1043 1040 ἀπολογίας
1076 973 1279 1042 ἔχωσιν
1346 975 1608 1039 Ἰουδαῖοι,
1643 975 1842 1028 τοσαύ-

229 1064 336 1131 τὴν
389 1062 592 1126 ἰδόντες
641 1065 739 1133 τὴν
797 1064 1029 1134 δύναμιν
1081 1066 1177 1119 τοῦ
1232 1069 1611 1137 κηρύγματος,
1661 1069 1734 1131 ὡς
1783 1069 1840 1120 ἐν

232 1155 435 1225 βραχεῖ
476 1159 658 1209 πᾶσαν
694 1157 1018 1228 ἐπιδραμεῖν
1051 1158 1152 1228 τὴν
1187 1161 1543 1230 οἰκουμένην,
1570 1162 1666 1213 καὶ
1695 1179 1843 1214 παν-

226 1247 407 1316 ταχοῦ
467 1249 716 1318 λάμψαι,
783 1252 876 1302 καὶ
948 1253 1320 1322 μεμενηκότες
1382 1255 1477 1306 ἐπὶ
1521 1257 1621 1325 τῆς
1672 1255 1840 1325 αὐτῆς

228 1337 502 1401 ἀπιστίας
539 1339 637 1391 καὶ
664 1340 1085 1411 ἀγνωμοσύνης,

307 1430 501 1482 ’Ὅταν
565 1427 680 1486 οὖν
737 1461 809 1471 —-
870 1436 1101 1486 νοείτω.
1177 1435 1470 1506 Βδέλυγμα
1526 1435 1623 1490 νῦν
1689 1439 1838 1508 λέγει

226 1522 324 1575 τὸν
356 1524 659 1594 ἀνδριάντα
693 1525 786 1576 τοῦ
830 1525 1014 1591 Τίτου,
1049 1528 1129 1592 ὃν,
1167 1528 1305 1582 ἐλὼν
1335 1530 1433 1599 τὴν
1464 1532 1642 1596 πόλιν,
1680 1531 1839 1602 ἔστη-

228 1633 328 1667 σεν
388 1617 447 1669 ἐν
498 1619 612 1680 τοῖς
681 1617 895 1680 ἀδύτοις
957 1619 1051 1672 τοῦ
1108 1620 1263 1675 ναοῦ.
1312 1621 1672 1694 Βδελύγματα
1725 1625 1837 1695 γὰρ

225 1711 254 1761 ὁ
307 1712 475 1780 νόμος
529 1710 782 1779 ὠνόμαζε
833 1712 902 1763 τὰ
953 1714 1182 1766 τοιαῦτα
1239 1715 1662 1786 ἀφομοιώματα.
1726 1719 1839 1787 Τῆς

224 1807 575 1877 ἐρημώσεως
620 1807 677 1860 δέ
729 1808 1199 1878 τοῦτο.κέκληκε,
1241 1809 1399 1871 διότι,
1448 1809 1837 1879 ἐρημουμένου

1950 601 2108 672 lymis
2172 619 2344 672 usque
2405 604 2470 658 ad
2528 604 2848 674 Hispaniam
2924 609 3263 677 praadicavit,
3322 613 3551 682 concipe

1950 695 2117 748 etiam
2144 695 2212 748 de
2244 697 2464 750 ueteris
2497 699 2761 765 apostolis
2817 715 3104 770 quousque
3153 704 3548 771 percurrerint.

1949 783 2168 839 Idcirco
2205 787 2354 839 enim
2373 797 2658 857 postquam
2691 791 3049 858 prmdicatnm
3080 801 3166 846 est
3197 791 3551 865 Evangelium

1950 875 2153 941 ubique
2186 885 2481 941 terrarum,
2507 888 2746 947 pereunt
2767 881 3166 951 Hierosolyma,
3203 897 3273 936 ne
3301 888 3552 940 umbram

1947 967 2168 1034 quidem
2201 968 2579 1037 responsionis
2613 968 2853 1023 habeant
2879 970 3049 1024 Judaei
3079 987 3095 1024 :
3130 983 3333 1026 tantam
3362 976 3555 1029 viden-

1949 1066 2029 1112 tes
2065 1059 2474 1128 praedicationis
2510 1063 2798 1129 virtutem,
2832 1071 2890 1116 ut
2920 1063 3254 1118 breviSsimo
3308 1074 3554 1134 tenpore

1949 1149 2269 1203 universum
2305 1152 2647 1220 percurrerit
2674 1153 2887 1217 orbem,
2923 1163 2980 1207 et
3029 1155 3234 1224 ubique
3288 1159 3552 1226 splendo-

1947 1257 2063 1297 rem
2124 1245 2384 1300 dederit:
2424 1262 2547 1300 cum
2615 1256 2797 1300 tamen
2859 1248 2965 1319 ipsi
3031 1251 3440 1320 permanserint
3494 1251 3554 1306 in

1946 1334 2275 1393 inﬁdelitate
2299 1348 2352 1392 et
2376 1339 2775 1408 ingratitudine
2810 1355 2933 1394 sua.

2022 1427 2177 1481 Vers.
2207 1425 2296 1483 15.
2337 1425 2471 1480 Cum
2501 1443 2624 1498 ergo
2654 1457 2723 1467 —
2754 1427 3037 1497 inteltigat.
3067 1427 3553 1483 Abominationcm

1946 1517 2081 1571 dicit
2108 1516 2216 1570 Titi
2248 1525 2515 1584 statuam,
2576 1533 2741 1587 quam
2799 1528 2963 1588 capta
3017 1519 3239 1574 cintate
3274 1525 3466 1576 statuit
3495 1523 3552 1576 in

1946 1609 2125 1679 adytis
2159 1610 2377 1677 templi.
2430 1610 2716 1679 Siquidem
2761 1611 3199 1666 abominationes
3245 1614 3555 1683 appellabat

1944 1702 2030 1756 iex
2068 1703 2384 1772 huiusmodi
2440 1703 2731 1772 imagines.
2785 1702 3154 1759 Desolationis
3215 1721 3348 1759 vero
3395 1707 3552 1771 dixit,

1945 1795 2072 1864 quia
2108 1795 2199 1848 illa
2237 1794 2466 1849 deserto
2501 1796 2705 1865 templo
2733 1811 2796 1849 ac
2820 1797 3045 1850 civitate
3083 1807 3270 1851 erecta
3294 1805 3382 1852 est
3414 1813 3428 1852 :
3459 1809 3554 1852 aut

226 1897 327 1949 τοῦ
389 1897 526 1951 ναοῦ
579 1899 673 1950 καὶ
727 1899 824 1969 τῆ,
885 1900 1115 1963 πόλεως,
1176 1898 1307 1968 ἔστη
1366 1897 1546 1950 τοῦτο·
1609 1899 1642 1968 ἢ
1700 1899 1836 1951 διότι

1950 1892 2069 1959 quia
2105 1891 2224 1960 ejus
2251 1899 2368 1942 erat
2395 1890 2575 1960 imago
2605 1891 2698 1958 qui
2731 1890 2847 1944 haec
2883 1890 3102 1944 deserta
3174 1889 3323 1945 fecit.
3394 1892 3553 1956 Quod

224 1987 324 2039 τοῦ
374 1990 768 2059 ἐρημώσαντος
818 1991 958 2042 αὺτά
998 1986 1066 2058 ἦν
1119 1993 1151 2059 ἡ
1206 1989 1371 2043 είκών
1437 1989 1572 2058 (‘22).
1619 1989 1692 2042 Τὸ
1753 1990 1832 2054 εὶ,

227 2078 424 2132 Ὅταν
456 2078 646 2146 ἴδητε,
675 2081 826 2133 δοκεί
856 2080 958 2151 μὲν
986 2082 1221 2151 ῥηθῆναι
1257 2081 1394 2147 πρὸς
1437 2080 1562 2141 τοὺς
1591 2081 1833 2134 ἀποστό-

222 2172 379 2234 λους·
412 2173 643 2243 φέρεται
676 2173 734 2226 δὲ
768 2173 902 2245 πρὸς
929 2175 1056 2236 τοὺς
1096 2172 1410 2236 Ἰουδαίους,
1445 2173 1532 2224 ἴνα
1564 2173 1831 2243 μάθωσιν,

223 2264 312 2316 ὅτι
340 2264 443 2315 οὐκ
467 2264 548 2326 εἰς
569 2266 823 2334 μακρὰν,
850 2265 986 2316 ἀλλὰ
1011 2263 1234 2328 ζώντων
1267 2264 1451 2315 αὐτῶν
1474 2264 1532 2315 τὸ
1556 2263 1834 2332 βδέλυγμα

226 2359 524 2426 στήσεται.
579 2357 643 2407 Oi
702 2357 994 2408 ἀπόστολοι
1051 2357 1162 2426 γὰρ
1214 2354 1460 2422 ἔφθασαν
1515 2357 1836 2424 προαποθα-

224 2452 418 2510 νόντες
475 2449 525 2498 οἱ
585 2447 830 2511 πλείους,
895 2449 990 2500 καὶ
1056 2449 1172 2500 ὅσοι
1229 2447 1284 2498 δὲ
1343 2445 1831 2515 περιελείφθησαν,

225 2542 283 2592 ἐν
309 2540 496 2601 ἄλλοις
521 2541 824 2609 τηνικαῦτα
855 2541 1046 2610 μέρεσι
1068 2541 1161 2610 τῆς
1190 2541 1518 2607 οἰκουμένης
1542 2537 1833 2608 διέτριϐον.

225 2633 574 2704 Ιιιιρέπεμιξιε
598 2633 652 2684 δὲ
688 2632 884 2692 αὐτοὺς
905 2631 998 2682 ἐπὶ
1023 2631 1114 2682 τὸν
1134 2631 1352 2701 Δανιὴλ,
1377 2631 1834 2700 προφητεύσαντα

227 2727 362 2792 περὶ
407 2726 505 2776 τοῦ
553 2726 797 2776 τοιούτου
845 2723 1244 2793 βδελύγματος,
1303 2726 1399 2776 καὶ
1442 2723 1537 2776 τοῦ
1584 2724 1830 2793 ὀλέθρου.

228 2816 390 2881 Τότε,
429 2817 618 2886 φησὶν,
649 2819 675 2867 ό
706 2817 1100 2882 ἀναγινώσκων
1135 2815 1235 2884 τὴν
1261 2815 1442 2884 βίῦλον
1470 2813 1565 2866 τοῦ
1610 2811 1831 2882 Δανιὴλ,

227 2912 420 2964 νοείτω
458 2912 759 2963 ἐπιστάντα
792 2910 883 2960 τὸν
919 2908 1164 2978 ὄλεθρον.
1216 2909 1273 2960 '0
1309 2909 1365 2960 δὲ
1401 2909 1616 2965 Λουκᾶς
1644 2909 1835 2975 ἕτερον

230 3003 460 3073 σημεῖόν
518 3017 723 3068 φησιν,
781 3001 862 3052 ὅτι
935 3001 1121 3051 Ὅταν
1185 2999 1351 3066 ἴδητε
1407 3001 1837 3068 κυκλουμένην

226 3097 344 3154 ὑπὸ
375 3092 805 3160 στρατοπέδων
835 3093 950 3162 τὴν
998 3092 1422 3161 Ἰερουσαλὴμ,
1459 3093 1593 3145 τότε
1625 3091 1832 3162 γνῶτε,

228 3188 318 3240 ὄτι
353 3183 504 3256 ἧκεν
534 3186 570 3252 ἡ
605 3184 908 3252 ἐρήμωσις
939 3183 1152 3253 αὐτῆς.
1189 3185 1448 3237 Φαίνεται
1483 3179 1599 3250 οὖν,
1631 3185 1712 3238 ὅτι
1739 3187 1834 3240 καὶ

228 3279 521 3346 ἀμφότερα
549 3271 703 3327 εἶπεν
733 3275 761 3326 ὁ
786 3275 1044 3336 Χριστός.

304 3369 450 3422 Τότε
481 3397 520 3406 -
576 3365 674 3418 ἐπὶ
713 3365 785 3418 τὰ
819 3365 949 3432 ὄρη.
989 3364 1172 3417 Εἰπὼν
1203 3366 1332 3435 περὶ
1367 3366 1477 3419 τῶν
1506 3365 1695 3420 κακῶν
1727 3365 1837 3419 τῶν

228 3459 708 3528 καταῖε.τ,ψομένων
757 3460 822 3510 τὰ
874 3458 1251 3529 Ἰεροσόλυμα,
1288 3460 1374 3512 ναὶ
1423 3461 1531 3530 μὴν
1576 3461 1836 3528 καὶπερὶ

230 3555 342 3606 τῶν
371 3553 584 3604 πολλῶν
607 3555 699 3604 καὶ
727 3554 985 3604 ποικίλων
1011 3553 1341 3622 πειρασμῶν
1363 3553 1473 3606 τῶν
1495 3554 1834 3618 ἀποστόλων,

226 3648 311 3699 In
345 3646 402 3697 δέ
434 3647 526 3698 καὶ
555 3645 686 3713 περὶ
720 3645 818 3713 τῆς
854 3645 1172 3708 εὺοδώσεως
1207 3645 1303 3698 τοῦ
1337 3647 1723 3718 κηρύγματος,
1753 3649 1834 3701 ὅτι

228 3738 660 3808 ἀνεμποδίστως
698 3738 882 3789 πᾶσαν
917 3738 1313 3807 ἐπιδραμεῖται
1348 3741 1448 3808 τὴν
1479 3739 1836 3808 οἰκουμένην,

228 3834 378 3900 λέγει
433 3831 596 3882 πάλιν
648 3832 778 3902 περὶ
844 3829 953 3884 τῶν
1003 3830 1312 3884 Ἰουδαϊκῶν
1371 3833 1690 3902 συμφορῶν,
1725 3833 1837 3886 δει-

227 3926 435 3987 κνύων,
463 3925 544 3976 ὅτι
577 3925 706 3978 ὅταν
739 3924 901 3987 αὐτὸς
933 3926 1026 3978 καὶ
1056 3927 1105 3977 οἱ
1141 3925 1391 3995 μαθηταὶ
1423 3927 1590 3979 αὑτοῦ
1626 3944 1836 3981 παντα-

227 4018 327 4088 χοῦ
363 4016 725 4080 δοξάζωνται,
761 4021 886 4068 τότε
924 4013 1072 4070 οὗτοι
1108 4017 1454 4087 πανταχόθεν
1488 4017 1836 4089 διαφθείρον-

226 4129 342 4165 ται.
379 4111 482 4161 Διὰι
513 4110 568 4162 δέ
596 4109 704 4160 τῶν
731 4109 1040 4162 δοκούντων
1075 4109 1290 4177 μικρῶν
1335 4109 1591 4179 ἐμφαίνει
1624 4109 1684 4161 τὸ
1726 4109 1835 4162 τῶν

232 4203 463 4272 πληγῶν
502 4203 730 4254 ἐκείνων
772 4203 1072 4273 ἀφόρητον.
1118 4203 1322 4256 Σκόπει
1357 4203 1486 4273 γάρ,
1532 4204 1688 4269 Τότε,
1725 4221 1833 4272 φη..

232 4299 341 4361 σίν,
378 4298 511 4349 ὅταν
546 4296 605 4347 τὸ
641 4295 924 4364 βδέλυγμα
960 4299 1082 4368 στῇ,
1111 4298 1163 4347 οἱ
1207 4300 1264 4348 ἐν
1293 4300 1358 4367 τῇ
1421 4297 1671 4367 Ἰουδαίᾳ,
1707 4297 1836 4350 ἔνθα

227 4391 298 4440 τὰ
354 4385 736 4459 Ἰεροσόλυμα,
775 4391 1125 4456 ςευγέτωσαν
1156 4387 1250 4439 ἐπὶ
1285 4390 1351 4442 τὰ
1389 4387 1511 4458 ὅρη,
1564 4389 1834 4459 μηδεμίαν

230 4481 430 4534 ἐλπίδα
471 4481 746 4550 σωτηρίας
791 4482 898 4533 ἀπὸ
931 4481 1026 4532 τοῦ
1075 4482 1410 4552 προσμένειν
1445 4482 1681 4551 ἔχοντες.
1720 4484 1834 4536 υύκ

1946 1994 2127 2037 autem
2172 1987 2289 2038 ait:
2334 1984 2465 2040 Cum
2501 1986 2768 2050 videritis,
2823 1985 3040 2040 videtur
3072 1986 3294 2055 quidem
3343 1986 3552 2041 dictum

1946 2095 2071 2134 esse
2122 2080 2190 2134 ad
2221 2080 2524 2150 apostolos,
2552 2082 2648 2135 sed
2696 2092 2879 2136 tamen
2913 2081 3091 2135 fertur
3114 2082 3182 2136 ad
3220 2079 3465 2148 Judmos,
3494 2091 3556 2135 ut

1945 2172 2121 2226 sciant
2157 2173 2301 2242 quod
2333 2189 2444 2228 non
2474 2173 2636 2245 longe
2661 2184 2804 2244 post,
2850 2175 2948 2228 sed
2993 2173 3074 2227 eis
3121 2174 3303 2228 adhuc
3363 2173 3551 2228 viven-

1949 2267 2098 2321 tibus
2125 2266 2464 2321 abominatio
2494 2268 2684 2322 stabit.
2715 2265 2911 2321 Plures
2952 2266 3225 2336 siquidem
3270 2268 3553 2336 aposto!oo

1945 2375 2065 2412 rum
2093 2369 2219 2414 ante
2261 2360 2313 2414 id
2347 2369 2564 2429 tempus
2600 2360 2806 2414 mortui
2839 2368 2970 2413 sunt
3010 2377 3024 2414 :
3080 2360 3266 2412 cmteri
3311 2362 3554 2429 reroqui

1943 2461 2323 2506 remanserant
2385 2453 2439 2506 in
2495 2453 2615 2507 aliis
2659 2461 2786 2506 tunc
2845 2451 2993 2506 orbis
3050 2451 3304 2520 partibus
3365 2467 3550 2506 tersa--

1948 2542 2172 2595 bantur.
2246 2542 2393 2596 Misit
2464 2553 2650 2597 autem
2701 2557 2798 2596 eos
2849 2542 2916 2595 ad
2980 2540 3288 2606 Daniclem,
3345 2543 3437 2611 qui
3485 2544 3555 2598 de

1946 2633 2264 2702 hujusmodi
2316 2634 2727 2688 abominationc
2778 2643 2833 2687 et
2875 2642 3055 2703 strage
3103 2633 3550 2702 prophetaverat.

1945 2723 2124 2790 Tunc,
2153 2726 2349 2794 inquit,
2383 2725 2476 2794 qui
2508 2726 2638 2796 legit
2674 2725 2914 2778 Danielis
2939 2726 3139 2778 librum
3167 2725 3233 2788 ⁸⁵,
3284 2725 3555 2792 intelligat

1945 2831 2010 2870 ac
2042 2818 2356 2871 consideret
2383 2826 2622 2870 erectam
2655 2816 3149 2874 abominationcm.
3217 2815 3393 2869 Lucas
3420 2831 3552 2869 vero

1946 2907 2098 2960 aliud
2159 2907 2294 2962 dicit
2343 2910 2612 2976 signum:
2660 2907 2795 2962 Cum
2852 2909 3094 2960 videritis
3133 2908 3456 2961 circumdari
3487 2909 3551 2960 ob

1946 3008 2265 3060 exercitibus
2307 3005 2635 3072 Jerusalem,
2691 3016 2813 3060 tunc
2877 3009 3064 3061 scitote
3118 3007 3258 3077 quod
3313 3006 3551 3058 immimt

1946 3099 2206 3153 dcsolati‘o
2246 3100 2362 3168 ejus
2394 3100 2462 3154 “.
2490 3102 2733 3171 Apparet
2769 3114 2899 3170 ergo
2935 3099 3081 3169 quod
3137 3109 3432 3168 utrumqu:
3467 3100 3551 3152 di-

1950 3193 2089 3248 xerit
2125 3192 2398 3248 Christus.

2018 3367 2170 3422 Vers.
2205 3365 2290 3421 16.
2319 3364 2460 3420 Tunc
2486 3397 2548 3405 —
2576 3365 2646 3417 ad
2684 3372 2904 3418 montes.
2951 3361 3250 3432 Postquam
3278 3360 3345 3417 de
3377 3360 3536 3415 malis

1942 3458 2099 3524 dixit,
2149 3475 2270 3529 qua:
2326 3459 2794 3529 comprehensum
2839 3468 2997 3511 erant
3040 3455 3441 3525 Hierosolyma,
3481 3453 3551 3507 de

1939 3534 2134 3606 multis.
2160 3562 2422 3622 pra-terea
2455 3570 2517 3606 ac
2540 3552 2703 3605 variis
2729 3551 3103 3620 apostolorum
3125 3546 3548 3607 tentationibus,

1940 3646 2170 3716 insuper
2194 3655 2249 3700 et
2275 3647 2342 3700 de
2371 3643 3382 3715 prOSperoiprmilicationissucressu,
3405 3641 3551 3710 quod

1939 3740 2145 3809 absque
2177 3741 2284 3795 ullo
2322 3741 2720 3809 impedimento
2763 3739 3092 3793 universum
3121 3747 3404 3806 percurrat
3463 3750 3554 3788 or-

1939 3831 2065 3885 bem
2105 3850 2118 3885 :
2151 3832 2390 3900 loquitur
2420 3833 2618 3884 iterum
2659 3831 2726 3884 de
2761 3827 3082 3883 Judzeorum
3117 3827 3550 3885 calamitatibus.

1937 3925 2242 3978 ostendens
2270 3923 2416 3992 quod
2448 3932 2736 3992 postquam
2775 3922 2892 3992 ipse
2927 3919 3260 3989 etdiscipuli
3297 3920 3378 3972 sui
3417 3918 3541 3972 nbi-

1943 4033 2049 4086 que
2109 4018 2164 4070 in
2227 4016 2488 4086 opinione
2553 4015 2758 4070 celebri
2839 4013 3010 4068 habiti
3067 4012 3453 4078 fuerint,tunc
3493 4011 3550 4066 hi

1943 4111 2180 4180 undique
2224 4110 2548 4179 perdentur.
2601 4108 2704 4162 Per
2751 4122 2813 4161 ea
2843 4121 2974 4159 vero
3005 4121 3126 4174 qua:
3159 4119 3325 4173 parva
3359 4103 3552 4157 \‘iden-

1943 4218 2051 4272 tnr,
2083 4206 2430 4260 demonstrat
2461 4204 2744 4275 plagarum
2771 4201 2987 4256 illarum
3021 4197 3546 4254 intolerabilitatem.

1939 4299 2239 4353 Considera
2273 4297 2442 4352 enim.
2505 4297 2681 4359 Tunc,
2721 4296 2917 4365 inquit,
2947 4296 3037 4362 qui
3069 4293 3123 4346 in
3152 4293 3338 4346 Judzca
3397 4299 3546 4354 sunt,

1941 4389 2034 4441 ubi
2071 4386 2449 4456 Hierosolyma
2480 4386 2584 4440 sita
2611 4393 2758 4447 sunt,
2798 4382 3012 4452 fugiant
3053 4380 3122 4435 ad
3153 4391 3391 4447 montes,
3424 4382 3548 4433 nul-

1943 4479 2049 4532 lam
2081 4479 2271 4533 salutis
2323 4494 2475 4547 Spem
2523 4478 2575 4530 in
2627 4478 2966 4531 remanendo
2999 4474 3301 4535 habentes;
3369 4488 3548 4538 neque

227 4575 386 4628 ἐσται
446 4574 554 4641 γὰρ
612 4571 915 4640 ἀνάκλησις
976 4573 1152 4635 ὅλως,
1217 4572 1338 4625 ούδέ
1406 4572 1682 4642 μεταϐολὴ
1741 4574 1833 4626 τοῦ

1950 4575 2092 4626 enim
2151 4573 2256 4625 erit
2320 4571 2547 4624 omnino
2600 4568 2877 4623 revocatio
2934 4576 3026 4620 aut
3088 4565 3216 4620 mali
3270 4568 3541 4629 mutatio;

227 4666 431 4720 κακοῦ.
469 4665 672 4734 Διόπερ
713 4666 1005 4734 ἀγαπητὸν
1043 4666 1106 4717 τὸ
1134 4667 1227 4718 καὶ
1257 4664 1452 4735 γυμνῷ
1481 4665 1558 4734 τῷ
1618 4666 1831 4736 σώματι

227 4761 459 4829 φεύγειν
490 4757 928 4828 ἀμεταστρεπτί.

311 4853 377 4903 'U
431 4881 501 4889 —-
551 4849 658 4918 τῆς
701 4851 926 4915 οἰκείας
975 4850 1181 4904 αὐτοῦ.
1233 4851 1331 4903 Διά
1377 4850 1469 4905 τὸν
1517 4851 1830 4920 ἀφύλακτον

227 4943 384 4995 κάτω
413 4941 682 5004 κίνδυνον,
713 4942 800 4992 ἵνα
835 4940 910 5010 μὴ
941 4941 1200 5010 ἐμπεσὼν
1223 4943 1518 5012 ἀπόληται,

303 5037 413 5090 Καὶ
444 5066 513 5075 ——
540 5036 611 5086 τὰ
644 5037 846 5103 ἱμάτια
886 5037 1095 5090 αὑτοῦ.
1130 5039 1190 5090 Εἰ
1224 5038 1333 5110 γὰρ
1368 5040 1417 5091 οἱ
1467 5042 1522 5092 ἐν
1554 5045 1619 5112 τῇ
1677 5042 1830 5094 πόλει

229 5131 497 5199 ςεύγουσι
526 5131 616 5180 τὸν
651 5129 799 5182 ἔνδον
829 5130 941 5199 (25)
975 5130 1220 5201 ὀλεθρον,
1251 5133 1430 5202 πολλῴ
1457 5135 1660 5203 μᾶλλον
1692 5138 1740 5188 οἱ
1773 5138 1829 5189 ἐν

227 5226 342 5285 τοῖς
406 5224 618 5291 ἀγροῖς.
681 5223 838 5291 ιιαρά
892 5222 949 5276 δέ
1002 5224 1080 5292 τῷ
1133 5227 1321 5297 Λουκᾷ
1367 5227 1515 5293 λέγει
1575 5231 1668 5280 καὶ
1732 5231 1832 5298 τὴν

231 5316 414 5368 αἰτίαν
462 5314 563 5382 τῆς
617 5314 980 5386 σφοδρότητος
1032 5317 1141 5370 τῶν
1201 5319 1448 5389 πληγῶν,
1490 5321 1572 5373 ὅτι
1625 5322 1833 5391 ἡμέραι

342 5499 387 5531 ⁸⁸
422 5499 631 5554 Coloss.
676 5515 716 5567 ι,
753 5501 858 5567 2'5;
894 5517 966 5564 γι,
1004 5501 1090 5554 10.
1205 5500 1248 5531 ’⁵⁵
1288 5503 1424 5558 Dan.
1462 5517 1537 5568 Ix,
1568 5503 1656 5556 27.

1772 5502 1815 5531 ’⁵⁸
1846 5499 1976 5551 Luc.
2011 5515 2123 5562 XXI,
2161 5497 2252 5551 ΞΟ.

1945 4666 2069 4718 ideo
2110 4663 2162 4717 id
2191 4661 2635 4732 amplectendam
2664 4660 2792 4724 erit,
2832 4669 2890 4713 ut
2915 4659 3063 4712 nudo
3095 4658 3259 4713 etiam
3291 4673 3543 4727 corpore,

1941 4771 2046 4810 nec
2086 4771 2242 4810 versa
2275 4765 2578 4809 retrorsum
2619 4752 2756 4807 facie
2782 4752 3014 4823 fugiant.

2015 4849 2172 4902 Vers.
2219 4848 2304 4900 17.
2340 4847 2533 4911 Qui—
2564 4848 2718 4899 domo
2751 4862 2874 4898 sua.
2931 4844 3165 4914 Propter
3218 4843 3541 4898 inevitabile

1940 4941 2271 5011 periculum,
2333 4955 2402 4992 ne
2434 4938 2640 4992 incidat
2667 4940 2720 4991 in
2764 4937 3149 5007 perditionem.

2011 5034 2166 5089 Vers.
2206 5035 2290 5088 18.
2333 5034 2402 5087 Et
2442 5061 2505 5072 —-
2533 5036 2840 5086 vestimenta
2865 5049 2986 5084 sua.
3057 5032 3114 5084 Si
3144 5030 3293 5084 enim
3345 5029 3433 5098 qui
3483 5029 3536 5082 in

1939 5129 2161 5183 civitate
2194 5138 2344 5191 sunt,
2380 5127 2598 5197 fugiunt
2642 5142 2763 5180 eam
2795 5141 2915 5194 quae
2948 5123 3101 5175 intus
3128 5131 3212 5174 est
3271 5131 3536 5190 stragem,

1940 5223 2114 5276 multo
2147 5221 2323 5290 magis
2358 5220 2451 5289 qui
2487 5218 2540 5273 in
2570 5219 2735 5290 agris.
2796 5218 2951 5286 Apud
2991 5217 3196 5270 Lucam
3236 5231 3363 5267 vero
3402 5213 3540 5267 dicit

1942 5317 2108 5370 etiam
2145 5330 2368 5369 causam
2409 5313 2776 5367 vehementia!
2799 5311 3084 5381 plagarum
3115 5308 3161 5339 ⁵⁷
3200 5327 3215 5362 ι
3247 5307 3385 5372 Quia
3417 5305 3536 5358 dies

2365 5499 2408 5528 "
2453 5497 2584 5552 Luc.
2615 5513 2729 5562 xxi,
2756 5495 2850 5548 ἓξ.

1460 5667 1663 5729 Variae
1694 5666 2006 5730 lectiones
2041 5673 2101 5726 et
2135 5669 2324 5723 notm.

234 5835 368 5890 Novi
406 5834 764 5899 Testamenli,
811 5838 1056 5903 sequitur
1091 5837 1434 5906 linthymius.
1475 5837 1630 5894 [lunc
1686 5852 1837 5892 erro-

241 5923 352 5962 tetn
397 5925 586 5964 corrcx
618 5919 633 5962 t
660 5907 963 5981 'l‘beophyl.
1005 5928 1056 5980 p.
1094 5913 1190 5968 145
1227 5912 1288 5964 Ιί-

2019 5833 2129 5901 (‘22)
2161 5827 2269 5882 Ἦν
2307 5828 2492 5892 εἰκών,
2526 5830 2591 5901 Α..

2022 5899 2133 5976 (:25)
2171 5901 2356 5955 Ἔνδον
2375 5901 2526 5956 abest
2551 5899 2616 5954 A.
