4020 6524
528 509 637 576 611

1775 506 2159 568 EUTHYMII
2199 502 2563 565 ZIGABENI

3706 501 3816 566 612

530 621 760 678 ultionis
794 622 849 690 lii
882 630 1032 686 sunt,
1070 618 1129 687 ut
1153 620 1533 692 compleantur
1557 620 1742 677 omnia
1800 637 1923 692 qua:
1978 622 2113 677 scri-

2231 620 2560 690 ὲκδικήσεως
2597 612 2759 673 αὗταί
2808 618 2939 684 εισι,
2982 616 3077 671 τοῦ
3123 617 3432 691 πλησθῆναι
3465 617 3582 688 (υ)
3631 620 3813 673 πάντα

530 723 625 785 pta
668 714 820 775 Sunt,
872 715 925 768 in
958 712 1111 768 libris
1169 712 1428 767 videlicet
1484 711 1725 766 Danielis
1790 724 1845 768 et
1887 714 2117 767 aliorum

529 804 945 873 prophetarum,
971 802 1038 856 de
1065 801 1377 871 huiusmodi
1412 804 1837 873 expugnatione.
1868 801 1993 854 Dies
2018 817 2119 855 au-

530 903 640 950 tem
679 893 898 946 ultionis
922 895 1087 948 caedis
1106 891 1401 949 Dominicze
1428 903 1611 961 erunt.
1634 894 1741 948 Sed
1765 893 1880 948 hac
1900 892 2120 962 quidem

522 986 679 1053 juxta
713 985 1022 1037 historiam.

599 1076 758 1129 Juxta
782 1092 1059 1146 anagogeu
1078 1092 1241 1142 vero,
1271 1077 1367 1148 qui
1402 1080 1454 1133 in
1478 1075 1666 1133 Iudaea
1704 1084 1856 1140 sunt,
1890 1075 1993 1129 hoc
2014 1084 2119 1143 est,

527 1166 584 1218 in
616 1165 803 1218 divino
828 1166 979 1219 cultu
1016 1184 1027 1219 :
1058 1182 1184 1221 nam
1230 1168 1282 1223 id
1313 1168 1584 1239 signiﬁcat
1633 1164 1836 1224 Iudaea:
1867 1181 2067 1220 nomen
2104 1182 2119 1219 :

528 1257 737 1327 fugiant
766 1260 832 1313 ad
875 1269 1109 1323 montes,
1166 1263 1348 1325 idest,
1394 1261 1461 1314 ad
1496 1259 1774 1314 excelsum
1818 1257 1909 1313 Dei
1964 1256 2123 1312 auxi-

530 1351 684 1415 lium,
718 1362 812 1405 aut
862 1354 929 1406 ad
957 1355 1167 1409 excelsa
1221 1355 1502 1407 virtutum.
1537 1352 1641 1419 Qui
1679 1368 1810 1407 vero
1842 1352 1895 1406 in
1953 1358 2121 1413 tecto,

527 1445 641 1497 sive
692 1446 783 1513 qui
818 1448 1236 1500 conversatione
1274 1445 1539 1509 elevatus,
1594 1456 1649 1500 et
1703 1446 1977 1500 excelsior
2024 1458 2124 1511 per

531 1545 696 1589 vitam
755 1537 983 1591 «ﬂectus
1035 1537 1221 1598 fuerit.
1281 1553 1392 1591 non
1458 1538 1777 1605 descendat,
1840 1546 1901 1592 ut
1971 1538 2125 1590 tollat

534 1628 717 1681 mundi
752 1628 982 1682 allectus
1006 1644 1143 1697 quos
1185 1630 1501 1697 reliquerat.
1537 1630 1601 1684 Et
1635 1630 1727 1699 qni
1758 1630 1813 1682 in
1851 1645 1980 1701 agro
2005 1629 2122 1683 sive

537 1722 589 1772 in
620 1721 858 1774 solitaria
887 1728 1011 1785 vita,
1050 1737 1160 1775 non
1195 1731 1505 1776 revertatur
1538 1733 1595 1776 ut
1628 1724 1780 1777 tollat
1820 1723 2123 1777 vestimen-

535 1825 587 1865 ta
611 1829 730 1876 sua,
768 1829 891 1881 qua:
925 1822 1051 1867 sunt
1070 1814 1404 1882 operimenta
1438 1828 1809 1884 peccatorum,
1837 1813 1907 1869 ab
1931 1830 1997 1870 eo
2008 1815 2121 1885 jam

531 1902 738 1957 dudum
769 1902 983 1956 relicta.

598 2092 759 2147 νει-ε.
794 2093 878 2147 19.
929 2089 1113 2145 γω-
1170 2093 1375 2148 diebus.
1449 2094 1562 2150 Illis
1618 2094 1840 2165 quidem
1890 2106 2116 2166 propter

526 2198 670 2237 Onus
707 2183 967 2245 interius,
1000 2182 1089 2237 his
1116 2198 1248 2238 vero
1290 2194 1519 2255 propter
1540 2187 1805 2242 exterius.
1835 2186 1946 2241 ilia:
1968 2189 2115 2243 enim

528 2274 775 2342 pondere
805 2273 1166 2343 cmbryonum
1201 2286 1522 2345 gravantur,
1579 2277 1663 2333 lue
1711 2288 1897 2333 autem
1951 2294 2121 2333 onere

532 2366 886 2423 lactentium.
920 2371 1202 2440 Siquidem
1235 2370 1392 2426 facile
1409 2382 1493 2426 est
1524 2385 1623 2441 pro
1654 2370 1827 2424 salute
1859 2371 2124 2440 pecunias

524 2468 582 2513 et
621 2462 947 2514 vestimenta
1002 2470 1360 2516 contemnere
1392 2478 1407 2516 :
1442 2461 1559 2516 fieri
1595 2471 1779 2515 autem
1831 2462 2007 2515 levem
2067 2471 2124 2515 et

526 2550 710 2620 fugam
761 2551 1081 2621 expeditam
1106 2568 1227 2606 eam
1262 2554 1338 2623 (It)
1364 2568 1486 2622 quae
1508 2553 1561 2606 in
1591 2562 1750 2607 utero
1814 2552 1999 2617 habet,
2028 2562 2122 2606 aut

524 2641 766 2707 abjicere
805 2640 1076 2695 infantem
1142 2657 1266 2696 eam
1304 2658 1428 2711 quze
1466 2646 1653 2704 Iactat,
1724 2656 1951 2711 prorsus
2015 2641 2122 2695 im-

526 2734 795 2805 possibile
850 2744 936 2789 est
987 2745 1217 2805 propter
1262 2746 1475 2789 natura:
1529 2733 1833 2788 vinculum.
1862 2734 1955 2788 Vat
1989 2748 2123 2805 ergo

522 2826 648 2885 illis.
682 2827 809 2895 quia
838 2826 997 2881 facile
1030 2826 1604 2896 comprehendentur;
1636 2834 1693 2879 et
1722 2825 1978 2879 similiter
2004 2839 2124 2879 em-

523 2900 827 2985 bryonibus
860 2931 925 2969 ac
956 2916 1307 2980 lactentibus,
1347 2925 1406 2969 ut
1429 2916 1521 2984 qui
1547 2913 1710 2969 simul
1737 2914 1997 2984 peribunt
2036 2914 2124 2984 (ἱ).

598 3024 1058 3095 Juxtaanogagen
1084 3040 1215 3079 vero
1248 3034 1595 3095 praegnantes
1619 3022 1857 3078 dicimus
1883 3024 2121 3084 animas.

521 3132 647 3185 qua:
680 3116 937 3169 virtutem
965 3116 1211 3169 nondum
1243 3125 1611 3185 pepererunt:
1640 3115 1909 3171 lactantes
1936 3124 2123 3169 autem

521 3221 644 3277 qua:
678 3216 1013 3276 pepererunt
1039 3205 1285 3273 quidem.
1325 3220 1515 3259 verum
1555 3204 1786 3276 puerilia
1831 3210 1916 3260 est
1971 3204 2123 3258 fetus

521 3308 579 3352 ct
611 3298 908 3351 admodum
937 3296 1303 3366 pusillanimis
1335 3297 1427 3367 Ο).

602 3390 757 3445 Vers.
790 3390 880 3444 '20.
919 3391 1084 3444 Orate
1116 3420 1183 3433 --
1213 3388 1465 3443 Sabbato.
1494 3389 1845 3445 Manifestum
1899 3398 1956 3444 et
1991 3389 2122 3444 hinc

523 3486 695 3557 quod,
715 3499 1028 3555 quanquam
1048 3483 1412 3553 adlapostolos
1427 3484 1791 3554 protendebat
1805 3483 2119 3555 hujusmodi

520 3590 827 3639 sermones,
852 3585 1094 3629 attamen
1128 3578 1211 3629 vel
1242 3576 1331 3630 isti
1354 3575 1420 3629 ad
1448 3574 1670 3631 Judaros
1698 3574 2070 3646 respiciebant
2095 3591 2111 3640 ;

521 3686 704 3740 neque
723 3670 873 3723 enim
895 3667 1129 3737 amplius
1156 3668 1525 3722 observabant
1548 3667 1778 3736 apostoli
1796 3667 2117 3731 Sabbatum,

521 3762 747 3831 quando
784 3768 945 3828 capta
978 3769 1105 3814 sunt
1143 3758 1549 3831 Hierosolyma.
1574 3759 1757 3826 Quare
1795 3770 1980 3815 autem
2006 3775 2119 3815 non

522 3855 707 3909 hieme
761 3868 940 3921 neque
1017 3852 1313 3907 Sabbato?
1364 3850 1559 3905 Hieme
1622 3853 1842 3921 quidem
1891 3862 2121 3921 prapter

520 3944 787 4015 temporis
816 3944 1193 3999 dimcultatem
1223 3960 1238 4009 ;
1269 3943 1510 3997 Sabbato
1530 3958 1659 3997 vero
1690 3950 1912 4013 propter
1943 3943 2117 4013 legem

518 4056 641 4109 quae
676 4053 784 4091 uou
826 4037 1177 4107 permittebat
1205 4035 1448 4091 Sabbato
1484 4036 1588 4091 iter
1610 4035 1795 4091 facere
1835 4036 1976 4090 ultra
1999 4045 2117 4091 sta-

518 4142 667 4186 tutos
688 4132 806 4199 lege
834 4144 1052 4199 passus.

588 4224 901 4295 Anagogice
972 4232 1155 4277 autem
1231 4221 1415 4293 fugam
1472 4220 1832 4293 intelligimus
1904 4219 2113 4275 exitum

2148 3352 2195 3412 (ἒ

2221 714 2292 765 τά
2348 711 2737 785 γεγραμμένα,
2790 709 3018 782 δηλαδὴ.
3073 711 3134 764 ὲν
3190 714 3312 775 ταῖς
3368 708 3576 781 βίϐλοις
3618 708 3720 764 τοῦ
3750 727 3813 764 τε

2222 806 2444 877 Δανιὴλ,
2478 806 2574 859 καὶ
2615 804 2724 859 τῶν
2757 804 2934 859 ἄλλων
2967 804 3288 875 προφητῶν,
3322 804 3452 875 περὶ
3490 802 3594 873 τῆς
3622 802 3817 857 τοιαύ-

2223 918 2319 971 της
2352 900 2629 962 ἁλώσεως.
2673 897 2914 969 Ἡμέραι
2941 898 2999 952 δὲ
3038 898 3375 968 ἐκδικήσεως
3403 896 3499 951 τοῦ
3547 899 3817 950 Δεσποτι·

2225 994 2323 1047 κοῦ
2349 993 2533 1063 φόνου.
2573 991 2736 1045 Ἀλλά
2764 990 2940 1045 ταῦτα
2974 991 3073 1060 μὲν
3103 990 3227 1044 καθ’
3256 991 3521 1059 ίστορίαν.

2298 1086 2454 1139 Κατά
2486 1084 2541 1137 δὲ
2575 1082 2868 1153 ἀναγωγὴν
2899 1083 2951 1136 oi
2984 1084 3042 1135 ὲν
3076 1084 3140 1154 τῇ
3184 1081 3441 1151 Ἰουδαίᾳ,
3500 1083 3815 1146 τουτέστιν,

2223 1181 2274 1231 οἱ
2309 1180 2366 1231 ιν
2395 1181 2461 1248 τῇ
2497 1177 2768 1247 εὐσεϐείᾳο
2804 1177 2961 1230 τοῦτο
2990 1174 3097 1246 γάρ
3136 1175 3399 1245 σημαίνει
3433 1176 3495 1228 τδ
3530 1176 3635 1245 τῆς
3680 1176 3819 1228 ’1ου-

2224 1271 2375 1333 δαία;
2407 1272 2603 1339 ὄνομα·
2639 1269 2995 1338 φευγέτωσαν
3028 1270 3121 1321 επὶ
3153 1268 3220 1323 τά
3248 1268 3372 1338 δρη·
3408 1268 3554 1337 λέγω
3592 1269 3683 1337 δὴ,
3719 1269 3815 1321 ἐπὶ

2224 1365 2323 1433 τὴν
2365 1362 2575 1432 ὑψηλὴν
2610 1360 2864 1432 βοήθειαν
2905 1359 2999 1413 τοῦ
3030 1358 3189 1422 Θεοῦ,
3227 1358 3261 1429 ἢ
3297 1358 3389 1412 επὶ
3439 1359 3509 1412 τὰ
3552 1358 3667 1429 ὕψη
3701 1359 3816 1412 τῶν

2225 1454 2458 1524 ἀρετῶν·
2488 1454 2517 1506 ὁ
2549 1454 2642 1505 ἐπὶ
2670 1451 2767 1506 τοῦ
2797 1451 3049 1521 δώματος
3096 1451 3153 1504 δὲ
3178 1490 3193 1514 ,
3224 1450 3391 1520 ἠγουν
3412 1488 3427 1511 .
3470 1452 3498 1503 ό
3529 1450 3629 1515 τῆς
3661 1450 3818 1503 κάτω

2224 1547 2511 1618 διατριὸῆς
2542 1545 2876 1617 ὑπεραρθεὶς
2908 1545 3003 1598 καὶ
3028 1544 3231 1613 ὑψηλὸς
3257 1542 3337 1613 τῷ
3367 1540 3467 1613 βίῳ
3494 1542 3815 1616 γενόμενος,

2228 1640 2305 1711 μὴ
2336 1639 2712 1693 κατασαινέτω
2742 1634 2872 1709 ἆραι
2899 1638 2965 1691 τά
2998 1638 3059 1689 εκ
3088 1636 3184 1689 τοῦ
3211 1635 3421 1704 κόσμου
3451 1632 3628 1702 πάθη,
3664 1634 3814 1703 ἅπερ

2226 1732 2575 1786 ἀπολέλοιπε’
2607 1730 2705 1784 καὶ
2730 1733 2757 1784 ό
2792 1732 2851 1783 εν
2880 1730 2959 1801 τῷ
2990 1728 3147 1800 ἀγρῷ
3190 1727 3268 1793 δὲ,
3298 1727 3495 1792 εττουν,
3542 1726 3571 1777 ό
3623 1724 3683 1777 ἑν
3736 1723 3816 1793 τῷ

2225 1822 2706 1896 ἀνακεχωρημὼῳ
2765 1822 2900 1893 βίῳ,
2961 1820 3038 1892 μὴ
3104 1818 3488 1890 επιστρεψάτω
3543 1813 3681 1887 ἆραι
3742 1816 3814 1868 τά

2228 1916 2421 1987 ίμάτια
2452 1915 2620 1970 αὑτοῦ
2651 1916 2795 1986 ἆπερ
2839 1913 2949 1967 είσὶ
2997 1913 3068 1967 τά
3098 1912 3422 1983 περιϐόλαια
3469 1908 3579 1963 τῶν
3630 1909 3816 1979 ἀμαρ-

2154 2010 2195 2064 B
2224 2010 2379 2072 τιῶν,
2405 2008 2441 2062 ἀ
2470 2008 2639 2062 πάλαι
2668 2007 2995 2061 ἀπεδύσατο.

2301 2102 2449 2156 Οὐάὶ
2490 2128 2558 2140 --
2590 2096 2864 2169 ἡμέραις.
2904 2097 3027 2152 Τῶν
3060 2097 3163 2168 μὲν
3191 2096 3329 2169 (25),
3382 2095 3470 2150 διά
3514 2093 3609 2149 τὸν
3659 2093 3816 2158 ἐντὸς

2225 2192 2454 2261 φόρτον,
2484 2189 2594 2243 τῶν
2652 2189 2713 2241 δι
2743 2188 2834 2241 διά
2871 2188 2964 2241 τὸν
2997 2186 3157 2250 huic;
3185 2186 3247 2240 ού
3281 2186 3605 2255 δυναμένων
3644 2182 3806 2237 εὐκό-

2222 2285 2332 2346 λως
2362 2284 2585 2352 φυγεῖν.
2623 2283 2689 2335 Al
2724 2281 2825 2352 μιν
2848 2280 2961 2350 γὰρ
2997 2279 3342 2351 βεδάρηνται
3394 2276 3474 2347 τῷ
3508 2274 3671 2345 ἄχθει
3701 2274 3816 2327 τῶν

2224 2376 2508 2447 εμϐρύων.
2544 2375 2602 2428 αἱ
2632 2374 2692 2427 δὲ
2742 2372 2819 2445 τῷ
2875 2372 3085 2443 φορτίῳ
3122 2373 3232 2424 τῶν
3263 2369 3631 2441 θηλαζόντων.
3666 2366 3821 2437 Χρη-

2230 2470 2423 2539 μάτων
2451 2468 2552 2538 μὲν
2586 2467 2699 2537 γάρ
2737 2467 2836 2520 καὶ
2867 2468 3103 2536 ίματίων
3152 2462 3573 2533 καταφρονῆσαι
3605 2460 3815 2532 ῥᾴδιον,

2222 2562 2313 2616 διὰ
2350 2562 2648 2631 σωτηρίαν·
2680 2561 2943 2629 γενέσθαι
2973 2559 3033 2613 δὲ
3082 2560 3185 2629 τὴν
3225 2558 3423 2625 εγκυον
3454 2556 3696 2626 κούφην,
3724 2554 3817 2607 καὶ

2228 2654 2539 2725 ἀπορῤίψαι
2588 2652 2689 2721 τὴν
2743 2650 3112 2720 θηλάζουσαν,
3150 2651 3178 2703 δ
3210 2649 3459 2720 θηλάζει,
3528 2646 3816 2711 παντελῶς

2226 2746 2512 2810 ἀδύνατον,
2545 2744 2633 2798 διὰ
2657 2744 2750 2797 τὸν
2776 2743 2979 2811 δεσμὸν
3014 2743 3115 2813 τῆς
3156 2744 3396 2811 φύσεως.
3438 2742 3579 2794 Οὐαὶ
3629 2740 3814 2792 τοίνυν

2227 2840 2447 2902 αὐταῖς,
2483 2836 2737 2901 εὐπετῶς
2778 2835 3403 2908 καταλαμϐανομιναις,
3431 2836 3529 2888 καὶ
3564 2834 3680 2896 τοῖς
3713 2834 3807 2902 tuo

2228 2932 2417 3002 ϐρύοις
2458 2932 2553 2984 καὶ
2595 2928 2933 2999 ὑπομαζίοις
2990 2927 3598 2997 συνδιαφθειρομέναις.

2299 3022 2460 3075 Κατά
2489 3021 2546 3074 δι
2581 3019 2883 3091 ἀναγωγὴν
2923 3022 2983 3072 ὲν
3040 3022 3241 3089 γαστρὶ
3274 3020 3372 3089 μὲν
3403 3017 3636 3087 ὲχούσας
3662 3014 3815 3071 νοοῦ-

2229 3130 2329 3185 μεν
2386 3113 2485 3176 τάς
2520 3114 2691 3183 μήπω
2726 3112 2995 3174 τεκούσας
3034 3112 3243 3181 ἀρετὴν
3299 3110 3500 3179 ψυχάς⁸
3538 3108 3813 3178 θηλαζού-

2227 3221 2327 3267 σας
2360 3204 2416 3259 δι
2453 3206 2552 3268 τάς
2582 3203 2854 3267 τεκούσας
2922 3203 3049 3274 μὶν,
3093 3202 3365 3276 νηπιῶδες
3391 3202 3450 3257 δὲ
3495 3204 3688 3273 κύημα
3718 3200 3813 3255 καὶ

2229 3297 2599 3369 βραχύτατον.

2304 3391 2734 3461 Προσεύχεσθε
2756 3422 2825 3435 —
2856 3390 3157 3456 Σαϐϐάτῳ.
3196 3388 3434 3460 Φανερὸν
3490 3387 3812 3456 κάντεῦθεν,

2224 3483 2309 3537 δτι
2348 3486 2395 3538 εί
2432 3485 2526 3537 καὶ
2565 3484 2701 3555 πρὸς
2732 3485 2861 3547 τοὺς
2889 3483 3223 3546 ἀποστόλους
3249 3484 3505 3535 ἀπέτεινε
3535 3482 3663 3546 τοὺς
3696 3498 3812 3535 τοι·

2224 3577 2421 3640 ούτους
2446 3576 2661 3643 λόγους,
2709 3575 2849 3629 ἀλλά
2878 3593 2941 3644 γε
2972 3576 3109 3646 πρὸς
3151 3576 3281 3638 τοὺς
3327 3575 3619 3637 Ἰουδαίους
3652 3574 3812 3627 ιολε.

2226 3685 2327 3721 πον
2356 3663 2526 3723 οὗτοι.
2558 3669 2667 3722 Καὶ
2701 3667 2811 3739 γὰρ
2839 3668 3025 3721 οὐκέτι
3062 3666 3484 3737 παρεφύλαττον
3510 3665 3571 3718 τὸ
3597 3665 3812 3719 Σάὁδαο

2226 3775 2319 3812 τον
2350 3760 2398 3812 οἱ
2425 3758 2738 3813 ἀπόστολοι.
2778 3758 2935 3812 Διατί
2964 3757 3041 3821 δὲ,
3074 3760 3147 3827 μὴ
3171 3758 3461 3827 χειμῶνος,
3494 3756 3630 3825 μηδὲ
3662 3755 3810 3809 Σασ-

2224 3852 2415 3923 σάτῳς
2474 3854 2567 3921 Μὴ
2622 3851 2893 3922 χειμῶνος
2955 3852 3075 3920 μὲν,
3126 3850 3216 3903 διά
3268 3850 3367 3918 τὴν
3393 3849 3678 3902 δυσκολίαν
3707 3848 3811 3920 τὴν

2224 3946 2333 3998 ἀπὸ
2354 3944 2449 3997 τοῦ
2482 3943 2699 4014 καιροῦ·
2739 3942 2817 4013 μὴ
2846 3942 3111 4011 Σαῦόάτῳ
3142 3940 3220 4004 δὲ,
3247 3940 3335 3993 διὰ
3370 3941 3461 3993 τὸν
3487 3942 3674 4010 νόμον,
3706 3941 3809 3993 οὐκ

2222 4039 2598 4108 ὶπιτρέποντα
2636 4035 2880 4108 βαδίζειν
2918 4036 2977 4087 ἑν
3008 4033 3275 4103 Σαεϐἀτῳ
3332 4033 3646 4105 περαιτέρω
3697 4033 3811 4086 τῶν

2223 4132 2636 4203 νενομισμένων
2666 4128 2956 4201 βημάτων.

2304 4221 2697 4291 Ἀναγωγικῶς
2731 4223 2790 4274 δὲ
2844 4219 3022 4292 φυγὴν
3054 4218 3152 4291 μὲν
3217 4217 3448 4289 νοοῦμεν
3498 4220 3597 4288 τὴν
3626 4218 3809 4285 ἔξοδον

516 4319 712 4372 anima:
741 4333 771 4370 a
801 4331 1072 4385 corpore;
1108 4315 1347 4369 hiemem
1398 4330 1526 4367 vero
1572 4314 2003 4369 commotionem
2049 4327 2116 4368 ac

2231 4316 2321 4387 τῆς
2343 4316 2519 4387 ψυχῆς
2539 4315 2650 4369 ἀπὸ
2673 4315 2769 4369 τοῦ
2802 4316 3082 4387 σώματος’
3115 4316 3368 4388 χειμῶνα
3397 4315 3454 4369 δὲ
3509 4315 3607 4385 τὴν
3634 4312 3807 4384 ζάλην

517 4412 888 4466 turbationem
926 4408 1356 4477 cogitationum;
1393 4405 1689 4461 Sabbatum
1719 4418 1904 4461 autem
1934 4408 2108 4461 otium

2231 4412 2314 4465 ιιαὶ
2348 4407 2598 4480 ταραχὴν
2647 4408 2760 4462 τῶν
2798 4409 3101 4480 λογισμῶνο
3148 4408 3431 4463 Σάδσατον
3460 4407 3518 4461 δὲ
3575 4408 3675 4477 τὴν
3706 4409 3806 4476 ἁρ-

514 4521 545 4558 a
580 4504 802 4557 virtute.
832 4498 999 4554 Jubet
1031 4499 1220 4567 itaque
1266 4500 1446 4552 sermo
1499 4509 1557 4551 ut
1617 4514 1858 4563 oremus,
1906 4513 1977 4553 ne
2019 4498 2116 4553 ﬁat

2231 4507 2354 4575 γίαν
2396 4505 2498 4575 τῆς
2530 4503 2761 4574 ἀρετῆς.
2798 4505 3103 4575 Παρεγγυᾷ
3164 4505 3275 4575 γὰρ
3314 4507 3341 4558 ό
3371 4502 3531 4571 λόγος
3572 4501 3807 4572 1:905:6-

514 4596 695 4649 cxitus
730 4593 927 4645 anima:
948 4599 1157 4643 nostra:
1189 4590 1243 4643 in
1282 4592 1647 4645 commotione
1682 4602 1776 4645 aut
1802 4592 2113 4647 turbatione

2231 4597 2435 4667 (εσθαι,
2484 4598 2562 4669 μὴ
2586 4597 2846 4667 γενέσθαι
2881 4597 2980 4668 τὴν
3010 4596 3194 4662 ἔξοδον
3216 4600 3313 4666 τῆς
3345 4594 3525 4664 ψυχῆς
3557 4592 3715 4664 ἡμῶν
3743 4595 3802 4643 ὲν

514 4684 932 4751 cogitationum,
964 4681 1235 4755 nequein
1280 4682 1393 4735 otio
1446 4696 1475 4735 a
1529 4681 1843 4751 virtutibus,
1904 4682 2001 4738 sed
2055 4682 2109 4736 in

2231 4690 2359 4765 ζάλῃ
2396 4694 2493 4744 καὶ
2522 4693 2740 4762 ταραχῇ
2772 4689 3075 4760 λογισμῶν,
3110 4688 3233 4760 μηδ’
3263 4692 3322 4742 ἑν
3347 4688 3522 4758 ἀργία
3545 4686 3641 4757 τῆς
3675 4689 3804 4755 ἁρε-

519 4778 915 4849 tranquillitate
940 4774 1343 4846 cogitationum
1368 4784 1425 4831 et
1458 4777 1779 4846 operatione
1809 4776 2100 4832 virtutum.

2231 4786 2336 4855 τῆς,
2363 4782 2502 4840 ἀλλὰ
2530 4782 2921 4854 γαληνιώντων
2940 4782 3049 4837 τῶν
3077 4780 3378 4850 λογισιιῶν,
3412 4779 3507 4832 καὶ
3538 4780 3801 4847 ἐνεργου-

2220 4880 2392 4951 μένης
2429 4882 2529 4951 τῆς
2560 4879 2788 4951 ἀρετῖκςο

1726 5022 1930 5084 Variae
1957 5022 2267 5085 lectiones
2299 5026 2360 5083 et
2388 5028 2578 5085 notae.

591 5166 841 5239 (24)Τοῦ
898 5166 1258 5239 πληρωθῆναι
1307 5171 1370 5222 Α.
1433 5169 1576 5225 Loco
1606 5170 1827 5225 laudato
1876 5176 2108 5238 uterque

2231 5171 2328 5232 τοῖς
2366 5168 2440 5222 δέ.
2479 5167 2585 5223 Sed
2630 5168 2776 5221 nulla
2804 5182 2943 5238 opus
2982 5176 3068 5223 est
3109 5166 3472 5239 correctione.
3508 5168 3622 5223 Nec
3647 5169 3793 5223 enim

518 5241 687 5311 codex
715 5238 777 5311 in
814 5248 959 5293 textu
1004 5238 1711 5311 ιυρπίιιεὺθιπλησθῆναι.

592 5308 704 5379 (25)
736 5308 1042 5365 llentenius
1092 5310 1350 5376 reddidit,
1394 5308 1550 5367 ac’si
1582 5308 1795 5383 legerit,
1828 5312 1943 5372 τοῖς
1979 5311 2106 5379 μὲν,

591 5469 665 5535 Ui)
700 5470 979 5595 Ethugam
1023 5473 1320 5539 expeditam
1368 5490 1504 5527 eam.
1557 5472 1682 5527 llrcc
1727 5489 1838 5527 non
1875 5484 2001 5527 sunt
2046 5474 2101 5526 in

591 5555 729 5593 meo.
808 5553 925 5595 orte
956 5555 1137 5595 autem
1175 5546 1366 5595 voluit.
1400 5555 1450 5595 et
1480 5546 1550 5595 ad
1578 5546 1782 5595 fuaam.
1820 5545 1877 5595 In
1913 5545 2098 5595 codice

517 5536 729 5614 graeco.
766 5536 925 5595 Forte
956 5536 1137 5595 autem
1175 5546 1366 5607 voluit,
1400 5555 1450 5597 et
1480 5546 1550 5597 ad
1574 5546 1782 5614 fugam.
1820 5545 1877 5598 ln
1913 5545 2098 5598 codice

520 5610 611 5746 illuc
660 5610 895 5666 fortasse
948 5622 1110 5666 erat:
1147 5614 1372 5687 Κούφην
1406 5617 1499 5667 καὶ
1528 5610 1765 5685 εὖσταλῆ
1812 5617 1946 5686 πρὶς
2004 5631 2103 5683 φυο

520 5696 550 5743 γ
597 5698 644 5731 ν.

540 5697 550 5707 .
597 5698 644 5731 ν.

519 5696 750 5880 :SltliltEt
774 5754 937 5808 simul
970 5769 1094 5808 cum
1127 5758 1513 5827 embryonibus
1549 5774 1612 5812 ac
1640 5756 1967 5813 lactentibus
1986 5770 2106 5824 per.

620 5838 649 5872 ll
684 5862 697 5875 ,

594 5892 681 5961 (j)
722 5892 1107 5953 Pusillanimia.
1161 5897 1273 5952 Hoc
1319 5913 1427 5951 non
1468 5911 1549 5954 est
1594 5899 1647 5953 in
1688 5897 1896 5953 Graeco.
1940 5897 2102 5952 Simi-

519 5959 632 6015 lem
652 5959 977 6023 sententiam
1010 5972 1227 6041 reperio
1275 5972 1327 6023 in
1355 5971 1558 6025 Catena
1593 5971 1835 6027 Corderii
1864 5971 1931 6028 ad
1967 5971 2023 6023 li.
2058 5970 2093 6023 l.

2213 5242 2280 5295 ad
2308 5241 2453 5305 οὐαί,
2478 5241 2573 5294 sed
2602 5240 2667 5293 ad
2696 5239 3014 5308 δυναμένων
3040 5238 3298 5296 refertur.

2204 5487 2272 5527 ex
2304 5472 2509 5527 Isidoro
2531 5482 2586 5525 et
2617 5470 2760 5539 apud
2792 5469 3062 5525 Isidorum
3092 5468 3191 5526 lib.
3216 5484 3253 5530 ι.
3282 5464 3440 5537 epist.
3472 5467 3595 5523 212.
3626 5468 3788 5522 etiam

2206 5547 2261 5595 in
2304 5543 2522 5598 schedis
2554 5544 2691 5595 meis
2722 5543 2866 5595 inter
2905 5540 3111 5594 inedita
3149 5540 3357 5595 scholia
3405 5549 3488 5595 est
3518 5542 3787 5607 ejusmodi

2206 5612 2416 5667 Severi.
2450 5612 2557 5667 Sed
2592 5614 2644 5665 in
2698 5612 2783 5666 his
2814 5611 3155 5681 βραχύτατον
3197 5626 3304 5664 non
3351 5612 3661 5681 reperitur:
3698 5628 3787 5680 vr]-

2205 5684 2408 5745 πιῶδες
2466 5694 2648 5737 autem
2701 5692 2757 5735 et
2805 5683 3019 5744 ἀτελές.
3056 5681 3407 5749 Βραχύτατον
3457 5683 3786 5750 interpretor

2243 5755 2676 5825 ραχυὸιώτατον.
2702 5754 2816 5806 Alia
2842 5756 2986 5806 enim
3019 5753 3246 5825 subesse
3278 5754 3544 5825 sententia
3575 5764 3783 5819 ncqrnt.

2234 5822 2375 5880 forte
2409 5824 2713 5880 chtcnius
2757 5840 2786 5878 e
2827 5838 2927 5877 suo
2969 5822 3159 5877 codice
3188 5823 3553 5893 cxscalpswat
3582 5826 3781 5891 βραχὺο

2211 5914 2361 5965 νουν,
2396 5900 2553 5967 cujus
2579 5896 2828 5965 exempla
2860 5895 3071 5965 ignoro.
