4020 6488
186 502 291 568 6'3

1078 495 1475 559 COMMENT.
1515 491 1597 554 IN
1643 486 2125 552 MATTHEUM.
2164 509 2232 524 η’
2272 487 2435 547 CAP.
2476 486 2687 549 XXIV.

3370 486 3477 553 61L

260 612 471 664 Ἔσται
498 638 566 649 -—
590 606 853 677 γένηται.
886 601 955 658 El
981 618 1068 665 τις
1107 601 1310 675 ἐντύχῃ
1356 602 1470 663 τοῖς
1514 596 1783 666 Ἰωσήπου

1967 591 2120 647 Vers.
2146 591 2236 646 2t.
2278 591 2395 645 Erit
2426 622 2492 631 —
2521 592 2636 662 ﬁet.
2688 591 2745 647 Si
2777 592 2906 662 quis
2939 591 2995 646 ln
3019 590 3247 661 Josepbi
3271 594 3478 665 scripta

189 703 618 772 συγγράμμασι,
665 692 1252 767 πληροφορηθήσεται.
1296 690 1495 745 Καίτοι
1521 688 1634 758 γὰρ
1685 686 1781 740 Ἐ-

190 792 385 865 δραῐος
411 791 513 857 ὢν,
556 787 973 843 διασεσαιοῦται
1010 785 1141 855 περὶ
1164 785 1266 853 τῆς
1290 781 1549 851 τοιαύτης
1574 780 1783 849 θεομη-

192 886 337 949 νίας,
396 886 479 938 ὅτι
539 886 723 936 πᾶσαν
780 880 1004 949 ἐνίκησε
1072 876 1387 948 συμφορὰν,
1443 875 1540 928 καὶ
1596 876 1784 928 πᾶσαν

191 976 439 1046 ὑπερέϐη
476 973 813 1045 τραγῳδίαν.
866 971 1025 1027 Μετὰ
1081 971 1190 1040 γὰρ
1225 971 1324 1038 τῆς
1359 968 1522 1035 ξένης
1558 966 1783 1033 ἐκείνης

189 1066 519 1139 πολιορκίας
545 1064 804 1128 τοσοῦτος
830 1059 900 1134 ἧν
932 1064 960 1115 ὁ
990 1063 1172 1131 λιμὸς,
1204 1060 1281 1123 ὡς
1307 1059 1401 1113 καὶ
1430 1058 1623 1120 αύταῐς
1657 1059 1784 1120 ταῖς

191 1162 472 1233 μητράσιν
504 1158 887 1227 περιμάχητον
935 1151 1078 1208 είναι
1112 1152 1212 1223 τὴν
1254 1153 1648 1219 τεκνοφαγίαν,
1688 1149 1784 1201 καὶ

188 1254 336 1324 ὑπὲρ
366 1253 558 1306 τούτου
598 1249 875 1320 πολέμους
917 1245 1186 1316 γίνεσθαι.
1233 1244 1393 1307 Τίνος
1438 1243 1531 1297 οῦν
1591 1244 1783 1297 ἕνεκεν

186 1344 555 1416 χαλεπώτερα
586 1344 680 1394 καὶ⁵
706 1338 1127 1412 φρικωδέστερα
1174 1338 1397 1391 πάντων
1430 1336 1540 1389 τῶν
1562 1335 1658 1388 ἀπ’
1694 1336 1783 1390 al-

187 1437 334 1499 ὦνος
414 1434 724 1503 ἀνθρώπων
786 1432 1098 1485 πεπόνθασι
1140 1447 1156 1497 ;
1197 1430 1347 1482 Διότι
1423 1426 1786 1499 χαλεπώτερα

188 1533 291 1583 καὶ
324 1528 742 1599 φρικωδέστερα
788 1527 1011 1580 πάντων
1043 1523 1155 1577 τῶν
1187 1523 1285 1576 ἀπ’
1336 1521 1533 1584 αίῶνος
1566 1519 1755 1589 ἀνθρώ

185 1641 312 1676 πων
356 1622 763 1692 τετολμήκασιν
798 1658 816 1684 ,
861 1617 1153 1679 ἀνελόντες
1187 1616 1281 1670 τὸν
1315 1614 1447 1667 Υίδν
1492 1613 1588 1666 τοῦ
1622 1610 1783 1664 Θεοῦ.

184 1716 409 1778 Λουκᾶς
440 1714 502 1767 δὲ
532 1709 875 1780 πλατύτερόν
915 1725 1105 1780 φησιν,
1156 1710 1241 1761 ὅτι
1281 1708 1499 1759 Ἔσται
1547 1702 1782 1771 ἀνάγκη

181 1805 423 1875 μεγάλη
449 1805 548 1858 ἐπὶ
579 1800 685 1869 τῆς
717 1800 855 1871 τῆς,
879 1800 979 1855 καί
1022 1797 1170 1868 ὀργὴ
1194 1798 1266 1851 ἐν
1298 1795 1381 1861 τῷ
1410 1795 1536 1860 λαῷ
1568 1795 1807 1859 τούτῳ,

183 1899 288 1951 καί
324 1895 660 1951 πεσοῦνται
692 1896 945 1969 στόματι
993 1892 1318 1961 μαχαίρας,
1338 1888 1436 1942 καί
1483 1889 1784 1956 αίχμαλω-

1888 682 2113 737 incidat.
2152 681 2361 736 certior
2401 682 2631 737 omnino
2658 682 2727 737 de
2764 683 2853 737 liis
2881 682 3165 737 efﬁcietur.
3193 683 3476 752 Siquidem

1884 787 2009 827 cum
2056 772 2219 827 etiam
2246 771 2473 827 Judaaus
2500 781 2673 837 esset,
2737 774 2973 829 amrmat
3032 777 3101 830 de
3154 776 3479 845 huiusmodi

1888 865 1983 919 Dei
2030 866 2132 931 ira,
2163 864 2309 935 quod
2341 880 2561 919 onmem
2588 868 2893 921 excesserit
2922 867 3309 931 calamitati-m,
3362 884 3487 923 om-

1888 972 2127 1026 nemque
2182 970 2534 1025 supergressa
2581 957 2656 1011 sit
2716 958 3059 1027 tragcediam.
3105 957 3240 1013 Nam
3285 969 3482 1028 praeter

1891 1047 2252 1103 tremendam.
2286 1048 2436 1102 illam
2466 1048 2843 1111 obsidionem,
2867 1058 3016 1103 tanta
3044 1062 3167 1103 erat
3192 1050 3385 1110 fames.
3423 1060 3483 1105 ut

1888 1139 2021 1209 ipsis
2043 1154 2261 1209 quoque
2281 1139 2552 1193 matribus
2562 1155 2747 1210 pugna
2775 1139 2943 1194 fuerit
2973 1156 3075 1210 pro
3089 1156 3189 1196 esu
3221 1142 3480 1198 ﬁliorum.

1888 1230 1972 1284 0b
2002 1244 2165 1299 quam
2195 1243 2326 1299 ergo
2360 1243 2608 1289 causam,
2658 1230 3114 1285 miserabiliorem
3140 1245 3207 1285 ac
3240 1230 3445 1287 borribi
3464 1262 3479 1272 ο

1890 1323 2079 1376 liorem
2107 1320 2252 1390 passi
2285 1320 2780 1376 suntamictionem
2813 1323 3072 1378 omnibus
3104 1338 3226 1393 quae
3259 1324 3486 1379 fuerunt

1888 1428 1917 1466 a
1949 1409 2349 1477 saeculo‘lQuia
2380 1413 2554 1480 magis
2612 1415 3013 1467 exsecrandum
3049 1428 3114 1468 ac
3165 1413 3487 1471 horribilius

1891 1511 2353 1571 perpetraverunt
2404 1501 2672 1572 ﬂagitium
2712 1503 2974 1557 omnibus
3018 1504 3113 1572 qui
3176 1502 3402 1558 fuerunt
3456 1520 3490 1556 a

1887 1594 2113 1658 saeculo,
2142 1594 2237 1647 Dei
2272 1592 2478 1648 Filium
2535 1594 2872 1649 occidentes.
2935 1593 3114 1650 Lucas
3148 1606 3330 1649 autem
3374 1596 3491 1665 pla-

1888 1686 2019 1740 nius
2048 1686 2186 1741 dicit
2210 1704 2225 1739 :
2266 1687 2384 1739 lLrit
2416 1685 2555 1739 enim
2582 1686 2793 1756 afﬂictio
2846 1703 3043 1756 magna
3071 1703 3230 1755 super
3259 1698 3485 1749 terram,

1888 1787 1939 1832 et
1969 1779 2054 1832 ira
2090 1780 2145 1832 in
2176 1778 2371 1846 popula
2404 1782 2520 1844 hoc,
2576 1785 2866 1848 cadentque
2904 1782 3018 1831 acie
3068 1778 3256 1847 gladii.
3281 1786 3331 1832 et
3356 1793 3489 1848 cap-

1889 1871 1985 1925 tiri
2038 1871 2299 1925 ducentur
2350 1872 2404 1923 in
2456 1885 2637 1923 omnes
2690 1880 2890 1940 gentes,
2941 1878 2992 1923 et
3037 1868 3335 1923 Jerusalem
3373 1868 3490 1922 cal-

182 1990 587 2059 τισθήσονται
614 1992 704 2055 εις
726 1956 926 2042 πιέν-τα
945 1956 1018 2041 τε)
1044 1956 1214 2051 ,
1248 1983 1348 2036 καί
1392 1977 1787 2048 Ἰερουσαλὴμ

1902 1962 2100 2017 rabitur
2138 1980 2171 2014 a
2214 1963 2477 2031 gentibus,
2520 1963 2683 2015 donec
2722 1959 3055 2031 impleantur
3085 1969 3323 2028 tempora
3358 1976 3488 2031 gen-

183 2085 361 2140 εσται
386 2081 735 2151 πατουμένη
787 2078 909 2135 ὑπὸ
959 2072 1171 2141 ἐθνῶν,
1218 2073 1358 2142 ἄχρι
1422 2062 1788 2139 πληρωθῶσι

185 2178 387 2247 καιροὶ
414 2175 625 2230 ἐθνῶν.
669 2172 871 2244 Ὀργὴν
905 2171 1009 2238 μὶν
1032 2169 1214 2237 λέγων
1243 2167 1345 2235 τὴν
1378 2164 1473 2217 τοῦ
1508 2160 1670 2225 Θεοῦ,
1696 2160 1789 2213 διὰ

185 2274 284 2328 τὸν
319 2273 449 2324 Tibi:
475 2268 670 2335 αὑτοῦ,
702 2267 932 2338 καιροὺς
972 2263 1029 2317 δδ
1058 2260 1232 2315 ὶθνῶν
1268 2260 1399 2323 τοὺς
1434 2259 1563 2329 ἄχρι
1600 2271 1789 2309 συντε-

186 2365 352 2428 λείας
387 2362 592 2429 αὐτῶν,
632 2362 729 2414 καὶ
798 2358 893 2412 τοῦ
946 2356 1156 2426 κόσμου
1191 2352 1427 2415 παντός.

267 2458 379 2511 Καὶ
426 2459 480 2509 sl
520 2456 706 2525 μὴ-
732 2455 791 2508 al
826 2449 1041 2521 ἡμέραι
1089 2448 1340 2503 ἐκεῖναι.
1381 2444 1635 2516 Ἦμίρας
1682 2434 1786 2503 τὰς

188 2548 288 2602 τοῦ
322 2547 567 2618 πολέμου
594 2545 691 2598 καὶ
726 2542 829 2613 τῆς
870 2540 1193 2609 πολιορκίας
1224 2537 1441 2606 ἐκείνης
1505 2535 1666 2603 φησι,
1700 2531 1790 2584 λι-

188 2659 328 2711 γων·
384 2642 468 2693 ὅτι
527 2642 576 2692 sl
609 2638 685 2709 μὴ
738 2635 1134 2707 ἠλαττώθησαν
1194 2634 1252 2686 al
1312 2630 1520 2700 ἡμέραι
1579 2627 1790 2679 ἐκεῖναι

195 2734 324 2788 κατ’
360 2733 679 2802 οἰκονομίαν
726 2730 878 2799 παρὰ
935 2728 1031 2780 τοῦ
1095 2724 1255 2790 Θεοῦ,
1292 2724 1395 2777 οὐκ
1438 2721 1505 2776 ἂν
1536 2718 1794 2786 διεσώθη,

191 2828 298 2881 οὐκ
356 2828 425 2879 ἂν
485 2824 801 2891 ὑπεξέφυγε
851 2820 943 2874 τὸν
998 2819 1231 2873 θάνατον
1294 2817 1445 2869 πᾶσα
1504 2812 1665 2883 σὰρξ,
1725 2810 1792 2880 ἧ-

194 2937 354 2993 γουν,
407 2918 530 2973 οὐδὲ
593 2917 691 2987 μία
736 2913 894 2985 σὰρξ,
938 2912 1207 2980 Ἰουδαῖκὴ
1237 2910 1503 2979 δηλονότι.
1582 2906 1794 2966 Πάντες

200 3014 314 3085 γὰρ
342 3014 411 3067 ἂν
441 3011 839 3081 διεφθάρησαν,
886 3005 981 3058 καὶ
1026 3006 1075 3057 oi.
1109 3004 1281 3068 ὲντδς,
1318 3000 1414 3054 καὶ
1444 3001 1494 3052 oi
1530 2996 1708 3059 ἐκτός
1738 2995 1790 3047 oi

205 3110 308 3179 μὲν
355 3105 527 3176 λιμῷ,
561 3106 609 3156 ot
668 3103 725 3156 δὲ
763 3098 963 3169 λοιμῷ,
995 3098 1138 3150 οί’δὶ
1169 3094 1316 3165 ξίφει
1366 3094 1464 3147 καὶ
1508 3087 1791 3150 παντοίοις

1897 2056 2030 2110 tium
2056 2055 2123 2108 “.
2166 2055 2307 2109 Iram
2336 2054 2557 2123 quidem
2614 2054 2709 2107 Dei
2774 2054 3002 2117 dicens;
3057 2060 3305 2121 tempora
3356 2066 3489 2106 vero

1898 2143 2168 2216 gentium,
2199 2159 2261 2197 ea
2288 2158 2409 2212 qua:
2439 2142 2720 2197 durabunt
2748 2155 2922 2211 usque
2960 2140 3030 2194 ad
3052 2141 3490 2196 consummatio-

1900 2252 2029 2293 nem
2050 2252 2265 2303 eorum,
2308 2237 2586 2306 totiusque
2624 2232 2839 2289 mundi.

1964 2459 2122 2517 Vers.
2147 2459 2239 2514 2'2.
2276 2460 2343 2513 Et
2377 2459 2480 2513 nisi
2507 2486 2579 2499 --
2624 2459 2733 2513 dies
2759 2456 2862 2511 illi.
2924 2455 3053 2511 Dies
3114 2458 3192 2512 ait
3256 2456 3384 2512 belli
3436 2465 3498 2514 et

1893 2550 2454 2616 obsidionis.dicens,
2491 2550 2637 2619 quod
2667 2549 2772 2605 nisi
2834 2547 3092 2604 diminuti
3115 2548 3348 2604 fuissent
3375 2548 3496 2605 dies

1894 2643 1972 2699 illi
2023 2643 2437 2713 dispensatione
2469 2640 2677 2706 divina,
2708 2656 3055 2710 nequaquam
3098 2641 3248 2695 salva
3277 2641 3492 2705 fuisset,

1895 2750 2243 2805 nequaquam
2300 2744 2532 2789 mortem
2589 2736 2850 2790 evitasset
2876 2734 3058 2789 omnis
3104 2750 3254 2797 caro,
3280 2733 3335 2789 id
3383 2746 3489 2800 est,

1900 2827 2050 2880 nulla
2088 2826 2444 2881 remansisset
2468 2840 2621 2891 caro,
2657 2823 2885 2879 Judaica
2935 2825 3216 2879 Videlicet.
3284 2823 3493 2880 Omnes

1899 2919 2046 2973 enim
2083 2917 2285 2971 mortui
2310 2916 2546 2975 fuissent
2570 2917 2847 2982 homines,
2886 2924 2943 2970 et
2970 2918 3065 2985 qui
3099 2917 3271 2979 intus,
3314 2926 3369 2970 et
3397 2917 3490 2986 qui

1895 3019 2049 3062 extra
2074 3016 2233 3063 erant
2284 3024 2302 3062 :
2344 3007 2570 3076 quidam
2603 3007 2769 3068 fame,
2804 3006 3031 3076 quidem
3062 3020 3193 3061 vero
3216 3017 3368 3076 peste
3392 3015 3489 3063 aut

1894 3101 2096 3169 gladio.
2116 3099 2484 3169 omnibusque
2506 3100 2699 3154 mortis
2724 3098 3037 3170 generibus.
3074 3100 3351 3155 Adversus
3374 3114 3497 3154 om—

201 3172 443 3254 θανὰτου
475 3172 749 3266 ντρόποις.
799 3190 962 3247 Κατὰ
1007 3189 1232 3245 πάντων
1261 3185 1374 3255 γὰρ
1411 3181 1686 3238 Ἰουδαίων
1737 3181 1791 3232 oi

1902 3208 2000 3247 nes
2031 3192 2299 3262 siquidem
2341 3191 2561 3248 Judzeus
2592 3192 2825 3246 Romani
2855 3192 3042 3246 furore
3076 3191 3293 3246 accensi
3317 3201 3499 3256 erant,

216 3294 489 3361 Ῥωμαῖοι
530 3288 781 3358 σφοδρῶς
838 3285 1149 3357 ἐμάνησαν,
1186 3282 1283 3333 καὶ
1333 3280 1478 3332 κατὰ
1510 3277 1621 3329 τῶν
1651 3291 1795 3329 παν-

200 3387 345 3458 ταχῆ
369 3380 791 3453 διεσπαρμένων
821 3379 1109 3448 ἐφέροντο.
1158 3372 1489 3431 Ἑκλεκτοὺς
1520 3369 1579 3421 δὲ
1633 3368 1793 3421 καλεί

200 3484 330 3545 τοὺς
358 3478 419 3545 ἐξ
459 3476 731 3531 Ἰουδαίων
771 3472 1023 3536 πιστοὺς,
1052 3468 1121 3522 δι’
1151 3466 1245 3530 οὒς
1285 3465 1586 3534 ταχύτερον
1621 3461 1797 3515 ἐπαυ-

205 3593 267 3629 σε
325 3572 418 3626 τὸν
467 3569 728 3638 πόλεμον,
772 3564 862 3617 ἵνα
914 3562 991 3633 μὴ
1050 3558 1468 3613 συναπόλωνται
1520 3557 1631 3617 τοῖς
1667 3553 1799 3607 ἀπί-

206 3684 379 3732 στοις,
411 3661 548 3717 ms
586 3658 789 3731 μᾶλλον
817 3656 908 3711 ἴνα
941 3655 1088 3719 τινὲς
1119 3653 1231 3707 τῶν
1267 3651 1516 3706 ἀπίστων
1582 3648 1798 3702 συνδια-

206 3761 429 3816 σωθῶσι
469 3756 704 3819 τούτοις,
728 3752 872 3806 ὥστε
900 3748 1107 3821 μηδένα
1132 3745 1439 3816 δυνηθῆναι
1473 3743 1679 3811 λέγειν,
1712 3741 1797 3793 ὅτι

203 3854 297 3908 διὰ
354 3851 481 3914 τοὺς
535 3844 945 3906 πιστεύσαντας
978 3843 1012 3913 ή
1058 3838 1328 3909 θεήλατος
1390 3833 1534 3904 αῦτη
1594 3830 1797 3902 μάστιξ

205 3944 468 4017 ἀπῆλθεν·
505 3939 621 3996 ἀλλ’
655 3938 746 3993 ἵνα
779 3936 1072 4008 βλέποντες
1101 3933 1152 3984 oi
1172 3927 1596 3996 ὑπολειφθέντες
1625 3924 1802 3978 ᾶπαν-

206 4058 313 4104 τας
377 4038 505 4099 τοὺς
529 4036 588 4087 ὲν
615 4034 802 4094 αὐτοῖς
839 4029 1065 4090 πιστοὺς
1086 4023 1435 4095 διαδράντας,
1465 4020 1669 4075 συνῶσι
1698 4018 1799 4089 τὴν

204 4134 417 4196 αἰτίαν,
448 4129 541 4182 xui.
578 4122 977 4198 βεϐαιωθῶσιν,
1011 4118 1089 4183 ὡς
1114 4117 1178 4180 οὐ
1201 4116 1363 4189 μόνον
1393 4114 1495 4168 οὐκ
1518 4110 1801 4166 ἀπώλοντο

203 4231 274 4285 δι’
307 4225 506 4287 αὐτοὺς
528 4223 579 4274 οί
610 4215 1032 4287 διαφθαρέντες,
1064 4211 1205 4266 ἀλλὰ
1240 4208 1479 4279 μάλιστα
1517 4207 1614 4260 καὶ
1641 4203 1800 4257 αὐτοὶ

206 4321 301 4376 διὰ
336 4317 561 4377 τούτους
593 4308 1041 4381 περιεσώθησαν.

280 4412 410 4464 Ὅτι
438 4408 496 4462 δὲ
528 4406 591 4459 τὸ
618 4403 787 4459 πᾶσα
812 4398 993 4467 σὰρξ,
1015 4397 1138 4452 ἀντὶ
1162 4393 1280 4458 τοῦ,
1311 4391 1435 4446 οὐδὲ
1455 4390 1578 4461 μία,
1604 4386 1801 4458 παρεί-

206 4509 438 4577 ληπται,
470 4499 626 4570 δῆλον
655 4494 750 4549 καὶ
780 4492 888 4547 ἀπὸ
919 4490 1015 4544 τοῦ
1041 4486 1335 4577 Δαυῖδωιοῦ
1372 4482 1581 4577 ῥητοῦ,Δ
1612 4481 1803 4577 λέγονῗ

207 4571 326 4659 τός’
366 4589 462 4657 Μὴ
488 4581 1024 4653 κατακυριευσάτω
1046 4595 1167 4648 μου
1198 4575 1370 4632 πᾶσα
1400 4573 1641 4642 ἀνομία,
1677 4571 1800 4623 ἀντὶ

210 4689 337 4752 τοῦ,
385 4684 523 4756 μηδὲ
557 4682 676 4755 μία.
704 4677 817 4733 Καὶ
854 4673 1017 4729 τοῦτο
1041 4672 1152 4745 γὰρ
1186 4670 1385 4741 ἰδίωμα
1426 4665 1531 4739 τῆς
1558 4664 1803 4727 παλαιᾶς

210 4782 465 4853 Γραφῆς.

284 4875 359 4928 Σὺ
388 4870 447 4925 δέ
489 4886 581 4939 μοι
617 4866 818 4919 σκόπει
848 4860 943 4915 τοῦ
976 4860 1127 4914 θείου
1161 4856 1480 4926 Πνεύματος
1516 4856 1616 4923 τήν
1659 4854 1805 4906 οἰκοο

212 4964 434 5035 νομίαν,
458 4960 577 5023 πῶς
611 4960 641 5011 ὁ
676 4958 775 5028 μὲν
813 4953 1097 5021 Ἰωάννης,
1137 4951 1166 5003 ὁ
1197 4948 1327 5012 ζῶν,
1358 4947 1448 4999 ὅτε
1492 4947 1666 5000 ταῦτα
1713 4944 1807 5011 γέ-

215 5071 365 5125 γονε,
402 5051 497 5106 καὶ
530 5048 669 5121 μετὰ
696 5048 797 5118 τὴν
831 5044 1035 5098 ἅλωσιν
1066 5040 1239 5096 πολὺν
1268 5039 1349 5091 ἔτι
1382 5036 1553 5106 ζήσας
1585 5036 1803 5106 χρόνον,

215 5148 372 5202 οὐδὲν
422 5142 631 5197 τούτων
688 5137 952 5209 ἔγραψεν,
1009 5134 1098 5187 ἵνα
1142 5130 1217 5202 μὴ
1247 5128 1378 5202 δόξῃ
1417 5128 1676 5199 γράφειν,
1728 5126 1806 5189 ὡς

213 5241 387 5295 πάλαι
411 5232 700 5307 είρημένα,
728 5232 798 5284 τὰ
830 5230 932 5301 ήδη
967 5224 1336 5296 γεγενημένα·
1368 5221 1418 5274 oi
1464 5221 1522 5274 δὲ
1558 5218 1667 5291 πρὸ
1706 5218 1803 5272 τοῦ

211 5331 476 5405 γενέσθαι
532 5328 708 5381 ταῦτα
783 5319 1265 5390 τετελευτηκότες,
1330 5317 1533 5369 ὲκεῖνοι
1623 5314 1805 5368 πάντα

218 5424 407 5495 σαφῶς
436 5420 706 5491 ἔγραψαν,
740 5418 830 5472 ἵνα
860 5414 1176 5476 ἀνύποπτος
1205 5412 1239 5481 ή
1266 5408 1363 5463 τοῦ
1402 5407 1643 5481 Χριστοῦ
1670 5407 1797 5476 περὶ

324 5608 370 5639 ⁸⁸
406 5606 539 5662 Luc.
575 5601 795 5666 “1,23,
823 5598 916 5655 ει.
986 5598 1028 5630 δ’
1065 5594 1208 5650 Psal.
1248 5607 1438 5655 cum.
1470 5590 1560 5646 15.

1902 3285 2069 3339 etiam
2099 3285 2364 3340 adversus
2408 3299 2503 3339 eos
2558 3285 2651 3354 qui
2688 3284 2890 3353 ubique
2932 3294 3200 3339 terrarum
3264 3283 3500 3354 dispersi

1902 3378 2224 3432 ferebantur
2250 3376 2349 3449 (ι).
2376 3375 2591 3431 Eiectos
2621 3384 2805 3429 autem
2862 3385 3025 3429 vocat
3056 3375 3267 3441 ﬁdeles,
3296 3376 3391 3445 qui
3431 3391 3500 3430 ex

1910 3472 2115 3527 Iudaeis
2144 3478 2320 3533 erant,
2356 3476 2581 3539 propter
2627 3482 2769 3536 quos
2798 3466 2963 3521 citius
3017 3466 3229 3536 quievit
3265 3467 3498 3530 bellum,

1904 3577 1976 3615 ne
2010 3561 2257 3631 perirent
2287 3574 2396 3613 una
2435 3573 2561 3612 cum
2590 3556 2910 3611 inﬁdelibus
2936 3574 2951 3623 ;
2979 3558 3076 3612 sed
3103 3558 3287 3627 potius
3312 3558 3499 3613 incre-

1901 3654 2013 3708 duli
2041 3652 2208 3721 aliqui
2249 3666 2347 3721 per
2382 3651 2484 3705 bos
2509 3658 2881 3712 servarentur,
2904 3665 2972 3703 ne
3010 3658 3198 3718 posset
3221 3649 3497 3719 quispiam

1900 3746 2088 3801 dicere
2145 3743 2291 3813 quod
2335 3750 2564 3811 propter
2593 3755 2692 3795 eos
2724 3739 2819 3809 qui
2876 3740 3248 3805 crediderant,
3308 3741 3427 3795 haec
3470 3758 3499 3794 a

1902 3840 2015 3893 Deo
2082 3837 2329 3892 immissa
2363 3837 2500 3890 ultio
2534 3834 2953 3904 supervenisset
2995 3851 3009 3887 :
3065 3836 3161 3889 sed
3199 3833 3292 3902 qui
3324 3832 3501 3890 relicti

1900 3935 2059 3983 erant
2082 3926 2332 3981 videntes
2356 3938 2551 3978 omnes
2596 3923 2698 3992 qui
2753 3923 2899 3977 inter
2952 3923 3102 3992 ipsos
3153 3923 3505 3977 crediderant

1904 4015 2315 4089 permansisse,
2365 4014 2742 4085 intelligerent
2815 4028 3064 4076 causam,
3120 4028 3184 4067 ac
3233 4014 3503 4069 certiores

1906 4108 2289 4169 redderentur.
2322 4108 2467 4176 quod
2500 4121 2611 4160 non
2666 4104 2842 4159 solum
2899 4120 3007 4159 non
3064 4103 3345 4174 perierant
3380 4120 3505 4174 pro-

1904 4207 2028 4271 pter
2054 4200 2178 4253 illos
2210 4199 2303 4269 qui
2338 4197 2544 4253 mortui
2580 4206 2761 4263 erant,
2791 4196 2885 4251 sed
2918 4195 3104 4266 potius
3134 4204 3190 4250 et
3242 4195 3349 4265 ipsi
3377 4212 3506 4265 pro—

1904 4300 2029 4363 pter
2059 4307 2155 4348 eos
2196 4291 2404 4347 servati
2448 4298 2629 4345 erant.

1979 4384 2139 4451 Quod
2187 4393 2407 4437 autem:
2445 4398 2546 4435 non
2600 4381 2773 4436 omnis
2820 4397 2968 4444 caro,
3016 4395 3118 4450 pro
3148 4377 3297 4434 nulla
3354 4394 3503 4445 raro,

1907 4486 2183 4542 sumatur,
2238 4474 2593 4529 manifestum
2651 4483 2737 4529 est
2797 4488 3019 4542 quoque
3059 4488 3089 4526 a
3134 4472 3284 4527 dicto
3342 4472 3503 4526 Davi-

1909 4572 2035 4627 dico
2068 4584 2179 4640 quo
2211 4567 2413 4623 dicitur
2448 4584 2464 4621 :
2506 4566 2629 4621 Non
2674 4568 2977 4621 dominetur
3012 4566 3114 4619 mei
3149 4566 3318 4619 onmis
3357 4566 3504 4632 inju-

1912 4664 2067 4719 stitia
2082 4663 2153 4728 “,
2175 4661 2228 4715 id
2257 4669 2364 4725 est,
2382 4658 2554 4713 nulla;
2572 4657 2710 4713 Nam
2738 4668 2793 4713 et
2838 4658 2943 4713 hoc
2970 4657 3173 4711 idioma
3201 4664 3285 4709 est
3303 4656 3506 4711 veteris

1914 4754 2238 4825 Scriptura.

1983 4847 2067 4902 Tu
2099 4863 2231 4903 vero
2256 4845 2548 4905 considera
2600 4843 2735 4899 mihi
2784 4842 2953 4897 divini
3000 4839 3247 4921 Spiritus
3288 4838 3512 4910 dispen-

1910 4940 2206 5005 sationem,
2232 4953 2342 5010 quo
2388 4939 2553 4992 modo
2598 4934 2842 4991 Joannes
2871 4933 2966 5003 qui
3018 4934 3071 4989 in
3132 4931 3271 4985 vivis
3328 4932 3510 4985 adhuc

1910 5040 2030 5088 erat
2061 5028 2192 5087 dum
2227 5032 2342 5085 haec
2369 5030 2512 5084 facta
2539 5035 2689 5092 sunt,
2726 5035 2782 5080 et
2833 5024 3006 5078 multo
3047 5023 3230 5077 adhuc
3257 5034 3507 5091 tempore

1906 5131 2033 5195 post
2084 5122 2553 5194 expugnationem
2604 5119 2765 5183 vixit,
2814 5116 2952 5171 nihil
3009 5116 3207 5170 borum
3269 5115 3508 5183 scripsit,

1906 5235 1979 5274 ne
2034 5218 2190 5289 quasi
2254 5218 2385 5272 olim
2449 5215 2708 5287 praedicta
2751 5210 2997 5267 scribere
3036 5209 3331 5274 videretur,
3383 5222 3509 5277 qua:

1900 5314 2181 5387 jamlacta
2203 5322 2383 5368 erant.
2421 5309 2526 5377 Qui
2574 5324 2705 5365 vero
2756 5306 3077 5378 priusquam
3135 5302 3253 5355 banc
3306 5303 3505 5355 ﬁerent

1906 5408 2109 5464 mortui
2160 5414 2313 5471 sunt,
2387 5402 2680 5459 manifeste
2744 5400 2930 5457 omnia
3001 5396 3365 5467 scripserunt,
3444 5402 3504 5447 ut

1410 5681 1609 5745 Varia:
1652 5680 1963 5743 lectiones
2008 5686 2071 5740 et
2115 5685 2301 5740 noue.

291 5902 364 5967 lt)
398 5894 576 5948 Etiam
602 5921 665 5930 --
701 5888 1022 5960 ferebantur.
1060 5885 1125 5937 Et
1154 5889 1344 5937 contra
1372 5880 1574 5949 ubique
1599 5877 1883 5949 dispersos
1912 5874 2255 5929 ferebantur.
