4020 6492
185 446 286 518 617

1078 443 1468 505 COMMENT.
1520 441 1599 499 ΙΝ
1647 432 2122 498 ΜᾹΤΤΙΗΞΗΜ.
2168 461 2234 471 -·
2271 436 2433 496 CAP.
2471 433 2682 497 XXIV.

3390 433 3497 498 (i3

185 571 287 637 τῆς
312 566 578 637 δευτέρας
601 562 768 619 αὐτοῦ
810 560 1138 632 παρουσίας,
1160 560 1235 623 ὡς
1260 559 1399 628 πρὸς
1432 553 1795 615 διδασκάλους

1925 550 2220 622 :aptivitate
2248 550 2396 606 dicta
2430 560 2583 610 sunt,
2611 563 2845 621 qumque
2860 547 2955 607 .de
2986 548 3237 605 secundo
3267 564 3371 606 suo
3401 551 3500 606 ad-

186 657 282 712 τοῦ
310 659 439 712 νέου
465 657 622 721 λαοῦ,
654 654 968 723 γινώσκων,
1011 654 1093 705 ὅτι
1130 652 1224 704 καὶ
1267 650 1545 714 διδάξουσι
1587 645 1793 713 ταῦτα,

188 754 286 806 καὶ
325 752 628 822 γράψουσι,
663 747 804 818 πρός
828 764 887 799 τε
925 744 1237 810 ἀπόδειξιν,
1280 736 1356 795 ὧν
1414 743 1795 813 προεφήτευσε

189 842 326 911 περὶ
359 844 460 910 τῆς
502 839 787 901 ἁλώσεως,
826 838 921 889 καὶ
962 836 1102 905 πρὸς
1155 833 1463 903 ἀσφάλειαν
1513 831 1625 884 τῶν
1688 830 1797 901 πρὸ

188 932 292 1004 τῆς
315 933 579 1002 δευτέρας
615 929 922 1003 παρουσίας
952 928 1182 981 πιστῶν.

260 1118 414 1173 Ἐὰν
443 1112 558 1173 οὖν
590 1146 657 1160 -—-
688 1116 1085 1183 πιστεύσητε.
1142 1112 1212 1167 0i.
1269 1113 1445 1167 ταῦτα
1492 1111 1799 1184 τηνικαῦτα

190 1212 451 1281 λέγοντες
502 1208 824 1282 προπομποὶ
863 1209 957 1271 καὶ
984 1205 1258 1277 ὑπηρέται
1287 1205 1381 1259 τοῦ
1414 1205 1797 1277 Ἀντιχρίστου

191 1304 326 1359 είσί.
354 1305 572 1375 Ταμεῑα
596 1302 653 1357 δὲ
676 1302 785 1355 νόει
817 1301 913 1354 νῦν
957 1298 1029 1353 τά
1069 1299 1182 1352 τῶν
1209 1297 1402 1352 οἰκιῶν
1447 1297 1730 1351 ὲνδότατα.

265 1492 500 1557 Ὠσπερ
528 1518 598 1529 -
627 1484 973 1556 ἀνθρώπου.
1000 1486 1269 1557 Ὠσπερή
1294 1486 1587 1557 ἀστραπὴ,
1610 1488 1800 1557 φησὶν,

194 1578 517 1654 ἐξέρχεται,
538 1582 634 1633 καὶ
668 1581 921 1649 φαίνεται
944 1582 1135 1645 πᾶσιν,
1171 1580 1235 1632 οὐ
1262 1578 1497 1649 δεομένη
1533 1579 1801 1649 κήρυκος,

193 1675 320 1729 οὐδὲ
367 1672 812 1745 προμηνύοντος,
873 1671 1010 1725 ἀλλὰ
1052 1673 1121 1744 τῇ
1175 1670 1456 1742 ὑπερϐολῇ
1515 1671 1615 1741 τῆς
1665 1660 1804 1735 ίδίας

192 1767 595 1837 λαμπρότητος
649 1766 709 1817 ὲν
742 1764 1015 1835 άκαριαία⁴
1069 1765 1210 1834 ῥοπῇ
1251 1761 1450 1833 καιροῦ
1492 1762 1802 1833 φαινομένη

194 1860 352 1931 πάσῃ
394 1862 463 1930 τῇ
506 1858 830 1929 οἰκουμένῃ’
892 1857 1068 1920 οὕτως
1102 1856 1261 1909 1ἔσται
1321 1858 1415 1909 καὶ
1458 1857 1490 1927 ὴ
1526 1856 1804 1926 παρουσία

194 1952 414 2004 ἑκείνου
458 1952 600 2021 (ΞΒ),
641 1949 733 2003 διὰ
775 1952 876 2017 τὴν
919 1948 1235 2021 ὑπερὸολὴν
1264 1948 1365 2019 τῆς
1394 1949 1607 2010 οἰκείας
1664 1948 1805 2019 λαμ-

193 2046 479 2115 πρότητος
512 2046 682 2097 πᾶσιν
713 2042 852 2113 ὁμοῦ
886 2043 1222 2112 φαινομένη,
1260 2044 1359 2095 καὶ
1388 2042 1656 2113 γινομένη
1688 2044 1805 2107 τοῖς

194 2137 521 2207 ἀνθρώποις
573 2134 919 2204 αὐτάγγελος
973 2136 1199 2204 ἑαυτῆς.
1248 2134 1325 2188 Οὐ
1366 2136 1494 2205 γὰρ,
1534 2134 1725 2207 ὥσπερ
1772 2136 1805 2205 ή

194 2229 393 2299 πρώτη
439 2228 719 2299 παρουσία
756 2228 897 2298 μετά
929 2227 1211 2299 πτωχείας
1258 2229 1355 2281 καὶ
1386 2227 1606 2295 ἀδοξίας
1640 2228 1807 2297 γέγο-

193 2340 287 2375 νεν
333 2319 514 2381 οῦτως
568 2318 723 2372 ἔσται
765 2319 878 2372 ’καὶ
936 2320 970 2389 ὴ
1006 2302 1422 2388 δευτέραοάλλὰ
1472 2318 1784 2372 τούναντίον

196 2413 338 2484 αῦτη
380 2414 525 2483 μετὰ
558 2412 848 2482 δυνάμεως
876 2412 973 2465 καὶ
1026 2412 1187 2483 δόξης
1229 2411 1438 2482 πολλῆς
1485 2414 1805 2484 γενήσεται,

196 2506 621 2577 δορυφοροῦσης
657 2507 881 2575 ἁπάσης
904 2506 1166 2575 οὐρανίου
1191 2506 1478 2576 στρατιᾶς.
1512 2504 1605 2559 Διὸ
1629 2506 1810 2568 οὐδεὶς

198 2599 476 2669 ἀγνοῆσαι
506 2597 719 2667 ταύτην
752 2598 874 2652 τότε
910 2598 1025 2669 (29)
1060 2597 1377 2669 δυνήσεται.

273 2693 469 2745 Ὅπου
501 2721 570 2732 —-
601 2690 793 2745 ἀετοί.
858 2691 1037 2744 Τοῦτο
1071 2686 1197 2744 εἷπε
1251 2690 1340 2744 διὰ
1370 2689 1471 2760 τὴν
1504 2690 1810 2760 τηνικαῦτα

197 2783 561 2855 δορυφορίαν.
641 2783 758 2837 Καὶ
814 2784 996 2846 ἀετοῖς
1040 2783 1140 2853 μὲν
1194 2782 1327 2846 τοὺς
1375 2781 1811 2855 δορυφοροῦντας

203 2878 577 2949 παρείκασεν,
613 2876 690 2941 ὡς
730 2877 826 2931 καὶ
863 2877 1107 2947 πτηνοὺς
1152 2876 1248 2930 καὶ
1277 2874 1618 2946 βασιλικούςο
1661 2876 1813 2929 πτώ-

206 2983 338 3038 ματι
371 2968 431 3021 δὲ
471 2968 692 3032 ἑαυτὸν,
761 2969 837 3031 ὡς
880 2962 1206 3037 συναγωγὸν
1263 2967 1374 3021 τῶν
1419 2967 1682 3021 τοιούτων
1719 2970 1813 3022 ἀε-

204 3062 335 3127 τῶν,
396 3064 493 3116 καὶ
519 3062 595 3126 ὡς
623 3062 831 3135 τροφὴν
864 3060 1249 3133 πνευματικὴν
1284 3060 1464 3114 αὐτῶν
1512 3062 1611 3114 καὶ
1666 3062 1813 3132 ζωὴν

207 3154 453 3213 αίὼνιον.
485 3156 656 3227 Σῶμα
682 3156 739 3209 δὲ
791 3156 849 3210 τὸ
881 3155 1087 3226 πτῶμα
1131 3154 1373 3227 ἔγραψεν
1396 3153 1425 3207 δ
1458 3156 1700 3219 Λουκᾶς.

277 3339 522 3405 Εὐθέως
574 3369 645 3380 -
688 3337 975 3407 οὐρανοῦ.
1030 3339 1170 3409 Περὶ
1223 3338 1431 3393 τούτων
1472 3336 1595 3394 εἷπε
1658 3345 1755 3395 καὶ
1787 3345 1815 3395 ὁ

209 3434 454 3496 Λουκᾶς,
494 3433 578 3485 ὅτι
604 3435 713 3486 Kal
744 3431 918 3485 ἔσται
952 3432 1176 3500 σημεῖα
1214 3432 1287 3485 ἐν
1313 3434 1467 3500 ἡλίῳ
1500 3435 1599 3488 καὶ
1631 3435 1817 3501 σελή-

211 3542 293 3594 νῃ
354 3525 456 3579 καὶ
482 3524 757 3593 ἄστροις.
793 3525 938 3594 Ὀρα
981 3525 1060 3588 δὲ,
1121 3526 1241 3589 πῶς
1286 3528 1539 3597 εἴρηκεν,
1589 3529 1671 3582 ὅτι
1708 3530 1810 3582 εὐ-

218 3620 390 3687 θέως.
434 3618 721 3691 παριστῶν
807 3619 888 3672 ὅτι
930 3621 1070 3689 ὁμοῦ
1119 3620 1312 3691 σχεδὸν
1355 3620 1575 3675 ἅπαντα
1626 3623 1697 3678 τά
1753 3642 1813 3677 τε

214 3712 624 3784 προειρημένα,
663 3713 759 3765 καὶ
794 3710 995 3777 ταῦτα,
1029 3714 1125 3766 καὶ
1160 3712 1235 3765 τὰ
1266 3711 1625 3785 ῥηθησόμενα
1648 3716 1817 3786 γενή-

215 3820 427 3861 σονται.
456 3805 721 3859 Συστελεΐ
755 3806 867 3875 γὰρ
923 3806 1016 3859 καὶ
1061 3805 1255 3859 τοῦτον
1317 3807 1412 3859 τὸν
1452 3810 1817 3879 πειρασμὸνὸ

212 3902 350 3963 Θεὸς
396 3900 484 3953 διὰ
532 3901 655 3962 τοὺς
701 3900 997 3964 ἐκλεκτοὺς
1057 3892 1247 3953 αὑτοῦ.
1320 3898 1516 3969 Θλίψιν
1562 3900 1664 3971 μὲν
1721 3895 1816 3955 οῦν

212 3992 363 4062 λέγει
404 3994 505 4061 τὴν
533 3991 650 4044 ἀπὸ
672 3992 770 4045 τοῦ
818 3991 1222 4062 Ἀντιχρίστου,
1258 3991 1352 4049 καὶ
1390 3991 1501 4045 τῶν
1555 3992 1687 4061 περὶ
1716 3991 1817 4045 αὒ-

215 4086 307 4137 τδν
353 4081 713 4149 ἀπατεώνων,
746 4084 872 4155 ἥτις
902 4082 1153 4152 nomen
1203 4083 1318 4153 (50)
1368 4081 1498 4146 τοὺς
1544 4081 1814 4145 εὐσεϐεῖς.

226 4174 287 4229 '0
313 4174 465 4246 ἦλιος
493 4175 550 4228 δὲ
585 4175 1033 4248 σκοτισθήσεται,
1061 4178 1162 4229 οὐκ
1195 4172 1637 4244 ἀφανιζόμενος,
1677 4174 1817 4229 ἀλλὰ

215 4268 528 4336 νικώμενος
559 4267 638 4340 τῷ
667 4270 812 4337 φωτὶ
846 4268 947 4339 τῆς
991 4268 1308 4340 παρουσίας
1355 4266 1453 4320 τοῦ
1487 4267 1754 4339 Χριστοῦ·
1782 4268 1816 4339 ἡ

213 4363 273 4419 δὲ
306 4361 507 4433 σελήνη
543 4361 604 4414 οὐ
650 4362 815 4416 δώσει
837 4362 900 4435 τδ
927 4363 1133 4432 φέγγος
1181 4361 1377 4429 αὐτῆς,
1409 4362 1505 4415 καὶ
1534 4362 1601 4413 τὰ
1637 4361 1817 4432 ἄστρα

216 4453 542 4521 πεσοῦνται,
573 4454 650 4519 ὡς
685 4456 886 4527 μηκέτι
945 4456 1137 4526 χρείας
1177 4452 1347 4523 οῦσης
1379 4453 1585 4507 αὐτῶν.
1616 4454 1817 4508 Οὐκέτι

216 4548 329 4619 γὰρ
364 4548 521 4605 ἔσται
555 4548 673 4615 νὺξ.
723 4549 781 4602 Ὀ
814 4550 870 4601 δὲ
903 4549 1123 4610 Λουκᾶς
1163 4546 1431 4618 ἐγραψεν,
1461 4547 1544 4600 ὅτι
1580 4546 1685 4599 Kal
1716 4547 1817 4599 ἐπὶ

1901 651 2092 711 ventu,
2142 656 2402 714 tanquam
2449 644 2517 697 ad
2595 651 2965 714 praeceptores
3050 642 3177 697 novi
3227 643 3416 713 populi
3488 662 3500 697 :

1903 742 2087 797 sciens
2116 740 2263 812 quod
2285 742 2453 795 etiam
2486 739 2604 795 haec
2625 738 2843 794 docturi
2867 748 3058 794 essent
3086 774 3090 779 ~
3118 753 3183 792 ac
3217 738 3506 808 scripturi,

1902 844 1957 890 et
1992 835 2059 890 ad
2106 834 2639 889 demonstrationem
2674 848 2868 886 eorum
2904 848 3027 903 qua:
3060 831 3412 902 proplietavit
3440 831 3510 887 de

1904 928 2247 999 captivitate,
2276 937 2332 983 et
2360 927 2426 982 ad
2464 926 2834 983 munitionem
2868 926 3141 991 ﬁdelium,
3174 927 3271 996 qui
3325 924 3503 980 futuri

1905 1032 2037 1077 sunt
2076 1033 2207 1077 ante
2230 1020 2538 1077 secundum
2562 1020 2687 1091 ejus
2719 1020 3048 1074 adventum.

1980 1116 2137 1172 Vera.
2166 1115 2258 1172 26.
2278 1114 2336 1170 Si
2358 1133 2482 1186 ergo
2506 1146 2572 1156 --
2599 1106 2832 1170 credere.
2863 1115 2966 1182 Qui
2996 1124 3129 1169 tunc
3157 1115 3277 1169 haec
3302 1114 3511 1175 dicent.

1906 1208 2207 1280 praenuntii
2246 1216 2415 1263 erunt
2448 1222 2511 1260 ac
2540 1207 2784 1261 ministri
2817 1208 3172 1262 Antichristi.
3205 1206 3512 1262 Penetralia

1907 1310 2094 1356 autem
2121 1316 2270 1356 nunc
2299 1299 2557 1370 intelligit
2589 1300 2710 1354 loca
2747 1298 3092 1355 indomibus
3116 1298 3289 1370 magis
3310 1315 3513 1355 recon-

1906 1392 2045 1450 dita.

1984 1482 2143 1539 Vers.
2173 1482 2267 1538 27.
2308 1482 2459 1538 Sicut
2494 1517 2563 1528 —
2589 1484 2840 1538 hominis.
2876 1482 3057 1546 Sicut,
3098 1484 3301 1554 inquit,
3335 1482 3521 1553 fulgur

1908 1577 2210 1647 egreditur,
2247 1588 2305 1632 et
2344 1578 2607 1633 omnibus
2637 1579 2692 1632 in
2719 1578 3020 1647 conspicuo
3044 1586 3149 1640 est,
3173 1577 3327 1631 nullo
3350 1593 3521 1650 egens

1910 1685 2172 1741 praecone
2227 1680 2323 1726 aut
2398 1671 2830 1742 praenuntiantia,
2900 1670 2996 1725 sed
3061 1670 3350 1725 excessivo
3417 1686 3521 1724 suo

1908 1767 2229 1837 splendore,
2277 1766 2511 1822 minimo
2568 1766 2837 1838 temporis
2892 1774 3199 1831 momento,
3258 1766 3523 1821 universo

1912 1869 2141 1929 apparet
2169 1859 2291 1915 orbi
2320 1878 2332 1913 :
2360 1861 2438 1914 ita
2463 1875 2685 1930 quoque
2718 1858 2824 1914 erit
2857 1858 3133 1913 adventus
3148 1858 3264 1922 ille,
3294 1868 3524 1928 propter

1915 1949 2354 2021 magnitudinem
2429 1951 2516 2005 sui
2600 1948 2942 2020 splendoris,
3009 1949 3275 2003 omnibus
3355 1947 3525 2002 simul

1912 2058 2207 2113 apparens,
2240 2053 2297 2099 et
2356 2043 2533 2099 factus
2593 2043 2913 2099 hominibus
2965 2043 3086 2113 ipse
3118 2043 3201 2096 sui
3264 2043 3520 2097 nuntius.

1912 2129 2102 2201 Neque
2158 2132 2309 2187 enim
2366 2127 2835 2203 quemadmodum
2887 2134 3102 2205 primus
3159 2134 3433 2189 adventus
3466 2134 3521 2188 in

1916 2232 2249 2294 paupertate
2276 2234 2333 2279 et
2352 2224 2597 2281 nominis
2617 2225 2961 2283 obscuritate
2983 2226 3161 2281 factus
3178 2235 3284 2292 est,
3313 2228 3388 2281 ita
3414 2228 3526 2281 erit

1917 2324 1975 2371 et
2011 2318 2314 2383 secundus;
2366 2318 2469 2373 sed
2498 2334 2530 2374 e
2585 2319 2807 2374 diverso
2859 2319 2953 2375 hic
3005 2336 3130 2374 cum
3165 2330 3443 2391 potestate
3469 2332 3525 2375 et

1916 2413 2086 2484 gloria
2124 2429 2319 2483 tiiagna
2360 2413 2474 2479 flet,
2515 2414 2756 2484 stipante
2787 2413 2938 2468 omni
2965 2413 3178 2469 caelesti
3228 2414 3520 2470 exercitu:

1916 2507 2043 2563 ideo
2074 2507 2259 2563 nullus
2288 2508 2439 2563 hunc
2469 2508 2726 2580 ignorare
2753 2517 2887 2562 tunc
2915 2507 3145 2578 poterit.

1989 2691 2146 2746 Vers.
2168 2691 2260 2747 28.
2292 2691 2597 2762 Ubicunque
2629 2721 2700 2731 --
2729 2690 2951 2759 aquilm.
2987 2688 3105 2745 Hoc
3134 2690 3267 2746 dicit
3306 2703 3531 2763 propter

1917 2784 2242 2839 satellitium
2282 2799 2393 2854 quo
2446 2793 2580 2839 tunc
2619 2782 3085 2838 cireumtlubitur.
3144 2784 3210 2837 Et
3261 2787 3532 2856 stipantes

1916 2876 2142 2948 quidem
2165 2875 2721 2946 assimilavitaquiiis,
2750 2883 3013 2946 tanquam
3036 2877 3217 2931 alatos
3239 2893 3303 2933 ac
3324 2879 3530 2949 regios,

1918 2970 2161 3039 seipsum
2194 2983 2329 3023 vero
2355 2967 2632 3032 cadaveri,
2672 2975 2931 3037 tanquam
2965 2979 3388 3039 congregantem
3422 2971 3533 3024 hu-

1915 3060 2160 3130 jusmodi
2185 3059 2422 3130 aquilas,
2446 3068 2502 3114 et
2532 3059 2691 3129 quasi
2716 3058 2901 3113 cibum
2932 3057 3279 3125 spiritualem
3313 3076 3531 3129 eorum,

1918 3151 2199 3223 vitamque
2218 3152 2635 3222 sempiternam.
2660 3149 2835 3205 Lucas
2854 3160 3036 3205 autem
3054 3150 3102 3182 ⁸⁸
3134 3168 3235 3222 pro
3259 3153 3535 3211 Cadavere

1840 3267 1885 3325 ο
1919 3245 2103 3316 posuit
2146 3244 2374 3313 Corpus,
2407 3246 2512 3299 hoc
2541 3254 2623 3298 est
2647 3258 2747 3314 pro
2786 3243 3017 3314 Πτῶμα,
3053 3246 3224 3315 Σῶμα

1997 3339 2152 3395 Vers.
2179 3338 2270 3393 29.
2303 3336 2585 3391 Statim—
2614 3334 2763 3390 caelo.
2795 3335 2870 3391 De
2898 3336 2985 3391 bis
3002 3336 3144 3391 dixit
3177 3348 3234 3393 et
3303 3340 3483 3397 Lucas
3514 3361 3530 3399 :

1922 3435 1993 3489 Et
2048 3444 2200 3489 erunt
2240 3435 2391 3503 signa
2437 3435 2489 3485 in
2523 3431 2652 3495 sole,
2696 3440 2746 3484 et
2796 3430 2947 3495 luna,
3004 3441 3055 3483 et
3082 3431 3247 3487 stellis
3288 3434 3355 3488 ".
3393 3434 3533 3490 Vide

1921 3532 2106 3577 autem
2135 3520 2415 3591 quomodo
2459 3518 2683 3581 dixerit,
2712 3515 2930 3581 Statim,
2965 3519 3354 3577 demonstrans
3383 3526 3533 3593 quod

1922 3620 2087 3675 simul
2120 3617 2233 3672 fere
2261 3616 2471 3674 omnia.
2500 3624 2554 3669 et
2576 3629 2697 3685 quas
2728 3614 2875 3669 dicta
2912 3624 3059 3675 sunt.
3088 3622 3145 3668 et
3180 3616 3297 3672 haec
3329 3628 3385 3671 et
3410 3636 3535 3688 qua:

1924 3714 2205 3777 dicentur,
2240 3712 2395 3766 (ient.
2433 3708 2713 3764 Breviabit
2744 3707 3018 3778 siquidem
3052 3718 3108 3763 et
3158 3708 3299 3765 hanc
3350 3720 3534 3767 tenta-

1923 3807 2132 3861 tionem
2181 3804 2326 3860 Deus
2383 3812 2614 3874 propter
2684 3800 2893 3855 electos
2945 3816 3098 3855 suos.
3159 3802 3531 3862 Atllictionem

1922 3911 2110 3957 autem
2158 3899 2289 3955 dicit
2331 3914 2454 3953 eam
2526 3912 2651 3967 quae
2701 3895 2772 3951 ab
2816 3895 3164 3951 Antichristo
3216 3901 3535 3956 movebitur

1923 3994 2159 4064 ejusque
2196 3990 2604 4053 seductoribus,
2664 3998 2720 4043 et
2772 3988 2897 4059 pios
2953 3988 3176 4058 adliget.
3240 3990 3332 4046 Sol
3393 4008 3531 4047 vero

1924 4085 2315 4143 obscurabitur
2364 4102 2378 4138 :
2430 4098 2540 4136 non
2571 4097 2601 4136 e
2641 4081 2827 4135 medio
2870 4081 3146 4146 sublatus,
3177 4083 3273 4138 sed
3329 4084 3535 4141 Christi

1925 4179 2206 4235 venientis
2238 4174 2360 4232 luce
2406 4184 2730 4245 superatus.
2779 4173 2933 4229 Luna
2982 4184 3167 4230 autem
3215 4193 3326 4231 non
3381 4180 3537 4233 dabit

1924 4273 2277 4343 splendorem
2322 4286 2524 4337 suum;
2553 4278 2609 4323 et
2635 4267 3052 4332 stellzecadent,
3091 4278 3351 4339 tanquam
3393 4272 3530 4327 nulli

1925 4364 2160 4436 amplius
2182 4365 2304 4417 usui
2332 4362 2549 4417 futurx.
2569 4360 2728 4416 Nulla
2759 4359 2905 4415 enim
2927 4371 3057 4415 tunc
3072 4362 3181 4415 erit
3202 4377 3331 4416 nox.
3353 4362 3531 4418 Lucas

1926 4469 2058 4510 vero
2094 4452 2315 4523 scripsit
2354 4469 2367 4506 :
2417 4450 2481 4504 Et
2527 4467 2686 4521 super
2727 4458 2931 4504 terram
2969 4451 3222 4517 anxietas
3260 4454 3530 4523 gentium,

1925 4565 2019 4618 per
2058 4547 2330 4619 tie/luxum
2370 4556 2647 4599 resonante
2679 4544 2819 4597 mari
2858 4560 2920 4596 ac
2940 4544 3109 4611 ﬂuctu
3129 4557 3148 4596 :
3169 4547 3533 4601 arescentibus

223 4638 333 4706 τῆς
366 4638 481 4707 γῆς
513 4638 753 4708 συνοχὴ
792 4637 986 4693 ἐθνῶν
1021 4639 1092 4691 ἐν
1121 4638 1368 4707 ἀπορίᾳ,
1398 4638 1680 4707 ἡκούσης
1719 4642 1821 4692 θα-

1929 4639 2232 4694 hominibus
2296 4654 2406 4707 pra:
2480 4639 2669 4691 timore
2728 4646 2779 4690 et
2832 4636 3244 4703 exspectatione,
3305 4654 3424 4708 qua,
3443 4655 3537 4692 su-

218 4731 467 4797 λάσσης
490 4733 586 4784 καί
620 4734 843 4797 σάλου,
863 4733 1316 4800 ἀποψυχόντων
1345 4729 1677 4799 ἀνθρώπων
1695 4733 1816 4786 ἀπὸ

216 4822 411 4894 φόϐου
440 4822 539 4876 καί
589 4822 968 4891 προσδοκίας
1017 4821 1139 4875 τῶν
1169 4821 1592 4892 ἐπερχομένων
1624 4821 1701 4891 τῇ
1733 4826 1818 4877 οἱ·

216 4914 486 4985 λουμένῃ
508 4931 521 4946 ⁸
558 4916 798 4987 συνοχὴν
835 4916 936 4987 μὲν
967 4916 1140 4969 ἐθνῶν
1177 4916 1460 4987 ὀνομάσας
1518 4914 1617 4985 τὴν
1649 4933 1820 4987 ταρα-

215 5010 343 5081 χὴν,
407 5009 647 5081 ἀπορίαν
694 5008 807 5081 (51)
857 5011 915 5063 δὲ
947 5012 1050 5082 τὴν
1102 5008 1372 5081 νηνεμίαν
1411 5023 1426 5038 '
1475 5011 1647 5081 χωρὶς
1692 5010 1803 5079 γὰρ

218 5106 441 5176 ἀνέμων
470 5107 673 5177 ὴχήσει
707 5105 863 5177 παρὰ
899 5105 1065 5175 φύσιν
1117 5106 1151 5175 ἡ
1180 5104 1429 5158 θάλασσα
1460 5104 1556 5157 καὶ
1589 5105 1616 5157 ὀ
1643 5103 1806 5167 σάλος

216 5193 413 5263 αὐτῆς·
440 5195 712 5265 ἀπόφυξιν
735 5195 790 5249 δὲ
819 5197 909 5251 τὸν
942 5196 1055 5269 (52)
1093 5194 1350 5250 Θάνατον.

338 5315 385 5348 ⁸⁸
417 5313 549 5373 Luc.
582 5331 714 5382 xvn,
743 5315 834 5369 57.
947 5314 992 5345 ⁵⁵
1025 5314 1159 5373 Luc.
1192 5312 1382 5373 $1.25.

1932 4732 2242 4803 pervenient
2274 4730 2389 4785 orbi
2430 4740 2700 4783 terrarum
2736 4731 2803 4782 ⁵⁸.
2848 4726 3201 4783 Anxietatem
3256 4730 3532 4801 gentium,

1927 4826 2223 4897 appellavit
2280 4812 3037 4879 turbationetnz'deﬂuxum
3105 4833 3314 4889 autem,
3381 4833 3533 4878 trau-

1927 4919 2253 4989 quillitatem
2280 4926 2589 4972 ventorum.
2625 4911 2761 4968 Nam
2792 4915 3003 4985 absque
3035 4914 3217 4968 ventis
3250 4916 3534 4971 resonabit

1930 5022 2131 5081 praeter
2149 5022 2405 5065 naturam
2433 5022 2586 5063 mare
2624 5022 2687 5063 ac
2719 5005 2921 5061 ﬂuctus
2954 5006 3096 5076 ejus.
3144 5006 3528 5063 Arescontiam

1928 5121 2059 5161 vero
2090 5104 2223 5160 dicit
2248 5111 2505 5157 mortem.

1493 5312 1541 5345 ⁸⁸
1565 5312 1698 5368 Luc.
1726 5331 1836 5379 nt,
1858 5314 1952 5381 25,
1984 5310 2077 5367 26.

1402 5428 1601 5489 Varia:
1646 5428 1969 5494 lectiones
2012 5434 2075 5490 et
2121 5434 2311 5488 noue.

288 5529 403 5600 (‘28)
438 5528 675 5599 Ἐκείνη,
709 5533 747 5584 Λ
760 5572 773 5586 .

292 5602 403 5673 ('29)
438 5602 594 5673 Τότε,
618 5604 772 5658 abest
795 5604 861 5658 Α.

290 5670 404 5743 (50)
435 5672 740 5728 lientenius
770 5675 986 5728 videtur
1019 5673 1301 5727 invenisse
1350 5670 1552 5741 θλίψει,
1598 5670 1814 5743 Ἐκθλι-

217 5748 379 5813 ϐῆναι
421 5745 603 5813 impiis
654 5744 836 5813 potius
875 5746 1159 5809 convenit,
1193 5756 1357 5813 quam
1407 5744 1537 5813 piis,
1586 5742 1679 5812 qui
1709 5745 1812 5797 eli-

217 5819 420 5872 dentur
448 5830 477 5868 e
507 5831 738 5870 numero
768 5817 1008 5885 piorum.

289 5886 402 5952 (51)
442 5885 559 5940 Dixi
600 5892 669 5940 de
706 5882 807 5942 hoc
855 5886 973 5942 loco
1008 5888 1061 5941 in
1095 5886 1338 5941 editione
1370 5882 1435 5937 N.
1484 5884 1808 5941 Testamenti

220 5961 287 6016 ad
319 5956 451 6013 Luc.
486 5973 597 6019 xxi,
628 5959 717 6011 ‘25.
757 5958 1058 6015 Ilentcnius
1092 5962 1159 6011 ad
1202 5959 1351 6011 hunc
1380 5956 1560 6013 locum
1594 5956 1666 6011 ita
1710 5957 1814 6013 lia-

540 6052 813 6119 PATRGL.
858 6056 975 6122 Gn.
1010 6053 1289 6118 CXXIX.

1929 5530 2021 5584 het
2058 5547 2070 5581 :
2106 5526 2240 5582 Cum
2272 5525 2473 5588 omnia,
2506 5541 2623 5595 qua:
2644 5525 2895 5577 hactenus
2920 5523 3139 5576 viderint
3173 5522 3523 5593 exemplaria,

1926 5601 2155 5654 habeant
2190 5600 2395 5666 ἀπορίᾳ
2429 5598 2571 5663 apud
2607 5595 2829 5653 Lucam.
2878 5596 3115 5666 hocrst,
3163 5596 3529 5662 desperatione

1925 5681 2019 5725 aut
2069 5669 2277 5724 consilii
2306 5665 2519 5735 inopia,
2560 5676 2607 5720 et
2651 5668 2727 5719 sic
2749 5666 2909 5734 junpi
2954 5665 3199 5719 videatur
3220 5666 3519 5734 praecedere.

1925 5745 2063 5797 tibus
2091 5759 2108 5797 :
2141 5749 2331 5795 auctor
2377 5740 2459 5793 hic
2493 5739 2677 5809 legisse
2706 5739 2915 5791 videtur
2958 5737 3251 5862 artopfota,
3286 5738 3381 5789 hoc
3424 5749 3522 5797 est,

1925 5815 2161 5862 deﬂuxu.
2203 5822 2253 5862 et
2288 5811 2458 5862 iunait
2488 5808 2851 5862 sentientibus.
2905 5806 3043 5862 Cum
3122 5809 3191 5862 iis
3244 5823 3522 5862 compara.

1923 5815 2161 5882 deﬂuxu,
2203 5822 2253 5865 et
2278 5811 2458 5882 jungit
2488 5806 2851 5882 sequentibus.
2888 5806 3043 5882 _Cum
3074 5806 3215 5863 illis
3244 5823 3527 5879 compara,

1922 5879 2046 5955 qua:
2072 5884 2236 5955 habet
2256 5879 2457 5955 Milli—us
2482 5879 2563 5955 ad
2587 5879 2788 5934 Lucam
2820 5879 2855 5932 l.
2888 5879 2923 5933 Ι.

2000 5954 2113 6029 ᾤέ)
2149 5955 2321 6011 Recte
2354 5954 2448 6012 ita.
2473 5953 2608 6009 Natu
2638 5966 2879 6007 arescere
2910 5965 2974 6007 ex
2998 5950 3184 6022 aliquo
3210 5966 3322 6009 sua:
3350 5952 3532 6009 artatis

3126 6046 3210 6105 20
