4020 6512
538 506 642 560 bl'J

1769 492 2149 555 EUTHYMI]
2200 491 2561 550 ZlGABENI

3705 491 3811 554 69.0

611 607 762 662 Vers.
815 607 903 664 ἓξ).
947 608 1012 663 Et
1066 636 1137 648 —-
1197 614 1679 663 commoveountur.
1745 609 1810 663 Et
1871 609 2125 663 caelestes

2303 604 2409 656 li'al
2440 634 2507 642 —
2534 601 3044 667 σαλευθήσονται.
3110 603 3218 655 Καὶ
3249 604 3304 654 al
3334 601 3584 672 οὐράνιαι
3645 620 3814 675 στρα-

538 702 812 756 exercitus
868 701 1174 754 horrebunt
1220 699 1472 756 videntes
1515 701 1829 770 huiusmodi
1857 711 2122 755 crealurae

537 793 898 847 mutationem
931 808 945 845 :
975 793 1144 846 Deum
1182 792 1236 845 in
1270 802 1476 847 terram
1528 793 1980 858 descendentem,
2020 793 2121 846 ho-

535 885 715 938 mines
766 893 948 938 autem
1000 884 1290 938 universos
1317 885 1410 954 qui
1460 883 1529 938 ab
1586 884 1745 937 initio
1792 882 2036 944 fuerunt,
2090 897 2120 935 a

535 977 766 1030 mortuis
802 977 1077 1040 suscitari,
1109 986 1167 1030 ut
1193 978 1464 1031 rationem
1502 974 1735 1030 reddant
1797 981 2120 1028 cunctorqu

534 1083 652 1139 quae
682 1066 735 1121 in
768 1068 878 1122 vita
910 1067 1123 1135 operati
1147 1076 1297 1121 sunt.

606 1159 762 1212 Vers.
795 1159 885 1213 30.
928 1158 996 1212 Et
1029 1189 1096 1200 —
1127 1160 1276 1213 uelo.
1301 1159 1527 1228 Signum
1560 1159 1679 1228 ejus
1711 1157 1845 1212 dicit
1877 1172 2119 1221 crucem,

534 1266 656 1320 qua:
685 1260 817 1305 tunc
845 1250 1006 1321 longe
1036 1250 1237 1306 clarius
1272 1250 1389 1305 sole
1412 1250 1646 1321 fulgebit
1674 1269 1688 1304 :
1736 1266 1863 1304 nam
1894 1250 1984 1303 ille
2021 1249 2122 1303 oh—

536 1341 872 1404 scurabitur,
908 1342 1021 1394 hac
1043 1350 1226 1395 autem
1274 1339 1584 1410 apparebit.
1613 1337 1696 1393 Ob
1727 1355 1888 1409 quam
1940 1347 2123 1392 autem

541 1449 765 1487 causam
796 1432 1134 1502 apparebit?
1157 1432 1228 1487 Ut
1273 1440 1551 1486 exterreat
1577 1433 1856 1501 praecipue
1899 1430 2123 1500 quidem

535 1526 776 1588 .ludaeos,
803 1525 1002 1579 deinde
1029 1524 1194 1579 etiam
1229 1524 1483 1595 gentiles,
1541 1525 1633 1594 qui
1665 1524 1887 1578 Christo
1920 1522 2126 1590 impro-

541 1616 808 1685 perabant
855 1630 1104 1680 crucem,
1161 1623 1218 1669 et
1285 1624 1347 1669 ut
1404 1615 1582 1668 sciant
1637 1615 1784 1685 quod
1855 1613 1945 1668 hic
2007 1614 2124 1684 ipse

541 1720 803 1776 tanquam
838 1707 988 1761 Deus
1031 1707 1340 1762 descendit.

610 1800 766 1854 Vers.
791 1799 969 1854 50.161
1013 1809 1137 1852 tunc
1171 1828 1233 1860 τ-
1271 1809 1448 1852 [ενι-ω.
1503 1796 1660 1852 Tunc
1695 1797 1905 1869 lugebit
1960 1812 2124 1852 omne

537 1907 730 1962 genus,
765 1891 1064 1945 inﬁdelium
1099 1891 1374 1946 videlicet.
1413 1891 1473 1944 lli
1508 1891 1751 1960 quidem,
1776 1891 1920 1962 quod
1954 1891 2122 1946 Deum

2224 694 2341 748 τιαὶ
2373 693 2650 761 (opiﬁcum.
2678 693 2976 762 βλέπουσαι
3012 694 3113 765 τὴν
3148 695 3406 764 τοιαύτην
3438 695 3536 764 τῆς
3584 697 3816 760 κτίσεως

2228 786 2558 856 μεταϐολὴν,
2611 787 2710 839 καὶ
2763 788 2857 839 τὸν
2911 787 3010 856 μὲν
3071 788 3205 840 Θεὸν
3262 790 3343 850 είς
3389 787 3492 856 γῆν
3547 791 3818 856 κατερχό-

2230 895 2416 947 μενον,
2477 878 2607 940 τοὺς
2637 877 2695 929 δέ
2726 878 2822 930 ἀπ’
2873 878 3070 941 αἰῶνος
3129 878 3453 949 ἀνθρώπους
3502 879 3567 930 ἐκ
3597 880 3811 948 νεκρῶν

2225 970 2646 1040 ἀνισταμένους,
2683 971 2780 1024 καὶ
2829 969 3129 1040 μέλλοντας
3186 971 3383 1039 λόγους
3417 973 3686 1040 ὑποσχεῖν
3707 972 3817 1024 τῶν

2229 1062 2596 1130 βεόιωμένων.

2298 1154 2410 1208 Kal
2445 1184 2516 1192 —-—
2541 1151 2797 1223 οίφανῷ.
2835 1153 3075 1223 Σημεῖον
3105 1151 3272 1204 αὑτοῦ
3331 1152 3480 1219 λέγει
3521 1155 3614 1207 τὸν
3650 1171 3819 1206 σταυ-

2229 1247 2346 1316 ρδιν,
2376 1245 2667 1316 λάμποντα
2701 1246 2824 1298 τότε
2853 1245 2948 1298 τοῦ
2995 1243 3151 1309 ἡλίου
3197 1244 3376 1312 πολλῷ
3432 1244 3814 1314 φαιδρότερον.

2242 1339 2480 1399 Ἐκεῖνος
2537 1337 2640 1408 μέν
2689 1338 2799 1407 γὰρ
2858 1336 3308 1404 σκοτισθήσεται⁶
3358 1329 3518 1395 οὗτος
3554 1335 3611 1386 δὲ
3648 1339 3820 1402 φανή-

2230 1421 2394 1482 σεται
2424 1427 2581 1492 Τίνος
2616 1429 2878 1481 δέἐνεκεν
2913 1427 3207 1497 ὀφθήσεται
3234 1444 3248 1492 ;
3278 1427 3393 1478 Ἰνα
3414 1425 3624 1494 ταράξῃ
3653 1443 3821 1494 προη-

2227 1524 2514 1592 γουμένως
2542 1522 2641 1592 μέν
2674 1521 2802 1582 τοὺς
2839 1520 3150 1583 Ἰουδαίους,
3185 1517 3304 1571 εἶτα
3334 1519 3580 1580 καὶτοὺς
3616 1517 3822 1586 Ἔλλη-

2227 1631 2354 1678 νας,
2395 1614 2510 1666 ὅσοι
2542 1613 2621 1683 τῷ
2654 1611 2878 1680 Χριστῷ
2908 1611 3000 1663 τὸν
3025 1611 3258 1680 σταυρὸν
3281 1608 3576 1673 ὠνείδιζον,
3610 1610 3707 1662 καὶ
3735 1610 3822 1661 ἵνα

2226 1705 2450 1772 γνῶσιν,
2485 1706 2567 1758 ὅτι
2599 1705 2767 1766 αὐτὸς
2818 1697 2977 1765 οὗτος
3007 1702 3220 1756 κάτεισι
3246 1701 3377 1764 Θεὸς
3401 1700 3498 1758 ῶν.

2299 1797 2411 1849 Καὶ
2435 1797 2570 1849 τότε
2599 1825 2666 1834 --
2696 1794 2834 1864 γῆς.
2869 1795 3004 1847 Τότε
3046 1795 3312 1864 θρηνήσει
3359 1795 3467 1845 πᾶν
3518 1793 3701 1860 γένος,
3735 1793 3828 1861 δῃ-

2227 1890 2360 1962 λαδὴ
2434 1891 2543 1944 τῶν
2583 1890 2832 1944 ἀπίστων
2873 1905 2887 1918 ·
2926 1889 2974 1939 ol
3025 1888 3146 1957 μὲν,
3205 1887 3287 1940 ὃτι
3337 1885 3696 1955 ἐσταύρωσαν
3734 1885 3827 1936 τὸν

537 1952 945 2037 crucillxerint:
993 1983 1069 2036 illi
1108 1991 1313 2049 autem,
1357 1982 1504 2052 quod
1527 1952 1884 2038 .Christianos
1930 1983 2124 2053 punie—

2239 1952 2395 2036 Θεόν·
2424 1983 2474 2036 oi
2505 1983 2584 2047 δὲ,
2617 1983 2700 2035 ὅτι
2745 1983 2872 2042 τοὺς
2929 1952 3294 2048 Χριστιανοὺς
3351 1952 3707 2048 ἐτιμωρησαν
3732 1995 3746 2008 ·
3776 1979 3826 2029 οἱ

537 2075 645 2133 rint
685 2090 948 2128 :rursum
999 2075 1110 2139 isti,
1162 2076 1307 2145 quod
1358 2090 1467 2129 non
1531 2076 1885 2130 crediderint.
1936 2074 2126 2146 Neque

537 2167 684 2222 enim
720 2167 824 2220 alia
869 2176 954 2222 est
987 2167 1068 2222 eis
1103 2182 1243 2238 opus
1275 2169 1627 2223 accusatione
1664 2177 1864 2238 praeter
1881 2183 2122 2223 crucem.

543 2259 699 2313 Tunc
725 2269 908 2313 autem
938 2259 1193 2328 planctus
1221 2261 1327 2314 erit
1351 2261 1431 2314 eis
1455 2259 1684 2315 inutilis.

617 2349 771 2406 Vers.
798 2351 867 2405 50
915 2352 979 2405 Et
1004 2352 1257 2406 videbunt
1284 2384 1352 2392 —
1391 2354 1579 2406 multa.
1605 2351 1883 2406 Przecedet
1906 2352 2125 2422 quidem

541 2460 667 2499 eum
740 2461 895 2505 crux,
964 2455 1220 2514 tanquam
1276 2445 1598 2514 iustiﬁcatio
1649 2447 1912 2501 adversus
1983 2447 2124 2508 illos,

541 2538 634 2606 qui
661 2551 786 2591 eum
807 2537 1217 2593 cruciﬁxerunt.
1253 2535 1556 2593 Descendet
1581 2548 1764 2593 autem
1791 2540 1846 2593 in
1876 2539 2124 2594 nubibus

544 2632 690 2684 sicut
723 2639 1035 2698 assumptus
1063 2640 1169 2685 est.

612 2717 863 2774 Vers.3l.
896 2719 960 2772 Et
987 2721 1152 2774 mittet
1181 2751 1248 2760 -
1268 2737 1473 2775 eorum.
1519 2720 1840 2792 Priusquam
1865 2732 2127 2792 appareat

545 2829 700 2875 crux,
723 2812 900 2867 mittet
937 2813 1056 2867 illos
1085 2832 1097 2868 :
1132 2830 1310 2883 neque
1340 2815 1487 2868 enim
1507 2829 1639 2868 usus
1668 2823 1755 2869 est
1770 2813 1964 2868 ordine
1999 2829 2127 2866 nar—

540 2906 792 2970 rationis,
839 2907 934 2961 sed
988 2905 1311 2975 simpliciter
1341 2906 1474 2960 dicit
1525 2909 1669 2976 quod
1728 2906 1971 2960 futurum
2022 2914 2126 2959 est.

548 2997 651 3049 l‘er
685 3006 919 3066 quatuor
951 3007 1133 3051 autem
1169 3007 1361 3051 ventos
1409 3004 1642 3065 quatuor
1690 2997 1839 3050 orbis
1868 2994 2129 3050 extremi-

547 3096 687 3140 tates
748 3087 1098 3157 signilicavit,
1153 3089 1443 3150 orientem,
1491 3089 1852 3152 occidentem,
1913 3097 2131 3156 septen-

548 3179 820 3242 trionem,
899 3187 952 3233 et
997 3179 1363 3234 merididiem.
1441 3181 1521 3234 Ab
1576 3196 1902 3251 unaquaque
1983 3183 2128 3236 enim

2228 2075 2304 2141 δὲ,
2342 2076 2424 2129 ὅτι
2453 2077 2554 2128 οὐκ
2580 2076 2936 2128 ἐπίστευσαν.
2966 2073 3041 2126 Οὐ
3065 2072 3225 2144 χρεία
3243 2073 3352 2140 γὰρ
3391 2071 3577 2132 αὐτοῖς
3627 2071 3824 2140 ἐτέρας,

2230 2168 2567 2240 κατηγορίας
2602 2168 2756 2236 παρὰ
2783 2167 2875 2220 τὸν
2908 2168 3166 2238 σταυρόν.
3243 2167 3530 2238 Ἀνόνητος
3560 2167 3614 2219 δὲ
3638 2169 3826 2229 αὐτοῖς

2227 2262 2256 2314 ὁ
2288 2260 2594 2330 τηνικαῦτα
2627 2259 2929 2331 κλαυθμός.

2301 2354 2410 2407 Καὶ
2441 2353 2695 2422 ὄψονται
2725 2382 2794 2394 -
2842 2350 3102 2420 πολλῆς.
3141 2351 3430 2422 Προοδεύει
3486 2350 3586 2422 μὲν
3653 2353 3824 2406 αὑτοῦ

2229 2448 2258 2499 ὁ
2313 2448 2568 2513 σταυρὸς,
2644 2446 2721 2508 ὡς
2778 2446 3059 2516 δικαίωμα
3095 2446 3238 2499 κατὰ
3302 2446 3410 2498 τῶν
3462 2447 3821 2515 σταυρωσάν-

2228 2555 2336 2590 των
2381 2538 2574 2591 αὐτόν·
2635 2537 2729 2590 ἐπὶ
2783 2537 3026 2606 νεφελῶν
3069 2537 3127 2590 δὲ
3187 2539 3454 2602 κάτεισιν,
3492 2538 3568 2598 ὡς
3625 2538 3826 2606 ἀνελή-

2231 2630 2364 2699 φθη.

2302 2723 2412 2777 Καὶ
2445 2722 2775 2778 ἀποστελεῖ
2807 2755 2869 2764 --
2908 2723 3129 2777 αὐτῶν.
3187 2722 3298 2792 Πρὸ
3344 2721 3436 2774 τοῦ
3469 2723 3708 2791 φανῆναι
3735 2723 3827 2776 τὸν

2234 2817 2512 2886 σταυρὸν,
2563 2817 2857 2870 ἀποστελεῖ
2903 2816 3142 2878 τούτους.
3215 2817 3328 2868 Οὐκ
3390 2815 3671 2886 ἐχρήσατο
3718 2815 3829 2884 γὰρ

2231 2911 2384 2976 τάξει
2416 2908 2787 2977 ἀπαγγελίας,
2823 2909 2936 2960 ἀλλ’
2973 2908 3160 2971 ἁπλῶς
3186 2908 3332 2974 λέγει
3358 2907 3426 2959 τὰ
3454 2908 3828 2976 «(amarius-ua.

2233 3001 2333 3052 Διὰ
2363 3000 2418 3052 δέ
2445 3001 2552 3051 τῶν
2588 3001 2872 3070 τεσσάρων
2931 2998 3150 3067 ἀνέμων
3203 2999 3269 3051 τὰ
3313 2999 3553 3066 τέσσαρα
3609 3000 3830 3069 πέρατα

2231 3089 2332 3157 τῆς
2361 3088 2695 3158 οἰκουμένης
2746 3088 3041 3157 ἐδήλωσεν,
3073 3087 3366 3157 ἀνατολὴν,
3398 3087 3574 3150 δύσιν,
3612 3087 3826 3156 ἄρκτον

2237 3181 2333 3232 καὶ⁸
2372 3179 2750 3250 μεσημϐρίαν.
2802 3180 2890 3243 Ἐξ
2939 3160 3320 3247 ἐκάστοῶγάρ
3352 3179 3587 3248 πέρατος
3622 3179 3828 3247 ἄνεμος

546 3270 894 3325 extremitate
931 3270 1180 3340 proprius
1226 3272 1399 3340 spirat
1438 3285 1632 3327 ventus
1669 3290 1682 3325 :
1716 3281 1769 3326 et
1807 3273 1861 3326 hi
1893 3282 2125 3342 quatuor

2239 3272 2370 3335 ἴδιος
2400 3276 2543 3336 πνεῖ,
2601 3275 2697 3325 καὶ
2757 3268 2908 3326 οὗτοι
2947 3274 2994 3325 οἱ
3035 3273 3296 3342 τέσσαρές
3351 3274 3507 3337 εἰσιν,
3543 3273 3591 3323 οἱ
3620 3273 3827 3342 κυρίως

545 3365 804 3419 dicuntur
841 3366 1060 3434 proprie
1093 3364 1262 3417 venti.
1309 3363 1413 3418 Per
1462 3375 1704 3418 extrema
1759 3381 1891 3420 vero
1967 3367 2128 3420 etiam

546 3455 723 3509 media
764 3453 1113 3524 signiﬁcavit.
1167 3453 1326 3520 Quod
1381 3464 1562 3508 autem
1622 3457 1772 3517 dicit,
1805 3457 1847 3509 Α
1906 3460 2129 3511 summis

542 3546 795 3601 malorum
859 3561 1022 3615 usque
1062 3545 1132 3599 ad
1189 3547 1439 3598 terminos
1496 3561 1698 3608 eorum,
1738 3547 2130 3602 declarativum

544 3651 629 3696 est
667 3641 788 3708 ejus
837 3640 983 3707 quod
1013 3638 1149 3693 dixit
1183 3657 1196 3692 :
1235 3639 1275 3690 Α
1314 3648 1550 3709 quatuor
1599 3641 1783 3702 ventis,
1821 3641 2132 3710 signiﬁcans

538 3735 689 3788 idem
724 3732 1019 3801 importare
1051 3732 1340 3797 terminos,
1377 3731 1563 3786 Ventos
1588 3743 1641 3787 et
1668 3733 1943 3788 Extrema.
1971 3737 2129 3806 Apud

541 3827 784 3881 Marcum
817 3840 947 3879 vero
975 3824 1050 3878 ait
1079 3842 1093 3878 :
1127 3823 1202 3878 Ab
1234 3837 1466 3878 extremo
1513 3835 1690 3890 terra,
1747 3843 1910 3897 usque
1940 3829 2010 3881 ad
2035 3846 2127 3883 ea:-

556 3931 789 3972 tremum
842 3915 958 3971 cali
1006 3917 1074 3983 ",
1110 3915 1316 3970 docens
1342 3916 1533 3970 eadem
1565 3931 1686 3970 esse
1740 3926 1983 3972 extrema
2018 3930 2128 3973 ter—

538 4025 617 4065 rae
665 4017 722 4063 et
750 4007 896 4063 caeli.
941 4006 1006 4060 Et
1043 4017 1171 4081 nota
1203 4008 1348 4077 quod
1378 4007 1510 4062 tuba
1537 4015 1784 4062 mortuos
1820 4009 2082 4063 excitabit
2112 4026 2126 4074 ;

546 4102 820 4156 excitatos
853 4107 1036 4153 autem
1068 4101 1482 4172 congregabunt
1513 4100 1686 4170 angeli
1719 4118 1738 4166 ;
1770 4112 2131 4171 congregatos

543 4210 674 4248 vero
714 4195 931 4264 rapien‘t
955 4192 1151 4258 nubes,
1186 4191 1330 4247 sicut
1355 4192 1494 4248 dixit
1518 4190 1742 4260 Paulus,
1772 4195 1826 4247 in
1855 4209 2128 4246 occursum

543 4289 757 4342 Domini
797 4289 852 4341 in
889 4305 1016 4341 aera
1047 4287 1116 4341 ⁸⁷.
1152 4285 1308 4352 Quod
1355 4295 1538 4340 autem
1606 4285 1767 4340 etiam
1813 4294 2128 4356 peccatores

539 4381 950 4453 t-ongregabunt
988 4379 1191 4449 angeli,
1239 4379 1425 4433 docuit
1457 4377 1710 4434 Christus
1738 4379 2129 4448 interpretatus

537 4482 789 4544 quartam
835 4471 1146 4542 parabolam
1207 4469 1452 4524 vicesimi
1493 4469 1675 4539 quarti
1711 4469 1929 4540 capitis;
1986 4471 2130 4524 Dixit

538 4567 685 4622 enim
717 4583 731 4620 :
763 4565 939 4620 Mitte:
979 4563 1152 4617 Filius
1193 4563 1420 4616 hominis
1451 4563 1663 4632 angelos
1684 4580 1828 4629 suos,
1882 4572 1930 4618 et
1977 4563 2128 4617 colli-

2234 3365 2450 3432 ἄνεμοι.
2507 3365 2607 3418 Διὰ
2643 3365 2696 3418 δὲ
2728 3366 2839 3418 τῶν
2898 3365 3154 3432 περάτων
3200 3363 3391 3417 καὶτὰ
3420 3366 3563 3433 μέσα
3603 3383 3828 3432 συμπα-

2234 3455 2529 3524 ρεδήλωσε.
2563 3456 2709 3509 Τὸδέ
2762 3455 3102 3523 Ἀπ’ἇιιρων
3150 3455 3422 3522 οὐρανῶν
3468 3455 3578 3521 ἕως
3619 3455 3823 3524 ἄκρων

2232 3544 2454 3611 αὐτῶν,
2491 3548 2966 3618 ἐφερμηνευτικὸν
3001 3550 3118 3600 ἐστι
3177 3548 3270 3599 τοῦ
3313 3549 3406 3600 Ἐκ
3436 3547 3554 3600 τῶν
3598 3549 3825 3601 τεσσά-

2227 3657 2355 3708 ρων
2379 3640 2641 3709 ἀνέμων,
2676 3644 2940 3709 σημαῖνον
2999 3643 3079 3694 ὅτι
3115 3642 3184 3694 τὰ
3210 3643 3356 3711 ἄκρα
3414 3642 3777 3710 ἐμφαίνουσιν
3801 3683 3812 3695 .

2237 3737 2415 3802 Ἀπρα
2463 3735 2517 3787 δέ
2577 3737 2643 3788 τὰ
2693 3735 2931 3805 ρηθέντα
2990 3737 3228 3806 πέρατα.
3297 3734 3453 3806 Παρὰ
3510 3735 3728 3805 Μάρκῳ
3765 3735 3821 3789 δέ

2233 3846 2400 3898 φησιν
2443 3829 2558 3882 Ἀπ’
2593 3829 2779 3896 ἄκρου
2814 3827 2927 3898 γῆς
2968 3828 3080 3894 ἕως
3122 3829 3309 3897 ἄκρου
3341 3829 3638 3896 οὐρανοῦ·
3675 3829 3824 3882 διδά-

2233 3940 2379 3975 σκων
2433 3924 2513 3976 ὅτι
2578 3923 2646 3976 τὰ
2706 3923 2849 3976 αὐτά
2883 3924 3021 3974 εἰσιν
3064 3925 3210 3993 ἄκρα
3259 3921 3364 3991 γῆς
3411 3923 3504 3974 καὶ
3554 3921 3814 3991 οὐρανοῦ.

2233 4017 2431 4069 Σκόπει
2490 4017 2546 4068 δὲ
2599 4018 2681 4070 ὃτι
2733 4018 2764 4086 ἡ
2815 4016 2914 4087 μὲν
2949 4016 3183 4083 σάλπιγξ
3234 4016 3527 4084 ἀναστήσει
3575 4017 3706 4078 τοὺς
3741 4033 3824 4068 νε·

2231 4107 2439 4176 κροὺςο
2493 4109 2840 4169 ἀναστάντας
2887 4107 2943 4159 δὲ
2985 4105 3406 4169 ἐπισυνάξουσιν
3457 4106 3507 4158 οἱ
3557 4106 3817 4174 ἄγγελοι·

2232 4203 2673 4268 ἐπισυναγέντας
2698 4199 2810 4267 (33)
2832 4199 2886 4252 δέ
2907 4201 3252 4268 ἁρπάσουσιν
3287 4200 3341 4252 αἱ
3370 4199 3613 4268 νεφέλαι,
3639 4198 3820 4264 καθὼς

2231 4289 2350 4347 εἶπε
2394 4293 2606 4356 Παῦλος
2636 4296 2741 4356 Εἰς
2771 4293 3115 4361 ἀπάντησιν
3145 4291 3254 4346 τοῦ
3279 4294 3502 4359 Κυρίου
3537 4295 3624 4357 εις
3656 4293 3818 4361 ἀέρα.

2233 4387 2356 4440 ’Ότι
2389 4387 2445 4440 δὲ
2469 4387 2560 4438 καὶ
2585 4389 2713 4448 τοὺς
2758 4384 3122 4456 ἁμαρτωλοὺς
3180 4385 3401 4455 ἄγγελοι
3451 4385 3818 4454 συλλέγουσιν,

2232 4479 2469 4544 ἐδίδαξεν
2500 4478 2807 4548 ὁΧριστδς,
2856 4475 3181 4547 ἑρμηνεύων
3219 4478 3317 4545 τὴν
3343 4477 3613 4547 τετάρτην
3643 4496 3821 4549 παραυ

2236 4571 2398 4642 ϐολήν
2425 4569 2520 4624 τοῦ
2543 4571 2795 4623 εἰκοστοῦ
2821 4571 3084 4640 τετάρτου
3114 4569 3431 4639 κεφαλαίου.
3466 4569 3668 4639 Εἴρηκε
3692 4573 3818 4641 γὰρ,

539 4671 658 4731 gent
705 4662 769 4714 de
810 4675 971 4729 regno
1009 4659 1123 4726 ejus
1172 4658 1352 4710 omnia
1389 4657 1736 4724 oﬁ'endicula,
1786 4667 1834 4712 et
1893 4673 1981 4712 eos
2037 4658 2125 4721 qui

2239 4665 2316 4716 ὅτι
2356 4634 2714 4717 ζΛποσιίςλεῖ
2738 4666 2770 4716 ό
2803 4664 2938 4728 Υἱὸς
2959 4634 3072 4716 *τοῦ
3112 4634 3431 4732 ἀνθρώπου
3474 4634 3618 4727 τοὺς
3649 4634 3822 4731 ἀγγιὲο

541 4761 831 4820 operantur
895 4750 1232 4820 iniquitatem
1284 4747 1352 4800 ⁵⁸.
1405 4747 1599 4812 Quaere
1629 4763 1758 4819 ergo
1819 4750 1890 4804 ibi
1949 4751 2127 4807 decla~

546 4845 830 4896 rationem.

619 5027 774 5082 Vers.
811 5029 900 5082 32.
953 5028 992 5078 Α
1060 5057 1128 5067 -
1182 5028 1521 5095 parabolam.
1582 5029 1897 5086 Parabolam
1965 5043 2126 5088 vocat

541 5121 850 5190 exemplum
892 5121 1037 5189 quod
1067 5121 1310 5174 dicturus
1365 5129 1449 5176 est
1500 5121 1567 5174 ad
1604 5121 2118 5189 demonstrandum,

542 5211 687 5278 quod
724 5225 833 5264 non
865 5211 937 5265 sit
976 5226 1230 5281 magnum
1265 5210 1559 5266 discrimen
1589 5213 1734 5268 inter
1765 5214 1871 5271 hoc
1905 5217 2122 5287 siguutu

543 5305 964 5374 signiﬁcativum
1028 5303 1257 5358 secundi
1321 5305 1594 5359 adventus
1658 5313 1713 5359 et
1785 5306 1964 5377 ipsum
2027 5311 2116 5364 ad-

543 5399 788 5447 ventum.

2229 4759 2381 4820 λους
2408 4755 2617 4815 αὐτοῦ,
2653 4754 2752 4807 καί
2775 4753 3198 4818 συλλέξουσιν
3216 4755 3337 4807 ἀπὸ
3369 4751 3476 4820 τῆς
3497 4753 3822 4816 ,ϐασιλείας

2233 4845 2424 4899 αὐτοῦ
2465 4845 2662 4898 πάντα
2712 4843 2783 4895 τὰ
2823 4843 3165 4907 σκάνδαλα,
3198 4843 3296 4896 καί
3331 4842 3471 4906 τοὺς
3501 4843 3822 4906 ποιοῦντας

2230 4940 2347 5005 τὴν·
2371 4939 2650 5008 ἀνομίαν.
2690 4937 2798 4989 Καὶ
2822 4937 2976 5006 ζήτει
2999 4939 3160 4989 κάκεῖ
3191 4937 3291 5003 τὴν
3327 4937 3608 5004 ἐξήγησιν.

2315 5029 2452 5083 Ἀπὸ
2484 5060 2554 5068 ——-
2581 5026 2959 5096 παραϐολήν.
3016 5026 3342 5096 Παραϐολήν
3367 5043 3498 5096 φησι
3552 5027 3615 5078 τὸ
3645 5028 3820 5091 rapio

2233 5123 2458 5191 δειγμα,
2489 5121 2517 5174 ὃ
2553 5120 2738 5191 μέλλει
2772 5121 2938 5190 ἐρεῖν,
2977 5119 3115 5188 πρὸς
3152 5119 3428 5185 ἀπόδειξιν
3453 5117 3548 5170 τοῦ
3587 5117 3663 5188 μὴ
3689 5117 3819 5170 πολὺ

2239 5209 2382 5266 εἶναι
2414 5213 2474 5265 τὸ
2527 5212 2802 5282 διάστημα
2853 5212 2914 5263 τὸ
2958 5211 3161 5281 μεταξὺ
3224 5210 3317 5263 τοῦ
3376 5227 3434 5262 τε
3491 5209 3821 5278 δηλωῦέντος

2239 5307 2470 5376 σημείου
2507 5305 2620 5374 (54)
2669 5306 2767 5374 τῆς
2819 5305 3076 5376 δευτέρας
3133 5304 3438 5374 παρουσίας
3492 5304 3585 5354 καὶ
3654 5301 3821 5369 αὐτῆς

2235 5400 2299 5468 δὴ
2325 5398 2546 5466 ταύτης.

614 5536 658 5566 ⁸⁸
688 5535 852 5591 Marc.
886 5552 1000 5602 xm,
1031 5537 1125 5592 27.
1201 5539 1244 5570 ⁸⁷
1277 5541 1294 5591 1
1333 5539 1526 5597 Thess.
1554 5559 1630 5607 ιν,
1659 5544 1744 5598 i7.
1823 5543 1868 5576 ³⁸
1899 5544 2087 5599 Matth.
2117 5562 2235 5607 xui,
2262 5547 2352 5597 41.

1737 5699 1940 5761 Variae
1991 5699 2300 5777 lectiones
2341 5711 2401 5762 et
2435 5708 2622 5761 notae.

535 5812 865 5892 Schrevclio
908 5819 1082 5892 hausit
1128 5820 1411 5890 'Vulgalns.
1459 5820 1789 5891 Ἀποψύχειν
1829 5833 1912 5878 est
1946 5821 2128 5892 exspi-

538 5899 690 5965 rare,
716 5889 884 5965 ιυυιςὶ.
933 5889 1277 5965 lta'l‘liucyll.
1315 5891 1409 5965 lib_.
1440 5909 1478 5957 ι,
1513 5889 1634 5965 cap.
1674 5889 1814 5962 in;
1877 5889 2126 5962 ὰπὲψῦξε

543 5955 680 6022 βίον.
713 5957 969 6026 Sophod.
1000 5961 1053 6014 in
1091 5955 1271 6029 Aja'ce,
1301 5977 1354 6031 p.
1387 5955 1476 6019 59;

2283 5819 2425 5890 "(55)
2455 5819 2636 5882 Forte,
2669 5817 3049 5888 συναχθέντας.
3082 5815 3211 5872 Nam
3240 5815 3370 5873 illud
3395 5815 3608 5872 videtur
3637 5827 3818 5870 exem-

2240 5893 2330 5962 plo
2354 5907 2564 5944 carere.

2311 5963 2427 6034 (54)
2464 5963 2592 6027 Καί,
2633 5959 2935 6031 interponit
2959 5957 3023 6013 Α.
