4020 6496
195 430 304 492 (‘25

1029 423 1424 485 COMMENT.
1470 421 1552 482 IN
1601 416 2075 480 MATTlI/EUM.
2118 447 2184 456 —
2228 421 2388 480 CAP.
2429 419 2642 483 XXIV.

3391 409 3493 476 θείς

190 546 317 606 τοὺς
353 542 646 605 πλουσίους
679 541 855 609 δηλοῖ,
901 541 992 594 διὰ
1031 541 1086 593 δὲ
1117 541 1227 592 τῶν
1261 537 1583 600 ἁληθουσῶν
1614 536 1670 588 ἒν
1717 533 1795 602 τῷ
1824 573 1832 586 ι

1922 538 1990 608 ιιιί
2035 537 2087 591 in
2124 553 2253 608 agro
2280 543 2430 596 sunt,
2458 533 2657 588 divites
2689 530 2945 601 intelligit
2974 547 2988 595 ;
3032 544 3131 599 per
3166 542 3260 582 eas
3309 535 3491 580 autem

192 635 426 706 μυλῶνι,
458 636 583 700 τοὺς
633 635 893 704 πένητας.
937 634 1046 687 Καὶ
1073 634 1316 688 διδάσκει
1341 633 1425 686 ὅτι
1467 632 1564 684 καὶ
1594 630 1659 681 ἐκ
1689 627 1798 681 τῶν

189 729 467 784 πλουσίων
501 729 595 782 καὶ
619 730 682 781 ὲκ
728 727 837 780 τῶν
876 727 1126 798 πενήτων
1185 725 1326 788 τινὲς
1369 725 1471 794 μὲν
1505 722 1794 788 σώζονται,

191 826 342 882 τινὲς
373 824 432 877 δὲ
466 821 825 885 ἀπόλλυνται.
861 821 956 873 Διὸ
999 819 1098 873 καὶ
1128 819 1222 872 ἐπὶ
1252 819 1351 888 μὲν
1374 818 1484 870 τῶν
1520 815 1795 869 πλουσίων

193 915 508 987 ἀρσενικῶς
536 913 630 966 τὸν
658 912 819 980 λόγον
845 915 1155 982 προήγαγε,
1195 911 1258 963 τὸ
1293 910 1497 980 ὑψηλὸν
1524 907 1617 961 καὶ
1648 908 1800 977 ἰσχυ-

195 1009 286 1077 ρδν
369 1004 553 1058 αὐτῶν
629 1002 1045 1074 ἐνδεικνύμενος
1116 1003 1213 1055 ἐπὶ
1269 1002 1325 1054 δὲ
1383 1001 1492 1054 τῶν
1545 1000 1799 1070 πενήτων

191 1097 477 1169 θηλυκῶς,
530 1097 591 1149 τὸ
619 1097 878 1150 ταπεινὸν
919 1095 1013 1149 καὶ
1052 1095 1280 1159 ἀσθενὲς
1328 1093 1538 1147 τούτων
1563 1091 1800 1160 ὑποφαί-

189 1211 318 1243 νων.
345 1191 579 1259 Καὶγὰρ
602 1189 716 1241 ὅσοι
769 1189 868 1258 μὲν
909 1188 1062 1258 ἦτον
1091 1187 1323 1241 πλοῦτον
1377 1187 1560 1250 καλῶς
1591 1186 1796 1256 διῴκη-

191 1285 374 1354 σαν,ἦ
411 1284 507 1354 τὴν
535 1284 729 1334 πενίαν
757 1283 940 1345 καλῶς
961 1282 1296 1344 ὲσάστασαν,
1334 1280 1795 1352 παραλαμϐάνονο

188 1395 280 1430 ται
303 1380 384 1440 είς
409 1378 716 1446 ἀπάντησιν
744 1375 840 1430 τοῦ
856 1376 1084 1446 Κυρίου,
1104 1374 1178 1439 ὡς
1207 1375 1477 1445 γνώριμοι
1501 1375 1649 1440 αὑτῷ
1669 1392 1799 1442 τυγ-

191 1470 458 1539 χάνοντες
489 1485 501 1498 ⁸
547 1470 663 1521 ὅσοι
691 1469 747 1521 δὲ
766 1469 1105 1534 τούναντίον,
1138 1469 1395 1536 ἀφίενται
1435 1467 1588 1520 κάτω
1606 1467 1680 1530 ὡς
1701 1468 1797 1520 ἀν-

191 1565 341 1628 άξιοι
373 1562 760 1632 περιμένοντες
796 1561 1031 1614 ἐνταῦθα
1057 1561 1148 1613 τὸν
1173 1561 1460 1631 δικαστήν.
1497 1559 1712 1622 Λουκᾶς
1745 1559 1800 1612 δὲ

195 1659 411 1725 ἑτέρως
471 1659 604 1726 φησι
647 1658 771 1726 περὶ
808 1656 1002 1708 τούτου
1058 1658 1115 1708 ὲν
1183 1654 1260 1725 τῷ
1292 1653 1578 1723 ἑξηκοστῴ
1629 1670 1800 1722 κεφα-

189 1750 333 1819 λαίῳ
356 1789 371 1811 ,
403 1750 484 1801 ὅτι
519 1751 809 1803 Ἔσονται
839 1750 949 1802 δύο
980 1751 1078 1803 ἐπὶ
1115 1750 1333 1815 κλίνης
1354 1747 1501 1816 μιᾶς
1523 1764 1535 1777 ⁸
1569 1748 1656 1812 εἷς
1687 1748 1798 1815 (37)

193 1841 769 1906 παραληφθήσεται,
813 1839 911 1891 καὶ
943 1842 975 1893 ὀ
1013 1839 1218 1906 ἕτερος
1259 1839 1651 1908 ἀφεθήσεται.
1685 1840 1800 1891 Δύο

193 1931 450 1984 ἔσονται
479 1931 820 1994 ἀλήθουσαι
848 1931 950 1984 ἐπὶ
978 1933 1044 1984 τὸ
1078 1934 1247 1986 αὐτό·
1271 1933 1380 2001 μία
1407 1930 1801 1999 παραληφθή-

194 2042 397 2087 σεται,
431 2024 528 2077 καὶ
566 2026 601 2092 ἡ
642 2024 814 2091 ἑτέρα
860 2025 1256 2094 ἀφεθήσεται,
1323 2024 1412 2077 διὰ
1447 2027 1546 2093 μὲν
1574 2025 1683 2075 τῶν
1712 2024 1803 2076 ἐπὶ

195 2119 302 2186 τῆς
339 2116 530 2186 κλίνης
575 2118 703 2198 τοὺς
767 2118 825 2169 ἐν
889 2116 1200 2169 ἀναπαύσει
1253 2117 1457 2186 δηλῶν,
1491 2115 1579 2168 διὰ
1608 2115 1662 2167 δὲ
1697 2115 1805 2166 τῶν

199 2212 259 2262 ὲν
296 2209 376 2278 τῷ
428 2209 634 2276 μυλῶνι
685 2211 812 2271 τοὺς
861 2210 918 2261 ὲν
978 2211 1346 2280 κακοπαθείᾳ.
1400 2210 1569 2278 Δῆλον
1593 2203 1687 2261 οὖν
1726 2209 1807 2261 ὅτι

197 2303 480 2371 διαφόρως
531 2302 653 2354 κατ’
691 2302 850 2355 ἄλλον
883 2303 978 2355 καὶ
1006 2303 1170 2356 ἄλλον
1224 2304 1419 2374 καιρδν
1465 2303 1806 2374 ἐρρήθησαν,

200 2399 270 2448 τὶ
305 2397 400 2448 τοῦ
437 2397 622 2449 Λουκᾶ
658 2395 758 2466 μὲν
786 2396 1086 2466 πρότερον,
1127 2398 1197 2450 τὰ
1249 2397 1307 2450 δὲ
1368 2396 1465 2450 τοῦ
1525 2395 1809 2450 Ματθαίου

207 2489 338 2541 ὕστε
352 2506 468 2557 ρον.

279 2583 320 2652 ’ί-
351 2583 392 2653 'l'
437 2582 631 2650 Ἀγρὸν
662 2581 921 2652 ὠνόμασε
945 2582 1039 2635 τὸν
1075 2583 1187 2651 (58)
1237 2583 1442 2651 κόσμον
1464 2599 1476 2612 ⁸
1516 2581 1814 2652 παραλαμ-

205 2678 436 2731 ϐάνεται
485 2673 578 2730 οὖν
642 2678 670 2728 ὁ
726 2675 1072 2744 σωζόμενος’
1118 2677 1344 2744 ἀφίεται
1411 2679 1440 2730 ὁ
1481 2675 1815 2746 κατακρινό-

214 2790 400 2842 μενος.
454 2773 548 2824 Ἐκ
576 2772 767 2824 τούτου
797 2772 980 2823 τοίνυν
1018 2770 1286 2840 μάθωμεν
1332 2773 1416 2825 ὃτι
1453 2771 1549 2824 καὶ
1581 2772 1815 2840 πένητες

217 2868 311 2919 καὶ
333 2865 604 2926 πλούσιοι,
643 2867 736 2918 καὶ
762 2864 937 2918 δοῦλοι
962 2865 1054 2918 καὶ
1079 2865 1258 2936 κύριοι
1287 2864 1817 2936 παραλαμϐάνονταί

211 2961 400 3012 τεκαὶ
458 2961 734 3028 ἀφίενται.
792 2961 1046 3012 Δείκνυσι
1113 2958 1170 3010 δὲ
1239 2960 1320 3011 ὅτι
1381 2958 1516 3028 μηδὲ
1568 2956 1817 3009 πλούσιοι

214 3052 420 3112 πάντες
452 3050 810 3114 ἀπόλλυνται,
841 3049 976 3118 μηδὲ
1001 3049 1239 3118 πένητες
1272 3050 1476 3110 πάντες
1525 3049 1815 3111 σώζονται.

216 3144 381 3195 Ὅθεν
415 3142 512 3196 καὶ
539 3142 764 3210 ἐπάγειο
796 3142 1152 3211 Γρηγορεῖτε
1199 3138 1335 3204 οὖν,
1355 3141 1447 3194 ὅτι
1476 3143 1588 3194 οὐκ
1615 3139 1817 3192 οἴδατε

1903 647 2023 701 qua:
2053 631 2264 684 molunt
2294 630 2349 683 in
2391 629 2556 688 mula,
2594 639 2866 697 pauperes
2897 641 2909 676 :
2946 638 3008 674 ac
3041 622 3202 675 docet
3251 618 3397 690 quod
3441 628 3495 670 et

1904 723 1972 778 de
2005 721 2287 784 divitibus,
2322 728 2375 774 et
2413 721 2480 774 de
2526 716 2865 788 pauperibus
2917 714 3139 783 quidam
3188 711 3494 771 salvantur,

1903 817 2125 887 quidam
2157 830 2288 869 vero
2325 822 2580 884 pereunt.
2619 811 2747 866 Ideo
2780 808 2946 864 etiam
2974 806 3043 860 de
3090 804 3350 860 divitibus
3384 817 3501 856 ser-

1905 923 2128 964 monem
2161 904 2465 960 masculine
2517 903 2758 964 induxit,
2795 898 3076 955 excelsum
3113 912 3176 950 ac
3209 896 3348 949 forte
3396 894 3494 948 de-

1904 1010 2220 1057 monstrans
2247 999 2391 1062 quod
2424 997 2478 1053 in
2526 997 2608 1050 eis
2652 1003 2737 1049 est
2771 1010 2782 1045 :
2824 993 2890 1048 de
2922 989 3258 1062 pauperibus
3313 995 3498 1042 autem

1907 1092 2190 1156 feminine,
2255 1088 2612 1143 subindicans
2657 1084 2838 1139 debile
2864 1098 2927 1138 ac
2969 1082 3294 1151 depressum
3354 1076 3500 1145 quod

1905 1187 1960 1240 in
1992 1185 2099 1240 illis
2125 1192 2232 1238 est.
2269 1182 2558 1251 Siquidem
2616 1186 2887 1249 quotquot
2938 1175 3023 1229 vel
3075 1173 3301 1228 divitias
3362 1171 3503 1224 bene

1906 1288 2214 1341 sectantur,
2254 1275 2337 1331 vel
2377 1280 2758 1345 paupertatem
2794 1271 2937 1325 bene
2986 1268 3503 1328 ferunt,assumun-

1906 1386 1995 1428 tur
2031 1373 2086 1425 in
2121 1386 2412 1426 occursum
2447 1366 2686 1432 Domini,
2723 1374 2981 1433 tanquam
3021 1360 3101 1415 illi
3152 1356 3450 1413 familiares
3487 1370 3501 1406 ε

1905 1474 2172 1536 quotquot
2206 1471 2390 1517 autem
2442 1458 2718 1514 contrario
2755 1457 2918 1510 modo
2981 1469 3038 1507 se
3090 1451 3314 1513 habent,
3349 1448 3510 1502 deor-

1905 1574 2025 1614 sum
2066 1565 2323 1624 tanquam
2358 1551 2564 1622 indigni
2607 1550 3019 1618 relinquuntur,
3065 1553 3128 1597 ut
3163 1543 3230 1596 ibi
3261 1540 3505 1612 judicem

1907 1657 2246 1720 exspectent.
2305 1645 2480 1699 Lucas
2520 1659 2650 1697 vero
2702 1642 2770 1696 de
2831 1640 2917 1694 his
2983 1637 3091 1692 alio
3153 1633 3316 1688 modo
3372 1629 3511 1685 dicit

1907 1743 2086 1812 capite
2110 1739 2454 1808 sexagesimo
2486 1735 2698 1788 :Erunt
2725 1731 2946 1804 (inquit)
2988 1730 3090 1783 duo
3120 1729 3172 1780 in
3204 1728 3334 1779 lecto
3360 1740 3463 1776 uno
3495 1739 3508 1776 :

1911 1854 2045 1890 unus
2093 1844 2417 1897 assumatur,
2461 1842 2510 1885 et
2570 1833 2710 1883 alter
2743 1829 3124 1898 relinquetur:
3175 1824 3294 1876 dua:
3355 1828 3510 1898 erunt

1908 1929 2159 1982 metentes
2197 1925 2358 1980 simul
2393 1941 2409 1978 :
2455 1940 2559 1976 uua
2584 1929 2907 1982 assumetur,
2948 1926 2994 1969 ct
3019 1915 3191 1969 altera
3243 1911 3510 1980 relinque-

1909 2034 1995 2076 tur
2026 2021 2094 2084 ⁸⁸,
2131 2035 2224 2089 per
2254 2034 2347 2072 eos
2379 2017 2470 2086 qui
2521 2016 2575 2068 in
2618 2015 2759 2068 lecto
2814 2019 2943 2065 sunt
3015 2005 3332 2077 significans
3391 2001 3514 2054 illns

1910 2115 2092 2186 quiin
2148 2113 2337 2180 requie
2405 2109 2612 2178 degunt
2653 2123 2665 2159 :
2705 2121 2803 2175 per
2863 2117 2956 2157 eas
3033 2108 3215 2152 autem
3281 2110 3403 2160 qua:
3456 2093 3510 2144 in

1912 2209 2092 2273 mola,
2156 2220 2251 2259 eos
2328 2202 2423 2272 qui
2485 2200 2717 2254 adversa
2803 2195 3077 2249 tolerant.
3161 2187 3512 2242 Manifestum

1913 2309 1996 2354 est
2095 2313 2260 2368 ergo,
2335 2293 2480 2363 quod
2554 2288 2928 2346 diversimode
2999 2283 3106 2338 alio
3167 2291 3333 2350 atque
3401 2278 3510 2331 alio

1917 2402 2167 2461 tempore
2254 2389 2402 2443 dicta
2470 2386 2630 2441 sint:
2703 2384 2857 2453 prius
2929 2379 3149 2450 quidem
3238 2391 3302 2429 ea
3391 2387 3515 2441 qum

1917 2485 2060 2555 apud
2149 2481 2376 2545 Lucam,
2429 2475 2785 2548 postmodum
2832 2487 2963 2527 vero
3010 2485 3130 2540 qua:
3179 2467 3322 2522 apud
3379 2463 3515 2519 Mat-

1921 2581 2146 2634 thaeum.

1990 2667 2030 2736 -ῒ
2075 2669 2280 2736 Agrum
2322 2661 2538 2716 vocavit
2577 2661 2870 2716 mundum.
2899 2656 3213 2712 Assumitur
3252 2667 3383 2723 ergo
3417 2650 3513 2720 qui

1920 2771 2193 2821 servatur,
2254 2755 2588 2825 relinquitur
2655 2752 2743 2822 qui
2795 2751 3173 2806 codenmatur.
3237 2745 3521 2800 Discamus

1922 2853 2086 2924 igitur
2117 2868 2184 2904 ex
2215 2851 2319 2905 hoc
2355 2850 2496 2912 loco,
2534 2847 2679 2917 quod
2722 2855 2776 2900 et
2807 2858 3084 2914 pauperes
3112 2849 3167 2894 et
3202 2839 3423 2903 divites,
3465 2847 3520 2890 et

1921 2944 2063 3000 servi
2088 2954 2144 2998 et
2165 2941 2371 2998 domini
2399 2947 2756 2994 assumuntur
2777 2952 2842 2991 ac
2870 2936 3282 3004 relinquuntur.
3315 2928 3518 2985 Osten-

1921 3040 2000 3094 dit
2031 3047 2218 3092 autem
2249 3035 2395 3105 quod
2426 3049 2532 3088 nec
2580 3046 2776 3087 omnes
2838 3029 3040 3084 divites
3098 3033 3351 3096 pereunt,
3417 3037 3523 3075 nec

1921 3144 2198 3199 pauperes
2247 3126 2533 3180 salvantur
2592 3136 2805 3176 onmes.
2870 3119 3029 3175 Unde
3069 3125 3125 3170 et
3174 3113 3522 3185 postmodmn

216 3237 359 3302 ποίᾳ
390 3235 513 3305 ὥρᾳ
546 3238 580 3288 ό
613 3237 833 3303 Κύριος
889 3235 1062 3303 ὑμῶν
1113 3235 1373 3304 ἔρχεται.
1435 3234 1546 3303 Τὴν
1599 3233 1824 3302 ἡμέραν

1929 3230 2024 3283 ait:
2073 3227 2300 3298 Vigilate
2340 3240 2463 3296 ergo
2493 3224 2620 3293 quia
2657 3220 2867 3275 nescitis
2923 3235 3026 3287 qua
3057 3216 3191 3269 liora
3253 3213 3518 3266 Dominus

215 3326 317 3375 03x
375 3321 543 3385 εἶπε,
614 3323 945 3394 βουλόμενος
1014 3324 1350 3393 ἐναγωνίους
1418 3318 1560 3376 εἶναι
1620 3323 1820 3386 αὐτοὺς

216 3416 513 3485 διηνεκῶς.

293 3511 730 3579 ι’ρηγορεῖτε-
769 3511 1027 3581 ἔρχεται.
1097 3513 1156 3565 ὐ
1189 3511 1244 3565 δὲ
1274 3512 1505 3583 Μάρκος
1553 3511 1820 3582 ἔγραψεν,

233 3602 619 3670 Ἀγρυπι-ιεῖτε
651 3601 749 3654 καὶ
805 3603 1256 3671 προσεύχεσθε·
1295 3607 1408 3656 οὐκ
1429 3602 1631 3656 οἴδατε
1678 3606 1826 3657 πότε

221 3701 252 3749 ὀ
287 3699 496 3764 καιρός
525 3696 718 3760 ἐστιν,
750 3698 777 3749 ὁ
819 3698 916 3764 τῆς
981 3697 1244 3766 δευτέρας
1304 3696 1556 3763 δηλονότι
1611 3713 1822 3766 παρου-

223 3791 347 3852 σίας
384 3789 574 3840 αὑτοῦ.
647 3788 1017 3857 Ἐγρή-ίορσιν
1067 3788 1123 3840 δὲ
1179 3789 1274 3840 καὶ
1339 3787 1655 3857 ἀγρυπνίαν
1712 3789 1826 3840 νόει

227 3882 305 3951 ii}
363 3881 529 3951 μόνον
562 3881 664 3952 τὴν
738 3881 834 3934 τοῦ
891 3881 1063 3934 ὕπνου
1117 3883 1478 3952 ἐγκράτειαν,
1538 3882 1675 3935 ἀλλὰ
1730 3883 1828 3934 καὶ

223 3977 326 4046 τὴν
363 3976 628 4029 παντοίαν
661 3977 942 4046 προσοχὴν
968 3993 1024 4028 τε
1088 3977 1178 4029 καὶ
1229 3976 1501 4045 φυλακήν.
1545 3977 1683 4046 Φησὶ
1719 3979 1826 4046 γὰρ

228 4071 324 4121 καὶ
350 4071 378 4121 ὁ
403 4069 644 4130 Λουκᾶς·
675 4067 1017 4136 Προσέχετε
1052 4069 1316 4135 ἑαυτοῖς,
1351 4070 1596 4140 μήποτε
1637 4069 1830 4136 ,ϐαρη-

229 4163 425 4215 θῶσιν
452 4159 624 4229 ὑμῶν
657 4163 716 4214 al
740 4162 978 4229 καρδίαι
1034 4161 1106 4216 ἐν
1155 4163 1484 4230 κραιπάλῃ,
1517 4161 1619 4214 καὶ
1649 4160 1826 4231 μέθῃ,

229 4256 330 4308 καὶ
359 4256 680 4325 μερίμναις
709 4255 1041 4321 βιωτικαῖς,
1083 4256 1181 4308 καὶ
1205 4256 1512 4325 αἰφνίδιος
1543 4255 1638 4325 ἐφ’
1672 4254 1831 4324 ὑμᾶς

229 4347 453 4415 ἐπιστῇ
486 4348 523 4415 ἡ
556 4347 747 4417 ἡμέρα
774 4349 1001 4415 ἐκείνη.
1055 4351 1149 4414 Ὠς
1184 4350 1369 4418 παγίς
1423 4351 1534 4416 γὰρ
1581 4349 1833 4403 ἐπελεύ-

231 4457 405 4492 σεται
429 4440 528 4493 ἐπὶ
544 4441 778 4510 πάντας
803 4442 944 4507 τοὺς
965 4442 1345 4510 καθημένους
1372 4443 1470 4495 ἐπὶ
1501 4444 1833 4510 πρόσωπον

231 4534 437 4600 αλσης
458 4534 570 4600 τῆς
590 4532 722 4601 γῆς.
771 4534 892 4604 [Ὡς
912 4535 1025 4604 (59)
1045 4535 1213 4602 παγὶς
1246 4533 1345 4603 μὲν
1373 4535 1462 4587 διὰ
1486 4535 1547 4587 τὸ
1571 4536 1830 4605 ἀσυμφα·

235 4630 321 4688 νὲ,
354 4628 529 4697 αὐτῆς
560 4627 653 4680 καὶ
689 4627 1030 4696 ἀπρόοπτον
1065 4627 1359 4700 πρόσωπον
1389 4628 1446 4681 δὲ
1477 4631 1576 4698 τῆς
1634 4627 1764 4698 γῆς]
1796 4631 1828 4701 ἡ

231 4719 533 4786 ἑπιυάνεια
575 4719 768 4787 αὐτῆς·
804 4719 1110 4788 καθήμενοι
1165 4720 1221 4772 δὲ
1254 4721 1305 4772 ol
1358 4721 1666 4787 διάγοντες.
1695 4718 1831 4774 Εἶτα

232 4811 508 4876 λέγεικαὶ
539 4812 670 4883 περδ⁹
705 4813 802 4881 τῆς
832 4815 1167 4884 προσευχῆς,
1200 4816 1282 4867 ὅτι
1319 4815 1707 4883 Ἀγρυπνεῖτε
1759 4815 1831 4868 ἐν

233 4901 418 4954 παντὶ
473 4901 660 4968 καιρῷ
716 4904 1012 4971 δεόμενοι,
1072 4907 1174 4958 ἵνα
1207 4907 1619 4976 καταξιωθῆτε
1648 4909 1832 4978 ἐκρυ-

237 4994 366 5061 γεῖν
405 4994 607 5048 πάντα
660 4998 732 5050 τὰ
781 4997 1095 5066 μέλλοντα
1129 5000 1389 5067 γενέσθαι
1427 5003 1564 5071 (40),
1624 5001 1828 5073 δηλαδὴ

237 5085 386 5156 παρὰ
417 5087 527 5140 τῶν
557 5087 798 5154 πλάνων,
828 5092 921 5141 καὶ
969 5091 1072 5144 ὅσα
1120 5091 1291 5148 δεινά.

309 5342 354 5373 ⁶⁶
394 5341 528 5396 an.
565 5357 696 5408 λιιι,
722 5343 814 5398 54.

929 5344 971 5376 ⁸⁷
1005 5343 1170 5399 Marc.
1210 5361 1328 5412 xm,
1354 5347 1470 5401 33..
1525 5347 1568 5380 ⁵⁸
1609 5348 1742 5403 Luc.
1778 5365 1891 5411 ut,
1923 5347 2012 5413 51,
2035 5347 2123 5400 55.

1928 3328 2092 3372 vester
2122 3316 2313 3370 veniet.
2358 3310 2477 3366 Non
2508 3311 2649 3366 dixit
2677 3308 2845 3375 diem,
2884 3306 3077 3362 volens
3120 3319 3216 3358 eos
3257 3301 3524 3357 continue

1925 3411 1992 3465 ad
2026 3417 2305 3464 certamen
2337 3419 2460 3460 esse
2487 3410 2730 3473 paratos.

1999 3501 2154 3556 Vers.
2189 3500 2280 3554 Ω.
2318 3497 2542 3568 Vigilate
2579 3526 2634 3537 —-
2663 3503 2914 3548 venturus
2940 3495 3036 3546 sit.
3090 3489 3305 3543 Marcus
3336 3497 3518 3540 autem

1928 3594 2148 3666 scripsit
2192 3611 2205 3647 :
2258 3591 2486 3661 Vigilate
2524 3599 2571 3642 et
2621 3596 2770 3640 orate
2806 3600 2823 3638 :
2853 3583 3068 3637 nescitis
3108 3581 3250 3634 enim
3314 3578 3530 3649 quando

1932 3701 2135 3756 tempus
2161 3688 2227 3741 sit
2261 3686 2328 3750 ⁸⁷,
2388 3681 2615 3738 secundi
2653 3679 2910 3734 videlicet
2943 3677 3217 3729 adventus
3247 3672 3387 3741 ejus.
3428 3671 3530 3724 Pcr

1930 3779 2171 3848 vigiliam
2207 3783 2392 3829 autem
2431 3772 2546 3826 sive
2597 3767 2934 3840 vigilantiam
2987 3762 3228 3832 intellige
3265 3776 3376 3814 non
3440 3774 3530 3812 so-

1932 3870 2038 3924 lam
2073 3867 2255 3922 somni
2307 3863 2732 3933 temperantiam
2755 3899 2772 3923 ,
2814 3871 3009 3913 verum
3039 3855 3199 3911 etiam
3251 3852 3530 3908 omnimo-

1932 3964 2057 4017 dam
2093 3959 2453 4014 attentionem
2505 3966 2560 4008 ct
2592 3953 2918 4010 custodiam.
2964 3949 3104 4004 Dicit
3134 3947 3284 4003 enim
3342 3955 3397 4000 et
3423 3944 3532 3997 Lu-

1933 4069 2026 4108 cas
2063 4070 2075 4106 :
2115 4048 2380 4106 Attendite
2416 4047 2560 4102 vobis
2595 4047 2720 4120 ipsis
2753 4044 3032 4113 nequando
3061 4047 3348 4112 graventur
3372 4039 3532 4089 corda

1939 4156 2109 4199 vestra
2147 4141 2396 4212 crapula,
2429 4150 2478 4195 et
2517 4139 2793 4200 ebrietate,
2844 4151 2906 4188 ac
2945 4136 3088 4187 curis
3115 4132 3274 4201 hujus
3308 4130 3449 4194 vita',
3483 4136 3530 4182 et

1935 4238 2241 4307 repentinus
2305 4233 2646 4302 superveniat
2727 4231 2868 4284 vobis
2916 4228 3028 4281 dies
3073 4226 3183 4278 ille.
3257 4228 3532 4291 Tanquam

1936 4331 2157 4398 laqueus
2198 4326 2337 4379 enim
2369 4323 2693 4393 superveniet
2737 4321 2790 4373 in
2823 4334 3000 4371 οηιιιοδ
3034 4316 3123 4386 qui
3160 4313 3338 4368 sedent
3377 4328 3535 4380 super

1937 4423 2125 4494 faciem
2157 4420 2413 4474 universa:
2455 4426 2609 4469 terra:
2655 4414 2723 4468 ".
2770 4412 3056 4481 Tanquam
3109 4409 3341 4478 laqueus
3395 4422 3531 4459 sane

1937 4524 2160 4586 propter
2190 4529 2298 4568 non
2358 4509 2732 4582 apparentiam
2780 4516 2835 4560 et
2890 4502 3526 4574 imprazmcditationem.

1863 4577 1909 4636 θ
1939 4609 2130 4664 Facies
2163 4615 2350 4661 autem
2386 4577 2545 4658 terra:
2578 4611 2664 4656 est
2692 4597 3016 4670 superficies
3047 4603 3104 4651 et
3158 4593 3428 4664 apparitio
3459 4595 3541 4648 il-'

1933 4701 2061 4755 lius.
2105 4699 2375 4753 Sedcntes
2413 4711 2545 4750 vero
2593 4702 2720 4748 sunt
2758 4692 3026 4755 viventes,
3079 4699 3172 4742 aut
3203 4690 3257 4741 in
3316 4688 3524 4740 mundo

1932 4793 2218 4862 degentes.
2259 4789 2467 4843 Deinde
2505 4786 2640 4841 dicit
2667 4784 2830 4839 etiam
2869 4785 2935 4836 de
2969 4781 3242 4836 oratione:
3291 4778 3525 4848 l’igilatc

1932 4885 2077 4939 omni
2120 4893 2376 4951 tempore,
2412 4887 2686 4950 precantes
2747 4887 2800 4929 ut
2839 4876 2986 4944 digni
3046 4871 3355 4926 habeamini
3394 4869 3531 4936 emt-

1933 4993 2051 5048 gere
2117 4975 2296 5028 omnia
2359 4976 2470 5028 ha'e
2531 4989 2650 5044 qua:
2704 4979 2926 5025 ventura
2993 4975 3114 5021 sunt
3166 4965 3250 5030 θ’,
3305 4979 3334 5018 a
3371 4963 3536 5016 sedu-

1939 5069 2188 5126 ctoribus
2221 5068 2496 5130 videlicet,
2558 5075 2612 5120 et
2670 5076 3011 5134 quaecunque
3052 5059 3153 5114 alia
3221 5065 3384 5111 erunt
3437 5070 3533 5123 pe-

1942 5165 2136 5219 ricula.

2201 5347 2245 5377 ⁸³
2280 5345 2409 5399 ibid.
2451 5343 2539 5397 '56.

1447 5530 1644 5595 Varia:
1703 5531 2009 5596 lectiones
2038 5539 2099 5594 et
2133 5538 2327 5593 noue.

318 5723 431 5793 (37)
473 5725 557 5789 Ὀ,
584 5736 711 5781 ante
739 5725 844 5789 εἷς,
890 5735 946 5780 et
980 5727 1035 5794 ἡ,
1086 5736 1211 5779 ante
1251 5726 1372 5796 μία,
1425 5723 1630 5782 omittit
1671 5727 1836 5781 etiam

247 5806 478 5863 uterque
510 5797 678 5850 codex
711 5797 765 5849 in
790 5806 1050 5852 contextu
1086 5796 1266 5851 Luem.

318 5865 431 5933 (58)
471 5866 596 5921 llu‘c
629 5879 824 5922 neuter
856 5883 1101 5922 meormn
1128 5869 1393 5937 agnoscit.
1422 5867 1578 5923 Unde
1613 5870 1838 5934 repetita

252 5946 452 6000 essent,
478 5953 553 6010 re;
575 5939 718 5994 crirc
747 5955 854 5995 non
883 5939 1054 6011 potui.
1085 5938 1302 5994 Interim
1335 5957 1461 6009 ergo
1493 5939 1609 6009 ipse
1653 5941 1839 5997 Greece

1941 5726 2172 5780 reddidi.
2263 5774 2269 5780 .

2015 5796 2126 5862 (39)
2157 5797 2369 5852 Inclusa
2403 5794 2724 5850 exciderunt
2757 5793 2817 5847 Λ.

2022 5861 2134 5938 (40)
2167 5868 2324 5923 Auud
2364 5867 2563 5923 Lucam
2598 5864 2845 5934 ’,σίνεσθαι
2877 5861 3037 5917 habet
3071 5868 3322 5930 uterque.
