4020 6496
563 380 665 439 027

564 579 762 634 dicitur
797 594 985 651 quarta
1040 598 1164 652 pars
1195 584 1388 644 noctis,
1433 591 1592 652 prout
1642 582 1803 636 etiam
1850 580 1973 634 alibi
2007 579 2142 632 dixi-

563 688 708 725 mus.
741 673 1053 728 Parabolice
1081 683 1263 728 autem
1301 691 1448 728 nunc
1487 675 1638 737 dicit,
1675 674 1816 742 quod
1854 673 1897 726 si
1950 671 2140 726 scisset

572 764 734 817 homo
783 781 892 833 quo
939 777 1185 835 tempore
1217 767 1339 821 ﬁnis
1381 769 1503 821 vita:
1564 783 1676 820 suae
1712 766 1929 819 futurus
1971 772 2137 825 esset,

567 856 751 924 utique
778 857 920 910 circa
953 858 1080 913 illud
1125 869 1342 928 tempus
1371 858 1662 930 vigilasset,
1704 866 1758 911 et
1793 868 2137 924 nequaquam

568 946 846 1015 periisset.
881 947 985 1002 Sed
1020 959 1310 1019 propterea
1341 959 1394 1004 et
1434 962 1778 1001 communem
1799 945 2042 999 omnium
2072 943 2131 995 ti-

563 1053 713 1099 nem,
742 1047 796 1092 et
858 1053 983 1092 eum
1023 1040 1114 1109 qui
1147 1040 1344 1109 cuique
1372 1039 1623 1109 proprius
1668 1046 1772 1097 est,
1814 1037 1940 1091 fecit
1999 1035 2140 1087 Deus

561 1138 621 1182 ut
668 1127 998 1198 ignorarent,
1061 1145 1130 1184 ne
1184 1131 1250 1185 ad
1283 1131 1411 1184 illud
1444 1130 1618 1183 solum
1676 1138 1891 1198 tempus
1949 1129 2139 1199 vigila-

564 1230 705 1280 rent.
746 1222 892 1275 omni
934 1222 1144 1292 reliquo
1177 1222 1315 1276 male
1344 1222 1586 1276 viventes
1621 1238 1633 1273 :
1667 1222 1760 1275 sed
1790 1233 1867 1285 ut,
1897 1236 2018 1274 cum
2052 1223 2138 1274 in-

563 1320 748 1364 certus
800 1310 1042 1376 sitﬁnis,
1075 1326 1291 1378 semper
1337 1310 1486 1364 illum
1534 1319 1873 1380 exspectent,
1924 1324 2140 1378 semper

563 1403 668 1455 sint
702 1403 766 1456 ad
803 1412 1077 1457 certamen
1119 1403 1317 1471 parati.

632 1586 788 1642 Vers.
830 1589 920 1644 N.
980 1588 1104 1642 Ideo
1150 1618 1217 1629 —
1251 1599 1500 1642 venturus
1568 1600 1662 1643 est.
1711 1589 1855 1644 Ideo.
1913 1588 2142 1656 Quare?

562 1678 698 1744 Quia
732 1692 946 1749 tempus
971 1679 1250 1750 ignoratis.
1283 1679 1336 1734 In
1377 1682 1668 1736 universali
1733 1682 1998 1751 siquidem
2033 1682 2141 1738 ﬁne

567 1774 750 1825 mundi
812 1774 1155 1828 manifestum
1191 1782 1296 1838 est,
1348 1773 1493 1844 quod
1538 1773 1800 1827 Dominus
1830 1775 2031 1828 veniet.
2065 1773 2140 1828 De

1807 375 2190 439 EUTHYMII
2228 375 2587 437 ZlGABENI

639 488 794 541 'V'i-rs.
848 490 937 544 1ιῦ.
993 488 1136 544 Illud
1165 521 1234 529 —-
1261 507 1436 544 suam.
1470 488 1662 560 Vigilia
1719 488 1835 543 sive
1890 485 2134 541 custodia
2170 494 2209 541 Α

3710 377 3813 440 638

2328 485 2558 539 Ἐκεῖνο
2594 516 2655 529 -
2681 485 2890 538 αύτοῦ.
2928 483 3147 555 Φυλακὴ
3189 484 3434 537 καλεῖται
3500 482 3561 536 τὸ
3621 501 3817 552 τεταρο

2243 578 2509 648 τημόριον
2562 580 2659 647 τῆς
2691 579 2908 641 νυκτὸς,
2942 577 3018 638 ὠς
3054 578 3150 630 καὶ
3186 577 3242 628 ὲν
3276 576 3453 638 ἄλλοις
3482 576 3813 644 εἰρήκαμεν.

2247 669 2646 740 ῐΙαραὸολικῶς
2693 669 2750 720 δέ
2805 669 3084 736 φησινῦν,
3117 669 3221 731 ὅτι,
3283 668 3376 720 ἐὰν
3433 668 3734 733 ἐγίνωσκεν
3790 669 3817 718 6

2242 762 2526 832 ἄνθρωπος
2562 763 2615 814 ἐν
2651 761 2785 830 ποίῳ
2823 761 3001 830 καιρῷ
3063 761 3159 830 τῆς
3192 759 3337 827 ζωῆς
3376 757 3538 812 αὐτοῦ
3609 761 3669 810 τὸ
3726 758 3818 810 τέ-

2243 855 2332 917 λος
2365 855 2607 925 ἔρχεται,
2651 854 3028 922 ἐγρηγόρησεν
3059 852 3124 904 ἂν
3158 852 3277 904 κατ’
3315 853 3523 903 ἐκεῖνον
3556 850 3654 902 τὸν
3687 867 3815 901 και-

2246 948 2358 1018 ρδν,
2386 952 2480 999 καὶ
2511 947 2609 998 οὐκ
2636 945 2699 998 ἂν
2739 945 3005 1000 ἀπώλετο.
3060 941 3220 996 Ἀλλὰ
3275 944 3362 994 διὰ
3419 941 3575 995 τοῦτο
3623 941 3716 994 καὶ
3757 941 3816 992 τδ

2244 1039 2424 1089 κοινὸν
2459 1036 2678 1088 πάντων
2712 1035 2885 1096 τέλος,
2930 1032 3110 1086 καὶτὸ
3139 1033 3272 1086 ῐδιον
3317 1032 3546 1082 ἑκάστου
3608 1029 3813 1082 πεποί-

2243 1146 2375 1192 ηκεν
2401 1127 2770 1196 ἀγνοούμενον
2794 1129 2821 1179 6
2846 1123 3001 1188 Θεὸς,
3037 1124 3123 1176 ἵνα
3152 1124 3226 1193 μὴ
3251 1122 3371 1175 κατ’
3398 1125 3604 1174 ἐκεῖνον
3651 1122 3814 1191 μόνον

2242 1221 2334 1276 τὸν
2405 1220 2594 1291 καιρὸν
2647 1220 2902 1289 νήφωσι,
2964 1218 3054 1269 τὸν
3123 1216 3282 1270 ἄλλον
3339 1216 3554 1268 ἅπαντα
3625 1214 3818 1275 κακῶς

2243 1316 2509 1386 βιοῦντες·
2555 1313 2671 1366 ἀλλ’
2709 1313 2816 1375 ἵνα,
2841 1311 2936 1364 τοῦ
2969 1310 3153 1372 τέλους
3203 1308 3397 1378 ἀδήλου
3424 1306 3815 1374 τυγχάνοντος,

2241 1408 2498 1460 ἑκάστοτε
2527 1404 2682 1458 τοῦτο
2712 1403 3140 1474 προσδοκῶντες,
3165 1400 3420 1452 ἑκάστοτε
3441 1389 3574 1449 ὦσιν
3609 1396 3818 1464 ἐναγῶν

2241 1516 2361 1550 νιοι.

2313 1590 2415 1642 Διά
2440 1589 2615 1643 τοῦτο
2645 1617 2713 1626 ——
2739 1588 2994 1656 ἔρχεται.
3027 1585 3126 1638 Διὰ
3158 1583 3334 1646 τοῦτο,
3385 1582 3571 1644 ποῖον;
3605 1580 3706 1632 Διὰ
3756 1579 3814 1631 τὸ

2247 1681 2322 1752 μὴ
2352 1679 2555 1733 εἰδέναι
2582 1680 2674 1732 τὸν
2700 1678 2914 1749 καιρόν.
2977 1676 3068 1729 Ἐν
3107 1674 3204 1743 μὲν
3227 1673 3319 1727 οὖν
3353 1673 3429 1739 τῷ
3478 1671 3817 1738 παγκοσμξῳ

2243 1774 2386 1825 τέλει
2416 1773 2648 1843 φανερὸν
2697 1772 2779 1823 ὅτι
2852 1771 2879 1822 6
2933 1769 3143 1839 Κύριος
3176 1767 3415 1838 ἔρχεται·
3460 1765 3588 1835 περὶ
3633 1766 3688 1816 δὲ
3723 1763 3816 1816 τοῦ

571 1864 795 1934 proprio
846 1875 1029 1918 autem
1080 1864 1186 1918 ﬁne.
1246 1839 1436 1919 dicunt
1486 1865 1730 1934 quidam,
1804 1866 1947 1932 quod
2008 1880 2140 1917 uno-

2253 1864 2414 1918 ἱδικοῦ
2454 1864 2601 1925 τινὲς
2649 1863 2748 1931 μέν
2809 1877 2972 1929 φασιν
3026 1863 3130 1927 ὅτι,
3179 1859 3405 1912 ἑκάστου
3483 1854 3816 1926 Χριστιανοῦ

563 1971 784 2026 quoque
815 1957 1130 2011 Christiano
1198 1957 1470 2012 moriente
1528 1956 1682 2012 adest
1720 1957 1982 2010 Dominus
2017 1970 2138 2010 cum

569 2049 772 2102 sanctis
831 2050 1038 2119 angelis
1081 2067 1094 2102 :
1134 2051 1354 2119 quando
1405 2051 1566 2104 etiam
1643 2051 1909 2104 rationem
1965 2049 2141 2103 reddit

568 2138 770 2190 anima.
821 2137 1050 2202 Quidam
1092 2153 1224 2192 vero
1286 2140 1582 2194 adventum
1631 2143 1912 2209 proprium
1977 2139 2138 2203 illius,

568 2230 758 2283 dicunt
809 2229 1100 2297 impe=ium
1157 2233 1278 2301 ejus
1323 2247 1431 2301 quo
1498 2231 1650 2299 jubet
1710 2241 1767 2284 ut
1819 2233 1998 2285 anima
2054 2245 2142 2284 se-

572 2328 838 2388 paretur.
905 2319 1044 2384 Quia
1091 2330 1272 2374 autem
1349 2321 1402 2373 in
1473 2319 1640 2373 futuri
1688 2320 1880 2388 judicii
1934 2334 2142 2373 memo—

569 2404 702 2453 riam
737 2400 950 2462 incidit,
1006 2400 1072 2454 ad
1113 2409 1474 2470 prmeeptores
1501 2401 1778 2454 convertit
1806 2415 2140 2468 sermonem,

566 2501 622 2544 ct
661 2492 789 2545 dicit
825 2509 838 2543 :

644 2582 778 2637 V'ers
843 2583 931 2646 45,
991 2583 1247 2649 Quisnam
1273 2611 1342 2622 --
1385 2592 1633 2652 tempore.
1669 2581 2020 2639 Famulitium
2064 2586 2146 2640 di-

567 2673 640 2724 .it
681 2673 828 2742 ipsos
855 2673 1085 2729 famulos
1115 2689 1180 2730 ac
1221 2672 1315 2729 Dei
1357 2687 1580 2741 servos;
1608 2673 1790 2730 cibum
1826 2686 2032 2742 autem,
2059 2695 2144 2732 ra-

570 2767 824 2820 tionalem
858 2767 1188 2821 doctrinam.

655 2858 807 2912 Vers.
849 2858 938 2912 46.
997 2859 1393 2913 Beatus—sic
1464 2860 1765 2928 facientem.
1820 2861 1944 2925 Sic,
2005 2864 2145 2917 sicut

565 2952 749 3018 jussit.

645 3044 803 3099 Vers.
840 3045 927 3099 1.7.
964 3046 1220 3099 Amen—
1249 3062 1387 3099 eum.
1462 3047 1518 3100 ln
1567 3063 1818 3118 magnum
1875 3049 2140 3103 honorem

2242 1954 2623 2018 τελευτῶντος,
2654 1953 3014 2023 παραγίνεται
3040 1952 3177 2022 μετὰ
3211 1952 3318 2004 τῶν
3342 1951 3511 2018 ἁγίων
3541 1950 3815 2016 ἀγγέλων,

2244 2050 2332 2102 ὅτε
2373 2049 2466 2101 καὶ
2502 2047 2865 2114 λογοθετεῖται
2897 2047 2928 2114 η
2964 2045 3130 2114 ψυχή·
3150 2045 3292 2105 τινὲς
3319 2043 3374 2096 δὲ
3403 2043 3615 2095 ἕλευσιν
3643 2043 3819 2109 ῐδικὴν

2244 2141 2410 2194 αὑτοῦ
2460 2140 2677 2207 λέγουσι
2752 2136 2847 2208 τὴν
2907 2138 3155 2190 κέλευσιν
3211 2137 3304 2188 τοῦ
3363 2132 3641 2204 χωρισμοῦ
3707 2135 3809 2201 τῆς

2243 2232 2443 2303 ψυχῆς.
2485 2231 2642 2284 Ἐπεὶ
2677 2231 2734 2282 δὲ
2758 2228 2948 2282 λοιπὸν
2995 2230 3077 2290 εἰς
3102 2228 3201 2298 τὴν
3223 2227 3321 2296 τῆς
3352 2225 3656 2296 μελλούσης
3697 2224 3819 2293 κρί-

2247 2344 2385 2388 σεως
2435 2324 2659 2377 ἐνέϐαλε
2707 2323 2952 2393 μνήμην,
2986 2322 3117 2390 πρὸς
3148 2321 3272 2384 τοὺς
3301 2318 3657 2379 διδασκάλους
3688 2317 3820 2388 τρέ-

2245 2436 2337 2473 πει
2357 2419 2449 2472 τὸν
2474 2417 2656 2487 λόγον.
2682 2416 2777 2472 καί
2796 2431 2948 2486 eger

2323 2587 2734 2656 Τίς-καιρῷ.
2765 2585 3075 2656 Θεραπείαν
3125 2583 3225 2653 μὲν
3271 2581 3419 2650 λέγει
3475 2582 3600 2642 τοὺς
3659 2578 3825 2647 Θεράο

2249 2700 2470 2748 ποντας,
2528 2682 2655 2742 τοὺς
2697 2679 2915 2740 δούλους
2987 2676 3080 2729 τοῦ
3127 2673 3282 2740 Θεοῦ,
3341 2674 3544 2743 τροφὴν
3604 2673 3660 2725 δὲ
3712 2673 3813 2742 τὴν

2255 2775 2506 2845 λογικὴν,
2541 2775 2640 2844 τὴν
2669 2769 3085 2838 διδασκαλικὴν.

2320 2867 2621 2937 Μακάριος
2654 2897 2724 2907 --
2747 2862 3033 2918 ποιοῦντα
3080 2860 3289 2926 οὕτως.
3316 2859 3522 2923 Οὕτως,
3551 2858 3625 2922 ὡς
3659 2876 3826 2927 προσ-

2251 2963 2443 3032 ετάγη.

2335 3053 2613 3123 Ἀμήνσ-
2638 3053 2848 3106 αὐτόν.
2891 3050 3001 3122 (41)
3031 3050 3123 3112 Εἰς
3161 3047 3404 3117 μεγάλην
3435 3045 3625 3098 τοῦτον
3656 3061 3828 3096 κατα-

569 3136 867 3190 consumet
899 3152 1044 3201 eum,
1082 3146 1140 3191 ut
1170 3138 1326 3191 bonis
1361 3139 1474 3192 suis
1504 3137 1727 3208 dignum
1765 3139 1927 3194 ducat
1972 3141 2144 3193 illum.

2253 3150 2442 3219 στήσει
2497 3146 2686 3215 τιμὴν,
2760 3146 2870 3196 τῶν
2931 3142 3152 3211 ἀγαθῶν
3223 3138 3418 3193 ἑαυτοῦ
3487 3135 3824 3201 καταξιώσει

569 3229 650 3282 Tu
698 3243 827 3281 vero
880 3228 1190 3298 huiusmodi
1233 3245 1299 3284 ne
1324 3229 1554 3284 ulterius
1602 3231 1819 3285 curiose
1862 3233 2144 3286 scruteris.

572 3321 884 3375 Parabolica
937 3337 1168 3392 namque
1212 3323 1283 3376 ita
1317 3322 1599 3378 tractanda
1652 3331 1802 3388 sunt,
1866 3323 2021 3393 quasi
2078 3324 2151 3377 si-

569 3413 882 3481 gnificantia
912 3415 1086 3468 solum
1119 3430 1183 3468 ea
1212 3431 1332 3483 qua:
1363 3415 1670 3469 necessaria
1712 3424 1863 3470 sunt.

646 3505 778 3558 Vide
830 3514 1011 3558 autem
1048 3505 1192 3573 quod
1220 3506 1328 3560 duo
1376 3507 1493 3560 haec
1522 3504 1722 3560 habere
1750 3515 2002 3577 Oporteat
2025 3522 2151 3561 eum

572 3596 663 3661 qui
729 3595 1057 3663 praepositus
1119 3605 1251 3649 est:
1296 3605 1426 3665 puta
1482 3596 1662 3662 ﬁdem,
1692 3612 1762 3650 ne
1815 3599 2050 3650 retineat
2088 3611 2152 3650 ea

576 3702 701 3754 quae
731 3693 862 3739 sunt
896 3701 1312 3750 conservorum,
1373 3696 1468 3741 aut
1498 3688 1767 3741 inutiliter
1817 3697 2106 3744 consumat
2135 3707 2148 3740 :

581 3788 636 3831 et
667 3778 1036 3846 prudentiam,
1081 3789 1140 3832 ut
1176 3779 1438 3835 decenter
1476 3794 1540 3834 ea
1574 3780 1810 3843 dividat,
1868 3795 1988 3849 quae
2045 3780 2152 3834 sibi

573 3869 771 3924 tradita
806 3877 956 3934 sunt,
992 3879 1048 3923 et
1077 3885 1201 3924 cum
1229 3871 1431 3940 judicio
1460 3880 1568 3926 tam
1601 3872 1655 3925 in
1678 3873 1958 3935 qualitate,
1988 3855 2153 3940 quam

571 3965 626 4015 in
700 3949 1022 4030 quantitate.
1100 3962 1372 4018 Convenit
1431 3972 1612 4018 autem
1681 3964 1771 4018 liic
1810 3978 1991 4017 sermo
2044 3978 2152 4015 non

572 4051 658 4106 bis
691 4060 896 4106 tantum
931 4052 1024 4120 qui
1051 4051 1252 4108 divites
1282 4065 1411 4107 sunt
1445 4054 1496 4107 in
1531 4068 1808 4115 sermone,
1845 4053 1937 4107 sed
1980 4061 2034 4105 et
2067 4051 2157 4104 his

570 4146 661 4213 qui
697 4145 947 4213 pecuniis
993 4159 1056 4198 ac
1102 4145 1541 4212 possessionibus
1575 4145 1772 4200 divites
1834 4155 1985 4199 sunt.
2023 4142 2153 4198 0m-

571 4251 672 4288 ues
725 4235 873 4288 enim
931 4235 1219 4291 constituit
1295 4235 1440 4290 Deus
1499 4236 1904 4305 dispensatores
1962 4250 2150 4290 eorum

571 4342 692 4393 qum
727 4328 1026 4397 possident,
1072 4327 1260 4382 volens
1293 4335 1349 4380 ut
1403 4341 1596 4382 omnes
1647 4327 1878 4382 ﬁdeliter
1906 4343 1971 4381 ac
2018 4343 2154 4396 pru-

571 4418 766 4472 denter
814 4428 1010 4474 cuncta
1035 4418 1299 4473 dividant.
1357 4415 1628 4473 Prmterea
1661 4419 1764 4472 illis
1799 4435 2016 4489 quoque
2059 4436 2157 4488 ap-

2251 3243 2439 3295 αὐτόν.
2475 3241 2547 3293 Σὺ
2585 3240 2642 3293 δὲ
2695 3237 2864 3310 μηδὲν
2913 3239 3004 3289 ἐπὶ
3057 3236 3165 3288 τῶν
3214 3233 3471 3287 τοιούτων
3508 3229 3824 3299 περαιτέρω

2251 3333 2721 3404 πολυπραγμόνει.
2762 3331 2841 3385 Τὰ
2867 3327 3213 3399 παραϐολικὰ
3247 3325 3376 3394 γὰρ,
3407 3324 3483 3385 ὡς
3507 3321 3822 3392 ἑμφαντικά

2257 3431 2435 3496 μόνων
2463 3427 2570 3476 τῶν
2600 3423 2944 3492 ἀναγκαίων,
2977 3417 3442 3490 μεταχειριστέον.

2330 3521 2468 3588 Ὅρα
2526 3517 2583 3569 δὲ
2651 3517 2733 3569 ὅτι
2779 3515 2873 3568 δύο
2913 3511 3088 3566 ταῦτα
3145 3509 3251 3580 χρὴ
3291 3509 3382 3560 τὸν
3423 3505 3826 3576 προῑστάμενον

2255 3612 2422 3681 ἔχειν,
2460 3611 2666 3675 πίστιν,
2699 3609 2840 3663 ὥστε
2887 3607 2960 3676 μὴ
2996 3603 3404 3675 παρακατέχειν
3453 3601 3520 3652 τὰ
3553 3599 3667 3651 τῶν
3705 3614 3827 3650 συν-

2252 3704 2479 3766 δούλων,
2534 3704 2566 3772 ἢ
2622 3704 2801 3770 μάτην
2851 3697 3307 3765 παραναλίσκειν
3367 3695 3460 3745 καὶ
3533 3692 3823 3760 φρόνησιν,

2254 3801 2396 3855 ὥστε
2436 3798 2759 3870 πρεπόντως
2791 3794 3070 3862 διανέμειν
3100 3791 3169 3844 τά
3199 3787 3681 3857 ἐγκεχειρισμένα,
3735 3784 3827 3835 καὶ

2259 3893 2397 3962 μετὰ
2454 3891 2781 3955 διακρίσεως
2851 3885 2908 3939 εν
2956 3901 3015 3936 τε
3078 3883 3325 3950 ποιότητι
3382 3879 3477 3931 καὶ
3539 3877 3823 3945 ποσότητι.

2272 3984 2531 4054 ’Δρμόζει
2558 3981 2614 4034 δὲ
2640 3983 2668 4033 6
2701 3980 2858 4047 λόγος
2898 3972 3054 4040 οὗτος
3078 3977 3137 4028 ού
3179 3975 3338 4044 μόνον
3391 3974 3504 4033 τοῖς
3550 3971 3830 4028 πλουσίοις

2257 4079 2340 4138 εἰς
2384 4075 2565 4142 λόγον,
2615 4072 2752 4126 ἀλλά
2800 4071 2895 4123 καὶ
2943 4071 3057 4130 τοῖς
3105 4067 3385 4128 πλουσίοις
3440 4065 3519 4127 εἰς
3544 4065 3827 4132 χρήματα.

2260 4170 2475 4229 Πάντας
2500 4167 2612 4236 (ιε)
2632 4167 2742 4235 γάρ
2767 4163 3113 4231 οἰκονόμους,
3139 4155 3212 4213 ὧν
3259 4156 3608 4227 εὐποροῦσιν,
3643 4155 3670 4206 6
3699 4154 3829 4216 Θεὸς

2259 4264 2583 4331 κατέστησε,
2613 4262 2706 4313 καὶ
2741 4258 2994 4328 βούλεται
3026 4257 3236 4318 πάντας
3273 4251 3479 4314 πιστῶς
3513 4251 3609 4303 καὶ
3647 4249 3835 4320 φρονε-

2263 4375 2380 4427 μως
2406 4356 2586 4410 πάντα
2621 4352 2921 4422 διανέμειν.
2961 4349 3121 4401 Ἀλλὰ
3153 4349 3385 4407 καὶτοῖς
3415 4342 3706 4412 ἡντιναοῦν
3739 4343 3832 4411 ἀρ·

2260 4451 2365 4520 χὴν
2398 4445 2907 4518 ἐγκεχειρισμένοις
2930 4445 2958 4495 6
2985 4442 3145 4508 λόγος
3171 4440 3251 4492 ἔτι
3276 4439 3565 4508 προσήκει.
3607 4437 3697 4487 Δεῖ
3727 4437 3832 4502 γὰρ

574 4517 721 4561 tatur
774 4508 862 4563 hic
914 4525 1133 4569 sermo.
1187 4508 1279 4577 qui
1339 4509 1704 4578 principatum
1773 4525 2148 4579 quemcunque

2264 4541 2359 4593 καὶ
2389 4539 2614 4595 τούτους
2666 4535 2740 4605 μὴ
2795 4534 2933 4603 πρὸς
2993 4533 3130 4584 ἰδίαν
3185 4528 3400 4581 εὔνοιαν
3457 4527 3487 4596 ἧ
3539 4525 3832 4594 ἀπέχθειαν

574 4609 930 4666 acceperunt;
1002 4606 1215 4668 oportet
1262 4598 1409 4652 enim
1485 4608 1541 4652 et
1589 4599 1736 4668 ipsos
1818 4614 1927 4652 non
2001 4600 2153 4670 juxta

577 4689 854 4759 propriam
922 4691 1361 4745 benevolentiam
1399 4700 1492 4744 aut
1542 4691 1882 4745 inimicitiam
1925 4691 2159 4746 admini—

576 4793 753 4835 strare
777 4781 939 4852 (quod
961 4781 1170 4837 fraudis
1196 4783 1349 4849 estlet
1379 4783 1761 4854 inﬁdelitatis),
1790 4798 1967 4854 neque
1993 4785 2158 4838 stulte

578 4884 632 4927 et
665 4875 1060 4942 imprudenter.

649 4965 915 5022 Vers.48.
978 4968 1272 5030 Quodsi—
1303 4969 1458 5023 Vers.
1509 4967 1597 5022 50.
1671 4971 1901 5038 ignorat.
1949 4968 2154 5023 Servus

579 5062 669 5114 ille
703 5061 900 5123 malus,
942 5061 1034 5132 qui
1068 5062 1371 5116 videlicete
1394 5061 1612 5116 diverso
1670 5063 1907 5117 inﬁdelis
1937 5072 1993 5117 et
2043 5064 2147 5117 im-

579 5148 821 5214 prudens
861 5151 1058 5216 evasit,
1107 5151 1151 5204 si
1180 5159 1376 5216 putans
1405 5157 1653 5206 cunctari
1673 5153 1957 5206 dominum
1993 5169 2151 5207 suum

579 5253 645 5291 eo
681 5241 826 5308 quod
886 5242 1030 5294 diem
1067 5241 1283 5311 ignorat
1319 5251 1374 5295 et
1426 5243 1634 5307 horam,
1696 5254 1754 5296 ut
1797 5243 2000 5296 dictum
2047 5253 2152 5306 est,

2260 4635 2507 4696 διοικεῖν,
2551 4630 2688 4699 ὅπερ
2739 4627 2856 4678 ἐστὶ
2905 4623 3211 4692 νοσφισμοῦ
3244 4622 3340 4674 καὶ
3376 4619 3657 4681 ἀπιστίας,
3705 4616 3833 4686 μηδὲ

2261 4726 2513 4796 ἀφρόνως
2553 4723 2646 4774 καὶ
2682 4719 2980 4780 ἀσυνέτως.

2348 4966 2482 5020 Ἐὰν
2513 4963 2582 5016 δὲ
2617 4990 2674 5000 ι·-
2704 4958 3004 5028 γινώσκει.
3046 4954 3108 5005 Ὀ
3149 4951 3318 5013 κακὸς
3367 4947 3549 5010 δοῦλος
3605 4947 3833 5006 ἐκεῖνος,

2264 5063 2291 5114 6
2319 5055 2630 5113 τούναντίον
2665 5055 2895 5113 ἄπιστος
2943 5049 3037 5102 καὶ
3085 5047 3276 5116 άςρρων
3312 5043 3544 5104 ἀποϐὰς,
3579 5043 3704 5100 ἐὰν,
3732 5037 3831 5089 οἰό-

2269 5166 2429 5219 μενος
2479 5146 2764 5217 βραδύνειν
2818 5143 2910 5194 τὸν
2957 5139 3165 5208 Κύριον
3196 5133 3388 5197 αὑτοῦ,
3424 5132 3510 5184 διὰ
3533 5131 3591 5182 τὸ
3623 5131 3835 5196 ἀγνοεῖν

2266 5241 2363 5310 τὴν
2403 5240 2641 5310 ἡμέραν,
2700 5236 2774 5297 ὡς
2807 5235 3048 5304 εἴρηται,
3095 5230 3187 5282 καὶ
3228 5227 3327 5296 τὴν
3387 5225 3558 5294 ὥραν,
3610 5222 3836 5291 ἄρξηται

1773 5399 1970 5459 Van-ia)
2024 5399 2329 5461 lectiones
2373 5401 2655 5457 etnotae.

657 5563 766 5631 (Μ)
793 5562 909 5634 Huc
941 5580 1005 5618 ex
1039 5567 1278 5634 margine
1308 5564 1388 5618 sui
1423 5563 1627 5620 codicis
1659 5564 1961 5616 Heutcnius
1992 5563 2159 5616 refert

584 5633 701 5687 haec
728 5652 740 5686 :
773 5633 1069 5688 Justissime
1102 5633 1228 5687 sane
1262 5646 1512 5702 tanquam
1541 5636 1847 5701 prudentem
1885 5644 1930 5686 et
1957 5635 2159 5686 studia-

585 5719 726 5774 sum.
758 5705 821 5757 Id
851 5717 1026 5758 autem
1061 5722 1161 5757 non
1204 5707 1262 5758 de
1294 5707 1420 5758 solis
1456 5706 1686 5774 pecuniis
1726 5721 1788 5756 ac
1819 5705 2160 5772 possessioni—

589 5773 683 5824 bus
714 5776 907 5827 dictum
933 5787 1028 5839 est,
1057 5777 1145 5829 sed
1170 5786 1216 5827 et
1248 5781 1310 5828 de
1347 5791 1584 5828 sermone
1615 5791 1739 5842 erga
1783 5785 2025 5838 mentem,
2053 5791 2162 5826 om-

592 5843 746 5913 nique
775 5846 1183 5915 dispensatione,
1217 5862 1371 5913 quam
1407 5847 1621 5914 quisque
1655 5854 1836 5898 nactus
1871 5857 1962 5898 est.

2342 5562 2453 5629 (42)
2491 5563 2609 5613 Huc
2650 5559 2816 5612 refert
2869 5572 2934 5610 ex
2972 5555 3211 5629 margine
3257 5556 3337 5608 sui
3373 5549 3575 5608 codicis
3641 5548 3835 5601 liente-

2272 5627 2393 5686 nitis
2428 5632 2544 5685 haec
2571 5649 2582 5684 :
2619 5630 2900 5682 Dominum
2929 5627 3244 5680 constituens
3285 5635 3701 5688 unumquemque
3723 5635 3834 5684 erga

2271 5721 2377 5762 eos.
2425 5704 2513 5771 qui
2559 5703 2792 5768 ipsorum
2845 5699 3077 5771 indigent
3121 5692 3834 5771 liberalitate.“Studeamus

2274 5765 2452 5840 itaque
2483 5765 2601 5823 cum
2633 5772 2772 5823 omni
2811 5768 3002 5840 gaudio
3055 5782 3120 5818 ac
3167 5765 3575 5832 promptitudine
3611 5777 3692 5823 ca,
3731 5772 3835 5826 ιμιιε

2277 5839 2663 5913 m'quisirimus,
2691 5854 2937 5909 spargere
2958 5839 3010 5890 in
3041 5852 3316 5905 pauperes.
