4020 6492
507 423 604 484 L31

1747 414 2132 473 EU'l'HYMII
2177 412 2535 473 ZIGABENI

3673 403 3779 466 Εἷὶέ

576 530 747 585 νειμ.
800 528 850 584 1.
885 528 1013 594 Qua:
1044 555 1113 567 -—
1148 543 1356 596 sponso.
1417 523 1674 596 Virginea
1743 524 1952 594 lampas
2003 533 2087 578 est

2263 524 2490 589 Αἵτινες
2525 552 2567 560 ν-
2625 519 2909 591 νυμφίου.
2950 517 3265 588 Παρθενικὴ
3324 516 3547 587 λαμπὰς
3597 516 3710 585 (47)
3747 516 3777 582 ὴ

505 623 783 678 munditia
817 637 996 692 quzea
1027 620 1342 691 virginitate
1373 619 1644 689 procedit.
1680 606 1930 687 Sponsus
1964 630 2094 669 vero

505 717 760 770 Christus
785 722 972 784 utpote
1011 728 1205 768 amans
1234 720 1288 768 et
1320 713 1411 782 qui
1446 720 1681 764 amatur.
1709 707 1971 764 Exierunt
2003 722 2073 761 an

509 818 614 862 tem
647 810 700 861 in
715 822 1006 861 occursum
1041 807 1196 877 ejus:
1230 803 1640 874 ex5pectatione
1670 816 1930 856 occursus
1953 800 2113 868 ejus-

578 899 734 954 νει-8.
768 900 823 954 2.
869 897 1113 970 Quinque
1142 930 1208 940 —
1231 898 1388 952 νει-ε.
1421 897 1474 950 4.
1520 897 1653 950 suis.
1688 893 1882 949 Oleum
1935 900 2096 948 vocat

504 995 871 1064 eleemosyna:
923 974 1204 1046 virtutem.
1275 991 1387 1044 Has
1461 1005 1593 1059 ergo
1649 987 1848 1042 merito
1903 985 2096 1039 stultas

503 1087 743 1153 vocavit,
776 1087 902 1155 quia
949 1101 1073 1140 cum
1105 1068 1288 1139 acrem
1320 1098 1385 1138 ac
1405 1083 1796 1149 .vehementem
1847 1078 2095 1149 corporis

513 1193 757 1233 amorem
815 1179 1172 1244 devicissent,
1240 1177 1615 1247 maioremque
1699 1172 2097 1227 sustinuissent

505 1273 771 1335 laborem,
828 1272 1122 1326 tenacitate
1153 1271 1227 1341 (ο)
1283 1269 1508 1324 devicta:
1561 1277 1714 1322 sunt.
1762 1267 1896 1320 Illud
1939 1265 2086 1319 enim

505 1368 710 1421 l:ellum
741 1366 912 1420 multo
941 1366 1234 1421 violentius
1258 1374 1363 1429 est,
1397 1363 1678 1433 magisque
1728 1360 2093 1433 tyrannicum.

505 1460 748 1515 Rursum
781 1477 912 1514 vero
945 1459 1224 1529 sapientes
1252 1457 1594 1527 nuncupavit
1621 1463 1874 1518 caeteras,
1906 1464 2096 1525 utpote

506 1567 616 1604 non
650 1567 860 1621 passas,
895 1549 1037 1620 quod
1077 1548 1265 1604 stultae
1293 1564 1468 1618 passae
1502 1559 1652 1602 sunt.

577 1645 616 1714 -ζ-
649 1644 824 1720 Aliter
865 1638 1176 1713 Theologus
1206 1643 1454 1712 quendam
1477 1641 1860 1711 praedictorum
1899 1640 2097 1694 verbo-

506 1754 628 1790 rum
664 1738 830 1790 sumit
863 1737 915 1790 in
947 1735 1338 1790 adhortatibne
1358 1735 1424 1788 ad
1467 1733 1801 1803 baptismum
1841 1752 1854 1787 :
1904 1747 2094 1787 verum

505 1838 560 1882 et
593 1828 727 1890 haec,
765 1836 819 1881 et
851 1827 936 1879 illa
973 1826 1203 1896 pulchre
1238 1825 1343 1879 dici
1380 1830 1631 1893 possunt.

578 1918 736 1974 Vers.
766 1920 818 1974 5.
853 1919 1120 1973 Tardante
1151 1940 1228 1959 --·
1253 1919 1604 1972 dormierunt.
1645 1915 1919 1970 Tardante
1968 1929 2097 1984 pro-

502 2023 628 2083 pter
666 2014 1070 2075 cunctationem
1128 2012 1356 2067 secundi
1415 2012 1707 2066 adventus.
1769 2007 2097 2063 Dormitatio

506 2118 736 2183 autem,
761 2107 815 2160 in
870 2108 971 2161 hoc
1006 2106 1127 2160 loco
1164 2120 1264 2175 pro
1305 2102 1717 2174 reirigescentia
1777 2100 2098 2171 accipienda

506 2210 591 2256 est
621 2220 632 2257 ζ
657 2216 884 2256 somnus
914 2215 1046 2254 vero
1078 2214 1178 2268 pro
1207 2209 1406 2253 morte.

577 2292 734 2347 Vers.
777 2293 831 2347 6.
871 2288 1050 2346 Media
1081 2322 1139 2330 —
1176 2306 1456 2345 occursum
1489 2289 1560 2344 ei.
1611 2287 1850 2342 Medium
1921 2285 2099 2342 noctis

505 2387 662 2448 dixit,
691 2386 777 2441 vel
813 2401 1030 2439 rursum
1056 2384 1415 2452 improvisum
1445 2390 1499 2436 et
1532 2383 1968 2451 inexspectatum
1997 2381 2096 2434 de-

505 2487 848 2538 monstrans,
882 2476 967 2530 vel
1003 2476 1320 2544 signiﬁcans
1350 2473 1495 2543 quod
1524 2473 1578 2526 in
1612 2481 1774 2528 nocte
1793 2473 1885 2528 ﬁet
1909 2489 2098 2527 resur-

505 2571 681 2625 rectio
712 2577 1076 2623 mortuorum.
1106 2567 1243 2620 Eum
1268 2581 1397 2620 vero
1415 2566 1507 2635 qui
1538 2565 1623 2620 hic
1651 2565 1859 2619 clamor
1873 2565 2096 2629 dicitur,

505 2661 942 2730 Paulusjussum
1001 2675 1064 2713 ac
1094 2673 1282 2712 vocem
1341 2658 1653 2726 archangeli
1687 2657 1909 2711 dixit".
1944 2656 2099 2710 Exite

509 2766 695 2809 autem
730 2753 990 2807 videlicet
1014 2767 1042 2806 e
1076 2750 1476 2805 monumentis.

577 2845 732 2899 Vers.
763 2845 817 2902 7.
851 2842 997 2897 Tunc
1023 2872 1092 2882 -—
1123 2858 1274 2894 suas.
1308 2840 1512 2895 Omnes
1549 2840 1768 2910 quidem
1839 2852 2098 2892 surrexe-

508 2947 639 2991 runt
675 2955 688 3001 ;
726 2951 848 3006 quas
898 2951 1031 2990 vero
1067 2942 1409 2989 ornaverunt
1469 2933 1750 3002 lampades
1786 2948 1915 2986 suas
1941 2941 2102 2988 erant

507 3033 832 3101 prudentes.
867 3029 1216 3083 Ornaverunt
1242 3035 1426 3080 autem
1461 3027 1563 3080 olei
1600 3037 1951 3081 ornamento.

584 3121 740 3176 Vers.
763 3121 817 3174 8.
858 3118 1052 3173 Fatua:
1077 3129 1257 3173 autem
1285 3149 1354 3159 ——
1393 3119 1826 3189 exstinguuntur.
1895 3119 1961 3172 Et
1993 3120 2101 3174 hoc

2198 618 2304 673 ἀπὸ
2327 618 2423 687 τῆς
2458 615 2752 685 παρθενίας
2805 613 3114 683 καθαρότης
3148 627 3163 643 ο
3188 611 3419 680 νυμφίος
3464 609 3518 662 δὲ
3569 611 3598 662 6
3650 609 3778 679 Χρι-

2211 709 2463 773 στὸς.ὼς
2494 708 2678 762 ποθῶν
2737 707 2832 760 καὶ
2884 705 3244 773 ποθούμενος.
3310 701 3560 771 Ἐξῆλθον
3610 701 3667 754 δὲ
3702 701 3780 764 είς

2199 802 2510 870 ἀπάντησιν
2560 798 2726 853 αὐτοῦ
2786 801 2852 868 τῇ
2919 796 3223 868 προσδοκίᾳ
3254 795 3353 866 τῆς
3390 795 3774 862 ἀπαντήσεως.

2271 895 2460 949 Πέντε
2487 923 2556 936 -
2581 891 2800 949 αὑτῶκ.
2833 889 3052 942 Ἐλαιον
3089 888 3247 941 καλεῖ
3306 887 3406 957 τὴν
3452 884 3655 957 ἀρετὴν
3683 885 3779 952 τῆς

2199 989 2323 1058 ἐλεη
2335 987 2591 1056 μοσύνης.
2610 984 2815 1055 Μωρὰς
2831 983 2886 1034 δὲ
2899 981 3351 1049 ταύταςζιίκότως
3375 978 3659 1040 ἐκάλεσεν,
3675 977 3731 1030 ὅτ
3741 995 3778 1038 ι,

2199 1078 2290 1130 τὸν
2317 1078 2522 1148 ’δριμὺν
2557 1077 2650 1129 καὶ
2679 1071 2915 1144 σφοδρὸν
2943 1072 3041 1126 τοῦ
3071 1074 3321 1142 σώματος
3344 1072 3521 1141 ἔρωτα
3549 1073 3778 1140 νικήσας

2202 1192 2313 1236 σαι,
2337 1172 2432 1225 καὶ
2456 1171 2545 1225 τὸν
2573 1167 2797 1239 μείζονα
2825 1167 2989 1221 πόνον
3014 1167 3341 1230 ὑποστᾶσαι,
3369 1165 3464 1234 τῆς
3493 1164 3782 1232 φειδωλίας

2202 1264 2540 1336 ἡττήθησαν.
2589 1263 2824 1322 Ἐκεῖνος
2855 1260 2966 1328 γὰρ
3012 1261 3039 1311 6
3080 1257 3321 1327 πόλεμος
3348 1255 3541 1326 πολλῷ
3573 1255 3779 1323 ταύτης

2200 1353 2668 1426 τυραννικώτερός
2704 1369 2761 1406 τε
2794 1353 2888 1404 καὶ
2921 1349 3252 1419 βιαιότερος.
3290 1348 3539 1408 Ἑκείνας
3568 1346 3624 1398 δέ
3648 1362 3781 1415 φρο-

2201 1448 2390 1518 νίμους
2429 1443 2586 1510 αὖθις
2616 1445 2928 1513 ὠνόμασεν,
2960 1442 3035 1509 ὼς
3075 1443 3164 1511 ’μὴ
3217 1438 3521 1501 παθούσας,
3556 1439 3695 1506 ὅπερ
3726 1436 3781 1489 αἱ

2204 1538 2385 1609 μωραὶ
2409 1535 2763 1590 πεπόνθασιν.

2272 1631 2545 1704 [Ἑτέρως
2580 1629 2694 1701 (48)
2739 1627 2796 1681 δὲ
2823 1629 2849 1681 6
2884 1625 3148 1694 Θεολόγος
3176 1622 3298 1675 τινὰ
3329 1622 3439 1675 τῶν
3478 1619 3784 1691 προκειμέο

2201 1741 2306 1777 νων
2338 1723 2517 1796 ῥητῶν
2553 1721 2836 1788 ἐξελάϐετο
2893 1720 2950 1770 ἐν
2990 1717 3067 1787 τῷ
3103 1719 3181 1778 εἰς
3217 1715 3276 1767 τὸ
3310 1714 3595 1783 βάπτισμα
3647 1731 3783 1783 προ-

2201 1815 2504 1888 τρεπτικῷ·
2549 1814 2691 1866 καλὰ
2722 1813 2777 1867 δὲ
2809 1813 3039 1864 κάκεῖνα
3078 1808 3173 1861 καὶ
3217 1802 3435 1875 ταῦτα.]

2269 1909 2747 1981 Χρονίζοντος-
2775 1904 3124 1960 ἐκάθευδον.
3159 1899 3513 1971 Χρονίζοντος
3551 1896 3642 1950 διὰ
3688 1895 3785 1966 τὴν

2203 2005 2520 2076 βραδυτῆτα
2559 2002 2658 2072 τῆς
2694 1999 2957 2070 δευτέρας
2984 1995 3316 2063 παρουσίας.
3352 1990 3683 2060 Νυσταγμὺν
3728 1989 3786 2041 δὲ

2201 2097 2437 2151 ἐνταῦθα
2473 2098 2572 2166 τὴν
2627 2089 3010 2168 ψυχορραγίαν
3048 2090 3161 2162 (49)
3220 2085 3578 2153 ὑποληπτέον,
3619 2080 3786 2134 ὕπνον

2199 2192 2254 2245 δὲ
2284 2191 2374 2244 τὸν
2408 2189 2653 2243 θάνατον.

2271 2283 2478 2350 Μέσης
2500 2312 2568 2322 -
2601 2278 2950 2345 ἀπάντησιν
2978 2272 3185 2328 αὑτοῦ.
3226 2269 3414 2338 Μέσης
3449 2266 3548 2335 τῆς
3594 2263 3788 2326 νυκτὸς

2204 2374 2392 2444 εἶπεν,
2446 2376 2478 2447 ἢ
2526 2374 2688 2428 πάλιν
2739 2371 2798 2423 τὸ
2863 2367 3176 2428 ἀνύποπτον
3223 2365 3316 2416 καὶ
3371 2358 3784 2429 ἀπροσδόκητον

2202 2467 2509 2538 ἐμφαίνων,
2546 2465 2578 2534 ἦ
2615 2460 2944 2534 παραδηλῶν
2977 2460 3058 2511 ὅτι
3087 2460 3142 2509 ἐν
3186 2453 3344 2509 νυκτὶ
3413 2451 3706 2519 γενήσεται
3753 2449 3786 2515 ἡ

2201 2549 2499 2620 ἀνάστασις
2528 2557 2647 2608 τῶν.
2669 2553 2904 2620 νεκρῶν.
2933 2551 3046 2620 Τὴν
3085 2549 3140 2601 δὲ
3179 2545 3441 2618 ῥηθεῖσαν
3477 2540 3732 2612 κραυγὴν
3760 2540 3787 2590 6

2206 2652 2419 2713 Παῦλος
2463 2647 2741 2715 κέλευσμα
2777 2644 2870 2697 καὶ
2914 2641 3099 2710 φωνὴν
3140 2634 3486 2708 ἀρχαγγέλου
3540 2632 3786 2701 εἴρηκεν.

2215 2741 2533 2813 Ἐξέρχεσθε
2555 2741 2609 2793 δὲ
2640 2729 2883 2808 δηλονλῖτι
2925 2738 2988 2786 ἐκ
3021 2733 3132 2785 τῶν
3165 2729 3467 2801 μνημείων.

2282 2839 2420 2890 Τότε
2446 2830 2752 2887 -αὐτῶν.
2785 2831 2967 2883 Πᾶσαι
3003 2825 3102 2895 μὲν
3149 2821 3487 2893 ἠγέρθησαν·
3537 2815 3785 2882 ἐκόσμη-

2206 2949 2303 2989 σαν
2329 2930 2385 2983 δὲ
2431 2929 2529 2990 τὰς
2577 2923 2868 2993 λαμπάδας
2930 2916 3142 2972 ἑαυτῶν
3194 2916 3248 2968 αἱ
3302 2910 3582 2983 φρόνιμοι.
3635 2905 3792 2960 Ἐκόσ

2207 3039 2424 3093 σμησαν
2456 3021 2511 3072 δέ
2551 3018 2721 3080 αὑτὰς
2747 3013 2823 3084 τῷ
2847 3013 3035 3080 κόσμῳ
3066 3008 3159 3062 τοῦ
3190 3006 3397 3060 ἐλαίου.

2278 3118 2350 3170 Αἱ
2381 3113 2450 3166 δὲ
2475 3109 2669 3180 μωραὶ
2695 3138 2762 3150 --
2794 3106 3182 3160 σϐέννυνται.
3225 3101 3330 3153 Καὶ
3362 3095 3523 3150 τοῦτο
3556 3094 3791 3166 μωρίας,

509 3217 758 3273 stultitiae
803 3215 926 3281 fuit,
987 3228 1244 3283 Sperasse
1306 3227 1364 3267 se
1397 3212 1468 3266 ibi
1498 3188 1678 3266 oleum
1713 3212 1781 3263 ad
1836 3222 2093 3266 ornatum

2217 3210 2260 3263 τὸ
2323 3206 2706 3277 προσδοκῆσαι
2761 3201 2882 3252 ἐκεῖ
2935 3196 3118 3249 ἔλαιον
3150 3191 3454 3251 λαϐεῖνέἱς
3491 3188 3791 3257 κόσμησιν,

507 3315 856 3376 accepturas,
909 3306 1051 3373 quod
1100 3312 1232 3358 tunc
1277 3303 1344 3358 ab
1373 3302 1495 3356 aliis
1542 3300 1938 3370 possideretur.
1992 3301 2098 3354 Ex—

507 3400 1084 3470 stingnunturauteni,
1115 3396 1419 3449 obscuratae
1446 3393 1684 3447 tenebris
1709 3392 2094 3447 inclementius.

510 3490 702 3544 Solent
722 3488 869 3542 enim
903 3487 1057 3541 multi
1089 3486 1415 3542 tenebrosos
1443 3498 1664 3554 quoque
1696 3498 1895 3538 vocare
1927 3483 2100 3539 incle—

507 3590 746 3634 mentes.

581 3671 738 3726 Vers.
781 3671 835 3725 9.
870 3669 1272 3738 Responderunt
1298 3699 1368 3707 —
1394 3667 1554 3719 vobis.
1586 3665 1649 3718 Et
1688 3667 1793 3722 hoc
1841 3668 2054 3735 pruden
2083 3699 2095 3706 -

509 3767 600 3820 tiae
629 3766 747 3819 fuit.
784 3763 953 3817 Docet
987 3771 1171 3815 autem
1206 3775 1410 3822 sermo,
1445 3758 1590 3828 quod
1617 3759 1800 3813 nullus
1826 3776 1854 3812 a
1882 3759 2097 3829 propria

512 3860 713 3912 virtute
735 3858 966 3913 alterum
998 3855 1337 3923 tuncjuvare
1379 3851 1600 3921 poterit.
1639 3850 1734 3904 Vix
1793 3852 1940 3906 enim
1993 3851 2098 3906 sibi

511 3954 614 4022 ipsi
667 3952 734 4007 ad
768 3950 1000 4004 salutem
1030 3946 1281 4013 suiliciet,
1316 3961 1382 3999 eo
1413 3945 1556 4015 quod
1594 3944 1648 3997 in
1679 3945 1865 3998 multis
1921 3945 2099 3998 delin-

510 4033 642 4113 quat
705 4043 870 4098 etiam
927 4043 993 4101 is,
1028 4041 1118 4109 qui
1151 4037 1445 4110 plurimum
1509 4037 1698 4093 virtuti
1742 4037 1958 4093 deditus
1993 4047 2097 4092 est.

512 4142 648 4196 Vide
710 4148 892 4194 autem
935 4136 1211 4209 quomodo
1265 4136 1566 4207 prudentes
1627 4135 1793 4190 etiam
1862 4134 1936 4189 ibi
1983 4135 2101 4189 ele-

510 4249 824 4304 emosynam
871 4235 1253 4287 demonstrent
1293 4246 1308 4285 :
1357 4230 1601 4284 volentes
1650 4228 1870 4298 quidem
1937 4227 2101 4283 fatuis

513 4328 755 4390 tradere,
786 4326 879 4379 sed
917 4341 1025 4377 non
1058 4333 1330 4394 potentes.
1369 4321 1481 4375 Hoc
1499 4321 1644 4375 enim
1666 4322 1954 4393 responsio
1982 4319 2100 4378 illa-

511 4435 633 4471 rum
666 4417 956 4487 signiﬁcat.

584 4512 742 4565 Vers.
793 4511 845 4565 9.
873 4511 1043 4563 Ite—
1070 4508 1369 4575 vobisipsis.
1420 4507 1554 4563 Cum
1602 4509 1674 4564 ob
1714 4505 2097 4562 rationabilem

2207 3301 2303 3356 καὶ
2327 3300 2448 3353 τότε
2491 3297 2604 3369 (’50)
2633 3294 2815 3353 ἄλλοις
2862 3287 3085 3359 κτηθέν.
3119 3285 3445 3339 Σὸέννυνται
3487 3281 3564 3344 δὲ,
3607 3279 3794 3347 ἀμαυ-

2210 3395 2471 3471 ρούμεναι
2518 3389 2597 3456 τῷ
2646 3387 2828 3439 σκότει
2888 3383 2988 3452 τῆς
3036 3376 3501 3447 άνελεημοσύνης.
3552 3370 3794 3425 Emam

2207 3467 2318 3556 γὰρ
2344 3485 2438 3535 καὶ
2461 3485 2509 3535 οἱ
2537 3480 2725 3533 πολλοὶ
2770 3475 3079 3537 σκοτεινοὺς
3119 3472 3232 3543 (51)
3269 3469 3455 3523 καλεῖν
3491 3467 3619 3529 τοὺς
3665 3467 3794 3518 ἀνε-

2209 3580 2304 3648 λεή
2316 3594 2504 3647 μονας.

2292 3667 2738 3734 Ἀπεκρίθησαν
2779 3693 2836 3700 -
2867 3659 3039 3728 ὑμῖν.
3083 3656 3190 3709 Καὶ
3243 3652 3403 3707 τοῦτο
3451 3650 3794 3721 φρονήσεως.

2210 3762 2465 3815 Διδάσκει
2493 3758 2546 3813 δὲ
2579 3759 2607 3810 6
2645 3755 2824 3821 λόγος,
2871 3754 2954 3804 ὃτι
2987 3749 3166 3810 οὐδεὶς
3205 3747 3268 3798 ἐκ
3293 3745 3390 3812 τῆς
3414 3741 3624 3804 οἰκείας
3654 3742 3791 3809 ἀρεσ-

2209 3856 2308 3924 τῆς
2353 3849 2839 3921 ἐτερονώρελῆσαι
2883 3845 3006 3897 τότε
3057 3843 3367 3909 δυνήσεται.
3430 3836 3629 3908 [sum
3672 3832 3792 3904 (52)

2211 3950 2318 4018 γὰρ
2369 3947 2516 4015 αύτῷ
2554 3943 2690 4010 πρὸς
2735 3937 3011 4009 σωτηρίαν
3069 3934 3320 4006 ἀρκέσει,
3375 3930 3464 3982 διὰ
3507 3927 3567 3979 τὸ
3620 3924 3794 3978 πολλὰ

2211 4016 2438 4091 πταῖσαι
2494 4037 2589 4088 καὶ
2633 4035 2724 4088 τὸν
2775 4030 2916 4098 ἄγαν
2967 4026 3242 4097 ἐνάρετον.
3301 4023 3443 4091 Ὅρα
3488 4019 3543 4071 δέ
3581 4018 3698 4079 πῶς
3737 4016 3793 4068 αἱ

2211 4131 2466 4201 φρόνιμοι
2525 4128 2686 4180 κάκεῖ
2737 4124 2834 4193 τὴν
2897 4118 3274 4188 ἐλεημοσύνην
3332 4109 3792 4182 ἐπιδείκνυνται,]

2211 4224 2464 4276 θέλουσαι
2495 4219 2596 4287 μὲν
2629 4215 2956 4287 μεταδοῦναι
2992 4213 3087 4266 καὶ
3108 4211 3230 4276 ταῖς
3264 4209 3496 4278 μωραῖς,
3528 4205 3604 4273 μὴ
3627 4202 3793 4255 δυνά-

2212 4334 2376 4393 μεναι
2403 4315 2480 4367 δέ.
2507 4310 2681 4371 Τοῦτο
2715 4310 2825 4380 γὰρ
2856 4309 2890 4376 ἡ
2927 4307 3221 4376 ἀπόκρισις
3257 4301 3464 4355 τούτων
3506 4295 3792 4366 ἐμφαίνει.

2283 4501 2619 4571 Πορεύεσθε
2639 4526 2706 4540 --
2731 4493 2991 4559 ἑαυταῖς.
3018 4492 3108 4561 Μὴ
3139 4490 3436 4559 δυνάμεναι
3466 4481 3791 4554 μεταδοῦναι

513 4620 732 4659 causam
765 4604 982 4658 tradere
1001 4618 1105 4663 non
1139 4609 1387 4672 possent,
1432 4612 1613 4656 tamen
1637 4619 1748 4672 pra:
1763 4601 2097 4655 humanitate

2217 4598 2280 4650 δι’
2324 4565 2546 4660 εύλογον
2583 4591 2789 4655 αἰτίαν,
2844 4589 2993 4657 ὅμως
3038 4584 3146 4637 ὑπὸ
3180 4579 3598 4651 φιλανθρωπίας
3654 4593 3791 4643 cruri.-

514 4697 825 4752 consulunt.
850 4695 1166 4750 Vendentes
1184 4694 1404 4764 quidem
1424 4703 1554 4747 sunt
1573 4709 1841 4765 pauperes
1871 4712 1885 4748 :
1912 4708 2102 4747 ver-um

515 4802 645 4844 tunc
684 4807 796 4844 non
823 4789 1090 4844 vendunt.

622 4929 667 4959 ⁷³
702 4925 939 4980 lTliess.
969 4939 1046 4990 tv,
1076 4921 1167 4978 16.

2213 4686 2551 4741 ϐουλεύουσι.
2606 4681 2923 4744 Πωλοῦντες
2978 4680 3037 4733 δέ
3090 4680 3228 4731 εἰσιν
3272 4677 3320 4728 oi
3370 4675 3602 4744 πένητες
3634 4668 3790 4725 ’ἀλλ’

2215 4782 2276 4833 οὺ
2307 4781 2430 4838 τότε
2458 4776 2755 4831 πωλοῦσιν.

1736 4991 1935 5055 Variae
1963 4994 2271 5058 lectiones
2307 4996 2368 5054 et
2400 4997 2593 5054 noue.

585 5159 696 5228 (47)
726 5159 1076 5229 Παρθενικὰς
1104 5157 1396 5228 λαμπάδας
1421 5162 1483 5212 Α.

586 5232 695 5299 (48)
731 5233 944 5286 Inclusa
996 5231 1052 5284 in
1106 5229 1347 5299 margine
1399 5229 1563 5284 habet
1614 5229 1785 5284 codex
1844 5237 2097 5297 uterque.

515 5305 654 5355 Ante
685 5302 801 5356 lirec
831 5321 891 5356 ex
926 5302 1174 5369 margine
1214 5299 1518 5354 Hentenius
1554 5300 1704 5353 addit
1734 5319 1747 5352 :
1788 5299 1923 5352 Dicit
1956 5317 2098 5366 ergo,

515 5374 653 5436 quod
698 5373 842 5442 virgo
878 5375 1086 5427 etiamsi
1118 5375 1170 5424 in
1213 5373 1415 5424 cwteris
1445 5371 1569 5423 bene
1601 5371 1652 5422 se
1682 5371 1888 5430 habent,
1920 5371 1986 5422 sit
2019 5381 2099 5423 ta-

520 5461 636 5496 men
661 5443 999 5511 eleemosyna:
1023 5444 1167 5495 bonis
1194 5443 1468 5502 destituta,
1496 5457 1603 5494 una
1636 5457 1749 5491 cum
1785 5443 1971 5494 scortis
2004 5442 2102 5508 eji-

518 5517 672 5574 ritur,
709 5525 752 5566 et
776 5518 982 5567 merito.
1017 5514 1157 5567 Unde
1186 5514 1543 5577 virginitate»:
1576 5512 1700 5563 dicit
1735 5515 1850 5565 vim:
1890 5514 2102 5578 purita-

518 5596 656 5636 tem:
684 5585 854 5636 oleum
879 5592 1056 5635 autem
1079 5595 1227 5636 vorat
1256 5586 1664 5646 humanitatem,
1692 5581 2098 5652 eleemosynam,

517 5654 780 5723 auxilium
815 5655 992 5723 egenis
1020 5655 1333 5720 praestitum.

590 5724 700 5784 (49)
737 5719 1106 5795 Ψυλοῤῥσγία
1140 5733 1223 5777 est
1252 5725 1412 5779 animi
1443 5723 1756 5793 deliquium.
1799 5723 2098 5796 Ψυχορῥα-

592 5885 661 5964 (ο)
704 5888 1026 5952 Ἰρηατὶέαιε.
1065 5887 1260 5946 Vitiosa
1297 5885 1646 5960 parsimonia.

2213 5158 2332 5226 γετν
2347 5155 2414 5211 de
2430 5155 2655 5224 jamjam
2678 5153 2958 5209 morituris
2978 5145 3380 5226 diciturﬁpoll‘.
3402 5143 3577 5226 Biton.
3598 5143 3786 5206 H.855:

2283 5228 2386 5281 Τὸν
2411 5217 2456 5278 δ’
2491 5217 2676 5296 ἔταροι
2711 5227 2822 5278 ἐπὶ.
2850 5224 3169 5296 νῆααφγὲρον
3203 5217 3684 5296 ψυχορραγέοντα.

2283 5285 2630 5367 Ἀχνύμενοὶ,
2671 5285 2927 5367 χείρεσσι,
2946 5294 2991 5347 δ’
3011 5285 3130 5367 ξέῶν
3156 5292 3236 5343 ἐνί
3269 5285 3785 5367 κάτθαν’-’ἑταίρων.

2288 5356 2396 5440 (56)
2431 5356 2867 5440 ()lIendo'iu'liis
2899 5365 3111 5440 duobus
3142 5358 3454 5440 vocabulis.
3479 5356 3788 5440 ‘llentenius

2214 5427 2577 5500 ita‘rc'ddidit.
2612 5455 2674 5494 ac
2710 5438 2751 5491 si
2785 5434 3073 5505 repererit,
3106 5433 3166 5485 τὸ
3211 5433 3356 5485 τότε.
3390 5428 3515 5505 Sed
3539 5444 3639 5505 nec
3687 5427 3788 5505 hoc

2215 5514 2409 5582 placet.
2453 5497 2639 5572 Forte,
2690 5509 2787 5561 καὶ
2829 5497 3002 5560 ταῦτα
3038 5506 3239 5568 ἄλλοις,
3275 5513 3388 5564 aut,
3433 5501 3526 5552 καὶ
3561 5499 3622 5551 τὸ
3666 5497 3786 5550 τότε

2209 5583 2411 5643 ἄλλοις.

2281 5641 2393 5720 (51)
2433 5651 2505 5707 Ita
2538 5652 2700 5706 etiam
2737 5649 3024 5720 Clirysostf
3059 5648 3214 5700 Tom.
3250 5643 3365 5704 νη.
3396 5657 3450 5711 p.
3485 5641 3606 5703 755.

2279 5723 2391 5794 (5‘2)
2429 5725 2637 5779 Inclusa
2670 5724 2866 5777 absunt
2896 5724 2957 5774 Α.
