4020 6492
224 425 332 489 633

1077 424 1466 489 COMMENT.
1511 428 1593 490 IN
1636 430 2113 492 ΜΑΤΤΗίΕΗΜ.
2157 456 2226 468 --
2265 431 2426 493 CAP.
2466 431 2648 494 XXV.

3399 421 3504 486 634

305 535 753 605 Ἀπερχομένων
782 566 852 578 —
873 539 1154 608 νυμφίος.
1193 540 1482 613 Ὥρμησαν
1517 543 1616 611 μὲν
1645 542 1812 596 ἀπελ-

1993 544 2142 599 Vers.
2171 545 2258 599 10.
2282 545 2545 600 Euntibus
2567 574 2637 585 —-
2669 558 2915 613 sponsus.
2949 541 3326 596 Tentaverunt
3378 542 3502 611 qui-

220 627 364 689 θεῖν,
400 628 502 680 οὐκ
552 628 904 700 ἠδυνήθησαν
949 630 1029 684 δέ.
1074 633 1326 686 Δείκνυσι
1355 632 1411 685 δὲ
1460 635 1556 687 καὶ
1588 626 1746 700 οὗτος
1782 637 1811 689 ὁ

221 721 382 788 λόγος
419 722 503 772 ὅτι
545 721 668 774 τότε
721 723 990 793 ματαίαή
1023 723 1159 793 πρὸς
1191 724 1394 796 ἀρετὴν
1433 726 1603 798 ὁρμή.

295 895 404 950 Kal
438 900 706 967 -θὺρα,
761 900 936 968 Γάμοι
984 902 1126 956 εἰσὶν
1175 905 1501 975 ήκοινωνία
1554 906 1655 976 τῆς
1709 906 1814 978 βα-

225 986 564 1052 σιλείας⁹τῶν
589 992 860 1062 οὐρανῶν,
908 996 1004 1047 καὶ
1047 997 1080 1066 ἡ
1131 999 1228 1050 σὺν
1269 998 1497 1070 Χριστῷ
1534 998 1813 1069 διαγωγή.

299 1083 882 1154 ’Υστερον-ήμῖν,
928 1088 1148 1141 υτονται
1216 1091 1344 1161 γὰρ,
1411 1092 1487 1148 ὡς
1552 1088 1813 1161 παρθένοι

222 1173 516 1227 εἰσελθεῖν.

309 1267 376 1318 '0
411 1266 479 1318 δὲ
505 1298 573 1306 -
603 1267 781 1334 ὑμᾶς.
821 1271 895 1323 Οὐ
934 1272 1209 1340 γνωρίζω,
1266 1273 1458 1340 φησὶν,
1513 1273 1679 1343 ὑμᾶς,
1737 1275 1815 1338 ὡς

220 1360 573 1427 ὲσϐεσμένων
600 1363 705 1414 τῶν
733 1363 1030 1433 λαμπάδων
1061 1367 1236 1433 ὑμῶν.
1287 1367 1461 1420 Γνῶσι
1501 1369 1557 1420 δὲ
1592 1367 1688 1420 νῦν
1717 1369 1815 1438 τὴν

221 1453 285 1517 ἐξ
317 1449 655 1517 οἷκειώσεως
699 1456 910 1524 νόησον,
934 1459 1119 1520 Οὐδεὶς
1149 1460 1258 1527 γὰρ
1300 1461 1618 1530 ἀνελεῄμων
1647 1463 1816 1514 οἰκει-

221 1545 391 1596 οῦται
439 1547 516 1614 τῷ
567 1548 823 1617 ἐλεημονι
869 1550 1115 1620 Χριστῷ.
1157 1553 1354 1622 Οίμοιί
1417 1553 1557 1620 μετὰ
1616 1555 1812 1617 πόσους

221 1637 448 1699 πόνους,
491 1639 629 1707 μετὰ
661 1641 861 1704 πόσους
892 1644 1132 1710 ἀγῶνας,
1170 1647 1313 1712 μετὰ
1367 1645 1511 1699 πόσα
1548 1647 1812 1717 τρόπαια,

215 1732 255 1786 ἃ
293 1733 435 1783 κατὰ
460 1732 561 1800 τῆς
600 1733 711 1803 (53)
745 1734 962 1802 φύσεως
992 1736 1273 1809 λυττώσης
1299 1740 1636 1809 ἀνέστησαν,
1677 1741 1816 1793 ἁπε-

218 1824 556 1893 πέμφθησαν
589 1825 675 1877 διὰ
724 1826 822 1895 τὴν
866 1829 1334 1901 ἀνελεημοσύνην.
1369 1833 1542 1884 Ὅταν
1595 1831 1653 1884 δέ
1705 1850 1810 1896 τις,

217 1918 546 1986 ἀνελεήμων
576 1917 670 1981 ὣν,
705 1920 838 1989 μηδὲ
880 1922 1182 1990 παρθενίαν
1225 1924 1344 1996 ἔχῃ,
1381 1927 1544 1988 ποίας
1590 1927 1704 1979 οὐκ.
1742 1928 1808 1980 ἂν

217 2011 311 2076 εἴη
345 2011 648 2080 καταδίκης
693 2011 878 2077 ἄξιοςς
939 2015 1013 2066 Οὐ
1077 2018 1513 2088 περιεργαστέον
1569 2018 1625 2071 δὲ
1671 2019 1812 2072 διατι

215 2102 356 2152 δέκα
412 2102 699 2171 παρθένοι,
747 2105 839 2157 καὶ
867 2106 988 2158 τίνα
1032 2107 1102 2158 τὰ
1126 2111 1324 2175 ἀγγεῖα
1365 2111 1570 2170 αὐτῶν,
1608 2111 1702 2163 καὶ
1727 2111 1812 2173 τίς

219 2194 252 2260 ἡ
292 2190 432 2261 θύρα
466 2194 575 2243 τῶν
608 2195 826 2262 γάμων,
856 2196 952 2248 καὶ
984 2198 1051 2249 τὰ
1085 2198 1314 2253 τοιαῦτα
1340 2202 1440 2268 τῆς
1465 2201 1810 2272 παραϐολῆς,

219 2284 302 2346 ὠς
331 2284 594 2348 πολλάκις
624 2290 718 2338 καὶ
753 2287 846 2339 ἐπ’
868 2289 1044 2342 ἄλλων
1087 2293 1493 2360 παρήγγελται.

296 2543 360 2595 Et
411 2542 466 2596 δὲ
525 2544 583 2596 ιν
644 2545 744 2614 μὲν
801 2550 877 2617 τῷ
931 2548 1211 2620 ἑξηκοστῷ
1270 2551 1472 2623 πρῖὺτῳ
1525 2554 1810 2630 κεφαλαίῳ

222 2636 560 2705 γέγραπται,
617 2639 698 2690 ὃτι
755 2640 970 2707 πρῶτον
1043 2644 1378 2713 ἀπέρχονται
1453 2649 1500 2698 οἱ
1557 2648 1816 2718 ἁμαρτω-

221 2729 309 2780 λοι
349 2730 428 2789 εις
482 2730 703 2783 κόλασιν
742 2734 990 2799 αίώνιονξ,
1059 2729 1176 2787 εἶτα
1210 2737 1258 2788 οί
1300 2737 1501 2789 δίκαιοι
1549 2739 1630 2799 είς
1669 2737 1816 2806 ζωὴν

225 2822 467 2874 αἰώνιον·
533 2824 592 2874 ὲν
647 2824 703 2874 δὲ
757 2825 834 2893 τῷ
895 2830 1124 2896 παρόντι
1179 2829 1458 2898 κεφαλαίῳ
1505 2820 1818 2884 τούναντίον

226 2916 500 2983 φαίνεται,
533 2917 747 2985 πρῶτον
773 2917 1135 2972 είσελθουσῶν
1162 2921 1269 2972 τῶν
1294 2922 1815 2992 φρονίμωνλπαρθέ-

226 3026 357 3070 νων,
393 3003 513 3061 εἶτα
540 3011 1003 3078 ἀποπεμφθεισὼν
1033 3012 1143 3065 τῶν
1171 3015 1392 3084 μωρῶνο
1428 3013 1502 3084 μὴ
1538 3015 1819 3086 ὑπολάϐῃς

225 3101 636 3168 ἐναντιοὶογίαν
698 3104 806 3156 τῶν
869 3105 1202 3172 κεφαλαίων.
1279 3107 1486 3160 Ἐκεῖνο
1549 3109 1648 3177 μὲν
1710 3113 1818 3179 γὰρ

226 3193 580 3261 ἀκριϐολογεί
606 3196 731 3264 περὶ
757 3196 855 3264 τῆς
877 3197 1106 3261 τάξεως·
1135 3198 1291 3252 τοῦτο
1319 3199 1374 3250 δὲ
1406 3200 1608 3252 σκοπὸν
1630 3199 1817 3270 ἕτερον
1848 3237 1892 3297 C

225 3283 375 3355 ἔχει,
413 3284 473 3336 τὸ
509 3284 718 3348 διδάξαι
759 3287 917 3355 μόνον
961 3291 1044 3341 ὅτι
1100 3288 1210 3340 οὐδ’
1245 3291 1276 3359 ὴ
1316 3290 1587 3360 παρθενία
1620 3291 1815 3356 σώζει,

227 3381 304 3447 μὴ
335 3377 794 3446 συγκεκραμένην
823 3379 939 3448 (54)
976 3381 1142 3450 ἐαυτῇ
1188 3382 1284 3434 καὶ
1318 3383 1414 3450 τὴν
1447 3382 1820 3452 ἐλεημοσύνην

225 3470 450 3536 ἔλουσα,
503 3473 596 3522 καὶ
625 3472 705 3523 ὅτι
735 3473 765 3540 ὴ
819 3473 1006 3542 ἑτέρου
1051 3473 1222 3542 ἀρετὴ
1272 3476 1460 3543 ἕτερον
1491 3475 1589 3526 οὐκ
1618 3474 1822 3540 ὠφελεῖ

225 3560 375 3626 τοτε,
402 3564 495 3614 καὶ
525 3564 604 3614 ὅτι
637 3566 668 3633 ἡ
698 3566 834 3634 πρὸς
851 3565 1054 3644 ἀρετὴν
1081 3566 1226 3636 ὁρμὴ
1258 3567 1559 3638 τηνικαῦτα
1587 3567 1815 3637 ματαία,

228 3657 324 3705 καὶ⁵
365 3657 448 3707 ὅτι
484 3655 655 3707 πολλὰ
691 3656 1142 3721 καθικετεύοντες
1173 3662 1222 3712 ei
1253 3661 1686 3730 κατακριθέντες
1719 3661 1820 3714 οὐκ

230 3749 662 3817 ἑπικάμπτουσι.
699 3749 880 3804 Τᾶλλα
904 3753 960 3805 δὲ
995 3754 1174 3805 πάντα
1211 3754 1578 3824 συνετέθησαν
1609 3756 1821 3824 ἀπαρα-

228 3843 509 3911 τηρήτως.
542 3843 628 3896 ἵνα
655 3845 856 3912 πιθανὴ
891 3846 1114 3914 γένηται
1147 3849 1180 3914 ἡ
1213 3847 1520 3916 παραϐολή.
1571 3848 1682 3901 Καὶ
1709 3849 1819 3918 γὰρ

228 3936 340 3988 οὐδ’
371 3939 453 3989 ὃτι
488 3936 936 4006 ἀπεπέμφθησαν
983 3941 1061 4002 είς
1095 3940 1316 3994 κόλασιν
1345 3937 1490 4006 εἷπε,
1525 3943 1614 3994 διὰ
1647 3944 1707 3995 τὸ
1744 3944 1818 4012 μὴ

229 4032 330 4083 νῦν
374 4030 850 4100 ἀκριϐολογεῖσθαι
883 4034 1010 4103 περὶ
1039 4034 1147 4086 τῶν
1179 4035 1461 4102 τοιούτων.

302 4123 661 4189 Γρηγορεῖτε
681 4152 749 4161 -·-
781 4124 1041 4194 ἔρχεται.
1066 4126 1331 4188 Πολλάκις
1363 4128 1607 4195 ἐπιλέγει
1637 4131 1816 4193 τοῦτο,

228 4215 469 4278 δεικνὺς,
515 4218 596 4269 δτι
630 4217 800 4287 πολλὴ
850 4220 1009 4289 χρεία
1066 4220 1367 4292 προσοχῆς]
1388 4222 1478 4274 διὰ
1517 4205 1580 4275 τὸ
1621 4222 1817 4292 ἄδηλον

230 4304 332 4374 τῆς
361 4305 676 4369 τελευταίας
700 4309 913 4378 ἡμέρας
949 4311 1044 4364 καὶ
1076 4308 1251 4380 ὧρας.

366 4514 522 4565 ΚΕΦ.
553 4514 631 4567 Ξ’.
665 4513 804 4581 Περὶ
829 4513 951 4568 τῶν
979 4518 1050 4568 τὰ
1083 4515 1353 4571 τάλαντα
1378 4518 1711 4573 λαϐόντων.

1918 636 2044 691 dem
2076 636 2250 702 abire,
2286 637 2382 692 sed
2421 652 2529 691 non
2561 644 2880 708 potuerunt.
2908 633 3167 690 Ostendit
3196 644 3381 688 autem
3448 642 3504 687 et

1919 728 2010 783 bic
2046 729 2418 800 sermo,quod
2443 737 2576 784 tunc
2599 743 2774 783 vanus
2795 727 2903 782 erit
2934 728 3000 782 ad
3037 727 3296 781 virtutem
3329 739 3504 780 cona-

1919 827 2031 872 ῑιισ.

1987 910 2146 966 Vers.
2181 912 2267 966 l0.
2297 910 2364 965 Et
2394 941 2465 956 —
2486 911 2684 979 janua.
2705 909 2917 979 Nuptiae
2948 919 3078 963 sunt
3131 907 3506 964 communica-

1920 1003 1998 1059 tio
2035 1005 2188 1075 regni
2225 1005 2603 1068 ccelorum,,et
2631 1001 2977 1058 conversatio
2999 1017 3123 1057 cum
3155 1001 3394 1056 Christo.

1997 1094 2147 1151 Vers.
2185 1097 2270 1150 ll.
2305 1095 2497 1150 Postea
2523 1127 2590 1137 —
2611 1095 2785 1149 nobis.
2808 1092 3015 1149 Putant
3037 1095 3185 1148 enim
3215 1093 3361 1164 quod
3388 1102 3508 1147 tan-

1918 1205 2080 1258 quam
2119 1190 2363 1258 virgines
2391 1186 2696 1243 intrabunt.

1993 1281 2150 1336 Vers.
2194 1282 2278 1334 19.
2316 1281 2377 1334 At
2401 1282 2520 1336 illos
2547 1280 2792 1335 nonNon
2820 1294 3116 1352 cognosco,
3153 1279 3351 1348 inquit,
3384 1292 3505 1338 vos.

1918 1375 2212 1428 exstinctis
2251 1373 2507 1428 videlicet
2549 1373 2894 1442 lampadibus
2948 1370 3177 1425 vestris.
3223 1369 3509 1439 Cognitio-

1919 1480 2043 1518 nem
2075 1472 2258 1517 autem
2291 1478 2441 1516 nunc
2480 1477 2602 1517 eam
2645 1461 2908 1532 intellige,
2930 1477 3051 1530 quae
3073 1476 3100 1512 a
3131 1459 3505 1513 familiaritate

1919 1559 2184 1626 procedit.
2252 1555 2446 1608 Nullus
2487 1555 2635 1607 enim
2670 1545 3070 1607 immisericors
3090 1549 3374 1604 familiaris
3421 1557 3508 1602 est

1919 1644 2262 1701 misericordi
2295 1642 2539 1698 Christo.
2581 1642 2695 1696 Heu
2724 1651 2850 1711 post
2879 1648 3059 1695 tantos
3107 1639 3346 1702 labores,
3383 1645 3507 1705 post

1922 1748 2067 1795 tanta
2098 1738 2418 1799 certamina,
2456 1746 2578 1805 post
2610 1746 2758 1790 tanta
2786 1745 3141 1804 tropaea,qu:e
3180 1733 3282 1786 illa:
3309 1733 3507 1786 adver-

1921 1847 2015 1885 sus
2038 1830 2402 1884 insanientem
2435 1834 3013 1884 naturamerexerant.
3062 1821 3362 1890 repudiatae
3381 1827 3510 1873 sunt

1919 1929 2144 1991 prepter
2181 1924 2607 1989 eleemesynam.
2649 1917 2749 1971 Ubi
2786 1930 2916 1986 ergo
2955 1915 3079 1984 quis
3113 1912 3509 1966 immisericors

1916 2012 2284 2083 virginitatem
2303 2010 2466 2064 etiam
2482 2025 2591 2063 non
2612 2008 2886 2071 habuerit,
2903 2021 3008 2076 qua.
3033 2016 3160 2060 tunc
3174 2005 3510 2058 condemna-

1919 2102 2068 2155 tione
2097 2101 2295 2170 dignus
2311 2116 2420 2154 non
2449 2100 2598 2153 erit?
2626 2099 2744 2153 Non
2765 2108 2850 2153 est
2888 2107 3070 2152 autem
3111 2096 3325 2150 curiose
3355 2110 3510 2149 scrv-

1921 2194 2144 2246 tandum
2181 2207 2351 2262 quare
2371 2193 2558 2246 decem
2601 2192 2711 2244 sint
2751 2189 3007 2258 virgines,
3027 2198 3219 2256 etqus:
3240 2188 3348 2240 sint
3379 2201 3506 2239 vasa

1919 2300 2132 2346 earum.
2216 2299 2404 2352 qumve
2455 2283 2526 2337 sit
2575 2283 2742 2351 janua
2795 2281 3138 2349 nuptiarum,
3201 2287 3508 2344 ceteraque

1918 2377 2091 2446 ipsius
2116 2375 2387 2446 parabolas
2427 2374 2646 2440 similia,
2683 2381 2743 2428 ut
2764 2372 2899 2426 alias
2921 2385 3137 2442 quoque
3190 2369 3518 2437 frcquenter‘

1918 2479 2248 2537 prmceptum
2291 2476 2393 2522 est.

1997 2559 2194 2612 Verum
2227 2557 2571 2628 sexagesimo
2640 2558 2823 2626 primo
2858 2556 3040 2625 capite
3108 2555 3374 2623 scriptum
3402 2562 3510 2612 est.

1919 2651 2064 2720 quod
2100 2650 2338 2719 primum
2364 2649 2571 2702 abeunt
2620 2657 2944 2717 peccatores
2987 2648 3040 2700 in
3071 2645 3403 2714 supplicium
3434 2660 3512 2696 ae.-

1922 2756 2160 2806 ternum,
2191 2741 2389 2795 deinde
2415 2741 2547 2809 justi
2577 2740 2632 2793 in
2669 2742 2833 2795 vitam
2864 2750 3127 2794 aeternam
3149 2739 3198 2770 "
3231 2755 3244 2792 :
3284 2738 3338 2791 in
3372 2753 3501 2807 pra:-

1921 2835 2062 2888 senti
2089 2850 2220 2888 vero
2250 2833 2431 2901 capite
2463 2832 2801 2890 contrarium
2828 2840 3076 2901 apparet,
3103 2845 3226 2883 cum
3253 2828 3514 2899 ingressis

1921 2929 2158 2998 primum
2195 2926 2559 2997 prudentibus
2590 2925 2916 2995 virginibus.
2941 2923 3291 2994 postmodum
3322 2935 3514 2989 repro-

1921 3021 2064 3075 bataa
2124 3020 2235 3073 siut
2318 3018 2500 3074 fatuae.
2559 3017 2639 3072 Ne
2715 3016 3018 3086 suspiceris
3061 3015 3513 3069 contrarietatem

1922 3114 2110 3169 inesse
2145 3113 2457 3183 capitibus:
2509 3113 2642 3166 illud
2695 3112 2966 3180 siquidem
2992 3118 3186 3164 exacte
3219 3117 3417 3162 tractat
3447 3108 3514 3161 de

1924 3206 2136 3268 ordine,
2171 3208 2273 3258 lioc
2300 3215 2483 3258 autem
2517 3203 2662 3257 aliud
2694 3203 2860 3256 habet
2890 3203 3192 3263 intentum,
3239 3199 3384 3269 quod
3438 3198 3519 3251 vi-

1923 3297 2128 3352 delicet
2158 3312 2337 3364 neque
2368 3296 2657 3365 virginitas
2705 3295 2958 3358 salvabit,
2992 3309 3107 3346 non
3164 3293 3375 3346 habens
3408 3291 3515 3344 sibi

1922 3391 2084 3446 etiam
2126 3390 2475 3457 coniunctam
2557 3388 2982 3456 eleemosynam,
3029 3393 3083 3438 et
3147 3385 3290 3453 quod
3353 3384 3517 3438 unius

1921 3483 2098 3535 virtus
2125 3481 2212 3534 alii
2245 3489 2376 3533 tunc
2411 3495 2524 3533 non
2553 3479 2802 3548 proderit
2830 3496 2843 3531 :
2879 3468 3136 3548 quodque
3165 3485 3297 3530 tunc
3328 3485 3512 3530 motus

1923 3576 1991 3630 ad
2031 3577 2288 3627 virtutem
2324 3587 2499 3625 vanus
2525 3573 2652 3626 erit.
2705 3571 2842 3625 Item
2873 3573 3017 3640 quod
3052 3572 3179 3626 licet
3217 3570 3513 3641 plurimum

1924 3667 2290 3734 deprecentur
2320 3663 2412 3735 qui
2446 3664 2797 3718 condemnati
2833 3673 2985 3727 sunt,
3016 3677 3361 3732 nequaquam
3417 3660 3518 3714 lle-

1924 3768 2081 3815 ctuut
2106 3760 2367 3827 judicem.
2393 3757 2602 3812 Caetera
2635 3771 2767 3810 vero
2793 3756 2978 3810 omnia
3011 3741 3162 3809 nullo
3190 3755 3402 3808 delectu
3434 3753 3510 3822 (ρ)

1923 3855 2231 3922 composita
2295 3851 2442 3915 sunt,
2510 3860 2569 3904 ut
2625 3848 2924 3918 probabilis
2957 3844 3514 3916 ﬁatparabola.Nam

1921 3958 2101 4014 neque
2135 3942 2275 3996 dixit
2305 3941 2451 4011 quod
2488 3941 2751 4010 ablegatae
2811 3948 2941 3993 sunt
2976 3939 3028 3990 iu
3067 3936 3418 4006 supplicium,
3451 3950 3518 3988 eo

1922 4036 2068 4108 quod
2105 4050 2254 4089 nunc
2286 4033 2601 4104 bujusmodi
2637 4047 2746 4084 non
2781 4040 2975 4084 exacte
3007 4017 3294 4098 ilisquirat.

1997 4125 2151 4180 Vers.
2191 4126 2278 4178 13.
2309 4124 2532 4195 Vigilate
2559 4153 2624 4164 —
2660 4123 2850 4177 veniet.
2884 4118 3297 4190 Frequenterid
3325 4116 3516 4171 subin-

1923 4222 2046 4286 fcrt,
2075 4219 2376 4274 ostendens
2402 4219 2550 4287 quod
2585 4219 2822 4272 maxima
2851 4216 2922 4270 sit
2960 4215 3190 4281 utilitas,
3224 4223 3285 4267 ut
3323 4212 3376 4265 in
3412 4211 3518 4263 hoc

1922 4313 2257 4380 attendatur,
2289 4322 2512 4382 propter
2563 4311 2742 4372 dualis
2766 4310 2875 4364 diei
2899 4318 2952 4363 et
2987 4309 3133 4362 bene
3165 4304 3479 4362 incertitudi
3499 4330 3518 4343 -

1923 4421 2070 4460 nem.

2386 4514 2540 4571 CAP.
2578 4512 2691 4567 LX.
2718 4512 2797 4567 'De
2831 4504 3067 4565 talentis.

309 4606 539 4673 Ὥσπερ
567 4636 634 4646 —-
667 4605 946 4674 δύναμιν.
972 4608 1078 4660 Kal.
1106 4609 1246 4680 αὕτη
1269 4612 1300 4676 ἡ
1332 4609 1619 4680 παραϐολὴ
1654 4610 1818 4679 ὁμοία

1996 4607 2157 4665 Vers.
2201 4609 2285 4664 14.
2315 4610 2466 4663 Sicut
2491 4635 2563 4647 -—
2598 4606 2753 4660 Vers.
2790 4605 2878 4660 15.
2909 4603 3267 4675 falcultatem.
3332 4601 3510 4656 Etiam

237 4698 337 4765 μέν
381 4702 497 4751 ἐστι
544 4701 610 4768 τῇ
647 4698 734 4750 τοῦ
782 4700 973 4751 πιστοῦ
1011 4700 1197 4754 δούλου
1241 4701 1333 4755 καὶ
1357 4702 1644 4772 φρονίμου,
1702 4701 1826 4754 καθ’

233 4793 419 4861 ἕτερον
462 4791 519 4843 δὲ
575 4791 779 4861 τρόπον
833 4794 1261 4863 ἐσχημάτισται,
1313 4795 1407 4846 καὶ
1461 4794 1824 4862 διαλαμϐάνει

239 4885 364 4952 περὶ
393 4883 501 4936 τῶν
528 4884 919 4953 λαμϐανόντων
947 4889 1014 4939 ἐκ
1053 4887 1187 4938 Θεοῦ
1220 4887 1539 4957 χαρίσματα
1565 4887 1824 4940 διδασκα-

234 4974 380 5028 λικά·
417 4975 589 5029 ταῦτα
618 4976 725 5045 γὰρ
756 4976 851 5029 νῦν
879 4976 1109 5030 ἐκάλεσε
1162 4977 1401 5030 τάλαντα
1429 4977 1515 5029 διὰ
1545 4975 1605 5029 τὸ
1640 4976 1824 5046 τίμιον

236 5069 440 5133 αὐτῶν,
471 5070 564 5120 καὶ
594 5070 626 5137 ἢ
661 5069 963 5138 χρωμένων
995 5072 1180 5133 αὐτοῖς
1213 5070 1308 5123 καὶ
1341 5069 1759 5138 κερδαινόντων,
1789 5069 1823 5139 ἢ

235 5162 736 5229 κατακρυπτόντων
798 5162 890 5212 καὶ
952 5162 1118 5232 μηδὲν
1182 5163 1596 5232 κερδαινόντων.
1659 5163 1824 5228 Λέγει

244 5253 414 5305 τοίνυν
449 5253 529 5302 ὅτι
561 5252 787 5303 ἐκάλεσε
855 5253 979 5315 τοὺς
1024 5254 1246 5317 δούλους
1286 5252 1473 5320 αὑτοῦ,
1510 5255 1537 5305 ὁ
1565 5252 1691 5315 Υἱὸς
1723 5253 1819 5323 δη-

335 5410 382 5441 "
411 5409 746 5477 Maltinxxv,
771 5409 860 5465 46.

1931 4704 2049 4759 haec
2075 4703 2328 4772 parabola
2357 4700 2554 4757 similis
2585 4707 2671 4754 est
2705 4699 2755 4752 ei
2782 4713 2905 4768 qua:
2950 4698 3204 4767 superius
3256 4696 3324 4749 de
3373 4694 3518 4749 fideli

1932 4811 1995 4850 ac
2037 4795 2304 4864 prudente
2362 4808 2521 4847 servo
2551 4791 2726 4860 posita
2780 4798 2888 4852 est,
2948 4803 3143 4842 verum
3193 4787 3300 4841 alio
3353 4786 3519 4840 modo

1930 4887 2159 4958 ﬁgurata
2190 4895 2299 4941 est:
2335 4895 2390 4940 et
2420 4883 2487 4939 de
2517 4884 2598 4937 bis
2623 4884 2864 4946 disserit,
2927 4883 3020 4951 qui
3052 4897 3082 4935 a
3144 4879 3252 4934 Deo
3311 4879 3516 4950 gratias

1928 4984 2260 5046 acceperunt
2295 4974 2525 5030 docendi
2562 4972 2708 5044 (nam
2740 4973 2842 5027 bas
2901 4986 3050 5026 nunc
3101 4974 3302 5023 talenta
3359 4975 3517 5021 vocat

1926 5078 2152 5138 propter
2182 5068 2446 5120 honorem
2480 5063 2761 5133 illarum),
2807 5071 2864 5117 et
2891 5062 2976 5115 vel
3002 5075 3099 5130 per
3133 5074 3320 5113 earum
3355 5072 3515 5111 usum

1927 5162 2140 5215 lucrum
2172 5159 2494 5222 attulerunt,
2527 5157 2609 5215 vel
2639 5156 2966 5211 defodiendo
2991 5155 3128 5208 nihil
3154 5152 3293 5207 lucri
3357 5150 3510 5205 fece-

1932 5263 2080 5308 runt.
2121 5253 2264 5308 Dicit
2290 5267 2418 5324 ergo
2447 5251 2593 5322 quod
2621 5250 2836 5305 vocavit
2896 5263 3084 5304 servos
3123 5262 3275 5311 suos,
3338 5242 3514 5298 Filius

1395 5483 1599 5545 Variae
1642 5483 1949 5547 lectiones
1994 5487 2056 5544 et
2100 5487 2292 5546 nota.

309 5651 422 5716 (53)
455 5647 633 5704 Malim
671 5651 756 5705 vel
808 5651 1060 5704 omittere
1110 5649 1228 5719 τῆς,
1289 5649 1373 5704 vel
1422 5649 1665 5704 scribere
1715 5649 1818 5719 τῆς

239 5722 519 5791 λυττώσης
561 5721 798 5790 φύσεως.
855 5720 1121 5774 Λυττῶσα
1158 5721 1320 5788 φύσις
1358 5721 1680 5792 appellatur.
1719 5724 1818 5774 im-

1928 5657 2088 5718 petus
2121 5648 2330 5705 naturae
2355 5649 2587 5705 incitans
2615 5649 2680 5702 ad
2710 5647 3013 5706 libidinem.

2003 5719 2116 5791 (54)
2143 5721 2655 5793 Συγκεκραμμένην
2697 5719 2756 5773 Β.

310 5883 382 5953 (ρ)
423 5879 579 5935 Nullo
608 5879 823 5934 defertu.
872 5880 947 5934 Ita
987 5888 1044 5934 ut
1077 5895 1186 5936 non
1223 5896 1359 5952 opus
1390 5879 1456 5934 sit
1506 5878 1570 5932 ad
1614 5893 1674 5934 ea
1725 5879 2030 5934 attendere.
