4020 6482
480 387 591 450 635

1712 383 2096 448 ΕΗΤῐῘΥΜὶῐ
2139 383 2508 445 ZIGABENI

3642 377 3748 442 636

481 504 740 558 \idelicet
772 506 1034 568 hominis,
1066 513 1251 574 utpote
1272 504 1437 561 homo
1468 503 1560 574 qui
1593 514 1819 572 peregre
1847 495 2066 568 profec-

2200 497 2308 566 atS'l'j
2350 496 2446 548 τοῦ
2498 496 2807 566 ἀνθρώπου,
2850 495 3038 566 ὥσπερ
3069 494 3353 566 ἄνθρωπος
3399 491 3748 561 ἀποδημῆσαι

484 611 644 654 turus
670 615 818 666 erat;
853 616 904 657 ct
939 607 1030 657 uni
1057 606 1278 673 quidem
1334 602 1487 655 dedit
1537 596 1784 666 quinque
1842 591 2066 652 talenta,

487 696 605 749 sive
654 698 819 750 multa
846 711 862 760 ;
893 714 1020 751 nam
1059 699 1206 750 varia
1266 705 1395 749 sunt
1440 689 1698 746 doctrina:
1726 687 1890 745 dona,
1945 695 2070 751 qure

485 787 688 842 Paulus
721 790 1064 843 ennmeravit
1095 788 1223 852 ;alii
1254 797 1436 841 autem
1461 783 1592 843 duo,
1618 781 1721 833 hoc
1750 784 1834 830 est
1859 787 2066 844 pauce;

485 880 574 932 alii
620 895 749 934 vero
807 897 976 935 unum
1037 881 1239 935 solum.
1293 877 1359 932 Hi
1422 883 1606 929 autem
1660 883 1782 923 esse
1839 871 2073 934 possunt

491 972 735 1043 episcopi
765 985 821 1027 et
860 983 1226 1044 praeceptores
1260 968 1646 1026 ecclesiarum.
1683 960 1894 1015 Deinde
1921 956 2075 1010 addit

486 1074 541 1117 et
574 1082 794 1119 causam
834 1066 1221 1136 inzequalitatis
1259 1065 1313 1118 in
1342 1060 1632 1119 divisione,
1666 1051 1810 1124 quod
1868 1047 2076 1103 scilicet

487 1156 651 1210 fuerit
678 1160 978 1214 secundum
1024 1159 1295 1230 cujusque
1346 1152 1662 1208 facultatem
1715 1154 1772 1200 et
1803 1141 2073 1200 idoneita-

494 1260 626 1304 tcm.

565 1344 724 1403 Vers.
796 1347 882 1401 i5.
938 1347 1006 1399 Et
1035 1346 1298 1415 profectus
1329 1349 1404 1394 est
1435 1337 1644 1392 statim.
1673 1334 1790 1389 Hoc
1851 1337 1956 1396 est,
2019 1340 2076 1384 et

491 1437 710 1507 reliquit
756 1453 850 1492 eos
895 1445 953 1491 nt
982 1445 1359 1506 operarentur.
1395 1431 1550 1486 Sicut
1577 1430 1723 1482 enim
1783 1426 1852 1480 de
1915 1423 2077 1476 vinea

496 1529 721 1596 dixit",
780 1531 927 1600 quod
979 1531 1177 1584 locavit
1228 1543 1350 1584 eam
1425 1521 1698 1595 agricolis.
1755 1529 1810 1572 et
1851 1528 2079 1587 peregre

491 1622 766 1690 profectus
790 1633 902 1678 est:
937 1625 1009 1677 ita
1048 1624 1180 1678 dicit
1204 1632 1258 1676 et
1291 1634 1458 1680 nunc,
1493 1626 1555 1671 ut
1596 1616 1718 1684 ejus
1759 1612 1939 1665 discas
1961 1609 2079 1662 lon-

491 1713 887 1779 ganimitatem,
920 1715 1196 1782 quomodo
1227 1727 1338 1766 non
1375 1707 1638 1764 continue
1685 1711 1916 1773 repetat.
1948 1699 2082 1766 Qui-

2183 589 2415 660 μέλλων·
2455 590 2548 642 καὶ
2586 587 2729 657 ἄλλῳ
2758 588 2855 657 μὲν
2884 587 3049 639 ἔδωκε
3084 587 3246 640 πέντε
3298 585 3555 648 τάλαντα,
3584 587 3750 654 ἦγουν

2174 679 2365 733 πολλά·
2432 680 2668 748 διάφορα
2725 677 2835 748 γὰρ
2889 677 2957 730 τὰ
3007 677 3365 730 διδασκαλικά
3414 675 3748 748 χαρίσματα,

2176 773 2322 840 ἅπερ
2369 774 2394 824 ὁ
2427 771 2639 833 Παῦλος
2675 771 3126 840 ἀπηριθμήσατο·
3158 770 3306 839 ἄλλῳ
3343 770 3397 822 δὲ
3430 769 3546 830 δύο,
3594 784 3752 820 τουτ-

2176 863 2325 915 έστιν
2359 863 2516 931 ὀλίγα
2543 879 2556 893 '
2604 862 2749 932 ἄλλῳ
2781 862 2838 914 δὲ
2877 861 2934 913 ἐν
2968 861 3146 930 μόνον.
3196 857 3322 913 Εἶεν
3347 861 3392 913 δ’
3423 861 3487 914 ἂν
3520 852 3665 914 οὗτοι
3705 859 3753 909 oi

2175 955 2464 1009 ἐπίσκοποι
2496 955 2591 1006 καὶ
2618 953 2930 1007 διδάσκαλοι
2963 953 3071 1006 τῶν
3113 952 3223 1023 (55)
3263 951 3588 1022 ἐκκλησιῶν.
3621 948 3756 1003 Εἶτα

2181 1045 2509 1116 προστίθησι
2549 1046 2645 1099 καὶ
2675 1046 2771 1116 τὴν
2819 1046 2999 1098 αἰτίαν
3041 1045 3140 1113 τῆς
3175 1045 3234 1095 ἐν
3277 1046 3343 1113 τῇ
3378 1044 3608 1111 διανομῇ
3639 1043 3757 1094 ἀνι-

2181 1138 2426 1205 σότητος,
2467 1139 2550 1189 ὅτι
2598 1137 2740 1190 κατά
2780 1139 2876 1206 τὴν
2904 1136 3135 1189 ἑκάστου
3179 1133 3410 1203 δύναμιν
3443 1135 3533 1185 καὶ
3567 1135 3758 1200 ἐπιτη-

2181 1228 2464 1296 δειότητα.

2249 1320 2358 1374 Καὶ
2392 1318 2790 1387 ἀπεδήμησεν
2815 1317 3055 1384 εὐθέως.
3100 1317 3246 1371 Ἀντὶ
3280 1315 3397 1380 τοῦ,
3420 1314 3516 1369 καὶ
3546 1317 3760 1384 ἀφῆκεν

2179 1412 2382 1474 αὐτοὺς
2420 1412 2774 1482 ἐργάζεσθαι.
2807 1411 3067 1481 Καθάπερ
3095 1411 3204 1481 γὰρ
3244 1409 3336 1461 ἐπὶ
3367 1407 3460 1460 τοῦ
3497 1407 3761 1476 ἀμπελῶ-

2180 1521 2270 1567 νος
2317 1501 2470 1557 εἶπεν
2525 1507 2607 1558 ὅτι
2660 1505 2872 1569 ἐξέδοτο
2925 1504 3088 1557 αὑτὸν
3136 1503 3400 1572 γεωργοῖς
3455 1503 3580 1552 καὶ·
3622 1501 3728 1553 ἀπε

2182 1592 2448 1664 δήμησεν’
2480 1593 2622 1647 οὕτω
2658 1595 2796 1662 φησὶ
2826 1593 2919 1647 καὶ
2947 1592 3064 1656 νῦν,
3101 1592 3188 1645 ἵνα
3216 1592 3393 1661 μάθῃς
3422 1591 3522 1658 τὴν
3554 1605 3762 1658 μακρο·

2184 1683 2387 1754 θυμίαν
2442 1684 2629 1748 αὑτοῦ,
2699 1685 2816 1747 πῶς
2871 1685 2971 1738 οὐκ
3030 1683 3237 1745 εὐθέως
3301 1685 3544 1735 ἀπαιτεῖ.
3605 1682 3764 1742 Τινὲς

492 1801 615 1854 dam
638 1812 820 1855 autem
841 1803 1028 1856 dicunt
1042 1800 1541 1872 peregrinationem
1556 1810 1680 1850 esse
1698 1792 1996 1848 Salvatoris
2022 1791 2077 1842 in

2200 1775 2240 1830 ié
2275 1793 2439 1844 φασιν
2467 1777 2781 1846 ἀποδημίαν
2811 1775 2908 1846 τὴν
2944 1777 3011 1828 ἐκ
3067 1774 3170 1845 γῆς
3201 1775 3282 1837 είς
3311 1772 3540 1843 οὐρανὸν
3565 1772 3737 1839 ἀνάλη

494 1892 700 1948 ςωιυιιι
724 1893 1182 1962 assumptionem.

565 1981 724 2038 Vers.
792 1984 880 2038 l6.
909 1983 1053 2037 Abiit
1086 2013 1157 2022 —
1193 1982 1348 2037 Vers.
1389 1982 1472 2034 l7.
1504 1980 1628 2032 duo.
1672 1975 1961 2046 Duplicant
2022 1987 2084 2027 ea

493 2092 616 2146 quae
656 2078 758 2131 sibi
797 2076 1110 2131 concredita
1156 2087 1282 2129 sunt
1330 2087 1524 2129 omnes
1583 2069 1676 2141 qui
1729 2066 2088 2138 proﬁciscun-

496 2181 584 2223 lur
600 2171 665 2224 ad
687 2169 786 2240 (ο)
810 2171 1040 2225 salutem
1060 2157 1480 2238 discipulorum,
1519 2165 1787 2219 facientes
1815 2176 1913 2216 eos
1961 2174 2085 2212 rur-

496 2277 590 2314 sus
629 2271 994 2330 prteceptores
1024 2260 1280 2314 aliorum.
1316 2257 1356 2328 -ι-
1390 2258 1494 2324 Qui
1531 2256 1955 2330 bene'operatur
2032 2258 2089 2303 et

498 2362 645 2406 recte
679 2353 860 2418 docet,
894 2351 1137 2420 duplicat
1160 2350 1470 2405 concredita
1494 2347 1600 2402 sibi
1624 2347 1847 2399 talenta.

569 2519 722 2574 Vere.
749 2519 835 2574 l8.
870 2517 971 2583 Qui
1001 2518 1322 2574 vero—sui.
1351 2516 1573 2571 Terram
1606 2516 1840 2585 ipsumm
1864 2511 2090 2567 etintel-

498 2613 657 2683 lige:
714 2613 771 2667 in
806 2613 989 2683 seipso
1039 2612 1188 2666 enim
1238 2611 1487 2675 retinuit,
1557 2607 1705 2678 quod
1773 2606 1839 2660 ad
1889 2619 2086 2675 opera-

501 2706 706 2759 tionem
740 2705 924 2759 datum
955 2713 1092 2769 erat,
1127 2704 1205 2759 sic
1233 2713 1293 2757 ut
1321 2718 1422 2757 nec
1450 2702 1577 2764 sibi,
1617 2715 1722 2754 nec
1774 2700 1894 2752 aliis
1940 2697 2090 2753 utilis

503 2796 682 2849 fieret.

577 2883 735 2940 Vera.
768 2885 854 2940 i9.
887 2883 1016 2936 Post
1052 2914 1125 2928 -—
1163 2885 1442 2939 rationem.
1470 2883 1631 2938 Venit
1679 2883 1838 2954 juxta
1891 2899 2091 2938 secun-

502 2977 628 3031 dum
661 2976 1004 3031 adventum:
1059 2975 1180 3032 ideo
1224 2978 1388 3032 etiam
1449 2977 1610 3044 dixit,
1670 2988 1790 3047 post
1861 2978 2089 3028 multum

505 3079 731 3132 tempus.

581 3152 734 3210 Vers.
759 3155 850 3210 20.
888 3155 954 3208 Et
988 3183 1049 3194 —
1082 3171 1175 3222 per
1196 3173 1281 3211 ea.
1316 3156 1553 3211 Lucrum
1576 3166 1704 3211 sunt
1742 3154 1835 3225 qui
1864 3171 1960 3224 per
2021 3156 2084 3207 il-

503 3247 609 3301 lius
627 3247 959 3319 diligentiam
985 3251 1234 3320 acquisiti
1269 3259 1417 3316 sunt,
1443 3249 1722 3304 utdictum
1749 3257 1860 3314 est,
1897 3258 1948 3302 et
1974 3247 2091 3301 fru-

504 3339 725 3392 ctilicati
752 3340 880 3394 Deo.

583 3431 739 3486 Vers.
770 3434 829 3484 ’τι
849 3474 860 3485 .
884 3432 972 3486 Ait
996 3463 1062 3473 —
1079 3432 1421 3485 constituam.
1445 3429 1630 3485 Multis
1652 3429 1841 3501 gratiis
1863 3428 2091 3501 dignum

510 3521 705 3576 faciam
732 3524 946 3577 z-multa
976 3524 1114 3577 bona
1148 3523 1242 3575 tibi
1280 3523 1510 3575 tradam.

583 3611 739 3666 Vers.
772 3613 864 3666 2i.
919 3611 1161 3665 lntra—
1213 3614 1313 3666 tui.
1365 3611 1626 3679 ltequiem
1687 3619 1741 3666 et
1801 3611 2096 3666 beatitudi-

510 3721 634 3758 nem
667 3703 769 3775 (r)
808 3719 904 3771 per
935 3718 1132 3758 nomen
1161 3702 1342 3774 gaudii
1373 3702 1718 3773 significavit.

586 3794 744 3850 Vers.
777 3794 870 3850 2‘2.
911 3797 1176 3848 Accedens
1210 3824 1278 3834 —
1309 3793 1573 3848 Vers.25.
1610 3793 1726 3850 Tui.
1772 3793 2093 3864 Quanquam

511 3889 740 3942 diversa:
778 3888 997 3942 fuerunt
1024 3887 1240 3958 “gratiae,
1284 3887 1508 3954 aequalis
1555 3895 1735 3940 tamen
1764 3898 1848 3940 est
1878 3888 2050 3941 honor
2079 3905 2091 3940 :

511 3978 640 4047 quia
670 3985 725 4032 et
755 3977 960 4046 aequale
990 3978 1044 4030 in
1080 3976 1187 4029 illis
1221 3976 1484 4030 studium.
1521 3975 1800 4045 Siquidem
1860 3988 2091 4048 uterque

511 4082 736 4141 accepta
801 4071 1118 4140 duplicavit.
1184 4071 1262 4124 Ve
1331 4069 1493 4122 etiam
1553 4070 1712 4124 aliter
1745 4070 1849 4125 dici
1889 4080 2091 4140 potest,

512 4168 653 4232 quod
687 4165 967 4233 aequaliter
1046 4163 1264 4233 quidem
1331 4162 1643 4226 laudantur,
1701 4173 1758 4218 et
1805 4167 2094 4233 aequaliter

514 4255 961 4318 introducantur,
1049 4255 1146 4308 sed
1226 4253 1592 4308 diversimode
1674 4268 2094 4312 remunerantur

511 4347 665 4413 juxta
725 4347 1140 4414 proportionem
1195 4345 1496 4410 lucrorum,
1577 4361 1699 4414 quae
1730 4349 1796 4401 ab
1834 4349 1914 4401 eis
1953 4349 2092 4404 facta

514 4445 665 4490 sunt.

2110 1840 2157 1900 Β
2185 1867 2282 1935 ψιν
2312 1867 2407 1920 τοῦ
2439 1867 2714 1940 Σωτῆρος.

2260 1963 2582 2030 Πορευθεὶς
2606 1992 2680 2001 -——
2705 1962 2835 2016 δύο.
2888 1959 3314 2025 Διπλασιάζουσι
3347 1959 3415 2013 τὰ
3465 1960 3763 2027 ἐμπιστευ-

2189 2052 2350 2107 θέντα
2375 2055 2584 2115 τούτοις
2618 2055 2729 2125 (56)
2756 2053 3070 2125 χαρίσματα
3098 2053 3300 2116 πάντες
3324 2053 3371 2104 oi
3390 2050 3769 2120 ἐμπορευόμε-

2189 2163 2270 2198 νοι
2300 2143 2398 2217 τὴν
2426 2145 2536 2198 τῶν
2586 2146 2846 2216 μαθητῶν
2879 2146 3178 2214 σωτηρίαν,
3223 2145 3318 2197 καὶ
3355 2143 3634 2206 ποιοῦντες
3676 2144 3771 2196 καὶ

2191 2236 2388 2298 αὐτοὺς
2440 2237 2798 2300 διδασκάλους
2861 2238 3022 2291 πάλιν
3078 2238 3302 2308 ἑτέρων.
3361 2235 3454 2308 [⁸0
3508 2237 3618 2304 (57)
3676 2237 3772 2289 καὶ

2191 2327 2450 2398 πράττων
2487 2327 2685 2391 καλῶς,
2717 2333 2812 2382 καὶ
2839 2331 3108 2383 διδάσκων
3141 2330 3339 2400 ὀρθῶς,
3375 2328 3444 2382 τὰ
3475 2329 3766 2398 ἐμπιστευ-

2192 2419 2352 2472 θέντα
2382 2419 2724 2486 διπλασιάζει
2755 2420 3038 2493 τάλαντα.]

2274 2510 2336 2562 '0
2362 2510 2431 2562 δὲ
2470 2541 2531 2550 -ι
2567 2512 2779 2565 αὑτοῦ.
2841 2513 2953 2581 Γῆν
2995 2513 3159 2565 αὑτὸν
3208 2514 3420 2583 νόησον.
3466 2513 3555 2566 Ἐν
3592 2511 3774 2581 ἐαυτῷ

2195 2601 2305 2669 γὰρ
2335 2601 2613 2670 κατέχωσε
2647 2602 2704 2653 τὸ
2734 2602 2887 2656 δοθὲν
2913 2606 2992 2666 εἰς
3022 2604 3302 2672 ἐργασίαν,
3331 2605 3406 2667 ὼς
3435 2591 3573 2673 μήτε
3622 2603 3775 2674 αὐτῷ

2197 2693 2324 2764 μηθ’
2353 2695 2561 2766 ἑτέροις
2603 2695 2716 2766 (58)
2745 2696 3137 2768 χρησιμεύσαι.

2263 2897 2425 2951 Μετὰ
2475 2927 2547 2938 -—
2584 2901 2795 2968 λόγον.
2854 2899 3117 2970 Ἔρχεται
3170 2901 3307 2954 κατὰ
3355 2900 3457 2970 τὴν
3512 2902 3774 2973 δευτέραν

2193 2988 2308 3058 (59)
2342 2991 2666 3061 παρουσίαν.
2705 2992 2796 3044 Διὸ
2822 2993 2939 3060 καὶ,
2961 2991 3112 3060 μετὰ
3127 2993 3350 3061 χρόνον
3379 2992 3598 3058 πολὺν,
3627 2989 3771 3049 εἷπε.

2194 3081 2473 3148 Συναίρει
2523 3082 2585 3135 δὲ
2637 3083 2858 3152 λόγον,
2897 3085 3022 3137 ἀντὶ
3071 3085 3186 3146 τοῦ,
3239 3086 3393 3137 Κινεῖ
3442 3084 3770 3151 λογοθέσιον.

2264 3172 2376 3227 Καὶ
2419 3200 2491 3213 -
2547 3175 2641 3227 ἐπ’
2692 3176 2918 3241 αὐτοῖς.
3000 3176 3202 3248 Κέρδος
3251 3179 3388 3229 εἰσὶν
3448 3179 3496 3230 ot
3538 3176 3629 3231 διὰ
3675 3182 3775 3248 τῆς

2200 3265 2439 3334 σπουδῆς
2472 3265 2636 3318 αὑτοῦ
2663 3268 2955 3338 κτηθέντες
2979 3269 3113 3339 (60),
3145 3268 3220 3334 ὡς
3250 3270 3488 3340 εἴρηται,
3517 3271 3609 3323 καὶ
3642 3288 3778 3338 καρ-

2199 3356 2606 3426 ποφορηθέντες
2648 3357 2790 3428 Θεῷ.

2270 3449 2427 3516 Ἔφη
2453 3477 2524 3489 -
2544 3451 2923 3518 καταστήσω.
2954 3452 3172 3504 Πολλῶν
3192 3452 3429 3523 χαρίτων
3454 3469 3514 3505 σε
3534 3453 3775 3520 ἀξιώσω,

2194 3537 2412 3592 πολλῶν
2441 3541 2662 3608 ἀγαθῶν
2697 3559 2777 3594 σοι
2811 3540 3132 3612 μεταδώσω.

2263 3632 2524 3686 Εἷσελθε
2582 3662 2650 3673 -
2715 3652 2856 3689 σου.
2917 3635 3033 3707 Τὴν
3092 3635 3313 3690 ἅπασαν
3393 3639 3780 3709 μακαριότητα

2196 3722 2288 3775 διὰ
2315 3725 2409 3776 τοῦ
2441 3725 2706 3795 ὀνόματος
2736 3727 2835 3796 τῆς
2867 3729 3044 3798 χαρᾶς
3075 3727 3336 3798 ἐδήλωσε.

2267 3815 2633 3882 Προσελθὼν
2654 3847 2722 3856 —
2745 3832 2882 3871 σου.
2910 3820 2971 3870 Et
2996 3820 3089 3872 καὶ
3105 3820 3335 3889 διάφορα
3353 3821 3420 3874 τά
3437 3826 3775 3896 χαρίσματα,

2197 3909 2310 3964 ἀλλ’
2339 3911 2428 3979 ίση
2456 3913 2487 3981 ή
2518 3913 2674 3982 τιμή,
2704 3912 2837 3966 δ.ὁτι
2863 3913 2957 3966 καὶ
2991 3915 3078 3983 ἴση
3107 3915 3317 3980 τούτοις
3345 3919 3376 3988 ή
3409 3922 3609 3991 σπουδή
3637 3923 3775 3992 (6f).

2197 4002 2310 4055 Καὶ
2339 4003 2447 4073 γὰρ
2503 4006 2763 4073 ἑκάτερος
2820 4006 2889 4060 τὰ
2929 4007 3188 4078 δεδομένα
3241 4009 3644 4068 ἐδιπλασίασεν.
3707 4019 3776 4070 Ἢ

2197 4098 2291 4149 καὶ
2345 4097 2549 4166 ἑτέρως
2583 4094 2737 4151 εἶπεν
2765 4113 2779 4127 ⁶
2824 4099 3057 4171 Ἐπίσης
3111 4102 3212 4171 μὲν
3240 4104 3625 4172 ἐπαινοῦνται,
3685 4111 3781 4164 καὶ

2196 4189 2392 4259 ἐπίσης
2419 4190 2750 4256 εἰσάγονταιο
2789 4191 3066 4263 διαφόρων
3090 4195 3145 4248 δὲ
3171 4195 3278 4249 τῶν
3304 4198 3547 4267 ἀμοιόῶν
3568 4201 3781 4265 ἀξιούν-

2195 4298 2284 4334 ται
2321 4281 2442 4334 κατ“
2477 4282 2770 4351 ἀναλογίαν
2799 4286 2906 4338 τῶν
2935 4287 3434 4358 ἐπικερδηθέντων.

586 4529 740 4584 Vers.
775 4530 866 4583 ‘24.
893 4531 1151 4583 Accedens
1174 4558 1246 4570 —
1276 4529 1428 4584 Vers.
1458 4530 1550 4585 25.
1592 4532 1734 4602 quod
1807 4543 1955 4586 tuum
1988 4543 2084 4586 est.

2265 4543 2633 4610 Προσελθὼν
2685 4573 2757 4584 -
2813 4547 2882 4597 τὸ
2937 4550 3074 4602 σόν.
3133 4550 3428 4617 Σκληρός,
3484 4553 3610 4605 ἀντὶ
3658 4556 3777 4622 τοῦ,

528 4626 727 4684 Durus.
753 4626 854 4680 hoc
887 4634 971 4678 est
1000 4634 1276 4680 austerus.
1313 4623 1546 4678 Putabat
1579 4627 1727 4681 enim
1784 4627 1928 4695 quod
1977 4628 2090 4682 sola

517 4719 548 4772 d
577 4719 790 4787 ligentia
819 4733 1008 4772 eorum
1029 4717 1118 4786 qui
1146 4717 1581 4788 negotiabantur,
1615 4719 1733 4773 sine
1750 4719 1840 4773 Dei
1867 4720 2091 4782 auxilio,

517 4825 680 4862 oume
707 4810 918 4862 lui-rum
953 4808 1218 4864 efﬁceret.
1253 4808 1403 4864 Hanc
1436 4821 1618 4865 autem
1677 4815 2090 4881 responsionem

516 4898 725 4954 elliznit
761 4900 1033 4970 parabola,
1063 4900 1247 4955 volens
1272 4901 1562 4958 ostendere
1591 4904 1734 4973 quod
1763 4906 1899 4959 tales
1945 4905 2082 4960 nihil

589 5039 634 5071 '"
670 5039 861 5094 Matth.
891 5057 1001 5107 XXI,
1033 5042 1124 5097 35.

2199 4634 2501 4705 αὐστηρός.
2545 4637 2703 4705 ’ῼετο
2741 4639 2849 4705 γὰρ
2876 4638 2958 4690 ὃτι
2991 4641 3125 4710 μόνη
3160 4643 3191 4712 η
3238 4642 3443 4712 σπουδὴ
3471 4644 3580 4696 τῶν
3608 4647 3780 4715 ἐμπο-

2201 4729 2510 4798 ρευομένων
2565 4729 2693 4782 ἄνευ
2741 4731 2841 4800 τῆς
2903 4733 2968 4784 ἐκ
3017 4733 3153 4786 Θεοῦ
3215 4736 3466 4806 βοηθείας
3520 4742 3781 4810 κατορθοῖ

2199 4817 2261 4869 τὸ
2288 4818 2417 4870 πᾶν.
2438 4817 2656 4888 Ταύτην
2679 4818 2734 4871 δὲ
2765 4821 2864 4892 τὴν
2891 4822 3190 4877 ἀπολογίαν
3218 4829 3586 4898 ἐσχημάτισεν
3613 4833 3644 4901 ἡ
3676 4850 3779 4885 πα-

2203 4909 2430 4981 ραϐολὴ,
2468 4911 2641 4975 δεῖξαι
2685 4910 2985 4985 βουλομένη
3029 4923 3110 4971 in...
3143 4920 3188 4971 ei
3219 4920 3450 4974 τοιοῦτοι
3479 4923 3629 4976 οὐδὲν
3689 4924 3778 4976 εὖ·

1696 5113 1895 5176 Varite
1931 5115 2236 5180 lectiones
2277 5125 2338 5180 et
2390 5127 2580 5183 notae.

597 5278 709 5348 (δι’.)
743 5277 883 5339 Τῶν,
916 5277 1117 5332 omittit
1150 5277 1210 5331 Β.

597 5351 709 5420 (56)
759 5349 1002 5412 Ἐαυτοίς
1027 5359 1120 5402 aut
1143 5350 1325 5411 αὐτοῖς
1350 5347 1660 5418 legendum,
1692 5350 1768 5402 uti
1799 5349 2096 5406 llentenius

523 5421 686 5473 etiam
715 5421 963 5473 reddidit.

623 5493 710 5559 57)
749 5490 871 5542 ιΙωο
892 5499 1116 5559 uterque
1148 5491 1318 5544 codex
1351 5489 1402 5542 in
1437 5489 1680 5559 margine
1709 5490 1949 5545 exhibet.

598 5563 714 5633 (58)
754 5560 944 5622 Τοῦτο,
972 5561 1267 5629 interponit
1293 5562 1361 5615 Α.

607 5714 679 5783 (q)
749 5715 1162 5785 Proﬁciacuntur
1220 5716 1308 5769 ad.
1355 5716 1678 5780 Lucrantur,
1731 5730 1854 5770 cum
1924 5715 2100 5770 fructu

531 5799 741 5839 (Illam.

602 5857 672 5926 (r)
697 5857 936 5927 chuiem
955 5867 1001 5911 et
1027 5857 1423 5913 beatitudinem.
1449 5859 1674 5912 ‘Jnmcm
1716 5858 2086 5914 bcatudincm.

2281 5285 2392 5354 (59)
2421 5287 2618 5350 Αὑτοῦ,
2647 5289 2797 5344 addit
2835 5291 2899 5354 Α.

2277 5359 2391 5424 (60)
2424 5359 2768 5426 Κτησθέντες
2794 5363 2857 5414 Α.
2938 5371 2954 5390 ⁵

2277 5428 2590 5507 (tip‘Tznij,
2625 5445 2722 5499 pro
2739 5432 2955 5507 σπουδή
3000 5435 3064 5507 ᾼ.
3108 5433 3376 5507 Deinceps
3411 5437 3607 5505 rcpctit
3637 5453 3774 5507 quo-

2203 5511 2312 5564 qm:
2341 5497 2477 5550 διότι
2496 5497 2562 5553 ad
2593 5497 2820 5572 σπουδή.
2855 5497 2992 5574 Ergo
3012 5504 3095 5559 bis
3125 5506 3267 5561 idem
3297 5497 3538 5578 scripsit.

2217 5718 2375 5842 Fotrte
2405 5738 2511 5793 pro,
2540 5723 2755 5779 ἃπασαν
2805 5726 2932 5797 legit
2962 5725 3270 5782 ἀνάπαυσιν
3315 5739 3406 5783 aut
3460 5730 3774 5784 ἀνάπαυλαν

2217 5809 2276 5842 κα
2309 5833 2320 5842 .

2210 5808 2320 5847 και.
