4020 6494
275 393 380 454 637

1127 399 1518 463 COMMENT.
1563 403 1644 461 ΙΝ
1690 405 2162 468 ll-IATTill-IUM.
2207 435 2272 445 -
2314 409 2474 469 CAP.
2509 411 2688 470 XXV.
3438 413 3544 475 638

276 511 438 568 λογον
485 503 934 575 ἀπολογήσασθαι
965 506 1386 580 δυνηθήσονται,
1418 513 1510 566 καὶ
1547 514 1628 566 ὅτι
1667 513 1765 566 ὅσα
1797 515 1841 568 ἂε

1967 518 2284 574 rationabile
2321 525 2652 590 respondere
2677 530 2972 592 poterunt:
3009 523 3229 593 etquod
3266 539 3548 593 quascum-

273 597 755 663 ἀπολογήσωνται,
806 600 930 651 κατ’
964 600 1144 653 αὐτῶν
1185 604 1363 656 πάντα
1411 608 1858 676 περιτραπήσονο

273 705 388 740 ται.
425 689 533 740 Καὶ
567 690 732 743 ἄκουε
766 690 874 742 τῶν
905 691 1053 760 ἑξῆς.

353 777 716 843 Ἀποκριθεὶς
769 809 838 817 —
887 782 1061 844 τόκῳ.
1148 784 1260 854 Οὐχ
1321 785 1397 847 ὡς
1452 786 1858 856 ἀληθεύσαντος

272 861 507 928 ἐκείνου,
538 865 712 920 ταῦτα
743 863 895 919 εἶπεν
925 872 952 921 ό
980 871 1204 940 Κύριος·
1239 874 1391 926 οὐδὲν
1421 875 1526 946 γὰρ
1557 877 1855 948 κατορθοῦ-

270 971 362 1008 ται
394 958 563 1026 χωρὶς
595 958 783 1010 αὐτοῦ·
813 961 929 1012 ἀλλ’
958 962 1294 1028 ὑποθετικῶς
1317 966 1408 1018 τὸν
1434 967 1589 1033 λόγον
1615 970 1856 1038 προήγα-

271 1062 390 1112 γεν,
415 1049 496 1100 δτι
520 1048 578 1100 El
605 1049 700 1102 καὶ
724 1051 962 1114 τοιοῦτος
982 1054 1152 1124 ἥμην,
1176 1057 1312 1126 ὅπερ
1339 1060 1439 1111 οὐκ
1459 1059 1679 1128 ἀληθὲς,
1704 1062 1854 1130 ὅμως

269 1137 392 1188 ἐπεὶ
427 1139 666 1193 τοιοῦτόν
720 1159 786 1210 με
821 1143 1141 1210 ἐγίνωσκες,
1175 1147 1262 1200 διὰ
1311 1149 1468 1203 τοῦτο
1509 1152 1710 1219 μᾶλλον
1745 1154 1853 1206 ἔδει

271 1248 330 1283 σε
363 1234 694 1287 καταϐαλεῖν
718 1237 776 1288 τὸ
801 1237 1049 1308 χάρισμά
1081 1258 1182 1307 μου
1215 1245 1327 1305 τοῖς
1353 1242 1521 1299 εἰδόσι
1547 1245 1852 1317 διακρίνειν

271 1326 329 1377 τὸ
360 1326 525 1377 καλὸν
561 1327 669 1378 ἀπὸ
701 1328 793 1380 τοῦ
827 1330 1019 1382 κακοῦ.
1060 1331 1298 1394 Τούτους
1325 1336 1434 1402 γὰρ
1463 1335 1610 1403 λέγει
1642 1352 1850 1408 τραπε-

269 1417 444 1481 ζίτας.
491 1417 638 1470 Ἔδει
673 1437 730 1471 σε
763 1421 1009 1487 διδάξαι,
1043 1425 1386 1493 νουθετῆσαι,
1423 1429 1847 1498 συμϐουλεῦσαι,

267 1513 377 1562 πᾶν
429 1511 488 1562 τδ
538 1511 628 1563 σὺν
661 1515 907 1581 ποιῆσαι,
936 1515 995 1566 τὸ
1043 1516 1098 1567 δὲ
1129 1517 1316 1571 λοιπὸν
1361 1520 1486 1588 ἐμοὶ
1536 1524 1844 1594 ἐπιτρέψαι,

265 1597 411 1668 λέγω
441 1599 504 1671 δὴ
531 1603 628 1671 τὴν
671 1604 989 1674 ἀπαέτησιν.
1045 1605 1192 1660 Ἔδει
1257 1626 1315 1661 σε
1351 1610 1412 1662 τὸ
1459 1612 1850 1685 εὐχερέστερον

265 1693 405 1754 τέως
435 1694 862 1758 διαπράξασθαι·
895 1697 964 1747 τὰ
986 1697 1040 1750 δὲ
1075 1697 1502 1772 δυσχερέστερον
1530 1706 1656 1774 ἐμοὶ
1681 1723 1849 1759 κατα-

264 1783 465 1836 λιπεῖν.
522 1784 744 1836 Δάνειον
779 1787 876 1852 μὲν
909 1787 1000 1840 οὖν
1031 1793 1061 1858 ἡ
1100 1791 1444 1847 διδασκαλία’
1475 1796 1633 1858 τόκος
1663 1798 1718 1850 δὲ
1751 1799 1845 1852 τοῦ

263 1877 507 1930 τοιούτου
561 1877 773 1930 δανείου
804 1882 834 1948 ἡ
864 1881 1150 1952 προσθήκη
1177 1884 1282 1938 τῶν
1308 1887 1553 1946 ἀρετῶν·
1605 1890 1766 1943 τόκον
1791 1893 1846 1946 δὲ

261 1969 359 2038 τὴν
390 1970 738 2041 ὲπικέρδειαν
762 1972 950 2036 ἁπλῶς
991 1973 1266 2045 ὠνόμασε,
1311 1983 1378 2049 τῇ
1412 1981 1671 2054 συνηθείᾳ
1711 2003 1847 2055 χρη-

266 2062 527 2130 σάμενος.

334 2155 553 2222 Ἀρατε
604 2184 674 2196 -
721 2157 823 2210 ἀπ’
872 2159 1080 2214 αὐτοῦ.
1144 2161 1429 2218 Ἐκέλευσε
1489 2169 1845 2237 γυμνυωῆναι

259 2246 423 2298 αὑτὸν
468 2245 560 2300 τοῦ
597 2247 976 2304 διδασκαλικοῦ
1016 2252 1350 2323 ἀξιώματοςο
1382 2257 1542 2311 τοῦτο
1579 2261 1686 2332 γὰρ
1720 2261 1843 2315 εἷπε

260 2338 538 2392 τάλαντον·
571 2339 665 2393 καὶ
693 2343 790 2410 τὴν
820 2345 984 2414 τιμὴν
1011 2345 1214 2414 ταύτην
1237 2349 1316 2412 εἷς
1349 2351 1667 2422 προσθήκην
1689 2355 1847 2426 δοθῆ-

260 2448 346 2482 ναι
376 2430 453 2498 τῷ
483 2431 661 2500 ἔχοντι
684 2433 747 2485 τὰ
781 2432 912 2486 δέκα
940 2435 1199 2490 τάλαντα.
1235 2439 1402 2491 Παντὶ
1424 2443 1533 2510 γὰρ
1559 2443 1636 2511 τῷ
1667 2443 1843 2512 ἔχοντι

261 2524 500 2592 σπουδήν
535 2541 593 2576 τε
625 2525 721 2577 καὶ
756 2527 1074 2595 ἐπιμέλειαν
1129 2530 1417 2600 δοθήσεται
1449 2533 1584 2605 τιμὴ
1613 2538 1706 2588 καὶ
1743 2555 1845 2590 πε-

261 2613 553 2684 ρισσοτέρα
616 2619 714 2685 τῆς
779 2618 1180 2690 ἐπιϐαλλούσης
1240 2624 1411 2693 αὐτῷ·
1478 2627 1586 2679 ἀπὸ
1638 2629 1694 2681 δὲ
1747 2629 1840 2682 τοῦ

265 2706 338 2775 μὴ
383 2706 598 2776 ἔχοντος
646 2709 903 2779 σπουδὴν,
951 2713 1026 2774 ὡς
1069 2713 1308 2784 εἴρηται,
1364 2719 1454 2770 καὶ
1495 2720 1838 2790 ἐπιμέλειαν,

256 2801 353 2851 καὶ
384 2798 413 2850 δ
445 2799 953 2869 ἐχειδιδασκαλικὺν
986 2805 1224 2875 ἀξίωμα,
1261 2809 1717 2882 ἀφαιρεθήσεται,
1753 2812 1841 2869 οἷα

265 2894 342 2964 μὴ
372 2892 722 2962 χρησαμένου
745 2896 916 2966 αὐτῷ.

333 2986 443 3039 Καὶ
485 2987 592 3040 τὸν
618 2987 860 3055 ἀχρεῖον
889 2988 1115 3044 δοῦλον
1144 3023 1213 3034 --
1251 2995 1535 3052 ὀδόντων.
1571 2998 1644 3051 Οὐ
1681 3001 1840 3069 μέχρι

257 3079 357 3148 τῆς
416 3080 764 3149 ἀφαιρέσεως
825 3081 1023 3154 ἔστησε
1097 3085 1197 3156 τὴν
1261 3088 1487 3157 ζημίαν,
1551 3092 1686 3146 ἀλλὰ
1744 3097 1841 3149 καὶ

1966 624 2069 676 que
2098 612 2511 679 respondebunt
2539 624 2726 667 contra
2754 613 2963 681 seipsos
2996 615 3178 668 omnia
3218 627 3544 669 converten-

1963 710 2070 754 tur.
2116 703 2250 754 Audi
2289 718 2415 772 ergo
2443 720 2562 772 qua:
2608 712 2940 770 sequuntur.

2029 795 2288 848 Vers.26.
2313 794 2643 860 Respondens
2663 825 2728 836 --
2749 797 2908 850 Vers.
2935 796 3022 850 27.
3067 812 3253 849 usura.
3281 794 3396 848 Non
3418 812 3552 864 qua-

1958 884 2001 938 si
2035 884 2122 937 ille
2154 901 2276 938 vera
2309 885 2504 939 dixerit
2527 887 2640 942 hmo
2665 889 2736 940 ait
2759 888 3050 953 Dominus;
3071 886 3205 940 nihil
3228 885 3374 940 enim
3406 896 3551 939 recte

1957 978 2157 1031 litsine
2190 978 2329 1047 ipso;
2356 981 2451 1034 sed
2485 982 2770 1049 supposito
2842 995 3096 1034 sermone
3153 979 3419 1046 procedit,
3486 994 3551 1031 ac

1958 1070 2003 1123 si
2037 1071 2284 1124 diceret:
2316 1071 2371 1123 Si
2412 1073 2576 1124 etiam
2618 1071 2740 1124 talis
2774 1086 2976 1133 essem,
3005 1070 3150 1139 quod
3179 1085 3367 1122 verum
3433 1084 3544 1121 non

1956 1170 2059 1224 est,
2093 1171 2272 1214 tamen
2293 1163 2416 1230 quia
2447 1163 2606 1217 talem
2635 1179 2722 1215 mc
2740 1177 2995 1223 noveras,
3029 1163 3150 1215 ideo
3183 1161 3353 1229 magis
3382 1175 3545 1228 opor-

1958 1251 2105 1305 tebat
2138 1261 2190 1306 te
2217 1253 2540 1321 exposuisse
2572 1253 2775 1306 donum
2809 1268 3012 1314 meum,
3049 1252 3136 1304 his
3175 1251 3267 1320 qui
3317 1263 3544 1304 nossent

1954 1339 2158 1393 bonum
2193 1355 2222 1393 a
2260 1355 2428 1408 pravo
2447 1340 2781 1408 diiudicare:
2830 1340 2928 1392 hos
2959 1337 3103 1391 enim
3129 1336 3365 1406 appellat
3390 1353 3544 1390 meu-

1954 1433 2160 1484 sarios:
2201 1433 2441 1500 Oportuit
2469 1442 2519 1484 te
2558 1431 2832 1491 docuisse,
2893 1428 3262 1489 admonuisse,
3336 1427 3539 1479 consul

1953 1518 2140 1584 luisse,
2176 1521 2437 1588 quidquid
2473 1521 2523 1573 in
2551 1529 2601 1573 te
2625 1530 2741 1572 erat
2775 1519 2990 1581 fecisse,
3062 1517 3330 1585 reliquum
3361 1526 3542 1569 autem

1952 1612 2086 1664 mihi
2122 1614 2491 1680 permississe.
2529 1612 2650 1666 dico
2680 1626 2811 1665 sane
2837 1609 3219 1673 repetitionem
3255 1627 3269 1661 :
3298 1614 3543 1676 oportuit

1953 1713 2005 1756 te
2038 1705 2184 1773 quod
2213 1705 2424 1759 facilius
2463 1713 2544 1759 est
2576 1705 2782 1758 interea
2816 1702 3130 1772 perfecisse,
3184 1701 3326 1769 quod
3361 1709 3542 1751 autem

1951 1796 2224 1852 dimeilius
2256 1809 2338 1852 est
2368 1799 2500 1852 mihi
2551 1797 2857 1866 reliquisse.
2914 1795 3010 1849 Ais
3063 1795 3244 1864 itaque
3278 1794 3541 1852 alienum,

1952 1893 2198 1949 doctrina
2219 1904 2302 1946 est
2320 1910 2332 1944 :
2351 1907 2513 1945 usura
2549 1905 2678 1943 vero
2706 1890 2828 1942 talis
2851 1891 2994 1948 aeris,
3030 1886 3234 1938 additio
3253 1889 3537 1938 virtututr.

1953 1987 2186 2043 Usuram
2245 1987 2456 2040 vocavit
2513 1983 2838 2052 simpliciter
2891 1995 3051 2033 omne
3107 1980 3342 2042 lucrum,
3388 1993 3540 2031 more

1952 2079 2228 2135 communi
2258 2089 2436 2131 utens.

2024 2175 2175 2227 Vers.
2207 2171 2296 2226 ‘28.
2329 2170 2512 2224 Tollite
2535 2202 2599 2211 —
2623 2170 2778 2226 Vcrs.
2809 2171 2897 2227 29.
2943 2171 3008 2222 ab
3041 2187 3121 2222 eo.
3189 2167 3362 2222 Jussit
3410 2182 3535 2220 eum

1951 2267 2145 2322 nudari
2177 2268 2439 2322 doctriuze
2469 2266 2655 2331 dono;
2716 2267 2818 2320 hoc
2859 2267 3001 2320 enim
3039 2265 3177 2319 dixit
3233 2265 3536 2328 talentum;

1952 2369 2010 2414 et
2047 2361 2312 2414 honorem
2349 2357 2492 2410 hunc
2537 2358 2592 2409 in
2639 2357 2972 2410 additionem
3012 2357 3125 2408 dari
3159 2357 3206 2408 ei
3239 2357 3331 2424 qui
3370 2358 3536 2409 habe-

1951 2452 2042 2506 bat
2091 2453 2283 2504 decem
2317 2450 2521 2502 talenta
2553 2465 2566 2511 ;
2617 2449 2765 2501 omni
2803 2449 2948 2502 enim
2981 2449 3072 2515 qui
3109 2447 3446 2517 diligentiam
3481 2458 3538 2501 et

1949 2557 2134 2596 curam
2162 2541 2342 2603 habet,
2399 2539 2620 2592 dabitur
2651 2539 2848 2595 honor.
2876 2539 3038 2591 etiam
3087 2554 3249 2608 supra
3282 2554 3408 2591 eum
3442 2539 3534 2602 qui

1947 2633 2048 2703 ipsi
2090 2632 2338 2701 adjectus
2376 2639 2494 2685 erat
2529 2647 2544 2696 ;
2589 2631 2656 2684 ab
2687 2645 2752 2684 eo
2777 2645 2906 2684 vero
2930 2631 3023 2698 qui
3049 2630 3388 2699 diligentiam
3424 2647 3533 2684 non

1948 2724 2136 2786 habet,
2195 2732 2256 2777 ut
2316 2723 2523 2777 dictum
2584 2731 2713 2788 est,-
2751 2737 2931 2791 neque
2987 2737 3195 2786 curam,
3253 2721 3534 2776 auferetur

1945 2817 2108 2873 etiam
2159 2815 2213 2869 id
2248 2817 2393 2884 quod
2428 2815 2589 2867 habet
2623 2815 2884 2869 doctrina:
2919 2814 3146 2878 donum,
3177 2824 3437 2882 tanquam
3464 2816 3531 2868 ab

1944 2925 2010 2964 co
2041 2908 2132 2964 cui
2163 2907 2294 2961 nulli
2320 2916 2405 2961 est
2443 2908 2586 2960 usui.

2014 3001 2171 3057 Vers.
2209 3001 2296 3054 30.
2354 2998 2574 3053 Servum
2626 3016 2825 3069 quoque
2876 2997 3117 3052 inutilem
3158 3028 3227 3037 —
3273 2998 3529 3050 dentium.

1944 3093 2062 3149 Non
2099 3095 2155 3149 in
2187 3094 2465 3148 ablatione
2499 3094 2658 3148 tinem
2692 3109 2865 3164 poma:
2897 3093 3100 3162 posuit,
3150 3091 3245 3146 scd
3288 3092 3340 3144 in
3401 3106 3532 3160 sup-

258 3173 339 3236 εῑς
373 3173 649 3242 ἀφόρητον
685 3175 981 3246 ἀπέπεμψε
1025 3179 1269 3244 κόλασιν,
1310 3184 1531 3253 ἀχρεῖον
1561 3186 1725 3240 αὑτὸν
1757 3190 1838 3240 ει-

1959 3189 2171 3257 plicium
2237 3201 2456 3256 quoque
2521 3185 2860 3239 intolerabile
2916 3185 3211 3255 ablegavit.
3275 3181 3528 3237 luutilem

257 3261 400 3328 πὼν,
422 3261 497 3324 ὡς
525 3263 794 3333 ἄχρηστον
824 3267 917 3318 καὶ
947 3267 1199 3337 ὀκνηρόν.
1230 3271 1375 3341 Ὅρα
1405 3275 1639 3344 πρᾶγμα
1671 3276 1834 3345 φοϐε-

258 3354 370 3423 ρόν.
409 3353 711 3417 Κολάζεται
747 3357 871 3426 γὰρ,
917 3358 1012 3425 οὐχ
1044 3360 1125 3412 ὅτι
1159 3359 1363 3430 ἔπραξε
1400 3365 1566 3428 κακὰ,
1602 3344 1721 3420 ἀλλ’
1754 3344 1837 3423 δτι

253 3445 355 3497 οὐκ
382 3445 856 3514 ἕπραξεν’ἀγαθά.
913 3449 1244 3505 Ἕκκλινον
1300 3454 1432 3524 γὰρ,
1489 3463 1678 3529 φησιν,
1714 3461 1833 3513 ἀπὸ

255 3534 468 3597 κακοῦ,
526 3535 622 3588 καὶ
682 3537 946 3602 ποίησον
1010 3541 1251 3608 ἀγαθόν.
1332 3545 1394 3598 Ἡ
1454 3549 1636 3614 μέντοι
1687 3549 1839 3602 κατὰ

253 3627 316 3680 τὸ
365 3628 660 3697 ἑξηκοστὸν
719 3630 947 3700 ἕϐδομον
1009 3634 1304 3701 κεφάλαιον
1366 3637 1462 3690 τοῦ
1511 3640 1696 3694 Λουκᾶ
1730 3644 1838 3696 τῶν

253 3720 388 3774 δέκα
443 3722 591 3790 μνῶν
647 3724 932 3794 παραϐολὴ
977 3726 1141 3795 ἑτέρα
1189 3730 1341 3800 παρὰ
1395 3731 1601 3802 ταύτην
1663 3737 1836 3800 ἐστὶν,

253 3816 302 3867 εἰ
329 3815 425 3867 καὶ
452 3819 518 3868 τὰ
548 3814 715 3869 πολλὰ
745 3817 942 3870 ἔοικεν.
985 3819 1074 3869 Ἐν
1103 3819 1288 3892 ἐκείνῃ
1317 3824 1424 3892 γὰρ
1457 3825 1514 3876 αἱ
1537 3824 1712 3889 δόσεις
1737 3831 1837 3898 μὲν

255 3908 390 3970 ἴσαι,
432 3907 498 3960 τὰ
530 3908 695 3978 κέρδη
726 3909 780 3962 δὲ
807 3911 966 3963 ἄνισα
989 3913 1081 3964 καὶ
1113 3912 1168 3963 αἱ
1200 3915 1379 3982 τιμαί.

328 3999 496 4072 [Διότι
531 3999 641 4072 (62)
671 3999 808 4070 αὕτη
848 4002 947 4070 μὲν
980 4003 1105 4073 περὶ
1132 4004 1407 4075 διαφόρων
1437 4007 1837 4065 διδασκαλικῶν

253 4091 614 4161 χαρισμάτων
677 4089 1060 4161 διαλαμϐάνει,
1125 4093 1202 4164 μὴ
1267 4095 1560 4165 διδομένων
1617 4099 1833 4171 ἐπίσης·

253 4182 434 4251 ἐκείνη
471 4181 527 4233 δὲ
560 4183 688 4251 περὶ
719 4183 992 4253 διαφόρων
1025 4185 1316 4255 διδομένων
1342 4187 1587 4262 ἐπίσης.]

324 4295 481 4349 ΚΕΦ.
517 4295 638 4350 ΞΑν.
681 4297 820 4364 Περὶ
867 4297 976 4366 τῆς
1022 4299 1321 4366 ἐλεύσεως
1389 4301 1496 4357 τοῦ
1551 4306 1834 4369 Χριστοῦ.

329 4387 514 4440 Ὅταν
537 4416 604 4424 -
632 4389 840 4447 αὐτοῦ.
871 4390 1071 4443 Λοιπὸν
1096 4391 1365 4462 διηγεῖται
1395 4397 1490 4448 καὶ
1510 4397 1578 4450 τὰ
1599 4399 1698 4467 τῆς
1711 4399 1836 4452 δευ-

249 4479 417 4549 τέρας
475 4481 774 4551 παρουσίας
823 4482 984 4536 αὑτοῦ
1019 4485 1155 4555 πρδς
1180 4487 1344 4554 φόϐον
1401 4491 1495 4542 καὶ
1546 4491 1834 4561 διόρθωσιν

250 4574 359 4627 τῶν
377 4575 766 4644 ἀκροωμένων.
784 4577 950 4641 Δόξαν
968 4579 1023 4630 δὲ
1041 4580 1205 4632 αὐτοῦ
1228 4581 1376 4649 λέγει
1398 4583 1496 4652 τὴν
1533 4585 1834 4656 θεοπρεπε-

252 4665 478 4734 στὰτην.
517 4665 579 4717 'H
612 4668 806 4736 πρώτη
838 4669 945 4737 γὰρ
972 4669 1138 4721 αὐτοῦ
1163 4670 1374 4735 ἐλευσις
1421 4674 1477 4726 ὲν
1524 4674 1712 4745 ἀδοξία
1738 4677 1834 4744 γέ-

249 4775 396 4826 γονε.
435 4759 662 4811 Καθίσει
694 4759 776 4822 δὲ,
811 4759 889 4822 ὡς
947 4763 1159 4831 κριτήςο
1202 4762 1390 4834 θρόνος
1424 4764 1481 4818 δὲ
1507 4766 1663 4836 δόξης
1694 4769 1721 4820 ὁ
1750 4768 1836 4820 ἐν-

248 4851 420 4918 δοξος,
452 4852 481 4904 ὁ
521 4850 824 4920 βασιλικός.

321 5039 429 5092 Kal
475 5069 544 5076 —
586 5038 752 5104 ἔθνη.
827 5039 1163 5092 Ἀναστάντα
1230 5041 1430 5112 δηλαδὴ
1486 5043 1549 5096 ἐκ
1596 5046 1826 5116 νεκρῶν.

250 5126 556 5202 Προείρηκε
611 5132 720 5200 γὰρ
797 5131 1071 5204 διαφόρως
1145 5133 1278 5204 περὶ
1317 5139 1416 5206 τῆς
1478 5139 1834 5204 ἀναστάσεως

247 5221 412 5275 αὑτοῦ
436 5221 665 5291 (65-68).

317 5316 426 5369 Καὶ
463 5345 535 5354 -
569 5314 805 5382 ἐρίφων.
840 5313 954 5368 Νῦν
982 5316 1081 5386 μὲν
1105 5317 1212 5388 γὰρ
1241 5319 1445 5390 ἀναμίξ
1468 5322 1575 5374 εισι
1600 5323 1824 5386 πάντεςο

320 5489 364 5522 ⁷⁸
399 5489 544 5544 Psal.
591 5504 783 5557 χχχιιι,
813 5490 903 5547 15.
982 5491 1025 5524 ⁷⁷
1055 5490 1190 5552 Luc.
1225 5511 1339 5560 xu,
1369 5496 1457 5550 15.

1944 3290 2126 3334 autem
2161 3279 2298 3333 dixit
2323 3281 2560 3349 pigrum,
2628 3287 2684 3332 et
2719 3277 2923 3330 nullius
2948 3278 3107 3331 bona:
3148 3277 3339 3346 frugis.
3399 3277 3531 3328 Vide

1942 3388 2072 3441 ergo
2105 3388 2222 3426 rem
2259 3372 2618 3425 tremendam.
2657 3368 2890 3423 Punitur
2914 3369 3179 3438 siquidem
3219 3384 3328 3422 non
3383 3368 3529 3437 quod

1942 3466 2083 3520 mala
2127 3463 2340 3528 fecerit,
2396 3463 2489 3517 sed
2521 3464 2664 3532 quod
2704 3463 2844 3516 bona
2887 3479 2995 3516 non
3036 3462 3263 3514 l‘eccrit:
3309 3460 3528 3513 Declina

1941 3559 2112 3621 enim,
2147 3557 2344 3626 inquit,
2371 3573 2401 3608 a
2434 3554 2572 3607 malo
2599 3563 2646 3607 et
2674 3555 2756 3622 fac
2788 3553 2980 3606 bonum
3001 3554 3062 3605 ⁷⁸.
3094 3550 3183 3605 Illa
3215 3565 3346 3605 vero
3373 3565 3530 3618 para-

1939 3652 2085 3715 bola,
2116 3667 2237 3720 qua:
2273 3648 2414 3718 apud
2439 3647 2639 3701 Lucam
2665 3647 2890 3716 ponitur
2920 3645 3260 3714 sexagesimo
3293 3643 3528 3712 septimo

1941 3742 2118 3810 capite
2159 3746 2224 3794 de
2259 3739 2448 3793 decem
2483 3737 2738 3800 minis",
2796 3737 2899 3789 alia
2927 3745 3013 3790 est
3063 3738 3131 3789 ab
3164 3737 3287 3800 ista,
3329 3734 3433 3788 etsi
3470 3735 3526 3786 in

1941 3834 2192 3904 pluribus
2228 3833 2297 3887 sit
2326 3830 2538 3886 similis.
2564 3830 2623 3884 ln
2659 3829 2745 3882 illa
2770 3829 2913 3883 enim
2946 3829 3068 3882 data
3095 3829 3311 3896 quidem
3346 3841 3529 3895 arqua-

1941 3926 2011 3980 lia
2055 3924 2276 3978 luerunt
2313 3940 2326 3976 :
2366 3923 2517 3977 lucra
2544 3935 2677 3974 vero
2709 3928 2763 3973 et
2792 3920 3033 3972 honores
3071 3917 3388 3985 inaequales.

2009 4016 2144 4071 Nam
2188 4017 2301 4070 haec
2328 4015 2398 4070 de
2414 4015 2646 4068 diversis
2661 4012 2923 4067 doctrinae
2951 4011 3138 4082 gratiis
3169 4025 3276 4064 nou
3309 4007 3530 4077 aequali-

1939 4117 2022 4164 ter
2069 4108 2208 4163 datis
2244 4107 2508 4162 dissetit:
2559 4106 2646 4158 illa
2677 4118 2808 4158 vero
2853 4103 2920 4158 de
2967 4101 3203 4156 diversis
3250 4099 3528 4170 aequaliter

1937 4202 2102 4258 datis.

2259 4312 2415 4367 CAP.
2446 4309 2585 4364 LXI.
2630 4311 2700 4363 De
2729 4307 2957 4361 adventu
2985 4306 3203 4359 Christi.

2011 4405 2165 4460 Vers.
2195 4405 2283 4458 51.
2315 4404 2446 4458 Cum
2478 4433 2552 4443 —
2577 4418 2707 4455 siue.
2742 4400 2940 4453 Narrat
2969 4399 3134 4452 etiam
3166 4395 3434 4463 deinceps
3460 4393 3526 4447 de

1939 4501 2185 4554 secundo
2224 4499 2460 4553 adventu
2494 4511 2616 4560 suo,
2651 4494 2715 4548 ad
2743 4504 3004 4546 terrorem
3043 4500 3097 4543 et
3127 4489 3524 4543 correctionem

1939 4592 2272 4646 auditorum.
2320 4590 2486 4644 Suam
2530 4597 2710 4641 autem
2766 4585 2992 4655 gloriam
3032 4583 3190 4644 dicit,
3234 4598 3355 4651 quae
3417 4581 3526 4634 Deo

1944 4681 2160 4751 propria
2195 4688 2298 4734 est.
2336 4679 2578 4733 Primum
2633 4678 2779 4731 enim
2805 4676 3074 4730 adventus
3108 4674 3226 4743 ejus
3259 4673 3526 4742 inglorius

1943 4773 2117 4827 lactus
2144 4781 2246 4825 est.
2279 4769 2503 4824 Sedebit
2531 4784 2682 4831 vero,
2717 4777 2972 4834 tanquam
2993 4765 3159 4835 judex
3195 4781 3208 4816 :
3251 4763 3410 4817 sedes
3432 4779 3526 4816 au-

1944 4871 2051 4917 tem
2091 4863 2209 4917 sive
2243 4862 2476 4915 thronus
2505 4860 2704 4915 dicitur
2739 4859 2942 4930 glorias,
3005 4858 3110 4912 hoc
3139 4866 3224 4911 est
3257 4857 3527 4927 gloriosus

1943 4966 1996 5011 et
2027 4956 2230 5026 regius.

2018 5044 2174 5100 Vers.
2218 5045 2306 5099 52.
2379 5044 2761 5115 Et—gentes.
2831 5040 3126 5111 Postquam
3180 5040 3439 5094 videlicet
3497 5056 3525 5093 a

1946 5135 2178 5189 mortuis
2209 5135 2650 5198 resurrexerint;
2684 5133 2936 5204 praedixit
2958 5134 3105 5188 enim
3134 5132 3370 5186 variisin
3393 5133 3527 5185 locis

1940 5229 2008 5282 de
2041 5228 2441 5282 resurrectione
2467 5242 2677 5282 earum.

2013 5317 2280 5376 γεγε.δή
2310 5319 2376 5374 Et
2395 5321 2652 5375 —haedia.
2682 5320 2838 5376 Nunc
2863 5322 3065 5377 etenim
3091 5321 3362 5377 commisti
3401 5331 3524 5377 sunt

1455 5681 1659 5745 Varite
1696 5681 2007 5746 lectiones
2041 5690 2098 5744 et
2138 5691 2325 5745 notae.

328 5850 437 5921 (62)
475 5850 689 5907 luctusa
723 5852 776 5906 in
811 5850 1052 5924 margine
1083 5850 1248 5909 habet
1277 5855 1340 5912 Α,

1953 5855 2043 5927 (65
2076 5856 2165 5926 68)
2187 5856 2579 5927 Corrigendum
2621 5855 2822 5925 αὐτῶν,
2843 5855 2983 5914 sicut
3004 5855 3168 5912 habet
3186 5855 3515 5912 llenteuius.
