4020 6488
469 419 575 478 639

1699 417 1742 477 E
1755 420 2011 478 UTIIYM
2025 417 2081 476 II
2153 414 2517 476 ZIGABENI

3625 411 3735 475 641)

470 547 663 587 omnes
694 548 709 586 :
747 542 876 588 tunc
906 550 1036 590 vero
1069 535 1358 604 diligenter
1389 535 1814 604 separabuntur.
1842 536 1917 591 De
1938 537 2068 591 solis

2188 535 2293 588 τότε
2328 535 2384 587 δὲ
2415 530 2660 602 ἀκριϐῶς
2708 527 3257 600 διαχωρισθήσονται.
3309 528 3443 594 Περὶ
3473 530 3579 582 τῶν
3609 531 3744 596 Χρι-

469 637 655 679 autem
690 626 1019 681 Christianis
1060 627 1301 695 loquitur
1329 626 1418 681 hic
1446 641 1651 695 sermo,
1709 629 1879 684 veluti
1921 627 2058 682 infe-

469 718 585 772 rius
614 719 1079 773 manifestabitur.

542 808 698 864 Vers.
728 812 815 865 35.
873 810 941 863 Et
979 837 1045 848 —
1077 810 1338 864 sinistris.
1394 809 1602 865 Ovibu's
1669 816 2062 878 comparantur

467 898 617 969 iusti,
650 908 869 968 propter
897 901 1404 966 mansuetudinem,
1450 901 1797 962 modestiam,
1826 915 1890 953 ac
1912 899 2062 953 fruc-

468 990 824 1044 tiﬁcationem
854 991 907 1044 in
939 991 1256 1056 virtutibus,
1291 993 1435 1046 sicut
1467 992 1644 1046 illaein
1675 991 1813 1046 lacte
1831 1001 1884 1046 et
1901 991 2061 1045 lana:

472 1080 652 1136 haedis
689 1081 1200 1152 vero’peceatores,
1261 1092 1486 1154 propter
1526 1083 1959 1150 inclementiam,
2007 1095 2063 1138 et

472 1174 895 1237 immodestiam,
927 1184 983 1229 et
1019 1175 1550 1230 infructuositatem.
1588 1175 1803 1230 Poteris
1844 1191 2062 1246 quoque

471 1266 686 1330 addeie,
705 1266 849 1334 quod
885 1268 1050 1320 etiam
1078 1278 1300 1336 propter
1323 1281 1540 1336 gravem
1566 1267 1778 1337 peccati
1809 1268 2059 1331 odorem,

473 1360 526 1405 et
552 1350 696 1420 quod
728 1368 837 1406 non
870 1362 1019 1408 recta
1063 1355 1402 1424 gradiantur,
1437 1356 1530 1410 sed
1556 1371 1584 1409 a
1617 1365 1763 1410 recto
1779 1357 2063 1411 discedant

473 1443 694 1507 itinere,
743 1444 1001 1512 quodque
1051 1446 1354 1515 praecipitia
1405 1446 1680 1501 incedant.
1716 1446 1917 1502 Verum
1971 1446 2061 1500 illa

472 1549 604 1589 sane
650 1535 928 1592 animalia.
963 1553 1025 1591 ea
1054 1553 1174 1607 quae
1206 1537 1412 1592 habent
1442 1555 1471 1593 a
1497 1549 1689 1594 natura
1743 1538 2058 1608 possident;

477 1626 615 1694 justi
651 1642 782 1680 vero
818 1635 872 1680 et
901 1637 1222 1697 peccatores
1263 1645 1291 1682 a
1321 1630 1625 1683 voluntate.
1683 1629 1810 1683 Ideo
1845 1644 2062 1698 quoque

476 1717 553 1770 illi
601 1717 966 1780 honorantur,
1000 1720 1085 1774 isti
1115 1729 1294 1773 autem
1321 1721 1642 1790 puniuntur.
1671 1722 1874 1776 Dividit
1898 1722 2061 1776 etiam

475 1819 571 1858 eos
601 1820 709 1861 non
741 1807 886 1874 quod
925 1807 1153 1862 testibus
1190 1819 1368 1879 egeat,
1396 1809 1511 1880 ipse
1535 1811 1683 1864 enim
1718 1811 1873 1866 testis
1905 1820 1988 1866 est
2010 1820 2064 1865 et

477 1896 668 1967 iudex.

552 1987 707 2041 Vers.
743 1988 831 2042 54.
889 1990 1116 2044 Tunc—
1146 1993 1346 2046 mundi.
1391 1991 1436 2047 Ο
1487 2002 1678 2047 vocem
1716 1987 2014 2063 optabilem
2053 2012 2066 2046 :

480 2096 513 2131 ο
563 2081 824 2134 honorem
869 2082 1232 2138 ineﬂ'abileml
1278 2087 1568 2150 Benedicti,
1611 2087 1821 2155 inquit,
1887 2086 2068 2141 Patris

484 2172 588 2224 mei
624 2187 641 2225 :
693 2173 922 2241 laudati,
957 2175 1141 2229 electi.
1189 2175 1305 2230 Non
1350 2177 1487 2231 dixit
1529 2187 1711 2232 autem
1750 2197 1762 2231 :
1802 2179 2069 2248 Accipite,

479 2264 598 2329 sed,
636 2264 922 2334 Possidete,
979 2277 1239 2335 tanquam
1292 2278 1603 2338 paternum,
1644 2280 1902 2340 tanquam
1972 2271 2070 2326 de-

482 2358 676 2419 bitum,
739 2367 994 2428 tanquam
1043 2368 1405 2428 praeparatum
1440 2362 1595 2416 vobis
1627 2365 2072 2419 aconstitutionc

482 2451 696 2507 mundi.
729 2450 1050 2520 Priusquam
1097 2453 1242 2506 enim
1274 2453 1524 2507 homines
1563 2453 1778 2519 tierent,
1821 2466 2070 2526 paratum

483 2553 600 2598 erat
640 2545 831 2614 justis,
873 2554 1243 2616 cognoscente
1299 2546 1407 2600 Deo
1460 2547 1607 2616 quod
1650 2546 1895 2603 futurum
1932 2559 2071 2604 erat.

487 2637 690 2691 Deinde
735 2638 864 2692 dicit
894 2649 947 2692 et
980 2653 1202 2693 causam
1264 2639 1399 2693 tanti
1434 2640 1689 2695 honoris.

560 2727 713 2785 Vers.
751 2731 838 2785 55.
869 2731 1083 2785 Esurivi
1105 2762 1173 2771 -
1195 2731 1348 2788 Vers.
1378 2719 1467 2786 ὅθί
1503 2733 1573 2786 ad
1606 2749 1704 2787 mc.
1734 2732 1868 2786 Hinc
1892 2734 2072 2789 mani-

490 2827 689 2879 festum
723 2835 827 2889 est,
861 2829 1007 2895 quod
1048 2828 1113 2881 ad
1145 2827 1292 2883 solos
1333 2827 1682 2884 Christianos
1718 2829 1882 2884 verba
1924 2831 2071 2897 facit,

489 2919 556 2970 ad
593 2933 733 2986 quos
803 2917 1080 2988 Evangelii
1119 2919 1203 2972 sui
1257 2931 1525 2989 pracepta
1559 2918 1701 2974 facta
1748 2929 1895 2976 sunt.
1939 2921 2074 2975 Nam

486 3009 553 3064 ad
591 3004 838 3064 infideles
868 3010 1052 3064 nullus
1090 3019 1217 3066 tunc
1249 3012 1354 3066 erit
1380 3013 1428 3066 ei
1463 3027 1676 3079 sermo;
1713 3028 1905 3068 omnes
1930 3013 2074 3066 enim

486 3101 650 3154 simul
681 3117 778 3168 per
819 3115 878 3155 se
905 3102 1259 3156 condemnati
1295 3113 1476 3158 erunt.
1544 3104 1670 3159 Ideo
1702 3105 1848 3159 enim
1902 3103 2033 3158 dicit
2061 3123 2072 3156 :

488 3193 607 3249 Non
638 3205 912 3265 rcsurgent
947 3197 1098 3263 impii
1117 3197 1170 3249 in
1188 3197 1395 3265 judicio
1424 3197 1490 3263 ⁷⁸,
1519 3197 1626 3251 hoc
1657 3205 1760 3262 est,
1821 3212 1930 3251 non
1983 3211 2071 3250 re-
2102 3219 2146 3283 ρ

490 3295 719 3360 surgent
761 3295 820 3344 ut
855 3288 1192 3362 judicentur,
1232 3289 1326 3347 sed
1358 3299 1418 3346 ut
1447 3289 1765 3363 puniantur.
1795 3288 2078 3363 Siquidem

491 3382 844 3437 manifestum
894 3391 980 3438 est
1025 3385 1192 3438 etiam
1241 3385 1502 3455 superius
1527 3386 1594 3451 ",
1670 3388 1814 3456 quod
1864 3386 2082 3457 quando

491 3476 780 3545 apparebit
809 3475 1026 3547 signum
1056 3477 1176 3531 Filii
1213 3477 1456 3536 hominis
1503 3480 1560 3532 in
1581 3480 1741 3542 cmlo,
1773 3489 1897 3532 tunc
1925 3479 2083 3548 plan-

491 3575 610 3639 gent
633 3583 810 3620 omnes
852 3568 1018 3620 tribus
1060 3579 1232 3631 τετυ-ω,
1267 3570 1438 3624 solam
1484 3569 1752 3624 habentes
1818 3570 2084 3624 condem-

492 3668 712 3714 nantem
753 3659 1172 3713 conscientiam.
1221 3658 1379 3714 Nunc
1429 3676 1560 3731 ergo
1617 3661 1684 3715 ad
1713 3661 2082 3723 Christianos,

495 3751 842 3812 utdiximus.
878 3766 1061 3805 sermo
1104 3759 1212 3806 est.
1261 3751 1396 3807 Vide
1448 3762 1631 3807 autem
1691 3754 1966 3823 quomodo
2021 3752 2087 3806 de

494 3845 606 3898 sola
633 3842 970 3897 humanitate
1001 3844 1115 3917 sive
1146 3858 1332 3898 amore
1357 3859 1486 3914 erga
1514 3844 1795 3914 proximos
1831 3844 2084 3909 disserat,

496 3946 553 3990 et
588 3938 655 3989 ab
689 3937 791 3990 hac
820 3936 934 3990 sola
973 3937 1150 4006 iustos
1181 3937 1393 3992 honore
1421 3937 1614 4006 dignos
1633 3938 1861 4008 judicet,
1893 3951 2083 4005 pecca-

495 4038 644 4082 tores
676 4044 808 4082 vero
835 4029 1125 4097 supplicio.
1159 4026 1275 4082 Non
1303 4029 1448 4099 quod
1471 4039 1670 4084 caetera
1700 4029 1786 4082 vel
1806 4030 2088 4099 justorum

495 4121 635 4174 bona
659 4135 846 4190 opera,
877 4120 959 4173 vel
1011 4129 1362 4189 peccatorum
1418 4120 1619 4175 delicta
1654 4121 1774 4175 sine
1801 4120 2088 4175 examina-

503 4212 649 4266 tione
712 4213 798 4266 vel
841 4213 1186 4266 discussione
1260 4213 1619 4281 relinquenda
1658 4213 1808 4268 sint:
1843 4213 2088 4266 omnium

497 4301 767 4368 siquidem
813 4313 1011 4356 cuncta
1070 4302 1308 4372 inquiret
1356 4311 1413 4357 et
1451 4317 1641 4373 opera,
1688 4311 1753 4358 et
1775 4305 1968 4363 verba.
2034 4312 2091 4358 et

498 4395 879 4462 cogitationes,
950 4402 1011 4449 ut
1071 4395 1304 4465 ipsemet
1342 4395 1660 4465 frequenter
1718 4397 2085 4451 suadoctrina

499 4487 892 4550 manifestavit,
937 4497 991 4541 et
1031 4503 1060 4541 a
1104 4487 1288 4540 multis
1341 4487 1541 4542 divinae
1598 4488 1896 4558 Scriptum
1955 4489 2089 4542 locis

2169 625 2402 678 στιανῶν
2448 624 2504 677 δὲ
2539 621 2718 694 μόνων
2766 623 2794 676 ὁ
2833 621 2990 691 λόγος
3041 620 3301 687 ἐνταῦθα,
3343 620 3418 683 ώς
3450 627 3746 691 κατωτέρω

2167 716 2566 788 δηλωθήσεται.

2237 807 2437 860 Καί-
2462 806 2804 875 εὐωνύμων.
2844 805 3142 876 Προϐἀτοις
3176 807 3275 873 μὲν
3307 808 3357 859 οί
3381 808 3579 859 δίκαιοι
3610 823 3750 874 παρ-

2170 899 2477 961 εικάζονται
2527 897 2614 951 διὰ
2665 898 2728 950 τὸ
2793 899 2967 967 πρᾶον
2997 900 3090 950 καὶ
3118 896 3386 950 εὔτακτον
3416 900 3508 951 καὶ
3535 916 3748 968 καρπο-

2169 991 2336 1058 φόρον
2374 990 2433 1042 ὲν
2478 990 2722 1059 ἀρεταῖς,
2757 989 2834 1048 ώς
2875 991 3061 1042 ἐκεῖνα
3103 992 3160 1040 ἐν
3187 989 3420 1057 γάλακτι
3458 990 3553 1042 καὶ
3595 991 3746 1059 ἐρίῳ·

2169 1081 2380 1151 ἐρίφοις
2405 1079 2462 1134 δὲ
2495 1082 2544 1133 οί
2577 1081 2893 1151 ἁμαρτωλοὶ
2923 1081 3010 1135 διὰ
3041 1080 3100 1133 τὸ
3126 1064 3319 1151 ἄγριον
3371 1081 3464 1133 καὶ
3516 1081 3753 1134 ἄτακτον

2170 1174 2264 1226 καὶ
2299 1173 2571 1244 ἄκαρπον.
2616 1173 2804 1234 Εῑποις
2844 1174 2891 1225 δ’
2922 1173 3009 1237 ἂν,
3043 1173 3138 1225 καὶ
3161 1173 3247 1226 διὰ
3286 1172 3347 1225 τδ
3388 1173 3624 1226 δυσῶδες
3654 1173 3754 1241 τῆς

2173 1265 2473 1336 ἁμαρτίας,
2505 1267 2599 1318 καὶ
2628 1266 2715 1318 διὰ
2760 1266 2822 1317 τὸ
2852 1265 2926 1336 μὴ
2971 1265 3314 1335 εὐθυπορεῖν,
3360 1264 3496 1318 ἀλλὰ
3545 1281 3756 1332 παρεγ-

2171 1355 2398 1421 κλίνειν,
2443 1356 2536 1408 καὶ
2565 1355 2650 1407 διὰ
2682 1354 2741 1406 τὸ
2767 1355 3192 1426 κρημνοϐατεῖν.
3250 1353 3392 1405 Ἀλλ’
3438 1355 3622 1408 ἐκεῖνα
3656 1355 3756 1424 μὲν

2171 1448 2236 1501 ἐκ
2278 1447 2492 1516 φύσεως
2535 1445 2772 1516 ἔχουσιν,
2808 1445 3103 1515 διέχουσιν·
3147 1444 3196 1496 oi
3240 1444 3296 1496 δὲ
3336 1445 3534 1497 δίκαιοι
3575 1446 3671 1503 καὶ
3709 1446 3755 1496 οἱ

2173 1537 2489 1607 ἁμαρτωλοὶ
2518 1539 2582 1589 ὲκ
2628 1537 3024 1607 προαιρέσεως.
3047 1535 3136 1587 Διὸ
3156 1535 3314 1588 καὶοὶ
3343 1535 3440 1604 μὲν
3463 1536 3755 1604 τιμῶνται,

2171 1632 2220 1683 οἱ
2249 1631 2304 1683 δὲ
2344 1629 2736 1700 τιμωροῦνται.
2787 1631 3000 1699 Διαιρεί
3047 1630 3103 1681 δὲ
3149 1630 3367 1693 αὐτοὺς,
3410 1628 3469 1680 οὑ
3503 1627 3758 1698 δεόμενος

2177 1723 2497 1794 μαρτύρων,
2533 1722 2646 1776 ἀλλ’
2678 1722 2840 1785 αὐτὸς
2881 1724 2974 1775 καὶ
3018 1723 3227 1792 μάρτυς
3270 1721 3346 1775 ὢν
3395 1725 3490 1775 καὶ
3537 1725 3759 1794 κριτής.

2252 1989 2458 2043 Τότε-
2485 1989 2738 2057 κόσμου.
2766 1988 2830 2040 Ὢ
2859 1987 3041 2055 φωνῆς
3067 1986 3357 2048 εὐκταίαςε
3390 1986 3434 2038 ὣ
3465 1986 3636 2055 τιμῆς
3660 1987 3762 2056 ἀῤ-

2176 2083 2377 2153 ρήτουι
2433 2085 2499 2135 Ol
2538 2080 2955 2149 εὐλογημένοι,
3009 2080 3164 2149 φησὶ,
3217 2078 3323 2132 τοῦ
3365 2079 3590 2146 Πατρός
3619 2097 3759 2148 μου,

2174 2174 2223 2224 οἱ
2251 2173 2552 2231 ὲπαινετοὶ,
2576 2172 2625 2222 οἱ
2651 2169 2922 2222 ἐκλεκτοί.
2952 2171 3066 2222 Ούκ
3088 2164 3208 2221 εἷπε
3235 2169 3312 2236 δὲ,
3340 2169 3566 2230 Λάϐετε,
3601 2169 3758 2230 ἀλλὰ,

2174 2261 2706 2333 Κληρονομήσατε,
2746 2262 2820 2325 ώς
2855 2261 3139 2334 πατρῴαν,
3171 2262 3245 2325 ὡς
3277 2263 3660 2333 ὀφειλομένην,
3689 2262 3764 2327 ώς

2175 2359 2596 2427 ἑτοιμασθεῖσαν
2653 2358 2785 2428 ὑμῖν
2833 2357 2942 2410 ἀπὸ
2992 2358 3305 2420 συστάσεως
3360 2357 3589 2426 κόσμου.
3652 2357 3766 2426 Πρὸ

2176 2448 2270 2502 τοῦ
2307 2447 2563 2515 γενέσθαι
2600 2448 2709 2518 γὰρ
2751 2448 2878 2512 τοὺς
2917 2447 3240 2513 ἀνθρώπους
3272 2447 3616 2518 ηὕτρεπίσθη
3655 2450 3766 2509 τοῖς

2175 2541 2430 2604 δικαίοις,
2475 2538 2840 2608 γινώσκοντος
2869 2540 2964 2592 τοῦ
2994 2539 3132 2592 Θεοῦ
3163 2540 3223 2592 τὸ
3257 2540 3472 2608 μέλλον.
3514 2535 3646 2592 Εἶτα
3678 2540 3767 2592 λέ-

2177 2650 2264 2702 γει
2295 2633 2390 2685 xui
2421 2633 2518 2702 τὴν
2544 2633 2722 2686 αἰτίαν
2751 2632 2852 2702 τῆς
2879 2633 3152 2703 τοσαύτης
3178 2633 3364 2703 τιμῆς.

2263 2728 2594 2781 Ἐπείνασα
2624 2756 2694 2766 -
2749 2727 2903 2794 πρός
2951 2743 3047 2796 με.
3088 2725 3368 2779 Ἐντεῦθεν
3419 2726 3648 2796 φανερὶν
3689 2728 3771 2780 ὅτι

2183 2822 2322 2892 πρὸς
2349 2823 2475 2884 τοὺς
2503 2821 2867 2889 Χριστιανοὺς
2900 2820 3095 2890 μόνους
3134 2819 3464 2888 διαλέγεται,
3508 2821 3642 2889 πρὸς
3675 2819 3769 2883 οὓς

2176 2913 2231 2965 αἱ
2264 2910 2358 2964 τοῦ
2401 2909 2736 2978 Εὑαγγελίου
2792 2910 2956 2962 αὐταῦ
3007 2909 3300 2977 γεγόνασιν
3359 2909 3593 2965 ἑντολαί.
3625 2910 3772 2979 Πρὸς

2177 3007 2288 3076 γὰρ
2328 3007 2454 3068 τοὺς
2504 3005 2770 3066 ἀπίστους
2822 3002 3000 3066 οὐδεὶς
3035 3001 3182 3071 αὐτῷ
3229 3002 3530 3072 τηνικαῦτα
3584 3001 3771 3070 λόγος·

2179 3100 2425 3160 ἅπαντες
2505 3098 2615 3167 γὰρ
2671 3096 2864 3160 κοινῶς
2901 3096 3355 3166 αὐτοκατάκριτοι
3405 3095 3644 3149 ἔσονται.
3676 3094 3775 3148 Διὰ

2179 3189 2339 3244 τοῦτο
2362 3187 2492 3264 γὰρ,
2521 3192 2706 3262 φησιν,
2751 3189 2874 3245 Οὐκ
2930 3188 3382 3259 ἀναστήσονται
3437 3187 3679 3256 ἀσεϐεῖς
3705 3188 3778 3244 ἐν

2182 3295 2400 3354 κρίσει,
2419 3287 2693 3339 τουτέστιν
2734 3282 2833 3338 οὐκ
2865 3286 3260 3354 ἀναστήσονται
3286 3285 3376 3335 ἐπὶ
3397 3282 3471 3352 τῷ
3493 3283 3774 3354 κριθῆναι,

2183 3380 2299 3434 ἀλλ’
2331 3381 2425 3434 ἐπὶ
2452 3380 2529 3450 τῷ
2555 3379 2959 3450 τιμωρηθῆναι.
2993 3373 3102 3431 Καὶ
3138 3379 3245 3448 γὰρ
3273 3379 3368 3430 καὶ
3394 3377 3656 3444 ἀνωτέρω
3689 3376 3776 3428 δε·

2183 3474 2424 3542 δήλωκεν
2440 3474 2544 3536 ὅτι,
2569 3472 2658 3524 ὅτε
2685 3472 2991 3540 φανήσεται
3016 3471 3076 3522 τὸ
3111 3471 3336 3539 σημεῖον
3375 3470 3468 3522 τοῦ
3506 3468 3639 3521 Υίοῦ
3673 3468 3769 3521 τοῦ

2185 3563 2476 3635 ἀνθρώπου
2511 3564 2567 3614 ὲν
2590 3563 2666 3631 τῷ
2710 3561 2949 3633 οὐρανῷ,
2977 3560 3112 3613 τότε
3157 3561 3450 3627 κόψονται
3499 3556 3690 3612 πᾶσαι
3719 3561 3781 3611 ai

2187 3653 2377 3724 φυλαὶ
2430 3653 2540 3721 τῆς
2592 3652 2729 3722 γῆς,
2791 3653 2955 3720 μόνον
2999 3650 3064 3704 τὸ
3123 3649 3361 3710 συνειδὸς
3417 3649 3783 3713 καταδικάζον

2189 3749 2422 3818 ἔχοντες.
2451 3746 2566 3798 Νῦν
2599 3745 2654 3798 δὲ
2688 3745 2823 3815 πρὸς
2846 3745 2972 3806 τοὺς
3006 3743 3397 3813 Χριστιανοὺς,
3438 3742 3513 3805 ώς
3542 3742 3781 3812 ἔφημεν,

2188 3844 2216 3893 ὁ
2246 3841 2426 3906 λόγος.
2476 3838 2619 3909 Ὅρα
2659 3837 2713 3889 δὲ
2739 3836 2855 3899 πῶς
2891 3835 3021 3907 περὶ
3043 3835 3210 3904 μόνης
3231 3833 3332 3902 τῆς
3370 3833 3783 3904 φιλανθρωπίας

2188 3931 2519 3999 διαλέγεται,
2553 3930 2651 3981 καὶ
2681 3928 2789 3980 ἀπὸ
2825 3927 2993 3997 μόνης
3024 3925 3229 3997 ταύτης
3264 3927 3391 3988 τοὺς
3415 3926 3514 3994 μὲν
3531 3925 3782 3987 δικαίους

2191 4021 2333 4085 ἀξιοῖ
2364 4021 2551 4092 τιμῆς,
2584 4019 2708 4081 τοὺς
2733 4018 2790 4071 δὲ
2817 4017 3180 4087 ἁμαρτωλοὺς
3233 4015 3502 4086 τιμωρίας
3530 4031 3544 4045 ’
3582 4017 3682 4086 οὐχ
3706 4017 3783 4079 ὡς

2189 4115 2258 4166 τὰ
2287 4114 2451 4168 λοιπὰ
2480 4113 2591 4166 τῶν
2609 4107 2848 4168 ’δικαίων
2885 4111 2986 4180 μὲν
3027 4109 3450 4181 κατορθώματα,
3473 4109 3580 4162 τῶν
3606 4111 3788 4182 ἁμαρ·

2189 4205 2376 4258 τωλῶν
2426 4205 2484 4259 δὲ
2537 4203 3024 4274 πλημμελήματα,
3075 4201 3197 4272 δίχα
3242 4201 3405 4270 λόγου
3461 4201 3786 4262 καταλιπεῖν

2195 4297 2402 4366 μέλλων
2426 4312 2439 4327 ·
2485 4296 2704 4348 πάντων
2728 4296 2836 4366 γὰρ
2882 4294 3129 4359 ἐξετάσει
3160 4292 3360 4359 πάντα,
3390 4294 3482 4345 καὶ⁵
3513 4293 3612 4355 τὰς
3642 4293 3786 4363 πρά-

2195 4390 2326 4454 ξεις,
2361 4387 2603 4451 καὶτοὺς
2634 4388 2847 4455 λόγους,
2872 4388 2966 4438 καὶ
2994 4378 3093 4448 τὰς
3135 4385 3483 4456 ἐνθυμήσεις,
3507 4386 3582 4448 ώς
3620 4387 3784 4448 αὑτός

2191 4500 2250 4534 τε
2282 4480 2548 4551 πολλαχοῦ
2597 4481 2697 4550 τῆς
2749 4477 2943 4532 ἑαυτοῦ
2996 4477 3349 4541 διδασκαλίας
3409 4479 3787 4546 ὲνέφηνε,καὶ

500 4579 784 4643 discimus,
815 4587 871 4631 et
912 4578 1070 4631 bonis
1097 4578 1318 4646 quidem
1347 4579 1607 4647 operibus
1635 4579 1855 4647 prtemia
1888 4595 2078 4648 repen-

2195 4573 2524 4644 πολλαχόθεν
2550 4575 2647 4642 τῆς
2695 4571 2849 4635 θείας
2880 4571 3104 4641 Γραφῆς
3135 4571 3483 4641 μανθάνομεν
3506 4585 3521 4599 ⁸
3548 4571 3646 4623 καὶ
3677 4571 3786 4622 τῶν

502 4671 617 4732 det,
667 4671 880 4730 delictis
909 4677 1090 4723 autem
1122 4685 1336 4739 pmnas.
1393 4669 1500 4723 Sed
1529 4685 1678 4723 nunc
1705 4670 1771 4724 de
1809 4671 1922 4724 sola
1962 4673 2089 4737 hac,

502 4770 562 4813 ut
587 4761 796 4814 dictum
833 4777 939 4826 εει,
973 4761 1177 4814 virtute
1212 4759 1455 4823 disserit,
1501 4761 1832 4814 conﬁrmare
1879 4762 2091 4825 volens,

503 4855 649 4922 quod
691 4855 832 4908 lianc
879 4856 1116 4907 maxime
1153 4852 1407 4921 requirit,
1434 4859 1489 4905 et
1526 4852 1666 4906 hanc
1702 4869 1812 4922 prae
1841 4855 2097 4908 omnibus

507 4947 734 5014 expetit,
793 4953 980 5014 utpote
1035 4944 1369 4999 Christianis
1419 4944 1654 4998 maxime
1709 4947 2095 5000 necessariam.

506 5039 783 5108 Cujusquc
815 5039 961 5092 enim
998 5039 1299 5093 Christiani
1329 5039 1544 5109 insigne
1572 5054 1682 5108 quo
1718 5041 1964 5111 dignosci
2000 5057 2100 5110 po-

512 5139 641 5195 test,
692 5139 775 5184 est
805 5130 1045 5183 dilectio.
1093 5130 1157 5184 In
1180 5130 1296 5194 hoc,
1335 5130 1530 5199 inquit,
1582 5143 1886 5201 cognoscent
1927 5150 2103 5186 omnes

510 5223 650 5288 quod
685 5223 784 5274 mei
820 5222 1071 5290 discipuli
1129 5223 1270 5285 sitis,
1333 5222 1377 5275 si
1435 5222 1768 5278 dilectionem
1815 5225 2104 5282 habueritis

2199 4671 2295 4740 μὲν
2327 4667 2772 4738 κατορθωμάτων
2804 4666 2972 4736 τιμὰς
3000 4663 3293 4728 ἀποδώσει,
3362 4665 3469 4716 τῶν
3509 4665 3563 4716 δὲ
3601 4664 3785 4734 πλημ-

2201 4760 2529 4830 μελημάτων
2558 4759 2862 4828 τιμωρίαν
2894 4757 3032 4810 ἀλλὰ
3061 4755 3158 4809 νῦν
3187 4757 3316 4826 περὶ
3356 4756 3522 4824 μόνης
3555 4755 3782 4822 ταύτης,

2200 4852 2274 4913 ώς
2305 4851 2542 4921 εἴρηται,
2591 4849 2924 4917 διαλέγεται,
2975 4847 3268 4918 βεϐαιῶσαι
3324 4848 3648 4919 βουλόμενος
3703 4849 3784 4901 ὅτι

2201 4944 2406 5014 ταύτην
2462 4943 2698 5012 μάλιστα
2768 4941 2944 5012 ζητεῖ,
2991 4943 3087 4992 καὶ
3150 4941 3354 5008 ταύτην
3393 4941 3616 4992 ἁπαιτεί
3682 4941 3786 5011 πρὸ

2203 5037 2442 5103 πάντων,
2462 5035 2536 5098 ώς
2558 5034 3002 5103 ἀναγκαιοτάτην
3037 5034 3403 5102 Χριστιανοῖς.
3427 5033 3752 5101 Χαρακτηρι
3769 5063 3783 5071 -

2203 5126 2386 5179 στικὸν
2447 5125 2546 5193 μὲν
2608 5127 2715 5195 γὰρ
2750 5122 3079 5194 Χριστιανοῦ
3133 5123 3333 5185 παντὸς
3365 5124 3397 5191 ή
3433 5123 3648 5192 ἁγάπηο
3685 5124 3784 5174 Ἐν

2202 5220 2392 5282 τούτῳ
2447 5219 2578 5286 γὰρ,
2649 5217 2805 5286 φησὶ,
2845 5217 3182 5284 γνώσονται
3234 5214 3458 5281 πάντες
3509 5215 3598 5266 ὅτι
3655 5213 3784 5282 ἐμοὶ

512 5311 648 5364 inter
671 5325 757 5361 vos
788 5317 1027 5361 mutuam
1063 5310 1130 5362 ³ο.
1171 5309 1344 5377 Hujus
1377 5321 1562 5364 autem
1611 5311 1817 5380 optima
1868 5327 1995 5380 pars
2021 5328 2078 5365 es

2196 5312 2459 5380 μαθηταί
2486 5312 2650 5375 ἐστε,
2679 5310 2791 5363 ἐὰν
2827 5310 3075 5384 ἀγάπῃν
3105 5310 3280 5378 ἔχητε
3333 5308 3443 5379 (69)
3492 5309 3561 5361 ἐν
3591 5309 3782 5372 ἀλλή-

517 5416 819 5469 panpcruin
857 5415 1033 5460 amor,
1075 5410 1124 5454 et
1160 5417 1287 5472 erga
1349 5403 1656 5470 proximum
1731 5403 2103 5457 misericordia

515 5509 578 5548 ac
609 5492 938 5563 eompassio,
977 5495 1130 5561 juxta
1174 5493 1501 5563 Gregorium
1533 5495 1892 5563 Theologum.
1946 5495 2104 5550 Nulla

593 5633 636 5664 ⁷⁸
656 5631 796 5686 Psal.
831 5652 864 5696 ι,
900 5634 954 5687 5.

1035 5635 1077 5666 ⁷³
1117 5633 1304 5688 Matth.
1335 5653 1479 5701 xm‘,
1507 5639 1596 5692 30.
1675 5638 1719 5669 ⁸ο
1752 5637 1913 5692 Joan.
1937 5653 2054 5703 xm,
2080 5638 2168 5692 55.

2205 5409 2370 5470 λοις·
2396 5403 2599 5473 ταύτης
2632 5403 2685 5455 δὲ
2713 5404 2776 5456 τὸ
2823 5404 3116 5481 κράτιστον
3162 5405 3193 5473 η
3255 5400 3596 5470 φιλοπτωχία
3633 5402 3724 5453 καὶ
3753 5401 3784 5467 ἡ

2209 5515 2273 5550 πε
2285 5500 2337 5567 ρι
2367 5496 2426 5548 τὸ
2474 5495 2738 5564 συγγενὲς
2768 5494 3146 5565 εὐσπλαγχνία
3178 5495 3267 5547 καὶ
3301 5493 3617 5563 συμπάθεια
3646 5496 3785 5547 κατὰ

1722 5797 1927 5858 Varia)
1969 5796 2276 5859 lectiones
2311 5803 2370 5859 et.
2411 5804 2600 5858 notm.

597 5871 704 5938 {539)
735 5873 924 5937 "PI/at:
960 5874 1020 5925 Λ.
