4020 6496
265 427 366 488 641

1132 428 1530 489 COMMENT.
1574 429 2122 492 IN‘MATTIEUM.
2166 453 2224 461 ·’“
2269 430 2431 493 CAP.
2476 432 2687 495 XXVI.

3473 431 3587 494 (42

269 539 366 587 τίιν
431 534 701 602 Θεολόγον
751 535 1075 607 Γρηγζριον.
1133 537 1326 590 Οὑδενὶ
1388 544 1518 609 γὰρ,
1571 541 1729 608 φησι,
1775 540 1884 593 τῶν

1992 540 2136 595 enim
2173 541 2276 595 alia
2316 558 2397 605 re,
2442 543 2639 613 inquit,
2676 543 2822 598 inter
2855 557 3049 598 omnes
3087 541 3161 597 ita
3193 541 3391 598 colitur
3417 541 3584 606 Deus.

271 628 521 682 πάντων.
551 628 627 688 ώς
657 626 792 694 ἐλέῳ
824 626 959 687 Θεὸς
1006 626 1396 696 θεραπεύεται,
1425 629 1546 682 οὐδέ
1597 629 1742 698 ἄλλῳ
1777 626 1884 682 τίνὶ

274 720 483 786 μᾶλλον
512 718 545 783 ἢ
575 718 978 798 ⁹φιλανθρωπίᾳ
1010 721 1069 771 τὸ
1101 721 1491 792 φιλάνθρωπον
1526 722 1879 779 ἀντιδίδοται.

272 811 480 864 Λοιπὸν
510 811 929 882 οὖν’ἐξαιρὲτως
963 813 1324 882 διαλαμϐάνει
1349 803 1487 882 ’περὶ
1518 815 1609 868 τοῦ
1666 815 1884 883 ἐξαιρέ-

273 920 368 955 του
413 904 764 973 Χριστιανοῖς
796 904 1252 971 κατορθώματος,
1281 907 1542 974 ἐκφοϐῶν
1588 907 1734 960 οὕτω
1789 908 1882 960 καὶ

276 996 600 1064 συμπείθων
637 998 806 1064 ἡμᾶς,
865 999 1191 1068 ἀνθρώπους
1227 999 1432 1065 ,δντας,
1463 999 1880 1068 φιλανθρώπως

278 1089 553 1155 γίνεσθαι,
575 1089 887 1159 χρῄζοντας
917 1092 1015 1159 τῆς
1054 1093 1184 1161 παρ’
1221 1091 1389 1144 αὐτοῦ
1420 1093 1541 1144 τότε
1570 1092 1880 1161 φιλανθρω-

279 1179 432 1242 πίας.
491 1181 840 1243 Δικαιότατος
870 1182 923 1234 δὲ
961 1184 1153 1252 μισθὸς
1199 1186 1313 1245 τοῖς
1371 1185 1469 1252 μέν
1517 1185 1882 1254 ἀνελεήμοσιν

276 1269 690 1341 ἀνελεημοτύνη
725 1312 739 1336 ,
775 1276 885 1334 τοῖς
918 1274 973 1326 δὲ
1021 1274 1316 1344 ἐλεήμοσιν
1366 1275 1729 1344 ἐλεημοσύνη.
1771 1275 1881 1327 Καὶ

274 1363 385 1431 γὰρ
421 1363 591 1414 ἐλεῶν
652 1365 991 1417 ἁντιδίδωσιν
1031 1367 1245 1436 μικρῶν
1292 1366 1743 1436 κατορθωμάτων
1784 1385 1882 1431 με-

271 1456 448 1521 γάλας
481 1456 736 1526 ἀμοιϐάς.
769 1458 833 1509 Τί
873 1461 981 1528 γὰρ
1014 1459 1112 1528 τῆς
1148 1457 1428 1529 βασιλείας
1463 1461 1679 1529 ἐκείνης
1713 1461 1881 1512 ἀντά-

273 1547 416 1610 ξιον;
450 1546 622 1614 Δῆλον
680 1547 736 1598 δέ
790 1549 871 1600 ὅτι
905 1550 967 1600 ἐκ
995 1547 1104 1600 τῶν
1150 1549 1472 1619 δυναμένων
1517 1551 1744 1602 ἀπαιτεῖ
1780 1551 1880 1620 τὴν

275 1640 732 1708 φιλανθρωπίαν⁶
783 1645 896 1703 τοῖς
949 1642 1060 1712 γάρ
1128 1643 1204 1714 μὴ
1256 1642 1581 1710 δυναμένοις
1631 1643 1796 1711 ἀρκεῖ
1823 1645 1881 1695 τὸ

276 1731 586 1800 βούλεσθαι.
642 1733 887 1803 Διάφορα
919 1734 973 1787 δὲ
1009 1735 1154 1804 μέρη
1219 1734 1514 1800 καταλέγει
1550 1733 1648 1801 τῆς
1684 1734 1876 1802 φιλαν-

273 1824 548 1894 θρωπίας,
572 1825 746 1887 ἴνα,εί
778 1828 874 1894 μὲν
907 1827 1153 1889 δυνατδν,
1185 1827 1368 1879 πάντα
1394 1825 1874 1897 κατορθώσωμεν

275 1923 323 1974 εἰ
354 1921 408 1973 δὲ
445 1923 543 1991 μὴ,
569 1923 668 1975 κᾶν
705 1940 769 1990 γε
801 1923 868 1974 τά
909 1923 1132 1976 δυνατά.

350 2014 490 2065 Τότε
525 2045 591 2054 -
628 2014 974 2080 ἐποιήσατε.
1027 2015 1266 2085 Βασιλέα
1347 2014 1541 2068 ἑαυτὸν
1591 2013 1873 2079 ἐκάλεσεν,

271 2101 347 2165 ὡς
384 2103 606 2156 πάντων
634 2104 819 2155 λοιπὸν
845 2105 1334 2174 ὑποτεταγμένων.
1369 2104 1599 2171 Ἑφόσον
1640 2104 1718 2169 δὲ,
1753 2104 1876 2156 ἀντὶ

270 2189 390 2254 τοῦ,
416 2193 683 2248 Καθόσον.
720 2195 1012 2264 Ἀδελφοὺς
1044 2196 1099 2248 δὲ
1146 2201 1273 2259 τοὺς
1315 2195 1554 2264 πένητας
1583 2195 1699 2263 (70)
1733 2195 1875 2248 ώνόο

274 2300 474 2354 ματεν,
499 2285 574 2347 ὡς
606 2287 802 2354 ὁμοίαν
827 2289 1014 2350 αὐτοῖς
1069 2287 1361 2341 ἁναλαῦὼν
1401 2287 1566 2356 φύσιν
1607 2289 1710 2343 καὶ
1750 2289 1878 2339 ἐλα-

272 2376 639 2448 χιστότητα,ἢ
667 2382 760 2431 καὶ
782 2379 853 2442 ὡς
875 2374 1167 2443 κᾶινωνους
1195 2383 1297 2450 τῆς
1316 2380 1483 2433 αὑτοῦ
1510 2380 1703 2442 πενίας
1729 2380 1872 2451 (71.1.

353 2468 489 2519 Τότε
520 2496 593 2506 --
621 2467 832 2522 αὐτοῦ.
879 2469 1125 2542 Ὀρᾷς,ή
1160 2471 1415 2540 βασιλεία
1473 2472 1570 2541 μὲν
1615 2475 1727 2536 τοῖς
1778 2473 1876 2525 άν-

273 2559 518 2629 θρώποις
574 2561 925 2633 ἡτοιμάσθη,
979 2565 1039 2614 τὸ
1073 2563 1185 2634 πῦρ
1239 2565 1296 2617 δέ
1353 2566 1466 2627 τοῖς
1501 2564 1775 2634 δαίμοσιν.
1813 2566 1877 2617 Ol

275 2657 669 2728 ἀφρονέστεροι
718 2657 774 2710 δὲ
822 2659 931 2709 τῶν
987 2657 1296 2729 ἀνθρώπων
1330 2659 1396 2710 τὰ
1447 2658 1546 2728 τῆς
1594 2657 1879 2728 βασιλείας

271 2747 402 2814 ἀξια
436 2749 850 2815 καταλιπόντες,
880 2752 950 2804 τὰ
983 2752 1077 2803 τοῦ
1105 2752 1277 2822 πυρὸς
1304 2751 1429 2816 ἄξια
1452 2753 1831 2822 προετίμησςιν
1855 2768 1871 2784 ο

273 2841 357 2893 διὸ
409 2843 507 2896 καὶ
565 2844 783 2914 ἐκείνης
834 2846 1189 2912 ἐκπεσόντες,
1225 2845 1385 2897 τοῦτο
1445 2843 1876 2914 κατεκρίθησαν.

277 2933 408 2989 Εἶτα
441 2938 535 2989 καὶ
574 2939 606 3007 ἡ
639 2939 791 2990 αἰτία
827 2938 990 2990 πάλιν
1019 2938 1116 3007 τῆς
1153 2937 1448 3008 τιμωρίας.

378 3221 697 3274 Eneti-arm
723 3252 790 3261 —
803 3236 900 3289 με.
926 3219 1040 3274 Οὐκ
1080 3215 1258 3287 εἶπεν,
1277 3219 1357 3273 ’ότι
1382 3218 1496 3273 Οὐκ
1526 3218 1873 3290 ἀπηλλάξατε
1907 3237 1950 3296 c

278 3329 347 3383 με
372 3313 470 3382 τῆς
503 3311 693 3372 πενίας
723 3313 817 3365 καὶ
848 3313 946 3381 τῆς
976 3311 1265 3374 ἀσθενείας
1307 3313 1402 3364 καὶ
1440 3312 1540 3380 τῆς
1597 3311 1872 3380 φυλακῆς,

274 3403 392 3456 ἀλλ’
419 3405 502 3456 ὅτι
551 3405 631 3456 Τά
664 3406 943 3471 ἀναγκαῖα
989 3403 1089 3456 οὐκ
1125 3403 1482 3468 ἐνεδείξασθε,
1506 3404 1588 3455 ὅτι
1620 3403 1688 3455 τὰ
1717 3405 1877 3474 ῥᾴδια

273 3496 376 3548 οὐκ
408 3496 706 3566 ἐπράξατε.
761 3491 985 3567 Πρῶτον
1042 3495 1099 3548 δὲ
1129 3496 1257 3558 τοὺς
1315 3495 1622 3566 ἐλεήμονας
1659 3497 1873 3566 ἀνακη-

278 3590 484 3658 ρύττει,
506 3591 770 3641 δεικνύων
801 3590 861 3641 τὸ
894 3588 989 3642 τοῦ
1023 3587 1455 3661 κατορθώματος
1497 3588 1747 3658 εὐχερὲς,
1788 3589 1876 3642 ἵνα

275 3683 371 3736 ἀπ’
404 3683 633 3735 ἐκείνων
658 3684 887 3743 τούτους
914 3682 1288 3755 καταδικάσῃ.

351 3777 489 3831 τότε
515 3807 584 3816 -
611 3775 957 3842 ἐποιήσατε.
991 3775 1234 3838 Εἰκότως
1279 3776 1306 3827 ὀ
1336 3773 1434 3844 μὲν
1466 3774 1717 3846 ἐλεήμων
1740 3775 1870 3846 κλη-

279 3873 500 3940 ρονομεῖ
531 3871 629 3938 τὴν
664 3870 968 3939 βασιλείαν,
997 3869 1080 3921 ὅτι
1106 3869 1207 3939 τὴν
1238 3869 1460 3937 ἀγάπην
1511 3868 1873 3938 κατώρθωσε,

271 3963 385 4015 τῶν
441 3963 654 4032 ἀρετῶν
707 3961 766 4013 τὸ
821 3960 1152 4028 κεφᾶιλαιον·
1208 3959 1412 4030 ταύτης
1447 3961 1558 4030 γὰρ
1621 3960 1788 4031 μέρος
1841 3961 1876 4030 ἡ

273 4059 618 4130 ἐλεημοσύνη
645 4075 657 4087 ’
695 4061 722 4110 6
753 4058 795 4109 δ’
831 4058 1151 4126 ἀνελεήμων
1183 4059 1261 4119 είς
1287 4057 1344 4110 τὸ
1382 4058 1490 4128 πῦρ
1546 4058 1876 4128 ἀποπέμπε-

275 4167 368 4202 ται
405 4167 420 4182 ·
452 4149 586 4201 διότι
637 4149 698 4200 τὸ
735 4147 978 4200 ἐναντίον
1032 4150 1098 4218 τῇ
1156 4148 1345 4219 ἀγάπῃ
1382 4151 1542 4215 μῖσος
1583 4149 1875 4218 ἐκτήσατο,

273 4244 383 4295 τῶν
417 4242 626 4295 κακιῶν
661 4242 720 4293 τὸ
758 4241 1057 4309 κεφάλαιον
1081 4256 1094 4270 '
1132 4241 1324 4293 τούτου
1355 4242 1463 4312 γὰρ
1483 4241 1683 4310 ὁμοίως
1710 4242 1877 4311 μέρος

275 4339 309 4407 ὴ
349 4335 778 4405 ἀνελεημοσύνη.
802 4336 908 4386 Καὶ
943 4337 970 4387 ό
1000 4334 1100 4404 μὲν
1130 4335 1220 4386 τὸν
1246 4334 1518 4405 ἐλεήμονα
1553 4335 1648 4386 καὶ
1677 4334 1872 4402 φιλάν-

275 4430 496 4497 θρωπον
557 4427 690 4479 Θεὸν
755 4428 1108 4495 ἐμιμήσατο,
1172 4427 1200 4478 ὁ
1254 4426 1310 4479 δὲ
1369 4426 1713 4496 άνελεήμονα
1781 4425 1876 4477 καὶ

278 4521 669 4591 μισάνθρωπον
698 4519 971 4571 διάδολον.

1990 641 2048 687 ut
2089 634 2469 690 misericordia
2509 655 2521 691 :
2558 652 2737 705 neque
2764 636 2856 690 alii
2885 635 3145 704 cuiquam
3186 637 3357 706 magis
3383 650 3583 706 repen-

1988 725 2152 779 detur
2182 726 2500 782 humanitas
2535 744 2698 796 quam
2733 727 3084 783 humanitati.
3134 726 3415 796 Pmcipue
3463 741 3591 796 ergo

1986 817 2211 871 disserit
2265 819 2334 873 de
2412 823 2690 890 praicipuo
2746 821 3187 876 Christianorum
3250 834 3439 889 opere,
3487 820 3589 873 hoc

1987 909 2153 963 modo
2184 925 2285 964 nos
2323 919 2378 965 et
2429 920 2717 966 exterrens
2752 920 2809 965 et
2844 912 3155 974 attrahens,
3193 923 3246 961 ul
3280 911 3370 980 qui
3411 911 3589 963 homi-

1987 1016 2087 1056 nes
2137 1018 2352 1068 sumus,
2407 1005 2638 1059 humani
2675 1005 3008 1068 efﬁciamur,
3064 1014 3284 1059 utentes
3338 1019 3424 1063 ea.
3482 1018 3588 1072 qun

1989 1092 2110 1160 ipse
2146 1099 2278 1147 tunc
2332 1102 2518 1148 utetur
2553 1095 2919 1150 humanitate.
2956 1095 3274 1150 Justissima
3301 1103 3587 1147 estautem

1989 1199 2224 1249 merces,
2261 1196 2322 1240 ut
2354 1188 2674 1242 inhumanis
2707 1189 3187 1258 inliuruanitas,,et
3213 1185 3589 1239 misericordi-

1984 1281 2088 1337 bus
2122 1283 2499 1336 rrisericordia
2535 1265 2891 1351 rependatur.
2921 1279 3135 1334 Etenim
3167 1279 3284 1346 ipse
3307 1277 3398 1344 qui
3427 1275 3592 1329 mise-

1987 1377 2293 1442 ricorsest,
2335 1375 2517 1446 parvis
2549 1376 2810 1446 operibus
2846 1383 3105 1445 magnum
3140 1372 3400 1426 retribuit
3434 1386 3587 1438 prte-

1985 1467 2154 1522 niium
2186 1487 2198 1521 :
2225 1468 2355 1536 quid
2389 1468 2537 1522 enim
2597 1481 2768 1537 regno
2805 1466 2881 1518 illi
2919 1464 3129 1533 aequale
3164 1477 3284 1516 esse
3337 1458 3591 1528 poterit?

1985 1560 2338 1616 Manifestum
2372 1571 2457 1617 est
2483 1571 2664 1615 autem
2711 1560 2858 1629 quod
2899 1574 2964 1612 ex
2993 1560 3078 1612 his
3121 1572 3241 1625 quae
3273 1567 3589 1618 possumus,

1984 1651 2386 1706 humanitatem
2417 1653 2649 1721 requirit
2681 1669 2693 1704 :
2734 1650 2820 1705 his
2866 1650 3015 1704 enim
3048 1649 3138 1717 qui
3175 1661 3282 1700 non
3341 1652 3590 1712 possunt.

1983 1742 2186 1797 squicit
2211 1743 2356 1812 quod
2392 1743 2587 1795 velint.
2627 1741 2814 1794 Varias
2834 1740 2981 1793 enim
3019 1733 3381 1791 humanitatis
3410 1743 3594 1801 partes

1986 1843 2286 1890 recenset:
2326 1845 2386 1889 ut
2417 1834 2690 1904 siquidem
2749 1846 3066 1902 possumus,
3105 1842 3313 1898 .omnes
3365 1825 3594 1893 implea-

1983 1941 2104 1978 mus
2139 1943 2154 1980 :
2192 1927 2274 1980 sin
2309 1927 2512 1989 minus,
2546 1935 2601 1980 at
2653 1925 2848 1979 saltem
2875 1939 2969 1978 eas
2999 1937 3136 1991 quas
3161 1932 3483 1989 possumus.

2053 2015 2206 2070 Vers.
2242 2015 2337 2070 37.
2370 2015 2510 2068 Tunc
2537 2045 2605 2055 —
2641 2014 2793 2068 Vers.
2854 2014 2944 2067 40.
3000 2013 3211 2082 fecistis.
3259 2007 3460 2077 Regem
3496 2021 3594 2057 ro-

1980 2105 2126 2159 cavit
2179 2105 2452 2174 seipsum,
2503 2114 2766 2174 tanquam
2816 2103 3081 2158 omnibus
3139 2102 3250 2170 jam
3308 2098 3594 2169 subjectis.

1978 2195 2250 2262 Quatenus
2278 2208 2483 2262 autem,
2512 2199 2568 2253 id
2594 2208 2699 2261 est,
2729 2198 2788 2251 In
2821 2206 3118 2267 quantum.
3155 2195 3377 2249 Fratres
3407 2203 3596 2246 autem

1980 2293 2201 2347 vocavit
2240 2307 2543 2362 pauperes,
2591 2302 2650 2347 ut
2681 2292 2772 2361 qui
2807 2292 3039 2347 similem
3081 2306 3205 2345 cum
3235 2289 3314 2343 eis
3343 2300 3603 2355 ευδινρς-

1980 2383 2057 2437 rit
2097 2393 2361 2438 naturam
2423 2394 2480 2438 et
2531 2385 2896 2454 abiectionem
2929 2402 2943 2437 :
2980 2381 3066 2438 vel
3114 2381 3280 2434 etiam
3333 2390 3597 2447 tanquam

1980 2491 2077 2530 eos
2109 2477 2202 2548 qui
2238 2478 2775 2534 communicaverint
2818 2475 3124 2548 paupertati
3159 2476 3360 2544 ipsius.

2055 2568 2214 2625 Vere.
2256 2570 2346 2626 41.
2385 2571 2528 2625 Tum:
2559 2601 2628 2610 —
2653 2570 2788 2641 ejus.
2824 2569 3029 2626 Vides?
3075 2567 3322 2640 Regnum
3368 2570 3600 2639 quidem

1982 2664 2305 2719 hominibus
2352 2671 2603 2734 paratum
2658 2672 2763 2728 est,
2818 2661 2965 2732 ignis
3035 2676 3167 2716 vero
3227 2662 3593 2718 daemonibus.

1981 2756 2440 2827 lnsipientissimi
2513 2765 2697 2811 autem
2756 2755 3031 2819 homines,
3077 2754 3281 2808 relictis
3320 2753 3406 2809 his
3472 2772 3593 2825 quin

1982 2863 2152 2918 regno
2184 2847 2346 2918 digna
2387 2856 2539 2911 sunt,
2574 2844 2878 2917 praeferunt
2902 2862 2966 2900 ea
2994 2862 3115 2916 quae
3142 2847 3322 2918 ignem
3366 2863 3593 2917 prome-

1980 2952 2218 3007 rentur;
2252 2941 2378 2996 ideo
2410 2943 2575 2996 etiam
2603 2941 2672 2995 ab
2703 2940 2793 2993 illo
2814 2941 3153 3006 excidentes,
3184 2941 3250 2995 ad
3285 2941 3433 2995 hunc
3460 2956 3599 2996 eon-

1983 3033 2340 3087 deuinantur.
2383 3031 2594 3086 Deinde
2627 3046 2822 3085 rursus
2853 3045 3017 3085 causa
3049 3046 3213 3086 etiam
3248 3033 3468 3088 ultionis
3497 3049 3600 3102 po-

1987 3125 2164 3180 nitur.

2059 3215 2213 3272 Vers.
2277 3217 2364 3272 42.
2417 3214 3032 3272 Εειιτὶυἱ-Ἶει-δ.45.
3073 3233 3176 3272 me.
3236 3216 3354 3272 Non
3436 3218 3594 3284 diuit,

1981 3307 2100 3364 Non
2120 3307 2396 3365 liherastis
2421 3322 2506 3362 me
2537 3315 2880 3378 paupertate,
2917 3307 3235 3360 infirmitate
3254 3323 3318 3362 ac
3347 3324 3595 3377 carcere,

1982 3405 2102 3469 sed,
2154 3402 2286 3468 Qua:
2318 3404 2628 3456 necessaria
2659 3411 2788 3455 sunt
2816 3416 2923 3453 non
2964 3399 3297 3468 pr‘wbuistis,
3367 3419 3487 3472 qua:
3517 3405 3599 3459 fa-

1984 3499 2110 3554 cilia
2143 3506 2275 3552 sunt
2303 3512 2415 3550 non
2449 3496 2681 3550 fecistis.
2715 3495 2958 3549 Primum
2993 3504 3175 3548 autem
3201 3496 3595 3552 misericordes

1981 3593 2263 3663 praedicat,
2295 3590 2600 3644 ostendens
2646 3589 2777 3643 boni
2815 3588 3000 3658 operis
3049 3589 3393 3656 facilitatem,
3435 3602 3498 3645 ut
3525 3593 3596 3646 ah

1981 3685 2073 3739 illo
2097 3684 2197 3738 hos
2227 3681 2582 3737 condemnet.

2053 3777 2214 3833 Vers.
2246 3778 2336 3832 44.
2372 3775 2515 3829 Tunc
2541 3803 2609 3814 —
2643 3772 2800 3828 Vers.
2833 3774 2923 3830 45.
2976 3775 3200 3845 ferinis.
3264 3773 3458 3830 Merito
3499 3777 3594 3845 qui

1983 3871 2301 3926 misericors
2335 3870 2464 3934 fuit,
2502 3884 2729 3939 regnum
2781 3868 3046 3937 possidet,
3085 3868 3213 3936 quia
3266 3868 3592 3923 charitatcm

1982 3980 2104 4033 qua:
2166 3964 2431 4017 virtutum
2491 3969 2654 4030 caput
2694 3968 2798 4025 est,
2867 3975 3032 4029 Opere
3079 3959 3416 4028 complevit,
3473 3962 3596 4028 ejus

1983 4057 2128 4112 enim
2163 4071 2290 4126 pars
2319 4063 2406 4109 est
2461 4054 2831 4123 eleemosyna.
2893 4052 2998 4117 Qui
3033 4067 3162 4106 vero
3201 4052 3302 4104 fuit
3341 4053 3603 4106 itmuisc-r

1981 4150 2176 4210 ricors,
2221 4147 2276 4201 in
2330 4148 2509 4217 ignem
2563 4147 2849 4217 ahlegatur
2881 4163 2893 4199 :
2929 4145 3058 4214 quia
3105 4144 3228 4197 loco
3278 4145 3605 4197 dilectionis

1982 4243 2169 4297 odium
2203 4241 2470 4311 possidet,
2520 4239 2667 4310 quod
2718 4249 2883 4308 caput
2918 4247 3002 4291 est
3043 4239 3324 4301 vitio-rum,
3369 4247 3422 4290 et
3472 4239 3602 4304 ejus

1983 4335 2262 4405 praecipua
2309 4349 2435 4402 pars
2465 4340 2550 4386 est
2579 4330 2980 4385 inhumanitas.
3010 4327 3100 4382 Ille
3127 4343 3345 4399 quoque
3381 4329 3603 4382 miseri-

1983 4429 2208 4483 cordetn
2243 4427 2668 4493 humanumque
2712 4425 2885 4477 Deum
2932 4423 3176 4476 imitatus
3213 4431 3326 4487 est;
3373 4423 3460 4476 hic
3497 4438 3603 4475 au-

1985 4531 2094 4576 tem
2143 4519 2640 4574 immisericordem
2682 4516 3166 4583 inhumanumque
3221 4515 3522 4568 diabolum.

347 4613 463 4666 Kal
485 4644 548 4652 —
574 4611 842 4666 αἰώνιον.
878 4611 1018 4664 Οὐαὶ
1039 4611 1178 4663 πᾶσι
1208 4610 1310 4678 μὲν
1340 4612 1453 4673 τοῖς
1485 4610 1836 4681 ἁμαρτωλοῖς
1856 4650 1872 4678 ,

2061 4610 2215 4666 Vers.
2252 4610 2344 4666 46.
2380 4607 2453 4662 Et
2482 4639 2553 4647 —
2577 4623 2861 4662 internum.
2909 4604 2999 4660 Va:
3050 4605 3310 4660 omnibus
3373 4606 3595 4674 quidem

278 4708 521 4778 μάλιστα
550 4705 604 4757 δὲ
637 4709 750 4767 τοῖς
782 4703 1137 4774 άνελεήμοσι.

347 4800 455 4854 Καὶ
474 4799 714 4868 ἐγένετο
739 4830 805 4839 —
823 4798 1270 4867 σταυρωθῆναι.
1288 4795 1396 4850 Τοῦ
1428 4796 1656 4866 νομικοὓ
1681 4797 1874 4867 Πάσχα

277 4893 686 4964 συμπίπτοντος
751 4893 894 4945 κατὰ
944 4893 1041 4960 τὴν
1092 4889 1704 4960 τεσσαρεσκαιδεκάτην
1777 4891 1873 4942 τοῦ

278 4988 469 5059 μηνὸς,
499 4985 573 5048 ὡς
606 4986 634 5038 ὁ
668 4987 798 5054 περὶ
825 4983 1016 5036 τούτου
1053 4983 1217 5052 νόμος
1253 4985 1549 5054 ἐπέτρεπε,
1605 4983 1875 5053 πρόδηλον

273 5082 354 5133 ὅτι
392 5078 535 5132 κατὰ
571 5077 670 5146 τὴν
703 5077 1014 5146 δωδεκάτην
1042 5075 1201 5128 τοῦτο
1255 5076 1390 5143 πρὸς,
1443 5075 1570 5137 τοὺς
1623 5074 1875 5146 μαθητάς

276 5177 491 5244 εἴρηκε.
526 5172 688 5226 Κατὰ
721 5171 930 5240 ταύτην
964 5171 1064 5241 μὲν
1094 5171 1204 5239 γάρ
1242 5173 1341 5241 τὴν
1371 5169 1686 5240 δωδεκάτην
1719 5171 1874 5240 παρὰ

273 5271 340 5340 τῇ
371 5268 520 5338 οἰκίᾳ
551 5266 797 5336 Σίμωνος
835 5263 932 5316 τοῦ
968 5262 1175 5334 λεπροῦ
1201 5263 1315 5334 (72)
1339 5261 1658 5331 δεδείπνηκε
1681 5301 1700 5328 ,
1729 5263 1874 5317 κατὰ

1983 4704 2393 4776 peccatoribus,
2425 4701 2663 4756 maxime
2702 4709 2883 4754 tamen
2927 4699 3484 4754 immisericordihus.

2056 4800 2209 4856 CAP.
2241 4797 2434 4853 XXVI.
2480 4797 2638 4850 Vers.
2674 4797 2724 4850 l.
2761 4792 2827 4847 Et
2863 4795 3069 4865 factum
3123 4805 3221 4848 est.
3249 4825 3317 4835 —
3345 4794 3506 4854 Veis.
3537 4801 3595 4855 ἓ.

1986 4894 2360 4964 cruciﬁgatur.
2435 4889 2574 4943 Cum
2620 4888 2792 4957 legale
2855 4885 3066 4941 Pascha
3126 4887 3342 4941 decimo
3399 4904 3598 4962 quarto

1986 4989 2196 5044 mensis
2231 4984 2522 5047 incideret,
2560 4982 2702 5034 sicut
2733 4980 2817 5033 lex
2843 4995 2963 5048 quae
2999 4980 3068 5033 de
3102 4979 3195 5032 illo
3233 4987 3430 5039 statuit
3483 4987 3598 5041 dis-

1985 5079 2230 5152 ponebat
2265 5096 2280 5132 :
2326 5075 2682 5132 manifestum
2709 5082 2792 5125 est
2821 5071 2968 5138 quod
3002 5072 3118 5127 hanc
3150 5071 3612 5148 duodecimodie.

1983 5171 2194 5226 mensis
2221 5163 2752 5232 dixeritdiscipulis.
2799 5161 2917 5216 Hoc
2952 5163 3232 5234 siquidem
3266 5169 3598 5237 duodecimo

1984 5265 2142 5321 dieiu
2165 5263 2330 5318 domo
2349 5260 2592 5316 Simonis
2623 5255 2852 5327 Leprosi
2884 5262 3124 5320 coenavit
3147 5265 3406 5344 adiicitur)
3435 5266 3598 5322 tertio

1492 5386 1705 5446 Variae
1741 5385 2057 5449 lectiones
2101 5391 2163 5446 et
2199 5389 2396 5444 notae.

350 5523 462 5593 ('70)
497 5517 1018 5593 A'btoﬁg_,_pro__'toh;
1051 5515 1293 5593 πένητας

351 5587 466 5663 (7i)
500 5592 601 5645 llic
651 5591 803 5663 addit
858 5587 1162 5663 lieutenius
1200 5587 1467 5640 sclrolium
1511 5602 1574 5640 ex
1632 5588 1879 5663 margine

277 5659 367 5720 sui
393 5659 599 5718 codicis
632 5679 643 5713 :
679 5659 895 5714 Fratres
927 5659 1176 5711 minimos
1228 5667 1380 5710 vocat
1427 5673 1707 5727 pauperes,
1751 5661 1878 5725 quia

275 5735 525 5796 humiles,
561 5732 812 5793 mendici,
839 5739 886 5782 et
923 5728 1116 5796 altjerti
1140 5738 1264 5781 sunt
1294 5744 1312 5780 :
1346 5737 1395 5780 et
1426 5745 1514 5781 eos
1550 5730 1639 5797 qui
1666 5730 1789 5782 viles
1816 5747 1880 5782 ac

275 5803 625 5877 despicabiles
649 5803 914 5877 habentur
939 5814 969 5877 _:
1007 5816 1109 5851 non
1143 5799 1260 5877 dico
1298 5800 1583 5852 monachos
1619 5800 1779 5877 solos1
1808 5811 1877 5877 _et

277 5872 484 5946 sos'qui
528 5883 729 5927 montes
767 5872 1089 5946 inhabitant,
1137 5872 1228 5923 sed
1275 5886 1699 5940 ununrquemque
1745 5872 1876 5939 ﬁde-

276 5944 418 6002 lium
470 5946 811 6008 esurientem,
865 5944 974 5998 sive
1026 5944 1168 6012 {ante
1217 5957 1478 6011 pressum,
1529 5946 1723 6000 malum
1782 5951 1872 5996 aut

1984 5517 2321 5586 peregrinum
2351 5532 2368 5568 :
2397 5515 2513 5588 hos,
2545 5516 2796 5588 inquam,
2825 5520 3020 5584 {tatus
3042 5527 3216 5579 uocat,
3263 5528 3311 5571 et
3359 5520 3590 5588 primum

1980 5605 2068 5641 eos
2095 5587 2310 5648 laudat,
2329 5587 2420 5655 qui
2439 5587 2541 5654 piis
2573 5587 3034 5659 subvenerurtt,‘ut
3065 5591 3340 5642 sententia:
3362 5587 3592 5659 ἐκωλυ-

1980 5659 2190 5711 stitiam
2238 5659 2609 5719 demonstret;
2646 5677 2662 5707 ι
2711 5657 2909 5716 Venite,
2950 5657 3146 5725 inquit.
3191 5660 3445 5714 benedicti
3479 5657 3593 5714 I’a-

1983 5735 2078 5782 tris
2108 5731 2232 5790 mei,
2264 5738 2312 5780 et
2344 5741 2558 5789 canem.
2603 5728 2815 5798 Quanto
2846 5730 2978 5780 bono
3011 5732 3206 5796 poterit
3261 5748 3454 5796 nomen
3495 5738 3591 5785 hoc

1979 5801 2215 5869 pensari.
2242 5808 2298 5851 ut
2335 5800 2633 5861 benedictus
2665 5802 2755 5856 sis,
2788 5799 2942 5866 idque
2968 5816 2998 5850 α
3040 5799 3225 5855 Patre.

2058 5870 2170 5947 (:72)
2201 5870 2336 5935 Cod,
2373 5872 2435 5933 Α,
2476 5872 2784 5947 ἐδείπνησε.
2814 5869 2929 5947 filex
2969 5871 3110 5924 idem
3142 5885 3270 5925 ante
3310 5873 3408 5947 τὴν
3433 5891 3589 5947 τρισ-

1987 5941 2316 6014 καιδεκάτην
2345 5942 2545 5999 omittit
2584 5942 2665 6014 δέ,
2696 5950 2750 5997 et
2795 5942 2945 5998 addit
2979 5953 3108 6006 ante
3147 5944 3281 6016 παρ’
3313 5938 3376 6012 ᾦζ
