4020 6488
531 431 636 496 647

1807 428 2192 499 EUTHYMII
2265 430 2629 494 ZlGABENI

3720 419 3830 481 (3&8

531 549 784 613 inistum,
817 553 875 601 ut
905 556 1153 619 apparet,
1186 552 1239 602 et
1267 547 1332 602 ad
1367 543 1661 615 puritatem
1690 561 1969 604 servatum
2006 568 2018 604 :
2046 564 2125 604 aui

2248 545 2554 616 στευμένην
2607 546 2688 610 είς
2737 545 3194 621 καθαρότητα’ἢ
3237 547 3334 603 καὶ
3356 547 3699 620 προσηγορία
3751 560 3829 612 tt;

531 639 673 693 forte
688 643 807 694 haec
823 638 1112 711 appellatio
1126 639 1373 710 quaedam
1392 649 1507 695 erat
1526 640 1956 713 unguenti.Dicit
1972 641 2138 697 etiam

530 733 677 800 quod
703 748 797 787 vas
838 731 1244 795 comminuerit,
1301 748 1413 802 prie
1449 732 1807 788 iestinatione
1853 732 2132 797 videlicet,

532 823 662 890 quia
699 833 987 893 angustum
1010 831 1148 888 erat,
1174 832 1226 900 et
1254 824 1308 877 in
1338 834 1503 893 caput
1537 824 1882 879 Dominicum
1917 824 2136 879 infudit.

614 913 773 969 V’ers.
828 916 880 968 8.
925 914 1117 968 lnluiti
1158 928 1341 969 autem
1383 944 1452 958 —-
1494 917 1649 973 Vers.
1697 917 1752 972 9.
1791 918 2136 987 pauperibus.

535 1007 800 1078 lndignati
824 1017 975 1069 sunt,
1004 1022 1193 1061 verum
1226 1010 1372 1078 apud
1398 1024 1538 1074 sese,
1573 1011 1715 1064 sicut
1742 1010 1881 1064 dixit
1898 1010 2134 1075 Marcus,

544 1102 637 1168 qui
672 1100 882 1153 addidit
917 1115 1011 1153 eos
1065 1087 1271 1156 dixisse
1304 1119 1319 1156 :
1356 1100 1541 1156 Potuit
1570 1102 1664 1155 hoc
1698 1103 1926 1157 distrahi
1968 1103 2137 1173 pluris

528 1204 687 1258 quam
716 1190 957 1242 trecentis
991 1188 1229 1243 denariis
1257 1209 1271 1252 ;
1305 1197 1357 1243 et
1382 1190 1526 1260 quod
1556 1189 1918 1259 Infremebaut
1944 1192 2136 1245 adver-

530 1296 621 1332 sus
652 1279 802 1332 illam
834 1280 903 1340 ⁸³,
944 1283 1049 1337 huc
1079 1295 1161 1337 est
1212 1280 1588 1351 Objurgabant
1626 1298 1745 1335 eam
1774 1294 1826 1337 et
1878 1282 2133 1353 indigna-

528 1370 731 1424 bantur
757 1372 831 1426 illi
863 1383 1084 1444 propter
1113 1376 1342 1428 abusum
1384 1376 1671 1443 unguenti.
1709 1376 1788 1429 Ad
1815 1376 1917 1429 hoc
1943 1384 2126 1429 autem

529 1462 753 1517 adducti
793 1474 923 1519 sunt
972 1466 1324 1520 humanitate
1361 1484 1375 1519 :
1424 1482 1548 1520 cum
1580 1466 1903 1537 frequenter
1934 1482 2138 1537 praece-

528 1562 746 1621 ptorem
780 1556 1065 1610 audissent
1094 1558 1261 1611 multa
1280 1558 1347 1611 de
1367 1558 1712 1629 eleemosyna
1738 1560 2133 1625 disserentem,

530 1646 707 1715 etiam
734 1663 985 1718 magnam
1020 1667 1317 1720 pauperum
1342 1668 1527 1705 curam
1558 1653 1847 1706 haberent.
1884 1652 2137 1707 Scientes

530 1740 864 1809 etiamquod
906 1741 1045 1796 Deus
1077 1733 1506 1798 misericordiam
1543 1745 1657 1798 vult
1686 1755 1741 1799 et
1779 1762 1887 1800 non
1921 1747 2135 1801 sacriﬁ-

528 1831 673 1885 cium
717 1832 784 1885 ".
824 1832 922 1891 Est
951 1845 1131 1888 autem
1174 1836 1539 1891 admiratione
1568 1838 1729 1905 digna
1763 1839 1879 1893 btet:
1914 1842 2133 1901 mulier.

527 1938 651 1992 quae
687 1933 834 1977 tanto
865 1930 1105 1994 sumptui
1139 1942 1249 1981 non
1288 1930 1599 1998 pepercerit
1634 1931 1704 1984 ob
1735 1932 1933 1985 animae
1986 1933 2133 1987 salu-
2170 1905 2209 1959 Β

530 2024 675 2081 tem;
718 2030 895 2087 neque
925 2018 1073 2072 enim
1126 2028 1352 2090 propter
1387 2024 1726 2091 corporalem
1756 2026 1859 2078 hoc
1887 2022 2016 2079 fecit
2046 2039 2133 2079 sa-

527 2108 775 2164 nitatem.

606 2200 761 2257 νει-ε.
806 2203 894 2258 10.
929 2202 1043 2268 Quo
1077 2206 1286 2277 cognito
1314 2235 1387 2247 -—
1411 2207 1623 2261 mulieri
1654 2209 1680 2262 ἲ
1723 2208 1860 2264 Cum
1905 2208 1997 2263 illa
2047 2208 2132 2265 el-

526 2292 760 2347 l'undere
814 2306 1157 2364 unguentum
1217 2296 1552 2362 festinasset,
1617 2296 1879 2368 deinceps
1947 2307 2133 2353 tuetur

524 2403 644 2439 eam
680 2386 953 2453 Christus,
982 2403 1091 2441 non
1124 2388 1267 2455 quod
1300 2398 1579 2457 unguento
1622 2389 1724 2443 sibi
1763 2404 1903 2458 opus
1934 2389 2128 2454 fuerit,

523 2477 619 2532 sed
662 2492 729 2531 ne
770 2478 915 2533 illius
968 2477 1125 2532 ﬁdem
1165 2480 1541 2533 retunderent.
1574 2478 1639 2532 Et
1693 2480 1821 2549 quia
1869 2480 2129 2550 discipuli

521 2566 809 2621 mulierem
861 2567 1222 2636 increpabant
1283 2567 1632 2637 impellentes
1674 2584 1794 2623 eam
1844 2569 1912 2624 ad
1947 2570 2129 2640 poeni-

525 2659 750 2714 tentiam
787 2659 907 2729 ejus
945 2659 1089 2729 qnod
1131 2657 1359 2724 fecerat,
1393 2660 1713 2715 audientem
1742 2662 1812 2716 ab
1858 2663 1940 2717 eis
1981 2664 2127 2732 quod

522 2767 659 2806 vane
677 2754 1080 2823 consumpserit
1107 2754 1411 2823 pretiosam
1440 2755 1829 2818 substantiam.
1860 2772 1891 2810 e
1910 2757 2128 2810 diverso

521 2845 643 2899 illos
677 2845 951 2915 obiurgat,
982 2846 1292 2901 molestiam
1333 2847 1525 2901 dicens
1574 2847 1790 2901 dolores
1817 2847 1911 2917 qui
1948 2863 1978 2901 a
2012 2864 2130 2918 pa:-

522 2939 753 2993 nitentia
777 2949 1102 3007 sequuntur,
1126 2938 1332 2993 docens
1354 2941 1497 3009 quod
1521 2954 1631 2993 non
1656 2948 1910 3009 oporteat
1927 2940 2129 2995 obtun-

522 3028 655 3083 dere
707 3029 995 3083 hominum
1046 3028 1206 3082 (idem
1241 3045 1361 3098 quae
1401 3030 1712 3100 germinare
1754 3030 1967 3099 incipit,
2029 3029 2127 3085 sed

520 3122 729 3191 pariter
763 3136 885 3175 eam
912 3120 1093 3190 potius
1126 3121 1397 3185 enutrire,
1439 3136 1617 3190 neque
1662 3122 1807 3176 circa
1854 3123 2123 3193 principia

520 3226 713 3269 exacte
769 3214 1099 3285 disquirere,
1163 3224 1256 3269 aut
1315 3215 1613 3270 excelsiora
1679 3216 1748 3270 ab
1804 3210 2124 3272 inﬁrmiori-

520 3308 625 3363 bus
680 3307 917 3377 exigere.
968 3308 1178 3363 Deinde
1234 3310 1552 3365 consolatur
1596 3310 1761 3364 etiam
1814 3311 2124 3379 mulierem,

519 3399 710 3454 dicens
736 3414 752 3453 :

594 3492 748 3547 Vers.
785 3491 876 3547 10.
928 3490 1075 3561 Opus
1110 3520 1180 3531 —
1224 3493 1280 3545 in
1321 3509 1421 3547 mc.
1473 3494 1577 3551 Ubi
1616 3494 1940 3566 simpliciter
1987 3512 2127 3567 opus

518 3583 665 3638 illius
698 3585 962 3649 laudavit,
1001 3586 1238 3654 primum
1280 3587 1502 3655 quidem
1537 3588 1699 3641 solvit
1725 3589 2121 3659 discipulorum

517 3675 585 3727 de
643 3675 981 3743 pauperibus
1028 3685 1351 3744 praetextum
1391 3694 1406 3730 :
1449 3688 1640 3746 postea
1690 3695 1820 3735 vero
1878 3680 2125 3737 defendit

518 3769 684 3821 etiam
723 3783 863 3837 opus
901 3768 1043 3838 ejus.

589 3860 745 3915 Vers.
777 3861 858 3918 ll.
888 3862 1156 3937 Pauperes
1192 3898 1257 3911 -
1288 3861 1446 3925 Vers.
1485 3866 1569 3926 l2.
1600 3867 1746 3943 fecit.
1792 3870 1865 3929 De
1910 3887 2119 3945 paupe-

515 3954 669 4017 ribus
700 3956 919 4030 scripsit
954 3955 1168 4015 Marcus
1202 3978 1217 4016 :
1276 3964 1434 4031 Cum,
1478 3966 1678 4035 inquit,
1711 3968 2001 4031 volueritis,
2031 3985 2122 4036 po-

2240 635 2310 711 ἦν
2349 638 2508 691 τοῦτο
2560 637 2758 710 μύρου.
2816 639 2980 707 Λέγει
3026 640 3083 693 ει
3157 642 3256 694 καὶ
3285 643 3368 694 ὅτι
3428 640 3721 712 συνέτριψέ
3777 641 3829 693 εδ

2240 732 2413 799 ἄγγος
2446 730 2552 785 ὑπὸ
2580 732 2839 802 σπουδῆς,
2863 728 2952 786 οἶα
2985 733 3332 803 στενόπορον.

2326 910 2589 973 Ἰδόντες
2640 908 3113 978 δὲ-πτωχοῐς,
3189 909 3634 978 Ἢγανάκτησαν,
3694 906 3831 960 ἀλλά

2243 1006 2384 1077 πρὸς
2429 1004 2685 1068 ἑαυτοὺς,
2721 1003 2796 1066 ὼς
2833 1005 2860 1055 ὁ
2893 1004 3128 1066 Μάρκος
3190 998 3363 1065 εἶπεν,
3419 999 3475 1063 ὃς
3512 999 3827 1070 προσέθηκε

2240 1099 2336 1151 καὶ
2374 1098 2460 1149 ὅτι
2506 1091 2662 1148 εἷπον
2684 1111 2701 1126 θ
2747 1094 3040 1149 Ἦδύνατο
3069 1093 3246 1149 τοῦτο
3278 1090 3580 1161 πραθῆναι
3622 1092 3828 1144 ἐπάνω

2239 1191 2605 1260 τριακοσίων
2642 1188 2965 1259 δηναρίων,
3021 1190 3119 1243 καὶ
3150 1190 3232 1242 ὅτι
3259 1188 3354 1252 καὶ
3400 1184 3830 1254 Ἑνεϐριμῶντο

2238 1284 2417 1352 αὐτῇ,
2454 1284 2743 1337 τουτέστιν
2794 1282 3164 1352 ἐπέπληττον,
3210 1282 3548 1350 ἐμέμφοντο,
3608 1277 3700 1329 διὰ
3730 1276 3832 1346 τὴν

2240 1377 2620 1449 παράχρησιν.
2684 1377 2778 1439 Είς
2810 1375 2971 1428 τοῦτο
3000 1374 3057 1427 δὲ
3090 1374 3446 1444 προήχθησαν
3483 1369 3589 1423 ὑπὸ
3635 1369 3826 1439 φιλαν-

2241 1470 2511 1541 θρωπίας,
2546 1468 2803 1531 πολλάκις
2837 1466 2933 1520 τοῦ
2967 1466 3290 1520 διδασκάλου
3316 1464 3488 1517 πολλά
3512 1464 3641 1533 περὶ
3668 1461 3832 1530 ἐλεη-

2243 1562 2484 1633 μοσύνης
2517 1559 2913 1630 διαλεχθέντος,
2944 1558 3039 1611 καὶ
3053 1559 3219 1611 πολὺν
3257 1558 3358 1628 ήδη
3389 1558 3547 1625 λόγον
3579 1557 3693 1609 τῶν
3729 1570 3831 1605 τῖε-

2241 1658 2419 1725 νήτων
2485 1653 2727 1723 ἔχοντες,
2772 1653 2869 1706 καὶ
2916 1652 3286 1719 γινώσκοντες
3332 1654 3415 1704 ὅτι
3446 1652 3475 1703 ὁ
3512 1649 3646 1713 Θεὸς
3677 1648 3832 1700 ἔλεον

2241 1747 2390 1800 θέλει
2444 1749 2539 1799 καὶ
2586 1746 2646 1797 ού
2708 1744 2927 1797 θυσίαν.
2971 1742 3438 1811 Ἀξιοθαύμαστος
3480 1739 3540 1793 δέ
3586 1742 3741 1793 ὲστιν
3795 1740 3831 1806 ἡ

2241 1841 2401 1909 γυνὴ,
2429 1840 2504 1909 μὴ
2530 1840 2841 1907 φεισαμένη
2892 1836 3221 1907 τηλικούτου
3270 1832 3635 1903 ἀναλώματος
3690 1834 3831 1902 ὑπὲρ

2243 1932 2518 2002 σωτηρίας
2546 1931 2728 2001 ψυχῆς
2751 1947 2765 1961 ·
2801 1931 2862 1983 οὐ
2888 1932 2999 2001 γὰρ
3035 1929 3178 2001 ὑπὲρ
3220 1927 3541 1999 σωματικῆς
3578 1925 3832 1994 ἰατρείας

2237 2023 2331 2077 τοῦ
2340 2042 2396 2077 το
2430 2024 2725 2095 πεποίηκε.

2310 2187 2511 2254 Γνοὺς
2536 2219 2605 2229 -
2639 2188 2885 2259 γυναικί
2913 2205 2933 2255 ;
2986 2186 3143 2242 Ἐπεὶ
3193 2187 3397 2258 ἔφθασε
3446 2185 3830 2255 καταχυθῆναι

2236 2281 2299 2332 τὸ
2360 2280 2557 2353 μύρον,
2614 2281 2875 2352 ἠνέσχετο
2905 2281 3102 2336 ’λοιπὸν
3154 2281 3181 2333 ὀ
3213 2280 3437 2353 Κύριος.
3486 2281 3586 2350 οὐχ
3618 2279 3695 2340 ώς
3729 2277 3827 2331 τοῦ

2238 2372 2415 2443 μύρου
2448 2373 2737 2444 δεόμενος,
2791 2373 2909 2427 ἀλλ’
2942 2374 3029 2428 τνα
3076 2372 3153 2445 μὴ
3184 2374 3437 2444 ἀμδλύνῃ
3480 2374 3582 2444 τὴν
3640 2373 3829 2425 πίστιν

2236 2468 2433 2533 αὐτῆς.
2472 2468 2632 2521 Ἐπεὶ
2669 2467 2726 2521 δὲ
2761 2470 2807 2520 οἱ
2839 2468 3106 2538 μαθηταὶ,
3136 2470 3206 2548 ίτῇ
3262 2468 3485 2535 γυναικὶ
3520 2466 3829 2536 ἐπιτιμῶν-

2233 2575 2349 2624 τες,
2384 2558 2466 2622 εἰς
2506 2558 2879 2630 μεταμέλειαν
2903 2558 3074 2629 αὐτὴν
3103 2558 3198 2612 τοῦ
3231 2558 3631 2629 πεπραγμένου
3664 2558 3829 2626 συνὴ-

2233 2651 2453 2714 λαυνον,
2498 2649 2884 2721 μανθάνουσαν
2941 2651 3075 2723 παρ’
3105 2652 3284 2705 αὐτῶν
3338 2654 3420 2706 ὅτι
3466 2653 3647 2723 μάτην
3695 2652 3825 2705 ave.

2232 2742 2376 2796 λωσε
2436 2742 2739 2813 πολύτιμον
2779 2743 2894 2817 (8ίὶ)
2929 2746 3142 2816 χρῆμα,
3195 2746 3529 2816 ἀντεπιτιμᾷ
3587 2745 3825 2811 τούτοις,

2232 2837 2441 2899 κόπους
2506 2837 2605 2907 μὲν
2656 2837 2831 2907 λέγων
2883 2840 2982 2901 τάς
3046 2840 3111 2892 ὲκ
3182 2840 3553 2909 μεταμελείας
3604 2838 3825 2903 ὀδύνας,

2230 2928 2505 2983 διδάσκων
2554 2930 2612 2983 δὲ
2635 2930 2717 2984 ὅτι
2762 2929 2823 2982 ού
2854 2928 2960 3002 χρὴ
2998 2929 3212 3001 πηροῦν
3237 2931 3552 3001 ἀρχομένην
3585 2930 3827 2999 βλαστά-

2232 3037 2347 3074 νειν
2388 3022 2489 3089 τὴν
2521 3021 2707 3077 πίστιν
2742 3024 2850 3075 τῶν
2886 3022 3217 3091 ἀνθρώπων,
3253 3023 3391 3075 ἀλλὰ
3426 3024 3825 3093 συνεκτρέφειν

2234 3112 2440 3182 μᾶλλον
2480 3114 2676 3183 αὐτὴν,
2725 3115 2819 3166 καὶ
2870 3112 2946 3185 μὴ
2985 3114 3138 3184 παρά
3188 3116 3286 3182 τὴν
3330 3111 3502 3183 ἀρχὴν
3540 3114 3823 3182 ἐπιζητεῖν

2233 3206 2457 3260 ἃπασαν
2494 3205 2809 3277 ἀκρίϐειαν,
2842 3206 2980 3276 μηδὲ
3004 3209 3070 3261 τὰ
3108 3206 3423 3277 ὑψηλότερα
3448 3207 3575 3269 τοὺς
3600 3208 3827 3260 ἀσθενε-

2236 3298 2468 3366 στέρους
2504 3300 2785 3352 ἀπαιτεῖν.
2825 3295 2960 3351 Εἶτα
2992 3298 3411 3369 παραμυθεῖται
3452 3299 3551 3351 καὶ
3582 3298 3685 3370 τὴν
3724 3316 3825 3368 γυ-

2232 3391 2417 3454 ναῖκα,
2442 3390 2641 3458 λέγων’

2307 3481 2533 3547 Ἔργον
2560 3510 2633 3520 -
2664 3482 2752 3547 είς
2799 3479 2924 3550 ἐμέ.
2968 3480 3299 3543 Ἐπαινέσας
3347 3482 3535 3544 ἀπλῶς
3565 3483 3629 3535 τὸ
3660 3483 3822 3554 ἔργον

2230 3570 2424 3641 αὐτῆς,
2465 3572 2685 3639 πρῶτον
2719 3573 2819 3642 μὲν
2851 3575 2970 3627 λύει
3008 3574 3107 3645 τὴν
3143 3576 3270 3645 περὶ
3300 3576 3406 3628 τῶν
3430 3578 3663 3645 πτωχῶν
3682 3579 3819 3648 πρό-

2230 3681 2400 3734 φασιν
2443 3664 2553 3718 τῶν
2606 3666 2895 3737 μαθητῶν,
2929 3668 3123 3722 ἔπειτα
3166 3669 3672 3740 ὑπεραπολογεῖται
3723 3673 3821 3723 καὶ

2224 3759 2321 3810 τοῦ
2353 3756 2522 3827 ἔργου
2562 3760 2759 3827 αὐτῆς.

2300 3848 2449 3914 Τοὺς
2492 3854 3164 3923 πτωχοὺς-ἐποίησε.
3228 3855 3365 3926 Περὶ
3407 3855 3518 3909 τῶν
3580 3856 3818 3926 πτωχῶν

2222 3945 2579 4019 ἐκδηλότερον
2623 3946 2865 4018 ἔγραψεν
2895 3951 2923 4003 ὁ
2963 3950 3217 4019 Μάρκος.
3259 3951 3443 4002 Ὅταν
3485 3950 3619 4016 γὰρ,
3656 3953 3814 4019 (mai,

516 4060 659 4110 testis
700 4055 803 4107 illis
838 4056 965 4109 bene
1016 4057 1189 4126 facere
1213 4055 1280 4111 “.
1316 4056 1558 4114 Dicendo
1593 4070 1778 4116 autem
1810 4078 1825 4118 :
1858 4061 1939 4115 Me
2000 4078 2118 4116 vero

2237 4042 2464 4109 9ἐιλητε,
2486 4042 2709 4108 αὐτοὺς
2728 4042 3112 4111 δύνασθε(85)
3133 4037 3497 4109 εὖνποιῆσαι.
3534 4041 3716 4095 Εἰπὼν
3735 4043 3813 4107 δὲ,

515 4166 619 4203 non
657 4164 862 4217 semper
915 4147 1142 4212 habetis,
1193 4149 1360 4204 caedis
1418 4166 1532 4206 sua:
1584 4166 1707 4221 quae
1770 4152 1935 4222 paulo
1995 4162 2120 4223 post

2237 4134 2307 4187 5τι
2341 4132 2484 4202 Ἐμὲ
2533 4131 2602 4186 δὲ
2637 4137 2710 4187 οὐ
2742 4132 3009 4186 πάντοτε
3040 4134 3229 4201 ἔχετε,
3265 4134 3575 4203 ὑπόμνησιν
3626 4135 3815 4196 αὐτοῖς

514 4242 693 4295 futura
732 4252 850 4296 erat
887 4243 1224 4295 mentionem
1263 4242 1343 4296 eis
1386 4241 1598 4311 injecit.
1623 4243 1703 4294 Ad
1755 4244 2117 4312 sepeliendum

2237 4226 2451 4280 ἐνέϐαλε
2491 4227 2585 4297 τῆς
2648 4226 2769 4296 μετ’
2809 4225 2995 4295 ὀλίγον
3053 4226 3269 4295 σφαγῆς
3309 4226 3501 4280 αὐτοῦ.
3549 4227 3704 4295 Πρὸς
3748 4229 3813 4281 τὸ

514 4348 597 4399 nte
641 4332 795 4400 fecit,
824 4333 926 4384 hoc
956 4340 1057 4395 est,
1091 4330 1172 4383 Ad
1204 4331 1541 4399 sepulturam
1596 4346 1798 4395 meam,
1856 4341 2115 4402 tanquam

512 4408 653 4502 quas
697 4422 1103 4493 proiplietizavit
1142 4432 1377 4484 mortem
1430 4439 1611 4478 meam
1666 4424 1816 4487 brevi
1847 4425 2112 4485 futuram.

512 4516 581 4583 Et
638 4516 741 4569 hoc
795 4515 961 4570 etiam
1022 4514 1365 4571 manifestius
1424 4516 1563 4571 dixit
1629 4516 1849 4576 Marcus
1895 4534 1911 4571 :
1961 4517 2113 4590 Quod

2222 4323 2584 4391 ἐνταφιάσαι
2664 4320 2811 4391 μεδὲ
2945 4320 3263 4386 ἐποίησεν,
3317 4320 3437 4372 ἀντὶ
3494 4319 3613 4383 τοῦ,
3668 4320 3814 4389 Πρὸς

2220 4414 2597 4483 ἐνταφιασμόν
2639 4430 2763 4484 μου,
2798 4413 3050 4483 καθάπερ
3087 4413 3512 4483 προφητεύουσα
3553 4412 3643 4464 τὸν
3684 4412 3816 4491 πληε

2222 4508 2484 4571 σιάζοντά
2523 4525 2627 4578 μου
2669 4506 2928 4562 θάνατον.
2968 4509 3079 4559 Καὶ
3128 4508 3286 4565 τοῦτο
3325 4507 3383 4561 δὲ
3427 4508 3811 4578 φανερώτερον

513 4605 697 4671 [tabuit
734 4609 865 4667 Iiwc,
895 4605 1017 4675 fecit
1055 4620 1074 4657 :
1097 4608 1350 4671 praevenit
1385 4617 1438 4658 ut
1472 4616 1685 4675 tangeret
1718 4623 1907 4676 corpus
1938 4623 2110 4660 meum

2237 4602 2447 4671 ιῐρηκεν
2501 4604 2529 4655 ὁ
2580 4601 2942 4672 Μάρκος,ὄτι
3007 4604 3075 4653 '0
3110 4602 3300 4669 ἔσχεν
3353 4602 3505 4669 αὕτη
3534 4601 3807 4668 ἑ.τοίησδ“

516 4700 583 4757 ad
611 4698 933 4765 sepulturam
964 4698 1032 4750 ".
1065 4696 1229 4751 Moris
1261 4698 1409 4752 enim
1463 4707 1581 4751 erat
1640 4714 1764 4753 cum
1818 4700 2114 4771 unguentis

516 4788 747 4853 sepelire
774 4801 1023 4854 corpora,
1054 4795 1113 4838 ut
1135 4786 1341 4840 diutius
1378 4787 1692 4858 incorrupta
1722 4792 2111 4857 perdurarent.

520 4878 671 4951 Quod
726 4878 991 4939 habuit,id
1039 4887 1143 4939 est,
1178 4877 1333 4941 Quod
1394 4879 1592 4948 potuit.
1638 4881 1707 4934 Et
1768 4892 1825 4935 tu
1875 4897 2003 4952 ergo
2065 4882 2111 4935 si

516 4974 728 5042 aliquos
759 4978 1145 5024 cOnstruentes
1180 4972 1447 5026 ecclesias
1480 4986 1573 5027 aut
1604 4976 1958 5041 monasteria,
1988 4977 2105 5031 sive

518 5080 699 5118 sacras
752 5065 1017 5134 imagines
1054 5064 1282 5131 videris,
1332 5080 1402 5119 ne
1445 5066 1649 5121 factum
1708 5068 1851 5121 dirui
1886 5069 2102 5139 iubeas,

517 5170 588 5219 ne
640 5156 807 5208 animi
876 5155 1098 5209 illorum
1155 5159 1647 5228 promptitudinem
1702 5162 2020 5221 retundas;
2062 5162 2109 5216 si

517 5264 647 5307 vero
677 5249 990 5318 priusquam
1025 5250 1382 5316 aediﬁcet,.te
1420 5251 1688 5323 quispiam
1736 5255 2111 5327 interrogave-

517 5343 607 5407 rit,
638 5342 823 5410 iubeto
856 5342 985 5397 dare
1016 5347 1367 5423 pauperibus.

590 5526 633 5557 ⁸ο
668 5524 837 5579 Marc.
875 5540 984 5588 xw,
1019 5524 1073 5589 4,
1105 5526 1158 5579 5.
1236 5526 1282 5557 ’³
1316 5526 1455 5585 Osee
1485 5543 1559 5593 Vl,
1589 5524 1659 5592 6;
1692 5526 1886 5581 Matth.
1911 5542 1986 5595 ις,
2022 5528 2111 5583 l5.

2223 4693 2524 4761 προέλαϐε
2564 4696 2676 4763 γὰρ
2705 4696 2965 4763 μυρίσαι
3006 4712 3121 4763 μου
3150 4696 3215 4747 τὸ
3258 4694 3420 4763 σῶμα
3450 4698 3537 4760 είς
3570 4697 3677 4747 τὸν
3710 4694 3806 4747 ὲνο

2222 4787 2591 4855 ταφιασμόν.
2630 4784 2790 4849 Ἔθος
2823 4788 2932 4854 γὰρ
2992 4780 3059 4853 ἦν
3118 4784 3312 4857 μύροις
3344 4781 3693 4851 ἐνταφιάζειν
3740 4780 3808 4833 τὰ

2223 4878 2455 4948 σώματα
2513 4878 2651 4947 πρὸς
2691 4877 2751 4929 τὸ
2790 4878 3057 4947 διαρκεῖν.
3110 4880 3170 4929 ’0
3207 4877 3263 4929 δὲ
3297 4876 3410 4955 (Si)
3444 4877 3633 4943 ἔσχεν
3670 4876 3803 4945 (85),

2220 4970 2345 5025 ἀντὶ
2368 4969 2487 5034 τοῦ,
2534 4971 2599 5022 Ὃ
2634 4969 3020 5039 ὴδύνατο,1ίαὶ
3064 4971 3128 5023 σὺ
3180 4968 3383 5033 τοίνυν,
3416 4968 3510 5021 ἐὰν
3549 4968 3649 5038 μὲν
3692 4968 3804 5037 ῐδης

2217 5066 2372 5127 τινὰς
2396 5064 2917 5127 κατασκευάζοντας
2946 5064 3270 5133 ἐκκλησίας,
3302 5063 3334 5134 ἢ
3375 5064 3738 5133 μοναστήρια,
3770 5058 3800 5115 ἦ

2217 5157 2570 5227 ἀναθήματα,
2610 5157 2687 5231 μὴ
2724 5157 2912 5210 κέλευε
2949 5156 3248 5210 καταλύειν
3284 5157 3344 5208 τὸ
3376 5156 3687 5224 γινόμενον,
3718 5156 3801 5206 ἵνα

2222 5256 2296 5324 μὴ
2338 5253 2606 5327 πηρώσῃς
2635 5253 2819 5307 αὐτῶν
2856 5253 2956 5323 τὴν
2982 5252 3301 5324 προθυμίαν
3328 5270 3340 5283 ο
3376 5253 3469 5304 ἐὰν
3492 5251 3547 5303 δὲ
3575 5252 3679 5322 πρὸ
3706 5252 3797 5303 τοῦ

2220 5348 2639 5413 κατασκευάσαι
2671 5364 2754 5412 τις
2780 5347 3057 5423 ἐρωτήσῃ,
3091 5346 3284 5399 κέλευε
3316 5344 3502 5399 δοῦναι
3543 5344 3795 5412 πτωχοῖς.

2188 5526 2231 5559 ⁹¹
2258 5526 2423 5585 Marc.
2452 5542 2565 5591 xw,
2598 5528 2648 5583 ’1.
2725 5529 2769 5560 θ’
2803 5526 2930 5582 ibid.
2963 5523 3016 5581 8.

1718 5693 1928 5755 Variae
1962 5693 2270 5757 lectiones
2310 5698 2371 5755 et
2406 5698 2594 5752 notae.

587 5866 699 5932 (8‘2)
736 5865 807 5916 Τὸ
839 5861 1163 5931 πολύτιμον,
1196 5860 1331 5915 Cod.
1370 5861 1433 5915 A.

587 5938 699 6009 (ὦ)
732 5936 987 6005 θέληται,
1016 5932 1279 5987 ὃὺναςθαι
1312 5931 1529 6000 αὐτούς,
1562 5931 1699 5990 Cod.
1730 5933 1795 5988 A.

2292 5858 2403 5924 (84)
2438 5858 2523 5919 Δέ,
2553 5856 2758 5909 omittit
2786 5858 2886 5911 cod

2284 5932 2395 6005 (85)
2424 5930 2496 5981 Τὸ
2521 5928 2575 5982 δὲ
2614 5927 2773 6003 ἔσχεν
2801 5928 2843 5981 Β
