4020 6524
253 374 354 441 651

1082 375 1478 439 COMMENT.
1526 374 1605 434 ΙΝ
1651 373 2132 435 ΜΛΤΤΙΙᾹΞΗΜ.
2173 401 2226 411 -
2274 377 2434 438 CAP.
2482 375 2699 435 XXVI.

3461 379 3572 443 662

252 495 451 557 σλίον,
514 493 713 564 ᾗγονν,
747 493 775 545 ὁ
815 491 1144 562 ἐμϐάπτων.
1208 491 1383 544 Τοῦτο
1431 491 1478 544 δ’
1519 491 1806 560 ἐπήγαγεν
1833 489 1861 540 ό

1981 496 2151 543 intem
2207 489 2462 547 Salvator
2519 496 2586 550 ad
2645 494 2799 551 Juda?
2868 492 3253 548 confusionem
3318 493 3570 552 adduxit.

251 588 447 656 Σωτὴρ
511 585 648 656 πρὸς
706 584 977 654 ἐντροπὴν
1017 582 1113 637 τοῦ
1181 583 1377 638 Ἰούδα.
1438 583 1710 636 Τοσοῦτον
1746 583 1856 654 γὰρ

248 676 344 729 τοῦ
382 677 710 729 διδασκάλου
763 677 1200 746 κατεφρόνησεν,
1233 677 1310 737 ὡς
1375 675 1500 745 μηδ’
1531 673 1862 728 ὑποστέλλε-

252 769 378 823 σθαι
429 766 620 821 τοῦτον
645 769 747 830 ἔτι,
797 768 913 822 ἀλλ’
957 768 1264 838 ἐμϐάπτειν
1294 769 1415 838 μετ’
1463 768 1652 821 αὑτοῦ.
1713 768 1858 837 Τρυ-

253 858 401 911 6λιον
444 857 522 930 (3)
557 859 614 912 δέ
662 861 832 921 ἐστιν,
870 856 1010 923 εἶδος
1037 861 1288 923 πίνακος.

336 949 402 1002 '0
429 950 548 1020 μὲν
575 953 708 1016 Υἱὸς
740 983 805 991 -—
837 952 1255 1021 παραδίδοται.
1299 953 1555 1020 Ὑπάγει,
1592 953 1716 1008 ἀντὶ
1739 951 1857 1019 τοῦ,

254 1043 578 1113 Πορεύεται,
639 1045 964 1114 μεταδαίνει
1037 1045 1147 1099 άπὸ
1222 1047 1318 1113 τῆς
1382 1046 1624 1099 ἐνταῦθα
1681 1044 1853 1115 ζωῆς,

251 1135 442 1199 καθὼς
483 1137 798 1207 γέγραπται
831 1141 947 1202 τοῖς
982 1141 1298 1209 προφήταις
1332 1139 1458 1210 περὶ
1496 1139 1691 1204 αὐτοῦ,
1735 1139 1857 1201 πῶς

255 1241 284 1292 ρ
299 1223 349 1274 ἐ)
361 1224 445 1276 λει
478 1226 794 1280 ἀποθανεῖν.

329 1317 919 1387 Κιιιὸν-ἑκεῖνες,
984 1323 1279 1393 Συμφὲρον
1332 1320 1400 1394 ἦν
1453 1324 1625 1396 αύτῷ,
1680 1324 1762 1379 ἔτι
1798 1327 1857 1380 ἐν

251 1413 316 1479 τῇ
374 1411 451 1478 (ι)
491 1411 673 1484 κοιλίᾳ
715 1415 815 1484 τῆς
851 1416 1060 1487 μητρὸς
1101 1417 1344 1482 αὔξοντι,
1397 1419 1471 1491 μὴ
1523 1421 1857 1490 γεννηθῆναι

247 1503 393 1568 ὅλως
426 1505 525 1575 (5),
554 1507 802 1562 τοιοῦτον
837 1508 1010 1579 μύσος
1058 1513 1407 1582 ἐργάσασθαι
1450 1515 1724 1583 μέλλοντι,
1761 1515 1856 1569 καὶ

249 1598 594 1668 τηλικαύτης
629 1603 1062 1676 ἀξιωθησομένῳ
1087 1608 1382 1678 τιμωρίας.
1420 1609 1562 1662 Φασὶ
1594 1609 1650 1662 δέ
1680 1626 1855 1675 τινες,

250 1689 335 1742 ὅτι
370 1693 713 1762 ἀνέγκλητός
744 1698 885 1761 ἐστι,
918 1698 980 1750 τὸ
1026 1703 1451 1771 προωρισςιιένον
1508 1703 1852 1767 ἐπιτελέσας.

253 1783 401 1853 ιερὸς
438 1784 530 1849 οὓς
564 1786 824 1858 λέγομεν,
855 1789 938 1843 ὅτι
964 1791 1024 1844 ού
1049 1792 1180 1845 διότι
1224 1793 1558 1864 προώριστο,
1581 1796 1668 1851 διὰ
1698 1798 1858 1851 τοῦτο

253 1876 618 1944 παρέδωκεν·
656 1880 792 1934 ἀλλὰ
825 1882 959 1936 διότι
1008 1885 1324 1954 παρέδωκε,
1356 1886 1443 1939 διὰ
1480 1889 1638 1942 τοῦτο
1677 1891 1857 1960 προώ-

254 1984 436 2038 ρ.στο,
468 1972 562 2024 τοῦ
594 1972 727 2026 ε)εοῦ
765 1977 1080 2044 προειδότος
1114 1977 1175 2031 τὸ
1225 1980 1442 2044 πάντως
1499 1982 1856 2055 ἀποθησόμε-

252 2079 350 2114 ννιν
371 2076 386 2092 ⁸
426 2062 623 2132 ἔμελλε
657 2066 767 2138 γὰρ
799 2069 972 2132 ὅντως
1005 2071 1284 2142 ἀποβῆναι
1329 2072 1574 2138 τοιοῦτος
1596 2117 1610 2141 ,
1648 2077 1750 2131 οὐκ
1795 2079 1860 2131 ἐκ

255 2153 503 2221 φύσεως,
530 2158 648 2210 ἀλλ’
676 2161 739 2212 ἐκ
767 2163 1172 2232 προαιρέσεως.

333 2249 442 2300 Καὶ
469 2249 614 2302 διατι
669 2253 984 2322 παρέλαϐεν
1024 2256 1189 2308 αὑτὸν
1237 2257 1374 2321 ὅλως
1417 2260 1498 2321 εἰς
1541 2259 1790 2331 μαθητὴν
1831 2263 1860 2315 ὁ

255 2339 522 2406 Χριστὸς,
559 2342 804 2396 τοιοῦτον
854 2346 1315 2418 ἀποϐησόμενονς
1389 2353 1505 2405 Ἵνα
1553 2357 1694 2424 φανῇ
1763 2358 1858 2408 καὶ

253 2432 361 2501 τῆς
391 2433 484 2486 τοῦ
519 2434 775 2504 Σωτῆρος
809 2438 1175 2508 ἀγαθότητος,
1211 2443 1308 2494 καὶ
1343 2443 1443 2512 τῆς
1468 2444 1563 2496 τοῦ
1595 2447 1860 2516 προδότου

257 2520 462 2582 κακίας
490 2523 522 2592 ἡ
551 2521 852 2595 ὑπερσολὴ.
898 2528 1010 2589 πῶς
1043 2530 1071 2580 ό
1105 2531 1203 2598 μὲν
1230 2531 1321 2583 τὸν
1355 2533 1556 2586 ἑαυτοῦ
1592 2536 1862 2606 προδότην

258 2610 510 2665 ἐδίδασκε
541 2614 609 2666 τά
643 2617 895 2687 σωτήρια
951 2620 1047 2673 καὶ
1092 2623 1290 2690 ἠγάπα
1350 2625 1445 2677 καὶ
1495 2628 1861 2697 χαρισμάτων

256 2707 420 2776 ἠξίου
445 2711 537 2760 καὶ
577 2709 685 2779 τῷν
725 2712 903 2765 ἄλλων
958 2715 1060 2767 οὐκ
1118 2717 1353 2786 ἐχώριξε
1415 2720 1701 2791 μαθητῶν,
1767 2728 1864 2777 καὶ

259 2798 442 2852 πάντα
471 2802 538 2852 τὰ
567 2803 702 2871 πρὸς
745 2805 1089 2876 ἐπιστροφήν
1135 2809 1230 2860 καὶ
1281 2809 1571 2879 διόρθωσιν
1612 2813 1860 2882 εἰσῆγεν,

261 2889 352 2944 ἵνα
386 2893 462 2962 μή
512 2894 713 2964 δυνηθῇ
767 2895 975 2964 λέγειν,
1025 2900 1101 2960 ὠς
1148 2902 1250 2953 ούκ
1304 2903 1461 2972 ἔτυχε
1511 2904 1861 2974 διδασκάλου,

259 2982 566 3052 δυναμένου
602 2984 796 3049 σώζειν
825 2989 950 3051 τοὺς
990 2990 1378 3061 βουλομένους,
1412 2994 1511 3047 ὁδὶ
1531 2997 1624 3048 καὶ
1655 2997 1865 3053 τούτων

269 3074 484 3127 πάντων
516 3077 856 3145 ἀπολαύσας,
905 3082 1069 3136 πάλιν
1124 3084 1309 3154 ἔμεινε
1373 3089 1638 3159 πονηρός.
1709 3091 1865 3145 Ἐπεὶ

1966 581 2117 638 Adeo
2147 585 2292 639 enim
2335 601 2727 657 praeceptorem
2785 587 3133 655 despexerat,
3170 594 3231 639 ut
3269 586 3380 656 jam
3441 601 3569 639 eum

1964 690 2076 731 non
2129 686 2433 742 vereretur,
2486 680 2582 734 sed
2645 695 2770 733 cum
2833 692 2898 733 eo
2960 678 3275 749 intingeret.
3339 678 3567 733 Catiuus

1968 780 2153 824 autem
2182 779 2266 824 est
2297 771 2469 826 lancis
2499 787 2692 843 genus.

2041 950 2194 1006 Vers.
2227 949 2319 1004 24.
2361 949 2535 1004 Filius
2579 949 2793 1021 quidem
2846 981 2912 991 —
2953 949 3219 1016 proditur.
3265 947 3411 1008 Abit.
3462 949 3566 1002 hoc

1963 1056 2066 1108 est,
2106 1043 2272 1108 vadit,
2315 1045 2511 1098 transit
2547 1044 2615 1098 ab
2665 1044 2768 1098 hac
2816 1043 2949 1105 vita,
3003 1042 3146 1096 sicut
3177 1042 3443 1111 scriptum
3478 1051 3564 1095 est

1963 1155 1990 1190 a
2031 1136 2316 1206 prophetis
2355 1138 2422 1191 de
2473 1137 2612 1206 ipso,
2670 1135 2951 1206 quomodo
3012 1134 3267 1190 videlicet
3325 1135 3565 1188 moritu-

1964 1247 2058 1285 rus
2083 1241 2188 1286 est.

2034 1323 2190 1378 Vers.
2223 1321 2315 1378 Ἡ.
2349 1325 2646 1378 Bonum—
2701 1326 2817 1380 inc.
2845 1325 2992 1381 Utile
3025 1326 3214 1380 fuisset
3251 1325 3300 1380 ei
3336 1341 3458 1405 cum
3509 1323 3563 1377 in

1962 1428 2120 1472 utero
2153 1419 2341 1474 matris
2372 1426 2648 1474 cresceret
2677 1419 2906 1473 omnino
2943 1434 3052 1473 non
3089 1419 3264 1482 nasci,
3309 1418 3401 1487 qui
3454 1416 3567 1470 tale

1960 1508 2223 1579 flagitium
2256 1520 2671 1579 perpetraturus
2695 1522 2836 1570 erat,
2863 1519 2922 1563 ut
2948 1509 3039 1563 tali
3071 1511 3272 1581 dignus
3299 1516 3447 1563 esset
3477 1507 3567 1560 fu-

1962 1611 2118 1655 turus
2148 1600 2438 1669 supplicio.
2479 1600 2677 1654 Dicunt
2707 1608 2890 1653 autem
2921 1598 3146 1668 quidam
3173 1599 3333 1668 culpa
3375 1612 3567 1650 carere

1958 1711 2109 1757 eum,
2149 1697 2242 1764 qui
2276 1695 2422 1764 quod
2464 1694 2864 1765 prazdefinitum
2896 1703 3016 1749 erat
3067 1693 3299 1763 peregit.
3357 1691 3570 1758 Quibus

1963 1802 2065 1842 nos
2095 1787 2358 1852 dicimus,
2395 1787 2541 1856 quod
2575 1802 2685 1840 non
2715 1789 2843 1857 quia
2879 1785 3285 1857 predelinitum
3313 1793 3431 1840 erat
3457 1794 3571 1838 tra-

1966 1880 2126 1944 didit,
2176 1881 2270 1934 sed
2298 1879 2425 1948 quia
2481 1879 2721 1943 tradidit,
2790 1879 2913 1932 ideo
2969 1875 3375 1947 pnedeﬁnitum
3428 1884 3568 1937 erat,

1971 1972 2080 2026 Deo
2135 1971 2488 2041 praevidente,
2524 1968 2792 2038 quidquid
2840 1977 3172 2022 eventurum
3228 1975 3366 2020 erat.
3423 1963 3572 2018 Talis

1966 2063 2116 2116 enim
2153 2070 2418 2118 evasurus
2464 2074 2585 2117 erat
2635 2077 2744 2116 nou
2783 2076 2813 2115 a
2848 2070 3064 2124 natura,
3103 2059 3199 2114 sed
3256 2074 3322 2113 ex
3369 2057 3572 2111 volun-

1970 2165 2020 2210 ta
2031 2166 2103 2210 te.

2045 2249 2106 2303 Et
2134 2263 2302 2318 quare
2333 2249 2562 2303 omnino
2595 2247 2839 2318 suscepit
2897 2247 3152 2301 Christus
3205 2245 3260 2300 in
3321 2243 3569 2312 discipu-

1970 2345 2079 2399 lum
2129 2359 2254 2398 cum
2308 2345 2402 2414 qui
2469 2345 2593 2398 talis
2640 2359 2907 2399 evasurus
2943 2342 3112 2396 erat?
3147 2340 3219 2395 Ut
3279 2339 3573 2393 manifesta

1971 2437 2126 2492 ﬁeret
2151 2438 2466 2508 magnitudo
2504 2436 2765 2490 bonitatis
2789 2434 2994 2490 Christi
3026 2442 3081 2488 et
3120 2433 3340 2487 malitia:
3387 2432 3573 2503 proli-

1971 2528 2107 2582 toris
2137 2569 2153 2593 ,
2183 2530 2459 2599 quomodo
2499 2530 2587 2584 ille
2619 2545 2778 2583 suum
2808 2529 3145 2600 proditorem
3185 2527 3442 2583 salutaria
3475 2526 3548 2580 do

1970 2623 2085 2677 cuit
2130 2638 2195 2676 ac
2244 2623 2453 2686 dilexit,
2506 2622 2808 2694 gratiisque
2865 2621 3091 2691 dignum
3138 2620 3313 2686 duxit;
3355 2633 3459 2673 nec
3505 2620 3573 2672 ah

1970 2715 2093 2772 aliis
2129 2715 2458 2786 segregavit.
2495 2715 2590 2768 sed
2623 2715 2806 2768 omnia
2863 2730 2985 2783 qua:
3025 2714 3090 2767 ad
3145 2713 3563 2766 ('0ﬂ\’f3l’>lt)llt‘llt

1972 2826 2036 2865 ac
2085 2809 2490 2864 correctionem
2547 2806 2668 2876 ejus
2720 2815 2900 2870 erant,
2944 2805 3158 2859 induxit
3203 2822 3217 2860 :
3265 2821 3336 2859 ne
3387 2803 3574 2858 dicere

1971 2913 2176 2974 posset,
2213 2902 2358 2974 quod
2393 2911 2789 2972 prieceptorem
2834 2909 3029 2954 nactus
3073 2914 3183 2952 non
3220 2897 3418 2961 fuerat,
3473 2899 3569 2966 qui

1972 2998 2220 3051 volentes
2249 3006 2432 3065 posset
2472 3009 2714 3048 servare.
2767 3000 2836 3046 At
2890 2992 2981 3046 ille
3014 3007 3140 3046 cum
3208 2993 3395 3046 omnia
3453 2992 3572 3047 lucc

1974 3101 2306 3143 consecutus
2335 3088 2550 3150 fuisset,
2598 3086 2957 3142 nihilominus
3011 3085 3191 3139 malus
3242 3085 3569 3154 permansit.

263 3170 376 3240 γὰρ
410 3169 511 3238 τήν
545 3171 724 3243 ψυχήν
749 3177 1073 3247 οἰκητήριον
1128 3179 1223 3230 τοῦ
1273 3180 1525 3234 διαϐόλου
1567 3186 1863 3255 πεποίηκε,

1981 3182 2052 3237 Ex
2079 3197 2190 3252 quo
2218 3182 2364 3236 enim
2396 3181 2634 3234 animam
2659 3196 2815 3234 suam
2850 3178 3186 3234 domicilium
3237 3178 3456 3232 diabolo
3494 3177 3573 3231 fe-

262 3264 365 3330 τῆς
421 3263 794 3335 φιλαργυρίας
853 3269 1148 3339 ἀνοιξάσης
1188 3273 1284 3326 καὶ
1311 3275 1726 3347 εἰσαγαγούσης
1758 3279 1859 3330 αύ-

263 3356 379 3418 τὸν,
415 3354 516 3407 ούκ
540 3354 773 3425 ἐξέφυγε
808 3358 867 3410 τὸ
898 3360 1052 3429 ἄγος.
1078 3361 1242 3414 ’Ὅθεν
1268 3364 1343 3425 ὡς
1369 3364 1469 3417 ούκ
1516 3369 1865 3435 ἀναγκαστι-

269 3449 402 3513 κῷς,
446 3449 583 3501 ἀλλὰ
614 3453 1020 3520 προαιρετικώς
1077 3456 1347 3526 προδότην
1380 3459 1677 3530 γενόμενον
1704 3462 1872 3516 ταλα-

270 3540 407 3604 νίζει
432 3541 622 3595 τοῦτον
654 3544 680 3595 ό
715 3545 944 3613 Κύριος,
1007 3547 1176 3600 ἐλεῶν
1230 3551 1454 3618 μᾶλλον,
1515 3554 1649 3623 παρ’
1703 3556 1867 3608 οὐδὲν

276 3633 372 3700 μὲν
396 3635 626 3704 θέμενον
657 3642 786 3700 τοὶς
821 3639 1054 3703 πολλοὺς
1084 3640 1255 3693 αὑτοῦ
1304 3645 1435 3714 περὶ
1474 3646 1873 3716 άκτημοσύνης

273 3725 490 3794 λόγους.
520 3729 850 3800 εὐχείρωτον
913 3733 970 3785 δὲ
1016 3736 1094 3803 (θ)
1153 3737 1220 3806 τῇ
1267 3737 1612 3808 φιλαργυρίᾳ
1667 3743 1762 3792 καὶ
1793 3739 1874 3810 τῷ

273 3817 509 3890 διαϐόλῳ
583 3823 925 3892 γενόμενονσ
999 3829 1061 3880 ού
1118 3827 1189 3880 δι’
1242 3829 1538 3883 ἀσθένειαν
1597 3832 1710 3884 τῶν
1776 3837 1874 3887 τοῦ

274 3911 602 3966 διδασκάλου
654 3915 850 3983 λόγων,
905 3917 954 3970 οἳ
1015 3918 1110 3970 καὶ
1189 3919 1430 3983 τελώνας
1489 3921 1878 3978 ἐπεσπάσαντο

277 4009 372 4059 καὶ
433 4007 678 4078 πόρνας,
741 4007 880 4066 ἀλλὰ
943 4009 1012 4062 δι’
1073 4011 1285 4066 οἰκείαν
1365 4014 1706 4086 ἀπροσεξίαν
1778 4019 1876 4071 καὶ

277 4117 413 4167 πονη
426 4102 570 4170 ρίαν.

360 4191 503 4244 Ἀλλ’
535 4196 650 4263 ἐρεῖ
684 4212 768 4258 τις
827 4195 1013 4257 πάλιν,
1065 4196 1148 4249 ὅτι
1179 4197 1289 4250 Καὶ
1322 4198 1398 4267 (7)
1433 4200 1480 4251 εξ
1515 4199 1679 4254 καλὸν
1708 4197 1776 4274 ἦν
1801 4203 1879 4274 τῷ

290 4281 490 4353 Ἰούδᾳ,
517 4285 566 4335 εἰ
595 4284 697 4337 οὐκ
754 4284 1045 4354 ἐγεννήθη,
1094 4285 1233 4337 διατί
1276 4287 1462 4340 εἴασεν
1493 4290 1656 4342 αὖτ’,ν
1685 4308 1882 4363 γεννηο

279 4377 440 4443 θῆναι
471 4395 484 4443 ;
534 4379 681 4431 Διότι
712 4381 773 4432 ού
809 4379 976 4441 κακὸς
1010 4381 1301 4452 ἐγεννήθη,
1351 4382 1489 4436 ἀλλὰ
1528 4385 1702 4448 κακὸς
1755 4388 1882 4454 ἐγέ-

278 4489 441 4535 νετο,
503 4472 779 4543 μοχθηρία
850 4472 1076 4544 γνώμης
1154 4476 1250 4526 καὶ
1325 4476 1627 4547 φαυλότητι
1687 4496 1882 4549 προαι-

281 4566 510 4634 ρέσεως.

279 4660 466 4722 κλλὸν,
538 4661 587 4711 εἰ
633 4662 707 4730 μὴ
757 4657 898 4712 ἑκὼν
936 4659 1011 4728 (8)
1063 4661 1147 4730 εἴη
1191 4661 1377 4730 καλὸς,
1411 4662 1528 4715 ἀλλ’
1585 4664 1877 4736 omnem

284 4753 385 4821 μὲν
409 4754 478 4805 τὰ
498 4755 770 4824 σωτήρια,
803 4755 898 4806 καὶ
931 4757 1188 4823 συνεργεῖ
1211 4753 1289 4825 τῷ
1323 4756 1639 4828 αἱρουμένῳ
1662 4757 1840 4811 ταῦτα
1858 4775 1874 4790 ⁶

283 4850 567 4918 συγχωρεῖ
618 4847 676 4899 δὲ
731 4847 1001 4917 φέρεσθαι
1042 4848 1302 4912 ἕκαστον,
1367 4849 1443 4913 ὡς
1492 4850 1876 4919 αὐτεξούσιον,

282 4940 412 4993 ἔνθα
470 4940 748 5011 βούλοιτο·
809 4942 960 4993 καὶὸ
1006 4941 1212 5004 Ἰούδας
1268 4943 1474 5008 τοίνυν,
1525 4945 1626 4998 οὐκ
1689 4947 1879 5016 ἐπειδὴ

284 5035 576 5106 ἐγεννήθη,
639 5036 833 5104 γέγονε
889 5036 1085 5101 κακὸς,
1128 5036 1268 5090 ἀλλὰ
1317 5038 1510 5108 ἐπειδὴ
1558 5039 1882 5110 ἐῤῥᾳθύμη-

287 5147 369 5183 σε.
419 5130 495 5199 (9)
533 5130 740 5199 Διπλής
793 5129 851 5183 δὲ
904 5130 953 5182 οε
986 5129 1269 5200 γινόμενοι
1308 5134 1536 5200 πονηροὶ
1597 5133 1878 5196 κολάσεως

285 5221 452 5284 ἄξιοι,
499 5220 634 5274 διότι
664 5237 724 5272 τε
767 5219 1028 5287 γεγόνασι
1073 5223 1327 5292 πονηροὶ,
1359 5223 1450 5274 καὶ
1495 5221 1631 5274 διότι
1666 5224 1728 5274 ἐκ
1769 5221 1881 5274 τῶν

286 5313 512 5382 ἀγαθῶν
534 5315 632 5368 οὐκ
656 5313 1024 5384 ὠφελήθησαν
1041 5331 1055 5346 ο
1097 5315 1301 5385 ὁμοίως
1318 5315 1373 5368 δὲ
1408 5315 1500 5368 καὶ
1529 5316 1578 5368 oi
1603 5315 1881 5386 γινόμενοι

1974 3286 2144 3341 cerat,
2179 3275 2408 3329 avaritia
2441 3274 2490 3327 ei
2531 3275 2816 3343 aperiente
2849 3274 3117 3342 illumque
3156 3271 3573 3334 introdueente,

1973 3385 2083 3423 ron
2116 3369 2308 3434 ell'ugit
2337 3366 2540 3422 scelus.
2578 3367 2735 3422 Unde
2792 3376 3052 3435 tanquam
3087 3379 3195 3418 non
3238 3373 3427 3419 coacte
3475 3366 3573 3419 sed

1975 3461 2284 3516 voluntarie
2327 3459 2527 3514 factum
2555 3460 2918 3529 proditorem,
2975 3459 3224 3529 deplorat
3277 3461 3426 3512 [tunc
3468 3459 3578 3512 Do-

1979 3556 2182 3616 minus,
2216 3554 2637 3608 commiseratus
2664 3551 2845 3620 potius
2883 3567 3030 3615 eum,
3075 3552 3166 3618 qui
3199 3551 3406 3605 multos
3439 3567 3573 3606 suos

1976 3648 2042 3703 de
2075 3647 2262 3717 inepia
2295 3661 2582 3700 sermones
2621 3645 2822 3699 frustra
2852 3645 3148 3710 audiverit,
3181 3655 3237 3700 et
3262 3661 3385 3700 sese
3451 3662 3580 3700 ava-

1979 3743 2118 3796 ritia:
2146 3757 2211 3795 ae
2241 3740 2456 3795 diabolo
2481 3738 2640 3793 facile
2685 3738 3016 3807 Capiendum
3074 3739 3362 3795 tradiderit
3407 3758 3424 3795 :
3469 3756 3576 3795 non

1980 3847 2112 3887 sane
2143 3833 2213 3886 ob
2247 3830 2604 3885 ineliicaeiam
2662 3830 2960 3884 verborum
3013 3833 3393 3902 praeceptoris,
3455 3849 3580 3902 qua:

1979 3936 2034 3980 et
2060 3925 2384 3995 publicanos
2415 3933 2761 3980 attraxerant
2799 3935 2855 3978 et
2899 3926 3244 3990 meretrices,
3302 3927 3397 3983 sed
3451 3942 3580 3997 pro-

1983 4027 2104 4089 pter
2133 4018 2276 4072 illius
2297 4017 2586 4089 segnitiem
2620 4028 2676 4072 et
2709 4017 2994 4072 malitiam.

2058 4196 2258 4251 Verum
2284 4194 2414 4250 dicit
2439 4209 2628 4249 rursus
2661 4194 2856 4265 aliquis
2890 4213 2902 4250 :
2939 4193 2996 4249 Si
3033 4195 3240 4251 bonum
3277 4206 3396 4252 erat
3427 4197 3586 4253 Iudae

1985 4293 2030 4348 si
2091 4303 2256 4346 natus
2300 4305 2410 4345 non
2469 4289 2689 4355 fuisset,
2747 4303 2848 4343 cur
2885 4306 3011 4344 eum
3076 4291 3226 4346 nasci
3285 4292 3586 4362 permisit?

1984 4386 2121 4452 Quia
2154 4402 2261 4440 non
2305 4385 2480 4439 malus
2511 4392 2674 4437 natus
2707 4392 2810 4450 est,
2855 4383 2952 4438 sed
3004 4384 3206 4438 mentis
3244 4384 3488 4456 nequitia
3523 4401 3586 4440 ae

1986 4479 2286 4534 voluntatis
2333 4477 2606 4547 pravitate
2665 4476 2844 4531 malus
2907 4474 3142 4532 effectus
3172 4485 3308 4532 est:
3370 4478 3582 4533 nullum

586 4566 792 4619 Ούδένα
855 4567 912 4619 δὲ
971 4569 999 4619 ό
1049 4567 1181 4631 Θεὸς
1237 4569 1546 4636 ἀναγκάζει
1615 4574 1874 4640 γενέσθαι

1987 4579 2170 4623 autem
2212 4569 2358 4640 cogit
2376 4568 2492 4622 fieri
2532 4567 2760 4630 bonum,
2794 4582 2865 4620 ne
2889 4567 3259 4622 involuntarie
3285 4567 3356 4622 sit
3385 4570 3586 4634 bonus,

1987 4663 2083 4718 sed
2126 4661 2384 4716 salutaria
2411 4660 2676 4733 suggerit,
2703 4671 2758 4715 et
2787 4675 2851 4716 ea
2907 4661 3203 4729 eligentem
3247 4662 3544 4734 coadjuvat
3573 4683 3585 4717 :

1991 4756 2262 4827 permittit
2289 4766 2470 4810 autem
2507 4771 2960 4825 unumquemque
3013 4755 3147 4809 ferri
3185 4771 3295 4824 quo
3329 4756 3586 4820 voluerit,

1990 4861 2179 4921 utpote
2215 4851 2443 4904 liberum
2481 4850 2772 4905 habentem
2805 4849 3116 4904 arbitrium.
3155 4849 3408 4906 EtJ‘udas
3432 4867 3585 4922 ergo,

1991 4962 2100 4999 non
2144 4945 2272 5016 quia
2301 4955 2464 4998 natus
2506 4955 2611 5008 est,
2657 4945 2833 4999 malus
2881 4943 3118 4999 effectus
3172 4953 3280 5008 est,
3308 4944 3401 5000 sed
3459 4945 3589 5014 quia

1994 5037 2208 5108 ignavia
2240 5035 2465 5105 torpuit.
2499 5035 2604 5100 Qui
2632 5045 2817 5090 autem
2854 5035 2981 5090 mali
3024 5035 3366 5099 efﬁciuntur,
3401 5037 3591 5108 dupli-

1993 5148 2112 5187 cem
2137 5141 2422 5185 merentur
2457 5130 2724 5184 ultionem
2762 5147 2774 5183 :
2839 5138 2894 5183 et
2922 5129 3049 5198 quia
3085 5130 3210 5182 mali
3242 5129 3370 5184 facti
3439 5140 3588 5196 sunt,

1995 5231 2050 5275 et
2080 5220 2207 5291 quia
2236 5237 2265 5274 a
2299 5221 2459 5275 bonis
2488 5221 2693 5274 nullam
2726 5231 2995 5291 ceperunt
3025 5221 3343 5276 utilitatem.
3383 5219 3594 5275 Simili-

1998 5323 2081 5369 ter
2113 5324 2169 5369 et
2198 5315 2291 5384 qui
2341 5313 2471 5368 boni
2503 5313 2838 5379 elliciuntnr,
2877 5313 3080 5384 duplici
3127 5313 3273 5382 digni
3318 5322 3448 5369 sunt
3495 5314 3596 5369 ho-

1492 5433 1694 5493 νοτίδι
1736 5431 2048 5495 lectiones
2095 5441 2154 5493 et
2189 5439 2383 5494 notua.

2063 5561 2140 5629 (5)
2169 5561 2264 5631 Μὴ
2289 5560 2620 5632 γεννηθῆναι
2651 5561 2789 5623 ὅλως
2830 5558 3037 5615 omittit
3063 5558 3200 5614 Col.
3235 5560 3303 5614 A.

2061 5635 2138 5700 ((5)
2171 5634 2260 5697 Δέ,
2291 5635 2496 5688 omittit
2525 5633 2583 5685 Β.

2063 5705 2140 5771 (7)
2176 5705 2304 5766 Καί,
2334 5715 2458 5774 post
2491 5704 2574 5756 ὅτι
2609 5703 2812 5758 omittit
2840 5701 2978 5758 Cod.
3008 5703 3072 5756 Λ.

2064 5779 2143 5844 (3)
2181 5776 2387 5839 ’Λκ(ι›ν,
2428 5775 2487 5829 Β.

2067 5853 2142 5916 i‘l)
2176 5847 2548 5919 'Epaflﬁgms,
2585 5847 2718 5904 Cod.
2751 5847 2812 5901 Α.

363 5567 441 5636 (5)
478 5565 764 5635 Τριϐλίον’
823 5560 1159 5636 σκουτξλιον,
1190 5559 1519 5636 ῥξυβάφιοντ
1561 5561 1741 5636 61709⁵·
1764 5561 1885 5636 93'?

291 5631 400 5692 rill'.
451 5631 762 5708 τρυϐλίον(
805 5632 1161 5708 σκουτέλιονε-
1196 5631 1458 5708 Lexicon,
1507 5631 1700 5708 inquit.
1754 5631 1884 5708 χιιι.

294 5702 500 5763 Μιειιτεξ
526 5707 864 5763 Glossarium
905 5703 1429 5760 Grzeeo-Barbarum
1478 5719 1532 5772 p.
1590 5703 1715 5758 510.
1752 5702 1887 5758 Ero-

293 5781 476 5834 tiauus
510 5779 761 5846 χελίσκον
784 5795 796 5807 ·
820 5776 1110 5847 τρυϐλίον.

366 5852 442 5918 (5)
472 5843 558 5920 Τῇ
593 5851 797 5906 omittit
844 5843 979 5907 Cod.
1021 5846 1084 5901 Α.
1126 5847 1243 5904 Mox
1275 5847 1418 5903 idem
1450 5844 1541 5901 dat
1574 5843 1888 5914 αὖξάνοντι,

296 5940 392 5992 pro
418 5919 658 5990 αὔξοντι.
