4020 6500
247 436 361 499 δτῦ

1131 431 1522 493 (ΣΟΜΜΕΧΤ.
1567 431 1649 492 ιΝ
1690 425 2169 493 ΜΛΤΤΗΕΙΞΜ.
2207 451 2272 475 -.-
2310 424 2471 486 CAP.
2514 425 2725 488 XXVI.

3449 423 3555 487 (:74

251 543 540 599 Μιτθαίου
574 544 850 616 τρήσαντος
902 543 985 597 δτι
1013 542 1041 596 ὁ
1082 542 1318 614 Χριστὸς
1367 544 1475 614 προ
1514 543 1610 612 τῆς
1659 541 1837 594 διανο-

1963 537 2110 591 nodo
2162 553 2286 590 eum
2329 537 2528 590 Μιιίιίιτι
2550 553 2613 590 us
2644 537 2754 590 dist
2774 535 2841 589 rit
2870 535 3152 590 Christum
3207 546 3336 592 ante
3389 541 3558 592 tradi~

251 636 362 704 μῆς
392 635 506 688 τῶν
537 635 859 704 μυστηρίων
901 635 1222 706 ὲφανέρωσε
1255 635 1348 688 τὸν
1377 634 1672 706 προδότην,
1703 637 1840 689 ἀπο-

249 727 468 798 κριθεὶς
497 727 636 795 πρὸς
675 727 837 780 αὐτὸν
868 727 930 780 τὸ
956 727 1041 780 Σὺ
1063 722 1260 793 εἶπας,
1297 722 1458 788 αὖθις
1489 727 1517 778 ὁ
1557 727 1838 796 Ἰωάννης,

251 818 397 887 μετά
425 817 521 888 τὴν
552 817 843 888 διανομὴν,
881 815 1217 886 ἀγνοοῦντας
1253 818 1463 888 ἱστορεῖ
1501 819 1629 880 τοὺς
1666 817 1844 887 μαθη-

245 913 372 975 τάς,
408 913 503 964 καὶ
530 911 970 981 ἀπορουμένους,
1006 911 1094 964 ὅτε
1135 912 1229 964 καὶ
1256 910 1472 976 ἑαυτὸν,
1507 911 1610 963 ὑπὸ
1635 911 1843 980 Πέτρου

249 1003 711 1075 παρορμηθέντα,
765 1003 1108 1073 διερωτῆσαι
1158 1002 1310 1071 λέγει
1351 1001 1442 1054 τὸν
1490 1000 1845 1065 Διδάσκαλον,

250 1101 349 1148 καί
399 1095 625 1164 δοθῆναι
670 1096 901 1165 σημεῖον
940 1093 1002 1146 τὸ
1035 1093 1208 1163 βαφέν
1245 1091 1484 1162 ψωμίον.
1531 1092 1700 1162 Δῆλον
1734 1091 1844 1160 (54)

249 1183 385 1250 γὰρ,
415 1181 490 1244 ὼς
518 1181 749 1251 ὔστερον
774 1179 935 1234 τοῦτο
965 1183 1162 1249 γέγονε
1193 1196 1206 1209 ·
1248 1181 1463 1234 Λαϐὼν
1513 1181 1652 1248 γὰρ,
1685 1184 1845 1249 φησι,

250 1276 319 1329 τὸ
346 1276 584 1344 ψωμίον
603 1275 856 1340 ἐκεῖνος,
884 1273 1106 1339 εὐθέως
1135 1272 1385 1340 ἐξῆλθε.
1438 1274 1563 1335 Τοῖς
1611 1272 1712 1342 μὲν
1756 1271 1849 1325 οὖν

251 1367 438 1429 ἀειλοις
478 1367 780 1437 ἐξηγηταῖς
834 1365 1100 1434 οὐδεμιᾶς
1150 1364 1481 1428 ἐπιστασίας
1530 1362 1744 1433 ἠξιώθη
1790 1364 1851 1417 τὸ

253 1457 431 1527 παρὸν
464 1457 711 1526 ζήτημα·
740 1456 1143 1527 φιλοπονήσασι
1167 1457 1223 1509 δὲ
1254 1457 1410 1526 ἡμῖν,
1450 1455 1478 1509 ὃ
1505 1454 1845 1525 διεγνώσθη.

251 1549 971 1624 ρηθήσεται.ίΝενοήκαμεν
1001 1549 1132 1618 γὰρ,
1166 1549 1248 1602 ὅτι
1292 1550 1398 1619 πρὸ
1420 1548 1513 1601 τοῦ
1551 1549 1720 1619 ἄρτου
1759 1549 1854 1602 καὶ

250 1639 348 1692 τοῦ
410 1639 675 1711 ποτηρίου
708 1639 817 1692 τῶν
853 1639 1118 1709 μαθητῶν
1162 1639 1366 1701 κοινῶς
1412 1639 1847 1710 ὲρωτησὰντων,

252 1731 282 1782 ὁ
314 1728 559 1799 Χριστὸς
601 1729 826 1799 πρῶτον
871 1730 970 1798 μὲν
1007 1728 1175 1781 ἔδωκε
1212 1729 1507 1799 γνώρισμα
1541 1730 1855 1800 κοινότερον

254 1820 340 1884 τὸ,
392 1821 456 1872 'O
481 1819 757 1889 ἐμϐάψας
776 1819 905 1889 μετ’
929 1819 1095 1888 ἐμοῦ,
1131 1820 1222 1872 καὶ
1278 1822 1340 1874 '0
1381 1821 1854 1891 ἐμϐαπτόμενος.

1948 631 2169 683 tionem
2210 631 2595 699 mysteriorum
2628 629 3010 683 manil'estasse
3062 630 3426 699 proditorem,
3467 646 3559 683 re-

1947 721 2228 790 spondens
2265 721 2362 782 illi,
2413 721 2486 774 Tu
2519 722 2700 774 dixisti
2735 720 2798 774 “.
2866 719 3080 775 Rursus
3125 721 3367 775 Joannes
3436 730 3558 790 post

1949 813 2332 885 mysteriorum
2363 813 2715 868 traditionem
2749 811 3062 882 ignorantes
3091 812 3285 868 scribit
3312 812 3557 881 discipu-

1963 906 2048 960 los
2079 921 2142 960 ac
2173 906 2490 959 limsitantes
2522 922 2534 958 :
2569 905 2792 973 quando
2846 913 2901 956 (-t
2936 905 3179 973 seipsum
3204 920 3232 958 a
3271 903 3345 958 Pe
3374 919 3435 957 ro
3475 905 3559 957 in-

1951 1002 2196 1065 ritatum,
2257 999 2628 1073 interrogasse
2669 999 2804 1052 dicit
2861 995 3283 1064 Praecptorem,
3329 1006 3383 1050 et
3449 996 3554 1049 sibi

1952 1093 2280 1162 datumﬁesse
2301 1092 2516 1163 signu‘m
2540 1090 2831 1145 intinctam
2859 1088 3084 1143 ollulam
3105 1089 3173 1144 ³⁸.
3204 1086 3552 1142 Manifestum

1953 1185 2098 1239 enim
2121 1192 2225 1247 est,
2249 1185 2393 1252 quod
2429 1182 2534 1235 hoc
2569 1190 2758 1251 postea
2796 1180 3000 1235 factum
3029 1188 3133 1234 est.
3158 1178 3292 1233 Nam
3317 1191 3553 1243 πτερω.

1955 1278 2154 1346 inquit.
2184 1275 2272 1329 ille
2301 1275 2485 1345 offula,
2520 1275 2678 1328 exivit
2708 1274 2961 1328 continuo
2993 1274 3059 1328 ³⁸.
3093 1274 3321 1329 Czeteris
3337 1275 3558 1344 quidem

1954 1369 2371 1426 enarrator-ibus
2423 1367 2574 1422 nulla
2621 1383 2752 1423 cura
2805 1351 2968 1438 digna
3023 1367 3278 1438 apparuit
3321 1382 3562 1438 praesens

1956 1463 2188 1534 quaestio
2222 1480 2234 1516 :
2273 1476 2374 1516 nos
2406 1471 2588 1516 autem
2638 1460 2784 1529 quod
2832 1470 2954 1530 post
2984 1461 3188 1514 multos
3231 1459 3447 1514 labores
3481 1460 3563 1511 in-

1960 1555 2293 1619 lclleximus,
2333 1556 2385 1608 in
2427 1555 2668 1607 medium
2693 1551 3012 1608 all’eremus.
3050 1551 3410 1622 Percepimus
3429 1567 3562 1606 sane

1958 1649 2106 1718 quod
2163 1656 2296 1701 ante
2341 1662 2538 1716 panem
2573 1656 2626 1700 et
2677 1640 2933 1714 poculum
2997 1644 3288 1712 discipulis
3358 1643 3566 1714 pariter

1961 1737 2457 1808 intermgantibus,
2482 1735 2738 1790 Christus
2772 1736 2988 1803 signum
3022 1735 3175 1788 dedit
3222 1747 3517 1788 commune
3547 1750 3560 1784 :

1963 1826 2066 1893 Qui
2104 1828 2343 1892 intinxil,
2398 1825 2595 1892 inquit,
2670 1840 2914 1887 mecum;
2953 1832 3052 1877 et:
3091 1822 3198 1886 Qui
3259 1821 3561 1890 intingimr.

256 1915 370 1967 Καὶ
429 1916 540 1983 γὰρ
587 1913 789 1976 πάντες
851 1913 947 1965 καὶ
1007 1913 1283 1981 ὲνέόαψαν
1337 1913 1434 1966 καὶ
1488 1913 1853 1970 ὲνεϐἀπτοντο

1963 1919 2241 1990 Siquidem
2277 1933 2472 1974 omnes
2501 1927 2554 1973 et
2585 1917 2946 1980 intinxerant,
3009 1925 3064 1970 et
3106 1915 3285 1971 adhuc
3335 1917 3567 1983 intingc-

253 2007 338 2059 ἔτι
365 2007 501 2078 (55)·
522 2002 644 2060 εἶτα
661 2006 757 2059 τοῦ
784 2006 1044 2077 προδότου
1072 2005 1258 2068 ίδικώς
1286 2006 1693 2078 ἐρωτήσαντος,
1713 2023 1853 2078 τ’ρο-

1963 2012 2185 2067 bantur.
2214 2012 2422 2067 Deinde
2454 2011 2735 2082 proditore
2777 2010 3128 2080 singulariter
3161 2010 3564 2078 interrogante.

256 2097 350 2150 σέο
366 2115 495 2166 ηκεν
530 2096 952 2172 ἰδικώτερον-τὸ,
977 2097 1060 2149 Σὺ
1088 2092 1283 2161 εἶπας.
1306 2097 1469 2149 Ἀλλὰ
1492 2097 1552 2150 τὸ
1582 2098 1680 2167 μὲν
1707 2099 1856 2167 πρῶ-

1963 2105 2167 2160 addidit
2215 2104 2601 2175 particularius
2644 2104 2877 2160 dicens:
2912 2102 2986 2155 Tu
3010 2102 3221 2155 dixisti.
3275 2100 3381 2154 Sed
3415 2105 3567 2171 prius

253 2207 346 2240 τον
377 2189 672 2260 γνώρισμα
730 2188 915 2241 πλεῖον
968 2190 1352 2250 συνεσκίαστο,
1390 2189 1450 2241 τὸ
1487 2189 1746 2259 δεύτερον
1796 2191 1854 2241 δὲ

253 2282 504 2334 ἔλαττον.
541 2282 734 2350 Ὅμως
761 2280 817 2331 δὲ
855 2279 950 2330 καὶ
994 2277 1154 2330 τοῦτο
1203 2279 1589 2343 συνεσκίαστο,
1639 2278 1728 2332 διὰ
1761 2296 1853 2347 φι-

252 2371 636 2442 λανθρωπίαν,
671 2370 746 2433 ὡς
788 2371 877 2435 ἂν,
915 2370 1024 2423 ἀπό
1055 2386 1111 2421 τε
1148 2369 1242 2422 τοῦ
1282 2371 1592 2440 κοινοτέρου
1637 2370 1732 2424 καὶ
1758 2370 1853 2422 τοῦ

259 2466 329 2518 ἰδι
371 2467 579 2536 ωτέρου
636 2466 798 2533 γνοὺς
852 2470 880 2517 ὁ
931 2463 1046 2533 (56)
1121 2463 1326 2527 Ἰούδας
1389 2465 1468 2517 ὅτι
1521 2463 1582 2517 οὐ
1637 2464 1853 2533 λέληθε,

258 2559 671 2629 μεταμεληθείη
729 2559 836 2628 πρὸ
886 2557 984 2610 τοῦ
1035 2558 1446 2627 διαγνωσθῆναι
1499 2561 1615 2622 τοῖς
1671 2559 1856 2622 ἄλλοις

259 2651 559 2723 μαθηταῖς.
604 2649 746 2704 Ἀλλ’
778 2646 926 2705 οὗτοι.
990 2651 1109 2722 μὲν,
1137 2650 1262 2705 οὔτε
1327 2651 1436 2705 ἀπὸ
1495 2653 1588 2705 τοῦ
1632 2651 1854 2723 πρώτου

258 2745 672 2814 γνωρίσματος,
733 2741 859 2796 οὔτε
915 2745 1026 2796 ἀπὸ
1065 2743 1160 2795 τοῦ
1212 2744 1474 2814 δευτέρου
1517 2743 1852 2813 δυνηθέντες

257 2838 477 2904 νοῆσαι,
503 2838 587 2900 τίς
623 2840 650 2890 ὁ
685 2836 953 2909 προδότης
986 2836 1127 2888 ἐστί’
1166 2837 1228 2889 τὸ
1263 2837 1393 2910 γὰρ,
1426 2838 1510 2890 Σὺ
1540 2831 1738 2902 εἶπας,
1773 2837 1859 2888 al-

259 2933 492 3002 νίγματι
525 2929 712 3001 ὲῴκει·
746 2929 869 2982 οὐδὲ
905 2929 1018 2998 γὰρ
1046 2931 1110 2981 ὲκ
1154 2929 1247 2981 τοῦ
1281 2932 1597 3000 προφανοῦς
1647 2928 1858 2997 ὡμολό-

257 3041 450 3093 γησεν,
492 3024 575 3076 ὃτι
621 3021 766 3092 Ἐγώ
816 3023 956 3092 είμι,
995 3021 1135 3074 ἀλλὰ
1195 3022 1317 3074 κατ’
1370 3021 1667 3091 ἐρώτησιν,
1700 3021 1858 3084 Μήτι

259 3117 377 3186 ἐγὼ
409 3120 556 3186 elui;
611 3115 919 3186 ἡσύχασαν,
973 3118 1186 3184 μήποτε
1236 3115 1334 3167 κ.)
1377 3115 1488 3184 (57)
1519 3114 1859 3184 προσονειδμ

1960 2197 2182 2266 quidem
2219 2195 2485 2250 indicium
2523 2196 2693 2265 magis
2718 2193 3089 2257 obumbravit,
3131 2191 3438 2246 secundum
3468 2207 3568 2244 an-

1960 2297 2095 2351 tem,
2133 2287 2317 2342 minus
2336 2287 2580 2356 quidem.
2612 2296 2856 2340 attamen
2885 2285 3055 2340 etiam
3089 2285 3190 2338 hoc
3228 2284 3567 2353 benignitate

1964 2381 2352 2445 obumbravit;
2385 2389 2442 2434 ut
2494 2377 2665 2434 Judas
2708 2378 2929 2449 cognito
2961 2389 3068 2432 tam
3107 2393 3138 2432 a
3196 2377 3563 2431 communim-i

1960 2471 2137 2540 signo,
2165 2487 2326 2540 quam
2350 2487 2379 2523 a
2403 2470 2804 2540 partit‘ulariori
2833 2470 2978 2540 quod
3003 2485 3111 2523 non
3144 2470 3367 2531 lateret,
3392 2469 3564 2538 poeni-

1958 2562 2134 2616 lentia
2181 2562 2480 2617 duceretur
2515 2571 2812 2631 antequam
2870 2561 3087 2615 caeteris
3118 2560 3406 2630 discipulis
3444 2575 3564 2614 ma-

1961 2650 2339 2705 nilestaretur.
2372 2650 2570 2706 Verum
2614 2652 2666 2704 lti
2706 2666 2884 2720 neque
2916 2667 2945 2704 a
2983 2651 3154 2722 priori
3203 2650 3427 2712 indicio,
3469 2666 3570 2704 ne—

1961 2758 2069 2813 que
2119 2745 2467 2813 aposteriori
2509 2743 2818 2814 intelligere
2881 2752 3184 2814 potuerunt
3237 2743 3363 2813 quis
3420 2752 3569 2798 esset

1963 2833 2242 2906 proditor;
2285 2835 2419 2890 illud
2477 2835 2622 2888 enim
2661 2852 2673 2888 :
2707 2835 2785 2892 Tu
2809 2837 3016 2898 dixisti,
3072 2835 3350 2905 aznigmati
3388 2836 3569 2891 simile

1963 2938 2104 2982 erat.
2168 2926 2283 2983 Nec
2353 2930 2500 2982 enim
2560 2927 2851 2982 manifeste
2917 2928 3208 2983 confessus
3258 2939 3371 2983 (rat
3406 2944 3422 2985 :
3460 2929 3570 2996 Ego

1963 3037 2106 3083 sum,
2152 3021 2245 3074 sed
2278 3035 2374 3089 per
2413 3019 2902 3090 interrogationem
2939 3035 2954 3073 :
2987 3018 3260 3090 Numquid
3275 3037 3368 3089 ego
3398 3038 3515 3074 sum
3545 3026 3571 3078 ?

1965 3111 2152 3181 itaque
2183 3117 2502 3173 tacuerunt,
2540 3124 2609 3161 ne
2649 3125 2760 3178 quo
2806 3109 2973 3164 modo
3028 3120 3285 3180 tanquam
3320 3113 3571 3166 insensa-

262 3210 486 3273 σθώσιν,
523 3207 597 3270 ώς
635 3207 879 3278 ἀνόητοιο
910 3207 1005 3259 καὶ
1037 3208 1147 3275 γὰρ
1183 3206 1280 3259 καὶ
1336 3207 1527 3260 ἄλλοτε
1557 3206 1715 3259 τοῦτο
1759 3223 1857 3259 πε-

1965 3205 2035 3259 tis
2067 3204 2427 3274 exprobraret
2478 3202 2779 3256 Christus:
2829 3218 2955 3256 nam
2997 3211 3053 3257 et
3117 3203 3218 3258 hoc
3250 3204 3376 3257 alibi
3421 3209 3566 3275 passi

263 3302 548 3356 πόνθασιν·
600 3300 805 3364 Ἰούδας
837 3302 914 3364 δὲ,
948 3301 1056 3352 ἀπὸ
1089 3298 1183 3351 τοῦ
1214 3299 1476 3370 δευτέρου
1524 3300 1850 3371 γνωρίσμα-

260 3411 354 3459 τος
381 3398 583 3466 συνῆκε
609 3396 727 3465 μὲν,
763 3395 845 3448 ὅτι
877 3393 1181 3464 διεγνὼσθη
1218 3394 1295 3464 τῷ
1342 3395 1589 3466 Χριστῷ·
1627 3393 1852 3462 λογισά-

267 3507 428 3559 μενος
453 3489 534 3552 δὲ,
565 3489 651 3541 ὅτι
684 3486 842 3540 οὔπω
885 3488 1022 3550 τέως
1058 3489 1172 3550 τοῖς
1203 3487 1478 3557 μαθηταῖς
1522 3488 1852 3558 πεφανέρω-

264 3599 378 3646 ται,
411 3581 486 3651 μὴ
515 3580 835 3650 νενοηκόσιν
859 3579 962 3642 ἔτι,
999 3579 1090 3631 τὸν
1118 3577 1427 3646 ἀγνοοῦντα
1447 3580 1853 3649 προσεποιεῖτο,

265 3673 366 3742 τῆς
394 3671 489 3724 τοῦ
529 3670 857 3724 διδασκάλου
893 3669 1266 3740 καταθαρῤὠν
1292 3669 1678 3735 ἀνεξικακίας
1717 3671 1857 3739 μετὰ

266 3766 323 3819 δέ
356 3782 421 3834 γε
446 3764 546 3834 τὴν
571 3763 680 3818 τῶν
728 3763 1050 3832 μυστηρίων
1081 3761 1370 3831 διανομὴν,
1410 3762 1574 3814 πάλιν
1606 3763 1634 3813 ὁ
1664 3761 1858 3831 Σωτὴρ

269 3856 680 3929 ἐμαρτύρησεν,
709 3857 901 3926 ἤγουν,
921 3855 1336 3925 διεμαρτύρατο
1370 3854 1498 3924 περὶ
1528 3855 1626 3922 τῆς
1661 3854 1858 3924 προδο-

270 3948 414 4011 σίας,
457 3947 531 4011 ὡς
565 3949 590 3998 ό
641 3947 896 4015 Ἰωάννης
925 3943 1188 4014 ἔγραψεν,
1216 3945 1302 3996 ἵνα
1332 3945 1359 3995 ὁ
1399 3943 1625 4009 Ἰούδας,
1660 3945 1858 3996 τοσαύ-

269 4057 370 4110 της
451 4038 707 4103 ἀξιωθεὶς
790 4037 1202 4108 μακροθυμίας,
1280 4038 1376 4088 καὶ
1447 4035 1522 4105 μὴ
1581 4035 1862 4106 προδήλως

270 4130 858 4203 παραδειγματισθεὶς,
896 4130 1010 4200 (58)
1043 4129 1181 4199 μηδὲ
1211 4128 1321 4181 τῶν
1355 4129 1678 4198 μυστηρίων
1726 4130 1862 4180 ἀπε-

269 4227 476 4291 λαθεὶς,
512 4225 649 4278 ἀλλὰ
689 4211 1012 4277 καὶτούτων
1047 4223 1244 4291 ἐπίσης
1296 4225 1411 4286 τοῖς
1443 4221 1717 4292 μαθηταῖς
1745 4221 1858 4292 (59)

274 4319 587 4393 μετασχὼν,
657 4319 883 4387 γένηται
933 4317 1158 4387 βελτίων
1224 4317 1320 4369 καὶ
1388 4314 1862 4385 σωφρονέστερος·

273 4413 437 4472 εὐθὺς
479 4412 535 4464 δὲ
568 4413 616 4463 οἱ
652 4410 922 4480 μαθηταὶ,
963 4409 1164 4481 μηκέτι
1197 4406 1525 4477 δυνηθέντες
1565 4406 1862 4476 καρτερεῖν

273 4505 367 4555 ἐπὶ
401 4501 612 4554 πλεῖον³
647 4501 747 4554 καὶ
785 4500 896 4571 γὰρ
943 4499 1223 4568 ἠγωνίων,
1257 4496 1354 4568 καὶ
1395 4493 1626 4546 ἔϐλεπον
1655 4494 1735 4554 είς
1769 4491 1865 4544 ἀ).-

1962 3301 2110 3348 sunt.
2128 3292 2298 3347 Judas
2324 3307 2456 3346 vero
2479 3307 2507 3345 a
2530 3291 2775 3345 secundo
2793 3292 3016 3360 quidem
3039 3293 3242 3346 indicio
3271 3294 3564 3357 intellexit.

1961 3384 2108 3453 quod
2131 3400 2159 3438 a
2189 3383 2411 3438 Christo
2429 3384 2680 3453 cognitus
2693 3392 2840 3436 esset
2859 3401 2873 3436 :
2895 3394 3097 3452 putans
3126 3394 3304 3437 tamen
3328 3387 3569 3455 discipu-

1968 3475 2033 3527 Iis
2062 3472 2305 3527 nondum
2341 3472 2751 3526 manilestatum
2803 3487 2948 3534 esse,
2978 3489 3102 3526 eum
3142 3473 3215 3526 illi
3243 3489 3352 3526 non
3411 3475 3572 3529 intel-

1965 3565 2262 3630 lexissent,
2293 3565 2638 3635 ignorantem
2672 3578 2730 3618 se
2763 3563 2940 3626 linxit,
2977 3571 3192 3633 sumpta
3231 3565 3570 3620 aclementia

1967 3659 2319 3727 praeceptoris
2348 3656 2564 3712 ﬁducia.
2595 3657 2726 3710 Post
2762 3655 3084 3710 divisionem
3135 3665 3315 3710 aut-ni
3370 3669 3574 3730 myste-

1967 3750 2174 3801 riorum
2215 3763 2406 3801 rursus
2433 3747 2683 3807 Salvator
2717 3747 2784 3800 de
2823 3747 3136 3816 proditione
3183 3756 3421 3802 testatur
3453 3755 3574 3803 sive

1969 3850 2303 3912 protr-status
2343 3850 2449 3905 est,
2503 3839 2669 3892 veluti
2704 3839 2926 3907 scripsit
2965 3836 3228 3904 Joannes,
3260 3850 3316 3892 ut
3352 3842 3433 3894 \el
3489 3843 3569 3895 sie

1968 3933 2137 3986 Judas
2173 3941 2376 3986 tantam
2418 3941 2677 4001 expertus
2705 3933 3201 4002 longanimitatem,
3253 3949 3356 3989 nec
3390 3951 3569 3989 maui-

1969 4026 2108 4080 feste
2151 4027 2456 4087 traductus,
2511 4039 2689 4094 neque
2743 4024 3023 4094 mysteriis
3084 4023 3404 4091 frustratus,
3472 4027 3572 4082 sed

1970 4134 2125 4189 azque
2155 4135 2279 4173 cum
2313 4117 2599 4186 discipulis
2642 4117 2841 4170 horum
2871 4119 3147 4187 particeps
3178 4118 3423 4183 eﬂ'ectus,
3453 4138 3571 4174 tne-

1968 4211 2070 4265 lior
2111 4225 2174 4264 ac
2203 4219 2383 4264 mente
2413 4211 2603 4262 sanior
2633 4208 2965 4264 clﬁceretur.
2992 4209 3192 4264 Statim
3230 4228 3363 4281 ergo
3394 4212 3564 4266 disci-

1973 4302 2108 4373 puli,
2145 4301 2256 4371 jam
2293 4302 2526 4355 ulterius
2582 4303 2818 4355 tolerare
2852 4310 3222 4370 nequeuntes,
3271 4304 3572 4373 plurin'utn

1973 4397 2120 4450 enim
2149 4396 2295 4449 anxii
2346 4407 2526 4459 erant,
2582 4407 2637 4449 et
2684 4397 2749 4449 ad
2785 4410 2844 4450 se
2897 4395 3128 4450 invicem
3179 4397 3571 4466 reSpiciebant.

1975 4489 2297 4544 haesitantes
2333 4489 2402 4542 de
2437 4503 2547 4557 quo
2568 4488 2813 4553 diceret;
2847 4488 2947 4557 ipsi
2984 4489 3207 4559 quidem
3260 4489 3575 4560 interroga-

273 4594 490 4662 ὶήλους,
531 4590 901 4660 ἀπορούμενοι
957 4590 1088 4658 περὶ
1147 4588 1295 4648 τίνος
1354 4584 1529 4652 λέγει’
1582 4581 1737 4634 αὐτοὶ
1767 4581 1868 4652 μὲν

1979 4584 2182 4638 tionem
2222 4583 2403 4638 facere
2452 4583 2570 4636 ausi
2618 4598 2725 4635 non
2760 4591 2912 4646 sunt,
2966 4582 3037 4636 ob
3062 4597 3181 4636 eam
3215 4598 3377 4651 quam
3408 4585 3573 4653 paulo

275 4688 367 4740 καὶ
397 4684 574 4746 οὕτως
605 4684 705 4737 ούκ
737 4684 1047 4753 ἐτόλμησαν
1083 4681 1182 4751 τὴν
1230 4678 1525 4745 ἐρώτησιν,
1580 4677 1648 4730 δι’
1683 4676 1750 4745 ἣν
1785 4677 1864 4728 εί-

278 4783 528 4851 ρήκαμεν
563 4777 767 4830 αἰτίαν·
804 4775 884 4845 τῷ
927 4773 1153 4844 Ἰωάννῃ
1195 4772 1252 4825 δὲ
1307 4770 1514 4840 ταύτην
1561 4767 1864 4838 ἐπέτρεψεν

274 4878 300 4926 ό
334 4874 562 4940 Πέτρος,
616 4869 693 4931 ὡς
724 4867 1079 4938 ἠγαπημένῳ
1113 4866 1352 4936 μάλιστα
1402 4863 1484 4934 τῷ
1528 4862 1862 4933 διδασκάλῳ,

274 4966 371 5019 καὶ
423 4963 778 5033 ἀνακειμένῳ
834 4960 1145 5033 τηνικαῦτα
1186 4962 1244 5012 ὲν
1296 4958 1374 5028 τῷ
1424 4958 1614 5029 κόλπῳ
1670 4958 1860 5013 αὑτοῦ·

275 5059 302 5112 ὁ
329 5058 385 5111 δὲ
411 5057 845 5130 μεταστραφεὶς,
873 5059 966 5109 καὶ
995 5051 1283 5107 ἐπιπεσὼν
1324 5052 1420 5106 ἐπὶ
1448 5051 1512 5104 τὸ
1540 5049 1738 5122 στῆθος
1765 5052 1865 5102 αύ-

275 5153 392 5218 τοῦ,
428 5151 548 5223 μετ’
575 5151 865 5213 εύλαδείας
889 5149 1176 5220 ἠρώτησεν
1200 5150 1280 5211 είς
1310 5146 1371 5199 τὺ
1408 5145 1522 5212 οὓς,
1552 5147 1649 5198 καὶ
1677 5144 1866 5198 λοιπὸν

275 5245 310 5299 δ’
333 5245 526 5314 Σωτὴρ
565 5241 815 5305 συνιδὼν,
850 5241 932 5293 ὅτι
959 5239 1179 5301 ἀνίατος
1204 5239 1231 5291 ό
1271 5236 1483 5301 Ἰούδας
1529 5235 1705 5307 μένει,
1753 5234 1863 5288 οὐδ’

349 5379 393 5411 ³³
426 5377 618 5432 Matth.
657 5391 806 5441 xxvi,
833 5374 928 5429 25.
1016 5375 1060 5406 ⁸⁵
1091 5373 1250 5429 Joan.
1288 5389 1405 5437 xm,
1437 5372 1528 5437 25,
1591 5371 1685 5424 26.

1974 4685 2104 4730 ante
2164 4675 2404 4730 diximus
2459 4689 2734 4730 causam:
2783 4674 2880 4729 sed
2930 4675 3073 4729 banc
3136 4675 3332 4730 Petrus
3372 4674 3570 4730 Joanni

1973 4767 2274 4832 commisit,
2328 4774 2585 4836 tanquam
2630 4765 2870 4819 maxime
2904 4780 2932 4818 a
2960 4763 3309 4835 Prmeeptore
3342 4765 3566 4832 dilecto,

1973 4869 2029 4914 et
2053 4868 2181 4914 tunc
2212 4859 2265 4912 in
2293 4859 2415 4928 ejus
2448 4856 2571 4911 sinu
2605 4856 2946 4910 recumbenti
2974 4874 2986 4910 :
3013 4863 3070 4910 at
3101 4855 3193 4910 ille
3243 4871 3569 4922 conversus,

1974 4961 2029 5005 et
2065 4967 2187 5006 cum
2249 4948 2557 5006 reverentia
2607 4963 2773 5018 super
2817 4957 3006 5018 peetus
3032 4948 3153 5018 ejus
3205 4948 3480 5012 recidens,
3516 4948 3571 5002 in

1975 5061 2164 5099 aurem
2198 5042 2577 5113 interrogavit.
2610 5043 2672 5096 Et
2705 5049 2837 5096 tunc
2880 5041 3128 5096 Salvator
3158 5042 3378 5113 cognito
3421 5043 3571 5112 quod

1972 5139 2144 5196 Judas
2163 5137 2482 5192 incurabilis
2509 5146 2881 5206 permaneret,
2907 5151 3008 5189 nec
3031 5134 3112 5189 sic
3133 5134 3354 5203 quidem
3389 5137 3571 5203 publi-

1974 5233 2120 5287 cavit
2142 5246 2291 5294 cum,
2322 5229 2416 5283 sed
2455 5228 2737 5298 respondit
2757 5236 2811 5282 et
2838 5228 2952 5298 ipse
2983 5226 3034 5281 in
3071 5241 3259 5281 aurem
3289 5244 3306 5283 :
3335 5225 3440 5280 Ille
3469 5237 3566 5290 est,

1765 5372 1811 5401 "
1845 5369 1986 5424 Ibid.
2020 5370 2112 5423 50.

1473 5529 1673 5592 Variae
1702 5528 2011 5593 lectiones
2048 5535 2109 5591 et
2141 5538 2332 5589 notte.

351 5699 465 5774 (54)
499 5700 668 5774 Δίῇλον
690 5700 822 5774 γὰρ,
972 5699 1098 5774 Haec
1127 5696 1486 5774 o_gnitlit_cod.
1510 5696 1579 5751 Α.

351 5764 464 5846 (35)
501 5764 884 5846 -s'«.-t_,_omiun
911 5770 1037 5846 cod.
1061 5767 1311 5846 A._l'_‘orte
1336 5767 1661 5840 Euthymius
1699 5764 1865 5822 etiam

283 5839 863 5906 tledcral,tvé6atrtov,
889 5856 989 5908 pro
1024 5839 1414 5896 ὲνεὸάπτοντο,

357 5917 469 5988 (56)
511 5914 589 5980 ’0,
627 5911 832 5967 omittit
863 5913 922 5964 ιι.

2050 5693 2163 5761 (57)
2203 5693 2313 5746 Καί
2338 5691 2546 5747 omittit
2568 5689 2692 5746 cod.
2720 5688 2786 5746 Α.

2052 5765 2164 5833 (58)
2191 5765 2302 5817 Καὶ
2327 5764 2487 5834 μηδέ,
2521 5762 2655 5834 Cod.
2682 5762 2749 5834 ᾼ.

2053 5831 2163 5907 (59)
2195 5831 2638 5907 Τῶνμίαθητῶν,
2676 5831 2809 5888 Cod.
2836 5834 2902 5885 A.
