4020 6506
501 405 610 471 679
1729 415 2044 476 EUTIIYM

2159 417 2326 475 ZIGA
2339 417 2514 476 BEN!
3646 421 3752 486 680

497 530 639 584 Dicit
663 530 807 586 enim
833 531 1004 586 Lucas
1030 549 1041 584 :
1069 531 1187 585 Non
1208 539 1360 584 canet
1384 531 1537 585 hodie
1557 530 1731 601 gallus
1763 532 2050 602 priusquan

2180 533 2454 600 σήμερον
2502 529 2791 599 ἀλέκτωρ,
2839 532 2978 598 :zﬂr
3023 529 3060 600 ἢ
3111 532 3235 600 τρὶς
3282 533 3626 602 ἀπηρνήθην
3669 540 3752 606 μὴ

495 633 575 678 ter
612 626 851 693 abneget,
891 634 938 678 te
968 640 1115 677 nosse
1148 640 1228 677 me
1260 624 1325 678 ⁸³.

2183 623 2402 676 εἰδέναι
2423 638 2520 692 με.

569 714 722 768 Vers.
779 713 869 769 35.
930 712 1073 767 Dicit
1130 745 1198 755 —-
1254 713 1545 785 abnegabo.
1604 714 1826 779 Quanto
1868 711 2046 767 firmiu

2253 716 2424 783 Λέγει
2457 712 3004 784 έ-ἀπαρνήσομαι.
3055 715 3220 768 Ὅσον
3274 715 3680 769 διαϐεϐαιοῦται
3729 720 3755 770 ὁ

492 805 721 858 allirmat
752 804 1031 866 Christus.
1065 815 1219 860 tanto
1258 806 1454 861 Petrus
1492 821 1522 859 e
1561 805 2050 875 diversomajoreu

2179 806 2438 875 Χριστὸς,
2482 803 2735 858 τοσοῦτον
2785 805 2812 856 ὁ
2848 805 3051 873 Πέτρος
3099 805 3568 876 ἀντισχυρίζεται.
3605 807 3755 874 Σφο-

492 894 736 948 ostendit
773 893 1147 949 fortitudinem
1175 912 1190 962 ;
1219 896 1516 950 vehemens
1552 896 1697 948 enim
1726 904 1846 949 erat
1877 896 1931 947 in
1958 895 2050 964 ipsi

2179 900 2306 971 δρὸν
2337 900 2446 968 γὰρ
2477 900 2535 950 ὲν
2565 898 2714 970 αὐτῷ
2750 899 2809 950 τὸ
2851 898 3023 960 πάθος
3049 898 3147 968 τῆς
3182 899 3269 967 ἐφ’
3294 897 3471 969 ἑαυτῷ
3491 898 3756 969 πεποιθή-

497 987 730 1042 affectus
761 989 995 1058 propria:
1029 989 1394 1050 confidentiae,
1423 988 1546 1043 ideo
1572 987 1837 1042 miserum
1869 990 2050 1058 paliltl‘

2178 1008 2340 1052 πως.
2361 991 2453 1044 Διὸ
2489 991 2585 1044 καὶ
2623 989 2864 1061 χαλεπὸν
2896 989 3189 1059 ὑφίσταται
3223 991 3503 1059 ναυάγιον,
3547 990 3753 1060 ἕρημος

487 1079 826 1150 naufragium
880 1096 957 1146 ;a
1014 1081 1198 1136 divino
1246 1081 1452 1134 auxilio
1503 1080 1653 1135 solus
1713 1067 1963 1144 relictus,
2011 1089 2071 1134 ιιι

485 1171 607 1238 ejus
633 1180 889 1241 arguatur
921 1171 1222 1226 infirmitas.
1258 1172 1390 1226 Vide
1421 1183 1600 1228 autem
1646 1173 1923 1242 quomodo
1948 1181 2070 1242 post

488 1261 603 1314 haec
634 1259 792 1313 sitad
851 1261 1178 1315 modestiam
1230 1271 1545 1316 revocatus.
1607 1261 1891 1332 Siquidem
1942 1276 2066 1315 cum

485 1357 608 1418 post
646 1348 1127 1404 Resurrectionem
1167 1350 1234 1404 de
1269 1349 1479 1405 Joanne
1509 1350 1784 1406 dixisset:
1820 1351 2068 1414 Domine,

483 1437 565 1489 hic
599 1447 778 1490 autem
811 1439 937 1508 quid
969 1439 1047 1490 “7
1074 1447 1129 1492 et
1163 1438 1481 1509 impositum
1511 1449 1657 1493 esset
1681 1439 1730 1494 ei
1761 1439 2066 1504 silentium,

485 1529 635 1583 illico
672 1529 928 1584 obticuit.
966 1531 1033 1584 Et
1063 1539 1190 1584 ante
1231 1532 1686 1601 Assumptionem
1718 1546 1843 1586 cum
1880 1532 2066 1585 audis-

481 1629 566 1673 set
601 1639 613 1672 :
656 1620 776 1673 Non
815 1631 887 1675 est
919 1632 1148 1675 vestrum
1184 1637 1332 1676 nosse
1359 1632 1594 1692 tempora
1641 1623 1719 1676 vel
1765 1622 2064 1677 occasiones

481 1721 770 1779 temporum
805 1713 871 1776 ⁸⁸,
899 1714 1149 1767 similiter
1192 1713 1476 1769 conticuit.
1513 1713 1578 1768 Et
1638 1723 1772 1783 post
1826 1715 1945 1769 IIch
1991 1715 2060 1768 de

481 1804 651 1858 linteo
676 1821 799 1861 cum
829 1806 1078 1859 audisset
1107 1826 1120 1859 :
1156 1803 1286 1869 Qua!
1312 1804 1455 1860 Deus
1484 1807 1806 1876 puriﬁcaeit,
1830 1815 1887 1860 tu
1915 1823 2058 1861 com-

2170 1082 2271 1152 τῆς
2298 1081 2449 1149 παρὰ
2475 1080 2612 1134 Θεοῦ
2646 1078 2898 1150 βοηθείας
2928 1078 3307 1148 ἀπολειφθεὶς,
3335 1083 3427 1133 καὶ
3451 1080 3753 1151 ἐλεγχθεὶς,

2169 1172 2505 1242 ὃτιὰσθενής
2527 1173 2696 1224 ἐστιν.
2730 1168 2874 1240 Ὅρα
2908 1170 3038 1239 γοῦν
3074 1172 3212 1240 μετὰ
3245 1170 3437 1234 ταῦτα,
3474 1171 3590 1234 πῶς
3621 1189 3752 1225 κατι

2171 1262 2502 1332 εσταλμένος
2532 1261 2672 1316 ἔστί.
2720 1261 2831 1316 Καὶ
2856 1262 2965 1332 γὰρ
2998 1261 3137 1331 μετὰ
3168 1261 3265 1332 τὴν
3295 1261 3634 1328 ’Δνάστασιν,
3668 1263 3747 1315 εί-

2170 1353 2290 1406 πὼν
2321 1355 2450 1422 περὶ
2479 1353 2576 1408 τοῦ
2619 1352 2892 1420 Ἰωάννου,
2919 1353 3032 1422 (ιι)
3083 1356 3281 1421 Κύριε,
3334 1349 3511 1420 οὗτος
3562 1354 3631 1407 δὲ
3659 1355 3749 1420 τίς

2173 1445 2271 1496 καὶ
2324 1443 2771 1515 ἐπιστομισθεὶς,
2812 1445 3010 1498 αὐτίκα
3047 1445 3327 1514 σεσίγηκε.
3362 1445 3474 1498 Καὶ
3503 1445 3609 1514 πρὸ
3645 1446 3745 1514 τῆς

2166 1536 2511 1606 ἀναλήψεως,
2546 1547 2550 1552 ’
2585 1536 2859 1600 ἀκούσας’
2926 1539 3050 1606 Οὐχ
3119 1534 3286 1606 ὑμῶν
3342 1537 3470 1590 ἐστι
3524 1537 3748 1605 ταῶναι

2163 1630 2426 1697 χρόνους
2477 1627 2516 1698 ἢ
2565 1629 2831 1698 καιροὺς,
2885 1630 3086 1699 ὁμοίως
3131 1628 3393 1699 ἡσύχασε.
3444 1629 3552 1681 Καὶ
3608 1629 3745 1698 μετὰ

2161 1719 2356 1785 ταῦτα,
2409 1720 2504 1773 ἐπὶ
2540 1719 2640 1790 τῆς
2682 1719 2878 1790 ὀθόνης
2910 1720 3246 1784 ὲνωτισθείς,
3288 1721 3370 1772 ὅτι
3429 1720 3500 1773 Ἀ
3535 1721 3567 1772 ό
3603 1719 3746 1782 Θεὸς

2161 1810 2502 1890 ὲκαθάριᾳε,
2533 1812 2616 1866 σὺ
2638 1812 2725 1882 μὴ
2751 1814 2985 1879 κοίνου,
3016 1813 3109 1865 καὶ
3133 1811 3255 1865 οὐδὲ
3280 1811 3466 1880 σαφῶς
3498 1810 3653 1872 είδὼς
3687 1813 3743 1861 τὶ

479 1898 658 1950 munia
709 1912 770 1949 ne
822 1899 1018 1951 dixeris
1059 1897 1121 1961 ",
1184 1913 1502 1968 quanquam
1561 1914 1671 1952 non
1729 1899 2050 1970 intelligeret

2167 1871 2358 1973 ῥηθὲν,
2394 1871 2544 1972 δμὼς
2577 1871 2678 1958 οὐκ
2710 1871 3036 1974 ἰτόλμησὲν
3094 1871 3391 1956 ἀντειπεῖν.
3449 1871 3643 1951 ταῦτα
3687 1900 3742 1951 δε

477 1989 762 2044 manifeste
793 1990 936 2059 quod
984 1990 1291 2053 dicebatur,
1355 2006 1465 2045 non
1515 1999 1698 2045 tamen
1755 2006 1922 2045 ausus
1974 1999 2058 2045 est

478 2083 827 2152 respondere.
862 2082 982 2138 llrec
1016 2094 1196 2138 autem
1226 2085 1408 2138 omnia
1435 2098 1597 2138 casus
1629 2083 1722 2138 ille
1745 2083 2057 2154 negationis

474 2177 731 2230 correxit.
756 2176 818 2230 Et
843 2187 969 2231 ante
1004 2177 1105 2231 hoc
1133 2179 1378 2247 quidem,
1402 2177 1670 2247 quidquid
1694 2186 1813 2232 erat
1843 2177 1966 2231 fidei
1995 2175 2050 2230 in

474 2280 531 2317 se
559 2267 880 2334 reponebat,
928 2266 1118 2321 dicens
1150 2285 1164 2320 :
1206 2267 1319 2336 Ego
1348 2276 1526 2320 tamen
1557 2273 1829 2336 nunquam
1891 2265 2058 2332 offen-

473 2361 573 2410 dar
634 2360 714 2424 “;
776 2367 828 2413 et
870 2376 884 2409 :
920 2359 1267 2430 Nequaquam
1336 2371 1386 2414 te
1442 2361 1713 2429 abnegabo
1774 2359 1861 2426 ”;
1930 2375 2055 2414 cum

474 2450 782 2504 addendum
845 2451 898 2504 fu
926 2460 1038 2504 sset
1112 2470 1126 2505 :
1183 2453 1242 2505 Si
1307 2462 1358 2505 te
1423 2453 1667 2506 habuero
1726 2453 2053 2521 adjutorcm.

473 2542 823 2596 Postmodum
892 2554 1074 2597 autent
1143 2545 1212 2597 de
1264 2545 1445 2598 claudi
1525 2544 1814 2600 sanatione
1875 2548 2053 2614 palam

468 2633 720 2689 (licebat:
762 2632 903 2698 Quid
944 2651 1037 2687 nos
1093 2636 1376 2689 intuemini
1419 2637 1574 2705 quasi
1613 2645 1798 2690 nostra
1857 2639 2056 2692 virtute

466 2732 559 2774 aut
600 2725 794 2791 pietate
835 2724 1152 2793 eﬁ'ecerimus
1188 2735 1243 2777 ut
1268 2727 1352 2778 hic
1385 2725 1684 2780 ambularet
1710 2729 1805 2780 "?

540 2813 676 2867 llinc
710 2831 838 2885 ergo
879 2831 1132 2885 magnum
1161 2816 1422 2869 discimus
1452 2817 1870 2883 documentum,
1902 2820 2051 2888 quod

468 2924 648 2977 neque
676 2908 914 2960 humana
958 2909 1333 2977 promptitudo
1353 2909 1647 2978 quidquam
1678 2909 1877 2965 eiliciat
1925 2915 2050 2967 abs-

465 3023 573 3076 que
601 3005 788 3060 divino
818 3005 1038 3068 auxilio,
1073 3001 1546 3075 neque'divinum
1573 3009 1839 3064 auxilium
1879 3011 2054 3080 prosit

463 3098 672 3166 absque
715 3097 1145 3167 promptitudine
1194 3100 1454 3153 humana.
1508 3099 1807 3171 Utriusque
1842 3103 1918 3156 rei
1960 3119 2054 3158 ex-

2164 1996 2342 2047 πάντα
2380 1995 2441 2048 τὸ
2477 1994 2680 2066 πτῶμα
2718 1997 2895 2048 ἐκεῖνο
2935 1995 3035 2063 τῆς
3066 1994 3350 2065 ἀρνήσεως
3387 1989 3738 2060 κατώρθωσε.

2165 2086 2274 2138 Καὶ
2305 2083 2412 2154 πρὸ
2441 2085 2633 2138 τούτου
2671 2085 2769 2155 μὲν
2797 2084 2976 2151 ἑαυτῷ
3005 2084 3067 2136 τὸ
3097 2083 3202 2136 πᾶν
3229 2083 3326 2152 τῆς
3359 2082 3593 2143 πίστεως
3616 2083 3737 2132 ἀνευ

2159 2175 2320 2241 τίθει,
2357 2176 2550 2243 λέγων·
2613 2175 2755 2243 Ἐγὼ
2806 2175 2875 2228 δὲ
2936 2174 3228 2228 οὐδέποτε
3279 2171 3742 2239 σκανδαλισθή-

2160 2279 2371 2333 σομαι,
2422 2250 2514 2316 ιῖαὶ
2539 2301 2554 2330 ,
2619 2262 2704 2318 Οὐ
2732 2262 2816 2332 μή
2848 2278 2922 2316 σε
2953 2261 3389 2331 ἀπαρνήσωμαι
3439 2259 3575 2331 (45),
3623 2261 3740 2311 δέον

2161 2356 2511 2427 παρακιρνᾷν
2555 2357 2668 2419 τοῖς
2714 2355 2915 2423 λόγοις,
2960 2355 3044 2408 ὅτι
3089 2355 3214 2406 Ἐὰν
3267 2354 3375 2422 ἔχω
3418 2368 3478 2404 σε
3525 2351 3739 2422 βοηθόν.

2163 2448 2432 2518 Ὕστερον
2466 2447 2544 2509 δὲ,
2574 2447 2667 2500 ἐπὶ
2695 2445 2789 2499 τοῦ
2826 2445 3023 2516 χωλοῦ,
3065 2443 3363 2515 διαρρήδην
3405 2443 3618 2510 ἔλεγεν,
3656 2442 3740 2494 ὅτι

2171 2540 2334 2610 Ἡμῖν
2372 2542 2428 2595 τί
2467 2539 2788 2600 ἀτενίζετε,
2825 2539 2907 2604 ὡς
2943 2537 3061 2603 ὶδίᾳ
3098 2537 3350 2605 δυνάμει
3392 2535 3430 2604 ἢ
3461 2536 3738 2602 εὐσεϐείᾳ

2159 2635 2522 2702 πεποιηκόσι
2563 2631 2670 2686 τοῦ
2709 2630 3055 2700 περιπατεῖν
3083 2629 3311 2693 aliter;

2245 2811 2522 2867 Ἐντεῦθεν
2558 2806 2655 2864 οὖν
2694 2809 2838 2878 μέγα
2877 2809 3054 2877 δόγμα
3096 2805 3442 2878 μανθάνομεν
3486 2806 3619 2874 «46).
3658 2805 3732 2869 ὡς

2158 2908 2281 2960 οὕτε
2324 2906 2642 2973 ἀνθρωπίνη
2688 2901 2969 2971 προθυμία
3015 2901 3271 2970 κατορθοῖ
3322 2911 3378 2954 τι
3413 2899 3578 2970 χωρὶς
3634 2897 3732 2966 τῆς

2158 2999 2306 3059 θείας
2341 2996 2536 3066 ῥοπῆς,
2565 2994 2687 3047 οὔτε
2719 2993 2839 3045 θεία
2869 2990 3013 3062 ῥοπὴ
3045 2991 3234 3062 κέρδος
3260 2990 3420 3061 φέρει
3443 2989 3612 3059 χωρὶς
3640 2988 3734 3040 ἁν-

2158 3089 2439 3161 θρωπίνης
2470 3084 2795 3158 προθυμίας.
2828 3085 2936 3137 Καὶ
2962 3082 3290 3153 ἀμφοτέρων
3311 3082 3732 3153 παραδείγματα

464 3191 640 3261 empla
667 3201 797 3244 sunt
828 3191 1024 3245 Petrus
1056 3200 1111 3245 et
1158 3191 1350 3246 Judas.
1409 3192 1641 3263 Oportet
1687 3211 1822 3266 ergo
1874 3211 2050 3265 neque

2161 3184 2364 3250 Πέτρος
2411 3184 2508 3235 καὶ
2559 3179 2780 3240 Ἰούδας.
2829 3177 2994 3230 Ὅθεν
3044 3177 3149 3246 χρὴ
3202 3176 3338 3245 μήτε
3385 3174 3444 3226 τὸ
3491 3176 3598 3226 πᾶν
3640 3174 3734 3225 ἐπὶ

461 3287 792 3350 obdormire,
826 3286 972 3340 omni
1012 3287 1234 3356 negotio
1284 3287 1336 3338 in
1373 3287 1541 3340 Deum
1573 3289 1781 3356 reiecto
1811 3331 1826 3354 ,
1865 3305 2046 3358 neque

463 3391 678 3430 rursum
700 3386 888 3444 putare
912 3375 1123 3444 seipsos
1139 3388 1301 3429 omne
1327 3391 1466 3445 opus
1495 3377 1729 3431 efﬁcere.
1758 3378 2040 3447 Siquidem

460 3482 562 3521 nec
594 3475 764 3520 totum
791 3475 1049 3536 operatur
1077 3466 1238 3532 Deus,
1273 3481 1342 3521 ne
1363 3468 1526 3522 Otiosi
1574 3484 1991 3539 permaneamus
2026 3486 2041 3533 ;

463 3570 565 3609 nec
590 3563 766 3609 totum
798 3559 954 3613 nobis
1005 3560 1297 3628 permittit,
1337 3575 1405 3613 ne
1461 3560 1780 3630 gloriemur,
1839 3562 1932 3615 sed
1974 3561 2043 3614 ab

459 3659 788 3714 unoquoque
836 3646 983 3715 quod
1033 3649 1288 3701 nocivum
1358 3659 1442 3703 est
1522 3649 1804 3714 auferens,
1888 3651 2036 3718 quod

460 3736 594 3790 utile
635 3747 717 3791 est
743 3738 900 3792 nobis
934 3739 1174 3809 reliquit.
1206 3738 1462 3794 Permisit
1491 3741 1674 3810 itaque
1715 3750 2038 3794 ca:terorum

458 3830 758 3899 principem
804 3829 1022 3897 cadere,
1050 3847 1159 3886 non
1199 3842 1423 3901 propter
1454 3833 1628 3887 dictas
1662 3842 1871 3887 tantum
1905 3849 2036 3888 catt-

461 3938 563 3987 eas,
596 3936 781 3976 verum
812 3923 972 3976 etiam
1020 3932 1085 3977 ut
1145 3924 1380 3993 amplius
1435 3934 1688 3989 amaret;
1739 3926 1829 3979 cui
1890 3925 2034 3980 enim

453 4013 738 4068 dimissum
770 4013 932 4070 fuerit
969 4016 1203 4086 amplius
1240 4019 1326 4073 hic
1343 4018 1580 4088 amplius
1612 4019 1821 4091 diliget.

524 4107 591 4163 Et
617 4126 715 4165 nos
769 4116 952 4179 itaque
1002 4109 1292 4163 credamus
1346 4110 1548 4179 ubique
1581 4109 1711 4173 Deo,
1755 4126 1858 4164 nec
1899 4127 2035 4166 con-

454 4201 804 4267 tradicamus,
853 4202 1064 4258 etiamsi
1092 4202 1238 4272 quod
1269 4202 1337 4256 ab
1368 4218 1433 4256 eo
1464 4202 1665 4257 dicitur
1696 4205 2033 4258 contrarium

453 4307 576 4345 esse
609 4294 859 4346 videatur
893 4295 1096 4347 nostris
1125 4293 1549 4363 cogitationibus
1584 4304 1639 4348 et
1666 4294 1983 4362 aspectibus
2017 4310 2032 4349 :

2154 3274 2245 3326 τὸν
2277 3273 2409 3325 Θεὸν
2446 3271 2711 3340 ῥίψαντας
2745 3267 3066 3334 καθεύδειν,
3103 3269 3240 3338 μήτε
3295 3265 3728 3328 σπουδάζοντας,

2153 3368 2214 3419 τὸ
2239 3366 2348 3416 πᾶν
2376 3364 2604 3426 ἑαυτοὺς
2630 3361 2840 3414 οίεσθαι
2871 3356 3196 3427 κατορθοῦν·
3229 3354 3354 3408 οὗτε
3387 3357 3492 3426 γὰρ
3521 3355 3582 3408 τὸ
3620 3358 3731 3409 πᾶν

2153 3454 2181 3506 δ
2226 3453 2357 3514 Θεὸς
2405 3452 2723 3522 ἐργάζεται,
2781 3449 2869 3503 ἱνα
2924 3449 3000 3518 μὴ
3053 3447 3215 3517 ἀργοὶ
3277 3446 3549 3515 μένωμεν
3605 3446 3730 3499 οὒτε

2152 3546 2214 3599 τὸ
2248 3547 2356 3600 πᾶν
2384 3547 2517 3615 ἡμῖν
2547 3544 2787 3614 ἐφίησιν,
2820 3542 2909 3595 ἵνα
2945 3541 3020 3613 μὴ
3056 3539 3414 3609 καυχώμεθα·
3445 3540 3559 3592 ἀλλ’
3601 3541 3732 3593 ἐκα-

2151 3637 2312 3707 τέρου
2333 3636 2394 3689 τὸ
2426 3634 2689 3706 βλαϐερὸν
2717 3633 2960 3701 ἀφελὼν,
2987 3633 3048 3684 τὸ
3073 3633 3343 3700 χρήσιμον
3375 3632 3506 3699 ἡμῖν
3536 3632 3732 3684 ἀπολέ-

2150 3730 2361 3782 λοιπεν.
2416 3729 2653 3797 Ἀφῆκεν
2687 3726 2781 3779 οὖν
2813 3725 2905 3776 τὸν
2945 3723 3245 3792 κορυφαῖον
3285 3724 3497 3786 πεσεῖν,
3537 3722 3597 3775 οὐ
3631 3723 3730 3791 p6-

2151 3841 2239 3876 vov
2277 3823 2365 3874 διὰ
2412 3822 2508 3884 τὰς
2552 3819 2814 3889 ῥηθείσας
2857 3816 3059 3882 αίτίας,
3093 3814 3228 3869 ἀλλὰ
3263 3815 3358 3867 καὶ
3411 3814 3496 3866 ἱνα
3541 3814 3725 3868 πλεῖον

2148 3918 2436 3985 ἁγαπήσῃ.
2502 3907 2571 3983 ᾯ
2644 3911 2757 3981 (47)
2822 3911 2932 3979 γὰρ
3008 3909 3194 3962 πλεῖον
3263 3907 3478 3977 ἀφεθῇ,
3545 3906 3727 3960 πλεῖον

2147 4009 2448 4079 ἀγαπήσει.

2221 4101 2334 4153 Καὶ
2375 4102 2535 4170 ἡμεῖς
2565 4100 2627 4153 τὸ
2677 4102 2774 4156 νῦν
2820 4101 3138 4173 πειθώμεθα
3178 4104 3456 4174 πανταχοῦ
3494 4105 3569 4173 τῷ
3605 4104 3724 4175 Θεῷ

2145 4193 2242 4245 xxi
2279 4191 2354 4262 μὴ
2386 4194 2783 4265 ἀντιλέγωμεν,
2818 4199 2915 4249 καὶ
2954 4199 3002 4249 εἰ
3037 4197 3096 4249 τὸ
3133 4199 3261 4266 παρ’
3294 4198 3459 4249 αὑτοῦ
3494 4196 3726 4265 λεγόμεο

2144 4301 2236 4338 νον
2285 4286 2532 4338 ἐναντίον
2564 4282 2706 4338 εἶναι
2748 4288 2900 4340 δοκεῖ
2931 4290 3043 4350 τοῖς
3096 4289 3385 4358 ἡμετέροις
3436 4290 3719 4358 λογισμοῖς

452 4388 522 4438 sit
553 4395 732 4438 tamen
772 4387 980 4439 firmior
1005 4400 1187 4440 sermo
1217 4387 1336 4454 ejus
1366 4388 1568 4442 nostris
1615 4390 2035 4460 cogitationibus

2159 4380 2243 4430 ml.
2275 4380 2394 4440 ταῖς
2434 4377 2615 4447 ὕψεσι·
2658 4379 2754 4432 καὶ
2783 4379 2923 4432 ἔστω
2958 4381 3053 4432 καὶ
3100 4379 3379 4448 λογισμῶν
3425 4379 3519 4431 καὶ
3546 4380 3725 4450 ὄψεων

450 4489 502 4528 et
534 4477 869 4545 aspectibus.
913 4476 990 4530 Ita
1040 4491 1259 4545 quoque
1289 4477 1345 4531 in
1402 4479 1696 4533 adorandi:
1763 4482 2036 4550 mysteriis

2159 4467 2484 4539 ιυριώτερος
2524 4471 2552 4521 ὁ
2594 4470 2754 4537 λόγος
2786 4471 2972 4522 αὑτοῦ.
3015 4470 3176 4522 Οὕτω
3207 4472 3301 4523 καὶ
3336 4471 3428 4522 ἐπὶ
3456 4473 3565 4524 τῶν
3598 4487 3724 4540 φριο

452 4569 735 4634 faciamus,
762 4584 871 4622 non
916 4584 977 4623 ea
1031 4570 1207 4623 solum
1241 4584 1361 4638 qua:
1392 4581 1774 4638 proponuntur
1808 4572 2029 4627 intuen-

2159 4561 2286 4616 ιτῶν
2325 4562 2645 4633 μυστηρίων
2676 4564 2942 4633 ποιῶμεν,
2981 4564 3056 4634 μὴ
3083 4563 3153 4615 τὰ
3186 4564 3528 4634 προκείμενα
3557 4565 3723 4633 μόνον

451 4669 550 4733 tes,
577 4660 671 4714 sed
729 4661 1074 4717 sermonibus
1142 4663 1264 4732 eius
1310 4663 1618 4716 credentes.
1666 4661 1914 4733 Cumque
1944 4664 2035 4722 ille

2159 4659 2451 4725 ιλέποντες,
2489 4658 2629 4713 ἀλλὰ
2663 4662 2776 4721 τοῖς
2807 4659 2988 4726 λόγοις
3022 4658 3114 4712 τοῦ
3157 4660 3428 4713 Δεσπότου
3465 4660 3725 4729 πειθόμε-

449 4732 594 4805 dicat
629 4770 642 4806 z
675 4749 788 4805 Hoc
811 4764 884 4806 est
931 4769 1119 4819 corpus
1150 4770 1325 4807 meum
1353 4770 1369 4820 ;
1403 4763 1457 4808 et
1493 4770 1508 4806 :
1539 4753 1640 4807 Hic
1691 4763 1768 4807 est
1816 4732 2034 4826 sanguis

2163 4769 2232 4806 οι.
2261 4752 2567 4820 Καὶὲπειδή
2597 4769 2749 4821 φηςιν
2779 4752 2958 4806 Τοῦτό
2981 4751 3116 4804 ἐστι
3140 4753 3205 4805 τὸ
3227 4751 3399 4820 σῶμά
3413 4769 3554 4820 μου,
3585 4754 3680 4806 καὶ
3702 4795 3718 4819 ,

449 4859 614 4904 metu,
650 4853 704 4896 et
729 4860 1021 4913 pareamus
1067 4855 1122 4899 et
1161 4846 1474 4900 credamus.
1533 4843 1817 4913 Siquidem
1861 4849 2029 4900 etiam

2159 4843 2320 4897 Γὀῦτό
2373 4844 2505 4897 ἐστι
2564 4845 2632 4897 τὸ
2685 4839 2831 4913 αἷμά
2883 4861 3026 4912 μου,
3094 4845 3192 4921 καὶ
3244 4845 3564 4913 πιθώμεθα
3625 4847 3719 4898 καὶ

449 4935 503 4984 in
540 4932 834 5003 baptismo,
862 4937 1137 4992 sensibilis
1161 4936 1383 5006 quidem
1404 4945 1488 4991 est
1514 4951 1676 5004 aqua,
1707 4937 1800 4990 sed
1829 4941 2029 4994 intelli-

2159 4935 2510 5006 πιστεύωμεν.
2568 4938 2680 4990 Καὶ
2737 4937 2847 5008 γὰρ
2893 4937 2989 4990 καὶ
3043 4937 3136 4990 ἐπὶ
3188 4935 3284 4990 τοῦ
3339 4937 3720 5007 βαπτίσματος

447 5023 610 5092 gibile
641 5024 842 5080 donum
892 5035 978 5081 est
1014 5029 1372 5099 regeneratio.
1407 5029 1546 5095 Quia
1609 5050 1761 5090 enim
1810 5037 2023 5105 corpori

2159 5028 2395 5093 ιίσθητὸν
2452 5030 2551 5098 μὲν
2615 5030 2674 5081 τὸ
2733 5028 2917 5102 ὕδωρ,
2976 5028 3114 5083 ἀλλὰ
3162 5028 3350 5098 νοητὸν
3403 5029 3467 5081 τὸ
3520 5029 3716 5098 δῶρον,

445 5126 701 5170 conserta
751 5129 833 5172 est
890 5119 942 5172 in
994 5121 1155 5176 nobis
1197 5123 1401 5189 anima,
1452 5125 1508 5179 in
1557 5127 1914 5183 sensibilibus
1951 5130 2029 5182 in-

2159 5139 2170 5192 ι
2222 5122 2606 5192 ἁναγέννησις·
2670 5123 2793 5176 ἐπεὶ
2852 5122 2961 5191 γὰρ
3023 5121 3242 5193 σώματι
3301 5106 3718 5189 συμπέπλεκται

447 5205 743 5277 telligibilia
781 5211 1006 5266 tradidit
1036 5215 1196 5268 nobis
1226 5215 1387 5270 Deus.

2159 5217 2294 5285 ιμῶν
2355 5217 2388 5286 ἡ
2438 5215 2612 5284 ψυχὴ,
2672 5217 2731 5268 ὲν
2790 5215 3072 5283 αἰσθητοῖς
3125 5216 3192 5267 τὰ
3239 5212 3408 5281 νοητὰ
3469 5213 3714 5281 παρέδω-

2136 5325 2233 5362 κεν
2270 5309 2402 5379 ἡμῖν
2441 5310 2468 5362 δ
2500 5309 2653 5370 Θεός.

516 5430 562 5462 ⁸⁸
596 5432 728 5486 an.
786 5450 924 5499 uti,
956 5438 1046 5492 δι.
1122 5439 1166 5469 ⁸⁸
1194 5439 1350 5494 Joan.
1389 5457 1498 5506 XXI,
1525 5441 1615 5496 ἓξ.
1696 5444 1741 5474 ⁵⁸
1779 5446 1899 5500 Act.
1936 5463 1976 5512 ι,
2011 5449 2050 5500 7η

442 5502 490 5532 ⁸⁸
526 5504 646 5559 Act.
694 5518 774 5559 ιιι.
819 5506 906 5559 li.

2159 5448 2185 5479 ’⁷
2231 5449 2354 5502 Act.
2398 5464 2452 5514 ι,
2505 5448 2591 5503 15.
2672 5449 2714 5479 ⁵⁵⁸
2747 5448 2938 5503 Matth!
2967 5450 3231 5514 XX\'I,55.
3336 5451 3381 5482 δ’
3437 5446 3570 5503 Ibid.
3618 5445 3710 5500 35.

1637 5583 1830 5645 Varia:
1876 5585 2184 5649 lectiones
2221 5595 2282 5651 et
2315 5594 2503 5650 notae.

662 5741 767 5816 _Prb
796 5744 993 5816 Κύριε,
1029 5747 1121 5801 dat
1159 5749 1251 5802 καί
1274 5749 1405 5804 Cod.
1434 5751 1500 5806 Α.

442 5813 1104 5936 ωὲἲὲζιξπαρνήσομαι,
1124 5819 1255 5875 Cod.
1284 5819 1344 5876 Β.
1375 5821 1450 5877 ita
1476 5837 1695 5894 quoque
1719 5824 1935 5882 variant
1965 5825 2019 5881 in

2213 5757 2326 5827 (46)
2355 5756 2765 5827 Μανθάνωμεν,
2795 5758 2928 5821 Cod,
2959 5758 3021 5813 Α.

2207 5826 2321 5899 (47)
2348 5826 2588 5885 Respicit
2628 5826 2758 5884 Luc.
2790 5846 2886 5897 HI,
2917 5831 3005 5897 47,
3030 5830 3119 5886 48.
