4020 6502
542 399 646 461 ΗΜ
1780 394 2171 458 ΕυΤΗΥΜΙΙ
2206 393 2538 454 ZIGABEN
2550 395 2565 452 l
3719 387 3833 450 6'32

544 530 668 568 eum
699 513 764 566 τ³.
793 511 924 567 Nam
962 521 1018 567 et
1045 513 1150 567 ltoe
1190 512 1406 567 addidit
1447 512 1643 565 Lucas.
1712 509 1916 565 Dicens
1951 509 2132 578 itaque

2244 507 2425 561 αὐτόν.
2471 507 2533 560 Ὀ
2565 506 2727 571 αὐτὸς
2757 506 2812 560 δὲ
2846 506 2941 560 καὶ
2971 506 3130 560 τοῦτό
3164 523 3298 575 φησι
3334 506 3572 565 Λουκᾶς.
3641 503 3836 555 Είπὼν

541 601 796 657 Christus
833 599 1034 655 :Sim‘te
1084 607 1411 668 huc'usqm,
1483 596 1723 652 ostendit
1773 595 1922 666 quod
1975 596 2132 667 juxta

2244 602 2336 670 μὲν
2357 594 2452 652 οὖν
2474 600 2502 652 6
2530 597 2766 669 Χριστὸς
2805 598 2888 650 ὅτι
2929 597 3089 661 Ἕως
3147 598 3384 658 τούτου,
3424 595 3721 664 ἐνέφηνεν,
3747 593 3834 645 ὅτε

542 695 1017 765 dispensationem
1048 693 1225 749 ablata
1263 692 1336 748 sit
1369 705 1532 748 servo
1560 688 1836 760 principis
1875 688 2132 744 sacerdo-

2244 689 2358 744 κατ’
2388 692 2702 759 οικονομίαν
2728 688 2981 763 ἀφῃρέθη
3011 689 3073 741 τδ
3098 685 3194 749 οὖς
3224 692 3250 742 6
3286 685 3471 751 δοῦλος
3499 687 3598 741 τοῦ
3639 689 3837 757 ἀρχιε-

544 799 660 841 tum
690 785 954 849 auricula,
986 785 1040 839 in
1071 785 1288 857 signum
1313 783 1459 855 quod
1478 782 1758 855 principes
1782 780 2132 836 sacerdotum

543 893 656 947 pra:
695 877 900 932 invidia
947 876 1140 932 auditu
1169 875 1366 948 privati
1405 883 1614 938 essent,
1663 888 1731 929 ne
1760 871 2024 929 audirent
2077 881 2134 927 et

546 970 918 1039 intelligerent
961 985 1058 1024 eas
1112 985 1235 1040 qua:
1279 969 1348 1024 de
1399 967 1521 1039 ipso
1568 977 1729 1023 erant
1789 965 2132 1038 prophetias.

545 1063 956 1118 Sanansautem
992 1063 1167 1126 illum,
1195 1062 1441 1119 ostendit
1487 1061 1922 1117 misericordiam
1970 1075 2132 1129 quam

545 1172 672 1227 erga
717 1156 838 1211 illos
868 1155 1115 1220 haberet,
1147 1156 1406 1226 quodque
1460 1155 1528 1211 de
1582 1155 1713 1219 illis,
1767 1153 1813 1209 si
1861 1152 2133 1218 libuisset,

547 1263 736 1317 poenas
770 1249 1136 1318 sumpsisset;
1170 1263 1361 1304 verum
1417 1247 1661 1302 ostendit
1717 1255 1977 1315 oportere
2040 1257 2137 1313 po-

548 1342 656 1396 tius
679 1340 945 1397 benelicio
967 1339 1186 1396 allicere
1219 1339 1645 1396 malefacientes.
1711 1338 1816 1394 Sed
1853 1336 2137 1408 quomodo

544 1434 613 1494 is.
645 1434 735 1503 qui
762 1433 829 1488 de
885 1449 993 1489 non
1049 1433 1366 1488 ulciscendo
1434 1431 1753 1486 mandatum
1820 1440 2134 1501 acceperat,

539 1527 726 1597 gladio
760 1527 1040 1596 percutit?
1068 1525 1308 1580 Primum
1357 1524 1580 1593 quidem
1646 1541 1757 1579 non
1791 1540 1890 1596 pro
1953 1525 2136 1595 seipse

545 1619 650 1672 huc
677 1619 825 1682 fecit,
862 1619 959 1672 sed
1023 1633 1120 1688 pro
1171 1617 1548 1684 l’rzeceptore;
1616 1616 1834 1678 deinde.
1891 1617 2136 1671 nondum

549 1713 829 1781 perfectus
875 1720 1042 1765 erat:
1098 1712 1449 1781 postmodum
1506 1719 1690 1765 autem
1743 1709 1930 1764 videas
1989 1709 2138 1764 hunc

549 1813 840 1857 sescentas
877 1804 986 1873 pati
1026 1804 1278 1872 injurias,
1313 1814 1478 1872 atque
1518 1803 1705 1856 omnia
1742 1809 2030 1856 mansuete
2061 1812 2140 1857 to-

545 1891 838 1946 leranlem.

618 1983 894 2038 Admirari
959 1985 1124 2038 etiam
1199 1983 1474 2054 quispiam
1548 1983 1769 2054 poterit,
1859 1985 2137 2053 quomodo

544 2091 657 2133 non
681 2077 1205 2146 comprehenderint
1260 2075 1562 2144 discipulos
1622 2091 1687 2131 ac
1736 2077 2138 2132 trucidaverint

547 2177 774 2239 propter
818 2168 872 2222 id
915 2171 1060 2238 quod
1114 2168 1320 2224 [actum
1350 2179 1451 2234 .est
1495 2169 1548 2223 in
1589 2185 1815 2224 servum
1871 2170 2137 2241 principis

544 2261 919 2315 sacerdotum.
950 2262 1058 2317 Sed
1102 2278 1230 2317 vere
1281 2263 1400 2333 ipsa
1450 2264 1623 2318 virtus
1646 2279 1766 2331 quae
1807 2264 1907 2318 hos
1960 2280 2134 2320 excae-

543 2361 762 2406 cat-erat
787 2367 851 2408 ac
881 2365 1270 2422 prostraverat,
1306 2355 1395 2410 illa
1414 2358 1579 2410 etiam
1620 2365 1747 2412 tunc
1783 2357 1938 2418 iram,
1970 2373 2133 2426 quam

545 2444 614 2498 de
661 2445 923 2499 auricula:
976 2447 1355 2515 amputatione
1398 2460 1793 2517 conceperant,
1851 2451 2130 2518 dispersit.

622 2536 778 2594 Vers.
845 2538 938 2595 52.
1015 2537 1160 2592 Tunc
1201 2541 1277 2592 ait
1327 2569 1399 2579 —
1456 2542 1768 2593 morientur.
1848 2543 1944 2595 lfbi
2006 2558 2131 2596 eum

544 2630 1289 2700 increpassetdocuit,neque
1315 2633 1478 2686 etiam
1510 2648 1608 2701 pro
1641 2632 1752 2686 Deo
1786 2634 2132 2689 defendendo

545 2725 810 2777 utendum
831 2738 951 2778 esse
983 2724 1182 2792 gladio.
1211 2722 1313 2777 Per
1338 2723 1579 2794 gladium
1615 2741 1745 2780 vero
1776 2727 1957 2780 omnia
1977 2745 2130 2782 arma

544 2816 850 2883 prohibuit.
881 2815 1038 2882 Quod
1079 2825 1264 2871 autem
1310 2816 1444 2872 dicit
1476 2835 1491 2871 :
1520 2816 1710 2872 Omnes
1743 2819 1831 2888 qui
1861 2821 2131 2885 accipiunt

539 2904 802 2971 gladium,
843 2904 1131 2973 prophetia
1181 2914 1267 2959 est
1316 2903 1640 2974 perditionis
1684 2906 1996 2961 Judaeuer
2038 2911 2128 2978 qui

541 2996 810 3050 adversus
864 2996 1040 3064 ipsum
1104 3006 1390 3050 venerant.
1444 2996 1686 3052 Joannes
1731 3015 1857 3051 vero
1895 3000 1968 3053 ait
2004 3017 2129 3055 eum

2237 784 2402 855 ρέως,
2428 785 2509 846 εις
2542 785 2773 853 σημεῐον
2804 780 2900 835 τοῦ
2943 780 3312 852 ἀφαιρεθῆναι
3354 781 3483 841 τοὺς
3539 780 3838 850 ἀρχιερεῖς

2237 875 2344 929 ὑπὸ
2366 875 2565 944 φθόνου
2589 875 2650 929 τὸ
2682 875 2909 930 ἀκούειν
2941 873 3052 928 τῶν
3081 873 3213 942 περὶ
3241 871 3405 926 αὑτοῦ
3449 870 3837 940 προφητειιῖη,

2236 965 2432 1036 ἧγουν,
2476 965 2539 1018 τὸ
2601 965 2846 1019 συνιέναι
2888 963 3114 1025 ταύτας.
3171 962 3485 1030 Ἰασάμενος
3545 961 3600 1015 δὲ
3637 961 3836 1024 αὑτὸν,

2237 1057 2406 1122 ἔδειξε
2445 1056 2546 1127 μὲν
2603 1057 2700 1111 καὶ
2751 1057 2843 1109 τὸν
2866 1057 2946 1117 είς
2974 1056 3173 1117 αὐτοὺς
3225 1053 3392 1118 ἔλεον,
3442 1054 3534 1106 καὶ
3561 1053 3647 1106 ὅτι
3679 1050 3835 1120 ἠμύ-

2236 1168 2366 1204 νατο
2419 1152 2486 1206 ἀν
2512 1152 2732 1215 αὐτοὺς,
2773 1150 2933 1221 ετπερ
2965 1149 3177 1222 ἢθελεν.
3243 1146 3479 1212 Ἐδίδαξε
3513 1147 3574 1200 δὲ
3614 1147 3711 1196 καὶ
3743 1145 3830 1195 ὅτι

2238 1243 2346 1313 χρὴ
2382 1241 2585 1312 μᾶλλον
2612 1242 2926 1312 εὐεργετεῖν
2949 1241 3075 1305 τοὺς
3109 1239 3297 1302 κακῶς
3325 1237 3639 1301 ποιοῦντας.
3665 1235 3838 1289 Ἀ).λά

2249 1334 2367 1395 πῶς
2395 1336 2423 1387 6
2448 1334 2523 1404 μὴ
2552 1332 2862 1402 ἀμύνεσθαι
2894 1332 3260 1404 προσταχθεὶς
3293 1331 3562 1384 πατάσσει
3595 1332 3654 1382 ὲν
3713 1345 3829 1398 μα-

2242 1425 2409 1496 χαίρᾳ
2440 1442 2455 1490 ;
2494 1426 2715 1494 Πρῶτον
2752 1429 2850 1496 μὲν
2896 1425 2994 1495 οὐχ
3021 1423 3162 1494 ὑπὲρ
3191 1420 3384 1476 ἑαυτοῦ
3410 1423 3569 1474 τοῦτο
3596 1421 3838 1490 πεποίη-

2239 1535 2357 1581 κεν,
2396 1515 2512 1570 ἀλλ’
2560 1517 2700 1587 ὑπὲρ
2751 1515 2846 1569 τοῦ
2877 1515 3219 1569 Διδασκάλου
3257 1531 3272 1545 ο
3316 1514 3508 1566 ἔπειτα
3549 1511 3646 1565 καὶ
3676 1509 3836 1562 οὔπω

2238 1611 2442 1674 τέλειος
2493 1608 2600 1681 ἦν·
2640 1609 2868 1680 ὕστερον
2917 1609 2973 1664 δὲ
3023 1607 3190 1678 βλέπε
3260 1605 3446 1660 τοῦτον
3506 1605 3680 1676 μυρία
3731 1602 3840 1657 πάι

2242 1718 2460 1772 σχοντα,
2524 1703 2616 1755 καὶ
2642 1701 2834 1773 πράως
2855 1700 3076 1755 ἅπαντα
3108 1700 3471 1769 ὑπομένοντα.

2311 1982 2628 2053 Θαυμάσειε
2668 1979 2716 2033 δ’
2744 1980 2808 2032 ἂν
2844 1997 2950 2043 τις,
2999 1978 3114 2044 πῶς
3137 1980 3197 2033 οὐ
3238 1977 3536 2032 συνέλαϐον
3579 1975 3677 2030 καὶ
3708 1975 3837 2038 τοὺς

2243 2078 2515 2149 μαθητὰς,
2560 2077 2656 2129 καὶ
2707 2075 3047 2145 κατέκοψαν,
3101 2075 3190 2128 διὰ
3234 2073 3295 2126 τὸ
3352 2071 3725 2142 γεγενημένον
3755 2070 3836 2130 εἰς

2237 2172 2330 2225 τὸν
2377 2169 2563 2223 δοῦλον
2608 2165 2704 2220 τοῦ
2759 2167 3088 2239 ἀρχιερέως.
3161 2165 3306 2220 Ἀλλ’
3349 2166 3516 2228 ὅντως
3543 2166 3576 2234 η
3639 2163 3835 2233 πηρὼ·

2241 2283 2382 2318 σασα
2414 2263 2508 2314 καὶ
2544 2261 2752 2331 ῥίψασα
2794 2259 3024 2322 τούτους
3082 2259 3313 2329 δύναμις
3353 2258 3537 2328 ἐκείνη
3575 2257 3668 2310 καὶ
3707 2256 3833 2308 τότε

2237 2357 2554 2412 διεσκέδασε
2603 2353 2696 2406 τὸν
2742 2353 2835 2406 ἐπὶ
2879 2355 2946 2424 τῇ
2999 2353 3253 2423 ἀποκοπῇ
3312 2351 3406 2405 τοῦ
3442 2349 3608 2403 ὠτίου
3652 2346 3827 2416 θυμὸν

2237 2458 2440 2512 αὐτῶν.

2312 2548 2452 2602 Τότε
2475 2545 2639 2615 λέγει
2659 2574 2729 2585 -
2747 2539 3218 2598 ἀποθανοῦνται.
3257 2536 3626 2606 Ἐπιτιμήσας
3651 2532 3828 2603 αὐτῷ,

2237 2639 2444 2704 ἐδίδαξε
2530 2638 2654 2709 μηδ’
2701 2635 2842 2705 ὑπὲρ
2902 2632 2998 2686 τοῦ
3058 2629 3194 2684 Θεοῦ
3249 2628 3486 2700 χρῆσθαι
3560 2625 3830 2696 μαχαίρᾳ,

2234 2729 2334 2782 Διὰ
2372 2728 2430 2780 δὲ
2480 2726 2582 2796 τῆς
2645 2724 2927 2795 μαχαίρας
2963 2720 3059 2775 καὶ
3095 2722 3198 2774 πᾶν
3228 2719 3394 2773 ὅπλον
3450 2717 3713 2771 ἐκώλυσε.
3753 2713 3829 2768 Τδ

2234 2820 2290 2873 ει
2333 2819 2564 2882 Πάντες
2593 2820 2649 2871 οι
2678 2815 2975 2878 λαϐόντες
2998 2809 3328 2882 μάχαιραν,
3367 2809 3679 2880 προφητεία
3711 2805 3832 2860 ἐστὶ

2234 2913 2336 2980 τῆς
2363 2909 2673 2979 διαφθορᾶς
2703 2908 2813 2960 τῶν
2840 2905 3185 2959 ἐπελθόντων
3245 2901 3396 2972 αὐτῷ
3445 2900 3734 2954 ’1ουεαίων.
3769 2896 3836 2952 Ὀ

2233 3007 2279 3058 δ’
2313 3005 2568 3072 Ἰωάννης
2605 3002 2780 3054 εἰπεῖν
2801 2999 2970 3053 αὑτὸν
2999 2997 3148 3066 λέγει
3179 2997 3270 3050 καὶ
3296 2996 3376 3050 ὅτι
3429 2995 3500 3049 Τὸ
3524 2993 3835 3062 ποτήριον,

541 3082 795 3138 dixisse:
841 3084 920 3136 An
968 3100 1072 3138 non
1129 3085 1304 3138 bibam
1372 3087 1616 3154 poculum
1649 3091 1786 3158 quod
1826 3091 1968 3144 dedit
2003 3091 2129 3146 mihi

2244 3087 2520 3145 ὃδέδωκέ
2553 3087 2666 3152 (72)
2717 3104 2821 3156 μοι
2871 3087 2905 3140 ό
2937 3083 3162 3153 Πατὴρ,
3210 3084 3284 3138 οὐ
3343 3083 3429 3152 μὴ
3488 3081 3604 3135 πίω
3636 3080 3825 3144 αὑτός

544 3175 712 3229 Pater
727 3175 813 3228 “?
838 3176 1137 3231 ostendens
1153 3176 1269 3231 hinc
1290 3193 1397 3230 non
1422 3194 1450 3231 a
1473 3188 1743 3246 potestate
1761 3181 1974 3235 illorum
1991 3183 2130 3246 ﬁeri,

541 3265 639 3319 sed
680 3263 862 3320 Patris
889 3267 1274 3335 permissione,
1309 3269 1566 3339 quodque
1596 3269 1735 3322 Patri
1774 3271 1841 3323 sit
1871 3271 2132 3327 obediens

541 3372 714 3426 usque
744 3357 812 3412 ad
848 3369 1100 3412 mortem.

613 3447 772 3502 Vers.
806 3448 897 3502 55.
928 3449 1012 3502 An
1052 3459 1212 3519 putas
1241 3479 1310 3490 —
1337 3454 1650 3521 angelorum
1681 3456 1704 3511 .9
1738 3453 1904 3526 Legio
1936 3471 2129 3526 agmen

541 3550 626 3596 est
678 3539 920 3595 militare
979 3542 1203 3597 maximi
1261 3546 1500 3599 numeri.
1563 3545 1680 3599 Non
1733 3549 1869 3602 dixit
1925 3557 2131 3613 autem,

539 3630 770 3686 Possum
813 3647 908 3688 eos
966 3635 1218 3703 perdere,
1259 3650 1330 3690 ne
1391 3637 1631 3692 absurda
1678 3639 1822 3709 loqui
1859 3640 2132 3706 videatur,

539 3736 766 3797 propter
792 3738 1075 3797 susceptas
1106 3728 1461 3792 ail‘cctiones,
1522 3746 1812 3785 mcerorem
1859 3734 2130 3793 videl'cct,

539 3835 822 3890 pavorem,
850 3819 1125 3891 agoniam,
1157 3821 1408 3887 sudores,
1453 3833 1509 3878 et
1563 3841 1904 3895 quwcunque
1971 3826 2132 3895 paulo

538 3921 667 3967 ante
695 3922 952 3983 tanquam
980 3914 1145 3969 bom‘o
1183 3931 1379 3986 passus
1404 3927 1509 3976 est.
1536 3916 1788 3976 Nondum
1821 3921 1969 3976 enim
2010 3936 2129 3977 eam

542 4023 703 4077 quam
744 4007 995 4064 decebat.
1041 4023 1415 4081 conceperant
1453 4013 1522 4068 de
1571 4031 1637 4070 eo
1687 4014 2025 4084 Opinionem,
2078 4027 2134 4071 et

540 4103 748 4159 idcirco
779 4105 1005 4159 humilia
1073 4107 1141 4161 de
1181 4122 1241 4162 se
1283 4107 1548 4178 loquitur.
1614 4108 1672 4162 in
1734 4120 1887 4164 tanto
1948 4120 2129 4165 autem

541 4213 774 4251 numero
817 4198 1061 4267 legiones
1109 4200 1250 4254 dixit
1281 4202 1600 4271 angelorum
1636 4213 1695 4258 ut
1725 4204 1946 4258 abunde
1999 4221 2132 4258 cen-

539 4284 705 4338 fortet
739 4299 857 4348 eos,
888 4289 979 4355 qui
1010 4289 1207 4342 timore
1243 4301 1399 4343 erant
1440 4306 1580 4359 pene
1640 4296 1903 4348 emortui.
1975 4294 2130 4349 Unus

537 4377 807 4445 siquidem
845 4379 1072 4448 angelus
1109 4382 1382 4448 quondam
1441 4393 1659 4437 centum
1691 4387 2132 4456 octogintaquin-

2236 3182 2552 3237 δεικνύοντα
2599 3181 2681 3233 ὅτι
2733 3179 2797 3233 οὐ
2844 3179 2946 3247 τῆς
2999 3177 3232 3231 ἐκείνων
3284 3173 3571 3244 δυνάμεώς
3627 3173 3838 3226 ἑστι-ιδ

2239 3278 2547 3346 γινόμενον,
2574 3275 2711 3329 ἀλλά
2731 3274 2829 3346 τῆς
2860 3271 2955 3328 τοῦ
2982 3272 3199 3343 [ἰατρὸς
3223 3271 3701 3342 παραχωρήσεως,
3729 3271 3827 3321 καὶ

2236 3372 2321 3424 ὅτι
2351 3369 2591 3437 ὑπήκοὸς
2621 3369 2740 3420 ἐστι
2765 3366 2844 3437 τῷ
2877 3366 3054 3434 Πατρὶ
3097 3363 3541 3436 μέχριβανάτου.

2309 3459 2382 3517 Ἦ
2433 3461 2639 3526 δοκεῖς
2687 3488 2758 3501 --
2808 3459 3126 3528 ἁγτέλων;
3186 3454 3409 3524 Λεγεών
3457 3455 3576 3507 ἐστι
3640 3455 3830 3522 τάγμα

2238 3554 2635 3628 στρατιωτικὸν
2691 3551 3085 3623 πολυάριθμον.
3122 3551 3236 3603 Οὐκ
3265 3544 3387 3603 εἷπε
3437 3547 3515 3612 δὲ,
3546 3547 3628 3601 ὅτι
3653 3547 3828 3600 Δύνα-

2242 3668 2341 3722 μαι
2373 3649 2574 3710 αὐτοὺς
2611 3647 2901 3708 ἀπολέσαι,
2939 3645 3026 3697 ἵνα
3060 3643 3135 3714 μὴ
3165 3642 3294 3714 δόξῃ
3338 3640 3522 3710 λέγειν
3565 3640 3831 3704 ἀπίθανα,

2234 3743 2322 3796 διὰ
2355 3746 2421 3796 τὰ
2451 3741 2801 3812 προλαῦὀντα
2855 3737 3026 3805 πάθη,
3080 3737 3178 3806 τὴν
3227 3734 3432 3805 λύπην,
3453 3733 3553 3804 τὴν
3603 3732 3830 3794 δειλίαν,

2237 3837 2336 3908 τὴν
2387 3835 2653 3902 ἀγωνίαν,
2713 3832 2840 3897 τοὺς
2892 3830 3150 3902 ἱδρῶτας,
3190 3831 3283 3885 καὶ
3315 3829 3416 3883 ὅσα
3479 3827 3590 3898 πρὸ
3623 3827 3827 3899 μικροῦ

2241 3931 2510 3994 πέπονθεν
2560 3930 2635 3992 ὡς
2671 3927 2980 3998 ἄνθρωπος.
3033 3924 3201 3978 Οὔπω
3231 3925 3340 3991 γὰρ
3385 3924 3482 3992 τὴν
3517 3923 3832 3993 προσήκου-

2240 4043 2340 4080 σαν
2373 4025 2501 4093 περὶ
2552 4020 2720 4074 αὑτοῦ
2760 4018 3032 4088 ὑπόληψιν
3086 4014 3251 4088 εἰχον.
3297 4017 3395 4070 Διά
3428 4015 3588 4069 τοῦτο
3616 4013 3711 4069 οὖν
3731 4035 3831 4070 τα·-

2239 4117 2403 4170 πεινά
2423 4115 2746 4182 φθέγγεται.
2775 4110 3063 4172 Τοσαύτας
3095 4111 3150 4162 δὲ
3184 4109 3456 4175 λεγεῶνας
3481 4105 3638 4162 εἶπεν
3660 4110 3830 4178 ἀγγέ-

2236 4209 2367 4268 λων,
2432 4207 2518 4258 ἴνα
2568 4207 2633 4256 ὲκ
2697 4202 3026 4272 περιουσίας
3103 4199 3506 4272 παραθαῤῥύνῃ
3577 4199 3826 4262 τούτους,

2235 4299 2688 4370 ἀποτεθνηκότας
2717 4295 2951 4362 τῷδέει.
3006 4296 3114 4347 Καὶ
3146 4296 3255 4364 γὰρ
3291 4289 3371 4356 εἷς
3406 4293 3641 4362 ἄγγελος
3706 4294 3828 4346 ὲκαο

2238 4396 2330 4447 τὸν
2388 4388 2894 4461 ὀγδοηκονταπέντε
2948 4388 3193 4458 χιλιάδας
3253 4386 3465 4441 ἀνεῖλεν
3516 4388 3575 4440 ὲν
3640 4387 3828 4456 βραχεῖ

538 4484 645 4536 que
689 4468 856 4522 millia
891 4468 1176 4523 hominum
1238 4471 1387 4525 brevi
1453 4481 1696 4540 tempore
1753 4474 2030 4529 interfecit
2061 4475 2130 4527 ⁷⁸.

2244 4487 2434 4540 πάλαι.

616 4561 769 4614 \‘crs.
805 4561 890 4615 54.
929 4561 1202 4627 Quomodo
1232 4592 1302 4600 —
1329 4563 1445 4632 ﬁeri
1468 4566 1492 4616 I’
1519 4565 1632 4620 Nisi
1668 4567 1739 4620 ita
1763 4568 2132 4637 interemptus

539 4652 718 4714 fuero,
764 4652 961 4722 inquit,
1009 4655 1285 4722 quomodo
1343 4656 1768 4722 complebuntur
1831 4655 2130 4730 Scriptura:

541 4744 899 4812 νηψιιριὶρεε,
961 4755 1231 4815 quotquot
1260 4749 1327 4800 de
1384 4758 1560 4802 morte
1619 4766 1736 4803 mea
1806 4752 2129 4821 loquuntur,

536 4852 656 4904 qu.e
687 4838 936 4891 scribunt
959 4839 1193 4906 quodita
1221 4850 1472 4910 oporteat
1507 4841 1643 4905 fieri,
1675 4843 1822 4913 quod
1847 4843 1921 4898 ita
1960 4860 2128 4915 Opor-

539 4940 648 4984 teat
679 4945 767 4984 me
799 4930 970 4984 mori?

613 5021 766 5077 Vers.
806 5023 894 5075 53$.
922 5022 982 5077 In
1013 5024 1108 5077 illa
1132 5056 1198 5064 —
1229 5025 1648 5095 apprclzendislis
1713 5045 1818 5082 me.
1874 5028 2130 5085 Ostendit

540 5115 624 5169 bis
655 5133 896 5186 quoque,
947 5121 1090 5188 quod
1138 5136 1248 5173 non
1282 5137 1377 5175 sua
1433 5123 1632 5177 virtute
1667 5120 2130 5194 apprehenderint

539 5227 689 5266 eum.
713 5211 1034 5266 Sieutcnim
1064 5223 1196 5267 tunc
1233 5230 1338 5267 non
1377 5225 1679 5284 potuerunt
1735 5232 1861 5270 cum
1927 5233 2129 5289 appre-

541 5302 807 5367 hendere,
858 5304 932 5357 ita
969 5320 1148 5374 neque
1189 5321 1356 5367 nunc,
1404 5306 1505 5358 nisi
1556 5308 1785 5360 omnino
1841 5308 2126 5365 voluisset.

537 5393 714 5451 Lucas
747 5412 875 5450 vero
907 5397 983 5450 ait
1019 5397 1133 5451 haec
1159 5414 1280 5451 cum
1310 5397 1509 5453 dixisse
1557 5400 1660 5463 his,
1713 5400 1805 5469 qui
1865 5413 2128 5458 venerant

616 5541 654 5571 ·³
684 5543 815 5595 Luc.
851 5555 984 5610 λιιι,
1010 5542 1099 5598 5|.
1175 5542 1220 5573 ’⁸
1248 5542 1578 5609 Joan.xnu,
1619 5544 1702 5600 il.

2313 4577 2448 4644 Πῶς
2502 4609 2572 4619 —
2629 4580 2954 4646 γενέσθαι;
3028 4575 3091 4627 Ei
3175 4573 3247 4642 μὴ
3309 4571 3480 4635 οὕτως
3535 4569 3823 4641 ἀναιρεθῶ,

2243 4671 2402 4741 φησὶ,
2443 4669 2559 4731 πῶς
2591 4667 2962 4737 πληρωθῶσιν
3006 4667 3060 4719 αἱ
3097 4663 3316 4732 Γραφαί
3348 4664 3404 4714 αἱ
3465 4661 3820 4731 προφητικαὶ,

2239 4767 2362 4818 ὅσαι
2395 4765 2520 4832 περ)⁵
2550 4763 2642 4815 τοῦ
2671 4762 2907 4814 θανάτου
2939 4777 3040 4827 μου
3073 4757 3373 4822 διεξίασινς
3411 4755 3467 4807 αἱ
3495 4753 3800 4822 γράφουσαι

2241 4859 2323 4912 ὅτι
2351 4858 2494 4911 οὕτω
2521 4857 2603 4910 δεῖ
2625 4855 2908 4924 γενέσθαι,
2936 4855 3020 4906 ὅτι
3041 4851 3186 4904 οὕτω
3227 4850 3332 4920 χρὴ
3351 4849 3646 4902 ἀποθανεῖν
3671 4865 3758 4917 με.

2323 5040 2420 5090 Ἕν
2452 5037 2654 5102 ἐκείνῃ
2720 5066 2791 5074 —
2851 5028 3228 5099 ἐκρατήσατέ
3281 5044 3378 5096 με.
3433 5026 3687 5079 Δείκνυσι
3733 5027 3819 5077 καὶ

2233 5131 2446 5191 τούτοις
2507 5131 2588 5181 ὅτι
2622 5128 2719 5194 οὐχ
2767 5124 2870 5178 ὑπὸ
2932 5125 3030 5191 τῆς
3071 5122 3248 5173 αὐτῶν
3303 5119 3607 5188 κατεσχέθη
3667 5120 3818 5168 (“iuvi-

2240 5241 2406 5294 μεως.
2453 5223 2667 5288 ’Ὥσπερ
2703 5219 2809 5288 γὰρ
2844 5219 2964 5270 τότε
2997 5215 3293 5284 κατασχεῖν
3339 5212 3500 5265 αὐτὸν
3551 5212 3655 5265 οὐκ
3696 5210 3815 5280 ἡδυο

2237 5313 2482 5386 νήθησαν
2503 5352 2518 5376 ,
2554 5311 2728 5372 οὕτως
2779 5309 2903 5363 οὑδὲ
2929 5306 3062 5381 vivax
3081 5308 3128 5358 εί
3159 5307 3235 5376 μὴ
3259 5306 3476 5367 πάντως
3533 5303 3816 5373 ἠθέλησεν.

2237 5406 2449 5467 Λουκᾶς
2479 5403 2534 5456 δέ
2565 5420 2733 5472 φησιν
2759 5402 2930 5452 εἰπεῖν
2963 5400 3136 5453 ταῦτα
3184 5397 3320 5468 πρὸς
3354 5395 3478 5460 τοὺς
3507 5395 3620 5467 (73)
3652 5411 3818 5466 παρα-

1785 5545 1826 5575 ⁷⁵
1857 5547 1917 5602 ιν
1955 5545 2088 5618 Reg.
2126 5564 2241 5613 xu,
2267 5549 2358 5603 55.

1885 5707 2082 5769 Varia:
2109 5708 2443 5771 lectiones.

616 5876 726 5949 1‘7?)
766 5877 831 5928 ’Ὁ
868 5877 1056 5943 ἔδωκε,
1084 5876 1214 5932 Gud.
1243 5876 1307 5929 Α.

2317 5875 2429 5947 (75)
2463 5876 2818 5946 Γενομένους,
2855 5875 2986 5930 (Sed.
3021 5875 3076 5928 Β.
3110 5873 3225 5929 Mox
3265 5874 3391 5944 πρὸς
3436 5871 3620 5936 αὐτόν,
3649 5871 3715 5927 Α.
