4020 6496
517 464 630 528 695

1748 441 2132 506 EUTHYMll
2208 434 2531 497 ZlGABEN
2540 432 2568 491 Ι

3671 415 3786 476 696

516 588 680 627 causa
714 588 728 624 :
759 587 826 626 ne
855 579 1033 622 tamen
1058 569 1299 635 seipsum
1351 563 1573 617 laudare
1605 563 1874 622 videatur,
1912 569 2099 628 utpote

2222 552 2454 620 ἲολογίας
2481 550 2647 604 ἕνεκα
2673 563 2688 578 ’
2729 544 2871 617 πλὴν
2911 544 3001 597 ἵνα
3031 542 3105 613 μὴ
3126 539 3254 612 δόξῃ
3274 537 3520 635 ἑτταινεῖν
3541 530 3783 635 faue-6v,

516 662 661 735 quod
697 663 752 716 in
797 658 1108 728 hujusmodi
1164 656 1428 726 periculis
1487 663 1710 708 secutus
1755 653 1846 715 sit,
1897 665 2098 704 nomen

516 757 796 826 proprium
848 750 1111 806 conticuit
1180 757 1234 802 et
1287 748 1457 808 dixit;
1519 745 1845 815 Sequebatur
1923 752 2100 796 autent

513 848 692 906 Iesum
720 844 896 899 Simon
921 841 1107 906 Petrus
1153 850 1201 894 et
1231 841 1369 908 alius
1399 839 1689 906 discipulus
1719 838 1787 889 ⁸⁸.

594 1027 746 1080 Vers.
792 1026 878 1077 5'8.
915 1024 981 1078 Et
1031 1026 1297 1095 ingressus
1332 1049 1400 1062 --
1434 1022 1607 1091 ﬁnem.
1683 1017 1817 1071 Tres
1879 1017 2098 1085 quidem

518 1117 871 1185 evangelista:
915 1123 1025 1168 tres
1046 1114 1190 1170 Petri
1245 1113 1561 1182 reguliones
1589 1112 1639 1162 in
1673 1110 1895 1177 Caiphae
1939 1109 2101 1162 domo

518 1212 691 1271 [aetas
719 1223 841 1264 esse
869 1207 1081 1266 dicunt.
1110 1204 1353 1258 Joannes
1406 1217 1590 1255 autem
1636 1201 1691 1253 in
1736 1201 1897 1253 domu
1931 1202 2102 1252 Anna:

518 1303 695 1356 soceri
735 1301 932 1368 ipsius.
958 1317 1060 1353 nec
1087 1311 1266 1352 tamen
1302 1299 1369 1348 oh
1404 1298 1506 1349 hoc
1544 1297 1688 1348 inter
1742 1311 1835 1347 eos
1858 1304 1942 1348 est
1991 1294 2102 1348 dis-

515 1395 793 1447 sonantia.
834 1392 1114 1458 Siquidem
1191 1390 1478 1442 amborum
1544 1404 1650 1438 una
1716 1387 1910 1438 domus
1959 1393 2097 1444 erat,

526 1486 779 1551 idemque
814 1485 1034 1544 atrium,
1063 1481 1274 1534 habens
1308 1481 1360 1532 in
1393 1495 1450 1532 se
1481 1481 1589 1532 duo
1633 1477 1940 1530 habitacula
1972 1494 2000 1529 a
2042 1492 2102 1530 se

521 1579 760 1634 invicem
796 1585 1072 1644 separata.

589 1667 938 1720 Scireautem
959 1673 1194 1735 oportet,
1224 1664 1366 1733 quod
1396 1663 1677 1724 Mattlneus
1694 1662 1827 1714 dicit
1849 1659 2101 1714 ancillam

516 1762 757 1830 primum
787 1757 1047 1810 terruisse
1073 1758 1326 1820 Petrum;
1356 1755 1554 1806 exinde
1576 1757 1830 1818 alteram;
1867 1763 2104 1820 postmo-

517 1853 645 1906 dum
667 1864 793 1902 vero
812 1857 1071 1902 astantes.
1095 1847 1306 1904 Marcus
1322 1862 1452 1900 vero
1468 1847 1701 1916 primum
1719 1846 1993 1907 ancillam,
2010 1860 2105 1897 ex-

516 1944 643 1997 inde
669 1958 857 1995 rursus
875 1941 1122 1994 eamdem
1151 1940 1348 2009 ipsam,
1371 1940 1720 2009 postmodum
1771 1946 2012 1992 astantes
2035 1938 2103 1991 ⁸³.

518 2036 588 2087 At
622 2032 795 2087 Lucas
817 2033 1050 2101 primum
1080 2033 1357 2094 ancillam,
1392 2032 1590 2089 deinde
1607 2031 1858 2096 alterum,
1881 2038 1935 2084 et
1961 2037 2112 2100 post-

519 2126 744 2179 modum
775 2125 941 2177 alium
974 2125 1265 2193 quemdam
1288 2125 1356 2177 ⁸³.
1384 2123 1624 2177 Joannes
1659 2133 1841 2177 autem
1872 2123 2108 2192 primum

518 2217 774 2269 ancillam
796 2216 1079 2269 ostiariam
1098 2217 1142 2246 ⁸⁸
1165 2236 1177 2270 :
1204 2216 1404 2270 exinde
1424 2216 1690 2282 quosdam
1715 2233 1727 2268 :
1749 2215 1914 2268 tertio
1933 2231 2106 2268 unum

519 2324 586 2370 ex
613 2311 788 2363 servis
816 2308 1114 2377 pontificis,
1148 2309 1591 2382 ejuscognatum
1622 2309 1710 2361 cui
1744 2308 1937 2361 Petrus
1965 2308 2113 2360 auri—

517 2400 693 2454 culam
727 2401 1053 2463 absciderat.

593 2492 648 2546 Si
693 2503 875 2546 tamen
902 2493 1280 2557 advertamus,
1338 2507 1440 2546 nec
1475 2493 1556 2547 sic
1593 2492 1937 2546 dissonantia
2002 2491 2109 2545 ulla

523 2587 820 2652 reperitur.
855 2584 914 2637 lu
947 2584 1122 2653 prima
1146 2584 1415 2652 siquidem
1454 2585 1748 2654 negatione
1780 2586 1970 2637 eadem
2008 2600 2108 2636 an-

521 2676 646 2728 cilla
679 2675 825 2743 apud
863 2686 1098 2743 quatuor
1125 2676 1489 2744 evangelistas
1527 2676 1689 2728 fuisse
1723 2686 2059 2728 memoratur
2091 2691 2107 2727 :

524 2767 576 2817 in
614 2767 854 2821 secunda
895 2783 1022 2820 vero
1087 2769 1351 2836 quosdam
1407 2768 1909 2821 ostenditJoannes
1938 2768 2111 2820 inter-

523 2872 745 2922 rogasse
781 2858 1000 2909 Petrum
1039 2875 1051 2909 :
1090 2868 1145 2911 at
1200 2859 1253 2911 hi
1309 2859 1551 2928 quidam,
1593 2869 1746 2912 erant
1793 2860 1987 2913 ancilla
2044 2860 2112 2913 de

521 2964 628 3023 qua
693 2950 826 3001 dixit
907 2949 1229 3003 Matthmns.
1297 2962 1345 3003 et
1414 2953 1559 3019 prior
1593 2953 1785 3002 ancilia
1862 2954 1926 3003 de
2003 2967 2110 3019 qua

524 3036 858 3103 aitlllarcus,
893 3047 946 3091 et
983 3040 1122 3092 alter
1158 3041 1224 3093 de
1257 3057 1366 3108 quo
1387 3041 1605 3110 scripsit
1633 3041 1824 3095 Lucas.
1860 3042 1920 3094 In
1952 3043 2108 3096 tertia

522 3139 708 3182 autem
742 3131 1034 3199 negatione
1063 3131 1255 3185 eodem
1285 3133 1445 3186 n‘odo
1479 3132 1695 3185 Marcus
1735 3144 1786 3186 et
1817 3133 1995 3186 Lucas
2025 3133 2110 3187 di-

2203 647 2279 709 ὡς
2333 649 2390 697 ἑν
2445 642 2713 704 τοιούτοις
2773 639 2968 700 δεινοῖς
3029 629 3430 689 ἀκολουθοῦντα
3497 625 3576 694 τῷ
3639 623 3788 676 διδα-

2207 741 2413 809 σκάλῳ,
2475 733 2872 806 παρεσιώπησε
2935 731 2993 784 τὸ
3053 730 3185 782 ῑδιον
3230 727 3423 794 ὄνομα,
3475 720 3572 774 καὶ
3607 715 3794 785 εἶπεν,

2217 808 2556 885 Ἠκολούθει
2606 826 2674 879 δὲ
2721 824 2802 889 τῷ
2843 821 3048 890 Ἰησοῦ
3103 820 3292 888 Σίμων
3340 814 3562 880 Πέτρος
3622 808 3723 861 καὶ
3755 808 3792 859 δ’

2203 924 2395 986 ἄλλος
2415 920 2714 989 μαθητής.

2276 1011 2381 1065 Καὶ
2405 1008 2699 1063 εἰσελθὼν
2727 1036 2800 1046 -
2855 1004 3048 1067 τέλος.
3092 1003 3153 1053 Οἱ
3182 1002 3279 1069 μὲν
3313 999 3469 1066 τρεῖς
3499 989 3791 1057 εὐαγγελιο

2207 1106 2330 1157 σταὶ
2355 1105 2452 1164 τὰς
2474 1105 2620 1170 τρεῖς
2647 1099 2908 1168 ἀρνήσεις
2932 1094 3024 1148 τοῦ
3048 1094 3257 1161 Πέτρου
3281 1091 3336 1140 ἑν
3361 1089 3425 1157 τῇ
3443 1084 3533 1138 τοῦ
3559 1080 3789 1145 Καῖαφα

2203 1198 2341 1264 αὐλῇ
2394 1194 2650 1260 γενέσθαι
2704 1191 2992 1256 λέγουσιν,
3023 1190 3050 1240 6
3077 1187 3121 1238 δ’
3155 1184 3410 1250 Ἰωάννης
3476 1179 3530 1229 ἑν
3584 1177 3649 1243 τῇ
3687 1170 3787 1264 τοῦ

2207 1279 2842 1349 Ἀννα,τοῦ-πενθεροῦ
2900 1275 3087 1330 αὐτοῦ.
3146 1273 3259 1326 Καὶ
3314 1273 3416 1322 οὐκ
3463 1266 3580 1319 ἐστι
3620 1261 3786 1315 τοῦτο

2204 1373 2496 1442 διαφωνία.
2532 1346 2643 1425 kal.
2674 1346 2782 1440 γὰρ
2833 1368 2946 1440 (78)
2985 1365 3316 1436 ἀμφοτέρων
3367 1355 3447 1423 εἷς
3495 1355 3644 1418 οἶκος
3690 1351 3794 1404 καὶ

2209 1469 2309 1539 μία
2339 1467 2498 1536 αὐλὴ,
2547 1465 2748 1534 ἔχουσα
2804 1462 2863 1514 ἐν
2909 1461 3075 1529 ἑαυτῇ
3109 1456 3204 1509 δύο
3233 1453 3442 1514 διαίτας
3476 1449 3589 1520 (³19)
3632 1447 3794 1510 ιδιαι-

2204 1562 2393 1624 τάτας.

2276 1649 2398 1722 Χρὴ
2429 1649 2486 1703 δὲ
2509 1646 2799 1716 γινώσκειν
2835 1644 2917 1696 ὅτι
2957 1638 3118 1714 (80),ὁ
3139 1633 3419 1696 Ματθαῖος
3448 1630 3546 1722 μὲν
3575 1627 3794 1696 πρῶτον

2209 1720 2508 1812 παιδίσκην
2539 1742 2692 1808 λέγει
2741 1739 2977 1807 πτοῆσαι
3030 1733 3123 1786 τὸν
3153 1730 3357 1799 Πέτρον
3384 1743 3398 1756 ⁸
3433 1720 3554 1778 εἶτα
3586 1722 3755 1789 ἄλλην
3779 1736 3793 1750 ·

2211 1837 2405 1888 ἔπειτα
2437 1834 2561 1896 τοὺς
2589 1829 2834 1890 ἑστῶτας
2862 1845 2874 1857 ·
2910 1826 3160 1895 [Μάρκος
3193 1819 3305 1890 (Si)
3339 1817 3394 1871 δὲ
3424 1816 3643 1885 πρῶτον
3664 1829 3796 1865 nat-

2213 1929 2434 1996 δίσκην,
2469 1921 2589 1976 εἶτα
2641 1923 2740 1991 τὴν
2796 1919 2968 1987 αὐτὴν
3003 1916 3183 1978 πάλιν,
3224 1912 3412 1963 ἔπειτα
3464 1908 3589 1969 τοὺς
3620 1921 3796 1972 παρε-

2214 2018 2424 2077 στῶτας
2514 2015 2723 2074 Λουκᾶς
2749 2013 2804 2064 δὲ
2822 2012 3038 2080 πρλῦτον
3061 2005 3355 2070 παιδίσκην
3376 2043 3390 2064 ,
3425 1996 3543 2052 εἶτα
3557 1998 3748 2067 ἕτερον
3775 2035 3790 2054 ,

2215 2111 2406 2163 ἔπειτα
2437 2108 2597 2162 ἄλλον
2630 2106 2755 2158 τινά
2801 2119 2814 2132 ⁸
2862 2102 3115 2168 Ἰωάννης
3147 2098 3201 2150 δὲ
3237 2096 3449 2165 πρῶτον
3480 2093 3797 2157 παιδίσκην,

2214 2201 2310 2270 τὴν
2335 2199 2606 2268 Θυρωρόν·
2664 2191 2782 2248 εἶτα
2839 2193 3028 2254 τινάςο
3068 2191 3257 2242 ἔπειτα
3325 2187 3420 2239 ἕνα
3455 2184 3563 2236 τῶν
3594 2182 3803 2235 δούλων

2213 2293 2306 2346 τοῦ
2364 2291 2693 2363 ἀρχιερέως,
2759 2285 3020 2354 συγγενῆ,
3072 2277 3132 2336 οὗ
3194 2279 3436 2347 ἀπέκοψε
3489 2277 3695 2342 Πέτρος
3739 2273 3802 2325 τὸ

2213 2386 2404 2436 ὠτίον.

2286 2476 2433 2545 Πλὴν
2489 2475 2582 2526 ἐὰν
2636 2476 3017 2542 προσέχωμεν,
3065 2469 3175 2522 οὐδ’
3226 2468 3370 2525 οὕτω
3422 2462 3688 2532 διαφωνία
3717 2478 3805 2520 τις

2213 2569 2591 2638 εὑρεθήσεται.
2630 2566 2754 2619 Ἐπὶ
2800 2564 2898 2633 μὲν
2933 2563 3041 2632 γὰρ
3091 2562 3192 2628 τῆς
3248 2559 3468 2630 πρώτης
3519 2558 3802 2625 ἀρνήσεως

2217 2662 2411 2732 ήαύτὴ
2436 2661 2698 2728 παιδίσκη
2738 2659 2907 2717 ἐστὶν,
2936 2657 2967 2723 ἠ
3003 2656 3151 2723 παρὰ
3172 2658 3281 2713 τοῖς
3312 2653 3605 2718 τέσσαρσιν
3633 2647 3800 2704 εὐαγο

2213 2755 2491 2821 γελισταῖς
2524 2748 2976 2818 μνημονευομένη
3004 2761 3018 2775 ⁶
3059 2747 3147 2796 ἐπὶ
3175 2745 3230 2797 δὲ
3264 2744 3361 2810 τῆς
3398 2740 3656 2808 δευτέρας
3721 2755 3804 2787 1::-

2216 2848 2312 2908 νὰς
2337 2848 2363 2897 6
2399 2845 2658 2912 Ἰωάννης
2694 2843 2956 2909 ἐνέφηνεν
2981 2838 3255 2907 ἐρωτῆσαι
3288 2836 3376 2888 τὸν
3413 2832 3644 2901 Πέτρον,
3672 2829 3802 2880 οἵτι-

2215 2957 2303 3001 νες
2331 2934 2469 3003 ἦσαν
2501 2936 2810 3006 ἡπαιδίσκη
2834 2953 2913 2997 τε,
2941 2934 3068 3001 περὶ
3098 2927 3168 3001 ἦς
3211 2926 3335 2982 εἶπε
3382 2925 3683 2986 Ματθαῑος,
3707 2923 3805 2975 καὶ

2219 3038 2250 3100 ἡ
2277 3031 2468 3103 πρώτη
2500 3030 2609 3091 (82)
2640 3027 2927 3095 παιδίσκη,
2965 3025 3094 3092 περὶ
3120 3019 3189 3095 ἧς
3225 3021 3332 3089 ἔφη
3374 3019 3623 3088 Μάρκος,
3665 3014 3804 3065 καὶὸ

2216 3128 2426 3192 ἕτερος,
2457 3122 2584 3191 περὶ
2619 3116 2678 3173 οὗ
2719 3119 2973 3188 ἱστόρησε
3005 3117 3249 3176 Λουκᾶςο
3280 3114 3370 3164 ἐπὶ
3402 3111 3456 3164 δὲ
3484 3110 3582 3176 τῆς
3616 3107 3805 3177 τρίτης

523 3231 746 3286 xerunt,
780 3230 1025 3276 astantes
1077 3223 1288 3278 scilicet
1353 3223 1719 3293 interrogasse
1768 3224 2006 3287 Petrum,
2054 3225 2108 3278 in

2222 3218 2497 3285 ὶρνήσεως
2548 3211 2749 3281 ὁμοίως
2792 3210 3018 3278 Μάρκος
3052 3209 3149 3260 καὶ
3213 3203 3323 3273 (85)
3363 3203 3644 3262 Ματθαῖος
3678 3199 3804 3257 τοὺς

521 3313 724 3381 quibus
757 3322 876 3367 erat
909 3324 961 3370 et
997 3315 1136 3368 alius
1171 3316 1237 3367 de
1269 3331 1376 3383 quo
1408 3318 1549 3384 apud
1575 3316 1797 3380 Lucam,
1823 3327 1877 3370 et
1905 3318 1995 3370 hic
2029 3327 2112 3371 est

521 3408 676 3472 quia
730 3407 939 3459 Joanne
971 3407 1175 3460 dicitur
1213 3423 1406 3461 servus
1461 3409 1758 3476 pontificis.
1817 3408 2108 3476 Postquam

522 3514 652 3568 ergo
676 3513 738 3551 ea
772 3516 893 3566 quae
923 3499 1238 3553 necessaria
1258 3509 1414 3553 erant
1452 3501 1908 3569 signiﬁcavimus,
1931 3503 2112 3556 deela-

522 3591 695 3644 randa
739 3601 868 3643 sunt
899 3606 1020 3658 qua:
1064 3590 1299 3645 ulte-ius
1330 3600 1660 3658 sequuntur.
1700 3590 1828 3656 Quae
1860 3593 1915 3644 in
1947 3593 2109 3646 domo

527 3682 748 3751 Caiphaz
767 3682 909 3737 facta
944 3691 1096 3746 sunt,
1128 3699 1238 3735 non
1290 3693 1419 3736 sunt
1452 3683 1678 3737 recitata
1718 3701 1748 3738 a
1773 3683 2004 3749 Joanne,
2043 3701 2110 3740 eo

528 3774 676 3842 quod
708 3789 737 3827 a
765 3775 978 3827 caeteris
1009 3775 1155 3828 dicta
1190 3783 1396 3830 essent.

598 3957 756 4011 Vers.
810 3959 900 4011 59.
939 3957 1215 4026 Principes
1255 3967 1435 4012 autem
1484 3959 1818 4012 sacerdotum
1859 3988 1923 4000 --
1948 3957 2108 4014 Vers.

524 4051 613 4106 60.
659 4051 1019 4105 inveniebant.
1057 4050 1124 4105 Ut
1167 4050 1275 4104 illis
1303 4050 1524 4117 quidem
1582 4050 1888 4112 videbatur,
1923 4066 2109 4104 verum

527 4139 903 4207 testimonium
939 4159 950 4192 :
985 4150 1046 4193 ut
1075 4150 1259 4194 autem
1285 4141 1362 4193 rei
1398 4140 1599 4194 veritas
1617 4149 1755 4204 erat,
1792 4139 1983 4195 falsum
2041 4152 2111 4194 te-

526 4232 868 4284 stiinonium.
929 4233 1022 4284 Vel
1078 4233 1240 4286 etiam
1271 4248 1394 4285 cum
1442 4232 1644 4286 scirent
1673 4232 1816 4301 quod
1844 4233 2109 4286 adversus

528 4325 880 4388 innocentem
928 4338 1118 4375 verum
1183 4323 1554 4376 testimonium
1616 4338 1723 4375 non
1775 4323 2112 4385 invenirent,

522 4417 634 4484 jam
663 4416 855 4469 falsum
889 4432 1107 4484 quoque
1131 4415 1490 4484 exquirebant
1525 4415 1925 4470 testimonium.
1961 4411 2121 4469 Volc-

2223 3306 2585 3378 παρεστῶτας
2627 3299 2781 3355 εἷπον
2838 3301 3115 3371 ἐρωτῆσαι
3145 3298 3330 3368 αὑτὸν,
3361 3297 3417 3346 ἑν
3444 3289 3527 3355 οἷς
3580 3288 3804 3359 ἔμελλεν

2220 3397 2359 3452 εἶναι
2392 3397 2484 3450 καὶ
2513 3398 2539 3447 6
2562 3395 2742 3457 ἄλλος,
2780 3393 2806 3442 6
2848 3393 2998 3461 παρὰ
3032 3390 3108 3460 τῷ
3132 3389 3339 3458 Λουκᾷ.
3372 3380 3541 3447 Οὗτος
3567 3385 3623 3437 δέ
3659 3385 3807 3435 ἑστιν

2219 3496 2248 3545 6
2285 3493 2434 3562 παρὰ
2467 3491 2541 3559 τῷ
2575 3490 2799 3558 Ἰωάννῃ
2817 3487 3003 3548 δοῦλος
3030 3485 3124 3538 τοῦ
3151 3481 3476 3553 ἀρχιερέως.
3507 3477 3662 3530 Ἐπεὶ
3683 3470 3797 3537 οὖν,

2221 3587 2368 3654 ἅπερ
2427 3585 2533 3636 ἔδει
2616 3580 3076 3650 σημειώσασθαι,
3136 3574 3637 3645 παρετηρήσαμεν,
3695 3565 3803 3618 λοι-

2220 3682 2321 3734 πὸν
2352 3677 2717 3750 ἑρμηνευτὲον
2759 3677 2830 3728 τὰ
2881 3675 3028 3744 ἑξῆς,
3082 3672 3225 3741 ἆπερ
3275 3671 3333 3721 ἑν
3382 3666 3459 3735 τῷ
3518 3665 3654 3730 οἴκῳ
3708 3661 3802 3729 μὲν

2219 3776 2314 3829 τοῦ
2372 3776 2596 3841 Καῖάφα
2667 3772 2999 3840 γεγόνασιν,
3052 3769 3151 3821 οὐκ
3220 3761 3707 3836 ἑμνημονεὺθησαν
3749 3757 3808 3809 δὲ

2225 3865 2378 3932 παρὰ
2410 3865 2502 3918 τοῦ
2543 3864 2820 3927 Ἰωάννου,
2853 3861 3015 3914 διὰτὸ
3046 3859 3277 3929 ῥηθῆναι
3300 3856 3451 3922 παρὰ
3475 3853 3584 3906 τῶν
3606 3850 3803 3905 ἄλλων.

2289 3963 2356 4012 Οὶ
2384 3959 2453 4010 δὲ
2483 3959 2778 4026 ἀρχιερεῖς
2825 3987 2893 3995 —
2920 3950 3122 4023 εὗρον.
3164 3955 3252 4016 Ὡς
3281 3952 3379 4021 μὲν
3417 3949 3649 4008 ἐκείνοις
3691 3943 3803 3996 ἑ.δὸ-

2222 4067 2329 4114 κει,
2366 4050 2699 4118 μαοτυρίαν,
2733 4049 2809 4111 ὡς
2832 4047 2887 4099 δὲ
2915 4049 2980 4114 τῇ
3017 4044 3269 4113 ἀληθείᾳ,
3301 4035 3801 4110 ψευδομαρτυρίαν.

2224 4143 2294 4195 Ἢ
2335 4144 2428 4196 καὶ
2473 4143 2839 4209 γινώσκοντες
2883 4142 2964 4193 δτι
3008 4137 3316 4215 μαρτυρίαν
3365 4136 3461 4204 οὐχ
3511 4133 3803 4202 εὑρήσουσι

2221 4238 2366 4289 κατὰ
2396 4234 2491 4288 τοῦ
2529 4235 2929 4302 ἁνεπιλήπτου,
2984 4232 3171 4284 λοιπὸν
3231 4229 3456 4298 ἐζήτουν
3492 4224 3803 4292 ψευδομαρ-

2224 4332 2437 4399 τυρίαν.
2481 4328 2836 4398 [Ἐδούλοντο
2893 4326 3009 4396 (84)
3044 4325 3159 4394 γὰρ,
3199 4323 3274 4382 ὡς
3307 4319 3607 4373 ὑπεύθυνον
3634 4331 3800 4368 κατα-

2227 4422 2444 4474 δικάσαι
2487 4421 2668 4474 αὐτόν.
2735 4420 2825 4472 Ad)
2858 4421 2951 4471 καὶ
2989 4414 3390 4488 σχηματίζουσι
3452 4409 3800 4478 δικαστήριον

531 4512 661 4562 bant
694 4524 827 4561 sane
857 4517 1112 4576 tanquam
1151 4524 1302 4561 reum
1358 4509 1730 4561 condemnare
1762 4509 1934 4569 illum,
1994 4509 2108 4561 ideo

2228 4516 2319 4568 καὶ
2346 4513 2572 4583 ζητοῦσι
2621 4507 3344 4582 ψευδομαρτυρίαἉΙαὺτοὶ
3399 4506 3496 4557 καὶ
3550 4498 3803 4554 δικασταὶ

529 4600 693 4666 etiam
729 4600 908 4652 forum
936 4600 1196 4666 iudiciale
1228 4599 1515 4668 effingunt,
1546 4615 1608 4651 ac
1641 4599 1834 4652 falsum
1873 4601 2116 4653 testimo-

539 4692 688 4744 nium
722 4702 996 4760 quzL-runt,
1018 4692 1117 4760 ipsi
1144 4701 1198 4744 et
1217 4693 1431 4759 judices
1450 4700 1504 4745 et
1537 4702 1885 4747 accusatores
1911 4692 2111 4756 eliecti,

537 4797 591 4840 et
618 4786 910 4838 studebant
943 4801 1064 4837 eum
1099 4784 1242 4852 apud
1272 4800 1330 4839 se
1364 4786 1766 4839 condemnare:
1808 4802 1930 4839 nam
1968 4787 2112 4855 apud

533 4877 746 4940 judiCes
780 4876 886 4943 (kk)
922 4875 1265 4939 dillidebant,
1301 4877 1445 4945 quod
1480 4877 1647 4945 hujus
1684 4879 1886 4948 negotii
1920 4889 2110 4934 essent

532 4970 860 5038 reportaturi
894 4968 1198 5022 victoriam.

607 5084 651 5117 ⁸¹
679 5084 834 5138 Jmn.
877 5102 1030 5147 xuu,
1065 5086 1148 5139 15.
1227 5087 1271 5116 δ’
1305 5085 1468 5141 Marc.
1537 5105 1645 5149 xw,
1679 5090 1764 5144 66.

1845 5090 1889 5120 ⁸³
1923 5091 2052 5144 Luc.
2079 5108 2216 5158 xxu,
2279 5094 2347 5147 56
2375 5110 2528 5164 seqq-

2227 4607 2322 4658 καὶ
2380 4607 2684 4675 κατήγοροι
2731 4604 3030 4673 γινόμενοι,
3086 4603 3179 4654 καὶ
3220 4593 3614 4658 σπουδάζοντες
3674 4592 3799 4660 παρ’

2223 4701 2437 4761 ἑαυτοῖς
2496 4699 2685 4750 τοῦτον
2741 4696 3130 4750 καταδικάσαι.
3178 4692 3510 4746 Ἦπίσταντο
3569 4687 3680 4758 γὰρ
3724 4687 3801 4738 ὅτι

2223 4793 2354 4861 παρ’
2419 4791 2628 4861 ἑτέροις
2686 4790 2972 4852 δικασταῖς
3011 4788 3112 4841 οὐκ
3168 4786 3232 4840 ἄν
3289 4801 3419 4852 ποτε
3469 4780 3814 4853 (85)τούτου.

2220 4883 2615 4951 περιγένοιντο.

2608 5092 2831 5148 ⁸³]οειη.
2900 5110 3050 5158 xvm,
3085 5092 3155 5154 Π⁴

1870 5211 2068 5272 Variae
2115 5213 2439 5278 lectiones.

608 5329 721 5394 (78)
747 5330 1107 5397 Ἀμφότεροι),
1141 5322 1220 5390 εἷς
1251 5323 1418 5390 οἶκος·
1455 5329 1515 5383 Β·

610 5401 721 5462 (79)
757 5400 1114 5463 Ὶδιαζούσας,
1147 5415 1242 5467 pro
1271 5399 1588 5464 ίδιαιτάτας.
1619 5400 1752 5455 Cod.
1784 5402 1849 5456 A.

608 5471 720 5539 (80)
765 5472 825 5524 Ὀ
861 5471 1083 5523 omittit.
1111 5469 1171 5523 Β.

606 5542 721 5609 (81)
754 5542 967 5594 Inclusa
1009 5540 1210 5594 omittit
1243 5541 1362 5594 cod.
1406 5546 1468 5596 A.
1516 5542 1682 5596 Error
1719 5554 1872 5599 ortus
1915 5554 2001 5598 est
2047 5560 2113 5599 ex

535 5609 774 5674 ἑστῶτας
797 5620 850 5664 et
880 5612 1260 5681 παρεστῶτας.

607 5683 717 5750 (8‘2)
758 5682 989 5750 Πρώῖην
1024 5683 1179 5746 dixit,
1213 5684 1336 5752 quia
1386 5685 1577 5739 eadem
1625 5696 1707 5739 est
1750 5697 1803 5739 et
1851 5686 2114 5744 secunda.

602 5797 708 5863 Uda)
743 5798 878 5850 Nam
911 5801 1055 5866 apud
1075 5800 1304 5868 judices,
1329 5811 1433 5854 etc.
1498 5800 1757 5854 Sciebant
1813 5803 1978 5863 enim,
2041 5818 2098 5855 se

529 5870 674 5947 apud
703 5869 838 5922 alios
869 5871 1081 5940 judices
1113 5887 1177 5926 eo
1208 5889 1314 5926 non
1347 5874 1657 5942 superiores
1689 5873 1821 5927 fore.
1869 5870 2109 5942 'Iits’poz;

2221 5336 2389 5421 Paulo
2431 5337 2576 5390 enim
2607 5345 2731 5389 ante
2756 5335 2823 5389 de
2856 5333 3097 5387 secunda
3137 5328 3295 5392 dixit,
3328 5321 3458 5379 Εἶτα
3489 5325 3588 5395 τὴν
3631 5326 3797 5395 αὐτὴν

2223 5408 2406 5545 πειίὲἔῇ
2441 5477 2512 5530 Ita
2539 5477 2732 5545 scripsi
2768 5491 2865 5543 pro
2898 5475 3134 5545 Λουκᾶς,

2295 5540 2404 5616 (84)
2440 5540 2888 5601 ΙιιοΙιιςειόηιῖιιίι
2923 5545 3061 5599 Cod.
3105 5544 3169 5616 A_.
3199 5541 3364 5595 Error
3389 5540 3581 5598 scriba:
3614 5555 3799 5593 rursus

2221 5613 2463 5672 ortus-ex
2501 5618 2702 5686 duplici
2735 5613 3232 5686 ψευδομαρτυρίαν.

2299 5688 2412 5759 (85)
2448 5683 2592 5743 Ante
2625 5688 2814 5740 τούτου
2851 5688 2973 5740 cod.
3004 5685 3051 5747 Α,
3087 5684 3238 5738 addit
3275 5683 3421 5753 περί.

2213 5819 2437 5873 prorsus
2468 5804 2795 5867 neglectum.
2832 5801 3037 5873 Τούτου
3063 5808 3373 5854 autemnon
3409 5796 3476 5851 ad
3512 5795 3803 5868 negotiuuz,_

2222 5871 2317 5936 Sed
2351 5876 2414 5928 ad
2450 5876 2730 5928 Christum
2763 5871 3018 5940 refertur.
