4020 6492
249 444 354 507 69⁸7
1103 444 1250 505 COM
1263 445 1494 505 MENT.
1536 440 1619 504 IN
1661 446 1852 505 MAT'I

1967 445 2135 506 EUM.
2163 470 2233 485 -
2263 447 2427 508 CAP.
2468 443 2680 511 XXVI.
3431 440 3541 504 09:8

325 559 431 615 Kal
488 557 736 612 πολλῶν
765 587 833 599 --
867 551 1071 623 εὖρον.
1130 556 1379 610 Ἑναντὶα
1442 558 1549 627 γὰρ
1592 556 1844 625 ἀλλήλοις

2022 557 2181 613 Vers.
2214 559 2305 614 60.
2369 557 2603 628 Cumque
2657 553 2813 612 multi
2865 585 2935 592 —
2983 553 3340 612 inveniebant.
3401 551 3537 608 Nam

249 653 618 724 ἐμαρτύρουν.
647 654 786 723 Φησὶ
821 652 931 724 γὰρ
966 654 993 703 ὁ
1025 653 1252 722 Μάρκος
1300 654 1380 705 ὅτι
1427 652 1537 720 (86)
1574 653 1682 706 Καὶ
1716 649 1843 705 ἶσαι

251 753 308 802 αἱ
328 750 647 817 μαρτυρίαι
681 752 792 802 οὐκ
810 743 994 818 ἦσαν.
1041 747 1381 816 Ἐπληροῦτο
1413 748 1470 800 δὲ
1503 750 1597 801 καὶ
1628 750 1660 817 ὴ
1686 751 1847 800 Δαυῖ-

248 843 377 907 τικὴ
431 840 743 910 προφητεία
771 842 802 909 ἠ
834 839 1071 907 λέγουσα
1094 855 1108 868 °
1149 839 1566 908 Ζητηθήσεται
1598 840 1634 906 ἡ
1665 841 1848 908 ἀμαρ-

251 932 349 985 τιά
384 934 596 998 αὐτοῦ,
628 933 724 986 καὶ
757 936 828 986 οὐ
855 933 939 1001 μὴ
969 932 1209 1000 εὑρεθῇ.

327 1026 615 1092 Ὕστερον
651 1027 967 1080 -ναὺτόνκ
1014 1020 1207 1087 Εἶπεν,
1234 1024 1348 1077 ἀλλ’
1386 1025 1490 1076 οὐκ
1524 1020 1670 1088 εἷπε,
1697 1024 1844 1086 Λύω,

251 1116 412 1181 ἀλλὰ,
443 1118 703 1178 Λύσατε,
731 1117 853 1170 οὐδὲ
876 1118 1004 1186 περὶ
1029 1117 1124 1168 τοῦ
1155 1116 1286 1168 ναοῦ
1310 1116 1403 1169 τοῦ
1436 1119 1846 1188 χειροποιήτου,

251 1209 393 1262 ἀλλὰ
447 1212 574 1281 περὶ
619 1209 712 1262 τοῦ
771 1210 909 1286 ἰδίου.
945 1209 1223 1277 σώματος.
1271 1211 1370 1262 Διὰ
1429 1209 1590 1262 τοῦτο
1623 1209 1715 1262 οὖν
1754 1211 1847 1261 καὶ

250 1297 480 1361 τούτους
545 1300 1003 1369 ψευδομαρτυρας
1046 1303 1074 1354 ὁ
1128 1301 1523 1370 εὐαγγελιστὴς
1564 1302 1846 1368 ὠνόμασε.

249 1393 480 1461 Μάρκος
501 1393 554 1446 δέ
581 1407 735 1461 φησι·
759 1393 868 1447 Καί
890 1411 1048 1459 τινες
1065 1394 1461 1459 ἀναστάντες,
1477 1395 1850 1463 ἐψευδομαρ-

249 1487 476 1552 τύρουν
501 1488 628 1540 κατ’
651 1487 860 1550 αὐτοῦ,
889 1487 1168 1556 λέγοντες
1185 1527 1200 1548 ,
1230 1487 1317 1540 ὅτι
1363 1487 1561 1556 Ἡμεῖς
1580 1490 1848 1556 ἠκούσα-

243 1594 363 1645 μεν
415 1578 602 1631 αὑτοῦ
651 1579 973 1645 λέγοντος,
1022 1579 1111 1631 ὅτι
1164 1579 1313 1648 Ἐγὼ
1367 1582 1690 1633 καταλύσω
1743 1583 1851 1632 τὸν

247 1672 403 1724 ναὸν
453 1673 674 1725 τοῦτον
727 1672 835 1724 τὸν
883 1672 1322 1739 χειροποίητον,
1379 1673 1479 1725 καὶ
1526 1672 1625 1725 διὰ
1674 1673 1851 1744 τριῶν

250 1763 488 1830 ἡμερῶν
535 1763 734 1817 ἄλλον
792 1764 1251 1832 ἀχειροποίητον
1282 1764 1682 1834 οἰκοδομήσω.
1739 1767 1849 1819 Kal

246 1856 392 1908 οὐδὲ
416 1856 605 1921 οὕτως
639 1857 744 1922 ἴση
773 1852 852 1925 ἦν
879 1858 915 1922 ἡ
937 1857 1239 1922 μαρτυρία
1265 1855 1486 1909 αὐτῶν.
1521 1857 1715 1909 Πολλοὶ
1750 1857 1849 1924 μὲν

245 1950 360 2014 γὰρ
393 1950 649 2019 περὶτῆς
699 1950 958 2018 τοιαύτης
993 1945 1307 2013 ὑποθέσεως
1335 1950 1718 2019 ἐμαρτύρουν·
1751 1948 1846 2002 δύο

245 2042 303 2096 δὲ
335 2042 742 2113 ὡμοφὼνησαν,
769 2043 863 2106 οὓς
896 2040 1017 2095 εἷπε
1049 2044 1330 2105 ΜατΘαῖος
1363 2060 1375 2073 ’
1405 2045 1454 2095 οἱ
1489 2043 1534 2094 δ’
1557 2043 1708 2096 ἄλλοι
1739 2044 1847 2096 διε-

247 2136 488 2204 φώνουν,
521 2137 588 2189 δι’
618 2135 712 2200 οὒς
764 2138 990 2206 εἴρηκεν
1017 2138 1045 2188 ὁ
1087 2138 1336 2206 Μάρκος,
1373 2137 1455 2190 ὅτι
1494 2136 1618 2189 οὐδὲ
1672 2129 1848 2200 οὕτως

248 2230 341 2296 ἴση
369 2224 438 2296 ἦν
471 2230 504 2298 ἡ
540 2227 820 2298 μαρτυρὶα
853 2229 1060 2280 αὐτῶν.

323 2321 431 2372 Καὶ
491 2322 764 2386 ἀναστὰς
806 2320 1151 2372 -ἐσιώπα.
1212 2318 1438 2373 Βλέπων
1497 2320 1596 2388 μὲν
1665 2320 1760 2372 καὶ
1789 2320 1849 2372 τὸ

246 2413 603 2484 δικαστήριον
642 2415 966 2483 παράνομον
989 2429 1003 2442 ο
1036 2411 1197 2482 ἐῴκει
1245 2412 1355 2480 γὰρ
1387 2412 1607 2484 λῃστῶν
1656 2429 1850 2481 κριτη-

250 2506 352 2578 ρίῳ
414 2507 512 2558 καὶ
586 2505 895 2576 τυραννικῷ
974 2505 1222 2576 βήματι·
1280 2507 1438 2568 εἰδὼς
1515 2507 1570 2557 δὲ
1620 2507 1715 2558 καὶ
1767 2506 1849 2558 ὅτι

251 2600 432 2667 μάτην
469 2600 855 2669 ἀποκρινεῖται
889 2598 1041 2669 παρὰ
1074 2597 1366 2662 τοιούτοις,
1402 2597 1638 2651 ἐσιώπα.

324 2795 432 2849 Καὶ
455 2793 804 2861 ἀποκριθεὶς
831 2822 900 2832 —-—
925 2792 1028 2845 τοῦ
1068 2791 1237 2845 Θεοῦ.
1307 2790 1635 2860 Ἐξορκίζει,
1666 2791 1850 2860 βουλό-

251 2907 416 2960 μενος
449 2890 613 2943 αὑτὸν
645 2892 722 2952 εἰς
760 2888 1061 2955 ἀπολογίαν
1106 2887 1477 2952 καταστῆσαι,
1509 2888 1617 2951 ἵνα,
1644 2888 1852 2952 ταύτης

246 2982 610 3051 δραξάμενος,
641 2982 703 3031 ἐκ
731 2979 937 3047 ταύτης
984 2977 1177 3030 τοῦτον
1214 2977 1582 3046 καταδικὰση.
1616 2974 1852 3044 Προστί-

251 3078 380 3144 θησι
415 3075 472 3127 δὲ
506 3076 588 3139 τὸ,
624 3073 681 3126 '0
715 3073 842 3135 Υἱὸς
898 3071 993 3123 τοῦ
1043 3070 1202 3134 Θεοῦ,
1232 3071 1367 3123 διότι
1406 3073 1500 3122 καὶ
1531 3071 1578 3121 οἱ
1610 3069 1850 3139 βασιλεῖς

249 3170 346 3218 καὶ
381 3167 430 3216 οἱ
468 3164 748 3233 προφῆται
784 3163 1002 3231 χριστο“ι
1050 3163 1160 3213 ἀπὸ
1191 3159 1285 3212 τοῦ
1335 3158 1585 3228 χρίεσθαι
1633 3157 1851 3226 ὠνομά-

1950 653 2224 707 contraria
2248 651 2349 705 sibi
2384 647 2967 704 mutuotestabantur.
2994 647 3082 699 Ait
3111 646 3259 700 enim
3282 647 3494 700 Marcus
3527 664 3539 698 :

1952 746 2018 800 Et
2045 747 2233 800 idonea
2276 744 2573 797 testimonia
2631 757 2732 793 non
2796 748 2948 793 erant
3004 739 3074 791 ⁸⁸.
3121 738 3404 806 Completa
3459 747 3545 792 es'.

1953 848 2136 893 autem
2165 847 2220 890 et
2251 835 2509 891 Davidica
2569 831 2858 901 prophetia
2892 845 3011 899 quae
3035 829 3169 884 dicit
3201 846 3214 882 :
3263 829 3545 894 Quwretur

1948 941 2220 1002 peccatum
2259 929 2405 980 illius
2439 937 2486 979 et
2521 941 2620 978 non
2653 923 2947 975 invenietur
2977 921 3045 974 ⁸⁸.

2021 1025 2174 1078 Vers.
2207 1023 2295 1077 60.
2333 1020 2674 1078 I'oslmodum
2705 1044 2774 1057 —-
2811 1017 2966 1069 Vers.
3019 1013 3107 1067 6|.
3170 1010 3330 1064 illud.
3375 1007 3543 1069 Dixit,

1952 1129 2006 1174 at
2063 1133 2174 1171 non
2238 1115 2399 1178 dixit,
2471 1112 2716 1173 Solvam,
2779 1109 2898 1171 sed,
2951 1105 3185 1168 Solvite;
3237 1117 3416 1170 neque
3475 1101 3543 1154 de

1952 1208 2153 1278 templo
2224 1202 2564 1267 manufacto,
2667 1200 2762 1253 sed
2820 1199 2888 1252 de
2972 1195 3199 1264 proprio
3283 1205 3540 1260 corpore.

1950 1305 2182 1371 PrOpter
2243 1299 2351 1354 hoc
2405 1295 2551 1358 enim
2613 1292 2795 1355 etiam
2835 1290 2937 1343 hos
2985 1285 3318 1356 evangelista
3379 1282 3544 1335 falsos

1953 1406 2119 1451 testes
2153 1385 2696 1461 appellavit.Marcus
2715 1397 2845 1437 vero
2867 1382 2941 1435 ait
2976 1398 2988 1432 :
3025 1379 3090 1432 Et
3125 1378 3340 1447 quidam
3361 1389 3548 1428 assur-

1951 1490 2164 1558 gebant,
2199 1493 2249 1536 et
2311 1481 2507 1552 falsum
2541 1475 2903 1530 testimonium
2937 1473 3189 1524 adversus
3228 1467 3379 1520 illum
3414 1465 3546 1534 fere-

1953 1584 2098 1643 bant,
2130 1578 2360 1630 dicentes
2407 1588 2424 1625 :
2477 1570 2589 1624 Nos
2659 1567 2960 1621 audivimus
3028 1564 3202 1629 ipsum
3265 1559 3545 1611 dicentem,

1956 1675 2066 1744 Ego
2115 1667 2401 1725 dissolvunt
2460 1662 2710 1731 templum
2772 1659 2867 1711 hoc
2931 1654 3326 1722 mamcfactum,
3393 1657 3437 1698 et
3493 1645 3548 1695 in

1953 1736 2129 1820 triduo
2216 1762 2364 1815 aliud
2447 1772 2548 1809 non
2646 1749 3011 1816 manufaclum
3102 1740 3394 1810 wdiﬁcabo.
3480 1736 3545 1789 Et

1955 1877 2046 1913 nec
2074 1860 2147 1912 sic
2182 1857 2431 1910 idoneum
2470 1859 2584 1904 erat
2626 1845 2984 1901 testimonium
3050 1838 3264 1892 illorum
3297 1835 3363 1887 ⁸⁷.
3394 1831 3547 1885 Multi

1954 1954 2224 2022 siquidem
2278 1949 2346 2002 de
2398 1946 2488 2000 tali
2548 1940 2776 2014 materia
2833 1937 3199 1997 testabantur,
3251 1930 3360 1984 duo
3414 1941 3547 1979 vero

1952 2020 2304 2102 concorditer
2336 2039 2610 2100 ferebant,
2661 2048 2801 2102 quos
2870 2029 3011 2084 dixit
3048 2025 3336 2079 Mattbaaus
3373 2040 3387 2085 ;
3456 2020 3545 2072 alii

1951 2156 2082 2194 vero
2113 2139 2221 2197 duo
2246 2135 2464 2190 diversa
2487 2131 2568 2200 (ll)
2588 2127 2972 2197 loquebantur,
2997 2127 3218 2190 propter
3239 2115 3382 2186 quod
3409 2112 3547 2167 dixit

1952 2231 2184 2289 Marcus,
2205 2226 2350 2297 quod
2367 2239 2475 2277 non
2489 2229 2608 2276 erat
2630 2219 2889 2271 idoneu‘m
2911 2208 3286 2266 testimonium
3304 2206 3544 2258 illorum.

2024 2322 2180 2377 Vers.
2218 2296 2308 2373 (ii.
2339 2317 2405 2370 Et
2435 2327 2654 2382 surgens
2685 2338 2752 2349 —-
2781 2306 2940 2360 Vers.
2984 2305 3038 2357 6.
3068 2306 3299 2355 tacebat.
3343 2296 3550 2351 Videns

1953 2414 2224 2484 ctjudicii
2288 2411 2466 2465 forum
2524 2405 2775 2474 iniquum
2806 2421 2822 2465 ;
2853 2414 2977 2454 nam
3031 2397 3310 2450 latronum
3337 2388 3550 2461 judicio

1955 2509 2132 2564 simile
2199 2504 2511 2562 videbatur,
2570 2505 2624 2550 et
2662 2493 3008 2564 tyrannicum
3060 2485 3320 2540 tribunal.
3357 2481 3551 2536 Sciens

1955 2605 2123 2658 etiam
2173 2599 2319 2667 quod
2347 2595 2491 2666 apud
2549 2587 2871 2659 huiusmodi
2925 2584 3131 2641 frustra
3179 2589 3550 2647 responsurus

1955 2705 2120 2752 esset.
2159 2693 2392 2746 tacebat.

2029 2789 2187 2843 Vers.
2217 2785 2306 2839 6⁸5.
2331 2781 2395 2835 Et
2432 2777 2751 2846 respondens
2782 2798 2853 2814 —-
2879 2769 2994 2823 Dei.
3027 2761 3337 2834 Adiuravit.
3361 2758 3553 2813 volens

1956 2895 2082 2935 eum
2142 2878 2206 2930 ad
2267 2872 2686 2942 responsionem
2741 2864 3045 2922 attrahere,
3103 2865 3162 2910 ut
3217 2855 3322 2908 hac
3385 2851 3553 2915 facta,

1957 2975 2106 3027 hunc
2134 2986 2198 3024 ex
2224 2984 2288 3022 ea
2318 2967 2735 3021 condemnaret.
2766 2955 2994 3010 Addidit
3022 2959 3206 3007 autem
3226 2947 3399 3001 Filius
3429 2942 3550 3004 Dei,

1958 3069 2080 3134 quia
2116 3062 2281 3115 etiam
2316 3073 2471 3126 reges
2503 3064 2559 3109 et
2602 3052 2886 3122 prophetae
2946 3043 3138 3101 ehristi
3171 3041 3501 3097 dicebantur
3523 3052 3555 3089 ιλ

1961 3132 2235 3229 νρίεσθαι,
2286 3155 2387 3206 hoc
2451 3158 2537 3205 est
2597 3147 2751 3216 ungi.
2810 3144 3024 3199 Marcus
3056 3154 3190 3196 vero
3231 3139 3356 3191 ait:
3388 3132 3554 3187 Filius

249 3259 430 3322 ζοντο.
458 3225 681 3325 Μάρτιος
712 3225 973 3323 δέἰρησιν
1024 3255 1106 3306 ὅτι
1137 3257 1168 3307 ὀ
1200 3225 1472 3318 Υἱὸς-τοῦ
1490 3254 1849 3322 εὐλογητοῦ,

1967 3225 2222 3304 benedicti
2257 3247 2324 3310 ⁸⁸,
2357 3244 2494 3306 sive,
2534 3241 2628 3295 Dei
2661 3239 2755 3309 qui
2799 3235 3123 3292 benedictus
3149 3239 3232 3285 est
3261 3238 3315 3283 et
3361 3225 3525 3279 lauda

250 3354 398 3421 ἦτοι,
419 3349 513 3402 τοῦ
544 3348 705 3411 Θεοῦ,
727 3348 820 3400 τοῦ
852 3345 1173 3416 εὐλογητοῦ,
1199 3346 1295 3398 τοῦ
1329 3345 1599 3415 ὑμνητοῦ.

325 3442 496 3509 Λέγει
514 3471 584 3479 —
599 3440 796 3504 εἴπας.
819 3437 1137 3500 Κάνταῦθα,
1151 3454 1215 3488 πε
1227 3454 1439 3507 ριαιρου
1450 3438 1612 3506 μένου
1632 3437 1723 3490 τοῦ
1741 3437 1852 3508 (87)

249 3536 338 3595 Εἰ,
395 3534 865 3602 ὑπολιμπάνεται,
893 3530 974 3584 σὺ
1025 3527 1082 3583 εἷ
1109 3533 1141 3582 d
1191 3531 1476 3597 Χμστός.
1506 3533 1538 3581 d
1565 3531 1698 3595 Υἱὸς
1747 3530 1853 3583 τοῦ

253 3629 430 3687 Θεοῦ.
464 3628 628 3696 Λέγει
659 3627 714 3678 δὲ
745 3626 972 3694 Μάρκος
1002 3626 1177 3676 εἰπεῖν
1207 3624 1370 3675 αὐτὸν
1416 3623 1498 3674 ὃτι
1544 3622 1693 3689 Ἐγώ
1714 3625 1849 3690 εἶμι.

252 3724 367 3776 Καὶ
400 3722 570 3789 ἄμφω
601 3718 710 3789 γὰρ
746 3713 891 3779 εἷπε,
924 3717 1006 3769 Σὺ
1037 3712 1212 3779 εἶπας
1255 3714 1345 3768 ὅτι
1378 3715 1494 3784 ἐγώ
1520 3718 1657 3781 ειμι.
1689 3713 1857 3765 Γινώ-

256 3831 406 3866 σκων
439 3807 534 3863 οὖν
589 3811 672 3862 ὅτι
703 3809 761 3861 οὐ
795 3809 1247 3879 πιστευθήσεται,
1278 3809 1428 3876 ὅμως
1472 3807 1853 3869 κατατίθεται,

255 3905 344 3958 ἵνα
383 3904 456 3973 μὴ
488 3902 754 3955 δύνωνται
784 3901 966 3969 λέγειν
989 3900 1218 3965 ὕστερον
1258 3900 1341 3951 ὅτι
1375 3899 1439 3953 El
1462 3900 1602 3965 μετὰ
1619 3899 1678 3951 τὸ
1704 3897 1859 3968 ἐξορ-

255 3997 519 4067 κισθῆδαι
553 3996 931 4065 ὡμολόγησεν,
991 3993 1406 4061 ιπιστεύσαμεν
1446 3993 1533 4046 ἄν.

329 4175 898 4244 Πλὴν-οὐρανοῦ.
949 4159 1218 4244 Ἀπάρτι,
1241 4175 1362 4228 ἀντὶ
1395 4174 1514 4240 τοῦ,
1559 4174 1714 4228 Μετὰ
1765 4193 1860 4244 μι-

258 4269 411 4339 κρόν.
440 4268 602 4336 Δηλοῖ
631 4267 686 4320 δὲ
717 4268 810 4320 τὸν
840 4269 1003 4338 μέχρι
1029 4268 1131 4336 τῆς
1164 4267 1519 4330 ἀναστάσεως
1540 4264 1707 4319 αὑτοῦ
1741 4284 1863 4318 και-

263 4366 372 4433 ρόν.
399 4362 637 4431 Ὀψεσθὲ
671 4380 759 4430 με,
811 4363 901 4413 τὸν
957 4361 1086 4431 παρ’
1110 4361 1267 4430 ὑμῶν
1314 4359 1735 4430 ἀναιρούμενον,
1759 4375 1861 4411 κα-

260 4456 498 4525 Οήμενον
554 4456 617 4508 ὲκ
678 4453 872 4518 δεξιῶν
925 4455 1024 4522 τῆς
1080 4453 1365 4522 δυνάμεως
1423 4455 1520 4522 τῆς
1570 4451 1664 4504 τοῦ
1699 4451 1858 4514 Θεοῦ,

260 4547 454 4621 ξὴγουν
490 4547 624 4617 (88),
687 4547 978 4616 σύνθρονον
1014 4545 1091 4614 τῷ
1127 4545 1245 4614 Θεῷ
1283 4547 1377 4598 καὶ⁸
1404 4544 1600 4613 Πατρί.
1651 4546 1770 4597 Ἔτι
1803 4545 1860 4596 δὲ

1958 3352 2069 3397 tus.

2029 3435 2186 3488 Vers.
2223 3431 2314 3486 64.
2350 3430 2490 3483 Dicit
2521 3459 2593 3467 —
2616 3426 2821 3480 dixisti.
2888 3420 3070 3476 Etiam
3126 3415 3214 3470 hic
3245 3413 3422 3468 ablata
3469 3409 3558 3464 di-

1960 3524 2164 3582 ctione,
2222 3523 2329 3586 An,
2390 3518 2743 3587 relinquitur,
2780 3523 2834 3567 tu
2864 3529 2915 3565 es
2944 3509 3187 3564 Christus
3223 3505 3392 3563 Filius
3433 3500 3554 3554 Dei.

1961 3619 2050 3670 Ait
2078 3625 2259 3669 autem
2293 3613 2506 3665 Marcus
2522 3625 2649 3664 eum
2674 3607 2901 3670 dixisse,
2933 3603 3045 3671 Ego
3077 3617 3192 3654 sum
3223 3598 3306 3663 3°;
3339 3604 3556 3649 utrum-

1961 3727 2067 3778 que
2100 3709 2244 3762 enim
2277 3706 2418 3760 dixit
2452 3720 2466 3756 :
2497 3703 2574 3756 Tu
2605 3700 2806 3763 dixisti,
2833 3695 2970 3768 quod
3035 3712 3128 3764 ego
3160 3707 3301 3744 sum.
3363 3686 3558 3740 Sciens

1962 3819 2091 3873 ergo
2122 3800 2264 3870 quod
2294 3814 2402 3852 non
2450 3796 2764 3850 crediturus
2809 3797 2976 3852 esset,
3029 3795 3212 3839 tamen
3266 3781 3558 3836 veritatem

1962 3870 2187 3963 deponit
2219 3891 2392 3961 (runt),
2419 3905 2487 3942 ne
2525 3885 2881 3956 postmodum
2943 3880 3127 3934 dicere
3184 3882 3412 3945 possent
3447 3887 3461 3925 :
3501 3870 3557 3924 Si

1964 3996 2319 4057 posteaquam
2354 3982 2638 4050 adjuratus
2664 3985 2748 4030 est
2778 3972 3069 4034 confessus
3091 3969 3308 4031 fuisset,
3374 3964 3562 4033 utiqUe

1963 4079 2411 4132 credidissemus.

2037 4170 2191 4224 Vers.
2221 4168 2308 4220 6-4.
2341 4163 2736 4219 Verumtamen
2765 4193 2830 4201 —
2856 4161 2992 4221 caeli,
3031 4157 3075 4210 Α
3101 4156 3276 4217 modo,
3326 4154 3431 4206 hoc
3453 4159 3560 4211 est,

1964 4262 2086 4317 Non
2115 4263 2273 4331 longo
2308 4269 2432 4329 post
2492 4269 2759 4326 tempore.
2825 4252 3112 4325 Signiﬁcat
3135 4261 3318 4303 autem
3350 4256 3566 4314 tempus

1966 4365 2091 4426 post
2148 4352 2634 4407 resurrectionem.
2702 4347 2980 4401 Videbitis
3056 4359 3143 4398 me
3203 4341 3295 4410 qui
3345 4355 3374 4392 a
3411 4338 3569 4397 vobis

1968 4448 2253 4503 interimor
2284 4447 2569 4500 sedentem
2601 4457 2631 4496 a
2662 4440 2904 4496 dexteris
2927 4437 3144 4492 virtutis
3178 4449 3299 4504 quae
3328 4442 3412 4487 est
3450 4431 3564 4490 Dei,

1971 4543 2030 4613 (1"
2064 4542 2269 4597 Eodem
2300 4539 2558 4594 videlicet
2584 4539 2788 4590 throno
2811 4549 2935 4588 cum
2975 4531 3084 4584 Deo
3132 4539 3187 4583 et
3253 4528 3436 4578 Patre.
3479 4522 3568 4576 In-

261 4644 355 4706 καὶ
385 4639 683 4708 ἐρχόμενον
712 4639 852 4690 κατὰ
884 4638 984 4708 τὴν
1006 4637 1272 4707 δευτέραν
1305 4636 1614 4708 παρουσίαν
1634 4634 1852 4688 ἐπὶτῶν

1970 4652 2138 4704 super
2167 4633 2482 4687 venientem
2513 4644 2734 4700 quoque
2785 4625 3034 4682 secundo
3078 4637 3180 4676 suo
3209 4619 3452 4674 adventu
3512 4616 3566 4668 in

262 4732 506 4800 νεφελῶν
550 4730 646 4782 τοῦ
697 4728 956 4798 ούρανοῦ,
982 4729 1058 4792 ὡς
1093 4729 1247 4782 Θεόν.
1291 4730 1562 4797 Ὀψεσθε
1587 4727 1642 4779 δὲ
1677 4727 1854 4788 εἶπεν,

261 4824 359 4893 οὐχ
405 4823 479 4884 ὡς
529 4823 848 4892 δυναμένων
882 4821 1056 4885 οὕτως
1106 4822 1234 4875 ἰδεῖν
1281 4823 1466 4887 αὑτὸν,
1492 4820 1608 4874 ἀλλ’
1640 4820 1716 4882 ὡς
1747 4821 1862 4872 διας

272 4915 686 4986 μαρτυρόμενος
705 4931 722 4947 ·
754 4914 787 4986 ἢ
814 4915 906 4968 καὶ
938 4914 1075 4985 πρὸς
1110 4916 1236 4978 τοὺς
1274 4914 1569 4984 μέλλοντας
1595 4914 1654 4979 ἐξ
1680 4913 1862 4966 αὐτῶν

372 5094 419 5126 ⁸⁸
461 5093 627 5149 Marc.
672 5109 788 5157 xlv,
829 5091 920 5148 56.
997 5092 1045 5126 ⁸⁸
1083 5092 1231 5153 Psal,
1262 5108 1338 5155 χι,
1385 5092 1476 5147 ‘56.
1552 5093 1594 5124 ⁸⁷
1634 5092 1797 5146 Marc.
1858 5091 2079 5158 x1v,57,
2139 5090 2227 5143 59.
2305 5090 2350 5121 ⁸³
2382 5087 2543 5142 Marc.
2577 5101 2686 5152 xlv,
2715 5084 2806 5138 6|.

1971 4727 2214 4781 nubibus
2246 4725 2368 4780 οωιὶ
2405 4733 2664 4791 tanquam
2699 4721 2894 4774 Deum.
2935 4715 3187 4772 Videbitis
3251 4722 3435 4767 autem
3489 4708 3569 4764 di-

1970 4818 2069 4883 xit,
2104 4833 2214 4871 non
2256 4815 2401 4884 quod
2430 4815 2484 4868 hi
2515 4828 2640 4868 eum
2675 4817 2862 4866 essent
2888 4809 2961 4862 ita
2997 4806 3192 4869 visuri,
3219 4803 3318 4859 sed
3379 4811 3567 4872 proteu

1974 4921 2150 4965 status
2175 4919 2261 4964 est
2290 4909 2435 4980 quod
2469 4907 2542 4960 ita
2575 4914 2842 4960 venturus
2869 4910 3040 4966 esset,
3069 4909 3166 4954 aut
3198 4899 3264 4953 ad
3311 4912 3406 4952 eos
3437 4894 3572 4949 diri-

2884 5083 2930 5114 ⁸⁹
2960 5079 3100 5135 Ibid.
3142 5078 3233 5133 62.

1483 5259 1687 5322 Variae
1723 5261 2032 5324 lectiones
2063 5263 2342 5323 etnotae.

342 5411 452 5483 (86)
483 5411 608 5483 ’[Οτι
635 5408 986 5483 omittitcod.
1026 5407 1092 5462 A.

343 5472 456 5550 (87)
497 5480 752 5535 Refertur
783 5481 853 5534 ad
904 5480 1111 5550 priora,
1168 5478 1261 5533 ubi
1306 5477 1530 5549 legitur,
1581 5479 1630 5531 ei
1667 5478 1732 5532 σὺ
1764 5472 1867 5530 sto

268 5552 528 5624 Χριστὸς,
554 5568 609 5605 κ.
646 5571 694 5604 τ.
717 5551 766 5607 λ,

342 5625 455 5694 (87)
498 5623 632 5688 Quae
657 5623 748 5676 hic
788 5621 1135 5686 inclusimus,
1189 5635 1252 5674 ea
1302 5618 1608 5676 llentenius
1632 5620 1868 5677 habebat

339 5780 425 5918 éll)
466 5779 582 5833 Duo
611 5779 838 5832 diversa.
875 5777 991 5830 D‘uo
1019 5794 1128 5832 non
1164 5785 1246 5832 est
1283 5778 1336 5831 in
1373 5776 1585 5832 Greco.

363 5853 488 5914 mm)
530 5850 810 5904 Veritatem
834 5850 1067 5916 deponit.
1099 5849 1434 5912 Assentitur,
1471 5849 1567 5911 ait,

363 5853 488 5914 mm)
530 5850 810 5904 Veritatem
834 5850 1067 5916 deponit.
1099 5849 1434 5912 Assentitur,
1471 5849 1567 5911 ait,
1597 5847 1850 5901 allirmat.

274 5922 677 5992 ᾕατατξοεσθαι
719 5928 803 5976 est
837 5921 1104 5988 assentiri,
1144 5920 1507 5988 comprobare,
1563 5919 1854 5988 afﬁrmare.

1975 5411 2028 5464 in
2065 5410 2192 5474 fine,
2219 5420 2341 5480 post
2361 5409 2702 5480 γενήσομαι,
2725 5415 2984 5480 tanquarn
3015 5401 3284 5480 scholium
3315 5415 3379 5480 εξ
3417 5415 3568 5453 mar-

1976 5481 2104 5552 gine
2127 5471 2448 5539 sui-codicis
2483 5471 2598 5552 huc
2626 5471 2886 5533 relatum.
2921 5476 3084 5530 Forte
3121 5472 3323 5528 omissa
3354 5471 3570 5525 fuerant

1975 5550 2047 5608 ob
2082 5553 2281 5625 duplex
2309 5553 2404 5607 τοῦ
2430 5550 2589 5606 Θεοῦ.

1970 5770 2492 5841 Συγκατατὶθεσθιι
2517 5768 2683 5824 habet
2711 5765 2848 5823 Luc.
2872 5778 3034 5831 xxm,
3068 5761 3158 5828 57,
3195 5769 3250 5816 et
3278 5757 3368 5814 hic
3398 5756 3565 5841 paulo

1974 5838 2210 5902 inferius
2243 5840 2593 5915 Euthymius.
3419 5838 3423 5844 '
