4020 6502
473 429 585 493 699

476 542 624 612 gitur
656 549 842 596 sermo
872 533 966 603 qui
997 546 1062 586 ex
1117 528 1199 584 eis
1267 523 1531 582 credituri
1561 533 1741 578 erant.
1793 521 2057 574 Praeterea
2091 517 2134 571 Α

479 609 731 694 verbum,
798 625 1060 684 l’idebitis,
1118 619 1390 691 signiﬁcat
1429 617 1617 681 etiam,
1681 609 2056 681 Cognoscetis.

482 722 626 776 Dicit
673 728 857 774 autem
910 715 1054 780 apud
1108 711 1355 767 Lucam:
1415 711 1497 764 Ea:
1565 711 1658 764 hoc
1707 717 1938 772 tempore
1959 701 2058 755 erit

483 815 652 870 Filius
671 810 894 866 hominis
926 810 1110 864 sedens
1141 825 1174 861 ο
1209 807 1409 860 dextris
1437 805 1647 860 virtutis
1691 799 1783 853 Dei
1801 799 1848 830 ’°
1873 796 1921 866 ),
1959 797 2061 850 hoc

481 917 586 968 est.
625 906 799 958 Breve
833 901 938 956 erit
973 911 1189 970 tempus
1219 899 1542 954 insidiarum
1574 911 1694 965 quae
1722 893 1889 948 inme
1928 890 2063 945 inci-

484 1008 606 1052 tutae
637 1005 802 1062 sunt;
842 1010 1010 1065 parvo
1062 993 1208 1046 enim
1248 991 1467 1056 expleto
1517 998 1764 1056 tempore
1805 981 2062 1052 superior

481 1089 742 1143 omnibus
787 1086 1028 1142 inimicis
1065 1085 1202 1139 meis
1223 1082 1448 1138 elltciar.

552 1180 712 1243 νοτε.
749 1179 839 1234 65.
906 1181 1136 1232 Tunc—
1179 1175 1437 1230 testibus?
1458 1172 1622 1227 Moris
1666 1178 1785 1226 erat
1837 1167 2062 1232 Iudaeis,

481 1288 604 1334 cum
639 1271 844 1340 aliquid
872 1269 1025 1324 triste
1052 1268 1319 1324 vidissent
1380 1265 1470 1320 vel
1506 1263 1808 1325 audissent,
1844 1261 2063 1316 descin-

481 1365 611 1419 dere
641 1361 962 1418 vestimenta
1017 1373 1156 1414 sua:
1203 1357 1350 1427 quod
1397 1356 1562 1411 etiam
1618 1369 1766 1410 nunc
1819 1367 2066 1409 summus

482 1453 740 1507 sacerdos
772 1449 924 1516 fecit,
955 1459 1214 1519 tanquam
1266 1448 1452 1503 audita
1480 1446 1821 1518 blasphemia
1864 1445 2066 1499 intole-

483 1541 745 1596 rabili.Et
787 1542 892 1596 hoc
934 1541 1098 1605 l'acto,
1152 1540 1280 1595 licet
1300 1539 1523 1605 invitus,
1563 1539 1724 1592 simul
1766 1537 2068 1608 propheta-

482 1633 562 1688 vit
606 1635 752 1704 quod
798 1633 1193 1689 discindendus
1236 1641 1384 1688 esset
1429 1630 1784 1703 pontiﬁcatus
1847 1627 2068 1685 Iudaeo-

485 1742 631 1780 rum.

559 1818 714 1872 Vers.
777 1816 868 1871 65.
933 1816 1066 1871 Ecce
1101 1847 1171 1856 --
1209 1816 1369 1871 Vers.
1431 1816 1520 1872 66.
1588 1817 1844 1873 videtur?
1899 1816 2065 1872 Auxit
2099 1855 2140 1910 Β

486 1909 652 1964 etiam
705 1923 806 1963 suo
851 1909 998 1964 dicto
1050 1910 1484 1975 accusationem,
1541 1921 1598 1965 et
1672 1909 2065 1979 blasphemiam

484 2019 695 2058 vocans
727 2018 1080 2072 responsum,
1111 2012 1165 2057 et
1196 2002 1516 2072 praejudicio
1545 2003 1816 2058 damnans
1843 2018 1990 2066 eum,
2015 2013 2070 2057 ct

484 2095 685 2149 exinde
720 2094 932 2150 caeteris
963 2096 1106 2149 viam
1169 2094 1374 2150 faciens
1427 2095 1492 2150 ad
1524 2111 1648 2150 eum
1698 2095 2073 2151 condemnan-

486 2186 638 2251 dum,
660 2186 817 2256 quasi
845 2186 1053 2242 scilicet
1084 2185 1430 2241 manifestato
1471 2185 1550 2240 eis
1607 2185 1827 2250 delicto,
1871 2201 2073 2255 cogens

486 2296 583 2335 eos
610 2282 676 2336 ad
717 2281 1180 2350 pronuntiandam
1245 2280 1593 2343 sententiam,
1659 2289 1718 2334 ut
1777 2279 1853 2334 ita
1912 2280 2074 2334 robo—

485 2382 642 2427 rctur
669 2372 1079 2438 condemnatio,
1103 2381 1157 2426 et
1187 2388 1250 2424 ex
1283 2371 1408 2435 hoc,
1429 2379 1684 2440 tanquam
1713 2387 1867 2426 reum
1899 2372 2073 2426 Pilato

487 2465 708 2518 tradant
737 2474 797 2520 ut
829 2464 1197 2519 interimatur.

563 2555 719 2610 Vers.
753 2555 843 2610 66.
881 2557 950 2608 At
995 2555 1076 2610 illi
1106 2585 1177 2595 —
1208 2565 1303 2609 est.
1337 2555 1493 2622 Quod
1543 2555 1800 2610 volebant
1861 2565 2072 2611 statue-

486 2655 640 2701 runt.
674 2647 807 2700 Nam
835 2657 1095 2717 corrupta
1158 2663 1315 2703 mens
1368 2656 1682 2718 corruptam
1714 2647 1819 2702 l'ert
1866 2660 1922 2704 et
1948 2664 2076 2704 sen-

491 2739 741 2791 tentiam.
778 2735 953 2794 Lucas
991 2753 1118 2792 vero
1151 2737 1391 2807 scripsit,
1424 2737 1570 2805 quod
1601 2737 1879 2793 duxerunt
1923 2739 2073 2793 illum

487 2830 542 2882 in
570 2831 861 2885 concilium
891 2847 1051 2885 suum
1088 2831 1353 2895 dicentes,
1403 2831 1540 2885 Situ
1599 2847 1651 2885 es
1701 2830 1964 2896 Christus,
1993 2832 2076 2884 dic

491 2924 658 2976 nobis.
694 2923 778 2975 Ait
810 2933 990 2977 autem
1012 2923 1119 2977 illis
1144 2940 1164 2977 :
1187 2921 1248 2978 Si
1277 2925 1458 2977 dixero
1479 2923 1640 2988 vobis,
1673 2940 1775 2977 non
1807 2925 2031 2978 credetis
2054 2940 2074 2978 :

489 3015 629 3085 quod
650 3015 696 3068 si
722 3015 881 3068 etiam
906 3015 1318 3085 interrogauero,
1359 3032 1462 3069 non
1493 3015 1864 3084 respondebitis
1922 3016 2071 3082 mihi,

491 3123 655 3174 neque
690 3106 986 3161 absolvetis.
1018 3107 1101 3163 Ea:
1127 3110 1220 3161 hoc
1254 3119 1486 3178 tempore
1515 3111 1614 3163 erit
1642 3108 1810 3163 Filius
1847 3110 2073 3162 hominis

490 3199 676 3251 sedens
705 3216 736 3251 a
764 3199 960 3252 dextris
981 3199 1192 3252 virtutis
1223 3201 1340 3253 Dei.
1360 3199 1618 3254 Dixerunt
1651 3210 1828 3255 autem
1851 3217 2029 3255 omnes
2052 3217 2069 3254 :

494 3290 569 3343 Tu
604 3307 728 3360 ergo
753 3307 805 3344 es
830 3291 996 3344 Pilius
1023 3291 1163 3348 Dei?
1195 3291 1316 3360 Ipse
1349 3309 1470 3346 vero
1502 3294 1581 3347 ait
1605 3297 1671 3348 ad
1701 3294 1845 3356 illos,
1875 3291 1972 3347 Vos
1998 3294 2082 3346 di-

494 3386 611 3438 citis
641 3389 780 3454 quod
807 3402 899 3455 ego
947 3402 1082 3440 sum.
1146 3386 1211 3440 At
1241 3386 1320 3440 illi
1356 3387 1624 3454 dixerunt,
1691 3385 1830 3450 Quid
1855 3386 2084 3454 amplius

495 3478 642 3529 nobis
691 3493 821 3544 opus
877 3487 950 3532 est
985 3479 1248 3533 testibus?
1298 3480 1398 3548 ipsi
1419 3480 1559 3533 enim
1590 3481 1888 3533 audivimus
1910 3495 1974 3533 ex
1997 3496 2084 3534 ore

495 3569 608 3636 eius
628 3571 694 3623 ⁹¹.
742 3569 1049 3625 Verisimile
1077 3580 1158 3625 est
1187 3573 1333 3624 enim
1366 3581 1710 3626 etsummum
1744 3573 2083 3627 sacerdotem

496 3676 850 3715 consessores
887 3662 1255 3732 interrogasse
1313 3668 1371 3715 et
1403 3662 1748 3716 examinasse
1783 3678 1931 3727 cum,
1968 3679 2087 3716 rur-

495 3767 734 3823 sumque
759 3753 937 3822 ipsum
963 3761 1017 3808 et
1048 3753 1121 3807 illi
1151 3762 1206 3808 et
1233 3753 1356 3808 istis
1381 3754 1752 3824 respondisse.

621 4035 752 4074 nare
776 4027 960 4074 autem
1001 4017 1214 4073 occulte
1248 4017 1428 4088 ipsum
1459 4032 1570 4072 non
1600 4017 1923 4072 occiderunt
1953 4017 1976 4069 ?
2005 4014 2084 4070 Ne

501 4111 706 4167 invidia
737 4110 869 4164 moti
903 4109 1170 4164 occidisse
1203 4125 1330 4164 eum
1380 4108 1722 4163 viderentur.
1780 4106 2088 4162 Studebant

502 4219 633 4274 ergo
671 4201 892 4270 publice
931 4200 1083 4254 illum
1124 4210 1384 4269 tanquam
1441 4198 1751 4253 maleﬁcum
1787 4197 2083 4252 occidere:

504 4293 734 4362 perdere
797 4292 1045 4345 nitentes
1105 4291 1421 4361 Opinionem
1475 4305 1639 4358 quam
1676 4289 1744 4343 de
1805 4305 1870 4342 eo
1915 4289 2088 4342 turbae

501 4392 891 4451 conceperant.
931 4381 1056 4436 Ideo
1085 4382 1252 4437 etiam
1287 4381 1584 4451 petierunt,
1615 4389 1672 4433 ut
1706 4378 2090 4447 cruciﬁgerent

502 4491 664 4529 eum:
710 4484 765 4528 et
787 4475 951 4529 simul
981 4489 1105 4528 cum
1132 4489 1196 4528 eo
1225 4475 1466 4528 latrones
1511 4472 1924 4528 cruciﬁxerunt.
1965 4470 2090 4523 Edi-

1699 409 2012 475 EU'l'HYM
2028 407 2081 468 ll
2119 401 2511 466 ZlGABENI.

3627 382 3731 443 700

2165 509 2447 565 πιστεύειν
2485 509 2512 560 ό
2561 503 2737 573 λόγος.
2791 500 2866 554 To
2901 499 2957 553 δὲ
3015 492 3281 564 Ὄψεσθε
3331 487 3481 560 δηλοῖ
3514 488 3609 540 καὶ
3650 493 3735 549 το,

2162 601 2463 658 Γνὼσεσθε.
2517 600 2652 669 Φησὶ
2704 595 2760 650 δὲ
2807 592 2902 648 καὶ
2950 591 2980 645 ὁ
3028 588 3241 651 Λουκᾶς
3315 585 3396 637 ὅτι
3442 581 3579 634 Ἀπὸ
3625 576 3736 631 τοῦ

2161 696 2279 752 νῦν
2304 694 2536 749 ἐσταιό
2575 691 2708 756 Υἱὸς
2759 685 2867 742 τοῦ
2915 681 3233 751 ἀνθρώπου
3280 673 3618 743 καθήμενος
3667 669 3732 722 ἐκ

2162 783 2378 850 δεξιῶν
2401 783 2510 850 τῆς
2538 778 2845 849 δυνάμεως
2881 773 2988 828 τοῦ
3013 768 3210 842 Θεοῦ,]
3235 767 3498 829 τουτέστι,
3520 759 3736 831 Βραχὺς

2163 881 2191 932 ὁ
2220 877 2408 947 καιρὸς
2468 875 2565 945 τῆς
2622 870 2744 924 κατ’
2777 869 2910 939 ἐμοῦ
2967 865 3078 936 (89)
3139 858 3424 928 ἐπιϐουλῆς
3455 873 3468 884 ·
3519 855 3616 947 οὐκ
3649 851 3729 909 είς

2162 944 2385 1040 μακράν
2403 966 2511 1037 γὰρ
2523 944 2695 1017 ἀνὼτε
2704 977 2793 1032 ρος
2805 957 2914 1012 τῶν
2930 950 3388 1010 ἐπιϐουλευόντων
3407 944 3737 1014 γενήσομαι.

2253 1153 2389 1205 Tata
2433 1178 2503 1188 —
2533 1145 2885 1217 paptiipwr;
2937 1138 3098 1199 Ἕθος
3129 1136 3244 1196 τοῖς
3280 1131 3578 1190 Ἰουδαίοις,
3611 1126 3737 1178 ὅταν

2165 1263 2219 1298 τι
2251 1242 2489 1314 χαλεπὸν
2518 1241 2612 1292 καὶ
2643 1235 2869 1308 φρικτὸν
2895 1233 3076 1287 ῐδωσιν
3099 1228 3134 1299 ἢ
3155 1225 3450 1287 ἀκούσωσι,
3475 1220 3742 1314 διαῤῥήσ-

2168 1310 2285 1390 σειν
2322 1334 2390 1388 τὰ
2445 1332 2637 1401 ἱμάτια
2691 1326 2894 1391 αὐτῶν,
2944 1325 3081 1393 ὅπερ
3133 1319 3229 1374 καὶ
3277 1310 3740 1384 νῦνὸἁρχιερεὺς

2169 1428 2447 1498 ἐποίησεν,
2485 1423 2561 1485 ὡς
2601 1421 2840 1482 ἀκούσας
2876 1416 3037 1486 δῆθεν
3070 1409 3416 1484 βλασφημίας
3461 1407 3563 1460 οὐκ
3617 1405 3741 1456 ἁνε-

2171 1523 2324 1590 κτῆς.
2353 1520 2418 1571 Ἀ
2431 1535 2506 1588 μα
2531 1516 2587 1570 δὲ
2614 1519 2706 1569 καὶ
2729 1513 2896 1573 ἀκων,
2916 1509 3007 1579 ἀφ’
3025 1501 3100 1561 ὧν
3131 1504 3372 1574 ἐποίησε,
3396 1498 3742 1590 προεφήτευ-

2173 1589 2283 1677 σεν,
2329 1614 2411 1666 ὅτι
2469 1605 2938 1679 διαῤῥηχθὴσεται
2967 1602 3001 1671 ἡ
3031 1595 3406 1671 ἀρχιερωσύνη
3449 1592 3559 1645 τῶν
3606 1589 3744 1641 ἰου-

2171 1707 2356 1760 δαίων.

2249 1797 2370 1853 Ἴδε
2398 1828 2467 1838 --
2491 1791 2687 1858 δοκεῖ;
2726 1789 2982 1860 Δῦξήσας
3017 1785 3116 1857 τὴν
3148 1780 3482 1851 κατηγορίαν
3531 1776 3627 1829 τοῦ
3665 1773 3744 1826 λε-

2172 1887 2414 1959 χθέντος,
2446 1885 2539 1937 καὶ
2575 1879 2926 1953 βλασφημίαν
2946 1875 3104 1930 τοῦτο
3139 1873 3397 1933 καλέσας,
3421 1870 3514 1922 καὶ
3541 1884 3747 1936 προκα-

2169 1983 2471 2037 ταδικάσας
2493 1978 2675 2040 αὐτὸν,
2709 1975 2804 2028 καὶ
2830 1973 2943 2036 ὁδὸς
2971 1969 3081 2042 (90)
3122 1969 3224 2040 ήδη
3262 1967 3356 2019 καὶ
3401 1965 3514 2025 τοῖς
3554 1961 3738 2021 ἄλλοις

2173 2077 2251 2140 είς
2296 2075 2355 2126 τὸ
2405 2071 2770 2126 καταδικάσαι
2822 2065 3134 2134 γενόμενος,
3175 2057 3473 2120 ).οιπδν,ὼς
3507 2051 3746 2123 φανεροῦ

2171 2169 2267 2222 τοῦ
2305 2164 2779 2236 πλημμελήματος
2831 2158 3004 2217 ὄντος.
3054 2151 3351 2220 ἀναγκάζει
3399 2146 3490 2202 καὶ
3550 2146 3750 2208 αὐτοὺς

2174 2257 2580 2329 ἀποφήνασθαι,
2627 2254 2734 2317 ἵνα,
2755 2248 3098 2321 κυρωθείσης
3133 2243 3276 2296 οὕτω
3299 2242 3395 2310 τῆς
3424 2239 3750 2329 καταδίκης,

2175 2327 2476 2407 ὑπεύθυνον
2505 2342 2840 2400 ἀπεντεῦθεν
2875 2339 3037 2393 αὑτὸν
3082 2334 3375 2406 παραδοῖεν
3404 2329 3480 2402 τῷ
3528 2327 3748 2395 Πιλάτῳ

2175 2445 2311 2517 πρὸς
2347 2440 2645 2511 ἀναίρεσιν.

2250 2541 2312 2591 Ol
2343 2537 2408 2589 δὲ
2429 2565 2498 2574 --
2531 2532 2725 2585 ἐστίν.
2757 2529 2933 2595 Ὅπερ
2968 2521 3270 2581 ἐϐούλοντο,
3293 2518 3451 2569 τοῦτο
3484 2512 3579 2566 καί⁵
3610 2512 3750 2566 ἀπε-

2177 2633 2438 2702 φήναντο.
2470 2621 2887 2693 Διεφθαρμένης
2938 2617 3031 2669 οὖν
3092 2611 3317 2702 γνώμης
3366 2605 3747 2702 διεφθαρμένη

2177 2693 2271 2774 καὶ
2302 2721 2335 2787 ἡ
2384 2716 2678 2785 ἀπόφασις.
2717 2711 2776 2764 Ὀ
2829 2709 2886 2761 δὲ
2937 2705 3152 2765 Λουκᾶς
3211 2699 3448 2769 ἔγραψεν
3520 2696 3601 2749 ὅτι
3651 2693 3749 2747 καὶ

2177 2813 2453 2880 ἀνήγαγον
2499 2807 2658 2860 αὐτὸν
2693 2805 2772 2866 είς
2802 2803 2863 2854 τὸ
2915 2798 3193 2867 συνέδριον
3228 2793 3430 2854 αὐτῶν,
3467 2790 3744 2880 λέγοντες·

2179 2908 2246 2959 El
2298 2902 2377 2956 σὺ
2392 2897 2449 2954 εἷ
2480 2902 2510 2953 d
2542 2895 2814 2966 Χριστὸς,
2844 2892 2974 2946 sine
3019 2888 3186 2956 ἡμῖν.
3219 2881 3362 2941 Εἷπε
3395 2883 3464 2937 δὲ
3506 2879 3708 2946 αὐτοῖς
3733 2895 3748 2908 ο

2191 2997 2333 3050 Ἐὰν
2355 2992 2498 3062 ὑμῖν
2540 2991 2706 3048 εἴπω.
2738 2989 2809 3042 οὐ
2839 2985 2924 3054 μὴ
2979 2981 3346 3046 πιστεύσητε
3372 2995 3384 3006 ·
3417 2975 3526 3028 ἐὰν
3555 2972 3619 3025 δὲ
3653 2970 3749 3024 καὶ

2179 3289 2366 3342 μενος
2390 3270 2457 3323 ἐκ
2486 3265 2702 3332 δεξιῶν
2723 3264 2829 3333 τῆς
2878 3261 3187 3329 δυνάμεως
3225 3254 3329 3310 τοῦ
3352 3253 3518 3307 Θεοῦ.
3564 3246 3762 3304 Εἶπαν

2183 3367 2252 3420 δὲ
2271 3365 2499 3429 πάντες
2521 3380 2533 3394 ·
2562 3365 2644 3415 Συ
2674 3355 2787 3414 οὖν
2814 3352 2872 3412 εἴ
2897 3359 2928 3411 ό
2960 3354 3090 3418 Υἱὸς
3111 3352 3212 3405 τοῦ
3233 3348 3404 3412 Θεοῦ;
3436 3347 3489 3396 Ὀ
3518 3345 3584 3396 δὲ
3613 3342 3757 3408 πρὸς

2182 3459 2406 3521 αὐτοὺς
2462 3454 2610 3522 ἔφη’
2659 3448 2843 3518 Ὑμεῖς
2884 3446 3088 3512 λέγετε
3120 3442 3228 3523 ’ὅτι
3283 3436 3396 3507 ἐγώ
3428 3439 3562 3503 sint.
3596 3436 3659 3486 Ol
3691 3431 3758 3483 es

2184 3547 2358 3606 εἷπον
2383 3563 2396 3577 '
2458 3547 2518 3599 Τί
2563 3543 2651 3596 ἔτι
2685 3543 2896 3610 χρείαν
2924 3538 3144 3607 ἔχομεν
3177 3531 3538 3603 μαρτυρίας-ε
3588 3527 3757 3580 αὐτοὶ

2185 3642 2295 3712 γὰρ
2324 3638 2678 3708 ἠκούσαμεν
2724 3633 2842 3687 ἀπὸ
2890 3629 2997 3684 τοῦ
3041 3629 3336 3695 στόματος
3368 3621 3576 3676 αὐτοῦ.
3601 3620 3760 3681 Εἰκὸς

2184 3734 2292 3802 γὰρ
2360 3729 2458 3782 καὶ
2507 3727 2599 3780 τὸν
2649 3722 2936 3794 ἀρχιερέα,
2981 3721 3077 3773 καὶ
3129 3719 3258 3780 τοὺς
3312 3714 3759 3781 συνεδριάζοντας

2185 3823 2471 3894 ἐπερωτᾷν
2497 3820 2590 3874 καὶ
2622 3816 2931 3888 ἀνακρίνειν
2961 3813 3147 3877 αὑτὸν,
3177 3810 3336 3863 πάλιν
3357 3825 3415 3861 τε
3442 3807 3601 3858 αὐτὸν
3626 3808 3758 3856 ἁπο-

2187 3917 2471 3987 κρίνεσθαι
2507 3911 2602 3966 καὶ
2634 3911 2768 3981 πρὸς
2801 3911 3029 3969 ἐκεῖνον,
3060 3906 3155 3958 καὶ
3188 3902 3324 3971 πρὸς
3359 3901 3555 3957 αὐτούς

2261 4008 2372 4073 Καὶ
2409 4005 2552 4059 διατι
2612 4001 2688 4073 μὴ
2731 3999 2907 4069 λάθρα
2945 3997 3131 4050 τοῦτον
3175 3994 3424 4054 ’ἁνεῖλονζ
3460 3989 3556 4041 Διὰ
3589 3990 3647 4040 τδ

2186 4101 2336 4167 δόξαι
2383 4098 2526 4152 κατὰ
2577 4094 2770 4163 ’ρθόνον
2805 4089 2967 4145 αὐτὸν
3001 4087 3230 4141 ἀνελεῖν.
3273 4084 3642 4144 Eam-.2639»
3673 4077 3767 4133 οὖν

2186 4191 2424 4261 δημοσία
2471 4189 2662 4242 τοῦτον
2712 4184 2787 4246 ὼς
2821 4181 3129 4246 κακοῦργον
3177 4176 3551 4244 (Ξινσιιρειέξ-ρεηἱ
3590 4191 3765 4241 μηχς..

2190 4285 2422 4353 νώμενοι
2459 4280 2659 4351 βλάψαι
2689 4279 2786 4346 τὴν
2826 4272 3095 4341 ὑπόληψιν
3128 4266 3434 4322 ain-36.5231
3464 4264 3621 4317 τοῦτο
3659 4264 3763 4330 γὰρ

2193 4379 2287 4430 καὶ
2318 4373 2540 4443 σταυρῷ
2573 4370 2763 4424 τοῦτον
2814 4365 3168 4436 ἀναιρεθῆναι
3224 4362 3514 4431 ᾐτήσαντο,
3543 4359 3636 4408 καὶ
3676 4356 3765 4427 in-

2195 4474 2326 4532 στὰς
2378 4465 2528 4534 αύτῷ
2585 4459 3063 4528 συνεσταύρωσαν.
3087 4453 3286 4520 Γέγονε
3323 4450 3380 4502 δὲ
3433 4447 3766 4508 τούναντίον,

503 4583 665 4621 verso
695 4577 878 4621 autem
909 4567 1113 4620 factum
1139 4575 1225 4620 est
1253 4581 1416 4635 quam
1445 4565 1522 4620 illi
1570 4573 1919 4634 optaverant.
1951 4561 2078 4616 Nam

2194 4555 2273 4622 οἷς
2309 4557 2610 4612 ἐϐούλοντο.
2660 4549 2909 4622 Δημοσίᾳ
2955 4545 3064 4614 γὰρ
3116 4539 3519 4612 ἀναιρεθέντος,
3571 4539 3768 4635 palis:

503 4661 629 4728 quia
686 4661 905 4730 publice
973 4659 1335 4728 interemptus
1375 4667 1480 4723 est,
1518 4660 1690 4725 magis
1749 4654 2090 4725 resplenduit

502 4753 670 4822 gloria
725 4752 862 4820 ejus.
900 4749 1250 4818 Rursumque
1312 4750 1367 4802 in
1429 4749 1679 4819 sepulcro
1733 4748 1904 4815 sigilla
1950 4745 2091 4799 mili-

509 4852 733 4911 tumque
776 4841 1024 4897 custodia
1074 4841 1365 4894 veritatem
1413 4841 1585 4911 magis
1619 4839 1883 4909 eﬂ'ulgere
1937 4837 2090 4891 fece-

509 4945 655 4987 runt.

582 5025 736 5081 Vers.
775 5027 860 5081 (i7.
894 5026 1035 5080 Tunc
1071 5057 1140 5066 —
1172 5027 1310 5095 ejus.
1334 5025 1585 5092 llorreto,
1610 5026 1804 5081 cmlum
1832 5038 1886 5080 et
1925 5039 2087 5091 terra,

511 5121 879 5188 universaque
910 5129 1186 5185 creatura,
1217 5124 1271 5173 in
1300 5135 1464 5189 quam
1497 5118 1716 5180 faciem,
1751 5135 1912 5188 quam
1947 5121 2091 5172 intu-

512 5211 690 5264 lerunt
723 5212 998 5281 injuriam.

1091 5302 1246 5360 Vers.
1291 5262 1381 5360 θθ.
1422 5307 1512 5374 qui
1540 5314 1587 5359 te
1621 5305 1874 5373 percussit
1901 5307 1922 5345 9
1955 5303 2090 5368 Quia

585 5462 629 5492 ⁹⁰
653 5460 786 5515 Luc.
849 5475 984 5525 nn,
1015 5459 1104 5515 69.
1177 5461 1222 5494 "
1257 5461 1394 5517 Luc.
1430 5477 1562 5527 ml,
1610 5460 1801 5516 66-7l.

2196 4652 2502 4721 ἐξέλαμψεν
2555 4650 2588 4719 ἠ
2638 4647 2766 4709 δόξα
2815 4638 3002 4694 αὐτοῦ.
3047 4637 3159 4690 Καὶ
3212 4635 3307 4686 ἐπὶ
3355 4631 3447 4684 τοῦ
3505 4632 3674 4696 τάξον
3717 4629 3768 4679 δὲ

2199 4747 2363 4798 πάλιν
2435 4745 2489 4795 αἱ
2547 4737 2842 4809 σφραγῖδες
2904 4732 2998 4786 καὶ
3056 4731 3090 4798 ἡ
3144 4724 3511 4798 παραφυ).ακὴ
3575 4722 3770 4790 μᾶλλην

2195 4825 2500 4907 διαλιῗμψαι
2523 4833 2631 4905 τὴν·
2657 4828 2919 4901 ἀλήθειαν
2952 4823 3313 4896 πεποιῄκασιρ

2271 5021 2411 5075 Τότε
2455 5047 2528 5059 --
2555 5013 2765 5069 αὐτοῦ,
2794 5011 3011 5083 Φρίξον,
3044 5005 3243 5076 οὑρανὲ
3277 5003 3372 5057 καὶ
3410 5002 3479 5069 γῆ
3513 5000 3606 5051 καὶ
3639 4999 3774 5063 σύμ.-

2198 5132 2350 5166 ππσα
2387 5111 2588 5171 κτίσις,
2621 5109 2698 5170 εἰς
2747 5098 2860 5157 οἷον
2895 5102 3188 5174 πρόσωπον
3239 5096 3356 5150 οἵαν
3390 5095 3612 5162 ἀτιμίαν
3647 5093 3775 5156 ἐπή-

2197 5222 2368 5272 γαγον
2392 5207 2403 5256 !

2273 5298 2381 5352 Καὶ
2414 5326 2481 5335 -—
2512 5293 2740 5358 παίσας
2766 5307 2839 5343 σε
2851 5305 2871 5353 ;
2906 5285 3058 5340 Ἐπεὶ
3111 5281 3263 5355 παρὰ
3297 5280 3509 5342 πολλοῖς
3568 5278 3782 5349 προφή-

1712 5614 1908 5676 Varie:
1943 5614 2246 5677 lectiones
2278 5623 2338 5675 et
2369 5621 2559 5674 nota),

593 5781 705 5849 ‘89)
745 5779 874 5833 Κατ’
907 5779 1030 5849 ἐμὲ.
1053 5777 1188 5834 Cod.
1214 5783 1278 5834 Λ.

594 5852 706 5921 (90)
744 5853 944 5906 Durum
973 5852 1374 5922 quodammodo
1397 5852 1454 5908 τὸ
1490 5852 1646 5917 ὁδός.
1677 5851 1853 5906 Malim
1883 5849 2094 5920 ὸδηγός.

2212 5778 2451 5847 Uterque
2497 5789 2675 5830 tamen
2723 5775 2894 5830 codex
2944 5774 3217 5828 consentit
3261 5772 3316 5826 in
3357 5768 3494 5833 ὁδός.
3531 5766 3785 5820 llentenii

2211 5847 2593 5917 interpretatio
2632 5848 2884 5919 ambigua
2909 5855 3010 5899 est.
