4020 6496
290 394 394 460 701

1153 403 1544 464 COMMENT.
1593 407 1668 466 IN
1719 409 2190 474 MAT'I‘ILEUM.
2232 438 2301 450 --
2339 415 2498 476 CAP.
2542 417 2744 478 XXVI.

3478 419 3586 481 702

285 519 387 574 της
449 504 689 572 ἐλέγετο,
724 505 1005 572 διέπαιζον
1061 509 1346 574 αὑτὸν,ὡς
1397 511 1881 582 ψευδοπροφήτην.

2004 535 2017 569 ι
2045 519 2232 572 ωυίείδ
2259 524 2525 592 propheta
2558 524 2866 579 dicebatur.
2903 522 3264 578 verberabant
3296 541 3424 579 eum
3459 539 3584 580 tan-

291 597 779 668 Περικαλύψαντες
832 599 944 670 γὰρ
1009 601 1214 669 ίματίῳ
1241 602 1303 654 τὸ
1357 603 1650 672 πρόσωπον
1695 606 1885 668 αὑτοῦ,

290 693 431 762 πρὸς
461 692 522 745 τὸ
554 692 629 764 μὴ
667 691 913 762 βλέπειν,
939 692 1014 756 ὡς
1033 693 1263 764 Μάρκος
1315 696 1412 750 καὶ
1448 697 1664 759 Λουκᾶς
1712 693 1887 761 εἷπον,

289 783 450 838 τοῦτο
495 783 595 852 μὲν
614 784 966 852 ὲκολάφιζον,
986 786 1147 842 τοῦτο
1178 789 1235 843 δὲ
1264 789 1591 861 ἐρράπιζον,
1614 791 1886 859 λέγοντες

289 872 729 942 Προφήτευσον
782 877 948 946 ἡμῖν,
976 879 1214 945 Χριστὲ,
1249 882 1342 945 τίς
1384 880 1557 935 ἐστιν
1593 885 1625 935 ὁ
1661 885 1892 949 παίσας

292 980 410 1029 σε;
446 965 606 1018 Ἐστι
635 966 691 1019 δὲ
732 967 1075 1039 κολαφισμδς
1113 971 1212 1040 μὲν
1263 972 1324 1025 τὸ
1360 972 1545 1025 παίειν
1602 974 1744 1027 κατὰ
1793 976 1888 1029 τοῦ

289 1057 569 1128 τραχήλου
605 1059 764 1132 κοίλῃ
791 1060 928 1131 ἀφῇ,
963 1063 1103 1132 πρὸς
1151 1063 1212 1116 τὸ
1243 1066 1419 1118 ποιεῖν
1463 1065 1637 1135 ψόφον
1665 1083 1676 1096 ·
1723 1068 1892 1138 ῥαπι-

293 1151 431 1220 σμδς
461 1151 517 1205 δὲ
565 1152 628 1205 τὸ
652 1152 835 1206 παίειν
866 1155 1011 1207 κατά
1039 1155 1135 1208 τοῦ
1169 1155 1490 1226 προσώπου.

359 1243 518 1296 Μετὰ
543 1243 651 1313 γὰρ
698 1244 798 1315 τὴν
851 1245 1039 1300 ἄδικον
1077 1245 1407 1318 καταδίκην,
1434 1249 1510 1313 ὡς
1543 1250 1740 1320 ἀτιμόν
1765 1268 1891 1305 τινα

290 1334 386 1385 καὶ
416 1332 529 1401 (9|)
561 1333 990 1404 τριωσολιμαῖον
1010 1334 1274 1398 λαϐόντες
1303 1335 1472 1405 μέσον
1498 1337 1686 1402 αὑτὸν,
1709 1339 1757 1390 οἱ
1790 1339 1891 1408 μὲν

292 1427 476 1479 πᾶσαν
515 1427 596 1488 εἰς
629 1426 794 1479 αὐτὸν
825 1427 1202 1481 ἐνεδείκνυντο
1246 1430 1558 1499 παροινίαν,
1587 1429 1688 1483 οὐκ
1729 1430 1887 1482 ἐλεύο

291 1513 441 1580 Οεροι
483 1515 667 1582 μόνον,
698 1515 834 1568 ἀλλά
866 1518 962 1571 καὶ
999 1518 1197 1585 δοῦλοι,
1239 1524 1335 1574 καὶ
1372 1521 1635 1574 παντοίαν
1674 1520 1889 1573 ἐκίνουν

291 1607 411 1658 κατ’
438 1606 608 1659 αὐτοῦ
657 1609 882 1678 μανίαν,
931 1612 1027 1664 καὶ
1072 1612 1252 1682 ἡδέως
1289 1613 1392 1684 τῆς
1447 1612 1648 1683 λύττης
1699 1614 1887 1680 ὲνεφοο

294 1698 485 1763 ροῦντο
507 1716 520 1729 ο
552 1701 580 1752 6
603 1700 660 1753 δὲ
690 1702 871 1755 πάντα
898 1705 1297 1775 μεγαλοψύχως
1323 1706 1587 1776 ὑπέμενε,
1613 1705 1885 1760 διδάσκων

1993 627 2155 679 quam
2185 613 2380 668 falsum
2412 617 2760 685 prOpbetam,
2783 615 2924 670 facie
2953 617 3075 686 ejus
3105 629 3254 671 veste
3308 628 3488 672 COﬂlCt
3512 627 3586 681 ta,

1995 720 2064 758 ne
2114 706 2346 770 videret,
2418 709 2579 762 sicuti
2635 709 2850 764 Marcus
2905 718 2961 763 et
2995 707 3172 764 Lucas
3227 711 3486 766 dixerunt
3517 715 3584 774 θ’.

1995 795 2153 851 Nunc
2184 809 2367 852 autem
2425 800 2723 864 canlcbant,
2770 817 2917 855 nunc
2951 817 3083 855 vero
3143 803 3326 870 alapas
3382 803 3589 858 dabant

1993 887 2242 941 dicentes
2282 906 2294 941 :
2331 889 2642 957 Propltelizu
2690 892 2856 953 nobis,
2909 890 3136 955 Christe,
3165 894 3283 962 quis
3305 905 3376 946 est
3409 896 3498 964 qui
3534 906 3584 948 te

1991 979 2295 1047 percussit?
2329 981 2425 1034 Est
2456 991 2641 1036 autent
2684 983 2956 1053 colapbus
3003 985 3316 1040 verberatio
3371 1001 3492 1054 qua:
3532 990 3586 1040 in

1993 1071 2138 1125 collo
2169 1071 2227 1124 lit
2254 1087 2423 1127 vacua
2449 1071 2568 1144 (nn)
2589 1089 2753 1130 manu
2786 1085 3055 1130 utsonnm
3079 1075 3207 1131 edat
3236 1094 3249 1129 :
3278 1076 3431 1146 alapa
3456 1092 3589 1132 vero

1995 1163 2047 1219 in
2087 1165 2285 1220 Iaciem
2315 1167 2500 1221 datur.

2073 1258 2202 1314 Post
2237 1259 2499 1330 injustam
2533 1262 2680 1316 enim
2736 1263 3262 1319 condemnationem
3326 1273 3588 1332 tanquam

1993 1349 2269 1417 abjectum
2319 1351 2638 1421 quempiam
2695 1363 2751 1408 et
2784 1355 3142 1411 triobolarem
3197 1357 3251 1410 in
3285 1356 3468 1410 medio
3498 1374 3560 1410 su

1993 1449 2227 1500 mentes.
2257 1441 2308 1494 bi
2360 1443 2583 1512 quidem
2650 1445 2916 1514 quidquid
2972 1447 3026 1500 in
3051 1447 3280 1501 buccam
3337 1447 3590 1500 veniebat

1994 1533 2482 1589 debaccbabantur
2543 1536 2597 1590 in
2627 1553 2777 1600 cum,
2822 1555 2931 1592 non
2968 1540 3127 1593 liberi
3163 1539 3365 1603 solum,
3397 1538 3494 1592 sed
3530 1548 3585 1592 et

1992 1626 2137 1680 servi
2167 1643 2182 1678 :
2209 1627 2300 1680 alii
2333 1643 2463 1682 vero
2496 1629 2872 1685 omnimodam
2925 1631 3192 1687 adversus
3224 1647 3351 1686 eum
3402 1647 3592 1686 move-

1995 1718 2127 1772 bant
2167 1718 2463 1781 insaniam.
2492 1723 2862 1794 gaudentique
2884 1725 3071 1778 animo
3126 1724 3333 1779 rabiem
3366 1739 3591 1779 evome-

289 1791 604 1862 ἀνέχεσθαι.
637 1794 746 1846 Καὶ
778 1789 847 1866 ἦν
898 1794 1038 1867 ’παρ’
1069 1799 1303 1862 ἐκείνοις
1338 1797 1460 1868 μὲν,
1489 1799 1688 1862 κακίας
1721 1799 1886 1868 ὑπερ·

2004 1817 2146 1862 nant.
2185 1809 2454 1866 Universa
2502 1823 2686 1868 autem
2749 1829 2948 1884 magno
3011 1815 3200 1870 animo
3251 1815 3588 1878 sustinebat,

291 1886 443 1956 δολὴ,
497 1887 651 1958 παρὰ
686 1888 862 1960 τούτῳ
891 1889 970 1954 δὲ,
1010 1891 1388 1960 ἀνεξικακίας.

365 2171 551 2237 Ἀξιον
580 2173 637 2226 δὲ
678 2173 963 2245 θαυμάσαι
997 2178 1250 2242 καὶτοὺς
1291 2179 1718 2248 εὐαγγελιστάς,
1765 2182 1886 2245 πῶς

290 2265 385 2318 καὶ
439 2263 508 2317 τὰ
565 2266 832 2322 δοκοῦντα
867 2270 1209 2324 ἐπονείδιστα
1244 2271 1566 2343 φιλαληθῶς
1613 2274 1886 2341 ἐπαγγέλ-

288 2357 469 2422 λουσι,
505 2361 602 2412 καὶ
651 2359 774 2414 οὔτε
835 2363 928 2415 τὸν
1003 2363 1204 2417 Ἰούδαν
1242 2365 1276 2434 ἢ
1303 2366 1428 2428 τοὺς
1472 2365 1758 2430 Ἰουδαίους
1809 2367 1886 2428 ὡς

289 2451 521 2521 ἐχθροὺς
552 2453 927 2524 διασύρουσιν,
950 2456 1073 2510 οὔτε
1125 2459 1218 2514 τὸν
1266 2461 1606 2514 Διδάσκαλον
1632 2462 1708 2525 ὡς
1738 2461 1886 2514 διδὰ·

287 2541 492 2596 σκαλον
519 2541 780 2611 ὑψοῦσιν²
812 2546 928 2598 ἀλλ’
987 2547 1218 2612 ἀπαθῶς
1262 2549 1482 2604 ἅπαντα
1541 2551 1882 2621 διηγοῦνται,

289 2631 389 2684 καὶ
423 2633 592 2702 μόνης
623 2636 724 2703 τῆς
761 2637 1020 2706 ἀληθείας
1056 2641 1431 2710 φροντίζουσι,
1457 2643 1553 2696 καὶ
1604 2645 1884 2714 πανταχοῦ

287 2724 534 2792 γίνονται
567 2729 665 2798 τῆς
695 2729 911 2799 χρείας.

398 2930 555 2986 ΚΕΦ.
572 2928 708 2998 EQ".
737 2933 873 2998 Περὶ
913 2932 1026 3002 τῆς
1049 2935 1366 3003 ἀρνήσεως
1389 2935 1497 2991 τοῦ
1523 2938 1776 3007 Πέτρου.

383 3027 427 3076 ο
453 3023 521 3077 δὲ
553 3024 774 3092 Πέτρος
813 3053 882 3066 -
908 3027 965 3080 τί
984 3028 1203 3096 λέγεις.
1233 3029 1454 3098 Σκόπει,
1496 3031 1608 3094 πῶς
1653 3034 1744 3086 τὸν
1778 3033 1886 3103 πρὸ

293 3117 496 3187 μικροῦ
554 3117 860 3187 τηλικαῦτα
921 3122 1418 3193 μεγαλαυχήσαντα
1472 3123 1886 3194 θεραπαινίδιον

1917 1876 1961 1932 Β
1991 1903 2196 1956 docens
2245 1918 2348 1958 nos
2403 1903 2635 1974 injurias
2698 1876 2955 1962 tolerare.
2999 1906 3067 1962 Et.
3096 1915 3217 1961 erat
3256 1907 3401 1977 apud
3462 1907 3590 1960 illos

1989 1995 2294 2050 vehemens
2346 1996 2632 2066 pravitatis
2669 1999 3030 2064 abundantia,
3080 2001 3228 2069 apud
3282 2000 3432 2054 hunc
3457 2014 3587 2053 vero

1991 2086 2302 2141 tolerantia.

2061 2182 2158 2235 Est
2186 2192 2370 2237 autem
2396 2182 2763 2237 admiratione
2789 2182 3044 2254 dignum,
3105 2183 3386 2253 quomodo
3418 2197 3590 2238 evan-

1989 2274 2200 2345 gelistm
2254 2284 2513 2344 tanquam
2566 2275 2820 2330 veritatis
2885 2283 3185 2340 amatores,
3253 2290 3376 2345 qua!
3421 2273 3587 2329 etiam

1989 2367 2230 2422 maxime
2292 2368 2558 2436 probrosa
2619 2367 2898 2431 videntur,
2959 2367 3233 2433 referunt,
3293 2376 3350 2421 et
3410 2381 3589 2429 neque

1987 2456 2181 2512 Judam
2213 2468 2303 2512 aut
2366 2457 2584 2513 Judzeos
2613 2467 2874 2528 tanquam
2914 2460 3171 2513 inimicos
3207 2459 3475 2514 conviciis
3508 2459 3587 2512 la-

1989 2559 2247 2604 cessunt:
2278 2565 2456 2621 neque
2489 2549 2834 2622 Magistrum,
2869 2559 3130 2620 tanquam
3167 2558 3588 2620 praeceptorem,

1989 2642 2286 2697 sublimem
2343 2643 2629 2706 ederunt"
2682 2643 2777 2698 sed
2836 2645 2994 2712 quasi
3031 2641 3184 2696 nullo
3220 2642 3352 2696 moti
3377 2640 3584 2696 aﬂ‘ectn

1989 2734 2175 2788 omnia
2203 2743 2454 2799 narrant,
2491 2749 2556 2788 ac
2587 2734 2762 2790 solius
2818 2749 3008 2790 curam
3061 2734 3267 2788 habent
3315 2732 3587 2798 veritatis,

1990 2834 2048 2879 et
2073 2825 2277 2896 ubique
2307 2827 2373 2880 ad
2408 2827 2460 2880 id
2495 2826 2640 2896 quod
2677 2841 2768 2881 res
2795 2826 3037 2895 postulat
3069 2840 3128 2880 se
3153 2822 3474 2879 conferunt.

2278 2940 2434 2995 CAP.
2469 2939 2657 2994 LXVI.
2692 2939 2769 2992 De
2805 2941 3086 3010 negatione
3126 2939 3296 2993 Petri.

2065 3033 2221 3088 Vers.
2255 3031 2345 3088 69.
2390 3031 2584 3087 Petrus
2609 3042 2786 3086 autent
2819 3062 2886 3072 —
2921 3030 3081 3087 Vera.
3114 3031 3205 3087 70.
3260 3031 3390 3102 quid
3417 3031 3588 3084 diras.

1993 3123 2130 3180 Vide
2167 3126 2445 3194 quomodo
2477 3141 2629 3190 eum,
2657 3125 2751 3196 qui
2775 3127 2938 3197 paqu
2979 3134 3108 3179 ante
3147 3125 3287 3179 adeo
3325 3139 3447 3178 sese
3508 3124 3595 3191 ja-

288 3208 516 3272 ἀσθενὲς
548 3209 836 3280 ἑπτόησεν,
859 3211 935 3278 ὥς
967 3214 1076 3268 ὑπὸ
1101 3215 1198 3286 τῆς
1228 3217 1381 3280 θείας
1399 3218 1621 3289 χάριτος
1646 3221 1887 3289 ἐγκατα-

2004 3221 2191 3284 :tabat,
2225 3220 2440 3275 inﬁrma
2484 3221 2740 3275 ancillula
2764 3230 3158 3291 prtcceptorem
3187 3233 3390 3287 negare
3432 3217 3591 3278 fecit,

287 3301 601 3370 λειφθέντα.

374 3396 737 3460 Ἕξελθόντιι
787 3398 856 3452 δὲ
887 3401 1079 3455 αὐτὸν
1102 3431 1170 3444 -
1196 3402 1306 3456 τόν
1353 3405 1692 3474 ἄνθρωπον.
1738 3408 1884 3463 Φεῦῐ

286 3483 374 3541 οἷα
399 3487 650 3555 διέθηκεν
679 3491 842 3544 αὐτὸν
880 3493 908 3545 6
933 3493 1118 3562 φόόος.
1139 3493 1216 3550 Οὐ
1255 3495 1418 3566 μόνον
1445 3498 1554 3568 γὰρ
1580 3500 1722 3570 ὴρνή
1734 3517 1886 3562 σατο,

288 3579 426 3633 ἀλλὰ
455 3585 548 3635 καὶ
587 3583 707 3652 μεθ’
730 3585 916 3654 ὅρκου.
952 3587 1176 3658 Ἐξῆλθε
1205 3589 1284 3656 δὲ,
1309 3590 1412 3644 οὐκ
1447 3592 1554 3659 ἔξω
1585 3593 1679 3646 τοῦ
1703 3595 1888 3646 πυλῶ-

287 3689 397 3735 νος,
456 3673 574 3727 ἀλλ’
627 3679 706 3738 εἰς
761 3678 854 3730 τὸν
888 3680 1134 3744 πυλῶνα,
1183 3683 1487 3749 τουτέστιν,
1535 3687 1615 3746 είς
1644 3687 1706 3738 τὸ
1747 3705 1887 3758 προ-

285 3767 494 3832 αύλιον,
517 3767 592 3830 ὡς
617 3772 644 3822 6
673 3771 899 3841 Μάρκος
931 3768 1072 3827 εἷπε.

359 3945 522 4001 Μετὰ
573 3948 795 4016 μικρὸν
842 3977 914 3988 --
947 3948 1055 4002 τὸν
1094 3949 1436 4019 ἄνθρωπον.
1474 3951 1533 4005 Ὀ
1563 3953 1619 4006 δὲ
1658 3956 1888 4027 Μάρκος

287 4040 528 4110 ἔγραψεν
576 4039 659 4092 ὅτι
678 4041 784 4094 Kal
809 4039 922 4108 γὰρ
939 4041 1269 4108 Γαλιλαῖος
1285 4038 1359 4108 εἴ,
1384 4045 1484 4097 καί
1504 4047 1541 4113 ἡ
1557 4048 1746 4102 λαλιά
1768 4065 1887 4103 σου

288 4131 549 4204 δμοιὰζει
575 4151 588 4163 ·
623 4128 770 4204 εἶχον
821 4135 931 4204 γάρ
970 4152 1022 4188 τι
1056 4136 1387 4206 παράσημον
1421 4139 1615 4208 στολῆς
1648 4142 1698 4192 οἱ
1728 4141 1763 4192 Γ
1768 4142 1887 4194 αλι-

287 4227 452 4290 λαῖοι,
485 4225 574 4280 ναὶ
601 4228 709 4296 μὴν
746 4228 842 4286 καὶ
894 4227 1163 4297 ίδιώματά
1195 4247 1317 4284 τινα
1344 4230 1655 4285 διαλέκτου.
1696 4235 1887 4287 Κατα-

289 4319 609 4389 θεματίζειν
639 4320 753 4389 (93)
781 4319 838 4373 δέ
869 4323 987 4373 ἐστι
1032 4321 1094 4374 τὸ
1124 4324 1567 4392 ἀναθεματίζειν.
1589 4325 1746 4379 Οὕτω
1777 4327 1887 4398 γὰρ

284 4412 314 4462 6
360 4412 587 4479 Μάρκος
619 4405 763 4474 εἷπε,
795 4413 888 4464 καὶ⁵
939 4411 1110 4482 ἄμφω
1143 4414 1199 4467 δὲ
1230 4417 1392 4468 ταυτὶ
1443 4417 1504 4468 τὸ
1538 4419 1885 4488 καταρᾶσθαι

287 4503 530 4574 δηλοῦσι.

363 4599 474 4653 Καὶ
507 4600 727 4665 εὐθέως
771 4616 964 4668 -με,
1011 4601 1244 4672 Μάρκος
1298 4601 1356 4656 δέ
1413 4620 1603 4673 φησιν,
1652 4605 1741 4656 ὅτε
1781 4605 1882 4676 μὲν

288 4691 441 4757 ἅπαξ
471 4695 498 4746 6
528 4693 738 4764 Πέτρος
765 4693 1068 4763 ἠρνήσατο,
1091 4695 1216 4748 τότε
1259 4695 1351 4748 τὸν
1381 4696 1656 4767 ἀλέκτορα
1695 4699 1882 4766 φωνῆ-

289 4802 382 4838 σαι
411 4785 471 4837 τὸ
495 4785 713 4854 πρῶτον
733 4802 747 4816 ’
773 4786 860 4838 ὅτε
889 4786 946 4840 δὲ
967 4789 1172 4857 τρίτον,
1195 4789 1317 4841 τότε
1339 4789 1400 4841 τὸ
1425 4788 1699 4858 δεύτερον.
1721 4790 1885 4862 Ἐσηο

292 4879 570 4946 μειώσατο
599 4877 656 4929 δὲ
686 4877 864 4944 τοῦτο,
904 4879 1084 4950 δηλῶν
1143 4881 1226 4934 ὅτι
1265 4880 1390 4932 οὕτε
1428 4881 1686 4950 ἡπρώτη
1726 4882 1881 4948 φωνὴ

287 4968 383 5022 τοῦ
432 4968 728 5039 ἀλέκτορος
774 4970 1083 5042 ἀνέμνησεν
1137 4973 1322 5026 αὐτόν.
1355 4973 1464 5026 Καὶ
1503 4991 1531 5025 ο
1573 4974 1793 5036 Λουκᾶς
1825 4974 1881 5026 δὲ

287 5061 436 5129 λέγει
487 5061 650 5114 πάλιν
695 5062 779 5114 ὅτι
837 5063 976 5132 μετὰ
1036 5063 1094 5116 τὸ
1138 5065 1389 5134 φωνῆσαι
1440 5065 1531 5118 τὸν
1580 5064 1878 5136 ἀλέκτορα,

1993 3318 2185 3380 utpote
2216 3312 2404 3367 divina
2438 3313 2768 3367 destitutum
2795 3313 2991 3384 gratia.

2062 3405 2213 3461 Vers.
2237 3406 2324 3460 71.
2342 3404 2471 3461 Cum
2487 3415 2663 3459 autem
2688 3406 2882 3459 exisset
2901 3401 3144 3459 —Vcrs.
3172 3403 3261 3458 72.
3285 3401 3330 3454 11
3340 3403 3592 3454 omiuem.

1994 3495 2108 3552 Ileu
2165 3499 2382 3567 qualem
2436 3497 2675 3553 reddidit
2704 3497 2811 3570 (oo)
2842 3512 2969 3551 eum
3001 3497 3206 3551 timori
3246 3495 3364 3547 Non
3411 3493 3590 3546 solum

1989 3589 2142 3644 enim
2184 3591 2426 3661 negavit,
2465 3591 2562 3646 sed
2594 3590 2762 3644 etiam
2822 3605 2949 3644 cum
2997 3589 3341 3659 iuramento.
3409 3584 3596 3639 Exivit

1991 3695 2176 3738 autem
2211 3700 2320 3738 non
2354 3694 2510 3738 extra
2569 3683 2932 3746 vestibulum,
2995 3681 3088 3736 sed
3121 3681 3177 3733 in
3223 3676 3590 3738 vestibulum,

1995 3779 2098 3832 hoc
2130 3790 2236 3842 est,
2276 3776 2516 3845 priorem
2537 3775 2662 3830 atrii
2689 3783 2927 3846 partem.
2955 3773 3089 3828 Nam
3123 3772 3337 3827 Marcus
3381 3770 3596 3842 προαύ-

1991 3871 2108 3924 λιον
2150 3871 2291 3925 dixil
2314 3871 2380 3924 ’³.

2065 3958 2224 4014 Vers.
2254 3961 2340 4014 73.
2371 3960 2436 4011 Et
2465 3968 2583 4027 post
2606 3958 2858 4027 pusillum
2886 3987 2956 3996 -—
2985 3954 3262 4010 Versiﬂ.
3284 3952 3591 4009 Hominem.

1991 4053 2206 4108 Marcus
2229 4062 2412 4105 autem
2445 4051 2584 4105 dixit
2613 4067 2626 4103 :
2656 4049 2798 4103 Nam
2830 4059 2877 4103 et
2911 4047 3170 4105 Galila‘us
3197 4063 3272 4112 es,
3301 4057 3350 4100 et
3383 4046 3590 4117 loquela

1992 4154 2083 4197 tua
2111 4143 2347 4197 convenit
2375 4142 2441 4193 ".
2487 4139 2776 4194 IIabebant
2838 4140 2985 4193 enim
3050 4137 3333 4208 quidpiam
3375 4137 3592 4207 insigne

1991 4236 2199 4292 Galilmi
2252 4235 2307 4287 in
2364 4244 2539 4296 veste,
2594 4241 2649 4287 ct
2706 4232 2972 4302 quasdam
3001 4239 3264 4300 praetcrea
3310 4229 3594 4284 idiomatis

1989 4328 2382 4401 proprietates.
2444 4323 2736 4380 Exsecrari
2770 4333 2956 4378 autem
2981 4332 3064 4377 est
3090 4322 3383 4376 devovere.
3431 4321 3593 4377 Unde

1991 4421 2208 4474 Marcus
2239 4417 2462 4487 scripsit
2490 4415 2926 4486 ἀναθεματίζειν
2961 4414 3030 4468 ⁸⁵.
3071 4413 3247 4466 Ambo
3288 4428 3418 4465 vero
3454 4412 3591 4473 lucc,

1993 4511 2412 4566 maledictiones
2440 4508 2645 4561 inferre
2675 4507 3011 4577 signiﬁcant.

2065 4601 2222 4656 Vers.
2277 4602 2368 4656 74.
2427 4599 2826 4670 Statimque—
2867 4600 3022 4656 Vers.
3069 4601 3157 4654 75.
3214 4617 3317 4654 me.
3381 4597 3594 4649 Marcus

1992 4707 2178 4752 autem
2219 4695 2373 4759 dixit,
2410 4695 2554 4765 quod
2593 4710 2719 4750 cum
2748 4694 2946 4749 Petrus
2971 4695 3143 4750 semel
3179 4696 3419 4764 negavit,
3457 4701 3592 4742 tunc

1993 4789 2167 4861 gallus
2209 4789 2446 4859 primum
2480 4787 2680 4842 cecinit
2715 4807 2728 4841 :
2775 4787 2995 4857 quando
3032 4803 3164 4841 vero
3218 4785 3379 4840 tertio
3423 4799 3594 4852 nega-

1994 4881 2093 4944 vit,
2133 4888 2266 4935 tunc
2299 4881 2545 4934 secundo
2598 4879 2801 4935 cecinit
2853 4881 2920 4932 ’⁸.
2951 4878 3172 4933 Notavit
3227 4888 3408 4931 autem
3464 4876 3594 4937 hoc,

1993 4973 2362 5029 manifestans
2395 4973 2540 5043 quod
2571 4973 2807 5044 primum
2867 4971 3201 5043 gallicinium
3235 4984 3345 5022 non
3401 4966 3597 5020 admo-

1991 5068 2114 5122 nuit
2143 5081 2294 5122 eum.
2324 5063 2561 5120 Rursum
2594 5076 2780 5120 autem
2817 5065 2994 5120 Lucas
3019 5062 3232 5126 scribit,
3265 5058 3413 5131 quod
3443 5065 3595 5128 post-

361 5202 406 5234 "
445 5201 612 5256 Marc.
653 5219 765 5270 xw,
796 5203 1059 5270 65;Luc.
1095 5207 1325 5272 unﬁt.
1406 5206 1450 5238 ”
1475 5205 1642 5260 Marc.
1687 5225 1802 5266 xlv,
1839 5205 1908 5259 68

2011 5206 2057 5237 “
2083 5206 2221 5260 Ibid.
2257 5205 2345 5260 70.
2425 5208 2470 5239 ’⁸
2509 5207 2644 5262 Ibid.
2679 5209 2767 5262 71.
2847 5207 2891 5239 ⁹⁶
2929 5205 3063 5259 Ibid.
3101 5204 3190 5270 68,
3216 5203 3308 5256 72.

1499 5363 1697 5425 Varia)
1730 5363 2040 5428 lectiones
2074 5371 2136 5426 et
2166 5372 2355 5426 noue.

369 5531 481 5599 (9n
510 5528 586 5586 Ita
608 5531 891 5603 Chrysost.
917 5529 1010 5584 sed
1045 5530 1113 5585 de
1145 5547 1204 5586 re
1236 5531 1364 5598 alia,
1409 5541 1541 5586 tom.
1597 5529 1707 5597 VII,
1759 5548 1881 5602 pag.

293 5603 477 5746 42ίξλὲ)
525 5674 612 5735 Ὡς
642 5675 669 5727 ὁ
699 5671 1045 5736 διδάσκαλος.
1080 5673 1138 5729 Β.

365 5832 690 5900 .nn)Vacua.
730 5832 846 5887 Imo
883 5849 1035 5888 cura.
1073 5833 1234 5887 Forte
1267 5832 1396 5901 κενῇ
1440 5845 1539 5899 pro
1581 5829 1736 5902 κοίλῃ
1794 5829 1873 5883 ἰη-

295 5914 536 5962 "eberat.

2073 5529 2187 5600 (95)
2220 5529 2298 5584 Ita
2331 5540 2494 5585 etlam
2533 5542 2759 5598 uterque
2800 5532 2854 5584 in
2888 5540 3152 5586 contextu
3190 5529 3447 5600 lllattbeei.
3483 5529 3595 5600 Ile-

2000 5597 2107 5656 cte.
2143 5602 2411 5664 Alterura,
2454 5603 2597 5669 quod
2634 5597 2734 5656 nec
2763 5602 3175 5670 Complutcnsis
3206 5601 3375 5658 editio
3405 5597 3596 5662 habet.

2001 5687 2066 5727 ex
2097 5688 2197 5727 suo
2231 5673 2432 5726 chieo
2465 5673 2810 5743 deprompsit
2842 5672 3120 5727 Erasmus.

2063 5833 2167 5892 (no)
2210 5828 2428 5894 Qualem
2463 5830 2711 5884 reddidit.
2738 5828 3029 5897 Quomodo
3057 5830 3260 5886 allec-it.
