4020 6492
456 436 566 498 ’103

1704 423 2088 484 EUTHYMH
2133 424 2492 484 ZIGABENI

3619 421 3722 485 7‘04

453 565 619 617 quam
653 550 827 620 gallus
863 547 1082 609 cecinit,
1120 558 1434 600 conversus.
1473 541 1738 594 Dominus
1799 542 2042 609 respexit

2182 544 2410 610 τραφεὶς
2446 545 2471 594 ὁ
2505 540 2727 611 Κύριος,
2782 541 3037 609 ἐνέϐλεψε
3098 543 3176 612 τῷ
3235 544 3456 613 Πέτρῳ,
3489 545 3579 598 διὰ
3631 549 3725 602 τοῦ

458 638 703 702 Petrum,
747 654 842 708 per
866 645 1147 705 aspectum
1201 635 1266 688 ad
1328 633 1656 708 memoriam
1711 648 1836 686 eum
1883 631 2045 685 redu-

457 746 588 785 cens
616 731 680 783 ".
754 730 904 784 Adeo
972 729 1116 782 enim
1186 727 1336 781 illum
1401 726 1682 780 ἀκήρατα
1743 725 1926 785 timor,
1989 733 2049 777 ut

469 821 815 892 paulominns
843 821 1008 874 fuerit
1051 829 1334 873 emortuus
1374 835 1385 869 ι
1437 833 1672 886 cumque
1713 815 1886 885 gallus
1935 831 2046 868 non

458 915 630 970 semel
673 923 910 978 tantum,
950 913 1045 967 sed
1071 922 1124 966 et
1158 913 1241 965 bis
1280 911 1594 968 cecinisset,
1629 924 1811 978 neque
1865 913 1937 962 ita
1981 909 2048 962 ad

459 1021 682 1060 sensum
727 1004 984 1063 redierat.
1018 1004 1111 1058 sed
1148 1018 1286 1072 opus
1311 1003 1475 1056 etiam
1531 998 1710 1053 fuerat
1749 1000 2050 1052 Salvatoris

460 1105 711 1166 aspectu.
771 1094 906 1150 Vide
963 1111 1094 1164 ergo
1147 1093 1518 1148 inﬁrmitatem
1563 1090 1617 1144 in
1677 1105 1839 1158 quam
1895 1091 2048 1144 brevi

464 1199 714 1256 tempore
753 1189 915 1242 tertio
954 1185 1251 1257 negaverit,
1279 1191 1335 1238 et
1365 1183 1676 1237 successive
1707 1190 1817 1234 tres
1858 1182 2055 1236 emise-

464 1281 538 1334 rit
570 1282 911 1351 negationes,
943 1297 1052 1335 non
1105 1276 1497 1349 quaestionibus
1542 1277 1907 1342 examinatus,
1957 1275 2048 1329 sed

467 1371 610 1426 forte
634 1373 853 1426 fortuna
881 1372 950 1446 in!
971 1371 1204 1426 transitu
1244 1371 1562 1439 requisitus.

535 1463 694 1518 Vers.
753 1465 840 1519 75.
908 1464 973 1518 Et
1024 1481 1259 1535 egressus
1291 1493 1357 1506 ——
1390 1479 1595 1516 amare.
1650 1459 1918 1532 Egressus
1970 1470 2057 1514 est

465 1554 636 1617 foras,
688 1571 757 1610 ne
817 1556 958 1610 forte
1021 1555 1159 1610 ﬂens
1219 1564 1274 1610 et
1322 1555 1439 1624 ipse
1506 1551 2052 1623 apprclicnderetur.

469 1647 641 1700 Flevit
673 1658 878 1711 autem,
907 1663 1015 1701 non
1070 1659 1368 1714 utcunque,
1417 1643 1514 1698 sed
1567 1643 1787 1698 acerbe.
1841 1641 2056 1694 .‘llareus

469 1749 653 1794 autem
689 1739 821 1793 dicit
853 1739 918 1802 ⁸⁸,
947 1739 1090 1807 quod
1118 1739 1379 1808 adjiciens
1406 1736 1550 1790 ﬂevit
1585 1753 1600 1801 ;
1634 1735 1921 1802 adjicicns,
1955 1733 2058 1787 hoc

469 1839 553 1884 est
589 1830 875 1899 incipiens.
907 1829 1149 1885 Joannes
1175 1846 1306 1886 vero
1338 1831 1467 1896 hoc,
1505 1838 1773 1897 tanquam
1821 1829 1890 1882 ab
1937 1827 2056 1880 aliis

468 1925 678 1980 dictum
709 1926 1083 1996 praetermisit.

542 2016 738 2071 Vidisti
767 2026 1054 2086 peccatum
1076 2017 1099 2070 ?
1125 2017 1247 2071 vide
1283 2025 1338 2071 et
1365 2016 1771 2086 paenitentiam.
1819 2015 1900 2069 0b
1953 2015 2058 2068 hoc

471 2108 620 2162 enim
685 2118 910 2176 peccata
969 2117 1023 2162 et
1085 2109 1432 2176 pmnitentize
1495 2118 1809 2162 sanctorum
1860 2107 2059 2175 scripta

471 2209 623 2254 sunt.
686 2200 994 2256 Permissus
1048 2211 1133 2256 est
1178 2211 1362 2256 autem
1426 2202 1624 2256 cadere
1675 2201 1892 2263 Petrus,
1949 2216 2061 2253 non

475 2300 699 2360 promer
735 2291 913 2346 dictas
955 2300 1168 2346 tantum
1203 2306 1418 2353 causas,
1455 2292 1548 2346 sed
1595 2292 1761 2345 etiam
1807 2299 1866 2344 ut
1915 2290 2065 2361 igno-

477 2396 629 2435 scere
655 2384 832 2437 discat
885 2384 968 2437 iiis
999 2398 1218 2452 quoque
1246 2383 1338 2452 qui
1379 2382 1662 2445 labuntur,
1703 2387 1901 2436 horum
1958 2385 2065 2436 im-

479 2474 835 2530 becillitatem
867 2490 932 2528 ex
964 2491 1060 2530 sua
1091 2489 1431 2544 cognoscens
1475 2493 1486 2527 :
1536 2491 1662 2529 nam
1698 2485 1883 2544 pastor
1930 2491 2065 2529 con-

478 2567 791 2621 S'ituendus
826 2577 945 2622 erat
988 2577 1082 2623 :et
1135 2578 1192 2622 ut
1240 2583 1560 2638 magnorum
1595 2569 1770 2622 factus
1813 2579 2068 2637 operator

479 2661 892 2723 miraculorum,
945 2660 1225 2715 modestus
1261 2661 1352 2725 sit,
1395 2675 1457 2714 ac
1501 2660 1583 2713 sui
1615 2674 1777 2714 casus
1815 2661 2070 2713 recorda-

479 2763 586 2815 tus,
626 2753 734 2806 Deo
761 2767 875 2805 rem
917 2767 1137 2805 omnem
1166 2753 1422 2807 ascribat.
1457 2749 1740 2820 Siquidem
1776 2761 1831 2805 et
1868 2752 2069 2807 Paulus

479 2858 603 2895 cum
639 2842 1030 2897 tentationibus
1063 2843 1364 2912 permissus
1406 2851 1488 2896 est
1514 2859 1776 2914 pugnare,
1807 2859 1876 2897 nc
1897 2844 2071 2897 extol-

479 2932 709 2994 leretur,
747 2942 806 2985 ut
842 2933 956 3001 ipse
980 2932 1056 2986 ait
1111 2934 1175 2986 θ’.
1205 2933 1558 2987 Potissimum
1611 2946 1816 2997 autem,
1850 2936 1908 2988 ut
1941 2949 2066 3002 ρειαί

479 3023 763 3077 caloribus
797 3023 1003 3077 ciarum
1053 3031 1200 3077 esset
1257 3023 1590 3091 ptenitentiaz
1649 3025 1983 3092 exemplum.
2016 3025 2072 3079 Si

481 3116 629 3169 enim
682 3124 1004 3168 cancrorum
1059 3114 1314 3184 princeps
1367 3115 1762 3186 apostolorum,
1799 3118 1892 3183 qui
1939 3119 2074 3172 tales

482 3208 713 3262 virtutes
749 3217 806 3262 et
840 3208 1052 3262 viderat
1080 3217 1133 3262 et
1163 3207 1390 3274 fecerat,
1438 3209 1658 3262 tandem
1716 3209 1766 3261 in
1828 3210 2075 3279 negatio-

482 3315 609 3354 nem
645 3302 828 3369 lapsus
855 3313 939 3355 est
969 3318 996 3353 -:
1031 3297 1226 3354 deinde
1271 3301 1456 3372 agnito
1489 3302 1684 3356 delicto
1711 3301 1861 3353 illum
1901 3301 2077 3371 pinni-

485 3392 610 3452 tuit,
655 3399 840 3444 etnon
872 3389 1046 3444 solum
1085 3391 1237 3450 brevi
1272 3400 1519 3460 tempore
1552 3390 1820 3442 maculam
1855 3405 2073 3445 omnem

483 3479 765 3542 abstersit,
818 3479 910 3532 sed
961 3487 1015 3531 et
1067 3487 1389 3533 cmterorum
1462 3489 1648 3549 pastor
1682 3479 2074 3548 discipulorum

486 3581 704 3627 creatus
753 3581 858 3636 est,
916 3581 972 3626 et
1011 3572 1307 3624 multorum
1340 3587 1402 3625 ac
1451 3587 1774 3643 magnorum
1825 3583 2077 3640 operator

489 3665 879 3718 miraculorum
909 3665 1212 3733 appellatus
1254 3675 1337 3716 est
1372 3681 1387 3728 ;
1422 3663 1629 3716 nullum
1676 3663 1766 3730 qui
1817 3664 2078 3717 ceciderit

486 3757 783 3824 desperare
819 3757 1099 3820 convenit,
1130 3757 1225 3810 sed
1277 3756 1420 3809 illico
1475 3756 1852 3825 paenitentiam
1887 3771 2050 3823 agere

487 3864 612 3906 cum
667 3848 885 3903 divitias
936 3857 1228 3918 cognoscit
1282 3847 1722 3902 mansuetudinis
1759 3848 1996 3902 Domini.

561 4137 628 4192 Et
662 4137 754 4190 hic
816 4151 1033 4206 quoque
1095 4137 1520 4203 observandum,
1580 4138 1725 4208 quod
1785 4137 2076 4192 Mattlmus

488 4229 710 4300 quidem
749 4230 764 4259 ¹
802 4238 858 4282 et
893 4229 1104 4283 Marcus
1133 4233 1152 4260 ¹
1186 4231 1527 4298 scripserunt
1583 4230 1821 4300 primum
1874 4230 2074 4284 factam

487 4337 611 4377 csse
636 4337 664 4374 a
697 4321 946 4391 principe
977 4322 1322 4375 sacerdotum
1385 4323 1892 4391 interrogationem,
1924 4325 2080 4378 dein-

488 4415 557 4470 de
584 4413 904 4468 Iudaeorum
941 4413 1194 4482 injurias,
1256 4422 1310 4466 et
1343 4414 1691 4482 postmodum
1732 4414 1878 4468 Petri
1914 4431 2078 4484 nega-

488 4505 687 4557 tiones.
718 4503 891 4557 Lucas
928 4517 1055 4554 vero
1090 4501 1324 4570 primum
1361 4501 1504 4553 Petri
1536 4503 1878 4571 negationes,
1921 4504 2078 4558 dein-

2151 633 2464 702 βλέμματος
2530 633 2968 702 ὑπομιμνήσκων
3036 635 3218 688 αὐτόν.
3265 636 3530 690 Τοσοῦτον
3619 643 3725 712 γὰρ

2148 724 2314 776 αὐτοῦ
2390 726 2803 793 κατεκράτησεν
2842 729 2867 778 ὁ
2905 726 3093 793 φόϐος,
3135 728 3211 790 ὡς
3295 731 3728 802 ἀποτεθνηκέναι

2152 817 2492 888 μικροῦ,κα“ι
2546 819 2638 872 τοῦ
2697 821 2993 887 ἀλέκτορος
3042 823 3393 889 φωνήσαντος
3440 827 3501 876 οὐ
3571 829 3728 893 μόνον

2151 910 2318 974 ἅπαξ,
2341 909 2474 961 ἀλλά
2507 910 2598 961 καὶ
2630 911 2731 973 δὶς,
2763 911 2886 978 μηδ’
2934 911 3106 972 οὕτως
3138 914 3216 974 είς
3243 913 3495 984 αἴσθησιν
3527 916 3725 978 ἐλθεῖν,

2150 1003 2284 1055 ἀλλὰ
2317 1003 2573 1071 δεηθῆναι
2609 1005 2702 1056 καὶ
2732 1002 2827 1054 τοῦ
2869 1003 3181 1072 βλέμματος
3209 1004 3302 1056 τοῦ
3331 1007 3600 1076 Σωτῆρος.
3627 1010 3732 1063 Ἶξε

2151 1095 2281 1163 γοῦν
2317 1095 2621 1154 ἀσθένειαν,
2655 1094 2865 1158 πῶς-ὲν
2894 1096 3087 1166 βραχεῖ
3113 1098 3292 1168 καιρῷ
3349 1101 3532 1168 τρίτον
3563 1103 3732 1170 ἠρνή-

2154 1206 2304 1251 σατο,
2333 1191 2426 1242 καὶ
2457 1191 2518 1240 ὲκ
2553 1187 2804 1258 διαδοχῆς
2834 1189 2932 1252 τὰς
2955 1193 3102 1259 τρεῖς
3135 1193 3390 1262 ἀρνήσεις
3417 1194 3732 1263 ἐποιήσατο,

2153 1282 2246 1332 καὶ
2279 1281 2380 1334 οὐκ
2412 1280 2764 1349 ἐταζόμενος,
2801 1281 2938 1346 ἀλλ’,
2973 1281 3048 1344 ὡς
3089 1282 3271 1353 ἔτυχε,
3303 1286 3442 1336 κατά
3495 1288 3732 1355 πάροδον

2153 1371 2532 1441 ἐρωτώμενος.

2221 1463 2332 1516 Καὶ
2376 1463 2644 1528 ἐξελθὼν
2691 1494 2760 1502 -
2786 1463 3030 1533 πικρῶς.
3099 1467 3352 1536 Ἐξῆλθεν
3389 1467 3513 1531 ἔξω,
3544 1468 3739 1536 φοϐού-

2160 1573 2320 1623 μενος
2367 1557 2582 1626 μήποτε
2635 1556 2838 1610 κλαίων
2893 1558 3204 1626 κατασχεθῇ
3257 1560 3349 1611 καὶ
3395 1560 3580 1622 αὐτός.
3652 1562 3746 1612 Ἕ-

2157 1650 2358 1702 κλαυσε
2377 1650 2434 1702 δὲ
2455 1649 2552 1718 οὐχ
2571 1649 2778 1712 ἁπλῶς,
2795 1649 2930 1703 ἀλλὰ
2955 1649 3188 1718 πικρῶς.
3209 1649 3266 1700 '0
3279 1650 3332 1702 δὲ
3353 1651 3442 1703 Mai
3450 1667 3577 1718 ρκος
3595 1647 3747 1702 εἶπεν

2159 1745 2240 1796 ὅτι
2299 1743 2579 1796 ἐπιϐαλὼν
2637 1743 2891 1796 ἔκλαιεν·
2939 1740 3386 1806 ἐπιϐαλὼν,ἀντὶ
3433 1742 3746 1812 τοῦ,ἀρξ.ἱ-

2165 1853 2345 1906 μενος.
2404 1836 2660 1904 Ἰωάννης
2689 1835 2744 1888 δὲ
2781 1836 2874 1887 καὶ
2913 1833 3074 1886 τοῦτο
3133 1834 3511 1904 παρέδραμεν,
3537 1833 3612 1896 ὼς
3638 1837 3750 1895 τοῖς

2089 1906 2132 1959 Β
2160 1928 2343 1990 ἄλλοις
2373 1927 2688 1997 εἰρημένον.

2223 2015 2376 2080 Εἶδες
2410 2021 2510 2088 τὴν
2543 2018 2842 2088 ἁμαρτίαν,
2883 2019 2957 2070 [Ba
2995 2018 3091 2070 καὶ
3141 2018 3238 2085 τὴν
3294 2017 3609 2086 μετάνοιαν.
3651 2018 3752 2067 Δια

2161 2111 2320 2164 τοῦτο
2354 2109 2462 2179 γάρ
2498 2112 2590 2163 καὶ
2630 2111 2686 2163 αί
2754 2109 3022 2178 ἁμαρτίαι
3080 2111 3172 2162 καὶ
3213 2111 3268 2162 αί
3325 2111 3603 2178 μετάνοιαι
3645 2111 3700 2159 τί
3727 2128 3754 2155 ν

2164 2204 2334 2270 ἁγίων
2369 2203 2714 2272 ἐγράφησαν,
2739 2201 2860 2268 ἵνα,
2887 2203 3013 2254 ὃταν
3048 2202 3404 2272 ἀμάρτωμεν,
3458 2200 3784 2270 μιμώμεθα.

2165 2296 2264 2365 τὴν
2308 2294 2515 2347 τούτων
2581 2293 2890 2362 μετάνοιαν.
2954 2294 3328 2364 Παρεχωρὴοη
3383 2293 3438 2344 δὲ
3497 2296 3683 2344 πεσεῖν
3732 2296 3759 2344 ὁ

2169 2387 2374 2456 Πέτρος
2408 2388 2467 2438 οὐ
2523 2387 2681 2454 μόνον
2712 2386 2798 2439 διὰ
2829 2386 2926 2449 τὰς
2955 2387 3207 2452 ἀνωτέρω
3256 2386 3520 2454 ῥηθείσας
3554 2385 3757 2446 αἰτίας,

2169 2477 2304 2530 ἀλλά
2339 2480 2431 2528 καὶ
2457 2477 2546 2530 ἴνα
2576 2477 2724 2548 μάθῃ
2755 2479 3162 2546 συγγνωμονεῖν
3193 2479 3303 2536 τοῖς
3327 2477 3754 2535 ὀλισθαίνουτιν,

2169 2571 2234 2622 ἐκ
2275 2569 2375 2636 τῆς
2405 2569 2614 2632 οἰκείας
2648 2568 2936 2631 ἀσθενείας
2974 2569 3068 2621 καὶ
3120 2569 3220 2636 τὴν
3258 2567 3462 2620 τούτων
3499 2568 3761 2633 ἐπιγινώ-

2173 2676 2348 2713 σκων·
2386 2660 2579 2729 ἔμελλε
2615 2659 2722 2728 γὰρ
2754 2659 2958 2729 ποιμὴν
3003 2659 3374 2728 καταστῆναν
3418 2660 3510 2710 καὶ
3547 2658 3637 2710 ἵνα
3670 2675 3759 2708 τε·

2172 2754 2490 2824 λεσιουργὸς
2541 2752 2792 2820 μεγάλων
2847 2752 3139 2821 θαυμάτων
3189 2751 3492 2819 γινόμενος,
3542 2767 3764 2818 μετριο-

2175 2850 2367 2917 φρονῇ,
2396 2847 2491 2899 καὶ
2537 2847 2631 2898 τοῦ
2693 2845 2986 2913 πτώματος
3043 2842 3423 2913 μνημονεύων,
3447 2843 3525 2913 τῷ
3556 2843 3673 2911 Θεῷ
3707 2841 3769 2892 τὸ

2175 2942 2284 2999 πᾶν
2317 2938 2721 3008 ἐπιγράφηται.
2744 2939 2854 2990 Καὶ
2886 2937 3097 2998 Παῦλος
3130 2936 3238 3005 γὰρ
3268 2937 3596 3005 πειρασμοῖς
3650 2935 3764 3001 (94)

2176 3033 2354 3101 ἀφέθη
2413 3031 2687 3095 παλαίειν,
2715 3030 2800 3082 ἵνα
2845 3029 3034 3100 μὴ,ὼς
3089 3029 3250 3090 αὐτὸς
3292 3045 3479 3096 φησιν,
3534 3028 3771 3096 ὑπεραί-

2180 3144 2342 3197 ρηται
2369 3143 2382 3157 ο
2413 3126 2473 3178 τὸ
2501 3125 2558 3177 δὲ
2593 3122 2804 3194 μεῖξον,
2829 3125 2916 3176 ἵνα
2954 3125 3066 3186 τοῖς
3102 3123 3480 3193 ἁμαρτάνουσι
3509 3121 3769 3190 λαμπρὸν

2102 3241 2144 3299 c
2178 3221 2265 3290 εἴη
2297 3219 2650 3290 παράδειγμα
2685 3217 2994 3287 μετανοίας.
3035 3217 3095 3270 Ei
3123 3217 3235 3285 (95)
3266 3217 3375 3286 γὰρ
3406 3219 3431 3269 ὁ
3466 3221 3770 3284 κορυφαῖος

2181 3310 2289 3363 τῶν
2320 3308 2602 3378 μαθητῶν,
2629 3311 2655 3360 ὁ
2681 3308 3022 3378 τηλικούτων
3051 3307 3335 3376 δυνάμεων
3358 3307 3458 3360 τὰς
3491 3308 3589 3375 μὲν
3625 3307 3767 3368 ἰδὼν,

2182 3403 2280 3465 τὰς
2309 3401 2365 3453 δέ
2400 3399 2650 3462 τελέσας,
2672 3397 2898 3468 ὕστερον
2927 3397 3229 3468 ὠλίσθησεν
3258 3400 3337 3460 είς
3374 3397 3626 3467 ἄρνησιν,
3647 3394 3773 3450 εἶτα

2183 3495 2250 3557 τὺ¹
2278 3492 2823 3563 πεπλημμελημένον
2864 3490 3122 3558 ἐπιγνοὺς
3169 3492 3264 3542 καὶ
3321 3492 3684 3558 μετανοήσας.
3709 3492 3768 3540 οὐ

2189 3586 2347 3656 μόνον
2377 3585 2434 3637 ἐν
2466 3583 2631 3653 ὀλίγῳ
2673 3581 2852 3652 καιρῷ
2882 3581 3065 3634 τέλεον
3098 3582 3242 3635 ἆπαν
3289 3581 3598 3651 ἀπήλειψεν
3630 3581 3769 3650 (96).

2186 3677 2322 3730 ἀλλά
2341 3677 2436 3728 κοιλ⁵
2467 3675 2672 3746 ποιμὴν
2696 3675 2803 3728 τῶν
2823 3675 2998 3728 ἄλλων
3026 3673 3287 3744 μαθητῶν
3312 3673 3647 3743 προεϐλήθη,
3675 3675 3771 3724 καὶ

2185 3767 2394 3820 πολλῶν
2434 3767 2530 3820 καλ⁵
2565 3766 2819 3836 μεγάλων
2851 3766 3157 3836 θαυμάτων
3190 3766 3488 3835 αὐτουργὸς
3522 3767 3770 3835 ἐχρημα-

2183 3877 2332 3913 τισεν
2357 3877 2370 3891 ο
2394 3860 2584 3912 οὐδένα
2619 3859 2862 3911 πεσόντα
2892 3859 2996 3928 χρὴ
3034 3860 3391 3918 καταπεσεῖν,
3418 3857 3532 3908 ἀλλ’
3566 3859 3770 3909 αὐτίκα

2189 3954 2492 4020 μετανοεῖν,
2523 3949 2814 4004 ἐννοοῦντα
2843 3949 2936 4004 τὸν
2975 3948 3206 4002 πλοῦτον
3244 3948 3343 4016 τῆς
3372 3949 3465 4000 τοῦ
3490 3951 3767 4012 Δεσπὸτευ

2187 4045 2584 4115 χρηστότητος.

2257 4135 2556 4194 Κάνταῦθα
2601 4136 2657 4190 δέ
2715 4135 3138 4206 παρατηρητέον
3187 4135 3267 4188 ὅτι
3341 4135 3618 4197 Ματθαίος
3673 4137 3769 4203 μὲν

2187 4228 2281 4281 καὶ
2338 4229 2567 4298 Μάρκος
2589 4227 2838 4298 ἔγραψαν
2867 4228 3083 4294 πρῶτον
3099 4228 3354 4295 γενέσθαι
3381 4227 3479 4298 τὴν
3510 4230 3662 4296 παρά
3680 4227 3768 4279 τοῦ

2184 4321 2483 4391 ἀρχιερέως
2543 4321 2836 4391 ἐρώτησιν,
2903 4317 3022 4373 εἶτα
3072 4323 3168 4382 τὰς
3199 4321 3308 4372 ἀπὸ
3345 4319 3451 4370 τῶν
3493 4319 3769 4371 Ἰουδαίων

2188 4413 2432 4481 ἀτιμίας,
2483 4411 2674 4464 ἔπειτα.
2726 4413 2823 4473 τὰς
2857 4412 3116 4482 ἀρνήσεις
3147 4409 3238 4463 τοῦ
3280 4411 3484 4478 Πέτρου
3507 4425 3518 4437 ·
3555 4410 3771 4471 Λουκᾶς

2185 4505 2242 4557 δέ
2278 4504 2494 4575 πρῶτον
2529 4504 2626 4566 τὰς
2678 4505 2958 4574 ἀρνήσεις·
2996 4500 3112 4556 εἶτα
3143 4506 3238 4565 τὰς
3270 4502 3515 4571 ἀτιμίας,
3551 4502 3766 4562 ἔπειτα,

487 4596 554 4652 de
586 4595 834 4664 injurias.
870 4592 1220 4662 postmodum
1253 4590 1397 4645 facto
1427 4591 1534 4659 jam
1583 4592 1669 4646 die
1701 4594 2062 4665 interrogatio-

2191 4599 2490 4667 γενομένης
2518 4598 2733 4667 ἡμέρας
2763 4596 2970 4662 λοιπὸν,
2993 4599 3092 4666 τὴν
3117 4597 3406 4665 ἐρώτησιν.
3446 4597 3508 4648 Οἱ
3535 4596 3635 4664 μὲν
3660 4595 3768 4662 γὰρ

489 4703 584 4741 nes
615 4688 655 4739 ³.
708 4685 784 4738 Illi
819 4684 1092 4753 siquidem
1137 4698 1245 4736 non
1301 4683 1477 4737 solum
1506 4699 1567 4737 ea
1622 4700 1742 4752 qua:
1775 4687 1911 4740 facta
1947 4695 2079 4741 sunt

491 4781 818 4841 retulerunt,
857 4780 954 4832 sed
983 4787 1039 4831 et
1080 4777 1286 4831 ordinis
1320 4793 1501 4831 rerum
1557 4788 1831 4847 gestarum
1889 4795 2077 4835 curam

492 4873 800 4926 habuerunt
837 4888 850 4923 :
883 4870 969 4924 hic
1000 4880 1181 4927 autem
1213 4869 1354 4926 facta
1409 4878 1618 4924 tantum
1669 4872 1939 4926 relatione
1995 4887 2082 4926 re-

493 4982 612 5020 rum
670 4970 1128 5033 perpetratarum,
1172 4963 1382 5019 ordinis
1427 4978 1612 5018 curam
1664 4979 1775 5016 non
1814 4964 2024 5017 habuit.

562 5056 696 5125 Cap.
731 5052 941 5107 XXVII.
993 5052 1148 5107 Vers.
1183 5055 1234 5108 l.
1272 5053 1429 5109 Hane
1455 5086 1524 5094 —
1547 5052 1706 5109 νει-ε.
1737 5054 1790 5107 2.
1827 5054 2074 5108 Pra’sidi.

494 5154 755 5209 Similiter
793 5161 848 5207 et
879 5150 1094 5206 Marcus
1133 5161 1188 5206 et
1230 5151 1407 5207 Lucas
1458 5152 1714 5206 dixerunt
1739 5154 1798 5215 δ;
1831 5150 2073 5205 Joannes

565 5336 611 5368 ’⁷
637 5335 767 5389 Luc.
800 5353 932 5397 χχιι,
956 5335 1044 5389 61.
1120 5334 1165 5366 ⁸⁸
1189 5333 1356 5387 Marc.
1388 5346 1498 5386 xrv.
1529 5330 1617 5383 7'2.

497 5405 587 5466 66.
650 5408 671 5439 ³
707 5408 835 5461 Luc.
867 5422 998 5472 χιιι,
1032 5407 1120 5472 56,
1154 5405 1242 5468 63,
1273 5405 1363 5457 66.

2182 4691 2240 4743 οὺ
2269 4690 2429 4759 μόνον
2463 4691 2810 4758 ἀπήγγειλαν
2836 4691 2904 4742 τὰ
2937 4690 3328 4760 πεπραγμένα,
3363 4688 3498 4742 ἀλλὰ
3529 4691 3622 4739 καὶ
3664 4687 3764 4755 τῆς

2180 4783 2390 4848 τάξεως
2420 4783 2601 4834 αὐτῶν
2629 4783 2978 4851 ἐφρόντισαν·
3017 4784 3044 4834 ό
3075 4783 3153 4846 δὲ,
3206 4783 3372 4850 μόνης
3398 4781 3494 4847 τῆς
3522 4783 3766 4848 ἀπαγγεο

2183 4874 2303 4937 λίας
2331 4873 2442 4926 τῶν
2469 4874 2880 4944 πεπραγμένων
2901 4873 3216 4942 γενόμενος,
3246 4873 3343 4942 τῆς
3368 4872 3570 4937 τάξεως
3593 4869 3768 4922 αὐτῶν

2184 4967 2286 5018 οὐκ
2317 4964 2655 5035 ἐφρόντισεν.

2259 5056 2484 5122 Ιιρωῖας
2515 5085 2586 5094 —-
2643 5055 2914 5124 ἡγεμόνι.
2961 5054 3195 5124 Ὀμοῖως
3257 5053 3347 5105 καὶ
3396 5054 3622 5121 Μάρκος
3675 5053 3768 5103 καὶ

2184 5150 2399 5212 Λουκᾶς
2429 5144 2606 5203 εἷπον.
2640 5147 2896 5218 Ἰωάννης
2930 5146 2986 5198 δέ
3039 5163 3203 5215 φησιν
3259 5147 3340 5198 ὅτι
3397 5148 3640 5214 Ἀγουσι
3668 5145 3770 5197 τόν

1731 5330 1774 5360 ’⁸
1806 5326 1855 5407 Π
1872 5325 1998 5407 (Σο-τ.
2027 5344 2053 5380 x

2178 5327 2210 5378 '.
2247 5397 2258 5407 _
2290 5324 2530 5381 ‘Matth.
2568 5342 2714 5389 χχιιι,
2755 5326 2843 5390 59,
2875 5324 2980 5407 67,.
3003 5324 3090 5379 69.
3168 5325 3187 5354 ’
3215 5323 3378 5379 Marc.
3401 5340 3511 5387 xrv,
3556 5325 3645 5386 55,
3681 5323 3768 5389 65,

1477 5403 1497 5430 ‘
1529 5399 1698 5455 Marc.
1724 5415 1810 5463 xv,
1839 5398 1857 5449 1
1889 5414 1902 5460 ;
1937 5397 2072 5454 Luc.
2098 5413 2214 5455 xm,
2244 5397 2291 5448 i.

1702 5564 1900 5625 Variaa
1959 5562 2264 5635 lectiones
2298 5570 2358 5623 et
2388 5569 2580 5625 notae.

577 5733 689 5803 (95)
735 5731 980 5802 Ἀφείθη,
1013 5733 1147 5788 Cod.
1185 5734 1245 5786 A.
1277 5734 1333 5787 ln
1371 5733 1474 5787 hoc
1502 5731 1820 5803 plerumque
1851 5729 2078 5784 variant.

583 5800 694 5873 (95‘)
731 5805 912 5867 Εἰκὸς,
937 5800 1035 5873 pro
1076 5806 1146 5863 εί,
1176 5805 1267 5859 dat
1300 5805 1421 5858 cod.
1449 5804 1513 5857 A.
1547 5800 1704 5873 Male.

581 5871 693 5946 (96;)
727 5871 1076 5946 ’Λπήλειψεν,
1108 5874 1167 5941 Β,
1196 5876 1513 5947 ἀπείληφεν,
1547 5875 1608 5927 Α.
1645 5872 1777 5928 Illud
1801 5871 1961 5928 etiam
1996 5871 2082 5925 in-

2194 5727 2347 5782 venit
2379 5727 2704 5780 chtenius.
2741 5729 2880 5797 Ergo
2931 5729 3106 5784 scriba
3168 5728 3290 5782 cod.
3321 5726 3360 5780 A
3393 5725 3638 5779 confudit
3679 5741 3770 5797 vo-

2192 5799 2353 5855 cales.
2391 5808 2443 5853 ut
2507 5799 2656 5852 alibi.
2695 5796 2839 5854 Alias
2891 5800 2946 5852 in
3003 5806 3242 5854 mentem
3282 5800 3533 5864 cuiquam
3581 5796 3768 5851 venire

2191 5869 2362 5939 possit
2399 5869 2723 5938 ἀπείληφεν.
