4020 6504
451 411 555 476 707

431 540 512 606 eo
535 522 804 594 scriptum
839 526 944 580 est,
966 513 1109 585 quod
1137 511 1399 585 praedium
1432 505 1770 577 comparavit
1793 504 1858 557 de
1896 517 2038 557 mer-
2069 507 2111 564 Α

447 599 583 672 cede
621 610 950 683 iniquitatis,
991 622 1100 661 non
1136 615 1314 659 tamen
1349 603 1454 657 hoc
1483 599 1583 654 fuit
1613 609 1737 670 post
1773 609 2027 665 strangu-

453 707 739 769 lationem,
785 710 845 756 ut
891 697 1112 769 quidam
1161 702 1375 765 putant.
1436 693 1494 748 Id
1546 691 1692 746 enim
1757 687 2042 743 declarans

448 801 901 872 Chrysostomus,
937 807 1126 862 agrum
1174 788 1319 860 ﬁguli
1366 786 1533 840 fuisse
1586 783 1718 840 dicit
1774 779 2036 851 pra-dium

448 891 609 946 illud.
641 887 890 957 Triginta
919 883 1194 953 siquidem
1228 881 1472 952 argentei
1499 877 1698 947 quibus
1742 873 1831 927 Itic
1881 885 2040 941 para-

449 993 536 1039 tus
565 990 651 1036 est
703 992 852 1048 ager,
905 975 1012 1045 ipsi
1058 973 1212 1028 Judae
1266 985 1478 1025 merces
1543 976 1661 1020 erat
1714 960 2040 1031 iniquitatis,

446 1087 608 1142 quam
685 1070 953 1123 adversus
1010 1071 1402 1135 praeceptorem
1475 1055 1831 1128 perpetravit.
1898 1050 2041 1117 Quid

447 1166 593 1220 enim
626 1164 794 1232 hujus
835 1158 1142 1231 proditione
1185 1153 1466 1224 iniquius?
1496 1151 1861 1220 intelligamus
1908 1161 2037 1217 ergo

450 1258 542 1327 qui
572 1253 784 1326 argenti
841 1266 1031 1307 sumus
1072 1259 1368 1310 amatores,
1427 1243 1702 1315 quomodo
1761 1241 1933 1295 Judas
1989 1247 2046 1292 et

451 1357 732 1419 peccatum
764 1344 1116 1414 perpetravit,
1144 1353 1200 1396 et
1246 1342 1490 1411 pecuniae
1525 1338 1766 1392 fructum
1794 1350 1904 1388 non
1956 1347 2046 1385 ac-

450 1441 618 1510 cepit,
651 1449 706 1493 et
735 1437 1011 1508 propriam
1055 1436 1293 1490 animam
1319 1431 1575 1503 perdidit.

522 1532 679 1586 Vers.
721 1533 779 1586 6.
851 1531 1129 1599 Principes
1159 1559 1229 1570 -
1256 1538 1349 1580 est.
1401 1523 1755 1594 Impudenter
1802 1520 2045 1575 fatentur

453 1626 687 1694 pretium
751 1638 876 1678 esse
941 1621 1222 1691 sanguinis
1279 1620 1394 1673 sive
1455 1615 1617 1672 ctedis
1679 1615 2038 1684 emptionem.

449 1716 736 1770 Corbonas
790 1723 974 1768 autctn
1029 1722 1151 1766 erat
1227 1709 1478 1765 thesauri
1533 1708 1924 1777 repositorium
1985 1706 2041 1760 in

453 1811 679 1878 templo.
715 1807 820 1861 hoc
845 1815 952 1868 est.
993 1805 1268 1860 donorum
1309 1801 1739 1870 receptaculum.
1790 1799 1924 1853 l‘uto
1952 1816 2044 1854 au-

454 1910 564 1955 tem
594 1900 647 1955 id
684 1898 854 1954 fuisse
878 1895 1024 1968 quod
1059 1895 1348 1949 dicebatur
1379 1892 1866 1961 Gazopbylacium.
1901 1890 2044 1945 Gaza

451 1993 602 2047 enim
632 1989 896 2046 Romanis
931 1987 1137 2042 divitiae
1169 1985 1544 2055 appellatttur.

526 2081 682 2137 Vers.
721 2082 777 2134 7.
816 2078 1050 2136 Consilio
1090 2087 1266 2132 autem
1302 2076 1433 2129 inito
1465 2105 1525 2114 —
1557 2073 1713 2128 Vers.
1753 2073 1806 2126 8.
1836 2072 2043 2127 hodier-

455 2189 584 2225 num
612 2172 772 2225 diem.
803 2169 971 2224 Multo
1013 2168 1209 2223 melius
1237 2167 1320 2222 eis
1366 2164 1562 2219 fuisset
1603 2165 1706 2219 hos
1737 2166 1788 2218 in
1851 2165 2045 2219 corbo-

456 2279 578 2316 nam
603 2261 823 2316 misisse
853 2280 864 2314 :
900 2274 1248 2328 nequaquam
1283 2256 1431 2310 enim
1477 2257 1622 2324 quod
1668 2262 2045 2325 perpetratum

453 2361 539 2409 est
565 2352 702 2407 adeo
734 2350 1070 2422 divulgatum
1105 2348 1320 2404 fuisset.
1366 2348 1470 2417 Ipsi
1502 2362 1631 2401 vero
1667 2347 1732 2400 ad
1784 2346 2045 2414 redargu-

454 2446 662 2500 tionem
709 2443 839 2499 foedi
874 2441 1155 2497 homicidii
1186 2441 1272 2495 sui
1316 2456 1506 2511 agrunt
1557 2444 1834 2498 emerunt,
1886 2437 2044 2503 cujus

455 2553 655 2593 nomen
708 2537 834 2591 tuba
892 2535 1094 2590 clarius
1154 2534 1284 2587 illud
1337 2533 1662 2602 publicaret.
1702 2528 1888 2600 Neque
1940 2528 2044 2582 hoc

458 2639 735 2698 utcunque
779 2628 1011 2688 faciunt,
1046 2627 1140 2682 sed
1194 2638 1417 2694 sumpto
1465 2624 1609 2678 inter
1639 2637 1698 2678 se
1765 2621 2036 2676 consilio:

455 2722 658 2792 tibque
688 2721 834 2775 enim
872 2718 1162 2774 consilium
1220 2718 1433 2779 ineunt,
1489 2725 1549 2769 ut
1577 2729 1739 2769 nemo
1784 2713 2047 2767 immunis

457 2813 822 2882 relinquatur.
851 2808 1011 2863 Liber
1057 2823 1276 2877 quoque
1311 2807 1571 2861 Actorum
1598 2803 1739 2867 ait’,
1779 2803 2047 2873 praedium

472 2904 607 2957 illud
655 2911 908 2955 vocatum
961 2915 1082 2954 esse
1137 2898 1446 2961 Aceldema,
1484 2898 1588 2950 hoc
1617 2903 1722 2959 est,
1784 2894 2048 2965 praedium

457 2994 760 3065 sanguinis.
817 2991 918 3046 llic
945 2991 1130 3061 itaque
1164 3001 1248 3046 est
1283 3005 1410 3061 ager
1441 2989 1508 3043 de
1533 3003 1644 3059 quo
1676 2986 1767 3040 ille
1801 2986 1935 3040 liber
1961 2986 2051 3041 lo-

459 3086 671 3157 quitur.

535 3173 686 3228 Vers.
707 3172 760 3228 9.
787 3172 928 3227 Tune
959 3203 1025 3212 -—-
1052 3170 1187 3228 Vers
1243 3172 1322 3227 10.
1365 3170 1637 3225 Dominus.
1664 3171 1720 3225 lu
1756 3171 1896 3225 libro
1922 3169 2043 3240 qui-
2077 3189 2118 3246 ο

460 3267 585 3320 dent
607 3264 861 3319 Ieremia:
890 3263 983 3333 qui
1009 3265 1381 3319 communiter
1410 3264 1628 3333 legitur,
1652 3263 1757 3316 hoc
1787 3261 2051 3331 scriptum

463 3375 571 3412 non
600 3369 706 3423 est,
739 3367 910 3412 restat
942 3373 1072 3428 ergo
1107 3369 1165 3411 ut
1195 3357 1249 3410 in
1284 3358 1606 3427 apocrypbo
1637 3358 1755 3427 ejus
1779 3356 2047 3426 scriptum

461 3455 552 3506 sit.
587 3451 919 3519 (Verisimile
957 3451 1118 3505 etiam
1145 3461 1226 3504 est
1261 3451 1614 3518 postmodqu
1673 3449 1887 3517 abiecta
1941 3448 2056 3500 haec

462 3556 585 3596 esse
621 3543 687 3594 ab
719 3555 786 3594 eo
817 3541 956 3593 libro
979 3539 1070 3608 qui
1101 3539 1318 3609 legitur,
1354 3539 1478 3593 dolo
1515 3555 1578 3592 ac
1603 3538 1806 3592 malitia
1836 3535 2056 3590 Judaeo-

465 3647 610 3694 rutu,
637 3632 780 3685 sicut
809 3630 976 3685 etiam
1009 3631 1063 3684 in
1092 3630 1279 3686 multis
1312 3630 1436 3685 aliis
1460 3631 1642 3685 verbis
1702 3628 1802 3698 (ιν)
1852 3627 2054 3681 factum

465 3735 571 3779 est.
605 3724 622 3794 )
654 3727 998 3793 Acceperunt
1053 3739 1182 3794 ergo
1219 3724 1416 3777 summi
1455 3724 1766 3779 sacerdotes
1817 3720 2055 3791 pretium

465 3816 670 3869 Christi
698 3816 1081 3884 pretiosissimi
1140 3831 1301 3885 quem
1340 3817 1753 3870 aestimaverunt
1794 3813 1889 3883 qui
1930 3819 2058 3866 sunt

466 3925 498 3962 a
539 3910 662 3961 [iliis
701 3908 894 3972 lsrael,
932 3908 1185 3964 videlicet
1211 3908 1491 3962 lsraclitze.
1521 3907 1662 3961 Dicit
1694 3915 1878 3961 autem
1927 3922 2056 3961 eos-

466 3997 590 4050 dem
620 4012 862 4051 summos
885 3998 1220 4060 sacerdotes,
1260 3997 1481 4065 quando
1515 3998 1583 4050 ad
1630 4012 1726 4051 eos
1780 3997 1916 4050 dixit
1962 3999 2054 4053 Ju-

466 4092 603 4141 tlas:
635 4085 773 4150 Quid
804 4086 962 4140 vultis
999 4088 1125 4140 mihi
1165 4092 1318 4150 dare,
1370 4098 1417 4141 et
1468 4104 1563 4158 ego
1601 4089 1742 4142 vobis
1769 4105 1888 4142 eum
1941 4101 2056 4144 tra-

467 4181 594 4232 dam
621 4177 642 4208 ⁸
672 4179 695 4230 2
725 4179 793 4231 At
830 4178 904 4231 illi
931 4179 1341 4232 constituerunt
1375 4180 1423 4232 ei
1467 4181 1689 4248 triginta
1740 4189 2054 4250 argenteos.

468 4272 753 4324 Constituit
786 4271 937 4334 mihi,
980 4270 1085 4326 hoc
1135 4281 1240 4336 est,
1273 4270 1412 4324 dixit
1443 4272 1577 4323 mihi
1613 4271 1896 4326 Dominus.

542 4361 695 4414 Vers.
729 4361 814 4413 il.
847 4361 995 4413 Jesus
1021 4371 1198 4414 autem
1224 4390 1292 4399 --
1316 4361 1559 4427 praeside.
1598 4358 1699 4414 Ubi
1728 4375 1853 4415 eum
1883 4362 2057 4416 addu-

471 4453 681 4506 sissent
707 4454 770 4506 ad
803 4454 1146 4521 praetorium,
1181 4454 1313 4507 dicit
1360 4453 1625 4517 Joannes,
1684 4456 1830 4522 quod
1886 4455 2056 4510 exivit

1685 387 2066 452 EUTilYMii
2112 383 2471 448 ZIGABENI

2141 499 2410 569 ἐκτήσατο
2466 495 2668 567 χωρίον
2717 510 2780 546 εκ
2815 489 3011 561 μισθοῦ
3066 488 3160 559 τῆς
3229 485 3466 549 ἀδικίας,
3512 485 3632 539 ἀλλ’
3661 480 3723 538 οὐ

2147 591 2287 663 μετὰ
2311 590 2409 662 τὴν
2432 588 2696 658 ἀγχόνην,
2720 584 2795 648 ὦ;
2820 601 2965 648 τινες
2981 583 3207 636 οἴονται.
3227 578 3399 632 Τοῦτο
3420 580 3528 647 γὰρ
3553 579 3730 648 ἑρμη-

2142 683 2312 738 νεύων
2373 686 2399 736 6
2460 681 2874 752 Χρυσὸστομος,
2932 677 3025 729 τδν
3081 673 3254 745 ἀγρὸν
3291 669 3382 725 τοῦ
3433 674 3727 739 κεραμέως

2143 773 2282 830 εἶναι
2312 777 2372 830 τὸ
2413 775 2614 845 χωρίον
2640 773 2818 826 ὲκεῖνο
2845 770 3016 837 λέγει.
3049 770 3128 823 Τὰ
3161 767 3455 840 τριάκοντα
3484 766 3593 833 γὰρ
3626 765 3729 832 ἀρα

2145 871 2250 941 γύρ
2278 889 2333 933 α,
2366 869 2425 933 ἐξ
2449 861 2522 922 ὧν
2546 864 2830 937 ἠγοράσθη
2865 856 3042 925 οὗτος,
3069 859 3258 931 μισθὸς
3282 856 3422 930 ἦσαν
3453 856 3532 927 τῷ
3555 855 3726 924 Ἰούδα

2145 965 2244 1037 τῆς
2276 962 2488 1023 ἀδικίας
2542 960 2640 1029 τῆς
2671 959 2750 1020 et;
2781 956 2870 1009 τὸν
2899 953 3253 1008 Διδάσκαλον.
3282 952 3347 1004 Τί
3380 951 3490 1021 γὰρ
3521 947 3723 1001 ἀδικῶ.

2144 1075 2301 1127 τερον
2352 1054 2454 1124 τῆς
2489 1051 2780 1123 προδοσίας
2824 1049 3027 1113 αὐτοῦς
3054 1047 3437 1117 Ἐννοήσωμεν
3464 1043 3645 1095 τοίνυν
3675 1039 3726 1093 ot

2145 1147 2495 1216 φιλάργυροι,
2521 1141 2637 1203 πῶς
2669 1142 2697 1194 ὁ
2729 1138 2932 1201 Ἰούδας
2966 1136 3063 1189 καὶ
3089 1133 3189 1206 τὴν
3219 1131 3495 1203 ἁμαρτίαν
3525 1128 3721 1199 εἰργά-

2149 1255 2299 1301 σατο,
2355 1234 2584 1289 καὶτῶν
2618 1232 2922 1302 χρημάτων
2975 1228 3078 1281 οὐκ
3131 1225 3438 1295 ἁπήλαυσε,
3495 1220 3592 1273 καὶ
3624 1220 3726 1288 τὴν

2150 1330 2286 1383 ἰδίαν
2317 1327 2499 1398 ψυχὴν
2526 1322 2773 1378 ἀπώλεσε
2785 1339 2834 1375 ν.

2219 1515 2283 1566 Οἱ
2331 1540 2399 1549 ——
2428 1511 2619 1564 ἐστιν.
2681 1502 3163 1574 Ἀνεπαισχύντως
3212 1493 3588 1568 ὁμολογοῦσιν,
3646 1493 3730 1545 ὅτι

2145 1607 2278 1676 τιμὴ
2309 1603 2548 1674 αἵματός
2578 1603 2751 1666 ἐστιν,
2795 1597 2996 1661 εῐτουν,
3047 1594 3161 1665 ὠνὴ
3214 1594 3400 1661 φόνου.
3446 1588 3730 1657 Κορϐονᾶς

2146 1699 2202 1750 δὲ
2231 1694 2298 1768 ἦν
2347 1697 2406 1749 τὸ
2435 1694 2529 1748 τοῦ
2559 1693 2686 1748 ναοῦ
2711 1688 3246 1763 Θησαυροςρυλάκιον,
3277 1686 3340 1738 τὸ
3360 1681 3728 1751 δωροδοκεῖον.

2147 1786 2315 1858 Οἶμαι
2346 1788 2402 1841 δὲ
2428 1787 2590 1840 τοῦτο
2618 1780 2759 1838 εἶναι
2801 1782 3182 1854 τὸλεγόμενον
3199 1774 3605 1844 γαζοφυλάκιον
3629 1771 3728 1840 (3).

2080 1875 2118 1928 Β
2154 1881 2305 1944 Γάζα
2334 1879 2444 1948 γὰρ
2473 1879 2626 1948 παρᾶ
2659 1874 2953 1945 Ῥωμαίοις
2983 1875 3009 1924 6
3051 1870 3282 1930 πλοῦτος
3314 1869 3583 1921 καλεῖται.

2222 2058 2598 2129 Συμϐούλιον
2653 2055 2722 2109 δὲ
2772 2054 3064 2118 λαϐόντες
3117 2081 3188 2091 -—
3243 2048 3533 2118 σήμερον.
3587 2045 3734 2098 Πολὺ

2149 2150 2371 2204 κάλλιον
2405 2145 2473 2220 ἦν
2525 2147 2710 2208 αὐτοῖς
2741 2147 2823 2207 εἰς
2876 2145 2968 2196 τὸν
3000 2142 3265 2214 κορϐονᾶν
3312 2139 3482 2193 ταῦτα
3521 2137 3731 2207 βαλεῖν

2148 2244 2209 2296 οὐ
2246 2243 2353 2312 γὰρ
2384 2240 2450 2294 ἂν
2482 2239 2625 2292 οὕτω
2680 2237 2986 2303 κατάδηλον
3017 2237 3075 2288 τὸ
3120 2236 3199 2302 (4)
3233 2235 3466 2304 πρᾶγμα
3498 2231 3733 2298 ἐγίνετο.

2149 2335 2210 2387 Oi
2236 2334 2291 2385 δὲ
2341 2331 2478 2402 πρὸς
2510 2330 2734 2399 ἔλεγχον
2759 2328 2859 2396 τῆς
2883 2326 3063 2380 αὐτῶν
3115 2325 3426 2395 μιαιφονίας
3454 2323 3735 2392 ἠγόρασαν

2150 2425 2242 2477 τὸν
2294 2423 2485 2493 ἀγρὸν,
2549 2415 2611 2474 οὗ
2660 2420 2722 2473 τὸ
2771 2419 2946 2487 ὄνομα
3002 2417 3302 2484 σάλπιγγος
3348 2415 3736 2484 λαμπρότερον

2149 2516 2354 2585 ταύτην
2407 2511 2799 2583 ἁνακηρύττει.
2851 2511 2962 2563 Καὶ
3001 2509 3121 2562 οὐδὲ
3152 2508 3343 2571 ἁπλῶς
3368 2507 3526 2560 τοῦτο
3550 2504 3735 2558 ποιοῦ-

2153 2626 2261 2672 σιν,
2291 2606 2428 2661 ἀλλὰ
2461 2602 2791 2674 συμϐούλιον
2820 2601 3080 2665 λαϐόντες
3108 2617 3122 2631 ο
3161 2600 3253 2653 καὶ
3286 2596 3564 2670 πανταχοῦ
3592 2614 3738 2666 συμ-

2150 2697 2365 2752 ϐούλιον
2389 2695 2760 2766 λαμϐάνουσιν
2798 2693 2897 2763 (5),
2924 2693 3014 2746 ῐνα
3053 2691 3245 2763 μηδεὶς
3297 2691 3479 2754 aeuo,-
3524 2691 3739 2743 ὑπολει-

2151 2792 2281 2863 φθῇ.
2321 2792 2429 2845 Καὶ
2460 2791 2492 2859 ὴ
2530 2787 2712 2855 βίϐλος
2748 2786 2804 2840 δὲ
2829 2786 2940 2838 τῶν
2973 2784 3238 2856 Πράξεών
3268 2801 3403 2855 φησι
3461 2782 3736 2853 κληθῆναι

2149 2886 2210 2938 τὸ
2239 2885 2439 2956 χωρίον
2471 2881 2652 2936 ἐκεῖνο
2696 2879 3026 2950 Ἀκελδαμα,
3052 2878 3316 2941 τουτέστι,
3347 2877 3546 2948 χωρίιν
3572 2877 3742 2946 αἵμα-

2149 2995 2262 3041 τος.
2295 2977 2460 3029 ’Ὥστε
2483 2973 2641 3026 τοῦτό
2682 2975 2823 3035 ἔστι,
2863 2973 2995 3044 περὶ
3033 2964 3095 3024 οὗ
3133 2969 3360 3040 κάκείνη
3393 2969 3561 3037 λέγει.

2224 3156 2367 3210 Τότε
2394 3185 2462 3197 -—
2499 3153 2731 3221 Κύριος.
2765 3151 2856 3205 Ἐν
2892 3154 2958 3222 τῇ
3003 3149 3484 3221 ἀναγινωσκομένη
3523 3149 3626 3220 μὲν
3653 3149 3740 3219 βία

2155 3248 2268 3319 ϐλῳ
2294 3247 2390 3300 τοῦ
2438 3246 2706 3317 Ἱερεμίου
2757 3243 2918 3298 τοῦτο
2941 3245 3001 3296 οὐ
3049 3245 3381 3313 γέγραπται.
3413 3241 3615 3295 Λοιπθιν
3645 3241 3741 3294 οὖν

2156 3345 2212 3396 ὲν
2239 3343 2307 3412 τῇ
2340 3339 2648 3409 ἀποκρύφῳ
2681 3337 2847 3390 αὑτοῦ
2881 3337 3185 3407 ἱστόρηται.
3223 3333 3411 3408 [Είκῦς
3445 3335 3520 3404 (6)
3561 3334 3615 3386 δὲ
3645 3334 3742 3387 καὶ

2159 3436 2388 3506 ὕστερον
2439 3431 2771 3502 ἐκϐληθῆναι
2798 3428 2974 3481 ταῦτα
3004 3428 3114 3482 ἀπὸ
3169 3427 3266 3494 τῆς
3301 3426 3740 3494 ἀναγινωσκομέ-

2158 3545 2256 3598 νης
2281 3529 2343 3578 ἐκ
2373 3525 2710 3594 κακουργίας
2746 3519 2854 3574 τῶν
2894 3518 3184 3582 Ἰουδαίων,
3213 3518 3347 3588 ὅπερ
3379 3517 3472 3570 καὶ
3517 3518 3609 3569 ἐπὶ
3643 3518 3740 3571 ἄλ-

2156 3620 2263 3672 λων
2308 3616 2489 3688 ῥητῶν
2517 3611 2784 3685 ἐγένετο.]
2831 3610 3068 3666 Ἐλαϐον
3119 3605 3213 3663 οὖν
3246 3610 3297 3661 οι
3324 3610 3598 3679 ἀρχιερεῖς
3642 3609 3743 3681 τὴν

2157 3711 2301 3781 ὠνὴν
2348 3710 2441 3761 τοῦ
2485 3708 2758 3777 παπίμου
2800 3703 3064 3775 Χριστοῦ,
3092 3702 3152 3757 ὅν
3201 3702 3588 3772 διετιμήσαντο
3632 3704 3744 3759 ἀπὸ

2158 3803 2290 3856 υἱῶν
2317 3799 2554 3871 Ἰσραὴλ,
2591 3800 2782 3870 ἤγουν,
2821 3799 2868 3850 oi
2892 3794 3245 3866 Ἰσραηλῖται.
3271 3796 3432 3865 Λέγει
3461 3795 3517 3849 δὲ
3539 3796 3741 3861 αὐτοὺς

2161 3895 2290 3957 τοὺς
2350 3893 2652 3962 ἀρχιερεῖς,
2684 3891 2773 3944 ὅτε
2817 3890 2954 3960 πρὸς
2987 3889 3184 3950 αὐτοὺς
3216 3886 3372 3942 εἶπεν
3398 3888 3624 3953 Ἰούδαςο
3678 3892 3741 3944 Τί

2158 3986 2362 4043 θέλετέ
2388 4003 2488 4054 μοι
2511 3983 2744 4046 δοῦναι,
2775 3981 2936 4051 κάγὼ
2967 3981 3112 4051 ὑμῖν
3149 3981 3486 4049 παραδώσω
3517 3984 3741 4048 αὑτόν;

2159 4082 2222 4132 Οἱ
2253 4080 2309 4131 δὲ
2331 4080 2566 4148 ἔστησαν
2600 4075 2752 4146 αὐτῷ
2804 4075 3102 4144 τριάκοντα
3128 4074 3394 4146 ἀργύρια.
3439 4074 3742 4140 Συνέταξέ

2154 4192 2257 4243 μοι
2291 4174 2349 4226 δὲ
2382 4172 2502 4224 ἀντὶ
2534 4169 2650 4230 τοῦ,
2683 4165 2805 4221 εἶπέ
2841 4185 2954 4238 μοι.

2242 4358 2303 4411 Ὀ
2324 4357 2392 4410 δὲ
2411 4356 2648 4425 Ἰησοῦς
2664 4387 2730 4396 --
2751 4355 3071 4424 ἡγεμόνος.
3091 4355 3438 4424 Ἀγαγὸντων
3462 4356 3624 4412 αὑτὸν
3665 4357 3747 4418 εἰς

2161 4450 2599 4520 τὸςραιτώριον,
2627 4450 2794 4519 φησὶν
2820 4451 2848 4500 6
2870 4447 3120 4516 Ἰωάννης
3144 4448 3227 4501 ὅτι
3271 4447 3497 4517 ἐξῆλθεν
3517 4449 3544 4501 6
3574 4447 3741 4502 Πιλά-

468 4544 537 4595 ad
570 4559 662 4596 eos
693 4543 916 4607 Pilatus,
950 4555 1006 4598 et
1038 4547 1114 4598 ait
1145 4561 1155 4595 :
1193 4544 1367 4608 Quam
1409 4546 1799 4599 accusationem
1855 4548 2049 4616 aifertia

2160 4562 2249 4606 τος
2278 4544 2414 4612 πρὸς
2438 4542 2658 4604 αὐτοὺς,
2681 4542 2777 4594 καὶ
2805 4538 2950 4594 εἷπε·
2982 4543 3119 4594 Τίνα
3143 4543 3508 4612 κατηγορίαν
3534 4542 3743 4610 φέρετε

470 4636 722 4689 adversus
757 4638 1019 4689 hominem
1050 4642 1185 4689 hunc
1213 4638 1237 4689 3'
1275 4637 1675 4704 Responderunt
1728 4647 1777 4692 et
1810 4639 2056 4694 dixerunt

469 4727 515 4776 ei
545 4741 562 4776 :
592 4724 710 4777 Nisi
747 4737 875 4778 esset
912 4729 993 4778 hic
1019 4727 1350 4795 :ttalefactor,
1390 4743 1493 4779 non
1517 4727 1607 4781 tibi
1632 4730 2049 4782 tradidissemus

471 4827 613 4872 eum.
658 4817 804 4870 Dixit
837 4834 959 4888 ergo
983 4819 1056 4871 eis
1091 4816 1304 4870 Pilatus
1337 4833 1353 4869 :
1385 4816 1585 4872 Sumite
1618 4837 1736 4873 eum
1768 4838 1855 4874 vos
1887 4832 1935 4875 et
1974 4840 2058 4876 se-

473 4910 704 4963 cundum
735 4911 898 4979 legent
937 4920 1165 4963 vestram
1186 4912 1426 4978 jtutt'cate
1454 4929 1571 4965 eum
1606 4915 1652 4976 ⁸,
1685 4921 1790 4967 etc.
1830 4914 1910 4969 Illi
1960 4918 2058 4968 ita-

474 5017 580 5071 que
614 5004 946 5057 tradiderant
969 5018 1093 5057 eum
1128 5002 1298 5056 Pilato
1329 5004 1393 5058 ad
1427 5004 1890 5072 interﬁciendum,
1939 5023 2049 5061 non

587 5136 603 5165 ⁷
628 5137 804 5201 Act.t,
830 5136 910 5190 l9.
1025 5136 1255 5191 ‘Mattlt.
1294 5154 1433 5201 xxvi,
1471 5139 1554 5192 15.

2163 4636 2315 4689 κατὰ
2355 4633 2458 4687 τοῦ
2515 4632 2833 4700 ἀνθρώπου
2885 4634 3140 4699 τούτου;
3167 4634 3609 4701 Ἀπεκρίθησαν
3644 4634 3744 4686 καί

2161 4729 2334 4782 εἷπον
2377 4724 2558 4790 αὐτῷ·
2586 4723 2759 4794 Εὶμὴ
2803 4719 2880 4792 ἦν
2900 4718 3080 4787 οὗτος
3130 4723 3476 4790 κακοποιὸς,
3503 4727 3611 4778 οὐκ
3668 4725 3744 4776 ἄν

2165 4839 2266 4875 σοι
2307 4815 2733 4886 παρεδώκαμεν
2766 4817 2974 4872 αὐτόν.
3019 4817 3206 4870 Εἶπεν
3225 4812 3562 4886 οὗν-αὺτοῖς
3591 4819 3743 4870 όΠι-

2162 4915 2345 4980 λάτος
2372 4930 2385 4943 ⁸
2415 4912 2633 4968 Λάϐετε
2664 4911 2853 4965 αὐτὸν
2877 4910 3066 4982 ὑμεῖς,
3102 4910 3200 4964 καί
3236 4913 3387 4964 κατὰ
3412 4910 3520 4963 τὸν
3557 4911 3747 4980 νόμον

2160 5006 2327 5078 ὑμῶν
2356 5009 2600 5075 κρίνατε
2637 5005 2717 5073 (7)
2741 5004 2952 5069 αὑτὸν,
2987 5004 3083 5055 καὶ
3120 5002 3189 5056 τὰ
3224 5001 3370 5074 ἑξῆς.
3403 5004 3464 5056 Οἱ
3503 5002 3601 5071 μὲν
3635 5003 3742 5072 γὰρ

1668 5141 1687 5171 ³
1717 5138 1876 5193 Joan.
1909 5158 2063 5208 xvttt,
2092 5143 2282 5196 ‘19-'51.

1672 5300 1868 5360 Varim
1903 5298 2208 5361 lectiones
2239 5307 2300 5363 et
2331 5306 2522 5365 notua.

550 5464 625 5531 ('5)
659 5461 814 5526 Quod
850 5463 1169 5517 vocabulum
1201 5462 1477 5516 muitoties
1515 5463 1567 5516 in
1600 5463 1664 5517 Ν.
1695 5465 1756 5518 Τ.
1794 5464 2052 5519 occurrit.

550 5535 627 5601 (4)
665 5535 736 5585 Τὸ
771 5535 1183 5601 πεπραγμένον,
1217 5535 1278 5584 Δ.

551 5605 625 5672 t5)
659 5606 1066 5674 Λαμϐανοντες,
1098 5607 1160 5657 Α.

550 5677 625 5744 (ti)
654 5677 784 5739 Qua:
821 5677 909 5729 hic
952 5675 1296 5742 inclusimus,
1347 5691 1409 5729 ea
1443 5675 1767 5742 "entertins,
1803 5686 1863 5729 ut
1893 5677 2053 5732 sebo-

2167 5467 2298 5522 lium
2333 5483 2397 5522 ex
2430 5468 2677 5536 margine
2703 5467 2786 5522 sui
2817 5464 3031 5524 Codicis
3079 5464 3391 5536 repetitum,
3419 5461 3643 5521 exhibet
3685 5461 3740 5518 in

2169 5543 2273 5592 tine
2312 5539 2475 5607 hujus
2501 5539 2718 5595 scholii.

2238 5611 2314 5678 (7)
2345 5610 2630 5673 κτείνατε,
2666 5609 2726 5662 Β.

552 5835 650 5905 (κν)
678 5833 864 5889 Multis
893 5837 1015 5890 aliis
1041 5838 1224 5890 verbis.
1261 5835 1392 5890 Alis
1422 5838 1598 5892 dictis.
1627 5836 1812 5891 Multis
1845 5845 1952 5891 non
1977 5845 2061 5892 est
2098 5836 2152 5892 in
2184 5835 2394 5891 Graeco.
