4020 6496
200 463 309 528 713

1059 457 1448 518 COMMENT.
1493 456 1573 516 ΙΝ
1614 456 2169 516 ΜΛΤΤΙΙιΈΗΜ.-·
2209 456 2364 516 (Ἃρ.
2412 456 2652 517 XXVII.

3373 457 3478 520 71$

283 580 392 636 Καὶ
415 578 882 648 -ἀπεκρίνατα
921 577 1177 647 Σφοδρῶς
1216 577 1325 647 γὰρ
1347 576 1449 648 ἠδη
1488 575 1788 645 λυττησάν-
1822 627 1823 632 η

1968 573 2124 628 Vers.
2161 573 2247 627 l2.
2285 574 2349 627 Et
2371 604 2438 613 —
2461 574 2746 640 respondit.
2776 571 2914 628 Cum
2945 573 3090 627 enim
3122 573 3480 628 vehementer

203 691 319 728 των
365 675 446 737 εἰς
489 676 580 725 τὸν
620 671 780 741 φόνον
816 669 1007 735 αὑτοῦ,
1044 671 1138 724 καὶ
1171 669 1494 724 ἀκαθέκτων
1523 669 1662 731 ὅλως
1693 685 1786 736 γεο

201 767 466 834 γοιιιῦτων,
523 764 666 833 ἔγνω
735 763 970 834 ματαίαν
1021 759 1161 817 εἶναι
1209 761 1303 815 τοῦ
1357 760 1545 814 λοιποῦ
1609 761 1790 814 πᾶσαν

204 860 534 928 ἀπολογίαν.

287 953 428 1007 Τότε
451 981 515 992 -
550 951 1116 1022 καταμαρτυροῦσις
1155 949 1328 1002 Τοῦτο
1385 950 1536 1016 λέγει
1608 965 1790 1018 παρα-

207 1045 379 1098 κινῶν
411 1045 575 1099 αὑτὸν
605 1047 687 1110 εἰς
719 1045 778 1098 τὸ
812 1042 1264 1115 ἀπολογήσασθαι
1311 1043 1406 1094 καὶ
1464 1041 1791 1110 ἀπαλλαγῆ-

212 1155 338 1190 ναιο
385 1140 478 1191 καὶ
513 1140 622 1209 γὰρ
649 1139 949 1208 ἐγίνωσκεν
1001 1138 1084 1190 ὅτι
1129 1137 1259 1208 ῥᾷον
1293 1133 1538 1190 διαλύσει
1569 1135 1668 1197 τὰς
1694 1150 1790 1185 συ-

209 1232 510 1298 κοφαντίας
540 1230 736 1284 αὐτῶν.

286 1328 397 1378 Καὶ
431 1355 498 1365 -
517 1323 701 1393 ῥῆμα.
736 1322 809 1376 Τὸ
843 1321 971 1389 ἐξῆς
1000 1320 1106 1392 γὰρ
1141 1318 1405 1390 περιττὴν
1468 1319 1654 1388 ἡγεῖτο
1697 1315 1794 1369 zeal.

207 1415 311 1484 τὴν
345 1416 482 1487 πρὸς
520 1415 683 1468 αὐτὸν
714 1416 1034 1485 ἀπόκρισιν,
1057 1413 1132 1475 ὡς
1159 1412 1234 1482 μὴ
1257 1411 1560 1480 δυνάμενον
1594 1409 1790 1472 αὐτοὺς

208 1506 550 1558 ἀναστεῖλαι.
598 1505 709 1556 Καὶ
757 1504 862 1574 γὰρ
893 1500 960 1573 ἦν
1009 1505 1108 1572 μέν
1163 1502 1531 1572 μισοπόνηρος
1559 1503 1586 1554 ὁ
1623 1499 1794 1553 Πιλὰ-

206 1614 324 1662 τος,
380 1601 473 1651 καὶ
522 1599 730 1669 σφόδρα
769 1597 1038 1669 ἡθέλησεν
1096 1597 1380 1662 ἐξελέσθαι
1413 1596 1507 1649 τὸν
1554 1595 1788 1664 Ἰησοῦν

213 1691 463 1757 μαλακὸς
490 1690 546 1743 δὲ
574 1687 672 1754 ὢν,
716 1689 954 1742 ἐνεδίδου
981 1689 1102 1751 ταῖς
1139 1687 1364 1741 ἐκείνων
1391 1687 1612 1758 ὁρμαῖς.

277 1871 460 1925 Ὥστε
485 1899 546 1908 ——
579 1870 743 1924 λίαν.
775 1867 1116 1938 Θαυμάζειν,
1150 1869 1269 1931 πῶς
1306 1868 1645 1921 ἐνδείκνυται
1671 1884 1794 1920 τοσ-

211 1960 388 2031 αύτην
415 1960 743 2022 ἐπιείκειαν,
776 1958 921 2025 πῶς,
947 1958 1250 2028 δυνάμενος
1279 1957 1667 2025 ἀπολογεῖσθαι
1699 1961 1794 2011 καὶ
1834 1938 1873 1992 Β

204 2052 600 2123 καταισχύνειν
642 2051 863 2117 αὐτοὺς,
893 2047 1036 2103 ἑκὼν
1077 2050 1208 2121 σιγᾷ
1242 2049 1336 2102 καὶ
1370 2051 1646 2121 ἀνέχεται.

276 2231 442 2284 Κατὰ
485 2230 554 2283 δὲ
589 2231 810 2300 ἑορτὴν
836 2260 908 2271 --
938 2231 1242 2300 Χριστόν;
1277 2232 1434 2285 Κατᾶ
1461 2232 1518 2284 δέ
1565 2231 1791 2303 ἑορτὴν,

204 2325 304 2393 τὴν
330 2324 424 2377 τοῦ
475 2325 667 2394 Πάσχα
703 2323 970 2395 δηλονότι.
1019 2326 1160 2396 Φησὶ
1194 2325 1303 2396 γὰρ
1361 2326 1390 2377 ὁ
1433 2323 1686 2396 Ἰωάννης
1717 2326 1797 2378 εί-

207 2418 333 2468 πεῖν
377 2417 468 2469 τὶν
521 2417 773 2470 Πιλάτον·
812 2418 989 2470 Ἔστι
1033 2415 1102 2469 δὲ
1157 2419 1454 2483 συνήθεια
1488 2418 1601 2490 (14)
1628 2418 1791 2488 ὑμῖν,

203 2508 303 2560 ἵνα
336 2507 443 2561 ἕνα
491 2508 636 2578 ὑμῖν
680 2510 976 2563 ἀπολύσω
1005 2509 1121 2581 (15)
1155 2511 1225 2563 ἐν
1262 2509 1344 2576 τῷ
1374 2510 1610 2580 Πάσχα.
1657 2513 1793 2581 Περὶ

205 2603 263 2654 δὲ
317 2601 413 2654 τοῦ
452 2603 716 2673 Bap-3.665.
747 2604 896 2672 λέγει
946 2605 1332 2674 φανερώτερον
1377 2607 1405 2655 ὁ
1452 2607 1670 2668 Λουκᾶς
1711 2607 1795 2659 ὅτι

207 2692 277 2766 ἦν
315 2695 404 2748 διὰ
432 2699 629 2749 στάσιν
678 2697 801 2748 τινὰ
848 2697 1158 2768 γενομένην
1191 2698 1248 2749 ἐν
1285 2701 1348 2766 τῇ
1379 2698 1532 2750 πόλει
1574 2701 1666 2751 καὶ
1696 2701 1796 2768 φό-

206 2806 297 2842 νον
351 2788 688 2859 βεϐλημὲνος
733 2791 813 2849 είς
862 2790 1135 2860 φυλακήν.
1187 2788 1246 2843 Ὀ
1301 2776 1529 2855 Πιλᾶτος
1563 2787 1676 2858 οὖν,
1721 2793 1795 2863 μὴ

206 2882 460 2948 δυνηθεὶς
486 2883 560 2946 ὡς
593 2882 768 2936 ἀθῶον
815 2882 1096 2948 ἐξελέσθαι
1153 2882 1245 2936 τὸν
1282 2884 1540 2955 Χριστὸν,
1584 2888 1800 2958 ἐπεχεί-

210 2989 348 3043 ρησε
401 2973 500 3027 κᾶν
531 2972 664 3042 γοῦν
695 2973 772 3037 ὡς
808 2973 1101 3027 κατάδικον
1146 2973 1479 3045 χαρίσασθαι
1505 2975 1697 3031 τοῦτον
1728 2979 1794 3048 τῆ

209 3066 401 3136 ἑορτῇ.

285 3177 455 3247 ’ῌδει
487 3207 556 3216 -
584 3180 794 3232 αὐτόν.
822 3181 1029 3246 Διέγνω
1079 3180 1261 3244 τοίτο,
1297 3180 1392 3234 καὶ
1431 3183 1682 3251 ἣλπιζεν,
1712 3185 1795 3237 ὅτι

1891 668 1961 723 ad
1991 668 2113 738 ejus
2148 668 2351 723 caulem
2403 667 2731 730 insanirent,
2805 681 2908 722 nec
2960 666 3190 720 omnino
3233 666 3479 722 revocari

1896 770 2140 833 possent,
2173 761 2378 816 sciebat
2411 761 2613 816 frustra
2653 760 2894 816 dandum
2941 759 3007 814 iri
3064 759 3324 830 deinceps
3367 777 3486 816 om-

1895 871 2020 908 nem
2056 856 2499 924 responsionem.

1966 947 2122 1002 Vers.
2160 949 2243 1002 l3.
2311 950 2449 1002 Tum:
2479 977 2546 988 —-
2574 949 2757 1001 dicunt
2813 947 3169 1003 testimonia?
3240 945 3356 1001 Hoc
3407 947 3487 1000 ait

1895 1041 2178 1096 concitans
2206 1055 2333 1095 eum
2376 1049 2436 1096 ut
2466 1039 2846 1110 responderet,
2885 1055 2949 1094 ac
2983 1039 3063 1094 sic
3115 1039 3482 1093 liberaretur:

1897 1136 2105 1190 sciebat
2133 1136 2280 1190 enim
2307 1137 2451 1206 quod
2496 1122 2651 1190 facile
2680 1144 2869 1203 posset
2897 1134 3112 1187 illorum
3143 1132 3352 1188 diluere
3389 1145 3487 1184 ca-

1898 1229 2155 1284 lumnias.

1976 1322 2129 1377 Vers.
2170 1322 2255 1376 H.
2288 1323 2666 1377 Et—vcrbum.
2693 1320 2962 1391 Deinceps
2987 1320 3133 1375 enim
3156 1322 3489 1392 superﬂuam

1899 1417 2017 1473 fore
2052 1415 2288 1472 ducebat
2321 1416 2745 1485 responsionem
2783 1429 2904 1483 quae
2937 1413 3040 1484 ipsi
3072 1413 3319 1477 daretur,
3362 1430 3488 1470 cum

1898 1527 2008 1565 non
2032 1519 2218 1580 posset
2245 1509 2368 1564 illos
2399 1507 2788 1578 comprimere.
2825 1506 3106 1576 Siquidem
3127 1507 3330 1560 malum
3356 1507 3491 1561 ode-

1899 1617 1984 1660 rat
2015 1604 2242 1669 Pilatus,
2270 1616 2327 1659 et
2365 1604 2552 1659 Jesum
2619 1602 2853 1656 maxime
2904 1609 3152 1672 optasset
3202 1601 3436 1655 liberare
3473 1617 3489 1660 :

1903 1715 2092 1755 verum
2124 1715 2248 1754 cum
2276 1699 2454 1753 mollis
2511 1707 2678 1763 esset,
2721 1696 2938 1750 illorum
2980 1694 3214 1750 cedebat
3238 1694 3491 1750 allectio-

1902 1793 2084 1848 nibus.

1973 1887 2125 1941 Vers.
2165 1886 2251 1940 H.
2287 1887 2429 1939 Adeo
2461 1895 2518 1938 ut
2547 1914 2617 1924 --
2644 1898 2808 1952 supra
2829 1879 3066 1934 modum.
3105 1878 3495 1933 Admiraretur

1900 1978 2176 2048 quomodo
2219 1978 2625 2032 demonstraret
2682 1982 2889 2028 tantam
2957 1969 3490 2025 mansuetudinem:

1901 2069 2202 2138 quomodo,
2236 2084 2360 2122 eum
2392 2066 2724 2136 respondere
2759 2063 3202 2135 possetillosque
3257 2060 3496 2116 confun-

1901 2164 2052 2226 dere,
2093 2160 2404 2215 voluntarie
2430 2160 2618 2214 sileret
2657 2174 2722 2212 ae
2750 2157 3074 2212 sustineret.

1976 2253 2129 2309 Vers.
2169 2255 2254 2308 l5.
2295 2251 2358 2306 In
2392 2255 2520 2324 festo
2553 2259 2734 2305 autem
2764 2281 2833 2292 —
2860 2247 3019 2303 Vers.
3056 2248 3144 2301 l7.
3181 2244 3430 2302 Christus
3468 2248 3492 2301 1’

1902 2351 1961 2403 In
1996 2348 2134 2404 festo
2164 2346 2389 2400 Pasclne
2426 2346 2702 2399 videlicet.
2739 2342 2989 2396 Aitenim
3013 2340 3257 2395 Joannes
3286 2339 3496 2394 dixisse

1904 2441 2136 2494 Pilatum
2166 2459 2179 2492 :
2223 2437 2314 2491 Est
2350 2447 2526 2490 autem
2566 2435 2887 2489 consuetudo
2908 2434 3073 2496 vobis,
3104 2442 3158 2486 ut
3187 2449 3351 2486 unum
3393 2433 3494 2484 ab-

1906 2534 2107 2588 solvam
2137 2532 2278 2587 vobis
2311 2533 2365 2585 in
2389 2529 2599 2585 Pascha
2624 2529 2690 2582 ¹⁸.
2744 2526 2819 2581 De
2849 2526 3095 2580 Barabba
3133 2541 3263 2579 vero
3317 2524 3498 2579 mani-

1906 2628 2099 2683 festius
2125 2627 2258 2681 dicit
2290 2625 2466 2680 Lucas
2481 2623 2652 2694 quod,
2685 2631 2912 2694 propter
2936 2621 3265 2675 seditionem
3301 2635 3497 2688 quam-

1901 2725 2027 2779 dam
2057 2724 2254 2776 taetam
2281 2725 2336 2774 in
2365 2719 2587 2775 civitate
2627 2727 2683 2773 et
2707 2717 2936 2781 caedem,
2967 2715 3259 2782 conjectus
3290 2723 3411 2769 erat
3441 2714 3498 2768 in

1900 2831 2177 2872 carcerem
2219 2815 2283 2868 ιθ.
2311 2811 2520 2868 Pilatus
2551 2825 2684 2881 ergo
2714 2825 2839 2865 eum
2873 2822 2988 2862 non
3012 2816 3200 2877 posset
3233 2818 3496 2876 tanquam

1902 2911 2254 2965 innocentem
2283 2907 2520 2962 liberare
2544 2897 2846 2968 Christum,
2875 2901 3109 2956 tentavit
3149 2916 3276 2955 eum
3304 2901 3498 2955 saltem

1904 3014 1964 3058 ut
2010 3003 2221 3073 judicio
2254 3003 2574 3057 damnatum
2609 2999 2815 3054 donare
2852 2996 3031 3066 ipsum
3082 2994 3249 3050 testo.

1980 3184 2136 3237 \‘ers.
2206 3183 2293 3238 l8.
2336 3180 2541 3236 Sciebat
2572 3196 2799 3234 ——eum.
2843 3177 3070 3232 Sciebat
3107 3177 3232 3241 hoc,
3285 3185 3337 3230 et
3371 3191 3502 3247 spe-

208 3266 400 3329 o-bxjiv
429 3271 814 3339 προτιμήσωσι
843 3273 936 3322 τὸν
964 3270 1294 3340 ἀνδροφόνον
1349 3271 1664 3342 Βαραϐϐᾶν.
1698 3277 1797 3326 Δια

1916 3277 2061 3331 rahat
2091 3275 2234 3344 quod
2267 3287 2616 3342 nequaquam
2653 3274 3044 3340 praeponerent
3072 3266 3121 3320 ei
3165 3265 3499 3319 homicidam

208 3363 369 3411 τοῦτο
403 3361 584 3412 τοίνυν
636 3361 923 3432 θαρρήσας
959 3365 1158 3435 ἐρωτᾷ,
1212 3365 1352 3417 Τίνα
1394 3364 1602 3420 θέλετε
1647 3367 1796 3420 ἀπο-

209 3455 388 3506 λύσω
415 3452 562 3522 ὑμῖν
591 3470 610 3517 ;
644 3455 731 3517 Ὠς
761 3455 816 3507 δὲ
850 3455 998 3521 λέγει
1033 3457 1284 3525 Μάρκος,
1313 3457 1420 3525 πρὸ
1445 3458 1547 3527 τῆς
1588 3460 1800 3529 ἐρωτή-

213 3562 351 3608 σεως
383 3547 696 3616 ἀναϐοήσας
741 3550 765 3599 ό
797 3547 974 3617 δχλος,
1011 3548 1215 3618 ἤρξατο
1268 3548 1562 3614 αἰτεῖσθαι,
1619 3549 1802 3613 καθὼς

212 3643 301 3695 ἀεὶ
339 3643 514 3695 ἐποίει
550 3644 756 3704 αὐτοῖς,
813 3643 1005 3712 ἤγουν,
1054 3642 1325 3696 αἰτεῖσθαι
1363 3643 1476 3712 (16)
1517 3644 1799 3711 γενέσθαι.

214 3731 325 3786 Ἠν
358 3735 412 3786 δέ
457 3737 489 3804 ἡ
526 3735 746 3802 αἴτησις
797 3734 928 3803 περὶ
962 3733 1055 3785 τοῦ
1093 3733 1366 3786 ἀπολῦσαι
1408 3735 1504 3787 ἕνα
1533 3735 1609 3804 τῷ
1662 3734 1806 3805 ὄχλῳ

213 3828 458 3896 δέσμιον.
493 3827 657 3879 Ὅθεν
685 3825 1025 3897 δραξάμενος
1077 3827 1334 3898 ἀφορμῆς
1361 3829 1389 3879 ὁ
1423 3828 1676 3893 Ηιλατος,
1708 3831 1806 3881 ἐπ-

214 3926 523 3995 εχείρησεν,
555 3924 630 3986 ὡς
661 3926 902 3994 εἴρηται,
935 3925 1028 3976 καὶ
1063 3924 1338 3996 ἠρώτησε.

288 4105 643 4175 Καθημένου
674 4138 742 4147 -
780 4107 987 4161 αὐτόν.
1035 4107 1224 4170 Ἀὐτὸς
1270 4110 1368 4177 μέν
1403 4111 1501 4162 οὐκ
1551 4112 1664 4182 (l7)
1698 4109 1805 4165 εἶδε

215 4200 458 4254 τοιοῦτον
514 4201 734 4272 δναρ,ἣ
782 4201 854 4265 ὡς
888 4201 1131 4268 ἀνάξιος,
1174 4204 1206 4273 ἢ
1244 4204 1326 4256 ὅτι
1375 4204 1570 4275 ἔμελλε
1618 4209 1802 4278 σιγᾷν,

216 4293 291 4355 ὡς
321 4292 539 4362 κριτὴς,
591 4293 732 4362 qam
769 4293 998 4362 ἔμελλεν
1035 4294 1412 4358 ἀπιστεῖσθαι,
1445 4296 1522 4358 ὡς
1574 4297 1807 4351 πλαττό-

221 4402 386 4456 μενος
446 4385 606 4448 αὐτὸς
663 4387 804 4456 πρὸς
864 4385 925 4438 τὸ
982 4387 1186 4452 ἐξελεῖν
1250 4389 1435 4442 αὐτόν.
1483 4389 1547 4440 'H
1580 4390 1714 4459 γυνὴ
1749 4390 1805 4442 δὲ

220 4477 410 4546 βλέπει
441 4478 663 4546 μᾶλλον,
692 4477 768 4541 ὡς
799 4479 926 4545 ἀξία
979 4481 1076 4532 καὶ
1129 4480 1205 4543 ὡς
1254 4481 1610 4554 πιθανωτέρα
1665 4486 1806 4554 πρδις

217 4570 347 4632 τοὺς
389 4570 705 4637 Ἰουδαίους,
769 4573 858 4625 ἵνα
911 4573 985 4636 ὡς
1031 4574 1332 4644 ἁνυπόπτῳ
1370 4574 1547 4647 ταύτῃ
1583 4577 1804 4628 πιστεύο

1905 3369 2233 3424 Barabbam.
2263 3365 2491 3435 Propter
2522 3364 2628 3419 hoc
2655 3377 2785 3434 ergo
2815 3371 3035 3431 sumpta
3069 3358 3267 3415 ﬁducia
3322 3359 3500 3412 inter-

1907 3466 2097 3528 rogat:
2134 3457 2299 3522 Quem
2331 3455 2489 3510 vultis
2533 3453 2808 3508 absolvam
2833 3453 2973 3506 vobis
3012 3455 3036 3507 ?
3077 3450 3148 3506 Ut
3199 3459 3384 3504 autem
3418 3450 3503 3503 di—

1905 3551 1978 3604 cit
2017 3551 2253 3615 Marcus,
2283 3558 2410 3604 ante
2438 3546 2928 3614 interrogationem
2967 3560 3093 3599 eum
3143 3542 3506 3598 acclamasset

1907 3646 2065 3699 turba
2085 3646 2255 3715 coepit
2291 3654 2500 3714 petere,
2541 3643 2685 3697 sicut
2712 3655 2940 3712 semper
2977 3637 3218 3693 iaciebat
3253 3638 3334 3693 eis
3365 3656 3378 3692 :
3409 3653 3505 3707 pe-

1909 3748 2025 3792 tere
2053 3738 2305 3791 videlicet
2352 3745 2410 3791 ut
2442 3736 2598 3790 ﬁeret
2632 3735 2750 3805 (au)
2803 3735 2947 3788 sicut
3002 3748 3222 3802 semper
3271 3731 3507 3786 faciebat

1908 3832 1989 3886 eis
2030 3831 2094 3883 ¹⁷.
2129 3831 2258 3884 Erat
2288 3837 2472 3883 autem
2508 3827 2729 3898 petitio,
2768 3835 2827 3882 ut
2870 3843 3013 3880 unus
3061 3842 3126 3878 ex
3163 3824 3367 3879 vinctis
3402 3824 3505 3878 ab-

1909 3926 2216 3978 solveretur
2249 3923 2441 3975 tnrbae.
2477 3919 2632 3974 Unde
2666 3927 2862 3973 nactus
2889 3916 3236 3971 occasionem
3272 3913 3502 3978 Pilatus,

1912 4019 2160 4077 tentavit.
2191 4026 2250 4070 nt
2291 4017 2499 4070 dictum
2525 4023 2630 4078 est,
2660 4019 2714 4068 et
2743 4009 3124 4081 interrogavit.

1987 4111 2138 4164 Vers.
2181 4109 2266 4161 l9.
2304 4108 2532 4162 Sedente
2567 4135 2638 4145 —
2672 4105 2870 4174 ipsum.
2905 4103 3022 4174 Ipse
3054 4103 3273 4172 quidem
3305 4104 3503 4177 hujus-

1910 4204 2054 4258 modi
2081 4201 2358 4257 somnium
2389 4216 2502 4254 non
2537 4199 2771 4262 viderat,
2807 4198 2896 4251 vel
2926 4207 3186 4266 tanquam
3224 4198 3506 4268 indignus,

1910 4298 1992 4351 vel
2037 4299 2165 4367 quia
2213 4295 2481 4350 taciturus
2518 4293 2736 4357 fuisset,
2783 4301 2974 4361 utpote
3023 4289 3321 4360 judex,vel
3375 4289 3511 4360 quia

1911 4392 2046 4446 lldes
2078 4391 2129 4445 ei
2159 4389 2404 4444 adhibita
2439 4402 2549 4440 non
2588 4386 2801 4448 luisset,
2838 4384 2994 4454 quasi
3032 4383 3085 4438 id
3114 4384 3182 4437 ad
3211 4400 3334 4437 eum
3371 4384 3512 4439 libe-

1911 4486 2142 4539 randum
2167 4481 2464 4554 ellingenti.
2496 4479 2841 4546 Uxor_autem
2864 4479 3043 4548 potius
3072 4477 3239 4540 videt,
3275 4477 3360 4531 vel
3383 4488 3509 4531 tan-

1911 4595 2075 4649 quam
2100 4577 2347 4640 melior,v
2363 4575 2412 4630 el
2437 4586 2691 4644 tanquam
2725 4574 2866 4642 apud
2898 4571 3117 4626 Judzeos
3139 4570 3245 4625 lide
3267 4570 3510 4641 dignior:

223 4679 417 4725 σαντες
450 4666 929 4734 ἀναχαιτισθῶσιν.
973 4667 1085 4718 Καὶ
1114 4668 1172 4719 οὐ
1208 4636 1398 4735 βλέπει
1438 4636 1624 4738 μόνον,
1670 4668 1807 4723 ἀλλὰ

1916 4681 1972 4724 ιιι
1997 4669 2124 4724 huic
2153 4669 2310 4738 quasi
2346 4683 2457 4721 non
2496 4675 2766 4734 suspectae
2819 4663 2980 4718 tidem
3017 4663 3306 4727 habentes,
3334 4662 3498 4716 refre-

221 4761 316 4808 καί
349 4757 570 4827 πάσχει,
606 4759 907 4823 τουτέστιν,
939 4761 1215 4823 ἐτάζεται,
1253 4761 1338 4813 ἵνα
1392 4763 1457 4831 τῇ
1487 4760 1810 4832 συμπαθείᾳ

221 4852 320 4917 τῆς
357 4849 620 4916 γυναικὸς
653 4854 679 4902 ὁ
706 4850 848 4921 ἀνὴρ
877 4851 1073 4919 αὐτῆς,
1111 4854 1202 4904 καὶ
1237 4853 1311 4922 μὴ
1339 4851 1687 4922 πειθομένων
1713 4855 1810 4908 αὑ-

1912 4774 2198 4818 narenlur.
2230 4761 2342 4814 Nec
2361 4758 2509 4814 videt
2540 4760 2739 4823 solum,
2778 4757 2872 4812 sed
2907 4766 2961 4810 et
2999 4756 3226 4826 patitur,
3261 4755 3367 4811 hoc
3399 4766 3508 4820 est,

1912 4865 2186 4911 tormento
2214 4853 2467 4918 allicitur,
2503 4861 2560 4907 ut
2579 4851 2765 4906 uxoris
2781 4849 3191 4920 eompassione,
3213 4848 3318 4904 illis
3342 4849 3506 4904 etiam

223 4942 353 5005 τῶν,
387 4941 607 5012 κωλύσῃ
645 4943 740 4994 τὸν
771 4945 952 5010 φόνον.
983 4945 1054 4997 Τὸ
1086 4944 1142 4996 δὲ
1197 4942 1404 5012 Μηδέν
1445 4959 1547 4998 σοι
1584 4945 1682 4998 καὶ
1731 4944 1811 5011 τῷ

1916 4967 2022 5005 non
2044 4949 2542 5020 acquiescentibus,
2566 4947 2648 5001 vir
2665 4947 2788 5016 ejus
2807 4944 3121 5016 prohiberet
3138 4943 3343 4998 caedem
3370 4959 3383 4996 :
3407 4941 3508 4995 Ni-

222 5034 436 5098 δικαίῳ
495 5035 727 5103 ἐκείνῳ,
775 5038 896 5090 ἀντὶ
947 5038 1062 5103 τοῦ,
1117 5038 1303 5106 Μηδέν
1355 5057 1437 5092 σοι
1484 5041 1580 5093 καὶ
1614 5040 1809 5109 ἐκείνῳ

225 5127 737 5199 ἀμφισϐητήσιμον,
803 5131 1008 5200 ἀπέχου
1074 5132 1262 5186 αὐτοῦ.
1327 5133 1669 5204 Σημειωτέον
1728 5135 1807 5197 δὲ,

222 5220 307 5274 ὅτι
340 5221 399 5274 τὸ
434 5222 705 5292 Σήμερον
752 5225 846 5278 καὶ
886 5227 980 5280 ἐπὶ
1012 5227 1206 5290 νυκτὸς
1241 5225 1481 5296 λέγεται.

335 5368 375 5397 ³⁵
397 5366 556 5420 Joan.
585 5381 735 5432 ιιι-ιιι,
764 5368 852 5423 59.
969 5369 1011 5398 ’⁵
1040 5368 1166 5425 Luc.
1194 5370 1460 5430 “111,19.

1916 5043 1989 5097 hil
2031 5045 2124 5096 tibi
2168 5060 2286 5097 cum
2314 5043 2460 5112 justo
2494 5040 2606 5107 illo,
2651 5040 2757 5094 hoc
2786 5049 2891 5104 est,
2927 5038 3066 5092 nihil
3100 5036 3505 5094 contentiosum

1921 5136 1992 5189 sit
2038 5135 2179 5187 inter
2215 5143 2266 5188 te
2296 5144 2350 5187 et
2389 5133 2560 5198 illum,
2597 5132 2813 5187 abstine
2887 5130 2955 5184 ab
3012 5129 3125 5184 illo.
3195 5127 3508 5181 Notandum

1923 5239 2006 5282 est
2039 5237 2223 5281 autem
2270 5227 2435 5296 ,quod
2463 5228 2706 5297 σήμερον
2731 5223 2963 5295 (hodie),
2989 5223 3055 5278 de
3090 5231 3251 5278 nocte
3285 5219 3510 5276 dicitur.

1580 5372 1620 5402 "
1661 5371 1826 5427 Marc.
1860 5389 1951 5438 xv,
1985 5370 2039 5424 8.

1431 5528 1626 5589 Varie)
1659 5528 1963 5591 lectiones
2000 5538 2061 5591 et
2092 5537 2282 5590 notae.

301 5653 411 5720 (ιι)
459 5655 639 5723 Ἡμῖν.
676 5654 733 5707 Β.
1927 5651 2032 5711 θὼς
2064 5653 2149 5704 ἀεὶ
2185 5653 2357 5723 ἐποίει
2390 5652 2591 5713 αὐτοῖς.

302 5719 412 5790 (15)
455 5719 867 5794 ’Λπιιλιὲσωμεν.
898 5726 955 5778 Β.
1443 5792 1449 5794 _
1998 5724 2110 5791 (l7)
2141 5719 2283 5775 Οἵδε.
2318 5725 2383 5774 Α.

298 5798 412 5865 (Ιϋ)
453 5797 555 5849 Pro
585 5792 845 5850 vocabulo
876 5795 1150 5864 γενέσθαι,
1184 5796 1250 5858 Α,
1283 5792 1478 5863 repetit
1515 5795 1627 5848 haec
1656 5813 1668 5848 :
1697 5795 1812 5847 Κα-

299 5955 414 6026 (ίιῖι)
455 5953 593 6022 Ergo
625 5953 928 6008 llentrzlius
976 5966 1095 6020 post
1123 5956 1379 6020 γενέσθαι
1415 5955 1610 6010 iterum
1654 5955 1814 6009 invcn

1916 5949 2080 6012 ιαθὼς
2117 5949 2204 6003 ἀεὶ
2236 5949 2407 6002 emis:
2446 5949 2650 6013 αὐτοῖς.

553 6048 820 6108 Par-.01..
865 6048 975 6107 Gn.
1017 6048 1275 6109 CXXEX.
