4020 6530
528 547 636 611 7:23

1775 537 2165 603 EUTHYMII
2202 540 2565 603 ZIGABENI

3687 536 3794 604 πει

526 672 838 723 vestimenta
862 667 993 738 ejus,
1015 677 1062 722 et
1097 668 1330 739 fecerunt
1383 674 1614 737 quatuor
1664 672 1864 733 partes,
1904 660 2115 715 unicui-

2235 659 2442 716 ἔλαϐον
2474 661 2546 716 τὰ
2575 660 2776 732 ἱμάτια
2808 661 3019 727 αὑτοῦ,
3044 660 3143 716 καὶ
3180 658 3480 726 ἐποίησαν
3519 657 3794 725 τέσσαρα

528 778 629 832 que
662 762 817 817 militi
855 761 1081 828 partem,
1113 770 1161 813 et
1215 762 1468 815 tunicam.
1526 758 1657 814 Erat
1709 768 1885 812 autem
1934 755 2111 811 tunica

2235 752 2383 821 ιέρη,
2424 751 2658 819 ἑκάστῳ
2686 752 3017 822 στρατιώτῃ
3046 752 3251 823 μέρος,
3280 750 3378 804 καὶ
3410 750 3517 804 τόν
3548 748 3793 819 χιτῶνα,

527 852 879 917 mconsutilis,
912 870 943 907 a
972 868 1180 906 summa
1203 861 1443 907 contexta
1472 866 1566 920 per
1608 860 1798 903 totum.
1857 850 2112 902 Dixerunt

526 951 705 1020 itaque
740 949 872 1003 inter
894 963 1007 1003 sese
1038 962 1057 1002 .'
1084 947 1167 1002 Ne
1197 948 1502 1002 scindamus
1534 962 1672 1010 eam,
1700 945 1793 999 sed
1820 944 2114 997 sortiamur

530 1044 595 1095 de
628 1040 721 1094 illa
743 1040 893 1110 cujus
914 1041 1019 1106 sit;
1061 1049 1117 1093 ut
1164 1039 1415 1108 Sciptura
1458 1037 1825 1106 complentur,
1852 1050 1969 1105 qua!
1988 1035 2066 1087 ait
2093 1048 2111 1087 :

532 1132 729 1186 Partiti
748 1141 870 1187 sunt
899 1136 1211 1187 vestimenta
1254 1150 1368 1187 mea
1398 1132 1521 1195 sibi,
1540 1141 1589 1185 et
1629 1131 1683 1183 in
1710 1138 1903 1183 vestem
1939 1142 2113 1180 meam

530 1225 783 1279 miserunt
839 1233 1032 1277 sortem
1067 1223 1137 1277 ".
1169 1223 1293 1277 Sola
1334 1239 1463 1293 ergo
1517 1220 1723 1276 Christi
1786 1217 2113 1274 vestimenta

528 1313 699 1370 divisa
727 1322 874 1378 sunt,
894 1330 1023 1370 cum
1047 1324 1229 1369 tamen
1260 1315 1529 1368 latronum
1566 1309 1910 1367 vestimentis
1930 1318 2115 1363 essent

532 1408 749 1472 viliora,
792 1418 851 1462 ut
912 1408 1166 1463 lim-idica
1202 1406 1484 1479 prophetia
1538 1422 1659 1477 qua:
1721 1405 1788 1460 de
1844 1404 1929 1459 bis
1996 1410 2116 1457 erat

524 1501 929 1570 compleretur;
956 1501 1223 1573 siquidem
1248 1501 1300 1553 in
1338 1500 1420 1553 bis
1444 1514 1663 1569 quoque
1687 1499 2114 1559 subsannanles,

528 1594 681 1663 quasi
724 1595 866 1665 regis
912 1597 1232 1649 vestimenta
1285 1602 1491 1658 essent,
1548 1602 1628 1649 ea'
1670 1578 2021 1649 diviserunt:
2060 1599 2116 1644 et

529 1686 605 1740 ita
634 1687 948 1742 ordinatum
982 1694 1067 1741 est
1097 1696 1158 1739 ut
1188 1685 1478 1757 prophetia
1517 1699 1640 1755 quae
1675 1685 1744 1739 de
1773 1684 1860 1738 bis
1913 1682 2114 1748 fuerat,

530 1786 591 1831 ut
628 1776 833 1832 dictum
864 1786 967 1844 est,
1002 1777 1393 1848 compleretur.
1425 1776 1492 1832 Et
1532 1776 1854 1832 vestimenta
1895 1773 2115 1846 quidem

530 1869 704 1924 divisa
737 1879 866 1924 sunt
899 1886 914 1923 :
953 1870 1019 1925 de
1047 1870 1229 1926 tunica
1260 1884 1390 1925 vero
1427 1868 1747 1925 inconsutili
1789 1884 1953 1939 quam
1985 1884 2116 1940 pro-

528 1959 710 2029 phetia
745 1960 1046 2031 ἱματισμὸν
1068 1959 1379 2032 appellavit,
1412 1970 1618 2015 sortem
1642 1960 1938 2016 miserunt.

604 2217 709 2274 Sed
738 2235 870 2290 quo.
919 2222 1125 2277 fuerint
1170 2225 1495 2279 vestimenta
1533 2224 1713 2281 nullus
1751 2224 2120 2295 Evangelista-

531 2327 660 2367 rum
688 2313 1034 2384 signiﬁcavit.
1066 2315 1195 2371 Ideo
1231 2318 1456 2387 quidam
1486 2318 1653 2373 fuisse
1686 2317 1942 2374 dixerunt
1967 2318 2127 2389 quin-

532 2420 644 2472 que
699 2417 981 2478 :quatuor
1038 2409 1258 2477 quidem
1309 2420 1545 2480 quatuor
1584 2412 1851 2467 militibus
1909 2412 2123 2477 divisa;

531 2494 783 2563 quintum
814 2513 941 2553 vero
972 2499 1214 2554 tunicam
1245 2499 1655 2558 inconsutilem.
1690 2502 1920 2559 Videtur
1941 2512 2123 2559 autem

531 2588 856 2643 incredibile
903 2590 1132 2656 dictum,
1190 2607 1258 2648 eo
1315 2594 1461 2663 quod
1518 2594 1784 2651 indecens
1857 2589 2126 2650 Salvatmi

531 2680 733 2736 fuisset
766 2684 883 2751 (xx)
925 2702 936 2735 :
981 2698 1143 2738 nemo
1190 2686 1360 2750 cnim,
1392 2702 1461 2742 ne
1492 2687 1724 2743 aliorum
1771 2688 1993 2759 quidem
2028 2689 2129 2742 bo-

531 2775 746 2829 minum
812 2784 891 2831 tot
940 2778 1188 2833 vestibus
1248 2779 1514 2834 induitur.
1582 2781 1971 2851 Conjectantcs
1998 2794 2129 2854 ergo

533 2866 791 2932 dicimus,
828 2882 927 2921 nec
955 2873 1140 2938 procul
1169 2869 1403 2925 fortasse
1432 2872 1501 2925 ab
1528 2886 1594 2927 eo
1629 2874 1775 2943 quod
1822 2890 2127 2946 congruum

534 2964 641 3021 est,
674 2957 774 3010 tria
798 2956 969 3013 luisse
998 2960 1252 3014 universa
1291 2976 1305 3018 :
1347 2978 1513 3016 unum
1545 2964 1767 3033 quidem
1820 2963 1991 3020 fuisse
2044 2976 2131 3019 tu-

534 3050 722 3105 nicam
779 3053 995 3123 corpori
1056 3053 1387 3123 applicatam
1430 3055 1484 3110 in
1542 3057 1767 3112 modum
1825 3058 2127 3123 subucula,

534 3142 658 3199 dico
682 3158 816 3199 sane
845 3145 1081 3200 tunicam
1120 3147 1259 3201 hanc
1295 3148 1715 3216 inconsutilem;
1769 3151 2003 3206 alterum
2036 3168 2131 3205 au-

535 3243 647 3289 tem
678 3251 788 3306 quo
823 3251 987 3308 super
1027 3240 1265 3309 primum
1300 3241 1659 3308 vestiebatur,
1692 3254 1746 3298 et
1777 3244 2000 3299 tertium
2027 3260 2127 3298 es-

536 3330 713 3385 terius
758 3331 1164 3387 indumentum.

608 3418 760 3475 lianc
790 3437 919 3477 vero
950 3424 1188 3478 tunicam
1230 3440 1259 3480 e
1294 3426 1591 3482 traditione
1645 3426 1867 3482 Patrum
1905 3426 2131 3497 accepi—

535 3527 662 3568 11.18
697 3528 836 3584 opus
862 3515 1028 3571 fuisse
1061 3517 1156 3571 Dei
1186 3518 1369 3572 Matris
1402 3534 1432 3572 a
1458 3520 1842 3589 superioribus
1877 3519 2129 3589 partibus

537 3614 876 3671 contextam,
906 3608 1072 3662 veluti
1109 3619 1238 3664 sunt
1271 3611 1414 3680 apud
1450 3626 1553 3665 nos
1571 3612 1769 3683 capitis
1798 3623 1893 3669 aut
1927 3614 2127 3683 pedum

538 3701 813 3771 liyemalia
860 3702 1228 3771 operimenta.
1264 3703 1420 3759 Unde
1460 3707 1750 3761 commode
1790 3707 1859 3761 de
1905 3722 1971 3762 ea
2004 3707 2137 3761 alle-

538 3790 725 3862 gorice
763 3796 1087 3861 loquuntur,
1124 3796 1215 3863 qui
1249 3796 1442 3851 dicunt
1493 3796 1668 3851 solum
1702 3797 1755 3853 id
1787 3798 1932 3868 quod
1973 3815 2004 3853 a
2036 3796 2132 3852 Dei

540 3882 712 3939 Matre
759 3898 1040 3955 sumptum
1077 3896 1160 3942 est
1204 3904 1427 3959 corpus,
1474 3890 1716 3963 desuper
1775 3890 1947 3948 fuisse
1997 3906 2133 3947 cono

541 3988 753 4034 textum
790 3999 802 4033 :
840 3981 945 4036 hoc
968 3991 1072 4045 est,
1116 3999 1144 4035 a
1198 3984 1338 4039 crelo
1381 3993 1688 4054 coaptatam
1730 3985 1833 4039 sibi
1878 3985 2136 4039 habuisse

541 4068 884 4125 divinitatem
916 4091 926 4124 :
961 4072 1098 4126 vela
1143 4072 1252 4128 Deo
1280 4072 1449 4129 fuisse
1479 4075 1532 4128 in
1563 4090 1746 4130 rerum
1780 4086 1971 4129 natura
2006 4092 2137 4147 pro-

539 4162 785 4229 ductum,
824 4174 878 4218 et
906 4180 1015 4218 non
1042 4180 1071 4220 a
1105 4166 1311 4221 semine
1346 4168 1607 4223 humano.
1642 4169 1685 4223 E
1710 4169 1924 4224 duobus
1954 4180 2136 4224 autem

542 4255 769 4325 reliquis
800 4256 1142 4312 vestimentis
1175 4268 1413 4328 quatuor
1459 4270 1643 4331 partes
1676 4260 1929 4317 fecerunt
1953 4262 2134 4317 disse-

542 4359 733 4402 cantes
760 4364 843 4403 ea.
886 4348 1170 4419 Siquidem
1207 4367 1329 4405 cum
1357 4353 1423 4407 de
1457 4353 1778 4407 inconsutili
1811 4354 1996 4410 tunica
2052 4354 2140 4409 di-

543 4440 755 4495 xissent
791 4458 805 4494 :
852 4440 1256 4496 Ne'sciudomtts
1296 4460 1435 4507 eain,
1491 4445 1963 4514 signiﬁcaverunt,
1993 4450 2139 4518 quod

544 4532 753 4601 reliqua
793 4534 1097 4588 sciderunt.
1154 4534 1341 4606 Neque
1375 4536 1521 4591 enim
1577 4546 1837 4607 tanquam
1896 4541 2139 4610 pretiosa

548 4625 861 4680 diviserunt
886 4642 972 4691 eu,
1034 4640 1091 4680 ut
1130 4643 1159 4681 a
1195 4628 1463 4683 faciendis
1496 4630 1745 4700 partibus
1775 4630 2139 4701 abstinerent,

546 4732 645 4771 seu
680 4717 992 4782 illudentes,
1062 4730 1119 4775 ut
1168 4724 1487 4792 praedictum
1518 4732 1621 4778 est.
1682 4724 1750 4777 Et
1806 4724 1861 4779 bi
1916 4725 2141 4797 quidem

549 4809 917 4879 ignominiose
978 4827 1099 4882 qua:
1159 4815 1393 4883 pretiosa
1443 4825 1601 4869 erant
1647 4816 2002 4873 diviserunt:
2042 4835 2142 4890 per

548 4917 673 4971 qua:
708 4906 833 4958 talia
869 4905 1009 4960 facta
1042 4917 1173 4962 sunt.
1214 4908 1497 4965 miracula.
1536 4908 1632 4962 Sed
1670 4916 1804 4962 tunc
1844 4911 2020 4966 virtus
2044 4928 2141 4967 eo-

553 5009 674 5049 rnm
704 4998 1073 5055 delinebatur.

666 5232 708 5262 ⁵⁷
732 5230 894 5286 Joan.
921 5248 1033 5296 nx,
1066 5231 1158 5300 23,
1187 5234 1279 5291 24.

2158 3353 2205 3413 C

2216 842 2427 909 ελαϐον,
2460 845 2725 915 δηλονότι.
2756 841 2868 899 Ἦν
2890 844 2958 898 δὲ
2978 847 3017 899 ό
3038 843 3227 912 χιτὼν
3253 843 3542 912 ἇρῤαρος,
3571 839 3640 894 ἐκ
3672 838 3797 893 τῶν

2216 935 2446 992 ἀνωθεν
2485 939 2755 1007 ὑφαντὸς
2788 937 3018 993 διόλου.
3060 934 3252 992 Εἴποι·
3277 930 3392 990 οὖν
3420 932 3571 1001 πρὸς
3603 931 3799 999 ἀλλή-

2215 1032 2388 1095 λους.
2422 1030 2517 1097 Μὴ
2554 1031 2867 1099 σχίσωμεν
2894 1029 3104 1092 αὐτὸν,
3136 1027 3299 1083 ἀλλά
3342 1026 3625 1095 λδχωμεν
3660 1022 3795 1091 περὶ

2216 1122 2425 1183 αὑτοῦ,
2460 1122 2627 1186 τίνος
2653 1123 2846 1176 ἐσται·
2890 1123 2991 1175 ἵνα
3020 1120 3059 1187 ή
3100 1118 3316 1188 Γραφὴ
3349 1118 3459 1191 (32)
3505 1114 3799 1184 πληρωθῇ

2216 1211 2255 1277 ἠ
2285 1212 2575 1280 λέγουσα·
2610 1212 3031 1280 Διεμερίσαντο
3062 1210 3133 1265 τὰ
3159 1207 3358 1279 ἱμάτιά
3383 1225 3504 1278 μου
3532 1206 3796 1273 ἑαυτοῖς,

2218 1304 2314 1358 καὶ
2345 1305 2443 1357 ἐπὶ
2476 1304 2583 1359 τὸν
2613 1304 2933 1374 ἱματισμόν
2965 1320 3085 1373 μου
3111 1302 3333 1356 ἔϐαλον
3358 1298 3609 1368 κλῆρον.
3643 1296 3801 1352 Μόνα

2218 1396 2350 1464 γοῦν
2391 1396 2459 1450 τὰ
2511 1396 2606 1449 τοῦ
2658 1394 2901 1466 Χριστοῦ
2953 1396 3147 1466 ἱμάτια
3182 1386 3586 1464 διεμερίσαντο,
3618 1390 3802 1444 καίτοι

2219 1490 2581 1561 εὐτελέστερα
2615 1490 2725 1544 τῶν
2775 1488 3009 1557 ἱματίων
3056 1487 3166 1539 τῶν
3203 1483 3417 1557 λῃστῶν
3462 1482 3611 1545 ὅντα,
3648 1482 3739 1535 ἵνα
3764 1481 3799 1550 ἡ

2218 1581 2591 1654 περὶτούτων
2619 1582 2926 1651 προφητεία
2952 1576 3045 1631 τοῦ
3089 1575 3253 1632 Δαυῒδ
3307 1574 3451 1649 λάϐῃ
3501 1573 3679 1637 τέλος.
3736 1572 3803 1625 οι

2224 1677 2323 1747 μὶν
2355 1676 2466 1747 γὰρ
2508 1674 2602 1729 καὶ
2630 1674 2723 1727 ἐπὶ
2762 1672 2975 1734 τούτοις
3005 1668 3394 1740 χλευάζοντες,
3424 1665 3498 1728 ὡς
3532 1660 3804 1734 βασιλέως

2218 1769 2380 1840 δῆθεν
2411 1767 2626 1838 ἱμάτια,
2660 1765 2836 1820 ταῦτα
2867 1762 3261 1835 διεμερίζοντο·
3295 1758 3634 1831 ᾠκονομεῖτο
3662 1755 3719 1809 δδ
3743 1755 3806 1807 τὸ

2221 1864 2382 1926 τέλος
2407 1862 2508 1933 τῆς
2555 1860 2687 1932 περὶ
2743 1859 2973 1924 τούτων,
3025 1856 3101 1920 ὡς
3146 1855 3387 1926 εἴρηται,
3438 1848 3804 1922 προφητείας.

2222 1954 2337 2009 Καὶ
2370 1954 2441 2007 τὰ
2477 1952 2576 2025 μὶν
2607 1954 2797 2019 ἱμάτια
2820 1948 3227 2021 διεμερίσαντο·
3264 1945 3358 2000 ἐπὶ
3387 1942 3445 1998 δὲ
3468 1943 3561 1996 τὸν
3592 1940 3808 2013 χιτῶνα

2228 2047 2320 2100 τὸν
2358 2046 2604 2117 ἄρῤαφον
2626 2044 2819 2098 ἔϐαλον
2855 2041 3079 2113 κλῆρον.
3121 2038 3326 2094 Τοῦτον
3374 2035 3480 2107 γὰρ
3516 2032 3811 2104 ὠνόμασεν

2232 2141 2248 2192 ί
2255 2139 2527 2209 ματισμὸν
2562 2140 2595 2209 ἡ
2628 2135 2953 2207 προφητεία.

2314 2231 2478 2284 Ἀλλᾶ
2524 2233 2668 2284 πόσα
2718 2230 2785 2283 τὰ
2844 2228 3037 2297 ἱμάτια
3082 2221 3249 2298 ἦσαν,
3301 2222 3478 2285 οὐδεὶς
3526 2218 3639 2272 τῶν
3688 2217 3807 2287 (53)

2231 2322 2643 2394 εὐαγγελιστῶν
2675 2321 2937 2392 ἐδήλωσε.
2970 2318 3064 2371 Διό
3093 2335 3241 2382 τινες
3278 2315 3440 2371 πέντε
3476 2310 3652 2366 ταῦτά
3700 2326 3807 2379 φα-

2234 2433 2307 2470 σι·
2386 2418 2633 2485 τέσσαρα
2723 2413 2820 2484 μὲν
2892 2411 2962 2465 τὰ
3025 2413 3143 2474 τοῖς
3203 2407 3467 2477 τέσσαρσι
3537 2401 3808 2473 στρατιὼ-

2231 2525 2351 2570 ταις
2398 2504 2841 2577 διαμερισθέντα·
2885 2502 3134 2573 πέμπτον
3190 2499 3246 2553 δὲ
3318 2497 3412 2551 τὸν
3461 2494 3667 2566 χιτῶνα
3716 2494 3812 2547 τὸν

2231 2599 2501 2672 ἄρραφον.
2540 2599 2696 2651 Δοκεῖ
2716 2597 2774 2650 δὲ
2802 2595 3066 2658 ἀπίθανος
3094 2596 3122 2647 ὁ
3148 2594 3306 2662 λόγος
3360 2590 3451 2646 διὰ
3482 2590 3542 2643 τὸ
3577 2588 3670 2642 τοῦ
3698 2588 3813 2640 Σω-

2231 2690 2397 2759 τῆρος
2431 2689 2727 2759 ἀπέριττον
2749 2701 2763 2716 ·
2799 2686 2976 2749 οὐδεὶς
3011 2684 3117 2755 γὰρ
3170 2683 3290 2736 οὐδὲ
3324 2681 3434 2735 τῶν
3474 2680 3654 2735 ἄλλων
3708 2680 3809 2732 ἀν-

2234 2782 2470 2852 θρώπων
2522 2780 2763 2835 τοσαῦτα
2818 2777 3235 2849 περιϐάλλεται.
3272 2773 3668 2846 Στοχαζόμενοι
3716 2770 3811 2824 οὖν

2234 2873 2392 2928 αὐτοὶ
2431 2874 2686 2944 λέγομεν,
2720 2873 2816 2926 καὶ
2850 2871 2979 2934 ίσως
3000 2870 3292 2941 οὑπόρῤω
3352 2866 3471 2919 τοῦι
3504 2866 3815 2936 προσήκον-

2233 2984 2347 3032 τος,
2382 2967 2510 3037 τρία
2540 2962 2681 3021 εἶναι
2712 2967 2782 3019 τὰ
2812 2966 3010 3020 πάντα·
3052 2964 3110 3017 ἓν
3149 2964 3245 3035 μὲν
3312 2961 3404 3013 τὸν
3438 2959 3530 3012 ἐπὶ
3570 2958 3666 3010 τοῦ
3708 2958 3817 3009 σώ-

2238 3079 2411 3130 ματος
2455 3061 2686 3133 χιτῶνα,
2730 3061 2874 3128 λέγω
2908 3059 2996 3130 δὴ,
3030 3058 3223 3112 τοῦτον
3259 3056 3349 3109 τὸν
3390 3056 3660 3127 ἄρῤαφον·
3695 3052 3816 3105 δεύ-

2234 3171 2393 3224 τερον
2424 3154 2479 3206 δὲ
2543 3154 2605 3207 τὸ
2629 3152 2721 3205 ἐπὶ
2768 3151 2943 3221 τούτῳ
2992 3149 3362 3221 περιϐόλαιον·
3395 3148 3580 3217 τρίτον
3626 3144 3705 3210 δὲ,
3757 3142 3818 3196 τὸ

2236 3248 2494 3314 ἐξωτάτω
2550 3246 2746 3316 ὲπίϐλη
2756 3264 2851 3315 μα.

2307 3430 2509 3485 Τοῦτον
2555 3429 2611 3482 δὲ
2655 3429 2746 3482 τὸν
2791 3425 2996 3497 χιτῶνα
3038 3428 3102 3480 ἐκ
3152 3424 3501 3495 παραδόσεως
3552 3421 3821 3493 Πατέρων

2234 3524 2550 3595 ἠκούσαμεν
2605 3523 2767 3591 ἔργον
2826 3512 2967 3572 εῖναι
3021 3516 3120 3587 τῆς
3168 3516 3530 3586 Θεομήτορος,
3589 3516 3653 3568 ἐκ
3708 3514 3820 3569 τῶν

2236 3620 2442 3672 ἄνωθεν
2493 3616 2675 3687 μερῶν
2717 3611 2974 3682 ὑφαντδν,
3020 3611 3210 3681 ἡγουν,
3248 3609 3356 3663 ἀπὸ
3401 3607 3495 3661 τοῦ
3546 3606 3819 3679 τραχήλου

2237 3714 2333 3784 τὴν
2366 3712 2542 3784 ἀρχὴν
2576 3709 2674 3780 τῆς
2715 3707 2858 3777 ὑφῆς
2924 3704 3182 3769 λαϐόντα,
3238 3703 3331 3756 καὶ
3366 3700 3597 3755 πλεκτὸν
3646 3700 3822 3754 διόλου

2237 3804 2600 3875 τυγχάνοντα.
2639 3798 2896 3870 καθάπερ
2926 3798 2994 3850 τὰ
3024 3795 3310 3867 χειμερινὰ
3340 3795 3469 3863 παρ’
3499 3795 3633 3863 ἡμῖν
3662 3807 3821 3863 περι-

2240 3898 2432 3952 ϐόλαια
2483 3898 2595 3950 τῶν
2653 3892 2829 3946 ποδῶν
2879 3892 2973 3944 καὶ
3024 3889 3133 3943 τῶν
3192 3886 3463 3957 κεφαλῶν.
3511 3885 3676 3939 Ὀθεν
3732 3887 3824 3940 καὶ

2239 3988 2541 4063 προσφυῶς
2575 3984 2970 4056 ἁλληγοροῦσιν
3006 3981 3191 4044 αὐτὸν,
3219 3980 3467 4048 λέγοντες
3537 3978 3621 4030 δτι
3664 3977 3824 4045 μόνον

2240 4086 2301 4137 τὸ
2324 4086 2390 4137 ὲκ
2423 4083 2521 4154 τῆς
2558 4080 2903 4151 Θεομήτορος
2938 4076 3144 4147 ληφθὲν
3177 4074 3335 4145 σῶμα
3366 4074 3429 4125 ἐκ
3471 4072 3578 4124 τῶν
3612 4069 3823 4125 ἄνωθεν

2242 4172 2311 4247 ἦν
2342 4173 2601 4246 ὕφαντὸν,
2636 4172 2935 4234 τουτέστιν,
2975 4172 3039 4221 ὲκ
3081 4166 3176 4221 τοῦ
3210 4164 3443 4238 οὐρανοῦ
3480 4158 3592 4235 εἶχε
3629 4179 3827 4235 συνυφ-

2245 4272 2489 4344 ασμένην
2571 4267 2766 4323 ἑαυτοῦ
2818 4266 2915 4337 τὴν
2956 4264 3209 4335 θεότητα,
3260 4262 3294 4334 ἢ
3341 4264 3404 4316 ἐκ
3433 4259 3526 4314 τοῦ
3572 4258 3709 4313 Θεοῦ
3757 4254 3826 4330 ἦν

2248 4363 2518 4436 ὑοεστὼς,
2549 4362 2643 4415 καὶ
2670 4362 2771 4415 οὐκ
2796 4361 2860 4412 ιχ
2887 4357 3203 4428 σπέρματος
3234 4352 3600 4425 ἀνθρωπίνου.
3627 4353 3709 4405 Τὰ
3736 4351 3828 4405 δύο

2248 4460 2305 4512 δὲ
2370 4457 2569 4526 ἱμάτια
2626 4457 2871 4523 τέσσαρα
2936 4450 3077 4520 μέρη
3136 4448 3497 4516 πεποιήκασι,
3545 4444 3828 4516 σχίσαντες

2249 4551 2412 4605 αὑτά.
2457 4548 2565 4601 Καὶ
2596 4547 2705 4615 γὰρ
2734 4544 2849 4611 (δι)
2875 4541 3133 4604 εἰπόντες
3163 4539 3296 4611 περὶ
3331 4538 3425 4591 τοῦ
3453 4538 3720 4609 ἀρῤἀφου·
3741 4554 3825 4607 χιι

2251 4644 2420 4706 τῶνος
2457 4643 2540 4696 ὅτι
2572 4639 2665 4705 Μή
2706 4638 3011 4708 σχίσωμεν
3039 4631 3588 4701 αὐτὸν,’ὲδήλωσαν,
3641 4630 3725 4683 ὅτι
3762 4628 3825 4681 τὰ

2255 4738 2389 4795 ἄλλα
2414 4738 2656 4808 ἔσχισαν.
2690 4731 2824 4785 Οὖδὶ
2856 4730 2964 4800 γὰρ
2991 4726 3066 4791 ὡς
3098 4724 3364 4793 πολυτελῆ
3393 4721 3567 4776 ταῦτα
3591 4722 3826 4792 διεμερί-

2258 4848 2441 4895 σαντο,
2470 4829 2559 4881 ἵνα
2584 4826 2679 4879 καὶ
2706 4821 3004 4893 φείδωνται
3037 4817 3146 4872 τῶν
3180 4814 3435 4887 μερίδων,
3468 4813 3603 4868 ἀλλὰ
3637 4812 3827 4883 χλευά-

2256 4925 2465 4989 ζοντες,
2512 4920 2586 4982 ὡς
2626 4914 2975 4987 προείρηται.
3018 4909 3129 4963 Καὶ
3160 4899 3307 4961 οὗτοι
3362 4906 3460 4975 μὲν
3496 4905 3709 4975 ἀτίμως
3762 4902 3826 4957 τὰ

2254 5014 2414 5083 τίμια
2452 5006 2847 5077 διεμερίζοντο.
2895 4999 2963 5054 δι’
3000 4991 3075 5053 ὧν
3114 4994 3417 5068 τηλικαῦτα
3454 4994 3711 5065 θαύματα
3740 5010 3827 5059 γε·

2259 5106 2481 5175 γόνασιν
2501 5118 2515 5131 ·
2548 5101 2581 5169 ἡ
2607 5100 2662 5151 δὲ
2693 5096 2897 5150 τούτων
2919 5092 3147 5163 δύναμις
3173 5088 3443 5159 ὲπείχετο.

1768 5334 1967 5399 Varie;
1997 5337 2301 5402 lectiones
2342 5346 2401 5400 et
2436 5345 2623 5399 notos.

638 5521 749 5591 (52)
788 5519 899 5575 Soli
957 5536 1085 5601 ergo
1136 5520 1507 5601 Joan_ni__haa_c
1550 5524 2147 5601 tribuit‘Euthymius.

562 5592 733 5647 Recte
794 5606 924 5663 ergo
1002 5592 1088 5645 illa
1142 5596 1281 5660 apud
1336 5593 1651 5652 Matthaeum
1700 5592 1960 5654 delenda'
1999 5609 2152 5663 sunt,

562 5678 710 5717 vers.
750 5664 839 5718 55.

644 5734 755 5805 (55)
794 5735 1022 5797 ’Δλλων,
1063 5735 1225 5791 addit.
1254 5735 1315 5791 Β.
1352 5736 1505 5792 Male.
1546 5736 1657 5793 Nec
1686 5740 1829 5793 enim
1863 5741 2153 5797 Matlhans

2266 5529 2367 5584 bac
2418 5530 2486 5586 de
2538 5544 2617 5594 re,
2650 5536 2743 5583 aut
2789 5526 2931 5581 ullus
2976 5526 3117 5579 alius
3155 5522 3509 5593 evangelista,
3564 5518 3828 5574 memoria

2265 5602 2517 5669 prodidit.

2336 5674 2447 5739 (54)
2487 5666 2675 5725 Εἶπον.
2714 5671 2777 5723 Α.

2338 5744 2450 5812 (35)
2482 5742 2827 5814 Ἀποροῦσιν.
2855 5740 2892 5793 Α
2909 5782 2923 5796 .

648 5893 759 5958 (xx)
798 5894 876 5947 Eo
919 5895 1056 5972 quod
1117 5896 1355 5949 indecens
1415 5895 1685 5972 Saluatori
1740 5899 1942 5967 fuisset.
1996 5900 2151 5965 Quod
2260 5902 2449 5972 siglam
2485 5901 2674 5956 incidit
2700 5899 3000 5955 llentenins
3023 5913 3088 5972 ac.
3127 5894 3361 5965 conjecit
3391 5891 3663 5972 ἀπρεπὲς,
3694 5891 3823 5965 quod

573 5964 828 6042 ﬁcrvator
860 5966 1044 6034 paucis
1080 5976 1369 6042 contentus
1421 5968 1684 6042 fuit._Ant
1718 5964 1933 6042 propter
1967 5964 2151 6042 fruga—

574 6034 795 6101 (ἐξοίσω,
847 6045 1059 6106 propter
1089 6036 1479 6108 simplicitatem
1526 6034 1843 6101 Scrvntoris.
1898 6034 2075 6097 εστιέ
2097 6042 2151 6097 in

2264 5966 2441 6028 tamen
2477 5973 2603 6029 bttic
2637 5971 3032 6028 constructioni
3065 5984 3173 6028 non
3206 5966 3482 6024 convenit.
