4020 6510
502 515 603 582 γει

1771 523 2158 588 EUTHYMII
2200 526 2533 593 ZlGABEN
2538 528 2567 591 Ι

3680 534 3791 601 732

496 646 610 686 non
645 640 794 685 esset
824 629 943 704 ipse
976 628 1070 686 Dei
1105 627 1295 697 Filius,
1336 637 1398 685 ut
1428 628 1531 702 ipsi
1570 632 1861 703 putabant.
1903 633 2037 700 Sed,
2068 650 2091 691 ο

2207 640 2284 711 μή
2318 638 2473 705 ὄντος
2512 638 2642 715 Υίοῦ
2673 636 2768 694 τοῦ
2798 637 2956 706 Θεοῦ,
2988 637 3173 705 καθὼς
3228 639 3384 696 αὐτοὶ
3408 637 3600 713 ᾤοντο.
3652 643 3789 699 Ἀλλ’

496 721 713 776 scelesti
736 737 801 777 ac
831 722 1054 795 pessimi
1088 723 1101 776 l
1139 736 1272 793 ergo
1313 737 1417 779 nec
1446 722 1731 794 prolibetae
1753 733 1915 779 erant
1968 740 2095 795 pro-

492 814 698 883 phetae,
728 829 830 869 nec
852 812 1001 884 justi
1030 812 1277 882 profecto
1312 813 1461 885 iusti,
1515 830 1584 869 ex
1632 830 1742 885 quo
1774 816 1917 871 Deus
1973 815 2096 873 illos

491 920 522 959 a
564 906 827 975 periculis
857 920 968 959 non
998 906 1221 976 eripuit.
1249 905 1454 963 Verum
1488 915 1543 963 et
1571 907 1853 977 propheta
1879 917 1935 963 et
1958 908 2095 979 justi

492 1008 675 1062 erant,
702 1013 805 1053 nec
832 997 1015 1052 minus
1044 1007 1226 1055 tamen
1268 1000 1527 1072 periculis
1578 1000 1974 1071 subiacuerunt
2003 1016 2095 1058 se-

494 1093 733 1146 cundum
773 1091 982 1145 variam
1016 1092 1513 1164 dispensationem.

564 1184 719 1239 Vers.
763 1184 854 1240 ιιι.
918 1184 983 1240 Id
1013 1186 1182 1254 ipsum
1224 1215 1297 1227 -—
1335 1186 1403 1240 ei.
1438 1185 1498 1240 ld
1550 1186 1755 1257 ipsum,
1796 1186 1849 1242 id
1880 1195 1965 1242 est
1994 1201 2095 1249 eo-

492 1276 615 1330 dem
646 1276 830 1331 modo.
876 1274 994 1331 Non
1036 1278 1183 1331 enim
1215 1274 1437 1332 Judaes
1474 1282 1693 1333 tantum
1725 1277 2098 1334 inﬂammavit

496 1367 771 1433 diabolus,
817 1368 912 1424 sed
948 1378 1004 1423 et
1045 1366 1321 1423 Romanos
1373 1368 1574 1424 milites
1612 1368 1804 1426 furore
1847 1369 2093 1442 agitavit,

490 1468 548 1514 ιι
587 1459 735 1530 ipsos
776 1460 964 1530 etiam.
993 1460 1256 1525 latrones,
1316 1476 1632 1532 quanquam
1696 1477 1823 1517 cum
1874 1476 1941 1517 eo
1967 1476 2097 1517 cru-

490 1552 704 1617 citixos,
736 1554 998 1608 adversus
1031 1565 1159 1605 eum
1185 1551 1558 1607 exacerbavit.
1596 1551 1886 1609 Matthaeus
1914 1554 2097 1623 itaque

489 1655 545 1699 et
565 1643 778 1700 Marcus
806 1644 853 1676 ”
880 1654 1177 1716 utrumque
1199 1644 1355 1699 aiunt
1392 1645 1756 1715 exprobrasse
1781 1645 1855 1700 ei.
1911 1644 2090 1699 Lucas

489 1752 623 1792 vero
657 1752 825 1791 unum
850 1738 1070 1806 quidem
1102 1737 1357 1792 convitiis
1393 1737 1545 1791 illum
1578 1737 1816 1807 agitasse
1851 1736 1987 1792 dicit
2015 1737 2091 1803 ",

489 1832 721 1885 :t'terum
774 1838 957 1884 autem
996 1830 1472 1899 blaspltemantem
1532 1831 1704 1902 magis
1741 1831 2091 1900 increpasse.

490 1919 735 1974 Primum
791 1919 1062 1990 siquidem
1127 1921 1292 1976 ambo
1347 1921 1701 1992 propriorum,
1753 1921 1905 1977 obliti
1940 1922 2095 1978 labo-

2200 733 2247 786 ὣ
2280 733 2471 806 μιαροὶ
2506 733 2604 788 καὶ
2636 733 2992 806 παμμίαροιι
3023 735 3211 789 λοιπὸν
3247 734 3358 789 οὐδ’
3406 734 3457 789 οι
3506 737 3790 808 προφῆται

2186 811 2341 896 ’ἦσαν
2396 827 2695 899 προφῆται,
2760 825 2884 880 οὐδὲ
2930 828 2981 882 el
3034 826 3235 881 δίκαιοι
3287 827 3505 893 πάντως
3566 829 3790 898 δίκαιοι,

2200 916 2391 990 ιπειδή
2427 919 2629 983 αὐτοὺς
2674 918 2774 973 οὐκ
2809 919 3091 992 ἐξήρπασε
3131 920 3238 973 τῶν
3278 920 3539 975 κινδύνων
3576 922 3605 975 δ
3634 922 3783 986 Θεός.

2211 1008 2378 1065 una:
2422 1011 2531 1081 μὴν
2566 1010 2662 1067 καὶ
2687 1007 2829 1084 ἦσαν
2860 1013 2953 1067 καὶ
2984 1012 3365 1067 ἐκινδύνευσαν
3431 1014 3574 1067 κατὰ
3606 1016 3792 1085 διαφό-

2204 1120 2329 1174 ρους
2368 1105 2704 1173 οἰκονομίας.

2268 1196 2351 1251 ’Τὸ
2395 1197 2448 1251 δ’
2484 1197 2635 1251 αὐτὸ
2676 1226 2749 1237 —
2793 1195 3016 1252 αὐτῶν.
3069 1196 3147 1251 Τὸ
3195 1198 3252 1251 δ’
3290 1196 3462 1263 αὐτὸ,
3513 1198 3635 1251 ἀντὶ
3674 1197 3790 1268 τοῦ,

2213 1289 2517 1354 Ὡσαύτως.
2546 1288 2623 1343 Oti
2663 1293 2823 1360 μόνον
2854 1290 2963 1362 γὰρ
2994 1290 3122 1355 τοὺς
3169 1290 3460 1354 Ἰουδαίους
3491 1290 3789 1356 ἐξέκαυσεν

2201 1382 2231 1435 ὁ
2282 1381 2550 1448 διάϐολος,
2603 1381 2740 1436 ἀλλὰ
2780 1383 2875 1436 καὶ
2924 1382 3051 1445 τοὺς
3094 1381 3403 1453 Ῥωμαίους
3449 1383 3792 1455 στρατιώτας

2203 1472 2547 1545 δξοίστρησε,
2564 1471 2877 1536 καὶ⁹αύτοὺς
2895 1472 2950 1526 δὶ
2973 1474 3097 1538 τοὺς
3112 1474 3339 1545 λῃστὰς,
3365 1472 3651 1527 καὶταῦτα
3669 1489 3793 1525 συν-

2202 1565 2683 1636 εσταυρωμένους,
2735 1566 3024 1635 ἐξηγρίανε
3089 1567 3212 1620 κατ’
3262 1565 3450 1621 αὑτοῦ.
3520 1565 3795 1627 Ματθαῖος

2207 1658 2307 1728 μὲν
2351 1656 2449 1711 οὖν
2510 1658 2607 1713 καὶ
2668 1659 2895 1730 Μάρκος
2958 1650 3087 1722 τοὺς
3157 1658 3251 1711 δύο
3300 1660 3463 1726 φασιν
3518 1656 3795 1721 ὀνειδίζειν

2202 1750 2388 1803 αὐτόν·
2426 1750 2640 1814 Λουκᾶς
2707 1750 2766 1804 δὲ
2818 1752 2910 1804 τὸν
2948 1750 3044 1804 ἕνα
3097 1751 3198 1820 μὲν
3254 1751 3600 1821 βλασφημεῖν
3634 1750 3796 1804 αὑτὸν

2199 1842 2370 1911 λέγει,
2412 1842 2505 1896 τὸν
2534 1843 2723 1912 ἕτερον
2764 1842 2819 1896 δὲ
2863 1842 3066 1914 μᾶλλον
3112 1844 3374 1913 ἐπιτιμᾷν
3414 1843 3490 1912 τῷ
3544 1842 3791 1913 ﬂium-

2213 1933 2421 2004 μοῦντι.
2476 1936 2587 1989 Καὶ
2632 1935 2743 2008 γὰρ
2786 1934 3003 2007 πρῶτον
3059 1938 3158 2006 μιν
3214 1937 3263 1988 el
3320 1936 3433 1999 δύο,
3485 1936 3593 1989 τῶν
3648 1935 3795 1988 ίδίων

491 2028 613 2067 mm
647 2014 753 2083 (f).
790 2028 857 2068 ex
898 2014 1223 2070 crudelitate
1252 2015 1658 2084 exprobrabant
1704 2016 1777 2083 ei,
1828 2026 2020 2086 utp0te
2052 2028 2091 2070 ei

2209 2026 2565 2098 ἐκλαθόμενοι
2606 2028 2809 2094 πόνων,
2858 2028 2918 2094 ἐξ
2960 2028 3243 2100 ὠμότητος
3280 2028 3560 2090 ὠνείδιζον
3607 2027 3793 2089 αὑτὸν,

491 2104 591 2175 ipsi
622 2102 817 2159 Judaei.
848 2104 1011 2161 Forte
1046 2113 1230 2162 autem
1265 2108 1434 2163 etiam
1466 2108 1516 2163 id
1540 2109 1852 2181 inrgratiatn
1875 2109 2101 2165 Judaao-

490 2212 612 2251 rutn
648 2194 948 2260 faciebant,
1016 2207 1077 2253 ut
1112 2208 1335 2269 propter
1369 2198 1475 2255 hoc
1534 2201 1684 2272 ipsos
1742 2200 2103 2272 deponerent.

489 2284 844 2340 Postmodum
888 2302 1021 2342 vero
1045 2288 1186 2342 alter
1228 2287 1551 2359 paenitentia
1587 2291 1789 2345 ductus
1822 2300 1909 2346 est
1934 2307 1950 2342 :
1980 2299 2097 2343 tum

489 2379 714 2449 quidem
795 2376 1001 2434 Christi
1050 2380 1205 2450 signa
1279 2380 1346 2436 ad
1411 2381 1734 2437 memoriam
1800 2395 2094 2443 revocans,

489 2473 723 2539 eiusque
779 2470 1263 2526 conversationem
1346 2472 1681 2540 inculpatam
1734 2491 1747 2527 :
1797 2484 1909 2527 tum
1969 2488 2100 2529 vero

488 2562 678 2618 audito
707 2562 855 2633 quod
886 2563 1050 2618 etiam
1080 2578 1181 2634 pro
1214 2562 1301 2618 bis
1346 2562 1439 2633 qui
1479 2563 1661 2634 ipsum
1698 2565 2101 2636 cruciﬁgebant

488 2655 916 2723 intercessisset,
950 2655 1117 2709 veluti
1150 2655 1374 2725 scripsit
1395 2654 1574 2711 Lucas
1598 2654 1647 2688 ³⁸
1678 2672 1693 2722 ;
1728 2656 1925 2712 videns
1946 2672 2090 2727 prae-

492 2757 644 2803 terea
681 2756 738 2803 et
774 2762 960 2802 aerem
997 2758 1197 2819 praeter
1218 2759 1473 2802 naturam
1510 2749 1882 2806 obscuratum.

564 2858 719 2913 Vers.
746 2860 834 2914 45.
867 2860 905 2913 Α
950 2890 1021 2903 -
1043 2876 1263 2915 nonam.
1295 2860 1424 2916 Post
1452 2862 1783 2932 petulantias:
1818 2877 1883 2918 ac
1909 2878 2097 2918 scom-

492 2959 699 3002 matum
756 2949 1064 3006 satietatem
1107 2950 1160 3005 id
1202 2951 1407 3006 factum
1476 2960 1604 3015 est,
1660 2961 1721 3007 ut
1764 2952 2091 3022 quiescente

492 3041 606 3111 jam
657 3040 880 3106 furore,
913 3042 1118 3112 aliquid
1166 3058 1198 3098 a
1249 3044 1517 3099 miraculo
1561 3042 1822 3099 lucriiieri
1879 3053 2091 3115 posset.

490 3133 882 3188 Admirabilius
931 3134 1077 3188 enim
1129 3143 1251 3189 erat
1299 3133 1419 3189 haec
1467 3134 1648 3189 facere
1700 3148 1828 3189 eum
1887 3134 1981 3205 qui
2036 3134 2089 3188 in

490 3240 652 3280 c.uce
685 3225 976 3296 pendebat,
1006 3241 1171 3297 quam
1231 3242 1261 3282 a
1294 3240 1459 3281 cruce
1513 3226 1876 3281 descendere.
1928 3225 2089 3292 Quod

492 3317 536 3371 si
568 3318 681 3371 ιιωο
717 3333 842 3372 eum
893 3318 1073 3373 facere
1137 3335 1252 3373 non
1304 3318 1760 3389 suspicabantur,
1798 3318 1898 3375 sed
1942 3319 2089 3389 quod
2115 3347 2162 3413 ο

494 3408 607 3463 Deo
652 3409 768 3465 htec
810 3420 1071 3481 operante
1099 3410 1473 3481 provenirent.
1507 3413 1703 3467 timere
1752 3426 1887 3467 sane
1918 3427 2091 3483 opor-

494 3500 665 3565 tebat,
706 3511 763 3555 et
817 3503 1126 3573 intelligere
1175 3503 1323 3573 quod
1374 3512 1604 3574 propter
1634 3505 1779 3559 hunc
1838 3504 1908 3560 ad
1950 3506 2090 3560 iram

495 3584 805 3649 commotds
875 3605 1043 3651 esset.
1096 3594 1289 3664 Neque
1336 3596 1484 3651 enim
1529 3596 1717 3652 dicere
1762 3607 2088 3667 potuerunt,

494 3686 640 3754 quod
710 3688 841 3743 solis
906 3687 1129 3758 eclipsis
1183 3689 1487 3745 secundum
1546 3698 1802 3744 naturam
1875 3699 2080 3756 esset;

494 3795 622 3834 nam
658 3778 774 3849 ipsa
814 3788 871 3834 et
901 3779 955 3834 in
989 3796 1100 3835 uno
1133 3780 1399 3852 temporis
1431 3781 1635 3835 accidit
1678 3789 1989 3845 momento,
2030 3789 2089 3835 ct

490 3868 518 3926 5
538 3901 545 3921 ι
562 3886 667 3925 una
687 3881 840 3941 parte
861 3879 1045 3934 terrae.
1066 3876 1244 3927 etnon
1268 3872 1325 3927 in
1348 3871 1561 3927 decimo
1580 3882 1780 3943 quarto
1801 3871 1891 3927 die
1910 3873 2086 3939 lunae;

494 3965 580 4018 Ιιςε
623 3980 756 4019 vero
787 3964 1026 4020 tenebras
1070 3974 1129 4020 et
1167 3964 1233 4019 ad
1270 3973 1385 4021 tres
1426 3964 1592 4019 horas
1641 3974 2089 4035 perseverarunt.

492 4068 547 4111 cl.
572 4073 739 4129 super
770 4058 1084 4113 universam
1127 4066 1331 4111 terram
1366 4073 1381 4111 :
1419 4066 1476 4111 et
1498 4057 1714 4113 decimo
1758 4067 1955 4127 quarto
2001 4057 2091 4112 die

492 4150 637 4205 lente
682 4149 902 4221 quando
947 4147 1289 4217 impossibile
1340 4155 1426 4203 est
1470 4148 1778 4205 secundum
1833 4157 2087 4203 naturam

493 4244 814 4313 contingere
843 4240 975 4296 solis
1002 4240 1274 4310 eclipsim.

566 4332 722 4388 Vers.
749 4333 839 4387 46.
869 4331 1095 4388 Circiter
1128 4360 1197 4370 --
1230 4324 1614 4399 dereliquisti?
1651 4332 1969 4388 Davidicum
2004 4342 2091 4389 est

497 4426 751 4480 verbum.
780 4424 1053 4479 Hebraice
1079 4434 1265 4479 autem
1323 4425 1502 4493 ipsum
1532 4424 1811 4490 clamavit,
1842 4436 1902 4481 ut
1958 4427 2090 4482 solis

495 4519 741 4574 Hebraeis
770 4529 962 4572 notum
996 4516 1173 4579 ﬁeret,
1212 4517 1307 4586 qui
1338 4516 1439 4571 soli
1492 4517 1749 4573 Davidica
1800 4528 2087 4575 noverant.

494 4610 711 4665 Marcus
743 4626 878 4665 vero
919 4610 1066 4675 Elei,
1100 4608 1223 4663 Elei
1241 4610 1483 4680 scripsit.
1534 4609 1876 4682 Signiﬁcavit
1901 4622 2088 4668 autem

490 4702 599 4766 Eli,
624 4701 761 4755 Deus
792 4702 865 4755 mi
884 4718 903 4762 ,-
945 4699 1067 4755 Eloi
1085 4715 1238 4766 vero,
1281 4699 1422 4753 Deus
1452 4716 1621 4755 meus.

564 4793 857 4850 Clavorum
880 4808 1014 4865 ergo
1050 4790 1337 4847 doloribus
1389 4792 1709 4862 depressus,
1762 4793 1888 4848 ait:
1946 4793 2086 4849 Deus

494 4905 664 4953 meus,
708 4886 846 4940 Deus
891 4901 1057 4951 meus,
1100 4893 1157 4938 ιιι
1196 4882 1326 4953 quid
1345 4883 1671 4954 dereliquiin
1692 4901 1773 4939 me
1803 4887 1830 4941 γ
1865 4886 1973 4941 hoc
2002 4895 2088 4941 est

493 4989 717 5049 propter
748 4977 879 5048 quid
926 4991 1013 5031 me
1038 4975 1296 5031 dimisisti
1345 4984 1405 5030 ut
1452 4977 1784 5033 sustinerem
1844 4977 2082 5035 dolores.

492 5073 608 5129 Hoc
634 5084 818 5127 autem
840 5071 997 5134 dixit,
1030 5069 1362 5125 conﬁrmans
1382 5070 1549 5140 quod,
1582 5070 1725 5125 sicut
1750 5070 1805 5124 in
1855 5073 2086 5127 veritate

492 5160 789 5213 humanam
818 5158 1123 5227 assumpsit
1150 5166 1426 5223 naturam,
1455 5159 1527 5212 ita
1555 5174 1777 5229 quoque
1806 5177 1935 5215 vere
1957 5176 2083 5215 cru-

491 5253 685 5307 ciﬁxus
717 5263 823 5319 est,
854 5261 911 5308 et
934 5267 1043 5306 non
1068 5249 1414 5322 phantastice
1456 5259 1620 5319 prout
1644 5252 1804 5307 multi
1830 5252 2077 5307 haeretici

492 5343 823 5400 delirarunt.
849 5344 1039 5415 Neque
1064 5345 1214 5399 enim
1258 5344 1369 5399 nisi
1404 5344 1599 5401 dolens
1658 5345 1733 5400 ita
1768 5346 2080 5403 clamasset.

595 5548 641 5578 "
667 5545 832 5602 Marc.
860 5563 947 5610 xv,
984 5548 1073 5602 32.
1187 5548 1232 5580 "
1267 5546 1397 5601 Luc.
1438 5561 1595 5613 xxiii,
1623 5546 1712 5613 39,
1738 5547 1829 5602 40.

2218 2117 2466 2171 Ἰουδαῖοι
2518 2120 2612 2172 καὶ
2643 2118 2821 2172 αύτοὶυ
2847 2117 3022 2182 ὄντες·
3062 2120 3194 2181 ίσως
3222 2119 3279 2171 δὲ
3316 2120 3410 2172 καὶ
3444 2118 3580 2189 πώς
3632 2118 3793 2187 χάριν

2201 2213 2313 2265 τῶν
2357 2211 2652 2287 Ἰουδαίων,
2683 2212 2769 2266 ῖνα
2798 2212 2885 2266 διὰ
2912 2212 3073 2266 τοῦτο
3099 2214 3511 2281 κατενέγκωσιν
3570 2211 3792 2275 αὐτούς.

2182 2305 2479 2375 ’”Υστερον
2493 2306 2549 2359 δὲ
2573 2307 2938 2377 μετενόησενὸ
2959 2299 3063 2370 εἴς’
3088 2304 3246 2359 τοῦτο
3271 2306 3390 2375 μὲν,
3422 2304 3795 2375 ὑπομνησθεὶς

2201 2397 2311 2451 τῶν
2345 2398 2593 2470 σημείων
2618 2398 2714 2451 τοῦ
2748 2397 2990 2468 Χριστοῦ
3028 2398 3248 2466 καὶτῆς
3283 2399 3659 2468 ἀνεπιλήπτου
3692 2414 3785 2452 πο-

2201 2490 2413 2555 λιτείας
2448 2490 2639 2547 αὐτοῦ·
2678 2491 2840 2545 τοῦτο
2869 2492 2925 2545 δι
2958 2491 3051 2545 καὶ
3077 2492 3315 2555 ἀκούσας
3344 2490 3793 2562 ὑπερευχομένου

2201 2586 2309 2639 τῶν
2355 2586 2784 2657 παυρωσάντων
2835 2585 3060 2655 μᾶλλον,
3113 2585 3189 2649 ὡς
3239 2586 3495 2654 ἱστόρησε
3546 2586 3791 2654 Λουκᾶςῖ

2199 2676 2279 2730 ἔτι
2336 2676 2393 2729 δὲ
2486 2678 2583 2731 καὶ
2644 2676 2769 2731 ἰδὼν
2833 2677 2927 2730 τὸν
2989 2676 3127 2747 ἀέρα
3186 2675 3573 2745 σκοτιζόμενον
3636 2675 3797 2747 παρὰ

2203 2769 2387 2838 φύσιν.

2269 2860 2417 2916 Ἀπὸ
2448 2890 2517 2901 -
2543 2859 2827 2927 ἐννάτης.
2853 2859 3010 2913 Μετά
3047 2858 3140 2913 τὸν
3174 2858 3338 2928 κόρον
3381 2858 3479 2927 τῆς
3504 2857 3795 2926 παροινίας

2198 2953 2293 3008 καὶ
2319 2953 2427 3006 τῶν
2453 2953 2808 3022 σκωμμάτων
2851 2949 3011 3003 τοῦτο
3035 2950 3281 3019 γέγονεν,
3310 2948 3398 3001 ἵνα
3422 2949 3523 3019 ἤδη
3554 2948 3791 3001 παυθένο

2198 3064 2289 3111 τος
2318 3045 2414 3099 τοῦ
2455 3044 2633 3115 Θυμοῦ
2687 3043 2949 3113 κερδᾶναί
2974 3060 3026 3096 τι
3056 3041 3362 3115 δυνηθῶσιν
3393 3042 3502 3094 ἀπὸ
3531 3041 3624 3093 τεῦ
3664 3041 3795 3094 θαύ-

2198 3156 2390 3211 ματος.
2417 3136 2525 3191 Τοῦ
2557 3136 2866 3207 καταϐῆναι
2901 3135 3012 3205 γὰρ
3059 3136 3168 3189 ἀπὸ
3223 3134 3317 3187 τοῦ
3373 3132 3611 3204 σταυροῦ
3660 3134 3795 3187 θαυ-

2199 3230 2536 3303 μαστότερον
2570 3225 2641 3301 ἦν
2682 3228 2741 3282 τὸ
2804 3226 3034 3281 τοιαῦτα
3092 3228 3268 3280 ποιεῖν
3319 3228 3667 3297 κρεμάμενον
3702 3224 3796 3278 ἐπὶ

2199 3324 2293 3376 τού
2335 3320 2597 3394 σταυροῦ.
2628 3321 2691 3375 El
2719 3320 2777 3376 δὲ
2805 3321 2881 3392 μή
2923 3319 3088 3374 αὐτὸν
3108 3317 3484 3373 ταῦταιποιεῖν
3543 3316 3794 3385 ὑπελάμ-

2196 3414 2383 3477 ϐανον,
2415 3412 2556 3468 ἀλλὰ
2585 3413 2703 3478 καὶ,
2726 3412 2802 3475 ὼς
2830 3408 3093 3479 τοῦιθεοῦ
3142 3404 3318 3463 ταῦτα
3354 3406 3661 3469 ποιοῦντος.
3686 3405 3791 3458 ἔδει

2196 3503 2502 3575 φοϐηθῆναι
2537 3503 2634 3556 καὶ
2663 3501 2895 3555 συνιδεῖν
2937 3502 3019 3554 ὅτι
3042 3498 3111 3552 δι’
3133 3499 3300 3551 αὑτὸν
3339 3496 3648 3568 ὀργίζεται.
3676 3496 3791 3547 Καὶ

2194 3599 2308 3668 γὰρ
2329 3596 2432 3649 οὐκ
2458 3594 2725 3663 ἠδύναντο
2766 3593 2948 3661 λέγειν
2997 3593 3080 3646 ὅτι
3132 3591 3274 3645 κατὰ
3327 3587 3491 3659 φύσιν
3541 3587 3787 3657 ἔκλειψις

2195 3687 2348 3759 ήλίου
2379 3682 2469 3759 ἦν.
2498 3684 2648 3755 Αὕτη
2686 3684 2786 3755 μὲν
2815 3683 2927 3754 γὰρ
2964 3684 3058 3737 xal.
3096 3682 3154 3734 ιν
3183 3683 3281 3753 μιᾷ
3307 3683 3448 3752 ῥοπῇ
3480 3680 3677 3749 καιροῦ
3702 3678 3789 3748 γίο

2194 3795 2370 3845 νεται,
2402 3779 2500 3833 καὶ
2528 3780 2586 3832 ὲν
2618 3778 2700 3841 ινδ.
2741 3777 2897 3847 μέρει
2935 3777 3039 3846 τῆς
3068 3778 3194 3845 γῆς,
3218 3774 3316 3827 καὶ
3348 3772 3451 3824 οὐκ
3484 3772 3543 3823 ιν
3570 3774 3636 3844 τῇ
3664 3787 3788 3824 τεσ-

2195 3871 2675 3944 σαρεσκαιδεκάτῃ
2734 3874 2836 3940 τῆς
2899 3869 3149 3939 σελήνης.
3194 3866 3365 3919 Τοῦτο
3394 3865 3451 3918 δὲ
3492 3866 3552 3917 τὸ
3596 3863 3788 3928 σκότος

2192 3965 2290 4018 καὶ
2320 3963 2415 4016 ἐπὶ
2443 3964 2596 4033 τρεῖς
2622 3960 2773 4033 ὥρας
2802 3961 3082 4032 διήρκεσε,
3115 3958 3210 4013 καὶ
3250 3960 3341 4010 ὲπι
3378 3959 3562 4010 πᾶσαν
3592 3956 3783 4024 γέγονε

2162 4120 2167 4123 _
2192 4057 2291 4127 τὴν
2320 4057 2447 4126 γῆν,
2469 4055 2563 4109 καὶ
2596 4056 2655 4109 ιν
2682 4056 2748 4128 τῇ
2796 4051 3369 4123 τεσσαρεσκαιδεκάτῃ
3398 4050 3500 4119 τῆς
3532 4048 3785 4120 σελήνης,

2190 4148 2301 4215 ὅτε,
2332 4147 2669 4218 πανσελήνου
2700 4144 2890 4217 οὔσης,
2931 4146 3218 4217 ἀμήχανον
3272 4142 3597 4214 συμϐαίνειν
3644 4141 3786 4195 κατὰ

2193 4241 2356 4309 φύσιν
2387 4237 2633 4308 ἔκλειψιν
2661 4236 2841 4309 ἡλίου.

2264 4329 2405 4398 Περὶ
2444 4358 2513 4368 -
2545 4328 2984 4397 ἐγκατέλιπες;
3033 4326 3321 4380 Δαυῖτικδν
3358 4323 3458 4395 μὲν
3486 4324 3550 4376 τὸ
3579 4322 3745 4396 ῥητόν
3766 4338 3782 4355 ·

2203 4419 2486 4493 Ἐϐραϊστὶ
2515 4422 2572 4475 δὲ
2590 4418 2750 4475 τοῦτο
2780 4420 3103 4491 ἀνεϐόησεν,
3149 4420 3237 4473 ίνα
3285 4419 3468 4487 μόνοις
3502 4416 3783 4486 Ἑϐραίοις

2190 4513 2495 4584 γνωρισθῇ.
2524 4513 2707 4584 μόνοις
2764 4513 2932 4567 εἰδόσι
2978 4511 3048 4567 τὰ
3095 4509 3656 4581 Δαυῖτικάνὶίάρκος
3705 4510 3779 4575 δὲ,

2203 4603 2389 4668 Ἐλωΐ,
2417 4604 2594 4657 Ἕλωτ
2615 4602 2841 4675 ἔγραψε.
2870 4602 3030 4673 Δηλοῐ
3045 4602 3099 4656 δὲ
3117 4601 3178 4657 τὸ
3206 4602 3307 4673 μὲν
3349 4601 3620 4670 Ἠλὶ,;Θεέ
3630 4616 3774 4669 μου,

2110 4712 2166 4772 D
2191 4694 2251 4748 τὸ
2282 4695 2524 4762 δὲἘλωῒ,
2564 4695 2626 4749 Ὀ
2667 4697 2812 4762 Θεός
2837 4714 2978 4766 μου.

2270 4788 2356 4853 Ὠς
2388 4790 2502 4861 (48)
2529 4790 2825 4863 ἄνθρωπος
2850 4791 2929 4855 δὲ,
2954 4791 3075 4852 ταῖς
3111 4788 3221 4843 ἀπὸ
3253 4787 3362 4841 τῶν
3388 4786 3537 4856 ήλων
3566 4783 3778 4847 ὀδύναις

2185 4884 2539 4951 καταταθεις,
2555 4884 2689 4956 φησί
2707 4900 2722 4915 ·
2759 4883 2867 4938 Θεέ
2888 4900 3031 4954 μου,
3074 4883 3183 4937 Θεέ
3208 4899 3351 4960 μου,
3405 4880 3564 4934 ίνατί
3582 4894 3660 4948 με
3683 4877 3778 4946 ἑγ-

2183 4975 2502 5043 κατέλιπες
2514 4994 2534 5042 ;
2605 4976 2969 5049 ἡγουν,διατί
3008 4994 3075 5046 με
3102 4975 3315 5047 ἀφῆκες
3364 4971 3540 5035 οὕτως
3585 4970 3775 5024 ὀδυνᾶ-

2186 5068 2333 5121 σθαι.
2364 5069 2539 5122 Τοῦτο
2571 5070 2627 5123 δὲ
2659 5067 2777 5123 εἷπε
2836 5065 3071 5140 βεϐαιῶν
3089 5070 3194 5134 ὅτι,
3247 5065 3437 5135 ὥσπερ
3490 5063 3613 5115 κατ’
3642 5060 3774 5131 ἁλή-

2190 5160 2345 5214 θειαν
2369 5160 2819 5233 ὲνηνθρώπησεν,
2858 5161 3003 5215 οὕτω
3026 5164 3118 5215 καὶ
3147 5158 3267 5214 κατ’
3290 5158 3551 5228 ἀλήθειαν
3574 5156 3771 5207 ἐσταυ-

2193 5254 2366 5327 ρώθη,
2394 5256 2487 5309 καὶ
2510 5256 2571 5309 ού
2604 5255 2747 5309 κατὰ
2796 5253 3119 5325 φαντασίαν,
3144 5252 3221 5315 ὡς
3253 5250 3440 5304 πολλοὶ
3478 5247 3587 5302 τῶν
3620 5247 3768 5318 αἱρε-

2187 5348 2356 5400 τικῶν
2386 5348 2680 5419 ἑλήρησαν.
2722 5346 2799 5401 Ού
2838 5348 2945 5419 γὰρ
2979 5346 3045 5401 ἂν
3071 5343 3412 5416 ὀδυνώμενος
3457 5340 3634 5403 οὕτως
3679 5338 3769 5391 ἁν-

2188 5438 2439 5509 εϐόησεν.

1942 5548 1986 5581 ⁸⁸
2016 5548 2147 5604 ibid.
2188 5551 2274 5606 3i.

1848 5688 2045 5752 Variae
2078 5693 2404 5755 tentiones.

568 5830 679 5899 (48)
724 5832 809 5894 '0,
842 5831 1127 5902 ἄνθρωπος
1156 5832 1236 5900 δέ,
1269 5848 1377 5887 non
1408 5834 1573 5889 habet
1605 5832 1935 5890 llenteuius.

566 5984 633 6054 (ο
671 5985 954 6043 Lnberum.
990 5985 1170 6042 Malim
1202 5988 1441 6043 dolorum
1472 6000 1561 6045 aut
1589 5992 1872 6045 cruciatus.
