4020 6494
244 496 355 567 733

1098 501 1485 563 COMBIENT.
1529 502 1610 564 IN
1650 500 2126 578 MATTH/EUM.
2172 526 2238 541 -
2277 504 2435 566 CAP.
2481 506 2725 568 XXVII.

3421 505 3533 569 731

322 618 479 672 Ἐστι
508 616 563 671 δὲ
599 615 693 672 καί
734 616 941 689 ἑτέρως
990 618 1170 672 εἰπεῖν
1199 620 1305 685 ὃτι,
1344 620 1447 691 ἤδη
1483 620 1848 689 ἀποθνήσκων

2025 596 2424 677 Ροιρειευιεω
2455 629 2512 677 et
2540 622 2705 676 aliter
2736 620 2867 689 dici,
2914 618 3061 691 quod
3091 618 3203 690 iam
3230 632 3331 691 pro
3352 619 3531 675 bomi-

249 712 393 781 ὑπὲρ
443 712 552 765 τῶν
605 710 934 782 ἀνθρώπων,
998 711 1275 783 προσώπῳ
1338 713 1431 766 τοῦ
1490 715 1680 781 γένους
1734 711 1843 766 τῶν

242 806 551 877 ἀτιθρὼπων
608 807 878 877 ἀνεϐόησε
910 804 1010 876 τὴν
1064 805 1405 877 δηλωθιῖσαν
1462 806 1671 875 φωνήν.
1704 804 1844 874 Φησὶ

240 900 353 970 γὰρ
407 902 436 953 6
492 898 752 967 Θεολόγος
817 899 1117 970 Γρηγόριος
1190 900 1274 953 ὅτι
1329 901 1388 952 ἐν
1439 896 1620 967 ἑαυτῷ
1678 898 1844 949 τυποῖ

242 990 306 1043 16
339 991 629 1062 ἡμέτερον.
676 992 869 1061 Ἡμεῖς
892 984 1003 1060 γὰρ
1027 986 1170 1062 ἦμεν
1206 992 1253 1045 0i
1276 989 1840 1059 ὲγκαταλελειμμὲνοι

247 1083 341 1137 καὶ
381 1083 802 1151 παρεωραμένοι
836 1081 1122 1153 πρότερον,
1144 1078 1263 1135 εἶτα
1289 1082 1384 1135 νῦν
1426 1079 1843 1153 προσειλημμέ-

245 1192 327 1229 νοι
366 1175 460 1229 καὶ
490 1172 829 1244 σεσωσμένοι
860 1177 975 1238 τοῖς
1003 1174 1173 1255 αὑτρῦ
1210 1174 1434 1228 πάθεσι.

323 1266 490 1332 Τινὲς
546 1295 618 1308 -
672 1260 871 1331 οὗτος.
926 1266 1267 1337 Στρατιῶται
1344 1265 1439 1319 καὶ
1493 1259 1639 1319 οὗτοι
1699 1258 1840 1334 ἦσαν

254 1357 535 1426 Ῥωμαῖοι,
559 1359 660 1427 τὴν
707 1356 962 1426 Ἐϐραΐδι
999 1356 1182 1428 φωνὴν
1244 1358 1587 1425 ἀγνοοῦντες.

314 1448 427 1503 Καὶ
465 1448 1077 1514 εὐθέως-ἐπότιζεν
1132 1450 1343 1504 αὐτόν.
1400 1446 1620 1513 Παεζων
1678 1445 1838 1500 τοῦτο

242 1542 517 1612 πεποίηκε
572 1541 684 1613 (49)
723 1543 1061 1614 παρηγορῶν
1113 1542 1301 1611 δῆθεν,
1335 1539 1521 1604 καθὼς
1552 1541 1646 1593 καὶ
1676 1541 1704 1593 6
1732 1539 1838 1609 πρὸ

242 1630 433 1697 αὑτοῦ,
478 1632 511 1702 ἢ
544 1634 635 1684 καὶ
664 1632 748 1684 ἵνα
777 1633 811 1702 ἡ
846 1632 1112 1702 δριμύτης
1170 1631 1266 1685 τοῦ
1326 1630 1483 1696 ὄξους
1545 1628 1836 1700 προσθήκη

239 1724 471 1792 γένηται
506 1723 605 1792 τῆς
635 1721 856 1791 ὀδύνης.

315 1816 471 1867 οι-
500 1816 706 1867 αὐτόν.
740 1814 969 1883 Μάρκος
1000 1812 1057 1867 δέ
1083 1831 1250 1884 φησιν
1284 1815 1367 1868 ὅτι
1398 1813 1561 1878 αὐτὸς
1590 1813 1779 1883 ἔλεγε-ι
1811 1828 1828 1846 ·

241 1905 467 1972 Ἄφετε,
489 1903 727 1972 ἴδωμεν,
747 1904 1050 1975 διέρχεται
1091 1906 1299 1973 Ἠλίας
1323 1906 1602 1962 καθελεῖν
1624 1906 1833 1962 αὐτόν.

236 1995 401 2061 Εἰκὸς
423 1996 479 2049 δὲ
507 1996 662 2049 τοῦτο
690 1996 874 2066 λέγειν
908 1998 1200 2064 κὰιεενους
1235 2005 1331 2053 καὶ
1362 1999 1578 2053 τοῦτον.

324 2178 381 2230 '0
412 2178 482 2233 δὲ
514 2179 760 2247 Ἰησοῦς
792 2210 861 2221 -
894 2180 1154 2250 πνεῦμα.
1202 2181 1299 2245 Τίς
1334 2181 1391 2235 δὲ
1442 2176 1510 2253 ἦν
1566 2184 1599 2251 ἡ
1655 2180 1831 2253 φωνὴ,

240 2271 513 2343 ἐδήλωσεν
539 2274 569 2326 6
603 2273 843 2334 Λουκᾶς,
870 2273 955 2325 ὅτι
980 2274 1196 2341 Πάτερ,
1215 2275 1304 2339 εις
1333 2272 1537 2342 χεῖράς
1566 2289 1684 2327 σου
1717 2282 1833 2325 πα-

234 2364 576 2435 ραθήσομαι
605 2365 673 2419 τὸ
706 2364 946 2435 πνεῦμά
968 2383 1110 2436 μου.
1140 2366 1383 2435 Ἐκραξε
1405 2366 1460 2419 δὲ
1486 2368 1638 2436 φωνῇ
1662 2364 1835 2435 μεγά-

238 2454 328 2527 λῃ,
360 2454 449 2510 ῐνα
490 2454 692 2517 πάντες
743 2454 1042 2521 ἀκούσωσι,
1076 2456 1170 2508 καὶ
1224 2457 1429 2518 πάντες
1495 2456 1711 2509 εἰδῶσιν
1750 2454 1834 2508 ὄτι

242 2545 409 2617 μέχρι
448 2549 552 2615 τῆς
588 2545 911 2609 τελευταίας
954 2546 1105 2617 ὥρας
1166 2546 1382 2618 πατέρα
1414 2547 1507 2599 τὸν
1540 2547 1676 2602 Θεὸν
1718 2548 1836 2599 ὀνο-

242 2638 430 2708 μάζει,
457 2639 554 2691 καὶ
587 2638 738 2709 αὐτῷ
762 2638 824 2692 16
876 2641 985 2694 πᾶν
1010 2624 1013 2627 ’
1042 2639 1357 2710 ἀνατίθησι,
1389 2641 1485 2694 καὶ
1538 2642 1641 2694 οὒκ
1690 2640 1835 2693 ἔστιν

238 2731 519 2790 ἀντίθεος·
549 2730 631 2783 ἔτι
681 2732 739 2785 δὲ
789 2734 884 2785 καὶ
936 2732 1023 2784 ἵνα
1060 2732 1306 2799 μάθωσιν
1369 2732 1452 2785 ὅτι
1513 2733 1634 2785 κατ’
1684 2733 1837 2797 ἐξου-

243 2821 511 2888 σίαν,ὃττ
565 2820 858 2892 ἠθέλησεν,
904 2821 1270 2889 ἀποθνήσκει.
1339 2820 1470 2873 Ὀτε
1521 2823 1630 2892 γὰρ
1683 2817 1835 2875 εἶπεν

238 2913 327 2967 ὅτι
358 2911 572 2979 Πάτερ,
590 2914 678 2978 εις
695 2912 900 2981 χεῖράς
917 2928 1033 2967 σου
1052 2913 1481 2983 παραθήσομαι
1502 2914 1570 2968 τὸ
1594 2913 1837 2982 πνεῦμά

236 3025 381 3077 μου,
408 3009 529 3061 τότε
565 3008 756 3061 λοιπὸν
784 3006 862 3079 τῷ
915 3008 1135 3079 θανάτῳ
1174 3010 1544 3081 παρεχώρησε
1594 3009 1835 3081 προσέρ-

242 3100 436 3170 χεσθαι
465 3100 534 3153 αὖ
546 3099 637 3170 τῷ.

316 3194 433 3259 Οὐκ
460 3190 581 3246 εἷπε
617 3192 673 3246 δὲ
729 3194 813 3246 ὅτι
860 3194 1240 3265 Παρατίθημι,
1287 3194 1512 3249 ἀλλ’ὅτι
1564 3195 1838 3264 Παραθή-

239 3289 450 3355 (rapat,
474 3285 648 3353 δηλῶν
702 3286 784 3340 ὅτι
815 3287 955 3357 μετὰ
1013 3288 1210 3357 μικρὸν
1262 3288 1574 3341 ὲκπνεύσει.
1603 3290 1682 3341 Τὰ
1728 3290 1836 3358 γὰρ
1863 3321 1917 3380 D

247 3381 389 3450 μετὰ
422 3380 522 3449 τὴν
561 3381 871 3450 εἰρημένην
908 3383 1161 3449 κραυγὴν
1204 3380 1552 3451 προσέθηκεν
1583 3383 1611 3433 6
1649 3382 1834 3435 Ἰωάν-

244 3471 451 3543 νης,ὡς
476 3472 572 3525 καὶ
588 3472 727 3525 αὐτὰ
747 3473 1235 3543 παραλελειμμένα
1262 3476 1372 3536 τοῖς
1392 3473 1593 3539 ἄλλοις,
1622 3473 1796 3543 λέγων
1818 3493 1833 3509 ο

242 3564 657 3632 Ειστήκεισαν
676 3562 745 3615 δὲ
794 3565 953 3631 παρὰ
988 3564 1068 3629 τῷ
1114 3567 1359 3632 σταυρῷ
1409 3567 1517 3621 τοῦ
1554 3567 1764 3635 Ἰησοῦ
1796 3570 1834 3637 ιή

244 3654 459 3724 Μήτηρ
492 3652 707 3722 αὑτοῦ,
741 3655 831 3706 καὶ
860 3656 925 3707 τὰ
952 3653 1099 3723 ἑξῆς.
1127 3655 1313 3709 Εἰπὼν
1338 3657 1413 3721 δὲ,
1437 3657 1554 3721 πῶς
1568 3659 1837 3727 παρέθετο

242 3750 345 3818 την
371 3747 750 3817 ἠγαπημένην
776 3747 1008 3818 Μητέρα
1062 3750 1155 3802 καὶ
1197 3750 1467 3821 παρθένον
1492 3752 1570 3821 τῷ
1616 3754 1837 3823 ἠγαπη-

250 3840 401 3910 μένῳ
429 3838 648 3909 μαθητῇ
690 3841 788 3892 καὶ
818 3841 1096 3911 παρθένῳ,
1149 3842 1243 3895 καὶ
1300 3841 1416 3907 πῶς
1450 3844 1684 3913 διψήσας
1718 3845 1838 3899 ἔπιε

245 3934 310 3987 τὸ
337 3933 477 3998 ὄξος,
502 3933 813 3985 τελευταῖόν
848 3950 1014 4003 φησιν
1036 3951 1049 3965 ⁸
1093 3934 1218 3991 "0:5
1253 3932 1346 3989 οὖν
1379 3936 1537 3990 ελαὸε
1573 3940 1632 3990 16
1662 3938 1781 4002 ὅξος
1812 3940 1840 3990 6

258 4022 488 4095 Ἰησοῦς,
543 4020 692 4076 εἷπε.
731 4023 1117 4078 Τετέλεσταιο
1152 4025 1246 4079 καὶ
1282 4027 1470 4089 κλίνας
1517 4030 1616 4097 τὴν
1666 4046 1839 4095 κεφα-
1882 4039 1887 4043 ·

244 4114 365 4184 λὴν,
394 4113 681 4183 παρέδωκε
712 4114 771 4166 16
804 4115 1042 4185 πνεῦμα.
1070 4117 1207 4186 Περὶ
1248 4110 1323 4169 ὧν
1370 4118 1631 4171 ἁπάντων
1668 4119 1840 4191 ζήτηο

251 4224 345 4263 σον
375 4209 432 4259 ὲν
462 4206 539 4276 τῷ
578 4207 718 4261 κατὰ
762 4208 1016 4277 Ἰωάννην
1048 4211 1389 4282 Εὑαγγελίῳ.

324 4301 434 4355 Καὶ
465 4301 597 4356 ἰδοὺ
627 4331 694 4341 -
732 4302 1143 4371 ἐσχίσθησαν.
1181 4303 1475 4376 [Ἐσχίσθη
1518 4306 1631 4377 (5i)
1661 4308 1722 4360 16
1744 4309 1841 4361 κά-

246 4394 441 4465 λυμμα
472 4394 566 4446 τοῦ
591 4393 848 4457 ναοῦ,καὶ
882 4394 1237 4468 ἀνεκαλύφθη
1267 4398 1334 4449 τὰ
1367 4398 1842 4470 ὑποκεκρυμμένα

248 4488 426 4552 τούτῳ
471 4486 582 4558 (52)
615 4490 915 4559 μυστήρια.
954 4489 1203 4560 Ἐρῤάγη
1237 4491 1305 4543 τὰ
1340 4491 1434 4544 τοῦ
1484 4493 1841 4562 γράμματος,

249 4581 346 4633 καὶ
378 4579 552 4649 ἐφάνη
584 4580 653 4633 τὰ
685 4580 780 4633 τοῦ
835 4580 1173 4651 πνεύματος.
1203 4581 1302 4655 ’Ὴ]
1338 4585 1365 4637 6
1408 4584 1507 4652 μὲν
1549 4585 1700 4655 ἥλιος
1734 4588 1844 4655 ὴμ-

1947 711 2113 766 nibus
2171 713 2414 767 moriens
2462 714 2519 767 in
2575 727 2807 783 persona
2869 711 3091 783 generis
3124 710 3349 765 humani
3388 710 3533 774 dii-ta

1945 800 2206 857 clamavit
2260 816 2415 856 voce.
2466 801 2555 884 Ait
2623 802 2772 855 enim
2821 800 3120 873 Gregorius
3197 799 3533 869 Tlieologus.

1945 894 2089 963 quod
2122 894 2175 947 in
2205 894 2390 963 seipso
2431 894 2627 965 ﬁgurat
2680 894 2827 964 quod
2874 904 3125 949 nostrum
3154 902 3278 958 est;
3334 906 3435 945 nos
3461 889 3534 945 si-

1944 985 2164 1056 quidem
2184 987 2423 1055 primum
2446 984 2693 1039 derelicti
2711 1000 2934 1039 eramus
2953 999 3017 1039 ac
3044 980 3312 1053 despecti,
3339 979 3536 1035 deinde

1944 1094 2094 1132 nunc
2136 1078 2405 1148 assumpti
2442 1092 2520 1132 ac
2551 1078 2751 1153 servati
2798 1091 2990 1133 sumus
3029 1075 3181 1131 illius
3223 1072 3535 1128 adlictioni-

1941 1170 2067 1225 bus.

2014 1261 2175 1317 Vers.
2193 1263 2281 1317 47.
2300 1260 2531 1327 Quidam
2553 1263 2757 1316 —iste.
2786 1260 2982 1316 Milites
3014 1260 3070 1317 hi
3095 1270 3257 1317 erant
3273 1258 3534 1326 Romani,

1942 1368 2134 1409 vocem
2165 1353 2489 1409 lleltraicam
2523 1354 2857 1425 ignorantes.

2014 1445 2171 1501 Vers.
2226 1446 2319 1501 68.
2380 1445 2871 1516 Statimque—ut
2927 1446 3142 1499 biberet.
3196 1442 3314 1501 Hd’c
3363 1446 3528 1501 etiam

1940 1537 2138 1593 ludens
2170 1538 2299 1592 fecit
2332 1539 2398 1592 ad
2433 1537 2654 1592 modum
2676 1537 3017 1592 consolantis
3068 1537 3211 1591 sicut
3232 1545 3286 1591 et
3333 1550 3536 1606 praece-

1941 1628 2158 1695 dentes,
2206 1636 2302 1683 aut
2336 1628 2499 1683 etiam
2534 1637 2597 1682 ut
2650 1629 2790 1683 aceti
2820 1628 3093 1683 acerbitas
3140 1627 3347 1683 additio
3378 1626 3537 1683 ﬁeret

1943 1724 2020 1780 illi
2055 1722 2284 1777 doloris.

2018 1814 2173 1869 Vers.
2198 1814 2290 1869 69.
2350 1812 2544 1868 Carteri
2562 1842 2632 1852 —
2657 1829 2796 1867 cum.
2844 1811 3061 1867 Marcus
3116 1826 3246 1867 vero
3269 1812 3363 1876 ait,
3386 1812 3536 1881 quod

1942 1908 2049 1962 hoc
2089 1905 2288 1961 dixerit
2321 1921 2335 1958 :
2368 1902 2558 1969 Sinite,
2628 1904 2899 1957 videamus
2927 1920 2998 1957 an
3031 1904 3207 1958 veniat
3267 1902 3420 1957 Elias
3462 1903 3534 1955 ad

1860 1982 1909 2043 Β
1936 1999 2305 2068 deponendum
2349 2014 2490 2051 cum.
2540 1995 2847 2053 Verisimile
2892 2011 2952 2051 es
3017 2005 3200 2052 autem
3223 2006 3274 2052 et
3302 1996 3450 2051 hunc
3481 2004 3537 2051 et

1938 2093 2064 2147 illos
2083 2093 2187 2146 hoc
2218 2091 2443 2145 dixisse.

2008 2183 2166 2239 Vers.
2228 2183 2318 2238 50.
2362 2181 2519 2237 Iesus
2576 2183 3131 2252 autem—spiritum.
3167 2181 3300 2259 Quae
3348 2188 3531 2234 autem

1940 2274 2103 2329 fuerit
2130 2290 2255 2338 vos,
2283 2273 2611 2344 signiﬁcavit
2654 2272 2851 2338 Lucas,
2881 2272 3139 2328 videlicet
3175 2288 3190 2326 :
3225 2270 3411 2334 Pater,
3476 2270 3533 2322 in

1939 2382 2131 2418 manus
2167 2375 2292 2419 tuas
2325 2364 2704 2418 commendabo
2732 2364 2982 2434 spiritum
3014 2379 3187 2416 meum
3222 2361 3288 2416 ‘°.
3316 2360 3536 2416 Clama-

1940 2458 2012 2511 vil
2048 2468 2231 2511 autem
2264 2472 2394 2513 voce
2426 2471 2645 2526 magna,
2682 2465 2751 2510 ut
2796 2470 2991 2510 omnes
3039 2453 3348 2516 audierent,
3412 2466 3535 2505 om-

1940 2564 2149 2617 nesque
2173 2548 2400 2613 scirent,
2427 2547 2577 2617 quod
2615 2548 2681 2601 ad
2717 2554 3027 2601 extremum
3063 2558 3238 2614 usque
3268 2542 3531 2612 spiritum

1941 2639 2159 2695 Patrem
2195 2640 2367 2693 Deum
2389 2640 2708 2709 appellaret,
2739 2638 2996 2692 universa
3024 2637 3076 2690 in
3117 2652 3185 2690 eo
3215 2643 3531 2705 reponeret.
3637 2688 3641 2693 ,

1943 2743 2045 2783 nec
2068 2737 2244 2783 essset
2275 2728 2325 2781 ei
2368 2729 2681 2782 contrarius
2708 2745 2720 2782 :
2762 2743 2935 2796 usque
2972 2724 3415 2794 discerentquod
3436 2739 3537 2776 sua

1942 2828 2215 2888 potestate
2253 2819 2476 2887 quando
2517 2819 2690 2872 voluit
2730 2828 2983 2872 mortuus
3043 2825 3148 2871 est.
3195 2814 3330 2870 Cum
3381 2816 3530 2868 enim

1941 2912 2079 2967 dixit
2108 2928 2121 2964 :
2156 2911 2344 2976 Pater,
2414 2912 2465 2963 in
2499 2917 2687 2965 manu}
2736 2921 2855 2965 tuas
2879 2909 3260 2964 commendabo
3285 2908 3535 2977 spiritum

1942 3018 2137 3065 meum,
2171 3012 2301 3056 tunc
2330 3002 2553 3057 demum
2592 3003 2753 3056 morti
2787 3000 3057 3071 permisit,
3092 3007 3149 3053 ut
3186 2999 3253 3053 ad
3283 3014 3342 3053 se
3373 3013 3537 3053 accc-

1943 3094 2121 3150 deret.

2005 3292 2133 3367 .Non
2171 3302 2354 3346 autem
2381 3291 2537 3355 dixit,
2572 3291 2933 3356 Commendo,
2986 3292 3082 3345 sed
3121 3289 3535 3353 Commendabo,

1944 3383 2263 3455 signiﬁcans
2296 3385 2440 3453 quod
2483 3384 2646 3453 paulo
2688 3392 2812 3454 post
2840 3384 3223 3453 exspiraturus
3247 3382 3339 3436 sit.
3381 3379 3540 3436 Unde

1941 3485 1997 3528 et
2049 3472 2323 3540 Joannes,
2384 3492 2505 3544 qua:
2567 3485 2689 3543 post
2742 3474 2941 3529 dictum
2978 3489 3165 3528 vocem
3230 3473 3372 3527 facta
3415 3479 3544 3526 sunt

1942 3566 2130 3627 refert,
2168 3576 2425 3635 tanquam
2457 3567 2621 3620 etiam
2651 3566 2720 3619 ab
2743 3567 2865 3620 aliis
2896 3567 3266 3635 pra‘termissa
3303 3564 3497 3618 dicens
3524 3579 3539 3622 :

1942 3659 2133 3713 Stabat
2162 3669 2338 3711 autem
2361 3659 2521 3727 juxta
2551 3676 2759 3712 crucem
2784 3656 2912 3712 Iesu
2962 3657 3139 3711 Mater
3194 3657 3308 3724 ejus
3332 3656 3399 3720 ",
3433 3667 3541 3712 etc.

1942 3748 2045 3804 Ubi
2104 3759 2285 3803 autem
2341 3750 2500 3813 dixit,
2571 3750 2847 3819 quomodo
2895 3751 3151 3804 dilectam
3183 3749 3409 3802 Matrem
3476 3763 3540 3801 ac

1942 3840 2223 3912 Virginem
2264 3842 2467 3895 dilecto
2505 3841 2977 3897 commendaverit
3022 3841 3292 3909 discipulo
3327 3856 3392 3894 ac
3429 3841 3543 3892 vir-

1943 3934 2079 4003 gini,
2111 3942 2167 3988 et
2194 3933 2470 4002 quomodo
2500 3933 2708 3987 sitienti
2744 3934 2931 3987 datum
2968 3935 3275 3989 sitacetum
3336 3934 3402 3988 ad
3445 3948 3544 4003 po-

1942 4029 2169 4083 tandutn
2204 4044 2220 4093 ',
2260 4029 2476 4081 tandem
2508 4028 2618 4080 ait:
2654 4024 3090 4083 Consummatum
3148 4029 3313 4091 est",
3358 4036 3412 4081 et
3459 4026 3546 4079 in-

1945 4124 2148 4176 cliuato
2187 4122 2364 4189 capite
2397 4120 2622 4175 tradidit
2648 4119 2925 4189 spiritum,
2951 4120 3019 4174 de
3053 4121 3252 4189 quibus
3285 4120 3543 4173 omnibus

1946 4231 2130 4284 qumre
2159 4214 2211 4266 in
2248 4214 2537 4282 Evangelia
2560 4212 2862 4267 secundum
2886 4213 3184 4268 Joannem.

2020 4308 2175 4361 Vers.
2209 4306 2299 4360 51.
2328 4305 2392 4359 Et
2425 4322 2539 4359 ecce
2568 4335 2635 4345 —-
2669 4308 2847 4360 scissa:
2871 4316 3014 4360 sunt.
3049 4306 3147 4376 (ﬁ-
3180 4307 3425 4360 Seissum
3461 4314 3546 4359 est

1946 4400 2316 4455 velamentum
2356 4399 2543 4468 templi
2574 4412 2626 4452 et
2669 4399 2909 4453 revelata
2979 4409 3109 4452 sunt
3151 4408 3291 4452 tecta
3331 4397 3432 4451 sub
3477 4410 3544 4448 eo

1949 4492 2232 4564 mysteria.
2268 4493 2448 4559 Rupta
2479 4501 2609 4546 sunt
2640 4507 2702 4545 ea
2736 4507 2856 4561 qum
2882 4500 3042 4545 erant
3069 4492 3320 4560 ,litterae,
3379 4504 3548 4559 appa-

1953 4596 2192 4641 ruerunt
2222 4603 2305 4652 ea,
2342 4602 2461 4655 quin
2523 4597 2654 4639 sunt
2695 4586 2942 4654 spiritus.
3001 4587 3131 4655 Aut)
3187 4583 3266 4640 sol
3324 4582 3545 4651 quidem

251 4669 478 4741 φιέσατο
533 4671 745 4734 σκότος,
769 4673 796 4724 6
826 4671 882 4724 δὲ
930 4673 1058 4735 ναὸς
1102 4673 1288 4745 ἔσχισε
1321 4674 1381 4727 τὸ
1421 4677 1841 4748 καταπέτασμα,

1956 4680 2197 4735 tenebris
2255 4679 2483 4733 indutus
2552 4687 2657 4741 est,
2708 4678 2972 4747 templum
3009 4692 3140 4730 vero
3164 4675 3328 4730 scidit
3363 4673 3543 4728 velum

248 4761 535 4830 δηλοῦντες
583 4763 665 4814 ὅτι
704 4764 990 4817 πενθοῦσιν
1039 4766 1134 4819 ἐπὶ
1169 4766 1246 4836 τῷ
1298 4770 1597 4841 παραλόγῳ
1657 4771 1836 4842 τούτῳ

1956 4791 2127 4833 suum,
2160 4773 2526 4845 signiﬁcando
2550 4772 2695 4841 quod
2724 4781 2950 4841 prepter
2972 4771 3272 4825 absurdum
3312 4782 3376 4822 ac
3402 4767 3544 4820 irra-

254 4856 507 4925 θεάματι.
531 4854 881 4911 Πενθούντων
918 4859 1026 4927 γάρ
1056 4859 1200 4923 ἐστι,
1223 4862 1319 4914 καὶ
1348 4862 1408 4914 τὸ
1438 4863 1703 4933 ῥηγνύειν
1743 4866 1843 4938 τὴν

1956 4865 2208 4922 Lionabile
2243 4864 2317 4937 (g)
2340 4864 2718 4934 spectaculum
2743 4864 2958 4934 lugeret
2987 4878 3001 4927 ;
3056 4862 3356 4930 lugentium
3392 4859 3540 4912 enim

253 4947 481 5016 ἐσθῆτα,
520 4948 614 5000 καὶ
654 4948 714 5000 τὸ
751 4948 1130 5017 περιτίθεσθαι
1168 4951 1361 5021 στολὴν
1413 4953 1695 5023 μέλαιναν.
1728 4958 1841 5028 Τῆς

1956 4970 2026 5015 est
2078 4967 2282 5014 vestem
2334 4958 2611 5017 scindere,
2656 4956 2919 5027 nigraque
2972 4954 3128 5009 indui
3188 4954 3352 5008 stola;
3427 4950 3537 5003 Per

253 5043 310 5097 δὲ
368 5043 472 5111 γῆς
527 5042 862 5113 σεισθείσης,
916 5042 1012 5099 καὶ
1065 5044 1175 5098 τῶν
1212 5046 1432 5118 πετρῶν
1487 5050 1837 5120 σχισθεισῶν,

1956 5067 2149 5109 .erram
2179 5060 2362 5106 autem
2426 5058 2656 5114 motam,
2686 5059 2980 5120 petrasque
3042 5048 3241 5102 scissas
3301 5042 3546 5099 ostendit

358 5204 405 5241 ι’
434 5202 603 5259 Marc.
650 5218 742 5270 xv,
783 5202 875 5259 36.
992 5206 1037 5239 ‘°
1068 5206 1203 5265 Luc.
1236 5224 1390 5278 mu,
1416 5211 1506 5266 46.

1618 5212 1663 5243 ⁶¹
1701 5212 1861 5269 Joan.
1884 5230 1997 5280 ιικ,
2029 5214 2121 5269 25.
2236 5214 2282 5246 ⁸⁸
2311 5213 2447 5270 ibid.
2474 5213 2566 5269 50.

1573 5368 1776 5432 Varius
1806 5371 2143 5436 lectiones.

260 5552 446 5694 legi?)
478 5554 801 5614 Addiderim
833 5557 932 5625 ὦῖο
963 5559 1143 5629 Alque
1172 5560 1247 5615 ita
1278 5559 1515 5617 fortasse
1540 5560 1848 5618 Hentenius

328 5695 439 5767 (50)
474 5694 719 5770 lntellige
762 5720 776 5757 :
813 5700 873 5757 Ὀ
904 5702 1274 5774 προσδραμὼν
1302 5705 1391 5757 καὶ
1429 5704 1675 5769 ποτισας.

2002 5562 2142 5644 ,(51)
2173 5560 2387 5617 Inclusa
2426 5559 2480 5614 in
2509 5574 2681 5630 marg.
2714 5558 2902 5616 habet.
2936 5561 3000 5614 Α.
3037 5557 3308 5616 Omiserat
3342 5553 3547 5610 ﬂente-

1957 5649 2107 5687 mus.

2035 5703 2483 5775 (52)Μυστηρίῳ.
2514 5700 2576 5759 Β.

260 5858 334 5927 (g)
406 5858 701 5913 Absurdum
736 5877 798 5914 ac
849 5860 1237 5915 irrationabile.
1282 5858 1338 5913 In
1418 5860 1605 5916 (ἔπεςο
1652 5876 1821 5915 unum
1935 5877 2083 5923 men,
2133 5863 2490 5930 inusitatum,
2538 5862 2878 5926 inauditum,
2931 5858 3286 5929 stupendum,
3330 5855 3549 5911 horrcn-

258 5940 339 5982 est
380 5931 703 6001 vocabulum
746 5931 1063 6001 παραλόγῳ.
1120 5930 1436 6001 Ιιαράλογον
1460 5947 1592 5986 sane
1638 5942 1723 5986 est
1778 5932 1831 5985 id

1956 5942 2012 5987 tu
2022 5951 2068 5986 m
2080 5973 2091 5987 .

258 6000 404 6068 quod
434 5998 491 6053 ﬁt
528 6000 676 6074 παρὰ
704 5998 884 6071 λόγον,
934 5998 1116 6059 contra
1178 5998 1459 6059 rationem.
1505 6002 1686 6058 Malim
1763 6012 1841 6063 ta-
