4032 6508
468 472 581 541 739

1728 453 2114 520 EUTH"UII
2149 447 2514 513 ZIGABENI

3649 439 3757 501 740

474 594 570 649 lis.
610 588 749 647 Nam
802 586 986 643 multae
1031 585 1168 639 tales
1192 581 1390 639 similis
1444 588 1605 636 erant
1637 578 1879 635 nominis
1923 573 2071 647 apud

2208 568 2374 639 ητῶν.
2409 563 2612 622 nam
2651 561 2759 634 γὰρ
2807 561 3123 633 ὁμωνυμιαι
3175 558 3426 614 τοιαῦται
3457 556 3611 629 παρὰ
3644 562 3757 622 τοῖς

470 685 717 743 ιιιάωοε.

556 774 865 832 Verisimile
911 780 997 829 est
1036 779 1226 827 autem
1265 777 1400 827 tunc
1444 770 1541 827 Dei
1577 769 1806 824 Matrem
1840 763 2072 837 propin-

2186 662 2489 718 Ἰουδαίοις.

2366 664 2381 715 ί
2473 701 2489 718 .

2205 664 2500 818 ιοέξιῗδέιέὲ
2532 751 2654 805 τότε
2700 749 2800 821 μὲν
2839 748 2939 820 τὴν
2979 746 3251 802 Θεοτόκον
3290 745 3579 815 ἐγγυτέρω
3611 745 3761 812 παρὰ

476 874 639 942 quius
664 869 814 925 cruci
845 868 1089 923 astitisse
1125 882 1288 937 quam
1306 875 1537 922 caeteras
1561 865 1821 921 mulieres
1844 834 1869 915 ἐ
1902 858 2072 928 idque

2213 847 2273 912 ὰς
2303 846 2471 909 ἄλλας
2524 843 2783 897 ἵστασθαι
2829 840 3119 908 γυναῖκας,
3146 837 3247 909 τῆς
3297 835 3612 906 φλεγμονῆς
3658 834 3763 887 τῶν

476 963 746 1016 viscerum
789 957 1221 1013 inﬂammatione
1250 956 1325 1026 (k)
1360 956 1675 1013 Judasorum
1726 952 1983 1007 vincente
2005 949 2075 1003 ti-

478 1068 687 1108 morem
724 1070 739 1106 :
774 1050 1026 1105 lortassis
1046 1064 1177 1105 vero
1202 1049 1365 1105 etiam
1402 1046 1744 1109 circumisse,
1778 1059 1906 1099 cum
1943 1057 2075 1113 pro-

479 1155 597 1215 pter
630 1154 840 1199 naturte
887 1144 1112 1198 aculeos
1143 1144 1211 1214 (Ι)
1258 1147 1311 1197 in
1337 1142 1528 1197 eodem
1562 1141 1687 1194 loco
1708 1153 1935 1193 manere
1965 1149 2076 1189 non

476 1245 710 1309 posset:
761 1238 1116 1308 postmodum
1198 1245 1386 1291 autem
1450 1233 1595 1305 apud
1648 1238 2077 1288 monumentum

484 1330 759 1385 mansisse
795 1338 850 1384 et
875 1329 1092 1398 singula
1128 1328 1504 1398 conspexisse.

550 1419 708 1485 Quod
732 1420 778 1473 si
814 1419 918 1473 hoc
951 1419 1268 1487 recipimus,
1300 1417 1656 1488 qua‘rendum
1679 1424 1783 1484 est,
1805 1412 2081 1485 quomodo

484 1510 663 1585 ipsius
709 1525 818 1563 non
866 1508 1240 1562 meminerunt
1270 1507 1662 1579 Evangelistaei
1714 1504 1849 1572 Quia
1907 1502 1975 1557 de
2018 1516 2083 1555 ea

482 1613 678 1658 notum
712 1609 854 1663 erat,
906 1600 1054 1671 quod
1099 1600 1364 1665 adiuerit,
1411 1608 1476 1661 et.
1506 1614 1629 1670 qua:
1674 1606 1910 1652 matrum
1956 1599 2084 1648 sunt

486 1693 976 1749 demonstraverit.
1012 1690 1250 1761 Ideoque
1276 1704 1455 1759 neque
1492 1688 1771 1758 planctum
1799 1687 1916 1757 ejus
1950 1684 2086 1738 scri-

486 1794 723 1856 pserunt
760 1803 775 1838 :
807 1783 1027 1839 abunde
1056 1783 1201 1838 enim
1226 1781 1609 1837 satisfecerunt
1639 1778 2082 1850 pronuntiantes,

2181 938 2510 1009 σπλάγχνων
2545 933 2788 1005 νικώσης
2834 932 2926 985 τὸν
2960 930 3127 1002 φόϐον
3156 930 3265 983 τῶν
3300 927 3601 983 Ἰουδαίων·
3638 926 3765 988 ἴσω,

2179 1032 2235 1085 δὲ
2262 1031 2357 1085 καὶ⁵
2410 1026 2833 1099 περιέρχεσθαι,
2875 1024 2949 1095 μὴ
2979 1023 3290 1093 δυναμένην
3328 1022 3413 1090 ἐφ’
3449 1019 3569 1083 ἑνὸς
3602 1020 3767 1072 τόπου

2184 1124 2369 1195 μένειν
2408 1120 2497 1175 διὰ
2518 1119 2587 1173 τὰ
2605 1119 2807 1189 κέντρα
2837 1116 2936 1186 τῆς
2962 1113 3177 1184 φύσεως
3216 1129 3232 1144 ·
3266 1112 3492 1182 ὕστερον
3514 1110 3572 1163 δὲ
3599 1125 3768 1179 παρα-

2184 1215 2371 1288 μὲνειν
2405 1213 2485 1285 τῷ
2508 1210 2786 1284 μνημείῳ.
2820 1210 2916 1264 καὶ
2944 1208 3078 1279 ὁρᾷν
3109 1207 3342 1260 ἕκαστα.

2257 1398 2371 1452 Καὶ
2399 1398 2447 1451 εἰ
2485 1395 2645 1450 τοῦτο
2668 1391 2960 1464 δεξόμεθα,
3001 1390 3291 1461 ζητητέον,
3326 1388 3443 1452 πῶς
3465 1388 3569 1442 οὐκ
3599 1387 3775 1458 ἐμνη-

2188 1493 2461 1563 μόνευσαν
2511 1491 2683 1559 αὐτῆς
2709 1489 2759 1541 οἱ
2791 1482 3227 1553 εὐαγγελισταίς
3281 1482 3428 1535 Διότι
3498 1480 3777 1551 γνώριμον

2184 1580 2254 1656 ἦν
2294 1584 2423 1655 περὶ
2489 1583 2663 1653 αὐτῆς
2710 1581 2794 1635 ὃτι
2860 1580 3082 1642 πάντως
3140 1577 3348 1648 παρῆν,
3408 1578 3503 1630 καὶ
3552 1576 3628 1629 τὰ
3675 1594 3781 1644 μη-

2185 1680 2361 1750 τέρων
2416 1678 2794 1731 ἐπεδείκνυτο.
2859 1675 2959 1728 Διὰ
3019 1674 3179 1728 τοῦτο
3241 1675 3351 1741 γὰρ
3408 1672 3533 1725 οὐδὲ
3585 1671 3782 1739 θρῆνον

2187 1774 2357 1840 αὐτῆς
2412 1773 2733 1843 ἱστόρησαν.
2803 1769 3092 1839 Ἐφθασαν
3153 1767 3265 1836 γὰρ
3351 1764 3784 1832 ἀπαγγείλαντες

488 1853 635 1948 quod
665 1877 836 1931 lilium
880 1876 1173 1931 docentem
1229 1874 1587 1944 sequebatur.
1637 1869 1868 1941 Oportet
1901 1880 2083 1922 autem

2208 1868 2273 1919 in
2307 1864 2600 1934 ἠκολούθει
2635 1862 2747 1935 (61)
2797 1861 2874 1933 τῷ
2907 1860 3013 1931 υἱῷ
3044 1859 3375 1913 διδάσκοντι.
3422 1855 3544 1926 Χρὴ
3576 1853 3657 1915 δὲ,
3693 1854 3784 1903 καὶ

490 1938 547 2025 et
578 1969 683 2024 hoc
708 1976 765 2022 et
796 1968 925 2021 illud
961 1966 1124 2032 scire,
1177 1938 1437 2036 quodque
1472 1938 1702 2019 natura}.
1745 1959 2088 2019 conformius

2208 1958 2360 2014 τοῦτο
2413 1961 2640 2014 κάκεῖνο
2691 1956 3011 2023 γινώσκειν,
3073 1954 3167 2007 xui.
3222 1952 3284 2005 τὸ
3342 1949 3785 2020 προσφιλέστερον

490 2069 574 2115 est
609 2059 908 2128 suscipere.

2208 2051 2590 2122 ὶποδέχεσθαι.

560 2151 776 2208 Marcus
805 2166 933 2207 vero
960 2151 1037 2206 ait
1070 2168 1085 2206 :
1116 2149 1287 2205 Erant
1319 2157 1497 2204 autem
1524 2158 1571 2202 et
1604 2147 1854 2202 mulieres
1886 2147 2091 2200 eminus

2272 2145 2505 2216 Μάρκος
2531 2143 2589 2198 δέ
2624 2159 2792 2214 φησιν
2817 2161 2830 2171 ·
2883 2135 3090 2194 Ἦσαν
3112 2136 3181 2190 δὲ
3206 2134 3308 2189 καὶ
3337 2131 3621 2202 γυναῖκες
3668 2128 3787 2182 ἀπὸ

502 2244 820 2313 aspicientes
848 2245 915 2311 ",
959 2245 1099 2299 inter
1131 2256 1267 2314 quas
1295 2251 1414 2296 erat
1458 2239 1623 2295 Maria
1670 2239 2005 2311 Magdalene,
2038 2244 2096 2292 et

2208 2241 2502 2309 μακρόθεν
2531 2233 2881 2305 θεωροῦσαι,
2908 2235 2965 2285 ὲν
2999 2226 3085 2293 αἷς
3115 2226 3181 2300 ἦν
3214 2228 3310 2281 καὶ
3343 2226 3533 2295 Μαρία
3560 2225 3589 2293 ἡ
3625 2224 3787 2314 δίαγ-

490 2336 665 2391 Maria
690 2334 879 2391 Jacobi
916 2335 1077 2389 Parvi
1110 2313 1166 2389 et
1188 2332 1318 2388 Jose
1363 2344 1559 2397 mater,
1598 2342 1654 2386 et
1676 2331 1913 2387 Salome.
1944 2329 2096 2384 llanc

2208 2326 2430 2401 δαληνὴ,
2468 2329 2564 2382 καὶ
2608 2326 2799 2395 Μαρία
2832 2326 2863 2393 ἡ
2902 2321 2998 2375 τοῦ
3040 2318 3297 2375 Ἰακώϐου
3325 2316 3418 2369 τοῦ
3446 2313 3663 2385 Μικροῦ
3699 2314 3791 2367 καὶ

492 2440 679 2487 autem
720 2428 978 2485 Salomen
1035 2427 1257 2497 quidam
1302 2442 1422 2479 eam
1472 2440 1595 2479 esse
1629 2425 1908 2488 dixerunt,
1973 2438 2096 2492 qua:

490 2522 637 2593 apud
669 2518 982 2575 latthaeuin
1009 2516 1214 2573 dicitur
1250 2525 1423 2570 mater
1453 2513 1687 2570 ﬁliorum
1712 2510 1984 2568 Zebedaai.

606 2722 764 2780 CAP.
788 2721 1025 2778 LXVIII.
1056 2720 1133 2776 De
1170 2720 1422 2791 petitione
1449 2719 1686 2790 corporis
1712 2717 1954 2775 Domini.

568 2904 731 2961 νει-ε.
753 2904 848 2960 57.
878 2902 1014 2959 Cum
1051 2918 1169 2958 sero
1218 2911 1398 2957 autem
1454 2904 1654 2974 factum
1705 2908 1838 2953 esset
1863 2894 2098 2952 —Jesu.

512 3001 760 3057 Joannes
796 3012 929 3053 vero
950 2996 1114 3051 etiam
1146 2995 1251 3050 alia
1275 2994 1521 3065 quaedam
1563 2992 1878 3063 priusquam
1902 2990 1968 3044 ad
2000 2990 2100 3043 ho-

498 3109 622 3148 rum
651 3090 941 3146 accederet
971 3089 1342 3142 narrationem
1379 3086 1602 3156 scripsit
1650 3086 1840 3140 dicens
1884 3102 1899 3139 ι
1929 3084 2101 3155 Igitur

494 3184 676 3239 Judai
706 3198 774 3236 ne
796 3189 1130 3235 remanerent
1157 3181 1214 3233 in
1250 3194 1403 3233 cruce
1426 3194 1651 3247 corpora
1684 3177 1942 3241 Sabbato,
1972 3178 2100 3243 quia

2214 2421 2377 2491 Ἰωσῆ
2407 2420 2614 2491 μήτηρ,
2647 2418 2744 2497 καὶ
2774 2414 3035 2486 Σαλώμη.
3095 2410 3319 2480 Ταύτην
3366 2408 3422 2461 δὲ
3454 2409 3552 2477 τὴν
3611 2407 3791 2459 Σαλώ-

2207 2529 2318 2583 μην
2371 2510 2517 2573 τινὲς
2591 2504 2748 2562 εῐπον
2815 2501 2963 2560 εἶναι
3016 2506 3114 2575 τὴν
3178 2504 3329 2574 παρὰ
3391 2499 3467 2571 τῷ
3526 2498 3792 2567 Ματζοίῳ

2208 2604 2476 2678 ῥηθεῖσαν
2519 2601 2736 2673 μητέρα
2764 2600 2876 2655 τῶν
2910 2599 3044 2653 υἱῶν
3074 2596 3387 2652 Ζεϐεδαίου.

2208 2718 2368 2773 ΚΕΦ.
2421 2715 2549 2771 ΗΞν.
2590 2714 2729 2785 Περὶ
2756 2713 2867 2783 τῆς
2894 2712 3195 2839 ξιτ-ήσεως
3222 2708 3329 2765 τοῦ
3368 2707 3643 2777 σώματος
3687 2704 3794 2759 τοῦ

2942 2800 3123 2839 noon.

2942 2800 3123 2839 ησου.

2294 2886 2507 2955 Ὀψίας
2537 2882 2607 2937 δὲ
2646 2826 2977 2951 γενομένηέ
3019 2907 3088 2919 -—
3144 2875 3369 2944 Ἰησοῦ.
3412 2873 3471 2928 '0
3510 2874 3566 2926 δὲ
3611 2871 3796 2925 Ἰωάν-

2208 2998 2306 3051 νης
2332 2980 2425 3034 καὶ
2449 2978 2606 3041 ἄλλα,
2640 2976 2745 3046 πρὸ
2777 2973 2870 3028 τοῦ
2898 2972 3073 3026 ἐλθεῖν
3112 2970 3329 3033 τοῦτον,
3383 2967 3690 3037 ἱστόρησεν,
3731 2966 3795 3018 οι

2208 3068 2324 3128 οὖν
2346 3070 2648 3137 Ἰουδαῖοι,
2681 3068 2880 3137 λέγων,
2909 3068 3009 3121 ἵνα
3029 3066 3116 3135 μὴ
3137 3067 3313 3134 μείνῃ
3358 3062 3455 3117 ἐπὶ
3478 3059 3585 3116 τοῦ
3612 3076 3795 3116 atav-

2202 3166 2317 3235 ροῦ
2338 3162 2673 3232 τὰσώματα
2709 3161 2779 3214 ἐν
2808 3159 2887 3225 τῷ
2923 3159 3220 3223 Σαϐϐάτῳ,
3277 3158 3377 3211 ἐπὶ
3429 3154 3793 3225 Παρασκευὴ

504 3274 802 3330 Parasceue
830 3280 947 3325 erat
980 3272 1048 3336 “,
1083 3278 1215 3333 etc.,
1275 3271 1342 3323 de
1370 3284 1593 3323 crurum
1654 3268 1929 3321 latronum
1968 3281 2096 3320 con-

2208 3255 2311 3329 ἦν,
2363 3255 2459 3309 καὶ
2512 3254 2581 3307 τὰ
2617 3252 2781 3322 ἑξῆς·
2821 3249 2949 3324 περι
3009 3267 3068 3302 τε
3128 3249 3226 3317 τῆς
3280 3248 3592 3312 κατεάξεως
3680 3247 3791 3299 τῶν

502 3364 791 3427 fractione,
828 3372 883 3417 et
910 3361 978 3417 de
1006 3359 1291 3431 apertione
1318 3358 1506 3415 lateris
1542 3356 1783 3412 Domini.
1814 3355 1974 3410 Hunc
1997 3372 2100 3410 au-

510 3467 619 3510 tem
649 3454 853 3524 Joseph
884 3451 1102 3506 Marcus
1130 3449 1423 3505 honestum
1456 3458 1770 3504 senatorem
1798 3448 2103 3518 scripsit",

505 3560 571 3601 ac
600 3552 1011 3615 exspectantem
1057 3556 1288 3613 regnum
1320 3539 1440 3595 Dei.
1497 3539 1803 3595 Honestum
1856 3540 2102 3611 quidem,

513 3647 707 3707 utpote
759 3650 978 3707 gravem
1036 3646 1090 3689 et
1142 3634 1455 3689 modestum
1508 3651 1522 3687 :
1582 3642 1895 3688 senatorem
1950 3648 2103 3695 vero,

504 3742 705 3797 nempe
771 3741 942 3781 unum
1003 3735 1325 3780 senatorum
1385 3723 1859 3779 civitatiszerant
1923 3732 2105 3777 autem

509 3830 798 3877 senatores
816 3817 1167 3881 decuriones,
1194 3815 1519 3881 consiliarii,
1549 3815 1889 3881 acomciales
1915 3816 2102 3869 curim.

514 3910 861 3981 Exspectans
906 3909 1038 3964 item
1090 3923 1318 3979 regnum
1352 3908 1467 3974 Dei,
1507 3910 1651 3979 quod
1681 3908 1934 3964 videlicet
1963 3910 2106 3963 circa

503 4004 806 4059 secundum
842 4001 1065 4056 Domini
1098 4002 1395 4056 adventum
1431 4001 1677 4055 futurum
1725 4011 1863 4056 erat.
1935 4000 2108 4054 Lucas

504 4102 689 4148 autem
745 4091 1156 4162 virumjuslum
1190 4098 1247 4145 et
1274 4091 1479 4147 bonum
1512 4106 1640 4146 eum
1702 4090 2103 4155 nominavit“,

506 4193 565 4240 et
592 4183 738 4254 quod
772 4198 880 4238 non
920 4192 1279 4238 consenserat
1319 4182 1554 4237 consilio
1583 4197 1648 4237 ac
1697 4181 1843 4236 iacto
1882 4180 2105 4236 Judan-

508 4294 633 4332 rum
663 4297 677 4332 :
712 4278 981 4332 oriundus
1010 4278 1077 4332 ab
1106 4277 1441 4331 Arimathaea
1486 4276 1708 4331 civitate
1763 4273 2103 4330 Judaaorum.

506 4366 748 4422 Joannes
776 4383 907 4423 vero
948 4366 1283 4435 discipulum
1328 4366 1548 4435 quidem
1599 4379 1725 4418 eum
1755 4362 1925 4417 fuisse
1975 4363 2108 4417 dicit

505 4460 637 4516 Jesu
658 4462 727 4527 7',
761 4461 1038 4517 occultum
1070 4474 1253 4513 autem
1286 4468 1508 4528 propter
1536 4467 1744 4511 metum
1768 4455 2105 4522 Judaeorum,

508 4568 565 4613 et
598 4566 718 4612 erat
747 4572 815 4611 ex
847 4554 1197 4626 septuaginta
1228 4552 1535 4622 discipulis.

587 4751 742 4806 V’ers.
773 4751 866 4805 58.
903 4749 1006 4803 Hic
1030 4780 1102 4792 -——
1143 4766 1331 4819 corpus
1358 4747 1507 4803 Jesu.
1562 4750 1639 4803 Eo
1661 4750 1805 4819 quod
1842 4750 1915 4805 illi
1946 4760 2110 4808 notus

512 4852 681 4897 esset.
741 4842 958 4896 Marcus
987 4856 1115 4896 vero
1138 4840 1273 4894 dicit
1298 4839 1441 4909 quod
1483 4848 1701 4909 sumpta
1735 4840 1964 4896 audacia
2023 4840 2110 4895 in-

516 4948 735 5005 gressus
788 4934 971 4988 estad
1002 4930 1260 4998 Pilatum,
1320 4940 1375 4986 et
1423 4930 1579 5001 petiit
1632 4947 1834 5004 corpus
1887 4934 2105 4991 Jesu".

620 5075 665 5108 “
701 5072 868 5129 Marc.
897 5090 989 5136 xv.
1022 5074 1113 5129 i0.

1226 5072 1271 5104 ⁶⁹
1295 5070 1454 5127 Joan.
1504 5086 1618 5140 xix,
1670 5072 1760 5127 51.

515 5144 560 5177 ⁷³
591 5144 761 5199 Marc.
790 5160 879 5211 xv,
918 5145 1009 5200 45.

1874 5058 1919 5107 ⁷⁸
1959 5076 2126 5135 Marc.
2170 5097 2261 5144 xv,
2315 5075 2404 5132 45.

2212 3350 2425 3404 σκελῶν
2482 3349 2597 3402 τῶν
2655 3345 2896 3420 λῃστῶν,
2972 3343 3069 3396 καὶ
3139 3341 3406 3411 περὶτῆς
3456 3342 3661 3405 νύξεως
3697 3341 3799 3409 τῆς

2208 3444 2453 3513 πλευρᾶς
2490 3440 2584 3494 τοῦ
2617 3440 2848 3509 Κυρίου.
2887 3437 3092 3489 Τοῦτον
3114 3420 3291 3489 δὲτδν
3332 3435 3531 3505 Ἰωσὴφ
3583 3436 3608 3487 ὀ
3640 3436 3795 3505 Μάρ-

2208 3554 2304 3599 κος
2350 3535 2666 3604 εὐσχήμονι
2714 3529 3009 3602 βουλευτὴν
3059 3527 3359 3598 ἀνέγραψε,
3405 3527 3502 3581 καὶ
3562 3528 3792 3599 προσεεο

2209 3631 2441 3700 χόμενον
2458 3628 2558 3698 τὴν
2582 3625 2863 3697 βασιλείαν
2896 3624 2989 3677 τοῦ
3023 3624 3184 3681 Θεοῦ.
3213 3624 3398 3695 Εὑσχή
3410 3640 3545 3692 μονα
3576 3622 3695 3691 μὲν,
3722 3621 3797 3682 ὼς

2211 3721 2409 3792 σεμνὸν
2430 3723 2525 3773 καὶ
2554 3720 2785 3789 κόσμιον
2807 3734 2821 3749 ο
2861 3716 3157 3787 βουλευτὴν
3192 3717 3269 3777 δὲ.
3302 3717 3377 3780 ὡς
3400 3717 3498 3769 ἕνα
3539 3714 3648 3766 τῶν
3676 3713 3799 3782 βου-

2208 3812 2419 3867 λευτῶν
2443 3811 2545 3880 τῆς
2574 3811 2783 3874 πόλεως
2806 3827 2819 3839 ·
2852 3810 3193 3880 ὀφφικιάλιοι
3226 3809 3281 3862 δὲ
3310 3804 3450 3874 ἦσαν
3501 3809 3549 3859 οἱ
3578 3806 3799 3876 βουλε»-

2207 3906 2299 3962 ταε
2324 3921 2337 3935 ·
2369 3905 2807 3977 προσδεχόμενον
2834 3903 2892 3956 δὲ
2937 3903 3038 3973 τὴν
3071 3902 3351 3973 βασιλείαν
3384 3900 3479 3952 τοῦ
3514 3899 3672 3959 Θεοῦ,
3701 3898 3800 3967 τὴν

2214 4000 2539 4069 μέλλουσαν,
2602 4001 2699 4069 τὴν
2736 3998 2878 4051 κατὰ
2910 3997 3023 4068 (64)
3064 3996 3163 4067 τὴν
3218 3994 3524 4065 παρουσίαν
3546 3995 3642 4063 τὴν
3675 3994 3799 4046 δευ-

2210 4096 2378 4164 τέραν
2429 4093 2525 4147 τοῦ
2582 4091 2848 4163 Χριστοῦ.
2904 4090 3121 4150 Λουκᾶς
3155 4089 3209 4141 δὲ
3242 4086 3411 4156 ἄνδρα
3452 4086 3657 4152 ἀγαθὸν
3706 4083 3800 4136 καὶ

2211 4191 2425 4244 δίκαιον
2495 4187 2659 4242 αὐτὸν
2697 4183 3103 4255 ὼνόμασε,καὶ
3161 4181 3237 4253 μὴ
3296 4178 3801 4247 συγκατατεθειμέ-

2212 4301 2303 4336 νον
2330 4283 2533 4353 (95)τῇ
2572 4280 2737 4351 βουλῇ
2764 4280 2857 4331 καὶ
2888 4280 2953 4348 τῇ
2991 4273 3187 4346 πράξει
3211 4273 3319 4326 τῶν
3342 4270 3641 4337 Ἰουδαίων,
3696 4270 3801 4323 ἀπὸ

2223 4374 2614 4446 Ἀριμαοαίας,
2669 4372 2881 4434 πόλεως
2922 4370 3032 4422 τῶν
3074 4368 3367 4421 Ἰουδαίων.
3445 4365 3698 4435 Ἰωάννης
3747 4362 3802 4415 δὲ

2215 4469 2468 4540 μαθητὴν
2498 4469 2597 4538 μὲν
2639 4465 2802 4519 αὐτὸν
2830 4458 2974 4515 εἶναι
3026 4462 3177 4529 λέγει
3206 4457 3301 4512 τοῦ
3326 4456 3527 4527 Ἰησοῦ,
3560 4473 3803 4525 κεκρυμ-

2217 4564 2377 4633 μένον
2434 4560 2492 4613 δὶ
2539 4559 2629 4612 διὰ
2656 4558 2748 4610 τὸν
2787 4556 2955 4625 φόϐον
3003 4555 3112 4607 τῶν
3164 4552 3464 4606 Ἰουδαίων.
3520 4545 3629 4603 Ἦν
3656 4549 3713 4602 δὲ
3740 4552 3801 4603 ὲκ

2150 4643 2194 4698 Ῑ)
2220 4654 2330 4709 τῶν
2364 4652 2741 4721 ἑϐδομήκοντα
2785 4646 3067 4718 μαθητῶν.

2294 4741 2486 4813 Οὗτος
2509 4772 2579 4784 -
2617 4744 2685 4796 τὸ
2703 4739 2878 4811 σῶμα
2906 4739 3013 4793 τοῦ
3044 4736 3263 4805 Ἰησοῦ.
3300 4735 3580 4807 Γνώριμος
3600 4732 3675 4786 ὣν
3694 4732 3801 4801 (66)

2217 4839 2389 4910 αὐτῷ.
2448 4838 2679 4907 Μάρκος
2709 4834 2766 4887 δὲ
2794 4828 2950 4887 εἶπεν
3018 4832 3101 4885 ὅτι
3136 4832 3233 4884 καὶ
3258 4829 3537 4907 τολμήσας
3586 4824 3800 4895 εἰσῆλθε

2216 4937 2353 5005 πρὸς
2374 4930 2629 4994 Πιλᾶτον,
2657 4928 2750 4981 καὶ
2775 4928 3018 4999 ᾐτήσατο
3040 4926 3101 4979 τὸ
3130 4925 3290 4996 σῶμα
3322 4921 3420 4975 τοῦ
3464 4920 3664 4991 Ἰησοῦ.
3691 4919 3800 4987 Τὴν

2519 5072 2561 5103 ’ί
2590 5070 2725 5126 Luc.
2769 5084 2926 5134 xxm,
2959 5067 3049 5133 50,
3085 5066 3175 5123 51.
3287 5066 3333 5099 τ’
3359 5063 3520 5120 Joan.
3564 5078 3673 5129 six,
3709 5061 3796 5118 58.

1714 5216 1918 5277 Varim
1953 5218 2262 5283 lectiones
2296 5225 2359 5281 et
2398 5224 2589 5279 notae.

592 5384 702 5456 (b'l)
738 5383 911 5452 Hujus
942 5386 1231 5441 sententiae
1256 5395 1341 5441 est
1364 5386 1646 5456 Clirysost.
1684 5393 1725 5437 t.
1755 5383 1866 5451 VII,
1899 5401 1951 5456 p.
1981 5388 2108 5452 827,

520 5454 1327 5529 B,‘quamirepetitTheophil.
1363 5454 1568 5529 p.175,
1614 5455 1677 5510 D.

592 5528 701 5596 (69.)
742 5527 1123 5581 Ἦκολούθουν.
1166 5527 1226 5582 Β.

598 5598 711 5669 (65)
746 5599 803 5653 In
838 5597 922 5653 liis
952 5596 1343 5671 TheOphylact.
1379 5618 1435 5672 p.
1478 5601 1579 5655 175
1616 5600 1677 5656 D.

597 5752 667 5820 (k)
707 5754 977 5809 Viscerum
1033 5757 1475 5823 inﬂammatione.
1532 5759 1592 5813 In
1649 5760 1828 5815 libello
1892 5762 2107 5816 medico

523 5821 637 5901 inec
658 5825 731 5878 ita
764 5828 827 5880 ad
854 5821 1323 5901 verbum-reddita
1353 5845 1494 5901 esse,
1522 5846 1686 5883 nemo
1710 5832 2102 5899 reprehendat.

526 5890 623 5947 llic
658 5904 836 5969 autem
871 5910 978 5947 non
1004 5900 1245 5964 proprie,
1272 5900 1364 5951 sed
1398 5890 1655 5954 translate
1680 5890 1939 5969 loquitur.
1978 5904 2106 5954 Φλε-

525 5967 701 6036 γμονη
734 5967 1055 6034 σπλάγχνων
1073 5984 1203 6039 ergo
1222 5978 1306 6025 est
1329 5970 1483 6025 dolor
1500 5967 1867 6027 acutissimus.
1900 5973 2103 6040 lichc,

2292 5387 2403 5469 (οι)
2422 5385 2596 5471 ΔΚατᾶι
2622 5385 2719 5458 τὴν
2736 5386 2998 5471 δευτέραν
3028 5382 3193 5439 αὐτοῦ
3218 5382 3521 5455 παρουσίαν
3550 5380 3645 5435 τοῦ
3669 5381 3797 5454 Χρι-

2222 5462 2371 5513 στοῦ.
2408 5462 2473 5512 Α.
2921 5463 2931 5471 ’
2973 5488 2989 5507 ι

2292 5532 2404 5601 (65)
2441 5528 3011 5601 Συγκατατιθὲμενον.
3044 5530 3111 5584 Δ.

2291 5593 2402 5673 ίϋϐ)
2434 5593 2548 5665 Ὧν,
2582 5602 2808 5657 omittit.
2829 5593 2900 5655 'B.

2202 5765 2479 5816 acerrimo
2510 5760 2710 5828 dolore,
2745 5777 2954 5817 summa
2980 5764 3222 5821 tristitia.

2281 5834 2352 5900 '(l)
2389 5834 2614 5886 Natura?
2645 5836 2877 5889 aruleos.
2900 5835 3064 5898 Φύσις
3096 5836 3199 5889 hoc
3232 5836 3347 5889 loco
3378 5839 3530 5888 notat
3554 5829 3797 5885 alIcclio-

2218 5921 2342 5957 nem
2400 5907 2590 5957 matris
2625 5906 2886 5959 advm'sus
2920 5908 3111 5961 lilium.
3145 5906 3367 5978 μεως,
3412 5917 3624 5974 propter
3655 5903 3797 5956 velte-

2220 5978 2471 6029 mentiam
2510 5978 2734 6033 materni
2771 5978 3010 6046 affectus.
