4032 6470
236 440 349 507 741

1104 445 1488 508 COMMENT.
1527 448 1609 509 ιιι
1653 439 2132 509 ΜΑΤΤΗᾸΞΗΜ.
2175 464 2238 475 -
2279 439 2438 502 CAP.
2477 440 2725 503 XXVII:

3423 447 3530 508 “2

241 557 527 628 προτέραν
559 556 668 627 γάρ
690 556 895 611 δειλίαν
927 559 995 630 τῇ
1040 557 1272 630 ὕστερον
1316 560 1593 634 τολμηρίᾳ
1619 562 1837 632 θαυμα-

1943 553 2187 608 Priorem
2227 553 2374 607 enim
2406 553 2658 609 timorem
2692 554 2947 625 sequenti
2982 555 3212 611 audacia
3263 557 3531 616 mirabili-

235 650 379 712 σίως
432 650 758 717 ἀπενίψατο,
788 650 883 703 καὶ
938 652 1019 713 εἰς
1049 650 1280 707 θάνατον
1334 651 1599 717 ἐξέδωκεν
1647 653 1837 707 ἑαυτὸν

1944 653 2025 699 ter
2050 644 2243 710 abluit,
2274 652 2331 700 et
2361 645 2601 714 seipsum
2646 645 2701 699 in
2726 656 2955 700 mortem
2992 647 3237 710 tradidit,
3273 648 3343 703 ob
3368 649 3533 706 bene-

232 742 304 810 τῇ
333 740 475 809 πρὸς
510 740 603 793 τὸν
638 741 961 795 διδάσκαλον
1008 744 1218 815 εὐνοίᾳ,
1274 746 1374 814 τὴν
1430 748 1581 819 παρᾶ
1615 748 1836 800 πάντων

238 830 357 882 τῶν
406 828 675 882 Ἰουδαίων
710 830 1012 901 ἀπέχθειαν
1042 834 1473 903 ἀναδεξάμενος.

315 920 529 973 Τότε-
556 918 751 988 σῶμα.
798 922 1023 993 Μάρκος
1071 925 1129 977 δέ
1199 943 1361 995 φησιν
1433 928 1515 979 ὅτι
1574 928 1835 995 Πιλᾶτος

229 1012 613 1080 ἐθαύμασεν,
649 1016 701 1067 εί
732 1012 851 1080 ἤδη
884 1014 1160 1083 τέθνηκε,
1188 1019 1283 1072 καὶ
1330 1021 1832 1091 προσκαλεσάμε-

231 1120 351 1168 νος
383 1104 492 1156 τὸν
544 1108 937 1173 κεντυρίωνα,
970 1108 1361 1177 ἐπηρώτησεν
1382 1113 1599 1178 αὑτὸν,
1628 1117 1682 1168 εί
1712 1114 1831 1169 πά-

228 1199 339 1250 .2αι
368 1197 630 1253 ἀλέθανε
659 1216 672 1230 ·
715 1202 813 1255 καί
855 1202 1038 1270 γνοὺς
1079 1204 1197 1258 ἀπὸ
1246 1205 1352 1259 τοῦ
1410 1212 1827 1277 κεντυρίωνος,

227 1286 583 1355 ἐδωρήσατο
616 1289 683 1343 τὸ
731 1290 904 1360 σῶμα
933 1291 1013 1358 τῷ
1053 1292 1305 1363 Ἰωσήφ.
1351 1296 1667 1366 Προσεεόκα
1700 1302 1828 1370 γὰρ,

232 1378 483 1448 βραδέως
540 1382 835 1436 ἀποθανεῖν
884 1385 1071 1453 αὐτὸν,
1104 1386 1179 1450 ὡς
1229 1387 1376 1440 θεῖόν
1419 1407 1542 1443 τινα
1572 1395 1660 1444 καὶ
1688 1392 1830 1465 ὑπὲρ

230 1474 367 1534 τοὺς
393 1473 640 1537 πολλοὺς.
682 1476 853 1540 Αὐτὸς
881 1478 960 1541 δι,
988 1479 1064 1543 ὡς
1094 1479 1407 1549 άνθρωπος,
1436 1484 1587 1555 νόμῳ
1612 1486 1831 1554 φύσεως

230 1562 579 1630 ιτελεύτησε.

309 1654 423 1708 Καὶ
460 1656 760 1711 λασὼν-ο
814 1658 1070 1729 καθαρᾷ.
1136 1660 1194 1717 Ὀ
1222 1663 1277 1717 δὲ
1324 1663 1576 1736 Ἰωάννης
1622 1666 1827 1721 πλατύ-

226 1763 393 1812 τερον
425 1748 675 1819 ἱστόρησε
697 1751 893 1818 λέγων·
926 1750 1158 1808 ἵιιλθεν
1185 1750 1300 1811 οὖν
1319 1756 1418 1810 καί
1436 1753 1539 1827 ἦρε
1566 1758 1633 1812 τὸ
1655 1757 1829 1828 σῶμα

227 1839 344 1893 τοῦ
389 1839 619 1908 Ἰησοῦ.
648 1839 844 1915 [Ἦλθε
883 1848 996 1917 (67)
1023 1848 1078 1901 δὲ
1112 1850 1208 1902 καὶ
1230 1850 1570 1920 Νικόδημος,
1600 1852 1628 1904 6
1652 1852 1825 1905 ἐλθὼν

1946 734 2255 790 volentiam
2295 750 2456 805 quam
2492 736 2869 808 gerebaterga
2904 746 3320 808 praeceptorem,
3358 742 3535 797 susci-

1938 829 2098 898 piens
2136 828 2193 881 in
2213 842 2271 882 se
2302 837 2627 883 cunctorum
2665 829 3013 885 inimicitiam
3038 828 3226 885 Judan
3240 848 3387 886 rum.

2020 918 2177 973 Vers.
2209 919 2297 975 58.
2324 918 2465 973 Tunc
2499 947 2571 959 --
2600 936 2810 989 corpus.
2870 919 3085 977 hiarcus
3134 932 3317 978 autem
3376 925 3531 991 dicit,

1937 1009 2079 1079 quod
2110 1010 2322 1066 Pilatus
2356 1014 2729 1067 admirabatur
2763 1014 2810 1067 si
2835 1030 2957 1082 jam
2995 1025 3241 1071 mortuus
3272 1029 3402 1072 esset
3430 1036 3444 1080 ;
3483 1029 3534 1073 et

1936 1104 2190 1157 accersito
2228 1105 2551 1169 centurione,
2606 1105 2954 1177 interrogavit
3006 1123 3147 1173 eum,
3202 1125 3273 1162 an
3304 1109 3531 1177 jamdu-

1933 1198 2057 1249 dum
2091 1206 2329 1250 martum
2355 1206 2486 1250 esset
2514 1213 2533 1250 :
2562 1206 2611 1251 et
2631 1212 2685 1251 re
2705 1213 2738 1250 a
2770 1198 3072 1252 centurione
3105 1203 3336 1270 cognita,
3369 1202 3536 1255 dona-

1933 1288 2005 1341 uit
2045 1304 2232 1359 corpus
2261 1289 2357 1357 ipsi
2382 1288 2569 1358 Ioseph
2597 1289 2661 1344 ".
2700 1289 2969 1360 Sperabat
2998 1298 3148 1346 enim
3182 1294 3335 1347 tarde
3369 1294 3522 1348 illum

1936 1377 2286 1445 moriturum,
2320 1388 2581 1450 tanquam
2628 1379 2879 1436 divinum
2914 1382 3209 1451 quemdam
3243 1384 3529 1439 hominem

1931 1468 2025 1537 qui
2056 1476 2282 1524 caeteros
2306 1470 2619 1525 excederet.
2654 1471 2777 1541 Ipse
2820 1485 2951 1526 vero
2980 1472 3100 1542 lege
3148 1479 3360 1527 natura:
3384 1487 3531 1527 mor.

1932 1566 2060 1612 tuus
2086 1566 2171 1613 est
2210 1568 2471 1627 tanquam
2509 1574 2672 1615 verus
2708 1562 2893 1616 homo.

2004 1647 2161 1706 νει-8.
2194 1650 2283 1705 59.
2307 1648 2695 1723 Sumptumque
2711 1682 2780 1692 —
2803 1653 3025 1707 munda.
3076 1652 3321 1710 Joannes
3345 1663 3530 1711 autem

1932 1739 2099 1795 latius
2134 1741 2357 1813 scripsit
2393 1743 2627 1797 dicens:
2666 1744 2813 1797 Venit
2879 1761 3004 1814 ergo
3052 1754 3100 1798 et
3160 1746 3282 1798 tulit
3338 1762 3531 1817 corpus

1930 1829 2075 1883 Jesu.
2125 1828 2277 1884 Venit
2313 1840 2491 1885 autem
2524 1842 2573 1885 et
2613 1830 2936 1885 Nicodemus
2981 1835 3025 1885 is
3065 1833 3156 1901 qui
3217 1834 3529 1887 veneratad

230 1930 376 1999 πρὸς
418 1899 509 1984 16v
554 1899 764 2002 Ἰησοῦν
798 1899 992 2000 νωξέδέ

1937 1923 2116 1978 Iesum
2153 1934 2303 1979 nocte
2354 1927 2606 1991 primum,
2655 1926 2827 1995 ferens
2903 1925 3183 1978 misturam
3222 1926 3449 1994 myrrhae
3479 1935 3531 1979 et

229 2024 485 2093 σμύρνης
540 2028 636 2079 καὶ
685 2028 873 2098 ἀλόης,
925 2029 1061 2082 ὡσεὶ
1100 2031 1284 2100 λίτρας
1326 2034 1543 2087 ἑκατόν.
1596 2036 1829 2090 Ἔλασον

226 2111 328 2167 οὖν
366 2115 422 2167 τὸ
476 2116 638 2186 σῶμα
681 2120 777 2171 τοῦ
826 2120 1056 2193 Ἰησοῦ,]
1096 2125 1191 2175 καὶ
1241 2124 1443 2193 ἔδησαν
1474 2124 1608 2178 αὐτὸ
1632 2128 1689 2181 ὲν
1717 2128 1832 2181 ὀθο-

228 2207 369 2270 νίοις
424 2210 563 2277 μετά
610 2211 721 2265 τῶν
769 2214 1104 2284 ἀρωμάτων,
1165 2216 1347 2277 καθὼς
1394 2217 1516 2281 εθος
1552 2221 1673 2273 ἐστὶ
1717 2226 1832 2285 τοῖς

244 2306 527 2370 Ἰουδαίοις
567 2310 938 2378 ἐνταφιάζειν.
1002 2311 1311 2384 Ἐπξσημος
1356 2316 1457 2383 μὲν
1494 2314 1588 2369 οὖν
1613 2311 1681 2385 ἦν
1734 2319 1831 2372 καὶ

230 2395 507 2466 πρότερον
542 2399 569 2451 6
605 2398 828 2470 Ἰωσήφ,
865 2404 1269 2473 ἐπισημότερος
1315 2404 1371 2457 δὲ
1405 2405 1629 2474 γέγονεν
1669 2408 1730 2460 ἐκ
1769 2426 1829 2463 τε

228 2485 330 2538 τοῦ
362 2488 629 2559 τολμῆσαι
656 2490 838 2545 λαϐεῖν
865 2494 924 2545 τὸ
949 2494 1133 2565 σῶμα,
1166 2497 1264 2549 καὶ
1298 2495 1391 2549 τοῦ
1414 2498 1649 2569 τιμῆσαι
1672 2500 1826 2555 αὑτό.

232 2581 350 2633 Καὶ
386 2582 497 2652 γὰρ
524 2584 586 2635 οὐ
618 2585 779 2652 μόνον
808 2580 963 2656 ἦρεν,
1009 2586 1147 2640 ἀλλά
1180 2588 1274 2641 καὶ
1303 2588 1615 2653 πολυτελῶς
1640 2594 1830 2644 ὲνετα-

234 2674 401 2742 φίασε
455 2678 596 2745 μετὰ
646 2676 988 2748 Νικοδήμου.
1050 2680 1303 2749 Μίγματι
1344 2682 1401 2733 δὲ
1441 2682 1687 2753 σμύρνης
1734 2685 1832 2737 καὶ

234 2768 405 2836 ἀλόης
442 2767 601 2821 τοῦτο
656 2770 1049 2838 ἑνεταφίασαν,
1090 2770 1231 2824 ὥστε
1277 2773 1554 2841 διαμένειν
1583 2775 1831 2844 ἄσηπτον

235 2857 335 2908 καὶ
362 2852 567 2921 εὐῶδες
607 2876 621 2890 ·
661 2860 742 2912 ἑτι
789 2861 899 2930 γὰρ
931 2861 1010 2924 ὡς’
1053 2861 1343 2931 ἄνθρωπον
1381 2862 1558 2931 ψιλὸν,
1622 2866 1831 2934 ἐτίμων

234 2950 422 3003 αὐτόν.
466 2952 576 3003 Καὶ
608 2952 764 3021 ἡμεῖς
806 2950 924 3017 οὖν,
950 2954 1010 3004 τὸ
1041 2954 1199 3023 σῶμα
1235 2953 1332 3005 τοῦ
1368 2957 1573 3025 Κυρίου
1618 2957 1708 3010 διὰ
1731 2958 1827 3024 τῆς

236 3043 603 3113 μεταλήψεως
663 3044 1057 3115 λαμϐάνοντες,
1116 3046 1441 3117 μυρίσωμεν
1493 3048 1654 3100 τοῦτο
1708 3051 1831 3111 ταῖς

234 3134 491 3199 εὐωδίαις
518 3135 623 3189 τῶν
652 3138 867 3207 ἀρετῶν
893 3137 993 3209 τῆς
1026 3154 1085 3190 τε
1117 3138 1368 3209 πράξεως
1426 3140 1523 3193 καὶ
1551 3140 1650 3211 τῆς
1680 3140 1826 3193 θεω-

237 3245 382 3298 ριας.

308 3321 416 3373 Kal
452 3350 528 3361 —
553 3318 852 3389 ἀπῆλθεν.
909 3314 1080 3384 Οὗτος
1115 3320 1215 3389 μὲν
1246 3320 1273 3373 6
1304 3320 1700 3391 εὐαγγελιστὴς
1726 3320 1822 3375 τοῦ

248 3410 449 3481 Ἰωσὴφ
500 3410 643 3465 εἶναι
690 3412 751 3465 τὸ
811 3415 1083 3483 μνημεῖον
1134 3410 1313 3477 εἶπεν,
1354 3414 1403 3466 oi
1429 3414 1581 3467 ἄλλοι
1638 3414 1694 3467 δι
1723 3415 1825 3468 οὐκ

236 3506 680 3575 ἐσημειώσαντο,
734 3506 879 3567 τίνος
925 3502 1015 3576 ἦν.
1071 3506 1212 3575 Φησὶ
1274 3508 1383 3575 γὰρ
1429 3508 1457 3559 6
1523 3506 1820 3575 Ἰωάννης·

232 3593 353 3653 Ἦν
409 3598 479 3651 δὲ
521 3598 591 3652 ὲν
632 3598 711 3662 τῷ
748 3600 931 3664 τόπῳ,
987 3600 1141 3652 ὅπου
1179 3596 1552 3667 ἐσταυρώθη,
1601 3598 1822 3667 κῆπος,

231 3692 425 3745 καὶέν
455 3689 536 3755 τῷ
580 3694 753 3759 κήπῳ
799 3694 1096 3760 μνημεῖον
1148 3692 1350 3754 κενὸν,
1404 3691 1475 3744 ἐν
1518 3684 1825 3759 ᾧοὺδέπω

231 3781 434 3847 οὐδεὶς
463 3782 659 3849 ἐτέθη.
697 3782 888 3834 καὶτὰ
924 3780 1072 3850 ἑξῆς.
1112 3782 1277 3845 Εἰκὸς
1308 3776 1424 3847 οὖν,
1463 3781 1557 3835 τοῦ
1617 3782 1822 3853 Ἰωσὴφ

232 3876 503 3945 ὑπάρχειν
526 3876 617 3929 τὸν
651 3876 847 3945 κῆπον,
882 3877 941 3928 ἐν
972 3868 1017 3944 ᾧ
1054 3870 1122 3947 ἦν
1156 3874 1216 3928 τὺ
1267 3877 1556 3945 μνημεῖον.
1610 3875 1824 3947 ’ῼκονο-

233 3970 383 4039 μήοη
426 3967 484 4021 δὲ
531 3967 690 4020 κενὸν
745 3964 887 4019 εἶναι
930 3964 1111 4027 τοῦτο,
1146 3966 1233 4018 ἵνα
1263 3965 1359 4018 τοῦ
1392 3966 1646 4037 Σωτῆρος
1688 3968 1823 4019 ἀνα-

232 4063 457 4124 στάντος
499 4060 573 4130 μὴ
603 4060 831 4131 νομισθῇ
864 4058 1052 4130 ἕτερος
1078 4057 1407 4128 ἀναστῆναι.
1439 4058 1813 4129 Προσεκύλισε

234 4157 422 4224 μέντοι
472 4152 620 4206 λίθον
664 4144 865 4222 μέγαν,
924 4152 1310 4222 συναραμένου
1368 4150 1518 4219 αὐτῷ
1582 4152 1679 4204 καὶ
1724 4151 1820 4203 τοῦ

229 4248 568 4316 Νικοδήμου.
625 4245 699 4298 Τὸ
750 4245 807 4297 δὲ
869 4247 1135 4315 μνημεῖον
1203 4242 1579 4313 σπηλαιοειδὲς
1625 4236 1695 4311 ἦν
1718 4240 1815 4295 λα-

229 4339 443 4406 ξευτόν.

299 4429 423 4488 Ἠν
444 4432 817 4501 δὲ-τὰέρου,
850 4431 1078 4500 Μάρκος
1103 4428 1161 4482 δέ
1191 4446 1357 4499 φησιν
1382 4445 1395 4457 ’
1434 4427 1509 4482 Ἠ
1534 4426 1601 4479 δὲ
1623 4430 1820 4494 Μαρια

228 4527 270 4592 ἡ
297 4525 667 4595 Μαγδαληνὴ
701 4525 797 4578 καὶ
832 4524 1027 4591 Μαρία
1057 4524 1093 4589 ἡ
1122 4520 1230 4575 τοῦ
1285 4519 1451 4587 Ἰωσῆ
1496 4517 1815 4585 ἐθεώρουν,

226 4619 351 4672 ποῦ
400 4619 643 4671 τίθεται.
708 4617 925 4674 Λουκᾶς
982 4614 1037 4666 δὲ
1098 4613 1281 4681 λέγει·
1350 4608 1816 4675 Κατακολουθήο

228 4724 419 4763 narrat
478 4708 544 4762 δὲ
610 4708 911 4777 γυναῖκες,
971 4708 1195 4769 αἵτινες
1249 4700 1412 4773 ἦσαν
1468 4704 1818 4767 συνεληλυ-

228 4800 389 4855 θυῖαι
414 4798 575 4863 αὐτῷ
600 4800 667 4851 ἐκ
690 4799 796 4863 τῆς
828 4798 1180 4861 Γαλιλαίας,
1206 4794 1535 4848 ἐθεάσαντο
1569 4792 1636 4845 τὸ
1663 4808 1818 4861 μνη-

224 4892 418 4962 μεῖον,
468 4891 569 4945 καί
600 4891 679 4955 ὠς
707 4892 878 4957 ἐτέθη
910 4887 989 4954 τῷ
1038 4886 1213 4957 σῶμα
1248 4886 1458 4941 αὐτοῦ.
1517 4884 1819 4953 Ὑποστρέ-

228 4986 399 5052 ψασαι
454 4981 510 5035 δὲ
562 4982 867 5052 ἡτοίμασαν
924 4979 1197 5050 ἀρώματα
1253 4977 1347 5031 καὶ
1403 4977 1573 5048 μύρα.
1612 4978 1679 5028 Al
1715 4978 1815 5045 ρη-

234 5075 415 5128 θεῖσαι
444 5077 575 5146 γὰρ,
623 5073 1170 5144 κατακολουθήσασαι
1202 5073 1315 5135 τοῖς
1346 5070 1667 5131 θάπτουσιν,
1694 5069 1822 5122 exe-

229 5168 389 5221 θισαν
407 5168 667 5221 ἀπέναντι
706 5166 802 5220 τοῦ
834 5167 1028 5236 τάφου,
1092 5163 1401 5235 θεωροῦσαι
1454 5162 1558 5216 ποῦ
1609 5161 1821 5217 τίθεται

228 5263 290 5317 τὸ
314 5264 495 5332 σῶμα,
532 5264 629 5316 καὶ
653 5262 767 5324 πῶς
784 5262 1015 5327 τίθεται,
1050 5260 1160 5320 ῐνα.
1205 5256 1540 5312 ἀπελθοῦσαι
1558 5256 1653 5309 καὶ
1677 5256 1821 5307 ἑτοι-

236 5359 482 5425 μάσασαι
509 5355 781 5426 ἀρώματα
813 5353 909 5408 καὶ
940 5350 1360 5423 μύρα,ὲλθωσιν
1377 5350 1435 5401 ἐν
1450 5350 1516 5419 τῇ
1537 5348 1820 5419 Κυριακῇ,

231 5446 330 5500 καὶ
358 5443 786 5515 ἀρωματίσωσιν
822 5445 916 5498 καί
957 5441 1259 5514 μυρίσωσιν
1288 5438 1440 5492 αὐτό.

343 5566 392 5599 ’³
414 5564 583 5619 Marc.
621 5564 709 5627 Η,
741 5562 829 5618 15.
944 5562 989 5593 ’⁸
1012 5561 1169 5617 Joan.
1202 5574 1312 5623 xu,
1347 5557 1438 5622 39,
1476 5556 1566 5611 40.

1685 5556 1727 5588 ¹⁶
1757 5555 1889 5610 ibid.
1931 5554 2021 5608 6|.

1931 2014 2075 2069 aloes
2092 2016 2161 2068 ad
2193 2016 2356 2070 libras
2388 2016 2550 2086 ferme
2580 2026 2806 2070 Centum.
2848 2017 3171 2084 Acceperunt
3201 2018 3381 2087 itaque
3413 2034 3527 2071 cor-

1932 2123 2029 2175 pus
2060 2107 2207 2173 Iesu,
2252 2117 2300 2161 et
2332 2108 2687 2178 objunxerunt
2727 2108 2860 2161 illud
2885 2108 3058 2161 linteis
3091 2125 3209 2161 cum
3270 2110 3531 2163 aromati-

1934 2200 2051 2264 bus,
2077 2201 2213 2255 sicut
2253 2218 2364 2254 mos
2395 2209 2471 2254 est
2494 2199 2701 2254 luditis
2727 2200 2949 2269 sepelire
2974 2201 3040 2253 ".
3110 2200 3345 2271 Insignis
3396 2215 3528 2272 ergo

1933 2298 2050 2346 erat
2082 2301 2138 2345 et
2164 2300 2325 2345 antea
2376 2290 2602 2361 Ioseph,
2654 2292 2749 2346 sed
2784 2291 3051 2363 insignior
3088 2290 3266 2346 lactus
3309 2297 3403 2346 'est
3458 2306 3527 2347 eo

1934 2383 2079 2451 quod
2117 2382 2318 2437 Christi
2347 2398 2552 2454 corpus
2582 2399 2751 2438 ausus
2777 2382 2942 2438 fuerit
2969 2384 3243 2453 accipere,
3282 2383 3528 2453 illudque

1936 2473 2233 2529 honorare.
2286 2474 2475 2543 Neque
2509 2475 2655 2529 enim
2696 2476 2872 2530 solum
2918 2475 3061 2537 tulit,
3088 2478 3182 2531 sed
3210 2485 3265 2530 et
3286 2477 3526 2546 pretiose

1935 2578 1999 2617 ac
2021 2562 2323 2619 honoriﬁce
2349 2580 2478 2620 cum
2510 2563 2807 2620 Nicodemo
2851 2565 3127 2635 sepelivit.
3191 2566 3250 2620 In
3287 2566 3520 2621 mistura

1934 2659 2118 2709 autem
2165 2653 2406 2726 myrrhae
2453 2664 2509 2711 et
2546 2656 2696 2711 aloes
2726 2657 2861 2711 illud
2894 2657 3254 2727 sepelierunt,
3309 2668 3372 2712 ut
3403 2659 3525 2714 sine

1934 2749 2292 2818 corruptione
2323 2757 2380 2803 et
2428 2749 2483 2803 in
2522 2749 2670 2805 bono
2694 2749 2865 2804 odore
2918 2760 3266 2819 permaneret
3300 2768 3313 2805 :
3348 2751 3528 2806 adhuc

1935 2839 2081 2895 enim
2123 2846 2184 2893 ut
2240 2840 2449 2895 nudum
2487 2835 2765 2896 hominem
2816 2842 2997 2912 ipsum
3048 2841 3413 2897 honorabant.
3459 2842 3529 2897 Et

1935 2946 2041 2987 nos
2093 2946 2226 3002 ergo
2291 2931 2506 2987 Domini
2550 2948 2751 3004 corpus
2810 2950 2907 3004 per
2958 2934 3433 3003 participationem
3471 2935 3526 2988 in

1931 3024 2092 3077 altari
2156 3024 2255 3093 (ﬁt)
2320 3024 2684 3093 accipientes,
2743 3026 3119 3079 odoramentis
3172 3025 3307 3080 illud
3357 3041 3528 3097 unga-

1934 3130 2075 3177 mus,
2098 3115 2357 3169 suavibus
2386 3115 2639 3171 videlicet
2661 3116 2924 3171 virtutum
2954 3117 3240 3188 Operibus,
3272 3132 3336 3172 ac
3359 3131 3527 3188 opere

1850 3234 1895 3290 ο
1930 3220 1987 3264 et
2019 3209 2513 3280 contemplatione.

2001 3318 2164 3375 νει-ε.
2206 3320 2299 3378 60.
2335 3318 2673 3374 Et—abiit.
2735 3318 2837 3374 Hic
2896 3318 3116 3389 quidem
3172 3319 3527 3392 Evangelista

1930 3411 2106 3483 ipsius
2149 3412 2359 3483 Joseph
2421 3413 2557 3469 dicit
2610 3412 2783 3468 fuisse
2812 3421 3280 3481 :mOnumentum;
3338 3416 3523 3471 caeteri

1926 3521 2065 3577 vero
2127 3520 2241 3560 non
2303 3505 2755 3576 signiﬁcaverunt
2803 3507 2961 3575 cujus
3006 3505 3168 3559 fuerit
3223 3523 3238 3559 :
3285 3505 3527 3562 Joannes

1927 3595 2075 3651 enim
2097 3596 2209 3661 ait:
2232 3595 2367 3650 Erat
2383 3606 2557 3650 autem
2569 3599 2622 3651 in
2640 3596 2751 3650 loco
2768 3596 2855 3649 ubi
2872 3597 3158 3665 cruciﬁxus
3171 3607 3243 3651 est
3259 3598 3461 3655 hortus.
3477 3607 3528 3653 et

1924 3689 1982 3744 in
1994 3690 2144 3744 horto
2162 3700 2556 3743 monumentum
2581 3705 2791 3755 novum,
2811 3689 2866 3741 in
2889 3705 2989 3759 quo
3006 3690 3236 3743 nondum
3252 3692 3528 3761 quisquam

1926 3786 2127 3855 positus
2156 3784 2413 3853 fuerat",
2453 3791 2560 3836 etc.
2618 3778 2926 3836 Verisimile
2950 3797 3082 3852 ergo
3106 3789 3191 3836 est
3217 3781 3391 3852 ipsius
3430 3782 3527 3838 Joo

1927 3875 2063 3944 seph
2106 3874 2275 3928 fuisse
2301 3873 2525 3927 hortum
2559 3868 2615 3925 in
2648 3886 2759 3941 quo
2786 3880 2908 3926 erat
2948 3883 3388 3926 monumentum.
3413 3873 3517 3927 Or-

1927 3970 2175 4023 dinatum
2204 3975 2492 4021 estautem
2529 3974 2591 4019 ut
2625 3964 2759 4021 illud
2788 3964 2958 4019 fuerit
2992 3981 3216 4029 novum,
3253 3981 3323 4020 ne
3372 3981 3525 4036 βοει-

1926 4074 2088 4129 quam
2122 4057 2517 4112 resurrexisset
2550 4055 2827 4123 Salvator,
2847 4056 3091 4127 suspicio
3123 4057 3313 4110 haberi
3338 4068 3526 4127 posset

1926 4151 2092 4204 alium
2129 4148 2516 4203 resurrexisse.
2565 4146 2825 4202 Advolvit
2861 4161 3085 4217 quoque
3124 4160 3315 4199 saxum
3374 4161 3527 4216 mag-

1930 4258 2085 4309 num,
2119 4240 2386 4296 auxilium
2420 4240 2521 4310 ipsi
2556 4246 2849 4309 praestante
2878 4249 2933 4293 et
2959 4237 3273 4293 Nicodemo.
3320 4236 3519 4292 Monu-

1924 4341 2173 4386 mentum
2201 4339 2382 4384 autem
2413 4330 2467 4382 in
2499 4330 2776 4399 speluncae
2806 4327 3029 4382 modum
3068 4336 3190 4381 erat
3214 4327 3485 4382 excisum.

1996 4423 2153 4477 Vers.
2192 4422 2280 4476 60.
2330 4420 2467 4474 Erat
2528 4430 2791 4474 autem—
2822 4420 3071 4489 sepulcri.
3135 4418 3347 4473 Marcus
3393 4435 3525 4474 vero

1926 4516 2002 4569 ait
2050 4534 2063 4569 :
2101 4513 2279 4567 Maria
2309 4523 2486 4567 autem
2518 4512 2853 4584 Magdalene,
2890 4522 2938 4565 et
2965 4511 3143 4564 Maria
3194 4510 3321 4564 Jose
3371 4513 3517 4575 aspi‘

1925 4606 2130 4660 ciebant
2170 4607 2256 4659 ubi
2280 4614 2565 4673 poneretur
2594 4604 2681 4669 ";
2741 4604 2918 4658 Lucas
2948 4612 3130 4656 autem
3170 4618 3186 4656 :
3218 4601 3521 4656 Subseeuta:

1924 4706 2069 4759 sunt,
2099 4697 2300 4765 inquit,
2331 4695 2595 4760 mulieres,
2637 4711 2753 4766 qua:
2782 4711 2897 4747 cum
2918 4711 2975 4748 eo
3006 4704 3251 4747 venerant
3281 4695 3343 4747 de
3366 4692 3489 4748 Gali
3509 4724 3522 4736 ι

1927 4790 2027 4843 lcea
2061 4804 2079 4841 :
2121 4789 2371 4841 viderunt
2428 4796 2843 4848 monumentum,
2898 4795 2945 4839 et
2986 4786 3245 4855 quomodo
3295 4785 3519 4853 positum

1922 4889 2037 4935 erat
2068 4896 2255 4947 corpus
2286 4879 2437 4945 ε]ιιε;
2467 4894 2692 4932 reversre
2722 4894 2842 4931 vero
2883 4888 3211 4946 paraverunt
3269 4887 3515 4930 aromata

1924 4981 1973 5026 et
2002 4984 2272 5043 unguenta
2294 4969 2361 5023 ⁷⁸.
2410 4970 2547 5023 Cum
2585 4970 2731 5024 enim
2769 4984 2872 5023 eos
2903 4968 2994 5037 qui
3026 4967 3365 5038 sepeliebaut
3390 4971 3521 5022 sub-

1922 5064 2078 5133 sequi
2108 5071 2163 5118 et
2198 5079 2324 5119 eum
2356 5063 2436 5117 eis
2486 5062 2689 5117 reverti
2735 5062 3113 5116 decrevissent
3163 5062 3515 5117 sedebantes

1926 5154 2160 5209 adverso
2209 5153 2470 5223 sepulcri,
2499 5153 2828 5220 aSpicientes
2860 5153 2947 5207 ubi
2976 5163 3272 5221 poneretur
3295 5168 3519 5222 corpus,

1928 5254 1983 5301 et
2033 5246 2311 5317 quomodo
2345 5254 2644 5316 poneretur
2682 5263 2695 5298 :
2732 5261 2793 5300 ut
2837 5261 3093 5311 reversa',
3139 5246 3344 5314 paratis
3390 5260 3516 5299 aro-

1930 5341 2169 5395 matibus
2219 5355 2283 5395 ac
2338 5340 2655 5409 unguentis,
2709 5339 2963 5392 venirent
2994 5337 3084 5391 die
3123 5337 3410 5393 Dominico
3457 5348 3514 5392 et

1929 5432 2277 5489 aromatibus
2305 5441 2361 5486 et
2394 5440 2638 5501 ungento
2672 5430 2805 5485 illud
2836 5438 3127 5501 ungerent.

2132 5552 2179 5582 "
2209 5551 2373 5606 Mare.
2401 5567 2491 5617 xv,
2516 5550 2607 5605 47.
2682 5550 2729 5581 ⁷⁸
2768 5547 2903 5603 Luc.
2936 5563 3090 5615 χχιιι,
3122 5547 3211 5613 55,
3250 5547 3339 5603 56.

1450 5671 1655 5732 Varias
1698 5669 2005 5731 lectiones
2042 5677 2105 5730 et
2144 5676 2335 5731 noue.

304 5803 417 5871 (67)
454 5800 663 5857 Inclusa
692 5799 1047 5864 exciderunt,
1077 5796 1147 5851 ob
1181 5794 1472 5864 repetitum
1498 5791 1824 5847 vocabulum
1848 5791 2051 5861 Ἰησοῦ.
2082 5794 2148 5846 Α.

302 5919 401 5991 (nt)
438 5916 504 5972 In
558 5916 741 5973 altari.
787 5916 848 5973 ln
899 5914 1085 5973 Graeco
1118 5929 1227 5969 non
1258 5912 1533 5983 leguntur.
1572 5907 1733 5965 Forte
1785 5908 2193 5980 perSpicuitatis
2222 5922 2380 5964 causa
2414 5922 2527 5961 οπο
2556 5905 2765 5962 addidit
2797 5903 3090 5974 interpres.
