4032 6500
516 468 630 538 ’με

1757 467 2144 532 EUTIlYMlI
2183 467 2549 532 ZIGABENI

3682 477 3782 540 7H

584 592 867 663 Siquidem
903 593 1120 663 quando
1156 592 1404 664 sepultus
1436 603 1517 649 εει
1573 590 1683 663 iam
1724 606 1951 661 vespera
2001 607 2084 662 ap-

2273 591 2401 644 Ὅτε
2421 593 2521 662 μὲν
2549 592 2658 663 γὰρ
2685 594 2887 665 ἐτάφη,
2917 595 3125 667 ἑσπέρα
3167 597 3268 670 ἤδη
3313 594 3578 651 κατέλαὸε
3603 636 3618 660 ,
3664 597 3779 650 καθ’

515 687 755 756 petebat.
792 687 845 740 in
872 702 977 754 qua
1015 684 1124 740 non
1152 687 1350 741 licebat
1380 687 1445 740 ad
1478 697 1902 741 monumentum
1942 700 2098 741 acce-

509 768 662 835 dere.
709 777 879 835 Judaei
925 778 1070 836 enim
1115 794 1397 847 vesperam
1440 777 1584 832 illius
1615 779 1947 832 Parasceves
1987 792 2102 830 ma-

511 875 655 927 xime
671 874 1013 929 honorabant
1031 868 1153 925 non
1167 870 1342 924 solum
1369 877 1628 938 tauquam
1651 865 1872 921 Sabbati
1898 865 2100 920 festum

512 967 849 1031 praecedens,
906 965 1004 1020 sed
1050 963 1216 1018 etiam
1295 971 1554 1030 tanquam
1605 957 1803 1013 festum
1875 964 2101 1027 propter

507 1057 756 1123 Pascha;
797 1060 849 1111 in
879 1061 980 1112 hac
1019 1057 1167 1111 enim
1218 1055 1512 1126 oportebat
1548 1051 1756 1106 Pascha
1798 1051 2096 1106 immolari.

513 1153 752 1205 Sabbato
807 1166 938 1205 vero
999 1151 1330 1218 quieverunt
1385 1153 1608 1215 propter
1657 1143 1850 1213 legem.
1905 1141 2102 1197 Adhuc

506 1246 655 1295 enim
692 1241 1151 1296 consuetudinem
1187 1248 1242 1293 et
1265 1240 1436 1309 legem
1478 1235 1795 1290 servabant.
1827 1232 2096 1288 Caeterum

507 1339 595 1390 die
663 1334 951 1405 Dominico
982 1335 1048 1387 ad
1108 1333 1417 1402 sepulcrum
1477 1329 1667 1383 venire
1713 1327 2095 1394 disponebant,

501 1428 648 1497 quod
684 1444 816 1482 sane
842 1429 1004 1480 etiam
1036 1425 1306 1486 fecerunt,
1333 1421 1499 1476 veluti
1525 1421 1687 1490 paulo
1718 1429 1837 1489 post
1860 1419 2092 1474 dicetur.

501 1520 638 1589 Cum
691 1522 838 1574 enim
865 1516 1108 1571 nondum
1149 1516 1372 1585 quidam
1408 1513 1689 1568 excelsum
1733 1512 1801 1567 de
1841 1526 2095 1565 resurre-

501 1616 683 1668 ctione
711 1611 1122 1682 cognovissent,
1142 1609 1422 1679 sepultum
1450 1620 1651 1676 corpus
1678 1620 1736 1660 se
1766 1605 2090 1658 inventurus

502 1707 824 1775 sperabant.

573 1797 710 1851 Vers
765 1796 855 1850 62!.
898 1795 1112 1848 Postero
1145 1803 1323 1847 autem
1354 1794 1438 1847 die
1471 1822 1540 1831 —
1572 1790 1731 1846 Vers.
1763 1790 1854 1846 64.
1893 1792 2092 1859 priore.

499 1889 691 1944 Muniri
726 1889 1057 1954 sepulcrum,
1112 1898 1236 1955 puta
1290 1885 1529 1957 sigillum
1561 1884 1764 1954 apponi
1806 1891 1862 1937 et
1894 1892 2088 1938 custo-

2203 684 2274 754 ῆν
2306 683 2410 737 οὐκ
2444 684 2573 754 ἐξῆν
2627 687 2707 748 είς
2765 691 3032 757 μνημεῖον
3091 688 3353 759 βαδίζειν.
3396 687 3635 756 Ἐτίμων
3678 689 3780 759 γὰρ

2216 771 2456 827 Ἰουδαῖοι
2498 774 2740 845 μάλιστα
2793 777 2896 848 τὴν
2955 779 3199 851 ἑσπέραν
3253 783 3349 850 τῆς
3423 780 3780 847 Παρασκευῆς

2202 868 2438 938 ἐκείνης,
2498 870 2558 922 οὐ
2616 870 2777 938 μόνον
2818 872 2894 935 ὡς
2936 874 3255 943 προεόρτιον
3318 873 3410 926 τοῦ
3478 871 3774 938 Σαόὅάτου,

2204 959 2340 1012 ἀλλὰ
2364 960 2455 1012 καὶ
2495 959 2571 1024 ὡς
2605 961 2816 1031 ἑόρτιον
2857 963 2944 1016 διὰ
2997 964 3058 1017 τὺ
3091 964 3301 1032 Πάσχα.
3325 965 3415 1017 Ἐν
3463 962 3637 1034 ταύτῃ
3675 964 3774 1033 γὰρ

2202 1051 2312 1104 ἔδει
2345 1052 2574 1107 θύεσθαι
2609 1054 2672 1108 τὸ
2725 1048 2941 1126 Basia.
2979 1057 3052 1109 Τὸ
3091 1057 3150 1110 δὲ
3178 1056 3458 1110 Σάὁὸατον
3508 1056 3777 1128 ἡσύχαζον

2199 1145 2288 1198 διὰ
2313 1145 2403 1199 τὸν
2454 1149 2639 1215 νόμον.
2697 1149 2819 1202 Ἔτι
2853 1152 2964 1219 γὰρ
3013 1152 3104 1203 καὶ
3133 1150 3200 1203 τὰ
3232 1149 3326 1219 ἔθη
3371 1151 3464 1203 καὶ
3499 1151 3592 1203 τὸν
3624 1150 3778 1218 νόμον

2202 1237 2525 1306 ἐφύλαττον.
2587 1240 2790 1293 Λοιπὸν
2839 1237 2933 1295 οὖν
2979 1242 3038 1293 ἐν
3080 1244 3147 1311 τῇ
3213 1240 3646 1311 κυριακῇ-πρὸς
3691 1240 3777 1292 τὸν

2199 1333 2373 1401 τάφον
2411 1334 2589 1387 ὲλθεῖν
2637 1335 2948 1399 ἐϐούλοντο,
2992 1336 3020 1388 ὃ
3048 1336 3112 1405 δὴ
3148 1336 3239 1388 καὶ
3291 1339 3677 1405 πεποιήκασιν,
3706 1336 3778 1396 ὡς

2203 1423 2323 1494 μετ’
2369 1425 2552 1495 ὀλίγον
2608 1428 2933 1499 ῥηθήσεται.
2995 1427 3167 1483 Οὔπω
3215 1430 3325 1499 γὰρ
3381 1428 3535 1480 οὐδὲν
3578 1425 3775 1496 ὑψηλὸν

2199 1518 2398 1572 εἰδυῖαι
2426 1521 2670 1590 περὶτῆς
2695 1522 3067 1587 ἀναστάσεως,
3091 1522 3318 1594 ἤλπιζον
3335 1523 3515 1589 εὑρεῖν
3543 1522 3606 1576 τὸ
3623 1521 3777 1590 σῶμα

2197 1610 2563 1681 τεθαμμένοι).

2275 1785 2354 1856 Τῇ
2383 1819 2454 1828 --
2481 1787 2743 1857 πρώτης.
2795 1789 3231 1859 Ἀσφαλίσασθαι
3277 1791 3368 1845 τὸν
3405 1790 3595 1858 τάφον,
3613 1791 3776 1859 ἤγουν

2200 1881 2509 1950 σφραγίσαι
2546 1883 2993 1954 καὶφρουρῆσαι.
3015 1883 3176 1937 Ἐπεὶ
3198 1885 3253 1937 δὲ
3270 1884 3378 1936 ἔδει
3403 1882 3774 1953 πιστευθῆναι,

494 1979 669 2034 diam.
710 1981 846 2043 Quia
883 1988 1069 2031 autem
1101 1976 1254 2031 credi
1310 1975 1622 2044 oportebat,
1671 1976 1815 2045 quod
1848 1983 2084 2030 mortuus

2197 1975 2279 2028 ὅτι
2298 1975 2395 2027 καὶ
2414 1975 2674 2040 ἀπέθανε,
2695 1977 2792 2030 καὶ
2812 1978 3010 2047 ἐτάφη,
3033 1979 3127 2030 καὶ
3155 1976 3558 2047 ἀνέστη,βλὲπε
3587 1978 3682 2028 καὶ
3709 1976 3777 2027 τὰ

499 2081 646 2124 esset
667 2081 721 2125 et
749 2071 1024 2140 sepultus.
1059 2071 1318 2139 quodque
1353 2068 1776 2132 resurrexisset,
1826 2067 1950 2122 vide
1991 2069 2093 2122 tria

499 2166 618 2220 haec
684 2165 1041 2218 inimicorum
1086 2163 1417 2219 testimoniis
1439 2162 1779 2233 approbata;
1833 2161 2093 2216 conside-

495 2258 668 2311 randa
708 2268 839 2311 sunt
865 2257 1019 2310 enim
1051 2255 1218 2310 verba
1245 2271 1464 2309 eorum.
1514 2254 1669 2319 Quod
1714 2254 1861 2307 enim
1889 2253 2044 2306 aiunt
2077 2269 2090 2306 :

493 2350 780 2404 Recordati
816 2366 1019 2414 sumus,
1054 2355 1190 2418 quod
1224 2351 1476 2416 impostor
1506 2346 1598 2400 ille
1619 2348 1754 2400 dixit
1789 2346 1962 2398 adhuc
2017 2346 2094 2398 ci-

491 2457 636 2501 vem,
672 2451 960 2495 attestatur
982 2442 1126 2510 quod
1161 2449 1411 2494 mortuus
1440 2440 1532 2494 sit.
1601 2439 1758 2504 Quod
1791 2448 1977 2492 autem
2005 2454 2092 2492 se-

492 2539 680 2605 quitur
711 2553 725 2588 :
759 2533 892 2588 lube
922 2533 1119 2586 muniri
1147 2531 1474 2598 sepulcrum,
1510 2539 1798 2585 attestatur
1828 2530 1972 2599 quod
1998 2545 2090 2584 sec

494 2628 683 2697 pultus
714 2628 801 2680 sit.
840 2625 1012 2679 Porro
1044 2627 1187 2695 quod
1236 2627 1580 2696 subjungunt
1609 2641 1624 2678 :
1659 2623 1738 2677 Ne
1768 2623 1979 2693 quando
2008 2639 2090 2677 ve-

493 2722 693 2773 nientes
751 2718 995 2786 discipuli
1028 2719 1140 2785 ejus
1177 2718 1424 2786 [urentur
1459 2717 1654 2783 ipsum,
1711 2713 1927 2784 plenam
1960 2714 2091 2768 facit

2191 2064 2318 2134 τρία
2334 2062 2508 2119 ταῦτα
2536 2065 2970 2137 μαρτυρούμενα
2987 2069 3142 2139 παρὰ
3173 2067 3282 2121 τῶν
3315 2067 3545 2137 ἐχθρῶν.
3569 2067 3780 2135 Σκοπηο

2189 2157 2308 2210 τέον
2336 2157 2446 2228 γὰρ
2480 2159 2604 2221 τοὺς
2633 2159 2828 2227 λόγους
2845 2161 3047 2215 αὐτῶν.
3080 2162 3121 2214 Τ
3126 2160 3153 2212 ὸ
3175 2161 3294 2230 μὲν,
3333 2159 3772 2230 Ἐμνήσθημεν,

2190 2250 2278 2303 ὅτι
2308 2253 2340 2304 ό
2376 2250 2612 2318 πλάνος
2638 2252 2872 2320 ἐκεῖνος
2905 2249 3077 2307 εἶπεν
3101 2256 3186 2308 ἐτι
3220 2252 3354 2319 ζῶν,
3391 2256 3664 2324 μαρτυρεί
3696 2253 3776 2304 ὅτι

2192 2344 2452 2398 ἁπέθανεσ
2473 2349 2532 2398 τὸ
2548 2346 2626 2412 δὲ,
2642 2345 2953 2402 Κέλευσον
2968 2347 3423 2417 ἀσφαλισθῆναι
3437 2350 3542 2401 τὸν
3555 2347 3772 2416 τάφον,

2197 2436 2426 2505 βεϐαιοῖ,
2455 2441 2538 2492 ὅτι
2573 2442 2751 2511 ἐτάφη
2776 2446 2866 2495 ’τὸ
2889 2443 2966 2508 δὲ,
2997 2445 3248 2510 Μήποτε
3277 2443 3561 2507 ἐλθόντες
3585 2445 3642 2495 οἱ
3664 2457 3775 2510 ,ιλιι⁹

2191 2530 2572 2597 θηταὶαὺτοῦ
2604 2535 2917 2603 κλέψωσιν
2942 2538 3150 2597 αὐτὸν,
3183 2538 3524 2607 πληροφορεῖ
3555 2538 3638 2589 ὅτι
3665 2535 3772 2606 (68)

2189 2625 2618 2694 ἁσφαλισθέντος
2675 2629 2787 2698 (69)
2854 2630 2916 2682 οὐ
2976 2629 3336 2701 κλαπήσεται.
3409 2632 3518 2684 Καὶ
3590 2629 3774 2682 λοιπὲν

2192 2717 2590 2790 ἀναντίρῥητος
2623 2722 2654 2791 ὴ
2685 2723 3002 2786 ἀνάστασις.

493 2811 680 2875 ﬁdem,
734 2813 879 2880 quod
937 2811 1151 2863 munito
1180 2807 1458 2879 sepulcro,
1513 2821 1622 2862 non
1653 2806 1726 2861 sit
1781 2804 1929 2861 furto
1989 2806 2265 2863 sublatum
2321 2826 2542 2882 corpus,
2620 2822 2676 2868 et
2721 2814 2794 2868 ita
2855 2816 3242 2872 resurrectioni
3310 2817 3607 2873 contradici
3663 2833 3773 2871 non

491 2915 692 2976 potest,

566 3000 793 3065 Dignum
831 3005 915 3050 est
971 3004 1153 3049 autem
1208 3005 1268 3048 ut
1310 2994 1654 3063 inquiramus
1704 2993 1797 3049 ubi
1830 2992 2080 3048 dixerit:

489 3089 615 3143 Post
670 3099 780 3142 tres
813 3090 922 3140 dies
968 3104 1267 3156 resurgam.
1321 3087 1604 3156 Siquidem
1657 3087 1818 3141 variis
1856 3087 1909 3140 in
1951 3087 2085 3139 locis

491 3185 626 3237 diuit
653 3185 938 3248 discipulis
973 3200 985 3231 :
1021 3180 1195 3233 Tertia
1223 3183 1307 3234 die
1329 3196 1621 3248 resurgam.
1651 3180 1707 3235 ια
1722 3191 1934 3235 autem:
1960 3178 2082 3234 Past

2265 2993 2451 3056 ’Ἄξιον
2483 2992 2541 3046 δὲ
2595 2993 2850 3066 ζητῆσαι,
2890 2996 2991 3050 ποῦ
3045 2991 3220 3062 εἶπεν,
3261 2999 3342 3052 ὁτι
3400 3003 3560 3057 Μετὰ
3615 3005 3772 3074 τρεῖς

2191 3085 2417 3155 ἡμέρας
2477 3087 2799 3156 ere/popae
2841 3090 2961 3142 Ὅτι
2993 3092 3091 3160 μὲν
3131 3092 3239 3160 γὰρ
3291 3096 3354 3162 τῇ
3388 3095 3543 3166 τρίτῃ
3585 3099 3764 3168 quem

2191 3184 2579 3253 ἀναστήσεται,
2631 3184 2904 3254 διαφόρως
2961 3185 3081 3241 εἷπε
3129 3190 3268 3257 πρὸς
3321 3191 3443 3253 τοὺς
3486 3193 3767 3264 μαθητὰς·

491 3285 592 3327 tres
622 3277 733 3326 dies
766 3290 1063 3342 resurgam,
1091 3287 1357 3341 nusquam
1380 3272 1536 3325 dixit.
1572 3269 1682 3324 lloc
1709 3271 1891 3339 itaque
1919 3269 2084 3327 Judaei

2197 3275 2276 3326 ὃτι
2303 3275 2360 3327 δὲ
2411 3277 2573 3330 Μετὰ
2627 3277 2783 3345 τρεῖς
2840 3279 3062 3347 ἡμέρας
3104 3280 3420 3350 ἐγείρομαι,
3463 3285 3562 3338 οὐκ
3616 3282 3770 3338 εἶπεν

487 3369 558 3421 ab
596 3367 849 3432 exemplo
885 3364 1036 3419 Jonas
1076 3365 1222 3433 quod
1257 3364 1323 3417 ad
1355 3379 1451 3417 eos
1481 3363 1692 3417 dixerat
1731 3364 2080 3433 colligebant.

489 3465 834 3517 Postremum
873 3477 998 3514 vero
1034 3476 1276 3514 errorem
1309 3459 1586 3521 dicebant,
1619 3459 1764 3527 quod
1792 3475 1820 3510 a
1851 3456 2083 3512 mortuis

487 3556 884 3620 resurreaerit;
923 3555 1163 3622 priorem
1188 3566 1315 3605 vero
1346 3550 1490 3621 quod
1521 3552 1594 3605 sit
1625 3549 1794 3606 Filius
1824 3550 1940 3604 Dei.

559 3851 692 3917 Sed,
729 3864 760 3901 ο
792 3845 1091 3908 insensati,
1136 3859 1244 3912 quo
1295 3841 1512 3896 tandem
1551 3839 1657 3892 line
1686 3846 1872 3892 essent
1903 3837 2079 3907 ipsum

484 3949 633 4004 furto
666 3941 975 3999 sublaturi?
1034 3939 1148 3992 Nisi
1180 3937 1325 3991 enim
1390 3935 1553 3989 tentio
1591 3933 1678 3987 die
1717 3931 2081 3986 resurrexerit

483 4040 627 4093 sicut
685 4033 967 4105 promisit,
1023 4019 1373 4084 manifestum
1422 4035 1505 4080 est
1559 4024 1702 4094 quod
1739 4023 1976 4092 decepti,
2026 4033 2081 4076 et

484 4140 708 4201 propter
738 4141 862 4180 eum
895 4125 963 4177 ab
988 4122 1246 4176 omnibus
1278 4120 1536 4190 gentibus
1566 4117 1695 4171 odio
1734 4116 1927 4177 habiti,
1961 4115 2080 4168 sine

482 4226 736 4282 domibus
766 4230 819 4273 et
845 4229 1093 4271 extorres
1118 4213 1273 4274 facti,
1305 4213 1488 4282 potius
1505 4208 1908 4262 aversabuntur
1931 4222 2079 4270 eum,

487 4332 542 4374 et
578 4320 703 4372 odio
747 4313 1028 4367 habebunt
1053 4316 1311 4376 tanquam
1363 4305 1740 4373 impostorem,
1787 4310 1842 4356 et
1872 4303 1946 4355 ita
1975 4315 2078 4355 n0-

484 4415 600 4467 lent
627 4427 752 4465 eum
785 4405 978 4459 iurari.
1014 4402 1120 4454 Sed
1150 4412 1331 4468 neque
1364 4396 1564 4465 populo
1593 4394 1930 4464 persuadere
1977 4409 2079 4464 po-

485 4513 690 4563 terunt,
728 4500 876 4569 quod
906 4513 934 4549 a
967 4493 1200 4546 mortuis
1235 4493 1558 4544 surrexerit.
1595 4487 1692 4541 Cui
1729 4488 1875 4542 enim
1927 4487 2076 4540 inni-

485 4593 710 4650 tentur?
738 4607 804 4643 an
851 4586 1210 4640 vehementia:
1247 4580 1604 4634 sermonum?
1631 4581 1778 4646 atqui
1811 4579 2072 4632 illitterati

2189 3364 2454 3434 οὐδαμοῦ.
2520 3368 2720 3420 Λοιπὸν
2758 3366 2854 3421 οὖν
2906 3369 3151 3424 Ἰουδαῖοι
3212 3375 3318 3440 ἀπὸ
3373 3375 3468 3427 τοῦ
3509 3378 3649 3430 κατὰ
3676 3380 3768 3430 τὸν

2203 3457 2388 3511 Ἰωνᾶν
2413 3459 2880 3530 παραδείγματος,
2933 3463 3027 3516 τοῦ
3073 3465 3331 3534 ῥηθέντος
3372 3467 3510 3538 πρὸς
3541 3473 3763 3535 αὐτοὺς,

2186 3552 2344 3604 τοῦτο
2385 3553 2823 3620 συνελογίσαντο.
2866 3556 3130 3628 Ἐσχάτην
3169 3561 3271 3629 μὲν
3303 3559 3396 3613 οὖν
3432 3561 3638 3632 πλάνην
3680 3564 3770 3616 λέ-

2190 3660 2342 3712 γουσι
2392 3647 2519 3712 περὶ
2541 3647 2658 3712 τοῦ,
2690 3649 2770 3700 ὅτι
2803 3651 3010 3721 ἠγέρθη
3042 3652 3149 3704 ἀπὸ
3191 3651 3299 3705 τῶν
3332 3654 3540 3724 νεκρῶν
3566 3673 3579 3686 ·
3620 3657 3772 3727 πρώ-

2183 3754 2289 3809 την
2310 3739 2366 3792 δὲ
2403 3743 2529 3810 περὶ
2558 3742 2675 3804 τοῦ,
2705 3742 2785 3794 ὅτι
2818 3743 2945 3805 Υίὸς
2979 3743 3112 3796 Θεοῦ
3143 3741 3230 3818 ἦν.

2267 3834 2407 3886 Ἀλλ’
2441 3828 2756 3898 ὧάνόητοιί
2793 3842 3126 3907 σκοπὴσατε,
3158 3841 3302 3904 τίνος
3324 3843 3509 3895 ἕνεκεν
3539 3845 3765 3913 κλέψοι-

2186 3941 2271 3977 σιν
2298 3925 2495 3992 αύτὸνς
2555 3928 2679 3979 Ἐὰν
2731 3931 2840 3998 γὰρ
2879 3931 2979 3982 οὐκ
3015 3934 3219 4003 ἀναστῇ
3260 3937 3326 4004 τῇ
3363 3935 3521 4008 τρίτῃ
3556 3940 3760 4008 ἡμέρᾳ,

2184 4021 2367 4084 καθὼς
2400 4021 2785 4088 ἐπηγγείλατο,
2807 4023 3095 4093 πρόδηλον,
3121 4026 3218 4091 ὼς,
3245 4027 3638 4097 ἀπατηθέντες,
3669 4033 3762 4083 καὶ

2182 4108 2253 4159 δι’
2281 4108 2445 4160 αὑτὸν
2483 4109 2618 4180 πρὸς
2677 4111 2796 4163 ὅλον
2837 4113 2895 4164 τὸ
2931 4113 3080 4177 ἔθνος
3131 4117 3630 4185 ἐκπολεμωθὲντες,
3667 4123 3760 4175 καὶ

2188 4201 2388 4267 ἄοικοι,
2449 4205 2542 4255 καὶ
2603 4205 2860 4270 ἀπόλιδες
2884 4210 3196 4278 γενόμενοι,
3238 4212 3762 4284 ἁποστραφήσονται

2185 4294 2384 4362 μᾶλλον
2424 4297 2520 4347 καὶ
2583 4302 2906 4369 μισήσουσιν
2979 4303 3165 4367 αὑτϋν,
3231 4304 3306 4367 ὼς
3355 4306 3577 4361 πλάνον.
3642 4311 3754 4363 Καὶ

2179 4390 2267 4442 διὰ
2314 4389 2477 4442 τοῦτο
2525 4391 2622 4460 μὲν
2679 4393 2738 4444 οὑ
2774 4393 3096 4463 θελήσουσιν
3149 4398 3332 4460 αὑτὸν,
3388 4399 3498 4471 (ῑο)
3536 4401 3754 4472 κλέψαι,

2195 4481 2334 4534 Ἀλλ’
2363 4484 2483 4535 οὐδὲ
2527 4484 2850 4554 δυνήσονται
2887 4489 3076 4541 πεῖσαι
3121 4490 3210 4544 τὸν
3236 4490 3366 4544 λαὸν
3421 4495 3502 4547 ὃτι
3547 4496 3755 4569 ἠγέρθη

2179 4576 2286 4629 ἀπὸ
2334 4577 2442 4629 τῶν
2474 4577 2707 4645 νεκρῶν.
2767 4579 2883 4632 Τίνι
2915 4582 3020 4652 γὰρ
3076 4587 3170 4635 καὶ
3238 4583 3635 4657 θαρῤήσουσινς
3688 4595 3752 4662 τῇ

482 4699 630 4742 sunt.
667 4689 746 4736 An
779 4684 916 4735 forte
947 4675 1292 4731 abundantiae
1318 4675 1545 4727 rerum?
1587 4674 1737 4741 atqui
1786 4681 1915 4725 sunt
1948 4686 2070 4725 om-

2189 4669 2447 4736 δεινότητι
2479 4641 2590 4722 τῶν
2626 4671 2835 4738 λόγων;
2878 4641 3129 4747 xui-pip;
3171 4641 3528 4749 ἀγρέείμίατοί
3575 4641 3750 4737 είνσιν

484 4798 632 4833 ιιιιιιιι
661 4773 1015 4847 pauperrimi.
1037 4769 1267 4825 Generis
1298 4766 1544 4820 fortassis
1569 4765 1840 4820 claritati?
1879 4780 2065 4819 verum

486 4872 752 4945 ignobiles
811 4882 962 4927 sunt,
997 4865 1140 4918 etab
1191 4860 1521 4932 ignobilibus
1551 4858 1840 4929 progeniti.
1870 4858 2064 4912 Utrum

483 4968 813 5034 suiipsorum
863 4955 1239 5012 multitudini?
1273 4962 1329 5006 at
1365 4968 1475 5006 non
1514 4953 1696 5021 plures
1730 4961 1860 5006 sunt
1899 4967 2061 5021 quam

482 5057 790 5112 duodecim.
823 5051 1016 5106 Utrum
1043 5048 1232 5118 patria:
1263 5044 1580 5114 splendori?
1608 5060 1795 5098 verum
1823 5061 1851 5097 a
1891 5044 2068 5114 regio-

482 5153 644 5206 nibus
673 5155 800 5202 sunt
824 5146 1070 5199 obscuris
1095 5150 1149 5195 ct
1188 5139 1536 5211 ignobilibus.
1575 5139 1657 5190 An
1692 5137 1896 5206 putatis
1923 5138 2065 5205 quod

484 5239 835 5312 pncceptoris
879 5231 1379 5306 promissionibns?
1423 5231 1670 5295 Quibus?
1699 5231 1754 5284 Si
1783 5231 2063 5284 enimnon

483 5330 863 5387 resurrexerit,
913 5343 1091 5396 neque
1115 5325 1222 5379 illis
1255 5323 1516 5376 credituri
1556 5331 1703 5376 sunt.
1737 5321 2088 5376 Demonstra-

485 5434 595 5477 tum
627 5431 711 5477 est
752 5421 918 5490 igitur
951 5419 1098 5487 quod
1140 5431 1280 5471 vane
1325 5414 1678 5483 suspicamini
1726 5415 1872 5469 hunc
1925 5417 2069 5470 furto

479 5516 838 5568 auferendum
865 5526 984 5564 esse
1015 5528 1027 5563 :
1061 5512 1131 5565 ob
1157 5510 1333 5565 dictas
1366 5509 1511 5562 cnim
1548 5522 1740 5563 causas
1770 5519 1855 5563 est
1890 5509 2069 5563 inere-

481 5607 665 5660 dibile.

2192 4761 2357 4815 Ἀλλὰ
2384 4764 2450 4832 τῇ
2476 4764 2766 4834 περιουσίᾳ
2805 4764 2915 4817 τῶν
2951 4769 3283 4838 χρημάτων;
3311 4775 3401 4823 καὶ
3435 4774 3539 4843 μὴν
3574 4777 3753 4832 ἁπάν-

2175 4877 2284 4913 των
2317 4859 2424 4912 εἶσὶ
2454 4858 2793 4927 πενέστεροι.
2856 4859 3012 4912 Ἀλλὰ
3044 4864 3110 4931 τῇ
3158 4867 3483 4934 περιφανεία
3521 4868 3614 4920 τοῦ
3663 4872 3754 4939 γὲ-

2173 4971 2298 5016 νους
2324 4969 2339 5019 ;
2372 4951 2465 5005 καὶ
2493 4951 2600 5021 μὴν
2628 4951 2864 5015 εὐτελεῖς
2886 4954 3021 5006 είσὶν
3047 4953 3106 5018 ἐξ
3142 4956 3375 5019 εὐτελῶν
3397 4974 3408 4987 ·
3460 4960 3616 5014 Ἀλλὰ
3669 4967 3748 5035 τῷ

2172 5046 2370 5116 πλήθει
2425 5045 2668 5111 ὲαυτῶν;
2707 5048 2803 5098 καὶ
2857 5045 2963 5116 μὴν
2999 5049 3059 5100 οὐ
3107 5050 3324 5114 πλείους
3361 5054 3465 5106 εἱσι
3517 5056 3624 5108 τῶν
3661 5059 3748 5108 ἒν-

2170 5141 2324 5193 δεκα.
2375 5138 2540 5192 Ἀλλὰ
2582 5137 2658 5208 τῷ
2694 5139 3037 5209 μεγέθειτῆς
3074 5142 3360 5209 πατρίδος;
3394 5145 3617 5213 καὶμὴν
3640 5149 3748 5200 ἀπ’)

2172 5233 2388 5302 χωρίων
2425 5231 2567 5282 εἰσὶν
2620 5232 2884 5300 ὰσήμων’
2932 5232 3065 5285 ἀλλὰ
3120 5235 3239 5296 ταῖς
3271 5237 3623 5303 ἐπαγγελίαις
3653 5239 3745 5291 τοῦ

2195 5326 2547 5388 διδασκάλου;
2585 5325 2804 5389 Ποίαις;
2861 5325 2922 5377 Ei
2963 5325 3036 5395 μὴ
3076 5328 3274 5397 ἀναστῇ
3309 5327 3434 5398 γὰρ,
3462 5330 3571 5381 οὐδ’
3605 5332 3748 5384 ὲκεί-

2169 5436 2288 5476 ναις
2319 5417 2662 5470 πιστεύουσι.
2697 5418 2978 5487 Δέδεικται
3034 5421 3215 5472 τοίνυν
3265 5421 3348 5473 ὅτι
3402 5423 3578 5491 μάτην
3608 5426 3743 5476 ὑπο-

2170 5517 2400 5565 πτεύετε
2425 5512 2702 5574 κλαπῆναι
2726 5510 2940 5564 τοῦτον·
2964 5507 3064 5566 oin:
3085 5513 3352 5583 ἐνδέχεται
3377 5517 3484 5585 γὰρ
3538 5517 3624 5569 διὰ
3648 5517 3745 5580 τὰς

2165 5605 2462 5674 εἰρημένας
2489 5604 2687 5665 αἰτίας.

1695 5781 1890 5844 Variae
1924 5781 2228 5844 lectiones
2264 5791 2322 5844 et
2357 5791 2548 5844 nota).

556 5907 667 5976 (6⁸)
703 5908 844 5965 Ὅτι,
862 5913 1034 5965 abest.
1078 5921 1140 5974 Α.

559 5980 671 6050 (59)
705 5978 809 6028 ⁷1ὀῦ
838 5985 1029 6045 τάφου.

2251 5909 2364 5981 (70)
2395 5909 2617 5978 Τοῦτον,
2652 5927 2750 5980 pro
2781 5911 2964 5970 αὐτόν.
3000 5915 3063 5966 Α.
