4032 6490
434 463 533 526 751

1671 465 2049 527 EUTHYMH
2095 467 2452 530 ZIGABENI

3599 478 3703 541 752

508 579 725 635 Etenim
770 595 860 634 rex
889 595 1108 649 quoque
1130 579 1223 648 qui
1250 579 1318 634 ad
1344 592 1554 636 certum
1605 580 1751 637 diem
1810 583 1988 638 bcneli

2188 585 2298 638 Καὶ
2323 586 2432 656 γὰρ
2462 585 2574 657 (82)
2599 587 2690 640 καὶ
2725 587 3004 656 βασιλεὺς,
3033 590 3508 663 ἐπαγγειλάμενος
3538 591 3697 660 εὐερ-

431 674 580 728 ciutn
606 674 927 744 quibusdam
959 669 1211 725 conferre
1240 671 1513 741 promisit,
1538 672 1582 727 si
1602 683 1730 728 ante
1748 682 2014 728 statutum

434 767 580 820 diem
611 765 943 821 beneticium
978 765 1060 820 eis
1092 763 1366 830 conferat,
1426 780 1536 820 non
1567 765 1743 822 solum
1788 767 2017 837 promis-

433 875 555 914 sum
583 857 894 926 complevit,
931 857 1028 911 sed
1055 867 1110 911 et
1131 856 1293 911 aliam
1322 857 1552 928 gratiam
1582 858 1890 914 velocitatis
1916 857 2014 912 ad-

431 951 588 1007 didit.
625 948 770 1004 Nihil
803 961 986 1004 autem
1015 950 1160 1006 aliud
1185 948 1361 1006 Judaei
1400 950 1666 1022 appositis
1719 950 2016 1023 signaculis

429 1059 492 1099 ac
508 1042 830 1098 custodibus
849 1043 1205 1112 apparabant,
1222 1060 1385 1113 quam
1404 1053 1464 1099 ut
1485 1046 1816 1099 resurrectio
1832 1044 2015 1113 publi-

429 1146 665 1202 carctur,
725 1147 1081 1207 sumeretque
1112 1137 1181 1192 ab
1215 1136 1347 1207 ipsis
1390 1137 1713 1192 custodibus
1764 1135 2014 1191 testimo-

427 1232 600 1285 nium.
628 1229 736 1284 Sed
771 1246 985 1284 rursum
1005 1233 1071 1286 ad
1102 1232 1374 1286 dictorum
1399 1229 1730 1284 narrationis
1762 1228 2012 1284 ordinem

427 1323 812 1388 revertendum
845 1333 950 1379 est.

499 1501 710 1556 νει-ενι.
741 1499 863 1562 Pri;
881 1501 1068 1554 timore
1095 1508 1276 1553 autem
1306 1528 1374 1539 —
1397 1499 1614 1554 mortui.
1650 1498 1768 1553 Prte
1817 1497 2012 1552 timore

423 1601 789 1654 terrmmotus,
809 1590 910 1645 fuit
931 1590 1076 1645 enim
1104 1603 1368 1662 magnus;
1393 1598 1490 1645 aut
1511 1588 1713 1661 angeli,
1733 1588 1836 1643 fuit
1861 1590 2012 1645 enim

421 1693 644 1754 aSpectu
665 1683 948 1738 terribilis.
973 1680 1230 1738 Concussi
1255 1693 1376 1736 sunt
1397 1690 1608 1747 autem,
1629 1683 1733 1736 hoc
1754 1691 1858 1748 est,
1873 1681 2011 1736 Tre-

419 1785 701 1842 mucrunt;
725 1775 924 1831 deinde
957 1775 1025 1830 ad
1059 1790 1119 1830 se
1141 1774 1346 1830 reversi
1383 1773 1663 1844 fugerunt,
1698 1785 1749 1829 et
1775 1775 1847 1829 ita
1888 1791 2011 1829 mu-

420 1867 646 1921 lieribus
671 1867 796 1922 data
821 1876 914 1931 ,εει
932 1866 1223 1922 securitas.

476 1958 647 2013 γωδ.
683 1959 736 2013 5.
776 1958 1453 2029 Respondens—vos.Ne,
1485 1958 1687 2029 inquit,
1721 1958 2005 2012 timueritis

415 2067 520 2115 vos,
558 2050 655 2106 sed
688 2051 742 2105 lii
765 2061 898 2121 puta
935 2052 1216 2117 custodes,
1243 2066 1546 2121 omnesque
1571 2049 2007 2116 inimiciDomi-

415 2144 490 2197 ni.
517 2142 759 2197 Primum
785 2144 969 2213 itaque
1003 2143 1200 2199 timore
1225 2143 1342 2198 illas
1360 2143 1613 2199 liberavit
1645 2151 1700 2196 et
1747 2155 2004 2197 sermone

414 2245 468 2290 et
506 2236 717 2303 habitu,
753 2235 952 2291 deinde
989 2235 1057 2291 de
1082 2235 1490 2291 resurrectione
1523 2235 1768 2291 disserit.

490 2443 639 2497 Vc’rs.
666 2443 717 2497 5.
750 2439 872 2496 Scio
899 2469 970 2480 -
998 2438 1257 2511 queritis.
1292 2438 1415 2491 Non
1441 2436 1798 2491 confunditur
1820 2435 2002 2491 dicere

415 2536 702 2590 Dominum
746 2549 906 2589 suum
939 2530 1303 2596 cruciﬁxum;
1337 2531 1466 2599 quia
1498 2530 1583 2583 his
1628 2529 1850 2598 quidem
1906 2527 2002 2597 qui

413 2639 541 2683 ante
578 2627 758 2697 ipsum
787 2624 1030 2679 cruciﬁxi
1056 2631 1206 2687 sunt,
1232 2637 1366 2677 crux
1388 2620 1686 2692 ignominia
1712 2629 1851 2686 erat,
1874 2635 1998 2674 cum

410 2730 791 2793 argumentum
816 2714 1446 2773 essetmaleiiciieorum
1475 2735 1488 2768 :
1514 2714 1643 2768 huic
1663 2729 1788 2768 vero
1817 2712 1998 2784 potius

408 2816 598 2888 gloria,
618 2830 743 2869 cum
776 2813 940 2868 fuerit
960 2810 1361 2866 demonstratio
1384 2809 1634 2865 beneﬁcii
1656 2809 1713 2862 iu
1749 2809 1998 2862 homines

409 2913 614 2976 collati,
648 2918 869 2980 propter
909 2908 1052 2977 quod
1096 2908 1161 2960 ad
1214 2919 1433 2961 crucem
1475 2905 1872 2959 condemnatus
1892 2912 1995 2958 est.

482 3004 634 3060 Vers.
667 3004 720 3057 6.
751 3004 954 3068 Non.—
986 3001 1262 3054 Dominus.
1289 2997 1486 3051 Diccns
1515 2997 1804 3062 :Accedite,
1823 2996 1998 3049 videte

406 3103 576 3153 locum
605 3097 693 3151 ubi
739 3097 941 3165 positus
991 3103 1106 3148 erat
1148 3091 1428 3156 Dominus,
1485 3089 1811 3161 signiﬁcavit
1851 3091 1995 3160 quod

406 3198 631 3260 propter
662 3203 775 3247 eas,
812 3185 1156 3246 utviderent,
1186 3182 1419 3252 lapidem
1454 3179 1778 3233 revolverat.

2119 676 2354 744 γετῆσαί
2387 695 2542 742 τινας
2572 681 2651 742 είς
2684 679 2858 752 ῥητὴν
2902 682 3142 752 ἡμέραν,
3176 679 3296 738 εἶτα
3329 684 3434 755 προ
3488 685 3696 754 ταύτης

2119 771 2492 843 εὐεργετήσας
2529 773 2751 840 αὐτοὺς,
2780 775 2842 827 ού
2874 777 3038 845 μόνον
3074 777 3359 848 ἐπλήρωσε
3393 777 3491 848 τὴν
3521 780 3698 846 ἑπαγ-

2118 863 2331 932 γελίαν,
2376 864 2517 932 ἀλλὰ
2553 866 2647 919 καὶ
2679 867 2844 938 χάριν
2889 869 3058 940 ἄλλην
3104 871 3434 944 προσέθηκε,
3472 870 3570 940 τήν
3601 871 3701 938 τῆς

2118 955 2447 1028 ταχύτητος.
2502 960 2674 1013 Οὐδὲν
2714 960 2773 1014 δὲ
2818 962 3008 1036 ἕτερον
3054 963 3400 1018 ἐσπούδασαν
3456 963 3699 1016 Ἰουδαῖοι

2117 1051 2215 1114 τὰς
2248 1054 2556 1123 σφραγῖδας
2582 1053 2944 1118 ἐπιϐαλόντες
2972 1055 3214 1118 καὶτοὺς
3241 1054 3486 1124 φύλακας
3516 1070 3694 1123 παρα-

2119 1145 2449 1208 καθίσαντες
2506 1144 2539 1215 ή
2569 1147 2628 1199 τὸ
2657 1146 3093 1218 δημοσιευθῆναι
3120 1146 3221 1218 τήν
3253 1148 3569 1211 ἀνάστασιν,
3601 1145 3698 1196 καὶ

2119 1237 2547 1308 μαρτυρηθῆναι
2605 1239 2757 1310 παρά
2816 1240 2924 1293 τῶν
2979 1240 3237 1309 φυλάκων
3311 1239 3510 1292 αὐτῶν.
3555 1235 3695 1289 Ἀλλ’

2116 1331 2407 1385 ἐπανιτέον
2443 1331 2610 1384 πάλιν
2647 1331 2785 1402 πρὸς
2814 1331 2914 1398 τὴν
2950 1331 3282 1386 ἀκολουθίαν
3329 1331 3430 1401 τῆς
3462 1329 3568 1381 τῶν
3595 1331 3691 1397 ρη-

2117 1421 2228 1477 τῶν
2259 1423 2605 1494 ἐξηγήσεως.

2199 1517 2345 1572 Ἀπὸ
2379 1516 2447 1570 δὲ
2476 1516 2584 1570 τοῦ
2613 1517 2804 1584 φόϐου
2826 1545 2896 1557 —-
2922 1518 3146 1584 νεκροί.
3187 1517 3320 1570 Ἀπὸ
3369 1516 3463 1570 τοῦ
3501 1515 3690 1585 φόϐου,

2113 1607 2210 1661 τοῦ
2249 1606 2478 1677 σεισμοῦ
2504 1622 2522 1648 .·
2558 1606 2735 1676 μέγας
2779 1605 2889 1678 γὰρ
2913 1603 2982 1677 ἦν
3005 1620 3018 1635 ⁶
3045 1607 3077 1677 ἢ
3109 1607 3204 1660 τοῦ
3233 1609 3489 1676 ἀγγέλου,
3521 1624 3691 1658 κατα-

2115 1697 2419 1768 πληκτικὸς
2483 1698 2595 1768 γὰρ
2649 1693 2740 1770 ἦν.
2805 1699 3211 1766 Ἑσείσθησαν
3258 1698 3337 1764 δὲ,
3399 1697 3521 1751 ἀντὶ
3575 1696 3691 1758 τοῦ,

2112 1789 2476 1861 ’,Ετρόμαξαι
2503 1787 2638 1842 Εἶτα
2664 1788 3065 1858 ἀνανήψαντες,
3103 1788 3327 1858 ἔφυγον,
3355 1789 3450 1843 καὶ
3470 1790 3692 1857 γέγονεν

2111 1877 2268 1932 ἄδεια
2298 1881 2422 1943 ταῖς
2450 1879 2722 1948 γυναιξίν.

2198 1970 2569 2040 Ἀποκριθεὶς
2626 2001 2698 2012 -
2749 1968 2941 2040 ὑμεῖς.
2993 1970 3091 2039 Μὴ
3145 1968 3446 2040 φοϐεῖσθε,
3503 1969 3689 2038 φησὶν,

2111 2066 2294 2135 ὑμεῖς·
2329 2064 2447 2119 ἀλλ’
2478 2057 2648 2130 οὗτοι,
2686 2063 2913 2134 δηλαδὴ,
2953 2065 3001 2118 οἱ
3054 2063 3303 2133 φύλακες
3358 2062 3452 2116 καὶ
3487 2061 3689 2124 πάντες

2107 2158 2156 2210 οἱ
2187 2155 2380 2227 ἐχθροὶ
2410 2155 2505 2208 τοῦ
2555 2155 2789 2226 Κυρίου.
2829 2155 3057 2227 Πρῶτον
3109 2155 3208 2225 μὲν
3255 2153 3348 2207 οὖν
3379 2153 3687 2223 ἀπήλλαξεν

2106 2249 2281 2312 αὑτὰς
2316 2248 2412 2302 τοῦ
2443 2249 2614 2329 ,δέους
2689 2249 2786 2303 καὶ
2841 2248 2987 2319 λόγῳ
3039 2248 3134 2302 καὶ
3183 2249 3446 2318 σχήματι’
3499 2245 3688 2298 ἔπειτα

2107 2344 2238 2415 περὶ
2266 2343 2368 2414 τῆς
2406 2343 2763 2406 ἀναστάσεως
2785 2342 3122 2412 διαλέγεται.

2171 2433 2317 2491 Οἶδα
2344 2466 2411 2475 -
2441 2432 2681 2507 ζητεῖτε.
2710 2436 2825 2489 Οὐκ
2855 2432 3252 2506 ἐπαισχύνεται
3289 2434 3463 2503 λέγων
3496 2435 3689 2486 ἐσταυ-

2109 2535 2355 2606 ρωμένον
2373 2534 2463 2587 τὸν
2486 2533 2769 2603 Δεσπότην
2802 2533 2992 2598 αὐτοῦ,
3022 2533 3158 2586 διότι
3179 2535 3292 2596 τοῖς
3334 2532 3434 2602 μὲν
3459 2531 3564 2602 πρὸ
3588 2531 3684 2584 αὺ-

2102 2629 2198 2682 τοῦ
2246 2627 2671 2697 σταυρωθεῖσιν,
2721 2629 2960 2699 αἰσχυνη
2995 2626 3024 2680 ὁ
3065 2627 3300 2697 σταυρὸς
3330 2621 3422 2696 ἦν’
3463 2624 3688 2693 ἐλεγχος

2102 2717 2178 2772 ὢν
2211 2719 2313 2789 τῆς
2346 2717 2686 2788 κακουργίας
2721 2719 2923 2771 αὐτῶν·
2953 2718 3127 2786 τούτῳ
3173 2717 3230 2771 δὲ
3272 2717 3398 2784 δόξα
3460 2717 3685 2787 μᾶλλον,

2102 2811 2375 2876 ἀπόδειξις
2400 2812 2479 2865 ὣν
2505 2811 2609 2882 τῆς
2648 2813 2971 2880 εὐεργεσίας
3004 2810 3111 2865 τῶν
3159 2810 3487 2882 ἀνθρώπων,
3515 2808 3582 2862 δι’
3610 2809 3684 2880 ἣν

2103 2903 2292 2960 τοῦτον
2326 2906 2813 2960 καταδεδίκασται.

2177 3000 2390 3050 υύκλσ-
2439 2997 2678 3065 Κύριος.
2713 2994 2922 3060 Εἰπὼν,
2948 2995 3148 3071 Δεῦτε,
3184 2995 3337 3049 ἴδετε
3361 2996 3467 3049 τὸν
3496 2996 3684 3048 τόπον

2100 3091 2254 3144 ὅπου
2284 3089 2480 3145 ἔκειτο
2511 3094 2542 3144 ὀ
2569 3093 2808 3160 Κύριος.
2863 3090 3134 3160 ἐδήλωσεν
3163 3090 3245 3143 ὅτι
3271 3089 3338 3143 δι’
3366 3089 3559 3152 αὐτάς,
3588 3089 3677 3142 ἴνα

2099 3182 2307 3248 ίδωσιν,
2353 3183 2652 3237 ἀπεκύλισε
2683 3184 2775 3236 τὸν
2809 3181 2978 3235 λίθον.

476 3279 628 3333 Vers.
656 3279 702 3332 7.
731 3276 797 3330 Et
822 3275 1254 3328 cito—videbitis.
1280 3272 1568 3337 Prwcedet,
1592 3269 1698 3325 hoc
1719 3280 1822 3333 est.
1843 3271 1988 3325 Prat-

2168 3276 2279 3328 Καὶ
2299 3275 2450 3343 ταχὺ
2467 3305 2537 3315 -
2553 3274 2799 3344 ὄψεσθε.
2829 3273 3101 3343 Προάγει,
3128 3275 3251 3328 ἀντὶ
3271 3274 3388 3337 τοῦ,
3417 3275 3675 3345 Προλαμ-

404 3373 590 3427 veniet
624 3385 742 3426 vos.
766 3369 933 3423 Jubet
965 3377 1143 3422 autem
1189 3368 1342 3421 abire
1360 3382 1456 3421 eos
1499 3366 1556 3420 in
1590 3365 1890 3429 Galilzeam,
1933 3366 1992 3419 iu

395 3480 509 3536 qua
538 3465 657 3518 sine
678 3461 990 3516 Iudaeorum
1007 3461 1202 3514 timore
1234 3460 1300 3513 ad
1338 3475 1464 3513 eum
1495 3460 1772 3515 accessuri
1805 3468 1986 3526 erant,

394 3568 456 3612 et
483 3573 608 3614 cum
643 3572 712 3612 eo
741 3557 1014 3612 collocuta
1026 3555 1088 3609 ri.

474 3650 630 3705 Vers.
698 3651 750 3706 7.
810 3649 945 3703 Ecce
971 3650 1082 3702 dixi
1128 3646 1654 3703 vobts.l)eomuibus
1708 3645 1987 3700 videlicet.

398 3741 498 3798 Vel
525 3743 679 3797 aliter
715 3761 732 3796 :
767 3741 905 3795 Ecce
951 3741 1211 3795 admonui
1241 3755 1336 3794 vos
1368 3741 1436 3794 de
1463 3738 1749 3809 discipulis
1811 3739 1988 3792 Nolite

399 3840 585 3906 itaque
628 3835 1063 3889 admonitionem
1095 3833 1393 3903 negligere.
1446 3830 1544 3887 Hic
1581 3846 1710 3903 ergo
1761 3830 1987 3901 angelus

394 3939 551 3985 extra
585 3927 898 3998 sepulcrum
921 3941 1086 3996 super
1109 3925 1343 3994 lapidem
1374 3925 1594 3990 sedens,
1614 3926 1874 3996 praedicta
1898 3923 1984 3977 di-

394 4023 474 4078 xit
507 4021 850 4077 mulieribus.
888 4017 1027 4085 Quia
1068 4034 1196 4074 vero
1223 4034 1333 4074 non
1363 4018 1514 4073 ausis
1538 4021 1983 4091 appropinquare

389 4116 675 4187 praecepit,
701 4123 761 4168 ut
786 4113 1098 4184 sepulcrum
1123 4113 1545 4183 ingrederentur
1575 4117 1725 4182 (nam
1755 4116 1982 4188 hocsig-

392 4209 598 4272 nilic'tt,
641 4207 904 4272 Accedite,
930 4204 1100 4259 videte
1128 4204 1302 4259 locum
1329 4206 1418 4259 ubi
1438 4206 1642 4275 positus
1661 4217 1774 4261 erat
1796 4208 1980 4262 Domi-

388 4306 508 4374 nus)
542 4302 798 4373 ingressa:
830 4309 979 4355 sunt.

463 4483 568 4537 Sed
594 4481 878 4536 Mattlttcus
899 4479 1120 4548 quidem
1151 4494 1324 4549 usque
1352 4481 1417 4534 ad
1449 4481 1755 4551 ingressum
1795 4488 1979 4556 sepul-

382 4579 464 4634 cri
494 4576 753 4640 narravit,
790 4575 1000 4644 reliqua
1033 4575 1374 4644 praeteriens;
1401 4578 1583 4630 caeteri
1610 4594 1739 4632 vero
1769 4581 1975 4636 relictis

389 4674 495 4737 his,
544 4686 664 4740 qua:
700 4683 869 4738 usque
901 4668 968 4722 ad
1024 4666 1259 4734 sepulcri
1295 4669 1599 4738 ingressum
1636 4670 1970 4741 acciderant,

386 4780 507 4834 qua:
532 4764 583 4818 in
614 4762 989 4817 eofactassunt
1015 4760 1478 4827 conscripserunt.
1502 4759 1565 4814 Et
1588 4761 1693 4815 hoc
1720 4773 1805 4816 est
1825 4763 1970 4832 quod

388 4859 679 4912 maximam
720 4855 922 4924 praebet
952 4870 1061 4909 non
1093 4852 1509 4908 advertentibus
1546 4854 1968 4912 haesitationem.

386 4951 476 5004 Ait
505 4951 649 5003 enim
672 4948 915 5002 Marcus:
943 4950 1010 5001 Et
1031 4950 1280 5015 ingressa:
1304 4947 1357 4999 in
1387 4954 1966 5015 monumentumwidev

382 5053 505 5097 runt
527 5041 972 5097 adolescentulum
990 5040 1250 5094 sedentem
1265 5039 1319 5094 in
1333 5041 1809 5106 dextris,amictum
1827 5047 1965 5099 stola

379 5132 634 5195 candida,
664 5141 711 5184 et
729 5133 1127 5197 obstupuerunt.
1163 5128 1257 5181 Ille
1290 5139 1466 5182 autem
1496 5130 1622 5183 dicit
1652 5131 1759 5185 cis:
1779 5131 1859 5186 Ne
1875 5140 1967 5186 ob-

378 5228 712 5295 stupescatis.
740 5224 919 5278 Jesum
948 5225 1186 5292 quazritis
1209 5222 1552 5306 Nazarenam
1609 5226 1921 5294 cruciﬁxum
1953 5245 1970 5282 :

378 5319 626 5383 surrexit,
649 5334 750 5370 non
770 5329 843 5370 est
873 5318 974 5370 hic.
994 5316 1128 5371 Ecce
1146 5317 1288 5370 locus
1304 5318 1389 5369 ubi
1409 5328 1849 5386 posuerunteum.
1869 5320 1970 5375 Sed

2095 3370 2249 3423 ϐάνει
2291 3369 2456 3438 ὑμᾶς.
2505 3368 2739 3422 Κελεύει
2805 3353 2860 3421 δὲ
2913 3369 3113 3433 αὐτοὺς
3168 3366 3539 3430 ἀπελθεῖνιείς
3576 3368 3677 3438 τὴν

2094 3465 2408 3527 Γαλιλαίαν,
2433 3465 2490 3516 ὲν
2577 3465 2750 3534 χωρὶς
2781 3463 2948 3532 φόϐου
2974 3445 3102 3518 τῶν.
3125 3461 3398 3517 Ἰουδαίων
3443 3462 3674 3533 ἔμελλον

2092 3561 2339 3629 ἐντυχεῖν
2368 3558 2537 3630 αὐτῷ.

2176 3650 2330 3705 Ἰδοὺ
2362 3647 2535 3704 εἷπον
2568 3649 2733 3719 ὑμῖν.
2764 3651 2898 3721 Περὶ
2938 3650 3161 3703 πάντων
3217 3647 3440 3720 δηλαδή.
3476 3649 3549 3702 Ἢ
3575 3649 3674 3702 καὶ

2090 3743 2316 3812 ἑτέρως,
2351 3742 2504 3808 Ἰδοὺ,
2533 3741 2882 3811 παρήγγειλα
2910 3742 3062 3810 ὑμῖν,
3086 3742 3215 3810 περὶ
3242 3739 3351 3794 τῶν
3382 3739 3664 3810 μαθητῶν.

2090 3836 2292 3890 Λοιπὸν
2336 3833 2452 3896 οὖν,
2513 3835 2589 3904 μή
2642 3834 2962 3904 ἀμελήσητε
3007 3833 3107 3904 τῆς
3150 3834 3558 3905 παραγγελίας.
3612 3835 3670 3887 ’0

2091 3931 2191 4000 μὲν
2226 3925 2318 3983 οὖν
2357 3927 2592 3998 ἄγγελος
2624 3924 2802 3991 οὗτος,
2835 3927 2940 3990 ἔξω
2976 3927 3072 3979 τοῦ
3099 3927 3274 3992 τάφου
3323 3925 3668 3998 καθήμενος,

2087 4025 2274 4076 ἐπάνω
2306 4021 2398 4076 τοῦ
2445 4021 2622 4086 λίθου,
2659 4021 2728 4074 τά
2775 4020 3011 4091 ρηθέντα
3063 4021 3201 4089 πρὸς
3249 4020 3346 4084 τὰς
3399 4023 3665 4088 γυναῖκας

2086 4113 2259 4171 εἶπεν.
2303 4116 2458 4169 Ἐπεὶ
2493 4116 2570 4179 δὲ,
2603 4113 2681 4186 μὴ
2715 4114 3002 4185 τολμώσας
3037 4114 3282 4182 ἐγγίσαι,
3329 4113 3666 4183 παρεκελεύ-

2086 4226 2217 4262 σατο
2253 4208 2519 4262 εἰσελθεῖν
2549 4209 2628 4273 τίς
2645 4208 2736 4261 τὸν
2760 4208 2953 4279 τάφον·
2981 4208 3141 4260 τούτο
3165 4206 3274 4276 γάρ
3298 4205 3556 4276 ἐμφαίνει
3579 4207 3665 4270 τὸ,

2083 4293 2281 4366 Δεῦτε,
2340 4299 2496 4354 ἴδετε
2540 4300 2649 4352 τὸν
2690 4301 2880 4354 τόπον
2909 4299 3062 4352 ὅπου
3117 4297 3312 4352 ἔκειτο
3359 4299 3392 4351 ὁ
3418 4296 3657 4364 Κύριος-ο

2082 4392 2352 4460 εἰσῆλθον.

2152 4488 2263 4538 Kal.
2290 4489 2318 4538 ὁ
2363 4486 2463 4553 μὲν
2500 4484 2806 4550 Ματθαῑος,
2859 4485 2926 4537 τὰ
2964 4485 3136 4554 μέχρι
3166 4484 3265 4553 τῆς
3299 4482 3656 4546 είσελεύσεως

2080 4579 2274 4642 εἰπὼν,
2301 4579 2371 4632 τὰ
2399 4578 2604 4648 ταύτης
2643 4576 3022 4647 παρέδραμεν·
3054 4579 3081 4628 ὁ
3111 4576 3166 4629 δὲ
3220 4576 3444 4646 Μάρκος
3492 4578 3586 4628 καὶ
3628 4577 3659 4626 6

2081 4674 2321 4736 Λουκᾶς,
2347 4671 2415 4724 τὰ
2461 4671 2626 4741 μέχρι
2664 4674 2762 4741 τῆς
2819 4668 3175 4732 είσελεύοεως
3223 4669 3650 4741 παραλιπόντες,

2080 4767 2148 4817 τὰ
2184 4763 2387 4833 ταύτης
2442 4764 2757 4832 ἱστόρησαν.
2799 4763 2911 4815 Καὶ
2957 4761 3115 4814 τοῦτό
3153 4763 3269 4814 ἐστι
3308 4761 3369 4813 τὸ
3423 4762 3655 4831 μάλιστα

2079 4856 2320 4925 παρέχον
2344 4857 2456 4917 τοῖς
2482 4855 2558 4924 μή
2590 4854 2916 4924 προσέχουσι
2945 4855 3042 4923 τήν
3085 4853 3345 4923 ἀπορίαν.
3369 4853 3510 4923 Φησὶ
3546 4853 3654 4922 γάρ

2077 4953 2104 5002 ὁ
2131 4949 2384 5018 Μάρκος,
2412 4948 2495 5000 ὅτι
2527 4943 2641 4998 Καὶ
2674 4946 3064 5000 εἰσελθοῦσαι
3112 4950 3198 5012 εις
3228 4948 3290 5000 τὸ
3336 4945 3651 5014 μνημεῖον,

2075 5039 2240 5097 εἶδον
2260 5043 2591 5095 νεανίσκον
2624 5039 2964 5110 καθήμενον
2984 5041 3053 5093 ἐν
3088 5041 3212 5106 τοῖς
3237 5041 3477 5106 δεξιοῖς,
3493 5057 3654 5109 περι-

2075 5136 2447 5204 ὄεσλημέγον
2464 5137 2700 5201 στολὴν
2729 5121 2984 5199 λευκὴν,
3013 5134 3108 5186 καί
3130 5133 3648 5201 ἐξεθαμϐήθησαν.

2086 5236 2148 5286 '0
2179 5231 2247 5285 δὲ
2300 5233 2462 5300 λέγει
2520 5229 2748 5294 αὐταῖς·
2799 5229 2894 5296 Μὴ
2947 5227 3354 5303 ἐκθαμϐεῖσθε,
3405 5226 3652 5293 Ἰησοῦν

2073 5326 2291 5394 ζητεῖτε
2323 5324 2428 5376 τὸν
2465 5321 2836 5389 Ναζὶιρηνὸν,
2867 5323 2973 5375 τὸν
2999 5320 3478 5388 ἐσταυρωμένον-⁸
3509 5319 3646 5387 ἠγέ-

379 5409 516 5461 abite
543 5408 731 5462 :dicite
747 5407 1019 5474 discipulis
1043 5408 1157 5476 ejus
1172 5417 1219 5460 et
1235 5407 1414 5473 Petro,
1446 5410 1584 5478 quod
1600 5411 1856 5480 prwcedet
1884 5429 1969 5467 vos

2099 5423 2204 5487 ιθη,
2239 5421 2349 5471 οὐκ
2402 5419 2575 5473 ἐστιν
2599 5411 2736 5472 ὧδε.
2784 5418 2907 5494 Ἴδε
2939 5420 2970 5470 ὁ
2998 5417 3198 5480 τόπος,
3234 5414 3386 5467 ὅπου
3419 5413 3646 5478 ἔθηκαν

378 5501 432 5554 in
453 5499 736 5555 Galilaeam
766 5517 784 5554 .'
815 5500 887 5553 ibi
931 5517 1049 5553 eum
1089 5499 1347 5568 videbitis,
1376 5503 1510 5555 sicut
1542 5503 1673 5558 dixit
1723 5508 1865 5562 vobis
1901 5507 1967 5562 ⁸³.

2071 5514 2277 5569 αὐτόν.
2357 5515 2516 5566 Ἀλλ’
2583 5511 2877 5581 ὑπάγετεξ
2927 5511 3132 5562 εἴπατε
3181 5506 3302 5573 τοῖς
3351 5505 3642 5576 μαθηταῖς

377 5593 562 5647 αὑτοῦ
626 5593 723 5646 καὶ
765 5592 842 5657 τῷ
895 5593 1111 5660 Πέτρῳ,
1146 5592 1233 5647 ὅτι
1300 5593 1543 5664 προάγει
1590 5600 1745 5666 ὑμᾶς
1789 5607 1875 5672 εἰς
1917 5611 2028 5680 τὴν
2074 5611 2428 5666 Γαλιλαίαν.
2473 5605 2621 5659 Ἐκεῖ
2693 5607 2881 5660 αὑτὸν
2932 5605 3191 5672 ὄψεσθε,
3236 5604 3428 5671 καθὼς
3477 5597 3641 5658 εἶπεν

378 5689 538 5758 υμῖν.

481 5800 522 5829 ³³
558 5798 718 5850 Marc.
749 5814 859 5860 xvt,
898 5799 951 5861 5,
978 5798 1034 5850 -7.

1552 5896 1751 5957 Variae
1804 5897 2114 5961 lectiones
2147 5912 2210 5961 et
2251 5916 2332 5960 no
2366 5917 2438 5959 ω.

442 5975 552 6045 {82)
597 5975 722 6042 Kal,
763 5975 942 6041 abest,
974 5974 1039 6026 A.
