4032 6478
333 481 443 543 753

1133 474 1524 538 COMMENT.
1569 474 1651 534 ΙΝ
1691 472 2172 534 MATTIUEUM.
2204 496 2272 508 -
2311 471 2470 531 CAP.
2512 469 2794 531 XXVIII.

3506 458 3612 523 7M

421 593 579 648 Ἐπεὶ
611 592 722 661 γὰρ
754 591 782 642 ὀ
830 589 934 655 ἔξω
967 587 1289 660 καθήμενος
1319 586 1556 653 ἄγγελος
1585 585 1923 656 παρεκελεύ-

2103 582 2240 649 Quia
2267 581 2416 637 enim
2461 579 2506 636 is
2531 580 2624 650 qui
2657 579 2793 634 foris
2823 578 3053 634 sedebat
3081 577 3306 647 angelus
3339 588 3614 644 przecepe-

341 702 472 739 σατο
502 682 707 745 ταύτας
737 682 1024 748 εἰσελθεῖν,
1056 680 1408 734 εἰσελθοῦσαι
1441 679 1522 742 εἰς
1546 678 1608 732 τὸ
1632 680 1920 748 μνημεῖον,

338 774 480 833 εἶδον
513 777 705 843 ἕτερον
738 771 995 841 ἄγγελον,
1034 774 1353 844 καθήμενον
1380 774 1438 826 ὲν
1463 774 1575 835 τοῖς
1601 771 1798 838 δεξιοῖς
1828 770 1924 822 σὺ·

337 868 435 922 τοῦ
469 867 687 938 μέρεσι,
738 868 858 932 καὶ,
901 855 977 932 ὣς
1012 868 1183 930 εἰκὸς,
1235 865 1725 937 ἐξεθαμϐήθησαν,
1776 863 1925 930 ἐξαι-

341 978 479 1031 φνης
517 959 843 1028 ἐντυχοῦσαι
875 959 1043 1028 αὐτῷ.
1063 959 1121 1011 ὐ
1149 959 1204 1012 δὲ
1226 957 1381 1026 λέγει
1411 957 1631 1020 αὐταῖς·
1667 955 1764 1023 Μὴ
1828 956 1926 1010 ἐκ·

339 1047 680 1119 θαμὸεῑσθε,
723 1050 818 1101 καὶ
849 1049 917 1102 τά
948 1049 1098 1117 ἑξῆς.
1144 1049 1381 1118 Ὁμοίως
1413 1047 1470 1101 δὲ
1500 1047 1580 1118 τῷ
1613 1047 1771 1110 tm,-
1824 1048 1926 1115 ἀγ-

345 1138 503 1208 γέλῳ,
527 1138 624 1190 καὶ
653 1139 682 1190 ὁ
715 1138 888 1202 ἐντὸς,
938 1137 1159 1208 πρῶτον
1194 1137 1531 1192 ἀπαλλάττει
1581 1136 1788 1199 ταύτας
1833 1136 1926 1190 τοῦ

339 1228 606 1297 θάμϐους·
642 1227 834 1282 ἔπειτα
889 1228 1018 1298 περὶ
1051 1229 1150 1300 τῆς
1185 1229 1551 1292 ἀναστάσεως
1587 1228 1924 1296 διαλέγεται.

338 1322 451 1374 Καὶ
487 1322 514 1374 ὁ
543 1321 644 1390 μὲν
667 1322 842 1385 ἐκτὸς,
885 1321 1116 1392 φοϐερὸς
1156 1321 1248 1394 ἦν,
1287 1321 1376 1377 διὰ
1413 1323 1542 1386 τοὺς
1588 1322 1870 1390 eam“;
1901 1323 1930 1374 ὁ

340 1412 386 1464 δ’
417 1411 594 1476 ἐντὸς,
628 1412 690 1464 οὐ
738 1413 1008 1476 τοιοῦτος,
1040 1413 1130 1466 διὰ
1175 1416 1276 1477 τὰς
1307 1415 1600 1482 γυναῖκας.
1645 1413 1739 1465 Διὸ
1779 1414 1930 1466 έκεῖ-

340 1520 430 1556 νον
466 1503 568 1572 μὲν
600 1503 834 1569 ἰδοῦσαι,
870 1504 1227 1578 ὲφοὸήθησαν
1258 1500 1446 1576 αὗται·
1482 1508 1679 1559 τοῦτον
1706 1506 1762 1560 δὲ
1789 1505 1930 1559 ἰδοῦ-

343 1613 431 1648 σαι
469 1595 953 1668 ὲξεθαμὸήθησαν.
981 1599 1054 1651 Τὸ
1083 1599 1162 1662 δὲ,
1190 1599 1314 1655 Ἴδε
1345 1603 1378 1654 d
1404 1603 1608 1664 τόπος,
1653 1580 1778 1653 ἀντὶ
1808 1598 1927 1663 τοῦ,

353 1685 486 1738 Ἰδοὺ
508 1689 535 1739 ὁ
557 1686 745 1752 τόπος.
810 1687 1111 1760 Ὀνομαστὶ
1139 1690 1197 1744 δὲ
1231 1690 1546 1763 προσέθηκε
1578 1690 1670 1743 τὸν
1699 1690 1928 1760 Πέτρον,

344 1779 432 1832 ἵνα
464 1779 601 1849 γνῷ,
632 1781 717 1834 δτι
749 1781 1180 1852 συγκεχώρηται
1210 1783 1274 1836 τὸ
1304 1785 1534 1854 σφάλμα
1566 1787 1666 1854 τῆς
1691 1783 1930 1855 τριπλῆς

343 1872 628 1943 ἀρνήσεως
659 1873 747 1926 διὰ
783 1873 883 1944 τὴν
918 1875 1133 1947 θερμὴν
1177 1876 1493 1946 μετάνοιαν,
1525 1877 1618 1930 καὶ
1643 1877 1928 1931 ἀναπνεύ-

2029 685 2112 729 rat
2144 675 2224 728 eis
2251 673 2492 744 ingredi,
2529 674 2790 743 ingressa:
2822 672 2876 726 in
2910 680 3331 726 monumentum
3356 667 3614 722 viderunt

2029 769 2261 822 alterum
2290 766 2544 836 angelum
2573 765 2856 820 sedentem
2879 781 2908 818 a
2963 763 3156 818 dextra
3189 761 3359 830 ipsius
3413 766 3565 830 parte
3595 773 3614 825 ;

2029 869 2083 913 ct
2115 869 2175 912 ut
2207 857 2505 913 verisimile
2549 867 2653 922 est,
2684 855 2800 912 viso
2828 865 3055 926 repente
3091 869 3156 910 eo
3189 854 3613 922 obstupuerunt.

2030 953 2098 1006 At
2153 952 2242 1005 ille
2297 950 2432 1005 dixit
2495 950 2576 1004 cis
2615 949 2737 1005 :Ne
2792 949 3184 1019 obstupescutis,
3210 957 3317 1003 etc.
3355 946 3424 1000 Et
3473 944 3617 1001 sicut

2032 1044 2269 1100 exterior
2297 1041 2656 1113 angelus,-ita
2717 1051 2772 1096 et
2810 1041 3062 1104 interior,
3095 1039 3332 1110 primum
3395 1037 3613 1107 quidem

2030 1145 2256 1203 stupore
2315 1148 2407 1188 eas
2461 1132 2698 1194 liberat;
2731 1124 2930 1187 deinde
2962 1147 3026 1186 ea
3085 1145 3206 1201 quas
3257 1128 3331 1185 de
3371 1142 3618 1183 resurre-

2031 1228 2216 1283 ctione
2245 1235 2403 1280 erant
2441 1225 2684 1281 disserit.
2739 1223 2806 1280 Et
2835 1234 2983 1279 certe
3040 1223 3282 1279 exterior
3341 1218 3620 1275 timendus

2032 1327 2149 1375 erat
2210 1325 2435 1388 propter
2495 1316 2784 1382 custodes;
2877 1315 3104 1370 interior
3157 1329 3285 1369 vero
3332 1312 3455 1367 talis
3512 1327 3618 1366 non

2033 1420 2171 1476 erat,
2197 1418 2427 1482 propter
2463 1408 2745 1465 mulieres.
2777 1409 2910 1464 Ideo
2963 1409 3056 1462 illo
3078 1407 3302 1479 quidem
3346 1404 3483 1468 viso,
3505 1404 3622 1458 istae

2034 1506 2342 1558 timuerunt
2378 1519 2394 1571 ;
2429 1504 2533 1558 hoc
2561 1512 2745 1558 autem
2801 1503 2941 1565 viso,
2978 1503 3407 1570 obstupuerunt.
3433 1496 3622 1552 Nomi-

2031 1597 2202 1652 natim
2235 1604 2419 1650 autem
2480 1594 2705 1650 Petrum
2739 1595 2970 1659 addidit,
3011 1604 3071 1649 ut
3124 1593 3291 1648 sciret
3335 1592 3622 1644 remissum

2031 1689 2136 1744 sibi
2161 1703 2284 1744 esse
2311 1689 2473 1744 trinas
2504 1673 2824 1760 negationis
2859 1688 3095 1755 lapsum,
3126 1693 3356 1756 prOpter
3409 1682 3626 1738 ferven-

2033 1791 2143 1836 tem
2204 1779 2612 1851 paenitentiam,
2647 1789 2703 1836 et
2739 1780 3038 1850 respiraret
3069 1796 3083 1831 :
3135 1778 3430 1846 absorptus
3464 1773 3628 1843 siqui-

2034 1871 2155 1926 dem
2181 1879 2302 1926 erat
2334 1871 2607 1926 immenso
2634 1886 2889 1927 maerore.
2919 1869 3141 1925 Addens
3185 1878 3369 1923 autem
3408 1881 3423 1918 :
3479 1863 3627 1918 Sicut

347 1979 436 2033 σῃ.
486 1963 596 2015 Καὶ
645 1963 756 2034 γὰρ
801 1964 1128 2018 ἐσεϐύθιστο
1165 1968 1232 2036 τῇ
1273 1966 1500 2038 ἀμέτρῳ
1545 1966 1715 2038 λύπῃ.
1761 1965 1930 2021 Ἐπα-

2046 1966 2174 2021 dixit
2203 1965 2369 2031 vobis,
2401 1965 2620 2021 reduxit
2663 1965 2746 2023 eis
2775 1965 2862 2023 ad,
2893 1963 3213 2018 memoriam
3258 1959 3312 2018 id
3372 1957 3520 2028 quod
3569 1955 3626 2010 in

343 2051 533 2119 γαγὼν
554 2053 632 2118 δὲ,
659 2056 739 2107 ὅτι
775 2053 986 2122 Καθὼς
1010 2052 1182 2110 εἶπεν
1216 2056 1381 2126 ὑμῖν,
1399 2058 1710 2126 ἀνέμνησεν
1732 2057 1933 2120 αὐτοὺς

341 2139 404 2198 οῦ
436 2143 590 2201 εἶπεν
618 2148 676 2200 ὲν
707 2147 785 2218 τῷ
809 2148 929 2218 δρει
963 2149 1071 2207 τῶν
1104 2149 1459 2213 Ἐλαιῶν,ὅτι
1492 2152 1650 2204 Μετὰ
1679 2153 1746 2204 τὸ
1769 2151 1934 2219 ἐγερ-

345 2239 526 2306 θῆναί
567 2259 680 2310 με,
714 2241 954 2310 προάξω
979 2241 1135 2312 ὑμᾶς
1168 2245 1260 2309 εις
1299 2242 1413 2312 τὴν
1455 2245 1815 2310 Γαλιλαίαν,
1852 2244 1930 2306 ὡς

344 2333 536 2404 εἴρηκε
559 2331 839 2394 Ματθαῖος
854 2332 909 2383 ὲν
926 2330 1005 2401 τῷ
1025 2331 1311 2402 ἑξηκοστῷ
1325 2333 1571 2404 τετάρτῳ
1587 2331 1888 2404 κεφαλαίῳ.

431 2423 494 2479 '0
539 2424 599 2477 δὲ
649 2425 869 2487 Λουκᾶς
925 2424 1192 2497 ἔγραψεν,
1225 2427 1310 2480 ὅτι
1368 2427 1484 2482 Καὶ
1521 2427 1937 2494 εισελθοῢσαι,

344 2520 460 2587 οὐχ
494 2512 678 2586 εὗρον
706 2517 770 2570 τὸ
798 2516 971 2586 σῶμα
995 2518 1101 2572 τοῦ
1127 2519 1352 2588 Κυρίου
1383 2519 1610 2587 Ἰησοῦ.
1649 2517 1762 2573 Καὶ
1816 2520 1939 2590 ere.

346 2626 486 2663 νετο
513 2608 602 2662 ἐν’
633 2608 712 2673 τῷ
740 2607 1152 2677 διαπορεῖσθαι
1185 2610 1374 2676 αὐτὰς
1409 2609 1542 2678 περι
1571 2611 1807 2675 τούτου,
1836 2611 1936 2663 καὶ

352 2699 505 2764 ιδοὺ,
545 2699 764 2768 ἄνδρες
792 2699 902 2755 δύο
942 2702 1301 2770 ἐπέστησαν
1362 2704 1577 2770 αὑταῖς
1629 2704 1701 2757 ἐν
1757 2703 1937 2770 ἐσθή-

347 2808 530 2845 σεσιν
570 2792 1085 2861 ἀστραπτούσαις.
1128 2795 1436 2865 Ἐμςρόόων
1476 2795 1546 2848 δὲ
1599 2796 1938 2866 γενομένων

352 2883 574 2946 αὐτῶν,
630 2886 728 2938 καὶ
780 2885 1132 2940 κλινουσῶν
1173 2887 1242 2940 τὸ
1296 2889 1630 2956 πρόσωπον
1677 2892 1760 2956 εἰς
1824 2890 1941 2956 τὴν

352 2978 492 3048 γῆν,
524 2975 702 3034 εἶπον
743 2980 895 3048 πρὸς
938 2979 1149 3046 αὐτάς-⁸
1207 2983 1267 3036 Τί
1314 2981 1537 3047 ζητεῖτε
1599 2982 1705 3035 τὸν
1752 2981 1939 3042 ζῶντα

349 3071 502 3139 μετὰ
534 3068 653 3123 τῶν
684 3069 939 3137 νεκρῶν;
992 3071 1254 3139 Ἠγέρθη,
1283 3071 1394 3141 (85)
1424 3073 1536 3126 οὐκ
1570 3073 1744 3126 ἐστιν
1796 3065 1934 3126 ὦδε.

2045 2067 2230 2112 monte
2260 2055 2543 2113 Olivarum
2574 2059 2792 2114 dixerat
2818 2075 2833 2113 :
2868 2057 3158 2128 Postquam
3183 2061 3365 2109 autem
3396 2067 3631 2107 resurre-

2043 2154 2498 2221 xero,pr¢cedam
2517 2169 2604 2207 vos
2632 2153 2686 2207 in
2699 2151 3005 2216 Galilaam,
3025 2149 3167 2205 sicut
3186 2147 3320 2203 dixit
3345 2143 3632 2199 Matthazus

2039 2245 2304 2301 vicesimo
2360 2254 2516 2301 sexto
2584 2244 2765 2314 capite
2790 2244 2858 2298 ⁸⁸.

2111 2433 2293 2490 Lucas
2331 2450 2461 2491 vero
2492 2435 2754 2506 scripsit:
2791 2432 2857 2487 Et
2893 2434 3144 2503 ingressa:
3169 2447 3272 2484 non
3322 2430 3632 2482 inuenerunt

2041 2541 2230 2595 corpus
2281 2527 2496 2583 Domini
2553 2528 2700 2583 Jesu.
2745 2526 2814 2581 Et
2885 2528 3083 2598 factum
3143 2533 3218 2578 est
3271 2524 3397 2576 dum
3463 2528 3633 2573 mente

2043 2629 2390 2673 consternata?
2417 2632 2585 2674 essent
2622 2635 2780 2688 super
2833 2618 2951 2682 hoc,
3004 2627 3050 2672 et
3085 2631 3201 2670 ecce
3224 2615 3328 2666 duo
3350 2613 3450 2666 uiri
3477 2619 3635 2666 stete-

2043 2721 2168 2765 runt
2190 2711 2350 2780 juxta
2387 2712 2511 2783 illas
2559 2714 2614 2766 in
2645 2713 2872 2766 vestibus
2922 2709 3338 2781 fulgurautibus.
3401 2690 3637 2774 Cumque

2045 2804 2400 2880 expavissent,
2433 2811 2484 2856 et
2524 2803 2851 2858 declinarent
2905 2802 3107 2856 uultum
3133 2801 3187 2852 in
3245 2807 3464 2860 terram,
3490 2797 3635 2850 dixe-

2049 2906 2174 2950 runt
2202 2898 2273 2950 ad
2293 2896 2451 2950 illas:
2479 2895 2621 2961 Quid
2659 2894 2899 2965 qutei'itis
2927 2894 3179 2947 viventem
3209 2907 3324 2944 cum
3360 2889 3581 2943 mortuis
3613 2889 3636 2942 2

2047 2987 2166 3039 Non
2192 2994 2266 3040 est
2296 2987 2398 3048 hic,
2414 2985 2507 3039 sed
2534 2985 2784 3039 surrexit.
2817 2982 3133 3037 Mementote
3156 2978 3636 3052 quomodolocutus

2045 3081 2112 3134 sit
2137 3078 2299 3141 vobis,
2335 3095 2453 3132 cum
2482 3079 2656 3132 adhuc
2690 3083 2822 3130 esset
2852 3076 2907 3129 in
2933 3074 3163 3130 Galilwa
3210 3075 3387 3127 dicens
3415 3089 3433 3126 :
3471 3069 3638 3141 Oporo

359 3162 471 3229 084)
498 3163 847 3231 Μνήσθητε,
881 3165 962 3230 ὡς
989 3164 1303 3229 ἐλάλησεν
1328 3165 1493 3234 ὑμῖν,
1527 3165 1613 3218 ἔτι
1650 3163 1736 3217 ὢν
1780 3165 1848 3218 ἐν
1865 3164 1938 3233 τῇ

2048 3181 2118 3226 tet
2146 3171 2340 3225 Filium
2367 3171 2593 3224 hominis
2625 3169 2767 3223 tradi
2800 3169 2855 3221 in
2884 3185 3078 3221 manus
3101 3168 3375 3221 hominum
3396 3164 3660 3235 peccato?

354 3255 675 3320 Γαλιλαίᾳ,
697 3253 912 3322 λέγων,
935 3255 1024 3308 ὅτι
1049 3254 1150 3309 Δεῖ
1166 3256 1273 3309 τὸν
1322 3256 1463 3309 Υἱὸν
1485 3254 1590 3309 τοῦ
1621 3255 1938 3324 ἀνθρώπου

353 3343 766 3413 παραδοθῆναι
795 3347 883 3411 εις
915 3346 1122 3414 χεῖρας
1162 3347 1496 3416 ἀνθρώπων
1547 3349 1936 3418 ἁμαρτωλῶν,

355 3436 454 3488 καὶ
482 3437 924 3506 σταυρωθῆναι,
949 3438 1045 3491 καὶ
1065 3437 1140 3507 τῇ
1165 3441 1332 3510 τρίτῃ
1353 3440 1547 3508 ἡμέρᾳ
1573 3441 1939 3510 ἀναστῆναι.

355 3529 462 3582 Καὶ
483 3528 886 3596 ἐμνήσθησαν
912 3530 1030 3584 τῶν
1042 3530 1331 3598 ῥημάτιον
1376 3534 1585 3589 αὑτοῦ.

439 3619 499 3672 ὀ
535 3619 637 3690 μὲν
689 3621 797 3693 γὰρ
831 3621 1150 3690 καθήμενος
1182 3623 1240 3674 ὲν
1278 3625 1394 3686 τοῖς
1437 3624 1634 3690 δεξιοῖς
1688 3625 1941 3693 ἀγγελοςν

355 3709 526 3763 εἰπὼν
554 3711 693 3781 πρὸς
730 3713 922 3775 αὑτάς,
955 3713 1060 3766 ὅσα
1100 3715 1328 3785 Μάρκος
1367 3715 1732 3784 ἀπήγῨειλεν,
1768 3717 1943 3783 oms-

353 3807 542 3877 ἦλθεν,
574 3808 601 3861 ὃ
631 3810 725 3862 καὶ¹
756 3809 894 3863 αὐτὸ
955 3811 1398 3881 παρασιωπηθὲν
1424 3811 1500 3882 τῷ
1535 3813 1773 3884 Μάρκῳ,
1805 3815 1944 3884 μετά

359 3907 454 3957 καὶ
504 3903 614 3956 τῶν
678 3903 1034 3973 δηλωθέντων
1078 3904 1184 3957 ὑπὸ
1242 3905 1338 3959 τοῦ
1390 3908 1598 3970 Δουκᾶ,
1666 3908 1946 3978 παρέσχεν

353 3992 561 4061 ὁμοίως
587 3995 846 4062 ἀπορίαν.
884 3995 1043 4047 Ἐπεὶ
1072 3994 1130 4048 δὲ
1169 3995 1267 4066 οὐχ
1309 3989 1471 4066 εὗρον
1493 3989 1656 4050 αῦται
1690 3998 1752 4050 τὸ
1786 3998 1944 4068 σῶμα

359 4083 454 4151 τοῦ
487 4084 695 4154 Κυρίου
739 4087 939 4154 Ἰησοῦ,
970 4086 1271 4157 διηπόρουν
1299 4089 1429 4158 περὶ
1466 4087 1661 4150 αὑτοῦ,
1693 4088 1748 4140 τί
1778 4089 1944 4156 γέγο-

359 4191 472 4228 νεν’
531 4173 688 4228 οῦπω
749 4177 860 4246 γάρ
908 4175 1176 4246 ⁴ᾕδύναντο
1226 4177 1535 4242 πιστεύειν,
1580 4179 1663 4232 ὅτι
1718 4179 1943 4250 ἀνέστη·

362 4267 508 4321 οὕτω
533 4269 589 4321 δὲ
621 4268 1087 4340 διαπορουμέναις
1120 4271 1439 4339 ἐπέστησαν
1460 4271 1657 4336 αὑταῖς
1695 4274 1742 4325 oi
1772 4275 1945 4345 προῤ-

363 4359 625 4428 ῥηθέντες
652 4361 746 4414 δύο
786 4361 1038 4430 ἄγγελοι,
1077 4363 1137 4416 ὂν
1176 4380 1235 4415 τε
1292 4359 1435 4416 εἶδον
1473 4363 1576 4428 ἔξω
1609 4365 1708 4418 τοῦ
1746 4366 1944 4434 τάφου,

364 4453 456 4506 καὶ
493 4453 552 4506 ὃν
581 4454 879 4508 ἐθεάσαντο
914 4455 1063 4509 ἔνδον
1095 4455 1290 4521 αὑτοῦ,
1323 4458 1939 4528 μετασχηματισθέντες

2043 3281 2188 3328 rum,
2223 3273 2272 3319 et
2306 3263 2565 3333 cruciﬁgi,
2595 3279 2659 3315 ac
2698 3261 2853 3316 tertio
2887 3262 2972 3316 die
3022 3277 3313 3332 resurgere.
3350 3260 3417 3314 Et
3459 3274 3636 3314 recor-

2044 3365 2186 3419 data'
2199 3371 2322 3420 sunt
2347 3363 2621 3418 verborum
2649 3362 2792 3417 illius
2818 3362 2888 3417 ".

2120 3628 2358 3701 Angelus
2386 3627 2572 3697 itaque
2603 3626 2694 3697 qui
2715 3625 2941 3681 sedebat
2971 3639 3000 3678 a
3025 3623 3256 3687 dextris,
3308 3624 3513 3692 quique
3570 3622 3636 3676 ad

2046 3739 2142 3780 eas
2175 3723 2390 3781 dixerat
2417 3735 2480 3775 ea
2509 3735 2632 3789 qua:
2671 3718 2858 3774 retulit
2891 3716 3136 3780 Marcus,
3159 3716 3451 3786 disparuit.
3480 3715 3636 3780 Quod

2048 3818 2239 3879 etiam,
2268 3813 2394 3884 quia
2429 3827 2458 3866 a
2497 3812 2681 3867 Marco
2718 3810 2941 3865 silentio
2960 3808 3309 3878 .pra'teritum
3353 3815 3458 3869 est.
3511 3821 3636 3861 cum

2050 3914 2136 3969 liis
2155 3927 2275 3982 quae
2299 3927 2328 3964 a
2362 3909 2505 3964 Luca
2536 3916 2753 3963 narrata
2776 3914 2928 3970 sunt,
2954 3905 3209 3960 similiter
3244 3903 3638 3958 obscuritatem

2049 4003 2283 4076 peperit.
2309 4001 2446 4056 Cum
2487 4009 2674 4054 autem
2709 3998 2843 4067 ipsae
2869 4009 3072 4064 corpus
3106 3991 3318 4048 Domini
3367 3991 3496 4046 Jesu
3527 4006 3638 4043 non

2051 4095 2414 4160 invenissent,
2449 4099 2798 4162 expaverunt
2837 4088 3167 4160 cogitantes,
3189 4085 3321 4156 quid
3355 4084 3424 4139 de
3445 4098 3514 4138 eo
3555 4083 3638 4136 fa-

2049 4201 2198 4248 ctum
2229 4196 2397 4245 esset.
2431 4185 2683 4241 Nondum
2721 4182 2869 4237 enim
2907 4179 3136 4237 credere
3184 4185 3442 4248 poterant
3491 4174 3637 4245 quod

2050 4278 2489 4342 resurrexisset;
2543 4275 2618 4329 ita
2667 4267 3039 4329 consternatis
3091 4269 3226 4341 ipsis
3263 4276 3639 4338 apparuerunt

2051 4374 2160 4430 duo
2191 4369 2434 4443 praedicti
2458 4367 2656 4440 angeli,
2686 4366 2806 4421 etis
2844 4363 3102 4420 videlicet
3151 4376 3315 4431 quem
3346 4370 3501 4415 extra
3557 4374 3642 4412 se-

2054 4465 2303 4535 pulcrum
2345 4461 2622 4521 viderant,
2663 4466 2719 4514 et
2751 4472 2914 4528 quem
2955 4455 3010 4510 in
3062 4455 3180 4526 ipso
3217 4461 3640 4522 conspexerant,

361 4545 420 4598 ὲν
454 4545 746 4614 ἐσθήσεσιν
777 4547 1252 4617 ἀστραπτούσαις,
1282 4525 1370 4601 ἵνα
1402 4525 1740 4619 καὶμᾶλλον
1769 4551 1937 4620 ἅγγε-

2053 4525 2430 4625 transtigurati
2466 4553 2518 4607 in
2553 4525 2803 4606 vestibus
2832 4525 3260 4619 fulgurantibus,
3299 4554 3358 4599 ut
3381 4542 3543 4596 etiam
3571 4543 3640 4594 οι)

360 4637 442 4689 λοι
471 4637 606 4691 Θεοῦ
647 4639 867 4706 δόξωσι,
899 4639 977 4711 τῷ
1023 4641 1193 4713 ρᾳδίῳ
1228 4641 1324 4695 τοῦ
1375 4645 1929 4714 μετασχηματισμοῦ·

363 4731 629 4800 ἐμφόϐων
680 4733 737 4786 δὲ
770 4735 1085 4805 γενομένων
1134 4736 1342 4799 αὐτῶν,
1374 4736 1468 4788 ἐπὶ
1498 4737 1576 4807 τῷ
1621 4737 1796 4806 καινῷ
1845 4737 1945 4807 τῆς

357 4824 560 4894 ὅψεως,
616 4826 709 4878 καὶ
755 4826 832 4896 μὴ
866 4827 1187 4897 δυναμένων
1220 4827 1443 4898 βλέπειν
1488 4831 1569 4893 εἰς
1600 4830 1822 4893 αὐτοὺς,
1859 4830 1946 4884 διά

362 4917 425 4970 τὸ
480 4917 589 4969 τῶν
640 4919 893 4990 ἐσθήτων
941 4920 1054 4992 (85)
1100 4923 1545 4994 ἀστραπηόόλον,
1599 4917 1755 4976 εἷπον
1807 4924 1942 4994 πρὸς

362 5007 558 5072 αὑτὰς,
591 5011 779 5065 οὐκέτι
822 5013 1037 5083 πράως,
1093 5015 1170 5079 ὼς
1211 5017 1499 5087 πρότερον,
1527 5004 1654 5068 ’ἀλλ’
1708 5013 1948 5082 ἐπιπλη-

365 5100 584 5168 οιτικῶς,
602 5101 690 5155 διὰ
713 5103 810 5174 τὴν
836 5104 1093 5157 ἀπιστίαν
1118 5105 1319 5159 αὐτῶν·
1351 5108 1410 5161 Τί
1430 5105 1649 5174 ζητεῖτε
1678 5105 1784 5159 τὸν
1805 5103 1942 5164 ζῶνο

367 5206 438 5244 τα
469 5193 620 5261 μετὰ
664 5192 784 5248 τῶν
822 5195 1073 5263 νεκρῶν,
1118 5196 1308 5268 ἤγουν,
1368 5198 1443 5261 ὡς
1503 5198 1696 5266 νεκρόν
1729 5215 1742 5260 ;
1777 5195 1950 5248 Τοῦτο

468 5333 514 5366 ⁸⁸
548 5332 739 5389 Matth.
772 5351 922 5392 xxvr.
960 5336 1049 5391 δί.
1164 5337 1207 5370 ⁸⁷
1240 5336 1371 5391 Luc.
1404 5354 1550 5403 xxiv,
1578 5337 1697 5392 3-8.

2055 4648 2404 4719 splendorem
2439 4644 2517 4716 (η)
2555 4642 3027 4700 traniormationis
3069 4638 3314 4710 apertius
3346 4635 3520 4706 angeli
3547 4635 3638 4686 Dei

2056 4741 2395 4795 viderentur.
2430 4737 2568 4794 Cum
2601 4741 2803 4791 'autem
2844 4750 2988 4790 novo
3045 4740 3270 4803 aspectu
3329 4729 3643 4784 conterritus

2057 4839 2262 4890 essent.
2287 4844 2388 4884 nec
2419 4836 2641 4897 possent
2691 4827 2761 4880 ob
2823 4826 3058 4880 vestium
3118 4820 3556 4878 coruscationem
3591 4817 3643 4869 iu

2056 4940 2153 4979 eos
2193 4923 2507 4993 respicere,
2541 4921 2806 4974 dixerunt
2832 4919 2900 4973 ad
2930 4932 3023 4972 eas
3055 4931 3164 4970 non
3215 4914 3325 4985 jam
3360 4917 3646 4966 mansuete

2057 5027 2118 5072 ut
2172 5015 2344 5086 prius.
2405 5013 2500 5068 sed
2563 5009 2886 5082 olijurgandi
2924 5008 3086 5064 modo
3131 5011 3354 5076 propter
3404 5001 3642 5070 ipsarum

2059 5105 2544 5163 incredulitatem:
2598 5105 2658 5160 Ut
2723 5102 2850 5174 quid
2910 5099 3147 5167 quwritis
3217 5097 3471 5150 viventem
3527 5105 3644 5142 cum

2061 5198 2282 5254 mortuis
2329 5197 2353 5250 ?
2412 5206 2670 5267 tanquam
2725 5193 2978 5249 Videlicet
3049 5186 3375 5246 mortuum?
3415 5182 3546 5237 Nam
3594 5179 3644 5233 id

1557 5491 1754 5554 Varim
1807 5491 2108 5556 lectiones
2147 5499 2208 5555 et
2252 5497 2441 5554 notae.

441 5651 552 5719 (83)
584 5652 847 5724 Ἠγέρθη.
882 5656 1057 5720 abest,
1090 5658 1150 5711 Δ.

439 5724 550 5793 (86)
583 5723 978 5795 Ἀλλ’ἠγέρθη,
1009 5728 1180 5791 addit,
1218 5727 1285 5781 A.

2139 5657 2250 5727 (85)
2278 5656 2744 5730 Ἀστραπήϐολον,
2777 5655 2840 5711 Δ.

454 5881 519 5946 in)
564 5880 636 5960 013
667 5880 1014 5960 splendorem.
1047 5880 1127 5938 Ob
1181 5883 1522 5948 facilitatem,
1559 5883 1922 5938 celeritatem.
1957 5881 2153 5940 Nescio
2185 5898 2317 5940 sane
2352 5881 2478 5954 quid
2539 5880 2729 5954 legerit
2768 5880 3060 5953 interpres.
3115 5879 3276 5936 Forte
3333 5879 3408 5950 τῷ
3435 5877 3643 5950 ὡραίῳ,

375 5955 491 6004 ioco
571 5953 642 6020 τῷ
669 5953 856 6022 ραξιτρ.
