4032 6526
352 407 474 473 757

1180 410 1564 471 COMMENT.
1609 411 1688 473 IN
1729 412 2202 475 MATTH/EUM.
2243 442 2301 452 -
2334 414 2492 476 CAP.
2525 413 2801 476 XXVIII.

3533 411 3641 478 753

356 519 521 588 κοῆς.
577 517 839 590 Ἐλάλησε
870 517 949 585 δὲ,
982 518 1071 574 ἵνα
1106 521 1346 591 μάλιστα
1377 526 1725 597 γνωρίσωσιν
1763 522 1949 590 αὐτὸν,

2063 531 2122 584 ad
2147 531 2459 586 habendum
2485 546 2803 588 mmrorem.
2840 528 3080 584 Locutus
3141 535 3226 582 est
3268 537 3476 589 autem,
3514 534 3573 579 ut
3605 538 3635 578 ιι

355 613 474 666 ἀπὸ
521 611 619 681 τῆς
653 611 862 682 φωνῆς,
909 613 1002 668 καὶ
1029 613 1064 684 ἡ
1111 615 1304 687 πρώτη
1354 619 1509 689 φωνὴ
1568 619 1732 672 αὑτοῦ
1774 620 1949 690 χαρᾶς

359 701 704 770 εὐαγγέλιον.

425 796 495 849 Al
528 824 600 834 ——
623 793 803 862 αὐτῷ.
837 797 903 850 Al
946 797 1048 868 μὲν
1077 800 1143 852 ὲκ
1181 801 1350 854 πόθου
1393 801 1486 854 καὶ
1525 803 1691 872 τιμῆς
1723 801 1950 865 τούτους

357 883 482 953 (96)
536 887 874 956 ἀκράτησανο
933 889 960 941 ό
1019 888 1077 942 δὲ
1135 889 1235 942 ούκ
1285 889 1635 954 ἀπεκώλυσε,
1694 891 1950 959 παρέχων

357 977 852 1052 πληροφορηθῆναι
876 979 967 1033 διά
994 981 1093 1052 τῆς
1123 982 1289 1053 ἁφῆς,
1317 983 1402 1035 ὅτι
1436 982 1537 1037 οὐκ
1572 981 1688 1036 εστι
1725 982 1944 1052 φάσμα.

441 1161 579 1214 Τότε
625 1193 694 1205 -
722 1160 1022 1230 φοϐεῖσθε.
1054 1162 1226 1216 Πάλιν
1258 1165 1355 1216 καὶ
1397 1164 1559 1227 αύτδς
1588 1165 1649 1219 τὺ
1693 1166 1811 1229 δέος
1846 1167 1947 1221 αύο

361 1251 474 1304 τῶν
507 1251 618 1322 (97)
656 1251 911 1306 ἐκϐάλλει
952 1255 1206 1323 πρῶτον
1249 1252 1368 1309 εἶτα
1404 1258 1780 1330 παραγγέλλει
1821 1259 1949 1330 περὶ

356 1344 470 1398 τῶν
499 1345 784 1416 μαθητῶν,
821 1345 1081 1418 βεϐαιῶν,
1115 1348 1198 1401 ὅτι
1228 1349 1455 1418 ἀγγελοι
1488 1349 1658 1404 αὐτοῦ
1688 1347 1831 1423 ἦσαν
1856 1393 1870 1416 ,
1899 1355 1948 1407 οἱ

357 1439 737 1508 προφανέντες
758 1441 850 1494 καὶ
877 1441 989 1509 (98)
1013 1443 1625 1514 προπαραγγείλαντες.

443 1531 728 1600 ’Υπάτετε
749 1563 817 1573 -—-
846 1533 1115 1600 ὄψονται.
1175 1533 1308 1597 Ταῖς
1339 1535 1590 1603 γυναιξὶν
1624 1538 1948 1603 ἀποστόλοις

358 1623 638 1695 ἐχρήσατο
669 1625 807 1695 πρὸς
832 1627 958 1690 τοὺς
992 1625 1349 1691 ἀποστόλους,
1384 1631 1627 1700 τιμήσας
1655 1630 1717 1684 τὸ
1741 1631 1950 1703 ἀτιμωο

359 1715 453 1769 θὲν
505 1717 674 1784 γένος
723 1717 787 1770 lx
824 1718 924 1788 τῆς
975 1717 1197 1790 ἀπάτης
1243 1719 1339 1773 τοῦ
1373 1721 1572 1791 ὄφεως.
1609 1723 1720 1778 Καὶ
1757 1723 1946 1795 ἐπειδή

356 1809 532 1863 πάλαι
574 1810 712 1882 γυνὴ
750 1810 942 1879 γέγονε
996 1809 1075 1880 τῷ
1107 1810 1265 1883 ἀνδρὶ
1306 1812 1556 1878 διάκονος
1598 1813 1798 1887 λύπης,
1849 1814 1947 1869 νῦν

355 1904 618 1970 γυναῖκες
674 1903 917 1972 γίνονται
974 1905 1086 1967 τοῖς
1147 1904 1381 1976 ἀνδράσι
1443 1906 1689 1960 διάκονοι
1742 1909 1942 1978 χαρᾶς.

369 1993 661 2064 Ἀδελφοὺς
683 1994 738 2047 δὲ
777 1996 904 2058 τοὺς
939 1997 1278 2062 ἀποστόλους
1313 1999 1792 2070 προσηγόρευσεν·
1827 1998 1945 2070 ἅμα

358 2087 457 2156 μὲν
490 2087 580 2140 διά
623 2086 724 2158 τὴν
771 2087 1208 2160 ὲνανΘρώπησινο
1259 2091 1481 2158 ἀδελφοὶ
1529 2091 1639 2163 γὰρ
1695 2092 1946 2162 ἀλλήλων

355 2179 596 2243 ἅπαντες
629 2179 928 2249 ἀνθρωττοι*
959 2180 1074 2252 ἀμα
1107 2182 1165 2236 δὲ
1216 2182 1310 2237 κα)⁸
1350 2183 1488 2254 πρὸς
1525 2184 1693 2256 τιμὴν
1740 2184 1940 2239 αὐτῶν.

427 2362 851 2434 Πορευομένων
878 2363 948 2419 δὲ
969 2364 1172 2423 αὐτῶν
1196 2397 1266 2409 -
1294 2366 1365 2421 τὰ
1395 2369 1708 2438 γενόμενα.
1743 2368 1807 2422 Οί
1830 2367 1943 2439 (99)

355 2457 822 2527 καταλειφθέντες
857 2461 988 2532 παρ’
1129 2460 1283 2534 αὑτῷ
1316 2461 1582 2532 φύλακες,
1607 2463 1640 2534 ἢ
1663 2463 1712 2516 οἱ
1741 2463 1942 2532 ἐπιση-

359 2551 585 2622 μότεροι
621 2551 850 2607 τούτων.

429 2645 538 2699 Καὶ
589 2674 657 2686 —-
712 2645 1119 2716 κοιμωμένων.
1186 2647 1466 2718 Πρότερον
1518 2649 1620 2718 μὲν
1661 2649 1945 2719 ὠνήσαντο

356 2738 449 2790 τὸν
477 2736 638 2807 φόνον
674 2738 844 2792 αὐτοῦ
867 2780 882 2805 ,
912 2738 1010 2794 νῦν
1049 2740 1104 2793 δὲ
1136 2740 1405 2796 ὠνοῦνται
1442 2743 1536 2796 καὶ
1562 2743 1663 2814 τὴν
1690 2745 1946 2816 ἀλήθειαν

356 2832 458 2902 τῆς
476 2831 830 2895 ἀναστάσεως
855 2833 1046 2898 αὐτοῦ,
1076 2835 1172 2887 καὶ
1197 2833 1432 2889 πατοῦσι
1456 2835 1516 2888 τὸ
1543 2838 1744 2892 ob:st
1771 2856 1948 2894 συνειο

357 2925 465 2988 ὣς,
494 2923 588 2978 καὶ
613 2924 732 2978 οὐδὲ
753 2924 880 2989 τοὺς
903 2925 1153 2995 φύλακας
1180 2927 1477 2996 αἰδοῦνται,
1506 2933 1947 3003 κακουργοῦντες

359 3017 456 3069 καὶ
493 3015 978 3083 συγκαλύπτοντες
1012 3017 1113 3087 μὲν
1152 3017 1250 3089 τὴν
1280 3018 1544 3090 ἀλήθειαν
1565 3061 1580 3084 ,
1615 3023 1947 3089 πλάττοντες

357 3108 416 3161 δὲ
463 3108 522 3161 τὸ
569 3107 798 3178 ψεῦδος,
847 3109 944 3163 καὶ
990 3109 1272 3180 χρώμενοι
1318 3111 1510 3166 τούτου
1559 3113 1634 3185 (2)
1679 3115 1950 3180 διακόνοις

359 3203 473 3264 τοῖς
493 3201 568 3272 (3)
596 3202 812 3274 ἐκείνης
839 3201 913 3273 (ι)
945 3202 1239 3275 μάρτυσιν.

435 3294 545 3349 Kal
583 3326 654 3335 —
685 3297 1045 3365 ποιήσομεν.
1083 3297 1315 3351 Πείσετε
1345 3299 1530 3364 αὑτὸν,
1569 3300 1644 3364 ὼς
1674 3301 1948 3368 εὐεξαπά-

360 3403 550 3456 τητον.
611 3386 672 3439 El
718 3387 828 3457 γάρ
885 3389 1159 3460 σταθηρός
1219 3391 1389 3455 ἐστιν,
1444 3391 1544 3444 ούκ
1588 3391 1655 3446 ἂν
1697 3393 1946 3464 πείσητε.

359 3477 575 3549 Σφόδρα
608 3479 717 3548 γὰρ
747 3478 1010 3543 ἀπίθανος
1041 3481 1069 3532 ό
1095 3480 1260 3550 ’λόγος
1291 3483 1466 3552 ὑμῶν.
1500 3483 1567 3536 Τί
1601 3484 1712 3554 γὰρ
1745 3486 1948 3557 κερδᾶ-

360 3589 447 3626 ναι
489 3571 777 3642 μέλλοντες
817 3572 1050 3642 ἔκλεψαν
1089 3572 1157 3627 ἂν
1199 3575 1403 3639 αὐτόνς
1448 3575 1575 3638 Πῶς
1615 3577 1674 3628 δὲ
1716 3577 1794 3649 (5)
1832 3579 1950 3643 καὶ,

361 3666 622 3735 φυλάκων
663 3666 938 3720 τοσούτων
996 3667 1094 3721 καὶ
1147 3668 1413 3721 τοιούτων
1464 3670 1954 3741 παρακαθημένων

362 3753 549 3808 έλαθον
572 3753 673 3821 ἀν;
699 3754 822 3820 Πῶς
853 3756 909 3809 δὲ
945 3756 1041 3810 καὶ
1067 3756 1394 3827 τηλικούτου
1421 3758 1670 3813 κινδύνου
1705 3763 1954 3815 κατετόλ-

364 3865 566 3918 μησαν,
587 3847 876 3917 εὐπτόητοι
911 3849 1125 3918 ἄνδρες,
1149 3841 1224 3903 ὧν
1255 3851 1282 3901 ὀ
1308 3849 1408 3921 μὲν
1439 3854 1738 3921 κορυφαῖος
1763 3869 1952 3921 γυναι-

362 3941 551 4004 κάριον
599 3938 876 4004 δειλιάσας
919 3941 1201 4011 ἠρνήσατο
1254 3940 1346 3993 τὸν
1389 3941 1748 3997 Διδάσκαλον’
1806 3945 1856 3997 οἱ
1908 3946 1952 3998 δ’

360 4029 534 4095 ἄλλοι,
567 4029 935 4100 δεσμούμενον
977 4031 1142 4085 αὑτὸν
1203 4031 1424 4098 ἰδόντες,
1459 4034 1692 4103 έφυγον;
1733 4037 1850 4100 πῶς
1896 4039 1953 4092 δὲ

361 4121 476 4186 καὶ,
505 4121 793 4192 δυνάμενοι
827 4123 1020 4194 κλέψαι
1045 4123 1208 4177 αὑτὸν
1238 4124 1538 4191 ἀκινδύνως
1571 4129 1628 4181 έν
1659 4130 1724 4200 τῇ
1757 4129 1950 4201 πρώτῃ

360 4212 549 4275 νυκτὶ,
601 4213 690 4266 ὅτε
745 4212 921 4278 οὐδεὶς
978 4217 1069 4268 τὸν
1115 4215 1287 4284 τάφον
1344 4216 1676 4286 ἐφύλαττεν,
1745 4220 1951 4274 εἵλοντο

360 4302 553 4372 κλέψαι
583 4303 746 4356 αὑτὸν
774 4291 1132 4369 ἐπικινδύνως
1181 4309 1241 4360 έν
1268 4308 1336 4377 τῇ
1364 4307 1598 4380 δευτέρα
1633 4310 1811 4371 νυκτὶ,
1863 4312 1951 4365 ὅτε

329 4395 620 4467 ’παρῆσαν
650 4397 700 4449 οἱ
754 4397 1035 4466 φύλακες;
1078 4398 1222 4453 Ἀλλ’
1253 4400 1375 4471 ὅρα,
1411 4400 1531 4464 πῶς
1566 4402 1688 4455 καθ’
1735 4403 1949 4459 ἑαυτῶν

357 4487 699 4542 ἐσπούδασαν
729 4491 778 4543 ot
825 4491 1227 4564 ματαιόφρονες
1267 4493 1539 4561 Ἰουδαῖοι,
1589 4491 1775 4560 καθὼς
1802 4498 1948 4551 ἀνω-

2053 637 2185 676 voce
2219 622 2393 693 magis
2438 628 2839 693 cognoscerent
2867 636 2992 676 eum
3027 637 3045 686 ;
3074 628 3131 674 et
3167 618 3344 690 prima
3379 617 3500 688 ejus
3531 631 3637 671 vox

2053 714 2235 768 laetum
2279 714 2461 786 gaudii
2501 715 2756 770 nuntium
2785 713 2910 768 fuit.

2125 803 2276 860 Vers.
2306 807 2359 860 9.
2402 803 2520 858 Illae
2547 835 2616 844 ——
2649 822 2790 859 eum.
2845 803 2953 858 Illae
2989 801 3213 872 quidem
3259 816 3324 855 ex
3359 797 3640 853 desiderio

2051 906 2107 952 ct
2137 897 2447 953 reverentia
2481 898 2583 954 hos
2617 904 2957 962 tenuerunt;
3002 897 3121 966 ipse
3167 909 3298 959 vero
3338 907 3446 946 non
3498 904 3630 958 pro—

2053 990 2249 1058 hibuit,
2297 999 2561 1061 praestans
2588 1000 2646 1046 ut
2675 1007 2772 1062 per
2791 1000 2996 1047 tactum
3031 988 3295 1045 certiores
3351 984 3636 1040 efficeren-

2054 1091 2164 1151 tur,
2186 1084 2332 1154 quod
2371 1085 2697 1154 phantasma
2721 1093 3028 1140 nonessel.

2126 1175 2283 1232 Vers.
2310 1176 2393 1230 l0.
2415 1177 2556 1231 Tunc
2589 1207 2658 1217 —
2679 1178 2877 1233 timete.
2912 1176 3150 1231 Rursum
3184 1183 3237 1228 et
3265 1173 3381 1242 ipse
3413 1183 3636 1240 quoque

2054 1269 2268 1338 repellit
2294 1269 2473 1338 primo
2503 1268 2754 1323 timorem
2772 1282 2986 1331 earum,
3021 1266 3218 1320 deinde
3253 1264 3321 1318 de
3344 1261 3633 1331 discipulis

2053 1357 2300 1430 praecipit
2335 1357 2706 1413 :contirmans
2749 1372 2906 1420 suos,
2941 1349 3114 1410 fuisse
3151 1354 3374 1426 angelos
3424 1367 3519 1406 eos
3544 1350 3637 1418 qui

2052 1450 2205 1520 prius
2234 1453 2624 1519 apparuerant,
2659 1457 2714 1504 et
2743 1450 2937 1506 eadem
2977 1454 3374 1518 praeceperant.

2127 1543 2281 1597 νοτε.
2314 1542 2400 1598 10.
2437 1543 2516 1597 Ite
2539 1573 2608 1583 —
2629 1543 2898 1596 videbunt.
2942 1540 3260 1596 Mulieribus
3287 1554 3385 1608 pro
3416 1545 3640 1606 aposto-

2053 1635 2121 1690 lis
2152 1651 2281 1690 usus
2314 1645 2399 1690 est
2427 1635 2496 1690 ad
2524 1635 2821 1707 apostolos,
2851 1634 3129 1689 honoratis
3155 1648 3328 1704 genus
3377 1629 3525 1700 quod
3572 1645 3637 1682 ex

2052 1727 2320 1796 serpentis
2350 1725 2671 1780 seductione
2705 1726 2910 1780 infame
2937 1724 3140 1779 factum
3178 1725 3373 1777 fuerat.
3418 1720 3482 1776 Et.
3501 1719 3630 1790 quia

2053 1817 2180 1872 olim
2213 1816 2410 1870 mulier
2433 1816 2548 1870 viro
2591 1815 2733 1872 facta
2765 1825 2851 1870 est
2893 1816 3145 1870 ministra
3188 1811 3462 1876 maeroris,
3488 1826 3639 1865 nunc

2051 1909 2310 1964 mulieres
2343 1907 2480 1961 fiunt
2513 1907 2644 1963 viris
2695 1906 2960 1962 ministra:
2989 1904 3195 1977 gaudii.
3230 1902 3449 1957 Fratres
3512 1916 3640 1954 veru

2049 2001 2344 2071 appellavit
2376 2001 2674 2070 apostolos,
2713 1997 2904 2053 simul
2937 1997 3159 2068 quidem
3191 2003 3416 2066 propter
3459 1993 3640 2046 incar-

2050 2097 2368 2151 nationem:
2405 2097 2603 2151 fratres
2629 2095 2900 2166 siquidem
2976 2100 3107 2148 sunt
3155 2092 3299 2146 inter
3349 2105 3408 2145 se
3446 2097 3637 2143 mutuo

2049 2204 2243 2244 omnes
2281 2189 2572 2256 homines;
2612 2187 2774 2242 simul
2809 2185 2976 2242 etiam
3036 2183 3102 2239 ad
3157 2181 3425 2238 honorem
3489 2179 3638 2248 ipso-

2051 2297 2192 2335 rum.

2119 2372 2276 2427 Vers.
2301 2373 2358 2426 Ii
2374 2413 2387 2426 .
2409 2371 2526 2426 Illis
2550 2380 2724 2425 autem
2751 2371 3063 2424 abeunwus
3080 2399 3150 2409 —
3177 2369 3634 2439 quwaccideraut.

2049 2467 2298 2533 Quidam,
2323 2466 2359 2521 ii
2376 2464 2649 2528 videlicet,
2676 2464 2766 2534 qui
2796 2464 2864 2520 ab
2882 2463 2964 2522 eis
2990 2462 3244 2518 custodes
3264 2461 3435 2517 relicti
3459 2469 3638 2523 erant;

2048 2562 2155 2626 vel,
2179 2560 2270 2630 qui
2302 2574 2368 2613 ex
2397 2561 2477 2613 eis
2511 2555 2846 2628 insigniores
2882 2564 3061 2610 erant.

2122 2654 2278 2709 Vers.
2317 2653 2402 2707 ιε.
2441 2649 2762 2706 Et—Vers.
2803 2649 2888 2704 15.
2911 2647 3314 2703 dormientibus.
3343 2644 3642 2715 Priusquio

2050 2746 2172 2801 dem
2207 2738 2462 2798 emerunt
2495 2741 2699 2797 emdem
2724 2740 2865 2810 ejus,
2894 2754 3042 2793 nunc
3065 2753 3196 2792 vero
3225 2738 3387 2791 etiam
3443 2735 3642 2790 verita-

2054 2848 2161 2893 tem
2198 2845 2391 2891 emunt
2444 2831 2868 2900 resurrectionis
2897 2831 3065 2893 illius.
3107 2837 3162 2886 et
3197 2829 3474 2899 prepriant
3501 2842 3640 2882 con-

2050 2933 2270 2988 cnlcant
2301 2927 2707 2986 conscientiam
2747 2942 2762 2979 :
2803 2939 2908 2979 nec
2940 2922 3108 2994 pudet
3137 2921 3287 2994 ipsos
3336 2921 3639 2990 depravare

2051 3023 2438 3090 custodes,sed
2470 3021 2648 3077 eflicto
2682 3017 2968 3075 mendacio
3023 3015 3184 3073 simul
3219 3030 3343 3070 cum
3373 3014 3454 3067 eis
3497 3011 3642 3066 veri-

2055 3127 2219 3172 tatem
2273 3115 2573 3179 occultant,
2630 3122 2851 3167 utentes
2907 3111 2973 3165 iis
3010 3110 3105 3180 qui
3165 3106 3412 3163 veritatis
3476 3112 3642 3160 testes

1972 3233 2018 3295 ρ
2052 3219 2229 3273 erant,
2264 3217 2324 3263 ut
2354 3206 2632 3262 mendacii
2670 3207 2864 3261 ﬁerent
2887 3202 3147 3258 ministri.

2130 3304 2288 3360 Vers.
2350 3302 2440 3357 14.
2504 3301 2574 3354 Et
2615 3329 2682 3340 —
2730 3299 3006 3367 faciemus.
3052 3293 3449 3350 Perauadebitis
3487 3292 3554 3356 ei,
3589 3300 3644 3344 nt

2056 3396 2148 3467 qui
2179 3395 2337 3450 facile
2380 3401 2561 3463 potest
2589 3391 2723 3447 falli.
2771 3389 2908 3446 Nam
2938 3389 2985 3444 si
3014 3386 3225 3443 stabilis
3243 3394 3413 3446 esset,
3447 3399 3644 3452 nequa-

2056 3501 2219 3554 quam
2273 3483 2321 3538 ei
2354 3481 2781 3553 persuaderitis;
2816 3478 2974 3534 valde
3019 3478 3167 3532 enim
3229 3472 3499 3529 absurdus
3561 3482 3646 3525 est

2057 3593 2236 3634 sermo
2262 3588 2464 3632 vester.
2507 3575 2628 3642 Quo
2661 3573 2865 3629 etenim
2890 3572 3044 3626 lucro
3067 3578 3226 3623 erant
3271 3567 3452 3638 ipsum
3500 3563 3646 3619 furto

2057 3670 2324 3726 sublaturi
2347 3668 2368 3722 l
2391 3666 2676 3733 Quomodo
2704 3665 2757 3718 in
2795 3673 2945 3719 tanto
2973 3661 3221 3732 periculo
3250 3659 3370 3712 ausi
3405 3656 3643 3711 fuissent

2057 3764 2195 3819 adeo
2256 3761 2469 3816 timidi?
2508 3774 2741 3829 quorum
2808 3757 2855 3811 is
2885 3755 2978 3825 qui
3045 3753 3354 3824 praecipuus
3387 3749 3458 3820 (ο)
3502 3761 3645 3814 erat,

2060 3854 2394 3910 muliercula:
2418 3859 2565 3922 metu
2589 3851 2986 3919 Prmccptorem
3015 3843 3266 3917 negavit;
3310 3842 3494 3898 caeteri
3543 3855 3645 3894 au-

2059 3956 2190 4007 tem,
2221 3959 2346 3999 cum
2377 3942 2648 3998 vidissent
2677 3939 2822 4010 quod
2859 3939 3055 4010 ligatus
3077 3944 3246 3995 esset.
3271 3935 3602 4006 aufugerunt
3621 3935 3645 3984 ?

2057 4037 2341 4103 Quomodo
2377 4036 2564 4099 etiam,
2599 4049 2724 4089 cum
2768 4031 2940 4102 prima
2972 4038 3132 4086 nocte
3171 4030 3378 4102 absque
3403 4027 3646 4097 periculo

2057 4127 2226 4182 furari
2265 4141 2390 4180 eum
2428 4122 2754 4195 potuissent.
2785 4119 3007 4190 quando
3056 4117 3242 4173 nullus
3267 4116 3523 4172 servabat
3553 4131 3644 4168 se-

2058 4219 2331 4292 pulcrum,
2389 4217 2677 4282 elegerunt
2719 4217 2898 4283 potius
2961 4210 3202 4266 secunda
3236 4218 3399 4264 nocte
3448 4223 3644 4278 magno

2055 4327 2178 4367 cum
2219 4307 2462 4380 periculo
2493 4307 2669 4377 ipsum
2699 4303 2890 4368 furari,
2935 4301 3293 4374 praesentibus
3320 4300 3431 4372 jam
3460 4307 3643 4355 custo-

2054 4403 2264 4461 dibus?
2316 4400 2426 4457 Sed
2456 4400 2577 4458 vide
2609 4397 2886 4470 quomodo
2951 4397 3216 4454 adversus
3264 4395 3476 4465 seipsos
3522 4393 3644 4446 dili-

2054 4499 2292 4571 gentiam
2341 4496 2714 4552 adhibuerunt
2747 4507 2883 4548 vane
2915 4491 3197 4562 sapientes
3227 4486 3422 4550 Iud-xi,
3473 4482 3643 4539 veluti

355 4580 500 4650 τέρω
533 4581 608 4652 (6)
638 4581 1048 4654 δεδηλώκαμεν.
1084 4585 1144 4637 ΕΞ
1177 4588 1286 4656 γάρ
1311 4587 1369 4638 ού
1404 4587 1786 4657 παρεκάθισαν
1817 4593 1944 4656 τοὺς

2063 4592 2216 4647 etiam
2255 4589 2508 4660 superius
2540 4587 2990 4657 significavimus.
3049 4583 3161 4637 Nisi
3190 4582 3337 4636 enim
3378 4578 3644 4634 custodes

355 4672 625 4742 φύλακας,
655 4673 909 4730 ὲδύναντό
928 4695 980 4730 τι
1013 4677 1193 4746 λέγειν
1219 4677 1352 4750 περὶ
1386 4679 1596 4750 κλοπῆς
1617 4697 1630 4712 ·
1666 4681 1760 4733 νῦν
1791 4681 1848 4736 δὲ
1880 4684 1942 4736 ού

2063 4684 2286 4756 ippositi
2311 4683 2564 4745 fuissent,
2589 4681 2792 4751 aliquid
2824 4681 2892 4735 de
2910 4678 3057 4733 furto
3077 4677 3261 4732 dicere
3295 4673 3638 4744 potuissent;

353 4764 612 4821 δύνανται
636 4769 787 4838 παρὰ
823 4770 1108 4834 δικασταῖς
1134 4771 1333 4838 εύθέσι,
1362 4771 1697 4843 πολλαχόθεν
1729 4776 1946 4830 ἐπιστο-

2063 4794 2199 4833 ounc
2220 4787 2403 4833 autem
2422 4777 2564 4846 apud
2582 4791 2766 4846 mquos
2782 4774 2997 4845 judiecs
3011 4769 3146 4826 nihil
3173 4767 3370 4824 mutire
3389 4774 3642 4837 possunt.

358 4860 667 4928 μιξάμενοι.

2063 4870 2296 4940 undique
2331 4869 2590 4939 imposito
2609 4869 2691 4923 cis
2714 4865 2958 4921 silentio.

429 4955 492 5007 Ol
526 4951 594 5007 δὲ
626 4985 693 4995 -
719 4955 1010 5026 σήμερον.
1046 4958 1111 5012 Et
1139 4960 1232 5013 τοῦ
1269 4961 1516 5031 μαθητοῦ
1557 4963 1945 5033 περιεγένοντο

2129 4963 2286 5019 Vcrs.
2334 4963 2420 5018 15,
2456 4961 2544 5016 Illi
2571 4970 2747 5015 autent
2774 4990 2840 5001 ——
2868 4957 3177 5011 hodiernum
3209 4953 3364 5009 diem.
3388 4949 3447 5004 Si
3477 4949 3644 5006 disci-

1556 5165 1757 5229 Variie
1804 5165 2111 5230 lectiones
2151 5171 2209 5228 et
2247 5172 2436 5229 notae.

425 5339 534 5408 (96)
574 5340 778 5394 Τούτου
833 5342 896 5396 Α.
941 5342 1188 5405 τούτους.
1221 5341 1259 5395 i.
1293 5357 1342 5395 e.
1376 5341 1502 5402 τοὺς
1537 5339 1724 5403 πόδας.
1789 5338 1939 5394 Hen-

2124 5339 2204 5408 (ί)
2235 5338 2372 5409 Παρ’
2402 5339 2584 5409 αὐτῶν
2630 5335 2723 5409 At
2738 5333 2915 5409 A_t_que
2943 5333 3016 5409 ita
3040 5328 3366 5387 llentcnius.
3408 5325 3596 5381 Αὐτῶν
3620 5339 3639 5359 ··

354 5405 536 5470 tenius
574 5412 760 5466 addito
790 5415 946 5483 signo
983 5413 1163 5467 crucis
1198 5412 1363 5466 habet
1399 5428 1474 5466 os.
1511 5409 1675 5464 Forte
1698 5426 1828 5482 ergo
1848 5410 1940 5464 hic

2063 5405 2372 5483 ὶρκέέρέφὲο
2394 5407 2611 5483 Aeo-
2655 5405 2735 5478 τῷ
2765 5405 3007 5476 Χριστῷο

351 5493 642 5554 corruptus
669 5493 786 5554 erat
810 5478 978 5539 codex
1015 5485 1155 5553 ejus.
1186 5483 1330 5554 Lege
1363 5499 1469 5537 eos.
1768 5478 1786 5482 ⁷

2215 5478 2346 5554 Τοῦ
2378 5479 2634 5548 ψεύδους.

423 5545 538 5621 (97)
570 5553 780 5615 Αὐτῶν,
809 5555 985 5618 abest,
1029 5545 1094 5610 Ᾰ.
1266 5545 1293 5554 ν

2233 5550 2370 5621 Τοὺς
2394 5545 2457 5604 ὀι
2488 5565 2613 5621 mox
2643 5549 2928 5620 μάρτυρας
2954 5545 3013 5602 Β.

423 5619 535 5691 (98)
571 5625 1143 5694 Προαπαγγείλοιντες,
1196 5627 1257 5679 Α.
1872 5693 1879 5694 7
2121 5620 2197 5694 (ξ)
2374 5620 2654 5694 ἀληθείας.

429 5696 540 5768 (99)
581 5691 722 5749 Ante
776 5691 863 5758 of,
905 5693 1213 5751 llentcnius
1256 5697 1470 5751 videtur
1525 5696 1741 5768 legisse,
1771 5693 1933 5756 τινές.

2119 5691 2197 5768 (ἐξ)
2228 5691 2318 5768 de,
2346 5693 2551 5768 omittit
2610 5695 2674 5746 A.

359 5761 632 5836 Δηλονότι.
1583 5761 1607 5768 ⁷
2127 5761 2202 5832 (6)
2237 5762 2621 5833 ’Λνωτέρωθεν
2673 5762 2741 5818 Δ.

429 5925 501 5992 (0)
547 5924 868 5995 l’rwcipmts.
906 5925 1038 5993 tmo,
1083 5925 1211 5991 dux,
1244 5923 1520 5994 princeps.
