4032 6536
423 460 529 520 759

1661 465 2050 524 EUTHYMII
2094 468 2457 528 ZIGABENI

3580 471 3682 530 "tt-0

425 569 614 635 pulum
675 573 924 627 vicerunt
963 574 1243 648 pecuniae,
1313 575 1487 629 multo
1547 575 1720 645 magis
1783 576 2001 630 milites.

2124 577 2172 627 τὶ
2215 579 2477 648 ἀργύρια,
2510 579 2693 648 πολλῷ
2727 579 2928 649 μᾶλλον
2962 579 3068 632 τῶν
3114 577 3487 649 στρατιωτῶν.
3529 579 3684 643 Μέγα

428 657 564 714 Vere
597 662 778 731 itaque
833 679 1084 732 magnum
1126 672 1210 719 est
1268 665 1468 718 malum
1533 667 1778 736 pecunia:
1829 682 2002 726 amor.

423 764 479 808 et
537 771 858 826 magnorum
891 773 1055 813 causa
1111 761 1402 839 malorum.
1442 761 1767 819 Sermonem
1821 773 2001 818 autem

422 846 756 916 divulgatum
817 848 976 915 dicit,
1023 852 1168 920 quod
1223 853 1370 908 furto
1411 855 1657 909 sublatus
1710 855 1780 909 sit
1826 854 2002 909 Jesus.

424 934 598 990 Lucas
630 953 756 991 vero
778 940 847 995 de
885 944 1210 1000 mulieribus
1243 948 1318 1000 ait
1359 967 1369 1001 :
1413 948 1479 1000 Et
1508 965 1726 1002 reversa:
1757 967 1787 1002 a
1822 967 2008 1003 monu-

424 1037 596 1082 mento
669 1035 1050 1090 nuntiaverunt
1113 1040 1222 1093 [nec
1305 1042 1482 1094 omnia
1544 1042 1671 1109 ipsis
1745 1045 2006 1108 undecim,

425 1122 732 1184 ueterisque
760 1129 1001 1183 omnibus
1028 1131 1095 1194 ",
1124 1131 1378 1187 videlicet
1409 1134 1773 1202 septuaginta.
1806 1135 2010 1189 Deinde

425 1226 712 1271 enumerat
739 1233 832 1274 eas
851 1220 1039 1277 dicens
1071 1241 1082 1276 :
1116 1225 1284 1278 Erant
1320 1236 1496 1279 autem
1553 1226 1732 1281 Maria
1789 1228 2012 1301 Magda-

426 1303 558 1370 lene,
581 1316 630 1360 et
651 1307 884 1376 Joanna,
941 1323 990 1366 et
1045 1314 1220 1369 .llaria
1271 1317 1479 1382 Jacobi,
1514 1334 1578 1370 ac
1636 1329 1840 1374 cratera:
1897 1338 2012 1390 qua:

425 1414 543 1452 cum
566 1402 639 1455 eis
664 1389 835 1468 erant,
869 1422 982 1474 qua:
1034 1408 1274 1460 dicebant
1335 1411 1403 1462 ad
1444 1410 1709 1478 apostolos
1775 1389 2007 1467 lues".

427 1489 630 1546 Verum
679 1493 964 1549 MQUIIIBUS
989 1499 1208 1566 quidem
1268 1500 1490 1554 Mariam
1553 1501 1929 1573 Magdalenen,
1962 1517 2015 1560 et

427 1584 653 1641 Mariam
685 1587 876 1643 Jacobi
905 1601 958 1643 et
987 1590 1114 1645 Jose
1166 1594 1488 1664 conscripsit
1520 1595 1565 1626 ⁸³
1614 1613 1624 1646 ;
1686 1610 1794 1649 non
1860 1601 2011 1667 quasi

427 1673 595 1737 solas,
629 1678 724 1729 sed
768 1687 1023 1748 tanquam
1060 1684 1274 1736 caeteris
1302 1700 1422 1752 quze
1453 1700 1575 1738 cum
1611 1685 1692 1739 eis
1725 1694 1882 1740 erant
1935 1686 2016 1739 in-

429 1764 718 1835 signiores;
743 1769 958 1826 Marcus
981 1782 1165 1827 autem
1187 1777 1350 1829 etiam
1381 1777 1703 1848 signiﬁcavit
1736 1779 2015 1845 Salomen;

429 1855 604 1914 Lucas
621 1873 750 1915 vero
769 1860 1022 1917 Salomeu
1043 1866 1262 1935 quidem
1288 1870 1491 1938 absque
1512 1887 1776 1942 expresso
1796 1875 2016 1929 nomine

2104 664 2200 724 οὖν
2233 672 2403 724 κακὸν
2430 671 2602 732 ὅντως
2632 673 2663 740 ή
2700 669 3054 740 φιλαργυρία,
3092 675 3183 723 καὶ
3212 669 3465 739 μεγάλων
3495 669 3682 721 κακῶν

2107 764 2278 818 αἰτία.
2311 763 2483 832 Λόγον
2515 763 2572 817 δὲ
2618 763 3055 834 διαφημισθέντα
3093 761 3263 830 λέγει,
3309 761 3400 814 τὸν
3432 761 3560 831 περὶ
3590 758 3681 812 τοῦ

2109 856 2386 927 κλαπῆναι
2425 857 2607 912 αὐτόν.
2661 855 2720 909 '0
2755 856 2812 909 δὲ
2857 857 3072 918 Λουκᾶς
3101 855 3228 925 περὶ
3266 854 3373 907 τῶν
3403 851 3680 921 γυναικῶν

2108 945 2282 1012 εἶπεν,
2316 949 2396 1002 ὅτι
2424 948 2529 1001 Καὶ
2562 945 3028 1015 ὑποστρέψασαι
3055 945 3174 1000 ἀπὸ
3204 944 3309 999 τοῦ
3346 943 3638 1013 μνημείου
3666 979 3681 1002 ,

2110 1039 2483 1110 ἀπήγγειλαν
2499 1040 2681 1094 ταῦτα
2698 1038 2895 1092 πάντα
2912 1037 3033 1104 τοῖς
3048 1037 3264 1090 ἕνδεκα
3280 1038 3376 1089 καὶ
3399 1034 3548 1091 πᾶσι
3565 1033 3687 1097 τοῖς

2111 1135 2369 1200 λοιποῖς,
2389 1136 2574 1205 ἤγουν,
2600 1135 2710 1196 ταῖς
2733 1133 3119 1200 ἐϐδομήκοντα.
3146 1126 3275 1183 Εἶτα
3297 1128 3688 1198 ἀπαριθμεῖται

2114 1228 2317 1291 ταύτας
2341 1227 2516 1295 λέγων
2541 1243 2555 1258 ο
2580 1221 2774 1280 ἾΙσαν
2793 1225 2858 1278 δὲ
2888 1225 2925 1292 ή
2955 1220 3322 1293 Μαγδαληνὴ
3350 1221 3558 1286 Μαρία,
3590 1218 3686 1270 καί

2126 1318 2384 1379 Ἱωάννα.
2417 1319 2512 1371 καὶ
2542 1318 2736 1384 Μαρία
2759 1318 2834 1387 (7)
2869 1319 2906 1384 ἡ
2952 1313 3241 1376 Ἰακώϐου,
3272 1311 3367 1364 καί
3397 1315 3451 1362 at
3485 1309 3690 1362 λοιπαὶ

2117 1411 2238 1464 σὺν
2284 1409 2512 1474 αὐταῖς,
2562 1407 2624 1461 αἳ
2660 1410 2876 1478 ἔλεγον
2925 1407 3076 1476 πρὸς
3121 1404 3262 1469 τοὺς
3312 1402 3690 1465 ἀποστόλους

2117 1501 2322 1555 ταῦτα.
2352 1500 2511 1554 Ἀλλά
2533 1500 2807 1561 Ματθαῖος
2851 1498 2950 1568 μὲν
2967 1497 3184 1566 Μαρίαν
3199 1496 3296 1565 τὴν
3321 1496 3448 1560 Μαγ
3459 1491 3690 1562 δαληνὴν

2119 1592 2212 1646 καὶ
2245 1594 2461 1662 Μαρίαν
2486 1592 2583 1662 τὴν
2616 1593 2708 1644 τοῦ
2745 1591 3003 1644 Ἰακώϐου
3032 1590 3124 1642 καὶ
3175 1588 3331 1654 Ἰωσῆ
3362 1578 3688 1655 ἀνέγραψεν

2116 1687 2216 1753 οὐχ
2242 1686 2315 1747 ὡς
2349 1684 2536 1752 μόνας.
2561 1684 2674 1737 ἀλλ’
2702 1684 2775 1746 ὼς
2799 1682 3201 1754 ὲπισημοτὲρας
3223 1680 3330 1733 τῶν
3358 1681 3453 1731 σὺν
3480 1679 3694 1737 αὐταῖς-

2118 1777 2340 1847 Μὰρκος
2373 1777 2428 1829 δὲ
2466 1778 2559 1831 καὶ
2605 1776 2703 1847 τὴν
2745 1775 3011 1846 Σαλώμην
3065 1773 3300 1844 ἐδήλωσε
3328 1787 3344 1805 ·
3382 1772 3592 1832 Λουκᾶς
3640 1767 3697 1819 δὲ

2120 1870 2224 1941 τὴν
2252 1869 2350 1938 μὲν
2387 1869 2656 1940 Σαλώμην
2689 1867 3058 1948 ἀνονόμμαστον
3098 1865 3338 1948 ἀφῆκεν,
3375 1862 3610 1932 ἐδήλωσε
3639 1860 3698 1912 δὲ

426 1949 663 2020 reliquit,
689 1956 1059 2012 manifestavit
1077 1971 1258 2016 autem
1282 1963 1574 2019 Joannam.
1605 1966 1827 2022 Addens
1850 1984 2013 2022 vero:

2124 1961 2197 2032 (8)
2251 1961 2350 2031 τὴν
2415 1962 2663 2015 ’ῐωάνναν
2689 1977 2704 1992 ο
2741 1943 2998 2030 προσθεὶς
3028 1958 3107 2022 δὲ,
3142 1958 3224 2010 ὅτι
3258 1944 3363 2009 Καὶ
3397 1959 3454 2008 at
3489 1950 3696 2006 λοιπαὶ

427 2041 495 2094 Et
517 2057 719 2099 ca'tera:
745 2063 862 2118 qua:
893 2067 1008 2104 cum
1039 2054 1111 2106 eis
1134 2065 1306 2115 erant.
1350 2056 1620 2126 signiﬁcat
1645 2069 1702 2114 et
1737 2061 2014 2124 Salomen,

429 2141 484 2186 ct
510 2133 643 2190 alias
665 2139 929 2206 quasdam
954 2144 1019 2196 ".
1056 2143 1183 2200 Post
1223 2146 1425 2202 dictam
1482 2149 1664 2218 itaque
1727 2151 2016 2205 umlierum

430 2227 902 2284 enumerationem
935 2248 1150 2287 rursum
1202 2236 1488 2305 subjunxit
1515 2238 1737 2292 Lucas:
1787 2239 1853 2292 Et
1909 2241 2016 2292 visa

435 2323 560 2366 sunt
589 2332 770 2371 coram
795 2320 904 2374 illis
925 2335 1180 2393 tanquam
1207 2328 1608 2383 deliramentum
1629 2332 1782 2384 verba
1811 2349 2015 2394 earnu-i,

432 2421 523 2457 nec
562 2410 894 2465 crediderunt
926 2415 1059 2481 ipsis
1087 2416 1149 2470 ".

506 2495 644 2553 llinc
671 2513 801 2573 ergo
819 2514 1045 2559 sumunt
1077 2505 1315 2569 initium.
1348 2524 1467 2578 qua:
1517 2511 1583 2564 de
1611 2511 1776 2566 Maria
1802 2512 2020 2584 Magda-

435 2587 556 2642 Iene
587 2590 738 2647 solus
771 2595 991 2664 scripsit
1017 2597 1277 2664 Joannes,
1311 2600 1477 2655 veluti
1495 2618 1557 2656 ea
1589 2620 1820 2673 quorum
1878 2609 2018 2674 apud

435 2681 676 2749 reliquos
713 2686 859 2741 nulla
894 2699 979 2744 est
1019 2690 1160 2747 facta
1209 2695 1418 2750 mentio
1441 2698 1510 2750 ".
1550 2697 1687 2762 Quia
1720 2700 1866 2752 enim
1911 2701 2020 2754 visa

434 2785 565 2828 sunt
603 2791 786 2832 coram
838 2784 1100 2851 apostolis
1132 2795 1392 2858 tanquam
1437 2789 1864 2846 deliramentum
1896 2809 2022 2848 ver.

434 2865 504 2918 ba
542 2867 834 2925 mulierum
881 2874 1048 2944 :ipsa
1091 2879 1341 2948 cogitans
1394 2881 1540 2936 intra
1593 2897 1652 2937 se
1703 2884 1848 2952 quod
1898 2901 2024 2940 vere

438 2958 681 3029 deceptae
710 2975 916 3031 essent,
942 2970 1199 3039 quodque
1228 2987 1325 3041 per
1357 2973 1706 3043 phantasiam
1758 2976 2025 3031 vidissent

437 3065 558 3117 quae
587 3051 858 3122 viderant,
893 3068 947 3112 et
980 3062 1263 3118 audissent
1301 3081 1422 3133 qua:
1450 3066 1740 3120 audierant
1796 3067 1815 3138 (
1846 3083 2023 3138 neque

437 3144 586 3198 enim
640 3147 796 3200 aliter
855 3159 1108 3221 tanquam
1169 3156 1584 3211 deliramentum
1636 3159 2023 3228 apparuissent

438 3235 843 3295 eordatioribus
887 3253 942 3296 et
992 3246 1457 3318 sapientioribus)
1518 3264 1626 3304 non
1661 3249 1894 3319 quievit.
1928 3251 2020 3305 sed

2121 2051 2236 2105 σὺν
2290 2051 2524 2117 αὑταῖς,
2582 2051 2845 2120 ἐνέφηνεν
2892 2049 3063 2119 αὑτήν
3085 2065 3147 2101 τε
3184 2047 3281 2116 τὴν
3312 2044 3577 2112 Σαλώμην
3606 2041 3700 2094 καὶ

2121 2145 2287 2208 ἄλλας
2335 2145 2509 2208 τινάς.
2569 2143 2724 2198 Μετὰ
2760 2145 2945 2214 μέντοι
2982 2142 3080 2213 τὴν
3119 2140 3419 2210 εἰρημένην
3459 2135 3566 2188 τῶν
3601 2151 3698 2202 γυ-

2128 2236 2328 2290 ναικῶν
2373 2234 2774 2306 ἀπαρίθμησιν,
2804 2235 3051 2304 ἐπήγαγε
3087 2231 3245 2285 πάλιν
3276 2230 3302 2281 6
3340 2229 3553 2288 Λουκᾶς
3574 2266 3588 2289 ,
3621 2227 3699 2277 ὅτι

2127 2330 2232 2386 Καὶ
2291 2329 2611 2399 ἐφάνησαν
2644 2326 2900 2381 ἐνώπιον
2947 2322 3146 2378 αὐτῶν
3190 2321 3334 2375 ὡσεί
3387 2319 3575 2388 λῆρος
3633 2317 3701 2369 sic

2119 2425 2360 2492 ῥήματα
2388 2421 2610 2483 αὐτῶν,
2643 2421 2739 2473 καί
2773 2420 3082 2485 ἠπίστουν
3120 2415 3349 2479 αὑταῖς.

2209 2508 2494 2569 Ἐντεῦθεν
2536 2512 2629 2565 οὖν
2669 2513 2928 2582 ἄρχονται
2961 2510 3028 2564 τὰ
3071 2510 3200 2579 περὶ
3237 2504 3462 2572 Μαρίας
3495 2500 3570 2571 (9)
3602 2499 3703 2569 τῆς

2125 2605 2488 2674 Μαγδαληνῆς
2512 2643 2526 2667 ,
2563 2603 2599 2656 ἃ
2632 2601 2789 2672 μόνος
2820 2603 2848 2654 6
2889 2600 3138 2667 Ἰωάννης
3167 2596 3474 2666 ἱστόρησεν,
3506 2591 3579 2652 ὡς
3609 2590 3704 2642 καὶ

2127 2699 2268 2753 αὐτὰ
2323 2697 2436 2767 (10)
2494 2696 2569 2766 μὴ
2630 2692 3074 2765 μνημονευθέντα
3132 2689 3284 2760 παρὰ
3332 2688 3446 2749 τοῖς
3501 2684 3700 2745 ἄλλοις.

2138 2791 2293 2844 Ἐπεὶ
2325 2792 2434 2859 γὰρ
2460 2790 2738 2858 ἐφάνησαν
2784 2785 3017 2838 ἐνώπιον
3061 2782 3170 2836 τῶν
3226 2779 3538 2834 ἀποστόλων
3574 2775 3704 2828 ὡσεὶ

2126 2885 2293 2954 λῆρος
2326 2883 2394 2937 τὰ
2430 2883 2652 2952 ῥήματα
2690 2878 2798 2931 τῶν
2825 2876 3102 2946 γυναικῶν
3129 2893 3144 2907 ο
3183 2872 3321 2941 αὕτη
3366 2867 3704 2937 λογισαμένη

2129 2976 2253 3030 καθ’
2297 2974 2532 3044 ἑαυτὴν,
2576 2973 2657 3025 ὅτι
2700 2970 2868 3032 ὅντως
2924 2966 3322 3037 ἠπατήθησαν,
3358 2960 3499 3015 κατὰ
3559 2976 3665 3028 (ραν

2128 3068 2327 3122 τασίαν
2389 3065 2615 3129 ἰδοῦσαι,
2675 3064 2776 3117 ὅσα
2837 3059 2994 3128 εἶδον,
3062 3059 3160 3113 καὶ
3219 3056 3547 3116 ἀκούσασαι,
3607 3051 3707 3102 ὃσα

2129 3161 2402 3231 ήκουσαν·
2441 3157 2502 3209 οὐ
2560 3155 2666 3224 γὰρ
2713 3154 2777 3208 ἂν
2834 3153 2965 3205 ὡσεὶ
3013 3150 3180 3219 λῆρος
3234 3146 3409 3199 ταῦτα
3437 3144 3546 3204 τοῖς
3584 3157 3708 3192 συν-

2130 3251 2417 3319 ετωτέροις
2471 3248 2790 3316 ἐφάνησαν·
2843 3245 2943 3297 οὐκ
2994 3244 3295 3315 ἠρέμησεν,
3360 3236 3473 3290 ἀλλ’
3506 3234 3710 3296 αὐτίκα

438 3329 551 3382 sola
575 3333 831 3399 protinus
860 3337 926 3391 ad
955 3352 1375 3397 monumentum
1395 3344 1661 3411 cucurrit,
1688 3359 1815 3400 cum
1846 3345 2019 3400 adhuc

2133 3345 2268 3413 μόνη
2298 3341 2532 3410 ἔδραμεν
2565 3339 2656 3392 ὲπ¹ι
2688 3340 2746 3391 τὸ
2777 3336 3041 3407 μνημεῖον
3063 3375 3078 3399 ,
3126 3332 3347 3395 σκοτίας
3387 3328 3466 3381 ἔτι
3500 3326 3665 3392 οὔσης
3689 3364 3704 3387 ,

439 3421 682 3478 tenebrae
706 3436 912 3493 essent,
939 3428 1160 3499 Opinata
1185 3433 1332 3502 quod
1360 3434 1537 3504 ipsum
1576 3436 1825 3491 clausum
1879 3444 2026 3490 esset

441 3523 748 3582 rcpertura.
786 3516 989 3576 Videns
1027 3532 1212 3578 autem
1244 3526 1388 3595 quod
1419 3526 1671 3582 sublatus
1702 3535 1851 3584 esset
1891 3527 2026 3596 lapis

439 3619 868 3678 amonumento,
927 3615 1064 3669 nihil
1112 3619 1364 3674 meminit
1419 3635 1637 3683 eorum,
1697 3636 1820 3690 quae
1874 3620 2029 3689 prius

439 3697 584 3753 facta
618 3700 858 3770 fuerant,
911 3715 1101 3772 utpote
1143 3712 1554 3765 renuutiatione
1597 3729 1761 3782 quam
1816 3713 1882 3768 de
1946 3714 2029 3767 bis

441 3789 668 3858 fecerat,
707 3808 737 3847 a
761 3794 1042 3865 discipulis
1070 3800 1360 3868 reprobata
1399 3817 1411 3853 :
1443 3803 1715 3871 suspicata
1739 3812 1823 3857 est
1845 3811 2025 3857 autem

445 3881 846 3950 transpositum
898 3900 1020 3940 esse
1074 3902 1278 3959 corpus
1327 3905 1356 3943 a
1404 3889 1605 3961 Joseph
1662 3893 1715 3946 in
1771 3895 2026 3947 tutiorem

441 3969 647 4024 locum.
674 3970 861 4027 Currit
893 3982 1023 4044 erg’o
1050 3985 1106 4031 et
1127 3979 1278 4033 venit
1308 3981 1375 4034 ad
1411 3980 1692 4037 Simonem
1716 3983 1939 4036 Petrum
1975 3991 2029 4036 et

441 4061 508 4113 ad
540 4061 705 4115 alium
738 4065 1068 4135 discipulum
1117 4085 1279 4138 quem
1337 4071 1598 4142 diligebat
1650 4071 1830 4135 Jesus,
1858 4081 1912 4125 et
1958 4073 2031 4124 ait

441 4152 586 4209 illis:
621 4155 872 4213 Tulerunt
905 4160 1192 4217 Dominum
1226 4181 1400 4218 meum
1450 4166 1514 4219 de
1570 4174 1926 4223 monumenta.
1981 4177 2029 4227 et

441 4247 700 4302 nescimus
732 4252 819 4304 ubi
863 4259 1178 4320 posuerim!
1209 4273 1365 4323 eum,
1415 4266 1550 4321 etc.,
1594 4273 1717 4327 quae
1769 4257 2030 4326 deinceps

441 4340 583 4395 facta
613 4355 764 4407 sunt,
793 4346 936 4400 sicut
960 4349 1179 4416 scripsit
1200 4347 1444 4404 Joannes
1473 4351 1542 4402 ⁸⁸.

514 4433 961 4491 Demonstratum
993 4448 1077 4493 est
1103 4440 1268 4510 igitur
1303 4457 1468 4493 unam
1491 4457 1613 4495 esse
1639 4444 1783 4510 apud
1839 4458 2033 4496 omnes

439 4528 805 4598 evangelistas
841 4531 1214 4594 concordiam,
1244 4540 1300 4588 et
1324 4547 1526 4602 corpus
1553 4533 1800 4588 historiae
1837 4551 2028 4598 unum,

2131 3434 2496 3505 προσδοκῶσα
2525 3432 2918 3500 κεκλεισμένον
2965 3427 3147 3498 εὑρεῖν
3183 3423 3348 3477 αὑτό·
3392 3417 3705 3488 θεασαμένη

2127 3528 2183 3580 δὲ
2227 3527 2317 3579 τὸν
2351 3525 2495 3578 λίθον
2528 3526 2769 3594 ἠρμένον
2805 3525 2869 3574 ὲκ
2908 3520 3001 3573 τοῦ
3051 3516 3340 3589 μνημείου,
3400 3514 3555 3566 οὐδὲν
3612 3511 3708 3580 μὲν

2129 3619 2445 3689 ἀνεμνήσθη
2514 3618 2622 3670 τῶν
2698 3614 3236 3688 προγεγενημένων,
3311 3608 3384 3670 ὡς
3458 3604 3707 3660 ἀποδοκι-

2134 3708 2438 3779 μασθείσης
2481 3708 2581 3777 τῆς
2634 3705 2764 3772 περὶ
2818 3703 2929 3774 (ll)
2977 3703 3155 3755 αὐτῶν
3216 3697 3555 3765 ἀπαγγελίας
3604 3695 3708 3746 ὑπὸ

2129 3799 2238 3851 τῶν
2275 3797 2567 3868 μαθητῶνο
2605 3793 2840 3848 ὑπέλαϐε
2887 3792 2943 3845 δὲ
2977 3791 3273 3862 μετατεθὲν
3307 3787 3417 3853 (lit
3461 3787 3520 3837 τὸ
3551 3784 3707 3850 σῶμα

2133 3893 2284 3960 παρὰ
2321 3891 2414 3943 τοῦ
2480 3890 2678 3960 Ἰωσὴφ
2729 3889 2808 3952 εἰς
2855 3889 3018 3939 τόπον
3052 3883 3478 3951 ἀσφαλιέσερον.
3514 3879 3708 3948 Τρέχει

2131 3981 2244 4048 οὖν,
2285 3982 2376 4035 καὶ
2401 3981 2622 4051 ἔρχεται
2651 3979 2790 4048 πρὸς
2814 3979 3033 4048 Σίμωνα
3063 3975 3291 4045 Πέτρον,
3323 3971 3419 4023 καὶ
3451 3969 3588 4039 προς
3619 3967 3708 4019 τὸν

2138 4075 2298 4132 ἄλλον
2335 4072 2609 4144 μαθητὴν,
2649 4072 2708 4125 ὃν
2739 4071 2914 4140 ἐφίλει
2945 4070 2972 4120 6
3020 4067 3257 4137 Ἰησοῦς,
3300 4065 3393 4118 καὶ
3422 4063 3570 4128 λέγει
3607 4060 3706 4113 αὺ-

2131 4171 2277 4230 τοῖς’
2329 4163 2520 4236 Ἦραν
2560 4165 2669 4219 τὸν
2713 4167 2934 4232 Κύριον
2974 4163 3042 4215 ἐκ
3094 4160 3199 4214 τοῦ
3255 4158 3567 4228 μνημείου,
3613 4151 3709 4205 καὶ

2133 4265 2246 4315 οὐκ
2297 4261 2544 4330 οἴδαμεν
2579 4257 2698 4312 ποῦ
2733 4258 2958 4324 ἔθηκαν
2994 4255 3201 4308 αὐτόν.
3240 4254 3345 4304 Καὶ
3370 4251 3435 4301 τὰ
3465 4249 3590 4316 ἑξῆς
3621 4262 3709 4312 γε·

2132 4355 2378 4424 γόνασιν,
2410 4353 2485 4415 ὡς
2511 4355 2539 4405 6
2575 4350 2828 4420 Ἰωάννης
2851 4348 3078 4417 ἔγραψε.

2206 4446 2482 4498 Δέδεικται
2528 4444 2710 4497 τοίνυν
2767 4440 3004 4512 ἁρμονία
3063 4438 3158 4507 μία
3211 4436 3361 4506 παρὰ
3417 4434 3548 4485 πᾶσι
3599 4432 3710 4492 τοῖς

2137 4537 2572 4605 εὐαγγελισταϊς,
2645 4536 2740 4589 καὶ
2809 4534 2967 4603 σῶμα
3017 4532 3115 4600 τῆς
3173 4527 3412 4597 ἱστορίας
3473 4523 3564 4584 ἓν,
3623 4515 3708 4572 οἷα

445 4621 611 4673 rebus
652 4621 863 4676 scilicet
894 4622 1242 4676 convenienti
1305 4613 1513 4677 ordine.
1542 4626 1830 4679 enarratis.
1875 4625 2019 4691 Quod

2140 4635 2248 4684 τῶν
2290 4629 2474 4701 ῥητῶν
2509 4629 2653 4682 κατὰ
2692 4628 2790 4697 τὴν
2830 4627 3214 4696 προσήκουσαν
3253 4620 3406 4684 τάξιν
3443 4619 3709 4688 ἑρμηνευ-

444 4712 589 4765 enim
629 4713 718 4767 hic
747 4713 1074 4785 evangelista
1115 4715 1396 4784 prmtcriil,
1436 4715 1538 4770 hoc
1598 4716 1688 4771 ille
1717 4718 1789 4770 ita
1848 4718 2030 4771 divina

445 4803 773 4873 disponente
809 4808 985 4876 gratia
1017 4807 1175 4874 dixit,
1208 4817 1267 4862 ut
1298 4809 1463 4862 etiam
1510 4809 1640 4865 hinc
1680 4811 2031 4867 manifestum

446 4909 565 4948 esse
594 4899 788 4964 possit,
824 4899 967 4966 quod
994 4916 1101 4952 non
1133 4915 1201 4953 ex
1232 4899 1539 4969 composito
1568 4911 1662 4955 aut
1696 4913 1853 4972 pacto
1890 4905 2030 4958 scri-

447 4990 681 5056 pseriut.

520 5083 675 5140 Vers.
708 5086 800 5140 16.
827 5088 1073 5142 Undecim
1109 5107 1228 5144 vero
1270 5121 1335 5131 -——
1360 5090 1660 5147 Galilwam.
1699 5089 1818 5144 Non
1845 5092 2029 5146 statim

448 5178 697 5233 abierunt
769 5181 819 5232 in
863 5180 1157 5244 Galilaeam,
1221 5183 1486 5253 siquidem
1539 5182 1732 5252 inipso
1785 5181 1872 5236 die
1920 5199 2029 5252 quo

552 5363 593 5391 ⁹¹
632 5361 762 5414 Luc.
800 5379 946 5424 xxiv,
974 5364 1027 5416 9.

449 5430 492 5457 ’7
527 5428 679 5484 .Iuan.
714 5448 802 5490 xx.
850 5433 869 5484 l
908 5449 1059 5503 seqq.
1177 5436 1222 5467 ’⁸
1264 5434 1399 5488 Ibid.
1433 5435 1468 5487 2
1497 5448 1649 5502 seqq.

1144 5363 1186 5392 θ’
1226 5363 1363 5417 Ibid.
1399 5364 1484 5419 10.
1561 5364 1606 5394 ³³
1636 5363 1828 5417 Matth.
1866 5380 2059 5426 xxvm,
2085 5366 2135 5417 1.

2135 4723 2356 4777 θέντων.
2387 4723 2452 4774 Ὃ
2484 4724 2583 4790 γὰρ
2604 4715 2760 4783 οὗτος
2790 4721 3039 4791 παρῆκεν
3060 4719 3085 4769 6
3107 4713 3520 4782 εὐαγγελιστὴς,
3553 4706 3709 4761 τοῦτο

2132 4818 2338 4878 ἐκεῖνος
2369 4809 2523 4867 εἶπεν
2553 4831 2567 4847 ο
2602 4813 2744 4865 οὓτω
2777 4813 2873 4880 τῆς
2909 4811 3058 4871 θείας
3096 4794 3315 4878 χάριτος
3343 4802 3708 4870 οἰκονομησά-

2133 4924 2252 4977 σης,
2289 4906 2377 4958 ἵνα
2412 4903 2706 4957 κάντεῦθεν
2742 4903 2826 4971 εἴη
2858 4901 3037 4970 δῆλον,
3070 4901 3144 4961 ὡς
3183 4899 3282 4970 οὐκ
3323 4898 3386 4948 ὲκ
3428 4893 3702 4961 συνθήμα-

2134 5016 2222 5057 τος
2262 4997 2535 5068 ἔγραψαν.

2205 5095 2269 5145 Οἱ
2307 5090 2376 5144 δὲ
2407 5088 2627 5144 ἕνδεκα
2657 5117 2727 5128 -
2758 5086 3114 5140 ι’(ε’ἶι.1αίαν.
3150 5085 3264 5135 Οὐκ
3299 5081 3459 5141 εὐθὺς
3493 5078 3713 5146 ἐπορεύ-

2137 5186 2332 5255 θησαν.
2365 5183 2476 5236 Καὶ
2505 5181 2614 5253 γὰρ
2657 5183 2715 5233 ἐν
2744 5181 2881 5250 αὐτῇ
2927 5181 2990 5248 τῇ
3029 5177 3232 5248 ἡμέρα,
3266 5171 3387 5225 καθ’
3417 5170 3484 5240 ἢν
3516 5169 3712 5236 ἀνέστη

2237 5365 2281 5397 ’³⁸
2313 5363 2474 5418 Marc.
2517 5380 2622 5417 XVI.
2663 5364 2680 5415 ί
2802 5363 2848 5396 ⁹⁵
2887 5362 3016 5416 Luc.
3044 5358 3298 5423 xxtv,10.
3375 5356 3421 5387 ⁸⁸
3450 5351 3588 5407 ibid.
3625 5351 3711 5405 11.

1650 5622 1840 5683 Variae
1887 5623 2191 5703 lectiones
2223 5631 2282 5681 et
2315 5629 2505 5680 noue.

518 5783 592 5838 (ἲ)
637 5785 724 5842 'll,
758 5786 910 5838 abest
941 5786 998 5837 Α.

523 5853 597 5907 (8)
669 5855 796 5912 Καί,
839 5857 987 5908 udtlit
1037 5859 1099 5910 Α.

525 5921 863 5991 t9)Mapi1;,
896 5928 1049 5981 abest
1090 5929 1152 5981 Α.

2211 5786 2324 5849 (Hi)
2351 5785 2465 5852 Μή,
2503 5782 2707 5835 omittit
2741 5782 2799 5834 Β.

2209 5858 2250 5921 (Ι
2277 5858 2319 5921 Ι)
2352 5855 2481 5922 Περὶ
2511 5854 2669 5904 αὐτόν
2705 5854 2766 5905 Α.

2209 5927 2318 5993 ξιὲ)
2349 5925 2739 5979 Μετατεθεῖναι
2775 5929 2838 5978 Α.
