4032 6530
246 462 371 523 761
1107 463 1496 524 COMMENT.
1541 465 1618 523 IN
1663 465 2132 531 ΜᾹΤἚΗᾸΞΗΜ.
2174 498 2242 508 -—
2279 475 2435 538 CAP.
2482 480 2764 547 xxvxu.
3457 492 3562 553 702

247 580 331 630 ὲκ
394 578 639 650 νεκρῶν,
697 576 852 646 ὥςρθη
922 576 1150 641 αὐτοῖς,
1203 573 1353 630 οὖσιν
1414 577 1494 630 ἔτι
1547 580 1606 632 ἐν
1665 578 1850 648 Ἰερου-

1974 591 2272 644 resurrexit
2329 609 2357 646 a
2402 599 2634 652 mortuis
2682 599 2834 655 visus
2894 611 2978 656 est
3029 603 3130 665 eis,
3190 619 3314 658 cum
3374 619 3561 661 essent

251 669 494 741 σαλήμ.
550 671 660 724 Καὶ
723 668 882 722 τοῦτο
933 671 1262 740 ἐμφαίνουσι
1329 670 1431 737 μὲν
1491 671 1586 723 καὶ
1643 672 1850 742 Μάρκο,

1974 677 2156 732 adhuc
2187 680 2591 758 llierOsolymis.
2635 691 2702 745 Et
2733 691 2833 746 hoc
2868 708 2998 747 sane
3043 694 3258 750 Marcus
3290 706 3340 750 et
3385 695 3562 750 Lucas

243 765 366 815 καὶ
429 766 666 827 Λουκᾶς.
729 763 1112 835 Φανερώτερον
1166 765 1224 818 δὲ
1307 766 1514 819 τούτων
1575 769 1850 838 ἱστόρησεε

1972 770 2271 826 ostendunt
2305 773 2372 838 ";
2415 778 2763 834 manifestius
2816 793 2994 837 tamen
3050 785 3133 839 his
3195 786 3415 854 scripsit
3461 785 3562 841 Jo-

262 853 570 925 Ἶωάννης.
628 858 783 910 Μετὰ
839 856 947 928 γὰρ
1002 857 1062 910 τὸ
1105 857 1444 928 ὑποστρέψαι
1492 859 1627 930 πρὸς
1669 861 1850 921 αὐτοὺς

1974 873 2167 915 annos.
2202 861 2498 935 Postquam
2531 871 2680 923 enim
2714 873 2780 926 ad
2800 875 3107 944 discipulos
3139 892 3356 933 reversa
3413 886 3561 932 esset

249 947 505 1017 Μαρίαν
534 949 632 1015 τὴν
670 948 1059 1018 Μαγδαληνὴν,
1093 951 1258 1019 φησὶν
1297 952 1378 1004 ὅτι
1442 951 1646 1020 Οὔσης
1683 953 1850 1020 ὀψίας

1971 949 2140 1006 Maria
2175 952 2513 1023 Magdalene,
2537 961 2612 1014 ait
2646 980 2657 1014 :
2689 960 2823 1018 Cum
2850 976 2981 1019 esset
3051 983 3172 1020 sero
3231 967 3316 1020 die
3343 967 3436 1021 illo
3468 969 3560 1036 qui

245 1037 344 1106 τῇ
392 1039 582 1108 ἡμέρᾳ
607 1041 833 1108 ἐκείνῃ,
866 1039 938 1108 τῇ
956 1039 1063 1111 μιᾷ
1085 1041 1203 1095 τῶν
1231 1045 1584 1109 Σαϐϐάτων,
1614 1043 1714 1099 καὶ
1748 1045 1850 1100 τῶι

1970 1054 2085 1097 ενοι
2112 1061 2246 1099 unus
2270 1045 2647 1118 Sabbatorum,
2667 1064 2715 1107 et
2773 1059 2909 1126 fores
2969 1069 3139 1113 essent
3184 1055 3424 1123 iclausm,
3469 1061 3557 1113 ubi

247 1129 478 1199 θυρῶν
538 1132 1006 1200 κεκλεισμένων,
1074 1133 1228 1188 ὅπου
1267 1131 1433 1204 ἦσαν
1509 1139 1564 1190 ot
1599 1137 1850 1204 μαθηταὲ

1967 1147 2120 1192 erant
2155 1139 2404 1209 discipuli
2469 1149 2794 1217 congregati;
2855 1161 3072 1220 prapter
3122 1162 3318 1206 metum
3344 1153 3552 1206 ,1υάωο-

247 1225 945 1296 συνηθροισμένοιᾸΜ)
995 1226 1094 1296 διὰ
1148 1229 1256 1280 τὸν
1305 1230 1498 1297 φόϐον
1537 1228 1658 1282 τῶν
1719 1233 1867 1284 Ἰου-

245 1314 490 1380 δαίων,
522 1315 714 1384 ἦλθεν
757 1318 785 1368 ὁ
833 1317 1069 1386 Ἰησοῦς
1114 1320 1211 1374 καί
1241 1319 1390 1386 ἔστη
1435 1322 1522 1386 εις
1554 1320 1621 1374 τό
1645 1319 1850 1388 μέσον,

1967 1323 2129 1378 vobis.
2153 1324 2390 1396 Cumque
2419 1332 2516 1381 hoc
2540 1330 2776 1396 dixisset,
2800 1336 3023 1403 ostendit
3055 1337 3128 1389 eis
3159 1353 3348 1390 manus
3372 1351 3435 1388 ac
3475 1337 3556 1389 Ia-

248 1405 370 1455 κα)
405 1404 566 1475 λέγει
600 1406 827 1473 αὐτοῖς,
851 1407 1074 1475 Εἰρήνη
1113 1409 1279 1478 ὑμῖν.
1309 1409 1418 1462 Kal
1454 1410 1630 1464 τοῦτο
1656 1409 1850 1464 εἰπὼν-η

1967 1422 2050 1467 tus
2074 1432 2252 1468 suum.
2281 1416 2462 1473 Gavisi
2495 1431 2617 1474 sunt
2663 1438 2787 1493 ergo
2828 1424 3079 1494 disripuli
3121 1428 3229 1480 viso
3261 1427 3487 1482 Domino
3513 1431 3552 1482 ¹.

246 1495 496 1560 ἔδειξεν
560 1498 765 1564 αὐτοῖς
806 1499 914 1566 τὰς
947 1500 1146 1569 χεῷας
1205 1501 1303 1556 καὶ
1353 1502 1469 1572 τὴν
1537 1504 1815 1570 πλευρὰν
1884 1507 2094 1562 αὑτοῦ.
2176 1493 2515 1579 Ἐχιίρησιιν
2575 1510 2688 1568 οὖν
2742 1520 2796 1570 οι
2847 1493 3109 1587 μαθηταὶ
3165 1519 3397 1584 ἰδόντες
3451 1521 3558 1574 τὸν

249 1595 512 1661 Κύριον,
547 1597 641 1649 καὶ
676 1597 742 1649 τὰ
773 1596 924 1665 ἑξῆς.

1963 1245 2082 1284 rum
2113 1248 2133 1286 :
2157 1235 2293 1286 venit
2315 1233 2494 1302 Jesus,
2527 1240 2770 1310 stetitque
2788 1242 2840 1296 in
2871 1245 3064 1309 medio,
3093 1255 3142 1298 et
3169 1245 3372 1299 aitillis
3395 1261 3412 1299 .'
3439 1243 3560 1298 Pax

341 1685 514 1754 Δῆλον
541 1683 656 1750 οὖν,
681 1689 759 1741 ὄτι
793 1687 1025 1760 ὕστερον
1053 1690 1433 1762 ἐπορεύθησαν
1466 1692 1546 1754 είς
1574 1691 1672 1762 τὴν
1699 1691 1850 1745 Γαλι-

2038 1692 2388 1751 Manifestum
2429 1707 2515 1753 est
2572 1699 2782 1770 itaque,
2815 1703 2961 1772 quod
3012 1705 3364 1773 postmodum
3392 1689 3553 1762 abie-

250 1775 451 1832 λαίαν.
518 1783 631 1832 Οὐκ
691 1780 964 1850 ἐψεύσατο
1011 1783 1090 1849 δὲ,
1149 1784 1330 1846 καθὼς
1382 1786 1629 1856 ἀνοήτως
1671 1785 1850 1853 ἔλεγεν

1968 1789 2094 1833 runt
2120 1782 2175 1836 in
2203 1782 2502 1839 Galilzeam.
2532 1785 2650 1840 Non
2680 1797 2862 1843 autem
2881 1793 3144 1847 mentitus
3166 1802 3247 1848 est
3277 1793 3551 1859 Christus,

253 1875 291 1925 ὀ
333 1874 665 1943 παραϐάτης
708 1876 1016 1937 Ἰουλιανὸζ,
1056 1879 1114 1929 ἐν
1150 1880 1217 1948 τῇ
1251 1877 1513 1948 Γαλιλαίᾳ
1551 1879 1652 1950 μὶν
1685 1880 1850 1951 όφθῆ-

1967 1873 2113 1940 quod
2138 1873 2300 1929 stulte
2351 1874 2488 1930 dixit
2513 1876 2776 1946 Apostata
2807 1878 3082 1946 Julianus,
3117 1881 3272 1950 quasi
3331 1885 3552 1952 promi-

252 1982 359 2017 ναι
394 1967 504 2026 τοῖς
543 1965 814 2036 μαθηταῖς
843 1967 1333 2037 ἐπαγγειλάμενος,
1365 1971 1423 2023 ἐν
1460 1968 1850 2042 Ἰεροσολύμοις

1967 1964 2101 2018 serit
2128 1979 2188 2018 se
2214 1964 2271 2019 in
2300 1964 2521 2021 Galilzea
2554 1967 2856 2024 videndum
2891 1985 3036 2037 esse,
3065 1983 3124 2026 et
3150 1971 3545 2045 Hierosolymis

255 2056 325 2108 δὲ
381 2058 594 2120 τούτοις
648 2058 870 2126 ὀφθείς·
928 2057 1047 2112 ἀλλ’
1086 2059 1394 2130 ἐπλήρωσε
1446 2062 1548 2129 μὲν
1603 2065 1701 2117 καὶ
1756 2065 1850 2132 τὴν

1967 2069 2024 2108 se
2050 2055 2132 2111 eis
2170 2055 2466 2112 videndum
2513 2059 2830 2129 przebuerit.
2865 2062 2970 2116 Sed
3002 2071 3059 2117 et
3091 2064 3195 2118 hoc
3246 2065 3543 2134 complevit

257 2150 529 2218 τοιαύτην
569 2151 944 2218 ἐπαγγελίαν,
984 2151 1171 2220 ὀφθεὶς
1209 2154 1397 2217 αὐτοῖς
1430 2153 1658 2226 ὕστερον
1699 2158 1756 2210 ἐν
1785 2160 1850 2229 τῇ

1967 2145 2324 2214 promissum,
2356 2148 2508 2205 visus
2537 2151 2606 2205 ab
2631 2150 2714 2206 eis
2766 2154 3117 2222 postmodum
3167 2137 3224 2208 in
3281 2154 3502 2210 Galiltea
3532 2173 3548 2219 ;

257 2242 556 2313 Γαλιλαίᾳ·
591 2244 908 2313 ἐδωρήσατο
936 2245 990 2297 δὲ
1017 2245 1110 2298 καὶ
1137 2246 1331 2318 ἑτέραν
1349 2248 1533 2317 χάριν,
1559 2266 1849 2319 προεμφαο

259 2333 473 2396 Videat;
503 2334 686 2397 αὐτοῖς
726 2335 785 2386 ἐν
828 2333 1228 2404 Ἱεροσολύμοις
1249 2375 1263 2398 ,
1295 2335 1382 2389 ἵνα
1415 2338 1512 2391 κα)⁸
1541 2339 1643 2408 τὴν
1675 2338 1856 2405 λύπην

263 2420 448 2474 αὐτῶν
477 2423 614 2494 λύσῃ
637 2463 654 2487 ,
690 2423 785 2477 καὶ
818 2422 1098 2495 βεϐαιώσῃ
1126 2427 1253 2488 τοὺς
1287 2426 1482 2494 λόγους
1514 2427 1622 2481 τῶν
1661 2446 1853 2498 γυναι-

263 2517 404 2581 κῶν,
425 2518 520 2570 καὶ
537 2519 648 2570 τῶν
666 2518 842 2571 ἄλλων
870 2518 978 2570 τῶν
1012 2519 1229 2572 ἰδόντων
1262 2504 1422 2574 αὐτὸν
1456 2523 1852 2591 ἐγηγερμένον.

350 2608 410 2662 Ὀ
442 2610 540 2678 μὲν
563 2607 657 2662 οὖν
687 2611 966 2672 Ματθαῶς
995 2611 1212 2680 παρῆκε
1237 2611 1306 2664 τὰ
1341 2613 1502 2683 μέχρι
1532 2616 1624 2666 τοῦ
1657 2611 1854 2684 πορεύ-

264 2701 428 2772 θῆναι
459 2703 584 2765 τοὺς
619 2703 869 2772 μαθητὰς
917 2703 996 2765 εἰς
1036 2704 1133 2774 τὴν
1167 2704 1494 2760 Γαλιλαίαν·
1533 2707 1580 2759 οἱ
1614 2707 1659 2759 δ’
1701 2708 1853 2760 ἄλλοι

266 2795 657 2864 εὖαγγελισταὶ
696 2797 789 2850 καὶ
833 2794 1006 2849 ταῦτα
1057 2797 1403 2868 συνέγραψαν
1451 2801 1853 2872 (14)’Μάρκος

269 2882 369 2956 μὲν
400 2888 790 2960 ὲπιτομότερον
812 2904 824 2918 ·
879 2889 1099 2950 Λουκᾶς
1133 2888 1210 2953 δὲ,
1250 2890 1588 2962 πλατύτερον
1611 2910 1623 2922 ·
1670 2894 1849 2948 Ἰωάν-

264 2995 365 3051 νης
394 2979 471 3042 δὲ,
502 2981 956 3052 διεξοδικώτερον.

336 3074 438 3137 Εἰς
473 3105 542 3118 ——
585 3075 839 3144 Ἰησοῦς.
876 3072 958 3134 Οὗ
984 3080 1236 3143 ἐτάξατο
1275 3077 1480 3144 αὐτοῖς
1502 3120 1517 3145 ,
1568 3079 1690 3131 ἀντὶ
1719 3079 1848 3144 τοῦ,

265 3162 443 3218 Ὅπου
506 3167 811 3220 ἐνετείλατο
860 3170 1045 3232 αὐτοῖς
1105 3171 1192 3223 διὰ
1245 3170 1354 3223 τῶν
1408 3171 1712 3239 γυναικῶν,
1775 3172 1850 3235 ὡς

265 3257 634 3328 προείρηται,
669 3261 1005 3329 πορευθῆναι
1030 3279 1045 3294 ο
1083 3263 1114 3333 ἢ
1158 3265 1291 3317 ὅπου
1327 3263 1596 3334 ρπέσχετο
1627 3265 1813 3326 αὐτοῖς
1833 3303 1847 3327 ,

1964 2236 2187 2291 donavit
2218 2246 2401 2294 autem
2433 2249 2487 2295 et
2508 2241 2734 2295 alteram
2765 2244 3018 2309 gratiam,
3057 2246 3210 2314 prius
3244 2244 3327 2300 eis
3375 2260 3548 2315 appa-

1964 2344 2092 2384 rens
2115 2329 2530 2404 Hierosolymis,
2579 2341 2641 2387 ut
2667 2343 2723 2389 et
2750 2349 3043 2390 mmrorem
3064 2351 3258 2392 eorum
3283 2338 3548 2403 solveret,

1963 2434 2018 2479 et
2058 2425 2346 2480 mulierum
2393 2425 2558 2481 verba
2607 2429 2980 2492 conﬁrmaret,
3021 2428 3383 2499 aliorumque,
3454 2430 3549 2500 qui

1963 2532 2086 2572 eum
2129 2517 2376 2574 viderant
2401 2530 2692 2590 postquam
2724 2531 3122 2577 resurrexerat.

2035 2607 2320 2664 Matthaeus
2341 2624 2471 2681 ergo
2493 2611 2762 2680 praeteriit
2789 2626 2853 2666 ea
2877 2626 2999 2681 qua:
3018 2611 3338 2668 aeciderunt
3371 2614 3547 2670 donec

1960 2702 2179 2756 abirent
2226 2701 2481 2773 discipuli
2511 2703 2568 2758 in
2604 2702 2881 2760 Galilaeam
2912 2723 2926 2772 ;
2967 2705 3152 2760 αξιοι-ἰ
3215 2721 3342 2760 vero
3375 2722 3549 2761 evan-

1960 2793 2166 2864 gelista:
2205 2793 2368 2848 etiam
2403 2794 2493 2849 illa
2525 2795 3020 2866 conscripserunt;
3052 2796 3268 2853 Marcus
3325 2799 3547 2868 quidem

1959 2885 2222 2951 brevius;
2257 2885 2431 2940 Lucas
2456 2896 2641 2942 autem
2676 2888 2843 2943 latius
2873 2888 3156 2955 ;Joannes
3181 2905 3313 2944 vero
3365 2889 3550 2946 adhuc

1961 2975 2158 3033 fusius.

2032 3069 2185 3125 Vers.
2220 3071 2306 3126 16.
2341 3070 2405 3126 1η
2434 3101 2500 3111 -
2527 3071 2699 3128 Iesus.
2738 3073 2804 3127 In
2832 3090 2934 3143 quo
2987 3074 3264 3128 constituit
3307 3075 3404 3140 eis,
3443 3075 3550 3131 hoc

1958 3171 2061 3230 est,
2094 3164 2191 3219 Ubi
2227 3179 2322 3234 per
2366 3164 2629 3221 mulieres
2689 3167 2953 3237 praecepit
3005 3167 3085 3220 eis
3119 3176 3178 3222 ut
3225 3167 3548 3232 proficisce-

1958 3264 2173 3325 rentur,
2201 3255 2343 3310 sicut
2373 3256 2692 3324 praadictum
2717 3267 2836 3323 est;
2872 3257 2958 3312 vel
3027 3256 3117 3311 ubi
3169 3257 3421 3326 promisit
3465 3257 3549 3314 eis

264 3349 355 3401 ὅτε
412 3343 556 3410 εἷπε,
612 3352 725 3420 (15)
779 3352 938 3406 Μετὰ
992 3356 1060 3407 τό
1116 3355 1434 3424 ἐγερθῆναί
1484 3371 1563 3423 με
1610 3355 1850 3420 προάξω

1967 3349 2176 3420 quando
2209 3349 2386 3403 dixit:
2433 3349 2720 3419 Postquam
2762 3361 2939 3403 autem
2988 3366 3349 3414 resurrexero,
3404 3366 3546 3418 pra:-

262 3438 422 3508 ὑμᾶς
441 3442 527 3506 εις
545 3439 660 3510 τὴν
683 3445 1040 3502 Γαλιλαίαν.
1066 3447 1175 3500 Καὶ
1207 3446 1314 3517 μὴν
1335 3448 1414 3508 είς
1440 3449 1539 3514 τὴν
1562 3446 1852 3500 Γαλιλαίαν

265 3529 380 3598 (16)
418 3530 647 3596 ἐτάξατο
679 3535 865 3598 αὐτοῖς
898 3536 1255 3606 πορευθῆναι,
1300 3537 1431 3609 περὶ
1468 3538 1526 3591 δὲ
1558 3537 1653 3591 τοῦ
1688 3538 1851 3609 ὅρους

265 3622 418 3675 οὐδὲν
463 3625 899 3696 ἀναγέγραπται.
951 3629 1097 3700 Πλὴν
1139 3630 1285 3694 εἰκὸς
1340 3631 1372 3701 ἢ
1416 3634 1591 3686 είπεῖν
1628 3633 1849 3699 αὐτοῖς,

267 3712 299 3780 ἦ
335 3714 572 3782 μηνύσαι
605 3718 696 3768 καὶ
720 3717 850 3786 περὶ
874 3719 1066 3771 τούτου
1095 3718 1184 3772 διὰ
1208 3720 1316 3772 τῶν
1346 3722 1643 3789 γυναικῶν,
1678 3723 1727 3776 ει
1755 3721 1852 3776 καὶ

273 3807 349 3876 μὴ
379 3807 820 3877 ἀναγέγραπται.
856 3809 1065 3874 ’Ἄλλως
1090 3828 1150 3865 τε
1196 3811 1252 3864 δὲ
1289 3812 1382 3865 καὶ
1412 3813 1642 3884 σύνηθες
1665 3815 1851 3879 αὐτοῖς

265 3893 336 3967 ἦν
385 3899 560 3953 ἐκεῖνο
610 3900 669 3952 τὸ
731 3901 874 3972 ὅρος.
947 3903 1093 3956 Ἐκεῖ
1149 3904 1258 3974 γὰρ
1322 3904 1558 3975 μάλιστα
1608 3906 1695 3961 διὰ
1749 3908 1852 3978 τὴν

265 3989 499 4060 ἡσυχίαν
520 3991 827 4062 ηὐλίζοντο.

338 4083 446 4135 Kal
501 4083 734 4151 ἰδόντες
765 4115 835 4125 -
888 4085 1069 4151 αὐτῷ.

267 4173 539 4243 προέλαϐε
564 4175 693 4248 γάρ.

333 4269 397 4319 Ol
427 4266 497 4319 δὲ
525 4267 875 4324 ἐδίστασαν.
913 4270 1072 4334 Τινὲς
1095 4270 1152 4324 δὲ
1186 4273 1375 4327 αὐτῶν
1405 4274 1693 4328 ἐδίστασαν
1721 4278 1850 4348 περὶ

264 4359 454 4422 αὑτοῦ,
497 4361 822 4430 φοϐούμενοι
873 4366 973 4433 τὴν
1025 4364 1254 4439 πλᾴνην.
1281 4368 1402 4440 Χρὴ
1431 4369 1486 4422 δὲ
1531 4369 1606 4442 μὴ
1641 4373 1845 4441 ζητεῖν,

264 4453 407 4515 τίνες
435 4447 586 4523 ἦσαν
617 4447 763 4508 οὗτοι
783 4472 797 4484 '
830 4456 1203 4525 σεσιώπηνται
1229 4460 1341 4531 γάρ
1362 4475 1377 4493 ⁶
1403 4462 1567 4530 μόνον
1590 4463 1649 4516 δὲ
1689 4465 1852 4533 γινώ-

265 4559 441 4606 σκειν,
475 4544 556 4596 ὅτι
582 4546 678 4597 καὶ
707 4537 856 4598 οὗτοι
907 4548 1299 4618 προσελθόντος
1344 4551 1456 4622 (17)
1487 4554 1670 4618 αὐτοῖς
1726 4556 1848 4608 ἐϐε-

267 4633 604 4704 ϐαιώθησαν.

1148 4088 1372 4152 Ἰδόντες
1437 4089 1623 4154 αὐτὸν,
1688 4093 1807 4146 ἐκεῖ
1830 4107 1847 4124 ο

339 4817 446 4870 Καὶ
480 4817 578 4871 ἐπὶ
611 4819 744 4889 γῆς.
807 4821 995 4892 Ἐδόθη
1047 4838 1158 4892 μοι,
1200 4824 1388 4894 φησὶν,
1433 4825 1510 4888 ὡς
1554 4825 1849 4898 ἀνθρώπῳ,

263 4911 335 4980 ἢν
361 4909 529 4980 εἶχον,
564 4909 637 4970 ὡς
669 4910 820 4971 Θεός.

339 5091 734 5158 Πορευθέντες
784 5123 856 5132 --
911 5097 1081 5163 ἔθνη.
1138 5097 1216 5166 Τῇ
1268 5097 1487 5170 δοθείσῃ
1548 5116 1638 5167 μοι
1697 5101 1850 5168 ἐξου·

263 5184 352 5254 σία
389 5184 1059 5256 θαῤῥοῦντες.ῐ1ἀντα(18)
1092 5188 1148 5241 δὲ
1178 5189 1246 5242 τὰ
1271 5189 1399 5261 ἔθνη
1434 5192 1630 5255 εἰπὼν,
1665 5196 1757 5246 καὶ
1786 5195 1847 5247 τὸ

263 5275 370 5329 τῶν
416 5277 685 5348 Ἑϐραίων
716 5279 869 5346 γένος
898 5280 1157 5350 ἐδήλωσε.
1196 5282 1303 5334 Καὶ
1331 5282 1482 5353 παρὰ
1517 5283 1595 5351 τῷ
1629 5285 1844 5358 Μάρκῳ

377 5414 421 5445 ⁹⁹
453 5412 620 5467 Marc.
657 5429 766 5478 xvr,
798 5413 862 5467 H
888 5431 903 5480 ;
931 5413 1064 5469 Luc.
1098 5430 1245 5478 xxiv,
1295 5415 1384 5470 36.
1465 5415 1482 5446 ⁸
1515 5415 1674 5470 Joan.
1734 5435 1825 5485 xx,
1867 5422 1953 5486 19,
2020 5424 2110 5477 20.

1955 3443 2138 3494 cedam
2160 3457 2248 3494 vos
2270 3442 2326 3494 in
2352 3440 2635 3503 Galilazam
2656 3440 2696 3490 ’.
2722 3441 2888 3509 Atqui
2929 3441 2984 3494 in
3011 3438 3288 3494 Galilznam
3321 3439 3544 3508 quidem

1954 3531 2365 3585 coustituitillis
2389 3541 2449 3585 ut
2472 3531 2732 3592 abirent‘;
2768 3529 2837 3584 de
2863 3539 3052 3584 monte
3087 3544 3217 3584 vero
3245 3529 3381 3582 nihil
3408 3527 3546 3583 scri-

1954 3631 2106 3692 ptum
2132 3632 2233 3678 est.
2266 3621 2571 3677 Verisimile
2596 3631 2680 3676 est
2711 3631 2892 3676 tamen
2914 3621 3053 3675 etde
3097 3622 3201 3676 hoc
3235 3621 3316 3674 vel
3341 3612 3546 3674 dixiSse

1953 3714 2081 3779 illis,
2105 3714 2189 3769 vel
2213 3729 2358 3768 nunc
2389 3729 2486 3784 per
2515 3713 2780 3768 mulieres
2820 3713 3187 3782 signiﬁcasse.
3223 3727 3542 3780 quanquam

1954 3808 2217 3875 scriptum
2252 3821 2364 3859 nun
2395 3805 2484 3860 sit.
2543 3804 2815 3860 Praeterea
2871 3803 3156 3858 familiaris
3200 3805 3371 3856 etiam
3437 3803 3544 3856 illis

1952 3909 2070 3954 erat
2103 3913 2260 3954 mons
2301 3897 2448 3965 iSLe;
2509 3897 2586 3953 ibi
2638 3898 2786 3954 enim
2853 3904 3082 3968 pr0pter
3132 3895 3372 3965 quietem
3431 3910 3544 3954 ma-

1953 3991 2100 4045 xime
2129 3991 2514 4046 versabantur.

2029 4082 2179 4136 Vers.
2234 4083 2321 4137 l6.
2375 4083 2610 4153 Cumque
2648 4082 2901 4136 vidissent
2961 4110 3032 4120 —
3087 4097 3229 4135 eum.
3291 4078 3430 4134 Cum
3465 4079 3543 4135 vi-

1952 4173 2164 4229 dissent
2203 4173 2355 4227 illum
2388 4173 2464 4228 ibi
2503 4192 2519 4236 ;
2554 4188 2652 4228 eos
2673 4174 2822 4228 enim
2848 4173 3048 4228 ibidem
3087 4181 3469 4244 praecesserat.

2023 4266 2178 4324 Vers.
2206 4269 2294 4322 17.
2320 4268 2553 4335 Quidam
2589 4283 2709 4322 vero
2731 4268 3126 4322 dubitaverunt.
3156 4265 3392 4334 Quidam
3410 4280 3541 4321 vero

1951 4375 2140 4414 corum
2201 4359 2591 4414 dubitaverunt
2651 4358 2722 4412 de
2783 4358 2922 4428 ipso,
2988 4360 3244 4413 timentes
3269 4371 3540 4411 errorem.

1951 4451 2071 4506 Non
2113 4462 2294 4505 autem
2341 4465 2588 4519 quaerere
2627 4457 2842 4518 oportet
2898 4450 3121 4519 quinam
3177 4449 3229 4502 hi
3282 4445 3544 4512 fuerint;

1953 4560 2077 4598 nam
2131 4543 2352 4598 silentio
2402 4542 2664 4612 przeteriti
2744 4551 2895 4595 sunt.
2949 4540 3056 4594 Sed
3117 4540 3260 4594 scire
3323 4547 3536 4592 tantum

1955 4648 2192 4710 oportet,
2221 4639 2368 4710 quod
2395 4647 2450 4692 et
2473 4638 2552 4700 hi,
2578 4653 2704 4689 cum
2731 4634 3057 4690 accessisset
3082 4634 3148 4688 ad
3181 4635 3325 4704 ipsos
3354 4632 3536 4695 Jesus,

1877 4700 1931 4760 Β
1957 4731 2263 4785 conﬁrmati
2297 4735 2446 4782 sunt.

2029 4824 2187 4878 Vers.
2235 4822 2321 4877 18.
2355 4821 2424 4875 Et
2453 4850 2523 4864 -
2556 4821 2612 4874 in
2647 4827 2813 4874 terra.
2848 4817 2982 4874 Data
3029 4828 3118 4874 est
3152 4819 3306 4882 mihi,
3339 4819 3539 4890 inquit.

1956 4928 2210 4986 tanquam
2264 4913 2496 4981 homini,
2547 4922 2794 4984 potestas
2851 4928 3016 4983 quam
3086 4912 3353 4967 habebam
3419 4921 3543 4968 tan-

1957 5027 2119 5081 quam
2178 5009 2342 5075 Deus,

2031 5102 2183 5159 Vers.
2216 5100 2303 5156 19.
2327 5100 2524 5154 Euntes
2548 5131 2619 5139 —
2655 5108 2853 5170 gentes.
2879 5099 2937 5152 In
2971 5098 3097 5152 data
3118 5096 3250 5150 mihi
3271 5103 3542 5166 potestate

1957 5194 2210 5250 fiduciam
2271 5193 2558 5249 habentes.
2602 5192 2802 5248 Dicens
2843 5202 3072 5246 autem:
3106 5189 3296 5246 Omnes
3339 5195 3539 5259 gentes,

1956 5289 2120 5344 etiam
2183 5286 2536 5347 Hebraeorum
2612 5301 2785 5355 genus
2843 5284 3191 5358 significavit.
3257 5280 3540 5353 Siquidem

2227 5421 2446 5477 ’Matth.
2488 5438 2635 5487 xxvr,
2672 5422 2762 5476 5‘2.

1467 5579 1665 5641 Varia:
1714 5580 2020 5643 lectiones
2052 5588 2115 5643 et
2147 5586 2340 5643 noue.

479 5739 837 5812 ἓυνηγμένοι,
874 5757 970 5809 pro
1034 5742 1508 5812 συνηθροισμένοι.
1574 5747 1634 5810 Α,
1671 5756 1838 5800 recte.

335 5807 448 5877 (14)
481 5807 685 5861 Horum
710 5812 835 5864 loca
865 5807 1025 5864 tundo
1056 5807 1240 5865 notata
1276 5807 1421 5868 stult.

337 5879 448 5948 (l5)
484 5880 605 5930 Ὅτι
644 5881 943 5948 interponit
999 5885 1052 5933 «Χ.

340 5947 448 6018 (16)
482 5949 616 6016 Μέν,
651 5947 945 6021 interponit
974 5954 1040 6005 Δ.

1961 5822 1969 5830 ,
2027 5746 2144 5838 (1⁷)
2207 5748 2630 5838 Ρεοσεζθόνεες,
2667 5750 2732 5817 Α,
2770 5746 2935 5804 male.
2975 5747 3398 5819 Προσελοόντος,
3449 5749 3542 5821 δη-

1956 5819 2107 5884 λαδὴ.
2139 5819 2232 5870 τοῦ
2260 5819 2440 5884 Ἰησοῦ
2471 5820 2678 5872 αὐτοῖς.

2032 5887 2143 5959 (ιε)
2231 5889 2319 5954 Δέ,
2350 5889 2554 5943 omittit
2584 5887 2647 5942 Α.
