4032 6468
527 420 633 485 763

1752 423 2142 488 EUTHYMII
2185 423 2550 485 ZlGABENI

3682 419 3794 488 764

523 530 670 601 apud
723 530 964 588 Marcum
1022 533 1159 596 dixit
1211 537 1292 594 eis
1352 526 1744 595 manifestius:
1796 538 1996 594 Euntes
2047 537 2099 590 in

2206 535 2311 607 7&9
2331 536 2712 608 φανερώτερον
2736 551 2894 589 ειπεν
2922 531 3130 595 αὖτοῐςτ
3149 529 3548 603 Πορευθέντες·
3575 535 3665 600 εις
3683 534 3792 588 τὸν

522 625 774 678 mundum
794 626 885 679 uni
893 643 1093 681 versum
1121 630 1410 692 prcdicate
1431 631 1780 704 Evangeiium
1797 637 1944 688 omni
1962 649 2110 688 crea-

518 723 660 769 tura:
687 716 730 770 ³.
757 717 915 786 Apud
957 716 1162 775 Lucam
1210 738 1343 778 vero
1405 723 1589 781 adhuc
1645 726 1962 797 expressius
2007 725 2106 792 ait,

519 807 818 863 Prwdicari
848 814 1059 868 nomine
1089 814 1204 878 eius
1231 818 1598 886 pwnitentiam
1648 837 1712 874 ac
1746 821 2107 876 remissionem

516 908 851 965 peccatorum
891 902 949 956 in
976 919 1155 960 omnes
1195 918 1396 978 gentes,
1435 912 1578 988 [acto
1609 909 1675 965 ab
1729 909 2108 982 Hierosolymis

518 995 672 1049 initio
696 995 738 1050 ⁸.
793 995 910 1052 Non
960 1001 1106 1055 enim
1163 1003 1415 1060 meminit
1487 991 1751 1062 Dominus
1811 1007 2104 1074 malorum,

519 1101 710 1175 eoru\m
741 1088 833 1158 qui
861 1090 1212 1161 resipiscunt.
1252 1095 1530 1166 Siquidem
1565 1106 1853 1168 postquam
1887 1115 1919 1155 a
1950 1115 2102 1158 mor-

515 1177 626 1232 tuis
662 1178 980 1246 resurrexit,
1015 1193 1072 1240 et
1101 1185 1398 1257 discipulos
1423 1189 1692 1246 allocutus
1723 1202 1828 1260 est,
1871 1209 1982 1248 non
2017 1209 2105 1250 so-

513 1268 626 1325 lum
661 1275 1001 1332 mentionem
1025 1293 1135 1332 non
1159 1277 1292 1335 fecit
1350 1281 1418 1336 de
1448 1283 1627 1348 malis,
1660 1299 1783 1353 quae
1831 1300 1862 1339 ε
1891 1285 2099 1342 Iudaeis

512 1377 709 1431 passus
727 1375 830 1430 est,
855 1368 951 1422 sed
990 1383 1060 1423 ne
1094 1367 1259 1424 Petro
1279 1371 1501 1443 quidem
1531 1375 1883 1444 exprobravit
1929 1393 2102 1449 nega-

512 1453 743 1520 tionem,
769 1467 864 1512 aut
892 1451 1074 1530 fugam
1106 1463 1324 1518 caeteris
1362 1463 1672 1535 discipulis.

584 1546 742 1606 νει-ε.
778 1551 863 1608 i9.
914 1552 1268 1623 Baptisautes
1318 1587 1388 1597 —
1443 1556 1676 1628 Spiritus
1729 1563 1922 1616 sancti.
1990 1560 2103 1617 line

512 1650 845 1711 praeceptum
877 1643 946 1700 de
995 1647 1268 1716 baptismo
1297 1657 1382 1703 est
1414 1663 1479 1704 ac
1518 1649 1888 1721 dogmatibus.

580 1731 622 1802 -ι-
655 1732 836 1790 Unum
909 1752 1111 1792 nomen
1169 1739 1355 1807 trium,
1404 1742 1632 1799 denotat
1678 1759 1842 1799 unam
1900 1755 2103 1802 sanctae

2212 630 2451 699 κόσμον
2493 626 2732 684 ἅπαντα
2751 669 2766 693 ,
2796 625 3105 697 κηρύξατε
3124 625 3188 680 τὸ
3220 623 3592 694 Εὐαγγέλιον
3621 624 3788 694 πάσῃ

2212 719 2289 790 τῇ
2321 723 2540 791 κρίσει.
2576 723 2689 778 Καὶ
2713 723 2864 793 παρά
2896 721 2976 791 τῷ
3005 721 3191 793 Λουκᾷ
3223 721 3281 774 δὲ
3317 720 3394 774 ἔτι
3436 719 3792 790 ἐκδηλότερον

2210 815 2424 887 εἴρηκε,
2470 814 2817 888 κηρυχθῆναι
2861 813 2957 868 ἐπὶ
3007 812 3085 884 τῷ
3134 814 3357 884 ὀνόματι
3407 811 3572 867 αὑτοῦ
3628 812 3792 882 μετά-

2209 923 2360 960 νοιαν
2406 907 2504 961 καὶ
2564 907 2758 975 ἄφεσιν
2810 905 3101 977 ἁμαρτιῶν
3156 906 3238 968 είς
3285 906 3461 960 πάντα
3510 905 3580 958 τὰ
3628 903 3788 973 ἔθνη,

2207 998 2518 1070 ἀρξάμενον
2578 999 2687 1052 ἀπὸ
2731 997 3113 1070 Ἰερουσαλήμ.
3149 997 3425 1064 Δεσπότης
3483 996 3591 1065 γάρ
3639 996 3791 1047 ἐστιν

2209 1092 2587 1164 ἀμνησίκακος
2610 1093 2725 1155 τοῖς
2759 1089 3165 1160 μετανοοῦσιν.·
3206 1087 3364 1140 Ἐπεὶ
3407 1085 3500 1139 καὶ
3547 1083 3790 1144 ἀναστὰς

2207 1187 2272 1238 εκ
2303 1183 2541 1256 νεκρῶν,
2575 1184 2668 1238 καὶ
2718 1185 2828 1244 τοϊς
2887 1179 3163 1252 μαθηταῖς
3209 1176 3468 1249 ἐντυχὼν,
3513 1177 3573 1229 οὐ
3628 1174 3790 1246 μόνον

2205 1275 2304 1327 οὐκ
2334 1273 2765 1345 ἐμνημόνευσεν,
2798 1265 2873 1327 ὧν
2905 1270 3173 1325 πέπονθεν
3202 1267 3306 1322 ὑπὸ
3343 1264 3631 1326 Ἰουδαίων,
3671 1263 3786 1316 ἀλλ’

2203 1369 2330 1424 οὗτε
2357 1367 2438 1441 τῷ
2466 1369 2660 1439 Πέτρῳ
2713 1367 2814 1438 τὴν
2865 1346 3097 1439 ἀρνησιν
3146 1363 3447 1422 ὠνείδισεν,
3501 1358 3625 1412 οὔτε
3677 1359 3788 1419 τοῖς

2204 1462 2387 1526 ἄλλοις
2415 1460 2688 1532 μαθηταῖς
2717 1462 2814 1532 τὴν
2855 1459 3055 1529 φυγήν.

2273 1553 2666 1618 Βαπτίζοντες
2715 1582 2786 1592 -
2832 1550 2942 1606 τοῦ
2993 1550 3166 1619 ἁγίου
3210 1547 3574 1617 Πγεύματος.
3618 1545 3786 1599 Τοῦτο

2205 1644 2551 1714 παραγγελία
2580 1643 2708 1714 περὶ
2733 1641 3113 1713 βαπτίσματος
3140 1641 3234 1692 καὶ
3271 1639 3576 1708 δογμάτων.

2274 1734 2564 1810 [Ἐν,(18)
2617 1735 2674 1788 δὲ
2724 1734 2896 1804 θνομα
2927 1732 3037 1786 τῶν
3092 1730 3280 1803 τριῶν,
3331 1730 3631 1800 ὑποδηλοῦν
3690 1729 3783 1800 τὴε,

510 1818 794 1881 Trinitatis
823 1837 1095 1884 naturam.
1125 1829 1338 1888 Nomen
1363 1845 1568 1905 autem,
1601 1846 1754 1906 puta,
1787 1838 1882 1908 qui
1912 1845 1997 1893 est
2014 1837 2099 1892 vel

2211 1825 2343 1895 μίαν
2375 1824 2542 1894 φύσιν
2583 1825 2680 1894 τῆς
2727 1823 2885 1891 ἁγίας
2916 1821 3167 1893 Τριάδος.
3209 1821 3416 1919 Ὀνομα
3445 1819 3584 1919 tu
3624 1820 3694 1919 es

512 1910 675 1980 Deus,
707 1915 795 1971 vel
827 1917 975 1975 aliud
1020 1920 1304 1979 ineﬂ'abile
1334 1967 1349 1992 ,
1395 1927 1519 1982 ideo
1559 1891 1723 1983 etiam
1763 1891 1822 1982 is;
1869 1928 2099 1985 nomine

2206 1891 2312 1983 dir,
2348 1891 2471 1986 ait
2497 1891 2664 1981 Θεὸς.
2698 1891 3249 1985 ἢέτερονίᾶῤῥητον.
3302 1911 3393 1964 Διὸ
3449 1910 3544 1964 καὶ
3590 1912 3671 1973 εἰς
3726 1911 3786 1962 τὸ

511 2012 720 2061 vntum
777 2007 968 2066 dicunt
1015 2013 1110 2083 qui
1158 2013 1463 2086 baptizant,
1510 2019 1662 2074 nullo
1702 2020 1758 2074 in
1793 2021 1979 2088 specie
2003 2020 2102 2075 ad-

514 2097 655 2154 dito.

597 2188 754 2248 Vers.
777 2192 868 2248 20.
889 2194 1150 2254 Docenm
1180 2230 1253 2242 —
1289 2203 1460 2258 vobis.
1486 2202 1602 2258 Hoc
1630 2219 1851 2260 rursum
1894 2220 2101 2276 praise-

510 2292 666 2352 ptum
707 2283 775 2338 de
799 2289 1355 2348 conversationesst.
1385 2293 1576 2364 Neque
1622 2297 1771 2350 enim
1815 2295 2103 2354 sulllciunt

509 2374 578 2430 ad
624 2375 857 2432 salutem
900 2379 1208 2450 baptismus
1249 2393 1305 2462 et
1340 2385 1613 2457 dogmata,
1654 2387 1761 2442 nisi
1784 2388 1952 2445 etiam
1988 2391 2099 2446 Deo

508 2467 671 2540 digna
699 2472 1044 2529 conversatio
1077 2476 1327 2532 accedat.

583 2554 739 2612 Vers.
765 2558 856 2615 20.
908 2559 981 2616 Et
1013 2579 1129 2619 ecce
1159 2595 1224 2606 —
1253 2563 1458 2622 diebus.
1505 2566 1766 2638 Majorem
1811 2573 1894 2627 eis
1950 2573 2106 2644 adji-

507 2652 662 2706 ciens
701 2651 973 2723 ﬁduciam,
1005 2656 1141 2712 dixit
1172 2675 1186 2714 :
1243 2659 1313 2714 Et
1367 2676 1486 2716 ecce
1531 2679 1625 2734 ego
1656 2665 1919 2720 uobiscum
1947 2683 2094 2731 sum,

509 2758 845 2814 cooperans,
899 2747 1293 2819 impedimenta
1340 2755 1721 2825 complanans.
1765 2771 2097 2816 ac‘servans

508 2853 607 2894 V08
617 2870 631 2884 -

578 2924 738 2986 Yers.
762 2933 850 2990 20.
891 2935 1059 3010 Usque
1093 2967 1161 2978 —
1187 2941 1394 2996 saculi.
1419 2941 1458 3012 -ξ-
1488 2945 1600 3000 Iloc
1623 2945 1780 3014 dixit,
1810 2965 1919 3005 non
1950 2952 2099 3021 quod

507 3033 631 3096 post
687 3026 788 3082 hoc
834 3045 947 3085 non
985 3031 1057 3086 sit
1098 3047 1223 3089 cum
1256 3033 1337 3090 eis
1371 3036 1614 3100 futurus.
1651 3041 1748 3094 sed
1792 3043 1939 3111 quod
1985 3061 2098 3100 non

507 3119 698 3173 eodem
743 3121 1178 3192 modoli'uturus,
1221 3127 1320 3183 sed
1375 3129 1650 3185 excelsius
1710 3146 1775 3186 ac
1802 3133 1916 3189 Deo
1966 3151 2098 3191 con-

510 3211 817 3281 gruentiori
852 3216 1016 3272 modo
1050 3233 1215 3288 quam
1242 3237 1416 3278 nunc.

580 3305 694 3359 lloc
727 3307 989 3375 ostendit,
1041 3312 1186 3381 quod
1235 3329 1346 3369 non
1403 3315 1578 3371 solum
1632 3335 1755 3375 cum
1813 3321 2100 3394 discipulis

505 3395 599 3464 qui
642 3405 773 3451 tunc
804 3409 984 3466 erant,
1018 3401 1116 3456 sed
1155 3419 1279 3457 cum
1315 3405 1402 3460 his
1433 3407 1600 3463 etiam
1643 3413 1736 3480 qui
1793 3412 1914 3468 illos
1943 3425 2100 3471 erant

507 3488 773 3554 SBCUlllli,
810 3489 1027 3546 iuturus
1055 3505 1226 3550 esset.
1257 3495 1447 3567 Neque
1474 3501 1623 3555 enim
1659 3505 1892 3573 apostoli
1923 3522 2100 3578 usque

503 3578 572 3633 ad
606 3580 795 3635 saeculi
828 3586 1364 3643 consummationem
1395 3595 1554 3648 erant
1589 3599 1956 3664 permansuri,
2000 3600 2098 3654 sed

506 3671 880 3728 mediantibus
925 3674 994 3730 iis
1039 3678 1134 3748 qui
1186 3689 1318 3735 tunc
1369 3693 1551 3749 erant,
1604 3685 1768 3765 etiam
1827 3689 1940 3745 illis
2002 3691 2098 3762 qui

507 3769 854 3836 postmodum
889 3767 1060 3827 futuri
1097 3783 1306 3841 essent,
1349 3776 1493 3831 hanc
1534 3781 1792 3848 promisit
1837 3781 2093 3853 gratiam,

505 3870 763 3931 tanquam
797 3863 891 3918 uni
939 3867 1158 3936 corpori
1192 3881 1319 3924 cum
1360 3870 1620 3926 omnibus
1664 3872 1896 3941 loquens
1925 3874 2097 3929 ﬁdeli-

501 3954 630 4009 bus.
672 3954 796 4010 Non
830 3966 917 4012 est
955 3967 1141 4014 autem
1192 3961 1378 4016 statim
1414 3974 1733 4034 assumptus
1770 3966 1825 4019 in
1868 3966 2093 4033 malum,

502 4047 597 4102 sed
636 4060 758 4118 post
791 4049 1136 4120 aliquantum
1171 4057 1458 4126 temporis,
1493 4056 1639 4111 sicut
1673 4073 1738 4112 ex
1769 4058 1895 4112 aliis
1923 4074 2094 4114 evan-

501 4141 706 4211 gelistis
755 4143 883 4199 licet
933 4160 1287 4218 cegnoscere.
1342 4151 1559 4206 Etenim
1606 4167 1636 4205 a
1681 4153 2095 4210 resurrectione

501 4233 643 4304 ejus,
698 4250 873 4305 usque
929 4238 999 4292 ad
1054 4242 1513 4312 assumptionem,
1577 4261 1677 4316 per
1732 4247 2096 4319 quadraginta

497 4325 618 4383 dies
645 4329 967 4398 permansit,
993 4343 1264 4401 apparens
1294 4332 1602 4403 discipulis,
1629 4344 1686 4391 et
1710 4352 1836 4392 cum
1860 4338 1939 4393 eis
1961 4354 2098 4394 con-

500 4436 770 4491 versans;
802 4424 1000 4480 deinde
1032 4425 1100 4481 ab
1152 4441 1263 4480 uno
1312 4437 1501 4483 monte
1551 4429 1628 4499 (ρ)
1669 4429 1762 4500 qui
1800 4432 1856 4485 in
1905 4429 2097 4489 Iudaea

501 4524 641 4583 erat,
690 4525 744 4571 et
768 4517 1052 4575 dicebatur
1090 4533 1251 4576 mons
1281 4519 1581 4586 Olivarum,
1633 4533 1947 4595 assumptus
1986 4534 2091 4591 est,

507 4606 667 4663 veluti
705 4606 892 4665 narra’t
925 4610 1062 4667 liber
1102 4612 1546 4684 Apostoiiearum
1587 4617 1871 4673 actionum
1909 4618 1950 4672 '.

571 4700 760 4769 Qetur,
793 4718 1000 4773 quaeso,
1031 4706 1192 4761 nobis
1222 4691 1387 4781 digne
1423 4710 1722 4784 Evangelio
1751 4703 2090 4771 docentibus

497 4800 554 4847 et
582 4795 1060 4863 conversantibus,
1109 4799 1447 4873 tandemque
1495 4804 1956 4877 morientibus,ut
1998 4825 2087 4867 re-

499 4901 666 4957 gnum
690 4886 823 4942 illud
848 4888 1002 4958 quod
1023 4905 1118 4960 per
1147 4892 1504 4968 Evangelium
1528 4899 1790 4971 perfectis
1810 4904 2085 4974 promitti-
2145 4962 2150 4965 _

502 4985 615 5042 tur,
641 4992 1032 5048 assequamur,
1058 4996 1156 5053 per
1197 4987 1428 5057 gratiam
1448 4989 1676 5060 perfecti
1712 5006 1777 5048 ac
1813 4995 2097 5051 universa-

605 5156 626 5187 ³
657 5154 824 5212 Marc.
858 5160 1085 5223 "1,15.
1199 5163 1220 5194 δ
1260 5163 1395 5222 Luc.
1429 5182 1576 5235 χειν,
1615 5170 1706 5223 47.

2207 2007 2376 2079 δνομα
2411 2007 2574 2077 μόνον
2597 2005 2851 2074 λέγουσιν
2887 2007 2935 2058 oi
2977 2003 3356 2081 βαπτίζοντες,
3408 2003 3572 2074 μηδὲν
3600 2004 3786 2074 ἱτερον

2209 2097 2648 2172 προστιθέντες.]

2279 2191 2682 2260 Διδάσκοντες
2709 2221 2781 2233 -—-
2816 2192 2981 2262 ῠμῖν.
3019 2188 3195 2244 Τοῦτο
3233 2187 3391 2243 πάλιν
3443 2187 3786 2259 παραγγελία

2207 2288 2337 2360 περὶ
2365 2285 2672 2349 πολιτείας.
2699 2286 2816 2339 Οὐκ
2847 2285 3011 2355 ἀρκεῖ
3038 2282 3148 2354 γὰρ
3186 2281 3247 2336 τὸ
3282 2280 3564 2352 βάπτισμα
3601 2281 3696 2334 καὶ
3720 2282 3786 2334 τά

2202 2378 2450 2449 δόγματα
2499 2375 2638 2448 πρὸς
2680 2375 2980 2447 σωτηρίαν,
3019 2377 3067 2429 εί
3105 2376 3182 2446 μὴ
3211 2377 3308 2429 καὶ
3347 2374 3588 2428 πολιτεία
3618 2390 3788 2445 προσ-

2203 2471 2316 2524 sin.

2255 2489 2388 2617 ﬁliai
2413 2559 2544 2615 ἰδοὺ
2564 2590 2632 2601 -
2653 2558 2905 2630 ἡμέρας.
2937 2558 3127 2613 Πλεϊον
3151 2557 3352 2630 Θάρσος
3386 2556 3671 2628 ἐμϐάλλων
3694 2557 3792 2610 αὺ-

2205 2657 2338 2719 τοῖς,
2374 2648 2497 2706 εἷπε
2519 2668 2531 2680 ·
2562 2651 2671 2706 Kal
2706 2650 2857 2716 ἰδοὺ,
2889 2649 3004 2722 ἐγὼ
3047 2648 3178 2720 μεθ’
3204 2634 3395 2720 ’ὑμῶν
3438 2651 3552 2718 εἰμι
3577 2688 3591 2712 ,
3651 2664 3788 2717 συμ-

2206 2748 2487 2820 πράττων,
2537 2747 2630 2801 καὶ
2672 2749 2782 2801 πᾶν
2835 2744 2948 2816 (20)
3009 2743 3220 2799 σκῶλον
3271 2742 3634 2814 ἐξομαλίζων,
3691 2744 3788 2798 καὶ

2206 2840 2494 2910 φυλάττων
2533 2839 2699 2910 ὑμᾶς.

2276 2936 2433 3000 Ἕως
2455 2964 2525 2974 --
2550 2932 2790 2999 αίῶνος.
2828 2929 3023 3004 [Τοῦτο
3053 2931 3168 3003 (21)
3201 2925 3376 2994 εἶπεν,
3410 2929 3505 3000 οὐχ
3538 2929 3611 2992 ὠς
3650 2926 3787 2998 μετά

2205 3029 2363 3084 τοῦτο
2387 3027 2489 3082 οὐκ
2538 3027 2797 3097 ἐσόμενος
2836 3025 2955 3098 μετ’
2982 3024 3182 3092 αὐτῶν,
3217 3023 3337 3079 ἀλλ’
3379 3023 3456 3088 ὡς
3489 3025 3587 3094 οὐχ
3612 3022 3787 3086 οὕτως

2206 3126 2489 3197 ἐσόμενος,
2513 3123 2850 3196 ὑψηλότερον
2874 3122 3046 3177 δὲκαὶ
3076 3120 3543 3194 θεοπρεπέστερον
3582 3117 3613 3189 ῆ
3644 3115 3788 3189 vim]

2277 3324 2449 3379 Τοῦτο
2476 3324 2536 3379 δὲ
2566 3323 2866 3390 δείκνυσιν,
2907 3323 2987 3377 ὅτι
3021 3323 3082 3376 οὗ
3122 3322 3283 3390 μόνον
3318 3320 3456 3392 μετά
3494 3320 3603 3373 τῶν
3634 3338 3786 3387 τηνι-

2202 3419 2377 3472 καῦτα
2433 3417 2719 3489 μαθητῶν,
2764 3417 2904 3471 ἀλλὰ
2952 3415 3047 3469 καὶ
3095 3413 3238 3484 μετά
3268 3413 3377 3467 τῶν
3429 3412 3544 3490 μετ’
3590 3411 3788 3474 αὐτούς

2201 3512 2374 3563 ἐστιν.
2413 3510 2489 3563 Οὐ
2527 3508 2639 3582 γὰρ
2685 3508 2791 3572 ἕως
2831 3507 2932 3576 τῆς
2981 3505 3295 3567 συντελείας
3348 3503 3441 3557 τοῦ
3492 3501 3688 3564 αίῶνος
3739 3503 3786 3554 οἱ

2200 3601 2495 3673 ἀπόστολοι
2525 3601 2708 3673 μένειν
2739 3599 2962 3670 ἔμελλον
2983 3614 2998 3631 ·
3063 3597 3201 3652 ἀλλὰ
3255 3597 3344 3652 διὰ
3384 3594 3494 3648 τῶν
3523 3594 3646 3648 τότε
3695 3593 3786 3646 καὶ

2197 3671 2312 3758 ιιῗοίς
2334 3695 2475 3766 μετά
2499 3671 2675 3748 ταῦτα
2701 3693 2798 3765 τὴν
2824 3691 3085 3764 τοιαύτην
3109 3688 3475 3761 ἐπηγγείλατο
3499 3687 3675 3758 χάριν,
3713 3685 3786 3746 ὡς

2201 3791 2280 3842 ἐν).
2312 3788 2529 3858 σώματι
2579 3787 2967 3858 διαλεγόμενος
3026 3786 3160 3838 πᾶσι
3207 3783 3322 3843 τοῖς
3375 3783 3608 3842 πιστοῖς.
3671 3779 3784 3832 Οὐκ

2198 3879 2399 3932 αὖτίκα
2446 3878 2504 3931 δὲ
2553 3879 2635 3942 είς
2690 3878 2785 3931 τὸν
2843 3875 3075 3946 οὐρανὸν
3125 3873 3425 3944 ἀνελήφθη,
3467 3870 3601 3924 ἀλλά
3649 3870 3787 3940 μετὰ

2199 3968 2392 4038 καιρόν
2425 3986 2570 4036 τινα,
2612 3967 2688 4032 ὡς
2717 3967 2828 4021 ἀπὸ
2866 3966 2976 4019 τῶν
3006 3963 3185 4019 ἀλλων
3231 3960 3636 4030 εὐαγγελιστῶν
3667 3958 3784 4024 ἐξε-

2201 4080 2290 4115 στι
2341 4061 2753 4130 διαγινώσκειν.
2811 4060 2921 4114 Καὶ
2960 4058 3071 4128 γὰρ
3130 4055 3240 4110 ἀπὸ
3282 4056 3380 4125 τῆς
3435 4053 3783 4112 ἀναστάσεως

2198 4152 2365 4208 αὐτοῦ
2399 4154 2562 4225 μέχρι
2591 4153 2694 4224 τῆς
2722 4151 3047 4224 ἀναλήψεως
3081 4151 3168 4204 διὰ
3199 4147 3609 4218 τεσσαράκοντα
3637 4147 3777 4214 mss-

2200 4244 2310 4316 ρῶν
2339 4241 2408 4317 ἦν
2437 4246 2807 4316 ὀπτανόμενος
2837 4245 2950 4308 τοῖς
3005 4242 3300 4315 μαθηταῖς,
3333 4241 3427 4293 καὶ
3481 4238 3593 4309 (22)
3655 4253 3781 4288 συν-

2199 4336 2550 4409 αυλιξόμενος
2579 4355 2593 4370 ο
2651 4333 2787 4392 Εἶτα
2826 4337 2935 4391 ἀπὸ
2991 4335 3085 4389 τοῦ
3122 4336 3179 4388 ὲν
3221 4330 3450 4402 Ἰουδαίᾳ
3473 4330 3654 4399 ὅρους,
3687 4329 3780 4381 τοῦ

2198 4429 2538 4499 καλουμένου
2556 4428 2868 4495 Ἐλαιῶνος,
2889 4427 3190 4498 ἀνελήφθη,
3210 4424 3394 4488 καθὼς
3415 4425 3447 4494 ἡ
3471 4421 3649 4494 βίϐλος
3672 4419 3779 4473 τῶν

2199 4523 2575 4578 ἀποστολικῶν
2597 4521 2859 4594 Πράξεων
2884 4521 2996 4595 (25)
3022 4520 3294 4585 διέξεισιν.

2274 4710 2374 4780 Ετη
2406 4707 2463 4763 δὲ
2485 4708 2640 4779 ἡμῖν,
2691 4705 2858 4772 ἀξίως
2883 4705 2978 4759 τοῦ
3008 4703 3342 4774 Εὑαγγελίου
3378 4700 3474 4756 καὶ
3523 4698 3778 4770 δογματί-

2196 4803 2353 4871 ζουσι
2410 4800 2503 4857 καὶ
2534 4798 2982 4868 πολιτευομένοις
3028 4797 3122 4850 καὶ
3163 4793 3564 4864 τελειουμένοις
3597 4790 3780 4862 τυχεῖν

2196 4902 2294 4956 καὶ
2335 4903 2436 4972 τῆς
2484 4898 2572 4955 διὰ
2624 4892 2721 4952 τοῦ
2780 4890 3117 4966 Εὐαγγελίου
3167 4888 3581 4984 ἐπηγγελμένης
3629 4884 3781 4984 βασι-

2203 4996 2357 5060 λείας
2384 4997 2498 5061 τοῖς
2528 4994 2777 5061 τελείοις,
2801 4991 2984 5066 χάριτι
3021 4989 3114 5046 τοῦ
3153 4987 3467 5046 παντελείου
3507 4978 3775 5042 Βασιλέως

1819 5172 1841 5203 ⁵
1863 5172 1987 5226 Act.
2019 5186 2057 5234 l.
2091 5171 2143 5237 5,
2173 5173 2225 5225 7.

1702 5329 1901 5390 Varie
1943 5331 2247 5394 lectiones
2290 5337 2349 5392 et
2386 5337 2577 5393 notae.

721 5483 1017 5560 Influsain
1045 5490 1288 5560 margine
1317 5492 1481 5549 habet
1514 5496 1578 5551 Α.

574 5554 702 5640 (9.9)α
745 5553 1078 5640 Ἐῦμτεόριον“,
1113 5553 1562 5640 ’πρόσπταισμα
1628 5568 1749 5640 Noli
1801 5570 2076 5640 conjicere

523 5625 1007 5705 d-XO)tt6‘/.';XL_B)._OV
1040 5625 1243 5687 habent
1295 5631 1437 5705 LAXX
1466 5625 1475 5635 ’
1509 5639 1682 5692 Exod.
1719 5657 1772 5704 x,
1809 5640 1838 5691 7
1877 5625 2074 5705 {mn

502 5692 674 5773 liuet
707 5696 897 5773 reliqui
942 5701 1289 5773 interpretes.
1325 5703 1484 5760 Prov.
1523 5725 1634 5763 xw.
1668 5712 1717 5764 '7.

571 5765 682 5830 (21)
729 5767 941 5823 luclusu
980 5772 1033 5824 in
1088 5765 1330 5844 Inarginc
1397 5778 1580 5832 habet.
1621 5782 1684 5832 A.
1749 5783 1947 5836 Eadem
2019 5784 2074 5836 in

577 5922 648 5986 (ρ)
693 5925 762 5975 ,ιῖι
798 5943 894 5979 uno
932 5941 1098 5984 mnmt‘
1151 5933 1256 5985 l’uo
1301 5934 1590 5987 redundat.

2187 5499 2296 5573 ﬁne
2323 5503 2489 5573 hujus
2513 5501 2708 5558 scholii
2737 5499 2963 5557 exhibet
2991 5494 3300 5556 llentenius
3326 5511 3353 5550 c
3386 5490 3632 5563 margine
3684 5481 3768 5540 sui

2188 5572 2414 5628 codicis.

2264 5644 2376 5714 (22)
2406 5644 2483 5698 ita
2526 5654 2757 5713 uterque
2790 5643 2982 5699 codex.

2267 5715 2377 5786 (‘25)
2417 5716 2659 5780 Ἕξεισιν
2693 5718 2757 5770 Α.
