4032 6502
543 467 654 534 767
1794 467 2181 530 EUTHYMII
2224 469 2588 532 ZIGABENI
3702 447 3820 536 768

543 579 652 652 κγ’·
696 568 838 652 Περὶ
867 581 977 637 τοῦ
1004 577 1259 650 τυφλοῦ.
1294 575 1453 650 (VIII,
1483 577 1600 648 22.)
2006 650 2008 653 λ
2158 581 2207 640 Α
2233 576 2331 642 λζ’,
2375 579 2514 648 Περὶ
2572 579 2691 633 τῶν
2722 579 3229 650 ἐπερωτησάντων
3286 581 3383 637 διὰ
3418 583 3522 638 τὸν
3551 584 3819 654 κῆνσον,

547 674 646 730 κδ’.
683 674 829 745 Περὶ
858 673 970 742 τῆς
1016 671 1086 726 ἐν
1111 669 1433 738 Καισαρείᾳ
1479 668 1932 740 ἐπερωτήσεως.
1968 671 2131 742 (VIII,
2415 672 2549 744 (XII,
2590 671 2702 742 15.)
2733 676 2844 727 M0.
2870 675 2981 738 νβ’.
3027 679 3169 729 Λου.
3202 674 3309 731 οα’.

729 769 847 832 27.)
893 769 1008 820 Μθ.
1053 761 1478 834 λγ’.“Λου.κθ¹.
1555 803 1559 807 ι
2239 762 2320 834 λη’

2239 762 2339 834 λη’.
2385 765 2524 833 Περὶ
2558 764 2678 821 τῶν
2710 765 3156 823 Σαδδουκαίων.
3191 767 3356 838 (XIII,
3395 768 3505 839 I8.)
3540 769 3663 824 M0'.
3694 777 3814 840 νγν.

545 859 643 915 κε’.
682 857 822 927 Περὶ
854 855 962 925 τῆς
994 852 1530 939 μεταμορφώσεως.
1569 855 1684 928 (IX,
1738 855 1816 926 2.)
1862 857 1972 911 M0.
2019 855 2130 910 16'.

2421 867 2568 914 Λου.
2603 858 2715 922 οβ’.
3749 892 3759 899 -

718 954 867 1006 Λου.
887 949 965 1005 λ’.
2235 952 2332 1005 λθ’.
2373 951 2512 1020 Περὶ
2567 950 2675 1004 τοῦ
2725 949 3142 1020 Γραμματέως.
3175 949 3313 1022 (XII,
3365 952 3479 1023 28.)
3530 954 3654 1009 M0'.
3688 952 3809 1008 νδν.

542 1049 658 1108 κς’.
690 1041 834 1112 Περὶ
860 1041 968 1096 τοῦ
1007 1039 1540 1120 σεληνιαζομένου.
1574 1039 1716 1113 (IX;
1738 1039 1846 1112 11.)
1882 1041 1997 1097 Μθ.
2023 1037 2130 1095 λε’.

1347 1041 1540 1120 νένου.
1574 1039 1716 1113 (IX;
1738 1039 1846 1112 11.)
1882 1041 1997 1097 Μθ.
2023 1037 2130 1095 λε’.
2411 1047 2560 1100 Λου.
2592 1040 2697 1098 λε’.
2935 1103 2939 1107 _

599 1146 604 1150 '
717 1137 866 1189 Λου.
894 1131 1012 1189 λα’.
2266 1143 2338 1206 μ’.
2375 1136 2518 1204 Περὶ
2567 1133 2677 1201 τῆς
2732 1133 2840 1190 τοῦ
2894 1135 3116 1203 Κυρίου
3169 1135 3615 1207 ἐπερωτήσεως.
3664 1136 3812 1208 (XII,

459 1220 463 1224 ⁷
541 1226 646 1291 κζ’.
684 1227 829 1295 Περὶ
854 1226 978 1282 τῶν
1020 1227 1541 1303 διαλογιζομένων,
1592 1226 1686 1293 τίς
1727 1225 1966 1295 μείζων.
2015 1226 2129 1298 (IX,
2412 1224 2526 1296 55.)
2566 1227 2678 1279 M0.
2713 1221 2816 1280 νε’.
2848 1228 2992 1278 Λου.
3017 1222 3122 1293 στ’.

721 1316 836 1388 55.)
869 1320 983 1374 M0.
1012 1317 1133 1378 λζ’.
1161 1323 1310 1373 Λου.
1335 1315 1456 1382 λβ.
2237 1324 2349 1388 μα’.
2378 1319 2516 1388 Περὶ
2541 1318 2647 1386 τῆς
2685 1317 2756 1372 τὰ
2781 1317 2892 1372 δύο
2918 1317 3113 1374 λεπτὰ
3132 1317 3481 1388 βαλούσης.
3517 1319 3654 1391 (XII,
3690 1318 3808 1386 II.)

539 1407 649 1482 κη’.
685 1410 826 1480 Περὶ
853 1408 975 1464 τῶν
1000 1411 1538 1480 ἐπερωτησάντων,
1556 1410 1609 1464 εί
1633 1409 1879 1474 ἔξεστιν
1903 1409 2127 1465 ἀπολῦ·
2412 1420 2555 1469 Λου.
2585 1409 2690 1467 οδ’.
3272 1461 3274 1463 ,

719 1516 824 1556 σαι
855 1502 974 1570 τὴν
995 1503 1286 1572 γυναῖκα.
1319 1503 1411 1572 (X,
1445 1503 1521 1572 I.)
1556 1505 1672 1558 M0.
1704 1502 1786 1573 μ’.
2237 1503 2311 1573 μβ

2237 1503 2345 1573 μβ’.
2388 1504 2528 1571 Περὶ
2572 1504 2951 1571 συντελείας.
3003 1501 3187 1575 (XIII,
3223 1501 3319 1575 5.)
3365 1505 3479 1560 M0.
3518 1502 3625 1564 rC'.
3659 1507 3806 1560 Λου.

537 1593 644 1649 κθ’.
681 1592 828 1661 Περὶ
857 1594 967 1649 τοῦ
992 1579 1494 1663 ἐπερωτήσαντος
1529 1595 1835 1649 πλουσίου
1866 1594 1976 1647 τὸν
2015 1592 2131 1664 Ἶη,⁸
2411 1594 2511 1650 οε’.
3329 1660 3362 1676 κ
3637 1599 3644 1608 ”

714 1689 895 1744 σοῦν.
923 1688 1014 1758 (Χ,
1053 1687 1164 1758 I7.)
1193 1691 1308 1743 M0.
1342 1689 1465 1765 μα’.
1498 1693 1644 1753 Λου,
1674 1686 1785 1756 ἔτ’.
2237 1705 2306 1759 μγ

2237 1694 2347 1759 μγ.
2380 1687 2523 1755 Περὶ
2560 1684 2669 1755 τῆξ
2700 1683 2927 1756 ἡμέρας
2965 1686 3063 1741 καί
3106 1685 3282 1756 ὥρας.
3320 1685 3474 1757 (XIII,
3522 1687 3638 1753 52.)
3691 1689 3807 1742 M0.

566 1776 636 1834 λ’.
680 1780 819 1847 Περὶ
851 1779 972 1833 τῶν
997 1778 1144 1835 υιῶν
1177 1779 1498 1833 Ζεϐεδαίου
1533 1778 1626 1850 (X,
1656 1778 1772 1849 55.)
1803 1781 1916 1835 M0.
1939 1777 2056 1850 μγ’.
2405 1779 2520 1849 κη’.

535 1869 642 1977 λα’.
674 1873 818 1977 Περ)
846 1872 1331 1944 Βαρτιμαίου.(Χ.
1363 1873 1473 1937 16.)
1496 1875 1610 1928 M0.
1637 1871 1933 1977 tt6'.'on.
1966 1873 2104 1977 ξδ’..
2161 1924 2206 1977 B
2238 1875 2340 1945 μδ’.
2378 1875 2517 1943 Περὶ
2548 1873 2655 1942 τῆς
2682 1874 3032 1944 ἁλειψάσης
3059 1873 3170 1928 τὸν
3207 1874 3427 1977 Κύριον
3449 1874 3614 1944 μύρῳ
3644 1871 3807 1940 (XIV.

535 1962 639 2034 λβθ.
673 1961 814 2031 Περὶ
849 1963 958 2042 τοῦ
983 1963 1214 2020 πώλου.
1267 1965 1382 2037 (XI,
1421 1967 1496 2034 I.)
1535 1967 1648 2020 M0.
1693 1962 1799 2028 με’.
1829 1969 1973 2020 Λου.
2013 1962 2104 2032 ξη’
2165 1961 2206 1977 “’
2412 1966 2491 2033 5.)
2537 1969 2650 2020 Μθ.
2691 1965 2807 2030 ξβ’.
2839 1970 2981 2020 Λου.
3017 1964 3128 2019 xa'.
3169 1965 3282 2021 Ἰω.
3311 1962 3409 2030 ιβ’.

724 2054 831 2110 ’1ω.
859 2054 954 2108 ιδ’.
2237 2056 2316 2130 με’

2237 2056 2341 2130 με’.
2383 2058 2520 2127 Περὶ
2553 2059 2660 2112 τοῦ
2696 2057 2934 2126 Πάσχα.
2979 2055 3148 2128 (XIV,
3193 2057 3304 2128 I2.)
3349 2059 3462 2112 M0.
3514 2056 3624 2127 ξτν.
3657 2059 3806 2111 Λου.

534 2149 641 2218 λγ’.
677 2147 822 2219 Περι
850 2147 964 2216 τῆς
1009 2147 1421 2218 ξηρανθείσης
1465 2148 1669 2216 συκῆς
1719 2147 1836 2214 (XI,
1875 2149 1982 2219 I2.)
2012 2151 2126 2205 M0.

1009 2147 1421 2218 ξηρανθείσης
1465 2148 1669 2216 συκῆς
1719 2147 1836 2214 (XI,
1875 2149 1982 2219 I2.)
2012 2151 2126 2205 M0.
2409 2157 2524 2216 og’.
2595 2167 2598 2170 ‘

708 2240 837 2312 ἐντ’⁸
1851 2273 1860 2279 λ
2237 2261 2300 2314 μς

2237 2249 2354 2314 μςν.
2385 2242 2523 2312 Περὶ
2557 2243 2668 2312 τῆς
2697 2242 3086 2313 παραδόσεως
3111 2243 3464 2313 προφητεία.
3486 2240 3648 2315 (XIV,
3691 2242 3801 2312 I7.)

534 2333 634 2390 λδ’.
669 2333 814 2404 Περι
839 2334 1292 2403 ἀμνησιωκιάς
1321 2375 1334 2388 .
1362 2333 1479 2405 (XI,
1510 2333 1634 2402 25.)

1088 2335 1292 2400 υακιάς
1321 2375 1334 2388 .
1362 2333 1479 2405 (XI,
1510 2333 1634 2402 25.)
2407 2341 2534 2394 M0'.
2574 2338 2680 2402 ξδ’.

532 2427 632 2484 λε’.
670 2426 816 2496 Περὶ
845 2425 966 2481 τῶν
989 2424 1502 2494 ἐπερωτησάντων
1535 2425 1644 2479 τὸν
1681 2424 1901 2493 Κύριον
1927 2423 2131 2493 ἁρχὼ-
2230 2428 2337 2499 μζ’.
2379 2429 2520 2497 Περὶ
2576 2428 2686 2498 τῆς
2741 2427 3074 2497 ἀρνήσεως.
3113 2426 3289 2499 (XIV,
3343 2428 3455 2499 66.)
3511 2429 3623 2482 M0.
3683 2424 3808 2492 ξς’.

705 2518 866 2587 ρέων
904 2517 1006 2572 καὶ
1033 2515 1475 2586 πρεσϐυτέρων.
1509 2515 1624 2587 (XI,
1672 2515 1791 2586 27.)
1840 2518 1956 2572 M0.
1997 2513 2126 2586 μη’.

1099 2515 1475 2585 >εσ6υτέρων.
1509 2515 1624 2587 (XI,
1672 2515 1791 2586 27.)
1840 2518 1956 2572 M0.
1997 2513 2126 2586 μη’.
2405 2523 2551 2574 Λου.
2581 2517 2691 2586 οη’.

714 2615 861 2666 Λου.
891 2612 1004 2664 κθ’.
2231 2609 2343 2684 μη’.
2386 2611 2526 2680 Περὶ
2568 2609 2680 2677 τῆς
2718 2610 3012 2677 αἰτήσεως
3054 2610 3161 2666 τοῦ
3206 2611 3479 2680 σώματος
3529 2612 3634 2668 τοῦ
3681 2616 3804 2666 Κυ-

534 2701 650 2769 λς·’.
690 2704 832 2772 Περὶ
881 2702 992 2758 τοῦ
1051 2699 1435 2772 ἀμπελῶνος.
1492 2700 1651 2772 (XII,
1715 2701 1812 2773 I.)
1872 2703 1987 2759 M0.
2053 2706 2126 2758 ν’.

2394 2705 2559 2773 ρίου.
2584 2703 2723 2773 (XV,
2759 2704 2873 2775 42.)
2905 2705 3017 2758 M0.
3048 2703 3159 2772 671'.
3194 2708 3340 2760 Λου.
3395 2702 3519 2771 πβ.
3561 2705 3673 2760 Ἶω.
3707 2703 3802 2772 ιη’.

710 2801 859 2852 Λου.
893 2801 964 2851 ο’.

601 2981 696 3038 25.
734 2982 812 3036 De
835 2998 991 3038 ceco.
2229 2982 2345 3033 hth
2374 2977 2512 3048 facis
2533 2978 2559 3032 2

607 3073 701 3129 24.
741 3073 818 3128 De
842 3074 1258 3145 interrogatione
1279 3073 1335 3126 in
1367 3069 1637 3128 Caesarea.
2298 3071 2389 3128 56.
2430 3070 2508 3126 De
2526 3072 2700 3125 uinea.

598 3164 693 3219 25.
744 3163 819 3218 De
847 3165 1321 3235 transformatione
1356 3163 1592 3218 Domini.
2149 3191 2191 3248 ρ
2296 3161 2388 3218 57.
2426 3161 2503 3216 De
2534 3163 2614 3218 his
2644 3161 2734 3234 qui
2755 3161 3148 3232 interrogabant
3178 3163 3451 3219 occasione
3491 3179 3696 3220 census.

603 3257 700 3312 26.
742 3256 819 3312 De
852 3256 1090 3311 lunatico
1120 3256 1342 3310 habente
1363 3257 1610 3326 spiritum
1642 3262 1872 3310 mutum.
2297 3254 2386 3312 58.
2429 3254 2507 3334 De
2526 3252 2862 3310 Sadductris.‘

599 3349 691 3404 27.
730 3349 808 3405 De
834 3349 1248 3421 disputantibus,
1277 3349 1394 3420 quis
1447 3357 1579 3405 esset
1632 3349 1829 3419 major.
2298 3345 2388 3403 59.
2433 3346 2508 3401 De
2540 3347 2738 3401 scriba.

600 3443 694 3499 28.
737 3443 811 3498 De
834 3443 916 3499 his
949 3444 1038 3514 qai
1067 3445 1461 3516 interrogabant
1485 3441 1805 3496 Dominum:
1829 3440 1911 3495 An
1944 3441 2124 3497 liceret
2298 3436 2394 3493 40.
2427 3437 2503 3492 De
2522 3438 2936 3510 interrogatione
2955 3439 3186 3496 Domini.

532 3553 654 3590 eum
682 3551 844 3590 uxore
868 3536 1149 3591 divortium
1177 3537 1374 3607 facere.
2301 3529 2392 3588 41.
2430 3530 2510 3585 De
2539 3531 2697 3586 vidua
2729 3547 2846 3602 qum
2873 3533 2977 3586 duo
3003 3534 3207 3587 minuta
3242 3533 3449 3588 obtulit.

599 3627 692 3683 29.
733 3627 812 3682 De
838 3628 996 3683 divite
1030 3631 1118 3699 qui
1177 3629 1462 3683 Dominum
1496 3628 1877 3698 interrogabat.
2269 3643 2271 3646 ‘
2301 3624 2391 3679 «12.
2433 3623 2508 3678 υτ
2537 3625 3010 3681 consummatione.

603 3720 698 3776 50.
735 3720 812 3775 De
840 3720 966 3790 ﬁliis
1005 3720 1268 3778 Zebedazi.
2302 3717 2394 3772 45.
2429 3715 2507 3770 De
2528 3717 2615 3771 die
2641 3717 2733 3771 illo
2757 3727 2807 3771 et
2835 3717 2987 3773 hora.

603 3811 697 3866 51.
735 3809 815 3865 De
845 3810 1158 3866 Bartimazo.
2301 3809 2391 3865 44.
2431 3807 2508 3862 De
2539 3825 2601 3863 ea
2619 3825 2734 3880 qua'
2756 3811 2910 3864 unxit
2939 3809 3218 3864 Dominum
3239 3818 3521 3881 unguento.

605 3901 699 3957 52.
739 3901 817 3956 De
846 3903 1014 3974 pullo.

2301 3902 2391 3957 45.
2437 3901 2514 3956 De
2528 3900 2756 3956 Pascha.

595 3995 694 4051 55.
741 3993 816 4048 De
832 3993 939 4063 ﬁcu
967 4012 1083 4066 qut:
1104 3995 1343 4052 'exaruit.
2301 3993 2396 4050 46.
2438 3992 2514 4048 De
2527 3994 2822 4062 proditione
2846 3993 3171 4064 prophetica.

599 4086 695 4142 54.
735 4085 816 4141 De
843 4087 1100 4144 oblivione
1128 4089 1480 4159 injuriarum.
2301 4087 2389 4144 47.
2431 4085 2509 4140 De
2533 4087 2811 4157 negatione
2827 4085 2996 4141 Petri.

597 4179 695 4235 55.
730 4177 810 4234 De
838 4180 1283 4253 interrogantibus
1304 4182 1608 4248 Dominum,
1635 4182 1696 4238 In
1727 4198 1831 4252 qua
1860 4186 2121 4252 potestate
2300 4177 2392 4234 «I8.
2426 4176 2506 4232 De
2536 4176 2786 4242 oetitione
2815 4171 3043 4247 corporis
3067 4175 3279 4234 Christi.

639 4517 1230 4578 INTERPRETATIO
1280 4517 1687 4575 ΕγΑΝσΕιιι
1741 4517 1988 4575 MARCI.
2153 4522 2231 4577 Di

2221 4519 2604 4576 ΕΡΜΗΝΕΙΑ
2658 4522 2797 4576 ΊὈΥ
2858 4521 3102 4645 misr
3122 4520 3428 4576 ΜΑΡΚΟΝ
3473 4521 3797 4578 ΕΥΑΓΓΕ·

602 4681 815 4737 Marcus
851 4680 994 4737 ﬁlius
1025 4680 1127 4736 fuit
1152 4680 1352 4743 Mariae.
1379 4697 1498 4752 quae
1531 4682 1583 4734 in
1635 4681 1800 4737 domo
1857 4697 1955 4737 sua
2022 4682 2119 4738 be-

2298 4685 2524 4754 Μάρκος
2558 4685 2587 4738 ὁ
2615 4683 3034 4755 εὑαγγελωτὴς,
3054 4684 3170 4748 υἱὸς
3203 4685 3302 4754 μὲν
3331 4686 3524 4755 γέγονε
3557 4689 3793 4761 Μαρίας,

533 4776 696 4846 nigne
745 4775 1022 4845 apostolos
1071 4773 1398 4842 excipiebat.
1451 4774 1759 4829 Vocabatur
1823 4787 2006 4828 autem
2065 4783 2122 4828 et

2231 4776 2330 4848 τῆς
2370 4776 2780 4851 δεξιωσαμένης
2815 4782 2872 4833 ὲν
2905 4783 2971 4852 τῇ
3003 4782 3208 4854 ἑαυτῆς
3237 4785 3387 4854 οἰκίᾳ
3412 4787 3537 4850 τοὺς
3568 4788 3797 4841 ἀποστό-

532 4866 792 4928 Joannes,
824 4863 1283 4935 quemadmodum
1317 4865 1370 4917 in
1412 4866 1562 4919 Actis
1613 4866 1985 4936 apostolorum
2039 4865 2121 4920 in.

2228 4870 2352 4934 λους
2380 4886 2395 4902 °
2427 4871 2677 4925 ἐκαλεῖτο
2702 4872 2759 4925 δὲ
2800 4873 2894 4927 καὶ
2944 4874 3217 4948 Ἰωάννης,
3257 4878 3332 4941 ὼς
3384 4881 3442 4947 ὲν
3497 4883 3620 4943 ταῖς
3653 4882 3796 4950 Πρά-

534 4960 788 5014 venimus
823 4976 837 5014 :
867 4958 1079 5022 Petrus,
1110 4958 1311 5028 inquit,
1341 4959 1606 5028 recognita
1639 4961 1776 5012 venit
1808 4960 1878 5012 ad
1907 4961 2118 5013 domum

2225 4963 2338 5028 ξεσι
2378 4964 2487 5018 τῶν
2520 4964 2834 5020 ἀποστόλων
2867 4967 3216 5039 εὑρίσκομεν.
3246 4971 3510 5026 Συνιδὼν
3537 4973 3667 5044 γὰρ,
3697 4992 3795 5042 φη-

534 5053 722 5106 matris
770 5050 1014 5115 Joannis,
1074 5051 1164 5120 qui
1215 5050 1690 5120 cognominabatur
1744 5055 1994 5115 Marcus,
2035 5051 2122 5104 ubi

2225 5055 2331 5121 σὶν,
2365 5059 2397 5110 ὀ
2451 5056 2675 5126 Πέτρος
2728 5053 2918 5129 ἦλθεν
2965 5061 3063 5114 ἐπὶ
3120 5062 3236 5130 τὴν
3295 5065 3492 5119 οὶκίαν
3550 5065 3660 5135 τῆς
3687 5085 3794 5136 μη-

532 5156 685 5198 erant
711 5143 863 5197 multi
894 5144 1198 5213 congregati
1228 5153 1275 5196 et
1327 5155 1537 5196 orantes
1566 5144 1602 5195 ί.
1651 5144 1713 5196 Et
1771 5143 1913 5198 circa
1967 5144 2121 5213 prin-

2225 5148 2363 5216 τρὸς
2389 5148 2660 5212 Ἰωάννου
2713 5151 2822 5206 τοῦ
2872 5152 3356 5224 ἐπικαλουμένου
3404 5157 3671 5226 Μάρκου,
3725 5155 3791 5214 οὗ

534 5238 677 5308 cipia
711 5237 930 5307 quidem
956 5239 1282 5309 conjunctus
1313 5249 1399 5294 est
1437 5237 1696 5293 Barnabze
1721 5238 1992 5292 avunculo
2023 5253 2122 5291 suo

2226 5233 2388 5308 ἦσαν
2417 5241 2612 5295 ἱκανοὶ
2637 5245 3137 5314 συνηθροισμένοι
3188 5247 3285 5303 καὶ
3309 5250 3792 5318 προσευχόμενοι.

534 5341 590 5383 ct
626 5329 814 5396 Paulo,
849 5331 1006 5386 sicuti
1051 5331 1186 5386 liber
1219 5329 1482 5387 Actorum
1511 5339 1735 5385 teetatur
1769 5331 1808 5394 ',
1840 5338 1896 5384 et
1926 5328 2126 5395 Paulus

2235 5331 2344 5385 Καὶ
2395 5333 2678 5404 καταρχὰς
2717 5335 2815 5406 μὲν
2879 5337 3165 5391 συνείπετο
3205 5339 3480 5409 Βαρνάϐᾳ,
3539 5340 3615 5410 τῷ
3668 5339 3793 5410 θείῳ

537 5422 592 5475 in
626 5422 884 5492 Epistolis
917 5423 1251 5480 mentionem
1276 5425 1396 5495 ejus
1432 5424 1660 5485 faciens,
1692 5432 1750 5478 ut
1788 5424 1840 5478 in
1880 5421 2121 5491 Epistola

2229 5422 2416 5486 αὐτοῦ,
2443 5425 2538 5476 καὶ
2568 5424 2787 5494 Παύλῳ,
2816 5426 2998 5490 καθὼς
3026 5427 3060 5498 ᾖ
3095 5446 3153 5481 τε
3188 5428 3372 5499 βίόλος
3401 5430 3512 5483 τῶν
3540 5432 3795 5502 Πράξεων

535 5517 600 5572 ad
636 5510 994 5573 Colossenses
1035 5518 1075 5584 ³,
1117 5527 1171 5573 ct
1204 5519 1256 5572 in
1294 5519 1535 5574 secunda
1575 5518 1639 5573 ad
1693 5518 2041 5572 Timotheum
2069 5518 2113 5570 ⁸.

2227 5519 2604 5588 παριπτᾷ,καὶ
2636 5519 2870 5587 Παῦλος,
2904 5522 2962 5573 ὲν
3001 5519 3344 5591 Ἐπιστολαῖς
3372 5525 3596 5597 μνήμην
3636 5523 3794 5582 αὑτοῦ

540 5658 552 5687 ¹
600 5657 716 5711 Act.
751 5673 853 5719 ιιι.
885 5658 975 5712 12.
1090 5662 1108 5691 ²
1142 5661 1261 5713 Act.
1318 5675 1415 5724 xu,
1447 5659 1556 5726 25;
1595 5673 1682 5722 xv,
1717 5657 1806 5723 57,
1840 5655 1931 5711 59.
2007 5655 2026 5687 ⁸
2056 5654 2132 5712 C0

1476 5655 1931 5726 '.5;xv,57,59.
2007 5654 2499 5722 'Coloss.tv,l0.
2578 5655 2678 5711 ιιι
2713 5655 2856 5717 Tim.
2886 5642 3068 5728 mai.

1751 5795 1948 5858 Variae
2011 5794 2317 5859 lectiones
2359 5804 2417 5859 et
2450 5805 2640 5860 notae.

616 5921 690 5985 (ι)
734 5921 790 5973 Ὀ
822 5924 1022 5979 omittit
1061 5925 1116 5979 Β.
1166 5926 1310 5980 Idem
1364 5941 1510 5992 mox,
1574 5937 1691 5995 post
1743 5926 1941 5991 οἰκίαν,
2005 5924 2208 5981 inscrtu

1166 5926 1310 5980 Idem
1364 5941 1510 5992 mox,
1574 5937 1691 5995 post
1743 5926 1941 5991 οἰκίαν,
2005 5924 2269 5981 inscrtum
2303 5927 2465 5982 habet
2493 5927 2730 5998 Μαρίας.
