4032 6544
225 429 348 491 769

1221 441 1613 505 COMMENT.
1658 442 1736 504 [Ν
1780 442 2127 505 MARCUM.
2169 470 2234 483 --
2275 445 2433 507 CAP.
2472 447 2526 510 Ῑ.

3407 447 3517 509 770

229 549 596 620 ποιούμενος,
653 557 716 626 τῇ
774 573 830 608 τε
878 556 1012 628 πρὸς
1062 557 1404 622 Κολασσαείς
1431 561 1526 612 καὶ
1577 561 1644 630 τῇ
1692 560 1826 628 πρὸς

1936 561 2141 616 Deinde
2176 578 2300 616 cum
2353 562 2520 618 Petro
2567 561 2752 619 Romae
2783 578 3138 622 conversatus
3163 575 3268 629 est,
3319 582 3515 636 quem-

230 641 506 712 Τιμόθεον
539 647 794 719 δευτέρᾳ·
829 645 945 702 εἶτα
975 649 1052 720 τῷ
1084 651 1274 721 Πέτρῳ
1311 654 1478 722 συνῆν
1513 655 1571 704 ὲν
1615 653 1826 722 Ῥώμῃ,

229 733 315 796 ὡς
352 736 383 804 ἠ
421 735 613 806 πρώτη
656 740 823 792 αὑτοῦ
869 739 1160 811 Ἐπιστολὴ
1200 742 1496 807 δείκνυσιν,
1550 744 1612 795 ὲν
1657 736 1690 816 ᾖ
1737 744 1831 796 καὶ

232 825 360 878 υιδν
387 827 553 880 αὐτοῦ
592 832 733 883 κατὰ
756 831 973 901 πνεῦμα
998 833 1090 884 τὸν
1111 826 1522 901 Μάρκονόὗτος
1551 834 1827 902 ὠνόμασε,

238 918 377 986 παρ’
405 909 466 968 οὗ
497 921 590 972 καὶ
630 921 752 974 ὅλον
785 923 876 975 τὸν
898 924 995 975 τοῦ
1038 923 1381 992 Εὑαγγελίου
1412 925 1571 992 λόγον
1598 928 1626 979 6
1666 925 1828 996 Μάρ-

236 1023 338 1070 κος
370 1011 691 1082 μεμάθηκεν
729 1013 824 1082 (2).
873 1016 1105 1068 Ἔπειτα
1141 1016 1526 1086 συνεγράψατο
1552 1016 1614 1069 τὸ
1645 1017 1828 1085 Εὐαγ-

234 1091 423 1164 γέλιον
445 1141 461 1166 ,
493 1102 568 1166 ὡς
610 1106 708 1174 μὲν
742 1109 946 1176 ἱστορεῖ
973 1110 1066 1161 καὶ
1109 1108 1344 1179 Κλήμης
1376 1111 1403 1161 6
1435 1110 1838 1179 Στρωματεὺς,

234 1193 301 1243 ἐν
323 1193 462 1265 αὐτῇ
493 1198 561 1266 τῇ
605 1197 816 1270 Ῥώμῃ,
845 1200 986 1252 κατὰ
1011 1201 1068 1254 δέ
1099 1201 1191 1255 τὸν
1223 1202 1615 1271 Χρυσόστομον
1642 1201 1739 1272 (5),
1767 1203 1826 1252 ἐν

232 1284 523 1355 Αἰγύπτῳ,
562 1291 945 1360 παρακληθεὶς
975 1294 1080 1347 ὑπδ
1109 1293 1216 1346 τῶν
1264 1295 1382 1346 ἐκεῖ
1410 1294 1646 1359 πιστῶν,
1685 1295 1826 1362 μετὰ

232 1375 334 1445 ἔτη
369 1377 502 1430 δέκα
524 1379 624 1448 τῆς
653 1382 749 1434 τοῦ
776 1384 1030 1454 Σωτῆρος
1062 1386 1414 1454 ἀναλήψεως.
1454 1388 1750 1457 Συμφωνεϊ
1767 1387 1823 1439 δὲ

230 1469 314 1536 τῷ
341 1470 612 1542 Ματθαίῳ
638 1474 779 1536 λίαν,
815 1476 956 1547 πλὴν
984 1479 1112 1531 ὅσον
1153 1481 1368 1544 ἐκεῖνος
1393 1483 1512 1534 ἐστι
1552 1480 1824 1533 πλατύτε-

235 1577 352 1630 ρος.
396 1563 516 1635 Χρὴ
545 1564 608 1634 δὴ
637 1566 868 1620 καθόλου
903 1568 1220 1636 γινώσκειν,
1249 1571 1325 1632 ὡς
1359 1571 1409 1623 οἱ
1433 1553 1826 1638 εὐαγγελισταὶ

231 1654 370 1707 ποτέ
401 1656 500 1724 μὲν
525 1658 669 1711 κατά
701 1661 855 1726 τάξιν
887 1662 1296 1731 ἀπαγγέλλουσι
1321 1667 1420 1728 τὰς
1472 1663 1826 1726 διδασκαλίας

232 1743 332 1795 καὶ
365 1746 433 1797 τά
468 1744 730 1815 θαύματα
761 1750 854 1804 τοῦ
895 1750 1164 1821 Χρστοῦ,
1225 1754 1377 1823 νόμῳ
1416 1753 1681 1820 ἱστορίας
1721 1769 1822 1804 που

227 1835 294 1886 τέ
325 1836 404 1898 δὲ,
449 1838 509 1890 οὐ
566 1841 798 1910 τηροῦσι
851 1843 1029 1910 τάξιν,
1067 1845 1398 1908 σπεύδοντες
1457 1845 1620 1914 μόνον
1654 1845 1735 1907 εἰς
1765 1843 1826 1896 τὸ

229 1927 603 1996 ἀπαγγέλλειν
635 1931 795 1986 αὑτά.

319 2113 502 2183 Ἀρχὴ
533 2114 639 2168 τοῦ
673 2145 742 2156 -
772 2116 900 2184 τοῖς
936 2117 1295 2187 προφήταις.
1357 2117 1699 2187 Εὑαγγέλιον
1733 2116 1829 2170 νῦν

226 2208 259 2257 6
295 2206 545 2276 Μάρκος,
569 2208 668 2278 τὴν
700 2209 910 2278 Καινὴν
958 2209 1264 2280 Διαθήκην,
1297 2211 1398 2280 τὴν
1431 2211 1560 2262 νέαν
1596 2209 1830 2279 νομοθε-

232 2298 365 2351 σίαν
390 2301 486 2351 τοῦ
528 2300 772 2373 Χριστοῦ
822 2302 1086 2372 κέκληκε.
1135 2303 1291 2355 Διατί
1342 2303 1399 2355 δὲ
1451 2301 1628 2365 οὕτως
1654 2302 1828 2372 αὐτὴν

227 2390 544 2460 ὠνόμασεν,
574 2391 791 2462 εἴρηται
819 2393 877 2446 ὲν
927 2393 1006 2464 ’τῷ
1047 2394 1327 2464 προοιμίῳ
1373 2397 1473 2464 τῆς
1508 2395 1828 2464 ἐξηγήσεως

229 2480 332 2533 τοῦ
367 2482 513 2535 κατὰ
537 2484 820 2536 Ματθαίον
854 2484 1223 2553 Εὑαγγελίου,
1255 2485 1388 2538 ἔνθα
1414 2487 1546 2556 περὶ
1571 2485 1672 2554 τῆς
1701 2486 1826 2537 ἐπι-

230 2574 456 2645 γραφῆς
472 2575 579 2628 τῶν
598 2576 955 2644 Εὐαγγελίων
977 2577 1420 2648 προδιείληπται.
1437 2577 1576 2646 Φησὶ
1593 2577 1649 2630 δέ
1673 2580 1699 2630 6
1719 2595 1828 2628 πα-

231 2683 348 2735 ρων
379 2667 792 2740 εὑαγγελιστὴς,
823 2670 905 2722 ὅτι
934 2670 1077 2740 ἀρχὴ
1112 2669 1212 2738 τῆς
1244 2669 1371 2732 νέας
1392 2668 1470 2739 (4)
1495 2669 1827 2737 νομοθεσίας

230 2759 477 2828 Χριστοῦ
510 2760 654 2812 οὓτω
696 2762 945 2829 γέγονεν,
974 2761 1050 2824 ὡς
1081 2762 1403 2832 γέγραπται
1443 2761 1502 2813 ἐν
1535 2762 1646 2821 τοῖς
1691 2778 1827 2831 προ·

232 2853 438 2919 φήταις
470 2865 484 2879 ·
516 2850 667 2917 λέγει
694 2851 750 2904 δὲ
791 2852 1082 2922 Μαλαχίαν
1135 2854 1230 2904 καὶ
1282 2851 1536 2906 Ἡσαΐαν.
1575 2844 1709 2902 Εἶτα
1742 2849 1826 2902 τί-

233 2939 364 3009 θησι
396 2941 592 2994 καὶτὰ
627 2943 769 3012 ῥητὰ
818 2943 930 2994 τῶν
982 2942 1308 3014 προφητῶν,
1343 2943 1430 2994 ἵνα
1484 2941 1684 3012 μάθῃς,
1743 2941 1828 2993 ὅτι

232 3031 465 3101 τοιαύτη
502 3034 648 3103 ἀρχὴ
677 3033 773 3085 τοῦ
804 3033 1142 3102 Εὐαγγελίου
1181 3021 1437 3101 γέγονεν,
1480 3033 1602 3084 οἵαν
1647 3030 1827 3103 ταῦτά

237 3139 428 3188 φασιν.
473 3123 660 3176 Ταῦτα
692 3123 748 3177 δέ
807 3141 997 3192 φασιν,
1059 3124 1237 3192 ἀρχὴν
1285 3121 1454 3174 αὑτοῦ
1488 3119 1824 3189 γενήσεσθαι

234 3213 329 3265 τὸν
372 3215 650 3286 Ἰωάννην,
689 3215 766 3279 ὡς
806 3215 1276 3282 ἀναπτυσσὸμενα
1332 3213 1621 3280 δείξουσιν.
1671 3211 1827 3265 Ἐπεὶ

237 3311 346 3379 γάρ
374 3311 575 3372 πάντες
610 3311 658 3363 ot
687 3311 973 3383 προφῆται
1014 3310 1110 3364 καὶ
1142 3310 1170 3363 6
1211 3311 1375 3377 νόμος
1414 3309 1519 3370 ἕως
1573 3308 1823 3360 Ἰωάννου

242 3406 686 3473 προεφήτευσαν,
745 3403 887 3456 κατὰ
937 3403 1026 3456 τὸν
1087 3400 1184 3454 τοῦ
1246 3401 1454 3469 Κυρίου
1503 3399 1684 3466 λόγον,
1717 3399 1826 3451 ἔδει

240 3496 456 3559 τοῦτον,
513 3497 667 3560 τέλος
697 3497 830 3550 ὅντα
864 3497 966 3566 τῆς
1019 3496 1291 3559 Παλαιᾶς,
1345 3493 1521 3562 ἀρχὴν
1569 3492 1824 3558 γενέσθαι

239 3587 342 3657 τῆς
373 3589 545 3652 Νέας.
584 3587 748 3642 Ἀλλὰ
774 3587 1083 3659 διαιρετέον
1122 3586 1230 3658 ἰδίᾳ
1268 3585 1378 3638 τῶν
1402 3583 1496 3637 δύο
1530 3584 1826 3655 προφητῶν

240 3684 310 3736 τὰ
345 3685 513 3753 ῥητά.

323 3772 495 3836 Ἰδοὺ,
529 3771 646 3843 ἐγὼ
666 3800 724 3816 -
756 3771 1104 3842 ἔμπροσθέν
1132 3785 1275 3824 σου.
1311 3771 1601 3840 Μαλαχίου
1641 3769 1739 3840 μὲν
1767 3768 1828 3821 τὸ

246 3864 429 3937 ρητόψ
467 3865 689 3936 εἴρηται
717 3864 772 3916 δὲ
813 3865 942 3934 περὶ
969 3853 1168 3915 τούτου
1203 3863 1391 3931 σαφῶς
1425 3864 1484 3915 ὲν
1519 3864 1583 3933 τῇ
1624 3861 1827 3932 ἐξηγή-

243 3973 326 4008 σει
359 3956 455 4009 τοῦ
484 3955 733 4010 εἰκοστοῦ
753 3957 1052 4025 κεφαλαίου
1067 3953 1161 4007 τοῦ
1187 3955 1329 4008 κατὰ
1351 3954 1629 4008 Ματθαῖον
1653 3954 1830 4020 Εὐαγ-

243 4049 450 4117 γελίου.
491 4049 605 4102 Καὶ
669 4049 930 4119 περιττὸν
979 4048 1048 4100 τά
1096 4046 1244 4102 αὐτὰ
1305 4047 1470 4101 πάλιν
1524 4048 1604 4110 είς
1663 4046 1829 4116 μέσον

243 4145 422 4214 ἄγειν.

1932 654 2223 708 admodum
2285 656 2433 724 prior
2496 656 2614 725 ejus
2693 657 2927 727 Epistula
2992 659 3356 721 demonstrat,
3409 675 3517 729 qua

1931 746 2096 798 etiam
2125 746 2220 798 hic
2255 745 2424 800 tilium
2450 762 2609 801 suum
2640 746 2794 817 juxta
2827 749 3076 816 spiritum
3112 749 3357 805 Marcum
3413 766 3520 820 ap-
3617 797 3620 800 .

1933 833 2152 909 pellavit
2181 835 2202 864 ⁸
2238 851 2251 886 :
2281 851 2311 889 a
2350 850 2460 904 quo
2499 835 2727 905 insuper
2763 846 2940 891 totum
2987 839 3265 909 Evangelii
3308 855 3520 896 sermo-

1932 903 2055 973 nem
2090 921 2308 975 Marcus
2365 903 2576 986 didicit,
2629 903 2691 978 et
2739 930 3086 995 postmodum
3142 903 3519 1000 'Evangclium

1930 1013 2280 1080 conscripsit,
2349 1016 2654 1068 secundum
2717 1015 3053 1072 Clementem
3106 1017 3519 1087 Stromaticum,

1933 1102 2036 1157 hoc
2088 1113 2194 1167 est,
2236 1107 2327 1174 qui
2387 1101 2536 1159 varia
2593 1108 2647 1160 in
2692 1124 2876 1162 unum
2927 1111 3234 1175 contexuit,
3289 1111 3341 1165 in
3403 1112 3521 1182 ipsa

1929 1191 2099 1246 Poma
2139 1211 2152 1246 :
2179 1194 2332 1263 juxta
2358 1195 2802 1268 Chrysostomum
2831 1211 3013 1254 autem
3045 1201 3100 1254 in
3142 1202 3398 1275 Egypto,‘
3431 1219 3523 1259 ro-

1928 1293 2087 1354 gntus
2125 1301 2154 1339 a
2185 1285 2445 1342 fratribus
2477 1290 2567 1358 qui
2602 1290 2802 1345 ibidem
2851 1293 3231 1360 morabantur,
3267 1306 3389 1365 post
3427 1297 3522 1350 de-

1930 1378 2135 1431 cimum
2190 1394 2218 1432 a
2267 1379 2568 1436 Salvatoris
2617 1384 3009 1454 Assumptione
3059 1403 3287 1441 annum.
3339 1388 3523 1443 Pluri-

1930 1483 2078 1523 mum
2112 1480 2295 1524 autetn
2330 1488 2454 1525 cum
2487 1471 2742 1528 Matthaeo
2775 1475 3073 1542 consentit,
3119 1478 3220 1532 nisi
3258 1481 3404 1547 quod
3444 1483 3523 1533 la-

1933 1567 2041 1617 tius
2085 1563 2173 1617 ille
2236 1577 2433 1619 cuncta
2489 1565 2776 1620 describit.
2851 1569 3062 1638 Ubique
3112 1582 3296 1625 autem
3382 1579 3529 1628 scire

1931 1667 2168 1728 Oportet,
2194 1659 2339 1728 quod
2368 1662 2719 1731 evangelista:
2751 1662 3026 1718 interdum
3057 1667 3280 1734 quidem
3315 1666 3525 1722 Christi

1932 1748 2236 1802 doctrinam
2271 1765 2336 1804 ac
2369 1751 2634 1805 miracula
2695 1753 2891 1808 ordine
2945 1754 3266 1810 describunt
3299 1757 3356 1810 in
3405 1773 3523 1812 mo-

1931 1839 2060 1894 dum
2096 1839 2363 1906 historiae,
2404 1843 2736 1912 quandoque
2793 1859 2926 1899 vero
2957 1847 3204 1900 ordinem
3239 1863 3350 1901 non
3405 1864 3524 1901 ser-

1861 1908 1902 1966 B
1933 1939 2063 1986 vant
2107 1949 2121 1986 :
2169 1931 2222 1986 id
2265 1908 2444 1987 solum
2486 1908 2792 2002 studentes,
2836 1945 2919 2003 ut,
2980 1939 3127 2007 quod
3167 1940 3371 1992 dictum
3429 1947 3526 1993 aut

1932 2022 2138 2078 factum
2187 2033 2293 2091 est,
2346 2028 2698 2082 annuntient.

2001 2116 2156 2171 CAP.
2202 2119 2242 2170 1.
2295 2116 2433 2172 Vers
2484 2122 2534 2174 1.
2581 2118 2806 2173 Initium
2835 2150 2902 2162 —.
2939 2119 3098 2175 Vers.
3127 2119 3182 2174 2.
3230 2121 3522 2191 prophetis.

1932 2207 2289 2279 Evangelium
2322 2225 2474 2264 nunc
2498 2208 2716 2265 Marcus
2751 2211 3046 2280 appellavit
3081 2212 3292 2266 Novum
3317 2214 3524 2267 Testa-

1931 2311 2203 2364 mentum,
2245 2315 2449 2355 novam
2496 2301 2701 2356 Christi
2736 2301 3157 2373 lt-gislalionem.
3192 2303 3304 2357 Cur
3338 2315 3522 2359 autem

1931 2393 2004 2447 ita
2037 2393 2426 2470 nominaverit,
2473 2393 2678 2449 dictum
2715 2404 2801 2448 est
2867 2395 2920 2448 in
2973 2393 3248 2449 Proaamio
3297 2411 3522 2452 enarra-

1931 2485 2097 2540 tionis
2144 2485 2420 2556 Evangelii
2454 2486 2610 2556 juxta
2657 2486 2994 2551 Manlianum,
3039 2488 3128 2542 ubi
3168 2489 3235 2543 de
3288 2505 3527 2559 evange-

1929 2573 2129 2626 liorum
2163 2574 2524 2644 inscriptione
2556 2583 2846 2631 tractatum
2873 2587 2981 2631 est.
3009 2578 3103 2630 Ait
3127 2594 3258 2648 ergo
3281 2595 3525 2648 praesens

1929 2665 2288 2735 evangelista,
2316 2668 2463 2736 quod
2503 2668 2832 2740 principium
2868 2685 3023 2723 novze
3055 2670 3254 2724 Christi
3308 2673 3526 2741 legisla-

1931 2753 2093 2811 tionis
2125 2757 2199 2810 ita
2231 2756 2356 2819 fuit,
2421 2759 2562 2812 sicut
2609 2759 2662 2812 in
2724 2760 3008 2829 prophetis
3063 2763 3328 2830 scriptum
3382 2772 3516 2817 est:

1927 2847 2059 2901 dicit
2087 2858 2268 2900 autem
2305 2845 2494 2902 Isaiam
2527 2857 2582 2902 et
2611 2847 2951 2925 Malachiam.
2984 2849 3188 2904 Deinde
3211 2864 3271 2904 ea
3303 2867 3526 2922 quoque

1929 2937 2108 3007 ponit,
2139 2952 2259 3002 quae
2311 2954 2350 3013 al
2397 2939 2679 3010 prophetis
2730 2926 3068 3001 dicta'suut,
3115 2949 3172 2994 ut
3199 2941 3384 2996 videas
3415 2945 3524 2997 tale

1928 3026 2101 3082 fuisse
2140 3028 2422 3100 Evangelii
2470 3030 2827 3100 principium,
2862 3033 3022 3102 quale
3060 3033 3253 3086 dicunt
3287 3034 3526 3102 prophe-

1930 3131 2015 3176 tae.
2047 3123 2220 3176 Aiunt
2271 3135 2452 3178 autem
2486 3123 2540 3178 hi
2607 3123 2875 3179 Joannem
2941 3125 3106 3179 fuisse
3167 3112 3525 3195 principium,

1934 3215 2106 3269 veluti
2158 3215 2302 3269 dicta
2336 3229 2527 3269 eorum
2562 3215 2830 3284 explicata
2861 3215 3340 3270 de'monstrabunt.
3379 3215 3526 3280 Quia

1933 3308 2079 3361 enim
2114 3322 2292 3360 omnes
2321 3306 2588 3376 prophetes
2623 3315 2672 3359 et
2703 3305 2793 3360 lex
2820 3323 2983 3377 usque
3015 3293 3086 3360 ad
3111 3305 3371 3360 Joannem
3395 3323 3524 3375 pro-

1914 3398 2293 3468 ..phetaverunt,
2359 3400 2515 3468 juxta
2571 3399 2786 3453 Domini
2851 3400 3078 3453 verbum
3136 3400 3178 3466 °,
3237 3401 3527 3468 oportebat

1928 3491 2097 3556 hunc,
2136 3492 2227 3560 qui
2259 3490 2385 3544 ﬁnis
2410 3499 2529 3545 erat
2555 3490 2769 3545 Veteris
2804 3490 3164 3554 Testamenti,
3207 3490 3345 3545 Novi
3373 3506 3526 3559 quo-

1929 3594 2035 3650 que
2065 3593 2185 3634 esse
2210 3579 2559 3649 principium.
2594 3579 2791 3634 Verum
2819 3579 3201 3650 distinguenda
3233 3591 3361 3634 sunt
3393 3595 3523 3649 pro-

1930 3674 2050 3742 pria
2073 3672 2309 3727 duorum
2351 3672 2746 3742 pr0phetarum
2782 3673 3022 3727 oracula.

2008 3764 2160 3819 Vers.
2201 3765 2254 3816 2.
2293 3765 2429 3818 Ecce
2482 3779 2574 3834 ego
2607 3793 2674 3802 —
2705 3780 2885 3817 coram
2941 3774 3011 3818 te.
3085 3764 3362 3820 Malacbiae
3428 3783 3525 3822 va-

1933 3857 2183 3910 ticinium
2240 3867 2343 3910 est.
2402 3855 2481 3908 De
2555 3855 2658 3909 hoc
2715 3864 2895 3909 autem
2966 3857 3254 3911 manifeste
3312 3858 3530 3912 dictum

1931 3959 2016 4004 est
2065 3948 2323 4002 νᾶα-δίιηο
2378 3948 2558 4016 capite
2628 3945 2902 4016 Evangelii
2956 3948 3112 4016 juxta
3180 3948 3525 4013 Mattlueutn,

1934 4041 2078 4095 unde
2118 4037 2456 4109 superﬂuum
2498 4047 2645 4092 esset
2670 4038 2861 4093 eadem
2902 4054 3119 4092 rursum
3176 4040 3230 4093 in
3280 4040 3526 4094 medium

1930 4133 2222 4187 adducere.

2007 4224 2162 4279 Vers.
2206 4225 2259 4278 5.
2314 4208 2429 4276 Vox
2462 4251 2532 4262 —
2557 4223 2777 4276 semitas
2826 4221 2964 4291 ejus.
3013 4219 3052 4291 ῒ
3092 4220 3366 4292 Praeparat
3397 4224 3523 4292 qui—

246 4329 346 4398 τὴν
371 4329 489 4383 ὁδὸν
519 4327 746 4397 Κυρίου,
774 4328 802 4380 6
821 4326 920 4395 τὴν
941 4325 1142 4396 ἀρετὴν
1175 4323 1570 4396 ἐργαζόμενον
1600 4324 1703 4376 οὐκ
1735 4324 1827 4376 εὑ-

1934 4318 2057 4373 dem
2091 4315 2323 4371 Domino
2354 4315 2518 4380 viam,
2550 4315 2643 4383 qui
2680 4315 2937 4368 virtutem
2994 4323 3272 4382 Operatur.
3323 4313 3375 4368 γτ
3404 4332 3526 4369 rum

251 4422 403 4484 θείας
436 4406 492 4472 δὲ
541 4420 691 4472 ποιεῖ
721 4419 824 4480 τὰς
858 4416 1082 4487 τρίϐους
1112 4415 1300 4480 αὐτοῦ,
1331 4417 1360 4468 ὁ
1409 4415 1485 4486 μὴ
1532 4415 1670 4485 πρὸς
1704 4415 1824 4466 εὐα-

1936 4426 2046 4466 non
2079 4420 2257 4465 rectas
2285 4408 2417 4464 facit
2451 4409 2677 4463 semitas
2705 4409 2845 4477 ejus,
2887 4407 2977 4476 qui
3015 4421 3124 4460 non
3159 4407 3228 4461 ad
3281 4408 3376 4461 Dci
3435 4410 3530 4461 be-

252 4489 511 4585 ρέστησιν
547 4512 711 4574 Θεοῦ,
744 4510 884 4564 ἀλλὰ
920 4510 991 4563 δι’
1021 4500 1590 4580 άνθρωπαρέσκειαν,
1624 4509 1658 4578 ἡ
1708 4524 1827 4560 τινα

1936 4501 2295 4571 neplacitum,
2353 4499 2448 4554 sed
2484 4499 2552 4554 ad
2591 4499 2835 4553 studium
2891 4498 3210 4553 hominibus
3249 4499 3523 4566 placendi.

253 4607 480 4671 σκοπὸν,
519 4605 622 4659 οὐκ
670 4603 902 4674 ἀγαθὸν,
949 4602 1160 4672 ταύτην
1215 4599 1608 4672 ἐργαζόμενος.
1663 4595 1827 4664 Οὗτος

1938 4605 2033 4651 aut
2059 4596 2303 4664 aliquem
2330 4593 2497 4647 alium
2532 4591 2694 4646 ﬁnem
2731 4607 2838 4645 non
2897 4591 3125 4657 bonum,
3159 4590 3301 4645 hanc
3333 4607 3529 4659 opera-

246 4701 338 4754 τὸν
395 4698 496 4768 μὲν
553 4698 715 4751 πόνον
767 4698 867 4766 τῆς
922 4694 1248 4764 ἑτοιμασίας
1288 4693 1606 4760 ὑφίσταται,
1639 4692 1730 4744 τὸν
1775 4692 1827 4744 δὲ

1939 4701 2049 4742 tur.
2094 4688 2194 4742 llic
2236 4686 2382 4741 enim
2418 4686 2656 4739 laborem
2693 4684 2910 4752 quidem
2964 4683 3375 4752 praeparationis
3409 4699 3532 4737 sns-

248 4794 381 4848 Θεὸν
404 4795 504 4846 οὐκ
531 4793 642 4863 ἔχει
666 4793 783 4855 ταῖς
809 4787 1095 4851 τοιαύταις
1126 4785 1338 4856 τρίϐοις
1387 4783 1827 4855 ἐμπεριπατοῢν-

1940 4783 2096 4844 tinet,
2131 4781 2296 4834 Deum
2329 4788 2511 4832 autem
2563 4792 2674 4831 non
2727 4776 2894 4832 habet
2940 4775 3252 4846 hujusmodi
3303 4776 3532 4830 semitas

1937 4869 2434 4939 perambulantem.

319 4957 494 5032 Τοῦτο
521 4976 616 5029 τοῦ
652 4975 878 5029 Ἡσαΐου
911 4973 1084 5028 ἐστίν’
1116 4971 1464 5044 ἡρμήνευται
1489 4968 1547 5022 δὲ
1584 4968 1679 5021 καὶ
1707 4967 1827 5021 τοῦ-

2015 4961 2168 5015 Isaia:
2205 4958 2577 5013 testimonium
2627 4967 2729 5022 est,
2767 4957 2910 5026 quod
2953 4957 3117 5011 etiam
3174 4959 3528 5027 explanatum

249 5092 312 5128 το
340 5073 503 5126 πάλιν
542 5075 600 5123 ἐν
622 5072 694 5140 τῇ
727 5069 993 5137 ἐξηγήσει
1025 5065 1122 5120 τοῦ
1153 5064 1340 5135 τρίτου
1371 5060 1672 5130 κεφαλαίου
1704 5059 1798 5114 τοῦ

1937 5067 2020 5111 est
2053 5055 2108 5109 in
2159 5053 2511 5108 enarratione
2567 5051 2716 5108 tertii
2779 5051 2976 5121 capitis
3040 5049 3315 5122 Evangelii
3368 5051 3528 5121 juxta

251 5165 394 5218 κατὰ
413 5163 695 5217 Ματθαῖον
728 5159 1092 5228 Εὑαγγελίου,
1125 5157 1220 5209 καὶ
1245 5157 1398 5226 ζήτει
1435 5155 1572 5207 ἐκεῖ.
1599 5154 1682 5206 Τὰ
1727 5152 1826 5222 μὲν

1934 5147 2270 5211 Matthaeum,
2303 5145 2376 5199 ibi
2406 5159 2535 5216 ergo
2561 5144 2809 5214 qurerito.
2847 5143 2970 5198 Haec
2996 5143 3177 5213 itaque
3203 5144 3527 5214 prophetica

252 5253 344 5313 οὖν
376 5256 695 5328 προφητικὰ
724 5255 897 5308 ταῦτα
931 5253 1073 5326 ῥητὰ
1108 5250 1418 5322 συμφώνως
1469 5247 1827 5317 κεκράγασιν,

1935 5243 2075 5296 dicta
2105 5239 2449 5294 concorditer
2485 5239 2739 5300 clamant,
2774 5238 2918 5308 quod
2943 5237 3183 5293 Joannes
3225 5252 3524 5308 praecessu-

252 5354 378 5406 ὅτιό
421 5350 676 5419 Ἰωάννης
723 5345 1045 5418 προοδεύσει
1080 5344 1175 5398 τοῦ
1205 5341 1470 5413 Χριστοῦ,
1513 5342 1606 5394 καὶ
1637 5339 1827 5407 εὐτρε-

1941 5349 2038 5387 rus
2105 5340 2225 5386 erat
2302 5329 2607 5397 Christum,
2694 5329 2948 5399 viamque
3009 5328 3060 5383 ei
3118 5338 3524 5400 praeparaturus

317 4233 492 4303 Φωνὴ
531 4259 599 4274 -ι
633 4230 878 4303 τρίϐους
925 4231 1135 4288 αὐτοῦ.
1196 4229 1549 4303 [Ἑτοιμάζει
1591 4231 1669 4302 (δ)
1729 4231 1830 4301 μὲν

247 4884 365 4958 τα.]

251 5539 317 5596 ⁸1
352 5539 496 5592 Pctr.
524 5553 576 5599 ν,
616 5536 700 5588 15.
817 5534 834 5562 ⁸
869 5530 1060 5584 Matth.
1099 5544 1176 5591 xu,
1227 5526 1314 5580 l5.

1475 5594 1673 5654 Varia:
1708 5592 2014 5654 lectiones
2060 5599 2120 5652 et
2153 5595 2341 5652 notae.

2018 5761 2094 5832 (4)
2132 5831 2137 5832 ί
2161 5759 2328 5823 Νέας,
2355 5760 2530 5814 abest.
2565 5759 2629 5813 Α.

331 5783 408 5853 (ε)
443 5780 514 5853 Ut
543 5794 611 5833 ex
636 5774 933 5853 §_ophronii
972 5773 1025 5827 in
1063 5771 1298 5825 Marcum
1331 5762 1659 5821 Praefatione
1718 5762 1834 5816 col-
2018 5762 2094 5853 {fl
2127 5762 2872 5853 ΠΙΪὲ-αξιξιξῇξξοεέοωηεη
2914 5823 3030 5853 MM

2127 5831 2252 5886 Haec
2283 5839 2512 5900 uterque
2540 5832 2591 5883 in
2628 5827 2873 5899 margine
2912 5824 3152 5881 exhibet.

258 5848 398 5927 ligo,
419 5852 512 5927 lii).
550 5867 599 5904 Vt
631 5848 899 5927 [ἱμείροιξηξἶ

326 5928 402 5998 ιδ)
444 5925 600 5981 Tom.
631 5921 742 5984 vn,
787 5933 838 5986 p.
871 5920 926 5970 9.
