4032 6490
511 484 608 548 771

1745 469 2129 533 EU'l‘HYPdII
2175 469 2294 530 ZIG
2306 463 2535 529 ABENl
3667 460 3771 528 ’ῖῗὲ

511 594 811 666 Evangelii,
844 603 899 649 et
930 593 1073 664 quod
1103 593 1229 648 inde
1261 607 1414 647 nova:
1439 587 1796 662 legislationis
1846 586 2087 640 futurum

2199 583 2346 636 πίσει
2380 582 2530 652 αὑτῷ
2569 581 2669 652 τὴν
2717 581 2836 635 ὁδὸν
2877 583 2971 635 τοῦ
3014 581 3372 650 Εὐαγγέλίου,
3418 579 3513 633 καὶ
3559 579 3641 632 ὅτι
3687 582 3773 632 iv.

509 687 890 745 eratinitium.
924 700 1044 754 qua:
1073 686 1256 740 omnia
1299 687 1370 742 ita
1395 685 1534 740 facta
1567 693 1718 739 sunt.
1770 683 1906 736 Cum
1941 679 2087 734 enim

2199 673 2386 726 τιῦθεν
2412 673 2565 725 ἔσται
2605 671 2748 743 ἀρχὴ
2793 673 2894 743 τῆς
2925 672 3050 735 νέας
3089 672 3431 742 νομοθεσίας.
3479 671 3676 740 Γέγονε
3715 674 3771 725 δὲ

509 777 749 832 Joannes
787 785 914 830 ante
962 776 1291 832 Salvatorem
1355 778 1419 832 ad
1475 775 1768 831 Jordanem
1827 770 2092 832 venisset,

508 886 574 924 ac
610 869 984 939 paenitentiam
1025 869 1392 938 praedicasset,
1444 869 1499 924 in
1562 866 1850 922 animabus
1904 861 2084 917 homi-

511 977 640 1016 num
683 961 1164 1016 fundamentorum
1197 963 1314 1018 loca
1370 962 1550 1025 fodit;
1635 960 1860 1014 veniens
1907 966 2090 1011 autem

509 1050 782 1116 Christus,
818 1049 944 1104 ﬁdei
983 1052 1166 1120 posuit
1195 1049 1575 1116 fundamenta,
1609 1061 1916 1117 novamque
1948 1045 2084 1100 aedi-

513 1142 691 1195 "cavit
722 1140 1138 1210 lcgislationem.
1175 1141 1311 1197 Cum
1345 1151 1524 1198 autem
1555 1140 1783 1196 dixisset
1805 1178 1820 1200 .
1859 1136 2088 1192 Initium

509 1230 805 1300 Evangelii,
843 1230 918 1285 ita
971 1231 1174 1286 iactum
1244 1247 1386 1298 esse,
1433 1229 1892 1302 quemadmodum
1956 1231 2094 1284 scri-

512 1333 663 1394 ptum
690 1334 772 1380 est
807 1325 859 1378 in
911 1327 1216 1397 prophetis.
1247 1327 1446 1382 deinde
1505 1327 1824 1397 prophetica
1879 1339 2097 1396 qucque

511 1412 657 1469 iiicta
701 1417 1034 1490 adduxisset,
1073 1428 1476 1488 consequenter
1533 1419 1728 1472 nititur
1764 1419 1910 1488 quod
1969 1433 2096 1486 pro-

510 1509 696 1577 posuit
760 1509 1159 1576 demonstrare,
1214 1521 1271 1566 et
1327 1510 1521 1581 incipit
1592 1526 1655 1566 ea
1715 1511 1921 1574 dicere,
1979 1524 2098 1579 qua:

510 1601 654 1681 ‘irca
711 1601 976 1656 Joannem
1047 1601 1270 1657 fuerunt
1336 1620 1352 1658 :
1423 1603 1696 1674 quomodo
1750 1603 1962 1658 venerit
2029 1602 2095 1657 ad

510 1690 845 1758 Jordanem;
905 1694 1176 1760 quomodo
1244 1693 1644 1763 prmdicaverit,
1711 1703 1765 1749 et
1814 1702 1872 1748 ut
1921 1693 2089 1748 semel

512 1784 713 1848 dicam,
759 1786 1037 1853 quomodo
1085 1786 1298 1839 initium
1327 1786 1604 1857 Evangelii
1646 1785 1831 1842 fuerit.
1862 1785 1929 1840 Et
1971 1786 2094 1855 quia

2195 753 2377 833 πάντα
2429 764 2626 826 οὕτως.
2678 763 2737 817 '0
2770 765 2880 834 γὰρ
2918 765 3210 834 Ἰωάννης,
3238 764 3345 828 πρὸ
3385 762 3476 816 τοῦ
3515 762 3771 832 Σωτῆρος

2196 853 2368 908 ἐλθὼν
2407 855 2500 908 ἐπὶ
2531 855 2624 908 τὸν
2685 852 2984 925 Ἰορδάνην,
3017 853 3112 907 καὶ
3165 853 3409 923 κηρύξας
3453 853 3768 923 μετάνοιαν,

2195 945 2406 1017 ὤρυξεν
2445 949 2503 1000 ὲν
2552 946 2674 1008 ταῖς
2714 944 2921 1016 ψυχαῖς
2970 946 3079 997 τῶν
3113 943 3421 1014 ἀνθρώπων
3455 946 3653 1008 τόπους
3686 945 3778 999 θεο

2199 1040 2426 1111 μελίων·
2475 1039 2926 1108 παραγενόμενος
2967 1035 3024 1090 δὲ
3068 1037 3098 1087 ὁ
3134 1035 3391 1106 Χριστὸς,
3439 1033 3661 1088 ἐνέὸαλε
3706 1035 3775 1089 τὰ

2197 1132 2425 1201 θεμέλια
2474 1132 2573 1200 τῆς
2612 1129 2872 1193 πίστεως,
2919 1129 3014 1180 καὶ
3050 1125 3370 1197 ᾠκοδόμησε
3401 1127 3498 1197 τὴν
3525 1128 3652 1182 νέαν
3681 1143 3772 1182 νο-

2200 1223 2483 1294 μοθεσίαν.
2515 1219 2701 1276 Εἰπὼν
2728 1221 2784 1274 δὲ
2805 1222 2832 1274 ὁ
2855 1222 3102 1288 Μάρκος,
3124 1221 3208 1273 ὃτι
3251 1217 3432 1288 Ἀρχὴ
3460 1220 3566 1273 τοῦ
3585 1221 3775 1290 Eiur-

2197 1317 2403 1384 γελίου
2438 1314 2580 1368 οὕτω
2614 1313 2862 1382 γέγονεν,
2914 1312 2992 1375 ὼς
3034 1312 3348 1383 γέγραπται
3399 1312 3456 1364 έν
3489 1313 3602 1376 τοῖς
3633 1329 3773 1382 προ-

2197 1410 2418 1478 φήταιςο
2455 1404 2576 1462 εἶτα
2615 1405 2966 1477 παραγαγὼν
2998 1405 3096 1458 καὶ
3122 1404 3192 1458 τά
3244 1407 3561 1477 προφητικά
3609 1403 3774 1476 ρητά,

2195 1500 2386 1554 λοιπὸν
2429 1488 2705 1570 ἐπιχειρεῖ
2727 1498 3140 1563 ἀποδεικνύειν,
3165 1495 3194 1549 ὃ
3219 1496 3502 1566 προέθετο,
3537 1497 3634 1576 και
3668 1497 3775 1568 ἀρ-

2196 1609 2352 1663 χεται
2378 1592 2560 1660 λέγειν
2591 1592 2658 1645 τά
2692 1590 2836 1645 κατά
2862 1589 2958 1642 τὸν
3002 1590 3282 1661 Ἰωάννην,
3317 1585 3655 1662 ὃπως-ἦλθεν
3680 1589 3775 1643 ἐπὶ

2197 1686 2289 1738 τὸν
2332 1685 2632 1757 Ἰορδάνην,
2691 1686 2840 1747 ὅπως
2876 1683 3136 1759 ἐκήρυξε,
3177 1683 3274 1737 καὶ
3312 1682 3524 1747 ἀπλῶς,
3555 1683 3703 1745 ὅπως
3739 1683 3775 1752 ἡ

2199 1778 2343 1848 ἀρχὴ
2377 1779 2473 1830 τοῦ
2509 1777 2851 1846 Εὐαγγελίου
2909 1777 3156 1844 γέγονεν.
3213 1775 3366 1828 Ἐπεὶ
3390 1774 3447 1828 δὲ
3473 1777 3501 1829 ὁ
3544 1775 3775 1845 Μάρκος

510 1875 725 1928 Marcus
789 1875 1079 1930 admodum
1119 1875 1372 1930 Mattlueo
1441 1877 1742 1931 conformis
1795 1883 1900 1940 est,
1954 1878 2092 1931 sicut

2201 1873 2344 1938 ἄγαν
2370 1871 2657 1941 συμφωνεῖ
2681 1869 2758 1938 τῷ
2787 1867 3077 1938 Ματθαίῳ,
3129 1865 3312 1930 καθὼς
3353 1868 3412 1920 ιν
3464 1864 3776 1936 προοιμίοις

514 1968 566 2021 in
613 1967 881 2038 principio
918 1966 1299 2032 indicavimus,
1342 1983 1463 2037 quae
1512 1968 1655 2038 apud
1705 1968 1857 2023 illum
1887 1937 2092 2022 deela-

2202 1937 2697 2029 ἐπεσημηνάμεθα,
2753 1959 2854 2011 ὅσα
2889 1959 2988 2028 μὲν
3027 1937 3085 2010 έν
3132 1957 3328 2028 ἐκεινῳ
3373 1955 3775 2029 διηρμηνεύθη,

514 2069 629 2112 rata
684 2067 812 2112 sunt
889 2060 1390 2127 praetermittemus,
1433 2067 1696 2128 tanquam
1754 2059 1867 2128 jam
1922 2058 2097 2113 mani-

513 2150 650 2204 festa
685 2168 701 2204 :
727 2150 830 2203 hoc
860 2157 1066 2203 tantum
1103 2149 1159 2204 in
1188 2163 1518 2219 unoquoque
1547 2149 1669 2204 loco
1699 2150 2095 2220 signiﬁcantes,

511 2245 657 2313 quod
685 2244 752 2298 de
786 2259 851 2297 co
877 2243 928 2296 in
963 2252 1114 2296 certo
1148 2243 1387 2312 quodam
1420 2243 1596 2312 capite
1627 2242 1831 2297 dictum
1893 2245 1983 2297 sit.
2016 2241 2096 2298 Tu

513 2351 642 2406 ergo
691 2345 852 2403 caput
879 2333 1058 2388 statim
1089 2335 1338 2404 quatrito,
1367 2351 1432 2390 ac
1472 2334 1648 2389 donec
1700 2337 1841 2404 quod
1896 2335 2096 2404 quaeris

514 2428 782 2490 invenias,
807 2425 1090 2496 perlegito.
1123 2426 1206 2479 Ad
1245 2440 1308 2478 ea
1340 2427 1504 2495 igitur
1553 2427 1607 2479 in
1661 2428 1861 2496 quibus
1914 2429 2099 2481 varius

514 2528 618 2578 est,
648 2518 1046 2586 espositionem
1087 2513 1348 2584 deinceps
1384 2515 1740 2569 deducamus.

586 2607 628 2678 1-
683 2609 830 2662 Idem
867 2622 1084 2677 quoque
1125 2615 1181 2661 et
1216 2607 1286 2661 de
1350 2608 1561 2662 caeteris
1620 2608 1970 2679 erangelistis
2012 2609 2096 2662 di-

517 2701 776 2756 cendum.

586 2791 742 2846 Vers.
773 2791 827 2847 4.
855 2789 983 2844 Fuit
1007 2819 1076 2830 -
1102 2799 1460 2860 peccatorum.
1494 2788 1643 2855 Fuit,
1683 2791 1785 2846 hoc
1808 2803 1912 2856 est,
1944 2792 2093 2846 Erat.

513 2881 667 2948 Quod
703 2891 882 2936 autem
914 2882 998 2936 hic
1025 2881 1354 2950 baptismum
1385 2883 1720 2951 pmnitentiaa
1762 2882 2098 2952 praedicave-

515 2974 608 3039 rit,
647 2971 998 3028 manifestum
1027 2983 1110 3027 est
1142 2981 1256 3027 tum
1285 2973 1352 3027 ab
1387 2973 1470 3028 his
1508 2988 1629 3044 quae
1673 2973 1827 3040 dixit,
1883 2984 1996 3030 tum
2029 2977 2098 3031 ab

517 3065 602 3119 his
650 3078 772 3131 quae
804 3074 1062 3135 Oper-alus
1115 3071 1216 3118 est.
1265 3062 1591 3135 Prmcipiens
1633 3067 1803 3133 enim,
1838 3075 1897 3121 ut
1946 3068 2097 3138 ipsos

514 3156 833 3226 pmiiiteret,
874 3156 1168 3226 baptizavit
1205 3171 1298 3211 eos
1328 3157 1420 3226 qui
1483 3157 1900 3227 resipiscebant.
1929 3158 2087 3225 Quod

2201 2055 2545 2124 παρήσομεν,
2575 2055 2651 2117 ὡς
2686 2053 2797 2124 ἠδη
2839 2054 3266 2121 σαφηνισθέντα,
3294 2053 3455 2106 τοῦτο
3479 2054 3640 2123 μόνον
3678 2070 3779 2122 ση-

2205 2145 2528 2216 μειούμενοι
2596 2145 2683 2214 ἐφ’
2749 2147 2966 2214 ἑκάστῳ
3027 2145 3259 2209 τούτων,
3307 2145 3390 2198 ὅτι
3453 2143 3777 2215 προείρηται

2204 2239 2334 2309 περὶ
2377 2237 2573 2290 τούτου
2610 2241 2669 2291 ἐν
2702 2237 2779 2307 τῷ
2827 2237 2960 2290 δεῖνι
3008 2237 3310 2307 κεφαλαίῳ.
3363 2238 3436 2290 Σὺ
3475 2237 3531 2291 δὲ
3572 2237 3776 2290 αὐτίκα

2202 2329 2438 2399 ζήτησον
2468 2328 2648 2382 ἐκεῖνο
2688 2327 2750 2381 τὸ
2782 2327 3108 2396 κεφάλαιον.
3145 2329 3240 2381 καὶ
3287 2325 3564 2395 ἀνάγνωθι
3620 2326 3779 2380 τοῦτο

2205 2423 2400 2491 μέχρις
2436 2422 2502 2473 ἂν
2532 2421 2792 2490 εὑρήσεις
2829 2421 2889 2473 τὸ
2920 2420 3269 2491 ζητούμενιν.
3304 2420 3448 2472 Ὅσα
3475 2419 3533 2472 δὲ
3566 2418 3780 2489 παραλ·

2201 2512 2408 2577 λάττίι,
2429 2513 2610 2566 ’ταῦτα
2647 2513 2836 2566 λοιπὸν
2874 2513 3174 2582 ἀγάγωμεν
3222 2514 3302 2576 εἰς
3353 2515 3635 2583 ἐξήγησιν.

2272 2607 2346 2659 Τὸ
2373 2606 2504 2660 αὐτὸ
2535 2606 2629 2658 καὶ
2660 2605 2880 2657 ἐπὶτῶν
2912 2603 3039 2671 ἑξῆς
3068 2605 3494 2672 τὺαγγελιστῶν.

2289 2780 2558 2849 Ἐγένετο
2585 2810 2648 2820 ··-
2674 2778 2995 2848 ἁμαρτιῶν·
3037 2780 3326 2850 Ἐγένετο,
3363 2782 3482 2833 ἀντὶ
3502 2780 3616 2845 τοῦ,
3649 2777 3777 2836 Ἦν,

2214 2874 2356 2926 Ἀλλ’
2392 2875 2469 2926 ὅτι
2509 2873 2609 2943 μὲν
2639 2867 2792 2938 οὗτος
2824 2875 3170 2944 κατήγγελλε
3207 2873 3495 2944 βάπτισμα
3529 2877 3752 2944 μετανοί

2202 2985 2288 3032 ας,
2316 2967 2499 3038 δῆλον,
2520 2968 2613 3034 ἀφ’
2638 2961 2712 3021 ὧν
2735 2984 2793 3019 τε
2818 2969 3026 3045 ἔλεγεν,
3056 2968 3147 3036 ἀφ’
3165 2963 3239 3021 ὧν
3265 2985 3322 3021 τε
3348 2969 3641 3039 ἔπραττεν·
3698 2971 3780 3023 έν.

2199 3060 2522 3131 τελλόμενος
2545 3061 2654 3130 γὰρ
2681 3063 2985 3130 μετανοεῖν,
3005 3061 3267 3126 ὲσάπτιζε
3299 3063 3423 3126 τοὺς
3450 3061 3780 3131 μετανοοῦν-

2201 3169 2320 3216 τας·
2361 3153 2444 3206 ὅτι
2475 3152 2532 3206 δὲ
2561 3153 2622 3204 τὸ
2657 3152 2967 3222 βάπτισμα,
3001 3153 3029 3206 ὃ
3055 3152 3370 3220 ἐϐάπτιζεν,
3403 3158 3463 3209 οὐ
3512 3159 3775 3228 παρεῖχεν

518 3259 698 3303 tamen
731 3250 1054 3318 baptismus.
1090 3263 1196 3319 quo
1236 3248 1568 3319 baptizabat,
1601 3265 1711 3305 non
1767 3250 2090 3307 conferebat

2200 3245 2398 3313 ἄφεσιν
2446 3243 2754 3314 ἀμαρτιῶν,
2778 3245 2980 3313 ὁμοίως
3007 3246 3258 3316 φανερόν.
3285 3248 3356 3299 Τὸ
3387 3247 3489 3317 μὲν
3523 3249 3634 3320 γὰρ
3663 3249 3774 3303 Ἰως-

517 3349 861 3408 peccatorum
923 3341 1316 3404 remissionem,
1395 3341 1653 3396 similiter
1742 3343 2092 3399 manifestum

514 3441 598 3484 est
628 3447 642 3484 :
676 3430 941 3499 siquidem
971 3431 1276 3501 haptismus
1324 3431 1552 3487 Joannis
1612 3435 1951 3502 pcenitentiaa
2000 3451 2092 3491 so-

520 3525 634 3578 lum
666 3534 781 3578 crat
803 3542 818 3591 ;
843 3524 1046 3578 Christi
1077 3539 1206 3579 vero
1235 3526 1540 3594 baptismus
1583 3527 1921 3583 remissionis
1954 3539 2092 3584 erat.

516 3613 688 3681 Quam
731 3629 920 3668 eorum
976 3615 1339 3669 differentiam
1383 3617 1500 3687 ipse
1557 3622 1871 3676 Prmcursor
1910 3619 2095 3673 docuit

514 3700 703 3753 dicens
744 3713 755 3750 :
788 3697 899 3768 Ego
947 3699 1158 3768 quidem
1193 3699 1398 3767 baptizo
1429 3719 1514 3757 vos
1546 3707 1598 3757 in
1630 3721 1794 3774 aqua,
1846 3703 2092 3758 videlicet

514 3791 696 3856 nuda;
729 3791 837 3858 ipse
866 3802 1044 3844 autem
1075 3785 1362 3860 baptizabit
1413 3811 1498 3848 vos
1529 3797 1584 3849 in
1618 3793 1824 3864 Spiritu
1887 3807 2092 3850 sancto.

488 3883 654 3937 .Ante
690 3881 1032 3936 Salvatorem
1065 3886 1210 3952 enim
1264 3902 1529 3955 nusquam
1565 3897 1789 3958 apparet
1834 3889 1958 3942 data
2010 3904 2097 3943 re-

515 3976 708 4028 missio
775 3967 1149 4044 peccatoruin,
1229 3978 1322 4032 scd
1391 3980 1600 4047 primus
1675 3979 1927 4035 Christus
1998 3981 2101 4037 lu-c

511 4069 714 4120 donum
777 4066 1000 4136 largitus
1053 4076 1140 4121 est
1193 4083 1290 4137 per
1365 4071 1628 4140 seipsum,
1677 4083 1732 4126 et
1787 4089 1885 4143 per
1933 4090 2095 4130 suum

513 4158 801 4226 baptisma.
842 4155 1187 4212 Manifestum
1241 4169 1327 4215 est
1399 4177 1529 4232 ergo
1582 4161 1848 4238 baptisma
1916 4163 2092 4219 Joan-

509 4252 596 4302 nis
673 4249 1120 4318 praeparationem
1211 4251 1382 4306 fuisse
1469 4254 1534 4306 ad
1616 4267 1972 4324 peccatorum
2009 4274 2096 4311 re-

512 4337 850 4398 missionem.
903 4338 1129 4407 Oportet
1169 4342 1408 4394 enimut
1467 4355 1807 4412 peccatorem
1857 4348 2092 4416 primum

512 4431 794 4500 pmniteat,
826 4429 1024 4486 deinde
1056 4433 1432 4488 remissionem
1477 4436 1829 4505 adipiscatur.

586 4519 692 4575 Sed
740 4522 851 4591 jam
886 4522 1164 4577 videamus
1190 4527 1316 4592 quid
1351 4526 1690 4598 Evangelista
1715 4530 1864 4584 dicat
1902 4549 1914 4585 :
1950 4531 2092 4597 Fuit,

2202 3337 2361 3390 άννου
2387 3335 2696 3405 βάπτισμα,
2735 3337 3026 3404 μετανοίας
3055 3332 3121 3406 ἧν
3147 3338 3329 3406 μόνον·
3355 3339 3411 3391 τὸ
3433 3339 3489 3392 δὲ
3517 3340 3611 3393 τοῦ
3639 3341 3776 3411 Χριο

2201 3429 2352 3494 στοῦ,
2375 3428 2534 3482 τοῦτο
2554 3424 2622 3500 ἦν
2641 3428 2913 3498 ἀφέσεως.
2944 3428 3055 3482 Καὶ
3072 3431 3278 3483 τούτων
3294 3431 3393 3501 τὴν
3408 3431 3671 3503 διαφορὰν
3687 3435 3776 3487 αὑ-

2197 3525 2287 3583 τὸς
2307 3523 2337 3574 ὀ
2355 3519 2675 3591 119689090,-
2695 3519 2939 3584 ἐδίδαξεν
2968 3521 3159 3574 εἰπών·
3188 3523 3333 3592 Ἐγὼ
3352 3523 3468 3591 μὲν
3483 3524 3774 3580 ἐϐάπτισα

2198 3615 2355 3683 ὑμᾶς
2384 3616 2454 3670 ἐν
2478 3615 2670 3680 ὕδατι,
2701 3614 2924 3684 δηλαδὴ,
2959 3614 3118 3686 ψιλῷ-
3151 3617 3330 3682 αὑτὸς
3369 3616 3436 3670 δὲ
3483 3617 3773 3681 ,βαπτίσει

2199 3704 2449 3776 ὐμᾶςὲν
2479 3705 2783 3775 Ιινεύματι
2822 3706 2988 3774 ἁγίῳ.
3049 3704 3160 3775 Πρὸ
3211 3706 3321 3775 γὰρ
3365 3705 3458 3759 τοῦ
3497 3707 3771 3778 Σωτῆρος,

2198 3797 2436 3869 οὐδαμοῦ
2493 3797 2748 3867 φαίνεται
2803 3796 3019 3850 δοθεῖσα
3067 3797 3262 3866 ἄφεσις
3309 3797 3621 3869 ἁμαρτιῶν,
3657 3799 3772 3852 ἀλλ’

2200 3888 2362 3951 αὐτὸς
2395 3888 2610 3959 πρῶτος
2640 3889 2667 3939 ὀ
2697 3887 2934 3956 Χριστὸς
2967 3885 3127 3940 τοῦτο
3157 3887 3219 3938 τὸ
3245 3887 3413 3957 δῶρον
3452 3890 3772 3960 ἐχαρίσατο,

2198 3981 2288 4034 διά
2321 3998 2380 4033 τε
2414 3978 2610 4033 ἑαυτοῦ
2634 3977 2730 4032 καὶ
2759 3979 2846 4031 διὰ
2873 3978 2967 4030 τοῦ
3003 3979 3136 4032 ἰδίου
3170 3961 3565 4049 βαπτίσματος.
3603 3981 3771 4050 Δῆλον

2198 4069 2314 4132 οὖν.
2349 4073 2528 4124 ὅτιτὸ
2575 4071 2860 4142 βάπτισμα
2923 4072 3173 4124 Ἰωάννου
3221 4074 3655 4145 προπαρασκευὴ
3704 4072 3772 4147 ἦν

2199 4168 2298 4235 τῆς
2331 4167 2579 4234 ἀφέσεως
2609 4164 2718 4218 τῶν
2754 4165 3060 4233 ἁμαρτιῶν.
3110 4166 3201 4216 Δεῐ
3226 4164 3335 4234 γὰρ
3365 4166 3454 4217 τὸν
3508 4166 3772 4236 ἀμαρτωο

2199 4257 2289 4310 λὸν
2319 4256 2650 4326 μετανοῆσαι
2688 4255 2927 4326 πρῶτον,
2956 4250 3075 4306 εἶτα
3107 4260 3290 4324 τυχεῖν
3310 4255 3581 4323 ἀφέσεως.

2285 4525 2424 4578 Ἀλλ’
2461 4525 2662 4594 ἴδωμεν
2689 4519 2866 4590 αὖθις,
2893 4525 2945 4576 τί
2977 4540 3141 4594 φησιν
3165 4525 3192 4577 ὁ
3219 4525 3628 4598 εὐαγγελιστής·
3679 4528 3771 4580 ‘E-

513 4612 711 4679 inquit,
743 4611 977 4665 Joannes
1024 4613 1300 4681 baptizans
1359 4617 1412 4668 in
1452 4617 1679 4683 deserto,
1717 4630 1764 4673 et
1798 4624 2091 4688 prwdicans

2199 4620 2403 4689 γένετο
2445 4618 2727 4683 Ἰωάννης
2747 4617 3140 4682 βαπτίζων-ἐν
3165 4616 3236 4686 τῇ
3268 4618 3483 4688 ἐρήμῳ,
3525 4621 3621 4674 καὶ
3661 4639 3768 4686 κη-

515 4704 828 4772 baptismum
875 4706 1189 4772 ρωηὶιειιιὶίε
1214 4706 1267 4757 in
1316 4709 1670 4762 remissionem
1729 4717 2085 4776 peccatorum.

513 4792 632 4848 Non
660 4795 824 4854 dixit.
865 4795 1212 4851 Pmnitentise
1242 4807 1296 4851 et
1329 4799 1668 4853 remissionis
1721 4812 2090 4871 peccatorum,

512 4900 583 4938 ne
630 4895 788 4954 putes
826 4885 955 4938 illud
1003 4886 1268 4955 baptisma
1311 4888 1687 4945 remissionem
1723 4908 1943 4963 quoque
1982 4894 2091 4947 tri-

513 4976 716 5042 buisse,
764 4978 857 5032 sed
909 4977 1114 5033 addidit
1151 4997 1164 5033 :
1197 4978 1264 5033 In
1318 4982 1671 5036 remissionem
1732 4995 2088 5050 peccatorum,

515 5069 619 5122 hoc
675 5078 777 5132 cst,
821 5067 1047 5140 Propter
1118 5072 1514 5126 remissionem.
1576 5073 1707 5128 Nam
1763 5078 2093 5145 praedicabat

514 5160 890 5228 pmnitcntiam
927 5177 1086 5216 causa
1150 5164 1511 5228 remissionis,
1569 5176 1628 5219 ut
1672 5184 1766 5234 per
1822 5170 2090 5238 poeniten-

517 5250 645 5303 tiam
673 5251 740 5305 de
773 5256 1012 5320 peccatis
1044 5254 1316 5326 redarguti
1343 5270 1406 5309 ac
1437 5263 1767 5324 compuncti,
1805 5275 1928 5313 eum
1985 5261 2090 5315 fer-

513 5353 707 5398 venter
735 5357 1062 5412 quaarerent,
1094 5349 1186 5416 qui
1226 5348 1360 5401 tollit
1387 5362 1675 5417 peccatum
1734 5353 1944 5416 mundi,
1980 5371 2088 5422 quo

513 5444 806 5503 apparentc
846 5446 1249 5504 procurrerent,
1279 5452 1341 5492 ac
1402 5449 1748 5508 peccatorum
1808 5442 2087 5498 remissio-

510 5539 635 5579 nem
675 5525 743 5578 ab
775 5541 838 5579 eo
869 5526 1201 5582 acciperent.

2193 4712 2448 4777 ρύσσων
2479 4710 2793 4778 βάπτισμα
2831 4709 3152 4778 μετανοίας
3180 4714 3258 4775 εὶ,
3317 4710 3536 4778 ἄφεσιν
3587 4713 3769 4780 ἀμαρ-

2202 4803 2361 4858 τιῶν.
2385 4804 2502 4855 Οὐκ
2528 4799 2650 4854 εἷπε
2685 4804 2790 4854 Καὶ
2830 4803 3079 4871 ἀφέσεως
3109 4803 3424 4884 ἀμμρτιῶν,
3455 4805 3542 4856 ἵνα
3577 4805 3651 4874 μὴ
3683 4823 3764 4856 νο-

2204 4897 2389 4968 μίσῃς,
2445 4897 2529 4948 ὅτι
2580 4896 2642 4946 τὸ
2690 4894 2932 4946 τοιοῦτον
2975 4895 3257 4964 βάπτισμα
3293 4894 3366 4965 (6)
3401 4899 3627 4966 παρεῖχε
3676 4900 3769 4949 καὶ

2200 4987 2394 5055 ἄφεσιν
2414 5002 2426 5014 ·
2462 4984 2598 5038 ἀλλὰ
2629 4985 2994 5055 προσέθηκεν,
3019 4988 3100 5038 ὅτι
3126 4987 3203 5050 εις
3233 4986 3426 5056 ἀφεσιν
3459 4988 3764 5057 ἁμαρτιῶν,

2198 5081 2472 5144 τουτέστι,
2521 5081 2611 5133 διὰ
2667 5082 2884 5147 ἄφεσιν.
2957 5079 3261 5150 Ἐκήρυσσε
3316 5081 3424 5151 γὰρ
3481 5081 3768 5150 μετάνοιαν

2197 5171 2385 5224 ἕνεκεν
2413 5170 2684 5238 ἀφέσεως,
2720 5169 2811 5224 ἵνα
2846 5173 2910 5241 τῇ
2947 5169 3213 5241 μετανοίᾳ
3233 5171 3598 5234 καταγνόντες
3642 5171 3766 5222 ἑαυ-

2195 5265 2322 5323 τῶν.
2357 5263 2448 5314 καὶ
2475 5263 2901 5328 κατανυγέντες,
2942 5263 3027 5328 ἐφ’
3059 5255 3140 5323 οἷς
3172 5263 3441 5330 ἥμαρτον,
3485 5261 3763 5330 ζητήσωσι

2195 5353 2411 5425 θερμῶς
2440 5356 2530 5407 τὸν
2567 5354 2796 5424 αἴροντα
2829 5353 3237 5430 τὴναμαρτὶαν
3271 5351 3366 5402 τοῦ
3395 5351 3625 5420 κόσμου,
3672 5353 3764 5402 καὶ

2194 5447 2416 5516 φανέντι
2448 5447 2865 5516 προσδράμωσι,
2908 5447 3007 5498 κατ
3038 5445 3245 5497 λάϐωσι
3271 5443 3400 5512 παρ’
3437 5443 3603 5496 αὐτοῦ
3657 5445 3755 5512 τὴν

2190 5538 2387 5606 ἄφεσιν
2414 5538 2520 5589 τῶν
2555 5540 2667 5606 ἅμα
2678 5538 2862 5607 ρτιῶν.

1709 5753 1907 5815 Varite
1947 5754 2245 5816 .ectiono's
2278 5763 2335 5816 ct
2369 5764 2558 5820 noue.

585 5912 662 5982 (6)
701 5913 773 5965 Τὸ
801 5914 1040 5970 τοιοῦτον
1077 5915 1384 5987 βάπτισμα,
1411 5915 1494 5968 ὅτι
1541 5915 1593 5981 B,
