4032 6460
472 422 581 484 775

1715 412 2097 477 EUTHYMH
2141 412 2507 478 ZIGABENI

3630 414 3742 481 776

547 537 696 593 Vers.
742 537 828 592 ll.
880 537 947 591 Et
1000 534 1590 604 vox—complacitum
1642 542 1740 587 est.
1773 532 1829 585 In
1881 531 2058 585 Evan-

2239 534 2346 586 Kal
2366 533 2535 601 φωνὴ
2560 564 2612 573 —--
2654 536 2982 601 εὺδόκησα.
3034 532 3124 587 Ἐν
3149 532 3224 603 τῷ
3268 535 3409 587 κατὰ
3458 534 3745 588 Ματθαῖον

469 628 612 696 gelio
671 629 826 698 juxta
890 627 1202 682 Matthaeum
1276 626 1541 695 scriptum
1614 633 1699 681 cst
1748 642 1761 677 :
1818 623 1915 675 Hic
1984 632 2058 675 est

470 720 638 775 Filius
670 737 812 775 meus
841 724 905 774 ι’.
957 720 1171 775 Marcus
1242 728 1422 772 autem
1471 727 1525 772 et
1574 715 1749 771 Lucas
1803 715 2053 769 habent:

472 809 545 863 Tu
572 828 625 864 es
652 809 825 864 Filius
851 827 995 865 meus
1018 811 1078 864 ".
1109 810 1249 877 Quid
1277 824 1407 881 ergo
1428 807 1715 885 dicemus?
1744 806 1887 860 Nihil
1910 806 2057 861 aliud

469 918 634 972 quam
669 904 811 972 quod
841 905 984 973 apud
1017 904 1330 958 Matthmum
1367 903 1609 958 diximus
1645 918 1659 955 :
1704 901 1849 970 quod
1880 915 2054 954 evan-

468 998 673 1069 gelista:
704 995 983 1051 interdum
1039 996 1260 1066 quidem
1304 997 1515 1064 integre
1569 992 1885 1063 hujusmodi
1936 1005 2059 1045 ver-

474 1090 670 1141 borum
708 1088 1049 1141 menlionem
1092 1086 1302 1143 faciunt
1347 1104 1361 1140 :
1394 1084 1726 1155 quandoque
1757 1097 1891 1137 vero
1925 1096 2057 1157 sen-

470 1176 697 1229 tentiam
729 1176 947 1242 quidem
980 1180 1201 1232 servant
1236 1178 1500 1246 integram
1532 1189 1548 1227 :
1579 1172 1842 1243 quasdam
1872 1180 2056 1225 autem

470 1266 742 1322 dictiones
780 1282 889 1321 non
945 1278 1205 1323 curantes
1256 1268 1576 1328 immutant,
1608 1264 1740 1319 dum
1779 1264 1884 1317 hoc
1934 1277 2054 1317 ser-

469 1359 619 1411 moni
652 1359 788 1413 nihil
820 1368 1006 1429 potest
1034 1360 1253 1423 obesse,
1285 1357 1431 1428 quod
1480 1372 1582 1427 pro
1639 1370 1751 1410 una
1810 1354 2059 1409 dictione

466 1449 575 1503 alia
606 1449 751 1503 idem
787 1450 1105 1518 signiﬁcans
1139 1450 1449 1507 adducitur.
1484 1449 1620 1505 Nam
1653 1449 1797 1503 idem
1829 1446 2059 1502 demon-

468 1548 645 1593 Strant
673 1539 775 1602 Hic
808 1551 865 1596 et
886 1526 1005 1597 'Tu.
1896 1544 1903 1548 ’

551 1632 791 1688 Rursum
848 1634 1029 1689 simile
1083 1635 1341 1704 estquod
1394 1633 1684 1689 Matthzeus
1732 1642 1787 1686 et
1843 1632 2058 1685 Marcus

467 1724 814 1793 scripserunt
846 1743 857 1778 :
881 1725 947 1779 In
974 1741 1078 1795 quo
1095 1726 1222 1777 mihi
1252 1726 1378 1779 bene
1398 1724 1775 1795 complacitum
1793 1732 1869 1779 est
1896 1722 1965 1787 i",
2002 1730 2058 1776 et

466 1816 612 1884 quod
648 1815 824 1869 Lucas
851 1827 866 1872 :
898 1814 964 1868 In
990 1825 1037 1869 te
1072 1816 1198 1868 mihi
1223 1814 1350 1869 bene
1380 1815 1763 1885 complacitum
1785 1824 1861 1868 est
1892 1815 1960 1866 ".
1992 1813 2058 1867 Et

468 1908 557 1961 hic
595 1908 692 1962 tibi
715 1923 895 1962 canon
926 1909 1201 1976 generalis
1228 1919 1351 1964 esto
1375 1908 1444 1963 ad
1473 1910 1659 1963 omnia
1690 1909 1914 1963 similia.

538 1999 693 2054 Ve'rs.
740 2001 827 2053 12.
850 2033 919 2044 —
938 2002 1258 2072 Statimque.
1285 2003 1437 2058 Vers.
1469 2003 1563 2059 i5.
1586 2000 1818 2057 Satana.
1852 2001 2061 2058 Dictum

463 2100 549 2145 est
578 2090 647 2145 de
686 2091 774 2146 his
801 2093 1140 2164 tertiojuxta
1175 2094 1491 2149 Matthaaum
1527 2094 1727 2163 capite.
1755 2094 1849 2149 Ille
1880 2106 2060 2149 tamen

467 2183 631 2237 simul
662 2193 718 2238 et
748 2181 924 2239 Lucas
960 2186 1256 2240 dixerunt:
1295 2188 1340 2238 A
1361 2185 1575 2239 diabolo
1606 2187 1647 2243 ⁸9
1680 2228 1695 2252 ,
1736 2186 1827 2241 hic
1850 2195 2059 2251 autem,

470 2275 515 2327 Α
534 2274 762 2328 Salaria.
791 2277 928 2331 Cum
957 2279 1105 2331 enim
1144 2279 1360 2333 daemon
1384 2280 1558 2332 multa
1598 2278 1799 2334 habeat
1814 2280 2059 2342 nomina,

470 2367 612 2421 etab
632 2382 973 2438 unaquaque.
994 2370 1201 2423 malitia
1232 2385 1331 2423 sua
1347 2372 1579 2440 recipiat
1597 2372 2021 2441 appellationem
2044 2390 2057 2426 :

469 2459 543 2513 illi
574 2460 796 2529 quidem
823 2476 995 2515 unum
1037 2471 1363 2531 posuerunt,
1395 2465 1481 2517 hic
1517 2478 1647 2518 vero
1670 2464 1839 2518 aliud.

539 2618 727 2675 Dictus
768 2628 855 2675 est
907 2628 1090 2673 autem
1137 2618 1392 2686 Satanas,
1453 2622 1559 2676 hoc
1600 2631 1684 2675 est
1717 2622 2057 2687 contrarius,

469 2709 603 2765 Nam
638 2709 750 2764 Deo
803 2710 1115 2765 contrarius
1140 2720 1226 2765 est
1271 2710 1507 2777 daemon,
1544 2719 1599 2766 et
1647 2713 1922 2767 contraria
1952 2724 2063 2769 sta-

471 2810 655 2856 tuens.

545 2892 693 2947 Vers.
732 2893 817 2947 l3.
859 2892 928 2946 Et
956 2902 1071 2947 erat
1094 2910 1212 2947 cum
1237 2894 1439 2949 bestiis.
1476 2895 1766 2951 Matthazus
1797 2907 1853 2951 et
1884 2896 2063 2951 Lucas

468 3003 669 3059 genera
699 3003 919 3057 quoque
946 2989 1315 3044 tentationum
1364 2988 1706 3060 scripserunt
1734 2993 1797 3046 ”.
1846 2992 2062 3048 Marcus

470 3096 598 3133 tero
651 3095 777 3134 cum
843 3095 1008 3151 supra
1052 3091 1285 3136 caeteros
1312 3082 1597 3137 brevitatis
1645 3094 1793 3138 esset
1824 3094 2059 3149 amator,

466 3174 600 3225 satis
656 3171 869 3240 putavit
902 3171 1087 3227 dicere
1129 3173 1253 3229 :‘Et
1294 3174 1625 3228 laniabatur.
1666 3173 1723 3228 In
1756 3175 1861 3230 hoc
1910 3178 2058 3230 enim

467 3278 670 3334 genera
704 3278 923 3333 quoque
975 3264 1297 3335 complexus
1348 3274 1453 3320 est.
1484 3266 1643 3331 Quod
1700 3276 1886 3322 autem
1940 3277 2061 3322 erat

466 3367 591 3406 cum
634 3352 847 3418 bestiis,
875 3363 1096 3424 prOpter
1116 3370 1364 3425 magnam
1391 3358 1493 3412 loci
1528 3352 1886 3415 solitudinem
1912 3360 2060 3413 acci-

464 3446 545 3499 dit
577 3464 590 3504 ;
626 3456 685 3499 ut
716 3449 880 3501 etiam
924 3450 990 3503 ab
1050 3450 1152 3503 boc
1216 3450 1421 3515 discas,
1467 3453 1615 3522 quod
1645 3452 1691 3507 is
1740 3452 1835 3522 qui
1870 3460 2061 3507 tuetur

466 3537 665 3591 anima:
704 3538 1056 3609 dignitatem,
1102 3542 1296 3597 bestiis
1336 3543 1521 3611 potius
1549 3544 1917 3598 formidabilis
1949 3554 2055 3599 est.

467 3628 608 3681 Ante
655 3621 1087 3684 inobedientiam
1113 3633 1509 3702 enimjussum
1551 3646 1673 3689 erat
1699 3644 1762 3689 ut
1804 3635 2062 3690 omnibus

469 3719 635 3773 homo
662 3720 1058 3777 dominaretur.

542 3808 696 3864 Vers.
732 3811 818 3865 l5.
856 3809 922 3864 Et
960 3814 1220 3883 angeli—
1242 3818 1309 3870 ei.
1344 3818 1473 3872 Post
1503 3822 1835 3878 tentationes
1872 3824 2061 3879 videli-

468 3913 573 3965 cet.
608 3914 733 3975 post
759 3906 1110 3962 manifestam
1129 3909 1198 3964 de
1230 3920 1501 3967 tentatore
1526 3917 1832 3982 victoriam,
1862 3934 2058 3990 quem-

467 3998 759 4053 admodum
793 3998 1128 4070 signiﬁcavit
1166 4002 1476 4059 Matthaeus.

542 4090 699 4147 Vers.
729 4094 817 4147 M.
842 4093 1139 4163 Postquam
1174 4106 1353 4151 autem
1377 4130 1446 4138 -—-
1477 4097 1597 4153 Dei.
1638 4098 1851 4158 Dictum
1892 4116 2057 4161 estet

466 4189 531 4243 de
568 4190 653 4242 his
681 4190 873 4245 eodem
911 4192 1110 4261 capite,
1144 4192 1499 4265 Evangelium
1546 4208 1728 4252 autem
1782 4206 1933 4272 regni
1964 4205 2056 4258 Dei

467 4283 602 4336 dicit
655 4297 805 4336 nunc
836 4282 1047 4337 Novum
1104 4282 1539 4350 Testamentum,
1568 4297 1783 4358 utpote
1810 4279 2059 4346 ’annun-

470 4376 613 4428 tians
669 4375 739 4428 de
797 4390 968 4447 regno
1030 4375 1164 4441 Dei,
1218 4386 1275 4430 et
1336 4377 1605 4433 inducens
1689 4382 1757 4435 ad
1826 4398 2056 4453 regnum

472 4466 564 4519 Dei
577 4506 588 4521 .

2165 624 2285 694 μὲν,
2311 621 2501 691 Οὗτός
2534 627 2706 680 ἐστιν
2740 629 2773 680 ὁ
2812 627 2944 692 Υἱός
2968 644 3109 694 μου,
3142 627 3480 696 γέγραπται·
3510 627 3747 697 Μάρκος

2161 716 2217 767 δὲ
2256 716 2348 768 καὶ
2376 716 2612 780 Λουκᾶς,
2644 716 2729 769 Σὺ
2761 712 2819 769 εἴ
2838 719 2870 770 ό
2910 718 3040 782 Υἱός
3061 735 3204 784 μου,
3234 718 3528 787 γράφουσι.
3558 715 3622 770 Τί
3644 714 3746 768 οὖν

2164 806 2432 877 ὲροῦμεν;
2468 807 2635 862 οὐδὲν
2691 807 2901 876 ἕτερον,
2952 806 2985 879 ἢ
3032 809 3173 877 ὅπερ
3208 809 3318 880 (12)
3366 811 3425 863 ἐν
3474 809 3553 878 τῷ
3593 808 3745 862 κατὰ

2162 882 2443 953 Ματθαῖον
2473 902 2800 969 είρήκαμεν,
2841 900 2989 953 ὄτιοῑ
3017 900 3404 969 εὐαγγελισταὶ
3433 900 3563 955 ποτὲ
3612 901 3741 970 μὲν,

2160 990 2437 1059 ἀκεραίων
2488 990 2599 1044 τῶν
2658 991 2921 1044 τοιούτων
2976 990 3159 1062 ῥητῶν
3191 993 3740 1063 ἀπομνημονεύουσιο

2162 1082 2294 1135 ποτὲ
2315 1082 2391 1148 δὲ,
2423 1083 2526 1152 τὴν
2554 1082 2654 1151 μὲν
2669 1082 2764 1135 τοῦ
2797 1082 2964 1154 ῥητοῦ
2995 1083 3240 1136 διάνοιαν
3268 1084 3564 1155 ὀλόκληρον
3594 1087 3742 1138 ἁπο-

2162 1172 2422 1237 σώςουσι,
2461 1172 2642 1239 λέξεις
2684 1171 2741 1226 δέ
2774 1190 2931 1237 τινας
2964 1175 3414 1244 ἀπαρατηρήτως
3458 1175 3747 1229 ὑπαλλάτ-

2160 1282 2368 1330 τουσιν,
2396 1265 2526 1318 ὅταν
2552 1263 2708 1317 οὐδέν
2741 1281 2793 1318 τι
2829 1263 2999 1336 μέλλῃ
3058 1266 3135 1335 τῷ
3158 1265 3302 1335 λόγῳ
3346 1258 3503 1320 τοῦτο
3544 1269 3751 1341 λυμαί-

2158 1356 2366 1421 νεσθαι,
2403 1355 2503 1425 τῆς
2528 1355 2989 1425 ἀντεισαχθείσης
3042 1354 3247 1421 λέξεως
3280 1356 3481 1410 ταύτὸν
3517 1375 3743 1430 σημαι-

2159 1445 2379 1513 νούσης.
2412 1443 2670 1498 Δεικτικὰ
2706 1445 2816 1513 γὰρ
2846 1443 3034 1513 ἄμφω,
3060 1444 3155 1497 καὶ
3180 1444 3264 1508 τὸ,
3301 1439 3509 1511 Οὗτος,
3536 1449 3631 1501 καὶ
3656 1450 3743 1519 τὸ,

2159 1537 2264 1590 Σύ.

2228 1624 2396 1693 Αὖθις
2443 1625 2540 1685 οὖν
2596 1628 2692 1702 τοῦ
2734 1629 3021 1685 Ματθαίου
3084 1631 3187 1700 μὲν
3234 1631 3461 1684 καὶτοῦ
3512 1632 3742 1705 Μάρκου

2158 1723 2515 1793 γραψάντων·
2562 1725 2667 1778 Ἐν
2693 1715 2742 1789 ᾧ
2785 1724 3119 1792 εὐδόκησα·
3150 1723 3434 1788 ὀΛουκᾶς,
3476 1725 3577 1778 Ἐν
3634 1727 3738 1780 σοί

2159 1815 2493 1883 εὐδόκησα,
2532 1816 2750 1887 εἴρηκε.
2788 1815 2896 1869 Καὶ
2923 1814 3083 1869 τοῦτο
3131 1812 3318 1870 κανὼν
3352 1814 3492 1869 ἔστω
3525 1834 3608 1870 σοι
3642 1835 3744 1871 καο

2094 1882 2134 1934 Β
2168 1900 2385 1964 θολικὺς
2411 1904 2505 1955 ἐπὶ
2550 1904 2661 1955 τῶν
2704 1903 2972 1958 τοιούτων
3003 1906 3245 1957 πάντων.

2235 1993 2345 2046 Kal
2374 1993 2559 2060 εὐθὺς
2598 2022 2659 2035 -—
2691 1994 2950 2051 Σατανᾶ.
2989 1996 3221 2067 Εἴρηται
3252 2000 3349 2049 καὶ
3392 2000 3746 2068 περὶτούτων

2164 2083 2223 2137 ὲν
2260 2083 2337 2152 τῷ
2366 2085 2536 2155 τρίτῳ
2564 2086 2845 2157 κεφαλαίῳ
2886 2085 2993 2153 ,τοῦ
3042 2088 3184 2140 κατὰ
3235 2084 3537 2142 Ματθαίον.
3596 2089 3743 2143 Ἀλλ’

2164 2178 2371 2239 ἐκεῖνος
2404 2176 2528 2245 μὲν,
2555 2176 2712 2230 ἔτιδὲ
2747 2179 2842 2232 καὶ
2871 2180 3111 2244 Λουκᾶς,
3184 2180 3333 2234 Ὑπὸ
3386 2182 3492 2236 τοῦ
3548 2182 3745 2237 διασό-

2161 2270 2298 2321 λου·
2340 2263 2517 2332 εἷπον,
2544 2270 2773 2339 Μάρκος
2803 2270 2879 2336 δὲ,
2931 2270 3081 2323 ’Υπὸ
3111 2270 3216 2325 τοῦ
3245 2270 3499 2326 Σατανᾶ.
3528 2274 3746 2327 Πολυω-

2162 2360 2334 2431 νύμου
2368 2362 2478 2431 γὰρ
2511 2362 2665 2424 δντος
2694 2360 2788 2415 τοῦ
2822 2362 3096 2432 δαίμονος,
3132 2363 3225 2415 καὶ
3263 2362 3359 2437 ἀφ’
3382 2364 3618 2431 ἑκάστης
3649 2366 3749 2416 αὑ-

2160 2453 2256 2505 τοῦ
2295 2456 2495 2515 κακίας
2524 2454 2954 2525 ὀνομαζομένου,
2985 2455 3047 2507 τὸ
3082 2456 3182 2525 μὲν
3226 2449 3416 2521 οὗτοι,
3453 2456 3512 2508 τὸ
3538 2457 3618 2521 δὲ,
3646 2452 3749 2512 οὗ·

2163 2560 2267 2612 τος
2291 2547 2577 2616 εἰρήκασι.

2234 2634 2471 2701 Λέγεται
2506 2635 2564 2688 δὲ
2601 2635 2871 2703 Σατανᾶς,
2907 2639 2935 2690 6
2967 2620 3366 2709 ἀντικείμενος.
3426 2636 3743 2693 Αντίκειται

2162 2726 2273 2795 γὰρ
2301 2728 2330 2779 6
2365 2728 2579 2799 δαίμων
2603 2729 2681 2802 τῷ
2705 2730 2846 2801 Θεῷ,
2881 2732 2950 2785 τὰ
2978 2733 3198 2785 ἐναντία
3233 2731 3560 2803 νομοθετῶν.

2236 2907 2347 2961 Kal
2394 2902 2475 2979 ἦν
2504 2909 2657 2977 μετὰ
2712 2908 2834 2963 τῶν
2887 2912 3128 2979 θηρίων.
3187 2912 3463 2976 Ματοαῖος
3524 2914 3623 2983 μὲν
3656 2915 3748 2967 καὶ

2164 3000 2383 3063 Λουκᾶς
2426 3001 2525 3054 καὶ
2578 3004 2647 3055 τὰ
2686 3003 2804 3073 είδη
2858 3004 2968 3056 τῶν
3020 3005 3347 3075 πειρασμῶν
3401 3005 3573 3059 αὐτοῦ
3625 3008 3749 3060 ἀνέ-

2164 3090 2388 3161 γραψαν
2422 3090 2535 3162 (13)
2559 3108 2573 3121 °
2607 3093 2636 3145 6
2669 3093 2725 3146 δὲ
2755 3094 3005 3165 Μάρκος,
3044 3096 3434 3165 φιλοσύντομος
3479 3096 3555 3150 ὢν
3612 3100 3747 3170 ὑπὲρ

2164 3183 2301 3248 τοὺς
2316 3183 2535 3248 ἄλλους,
2555 3185 2802 3256 ῂρκέσθη
2825 3185 2904 3256 τῷ
2922 3187 3031 3257 (ib)
3062 3190 3259 3254 εἰπεῖν,
3290 3190 3372 3241 ὅτι
3390 3190 3497 3243 Kal
3524 3185 3603 3260 ἦν
3624 3208 3744 3244 πει-

2161 3275 2506 3346 ραζόμενος.
2564 3278 2637 3332 Εν
2662 3278 2839 3350 τούτῳ
2879 3280 2987 3350 γὰρ
3022 3282 3115 3334 καὶ
3143 3284 3210 3335 τὰ
3239 3283 3354 3351 εἴδη
3385 3286 3752 3354 συμπεριέλα-

2170 3368 2285 3424 6εν.
2348 3364 2459 3422 Ἦν
2518 3371 2574 3424 δὲ
2644 3373 2787 3441 μετὰ
2838 3373 2949 3426 τῶν
3009 3375 3235 3446 θηρίων,
3271 3377 3357 3429 διά
3390 3372 3580 3449 τετὴν
3614 3382 3752 3449 ἄγαν

2168 3460 2405 3530 ὲρημίαν
2439 3460 2537 3514 τοῦ
2592 3464 2782 3529 τόπου,
2816 3464 2909 3516 καὶ
2964 3464 3050 3516 ἴνα
3083 3466 3373 3537 μάθῃς-ὄτι
3402 3469 3430 3519 6
3466 3470 3751 3535 φυλάττων

2169 3552 2228 3603 τὸ
2257 3552 2472 3623 ἀξίωμα
2506 3553 2608 3623 τῆς
2638 3556 2840 3626 ψυχῆς,
2887 3557 3120 3627 φοϐερὸς
3159 3560 3361 3628 μᾶλλον
3394 3564 3506 3624 τοῖς
3539 3564 3748 3632 Θηρίοις

2169 3646 2338 3698 ἐστίν.
2382 3647 2608 3715 Ἀρχειν
2651 3650 2758 3716 γὰρ
2810 3649 3030 3703 πάντων
3071 3650 3252 3704 αὐτῶν
3284 3652 3390 3722 πρὸ
3420 3653 3518 3723 τῆς
3570 3672 3748 3725 παρα-

2168 3739 2303 3804 κοῆς
2331 3738 2360 3789 6
2390 3736 2682 3807 ἄνθρωπος
2714 3742 3039 3817 ἐκελεύσθη.

2235 3826 2343 3879 Kal
2398 3832 2452 3880 οἱ
2478 3828 2719 3899 ἄγγελοι
2750 3862 2819 3870 -
2851 3832 3033 3898 αὐτῷ.
3068 3836 3225 3888 Μετὰ
3258 3835 3381 3899 τοὺς
3412 3840 3751 3908 πειρασμοὺς

2168 3916 2439 3986 δηλονότι,
2472 3928 2567 3975 και
2612 3913 2752 3993 μετᾶ
2793 3926 2893 3995 τὴν
2947 3926 3090 3979 κατὰ
3122 3927 3215 3981 τοῦ
3250 3929 3549 4000 πειραστοῦ
3589 3946 3748 3999 περι-

2168 4011 2314 4081 φσῖνῆ
2354 4014 2534 4082 νίκην,
2570 4014 2646 4077 ὡς
2676 4018 2704 4068 6
2734 4017 3010 4081 Matfiaioc
3038 4021 3448 4092 ἐπεσημήνατο.

2236 4104 2399 4159 Μετὰ
2426 4104 2495 4158 δέ
2539 4137 2608 4148 -
2652 4108 2757 4163 τοῦ
2794 4109 2964 4163 Θεοῦ.
3000 4111 3229 4179 Είρητιι
3272 4120 3363 4165 καὶ
3395 4114 3748 4183 περὶτούτων

2167 4198 2225 4250 ὲν
2268 4198 2347 4268 τῷ
2382 4199 2531 4269 αὑτῷ
2581 4202 2886 4272 κεφαλαίῳ.
2950 4204 3294 4273 Εὑαγγέλιον
3345 4206 3401 4259 δὲ
3453 4209 3549 4275 τῆς
3596 4208 3747 4275 βασι-

2166 4291 2315 4353 λείας
2348 4293 2441 4344 τοῦ
2471 4292 2606 4345 Θεοῦ
2645 4294 2738 4345 νῦν
2758 4336 2772 4360 ,
2801 4296 2899 4365 τὴν
2932 4296 3138 4368 Καινὴν
3163 4299 3439 4367 Διαοήκην
3470 4298 3643 4367 λέγει,
3675 4300 3747 4362 ὡς

2170 4383 2484 4451 μηνύουσαν
2516 4385 2641 4455 περὶ
2674 4388 2771 4454 τῆς
2806 4386 3085 4455 βασιλείας
3114 4388 3207 4442 τοῦ
3237 4388 3396 4454 Θεοῦ,
3428 4390 3460 4460 ἢ
3491 4392 3564 4454 ὼς
3596 4392 3743 4444 siad-

2139 4461 2379 4542 ,γουσοίν
2412 4478 2488 4537 είς
2519 4476 2616 4547 τὴν
2649 4477 2932 4545 βασιλείαν
2975 4479 3069 4531 τοῦ
3102 4480 3258 4535 Θεοῦ.

544 4558 693 4613 Vcrs.
761 4561 846 4619 15.
881 4561 947 4615 Et
972 4562 1153 4616 dicens
1189 4592 1263 4602 --
1292 4574 1517 4630 tempus.
1576 4565 1823 4637 Tempus
1879 4584 1909 4623 a
1948 4570 2057 4625 Deo

2236 4568 2349 4621 Kal
2393 4570 2587 4639 λέγων
2615 4598 2687 4610 —-
2715 4576 2942 4639 καιρός.
3018 4574 3077 4625 '0
3123 4577 3311 4645 καιρὸς
3354 4581 3381 4632 6
3434 4583 3744 4650 ἁφορισῦεἱς

465 4655 823 4708 constitutum
888 4657 1293 4710 conversationi
1348 4657 1557 4712 Veteris
1597 4658 1955 4722 Testamenti,
1992 4663 2059 4717 de

466 4762 576 4817 quo
626 4747 759 4801 dicit
787 4748 1083 4816 Apostolus
1115 4762 1129 4805 :
1170 4750 1261 4804 Ubi
1294 4752 1432 4804 venit
1459 4740 1739 4820 completio
1782 4748 2053 4823 temporis,

467 4840 605 4892 misit
640 4838 776 4893 Deus
806 4838 1009 4893 Filium
1041 4858 1194 4894 suum
1221 4843 1288 4893 ¹⁸.

540 5015 697 5072 Vers.
758 5018 844 5072 15.
872 5018 942 5072 Ει
970 5048 1040 5059 --
1070 5020 1181 5073 Dei.
1224 5020 1695 5090 Appropinquavit
1748 5032 1804 5077 ut
1854 5038 2047 5095 regnet

464 5123 631 5177 super
659 5109 966 5174 credentes,
1001 5112 1145 5165 sicut
1172 5112 1522 5167 manifestius
1575 5112 1928 5179 interpretati
1955 5132 2048 5172 su-

466 5216 588 5253 mus
621 5201 878 5271 praedicto
908 5206 1105 5273 capite.

576 5364 619 5436 δ’
664 5360 854 5417 Matth.
892 5381 972 5429 nt,
998 5367 1101 5436 ,17-
1134 5367 1176 5398 ⁸³
1218 5368 1348 5423 LUC-
1375 5373 1565 5436 "lage-

467 5431 507 5462 "
538 5432 725 5486 Matth.
760 5451 831 5498 Iv,
862 5436 942 5502 '5;
991 5435 1120 5491 Luc.
1164 5455 1234 5504 Iv,
1278 5443 1309 5495 5
1358 5431 1509 5514 seqq.

1647 5375 1690 5405 η
1720 5374 1909 5427 Matth.
1953 5389 2026 5437 Ix,
2062 5376 2143 5432 l7.

1594 5443 1635 5475 ¹⁸
1676 5446 1853 5501 Gai‘at.
1911 5460 1985 5508 tv,
2051 5450 2101 5501 4.

2168 4663 2322 4732 παρὰ
2385 4663 2520 4715 Θεοῦ
2580 4668 2649 4736 τῇ
2703 4665 2951 4737 πολιτείᾳ
3003 4669 3103 4737 τῆς
3154 4670 3399 4735 Παλαιᾶς
3451 4674 3741 4743 Διὰθήκης,

2166 4758 2296 4824 περὶ
2357 4749 2418 4805 οὗ
2470 4774 2637 4826 φησιν
2694 4760 2722 4810 6
2774 4759 3146 4825 Ἀπόστολος⁸
3199 4764 3279 4816 ὅτι
3315 4766 3443 4817 Ὅτε
3489 4762 3635 4835 ἦλθε
3686 4770 3743 4820 τὸ

2165 4847 2458 4918 πλήρωμα
2492 4851 2601 4904 τοῦ
2631 4852 2881 4920 χρόνου,
2904 4854 3338 4919 ἐξαπέστειλεν
3368 4862 3401 4913 d
3462 4860 3599 4926 Θεὸς
3647 4862 3747 4913 τὸν

2172 4942 2312 4993 Υἱὸν
2343 4945 2552 4997 αὐτοῦ.

2240 5031 2353 5085 Καὶ
2384 5064 2447 5075 --
2489 5037 2661 5089 Θεοῦ.
2715 5039 2983 5107 Ἤγγικεν
3044 5041 3128 5093 ἶνα
3181 5040 3471 5114 βασιλεύσῃ
3514 5043 3622 5095 τῶν
3658 5062 3740 5096 πι-

2159 5126 2485 5191 στευόντων,
2512 5127 2589 5189 ὡς
2625 5123 2949 5199 ἡρμηνεῦθη
2977 5132 3356 5203 φανερώτερον
3384 5136 3443 5186 ὲν
3472 5134 3547 5204 τῷ
3576 5136 3741 5205 δηλω-

2159 5214 2305 5268 Θέντι
2350 5219 2657 5288 κεφαλαίῳ.

2226 5382 2267 5412 ’⁵
2303 5382 2435 5437 Luc.
2473 5400 2556 5448 Ill,
2599 5384 2687 5437 '22.
2840 5385 2883 5415 “
2922 5384 3113 5440 Matth.
3149 5402 3221 5454 tv,
3270 5386 3343 5454 5;
3397 5386 3530 5442 Luc.
3576 5401 3651 5452 tv,
3683 5387 3733 5441 9..

1666 5606 1868 5669 Varia:
1913 5606 2227 5670 lectiones
2262 5618 2322 5672 et
2368 5620 2559 5673 notas.

533 5766 644 5831 (l2)
682 5766 863 5834 Ὅπερ
898 5770 988 5819 καὶ
1015 5771 1069 5821 ἐν
1109 5772 1166 5825 Β.

540 5837 651 5905 (15)
701 5838 990 5909 Ἔγραψαν
1020 5841 1080 5893 Β.

2241 5786 2349 5857 (ιι)
2391 5787 2503 5856 Τῷ,
2562 5788 2717 5843 abest
2782 5789 2846 5843 A.
