4032 6496
467 478 573 542 πρ
1714 473 2097 536 nurum“
2134 477 2257 539 ZIG
2276 478 2500 540 ABEN!
3635 484 3742 548 780

465 594 836 655 mendacium,
876 593 1094 661 sintque
1129 590 1287 644 nobis
1319 588 1712 654 inimicissimi,
1773 607 2033 662 nunquan

2162 611 2292 647 ποτε
2333 594 2719 665 άληθεύσαιεν,
2766 597 2815 650 ei
2861 595 2936 668 μὴ
2969 596 3105 669 πρὸς
3142 597 3361 670 ἀπάτην
3415 602 3480 672 τῇ
3518 600 3744 676 ἀληθείᾳ

461 710 590 746 vera
649 693 966 760 loquuntur,
1022 687 1126 742 nisi
1194 697 1253 740 ut
1296 688 1361 741 ad
1425 686 1747 754 fallendum,
1819 686 2033 741 veritati

2164 685 2459 756 χρήσονται
2489 685 2603 757 (18)
2634 686 2888 758 καθάπερ
2921 688 3031 741 τινὶ
3065 687 3297 743 δελέατι.

463 787 619 856 quasi
657 800 782 838 esca
819 781 1055 851 quadam
1085 790 1334 835 utantur.

533 879 686 932 Vcrs.
737 875 826 927 26.
889 873 955 928 Et
1005 891 1125 927 cum
1181 873 1543 941 disccrpsisset
1595 901 1644 910 —-
1677 870 1743 924 ab
1794 886 1873 924 eo.
1944 869 2033 925 Prt

2233 861 2342 913 Kal
2412 860 2740 928 σπαράξαν
2789 893 2858 902 -
2909 863 2980 926 ἐξ
3027 864 3236 918 αὑτοῦ.
3294 865 3366 918 Τὸ
3388 865 3738 935 σπαράξαν,

458 966 822 1034 Discerpsisse!
854 965 988 1020 dicit
1012 963 1213 1022 Lucas.
1248 962 1570 1032 Projecisset
1599 964 1654 1014 in
1693 961 1928 1015 medium
1979 962 2027 994 “

2149 952 2352 1020 ῥίψαν
2375 947 2532 1006 εἶπεν
2569 954 2598 1006 ὁ
2632 956 2871 1021 Λουκᾶς,
2903 957 3163 1026 προσθείς
3185 974 3200 989 ο
3224 958 3306 1010 ὃτι
3336 957 3502 1027 μηδὲν
3537 958 3744 1028 βλάψαν

456 1062 664 1115 addens
702 1061 849 1128 quod
877 1057 1015 1112 nihil
1050 1057 1124 1110 illi
1166 1057 1375 1111 nocuit.
1409 1055 1472 1109 Ei
1502 1052 1770 1123 siquidem
1795 1053 2033 1124 permisil

2157 1049 2340 1102 αὐτόν.
2377 1048 2562 1119 Ῥίψαι
2595 1051 2693 1121 μὲν
2731 1050 2838 1124 γὰρ
2869 1051 2959 1104 τὸν
2984 1051 3271 1120 ἄνθρωπον
3307 1051 3687 1124 συνεχώρησεν
3715 1055 3743 1106 ὁ

458 1152 740 1214 Dominus,
774 1160 833 1204 ut
865 1148 1143 1203 hominem
1170 1146 1484 1217 projiceret,
1505 1158 1613 1214 quo
1635 1143 2033 1199 demonstratul

2156 1141 2538 1212 Χριστὸς(19),
2561 1145 2646 1198 ἵνα
2662 1145 2849 1215 δειχθῇ
2879 1143 2971 1201 τοῦ
2993 1145 3246 1216 ῥίψαντος
3265 1148 3297 1217 ἡ
3323 1147 3491 1201 κακία
3511 1164 3524 1178 ο
3543 1145 3740 1217 βλάψαι

455 1241 801 1313 projicientis
840 1239 1049 1294 malitia
1089 1251 1336 1302 ;nocere
1370 1244 1556 1290 autem
1597 1250 1708 1290 non
1767 1234 2033 1304 permisit,

2154 1233 2209 1286 δὲ
2239 1236 2339 1289 οὐκ
2380 1238 2586 1304 εἴασεν,
2636 1237 2721 1290 ῐνα
2762 1240 2906 1308 φανῇ
2940 1236 3037 1290 τοῦ
3073 1239 3467 1300 ἀπελαύνοντος
3513 1239 3674 1292 αὑτὸν
3708 1240 3739 1309 ἠ

449 1342 514 1384 ut
542 1338 833 1402 appareret
865 1329 1187 1399 cxpellentis
1221 1327 1485 1396 potentia.
1551 1325 1822 1381 Clamavit
1878 1328 2033 1381 etiam

2153 1326 2405 1397 δύναμις.
2441 1329 2682 1400 Ἔκραξε
2726 1331 2784 1383 δὲ
2833 1331 2984 1401 φωνῇ
3020 1331 3255 1401 μεγάλῃ,
3305 1330 3600 1402 μαστιχθὲν
3637 1333 3741 1384 ὑπὸ

450 1439 584 1478 voce
612 1438 806 1492 magna
841 1420 1144 1490 ﬂagellatus
1189 1418 1426 1489 imperio
1463 1417 1771 1473 Dominico.
1807 1417 1926 1473 Non
1955 1417 2040 1472 di-

450 1517 529 1569 xit
560 1525 741 1568 tamen
768 1513 896 1582 quid
923 1512 1265 1576 clamaverit,
1299 1526 1364 1565 eo
1401 1510 1546 1580 quod
1583 1525 1747 1566 voces
1789 1510 1929 1565 nihil
1960 1510 2026 1564 si-

450 1607 774 1678 gnificantes
802 1604 1059 1659 ediderit.

521 1699 678 1752 Vcrs.
731 1698 823 1752 27.
880 1696 946 1749 Et
1009 1697 1268 1749 admirati
1294 1697 1761 1750 sunt—obcdiunt
1786 1695 2038 1762 ei?Quid

444 1804 551 1856 cst,
582 1793 685 1845 hoc
711 1790 853 1860 quod
881 1789 1126 1843 videmus
1147 1790 1170 1840 ’ἱ
1193 1789 1454 1843 Dicebant
1475 1799 1656 1844 autem
1676 1791 1839 1845 etiam
1891 1805 2037 1845 nunc

447 1884 515 1953 (κ)
544 1883 746 1936 Christi
794 1880 1118 1943 doctrinam,
1146 1889 1331 1947 utpote
1361 1877 1709 1933 differenten)
1735 1894 1764 1932 a
1783 1878 2030 1932 doctrina

2150 1423 2251 1490 τῆς
2279 1421 2621 1492 Δεσποτικῆς
2645 1426 2851 1493 φωνῆς.
2888 1423 3004 1476 Οὐκ
3031 1418 3154 1476 εἶπε
3192 1423 3271 1490 δὲ,
3298 1423 3349 1476 τι
3379 1422 3631 1493 ἔκραξεν,
3663 1423 3741 1486 ὡς

2151 1512 2444 1582 ἀσήμαντα
2470 1514 2788 1582 κράξαντος.

2220 1606 2332 1659 Καὶ
2373 1608 2809 1675 ἐθαμϐήθησαν
2845 1639 2915 1648 —
2959 1608 3386 1664 ὑπακούουσιν
3433 1607 3623 1674 αὐτῷ;
3675 1609 3740 1661 Ti

2151 1701 2264 1752 ἐστι
2291 1699 2451 1753 τοῦτο
2498 1701 2526 1753 ὃ
2584 1701 2888 1771 βλέπομενς
2946 1701 3179 1772 Διδαχὴν
3205 1701 3263 1754 δὲ
3291 1703 3482 1772 καινὴν
3531 1701 3738 1770 ἔλεγον,

2149 1789 2249 1860 τὴν
2278 1791 2373 1843 τοῦ
2421 1791 2681 1862 Χριστοῦ,
2740 1793 2814 1855 ὡς
2851 1793 3346 1864 παραλλάττουσαν
3377 1794 3473 1862 τῆς
3516 1793 3740 1863 διδαχῆς

2145 1881 2255 1935 τῶν
2309 1883 2716 1954 Γραμματέων,
2765 1883 2799 1956 ἢ
2836 1884 2936 1954 τῆς
2969 1885 3062 1938 τοῦ
3099 1884 3408 1938 Βαπτιστοῦ
3470 1885 3735 1938 Ἰωάννου.

440 1976 786 2036 Scribarum,
816 1982 909 2026 aut
955 1972 1120 2027 ctiam
1153 1988 1183 2024 a
1219 1971 1466 2025 doctrina
1493 1971 1720 2026 Joannis
1752 1969 2031 2040 Baptistzc.

2143 1973 2206 2024 Οἱ
2245 1973 2348 2044 μὲν
2390 1977 2501 2045 γάρ
2531 1975 2812 2029 ἐδίδασκον
2843 1976 3024 2044 μόνον,
3059 1977 3087 2028 ὁ
3117 1975 3174 2028 δὲ
3208 1976 3445 2046 Χριστὸς
3513 1976 3594 2028 ἔτι
3645 1978 3737 2029 καὶ

439 2065 520 2120 Illi
554 2064 828 2136 siquidem
868 2062 1142 2117 docebant
1168 2069 1378 2115 tantum
1403 2080 1417 2126 ;
1439 2058 1694 2114 Christus
1712 2073 1844 2114 vero
1873 2059 2033 2114 etiam

2149 2069 2412 2140 δαίμονας
2463 2072 2750 2142 ἀπήλαυνε
2809 2073 2932 2127 κατ’
2981 2074 3256 2139 ἐξουσίαν.
3302 2071 3736 2139 Ἐξουσιαστικὶν

438 2160 717 2213 (immunes
775 2172 898 2209 cum
969 2161 1240 2224 potestate
1321 2152 1648 2222 exponebat.
1680 2151 2040 2206 Auctoritatis

438 2264 673 2316 namque
701 2256 819 2301 est:
861 2243 1170 2300 Obmutesce
1199 2252 1248 2298 et
1272 2246 1382 2297 exi.
1414 2242 1593 2298 Lucas
1617 2244 1881 2298 veroloco
1919 2243 2039 2310 ejus

435 2342 583 2410 quod
617 2339 820 2394 dicitur
850 2355 865 2393 :
899 2336 1028 2402 Qua:
1056 2337 1303 2391 doctrina
1329 2353 1462 2390 nova
1510 2341 1640 2400 hcce,
1687 2335 1855 2390 dixit:
1888 2333 2039 2399 Quod

433 2443 510 2484 est
563 2432 657 2484 hoc
709 2429 922 2482 verbum
952 2427 1040 2479 "1'
1096 2428 1391 2481 nominans
1444 2427 1700 2490 verbum,
1731 2426 2035 2480 doctrinam

435 2540 557 2594 qua:
585 2539 679 2592 per
705 2525 932 2575 verbum
972 2521 1030 2575 (lt
1061 2536 1077 2587 ;
1106 2529 1201 2574 aut
1233 2519 1423 2574 dicens
1453 2518 1703 2583 verbum,
1742 2518 1872 2573 illud
1890 2520 2036 2588 quod

440 2617 507 2671 ad
537 2617 844 2670 dmmonem
877 2614 1078 2668 factum
1111 2621 1216 2678 est,
1253 2622 1404 2682 puta,
1457 2609 1769 2666 Obmutesce
1809 2622 1857 2664 et
1928 2613 2033 2668 exi.

435 2709 593 2764 Unde
609 2708 774 2762 etiam
807 2706 1046 2759 addidit:
1080 2703 1214 2769 Quia
1241 2720 1357 2756 cum
1385 2705 1703 2756 auctoritate
1725 2720 1788 2756 ac
1801 2715 2032 2773 potesta-

435 2814 484 2854 te
518 2798 1032 2869 imperatspiritibus
1078 2796 1367 2849 immundis
1402 2804 1450 2848 et
1475 2805 1688 2849 exeunt.
1757 2796 1896 2850 Cum
1932 2812 2035 2850 au-

442 2891 664 2946 toritate
693 2890 938 2958 quidem,
959 2903 1026 2942 eo
1049 2888 1428 2957 quodjuberet
1459 2905 1475 2950 ς
1505 2903 1630 2941 cum
1653 2895 1925 2957 potestate
1944 2903 2034 2942 ve-

432 3001 517 3048 ro,
548 3000 614 3039 eo
642 2983 787 3052 quod
816 2981 1074 3047 emet-ret,
1093 2981 1238 3050 quod
1260 2981 1440 3033 vellet.

511 3078 663 3130 Vers.
698 3077 786 3130 28.
819 3075 997 3128 Exivit
1025 3081 1204 3127 autem
1228 3103 1296 3112 —
1320 3072 1580 3129 σαιξιωω.
1616 3072 1827 3127 Dictum
1862 3083 1941 3129 est
1965 3073 2032 3129 de

438 3173 543 3226 hoc
575 3169 950 3240 quartojuxta
992 3165 1304 3220 Matthzeum
1343 3167 1544 3236 capite.

799 3283 954 3337 CAP.
989 3282 1051 3336 11.
1103 3282 1180 3336 De
1222 3298 1374 3335 socru
1417 3279 1672 3336 Simonis.

510 3378 665 3434 Vers.
690 3377 783 3432 29.
821 3375 890 3429 Et
929 3376 1110 3428 statim
1147 3402 1219 3413 —
1254 3373 1480 3429 Joanne.
1515 3372 1630 3438 Qua
1649 3373 1715 3426 de
1751 3387 1914 3427 causa
1965 3386 2033 3428 eo
2058 3347 2101 3372 υ

438 3472 655 3526 venerit
677 3468 936 3539 superius
966 3467 1168 3520 dictum
1189 3473 1274 3520 est
1307 3474 1502 3520 octavo
1530 3466 1686 3535 juxta
1709 3464 2029 3521 Matthaeum

426 3564 635 3634 capite.

505 3657 662 3711 Vers.
689 3655 779 3710 50.
808 3653 1002 3708 Socrus
1034 3662 1210 3704 autem
1242 3681 1307 3690 ——
1343 3651 1492 3705 Vers.
1537 3650 1625 3703 51.
1663 3652 1812 3718 ipsis.
1840 3652 1916 3708 De
1946 3653 2034 3710 his

433 3765 650 3822 quoque
701 3749 910 3802 dictum
942 3755 1023 3800 cst
1061 3746 1252 3799 eodem
1286 3745 1486 3814 capite.
1523 3744 1656 3798 Vide
1681 3755 1861 3799 autem
1886 3747 2031 3816 quod

434 3843 688 3897 Christus
736 3838 945 3908 saepius
999 3837 1068 3890 ob
1125 3837 1355 3889 aliorum
1410 3835 1568 3889 ﬁdem
1631 3835 1848 3890 confert
1907 3839 2032 3893 aliis

437 3934 759 3994 sanitatem,
803 3931 1026 3998 quando
1051 3928 1296 3982 futurum
1341 3935 1444 3992 est,
1474 3935 1530 3980 ut
1558 3927 1604 3982 is
1649 3942 1870 3997 quoque
1911 3944 2032 3984 cre-

435 4026 531 4078 dat
567 4023 661 4093 qui
695 4032 947 4088 curatur,
980 4032 1036 4075 et
1069 4036 1179 4074 non
1205 4027 1387 4089 potest
1437 4018 1504 4072 ad
1560 4034 1619 4072 se
1665 4019 1876 4082 venire.
1935 4030 2029 4076 aut

433 4121 657 4181 prOpter
708 4109 1115 4178 aegritudinem,
1163 4117 1261 4161 aut
1297 4115 1526 4176 propter
1571 4108 2023 4176 intempestivam

431 4203 669 4263 aetatem,
710 4211 804 4253 aut
830 4200 1806 4270 etiampropterignorantiam.Nan1
1843 4214 1900 4260 et
1934 4207 2025 4262 hic

438 4292 530 4346 alii
568 4306 692 4345 eum
734 4290 1017 4359 deprecati
1045 4300 1196 4344 sunt.

506 4383 889 4453 Suscipiamus
925 4383 1092 4451 igitur
1119 4392 1168 4435 et
1206 4397 1308 4436 nos
1335 4381 1618 4438 Christum
1644 4386 1758 4440 sive
1813 4401 2026 4441 sermo-

433 4491 559 4529 nem
587 4475 730 4544 ejus,
768 4483 828 4528 ut
865 4473 1062 4528 febrim
1092 4473 1455 4528 aﬂectionum
1500 4475 1555 4528 in
1599 4477 1762 4531 nobis
1807 4480 2020 4533 exstin-

430 4575 580 4638 guat.
618 4567 892 4635 Suscepto
925 4574 1109 4620 autem
1138 4564 1405 4620 beneﬁcio
1427 4566 1804 4623 ministremus
1824 4571 1894 4636 ei,
1931 4586 2028 4626 cu-

435 4660 607 4714 rando
636 4672 926 4729 pauperes.
953 4655 1224 4728 Quidquid
1249 4659 1410 4721 enim,
1432 4658 1608 4726 inquit
1631 4659 1824 4728 fecistis
1850 4664 1942 4716 uni
1965 4680 2029 4718 ea:

435 4755 514 4806 his
543 4752 797 4822 fratribus
830 4751 957 4804 meis
983 4750 1241 4814 minimis,
1271 4750 1402 4802 mihi
1426 4751 1624 4821 fecistis
1652 4752 1697 4784 “
1719 4769 1734 4820 ;
1757 4754 2030 4810 ministre-

443 4861 563 4898 mus
587 4854 638 4898 et
677 4844 763 4898 his
798 4843 894 4913 qui
922 4857 1049 4897 eum
1099 4841 1390 4895 imitantur
1433 4844 1588 4912 quasi
1632 4843 1920 4915 discipulis
1947 4846 2031 4917 ἰρ-

433 4935 572 4998 sius,
600 4944 656 4989 ut
695 4943 751 4988 et
779 4933 857 4987 illi
892 4948 994 5004 pro
1016 4933 1182 4988 nobis
1201 4932 1591 5004 deprecentur.

612 5133 771 5190 CAP.
792 5133 889 5189 ‘JJ.
921 5133 998 5189 De
1027 5135 1228 5190 curatis
1263 5153 1295 5190 a
1323 5137 1486 5191 variis
1513 5135 1844 5209 langoribus,

502 5295 668 5349 Ἴθι-ε.
698 5295 792 5349 52.
829 5291 1004 5349 Facta
1033 5305 1213 5350 autem
1250 5312 1463 5367 vespera
1485 5330 1552 5341 —-
1579 5299 1734 5354 Vers.
1782 5300 1871 5354 55.
1933 5319 2023 5369 1a-

507 5433 552 5466 “
576 5434 710 5490 ibid.
748 5436 838 5490 55.
917 5439 962 5471 ”
993 5437 1133 5495 Ibid.
1161 5439 1250 5494 36.
1330 5441 1375 5472 “
1413 5440 1606 5497 Matth.
1633 5459 1760 5508 xxv,
1787 5445 1879 5500 40.

2142 2161 2253 2232 γὰρ
2287 2162 2369 2227 τὸ,
2406 2162 2721 2232 Φιμώθητι,
2749 2166 2844 2218 καὶ
2883 2166 2971 2229 τὸ,
3009 2167 3284 2230 Ἔξελθε.
3326 2167 3384 2219 '0
3401 2166 3454 2218 δὲ
3496 2168 3736 2230 Λουκᾶς,

2142 2255 2264 2306 ἀντὶ
2291 2253 2385 2306 τοῦ
2409 2272 2423 2285 '
2460 2253 2560 2320 Τίς
2597 2257 2635 2324 ἠ
2668 2255 2886 2324 διδαχὴ
2934 2258 2969 2323 ἡ
3001 2256 3178 2323 καινὴ
3215 2258 3411 2323 αὖθις
3454 2260 3546 2323 Τίς
3568 2261 3600 2312 ό
3628 2259 3734 2312 λό-

2142 2363 2248 2413 γος
2280 2341 2483 2413 οὗτος,
2513 2348 2702 2418 εἴρηκε
2733 2367 2745 2381 ·
2775 2350 2936 2416 λόγον
2963 2350 3261 2417 ὀνομάσας,
3293 2355 3389 2421 την
3430 2351 3519 2404 διὰ
3575 2349 3734 2418 λόγου

2140 2438 2397 2509 διδαχήνο
2432 2441 2465 2508 ἥ
2498 2440 2657 2507 λόγον
2708 2441 2906 2508 λέγων,
2939 2441 3030 2494 τὸν
3065 2442 3326 2512 λεχθέντα
3357 2444 3493 2514 πρὸς
3521 2443 3582 2496 τὸ
3616 2446 3734 2497 δαι-

2142 2533 2357 2603 μόνιον,
2383 2532 2443 2584 τὸ
2493 2533 2820 2602 Φιμώθητι,
2854 2536 2950 2587 καὶ
2990 2536 3069 2598 τὸ,
3113 2535 3378 2598 Ἔξελθε.
3417 2537 3732 2606 Προσέθηκε

2138 2623 2286 2694 γάρ’
2351 2623 2482 2676 Ὀτι
2531 2625 2603 2678 ἐν
2657 2625 2913 2692 ἐξουσιᾳ
2964 2627 3062 2680 καὶ
3121 2627 3374 2697 δυνάμει
3412 2628 3731 2682 ἐπιτάσσει

2136 2715 2264 2780 τοῖς
2290 2714 2650 2784 ἀκαθάρτοις
2679 2719 3048 2787 πνεύμασιν.
3107 2720 3195 2774 Ἐν
3229 2720 3448 2791 ἐξουσίᾳ
3483 2721 3604 2789 μὲν,
3641 2722 3731 2775 διὰ

2137 2808 2198 2859 τὸ
2221 2809 2588 2877 προστάσσειν
2610 2823 2626 2839 ⁸
2655 2812 2714 2862 ὲν
2746 2810 2977 2880 δυνάμει
3007 2811 3190 2875 δὲ,διὰ
3218 2812 3279 2866 τὸ
3306 2813 3513 2868 ἀνύειν.

2223 3065 2479 3134 Ἐξῆλθε
2503 3067 2574 3120 δὲ
2601 3097 2673 3109 -—
2703 3071 3065 3135 Γαλιλαίας.
3101 3072 3330 3143 Εἴρηται
3374 3075 3500 3144 περὶ
3537 3075 3728 3130 τούτου

2135 3164 2196 3215 ὲν
2220 3163 2299 3232 τῷ
2325 3164 2571 3233 τετάρτῳ
2599 3163 2880 3234 κεφαλαίῳ
2904 3163 2998 3216 τοῦ
3039 3165 3182 3219 κατὰ
3210 3168 3512 3225 Ματθαίον.

2311 3273 2471 3327 ΚΕΦ.
2512 3273 2586 3326 B'°
2648 3275 2788 3341 Περὶ
2831 3275 2941 3343 τῆς
2976 3277 3267 3345 πενθερᾶς
3298 3280 3544 3348 Πέτρου.

2208 3365 2325 3420 Kal
2341 3367 2564 3433 εὐθέως
2585 3398 2656 3407 -
2671 3367 2973 3423 Ἰωάννου.
2994 3370 3037 3421 Τ
3044 3369 3150 3432 ἰνος
3173 3370 3358 3426 ἕνεκεν
3389 3367 3554 3443 ἦλθεν
3571 3379 3724 3446 ἐκεῖ,

2138 3459 2467 3532 προείρηται
2503 3463 2559 3515 ἐν
2596 3461 2674 3530 τῷ
2704 3462 2874 3532 ὀγδόῳ
2931 3463 3216 3536 κεφαλαίῳ
3246 3465 3342 3519 τοῦ
3393 3469 3534 3521 κατὰ
3564 3471 3723 3525 Ματ-

2137 3554 2313 3609 θαῐον.

2220 3646 2295 3701 Ἡ
2321 3646 2390 3699 δὲ
2404 3645 2969 3721 πενθερὰ-αὺτοῖς.
2992 3647 3223 3719 Εἴρηται
3248 3651 3340 3703 καί
3368 3651 3498 3722 περὶ
3520 3651 3723 3706 τούτων

2134 3737 2196 3790 ὲν
2221 3738 2299 3807 τῷ
2349 3737 2500 3808 αὐτῷ
2544 3741 2857 3808 κεφαλαίῳ·
2903 3739 3100 3792 σκόπει
3149 3741 3229 3806 δὲ,
3273 3743 3354 3795 ὅτι
3404 3742 3664 3807 πολλάκις
3694 3747 3722 3796 ὁ

2135 3827 2368 3896 Χριστὸς
2407 3831 2474 3899 τῇ
2529 3829 2731 3898 ἑτέρων
2787 3831 2970 3882 πίστει
3022 3830 3311 3901 χαρίζεται
3369 3834 3468 3905 τὴν
3516 3836 3721 3906 ἑτέρων

2142 3916 2310 3984 ἴασιν,
2338 3918 2466 3971 ὅταν
2503 3920 2690 3988 μέλλοι
2727 3921 3009 3974 πιστεύειν
3061 3924 3156 3975 καὶ
3189 3923 3218 3974 ὁ
3253 3924 3716 3994 θεραπευόμενος,

2131 4009 2227 4059 καὶ
2262 4008 2336 4077 μὴ
2367 4008 2591 4077 δύνηται
2634 4011 2771 4080 πρὸς
2825 4010 2988 4063 αὑτὸν
3018 4011 3229 4079 ὲλοείν,
3273 4014 3304 4085 ἢ
3339 4014 3426 4067 διὰ
3457 4016 3633 4077 νόσον,
3681 4016 3715 4088 ἢ

2129 4099 2203 4152 δι’
2235 4101 2415 4172 ἄωρον
2465 4102 2710 4173 ἡλικίαν,
2749 4104 2780 4173 ἢ
2812 4107 2907 4156 καὶ
2939 4103 3006 4156 δι’
3033 4105 3276 4172 ἄγνοιαν.
3311 4108 3421 4160 Καὶ
3468 4108 3577 4178 γὰρ
3634 4111 3718 4161 ἑν-

2128 4187 2306 4241 ταῦθα
2343 4191 2521 4262 ἕτεροι
2549 4193 2712 4247 αὐτὸν
2742 4195 3150 4265 παρεκάλεσαν.

2211 4372 2771 4445 ’Υποδεξὼμεθακίοῦν
2816 4380 2912 4433 καὶ
2959 4381 3122 4450 ἡμεῖς
3177 4380 3268 4435 τὸν
3297 4383 3552 4455 Χριστὸν,
3605 4387 3715 4439 εἴτ-

2138 4483 2260 4532 ουν,
2320 4467 2413 4520 τὸν
2465 4467 2625 4536 λόγον
2653 4469 2842 4536 αὑτοῦ,
2873 4471 2960 4524 ἵνα
2985 4471 3094 4526 τῶν
3135 4473 3193 4524 ὲν
3228 4475 3360 4543 ἡμῖν
3398 4477 3584 4528 παθῶν
3615 4478 3713 4546 τὴν

2135 4561 2384 4630 πύρωσιν
2413 4561 2696 4633 ᾁποσϐέσῃ
2719 4579 2732 4593 ·
2764 4565 3017 4635 τυχόντες
3059 4566 3115 4618 δὲ
3164 4567 3504 4638 εὐεργεσίας,
3531 4570 3712 4621 διακο-

2133 4654 2388 4725 νήσωμεν
2436 4654 2606 4724 αὐτῷ,
2670 4655 3067 4726 θεραπεύοντες
3124 4660 3250 4722 τοὺς
3279 4663 3537 4730 πένητας.
3583 4661 3708 4730 Ἐφ’

2127 4749 2282 4801 όσον
2299 4748 2429 4816 γὰρ,
2462 4748 2650 4818 φησιν,
2683 4749 3009 4817 ἐποιήσατε
3031 4751 3122 4805 ἐνὶ
3143 4755 3368 4806 τούτων
3391 4753 3509 4807 τῶν
3537 4755 3714 4810 ἀδελο-

2127 4837 2260 4908 φῶν
2283 4857 2405 4908 μου
2432 4840 2553 4895 τῶν
2582 4842 2950 4912 ἐλαχίστων,
2986 4845 3114 4912 ἐμοὶ
3142 4844 3494 4913 ἐποιήσατε.
3525 4850 3713 4902 Διακο-

2127 4932 2384 5002 νήσωμεν
2410 4934 2468 4987 δὲ
2502 4937 2597 4988 καὶ
2648 4940 2762 5000 τοῖς
2790 4936 2957 4990 αὑτοῦ
2993 4941 3295 5009 μιμηταῖς,
3326 4939 3404 5004 ὡς
3445 4942 3711 5012 μαθηταξ

2130 5023 2298 5076 αὑτοῦ
2334 5023 2432 5078 καὶ
2460 5023 2541 5087 ὡς
2569 5025 2709 5097 ὑπὲρ
2739 5028 2898 5098 ήμῶν
2947 5030 3307 5088 ἱκετεύουσιν.

2205 5138 2365 5191 ΚΕΦ.
2410 5139 2488 5194 Γ’.
2528 5141 2671 5210 Περὶ
2715 5143 2834 5195 τῶν
2868 5144 3160 5270 ἓαθέντων
3193 5146 3312 5202 ἀπὸ
3350 5148 3644 5202 ποικίλων

2826 5231 2864 5267 ν
2905 5231 3054 5269 σων.

2826 5231 3054 5269 νοσων.

2141 5302 2346 5369 Ὀψίας
2376 5303 2444 5355 δὲ
2473 5306 2807 5375 γενομένης
2840 5337 2909 5348 ——-
2945 5307 3061 5377 τὴν
3093 5310 3304 5380 θύραν.
3349 5310 3582 5383 Εἴρηται
3620 5313 3708 5366 xal

1625 5598 1824 5660 Variae
1855 5599 2161 5666 lectiones
2200 5612 2260 5667 et
2299 5613 2487 5669 notae.

511 5758 624 5826 (18)
642 5758 824 5824 Forte,
885 5761 1203 5830 χρήσαιντο.

2202 5774 2313 5844 (19)
2384 5777 2443 5830 ’0
2475 5775 2700 5846 Κύριος.
2736 5776 2796 5837 Β.

504 5918 572 5987 (δ)
606 5916 786 5972 Etiam
819 5934 977 5974 nunc.
1015 5920 1258 5992 Corrige,
1294 5937 1500 5976 novam.
1548 5922 1854 5982 Hentenius
1894 5927 2014 5984 loco

2143 5934 2249 6004 ,vﬁv
2289 5936 2504 5991 videtur
2541 5938 2816 5996 invenisse
2837 5940 2927 5994 καὶ
2961 5941 3076 5996 νῦν.
