4032 6482
310 473 420 538 751

1297 467 1688 530 COMMENT.
1734 466 1818 526 IN
1858 463 2208 526 MARCUM.
2272 487 2318 496 -
2351 462 2517 524 CAP.
2557 463 2605 521 Ι.

3491 463 3594 525 732

313 585 452 656 περὶ
491 583 682 637 τούτου
717 582 773 634 ἐν
810 581 880 652 τῷ
927 580 1103 651 ἐνάτῳ
1133 580 1415 649 κεφαλαίῳ
1447 578 1544 632 τοῦ
1586 577 1727 631 κατὰ
1758 577 1912 631 Ματ-

2038 591 2204 627 niam.
2228 573 2441 628 Dictum
2477 582 2560 627 est
2596 583 2651 628 et
2678 573 2743 627 de
2784 572 2868 627 his
2897 574 3077 644 capite
3105 587 3254 628 nono
3279 572 3431 642 juxta
3456 576 3598 629 Mat-

314 679 492 730 θαϊον.

387 767 498 820 Kal
521 766 895 833 ἐθεράπευσε
926 795 989 804 —-—
1022 763 1296 827 ἐξέϐαλε.
1341 764 1398 815 Ὀ
1437 765 1536 832 μὲν
1581 761 1809 831 Μάρκος
1832 754 1913 812 εἴ·

315 877 440 924 πεν,
472 861 556 912 ὅτι
603 858 942 928 ἐθεράπευσε
994 855 1255 918 πολλούς’
1294 856 1322 906 6
1370 854 1426 907 δὲ
1478 853 1789 916 Ματθαῖος,
1827 853 1912 904 ὅτι

316 954 550 1012 πάντας.
591 949 824 1018 Ὁμοίως
852 949 906 1002 δὲ
965 947 1062 1000 καὶ
1107 949 1239 1016 περὶ
1271 944 1382 998 τῶν
1409 945 1729 1015 δαιμονίων,
1762 945 1790 996 6
1816 942 1914 1012 μὲν

317 1043 570 1114 Μάρκος,
605 1043 689 1095 ὅτι
733 1042 990 1110 δαιμόνια
1039 1037 1213 1091 πολλὰ
1256 1037 1549 1102 ὲξέὸαλεν·
1600 1037 1628 1087 6
1676 1035 1733 1087 δὲ
1765 1035 1917 1088 Ματο

320 1137 490 1203 θαῐος,
521 1137 603 1190 ὅτι
639 1136 858 1202 ὲξέόαλε
886 1135 954 1188 τὰ
991 1133 1283 1204 πνεύματα
1308 1175 1323 1199 ,
1360 1132 1631 1202 δηλονότι,
1668 1130 1868 1183 πάντα.

388 1230 452 1282 Τί
480 1229 574 1283 οῦν
605 1231 827 1300 φαμὲν;
861 1228 934 1282 T6
978 1228 1256 1294 πολλοὺς
1284 1226 1520 1280 ἐνταῦθα
1553 1226 1647 1279 καὶ
1674 1225 1736 1278 16
1767 1226 1918 1278 Πολ·

321 1322 400 1375 ,ιὰ
450 1321 791 1392 προσέθηκεν
843 1323 871 1374 6
900 1320 1319 1390 εὐαγγελιστὴς,
1361 1319 1460 1387 οὐχ
1507 1319 1588 1370 ὅτι
1643 1315 1915 1384 παρέλιπέ

321 1431 472 1476 τινας
506 1401 939 1484 ἀθεραπεύτους,
975 1412 1004 1464 6
1038 1412 1244 1478 Κύριος
1274 1411 1384 1464 οὐδ’
1405 1413 1487 1463 ὅτι
1510 1409 1766 1480 δαιμόνια
1797 1424 1916 1460 τινα

320 1506 560 1576 ἀφῆκεν,
594 1504 734 1570 ἀλλ’,
767 1505 854 1557 ἵνα
877 1505 1030 1576 δείξῃ
1059 1504 1220 1574 μόνον
1245 1505 1272 1556 6
1304 1502 1555 1572 Μάρκος,
1590 1503 1673 1554 ὄτι
1707 1499 1918 1570 πλῆθος

317 1596 460 1670 ἦσαν
483 1600 530 1651 οἱ
559 1597 1013 1666 θεραπευθέντες.
1049 1596 1145 1649 καὶ
1186 1597 1269 1649 ὅτι
1319 1593 1493 1647 πολλὰ
1518 1589 1587 1666 ἦν
1618 1593 1687 1645 τὰ
1719 1591 1918 1658 ἐκϐλη-

320 1695 483 1746 θέντα
511 1691 790 1760 δαιμόνια.
834 1690 1040 1743 Σκόπει
1073 1689 1153 1756 δὲ,
1188 1687 1306 1751 πῶς
1331 1689 1389 1740 16
1408 1686 1673 1757 δαιμονᾷν
1698 1683 1759 1738 οὑ
1791 1701 1918 1736 συν.

319 1787 507 1840 τάττει
532 1787 655 1848 ταῖς
693 1783 885 1847 ἄλλαις
934 1783 1113 1846 νόσοις
1167 1782 1284 1838 ἀλλ’
1319 1779 1465 1844 ἰδίως
1515 1779 1649 1832 αὐτὸ
1678 1777 1916 1846 τίθησιν,

317 1882 393 1942 ὡς
425 1878 840 1950 χαλεπώτατον.

395 2053 505 2109 Kal
544 2055 655 2107 οὐκ
695 2085 766 2094 ~—
806 2055 1016 2108 αὐτόν.
1065 2053 1342 2106 Ὲκώλυεν
1375 2052 1488 2123 (20)
1523 2051 1666 2106 αὐτὰ
1707 2051 1912 2115 λαλεῖν,

319 2146 450 2214 περὶ
494 2143 692 2198 ἑαυτοῦ
730 2141 1005 2214 κράζοντα
1031 2182 1044 2203 ,
1089 2143 1233 2196 καθὰ
1259 2142 1372 2212 (Ἢ)
1407 2143 1696 2212 ἱστόρησεν
1726 2143 1753 2194 ὀ
1782 2142 1920 2193 Λου-

320 2239 447 2300 κᾶς,
480 2238 576 2290 καὶ
601 2235 856 2304 λέγοντα,
885 2235 968 2287 ὅτι
999 2234 1082 2288 Σὺ
1114 2229 1170 2287 εἷ
1199 2235 1230 2287 ὀ
1259 2235 1536 2301 Χριστὸς,
1585 2237 1617 2286 ὁ
1649 2232 1788 2297 Υίός
1815 2229 1919 2284 τοῦ

326 2332 497 2385 θεοῦ.
536 2331 789 2384 Ἐλάλουν
811 2329 866 2381 6‘;
893 2329 1025 2400 περὶ
1052 2326 1218 2379 αὐτοῦ
1254 2327 1388 2397 (22),
1417 2327 1498 2380 ὅτι
1525 2327 1727 2397 ᾔδεσαν
1755 2324 1922 2376 αὺτὶν

325 2425 455 2477 ὅντα
503 2423 592 2476 τὸν
651 2422 913 2490 Χριστὸν,
975 2421 1052 2485 ὡς
1103 2421 1131 2471 6
1191 2421 1416 2482 Λουκᾶς
1466 2419 1630 2472 πάλιν
1673 2417 1918 2488 εἴρηκεν.

334 2517 667 2585 Ἑγίνωσκον
715 2515 770 2568 δὲ
829 2515 1011 2580 αὐτὸν,
1077 2514 1502 2586 προσδαλοὺσης
1557 2512 1742 2574 αὐτοῖς
1789 2525 1919 2577 atpo-

323 2607 467 2678 δρῶς
496 2605 596 2675 τῆς
627 2608 851 2668 ἀκτῖνος
882 2609 980 2676 τῆς
1028 2605 1316 2676 θεότητος,
1377 2603 1550 2675 πυρὸς
1595 2601 1754 2671 δίκην
1774 2617 1789 2633 ο
1821 2601 1922 2654 οὐκ

323 2702 412 2754 εἷα
439 2701 496 2754 δὲ
527 2701 668 2753 αὐτὰ
703 2699 909 2764 λαλεῖν,
945 2700 1035 2753 διὰ
1087 2701 1186 2768 τὴν
1223 2699 1426 2764 αἰτίαν,
1472 2698 1538 2769 ἧν
1571 2697 1925 2751 ἀποδεδώκα-

327 2812 426 2863 μεν
461 2793 744 2864 ἀνωτέρω,
781 2791 911 2844 ἔνθα
947 2791 1195 2861 ὲφίμωσε
1225 2790 1284 2844 16
1330 2791 1653 2860 ἀκάθαρτον
1699 2789 1921 2857 πνεῦμα

323 2886 415 2939 τοῦ
446 2889 503 2938 ὲν
534 2889 598 2955 τῇ
630 2888 922 2955 συναγωγῇ
955 2884 1109 2946 δντος
1139 2881 1453 2954 ἀνθρώπου.

395 2978 506 3033 Kal
536 2977 689 3046 πρωῒ
717 2977 985 3046 ἔννυχον
1029 3007 1096 3019 —-
1141 2978 1548 3044 προσηύχετο.
1589 2977 1921 3043 Ἕννυχον,

327 3072 452 3124 ἀντὶ
503 3071 619 3136 τοῦ,
669 3070 886 3132 Νυκτὸς
935 3069 1016 3122 ἔτι
1068 3069 1258 3140 οὓσης.
1309 3068 1383 3122 T6
1431 3069 1542 3140 γὰρ
1585 3067 1706 3122 λίαν
1752 3067 1918 3138 πρωῒ,

326 3167 546 3235 ἕννυχόν
592 3166 762 3228 ἐστιν,
793 3165 993 3228 εῐτουν,
1045 3163 1321 3216 ἐνσκοτον.
1378 3161 1538 3215 Οὕτω
1587 3163 1697 3231 γὰρ
1752 3161 1846 3213 καὶ
1895 3162 1922 3211 6

2019 667 2239 720 thaaum.

2085 757 2242 812 Vers.
2269 757 2659 812 5L.Etcuravit
2676 788 2741 799 -
2762 760 2936 827 ejecit.
2965 758 3180 813 Marcus
3198 759 3421 829 quidem
3445 759 3606 824 dixit,

2013 850 2158 918 quod
2188 849 2390 905 multos
2409 852 2706 904 curaverit.
2734 850 3018 905 Matthaaus
3033 867 3162 905 vero
3179 851 3323 921 quod
3343 852 3607 907 omnes".

2018 938 2279 996 Similiter
2302 951 2485 997 autem
2505 951 2560 997 et
2590 942 2659 996 de
2682 941 2969 996 dannoniis
3015 942 3156 996 dixit
3193 942 3428 1009 Marcus,
3461 944 3610 1012 quod

2015 1033 2284 1087 dzemonia
2319 1033 2494 1088 multa
2513 1033 2678 1104 eiecit
2702 1049 2720 1100 ;
2756 1031 3044 1089 Matthteus
3067 1049 3200 1089 vero
3219 1035 3363 1105 quod
3387 1035 3612 1104 spiritus

2015 1123 2178 1192 ejecit
2202 1124 2269 1188 ”,
2293 1134 2425 1195 puta
2457 1139 2672 1180 omnes.

2087 1217 2232 1284 Quid
2281 1233 2411 1288 ergo
2467 1217 2752 1272 dicimus?
2819 1216 2976 1284 Quod
3049 1217 3359 1281 Multos‘et
3414 1218 3609 1280 Multa,

2018 1309 2225 1363 addidit
2255 1308 2348 1362 hic
2379 1307 2748 1379 Evangelista,
2783 1323 2892 1362 non
2925 1308 3071 1378 quod
3128 1309 3340 1377 aliquos
3389 1319 3614 1376 praeter-

2019 1401 2238 1456 miserit
2266 1400 2555 1465 Dominus,
2583 1399 2714 1470 quin
2744 1393 3043 1465 curaverit,
3087 1407 3183 1454 aut
3216 1401 3482 1455 daemonia
3513 1401 3614 1454 ali-

2018 1510 2124 1564 qua
2155 1493 2462 1564 reliquerit,
2523 1493 2620 1547 sed
2681 1500 2918 1559 tantum,
2969 1500 3032 1547 ut
3088 1491 3342 1546 ostendat
3375 1491 3612 1557 Marcus,

2018 1586 2164 1657 quod
2198 1586 2358 1640 multi
2388 1584 2611 1640 fuerunt
2635 1585 2728 1656 qui
2763 1585 2940 1640 sanati
2972 1595 3121 1651 sunt,
3146 1585 3426 1653 multaque
3499 1585 3614 1654 eje-

2020 1689 2107 1734 cta
2141 1679 2436 1734 daemonia.
2469 1677 2778 1734 Considera
2839 1686 3025 1732 autem
3077 1675 3355 1744 quomodo
3409 1675 3618 1732 daemo-

2021 1771 2240 1825 niacutn
2273 1784 2418 1836 esse,
2471 1783 2582 1824 non
2643 1769 2943 1839 conjungat
3004 1767 3126 1821 aliis
3177 1767 3615 1827 inﬁrmitatibus.

2025 1863 2119 1917 sed
2149 1861 2253 1916 hoc
2275 1878 2372 1933 per
2398 1876 2458 1917 se
2483 1872 2651 1931 ponat
2697 1868 2959 1931 tanquam
2995 1861 3048 1916 id
3069 1861 3216 1930 quod
3245 1861 3616 1915 miserrimum

2023 1966 2131 2010 est.

2097 2049 2258 2104 Vers.
2291 2048 2382 2103 34.
2417 2047 2488 2106 Et
2510 2070 2610 2107 non
2628 2084 2698 2094 —-
2717 2048 2908 2123 ipsum.
2935 2045 3270 2101 Prohibebat
3299 2045 3414 2120 ipsa
3441 2045 3508 2100 de
3558 2061 3618 2100 se

2028 2141 2214 2211 loqui,
2249 2141 2544 2200 clamantia
2590 2145 2733 2200 sicut
2791 2147 2928 2202 dixit
2966 2139 3162 2214 Lucas,
3221 2145 3277 2193 et
3327 2136 3573 2201 dicentia
3600 2155 3622 2180 ‘

2030 2232 2109 2287 Tu
2140 2249 2194 2289 es
2219 2235 2458 2292 Christus
2498 2237 2668 2292 Filius
2706 2238 2806 2292 Dei
2831 2242 2896 2293 ".
2928 2239 3316 2310 Loquebantur
3367 2258 3499 2298 vero
3556 2242 3624 2298 de

2026 2340 2095 2380 eo
2133 2328 2390 2398 quoniam
2415 2341 2683 2384 noverant
2704 2330 2881 2400 ipsum
2936 2347 3062 2387 esse
3108 2332 3414 2401 Christum,
3478 2335 3624 2390 sicut

2028 2434 2250 2474 rursum
2292 2419 2650 2476 dixitLueas.
2689 2421 3116 2491 Cognoscebant
3140 2437 3326 2480 autem
3377 2442 3478 2496 per
3535 2441 3625 2480 ra-

2027 2513 2180 2566 dium
2206 2513 2535 2577 divinitatis,
2562 2516 2653 2584 qui
2691 2515 2745 2569 in
2789 2531 2885 2572 eos
2917 2517 2984 2571 ad
3013 2522 3236 2573 modum
3267 2519 3407 2589 ignis
3452 2519 3626 2590 jacie-

2027 2606 2210 2661 batur.
2258 2605 2380 2660 Non
2433 2607 2654 2662 sinebat
2710 2607 2876 2663 etiam
2932 2610 3160 2680 ealoqui
3207 2623 3434 2682 propter
3490 2628 3622 2668 cau-

2035 2714 2154 2754 sam
2189 2715 2355 2768 quam
2405 2700 2664 2770 superius
2710 2701 3073 2766 reddidimus,
3134 2703 3226 2758 ubi
3245 2705 3628 2760 obmutescere

2028 2791 2159 2847 fecit
2194 2793 2450 2862 spiritum
2484 2793 2830 2848 immundum
2853 2794 3099 2850 hominis
3127 2800 3180 2850 in
3217 2797 3495 2868 Synagoga
3528 2813 3624 2852 ve-

2028 2886 2159 2939 xati.

2102 2979 2262 3032 Vers.
2298 2977 2388 3032 '55.
2414 2978 2483 3031 Et
2515 2995 2726 3032 suntme
2773 2995 2931 3032 mane
2961 3008 3030 3018 —
3069 2981 3279 3034 orabat.
3331 2982 3390 3037 ln
3434 3000 3630 3054 crepu-

2028 3070 2204 3134 sculo,
2237 3070 2342 3125 hoc
2371 3079 2474 3136 est,
2500 3085 2624 3124 eum
2650 3070 2832 3125 adhuc
2865 3085 2970 3124 nox
2994 3085 3138 3127 esset
3163 3091 3176 3133 ;
3204 3090 3478 3130 summum
3515 3094 3631 3133 ma-

2031 3180 2100 3217 ne
2131 3163 2279 3217 enim
2315 3165 2702 3232 crepusculum
2731 3175 2818 3219 est
2849 3167 2964 3221 sive
2996 3165 3325 3220 diluculum.
3367 3168 3457 3224 Sic
3480 3171 3628 3226 enim

338 3262 597 3330 Ἰωάννης
629 3261 852 3329 εἴρηκεν
889 3261 945 3310 ὲν
982 3256 1199 3321 ἄλλοις,
1248 3257 1331 3309 ὅτι
1371 3257 1568 3324 Μαρία
1607 3257 1645 3323 ἠ
1679 3253 1916 3325 Μαγδα-

2038 3256 2161 3310 alibi
2195 3270 2418 3326 quoque
2455 3255 2595 3310 dixit
2627 3254 2891 3319 Joannes,
2919 3259 3066 3327 quod
3098 3257 3280 3313 Maria
3316 3261 3632 3331 Magdalenc

323 3354 486 3421 .lnrh
528 3353 765 3422 ἔρχεται
811 3352 982 3420 πρωῒ,
1021 3351 1276 3415 σκοτίας
1320 3350 1406 3404 ἔτι
1453 3350 1670 3416 οὔσης,
1719 3351 1805 3414 εἰς
1855 3349 1923 3401 τὸ

321 3443 621 3514 μνημεῖον
659 3457 674 3472 °
703 3441 839 3496 ἀλλὰ
898 3442 1012 3512 (‘25)
1060 3443 1157 3494 καὶ
1198 3442 1426 3513 Μάρκος
1457 3441 1578 3510 μὲν,
1620 3443 1926 3511 Ἕννυχον

327 3537 486 3589 εἶπε·
522 3537 738 3599 Λουκᾶς
782 3534 862 3596 δὲ,
899 3534 1245 3604 γενομένης
1282 3533 1534 3602 ἡμέρας.
1571 3534 1689 3586 Οὐκ
1721 3532 1922 3586 ἔστιδὲ

326 3629 744 3698 ἐναντιοφωνία.
806 3629 880 3680 '1‘6
936 3629 1046 3697 γὰρ
1123 3627 1246 3680 λίαν
1311 3626 1493 3697 πρωῒ,
1555 3625 1812 3680 ἔνσκοτόν
1863 3645 1924 3680 τε

327 3723 467 3785 ἐστὶ,
497 3722 594 3775 καὶ
624 3721 767 3791 ἀρχὴ
792 3721 888 3790 τῆς
914 3722 1156 3790 ἡμέρας.

408 3815 652 3884 ’Λπῆλθε
678 3815 736 3866 δὲ
785 3815 868 3876 εἰς
900 3813 1160 3884 ἐρημίαν,
1190 3811 1464 3865 διδάσκων
1509 3813 1683 3882 ἡμᾶς,
1729 3811 1826 3866 ἐάν
1871 3811 1924 3863 τί

327 3922 460 3960 ποτε
514 3907 835 3976 ποιήσωμεν
897 3904 1364 3974 ἀξιοθαύμαστον,
1419 3903 1646 3972 φεύγειν
1687 3905 1779 3957 τὸν
1816 3902 1927 3957 ἀπὸ

324 3999 434 4050 τῶν
475 3999 780 4068 ἀνθρώπων
824 3997 1066 4060 ἔπαινον,
1120 4000 1216 4049 καὶ
1265 3996 1409 4048 κατὰ
1458 3996 1655 4065 μόνους
1701 3999 1922 4068 γινομέ-

327 4110 451 4154 νονς
491 4092 847 4162 εὐχαριστεῖν
891 4107 949 4142 τε
981 4089 1058 4160 τῷ
1091 4089 1233 4159 Θεῷ,
1267 4090 1347 4159 τῷ
1379 4090 1522 4142 δόντι
1573 4089 1734 4162 χάριν
1767 4084 1922 4160 ἡμῖν,

328 4186 425 4238 καὶ
483 4184 892 4255 προσεύχεσθαι
957 4183 1534 4253 ὲνδυναμωθῆναιέτι.
1610 4184 1925 4253 Ἐπιτηδεία

324 4280 381 4332 δὲ
407 4281 486 4340 εἰς
517 4276 833 4349 προσευχὴν
862 4279 896 4344 ἡ
931 4275 1160 4347 ἐρημία,
1199 4277 1286 4330 διὰ
1320 4277 1382 4330 16
1408 4277 1845 4347 ἀπερίσπαστον.

398 4373 504 4425 Kal
538 4369 912 4435 κατεδίωξαν
946 4396 1015 4409 -
1053 4368 1318 4438 ζητοῦσι.
1348 4371 1578 4441 Μάρκος
1625 4371 1724 4441 μὲν
1746 4371 1918 4438 λέγει,

325 4466 406 4516 ὅτι
446 4464 504 4516 Ὀ
536 4464 734 4533 Σίμων
784 4466 882 4517 καὶ
933 4465 988 4518 οἱ
1021 4463 1153 4533 μετ’
1195 4463 1389 4518 αὑτοῦ
1428 4465 1693 4534 μαθηταὶ
1743 4481 1924 4518 κατα-

325 4558 654 4624 διώξαντες
686 4555 869 4627 εὗρον
899 4561 1092 4614 αὐτόν
1117 4577 1130 4589 ·
1159 4562 1188 4613 6
1218 4561 1276 4612 δὲ
1309 4562 1524 4624 Λουκᾶς
1554 4562 1640 4614 ὅτι
1666 4563 1716 4614 οἱ
1747 4562 1917 4632 ὄχλοι.

330 4654 493 4716 Εἰκὸς
519 4653 596 4716 δὲ,
641 4654 738 4707 καὶ
799 4654 971 4726 ἄμφω
1018 4653 1197 4708 ταῦτα
1237 4655 1520 4724 γενέσθαι,
1557 4658 1651 4708 καὶ
1701 4655 1922 4726 πρῶτον

329 4744 453 4815 μὲν,
478 4745 605 4806 τοὺς
636 4745 888 4816 μαθητὰς
917 4745 1076 4801 τοῦτο
1107 4746 1374 4816 ποιῆσαι·
1404 4743 1525 4801 εἶτα
1553 4751 1679 4812 τοὺς
1705 4748 1920 4820 ὄχλους.

325 4839 439 4892 Καὶ
470 4839 584 4908 γὰρ
623 4839 992 4909 προλαϐόντες
1037 4842 1088 4894 οἱ
1125 4842 1390 4910 μαθηταὶ,
1437 4835 1526 4894 οἷα
1584 4841 1923 4914 θερμότερον

327 4932 492 4985 αὑτὸν
529 4933 878 5000 ἀγαπῶντες,
928 4931 1082 4988 εἷπον
1129 4937 1258 5008 περὶ
1285 4938 1392 4990 τῶν
1415 4937 1612 5008 ὄχλων,
1646 4939 1728 4991 ὁτι
1761 4939 1921 4992 Πάν-

325 5042 425 5091 τες
460 5041 536 5079 σε
567 5025 874 5093 ζητοῦσιν.
915 5030 1056 5099 Ὀρα
1087 5028 1143 5082 δὲ
1174 5031 1322 5095 ὅπως
1350 5032 1383 5102 ἡ
1427 5031 1780 5103 ἀναχώρησις
1823 5050 1921 5085 πο-

328 5120 535 5175 θεινότε
545 5139 640 5192 ρον
670 5123 833 5175 αὐτὸν
866 5123 1118 5178 ἐποίησε.

397 5299 505 5354 Καὶ
533 5300 719 5368 λέγει.
761 5331 830 5340 -
875 5301 1243 5370 ἐξελήλυθα.
1299 5303 1466 5368 Πόλις
1523 5305 1626 5376 μέν
1679 5309 1851 5375 ἐστιν,
1887 5311 1920 5378 ἡ

323 5392 733 5464 τετειχισμένηο
771 5391 937 5465 κώμη
968 5395 1047 5468 δὲ,
1073 5396 1106 5466 ἡ
1132 5395 1466 5467 ἀτείχιστος·
1495 5398 1815 5469 κωμόπολις
1841 5399 1919 5463 δὲ,

398 5563 443 5594 ’⁷
480 5561 676 5618 Matth.
720 5579 832 5629 \‘lll,
862 5563 946 5618 lG.
1027 5564 1072 5596 "
1117 5563 1258 5621 lbid.
1377 5567 1422 5598 "
1469 5566 1601 5624 Luc.
1636 5585 1715 5633 tv,
1757 5569 1846 5623 4|.

1962 5570 2006 5601 ³⁸
2037 5568 2198 5625 Joan.
2228 5583 2318 5629 xx,
2363 5567 2410 5620 l.

2033 3352 2170 3404 venit
2206 3367 2414 3404 simimo
2438 3367 2594 3404 mane
2619 3366 2737 3404 cum
2761 3351 2936 3403 adhuc
2959 3351 3185 3406 tenebra:
3210 3364 3376 3408 essent
3405 3355 3471 3410 ³⁸.
3526 3357 3632 3410 Ve-

2032 3459 2152 3498 rum
2178 3442 2392 3497 Marcus
2418 3443 2640 3512 quidem
2673 3442 2779 3496 hoc
2801 3444 2921 3497 loco
2947 3443 3106 3507 dixit,
3159 3445 3216 3499 ln
3261 3448 3586 3516 crepusculo
3615 3466 3629 3514 ;

2032 3536 2208 3591 Lucas
2248 3550 2380 3590 vero
2410 3553 2423 3589 :
2464 3534 2630 3589 Facto
2662 3537 2747 3590 die
2775 3537 2840 3591 ³³.
2876 3536 2995 3591 Non
3011 3549 3094 3592 est
3117 3549 3301 3594 autem
3357 3544 3635 3598 contradi-

2031 3631 2180 3694 ctio;
2222 3645 2348 3682 nam
2386 3629 2545 3684 valde
2576 3644 2739 3683 mane
2771 3637 2825 3684 et
2858 3631 3247 3699 crepusculum
3307 3644 3411 3700 est,
3453 3636 3632 3690 ctdiei

2031 3720 2382 3790 principium.

2099 3812 2245 3866 Abiit
2273 3821 2457 3867 autem
2489 3814 2540 3866 in
2577 3811 2858 3868 desertum
2883 3816 3087 3882 locum,
3123 3825 3182 3870 ut
3218 3833 3321 3871 nos
3380 3818 3631 3884 doceret,

2030 3907 2174 3977 quod
2203 3907 2245 3962 si
2269 3907 2491 3976 quando
2525 3907 2892 3963 admiratione
2925 3910 3092 3980 digna
3138 3910 3456 3975 fecerimtis,
3513 3912 3634 3965 lau-

2031 4002 2154 4054 dem
2190 3999 2258 4053 ab
2285 3999 2602 4055 hominibus
2631 3999 2941 4071 fugiamus:
2979 4011 3034 4056 et
3065 4003 3134 4056 ab
3161 4003 3280 4057 aliis
3337 4007 3630 4076 segregati,

2034 4092 2144 4147 Deo
2173 4093 2265 4161 qui
2292 4093 2450 4147 nobis
2479 4092 2815 4147 beneﬁcium
2845 4094 3081 4149 contulit
3133 4096 3335 4167 gratius
3384 4114 3632 4166 agamus,

2031 4199 2094 4239 ac.
2145 4184 2516 4254 deprecemur
2575 4193 2634 4237 ut
2684 4183 2826 4238 illud
2871 4184 2927 4237 in
2990 4193 3272 4254 posterum
3329 4185 3634 4242 conﬁrmet.

2030 4275 2186 4331 Unde
2206 4275 2360 4330 locus
2392 4276 2642 4330 desertus
2660 4275 2896 4329 orationi
2924 4277 3259 4331 conveniens
3284 4287 3387 4341 est,
3412 4279 3636 4348 ecquod

2030 4370 2445 4423 distractionem
2481 4385 2586 4422 non
2611 4368 2826 4423 all'erat.

2102 4462 2259 4517 Vers.
2308 4463 2397 4517 56.
2435 4460 2502 4515 Et
2533 4463 2799 4530 prosecuti
2840 4472 2961 4516 sunt
3020 4493 3090 4504 --
3135 4461 3292 4518 Vers.
3344 4463 3437 4517 57.
3489 4482 3637 4533 qua:—

2033 4563 2178 4610 runt.
2208 4555 2426 4609 Marcus
2463 4555 2690 4626 quidem
2715 4555 2826 4608 ait:
2869 4553 3078 4621 Simon,
3135 4565 3183 4608 et
3229 4556 3319 4626 qui
3367 4572 3486 4608 cum
3544 4559 3636 4610 illo

2035 4661 2188 4705 erant
2263 4651 2525 4720 prosecuti
2595 4650 2910 4703 invenerunt
2979 4666 3120 4706 eum.
3182 4647 3359 4704 Lucas
3426 4658 3637 4716 autem,

2037 4747 2180 4818 quod
2215 4746 2388 4800 turba:
2425 4745 2492 4798 ³².
2519 4743 2836 4799 Verisimile
2893 4759 3022 4815 ergo
3049 4751 3156 4810 est,
3196 4753 3491 4813 utrumque
3554 4747 3637 4800 fa-

2032 4847 2184 4893 ctum
2219 4851 2359 4901 esse,
2391 4844 2442 4890 et
2477 4834 2714 4905 primum
2758 4834 2979 4904 quidem
3009 4836 3307 4905 discipulos
3331 4835 3432 4891 hoc
3474 4837 3636 4892 iecis-

2035 4946 2116 4996 se,
2142 4930 2344 4985 deinde
2381 4945 2512 4984 vero
2539 4929 2748 4984 turbas.
2777 4927 2999 4983 Etenim
3051 4929 3364 4999 discipulis,
3433 4942 3492 4984 ut
3542 4932 3634 5001 qui

2033 5026 2338 5084 ferventius
2361 5041 2485 5078 eum
2515 5025 2773 5080 amabant
2801 5025 3264 5094 anticipaverunt,
3297 5025 3545 5082 dicentes
3567 5026 3636 5079 de

2032 5122 2243 5178 turbis:
2281 5118 2473 5174 Omnes
2497 5127 2741 5188 quwrunt
2766 5127 2836 5172 te.
2868 5117 3000 5171 Vide
3037 5127 3221 5171 autem
3251 5116 3528 5185 quomodo
3549 5130 3636 5171 se-

2034 5217 2215 5273 cessio
2238 5212 2752 5270 desiderabiliorem
2779 5225 2908 5264 eum
2937 5209 3278 5265 reddiderat.

2104 5307 2356 5363 Vers.58.
2393 5305 2462 5359 Et
2505 5306 2582 5359 ait
2637 5333 2706 5344 ——
2742 5320 2981 5374 egressus
3039 5319 3179 5359 sum.
3215 5303 3490 5374 Oppidum
3549 5305 3632 5360 vel

2034 5404 2227 5458 civitas
2273 5414 2376 5464 est,
2417 5413 2538 5470 qur.
2565 5413 2751 5454 muros
2806 5398 3011 5462 habet;
3059 5413 3232 5470 pagus
3283 5408 3464 5453 autem
3517 5400 3632 5454 sive

2526 5566 2566 5596 ³¹
2604 5565 2739 5619 Luc.
2785 5580 2857 5627 ιν,
2893 5563 2982 5617 Η.
3031 5564 3075 5594 ³¹
3113 5561 3247 5618 Luc.
3279 5577 3351 5626 tv,
3397 5561 3485 5615 4-2.

1533 5731 1736 5794 Variae
1761 5729 2075 5796 lectiones
2119 5734 2180 5790 et
2214 5734 2406 5790 notae.

401 5892 514 5963 (20)
561 5891 894 5947 Ἐκὼλυσεν.
944 5895 1008 5948 Λ.

401 5963 514 6032 (ει)
573 5963 796 6027 Καθὼς.
834 5965 892 6018 Β.

2110 5897 2222 5958 (Ἦ)
2250 5896 2424 5951 Avia.
2459 5895 2517 5947 Β.

2113 5968 2228 6036 (25)
2284 5968 2392 6023 Καί
2418 5965 2621 6022 omittit
2672 5965 2731 6018 Β.
