4032 6494
399 457 525 521 Ἷῧ3

1651 456 1974 518 EUTHYM
1979 457 2040 518 II
2081 456 2447 519 ZIGABENI

3594 460 3704 525 784

422 577 549 628 villa
594 574 885 641 autvicus,
918 588 1038 645 quae
1078 571 1251 629 muris
1286 580 1477 641 caret;
1502 571 1821 643 κωμοπολις
1886 588 2011 629 vero

2138 592 2146 643 ι
2188 574 2248 625 ὲν
2297 572 2456 645 μέρει
2490 570 2591 644 μιν
2622 570 2934 643 ἀτείχιστος
2972 588 2988 605 ·
3041 574 3100 628 ὲν
3144 573 3302 645 μέρει
3370 574 3427 628 δὲ
3472 591 3699 647 τετειχι-

422 667 572 738 quod
598 668 685 722 hic
712 667 954 738 ponitur,
986 665 1137 721 vicos
1166 665 1439 737 significat
1462 664 1722 735 majores,
1747 674 1844 720 aut
1862 666 2020 736 oppi-

422 760 550 814 dula
588 760 884 824 rusticana,
909 774 1033 828 qua!
1050 766 1107 813 et
1126 758 1229 813 vici
1247 768 1303 812 et
1318 758 1519 827 oppida
1545 757 1718 813 videri
1740 768 1972 828 possunt
2003 775 2017 809 :

424 852 619 923 partim
650 848 870 920 quidem
926 852 1100 905 muris
1150 849 1352 916 cincta,
1383 849 1576 921 partim
1607 858 1790 903 autem
1850 846 2022 902 muris

424 943 692 998 carentia.
716 942 1015 1005 Abeamus,
1046 941 1246 1011 inquit,
1279 943 1336 996 in
1364 942 1466 997 bos
1492 941 1657 997 etiam
1686 940 1852 1004 vicos,
1906 942 2022 993 sive

422 1035 489 1089 ad
534 1034 649 1088 haec
682 1033 967 1104 Oppidula,
1004 1042 1065 1089 ut
1090 1034 1145 1087 in
1167 1032 1274 1088 illis
1305 1049 1526 1104 quoque
1564 1031 1880 1103 praedicem.
1915 1030 2021 1084 Lu-

422 1142 517 1181 cas
536 1141 666 1180 vero
687 1141 862 1194 genus
878 1141 1098 1197 quoque
1132 1125 1540 1197 praedicationis
1556 1124 1767 1180 addidit
1786 1124 1977 1179 dicens
2001 1140 2017 1178 :

423 1218 644 1287 Oportet
679 1235 760 1273 me
792 1220 1122 1273 armumiare
1148 1235 1367 1290 regnum
1398 1217 1495 1272 Dei
1528 1217 1595 1282 ³³,
1631 1216 1778 1288 quod
1826 1215 2020 1271 videli-

422 1322 511 1365 cet
542 1311 1098 1381 appropinquaverit,
1135 1320 1198 1365 ut
1253 1326 1419 1380 super
1457 1309 1751 1365 credentcs
1805 1314 2020 1377 regnet,

421 1401 893 1468 quemadmodum
926 1403 1070 1455 circa
1103 1400 1379 1471 principia
1414 1398 1822 1469 praedicationis
1851 1396 2021 1453 Chri-

422 1492 490 1541 sti
518 1491 572 1542 in
612 1489 912 1559 Evangelio
949 1489 1102 1559 juxta
1141 1488 1458 1542 Matthaaum
1519 1487 1726 1541 dictum
1769 1492 1874 1539 est.
1913 1481 2020 1537 Sed

424 1579 638 1635 Marcus
670 1580 894 1650 quidem
922 1580 1089 1635 habet
1117 1598 1130 1635 :
1163 1578 1421 1649 Egressus
1441 1593 1601 1642 sum;
1645 1576 1826 1631 Lucas
1867 1587 2018 1637 vero,

430 1673 618 1728 Missus
652 1690 770 1727 sum
807 1674 870 1727 “.
905 1672 1012 1727 Sed
1040 1672 1343 1727 verisimile
1372 1679 1458 1725 est
1480 1678 1784 1739 utrumque
1807 1666 2023 1723 dictum

423 1765 617 1829 fuisse,
660 1779 809 1818 nunc
845 1764 973 1827 hoc,
1006 1777 1155 1817 nunc
1179 1772 1364 1817 autem
1420 1761 1573 1815 illud.
1618 1758 1686 1814 Et
1726 1759 1856 1830 quia
1912 1758 2022 1813 duo

2125 666 2323 735 σμένη.
2403 662 2706 734 Ἐχομένας
2754 663 2811 717 δὲ
2872 662 3054 733 λέγει,
3098 663 3207 727 τὰς
3276 662 3703 733 πλησιαζούσας.

2134 754 2513 825 ’Λπέλθωμεν,
2544 755 2703 826 φησι,
2730 756 2829 809 καὶ
2859 756 2941 819 είς
2969 755 3198 820 ταύτας.
3260 756 3358 810 Διά
3388 755 3548 809 τοῦτο
3594 757 3704 826 γὰρ

2123 844 2447 916 ἐξελήλυθα,
2478 845 2566 899 διὰ
2606 846 2666 898 τὸ
2690 846 2954 917 κηρύξαι,
2988 846 3216 919 δηλαδὴ,
3278 850 3373 901 καὶ
3405 850 3461 900 ὲν
3488 849 3704 911 αὐταῖς.

2133 939 2195 993 '0
2222 939 2279 992 δὲ
2320 938 2535 1001 Λουκᾶς
2574 939 2670 993 καὶ
2699 939 2760 991 τὸ
2800 935 2941 1001 είδος
2976 938 3071 991 τοῦ
3119 940 3479 1011 κηρύγματος
3531 958 3705 1011 προσ-

2125 1030 2344 1101 έθηκεν,
2377 1029 2551 1084 είπών
2589 1045 2604 1061 ο
2638 1030 2721 1083 ὅτι
2767 1032 3299 1100 Εὑαγγελισασθαί
3335 1050 3413 1103 με
3460 1032 3554 1088 δεῖ
3593 1034 3707 1100 τὴν

2116 1123 2450 1189 ,βασιλείαν
2486 1122 2592 1178 τοῦ
2628 1122 2799 1188 Θεοῦ,
2827 1122 3032 1195 δηλαδὴ
3064 1125 3147 1177 ὅτι
3179 1125 3431 1194 ήγγικεν,
3485 1126 3570 1179 ἶνα
3611 1124 3706 1193 βα-

2124 1214 2349 1287 σιλεύσῃ
2381 1217 2491 1269 τῶν
2527 1215 2926 1281 πιστευόντων,
2960 1216 3069 1286 ⁸ὡς
3120 1215 3243 1271 κατ’
3287 1217 3461 1287 ἀρχάς
3485 1217 3579 1271 τοῦ
3606 1235 3701 1287 κη-

2127 1309 2410 1379 ρύγματος
2469 1307 2567 1361 τοῦ
2634 1306 2878 1378 Χριστοῦ
2959 1310 3019 1362 ὲν
3075 1307 3154 1379 τῷ
3222 1308 3363 1362 κατὰ
3429 1309 3710 1364 Ματθαῖον

2122 1400 2448 1472 Εὐαγγελίῳ
2481 1400 2832 1471 προείρηται.
2881 1400 3045 1455 ’Λλλὰ
3079 1399 3312 1472 Μάρκος
3366 1403 3464 1472 μέν
3498 1419 3661 1474 φησιν
3694 1417 3709 1432 ο

2122 1496 2207 1549 ὃτι
2250 1494 2631 1561 Ἐξελήλμθα
2672 1509 2688 1525 ·
2734 1495 2951 1557 Λουκᾶς
3000 1495 3057 1548 δὲ
3087 1533 3101 1558 ,
3157 1496 3238 1549 ὃτι
3294 1496 3710 1564 Ἀπέσταλμαι.

2124 1588 2287 1650 Είκδς
2326 1587 2386 1640 δὲ
2432 1587 2527 1640 καὶ
2568 1587 2740 1657 ἄμφω
2790 1587 3027 1658 ῥηθῆναι
3071 1586 3167 1639 νῦν
3196 1588 3296 1659 μὲν
3320 1586 3511 1651 τοῦτο,
3531 1588 3628 1640 νῦν
3651 1588 3713 1641 δὲ

2125 1681 2322 1734 ἐκεῖνο.
2383 1680 2497 1734 Καὶ
2560 1680 2685 1733 ἐπεὶ
2734 1678 2961 1743 διπλοῦς
3019 1674 3089 1751 ἦν
3142 1681 3171 1732 ὀ
3211 1680 3467 1752 Χριστὸς,
3498 1681 3560 1732 τδ
3616 1679 3714 1748 μὲν

2138 1770 2572 1842 ’Δπέσταλμαι,
2601 1771 2683 1836 ὼς
2701 1771 2993 1844 ἄνθρωπος
3025 1772 3219 1845 εἴρηκε
3248 1789 3261 1805 ·
3285 1774 3346 1827 τδ
3372 1773 3430 1828 δὲ
3469 1770 3713 1839 Ἑξελήο

421 1855 672 1926 quaedam
726 1863 887 1909 erant
920 1853 976 1908 in
1035 1852 1279 1917 Christo,
1348 1852 1495 1923 quod
1549 1848 2021 1907 diciturzmssus

2138 1865 2305 1931 ιυθα,
2344 1862 2421 1928 ὡς
2450 1863 2609 1927 Θεός.

423 1962 566 2010 sum,
624 1946 950 2018 intelligitur
996 1955 1258 2015 tanquam
1320 1945 1525 2010 humo;
1594 1942 1742 2013 quod
1804 1950 2012 2006 autem,
2053 1927 2095 1982 Β

431 2038 688 2109 Egressus
727 2055 868 2101 sum,
902 2038 1060 2108 quasi
1091 2038 1256 2092 Deus.

497 2132 651 2187 Vers.
685 2131 779 2186 39.
816 2129 885 2184 Et
912 2130 1241 2201 prwdicabat
1270 2160 1338 2170 —
1368 2128 1635 2199 ejiciebat.
1672 2129 1717 2183 A
1766 2127 2020 2183 doctrina

421 2224 692 2280 transibat
744 2222 813 2277 ad
868 2222 1156 2286 miracula,
1205 2232 1268 2277 ut
1324 2237 1463 2291 quos
1530 2236 1641 2275 non
1710 2218 2023 2275 attrahebat

412 2336 627 2382 sermo,
660 2316 967 2371 attraheret
1004 2314 1396 2370 miraculorum
1432 2313 1697 2384 potentia,
1729 2320 1786 2366 et
1814 2320 1875 2366 ut
1902 2325 2020 2366 ser-

417 2429 644 2471 monem
675 2412 1051 2469 conﬁrmaret.

506 2600 683 2654 Simul
720 2598 883 2652 etiam
927 2596 1099 2669 figura
1127 2595 1289 2651 nobis
1316 2594 1441 2661 fuit,
1480 2602 1539 2649 ut
1567 2609 1677 2649 non
1732 2593 1909 2650 solum
1954 2594 2022 2651 de

422 2691 621 2745 virtute
664 2690 975 2759 loquamur,
1013 2702 1203 2743 verum
1237 2686 1407 2740 etiam
1441 2700 1760 2755 operemur.

886 2800 1039 2857 CAP.
1076 2798 1164 2855 IV.
1198 2798 1277 2853 De
1309 2798 1536 2866 leproso.

494 2898 649 2953 Vers.
679 2896 772 2952 40.
811 2894 879 2949 Ει
907 2894 1048 2948 venit
1079 2921 1151 2931 —
1184 2891 1470 2945 mundare.
1511 2891 1587 2945 De
1642 2891 1751 2946 hoc
1798 2891 2023 2961 leproso

422 2990 631 3045 dictum
662 2998 747 3044 est
779 2996 940 3043 sexto
971 2986 1130 3055 juxta
1173 2984 1495 3039 Matthteum
1536 2982 2025 3054 capiteJidcntur

427 3093 613 3137 autem
646 3079 1012 3152 Evangelistte
1036 3076 1440 3147 aliquantulum
1490 3076 1635 3131 circa
1687 3085 1903 3147 tempus
1933 3092 2023 3131 sa-

424 3177 663 3229 nationis
694 3174 861 3243 hujus
894 3172 1243 3241 discrepare;
1272 3168 1560 3223 Matthaius
1579 3168 1849 3238 siquidem
1870 3180 2026 3224 antc-

2194 2124 2305 2180 Kal
2339 2120 2421 2196 ἦν
2445 2126 2779 2197 κηρύσσων
2819 2154 2890 2170 -ο
2920 2127 3258 2184 ἐκϐάλλων.
3301 2129 3437 2184 ’Λπδ
3487 2130 3587 2201 τῆς
3631 2130 3712 2183 δι-

2123 2213 2428 2281 δασκαλίας
2471 2218 2799 2288 μετέϐαινεν
2846 2218 2946 2273 ἐπὶ
3004 2221 3073 2274 τὰ
3134 2220 3415 2291 θαύματα,
3469 2221 3558 2275 ῐνα
3621 2220 3715 2283 οὓς

2126 2308 2432 2364 ἐπισπᾶται
2466 2308 2579 2382 (24)
2613 2310 2642 2363 ὁ
2670 2310 2851 2380 λόγος,
2912 2312 3120 2384 ἑλκύσῃ
3170 2312 3278 2367 τῶν
3336 2314 3635 2385 θαυμάτων
3679 2316 3715 2384 ή

2123 2403 2379 2475 δύναμις,
2431 2405 2529 2461 καὶ
2580 2407 2667 2460 ἵνα
2722 2408 3003 2482 βεϐαιώσῃ
3060 2409 3152 2464 τὸν
3200 2410 3360 2479 λόγον
3419 2413 3533 2475 τοῖς
3585 2408 3716 2464 θαύ-

2131 2511 2291 2565 μασι.

2198 2587 2305 2640 Κα¹ι
2334 2587 2453 2657 ἄμα
2486 2588 2658 2655 τύπος
2699 2592 2837 2661 ἡμῖν
2896 2592 3129 2661 ἐγίνετο,
3185 2594 3279 2648 τοῦ
3315 2594 3392 2666 μὴ
3427 2594 3587 2666 μόνον
3628 2594 3717 2647 λέ-

2126 2695 2246 2746 γειν
2271 2679 2403 2749 περὶ
2436 2681 2663 2752 ἀρετῆς,
2700 2682 2841 2736 ἀλλὰ
2871 2686 2968 2738 καὶ
3002 2686 3293 2754 πράττειν.

2485 2796 2650 2849 ΚΕΦ.
2688 2798 2727 2849 Δ
2751 2838 2764 2851 .
2800 2798 2939 2866 Περὶ
2969 2799 3077 2853 τοῦ
3109 2800 3363 2867 λεπροῦ.

2201 2889 2311 2939 Καὶ
2360 2885 2603 2957 ἔρχεται
2648 2919 2717 2930 ——
2761 2892 3107 2961 καθαρίσαι.
3162 2892 3394 2963 Εἴρηται
3443 2894 3571 2964 περὶ
3622 2894 3717 2946 τοῦ

2128 2978 2430 3046 κεφαλαίου
2473 2980 2668 3033 τούτου
2720 2983 2779 3035 ἐν
2826 2982 2905 3053 τῷ
2939 2982 3088 3053 ἕκτῳ
3120 2985 3405 3055 κεφαλαίῳ
3434 2986 3525 3038 τοῦ
3578 2988 3719 3041 κατὰ

2130 3070 2439 3125 Ματοαῖον.
2495 3072 2787 3126 Φαίνονται
2830 3072 2889 3125 δὲ
2940 3074 3176 3128 ἐνταῦθα
3223 3077 3353 3146 περὶ
3398 3077 3490 3129 τὸν
3530 3078 3720 3147 καιρὸν

2129 3162 2232 3233 τῆς
2284 3164 2483 3227 ἰάσεως
2530 3165 2580 3217 oi
2632 3166 3025 3234 εὐαγγελισταὶ
3068 3168 3269 3239 μικρόν
3310 3186 3363 3221 τι
3404 3170 3717 3240 παραλλάτ-

422 3283 591 3338 quam
612 3265 761 3320 Petri
786 3278 1005 3319 socrum
1030 3271 1276 3327 curaret,
1301 3262 1455 3333 ponit
1476 3276 1538 3317 ea
1560 3277 1682 3331 quae
1704 3261 1771 3316 de
1809 3263 2025 3331 leproso

2138 3270 2335 3318 τοντες.
2388 3255 2674 3320 Ματθαϊος
2707 3257 2807 3327 μὲν
2861 3257 2992 3327 γὰρ,
3051 3260 3158 3328 πρὸ
3187 3260 3280 3313 τοῦ
3310 3262 3719 3332 θεραπευθῆναι

423 3370 551 3416 sunt
575 3361 641 3413 ³³.
676 3357 892 3412 Marcus
924 3371 1057 3411 vero
1089 3364 1146 3410 et
1172 3354 1351 3410 Lucas
1384 3364 1573 3424 postea
1605 3355 1675 3414 ³⁸,
1709 3351 2025 3409 Verisimile

423 3464 510 3507 cst
538 3462 722 3506 autem
751 3451 852 3505 hos
876 3449 1200 3504 miraculum
1233 3457 1446 3503 tantum
1481 3456 1857 3518 perscrutatus
1881 3464 2026 3515 esse,

422 3557 480 3601 et
504 3546 569 3600 de
595 3555 843 3615 tempore
868 3558 981 3596 non
1008 3556 1348 3612 magnopere
1386 3556 1635 3601 curasse.
1675 3558 1735 3597 re
1764 3540 2029 3596 videlicet

423 3656 535 3697 non
574 3636 886 3693 necessaria
916 3654 929 3691 :
959 3635 1108 3707 quod
1132 3642 1189 3689 et
1221 3634 1357 3689 alias
1390 3633 1708 3704 frequenter
1744 3635 2021 3690 fecerunt.

496 3820 655 3875 Vers.
687 3819 776 3872 41.
808 3816 960 3871 Iesus
993 3824 1172 3869 autem
1201 3843 1272 3854 —
1296 3813 1457 3868 Vers.
1487 3812 1575 3866 42.
1627 3814 1911 3867 mundatus
1927 3823 2025 3867 est.

426 3911 692 3964 Similiter
725 3918 779 3962 et
804 3910 871 3961 de
912 3908 1014 3961 hoc
1046 3905 1249 3961 ibidem
1281 3903 1490 3959 dictum
1542 3911 1648 3957 est.

504 4002 658 4057 Vcrs.
718 4001 809 4055 45.
868 3998 935 4053 Et
984 3998 1363 4051 .rontminatus
1410 4025 1482 4036 —
1536 3995 1694 4051 Vers.
1754 3994 1843 4049 Η.
1890 3996 2027 4061 illis,

430 4092 805 4147 tionnninalus
836 4100 920 4145 est
972 4088 1273 4143 et‘duobus
1330 4085 1513 4142 czecis.
1575 4087 1774 4151 Quare
1839 4098 2026 4140 autem

431 4184 839 4238 enarrationem
894 4180 1093 4235 decimi
1152 4179 1370 4249 septimi
1427 4178 1627 4248 capitis
1675 4179 1832 4248 juxta
1888 4179 2027 4233 Mat-

434 4279 665 4340 thmum,
693 4276 746 4327 in
774 4289 882 4343 quo
915 4273 981 4327 de
1000 4272 1433 4327 connuinationc
1468 4270 1677 4325 dictum
1705 4278 1807 4324 est.
1835 4271 2032 4327 Emisit

434 4384 563 4423 vero
595 4383 717 4422 eum
739 4383 766 4419 a
795 4377 1095 4435 eozispectu
1134 4381 1260 4429 suo,
1295 4366 1399 4419 hoc
1432 4373 1515 4418 est
1545 4363 1884 4417 amandavit.

506 4462 579 4514 De
612 4461 697 4513 his
729 4471 910 4512 autem
944 4473 1064 4526 qua:
1096 4465 1406 4525 sequuntur
1440 4454 1563 4509 data
1616 4464 1702 4508 cst
1752 4455 2026 4525 interpre-

434 4554 568 4605 latio
602 4550 865 4617 prmdicto
902 4556 1057 4601 sexto
1095 4549 1297 4616 capzte.

510 4642 659 4694 ιιι-ν».
698 4640 789 4694 45,
845 4639 945 4693 Ille
1002 4646 1181 4691 autem
1223 4667 1293 4678 ——
1346 4638 1600 4708 undique.
1656 4636 1795 4693 Cum
1839 4649 2027 4709 gratus
2062 4629 2103 4680 υ

429 4752 553 4791 esse
584 4734 745 4789 vellet
773 4732 1045 4802 leprosus,
1077 4746 1185 4784 non
1220 4730 1347 4784 tulit
1374 4739 1432 4783 ut
1458 4728 1782 4784 beneﬁcium
1810 4730 2031 4785 silentio

433 4840 731 4903 tegeretur,
773 4828 867 4883 sed
923 4826 1257 4896 praedicabat
1299 4824 1468 4879 multa
1507 4825 1575 4879 de
1609 4824 1813 4878 Christi
1870 4835 2031 4896 pote-

431 4934 595 4985 state,
630 4933 682 4976 et
712 4919 1105 4976 disseminabat
1133 4918 1378 4979 verbum,
1400 4916 1543 4986 quod
1562 4916 1628 4971 ad
1657 4930 1784 4971 eum
1816 4916 2032 4971 dixerat

431 5016 712 5075 Christus,
745 5021 876 5082 puta
914 5027 927 5065 :
974 5007 1125 5074 Volo,
1156 5008 1437 5072 mundare,
1482 5018 1742 5076 tanquam
1788 5021 1883 5075 per
1921 5022 2028 5060 au-

434 5109 743 5162 ctoritatem
804 5105 1035 5162 factum.
1080 5102 1386 5168 statimque
1422 5102 1476 5154 in
1511 5115 1648 5169 opus
1699 5099 2020 5154 deductum.

437 5200 740 5254 Veniebant
761 5208 944 5251 autem
971 5197 1213 5265 undique
1236 5193 1303 5247 ad
1330 5193 1634 5256 Christum,
1664 5201 1853 5262 utpote
1884 5190 2027 5245 fama

424 5293 499 5346 ad
537 5308 729 5345 omnes
777 5298 1159 5361 percurrente.
1230 5287 1369 5341 Dicit
1420 5288 1568 5341 enim
1626 5285 1824 5351 Lucas,
1882 5288 2025 5356 quod

432 5387 828 5456 pervagatatur
855 5382 1025 5450 magis
1054 5380 1121 5433 de
1152 5379 1243 5432 illo
1280 5394 1467 5432 rumor
1496 5378 1564 5441 ⁸⁷,
1593 5379 1695 5431 hoc
1724 5387 1811 5433 est
1837 5378 1981 5432 fama
2013 5394 2024 5429 :

432 5488 486 5530 et
520 5478 759 5529 laborem
798 5473 1048 5526 vinccbit
1109 5470 1384 5539 cupiditas
1434 5470 1657 5525 videndi
1716 5487 1867 5534 eum,
1927 5471 2026 5541 qui

434 5570 565 5620 adeo
598 5567 909 5635 divulgatus
943 5572 1110 5617 esset.
1416 5568 1423 5574 '

541 5705 731 5756 3“ibid.
755 5704 844 5757 48.
960 5702 1003 5733 ³⁵
1039 5703 1171 5756 ibid.
1285 5704 1327 5735 ³⁵
1364 5700 1684 5755 Matthxi”.
1714 5701 1880 5766 4,14.

1990 5703 2034 5734 ³⁴
2072 5704 2204 5758 Luc.
2238 5721 2310 5763 tv,
2342 5703 2447 5768 '58;
2484 5721 2535 5765 v,
2570 5705 2650 5756 1‘2.

2132 3346 2229 3417 τὴν
2268 3348 2553 3419 πενθερὰν
2619 3350 2854 3422 Πέτρου,
2917 3351 3287 3421 παρατίθεται
3333 3353 3403 3406 τὰ
3445 3355 3586 3407 κατὰ
3629 3355 3720 3407 τὸν

2132 3437 2342 3507 λεπρόν
2377 3455 2392 3470 θ
2429 3440 2659 3512 Μάρκος
2689 3442 2745 3494 δὲ
2774 3444 2868 3495 καὶ
2900 3443 3142 3507 Λουκᾶς,
3169 3444 3289 3514 μετ’
3322 3444 3513 3515 αὐτήν.
3556 3444 3718 3507 Εἰκὸς

2129 3528 2185 3581 δὲ
2237 3530 2461 3596 αὐτοὺς,
2513 3531 2575 3583 τὸ
2610 3530 2799 3602 θαῦμα
2860 3533 3025 3603 μόνον
3081 3534 3716 3607 ἀκριϐολογησαμένους,

2135 3619 2211 3692 μὴ
2237 3621 2781 3695 πολυπραγμονῆσαι
2803 3625 2897 3679 τὸν
2931 3628 3150 3699 καιρὸν,
3171 3628 3247 3692 ὼς
3268 3629 3369 3682 οὐκ
3396 3631 3717 3697 ἀναγκαῖον,

2130 3712 2159 3765 ὃ
2187 3716 2281 3766 καὶ
2317 3714 2591 3785 πολλαχοῦ
2629 3720 3021 3786 πεποιήκασιν.

2213 3803 2279 3857 '0
2308 3802 2379 3856 δὲ
2420 3805 2658 3873 Ἰησοῦς
2690 3838 2761 3847 —
2785 3810 3183 3880 ἐκαθαρίσθη.
3215 3812 3446 3884 Εἴρηται
3468 3814 3564 3868 καὶ
3594 3817 3720 3887 περὶ

2130 3895 2338 3949 τούτων
2368 3896 2577 3967 ὁμοίως
2629 3901 2689 3953 ἐν
2726 3899 2802 3971 τῷ
2840 3904 3062 3973 ῥηθέντι
3091 3905 3395 3977 κεφαλαίῳ.

2206 3993 2317 4049 Καὶ
2346 3993 2871 4066 ἐμϐριμησάμενος
2898 4028 2970 4040 -—
3000 4000 3227 4067 αὐτοῖς.
3286 4001 3722 4073 Ἐνεδριμήσατο

2134 4086 2372 4147 καὶτοῖς
2414 4084 2539 4136 δυσὶ
2587 4087 2835 4154 τυφλοῖς,
2885 4088 2981 4143 καὶ
3024 4090 3267 4162 ζήτησον
3312 4092 3412 4162 τὴν
3459 4094 3719 4165 ἐξήγησιν

2132 4175 2227 4229 τοῦ
2270 4176 2744 4231 ἑπτακαιδεκάτου
2777 4181 3079 4250 κεφαλαίου
3114 4182 3209 4235 τοῦ
3242 4187 3383 4238 κατὰ
3415 4186 3718 4254 Ματθαῖον,

2132 4270 2191 4323 ὲν
2310 4270 2531 4339 εἴρηται
2580 4271 2708 4341 περὶ
2746 4272 2844 4342 τῆς
2899 4274 3312 4346 ἑμϐριμήσεως.
3360 4276 3611 4343 Ἐξέσαλε
3665 4280 3722 4334 δὲ

2134 4362 2297 4415 αὑτὸν
2320 4362 2641 4416 ἁπενώπιον
2681 4363 2873 4430 αὑτοῦ,
2905 4366 3211 4430 τουτέστιν,
3245 4366 3509 4424 ἀπέλυσε.

2209 4456 2343 4524 Περὶ
2381 4455 2438 4508 δὲ
2482 4454 2591 4507 τῶν
2644 4456 2771 4525 ἑξῆς
2816 4458 3162 4529 ἡρμήνευται
3201 4462 3258 4513 ὲν
3309 4459 3387 4531 τῷ
3426 4461 3721 4532 δηλωθέντι

2134 4548 2280 4617 ἕκτῳ
2322 4549 2633 4618 κεφαλαίῳ.

2219 4636 2273 4689 '0
2314 4636 2382 4689 δὲ
2418 4667 2488 4676 -
2520 4639 2923 4707 πανταχόθεν.
2960 4638 3277 4710 Εὐγνὼμων
3308 4638 3383 4692 ὢν
3423 4641 3450 4693 ὁ
3496 4639 3717 4711 λεπρὸς,

2134 4729 2235 4782 οὐκ
2267 4729 2527 4799 ἠνέσχετο
2581 4731 2707 4801 σιγῇ
2765 4730 3007 4800 καλύψαι
3056 4732 3157 4801 τὴν
3201 4731 3542 4801 εὐεργεσίαν,
3608 4730 3720 4784 ἀλλ’

2132 4822 2404 4890 ἐκήρυττε
2450 4821 2622 4875 πολλὰ
2677 4824 2936 4892 περὶτῆς
2990 4824 3277 4893 δυνάμεως
3320 4822 3416 4878 τοῦ
3460 4824 3723 4893 Χριστοῦ,

2133 4914 2229 4966 καὶ
2254 4912 2549 4983 διεφήμιζε
2580 4914 2674 4967 τὸν
2728 4914 2909 4983 λόγον,
2960 4915 3020 4969 ὃν
3067 4915 3293 4987 εἴρηκεν
3346 4916 3498 4985 αὑτῷ
3525 4918 3552 4968 ὁ
3585 4917 3723 4984 Χρι-

2136 5006 2283 5071 στὸς,
2316 5006 2540 5076 δηλαδὴ,
2568 5007 2627 5059 τὺ
2658 5008 2841 5072 Θέλω,
2869 5009 3290 5076 καθαρίσθητι,
3320 5008 3394 5072 ὡς
3426 5010 3543 5077 μετ’
3574 5009 3725 5073 ἐξου-

2138 5098 2262 5161 σίας
2298 5099 2620 5168 γενὸμενον,
2673 5102 2767 5155 καὶ
2804 5102 2915 5171 ('25)
2968 5100 3132 5165 εὐθὺς
3176 5104 3256 5165 είς
3296 5102 3458 5173 ἔργον
3491 5101 3727 5172 ἐκδεδη-

2134 5190 2288 5243 κότι,
2326 5192 2598 5261 Ἤρχοντο
2645 5192 2700 5245 δὲ
2750 5195 2886 5263 πρὸς
2927 5195 3018 5246 τὸν
3065 5196 3303 5263 Χριστὸν
3354 5196 3724 5264 πανταχόθεν,

2131 5278 2226 5337 οἷα
2254 5285 2357 5354 τῆς
2387 5286 2579 5354 φήμης
2615 5284 2707 5338 ἐπὶ
2744 5286 2955 5348 πάντας
2999 5287 3345 5356 διαθεούσης.
3392 5288 3529 5356 Φησί
3561 5290 3671 5358 γὰρ
3696 5290 3725 5339 ὁ

2134 5379 2361 5441 Λουκᾶς
2391 5379 2472 5430 ὅτι
2513 5378 2772 5448 διήρχετο
2812 5380 3014 5449 μᾶλλον
3069 5382 3097 5432 ὁ
3151 5380 3310 5448 λόγος
3346 5382 3477 5451 περὶ
3531 5379 3722 5445 αὑτοῦ,

2132 5470 2437 5533 τουτέστιν,
2474 5472 2505 5540 ή
2550 5473 2729 5542 φήμη,
2766 5469 2871 5523 καῖ
2897 5472 3054 5524 Enixa
3101 5472 3195 5525 τὸν
3237 5459 3405 5526 κόποῖν
3452 5475 3481 5543 ἡ
3532 5470 3725 5524 ἐπιθυι

2138 5562 2237 5631 μία
2276 5563 2369 5615 τοῦ
2400 5564 2530 5615 ἰδεῖν
2569 5565 2659 5615 τὸν
2697 5565 3095 5634 φημεξὸμενοι.

2764 5704 2807 5734 ³⁷
2852 5704 2960 5756 Luc
3019 5722 3069 5769 ν,
3111 5705 3187 5759 Ιῗε.

1631 5846 1830 5908 Varia:
1869 5847 2175 5911 lectiones
2206 5857 2268 5911 et
2307 5857 2498 5910 notas.

514 5991 633 6061 {24’}
659 5989 842 6055 Forte,
881 5993 1183 6055 insertato,
1222 6007 1317 6047 seu
1352 5993 1730 6048 ἐπεσπάσατο.

2207 5995 2319 6065 (9.5)
2362 5997 2471 6057 Ὣς,
2517 5996 2634 6051 Ιυςυ
2684 5995 2778 6046 καί
2824 5995 2987 6049 inlini
3023 5994 3076 6046 ιῖ.
