4032 6488
287 461 404 524 7έὸ

1271 461 1665 527 COMMENT.
1704 462 1787 523 IN
1829 461 2182 526 MARCUM.
2227 491 2302 504 -
2337 467 2496 531 CAP.
2539 468 2623 530 Il.

3485 473 3592 534 τεο

367 578 472 633 Kal
511 606 581 622 υ-
620 577 696 630 δι⁹
729 576 992 646 ἡμερῶν.
1029 576 1110 630 Δι’
1144 590 1404 646 ημερων,
1436 577 1559 630 αντὶ
1596 575 1714 642 τοῦ,
1747 577 1870 629 Διελ

2070 579 2225 653 CAP.
2265 580 2332 636 ll.
2391 581 2548 636 Vers.
2584 583 2632 636 1.
2687 581 2754 635 Et
2805 609 2872 624 --
2915 592 3035 651 post
3063 582 3173 636 dies
3207 582 3434 653 aliquot.
3471 583 3606 642 Post

291 672 507 726 Θουσῶν
532 670 762 742 ἡμερῶν
793 673 982 725 τινῶν.

368 765 480 818 Kal
517 763 798 833 ἠκούσθη
829 794 897 805 -
924 763 1119 816 ἐστιν.
1150 763 1248 826 Εἰς
1278 759 1429 817 οἶκόν
1457 782 1596 817 τινα.

369 939 478 994 Kal
509 939 822 1006 εὐθέως-
846 939 1058 1007 θύραν.
1104 939 1495 1007 Ἀκούσαντες,
1539 941 1622 994 ὅτι
1652 941 1711 994 ὲν
1756 942 1892 1010 οἴκῳ

293 1031 433 1089 ἐστὶ.
489 1031 853 1102 συνέδραμον,
913 1030 1397 1102 προσδοκήσαντες
1455 1033 1589 1104 ῥᾷον
1636 1035 1895 1103 ἐντυχεῖν

294 1121 462 1192 αὐτῷ.
498 1122 759 1177 Τοσοῦτοι
794 1123 850 1176 δὲ
877 1123 1252 1194 συνήχθησαν,
1291 1123 1370 1187 ὡς
1404 1125 1609 1196 μηκᾶτι
1649 1124 1790 1194 μηδὲ
1824 1125 1893 1178 τὰ

293 1219 428 1287 πρὸς
471 1219 572 1288 τὴν
625 1219 800 1289 θύραν
856 1218 997 1288 μέρη
1033 1220 1233 1290 χωρεῖν
1279 1218 1530 1289 ἑτέρους,
1582 1219 1787 1285 εῐτουν,
1824 1219 1895 1272 τὰ

293 1311 568 1382 πρόθυρα,
601 1309 707 1381 ἤδη
747 1311 856 1364 τῶν
891 1310 1040 1365 ἔνδον
1072 1311 1566 1382 πεπληρωμένων.

363 1487 472 1542 Kal
509 1490 807 1557 -λόγοι
851 1486 955 1542 Τὸν
986 1489 1089 1558 τῆς
1127 1488 1508 1551 διδασκαλίας.

562 1603 721 1656 ΚΕΦ.
757 1599 835 1656 ε’.
870 1603 1008 1672 Περὶ
1029 1604 1136 1658 τοῦ
1163 1603 1602 1673 παραλυτικοιί

361 1692 470 1747 Kal
508 1722 576 1732 —
612 1693 942 1748 κατέκειτο.
983 1695 1188 1763 Ὅμοια
1225 1693 1441 1755 τούτοις
1473 1694 1567 1745 καὶ
1597 1693 1629 1746 ὁ
1669 1694 1889 1760 Λουκᾶς

290 1784 570 1854 παρέθετο
596 1803 608 1816 ο
642 1784 924 1850 Ματθαῖος
953 1786 1032 1849 δὲ,
1092 1785 1160 1838 τὰ
1204 1784 1335 1856 περὶ
1369 1781 1473 1854 τῆς
1519 1784 1717 1857 στέγης
1761 1803 1893 1840 σιω-

293 1877 496 1944 πήσας,
528 1875 598 1929 τά
625 1873 753 1945 ἑξῆς
782 1879 988 1946 ὁμοιως
1018 1876 1332 1946 ἱστόρησεν.

379 1967 550 2024 Ἰδὼν
586 1999 656 2010 -
679 1971 956 2040 ἁμαρτίαι
981 1985 1123 2025 σου.
1157 1971 1395 2041 Είρηται
1427 1970 1559 2042 περὶ
1593 1970 1804 2026 τούτων
1831 1971 1890 2024 ἑν

293 2059 374 2132 τῷ
421 2061 865 2132 τρισκαιδεκάτῳ
916 2061 1202 2132 κεφαλαίῳ
1243 2061 1338 2115 τοῦ
1386 2061 1532 2116 κατὰ
1581 2061 1888 2115 Ματθαῖον.

294 2153 619 2223 Παράλυτος
670 2153 727 2208 δέ
765 2155 903 2218 ἐστι,
964 2156 1062 2208 καὶ
1100 2154 1213 2218 πᾶς
1259 2155 1288 2207 ὁ
1337 2153 1480 2224 ἔχων
1510 2153 1607 2217 τὰς
1629 2153 1892 2225 δυνάμεις

289 2246 390 2316 τῆς
419 2245 597 2316 ψυχῆς
632 2247 929 2316 ἀκινήτους
961 2249 1044 2310 είς
1073 2246 1341 2317 ἐργασίαν
1374 2246 1602 2317 ἀρετῆςο
1648 2245 1763 2300 ἀλλ’
1797 2248 1893 2301 ἐὰν

291 2336 400 2390 ἀπὸ
440 2335 551 2389 τῶν
588 2337 793 2407 γηΐνων
845 2336 986 2408 ἀρθῇ
1023 2337 1128 2390 ὑπὸ
1153 2334 1263 2389 τῶν
1305 2336 1594 2408 τεσσάρων
1639 2337 1904 2406 Εὑαγγε-’

289 2429 446 2490 λίων.
486 2430 577 2486 καὶ
609 2428 882 2500 χαλασθῇ,
918 2429 1126 2496 εῐτουν,
1169 2427 1486 2500 ταπεινωθῇ
1513 2429 1749 2484 ἐνώπιον
1792 2429 1890 2484 τοῦ

297 2517 564 2588 Χριστοῦ,
599 2519 828 2572 ἀκούσει
860 2521 953 2574 καὶ
1005 2513 1163 2584 οὗτος
1214 2521 1300 2588 τὸ,
1365 2520 1683 2591 Ἀφέωνταί
1710 2537 1812 2576 σοι
1833 2525 1894 2576 αἱ

293 2607 576 2678 ἁμαρτίαι
609 2625 749 2664 σου.

363 2699 566 2757 Ἦσαν
593 2702 661 2755 δὲ
693 2733 759 2744 ——
791 2709 824 2758 ὀ
856 2704 994 2772 Θεό(
1027 2720 1044 2768 ;
1071 2704 1304 2776 Εῖρηται
1353 2706 1451 2759 καὶ
1499 2707 1628 2778 περὶ
1669 2706 1882 2770 τούτων

299 2795 440 2848 εκεῖ.

372 2886 478 2940 Kal
514 2885 834 2954 εὐθέως-
879 2887 1112 2954 αὐτοῖς.
1177 2890 1408 2961 Πνεῦμα
1471 2891 1734 2962 ἐνταῦθα,
1794 2894 1896 2963 τὴν

294 2978 532 3049 Θεότητα
564 2979 740 3034 καλεῖ.
785 2980 874 3045 Ὧς
899 2981 1032 3045 Θεὸς
1071 2982 1184 3054 γάρ
1213 2981 1357 3052 ἔγνω
1389 2983 1491 3049 τὰς
1517 2985 1754 3050 διανοίας
1795 2989 1897 3039 αὖ-

294 3071 426 3127 τῶν.

376 3166 440 3218 Τί
473 3165 660 3221 ταῦτα
697 3195 768 3208 -—
815 3167 1174 3236 «apludam;
1229 3169 1463 3241 Εἴρηται
1497 3170 1746 3242 καὶπερὶ
1774 3171 1896 3224 τού-

297 3274 430 3311 των.
466 3258 692 3330 ὁμοίως.

373 3350 513 3405 Ἵνα
550 3381 622 3392 —-
645 3352 818 3407 οἶκόν
845 3369 984 3408 σου.
1015 3353 1130 3408 Καὶ
1167 3355 1296 3424 περὶ
1329 3354 1537 3407 τούτων
1568 3354 1625 3407 ἐν
1677 3353 1756 3423 τῷ
1797 3354 1894 3424 δη-

295 3438 524 3496 λωθέντι
555 3443 839 3515 κεφαλαίῳ
869 3445 1243 3516 ἡρμήνευται.

369 3617 484 3675 Kal
521 3622 746 3693 ἠγέρθη
777 3655 840 3665 -—
868 3626 1132 3695 δίδομεν.
1182 3627 1294 3681 Καὶ
1325 3625 1504 3680 ταῦτα
1538 3625 1733 3695 ἐκείνῳ
1783 3626 1897 3679 δια·

301 3713 628 3785 σεσάφηται.
655 3717 931 3772 Οὐδέποτε
957 3719 1012 3774 δὲ
1041 3720 1216 3784 οὕτως
1245 3720 1488 3791 εἴδομεν,
1539 3719 1626 3788 ἐφ’
1681 3720 1897 3787 ἐτέρου,

301 3803 569 3873 δηλονότι,
613 3811 1140 3881 τερατουργοῦντος.

376 3897 490 3953 Kal
516 3928 584 3940 --
609 3903 855 3969 αὐτούς.
906 3905 1154 3974 Ἐξῆλθε,
1195 3905 1418 3974 φεύγων
1457 3923 1516 3960 τε
1551 3905 1644 3959 τὸν
1683 3905 1779 3958 ἐπὶ
1825 3902 1902 3972 τῷ

305 3990 548 4062 θαύματι
576 3993 796 4063 κρότον,
824 3995 920 4048 καὶ
946 3995 1148 4050 ἰδιάσαι
1187 3996 1542 4067 βουλόμενος.

561 4108 719 4162 ΚΕΦ.
763 4108 854 4174 (τ’.
897 4109 1040 4177 Περὶ
1070 4109 1218 4164 Λευτ
1247 4109 1356 4164 τοῦ
1377 4110 1664 4165 τελώνου.

378 4196 489 4252 Kal
515 4199 809 4268 παράγων
831 4229 901 4241 -—
931 4198 1117 4266 αὐτῷ.
1161 4200 1222 4255 ’0
1256 4199 1423 4266 Λευτς
1465 4196 1644 4266 οὗτος,
1687 4204 1714 4255 6
1744 4202 1900 4255 Ματ-

305 4292 456 4354 Οαϊός
485 4292 625 4347 ἐστι.
658 4292 942 4364 Διώνυμος
971 4294 1079 4365 γὰρ
1109 4289 1202 4366 ἦν.
1240 4294 1380 4366 Περὶ
1439 4287 1502 4347 οὗ
1553 4293 1900 4364 λεπτομερέ-

307 4401 497 4454 στερον
545 4385 604 4438 ἑν
667 4383 746 4456 τῷ
795 4387 1393 4458 τεσσαρεσκαιδεκάτῳ
1455 4386 1746 4457 κεφαλαίῳ
1804 4386 1900 4440 τοῦ

305 4477 449 4531 κατὰ
498 4476 779 4531 Ματθαῖον
818 4479 1159 4548 Εὑαγγελίου
1213 4481 1563 4551 προείρηται.
1621 4478 1766 4549 Ὅρα
1817 4477 1899 4542 δὲ,

311 4571 429 4632 πῶς
479 4571 767 4640 ἐκλέγεται
800 4573 928 4634 τοὺς
963 4573 1174 4638 ἀξίους,
1202 4571 1396 4644 ὥσπερ
1452 4571 1804 4642 μαργαρίτας
1844 4573 1902 4623 ὲν

308 4663 556 4734 βορϐόρῳ
587 4666 901 4733 κειμένους.

377 4755 486 4810 Kal
509 4757 1041 4826 ἐγένετο-αὐτῷ.
1078 4760 1189 4814 Καὶ
1234 4758 1370 4831 περὶ
1405 4758 1614 4813 τούτων
1665 4758 1904 4812 πάντων

307 4851 365 4902 ὲν
389 4849 585 4920 ἐκείνῳ
617 4851 694 4921 τῷ
727 4852 1010 4922 κεφαλαίῳ
1042 4854 1305 4924 ζήτησον.

381 4941 492 4996 Kal
509 4943 986 5012 -ἀμαρτωλούς
1007 4945 1142 5017 (26).
1180 4947 1270 5000 Ἐν
1295 4947 1490 5019 ἐκείνῳ
1509 4947 1588 5018 τῷ
1621 4947 1906 5018 κεφαλαίῳ

311 5037 408 5088 καὶ
451 5033 626 5089 ταῦτα
679 5036 1194 5108 διηρμηνεύθησαν.
1263 5039 1636 5094 Ἐπελὰϐοντο
1690 5041 1749 5095 δὲ
1808 5040 1904 5094 τοῦ

311 5127 589 5197 Χριστοῦ,
642 5127 718 5190 ὼς
768 5127 843 5198 μὴ
878 5129 1290 5196 διαστέλλοντος
1346 5132 1454 5187 ἀνὰ
1525 5133 1694 5205 μέσον
1747 5133 1908 5198 ἁγίου

289 5222 408 5274 »καὶ
441 5219 674 5293 βεϐήλου
728 5221 869 5274 κατὰ
893 5221 983 5274 τὸν
1016 5223 1207 5292 νόμον,
1265 5225 1340 5297 μὴ
1394 5226 1786 5293 γινώσκοντες,
1835 5226 1908 5289 ὡς

316 5313 458 5382 ὑπὲρ
485 5313 584 5378 τὴν
612 5313 850 5380 νομικὴν
877 5312 1078 5383 χρῆσιν
1108 5315 1343 5384 παρέχει
1385 5317 1485 5383 τὴν
1518 5316 1909 5386 φιλάνθρωπον

313 5405 496 5476 χάριν.
537 5403 596 5457 'U
631 5403 728 5472 μὲν
761 5403 872 5474 γὰρ
907 5405 1071 5474 νόμος
1123 5405 1382 5472 ἐξέϐαλλε
1423 5409 1482 5459 τὸ
1532 5407 1728 5471 κακὸν,
1767 5409 1795 5460 ὀ
1851 5409 1908 5462 δὲ

313 5498 549 5569 Χριστὸς
583 5494 938 5566 μετέϐαλλεν.
970 5497 1212 5564 Ἕδειξεν
1243 5497 1336 5552 οὖν
1358 5500 1438 5552 ὅτι
1467 5501 1566 5569 οὐχ
1597 5501 1672 5564 ὡς
1704 5501 1899 5572 κριτὴς

424 5682 468 5715 ⁸⁸
503 5681 633 5736 Luc.
667 5699 716 5739 ν.
766 5684 848 5738 t8.
965 5683 1006 5714 ’θ
1063 5680 1255 5736 Matth.
1287 5698 1358 5745 ix,
1389 5683 1444 5738 2.

2001 647 2142 734 dies,
2179 672 2280 727 hoc
2304 679 2411 734 est,
2454 673 2747 743 praeteritis
2780 647 2992 744 aliquot
3024 675 3246 730 diebus.

2074 765 2228 820 Vers.
2268 766 2317 830 l,
2355 766 2420 820 Et
2452 766 2695 821 auditum
2731 777 2804 821 est
2831 800 2900 810 -—
2926 779 3077 823 esset.
3139 768 3201 822 In
3247 768 3411 822 domo
3468 783 3604 838 qua.

1999 859 2149 914 dam.

2075 950 2227 1007 Vers.
2282 954 2338 1008 2.
2392 953 2458 1008 Et
2506 957 2691 1008 statim
2742 984 2813 996 —-
2854 957 3114 1025 januam.
3159 953 3264 1010 Ubi
3321 955 3606 1012 audissent

1996 1042 2142 1111 quod
2189 1042 2241 1096 in
2279 1043 2443 1098 domo
2475 1053 2624 1111 erat,
2662 1055 3074 1101 concurrerunt
3134 1056 3396 1116 putantes
3455 1047 3600 1118 quod

1997 1135 2071 1190 ita
2110 1135 2328 1192 facilius
2367 1137 2435 1193 ad
2473 1153 2598 1193 eum
2629 1137 2984 1194 accederent.
3022 1137 3129 1194 Tot
3155 1148 3341 1193 autem
3368 1154 3602 1207 congre-

1996 1227 2105 1298 gati
2149 1237 2303 1293 sunt,
2367 1238 2427 1285 ut
2456 1229 2569 1300 jam
2619 1245 2801 1301 neque
2854 1230 2975 1284 loca
3024 1245 3146 1300 quae
3181 1231 3327 1285 circa
3377 1231 3601 1300 ianuam

1996 1329 2155 1375 erant
2177 1320 2306 1391 (hoc
2328 1329 2413 1376 est
2439 1321 2772 1378 vestibulum
2799 1322 3021 1392 domus)
3049 1330 3317 1393 caperent-
3338 1321 3602 1390 reliquos,

1998 1413 2219 1480 impleta
2243 1414 2356 1485 jam
2393 1414 2517 1484 ipsa
2549 1415 2736 1471 domo.

2069 1505 2224 1561 Vers.
2252 1505 2308 1560 Ξ.
2343 1505 2413 1561 Et
2445 1537 2515 1548 -
2543 1507 2782 1562 verbum.
2815 1507 3088 1564 Videlicet
3119 1507 3414 1564 doctrinm.

2427 1618 2582 1676 CAP.
2618 1619 2683 1674 ν.
2721 1619 2796 1675 De
2825 1620 3152 1690 paralytico.

2071 1708 2222 1765 *Ἴθι-ς.
2253 1710 2306 1765 3.
2350 1711 2414 1766 Et
2441 1742 2509 1754 —
2535 1711 2692 1767 Vers.
2726 1712 2780 1766 4.
2829 1712 3075 1781 jacebat.
3119 1711 3328 1768 Similia
3384 1730 3608 1786 quoque

1995 1802 2082 1859 his
2110 1805 2294 1873 posuit
2319 1805 2493 1860 Lucas
2520 1805 2565 1838 ³⁸
2591 1823 2606 1872 ;
2659 1804 2949 1860 Matthatus
2976 1822 3108 1862 vero
3132 1807 3200 1862 de
3234 1817 3379 1863 tecto
3399 1818 3606 1875 tacens,

1922 1921 1965 1976 Β
1995 1895 2201 1964 reliqua
2234 1897 2493 1954 similiter
2532 1899 2726 1955 retulit
2755 1899 2820 1954 ³⁸.

2067 1983 2225 2039 Vers.
2273 1985 2326 2040 5.
2363 1986 2602 2042 Intuitus
2629 2016 2697 2028 —
2727 1995 2946 2057 peccata
2981 1996 3095 2042 tua.
3140 1987 3359 2044 Dictum
3410 1996 3496 2043 est
3538 1985 3618 2041 de

1996 2075 2080 2130 his
2109 2076 2328 2132 decimo
2361 2078 2525 2134 tertio
2558 2080 2716 2149 juxta
2751 2080 3078 2134 Matthzeum
3113 2084 3316 2149 capite.
3355 2079 3454 2134 Est
3503 2095 3604 2132 au-

1997 2175 2108 2223 tem
2144 2170 2480 2241 paralyticus
2509 2170 2766 2225 similiter
2807 2172 3138 2242 quicunque
3169 2171 3369 2225 anima:
3404 2181 3600 2238 poten-

1997 2261 2101 2316 tias
2127 2263 2194 2316 ad
2227 2263 2449 2318 virtutis
2483 2279 2629 2334 opus
2657 2264 2824 2319 habet
2854 2263 3188 2319 immobiles.
3239 2262 3402 2330 Quod
3433 2265 3477 2317 si
3513 2279 3620 2332 per

1995 2361 2231 2422 quatuor
2242 2353 2607 2426 evangelistas
2623 2368 2651 2407 a
2668 2353 2905 2408 terrenis
2920 2353 3252 2416 elevetur,et
3264 2354 3607 2421 demittatur,

1997 2443 2113 2497 sive
2139 2443 2466 2499 humilietur
2491 2459 2680 2499 coram
2708 2442 2958 2511 Christo,
2987 2444 3178 2500 audiet
3207 2452 3266 2499 et
3291 2444 3408 2515 ipse
3445 2462 3456 2497 :
3489 2443 3600 2499 Re-

1998 2532 2159 2586 missa
2189 2541 2312 2586 sunt
2343 2531 2436 2586 tibi
2467 2540 2684 2596 peccata
2724 2542 2842 2588 tua.

2023 2769 2026 2772 ,
2075 2709 2227 2766 Vera.
2258 2709 2309 2765 6.
2355 2709 2524 2765 Erant
2548 2706 2995 2765 autem—Vers.
3030 2710 3087 2764 7.
3129 2708 3298 2764 Deum
3331 2709 3355 2762 2
3386 2707 3606 2763 Dictum

1998 2813 2084 2858 est
2113 2802 2180 2857 de
2217 2802 2303 2858 his
2332 2803 2555 2858 ibidem.

2072 2897 2226 2952 Vers.
2258 2897 2312 2952 8.
2363 2895 2429 2950 Et
2478 2889 2784 2950 statim'-—
2819 2897 2917 2950 eis.
2972 2895 3242 2966 Spiritum
3298 2905 3456 2950 vocat
3511 2895 3602 2951 hic

1997 2987 2347 3043 divinitatem
2382 3006 2396 3042 :
2431 2997 2694 3058 tanquam
2726 2986 2872 3043 Deus
2911 2989 3063 3041 enim
3097 2987 3358 3058 cognovit
3390 2986 3603 3056 cogita-

2002 3077 2182 3133 tiones
2216 3094 2433 3132 eorum.

2073 3165 2230 3221 Vers.
2263 3168 2318 3222 8.
2365 3169 2426 3224 Ut
2453 3169 2580 3239 quid
2609 3167 2720 3222 hac
2755 3198 2821 3207 --
2857 3166 3014 3234 Vers,
3042 3166 3094 3222 9.
3140 3167 3408 3221 ambula?
3441 3167 3612 3222 Simi-

1921 3265 1968 3324 c
2001 3253 2126 3308 liter
2153 3264 2209 3309 et
2240 3255 2308 3310 de
2335 3256 2439 3311 hoc
2470 3257 2676 3312 dictum
2708 3268 2810 3312 est.

2076 3347 2234 3400 Vers.
2280 3345 2370 3400 10.
2428 3347 2777 3402 Ut—Vers.
2844 3346 2931 3404 ll.
3002 3348 3221 3402 domum
3301 3359 3472 3406 tuam.
3541 3349 3625 3403 Et—

2003 3439 2072 3492 de
2105 3438 2190 3493 his
2237 3454 2459 3509 quoque
2509 3439 2636 3494 data
2694 3448 2781 3495 est
2821 3439 3084 3509 praedicto
3117 3440 3296 3511 capite
3329 3439 3610 3511 interpre-

2005 3531 2161 3586 talio.

2080 3623 2347 3679 Vers.12.
2384 3623 2454 3678 Et
2483 3626 2809 3679 surrexit—
2857 3627 3108 3680 vidimus.
3157 3625 3225 3680 Et
3249 3626 3366 3681 haec
3395 3624 3605 3680 ibidem

2005 3716 2291 3784 explanata
2319 3725 2467 3770 sunt.
2497 3713 2791 3786 Nunquam
2821 3728 3006 3772 autem
3037 3717 3299 3784 vidimus,
3344 3719 3605 3774 videlicet

2005 3808 2073 3860 ab
2105 3807 2234 3872 alio,
2268 3807 2359 3876 qui
2388 3807 2712 3863 admiranda
2741 3818 3090 3879 operaretur.

2081 3899 2236 3954 Vers.
2267 3899 2352 3953 l3.
2381 3899 2447 3953 Et
2476 3929 2543 3939 —
2569 3916 2677 3954 eos.
2707 3901 2973 3971 Egressus
3005 3911 3088 3955 est
3108 3901 3324 3972 fugiens
3351 3903 3619 3972 plausum»

2007 3991 2074 4045 de
2102 3991 2390 4058 miraculo,
2425 3998 2482 4046 et
2507 3991 2738 4061 cupiens
2765 4007 2795 4045 a
2831 3993 2989 4047 turba
3022 3993 3295 4063 separari.

2353 4103 2506 4159 CAP.
2553 4101 2640 4159 Vl.
2680 4102 2754 4158 De
2787 4104 2912 4160 Levi
2942 4106 3252 4175 publicano.

2080 4199 2232 4252 Vers.
2287 4199 2375 4252 Η.
2423 4197 2490 4252 Et
2535 4201 2846 4269 prateriem
2877 4215 3118 4254 -—eum.
3181 4201 3311 4255 Levi
3375 4204 3460 4256 hic
3523 4217 3607 4258 est

2005 4289 2294 4345 Mattheus
2326 4307 2341 4355 ;
2369 4298 2485 4345 erat
2509 4291 2658 4345 enim
2686 4291 3006 4356 binominis,
3041 4291 3110 4346 de
3135 4308 3246 4361 quo
3308 4295 3605 4363 particula-

2007 4383 2124 4438 rius
2175 4383 2380 4438 dictum
2434 4393 2521 4438 est
2566 4382 2786 4439 decimo
2836 4393 3060 4454 quarto-
3090 4385 3272 4454 capite
3322 4383 3608 4457 Evangelii

2007 4476 2311 4532 secundum
2367 4475 2706 4531 Matthazum.
2768 4476 2903 4532 Vide
2949 4485 3134 4531 autem
3184 4477 3463 4547 quomodo
3512 4494 3608 4534 eos

2007 4567 2104 4638 qui
2157 4567 2307 4638 digni
2350 4576 2482 4621 sunt
2524 4567 2711 4636 eligat,
2760 4569 2917 4637 quasi
2977 4569 3306 4638 margaritas
3368 4568 3423 4622 in
3491 4569 3609 4623 luto

2008 4661 2279 4732 iacentes.

2088 4751 2245 4807 νει-ς.
2298 4751 2385 4806 15.
2433 4751 2500 4806 Et
2551 4755 2754 4824 factum
2815 4761 2890 4806 cst
2921 4781 2992 4792 -—-
3021 4768 3162 4806 eum.
3206 4752 3378 4808 Etiam
3415 4754 3483 4807 de
3521 4755 3610 4808 his

2015 4848 2274 4903 omnibus
2301 4846 2356 4902 in
2387 4862 2454 4902 eo
2491 4848 2674 4916 capite
2714 4845 2950 4916 require.

2088 4942 2246 4997 Vers.
2282 4942 2365 4995 l6.
2400 4925 2554 4995 Et—
2577 4939 2731 5009 Vers.
2767 4939 2852 4994 t7.
2904 4940 2977 4994 ad
3004 4941 3395 5012 paenitentiam.
3431 4940 3607 4994 Etiam

2016 5036 2131 5090 haec
2163 5033 2215 5086 in
2257 5047 2323 5086 eo
2361 5031 2542 5103 capite
2583 5030 2857 5086 declarata
2912 5041 3060 5085 sunt.
3107 5031 3611 5100 lteprebendehant

2012 5137 2194 5181 autem
2226 5124 2530 5186 Christum,
2568 5125 2724 5193 quasi
2756 5121 2897 5176 nihil
2931 5121 3271 5177 discriminis
3313 5122 3608 5177 facientem

2013 5221 2154 5274 inter
2184 5226 2435 5273 sanctum
2476 5226 2532 5270 et
2593 5231 2720 5270 eum
2765 5215 2858 5285 qui
2895 5215 3051 5284 juxta
3103 5216 3278 5288 legem
3335 5214 3604 5285 profanus

2015 5313 2338 5376 habebatur,
2363 5324 2474 5365 non
2492 5319 2851 5380 agnoscentes
2873 5308 3016 5378 quod
3035 5323 3198 5372 supra
3229 5308 3361 5378 legis
3385 5322 3618 5362 consue-

2014 5406 2260 5461 tudinem
2289 5411 2575 5474 prmstaret
2611 5401 2974 5456 humanitatis
3004 5402 3257 5472 gratiam.
3296 5400 3402 5454 Lex
3437 5399 3612 5468 siqui-

2012 5500 2137 5554 dem
2189 5511 2416 5567 pravum
2451 5494 2706 5563 ejiciebat
2739 5511 2752 5560 ;
2789 5493 3049 5549 Christus
3080 5508 3208 5550 vero
3262 5493 3614 5551 immutahat.

1521 5779 1716 5838 Varia:
1778 5777 2082 5838 lectiones
2117 5782 2176 5835 et
2212 5780 2400 5836 nota).

397 5944 507 6012 (2-5)
549 5945 1026 6013 Agipwuitemium,
1054 5946 1196 6017 quod
1235 5946 1541 6004 llcutcnius
1579 5944 1764 6009 habet,
1797 5950 1994 6000 neuter
2021 5958 2270 5997 meorum
2300 5940 2568 6014 agnoscit.
