4032 6500
452 451 561 512 85

595 562 749 620 CAP.
797 562 966 618 XXII.
1034 561 1111 618 De
1154 564 1420 634 .fermento
1483 558 1902 613 Pharisaeorum.

519 659 676 714 Vcrs.
705 658 794 712 IL.
825 657 892 710 Et
936 656 1084 710 obliti
1111 663 1234 709 sunt
1256 684 1326 693 —
1352 653 1504 708 Vers.
1541 650 1627 705 I5.
1673 650 1911 705 Herodis.
1971 648 2043 702 De

449 751 535 802 his
569 749 732 819 plene
773 748 1024 802 invenies
1055 746 1333 801 tricesimo
1363 744 1610 799 secundo
1641 744 1822 814 capite
1863 741 2042 797 Evan-

447 845 571 914 gelii
606 843 907 898 secundum
943 841 1257 895 Mattbaeum
1283 883 1295 896 .

519 934 676 987 Vers.
713 931 798 985 I6.
826 931 894 984 Et
928 930 1264 1001 conferebant
1303 961 1359 970 —
1384 931 1540 987 Vers.
1581 930 1670 985 18.
1720 944 1813 982 nec
1866 942 2042 982 recor-

448 1027 692 1081 damini?
718 1025 986 1079 Praeterea
1018 1033 1074 1078 et
1101 1023 1169 1078 de
1193 1023 1298 1078 his.

520 1114 676 1170 Vers.
707 1115 791 1170 19.
815 1111 1124 1178 Quando—
1144 1112 1302 1168 Vers.
1333 1113 1422 1165 2|.
1458 1110 1808 1164 consideratis
1835 1112 1860 1166 7
1894 1109 2042 1164 Prre-

450 1224 577 1264 sens
600 1217 765 1278 caput
797 1205 1150 1262 manifestius
1178 1204 1400 1275 scripsit
1451 1203 1741 1258 Mattlueus
1789 1222 1802 1258 :
1855 1218 2042 1272 quaere

450 1317 581 1374 ergo
604 1299 679 1355 ibi
708 1300 775 1355 de
811 1299 1095 1355 omnibus.

912 1415 1068 1470 CAP.
1095 1414 1285 1469 XXIII.
1323 1415 1397 1470 De
1419 1431 1574 1470 caeco.

518 1510 675 1566 νει-ε.
701 1509 790 1564 92.
825 1508 894 1562 Et
921 1509 1060 1562 venit
1086 1535 1159 1547 -—-
1184 1507 1334 1562 Vers.
1377 1507 1468 1561 25.
1504 1516 1654 1562 extra
1690 1507 1881 1561 vicum.
1917 1504 2038 1560 Non

448 1600 597 1656 enim
628 1599 775 1670 digni
806 1609 964 1654 erant
996 1597 1101 1654 vici
1133 1598 1282 1652 illius
1314 1599 1527 1659 incolae,
1554 1607 1614 1652 ut
1640 1598 1756 1651 ﬁeri
1789 1597 2040 1652 viderent

449 1692 764 1764 hujusmodi
801 1691 1151 1746 miraculum.
1179 1689 1314 1744 Nam
1361 1705 1486 1744 cum
1519 1690 1623 1744 alia
1660 1691 1830 1745 multa
1872 1691 2040 1746 vidis-

449 1792 598 1849 sent,
632 1792 950 1838 manserant
984 1781 1277 1837 increduli.

1736 439 2118 504 EU'I‘HYMII
2175 441 2540 503 ZIGABENI

2082 561 2125 616 Α
2229 559 2387 612 ΚΕΦ.
2421 555 2549 611 KB'.
2580 555 2718 626 Περὶ
2765 555 2878 626 τῆς
2925 555 3110 626 ζύμης
3148 553 3266 609 τῶν
3311 555 3672 624 Φαρισαίων.

3637 441 3744 507 8I6

2233 653 2344 707 Kal
2389 650 2760 706 ἐπελάθοντο
2791 680 2861 689 —-
2891 648 3075 718 ζύμης
3110 647 3385 717 Ἡρώδου.
3441 648 3578 717 Περὶ
3626 651 3742 703 τού·

2148 757 2257 792 των
2290 740 2547 810 εὑρήσεις
2600 738 2846 810 ἀκριϐῶς
2900 741 2958 792 ὲν
3016 738 3096 807 τῷ
3150 737 3457 811 τριακοστῷ
3508 739 3746 810 δευτέρῃ

2149 831 2433 901 κεφαλαίῳ
2464 828 2558 883 τοῦ
2601 828 2745 883 κατὰ
2805 827 3106 885 Ματθαίον.

2219 922 2328 977 Kal
2357 918 2850 992 διελογίζοντο-
2873 921 2945 975 οὐ
2995 923 3436 990 ﬁrmior-edere;
3466 921 3579 974 Kal
3609 918 3738 990 περὶ

2147 1021 2377 1075 τούτων.

2224 1115 2364 1166 Ὅτε
2388 1143 2455 1152 —
2481 1112 2554 1166 οὐ
2586 1112 2835 1166 συνίετε
2859 1130 2878 1178 ;
2908 1113 3257 1181 Σαφέστερον
3310 1114 3340 1166 ὁ
3371 1111 3651 1173 Ματοαῖος
3679 1110 3741 1163 τὸ

2147 1206 2322 1276 παρὸν
2356 1205 2656 1276 κεφάλαιον
2689 1205 2988 1277 ἀνέγραψε.
3041 1209 3149 1261 Καὶ
3185 1206 3420 1278 ζήτησον
3451 1208 3568 1258 ἐκεῖ
3605 1202 3740 1275 περὶ

2146 1299 2386 1352 πάντων.

2472 1411 2627 1466 ΚΕΦ.
2655 1411 2781 1465 ΚΓ.
2815 1409 2956 1478 Περὶ
3007 1409 3112 1464 τοῦ
3166 1408 3420 1478 τυφλοῦ.

2227 1505 2336 1559 Καὶ
2367 1503 2607 1572 ἔρχεται
2635 1533 2702 1545 --
2729 1502 2847 1568 ἔξω
2878 1501 2987 1571 τῆς
3019 1501 3241 1570 κώμης.
3273 1503 3347 1555 Οὐ
3377 1500 3484 1574 γὰρ
3509 1497 3650 1574 ἦσαν
3690 1503 3740 1556 οι

2146 1599 2245 1666 τῆς
2287 1599 2480 1668 κώμης
2515 1596 2720 1668 ταύτης
2771 1597 3054 1668 οἰκήτορες
3084 1594 3224 1660 ἄξιοι
3259 1588 3555 1650 Θεάσασθαι
3595 1597 3743 1664 γινό-

2148 1707 2314 1760 μενον
2343 1690 2405 1742 τὸ
2439 1690 2683 1744 τοιοῦτον
2705 1688 2910 1758 θαῦμα.
2942 1688 3115 1743 Πολλὰ
3150 1687 3258 1757 γὰρ
3292 1689 3425 1744 ἄλλα
3457 1688 3733 1759 θεασάμε-

2145 1797 2247 1844 νοι,
2295 1780 2674 1850 μεμενήκασιν
2707 1778 2950 1832 ἄπιστοι.

519 1876 673 1932 Vers.
710 1876 801 1929 25.
837 1874 904 1928 Et
934 1891 1053 1928 cum
1088 1875 1381 1942 exspuisset
1415 1902 1486 1913 -—
1511 1875 1706 1929 videret
1763 1875 1937 1946 Sputo
1976 1893 2039 1933 ac

2215 1871 2323 1924 Kal
2358 1871 2597 1936 πτύσας
2616 1902 2684 1911 --
2702 1869 2941 1935 βλέπει.
2979 1869 3264 1939 Πτὺσματι
3299 1871 3392 1924 καὶ
3431 1872 3592 1942 χερσὶ
3618 1869 3743 1923 τοῦ·

447 1965 703 2020 manibus
731 1965 879 2018 hunc
903 1974 1083 2030 sanat,
1113 1964 1435 2028 ostendens,
1476 1966 1622 2036 quod
1676 1981 1860 2022 sermo
1910 1985 2045 2024 con-

446 2058 671 2127 iunctus
700 2056 961 2126 operibus
976 2055 1302 2110 miraculum
1326 2056 1539 2124 operari
1571 2066 1777 2126 potest.
1823 2059 2047 2115 Sermo-

447 2149 532 2204 nis
560 2149 784 2218 quidem
823 2147 1039 2219 signum
1070 2157 1155 2202 est
1197 2155 1421 2217 sputum
1469 2167 1482 2201 :
1555 2159 1847 2220 utrumque
1897 2154 2043 2208 enim

449 2244 518 2296 ab
557 2257 652 2296 ore
687 2242 966 2310 egreditur
997 2254 1010 2292 :
1038 2240 1224 2310 operis
1248 2254 1403 2306 vero,
1431 2254 1650 2294 manus.
1714 2242 2042 2299 Sermonem

445 2341 629 2390 autem
680 2333 804 2388 dico
833 2331 1004 2387 laude
1056 2331 1330 2402 dignum:
1378 2332 1631 2388 similiter
1663 2343 1719 2389 et
1775 2336 2044 2404 operatio-

446 2442 594 2483 nem.

514 2518 732 2573 Dictum
768 2522 852 2570 est
880 2523 1065 2570 autem
1099 2512 1169 2568 de
1192 2511 1356 2567 simili
1383 2513 1558 2568 altero
1593 2528 1810 2584 quoque
1851 2514 2037 2582 modo,

443 2609 709 2667 vicesimo
738 2607 919 2679 capite
952 2605 1244 2677 prresentis
1278 2605 1587 2676 Evangelii.

530 2701 718 2755 Primo
792 2713 926 2754 vero
974 2712 1180 2753 caecum
1233 2697 1380 2751 hunc
1426 2696 1746 2766 imperfecte
1799 2699 2034 2765 curavit,

443 2803 633 2864 utpote
669 2789 990 2862 imperfecte
1012 2788 1374 2844 credentem:
1425 2789 1549 2843 ideo
1582 2789 1746 2844 etiam
1797 2792 2038 2846 interro-

443 2887 588 2956 gavit
615 2884 838 2949 cum,si
869 2882 1002 2954 quid
1036 2881 1273 2946 videret,
1339 2891 1401 2936 ut
1450 2881 1545 2952 qui
1595 2897 1789 2950 parum
1855 2884 2037 2939 adhuc

445 2976 798 3046 respiciebat,
835 2989 934 3045 per
961 2972 1238 3028 modicum
1270 2983 1558 3044 aspectum
1611 2974 1870 3029 crederet
1903 2991 2035 3045 per-

445 3067 648 3124 fectius
673 3081 737 3120 ac
767 3073 1059 3120 saltaretur
1089 3062 1421 3135 perfectius:
1455 3065 1678 3136 sapiens
1717 3067 1868 3121 enim
1917 3077 2036 3124 erat

440 3160 709 3216 medicus.

2153 1981 2245 2017 τον
2305 1967 2472 2026 ἰᾶται,
2533 1965 2770 2030 δεικνὺς,
2821 1964 2903 2017 ὅτι
2957 1962 3371 2034 συζευγνύμενα
3435 1965 3590 2030 λόγος
3642 1966 3740 2018 καὶ

2155 2056 2357 2126 πρᾶξις
2423 2056 2676 2124 Θαύματα
2745 2058 3080 2129 ἐργάζεσθαι
3144 2058 3421 2112 δύνανται.
3482 2055 3739 2126 Σύμσολα

2154 2152 2260 2219 γὰρ
2295 2150 2456 2218 λόγου
2492 2150 2614 2220 μὲν,
2645 2151 2706 2204 τὸ
2737 2151 2984 2221 πτύσμα·
3035 2153 3126 2205 καὶ
3167 2151 3335 2220 ἄμφω
3368 2151 3476 2220 γὰρ
3502 2150 3608 2202 ἀπὸ
3639 2149 3736 2202 τοῦ

2154 2245 2422 2313 στόματος
2478 2245 2813 2314 ἐξέρχονται·
2872 2245 3124 2316 πράξεως
3157 2245 3234 2312 δὲ,
3276 2246 3332 2298 αἱ
3374 2246 3574 2312 χεῖρες.
3635 2243 3740 2296 Λύ-

2152 2354 2247 2406 γον
2273 2338 2328 2391 δὲ
2349 2335 2497 2406 λέγω
2529 2338 2619 2389 τὸν
2653 2337 2958 2402 ἐπαινετὸν,
2991 2340 3085 2391 καὶ
3115 2339 3314 2408 πρᾶξιν
3343 2338 3562 2406 ὁμοίως.

2219 2522 2455 2599 Εἴρηται
2479 2521 2535 2574 δὲ
2565 2520 2660 2574 καὶ
2688 2519 2893 2592 τρόπον
2941 2521 3128 2591 ἓτερον
3159 2520 3217 2572 ἐν
3260 2519 3338 2571 τῶ
3369 2518 3599 2590 εἰκοστῷ
3641 2534 3733 2571 κε-

2149 2613 2367 2683 φαλαίῳ
2406 2612 2502 2666 τοῦ
2532 2617 2805 2684 παρόντος
2838 2611 3205 2682 Εὑαγγελίου.

2235 2706 2470 2769 Ἀτελῶς
2521 2704 2576 2757 δὲ
2611 2706 2704 2758 τὸν
2739 2703 2940 2773 τυφλὺν
2995 2703 3188 2758 τοῦτον
3240 2703 3629 2774 ἐθεράπευσεν,
3659 2701 3735 2766 ὡς

2145 2798 2355 2860 ἀτελῶς
2394 2797 2746 2851 πιστεύοντα.
2784 2797 2873 2850 Διὸ
2926 2797 3020 2850 καὶ
3070 2796 3430 2866 ἐπηρώτησεν
3466 2794 3649 2856 αὑτὸν,
3683 2793 3737 2845 ετ

2144 2909 2196 2944 τι
2224 2891 2435 2961 βλέπει,
2487 2890 2572 2942 τνα
2607 2889 2806 2959 μικρὸν
2841 2888 3176 2958 ἀναϐλέψας,
3241 2887 3348 2940 ἀπὸ
3393 2887 3490 2954 τῆς
3531 2887 3732 2955 μικρᾶς

2143 2983 2322 3053 ὂψεως
2356 2981 2626 3052 πιστεύσῃ
2656 2980 3010 3051 τελεώτερον,
3060 2979 3155 3032 καὶ
3195 2978 3320 3048 ἰαθῇ
3379 2977 3725 3046 τελεώτερον.

2143 3075 2312 3145 Σοφὸς
2345 3073 2454 3144 γάρ
2482 3073 2628 3126 ἐστιν
2665 3072 2871 3142 ἰατρός.

508 3253 668 3308 Vers.
696 3251 785 3307 24.
822 3250 888 3305 Et
913 3249 1192 3321 respiciens
1215 3281 1284 3292 -—
1311 3249 1573 3306 homines.
1635 3249 1903 3319 Obscure,
1952 3254 2036 3310 vi-

2217 3255 2326 3312 Kal
2365 3253 2721 3324 ἀναὸλέψας
2744 3281 2813 3291 -
2835 3250 2977 3318 τοὺς
3001 3250 3376 3320 ἀνθρώπους.
3425 3250 3731 3321 Ἀμυδρῶς,

441 3347 664 3403 delicet.

510 3441 667 3498 Vera.
702 3440 792 3494 ’24.
819 3437 1081 3504 Quoniam
1119 3437 1255 3492 velut
1285 3467 1356 3477 —
1397 3439 1750 3496 ambulantes.
1815 3441 2043 3513 Propter

439 3534 591 3591 visus
629 3531 1021 3588 obscuritatem
1050 3532 1153 3600 (υ).

510 3717 667 3773 Vers.
719 3713 812 3768 ‘25.
863 3711 1062 3768 Deinde
1103 3730 1284 3768 rursus
1318 3740 1389 3752 —-
1421 3729 1621 3769 omnes.
1676 3714 2044 3785 Augmentum

438 3811 563 3866 fidei
593 3817 951 3879 augmentum
974 3805 1280 3877 premeruit
1301 3805 1577 3862 sanitatis.

512 3905 668 3962 Vers.
709 3903 812 3981 26.,
840 3902 909 3956 Et
931 3902 1131 3956 dimisit
1164 3931 1236 3942 —
1269 3902 1326 3954 in
1375 3902 1510 3956 vico.
1562 3901 1792 3974 Propter
1839 3920 2041 3961 eorum

437 3998 897 4069 incredulitatem,
942 3995 1037 4067 qui
1072 3995 1129 4049 in
1156 3995 1249 4050 illo
1279 4007 1458 4063 erant,
1491 4005 1547 4051 et
1592 4012 1664 4052 ne
1711 3997 1873 4055 fidem
1923 4001 2046 4068 ejus

438 4097 843 4163 pervertet-ent.

578 4201 731 4258 CAP.
763 4202 954 4258 XXIV.
987 4204 1066 4258 De
1097 4206 1517 4276 interrogatione
1546 4207 1599 4259 in
1618 4204 1891 4262 Cassarea.

507 4295 666 4350 Vers.
699 4296 791 4349 27.
818 4294 886 4348 Et
910 4296 1070 4348 exiuit
1096 4322 1153 4333 —-
1193 4294 1349 4349 Vers.
1378 4295 1470 4350 28.
1513 4297 1914 4365 prophetarum.
1948 4298 2039 4353 Di-

436 4396 583 4440 ctum
615 4396 703 4440 est
746 4386 815 4440 de
858 4386 943 4440 bis
976 4386 1257 4441 tricesimo
1315 4387 1478 4442 tertio
1510 4390 1694 4459 capite
1724 4390 1878 4459 juxta
1907 4391 2041 4445 Mat-

439 4480 665 4533 thzrum.

2146 3349 2410 3410 δηλονότι.

2222 3445 2344 3495 Ὅτι
2369 3441 2447 3507 ὡς
2474 3470 2540 3479 -
2566 3437 3070 3508 περιπατοῦντας.
3098 3437 3198 3490 Διὰ
3242 3438 3337 3507 τὴν
3380 3437 3728 3507 ἀμυδρότητα

2146 3537 2246 3606 τῆς
2307 3534 2506 3604 ὅψεως.
2576 3532 2650 3584 Τὸ
2709 3531 2796 3584 ὅτι
2856 3531 3160 3601 παρέλκει,
3237 3529 3359 3584 καθ’
3441 3529 3727 3600 Ἐὂραῖκὸν

2150 3631 2373 3699 ἰδίωμα.

2220 3718 2368 3775 Εἶτα
2395 3717 2586 3772 πάλιν
2642 3747 2710 3758 —-
2775 3715 3074 3781 ἅπαντας.
3115 3715 3180 3766 Ἠ
3216 3713 3455 3777 ἐπίδοσις
3498 3714 3591 3783 τῆς
3639 3715 3726 3767 πί·

2150 3829 2322 3876 στεως
2363 3811 2604 3864 ἐπίδοσιν
2642 3809 2792 3878 αὑτῷ
2813 3809 2912 3878 τῆς
2938 3807 3126 3876 ὑγείας
3157 3809 3602 3877 περιεποιήσατο.

2217 3903 2328 3959 Kal
2372 3902 2736 3957 ἀπέστειλεν
2760 3928 2830 3938 —-
2857 3900 2925 3952 ἐν
2968 3897 3041 3966 τῇ
3089 3900 3276 3968 κώμῃ.
3325 3901 3425 3952 Διὰ
3454 3901 3552 3968 τὴν
3592 3901 3721 3950 ἀπι-

2149 3995 2306 4048 στίαν
2361 3994 2470 4048 τῶν
2525 3994 2584 4047 ὲν
2616 3992 2781 4062 αὐτῇ,
2832 3990 2926 4044 καὶ
2961 3991 3047 4044 ἵνα
3104 3991 3180 4062 μὴ
3234 3991 3594 4060 διαστρέψωσι
3627 3990 3724 4061 τὴν

2147 4088 2335 4141 πίστιν
2369 4084 2560 4139 αὑτοῦ.

2146 4206 2307 4261 ΚΕΦ.
2344 4204 2465 4256 ΚΔ’.
2503 4201 2644 4270 Περὶ
2678 4201 2788 4269 τῆς
2809 4203 2880 4256 ἐν
2929 4200 3254 4267 Καισαρείᾳ
3279 4199 3723 4266 ἐπερωτήσεως.

2214 4297 2327 4352 Kal
2368 4293 2723 4362 ἑξῆλθεν-
2750 4293 2871 4348 τῶν
2919 4293 3265 4364 προφητῶν.
3329 4292 3556 4362 Εἰρηται
3596 4292 3726 4361 περὶ

2142 4393 2350 4448 τούτων
2379 4395 2436 4445 ὲν
2471 4389 2549 4459 τῷ
2581 4388 2893 4460 τριακοστῷ
2925 4389 3096 4461 τρίτῳ
3126 4387 3408 4459 κεφαλαίῳ
3449 4387 3542 4441 τοῦ
3579 4387 3723 4441 κατὰ

2143 4488 2444 4545 Ματοαὼν.

508 4571 662 4626 Vers.
694 4572 781 4625 '29.
819 4570 881 4623 Et
919 4567 1287 4638 ipse—Vers.
1322 4571 1412 4624 50.
1455 4572 1519 4624 de
1559 4589 1634 4626 se.
1682 4572 1861 4627 Etiam
1912 4573 2028 4630 haec

2217 4583 2326 4639 Kal
2352 4582 2538 4647 αὐτὸς
2563 4611 2632 4622 -
2663 4579 2796 4648 περὶ
2826 4579 3037 4633 αὐτοῦ.
3095 4579 3204 4631 Καὶ
3245 4577 3414 4631 ταῦτα
3441 4579 3496 4629 ἐν
3528 4574 3724 4646 ἐκείνῳ

439 4665 503 4718 ad
548 4680 784 4730 unguem
816 4661 1094 4716 declarata
1129 4670 1258 4715 sunt
1287 4662 1481 4716 eodem
1513 4664 1716 4735 capite.

529 4758 681 4811 Vers.
760 4753 848 4808 5|.
910 4753 1274 4823 pritque—
1319 4770 1610 4825 resurgere.
1663 4758 1744 4813 Ibi
1808 4775 2031 4830 quoque

437 4855 504 4907 de
536 4852 622 4906 Itis
644 4851 850 4904 dictum
882 4861 984 4904 est.

513 4943 663 4995 Vers.
692 4939 780 4993 52.
813 4938 877 4991 ist
925 4949 1102 5005 aperte
1126 4967 1192 4978 —-
1231 4937 1563 5007 loquebatur.
1635 4937 1924 4994 Manifeste
1967 4955 2029 4995 nc

438 5036 558 5088 sine
590 5033 700 5086 ullo
735 5040 1056 5101 tegumento
1095 5029 1243 5083 hunc
1283 5030 1500 5084 dicebat
1541 5044 1880 5085 sermonem.

513 5126 663 5177 V’crs.
697 5121 784 5175 52.
831 5121 899 5174 Et
931 5119 1274 5190 apprehendit
1299 5150 1367 5159 —
1392 5120 1552 5176 Vera.
1597 5121 1686 5176 55.
1727 5124 2025 5178 hominum.

441 5213 709 5267 Similiter
744 5223 800 5268 et
830 5215 898 5268 de
925 5213 1033 5266 his.

511 5307 664 5360 γυνθ.
695 5305 784 5357 54.
825 5304 893 5357 Ει
939 5303 1458 5360 advocatis—Vere.
1488 5304 1580 5360 55.
1624 5308 1853 5362 servabit
1886 5325 2028 5365 eam.

439 5397 705 5452 Pmterea
739 5405 792 5450 et
831 5396 898 5450 de
933 5396 1016 5449 his
1042 5395 1247 5448 dictum
1294 5406 1396 5450 est.

515 5492 668 5544 \‘ers.
709 5489 798 5544 56.
849 5491 986 5556 Quid
1024 5493 1238 5543 enim—
1288 5489 1440 5545 Vers.
1503 5493 1590 5546 57.
1633 5495 1816 5548 anima
1859 5511 1956 5550 sua
1998 5499 2023 5552 Ρ

444 5587 613 5640 Etiam
641 5584 710 5638 de
750 5583 856 5639 his.

2133 4673 2621 4750 διηρμηνεύθησαν
2669 4671 3047 4741 λεπτομερῶς.

2207 4768 2314 4824 Kal
2343 4766 2570 4835 ἤρξατο
2596 4795 2663 4804 -
2689 4763 3056 4831 ἀναστῆναι.
3113 4763 3261 4816 Ἐκεῖ
3280 4763 3372 4817 καὶ
3426 4763 3557 4835 περὶ
3598 4763 3723 4816 τού-

2133 4877 2242 4914 των
2289 4857 2522 4929 ἐρρήθη-

2207 4951 2317 5007 Kal
2346 4946 2656 5017 παρρησίᾳ
2679 4975 2751 4984 —
2771 4946 2998 5001 ἐλάλει.
3029 4947 3280 5018 Φανερῶς
3309 4949 3402 5001 καὶ⁵
3433 4950 3722 5019 ἀπαρακαο

2135 5043 2355 5105 λύπτως
2384 5044 2473 5094 τὸν
2506 5041 2665 5108 λόγον
2699 5040 2890 5092 τοῦτον
2913 5039 3112 5094 ἐλάλει.

2205 5135 2314 5191 Καὶ
2337 5133 2836 5203 προσλαϐόμενος
2860 5162 2930 5172 -
2960 5133 3078 5186 τῶν
3102 5134 3446 5203 ἀνθρώπων.
3489 5137 3723 5206 Ὁμοίως

2135 5227 2231 5281 καὶ
2263 5227 2392 5297 περὶ
2418 5224 2646 5278 τούτων.
2673 5222 2729 5294 Ἴ

2208 5316 2318 5371 Καὶ
2369 5314 3256 5385 προσκαλεσάμενος-σώσει
3312 5317 3527 5384 αὐτήν.
3603 5321 3722 5374 “Et:

2139 5411 2236 5463 καὶ
2261 5409 2392 5479 περὶ
2421 5409 2653 5461 τούτων.

2215 5502 2274 5554 Τί
2304 5502 2413 5570 γὰρ
2443 5531 2512 5542 --
2537 5497 2748 5570 ψυχῆς
2771 5500 2991 5563 αὑτοῦ;
3033 5500 3141 5553 Kal
3177 5504 3305 5572 περὶ
3345 5502 3574 5556 τούτων.

1656 5775 1850 5836 Variae
1875 5776 2179 5839 lectiones
2213 5785 2273 5839 et
2307 5783 2500 5841 notua.

518 5917 592 5984 (gi)
639 5915 847 5970 Partem
871 5918 1115 5972 ultimam
1167 5920 1481 5974 selzoliinun
1515 5923 1780 5988 expressit
1807 5923 2095 5991 interpres.
