4032 6466
310 403 414 468 8H

1244 407 1636 472 COMMENT.
1679 412 1764 474 ΙΝ
1807 411 2156 475 MARCUM.
2197 435 2268 447 —
2306 411 2466 472 CAP.
2512 411 2616 471 IX.

3494 412 3604 474 818

388 524 494 586 Ὃς
524 519 828 590 γὰρ-τῶν
850 521 1127 592 ἀγγέλων
1155 521 1274 576 τῶν
1289 524 1499 594 ἁγίων.
1527 525 1720 589 Ὅστις
1744 525 1902 579 ἐπαι-

2079 523 2236 580 Vers.
2270 525 2361 581 38.
2401 523 2771 595 Quemcunque
2802 553 2870 562 —
2903 522 3106 594 angelis
3146 525 3369 578 sanctis.
3433 525 3603 591 Quis-

310 616 516 685 σχυνοῇ
561 631 628 685 με
661 614 999 683 ὁμολογῆσαι
1040 615 1195 679 Θεδν,
1226 617 1321 668 καὶ
1349 618 1476 680 τοὺς
1507 617 1674 686 ἐμοὺς
1709 616 1905 685 λόγους

309 706 655 775 ὁμολογῆσαι
689 705 825 759 Θεοῦ
871 706 1006 773 (61),
1043 705 1133 759 διὰ
1160 706 1260 776 τὴν
1289 706 1568 760 εὐτέλειαν
1595 707 1698 776 τῆς
1738 709 1895 760 ἐναν-

312 797 677 867 ορωπήσεως,
710 797 807 849 καὶ
831 797 920 850 διὰ
943 799 1012 850 τὰ
1046 797 1196 867 πάθη
1232 798 1326 852 καὶ
1351 798 1442 850 τὸν
1466 797 1719 868 σταυρὸν,
1747 797 1906 866 κάγὼ

311 887 823 957 ἐπαισχυνθήσομαι
851 888 1016 942 αὐτὸν
1046 888 1378 958 ὁμολογῆσαι
1408 889 1563 957 ἐμὸν,
1591 889 1722 942 ὃταν
1743 888 1906 951 ἔλθω,

310 979 495 1032 οὖκέτι
527 979 806 1045 ταπεινὸς,
847 981 923 1040 ὡς
965 978 1081 1043 νῦν,
1125 979 1243 1032 ἀλλ’
1276 979 1504 1046 ἔνδοξος,
1539 982 1614 1043 ώς
1657 983 1684 1034 ό
1714 981 1905 1050 Πατήρ

323 1088 450 1141 μου.
481 1073 578 1123 Δεῖ
599 1071 709 1142 γὰρ
740 1072 819 1143 μὴ
861 1071 1026 1142 μόνον
1052 1071 1357 1138 πιστεύειν,
1390 1072 1527 1125 ἀλλὰ
1561 1073 1656 1126 καὶ
1693 1074 1908 1143 παρρη-

318 1162 412 1232 σίᾳ
447 1162 770 1233 κηρύσσειν.

383 1253 690 1322 Μοιχαλίδα
734 1253 793 1309 δέ
825 1255 923 1324 τὴν
965 1255 1165 1324 γενεὰν
1192 1256 1300 1310 τῶν
1343 1255 1562 1310 ἀσεϐῶν
1595 1254 1905 1325 ὠνόμασεν,

313 1341 391 1405 ὡς
414 1343 740 1397 ἀποστᾶσαν
782 1344 883 1414 μέν
913 1345 1052 1399 Θεοῦ
1082 1345 1177 1398 τοῦ
1209 1346 1462 1414 σπορέως
1491 1346 1591 1415 τῆς
1625 1341 1910 1404 εὐσεόείας

283 1505 288 1512 _
315 1436 409 1487 καὶ
428 1433 690 1501 ἀληθείας
713 1453 728 1468 ο
768 1436 1126 1508 κολληθεῖσαν
1156 1437 1214 1491 δέ
1245 1437 1324 1508 τῷ
1349 1435 1586 1508 δαίμονι,
1610 1434 1690 1506 τῷ
1723 1433 1915 1503 σπορεί

314 1523 414 1592 τῆς
451 1524 713 1588 ἀσεϐείας
746 1525 844 1577 καὶ
899 1525 1127 1587 κακίας.

395 1618 504 1672 Καὶ
527 1617 744 1687 ἔλεγεν
772 1647 842 1658 —
871 1617 940 1670 ἐν
963 1615 1237 1686 δυνάμει.
1271 1617 1384 1672 Καὶ
1434 1617 1566 1688 περὶ
1603 1614 1810 1670 τούτων
1855 1615 1916 1666 ἐν

320 1711 399 1782 τῷ
431 1711 655 1782 ῥηθέντι
684 1710 969 1780 κεφαλαίῳ
1009 1709 1431 1779 διασεσάφηται.

501 1829 659 1883 ΚΕΦ.
690 1827 821 1881 KE’.
886 1827 1026 1895 Περὶ
1056 1825 1169 1894 τῆς
1195 1826 1735 1896 μεταμορφώσεως.

393 1919 500 1973 Kal
531 1919 666 1988 μεθ’
688 1949 762 1960 --
802 1919 1033 1988 Ἰησοῦ.
1067 1917 1304 1988 Είρηται
1343 1917 1473 1988 περὶ
1508 1916 1719 1971 τούτων
1753 1917 1812 1969 ἐν
1835 1913 1914 1983 τῷ

319 2008 632 2080 τριακοστῷ
666 2008 916 2079 τετάρτῳ
963 2007 1251 2079 κεφαλαίῳ
1287 2008 1381 2062 τοῦ
1414 2007 1556 2062 κατὰ
1604 2005 1912 2060 Ματοαῖον.

362 2111 383 2117 “
401 2099 507 2154 Καὶ
533 2100 882 2167 ἀποκριθεὶς
911 2131 974 2142 -—
1000 2100 1267 2169 ἔκφοϐοι.
1329 2101 1452 2154 Ἔτι
1498 2099 1594 2152 καὶ
1637 2097 1766 2167 περὶ
1793 2098 1918 2148 τού-

328 2209 440 2244 των
466 2191 737 2261 ἀκριϐῶς.

396 2283 507 2337 Kal
543 2283 874 2351 ἐγένετο-
896 2283 1026 2350 μεθ’
1077 2279 1331 2336 ἑαυτῶν.
1378 2281 1615 2350 Ὁμοίως
1665 2283 1760 2332 καὶ
1791 2277 1920 2346 περὶ

321 2372 555 2429 τούτων.
609 2371 894 2434 Ἐξάπινα
923 2371 1001 2436 δέ,
1045 2371 1169 2425 ἀντὶ
1204 2370 1321 2435 τοῦ,
1357 2369 1642 2439 ἐξαίφνης.

395 2459 907 2515 Κατιιΰαινόντων
933 2491 1000 2500 ——
1034 2459 1298 2528 ἀναστῇ.
1355 2460 1476 2512 Ἔτι
1503 2459 1598 2512 καὶ
1640 2459 1767 2529 περὶ
1792 2458 1916 2511 τού-

321 2572 451 2610 των.

404 2647 514 2700 Καὶ
543 2677 613 2687 --
644 2647 797 2714 πρὸς
842 2645 1124 2712 ἑαυτούς.
1161 2645 1266 2698 Τὸν
1312 2643 1493 2712 λόγον,
1524 2643 1616 2697 τὸν
1651 2644 1777 2713 περὶ
1823 2641 1918 2694 τοῦ

325 2739 390 2788 ἐκ
423 2738 636 2807 νεκρῶν
665 2737 971 2806 ἀναστῆναι
1008 2736 1194 2789 αὐτόν.
1237 2736 1588 2806 Ἐκράτησσιν
1619 2735 1755 2803 πρὸς
1785 2734 1913 2786 ἐαυ-

324 2833 476 2893 τοίις,
523 2829 662 2900 πρὸς
698 2830 908 2900 μηδένα
938 2829 1129 2900 ἐτερον
1172 2830 1365 2882 τοῦτον
1403 2829 1743 2894 ἐξειπόντες.

399 2921 468 2972 Ἢ
499 2919 592 2972 τὸν
618 2921 801 2988 λόγον,
827 2920 921 2974 τὸν
954 2919 1086 2990 περὶ
1116 2919 1219 2988 τῆς
1265 2917 1775 2990 μεταμορφώσεως.

397 3095 898 3161 Συζητοῦντεςκ
931 3092 1299 3162 ἀναστῆναι.
1353 3095 1509 3162 Μήτε
1562 3095 1667 3161 γὰρ
1725 3093 1922 3155 ἰδόντες

2011 619 2136 688 quis
2211 618 2422 688 pudore
2475 625 2652 671 tactus
2707 632 2819 670 non
2881 631 3051 670 an-us
3105 614 3277 669 fuerit
3350 619 3609 674 conﬁteri

2010 726 2098 765 me
2127 725 2248 764 esse
2279 710 2476 772 Deum,
2516 724 2780 780 meosque
2812 724 3096 764 sermones
3157 725 3282 763 esse
3313 709 3429 774 Dei,
3481 726 3610 778 pro:

2011 809 2136 869 pter
2159 799 2566 854 incarnationis
2588 800 2979 864 humilitatem,
3000 799 3328 854 afﬂictiones
3367 817 3431 855 ac
3483 818 3608 855 cru-

2010 903 2162 943 cem:
2193 903 2280 942 me
2303 903 2520 959 quoque
2543 888 2771 959 pudebit
2790 889 3063 952 confiteri,
3091 889 3242 942 illum
3259 905 3380 943 esse
3401 905 3607 953 meum,

2009 994 2134 1033 cum
2166 995 2388 1044 venero,
2428 996 2535 1034 non
2562 981 2673 1050 jam
2708 980 2982 1050 abjectus.
3035 990 3095 1035 ut
3137 997 3306 1046 nunc,
3347 982 3444 1036 sed
3490 982 3613 1051 glo-

2012 1071 2212 1134 riosus,
2235 1070 2378 1125 sicut
2411 1070 2578 1126 Pater
2605 1087 2785 1127 meus.
2816 1072 3048 1142 Oportet
3089 1073 3236 1127 enim
3295 1087 3407 1126 non
3447 1070 3613 1126 modo

2012 1161 2259 1223 credere.
2293 1178 2485 1218 verum
2520 1165 2683 1218 etiam
2701 1164 2874 1219 libere
2895 1164 3214 1234 prmdicare.

2083 1255 2401 1312 Adulteram
2431 1273 2582 1322 vero,
2618 1259 2913 1329 impiorum
2956 1259 3379 1330 generationem
3419 1257 3614 1328 appel-

2015 1346 2150 1400 larit
2192 1365 2204 1400 :
2245 1355 2435 1417 utpote
2460 1364 2491 1404 a
2536 1350 2665 1415 Deo,
2699 1351 2791 1420 qui
2825 1349 3049 1420 pietatis
3077 1365 3141 1406 ac
3198 1349 3418 1405 virtutis
3467 1358 3616 1406 sator

2014 1447 2120 1501 est,
2177 1437 2524 1494 deﬁcientem
2559 1456 2624 1496 ac
2675 1441 2910 1496 daemoni
2948 1443 3348 1508 adhaerentem,
3379 1442 3471 1512 qui
3507 1442 3614 1496 im-

2015 1525 2272 1597 pietatem
2310 1546 2373 1584 ac
2409 1531 2668 1588 malitiam
2707 1534 2964 1588 seminat.

2121 1618 2255 1690 Cap.
2298 1621 2390 1675 IX.
2435 1622 2591 1697 Vers.
2638 1626 2688 1678 1.
2718 1625 2787 1679 Ει
2833 1625 3041 1679 dicebat
3086 1627 3233 1680 —in
3274 1628 3488 1682 uirtute.
3535 1627 3610 1682 De

2019 1709 2104 1766 his
2129 1727 2350 1782 quoque
2377 1715 2638 1784 praedicto
2669 1717 2852 1786 capite
2887 1717 3231 1787 disputatum
3273 1727 3376 1773 est.

2197 1827 2349 1883 CAP.
2381 1829 2548 1885 XXV.
2585 1830 2663 1885 De
2684 1833 3157 1903 tramformatioue
3199 1832 3433 1886 Domini.

2095 1918 2331 1976 Vers.2.
2387 1921 2454 1976 Et
2479 1931 2665 1990 post—
2697 1922 3102 1978 VersJJew.
3158 1924 3374 1978 Dictum
3440 1923 3616 1978 estde

2023 2011 2108 2066 b’s
2131 2013 2408 2068 tricesimo
2436 2029 2507 2082 qu
2528 2023 2636 2068 ιι·ιο
2668 2014 2824 2084 juxta
2851 2014 3164 2069 Matthaeum
3199 2015 3402 2082 capite.

2095 2102 2248 2158 Vers.
2286 2102 2338 2157 5.
2369 2103 2437 2157 Et
2461 2106 2798 2172 respondens.
2829 2133 2900 2144 —-
2942 2104 3094 2159 Vers.
3132 2105 3188 2159 6.
3220 2103 3480 2158 exterriti.
3541 2102 3618 2156 De

2022 2196 2108 2249 his
2143 2204 2405 2264 praterea
2461 2197 2736 2251 subtiliter
2767 2197 2842 2251 ibi
2877 2206 3168 2252 tractatum
3202 2206 3306 2250 est.

2093 2286 2250 2341 Vcrs.
2289 2287 2338 2339 7.
2365 2285 2633 2351 Factaque
2661 2314 2727 2327 --
2757 2286 2912 2344 V'ers.
2933 2288 2984 2344 8.
3025 2304 3226 2342 secum.
3258 2286 3524 2342 Similiter
3549 2287 3618 2342 de

2025 2379 2128 2432 his.

2108 2469 2260 2524 Vcrs.
2293 2471 2346 2525 9.
2387 2469 2828 2526 Descendentibus
2851 2503 2916 2513 —
2952 2474 3287 2526 surrexisset.
3345 2471 3617 2526 Przeterca

2023 2576 2244 2630 quoque
2287 2561 2356 2615 de
2395 2561 2500 2615 his.
2550 2604 2562 2616 .

2098 2649 2257 2705 Vers.
2287 2650 2372 2705 l0.
2392 2649 2459 2704 Et
2490 2681 2560 2690 —
2592 2653 2731 2718 apud
2756 2668 2887 2706 sese.
2921 2650 3166 2707 Verbum
3201 2651 3346 2720 quod
3383 2659 3502 2705 erat
3552 2650 3622 2706 de

2025 2741 2437 2796 resurrectione
2465 2742 2584 2812 ejus
2609 2757 2637 2795 a
2669 2742 2902 2797 mortuis
2938 2760 2953 2796 :
2989 2752 3288 2798 tenuerunt
3317 2743 3458 2812 apud
3478 2755 3622 2804 scse,

2025 2833 2158 2886 nulli
2191 2832 2284 2885 alii
2317 2842 2633 2888 narrantes.

2100 2924 2237 2988 Vel,
2294 2924 2520 2979 verbum
2596 2924 2741 2996 quod
2811 2939 2932 2980 erat
3005 2925 3072 2980 de
3138 2922 3626 2978 transformatione

2027 3018 2196 3072 illius.

2121 3106 2402 3163 Vers.10.
2469 3107 3221 3178 Disputautes~resurgere.
3281 3108 3418 3161 Cum
3477 3103 3628 3159 enim

329 3187 453 3241 τινὰ
502 3188 893 3256 ἀναστήσαντα
948 3185 1144 3239 ἐαυτὸν
1198 3186 1263 3238 ἐκ
1316 3184 1551 3254 νεκρῶν,
1622 3185 1759 3254 μήτε
1818 3184 1924 3255 μὴν

2052 3197 2309 3252 neminem
2340 3198 2607 3253 vidissent
2667 3201 2912 3269 seipsum
2949 3215 2978 3252 a
3017 3199 3258 3254 mortuis
3302 3197 3629 3258 suscitasse,

329 3279 661 3342 ἀκούσαντες
703 3278 873 3348 ᾤοντο
926 3277 1246 3349 παραϐολὴν
1300 3273 1441 3330 εἶναι
1476 3276 1572 3329 καὶ
1617 3274 1798 3342 τοῦτο,
1836 3276 1931 3330 καὶ

329 3371 658 3442 ουνεζήτουν
709 3371 762 3424 τί
792 3369 946 3439 δηλοῖ
972 3387 986 3436 ;

409 3464 645 3534 Εἴρηται
673 3463 733 3517 δὲ
764 3466 895 3533 περὶ
927 3461 1126 3516 τούτου
1160 3463 1256 3517 καὶ
1289 3463 1348 3516 ἐν
1383 3461 1460 3532 τῷ
1498 3461 1643 3516 τέλει
1668 3462 1768 3530 τῆς
1801 3460 1927 3529 ἐξη-

332 3557 552 3626 γήσεως
575 3555 668 3608 τοῦ
691 3555 1022 3627 τριακοστοῦ
1052 3554 1306 3626 πέμπτου
1338 3554 1639 3619 κεφαλαίου
1665 3553 1760 3608 τοῦ
1787 3551 1930 3606 κατὰ

334 3648 643 3702 Ματοαῖον.

407 3739 518 3793 Ital
539 3740 865 3808 ἐπηρώτων
891 3770 958 3780 -
985 3738 1204 3794 πάντα.
1247 3737 1491 3809 Ἐρῤήθη
1531 3737 1624 3788 καὶ
1654 3737 1785 3805 περὶ
1810 3733 1934 3787 τού-

338 3849 445 3885 των
476 3834 532 3884 ἐν
574 3832 653 3904 τῷ
691 3833 1080 3905 προειρημένῳ
1120 3830 1436 3903 τριακοστῶ
1482 3829 1731 3899 τετάοτῳ
1765 3844 1935 3897 κεφαο

339 3925 500 3997 λαίῳ.

413 4017 522 4072 Καὶ
555 4016 772 4083 πῶςσ-
795 4016 1196 4086 ἐξουδενωθῇ.
1253 4017 1430 4070 Τοῦτο
1461 4015 1616 4069 εἶπεν
1647 4013 1935 4084 ἐμϐάλλων

340 4109 421 4168 εἰς
455 4108 694 4179 ἀπορίαν
754 4106 1060 4175 ἀπολογίας
1113 4108 1239 4170 τοὺς
1281 4107 1679 4176 Γραμματεϊς·
1735 4106 1782 4155 εἰ
1827 4102 1936 4172 γὰρ

341 4199 464 4251 κατ’
502 4200 722 4263 αὐτοὺς.
753 4203 921 4269 μήπω
958 4200 1204 4262 ἐλθόντος
1234 4197 1555 4264 τοῦἪλιοῦ,
1584 4195 1740 4248 οὔπω
1771 4191 1936 4264 ἦλθεν

339 4291 367 4338 ὁ
410 4290 666 4359 Χριστὸς,
738 4289 924 4351 Ἠλίας
979 4290 1036 4341 δὲ
1086 4287 1256 4341 ἐλθὼν
1309 4289 1527 4359 πρῶτον
1589 4285 1938 4355 ἁποκαϐιστᾷ

345 4382 542 4446 πάντα,
574 4383 877 4444 τουτέστιν,
907 4384 1171 4448 ἐνοποιεῖ,
1221 4381 1546 4451 ἐπιστρέφει
1571 4380 1752 4433 πάντα
1800 4379 1938 4431 Ἰουο

343 4475 491 4528 δαῖον
523 4475 659 4544 πρὸς
694 4477 785 4529 τὸν
837 4477 1098 4546 Χριστὸν,
1159 4474 1278 4538 πῶς
1330 4475 1650 4543 γέγραπται
1701 4473 1795 4525 ἐπὶ
1845 4471 1935 4522 τὸν

2035 3301 2214 3357 neque
2243 3289 2411 3343 etiam
2445 3290 2749 3356 audissent,
2779 3291 3154 3359 opinabantur
3176 3301 3229 3344 et
3262 3290 3366 3343 hoc
3401 3287 3630 3358 parabo—

2035 3377 2140 3433 lam
2168 3395 2309 3445 esse,
2342 3389 2398 3434 et
2421 3381 2774 3450 disputabant
2809 3382 2940 3451 quid
2971 3381 3321 3452 signiﬁcaret.

2110 3467 2326 3522 Dictum
2360 3478 2446 3524 est
2476 3480 2665 3524 autem.
2691 3473 2758 3525 de
2787 3472 2890 3524 hoc
2947 3471 3112 3524 etiam
3152 3473 3203 3524 in
3240 3473 3346 3523 [ine
3405 3483 3634 3522 enarra-

2037 3558 2205 3612 tionis
2241 3559 2510 3615 tricesitni
2538 3562 2722 3630 quinti
2757 3561 2956 3632 capitis
2999 3562 3278 3632 Evangelii
3325 3559 3630 3615 secundum

2037 3649 2382 3706 Matth-mum.

2108 3741 2262 3797 Vcrs.
2300 3743 2386 3797 Η.
2413 3741 2482 3797 Et
2530 3744 3023 3814 iuterrogabaul—
3059 3743 3220 3798 Vers.
3275 3741 3364 3796 i2;
3427 3740 3632 3794 omnia.

2038 3831 2256 3886 Dictum
2320 3843 2403 3889 est
2447 3844 2631 3889 autent
2680 3845 2729 3888 et
2766 3835 2833 3888 de
2894 3835 2982 3888 his
3035 3834 3294 3903 praedicto
3358 3829 3635 3885 tricesimo

2038 3924 2406 3993 quartojuxta
2445 3925 2766 3979 Matthaaum
2796 3925 2999 3993 capite.

2111 4017 2270 4070 Vers.
2301 4017 2388 4070 12.
2420 4016 2487 4069 Et
2517 4019 3277 4086 quomodo—couteumatur.
3337 4014 3452 4068 Hoc
3501 4012 3640 4068 dixit

2039 4111 2344 4178 conjiciens
2375 4110 2428 4162 in
2453 4109 2858 4163 dubitationem
2887 4108 3266 4178 responsionis
3295 4107 3446 4176 ipsos
3486 4105 3634 4160 Scri-

2040 4203 2158 4257 bas.
2197 4201 2251 4256 Si
2287 4202 2435 4256 enim
2470 4202 2776 4256 secundum
2807 4202 2956 4271 ipsos
2989 4217 3112 4255 cum
3158 4199 3406 4255 nondum
3471 4213 3640 4251 vene-

2041 4295 2112 4346 rit
2144 4293 2308 4356 Elias,
2329 4291 2571 4346 nondum
2603 4293 2754 4347 venit
2779 4291 3055 4346 Christus.
3108 4291 3252 4346 Elias
3288 4299 3472 4342 autem
3513 4303 3638 4342 cum

2043 4385 2195 4453 prius
2222 4385 2455 4448 venerit,
2486 4383 2738 4437 restituet
2765 4383 2972 4446 omnia,
3005 4383 3104 4435 hoc
3120 4390 3225 4444 est,
3245 4382 3395 4434 uniet
3419 4388 3475 4433 et
3507 4394 3638 4432 con-

2044 4487 2221 4531 vertet
2288 4492 2509 4531 omnem
2578 4473 2828 4530 Judaeum
2872 4476 2940 4529 ad
2984 4474 3309 4528 Christum:
3364 4473 3641 4542 quomodo

348 4566 474 4618 Υἱον
509 4567 604 4619 τοῦ
658 4568 971 4637 ἀνθρώπου,
1009 4570 1200 4639 ἠγουν,
1239 4568 1368 4637 περὶ⁸
1420 4566 1515 4620 τοῦ
1551 4564 1814 4635 Χριστοῦ,
1851 4565 1924 4616 ἵνα

2052 4569 2310 4638 scriptum
2337 4569 2506 4623 estde
2544 4567 2683 4621 Filio
2713 4565 2976 4629 hominis,
3008 4568 3123 4620 sive
3152 4567 3219 4620 de
3247 4565 3495 4628 Christo,
3530 4574 3640 4617 uta

348 4659 518 4713 πολλὰ
541 4661 690 4732 πάθῃ
724 4663 876 4732 παρὰ
908 4664 1015 4714 τῶν
1061 4661 1373 4728 Ἰουδαίωνς
1417 4662 1480 4714 Εἰ
1511 4660 1620 4731 γὰρ
1669 4662 1941 4727 ἐπιστρα-

349 4753 612 4822 φήσονται
640 4755 775 4825 πρὸς
797 4755 985 4815 αὑτὸν,
1014 4755 1132 4817 πῶς
1163 4753 1337 4806 πολλὰ
1367 4752 1516 4823 πάθῃ
1553 4753 1685 4820 παρ’
1719 4749 1940 4815 abab»);

351 4845 516 4896 ’Ὠστε
562 4845 748 4907 Ἠλίας
781 4848 809 4898 ό
838 4847 1106 4915 Θεσὸίτης
1138 4845 1245 4916 πρὸ
1271 4844 1369 4914 τῆς
1398 4844 1661 4913 δευτέρας
1682 4842 1776 4896 τοῦ
1812 4844 1945 4911 Χρι-

351 4935 479 4989 στοῦ
510 4939 815 5008 παρουσίας
848 4941 1149 5004 ἐλεύσεται,
1178 4939 1268 4991 ὅτε
1294 4939 1341 4990 οί
1371 4934 1674 5006 τηνικαῦτα
1696 4935 1945 4988 Ἰουδαῖοι

350 5035 858 5104 ἐπιστραφήσονται
915 5033 1054 5103 πρὸς
1118 5032 1325 5085 αὐτόν·
1384 5030 1483 5085 νῦν
1543 5030 1602 5084 δέ
1657 5032 1690 5099 ὴ
1748 5028 1940 5099 πρώτη

351 5125 627 5196 παρουσία
657 5126 752 5178 τοῦ
776 5126 1016 5196 Χριστοῦ
1041 5128 1209 5191 ἐστιν,
1239 5125 1325 5178 ὅτε
1351 5123 1528 5178 πολλὰ.
1565 5125 1764 5192 πάσχει
1791 5123 1943 5192 παρὰ

352 5218 460 5271 τῶν
506 5215 882 5291 Ἰουδαίων,ἦ;
913 5220 1228 5290 Πρόδρομος
1252 5218 1352 5288 οὐχ
1382 5220 1409 5271 ὁ
1447 5217 1745 5286 Θεσδίτης,
1773 5214 1888 5268 ἀλλ’
1914 5216 1942 5266 ὁ

366 5312 585 5383 Ἰωάννη
596 5333 642 5377 ς,

436 5407 622 5460 Ἀλλὰ
674 5405 832 5476 λέγω
868 5436 937 5446 —
969 5404 1295 5472 ὲθέλησαν.
1337 5403 1682 5473 Σαφέστερον
1716 5404 1742 5454 ὁ
1794 5399 1943 5453 Ματ-

354 5500 505 5560 οαῖος
546 5499 738 5571 εἴρηκε
764 5499 893 5570 περὶ
924 5499 1141 5560 τούτου,
1182 5498 1276 5550 καὶ
1311 5497 1545 5566 ζήτησον
1573 5498 1630 5548 ἐν
1656 5494 1734 5564 τῷ
1773 5494 1946 5563 δηλω-

355 5593 503 5646 οέντι
530 5592 839 5662 τοιακοστῷ
867 5591 1110 5662 τετάρτῳ
1142 5589 1444 5659 κεφαλαίῳ.

2041 4662 2245 4718 Judmis
2274 4662 2443 4714 multa
2472 4660 2763 4730 patiatur?
2798 4658 2844 4712 si
2882 4658 3028 4713 enim
3062 4661 3128 4711 ad
3183 4659 3364 4727 ipsum
3407 4670 3642 4711 conver-

2047 4752 2193 4808 tendi
2256 4759 2408 4815 sunt,
2469 4748 2748 4818 quomodo
2783 4749 2850 4801 ab
2913 4748 3044 4816 ipsis
3105 4748 3346 4813 patietur
3369 4745 3406 4798 ἲ·
3447 4745 3642 4812 Itaque

2050 4845 2196 4899 Elias
2223 4843 2518 4898 Thcsbites
2566 4851 2694 4896 ante
2726 4840 3031 4895 secundum
3072 4841 3275 4894 Christi
3345 4839 3643 4892 adventum

2049 4944 2318 4988 venturus
2375 4941 2480 4996 est,
2553 4931 2775 5000 quando
2815 4929 2868 4984 hi
2909 4932 3002 5000 qui
3051 4939 3181 4984 tunc
3246 4939 3412 4984 erunt
3469 4927 3642 4981 Judmi

2051 5030 2441 5080 convertentur
2470 5021 2537 5075 ad
2567 5022 2766 5089 ipsum.
2796 5019 2953 5074 Nunc
2981 5031 3164 5072 autem
3229 5018 3440 5087 primus
3484 5015 3646 5070 Chri-

2053 5118 2119 5173 sti
2184 5116 2580 5175 adventusvsl,
2617 5130 2740 5166 cum
2780 5129 2807 5165 a
2848 5111 3052 5166 Judaeis
3084 5113 3254 5166 multa
3291 5113 3517 5181 patitur,
3546 5126 3645 5163 cu-

2050 5210 2140 5275 jus
2169 5207 2481 5261 Prmeursor
2506 5222 2615 5261 non
2643 5205 2954 5270 Thesbites,
2998 5204 3096 5258 scd
3126 5203 3385 5260 Joannes.

2128 5387 2282 5442 Vcrs.
2318 5387 2405 5439 13.
2434 5384 2536 5437 Sed
2575 5385 2775 5436 dico—
2806 5383 3102 5436 voluerunt.
3150 5382 3221 5435 De
3263 5383 3364 5437 hoc
3414 5383 3647 5436 manife-

2055 5487 2194 5543 stius
2237 5486 2453 5538 locutus
2480 5493 2568 5536 est
2603 5481 2924 5536 Muttlueus:
2983 5496 3166 5551 quzere
3223 5496 3352 5551 ergo
3387 5480 3646 5551 prmdicto

2058 5577 2337 5635 tricesimo
2369 5586 2566 5644 quarto
2601 5575 2796 5642 rapite.

1561 5722 1761 5784 Variae
1805 5723 2111 5783 lectiones
2153 5724 2214 5779 et
2249 5721 2436 5778 notae.

434 5861 546 5930 (iii)
581 5862 741 5917 Forte
805 5862 1077 5929 interpres
1136 5856 1345 5912 invenit
1404 5853 1740 5926 ὁμολογῆσαι
1798 5849 1913 5907 sive.

2052 5847 2125 5915 δῦ,
2159 5845 2305 5916 quod
2346 5857 2446 5897 nec
2481 5833 2616 5896 mihi
2661 5836 2929 5908 displicet.
