4032 6464
428 413 533 476 8Ξ3
1662 409 2046 479 EUTHYMlI
2089 409 2454 471 ZIGABENI
3587 415 3688 475 824

427 524 586 579 simul
602 523 822 595 quidem
840 524 906 580 ad
925 523 1334 596 praedicationis
1354 539 1466 582 suae
1485 525 1960 582 conﬁrmationem
1987 542 2001 578 :

2119 524 2411 597 βεϐαίωσιν
2455 523 2548 578 τοῦ
2587 523 2965 597 κηρύγματος,
3005 522 3118 592 ἅμα
3141 523 3215 586 δὲ,
3243 521 3336 573 καὶ
3363 519 3442 583 είς
3471 517 3692 589 βελτίωι

426 625 483 669 et
506 625 773 686 prieterea
800 617 867 671 ad
902 616 1346 673 emendationem
1391 633 1583 674 eorum
1614 619 1706 690 qui
1747 619 2012 674 miracula

426 707 813 776 operabantur.

496 801 693 865 Quaere
729 800 899 856 etiam
938 800 1006 856 de
1041 801 1126 858 his
1151 801 1347 872 quinto
1378 803 1532 875 juxta
1561 801 1873 858 Matthzeum
1917 820 2011 859 ca-

426 890 559 959 pite,
622 890 713 945 ubi
747 890 888 945 circa
949 891 1114 948 tinem
1151 893 1423 949 habetur:
1458 894 1617 948 Multi
1669 897 1844 950 dicent
1885 899 2014 952 mihi

426 982 477 1035 in
534 981 627 1035 illo
677 983 781 1047 die,
840 981 1086 1051 Domine,
1141 985 1386 1050 Domine,
1451 1003 1623 1042 nonne
1671 1006 1766 1059 per
1825 1008 2014 1045 nomen

425 1081 573 1126 tuum
605 1077 1047 1143 :prophetavimus
1100 1088 1149 1131 et
1196 1095 1288 1147 per
1336 1095 1524 1133 nomen
1561 1091 1705 1135 tuum
1749 1084 2010 1137 dctmouia

424 1167 671 1236 ejecimus
694 1169 775 1207 “9

498 1352 653 1408 Vera.
712 1355 802 1410 40.
857 1354 961 1419 Qui
1020 1357 1158 1409 enim
1205 1387 1273 1396 —
1316 1367 1415 1412 est.
1470 1359 1527 1413 Id
1596 1358 1776 1428 ipsum
1840 1361 2009 1426 enim,

424 1445 572 1499 illum
608 1461 714 1500 non
750 1447 1008 1503 resistere
1032 1449 1206 1514 vobis,
1237 1458 1480 1504 vestrum
1511 1460 1595 1505 est
1617 1451 1899 1506 auxilium.

490 1539 650 1592 Aliud
687 1549 770 1595 est
819 1549 1024 1607 autem,
1070 1544 1216 1613 quod
1271 1543 1398 1598 alibi
1444 1544 1645 1599 dicitur
1691 1563 1704 1598 :
1750 1544 1855 1611 Qui
1910 1563 2013 1600 non

421 1642 499 1687 est
550 1651 778 1699 mecum,
837 1645 1020 1689 contra
1074 1652 1157 1690 me
1207 1645 1281 1690 est
1323 1636 1390 1693 “.
1425 1634 1557 1691 Nam
1607 1639 1737 1695 illud
1787 1640 1856 1695 de
1903 1640 2012 1696 da:-

421 1737 584 1778 mone
635 1725 855 1790 dicitur.
906 1736 961 1782 et
1023 1727 1189 1782 alium
1221 1728 1385 1785 habet
1411 1731 1786 1789 intellectum:
1843 1744 2006 1805 prout

424 1817 685 1875 vicesimo
707 1821 1122 1889 secundojuxta
1155 1822 1466 1879 Matthaeum
1519 1827 1700 1897 capite
1759 1828 2005 1883 declara-

423 1926 623 1967 vlmus.

495 2002 646 2061 νει-ε.
680 2007 766 2062 41.
796 2007 1102 2082 Quicunque
1143 2015 1282 2068 enim
1328 2043 1399 2053 ——-
1446 2032 1620 2071 suam.
1679 2017 1793 2073 Hoc
1843 2018 2008 2077 etiam

421 2095 558 2151 dixit
589 2097 644 2152 in
676 2099 784 2156 line
815 2102 1016 2159 decimi
1074 2107 1202 2161 noni
1264 2108 1460 2178 capitis
1520 2109 1802 2182 Evangelii
1851 2114 2008 2184 juxta

421 2179 764 2248 liattltaaum.

494 2279 648 2336 Vers.
681 2281 769 2337 42.
799 2282 867 2338 Et
892 2285 1192 2357 quicunque
1221 2317 1285 2328 -—
1334 2306 1500 2344 mare.
1553 2291 1764 2347 Dictum
1824 2304 1908 2350 est
1944 2296 2012 2352 de

421 2370 525 2426 hoc
555 2373 831 2432 tricesimo
862 2379 1096 2450 septimo
1123 2381 1302 2451 capite
1366 2382 1640 2455 Evangelii
1703 2388 2010 2449 secundum

419 2462 758 2522 Mattbaeum.

499 2557 652 2616 Vers.
686 2563 774 2617 45.
803 2564 872 2618 Et
895 2569 941 2620 si
969 2599 1038 2610 --
1073 2570 1229 2627 Vers.
1277 2573 1365 2628 M.
1416 2577 1791 2647 exstinguitur.
1831 2579 2008 2634 Etiam

421 2651 489 2706 de
530 2653 615 2708 bis
642 2654 732 2709 illo
768 2661 948 2731 capite
976 2663 1180 2718 dictum
1202 2675 1304 2721 est.
1349 2667 1566 2724 Vermis
1589 2679 1768 2725 autent
1794 2687 2007 2742 eorum,

421 2746 516 2814 qui
544 2747 798 2805 videlicet
827 2753 1034 2808 abeunt
1073 2755 1124 2810 in
1157 2760 1490 2829 gehennam.

513 2834 746 2900 Quidam
793 2857 921 2895 vero
983 2861 1225 2901 vermem
1301 2861 1356 2904 et
1442 2852 1645 2923 ignem.
1721 2862 2011 2916 conscien—

427 2924 553 2979 tiam
597 2925 986 2987 iutellexerunt
1046 2948 1418 3006 peccatorum,
1476 2953 1732 3016 tauquam
1781 2950 1836 3002 iu
1897 2969 2014 3007 mo-

423 3017 555 3071 dum
601 3023 803 3075 vermis
844 3033 898 3077 et
939 3026 1080 3096 ignis
1132 3029 1413 3091 radentem
1475 3037 1622 3106 ipses
1679 3055 1742 3096 ac
1796 3041 2010 3098 inﬂam-

423 3122 686 3169 mantcm.

2116 637 2201 674 σιν
2242 618 2425 674 αὐτῶν
2443 614 2510 688 δὴ
2533 615 2643 671 τῶν
2673 612 3261 686 θαυματουργούντων.

2186 805 2430 875 Ζήτησον
2459 802 2516 856 δὲ
2546 802 2673 872 περὶ
2718 801 2828 854 τῶν
2858 798 3117 852 τοιούτων
3147 798 3204 848 ὲν
3233 793 3311 864 τῷ
3336 793 3572 862 πέμπτῳ
3601 806 3695 841 κεσ-

2115 896 2332 967 φαλαίῳ
2365 895 2459 947 τοῦ
2514 893 2658 948 κατὰ
2705 891 3007 954 Ματθαϊον,
3065 889 3296 980 πλησίον
3328 883 3423 980 τοῦ
3481 883 3696 980 τέλους,

2114 989 2245 1042 ἔνθα
2276 989 2452 1041 κεῖται
2481 986 2578 1040 τό·
2615 984 2840 1038 Πολλοί
2883 981 3093 1052 ἐροῦσι
3117 995 3220 1048 μοι
3265 977 3333 1030 ἐν
3373 975 3574 1040 ἐκείνῃ
3626 975 3696 1037 τῇ

2112 1080 2324 1151 ἡμέρα,
2360 1079 2556 1147 Κύριε,
2590 1077 2785 1145 Κύριε,
2814 1077 2886 1130 οὐ
2922 1073 3002 1138 τῷ
3032 1070 3122 1136 σῷ
3159 1069 3402 1136 ὀνόματι
3443 1077 3696 1131 προσερη-

2113 1174 2438 1242 τεύσαμεν,
2471 1168 2676 1235 καὶτῷ
2706 1167 2796 1232 σῷ
2824 1167 3068 1235 ὀνόματι
3107 1162 3382 1231 δαιμόνια
3413 1155 3697 1220 ἐξεϐάλο-

2109 1282 2265 1336 μεν;

2194 1359 2285 1422 ’ος
2325 1355 2524 1424 γὰρ-
2543 1353 2698 1408 ἐστί.
2727 1349 2870 1404 Αὐτὸ
2919 1347 3029 1417 γὰρ
3057 1343 3236 1408 τοῦτο,
3269 1342 3330 1396 τὸ
3352 1340 3427 1412 μὴ
3481 1339 3698 1394 ἀντιπί-

2116 1463 2275 1500 πτειν
2303 1445 2467 1498 αὐτὸν
2505 1445 2656 1512 ὑμῖν,
2692 1439 2922 1511 βοήθεια
2952 1435 3110 1506 ὑμῶν
3139 1436 3278 1487 ἐστι.

2189 1539 2419 1607 Ἕτερον
2452 1535 2508 1589 δέ
2561 1536 2677 1587 ἐστι
2724 1533 2808 1598 τὸ,
2863 1532 2927 1583 '0
2967 1528 3054 1598 μὴ
3085 1526 3170 1579 ὢν
3193 1523 3320 1594 μετ’
3352 1522 3542 1594 ἐμοῦ(
3569 1521 3698 1577 κατ’

2113 1628 2259 1701 ἐμοῦ
2288 1628 2476 1682 ἐστιν.
2525 1627 2738 1680 Ἐκεῖνο
2761 1623 2869 1693 γὰρ
2903 1621 3031 1690 περὶ
3063 1616 3155 1671 τοῦ
3183 1617 3432 1686 δαίμονος
3459 1617 3696 1686 εἴρηται,

2114 1729 2210 1777 καὶ
2229 1723 2470 1776 διάνοιαν
2512 1718 2680 1790 ἄλλην
2718 1717 2851 1788 ἔχει,
2887 1711 3070 1775 καθὼς
3103 1714 3161 1764 ὲν
3192 1709 3269 1780 τῷ
3300 1707 3528 1775 είκοστῷ
3574 1707 3697 1758 δευ-

2112 1816 2255 1886 τέρῳ
2278 1813 2560 1883 κεφαλαίῳ
2586 1810 2677 1865 τοῦ
2707 1809 2847 1864 κατὰ
2872 1805 3153 1862 Ματθαῖον
3184 1798 3592 1873 ὲξηγησάμεθα.

2190 1997 2297 2062 Ὃς
2327 1993 2438 2063 γὰρ
2466 2021 2535 2032 -
2563 1985 2773 2044 αὑτοῦ.
2807 1982 2980 2038 Τοῦτο
3014 1975 3135 2032 εἷπε
3166 1972 3418 2045 καὶπρὸς
3449 1970 3526 2042 τῷ
3555 1969 3698 2020 τέλει

2112 2090 2210 2144 τοῦ
2265 2083 2758 2143 ἐννεακαιδεκάτου
2815 2075 3116 2148 κεφαλαίου
3181 2069 3278 2124 τοῦ
3340 2065 3484 2122 κατὰ
3543 2064 3698 2118 Ματ-

2115 2187 2293 2239 θαῖον.

2186 2275 2296 2330 Kal
2322 2273 2390 2337 ὃς
2432 2302 2500 2312 —
2539 2268 2886 2325 θάλασσαν.
2944 2263 3174 2333 Εἴρηται
3207 2260 3302 2311 καὶ
3353 2257 3482 2327 περὶ
3509 2254 3697 2308 τούτου

2114 2373 2171 2423 ἐν
2200 2369 2276 2439 τῷ
2298 2363 2607 2437 τριακοστῷ
2629 2360 2844 2431 ὲὸδόμῳ
2884 2354 3170 2426 κεφαλαίῳ
3203 2351 3299 2406 τοῦ
3347 2348 3490 2402 κατὰ
3541 2350 3696 2402 Ματ-

2115 2462 2290 2516 θαῖον.

2187 2555 2294 2610 Kal
2335 2554 2443 2615 ἐὰν
2467 2582 2536 2593 --
2562 2546 2911 2603 σϐέννυται.
2945 2542 3054 2597 Καὶ
3084 2541 3437 2610 περὶτούτων
3469 2540 3525 2593 ἐν
3552 2535 3695 2591 ὲκεί-

2116 2666 2191 2718 νῳ
2227 2645 2501 2697 λέλεκται.
2531 2636 2757 2708 Σκώληξ
2781 2636 2839 2688 δὲ
2879 2634 3084 2697 αὐτῶν,
3120 2633 3316 2697 τίνων;
3351 2630 3562 2702 Δηλαδὴ
3586 2628 3694 2682 τῶν

2117 2737 2516 2810 ἀπερχομένων
2547 2734 2628 2796 είς
2672 2730 2772 2801 τὴν
2815 2728 3066 2824 γέενναν.
3128 2819 3137 2824 ⁵
3371 2816 3412 2824 Μ
3632 2811 3657 2824 _

2187 2830 2456 2900 Σκώληκα
2490 2827 2545 2879 δὲ
2592 2823 2854 2891 καὶπῦρ,
2908 2820 3055 2882 τινὲς
3089 2819 3189 2888 τὴν
3234 2816 3537 2886 συνείδησιν
3591 2816 3701 2866 τῶν

2118 2923 2458 2997 ἁμαρτωλῶν
2493 2920 2746 2989 ἐνόησαν,
2779 2915 2855 2978 ὡς
2901 2913 3208 2968 δάκνουσαν
3241 2911 3335 2965 καὶ
3363 2906 3703 2979 πιμπρῶσαν

2117 3018 2336 3082 αὐτοὺς,
2370 3017 2527 3086 δίκην
2555 3010 2839 3080 σκώληκος
2873 3009 2967 3063 καὶ
2999 3007 3195 3079 πυρός.

497 3205 652 3258 Vcrs.
685 3206 773 3261 45.
807 3207 873 3262 Et
901 3211 948 3264 si
964 3209 1192 3268 —Vers.
1223 3215 1312 3270 46.
1332 3219 1706 3290 exstinguitur.
1749 3225 2009 3284 Similiter

2191 3229 2298 3286 Kal
2331 3228 2442 3282 ἐὰν
2468 3257 2533 3269 -
2565 3222 2913 3279 σϐέννυται.
2980 3217 3214 3289 Ὁμοίως
3269 3218 3364 3271 καὶ
3416 3218 3543 3291 περὶ
3584 3213 3695 3270 τοὺ-

423 3305 478 3351 et
509 3297 579 3352 de
607 3297 714 3355 his.

499 3391 652 3448 Vers.
697 3395 786 3450 47.
824 3396 893 3450 Et
925 3399 973 3452 si
1011 3401 1193 3454 oculus
1220 3433 1289 3444 —-
1315 3400 1471 3459 Vers.
1501 3405 1591 3466 48.
1633 3411 2009 3482 exstinguitur.

423 3485 693 3542 Praeterea
724 3497 778 3543 et
805 3491 873 3546 de
899 3492 1003 3547 bis.

493 3571 650 3632 Vers.
681 3580 770 3633 49.
820 3581 1006 3637 Omnis
1031 3614 1104 3625 —-
1131 3587 1376 3642 salietur.
1417 3589 1609 3647 Omnis
1638 3593 1836 3658 ﬁdelis.
1892 3597 2014 3669 igne

423 3666 574 3734 fidei,
640 3686 762 3740 qua:
822 3674 892 3728 ad
971 3676 1142 3731 Deum
1203 3688 1308 3744 est,
1353 3681 1441 3736 vel
1500 3682 1827 3749 dilectionis.
1894 3666 2016 3759 quae

425 3771 508 3815 est
542 3762 609 3816 ad
634 3766 968 3834 proximum,
1003 3771 1230 3827 salietur
1259 3782 1320 3828 ιιι
1368 3766 1624 3832 videlicet
1663 3782 2011 3848 putredinem

423 3853 661 3920 abiciat.

496 3947 615 4014 Vel,
647 3951 962 4021 condietur,
1004 3965 1063 4010 ut
1092 3960 1278 4014 suavis
1303 3960 1415 4016 Deo
1458 3966 1739 4024 reddatur.

492 4042 650 4098 νει-ε.
696 4045 786 4100 49.
853 4047 923 4102 Et
974 4051 1237 4104 omnis~
1288 4055 1536 4111 salielur.
1590 4058 1784 4116 Omnis
1837 4064 2013 4120 hostia

422 4131 724 4200 spiritualis
750 4137 867 4192 sive
901 4138 996 4194 ﬂat
1023 4156 1122 4211 per
1161 4145 1488 4211 orationem,
1514 4150 1634 4206 sive
1703 4169 1804 4222 per
1867 4156 2012 4213 elee-

423 4217 912 4298 mosynam,,sive
951 4247 1051 4302 per
1119 4235 1265 4292 aliud
1323 4240 1628 4310 quippiam,
1689 4217 1801 4300 sale
1884 4248 2012 4304 ﬁdei

418 4318 508 4373 vel
558 4319 874 4378 dilectionis
941 4325 1199 4393 salietur,
1261 4330 1376 4384 sive
1435 4332 1583 4386 saliri
1651 4334 1836 4389 debet.
1899 4339 2013 4394 Hoc

419 4421 606 4469 autem
671 4429 701 4469 ιι
779 4415 921 4471 libro
992 4416 1221 4473 Levitici
1304 4423 1630 4478 translatum
1725 4437 1828 4481 est.
1930 4430 2009 4484 lbi

421 4507 569 4563 enim
597 4508 868 4578 scriptum
886 4517 972 4562 est
1005 4526 1018 4562 :
1057 4510 1239 4566 Omnis
1269 4529 1460 4570 munus
1493 4515 1675 4571 hostia:
1704 4531 1890 4576 vestrm
1922 4539 2011 4576 sa—

419 4601 578 4655 tietur
604 4601 671 4655 ⁸³.

493 4695 646 4751 Vers.
685 4695 775 4750 50.
807 4693 958 4751 Bona
994 4713 1074 4750 res
1107 4708 1181 4750 est
1214 4699 1316 4752 sal.
1360 4699 1462 4755 Per
1495 4704 2008 4776 qualitatemquam

417 4790 607 4851 habet.
637 4798 690 4841 ut
721 4789 873 4844 cibos
906 4791 1095 4846 reddat
1129 4808 1346 4857 suaves,
1381 4804 1435 4849 et
1465 4812 1533 4851 ne
1560 4812 1790 4869 corpora
1820 4813 2010 4873 putre-

415 4883 552 4936 ﬁant
581 4881 767 4935 cilicii.

489 4975 646 5030 Vers.
691 4978 781 5031 50.
829 4975 888 5031 Si
929 4989 1104 5033 autem
1152 5011 1222 5020 —
1265 4985 1559 5040 condielis?
1595 4985 1652 5042 Si
1711 4991 1903 5058 perdat
1953 4991 2004 5046 id

416 5065 564 5134 quod
595 5067 651 5119 in
690 5067 808 5135 ipso
849 5077 935 5122 est
973 5069 1266 5128 laudabile.

486 5160 577 5213 Sal
635 5169 816 5215 autem
877 5162 990 5226 hic,
1038 5161 1187 5230 juxta
1228 5167 1601 5226 sublimiorem
1640 5172 2004 5240 intellecuim,

419 5253 554 5306 lides
602 5262 687 5306 est
739 5265 832 5308 aut
884 5256 1127 5312 dilectio.
1176 5257 1351 5314 Lucas
1399 5278 1532 5317 vero
1577 5265 1708 5320 dicit
1755 5285 1768 5321 :
1810 5268 1870 5321 Si
1923 5270 2006 5322 sul

415 5342 520 5407 ipse
575 5342 806 5397 insulsus
861 5349 1057 5416 fuerit,
1128 5366 1219 5416 per
1279 5352 1408 5422 quid
1457 5357 1841 5411 condietur“?
1915 5375 2004 5413 sa-

413 5435 523 5489 lcm
587 5437 656 5490 ibi
718 5453 919 5492 vocans
968 5441 1233 5498 doctrina:
1287 5446 1534 5510 verbum,
1605 5451 1693 5519 qui
1763 5453 2004 5506 insulsus

419 5534 480 5585 tit
533 5532 754 5600 quando
799 5539 1188 5606 corrumpitur.
1252 5540 1580 5598 Dit'i'erenter
1626 5556 1807 5600 autem
1850 5549 2004 5616 juxta

418 5622 666 5677 diversas
733 5627 1054 5681 occasiones
1124 5631 1378 5688 Christus
1443 5635 1574 5690 salis
1638 5637 2002 5708 signiﬁcatum

421 5717 716 5770 tumstulit.
779 5718 994 5773 Etenim
1051 5723 1194 5792 apud
1241 5725 1552 5782 Mattlmum
1594 5730 1740 5798 ipsos
1786 5747 2003 5802 quoque

599 5898 789 5955 .‘llaztli.
828 5918 922 5969 vn,
955 5905 1044 5959 2:2.
1123 5910 1166 5940 ⁵³
1197 5911 1380 5968 Matth.
1415 5930 1510 5981 xu,
1535 5915 1622 5971 50.

1741 5918 1782 5948 ⁸³
1813 5916 1985 5971 ιρι-ιι.
2018 5932 2074 5984 ιι,
2112 5917 2196 5970 15.

2123 3340 2305 3470 milia
2329 3413 2438 3469 ἐὰν
2464 3415 2496 3466 d
2527 3404 3280 3480 ὀφθαλμὸς-σϐέννυται.
3302 3403 3424 3456 Ἔτι
3451 3401 3544 3457 καὶ
3576 3399 3698 3471 περῖ

2123 3508 2352 3563 τούτων.

2196 3597 2321 3665 Πᾶς
2341 3626 2412 3637 —
2442 3592 2858 3660 ἁλισθήσεται.
2891 3590 3005 3652 na;
3047 3590 3241 3649 πιστὸς
3273 3586 3406 3656 πυρὶ
3433 3584 3536 3654 τῆς
3567 3582 3701 3654 πρὸς

2124 3694 2257 3749 Θεὸν
2293 3691 2551 3751 πίστεως,
2584 3687 2615 3758 ῆ
2647 3687 2747 3756 τῆς
2772 3685 2911 3755 πρὸς
2939 3683 3032 3736 τὸν
3059 3681 3287 3751 πλησίον
3330 3679 3548 3749 ἀγάπης
3580 3676 3698 3729 ἁλιο

2125 3785 2409 3856 σθήσεται,
2436 3781 2625 3852 ἤγουν,
2661 3779 2761 3849 τὴν
2811 3775 3084 3848 σηπεδόνα
3118 3773 3218 3844 τῆς
3251 3771 3452 3834 κακίας
3498 3769 3698 3823 ἀποσα-

2125 3881 2225 3932 λεῖ.

2200 3975 2271 4026 ’Ἡ
2304 3971 2694 4043 ἀρτυθήσεται,
2734 3967 2828 4019 καὶ
2861 3965 2991 4034 ἡδὺς
3022 3963 3099 4034 τῷ
3121 3963 3239 4034 Θεῷ
3269 3966 3578 4034 γενήσεται.

2197 4069 2305 4126 Kal
2335 4061 3028 4127 πᾶσα-ἀλισθήσεται,
3061 4061 3220 4114 Πᾶσα
3254 4058 3414 4112 ουσία
3457 4071 3694 4124 πνευμα.

2121 4164 2271 4236 τικὴ,
2301 4161 2412 4216 εἴτε
2453 4161 2519 4214 δι’
2560 4156 2751 4228 εὐχῆς,
2792 4157 2901 4210 εττε
2925 4156 2993 4208 δι’
3020 4150 3413 4224 ὲλεημοσύνης,
3449 4151 3557 4204 εἴτε
3580 4151 3702 4219 τρό-

2123 4272 2226 4308 πον
2256 4253 2446 4324 ἕτερον
2484 4249 2772 4319 γινομένη,
2812 4245 2890 4316 τῷ
2921 4245 3080 4298 ἅλατι
3110 4245 3208 4314 τῆς
3264 4242 3500 4304 πίστεως
3539 4241 3570 4310 ἢ
3603 4239 3700 4308 τῆς

2121 4346 2343 4414 ἀγάπης
2363 4340 2737 4410 ἁλισθήσεται,
2763 4339 2962 4402 εἷτουν,
2984 4335 3274 4406 ἁλισθῆναι
3301 4331 3704 4403 ὀφείλει.Τοῦτο

2120 4439 2177 4492 δὲ
2199 4437 2309 4492 ἀπὸ
2347 4434 2448 4501 τῆς
2477 4433 2660 4504 βίϐλου
2705 4428 2801 4482 τοῦ
2843 4425 3133 4481 Λευῖτικοῦ
3200 4424 3576 4496 μετείληπται.
3603 4422 3703 4474 Γέ-

2120 4536 2365 4602 γραπται
2397 4528 2505 4596 γὰρ
2537 4527 2596 4578 ὲν
2639 4524 2866 4590 ἐκείνῳ·
2905 4519 3035 4574 Πᾶν
3058 4518 3253 4587 δῶρον
3286 4517 3504 4581 θυσίας
3533 4513 3700 4583 ὑμῶν

2045 4591 2087 4645 D
2118 4591 2540 4686 ἁλισθήσεται.

2191 4715 2398 4770 Καλὸν
2431 4713 2497 4766 τὸ
2533 4713 2708 4777 ἅλας.
2740 4708 2819 4763 Δι’
2849 4709 2916 4779 ἦν
2939 4707 3051 4777 ἔχει
3076 4703 3360 4772 ποιότητα,
3396 4700 3698 4770 ήδύνουσαν

2120 4809 2220 4880 μὲν
2267 4809 2338 4861 τὰ
2381 4805 2685 4879 βρώματα,
2719 4802 3072 4875 παρέχουσαν
3106 4798 3164 4852 δὲ
3213 4798 3327 4858 τοῖς
3377 4794 3592 4864 σώμασι
3639 4795 3700 4847 τὸ

2113 4900 2380 4970 ἄσηπτον.

2197 4990 2341 5047 Ἐὰν
2374 4991 2434 5044 δὲ
2460 5023 2530 5032 —
2557 4989 2888 5054 ἀρτύσεως
2931 4984 3056 5036 Ἐὰν
3095 4978 3337 5050 ἀπολέσῃ
3362 4977 3460 5050 τὴν
3480 4980 3699 5032 ἐπαινε-

2111 5087 2211 5156 τὴν
2252 5083 2420 5139 αὐτοῦ
2453 5085 2738 5152 ποιότητα.

2189 5179 2357 5241 Ἀλας
2392 5178 2448 5229 δὲ
2489 5173 2746 5240 ἐνταῦθα,
2784 5172 2923 5226 κατὰ
2965 5168 3280 5238 ἀναγωγὴν,
3317 5168 3350 5236 ἡ
3387 5166 3571 5227 πίστις
3604 5164 3692 5234 ἧὴ

2114 5275 2328 5340 ἀγάπη.
2361 5270 2576 5332 Λουκᾶς
2607 5267 2664 5321 δέ
2701 5280 2894 5337 φησιν·
2941 5263 3083 5318 Ἐὰν
3104 5261 3171 5314 δὲ
3193 5263 3259 5314 τὸ
3295 5259 3449 5325 ἅλας
3468 5273 3699 5327 μωραν-

2117 5357 2216 5426 θῇ,
2260 5358 2329 5411 ἐν
2374 5357 2490 5410 τίνι
2539 5353 2983 5424 ἀρτυθήσετιζω
3041 5351 3175 5412 ἃλας
3225 5351 3340 5401 ἐκεῖ
3386 5347 3562 5415 λέγων
3609 5348 3698 5398 τὸν

2115 5452 2498 5506 διδασκαλικὸν
2532 5449 2715 5519 λόγον,
2753 5449 2904 5510 ὅστις
2963 5444 3318 5517 μωραίνεται,
3355 5443 3484 5495 ὅταν
3523 5455 3700 5511 παρα-

2116 5546 2320 5617 φθαρῇ.
2355 5543 2638 5614 Διαφόρως
2670 5543 2726 5596 δὲ
2751 5541 2892 5594 κατὰ
2923 5539 3217 5607 διαφόρους
3241 5534 3467 5605 καιροὺς
3485 5532 3544 5585 τὸ
3569 5531 3698 5600 περὶ

2111 5638 2210 5699 τοῦ
2267 5638 2466 5701 sum;
2517 5636 2696 5706 νόημα
2733 5637 2760 5687 ὀ
2801 5633 3036 5703 Χριστὸς
3094 5627 3526 5700 μετεχειρίσατο.
3589 5624 3700 5676 Καὶ

2113 5736 2221 5805 γὰρ
2251 5734 2347 5787 καὶ
2396 5733 2549 5804 παρὰ
2590 5732 2667 5800 τῷ
2697 5730 2963 5800 Ματθαίῳ
2998 5726 3123 5789 τοὺς
3172 5720 3504 5782 ἀποστόλους
3567 5719 3697 5779 am;

2314 5919 2354 5948 δέ
2378 5916 2509 5972 Luc.
2541 5933 2650 5982 xxv,
2681 5918 2711 5971 3
2726 5916 2770 5971 ί.

3986 779 4006 818 εἰ

4005 853 4006 869 l

4005 673 4012 740 ι

4005 851 4013 914 ι

4005 964 4023 1072 l
