4032 6526
430 415 534 481 831

503 523 664 585 Vers.
701 522 791 580 18.
829 523 1103 578 Timebant
1140 550 1204 563 —-
1240 523 1375 593 ejus.
1415 523 1760 580 Verebantur
1793 531 2020 595 propter
2049 530 2095 586 Α

433 619 650 673 turham
684 624 889 672 temere
911 632 1038 671 eum
1069 617 1342 673 occidere.

507 709 664 766 Vera.
699 709 787 765 l9.
818 706 887 760 Et
921 721 1039 762 cum
1101 739 1172 751 —
1219 710 1500 763 civitatem.
1549 707 1942 781 Egredieba'ur
1969 709 2024 762 in

435 783 709 855 suburbia
733 809 958 870 propter
993 802 1260 871 quietem.

505 891 661 946 Vers.
691 891 784 946 20.
819 890 972 947 Vere.
1007 891 1074 945 Et
1106 908 1259 945 mane
1296 889 1530 946 -—Vers.
1561 891 1652 945 21.
1685 892 1918 945 exaruit.
1965 889 2024 943 In

431 986 697 1055 prredicto
750 983 1171 1053 quadragesimo
1219 984 1453 1052 septimo
1511 984 1688 1052 capite
1742 982 2024 1052 Evangelii

431 1074 737 1127 secundum
772 1073 1083 1126 Matthzeum
1119 1074 1284 1127 etiam
1321 1074 1388 1127 de
1422 1074 1507 1128 his
1548 1076 1884 1144 disputatum
1919 1083 2024 1127 est.

509 1164 662 1220 νοτε.
690 1166 783 1219 2‘2.
820 1164 885 1218 Et
916 1168 1238 1233 respondens
1267 1196 1336 1206 —
1370 1167 1424 1219 in
1486 1166 1674 1220 Deum.
1719 1167 2023 1231 Possidetc,

431 1258 631 1328 inquit,
651 1258 902 1312 ﬁduciam
924 1273 1054 1329 erga
1086 1257 1254 1313 Deum
1287 1276 1302 1314 :
1337 1259 1589 1315 ﬁduciam
1620 1267 1801 1314 autem
1827 1276 2022 1330 puram

433 1360 488 1404 et
521 1350 913 1405 indubitatam.

502 1438 661 1494 νει-ε.
697 1440 789 1494 23.
821 1441 989 1495 Amen
1023 1471 1095 1483 —
1128 1441 1348 1498 dixerit.
1382 1440 1584 1497 Eodem
1614 1445 1795 1512 capite
1832 1443 1901 1498 de
1940 1443 2027 1498 his

433 1548 656 1602 quoque
688 1543 871 1589 actum
898 1546 1003 1590 est.

501 1624 581 1694 -Η-
623 1625 992 1681 lmmediatam
1019 1629 1234 1683 animus
1289 1639 1484 1684 nactus
1540 1645 1664 1683 cum
1709 1631 1820 1685 Deo
1867 1631 2025 1686 unio-

432 1733 581 1780 nem,
607 1717 923 1772 facultatem
965 1721 1270 1776 secundum
1303 1730 1559 1782 naturam
1607 1722 1884 1793 cogitandi
1920 1724 2024 1794 (in-

436 1810 746 1882 telligendi)
785 1827 1013 1880 prorsus
1033 1813 1199 1868 habet
1238 1815 1473 1868 otiosam
1511 1831 1525 1868 :
1569 1815 1613 1869 si
1657 1825 1841 1869 autem
1877 1817 2022 1870 hanc

435 1902 745 1969 (unioneml
779 1903 1028 1967 solverit,
1059 1915 1114 1960 et
1144 1905 1348 1975 aliquid
1369 1921 1477 1960 non
1516 1911 1823 1964 secundum
1856 1911 2026 1964 Deum

432 1993 725 2059 cogitando
763 1998 1081 2066 complexus
1131 1997 1222 2065 sit,
1275 1999 1629 2070 dis-jungitur,
1678 2002 1877 2064 soluta,
1912 2017 2032 2071 quae

438 2100 604 2154 supra
671 2087 1015 2142 intellectum
1057 2099 1163 2155 est,
1215 2091 1435 2156 [unione
1490 2093 1792 2148 secundum
1843 2109 2032 2162 quam,

434 2177 679 2243 quandiu
737 2179 1073 2247 coniunctus
1105 2189 1192 2234 est
1233 2181 1368 2242 Deo,
1429 2189 1489 2233 ut
1552 2197 1717 2252 super
1779 2193 2031 2237 naturam

433 2276 491 2321 et
532 2269 956 2340 participatione
994 2271 1130 2326 deus
1171 2271 1372 2336 factus,
1431 2281 1690 2342 tanquam
1741 2274 2029 2327 immotum

436 2367 683 2414 montem
716 2377 901 2425 suum,
940 2363 1118 2433 legem
1150 2373 1360 2418 natura:
1401 2367 1736 2435 transponit.

509 2452 665 2508 Vers.
694 2452 786 2509 21.
819 2453 948 2508 Ideo
977 2484 1048 2496 —-
1075 2455 1238 2509 vobis.
1293 2454 1560 2512 Similiter
1587 2466 1643 2513 et
1675 2460 1744 2514 de
1784 2458 1893 2516 his.

613 2567 767 2631 CAP.
801 2568 1046 2624 XXXIV.
1094 2569 1167 2624 De
1200 2570 1460 2625 oblivione
1491 2571 1844 2640 injuriarum.

504 2661 665 2717 Vers.
703 2661 770 2715 Et
783 2663 907 2715 dum
928 2661 1022 2716 25.
1046 2693 1117 2702 —
1144 2663 1303 2718 Vers.
1331 2663 1422 2718 36.
1444 2675 1633 2718 vestra.
1656 2663 1783 2718 Haec
1811 2665 1863 2718 in
1889 2681 2030 2735 pra:-

433 2755 764 2811 cedentibus
827 2772 1046 2826 quoque
1077 2756 1213 2810 dixit
1247 2756 1513 2811 Dominus
1545 2755 1788 2812 Matthaai
1838 2759 2031 2828 quinto

432 2845 635 2915 capite,
682 2855 971 2915 postquam
1018 2847 1208 2901 docuit
1254 2849 1583 2910 orationem,
1617 2848 1781 2902 Pater
1828 2860 2026 2914 noster,

433 2937 524 3004 qui
554 2952 605 2988 es
639 2937 693 2989 in
715 2936 878 2989 caelis.
917 2935 1112 3002 Quaere
1148 2952 1279 3008 ergo
1333 2937 1404 2990 ibi
1440 2937 1638 2992 horum
1691 2940 2026 3011 interpreta-

435 3031 667 3083 tionem.

1678 418 2070 480 EUTHYMII
2111 417 2482 479 ZlGABENI

3616 410 3724 469 83?

2210 526 2578 596 Ἐεροσοῦντο
2611 551 2679 562 -
2709 519 2914 575 αὐτοῦ.
2969 516 3292 588 Ἐφοσοῠντο
3317 515 3482 570 αὐτὸν
3528 516 3725 568 ἀπολέ-

2133 636 2248 684 σαι,
2288 617 2363 680 ὡς
2397 615 2555 685 ἔτυχε
2589 613 2678 668 διὰ
2702 615 2794 668 τδν
2825 612 3004 684 δχλον.

2202 709 2311 764 Kal
2352 708 2453 761 ὅτε
2496 737 2568 747 -
2601 707 2853 769 πόλεως.
2899 702 3286 774 Ἐξεπορεὺετο
3328 703 3405 762 είς
3446 699 3513 752 τὰ
3553 701 3727 768 προά-

2131 822 2306 865 στεια,
2334 803 2424 856 διὰ
2456 802 2555 873 τὴν
2587 801 2839 870 ἡσυχίαν.

2202 895 2309 949 Kal
2334 894 2570 960 πρωτ-
2588 891 2933 959 ἐξήρανται.
2977 888 3068 941 Ἐν
3095 887 3172 957 τῷ
3197 887 3564 958 προρῤηθέντι
3598 903 3722 938 τεσ-

2139 984 2466 1054 σαρακοστῷ
2511 981 2723 1052 ἑϐδόμῳ
2773 978 3054 1050 κεφαλαίῳ
3104 977 3199 1030 τοῦ
3255 979 3395 1031 κατὰ
3441 977 3722 1030 Ματοαίον

2131 1075 2228 1128 καὶ
2262 1073 2394 1144 περ).
2429 1074 2636 1126 τούτων
2671 1068 3004 1140 διείληπται.

2201 1168 2310 1220 Καὶ
2379 1159 2720 1229 ἀποκριθεὶς
2786 1190 2847 1200 -
2922 1158 3093 1213 Θεοῦ.
3166 1156 3454 1221 Κτήσασθε

2131 1259 2210 1320 είς
2233 1257 2388 1310 Θεόν.
2418 1257 2609 1310 Πίστιν
2638 1254 2693 1308 δὲ
2721 1252 2972 1323 καθαρὰν
3004 1252 3098 1304 καὶ
3123 1250 3466 1303 ἀδίστακτον.

3529 1156 3716 1210 πίστιν

2214 1446 2396 1517 Ἀμὴν
2447 1473 2515 1484 -
2571 1442 2737 1508 siem.
2768 1441 2859 1493 Ἐν
2907 1437 2986 1508 τῷ
3023 1435 3249 1504 τοιούτῳ
3300 1433 3582 1506 κεφαλαίῳ
3625 1436 3720 1488 καὶ

2133 1539 2264 1610 περὶ
2297 1537 2510 1591 τούτων
2541 1534 2762 1603 ἐλέχθη.

2203 1631 2340 1705 [Τὴν
2395 1630 2507 1700 (66)
2555 1628 2762 1698 ἄμεσον
2808 1622 2992 1694 λαχὼν
3050 1623 3162 1694 (67)
3207 1624 3235 1677 ὁ
3273 1622 3399 1684 νοῦς
3442 1621 3577 1690 πρὸς
3627 1619 3720 1673 τὶν

2131 1725 2265 1780 Θεὸν
2291 1724 2510 1783 ἕνωσιν,
2539 1721 2637 1792 τὴν
2669 1719 2763 1772 τοῦ
2796 1721 2938 1771 νοεῖν
2971 1718 3116 1770 κατὰ
3148 1716 3311 1786 φύσιν
3341 1715 3571 1782 δύναμιν
3604 1713 3719 1782 ἔχει

2136 1817 2510 1888 σχολάζουσαν
2546 1811 2860 1873 παντελῶς·
2896 1810 3061 1880 ἡνίκα
3085 1809 3142 1861 δὲ
3168 1811 3371 1878 ταύτην
3404 1806 3563 1876 λύσῃ,
3591 1806 3712 1873 νοή-

2138 1928 2237 1974 σας
2269 1927 2322 1962 τι
2361 1909 2471 1962 τῶν
2527 1907 2666 1977 μετὰ
2701 1904 2836 1958 Θεὸν
2875 1903 3010 1975 (68),
3056 1902 3326 1971 διεκρίθη.
3373 1898 3554 1969 τεμὼν
3607 1898 3719 1967 (69)

2135 2007 2235 2077 τὴν
2272 2006 2412 2072 ὑπὲρ
2444 2004 2632 2073 νοήσιν
2663 2003 2881 2057 ἕνωσιν.
2923 1999 3045 2052 καθ’
3074 1997 3161 2068 ἢν,
3201 1996 3307 2057 ἕως
3338 1995 3457 2047 ἐστὶ
3489 1991 3566 2062 τῷ
3598 1992 3720 2062 Θεῷ

2136 2097 2507 2167 συνημμένος,
2543 2094 2620 2156 ὡς
2663 2093 2804 2162 ὑπὲρ
2849 2091 3036 2160 φύσιν,
3079 2089 3174 2142 καὶ
3232 2090 3299 2156 τῇ
3340 2083 3556 2156 μεθέξει
3601 2083 3722 2144 θεὸς

2133 2183 2529 2252 γεγενημένος,
2577 2181 2835 2249 καθάπερ
2878 2179 3005 2250 ὅρος
3059 2178 3319 2246 ἀκίνητον
3367 2173 3583 2240 ἑαυτοῦ,
3630 2173 3722 2226 τὸν

2133 2277 2235 2346 τῆς
2267 2275 2487 2345 φύσεως
2521 2273 2844 2344 μετατίθησι
2875 2269 3088 2342 νόμον]

2208 2460 2312 2514 Διὰ
2364 2457 2542 2512 τοῦτο
2585 2487 2657 2499 ——
2701 2455 2867 2524 ὑμῖν.
2926 2454 3165 2525 Ὁμοίως
3203 2454 3299 2508 καὶ
3336 2453 3718 2524 περὶτούτων.

2437 2577 2596 2632 ΚΕΦ.
2628 2572 2748 2630 ΔΔ’.
2779 2573 2916 2642 Περὶ
2950 2572 3414 2641 ἀμνησικακίας.

2209 2673 2314 2729 Kal
2361 2673 2508 2726 ὅταν
2546 2699 2618 2710 -—
2669 2667 2857 2739 ὑμῶν.
2906 2665 3042 2722 Εῐπε
3085 2669 3259 2721 ταῦτα
3303 2667 3399 2719 καὶ
3455 2666 3717 2736 πρότερον

2132 2768 2161 2820 ὁ
2224 2766 2452 2836 Κύριος,
2516 2763 2573 2814 ἐν
2635 2761 2715 2831 τῷ
2777 2761 3016 2831 πέμπτῳ
3075 2760 3360 2828 κεφαλαίῳ
3419 2757 3514 2811 τοῦ
3577 2760 3717 2811 κατὰ

2132 2858 2433 2921 Ματθαῖον,
2470 2854 2607 2923 μετᾶ
2636 2853 2696 2906 τὸ
2717 2851 2925 2917 διδάξαι
2954 2853 3053 2918 τὴν
3076 2852 3387 2922 προσευχὴν
3411 2850 3501 2903 τό·
3529 2850 3717 2913 Πάτερ

2132 2951 2304 3020 ἡμῶν
2344 2952 2377 3003 d
2407 2949 2478 3003 ἐν
2520 2948 2647 3014 τοῖς
2676 2945 2994 3015 οὐρανοῖς·
3037 2949 3133 2998 καὶ
3175 2945 3410 3014 ζήτησον
3467 2945 3583 2997 ἐκεῖ
3619 2943 3718 3012 τὴν

2131 3042 2340 3096 τούτων
2377 3041 2663 3112 ἐξήγησιν.

435 3141 593 3197 CAP.
639 3143 854 3201 XXXV.
900 3146 978 3200 De
1008 3147 1464 3224 interrogantibus
1487 3150 1794 3224 Dominum,
1828 3150 1894 3206 In
1921 3171 2023 3224 qua

2159 3156 2298 3211 (ΕΦ.
2337 3156 2463 3211 ΛΕ’.
2499 3156 2637 3224 Περί
2679 3154 2799 3208 τῶν
2833 3150 3345 3224 ἐπερωτησάντων
3366 3150 3472 3203 τὸν
3501 3150 3722 3218 Κύριον

934 3228 1190 3286 potestate
1214 3221 1322 3274 hac
1356 3223 1531 3291 facis?

510 3304 666 3360 νει-ε.
739 3307 830 3362 27.
894 3309 960 3363 Et
1037 3312 1251 3366 veniunt
1307 3341 1371 3354 —-
1435 3314 1589 3369 Vers.
1637 3315 1728 3371 28.
1817 3319 2036 3388 facias!

439 3394 565 3450 llaec
612 3415 625 3450 :
669 3413 920 3468 quamam
971 3400 995 3454 ?
1043 3402 1262 3471 Ejicere
1319 3405 1576 3461 videlicet
1624 3409 1929 3463 vendentes
1978 3420 2036 3465 et

436 3499 684 3545 ementes
716 3491 772 3545 in
808 3493 1013 3561 templo
1049 3511 1063 3548 :
1097 3505 1344 3552 evertere
1384 3499 1646 3568 prtel'atas
1707 3517 1930 3558 mensas
1969 3519 2033 3560 ac

435 3584 597 3637 sellas
635 3600 650 3637 :
708 3599 821 3639 non
858 3589 1178 3656 permittere
1208 3589 1427 3645 deferre
1459 3607 1556 3646 vas
1611 3609 1706 3661 per
1739 3595 2030 3665 templum,

437 3692 502 3729 ac
533 3677 758 3730 similia.

509 3768 706 3833 Quaere
747 3781 930 3827 autem
957 3773 1436 3846 quadragesimum
1470 3786 1723 3832 octavum
1751 3788 1916 3849 caput
1946 3795 2032 3835 se-

436 3864 678 3918 cundum
715 3865 1055 3940 Matthteum,
1098 3877 1153 3923 et
1181 3871 1364 3924 omnia
1398 3871 1666 3926 invenies.

509 3955 667 4012 Vers.
734 3957 824 4013 29.
863 3951 1196 4030 Respondeas
1219 3973 1400 4016 autem
1437 3964 1594 4018 Jews
1625 3997 1696 4006 ——
1749 3965 1902 4021 Vers.
1939 3967 2028 4020 50.

438 4047 582 4102 milii.
621 4048 678 4102 ln
716 4050 808 4105 illo
833 4052 994 4107 etiam
1029 4054 1098 4108 de
1133 4055 1218 4109 his
1253 4054 1526 4110 invenies.

505 4141 660 4196 νοτε.
698 4143 788 4200 51.
821 4144 889 4198 Et
917 4148 1220 4216 coyitabant
1245 4177 1316 4189 —-
1347 4142 1516 4214 ,Vers.
1564 4148 1655 4204 52.
1707 4149 2025 4204 hominibus.

434 4231 652 4297 Deﬁcit,
684 4253 808 4290 non.

505 4324 663 4380 Vers.
697 4328 786 4381 52.
840 4328 1120 4382 Timebant
1178 4360 1247 4373 ρ-
1295 4340 1449 4386 esset.
1512 4335 1801 4389 Habebam
1860 4334 2029 4390 Joan-

2460 3228 2535 3295 dp
2541 3221 2788 3297 χίερέων
2822 3225 2923 3279 καί
2938 3221 3400 3291 ⁷ιντριιεονὸυτιέ,ι)ων.

2208 3320 2320 3376 Kal
2342 3323 2621 3388 ἔρχονται
2649 3347 2723 3355 ——
2747 3314 2926 3380 ποιῇς
2949 3331 2969 3379 ;
3001 3313 3206 3377 Ταῦτα,
3239 3314 3402 3375 troia;
3437 3311 3506 3363 Τὸ
3526 3310 3722 3364 ὲκὸἀλ-

2135 3414 2250 3467 λειν
2282 3413 2408 3476 τοὺς
2441 3408 2760 3471 πωλοῦντας
2796 3407 2890 3460 καὶ
2923 3405 3297 3475 ἀγοράζοντας
3349 3405 3406 3455 ὲν
3442 3401 3521 3471 τῷ
3567 3401 3719 3470 ἱερῷ,

2137 3504 2198 3557 τὸ
2231 3502 2564 3572 ἀνατρέπειν
2599 3499 2698 3562 τὰς
2733 3497 3150 3570 προρῤηθείσας
3184 3494 3468 3564 τραπέζας
3494 3493 3590 3547 καὶ
3621 3509 3723 3545 κα-

2138 3595 2353 3664 θέδρας,
2404 3592 2467 3644 τὸ
2521 3593 2594 3660 μὴ
2638 3589 2860 3657 ἀφιέναι
2907 3588 3207 3653 διενεγκεῖν
3260 3583 3454 3648 σκεῦος
3491 3583 3578 3637 διὰ
3624 3581 3718 3636 τοῦ

2136 3685 2307 3757 ἱεροῦ,
2345 3685 2441 3739 καὶ
2471 3684 2540 3737 τὰ
2569 3681 2821 3736 τοιαῦτα.

2206 3779 2456 3848 Ζήτησον
2493 3776 2554 3828 τὸ
2593 3770 3040 3844 τεσσαρακοστὸν
3070 3769 3259 3838 ὃγδοον
3293 3768 3593 3838 κεφάλαιον
3625 3767 3720 3823 τοῦ

2135 3871 2276 3926 κατὰ
2315 3872 2369 3924 Μ
2381 3869 2621 3922 ειτθαῖον.

2218 3960 2283 4014 '0
2316 3960 2382 4012 δὲ
2406 3959 2648 4026 Ἰησοῦς
2675 3955 3023 4026 ἀποκριθεὶς
3045 3985 3115 3994 ——
3131 3973 3254 4023 μοι.
3295 3954 3384 4008 Ἐν
3409 3954 3601 4026 ἐκείνῳ
3630 3956 3723 4009 καὶ

2136 4074 2200 4108 πε
2214 4057 2265 4124 pl.
2289 4054 2494 4106 τούτων
2529 4053 2664 4122 εὑρη
2676 4069 2809 4113 σεις.

2202 4146 2306 4199 Kal
2339 4140 2679 4213 ἐλογίζοντο
2710 4171 2783 4182 -
2817 4140 3164 4211 ἀνθρώπων.
3220 4141 3412 4195 Λείπει
3456 4142 3517 4194 τὸ
3561 4143 3720 4212 οὐχί.

2213 4328 2578 4397 Ἐφοὸοῦντο
2601 4357 2667 4368 —--
2688 4322 2786 4395 ἦν.
2811 4356 2882 4367 —-
2900 4320 3091 4393 Εἶχον
3129 4324 3234 4377 τὸν
3261 4326 3570 4395 Ἰωάννην,
3599 4330 3722 4382 ἀντὶ

433 4432 584 4479 nem,
624 4417 728 4472 hoc
767 4430 871 4479 est.
896 4421 1030 4474 certi
1067 4431 1228 4476 erant
1270 4423 1338 4477 de
1385 4423 1616 4478 Joanne.
1687 4425 1898 4480 Dictum
1945 4436 2027 4481 est

2164 4421 2249 4484 οὗ,
2296 4421 2818 4491 ὲπεπληροφὸρηντο
2871 4418 3003 4490 περὶ
3053 4416 3146 4473 τοῦ
3189 4418 3460 4475 Ἰωάννου.
3493 4421 3720 4489 Εἴρηται

434 4519 619 4562 autem
647 4519 702 4563 et
724 4510 793 4564 de
827 4513 1151 4568 hisibidem.

507 4599 660 4655 Vers.
702 4604 791 4658 53.
867 4604 934 4657 Et
961 4599 1027 4644 -ἑ
1081 4609 1242 4678 facio.
1281 4606 1545 4664 Similiter
1573 4621 1628 4664 et
1664 4610 1732 4664 de
1770 4611 1859 4667 his
1887 4628 2021 4666 εχει

434 4693 702 4748 ctissime.

858 4807 1013 4864 CAP.
1049 4809 1292 4866 XXXVI.
1322 4813 1396 4866 De
1428 4817 1598 4870 vinea.

505 4897 659 4952 CAP.
703 4899 820 4954 ΧΗ.
849 4901 1008 4957 Vers.
1042 4906 1092 4958 l.
1128 4905 1196 4958 Et
1230 4909 1467 4974 cwpit—
1495 4926 1707 4980 peregre
1761 4910 2030 4982 profectus

434 5000 532 5043 est.
590 4991 712 5045 Alia
754 4993 977 5061 quidem
1028 4995 1192 5062 huius
1246 4999 1520 5068 parabolae
1563 5002 1836 5058 declarata
1895 5014 2029 5060 sunt

434 5082 892 5154 quinquagesimo
917 5088 1096 5157 capite
1131 5092 1407 5161 Evangelii
1439 5095 1746 5150 secundum
1777 5096 2026 5153 hlalthte-

2130 4515 2188 4568 δὲ
2225 4515 2321 4567 καὶ
2359 4514 2487 4584 περὶ
2517 4512 2723 4566 τούτων
2751 4515 2889 4566 ἐκεῖ.

2203 4607 2313 4662 Kal
2352 4637 2424 4646 ——
2455 4604 2623 4661 ποιῶ.
2686 4607 2925 4677 Ὁμοίως
2979 4608 3075 4660 καὶ
3131 4610 3258 4678 περὶ
3297 4606 3506 4660 τούτων
3553 4608 3715 4676 expi-

2133 4699 2396 4755 ϐέστατα.

2400 4815 2556 4868 ΚΕΦ.
2607 4811 2749 4883 Aq'.
2786 4813 2926 4882 Περί
2957 4815 3065 4870 τοῦ
3094 4814 3468 4884 ἀμπελῶνος.

2203 4907 2314 4962 Kal
2344 4907 2572 4976 ἤρξατο
2605 4938 2672 4948 —
2701 4906 3087 4974 ἀπεδήμησε.
3131 4901 3315 4961 Τέιλλα
3350 4907 3449 4975 μὲν
3479 4907 3577 4977 τῆς
3608 4925 3717 4960 παν

2136 5000 2370 5071 ραῦολῆς
2423 5001 2631 5070 ταύτης
2671 5000 3104 5071 ἡρμηνεύθησαν
3159 5002 3230 5052 ἐν·
3257 5000 3334 5069 τῷ
3365 5000 3717 5071 πεντηκοστῷ

2133 5095 2422 5164 κεφαλαίῳ
2456 5095 2550 5148 τοῦ
2583 5094 2724 5146 κατὰ
2765 5093 3080 5146 Ματθαῖονο
3135 5093 3420 5163 ὑπολήνιον
3470 5093 3524 5145 δὲ
3567 5093 3716 5158 λέγει

438 5188 548 5226 um.
585 5175 787 5231 Laeum
817 5195 949 5234 vero
981 5181 1135 5245 dicit,
1165 5184 1343 5253 qualis
1394 5187 1636 5242 eratsnh
1691 5188 1869 5255 altari,
1931 5193 2024 5246 ubi

2163 5191 2190 5244 ὸ
2212 5190 2472 5243 ὑποκάτω
2502 5189 2594 5241 τοῦ
2619 5188 3036 5257 θυσιαστηρίου,
3067 5188 3095 5240 ὃ
3124 5189 3184 5240 τὸ
3209 5181 3348 5250 αἷμα
3378 5188 3487 5239 τῶν
3518 5185 3715 5254 θυομέ-

440 5269 811 5334 recipiebatur
825 5277 1046 5346 sanguis
1065 5277 1405 5339 animalium.
1426 5297 1544 5348 qua:
1572 5283 2022 5339 immolabantur.

2129 5302 2235 5335 νων
2264 5283 2418 5347 ζώων
2448 5280 2758 5350 ὑπεδέχετο.

1644 5429 1850 5489 Variae
1899 5430 2207 5492 lectiones
2252 5432 2313 5488 et
2353 5431 2542 5487 notae.

515 5549 628 5620 (66)
670 5550 798 5626 Haec:
839 5561 1068 5626 uterque
1096 5556 1149 5609 in
1177 5558 1420 5626 margine
1479 5557 1658 5611 habet.
1718 5557 2022 5622 Menti-nius

441 5635 544 5692 non
573 5623 840 5692 agnoscit.
876 5623 1166 5692 llcperitur
1190 5628 1294 5680 hoc
1313 5623 1581 5682 εειιυιίιιιιι
1607 5629 1770 5681 etiam
1804 5630 1853 5680 in
1886 5630 2016 5683 edit.

437 5689 643 5767 Veneta
677 5689 1069 5764 Theopltylacli
1126 5707 1259 5752 tom.
1291 5701 1342 5759 1,
1380 5717 1428 5767 p.
1471 5699 1574 5751 795
1624 5699 1680 5750 Β.
1755 5698 2014 5763 Quilibet,

442 5770 500 5837 ut
524 5765 1091 5837 arbitror,auetorem
1120 5765 1388 5836 agnoscit.
1425 5771 1735 5837 llepetitum
1767 5770 1912 5822 enim
1941 5771 2014 5821 vi-

443 5831 605 5949 t‘lctur
635 5849 701 5910 ex
734 5835 1037 5905 allc'goricis
1079 5831 1386 5906 quisquiliis
1433 5831 1606 5894 sancti
1647 5840 1860 5892 Maximi
1893 5856 2014 5906 pro—

478 5917 697 5949 USSOI'IS.

478 5917 676 5957 USSOI'IS
689 5943 697 5952 .

2209 5556 2319 5623 (67)
2397 5552 2614 5612 Λαϐὼν,
2645 5550 2708 5623 Β.
2740 5552 2815 5605 Ita
2853 5550 3066 5606 Veneti.

2209 5621 2321 5694 (68)
2348 5621 2756 5704 _(_30rrigep\dm_n
2785 5623 3000 5675 videtur
3021 5622 3129 5674 τῶν
3247 5621 3382 5704 κατὰ
3407 5623 3561 5704 Θεέ-ι.
3595 5625 3718 5677 γυι-

2123 5691 2312 5765 gatnni
2348 5691 2562 5749 Veneti.
2596 5691 2761 5745 Paulo
2826 5704 2953 5746 ante
2988 5692 3204 5748 correxi
3233 5692 3394 5747 etiam
3447 5693 3584 5766 λύσῃ
3619 5713 3715 5763 pro

2129 5784 2302 5818 Λυσει.

2201 5837 2312 5904 (ϐυ)
2345 5835 2557 5898 Τεκών,
2598 5832 2808 5887 Veneti.
