4032 6536
348 444 455 508 833

1297 438 1693 499 COMMENT.
1741 439 1824 499 ΙΝ
1868 437 2220 501 MARCUM.
2257 463 2328 479 -ο
2367 442 2530 505 CAP.
2570 445 2712 506 XII.

3534 454 3638 518 834

417 559 529 614 Kal
568 559 894 616 ἀπέστειλε
929 586 996 596 -
1035 556 1416 627 ἀμπελῶνος.
1484 556 1574 611 Ἐν
1622 555 1818 627 ἐκείνῳ
1848 558 1943 612 καὶ

2121 555 2277 613 Vers.
2312 558 2365 614 2.
2393 559 2463 614 Et
2511 562 2683 616 emisit
2707 591 2780 604 -—-
2835 563 3022 619 vineta.
3057 562 3117 618 In
3143 564 3233 619 illo
3257 565 3422 620 etiam
3453 568 3521 624 dc
3549 570 3640 627 his

344 655 475 723 περὶ
506 652 714 707 τούτων
743 652 1023 722 εὑρήσεις.
1058 651 1201 720 Ὅρα
1226 650 1306 717 δὲ,
1337 650 1454 713 πῶς
1472 650 1523 703 oi
1549 652 1791 717 γεωργοὶ
1812 651 1941 714 τοὺς

345 745 596 815 καρποὺς
638 741 1021 806 ἀπαιτοῦνται,
1077 742 1151 805 ὡς
1189 740 1527 811 ἐπιμεληταὶ
1557 739 1656 794 καὶ
1697 739 1943 808 φύλακες

343 829 439 882 τοῦ
473 829 820 900 ἀμπελῶνος.

420 923 487 976 οι
522 919 592 974 δὲ
617 949 685 961 -
714 919 1104 976 ἀπέκτειναν.
1130 920 1238 976 Kal
1275 917 1450 974 ταῦτα
1482 918 1667 974 πάντα
1693 921 1941 995 διηρμη-

349 1014 624 1085 νεύθησαν
654 1014 860 1084 ὁμοίως
900 1015 1040 1070 ἐκεῖ.

422 1105 554 1158 Ἔτι
603 1131 672 1144 --
719 1102 1099 1173 ἀμπελῶνος.
1145 1105 1258 1159 Καὶ
1303 1105 1478 1163 ταῦτα
1535 1107 1943 1182 παραπλησίως

347 1190 447 1259 τῆς
475 1195 864 1265 προσηκούσης
892 1196 1012 1249 ἐκεῖ
1036 1199 1402 1267 τετυγήκασιν
1425 1199 1763 1274 ἐξηγήσεως.

425 1377 487 1429 Τί
513 1371 632 1432 οὖν
663 1406 730 1417 -
758 1376 993 1445 ἄλλοις.
1025 1381 1149 1433 Ἔτι
1178 1383 1274 1434 καὶ
1311 1380 1511 1436 ταῦτα.

424 1468 579 1523 Οὐδὲ
602 1499 669 1508 -
699 1470 1031 1541 ὀφθαλμοῖς
1060 1471 1253 1541 ἡμῶν.
1300 1473 1537 1544 Ὁμοίως
1571 1475 1667 1529 καὶ
1694 1473 1888 1532 ταῦτα.

418 1651 526 1706 Καὶ
576 1651 828 1720 ἐζήτουν
853 1685 924 1698 -—
961 1652 1115 1712 sine.
1167 1659 1328 1727 Πρὸς
1353 1659 1600 1727 αὐτοὺς,
1661 1662 1786 1716 ἀντὶ
1823 1663 1942 1731 τοῦ,

348 1744 481 1815 περὶ
506 1745 688 1800 αὐτῶν
724 1788 738 1801 .
787 1747 947 1802 Οὕτω
985 1749 1096 1820 γὰρ
1146 1745 1302 1803 εἶπεν
1342 1753 1370 1805 ό
1401 1753 1709 1821 Ματθαϊος,
1741 1755 1874 1826 παρ’
1899 1749 1943 1823 ᾧ

347 1836 445 1889 καὶ
465 1835 536 1890 τὰ
573 1836 810 1910 ρηθέντα
840 1841 1020 1894 πάντα
1061 1840 1489 1914 διασεσάφηται.

2049 647 2318 703 invenies.
2347 650 2480 705 Vide
2508 660 2692 706 autem
2714 652 2994 723 quomodo
3030 653 3100 708 ab
3133 654 3388 724 agricolis
3430 657 3642 714 fructus

2051 747 2340 809 repetunt,
2377 749 2639 812 tanquam
2674 757 2704 796 a
2737 743 3190 814 procuratoribus
3223 759 3289 799 ac
3323 746 3652 801 custodibus.

2056 831 2245 886 vineae.

2123 918 2282 978 Vers.
2317 922 2373 978 ὅ.
2415 925 2483 976 At
2515 923 2595 978 illi
2622 954 2692 964 —
2726 923 2878 980 Vers.
2907 925 2960 980 5.
2991 929 3313 982 occiderunt.
3357 929 3485 984 Hmc
3509 944 3647 1000 quo-

2046 1026 2154 1081 que
2184 1012 2370 1066 omnia
2401 1012 2656 1068 similiter
2689 1014 2764 1068 ibi
2796 1015 3074 1069 declarata
3104 1026 3253 1069 sunt.

2109 1103 2266 1160 Vers.
2300 1105 2354 1160 6.
2394 1104 2579 1159 Adhuc
2603 1135 2676 1144 —-
2700 1107 2858 1162 Vers.
2889 1107 2944 1162 8.
2981 1108 3212 1162 vineam.
3245 1107 3312 1162 Et
3349 1109 3463 1164 lm'c
3488 1107 3644 1163 simi-

2043 1193 2172 1250 liter
2197 1197 2449 1266 proxime
2481 1197 2755 1253 accedunt
2780 1197 2849 1253 ad
2880 1213 3024 1265 cam,
3055 1214 3177 1269 qua:
3239 1199 3311 1254 ibi
3346 1201 3473 1254 data
3533 1210 3640 1268 est,

2049 1288 2486 1345 enarrationem.

2119 1379 2278 1436 Vers.
2317 1380 2374 1437 9.
2432 1380 2571 1447 Quid
2619 1398 2832 1454 ergo-
2853 1381 2994 1437 aliis.
3029 1378 3301 1436 Praeterea
3334 1391 3391 1436 et
3422 1382 3559 1438 haec.

2111 1472 2269 1529 Vers.
2293 1473 2381 1527 10.
2450 1476 2531 1528 Αη
2555 1491 2647 1529 nec
2676 1504 2746 1515 —
2774 1475 2934 1531 Vers.
2977 1475 3070 1530 11.
3092 1477 3260 1530 oculis
3296 1476 3516 1531 nostris.
3551 1474 3640 1530 Si-

2050 1564 2261 1618 militer
2302 1575 2355 1620 et
2389 1567 2529 1622 haec.

2120 1655 2276 1710 Vers.
2310 1656 2394 1709 I2.
2428 1657 2497 1710 Et
2527 1659 2832 1727 qua'rebant
2855 1689 2922 1698 —-
2947 1658 3259 1714 dixerat.—-
3281 1660 3365 1712 Ad
3402 1676 3509 1725 eos,
3540 1658 3648 1713 hoc

2050 1747 2242 1813 est,de
2270 1747 2446 1818 ipsis;
2478 1749 2552 1804 ita
2570 1751 2719 1804 enim
2751 1750 2890 1806 dixit
2930 1751 3242 1818 Matth-ams,
3285 1754 3429 1822 apud
3480 1768 3643 1821 quem

2049 1840 2312 1910 praedicta
2346 1841 2532 1896 omnia
2564 1841 2912 1898 manifestata
2941 1854 3066 1898 sunt
3092 1843 3158 1897 ".

417 1929 532 1984 Kal
558 1930 819 2001 ἀφέντες
846 1934 1034 1987 αὑτὸν
1072 1923 1377 2002 ἀπῆλθόν.
1400 1935 1519 1991 Ἵνα
1557 1937 1634 2010 μή
1665 1940 1764 1992 καὶ
1809 1939 1946 1994 ἄλλα

2122 1933 2282 1989 Vers.
2317 1934 2405 1989 12.
2439 1935 2509 1989 Ει
2562 1952 2622 1990 eo
2649 1937 2834 1990 relicto
2877 1937 3072 2008 egressi
3120 1946 3265 1990 sunt.
3321 1935 3398 1991 Ne
3455 1947 3513 1993 et
3540 1937 3646 1992 alia

347 2021 468 2074 κατ’
496 2021 677 2076 αὐτῶν
708 2025 862 2096 εἴπῃ,
889 2027 985 2079 καὶ
1023 2025 1109 2080 ἵνα
1156 2027 1577 2084 συσκευάσωσιν
1637 2032 1940 2106 ἐπιϐουλήν

350 2111 473 2165 κατ’
496 2113 688 2170 αὐτοῦ.

352 2221 509 2276 KRP.
565 2225 667 2277 AZ'
695 2265 708 2280 .
764 2226 906 2295 Περὶ
948 2225 1090 2310 τῶν.
1108 2230 1624 2301 ἐπερωτησάντων
1678 2231 1779 2289 διὰ
1839 2234 1948 2290 τὸν

1012 2315 1252 2356 κηνσον
1273 2340 1288 2356 ο

1012 2317 1047 2353 κ
1093 2317 1176 2353 νσ
1273 2340 1288 2356 .

423 2386 532 2440 Kal
565 2387 1023 2444 ἀποστέλλουσι
1051 2317 1123 2433 Ἐ-
1153 2318 1335 2462 dogma
1388 2391 1622 2462 Εἴρηται
1654 2410 1720 2446 πε
1732 2393 1784 2466 pl
1817 2394 1946 2447 τού-

348 2495 459 2531 των
494 2481 552 2533 ὲν
576 2480 654 2551 τῷ
679 2483 1042 2554 πεντηκοστῷ
1070 2484 1274 2556 πρώτῳ
1325 2484 1607 2558 κεφαλαίῳ
1645 2486 1744 2541 τοῦ
1801 2488 1948 2544 κατὰ

351 2567 656 2635 λνιατθαῖον,
686 2572 766 2634 είς
792 2571 853 2625 τὸ
883 2572 1035 2636 τέλος
1073 2573 1210 2645 (70).

429 2662 494 2714 Ol
541 2692 610 2702 —
660 2663 996 2732 διδάσκεις.
1063 2666 1187 2720 Ἐπ’
1237 2668 1573 2736 ἀληθείας,
1626 2669 1752 2724 ἀντὶ
1818 2670 1943 2736 τοῦ,

353 2751 592 2823 ἀληθῶς.
651 2754 883 2827 Εἴρηται
912 2756 969 2810 δὲ
997 2756 1091 2811 καὶ
1126 2759 1258 2831 περὶ
1282 2759 1489 2814 τούτων
1511 2763 1570 2815 ὲν
1601 2760 1820 2833 ἐκείνῳ.

425 2843 672 2908 Ἔξεστι
705 2876 771 2886 -
812 2847 907 2901 ἐπ’
936 2848 1120 2916 αὐτῷ.
1161 2851 1275 2905 Kal
1329 2853 1461 2924 περὶ⁵
1488 2851 1696 2908 τούτων
1727 2853 1947 2909 πάντων

350 2938 468 2991 ἐκεῖ
492 2937 920 3010 διηρμήνευται.

589 3057 748 3111 ΚΕΦ.
781 3056 911 3113 ΛΗ’.
939 3059 1081 3128 Περὶ
1112 3059 1235 3116 τῶν
1265 3061 1714 3120 Σαδδουκαίων.

425 3148 534 3203 Kal
586 3149 870 3220 ἔρχονται
925 3181 996 3191 -
1032 3147 1212 3207 εῖναι.
1275 3153 1511 3225 Εἴρηται
1562 3156 1696 3226 περὶ
1738 3154 1946 3210 τούτων

2049 2024 2313 2082 adversus
2342 2043 2438 2083 eos
2458 2028 2665 2085 diceret
2705 2045 2721 2084 :
2753 2037 2923 2100 utque
2952 2028 3182 2084 insidias
3221 2029 3489 2085 adversus
3514 2044 3642 2084 eum

2051 2128 2452 2188 praepararent.

2049 2222 2205 2280 CAP.
2232 2226 2504 2286 XXXVII.
2529 2229 2608 2286 De
2649 2230 3063 2311 interrogantibt
3084 2248 3107 2286 s
3153 2230 3438 2286 Dominum
3496 2250 3647 2288 occa-

2655 2316 2801 2354 810118
2827 2316 3035 2354 εεηευδ.

2125 2386 2285 2446 Vers.
2315 2390 2401 2446 l3.
2440 2389 2510 2444 Et
2541 2392 2882 2445 emittunt—
2905 2409 3169 2446 sermone.
3203 2392 3414 2448 Dictum
3453 2403 3538 2450 est
3572 2395 3642 2450 de

2051 2481 2138 2537 his
2188 2482 2643 2556 quinquagesimo
2682 2487 2863 2556 primo
2913 2486 3070 2557 juxta
3111 2485 3428 2542 Matthaeum
3458 2487 3641 2558 capite

2050 2573 2198 2628 circa
2225 2571 2412 2628 ﬁnem.

2123 2665 2280 2720 Vers.
2316 2665 2403 2720 14.
2439 2665 2544 2732 Qui
2569 2698 2639 2707 —
2659 2667 2835 2724 doces.
2857 2667 2917 2724 In
2949 2668 3199 2737 veritate,
3231 2671 3335 2727 hoc
3353 2680 3457 2736 est,
3488 2686 3640 2727 vere.

2052 2757 2268 2814 Dictum
2297 2769 2382 2814 est
2413 2768 2468 2814 et
2500 2761 2567 2816 de
2592 2760 2679 2817 bis
2712 2762 2942 2819 ibidem.

2122 2849 2279 2905 Vers.
2323 2852 2410 2906 H.
2467 2851 2613 2906 Licet
2637 2882 2708 2893 —
2733 2853 2893 2912 .Vers.
2933 2857 3020 2910 17.
3052 2855 3117 2908 de
3159 2872 3242 2911 eo.
3280 2857 3353 2912 De
3389 2856 3475 2912 bis
3502 2870 3644 2928 quo-

2050 2958 2158 3013 que
2193 2943 2453 3000 omnibus
2480 2943 2609 2998 data
2635 2953 2721 3000 est
2741 2947 2814 3000 ibi
2841 2947 3255 3017 interpretatio.

2354 3055 2509 3112 CAP.
2536 3055 2828 3113 XXXVIII.
2872 3058 2950 3112 De
2993 3058 3327 3116 Sadducwis.

2129 3148 2285 3203 Vers.
2317 3148 2406 3204 18.
2440 3149 2508 3202 Et
2540 3150 2754 3203 veniunt
2787 3181 2858 3191 —
2883 3168 3008 3207 esse.
3054 3152 3269 3208 Dictum
3318 3162 3402 3208 est
3451 3154 3520 3210 de
3561 3155 3650 3211 liis

353 3243 413 3294 ὲν
478 3240 559 3313 τῷ
627 3241 989 3314 πεντηκοστῷ
1069 3245 1248 3316 τρίτῳ
1307 3246 1592 3318 κεφαλαίῳ
1649 3247 1747 3302 τοῦ
1804 3247 1947 3302 κατὰ

2093 3240 2515 3310 uinq'uagesimo
2559 3242 2720 3297 tertio
2755 3245 2938 3314 capite
3007 3243 3288 3314 Evangelii
3340 3246 3646 3302 secundum

352 3331 654 3389 Ματθαῖον.

425 3427 536 3480 Kal
593 3426 1004 3496 ἐπηρώτησαν
1049 3457 1118 3468 -
1166 3427 1249 3495 τῷ
1301 3430 1550 3504 ἀδελφῷ
1603 3431 1817 3490 αὐτοῦ.
1861 3433 1951 3487 Ἐν

353 3519 547 3590 ἐκείνῳ
574 3523 704 3590 περ)⁵
734 3519 942 3575 τούτων
981 3522 1199 3594 ἐλέχθη.

433 3609 624 3666 Ἑπτὰ
670 3642 741 3653 —
793 3612 1076 3682 γυναῖκα.
1138 3615 1378 3686 Ὁμοίως
1423 3618 1520 3672 καὶ
1573 3620 1705 3690 περὶ
1744 3621 1952 3674 τούτων

355 3705 594 3760 πάντων.

424 3796 536 3850 Kal
565 3797 916 3866 ἀποκριθεὶς
946 3829 1016 3840 -
1047 3800 1199 3855 Θεοῦ
1217 3817 1236 3864 ;
1263 3799 1363 3854 Διὰ
1411 3797 1596 3866 τοῦτο,
1632 3801 1823 3866 ποῖον;
1852 3799 1954 3852 Διά

354 3886 415 3940 τὸ
460 3887 636 3952 οὕτως
679 3889 948 3960 ἐμπαθῶς
1015 3891 1429 3962 ῦπολαμόάνειν
1482 3893 1612 3964 περὶ
1668 3892 1770 3963 τῆς
1818 3892 1953 3946 ἀνα-

357 3975 620 4042 στάσεως.

430 4071 502 4125 Ἢ
531 4071 619 4126 διὰ
683 4073 743 4127 τὸ
795 4074 872 4146 μὴ
934 4075 1136 4130 ειδέναι
1187 4075 1286 4142 τὰς
1341 4077 1606 4151 Γραφὰς,
1672 4079 1810 4151 μηδὲ
1845 4081 1951 4152 τὴν

355 4161 590 4234 δύναμιν
644 4165 739 4218 τοῦ
794 4166 974 4232 Θεοῦ,
1049 4169 1182 4240 περὶ
1241 4163 1318 4224 ὧν
1386 4170 1595 4242 ὁμοίως
1657 4174 1778 4226 ἐκεῖ
1836 4172 1954 4226 δια-

357 4272 417 4309 σε
427 4255 686 4327 σάφηται.

427 4349 614 4403 Ὅταν
640 4380 714 4390 —-
746 4350 1044 4418 οὐρανοῖς.
1095 4352 1271 4406 Ὅταν
1324 4354 1604 4408 ἀναστῶσι
1644 4356 1849 4420 πάντες
1897 4361 1947 4410 οἱ

355 4439 659 4513 ἅνθρωποι.
700 4443 814 4498 Kal
850 4446 980 4516 περὶ
1014 4444 1223 4499 τούτων
1258 4445 1315 4499 δὲ
1372 4449 1612 4519 ζήτησον
1659 4451 1717 4502 ἐν
1756 4450 1956 4523 ἐκείνῳ

356 4532 435 4604 τῷ
466 4535 767 4604 κεφαλαίῳ.

2055 3331 2393 3386 Matthaeum.

2127 3423 2283 3478 Vers.
2309 3423 2395 3478 18.
2418 3423 2486 3477 Et
2504 3426 3023 3496 interrogaverunt—
3037 3423 3192 3482 Vers.
3222 3423 3308 3480 19.
3343 3427 3504 3496 fratri
3532 3443 3649 3486 suo.

2055 3514 2112 3569 ln
2148 3515 2240 3570 illo
2276 3514 2483 3570 dictum
2534 3524 2619 3570 est
2651 3516 2720 3572 de
2759 3516 2868 3572 bis.

2126 3608 2282 3663 νει-ε.
2315 3607 2405 3662 20.
2436 3607 2646 3679 Septem
2679 3640 2748 3651 —
2775 3610 2933 3667 γει-ε.
2972 3610 3063 3667 25.
3103 3627 3350 3668 uxorem.
3383 3609 3650 3668 Similiter

2055 3710 2107 3754 et
2143 3701 2211 3754 de
2245 3699 2335 3755 bis
2369 3701 2646 3756 omnibus.

2135 3791 2286 3846 Vors.
2324 3792 2413 3846 24.
2439 3796 2505 3846 Et
2534 3794 2854 3864 respondens
2876 3824 2945 3835 -—-
2967 3793 3111 3852 Dei?
3157 3825 3231 3835 —
3265 3793 3487 3865 Propter
3515 3799 3652 3863 hoc;

2057 3881 2372 3948 Quidnam?
2402 3881 2632 3950 Propter
2679 3884 2796 3949 hoc,
2821 3886 2970 3954 quod
2999 3886 3294 3941 carnaliter
3353 3887 3421 3941 de
3462 3903 3650 3943 resur-

2057 3985 2300 4031 rectione
2355 3976 2630 4034 sentiatis.

2134 4068 2226 4124 Vel
2261 4069 2488 4141 Propter
2509 4072 2626 4136 hoc,
2681 4074 2820 4142 quod
2853 4073 3100 4127 nesciatis
3151 4071 3455 4142 Scripturas
3489 4091 3654 4146 neque

2057 4162 2349 4230 potentiam
2403 4161 2522 4221 Dei.
2577 4163 2656 4218 De
2727 4165 2929 4235 quibus
2983 4165 3235 4221 similiter
3295 4167 3364 4220 illi
3448 4167 3655 4221 dictum

2059 4265 2162 4312 est.

2137 4346 2414 4403 Vers.~25.
2449 4347 2583 4403 Cum
2611 4379 2681 4389 —
2717 4351 2883 4405 ctelis.
2933 4379 3006 4388 —
3065 4348 3196 4404 Cum
3247 4352 3656 4414 reanrrexerint,

2061 4455 2257 4494 omnes
2289 4441 2546 4496 videlicet
2580 4441 2855 4496 homines.
2907 4439 2971 4493 Et
2999 4441 3069 4495 de
3105 4442 3191 4495 his
3216 4455 3434 4511 quoque
3463 4441 3657 4495 eodem

2061 4533 2238 4602 capite
2275 4547 2479 4602 quaere.

429 4625 571 4694 Περὶ
596 4657 668 4670 ——
692 4627 944 4687 ζώντων.
978 4629 1092 4682 Kal
1126 4629 1302 4684 ταῦτα
1329 4632 1512 4687 πάντα
1551 4634 1670 4688 ἐκεῖ
1697 4635 1948 4689 λελεπτο-

2128 4627 2283 4684 Vers.
2309 4628 2399 4682 ‘26.
2431 4627 2506 4682 De
2537 4658 2608 4667 —
2639 4625 2795 4681 Vers.
2828 4626 2920 4681 27.
2950 4627 3260 4681 viventium.
3318 4628 3385 4681 Et
3420 4627 3539 4682 haec
3579 4627 3656 4681 ibi

360 4718 610 4789 λόγηται.
667 4721 790 4790 Χρὴ
822 4720 880 4773 δὲ
912 4721 1230 4789 γινώσκειν,
1266 4724 1350 4777 ὃτι
1392 4725 1489 4778 καὶ
1522 4725 1558 4794 ἡ
1590 4724 1752 4795 βάτος
1778 4727 1874 4780 καὶ
1925 4729 1954 4781 ὁ

360 4811 523 4879 βάτος
551 4813 860 4884 ἀδιαφόρως
886 4815 1162 4883 λέγονται.

444 4903 645 4974 Ὑμεῖς
671 4936 742 4945 -
794 4907 1135 4963 πλανᾶσθε.
1207 4909 1320 4980 Οὐχ
1362 4909 1570 4977 ἁπλῶς,
1608 4911 1746 4966 ἀλλὰ
1785 4913 1952 4978 πάνυ.

361 4996 537 5052 Τοῦτο
586 4998 643 5051 δὲ
706 5000 1076 5072 προσέθηκεν,
1110 5002 1187 5067 ὡς
1241 5005 1528 5076 προδήλως
1570 5005 1954 5077 ἐληλεγμένων

362 5094 625 5163 ἀνοήτων.

620 5209 782 5265 ΚΕΦ.
816 5210 943 5264 ΛΘ.
977 5209 1117 5279 Περὶ
1151 5209 1259 5264 τοῦ
1301 5210 1719 5281 Γραμματέως.

437 5299 547 5354 Kal
609 5299 957 5368 προσελθὼν
1007 5329 1078 5338 --
1115 5299 1378 5369 ὲντολή;
1444 5300 1644 5372 Πρώτη
1694 5302 1952 5368 πάντων,

363 5392 470 5446 τῶν
500 5393 704 5461 νόμων.
767 5392 996 5462 Εἴρηται
1046 5391 1104 5444 δὲ
1142 5393 1274 5462 περὶ
1300 5392 1494 5446 τούτου
1525 5395 1586 5448 ὲν
1618 5391 1696 5463 τῷ
1751 5410 1956 5463 πεντη-

371 5483 550 5553 κοστῴ
588 5485 836 5554 τετάρτῳ
868 5483 1154 5554 κεφαλαίῳ
1181 5483 1274 5538 τοῦ
1305 5485 1447 5537 κατὰ
1498 5483 1806 5539 Ματθαίον.

477 5752 522 5783 ⁵⁸
561 5759 752 5813 Matth.
817 5774 930 5822 ut,
966 5756 1057 5811 45.

2057 4735 2156 4791 per
2181 4720 2393 4791 singula
2413 4731 2542 4776 sunt
2561 4720 2875 4792 explanata.

2135 4908 2289 4964 Vers.
2355 4909 2446 4963 9-7.
2499 4908 2595 4964 Vos
2643 4939 2714 4949 —
2754 4910 2971 4963 erratis.
3023 4909 3141 4964 Non
3197 4919 3501 4979 utcunque,
3561 4907 3668 4964 sed.

2059 5003 2310 5059 multum.
2348 5000 2461 5056 Hoc
2499 5011 2684 5056 autem
2713 5002 2945 5066 addidit,
2981 5011 3240 5073 tanquam
3289 5019 3483 5058 eorum
3518 5001 3658 5056 insi-

2068 5095 2329 5166 pientiam
2355 5095 2644 5149 manifeste
2677 5110 2942 5165 arguens.

2469 5205 2625 5260 CAP.
2661 5205 2904 5261 XXXIX.
2944 5206 3016 5260 De
3050 5205 3261 5262 Scriba.

2137 5300 2290 5356 Vers.
2318 5300 2409 5354 28.
2465 5299 2534 5353 Et
2569 5302 2820 5354 accedens
2848 5331 2920 5341 —
2953 5301 3327 5354 mandatorum
3359 5300 3382 5351 1’
3416 5297 3658 5351 Primum

2064 5393 2334 5456 omnium,
2365 5407 2487 5461 quae
2512 5403 2647 5446 sunt
2685 5394 2740 5447 in
2799 5392 2937 5463 lege.
3006 5392 3220 5446 Dictum
3256 5400 3338 5445 est
3386 5399 3568 5444 autem
3593 5389 3663 5442 de

2068 5486 2175 5539 hoc
2232 5484 2691 5554 quinquagesimo
2733 5495 2929 5555 quarto
2996 5485 3177 5552 capite
3233 5481 3518 5552 Evangelii
3571 5495 3659 5534 se-

2068 5577 2314 5633 cundum
2353 5577 2697 5634 Matth-mum.

1599 5826 1795 5888 \‘arise
1857 5826 2168 5890 lectiones
2227 5837 2286 5890 et
2318 5839 2505 5891 noue.

443 5910 554 5978 (70)
585 5909 719 5980 lla-pl
744 5909 801 5962 τὸ
827 5908 1001 5976 τέλος,
1033 5907 1090 5962 Β.
