4032 6526
446 397 554 462 839

1687 385 2009 449 EUTIIYM
2024 385 2079 445 II
2121 384 2488 446 ZIGABENI

3633 388 3739 452 840

445 505 662 562 decimo
686 520 837 560 nono
858 504 1015 574 juxta
1048 499 1363 554 Mattlneum
1390 494 1572 567 capite
1599 495 1745 552 circa
1776 495 2012 550 medium

2155 501 2204 550 ὲν
2227 497 2304 569 τῷ
2333 495 2808 566 ἐννεακαιδεκάτῳ
2838 496 3119 568 κεφαλαίῳ
3140 497 3235 552 τοῦ
3269 501 3413 554 κατὰ
3434 501 3737 568 Ματοαῐον,

444 613 628 670 qurere
661 596 895 674 ergoibi
923 593 1356 649 enarrationem.

515 690 681 746 Vers.
726 687 815 742 12.
853 681 1318 739 Tradet-Vers.
1360 681 1448 735 15.
1489 681 1668 735 salvus
1697 682 1820 734 erit.
1863 678 2039 734 Etiam

443 785 563 838 haec
593 781 776 835 omnia
820 779 876 831 in
905 776 1168 848 praedicto
1207 775 1424 831 decimo
1457 789 1604 828 nono
1635 775 1816 844 capite
1859 774 2043 829 decla-

442 884 561 928 rata
599 881 747 925 sunt.

515 963 673 1019 Vera.
716 963 801 1017 14.
841 962 976 1017 Cum
1022 970 1204 1015 autem
1246 988 1317 998 —
1345 957 1632 1029 intelligat.
1702 958 1916 1014 Dictum
1958 969 2043 1015 est

443 1057 512 1111 de
574 1056 700 1121 hoc,
751 1056 899 1110 dicto
938 1053 1396 1125 quinquagesimo
1435 1052 1668 1122 septimo
1699 1053 1858 1121 juxta
1908 1051 2043 1107 Mat-

447 1151 648 1205 tbaaum
683 1152 884 1218 capite.

513 1240 666 1296 Vers.
711 1240 801 1295 14.
834 1240 978 1294 Tunc
1007 1238 1262 1293 —Vers.
1310 1234 1398 1288 17.
1444 1234 1647 1288 diebus.
1703 1233 1761 1289 In
1803 1250 1872 1291 co
1919 1235 2043 1293 loco

438 1333 604 1388 etiam
645 1332 713 1387 de
739 1333 824 1385 bis
853 1331 1150 1385 dissertum
1182 1337 1290 1381 est.

497 1425 664 1505 :Vers.
700 1425 787 1480 18.
813 1421 985 1481 Ὀνιιιε
1009 1453 1077 1463 -
1099 1421 1254 1476 Vers.
1288 1421 1379 1477 30.
1423 1423 1552 1474 dies.
1589 1418 1851 1474 Similiter
1880 1427 1933 1474 et
1972 1417 2042 1474 de

436 1520 540 1574 liis.
570 1520 706 1573 Illud
740 1529 924 1572 autem
960 1535 977 1573 ε
1016 1515 1190 1571 Erunt
1223 1517 1334 1570 dies
1382 1515 1463 1569 illi
1503 1515 1736 1584 aﬂiictio,
1775 1515 1879 1568 hoc
1933 1521 2038 1577 est,

435 1613 491 1668 In
527 1612 722 1668 diebus
750 1612 853 1665 illis
879 1610 982 1664 erit
1012 1610 1252 1664 alﬂictio.

508 1705 664 1758 Vers.
701 1703 792 1756 2|.
823 1702 890 1755 Et
923 1712 1046 1754 tunc
1082 1729 1142 1739 —
1175 1700 1329 1752 Vers.
1375 1698 1468 1751 23.
1501 1699 1705 1752 omnia.
1755 1695 1932 1752 Etiam
1985 1706 2042 1752 et

436 1796 503 1850 de
546 1795 630 1848 his
663 1792 737 1848 ibi
760 1793 1100 1861 disputatum
1135 1798 1241 1843 est.

507 1888 666 1943 Vcrs.
706 1885 800 1940 24.
830 1884 1000 1939 Porro
1031 1884 1089 1936 in
1115 1913 1189 1924 —
1220 1879 1377 1938 Vers.
1425 1880 1516 1936 9.7.
1561 1880 1696 1935 cali.
1733 1879 1802 1935 Et
1851 1881 1919 1937 de
1945 1880 2033 1936 his
2069 1867 2111 1923 Β

436 1979 709 2036 similiter.

504 2073 665 2129 Vers.
711 2071 803 2127 28.
866 2071 906 2124 Α
954 2071 1056 2140 ﬁcu
1108 2077 1287 2122 autem
1319 2098 1388 2108 —
1434 2067 1591 2122 Vers.
1647 2067 1739 2122 51.
1785 2069 2030 2137 prmeri-

438 2167 587 2221 bunl.
631 2164 907 2220 Praeterea
939 2173 994 2218 et
1036 2163 1103 2218 de
1139 2162 1227 2217 bis
1268 2163 1529 2218 omnibus
1559 2165 1629 2218 ad
1685 2166 1916 2220 verbum
1972 2165 2026 2218 iu

434 2260 585 2314 dicto
611 2257 793 2328 capite
817 2255 1098 2311 subtiliter
1131 2254 1472 2324 disputatum
1517 2263 1621 2308 est.

719 2370 874 2426 CAP.
908 2367 1094 2423 XLIII.
1134 2367 1210 2421 De
1241 2369 1326 2421 die
1358 2369 1452 2420 illo
1489 2379 1538 2420 et
1585 2370 1738 2422 liora.

502 2465 657 2520 Vers.
709 2465 800 2521 32.
862 2463 947 2517 De
993 2492 1058 2502 —
1099 2473 1273 2530 pater.
1347 2459 1562 2514 Dictum
1633 2470 1718 2516 est
1785 2460 1854 2514 de
1923 2462 2028 2516 hoc

429 2558 886 2629 quinquagesimo
919 2565 1112 2610 octavo
1160 2554 1341 2625 capite
1382 2553 1664 2624 Evangelii
1719 2555 2026 2610 secundum

435 2650 779 2705 Matthmum.

505 2743 667 2798 Vers.
704 2744 793 2798 55.
829 2742 1098 2795 Attcndite
1131 2772 1198 2781 ——
1231 2744 1320 2794 sit.
1371 2739 1576 2794 Ibidem
1631 2741 1794 2794 etiam
1829 2741 1898 2796 de
1942 2741 2026 2796 bis

430 2837 638 2892 dictum
666 2846 771 2891 est.

497 2927 658 2982 Vers.
699 2927 792 2982 54.
846 2924 997 2981 Sicut
1028 2927 1183 2979 homo
1213 2925 1502 2993 -—vigilet.
1553 2925 1626 2979 De
1691 2927 1914 2980 Christo
1960 2941 2024 2982 ac

425 3018 756 3074 Christianis
784 3027 1064 3086 sumptum
1096 3026 1178 3071 est
1212 3018 1316 3071 hoc
1350 3019 1682 3087 exemplum.
1716 3020 1809 3072 list
1838 3028 2025 3072 autem

427 3111 809 3167 defectivum:
868 3110 1052 3164 deﬁcit
1095 3111 1264 3174 enim,
1328 3121 1423 3163 est.
1481 3109 1620 3164 Dicit
1669 3127 1820 3182 ergo,
1874 3112 2022 3181 quod

2145 592 2278 662 περὶ
2318 592 2388 643 τὰ
2421 588 2581 659 μέσα.
2622 590 2733 642 Kal
2774 588 3015 660 ζήτησον
3050 591 3169 644 ἐκεῖ
3202 592 3302 661 τὴν
3337 594 3627 663 ἐξήγησιν.

2216 680 2571 753 Παραδώσει
2592 710 2662 720 —-
2679 680 3042 749 σωθήσεται.
3067 684 3174 736 Kal
3191 683 3364 737 ταῦτα
3382 684 3559 739 πάντα
3581 687 3637 738 ὲν
3658 686 3736 757 τῷ

2146 777 2372 849 ῥηθέντι
2447 773 2920 845 ἐννεακαιδεκάτῳ
2992 775 3272 846 κεφαλαίῳ
3343 783 3734 848 προηρμηνεύ-

2146 866 2212 938 οη
2222 883 2342 920 σαν.

2218 957 2410 1010 Ὅταν
2435 954 2506 1009 δὲ
2533 984 2606 996 -
2635 953 2861 1009 νοείτω.
2905 955 3138 1026 Εἴρηται
3171 959 3301 1027 περὶ
3335 958 3526 1012 τούτου
3566 961 3622 1011 ὲν
3654 959 3736 1030 τῷ

2146 1048 2692 1123 προμνημονευθέντι
2757 1049 3112 1120 πεντηκοστῷ
3173 1049 3392 1123 ἑϐδόμῳ
3453 1053 3736 1123 κεφαλαίῳ

2146 1146 2240 1200 τοῦ
2273 1145 2418 1199 κατὰ
2436 1143 2739 1199 Ματθαῖον.

2223 1240 2364 1292 Τότε
2396 1267 2463 1278 -
2496 1236 2768 1306 ἡμέραις.
2823 1234 2914 1288 Ἐν
2964 1234 3163 1306 ἐκείνῳ
3215 1236 3309 1290 καὶ
3352 1237 3476 1308 περὶ
3528 1239 3736 1291 τούτων

2142 1325 2569 1395 διασεσὰφηται.

2217 1421 2646 1489 Προσεύχεσθε
2676 1448 2747 1457 -
2777 1418 3026 1487 ἡμέρας.
3073 1418 3305 1490 Ὁμοίως
3332 1421 3426 1475 καὶ
3459 1423 3586 1491 περὶ
3613 1421 3738 1475 τού-

2145 1531 2276 1569 των.
2316 1514 2390 1566 Τὸ
2415 1512 2496 1578 δὲ,
2528 1515 2816 1568 Ἔσονται
2842 1514 2903 1566 ai
2944 1512 3158 1582 ἡμέραι
3197 1512 3437 1580 ἐκεῖναι,
3467 1514 3589 1568 ἀντὶ
3617 1513 3734 1580 τοῦ,

2145 1609 2290 1662 κατὰ
2318 1607 2418 1672 τὰς
2455 1608 2670 1679 ἡμέρας
2702 1608 2920 1671 ὲκείνας
2951 1607 3084 1679 (75).

2216 1701 2328 1754 Kal
2367 1701 2500 1754 τότε
2533 1729 2604 1739 -
2636 1698 2856 1754 πάντα.
2906 1700 3013 1752 Καὶ
3057 1699 3187 1772 περὶ
3217 1700 3422 1754 τούτων
3452 1701 3568 1754 ἐκεῖ
3613 1701 3737 1754 διεί-

2145 1795 2372 1866 ληπται.

2225 1887 2390 1942 Ἀλλ’
2413 1887 2482 1942 ἐν
2505 1918 2577 1928 -
2602 1887 2888 1958 οὐρανοῦ.
2925 1887 3038 1942 Kal
3070 1887 3200 1961 περὶ
3227 1888 3431 1942 τούτων
3450 1889 3733 1954 ὡσαύτως.

2222 2058 2360 2112 Ἀπὸ
2400 2057 2470 2110 δὲ
2517 2055 2626 2126 τῆς
2672 2059 2875 2126 συκῆς
2923 2087 2993 2099 -
3031 2058 3435 2126 παρέλθωσιν.
3475 2058 3597 2111 Ἔτι
3639 2059 3735 2112 καὶ

2142 2151 2277 2221 περὶ
2315 2149 2524 2203 τούτων
2557 2149 2779 2203 πάντων
2811 2149 2952 2203 κατά
2974 2148 3128 2220 ῥῆμα
3150 2151 3208 2202 ὲν
3233 2148 3428 2220 ἐκείνῳ
3460 2149 3534 2220 τῷ
3559 2167 3733 2220 κεφα-

2139 2241 2278 2309 λαίῳ
2316 2242 2436 2294 λελε
2445 2242 2805 2311 πτολόγηται.

2307 2355 2467 2408 ΚΕΦ.
2500 2351 2634 2410 Ml".
2680 2355 2819 2423 Περὶ
2854 2357 2966 2424 τῆς
2993 2355 3220 2426 ἡμέρας
3251 2359 3351 2412 καὶ
3383 2357 3558 2426 ὥρας.

2209 2450 2346 2518 Περὶ
2392 2479 2460 2488 -
2490 2449 2709 2517 πατήρ.
2750 2449 2978 2520 Ετρηται
3013 2455 3144 2521 περὶ
3170 2451 3360 2504 τούτου
3399 2453 3459 2504 ἐν
3493 2453 3567 2522 τῷ
3605 2469 3726 2505 πενο

2135 2544 2390 2617 τηκοστῷ
2425 2545 2599 2616 ὀγδῦῳ
2631 2544 2915 2616 κεφαλαίῳ
2954 2545 3048 2599 τοῦ
3076 2546 3217 2600 κατὰ
3250 2547 3548 2601 Ματοαῖον.

2209 2732 2474 2786 Βλέπετε
2505 2763 2574 2771 —
2602 2729 2793 2787 ἐστιν.
2843 2733 2933 2786 Ἐν
2987 2734 3184 2805 ἐκείνῳ
3217 2734 3316 2789 καὶ
3357 2753 3483 2806 περι
3518 2737 3722 2790 τούτων

2137 2827 2603 2898 παρεσημειώθη.

2219 2920 2314 2984 Ὡς
2336 2919 2652 2988 ἄνθρωπος
2674 2951 2743 2961 -
2766 2919 3050 2990 γρηγορῇ.
3083 2922 3218 2994 Περὶ
3239 2921 3332 2975 τοῦ
3363 2922 3602 2993 Χριστοῦ
3631 2921 3724 2976 nl

2133 3011 2243 3064 τῶν
2270 3013 2616 3084 Χριστιανῶν
2639 3013 2893 3083 εἴληπται
2917 3016 3068 3069 τουτὶ
3091 3014 3152 3068 τὸ
3175 3015 3542 3086 παράδειγμα.
3571 3018 3722 3069 Ἐστι

2132 3108 2188 3161 δὲ
2242 3106 2619 3160 ἑλλειπτικόνο
2685 3106 2956 3160 Ἑλλείπει
3008 3110 3116 3178 γὰρ
3182 3109 3264 3172 τὸ,
3331 3109 3504 3163 ἔσται.
3557 3112 3724 3182 Φησὶ-ι

428 3212 512 3257 est
545 3207 686 3256 sit-ut
722 3203 909 3268 homo,
959 3203 1052 3273 qui
1093 3219 1319 3274 peregre
1347 3204 1458 3273 agit
1494 3194 1844 3258 :‘hominem
1897 3205 2021 3275 qui-

2155 3201 2260 3264 ὧν,
2296 3201 2379 3254 ὃτι
2419 3200 2492 3263 ὡς
2543 3201 2840 3271 ἄνθρωπος
2877 3201 3180 3272 ἀποδημῶν
3213 3203 3397 3256 ἔσται’
3439 3204 3723 3275 ἄνθρωπον

424 3297 548 3349 dem
602 3296 845 3366 seipsum
891 3297 1151 3357 innuens,
1197 3296 1655 3365 quemadmodum
1722 3297 1775 3350 in
1833 3298 2020 3352 multis

425 3389 632 3442 dictum
676 3397 759 3443 est
810 3389 1101 3460 parabolis.
1164 3387 1672 3458 Peregrinationem
1750 3405 1904 3455 vero,
1964 3391 2019 3444 in

423 3483 592 3537 cmlos
631 3484 1086 3551 assumptionem.
1120 3481 1348 3535 Domum
1391 3491 1575 3535 autem
1639 3499 1816 3548 suam,
1879 3499 2020 3552 prm-

421 3584 636 3629 sentem
674 3575 964 3628 mundum.
1001 3575 1206 3629 Servos
1231 3591 1450 3644 quoque
1491 3591 1644 3642 suos,
1676 3576 1811 3629 dicit
1847 3578 2016 3628 Chri-

421 3668 652 3721 stianos.
690 3669 972 3737 Cujusque
1001 3679 1185 3721 autem
1236 3684 1396 3736 opus,
1434 3678 1518 3722 est
1551 3669 1802 3722 custodia
1861 3684 2017 3721 man-

419 3762 695 3826 datorum,
726 3770 782 3815 et
815 3762 1063 3831 operatio
1103 3763 1393 3817 virtutum.
1422 3762 1636 3816 ianitor
1667 3777 1817 3825 vero,
1860 3777 2016 3815 mens

421 3855 878 3922 uniuscujusque,
912 3870 1033 3922 quae
1055 3854 1241 3924 januis
1273 3854 1389 3924 (aa)
1427 3855 1622 3909 animae
1658 3863 1880 3924 praeest,
1912 3855 2015 3908 hoc

415 3957 521 4011 est,
575 3944 854 4007 sensibus,
899 3959 995 4014 per
1045 3962 1185 4016 quos
1234 3945 1624 4000 intellectualis
1670 3944 1758 3997 fur
1805 3945 2013 4015 ingredi

413 4042 573 4096 solet.

489 4130 643 4188 Vers.
674 4132 763 4186 55.
809 4131 1037 4204 Vigilate
1068 4162 1134 4173 —
1169 4130 1323 4184 Vers.
1377 4129 1464 4183 56.
1520 4129 1862 4182 dormientes.
1911 4130 2015 4183 Se-

412 4241 532 4281 rum
560 4225 780 4294 quidem
825 4226 1025 4279 dicitur
1064 4236 1197 4279 aetas
1250 4239 1484 4284 senum;
1535 4222 1777 4276 medium
1832 4222 2014 4276 noctis

409 4332 599 4370 eorum
632 4319 725 4387 qui
757 4319 812 4371 in
841 4319 1019 4372 media
1058 4327 1187 4372 sunt
1223 4326 1383 4371 aetate
1411 4319 1697 4369 constituti
1725 4333 1739 4380 ;
1797 4315 2012 4386 gallici-

411 4409 563 4462 nium
598 4424 752 4472 vero,
789 4424 980 4463 eorum
1017 4409 1114 4478 qui
1141 4409 1253 4477 jam
1288 4424 1480 4477 sapere
1520 4409 1834 4477 incipiunt;
1885 4425 2011 4462 cum

408 4501 700 4570 prudentia
744 4501 799 4553 in
840 4501 1061 4554 modum
1097 4499 1218 4570 galli
1252 4499 1539 4569 gallinacei
1573 4500 1788 4554 excitat
1816 4516 1911 4555 eos
1943 4502 2012 4555 ab

409 4595 858 4648 insensibilitate.
884 4593 1039 4646 Mane
1069 4603 1276 4656 autem,
1307 4602 1439 4647 aetas
1469 4604 1548 4647 est
1579 4608 1901 4663 puerorum.
1960 4634 1969 4643 ..

477 4685 672 4750 Qmere
737 4693 919 4736 autem
984 4684 1248 4752 praedicto
1308 4683 1765 4753 quinquagesimo
1822 4692 2017 4737 octavo

407 4779 558 4845 juxta
594 4777 910 4829 Matth-gnum
953 4777 1129 4844 capite
1161 4777 1592 4830 declarationem
1644 4777 1790 4830 illius
1829 4777 1962 4831 dicti
1995 4792 2009 4828 :

408 4866 538 4920 Ideo
564 4878 613 4918 et
655 4884 743 4920 vos
775 4877 935 4919 estote
967 4871 1168 4934 parati,
1196 4870 1319 4935 quia
1350 4886 1454 4938 qua
1492 4872 1620 4921 1ιοιά
1649 4885 1751 4922 nou
1784 4871 2011 4937 putatis,

407 4976 468 5012 ea
499 4959 669 5014 Filius
691 4962 918 5013 hominis
954 4972 1201 5014 venturus
1241 4975 1312 5016 es!
1346 4965 1411 5015 ⁷³.

479 5050 636 5106 Vers.
664 5051 751 5105 57.
793 5049 922 5113 Qum
957 5061 1132 5104 autem
1168 5082 1235 5092 —
1265 5054 1403 5108 dico.
1441 5055 1708 5108 Omnibus
1729 5055 2007 5110 Christia-

404 5141 511 5204 nis,
541 5143 631 5211 qui
665 5142 831 5197 futuri
870 5153 998 5196 sunt
1049 5159 1224 5215 usque
1282 5149 1352 5203 ad
1396 5148 1586 5202 mundi
1645 5164 2004 5204 consumma-

408 5245 634 5289 ιιοηειῐι.

519 5353 564 5383 ⁷³
598 5352 789 5411 Matth.
829 5371 976 5421 xxxv,
1009 5358 1098 5414 44.

2138 3296 2234 3365 μὲν
2264 3295 2458 3349 ἑαυτὸν
2495 3295 2803 3364 ὑποδηλῶν,
2847 3295 2922 3359 ὡς
2956 3296 3012 3347 ὲν
3047 3295 3270 3361 πολλαῖς
3299 3299 3513 3369 εἴρηται
3544 3316 3723 3369 παρα-

2132 3389 2316 3453 ϐολαῖς
2342 3405 2357 3419 ⁸
2393 3389 2709 3459 ἀποδημίαν
2740 3388 2794 3442 δὲ
2817 3432 2831 3450 ,
2863 3390 2962 3462 τὴν
3007 3392 3086 3454 είς
3131 3393 3394 3462 οὐρανοὺς
3423 3394 3720 3463 ἀνάληψιν⁹

2129 3482 2310 3535 οἰκίαν
2368 3482 2424 3534 δὲ
2485 3481 2691 3546 αὑτοῦ,
2745 3483 2838 3536 τὸν
2898 3485 3142 3554 παρόντα
3210 3486 3444 3556 κόσμονο
3502 3488 3720 3554 δούλους

2127 3574 2183 3627 δὲ
2223 3573 2392 3627 αὑτοῦ
2413 3615 2428 3640 ,
2457 3576 2583 3639 τοὺς
2617 3576 2982 3646 Χριστιανούς
3008 3593 3024 3611 ο
3057 3578 3292 3632 ἑκάστου
3325 3580 3380 3632 δὲ
3419 3580 3478 3632 τὸ
3523 3581 3682 3651 ἔργον
3705 3623 3719 3644 ,

2128 3667 2227 3736 τὴν
2259 3665 2511 3737 φυλακην
2543 3669 2653 3720 τῶν
2689 3669 2920 3721 ἐντολῶν
2956 3669 3149 3736 αὑτοῦ,
3181 3671 3276 3723 xal
3313 3672 3577 3741 ἐργασίαν
3611 3675 3720 3724 τῶν

2126 3758 2343 3831 ἀρετῶν
2363 3775 2378 3789 ·
2423 3759 2670 3830 θυρωρὸν
2700 3759 2776 3824 δὲ,
2810 3761 2902 3814 τὸν
2931 3763 3169 3816 ἑκάστου
3195 3763 3337 3825 νοῦν,
3371 3764 3461 3816 τὸν
3489 3767 3720 3818 ὲπισταυ

2125 3848 2325 3902 τοῦντα
2356 3852 2478 3913 ταῖς
2511 3849 2691 3920 θυρίσι
2723 3851 2822 3918 τῆς
2851 3851 3052 3921 ψυχῆς,
3089 3852 3276 3924 ἧγουν,
3308 3857 3417 3916 τοῖς
3453 3857 3720 3926 αίτθητη-

2130 3943 2288 4011 ρίοις,
2316 3942 2382 3995 δι’
2407 3935 2483 3997 ὧν
2509 3945 2538 3995 ὁ
2563 3943 2749 4011 νοητὸς
2777 3944 3016 4015 κλέπτης
3046 3945 3307 4018 εἰσπηὸᾆν
3330 3947 3538 4005 εἴωθεν,

2198 4131 2553 4208 Γρηγορεῖτε
2588 4159 2661 4170 --
2704 4131 3133 4201 καθεύδοντας.
3193 4135 3320 4206 Ὀψὲ
3371 4137 3469 4207 μὲν
3518 4145 3716 4195 νοεῖται

2123 4227 2156 4296 ἡ
2194 4226 2302 4279 τῶν
2342 4227 2618 4297 γερόντων
2652 4228 2838 4298 ἡλικία
2860 4244 2873 4257 ⁸
2909 4231 3267 4300 μεσονύκτιον
3296 4233 3373 4297 δὲ,
3410 4236 3442 4305 ἡ
3477 4237 3586 4289 τῶν
3619 4240 3716 4307 μὲ-

2125 4336 2273 4373 σων·
2323 4320 2774 4392 ἀλεκτοροφωνία
2839 4321 2918 4388 δὲ,
2979 4325 3012 4394 ἡ
3064 4324 3172 4376 τῶν
3226 4325 3553 4395 ἀρξαμένων
3610 4331 3707 4400 ἥδη

2123 4413 2346 4482 φρονεῖν
2367 4449 2382 4471 .
2415 4413 2507 4465 ὅτε
2550 4415 2582 4483 ή
2635 4413 2933 4485 φρόνησις,
2969 4414 3157 4488 ὥσπερ
3193 4416 3441 4490 ἀλέκτωρ
3463 4462 3476 4486 ,
3510 4421 3711 4492 ἐγείρει

2123 4503 2325 4567 αὐτοὺς
2382 4505 2490 4557 ἀπὸ
2551 4507 2651 4577 τῆς
2713 4507 3111 4579 ἀναισθησίαςυ
3173 4510 3319 4583 πρωῒ
3372 4512 3450 4580 δὲ,
3511 4517 3542 4586 ἡ
3603 4520 3710 4568 τᾶν

2040 4605 2095 4665 D
2124 4596 2355 4650 παίδων.

2190 4688 2438 4758 Ζήτησον
2469 4689 2525 4742 δὲ
2572 4694 2629 4744 ἐν
2673 4691 2751 4761 τῷ
2789 4692 3086 4761 δηλωθέντι
3139 4698 3495 4766 πεντηκοστῷ
3541 4699 3708 4772 ὀγδόῳ

2118 4778 2402 4849 κεφαλαίῳ
2419 4780 2511 4833 τοῦ
2549 4785 2692 4834 κατὰ
2717 4784 2998 4838 Ματθαίον
3021 4787 3120 4857 τὴν
3150 4788 3412 4860 ἐξήγησιν
3442 4788 3563 4841 τοῦ·
3604 4795 3706 4845 Διὰ

2117 4871 2295 4926 τοῦτο
2353 4874 2447 4927 καί
2500 4877 2670 4945 ὑμεῖς
2727 4879 2972 4945 γίνεσθε
3027 4880 3249 4952 ἕτοιμοι
3291 4884 3376 4936 ὅτι
3425 4879 3703 4954 ᾗῶρᾳωὺ

2112 4960 2366 5027 δοκεῖτε,
2400 4966 2432 5016 ό
2473 4967 2605 5031 Υίὸς
2636 4969 2743 5020 τοῦ
2779 4969 3100 5037 ἀνθρώπου
3126 4972 3384 5042 ἔρχεται.

2197 5057 2264 5110 "A
2299 5055 2363 5108 δὲ
2399 5087 2466 5098 --
2492 5058 2666 5128 λέγω.
2704 5060 2845 5114 Πᾶσι
2895 5066 3006 5127 τοῖς
3063 5065 3191 5135 ἄχρι
3227 5067 3325 5136 τῆς
3359 5073 3701 5143 παγκοσμες-ιι

2124 5150 2434 5214 συντελείας
2471 5153 2844 5222 Χριστιανοῖς.

1613 5433 1817 5493 Variae
1856 5432 2163 5498 lectiones
2196 5441 2258 5498 et
2303 5444 2494 5500 nota).

481 5547 594 5616 {75)
624 5546 876 5620 Intelligo
921 5550 1096 5617 ἔσται,
1128 5568 1190 5607 ex
1252 5552 1492 5606 ἔσονται.
1527 5553 1605 5607 Ita
1635 5556 1781 5608 enim
1815 5557 1986 5628 accipi
2025 5559 2221 5615 voluit.

490 5667 606 5739 (au)
634 5663 850 5720 Januis.
914 5664 970 5718 lu
1004 5665 1195 5723 Graeco
1219 5679 1304 5722 est
1355 5668 1540 5739 Θυρίσι
1585 5687 1680 5726 seu
1722 5673 1997 5730 fenestris.

410 5735 681 5812 Quoniam
712 5746 895 5812 tamen
925 5739 1085 5812 paulo
1109 5750 1238 5812 ante
1291 5735 1489 5809 legitur
1541 5743 1812 5812 Θυρωρδς,
1866 5761 2001 5798 con-

408 5805 503 5870 jici
540 5809 715 5872 pussit
795 5805 1013 5874 θύραις,
1050 5811 1165 5862 loco
1213 5805 1452 5878 θυρίξιιν.
1493 5805 1622 5865 5εᾶ
1651 5805 1994 5868 alibi-ctiam

411 5881 478 5926 dc
508 5878 786 5941 εει-διιιιιδ,
832 5881 973 5946 apud
1015 5879 1230 5934 Patrem
1277 5879 1552 5947 Graecum,
1597 5888 1784 5939 nescio
1813 5900 1998 5954 quem,

2115 5677 2299 5731 inveni
2343 5677 2701 5756 _0tiplc,__nott
2745 5681 2909 5751 Θύρα.
2949 5683 3196 5756 Aliquam
3224 5701 3354 5756 ergo
3386 5691 3580 5748 saltem
3607 5697 3697 5753 hic

2110 5748 2382 5838 ξρξέειτεγίι
2418 5748 2866 5838 είιξξῑιῐιιιᾲίξιειιῖ,
2897 5761 2955 5806 ιιι
2988 5748 3377 5838 soictpcrﬂn
3423 5748 3696 5838 ξιιιετρὲὸῐ

2110 5820 2412 5875 tationibus
2451 5822 2779 5894 ullcgoricis,
2799 5825 2848 5880 id
2873 5835 2958 5880 est
2975 5827 3298 5897 puerilibus.
