4032 6458
257 376 365 437 849

1187 375 1571 435 COMMENT.
1618 374 1696 435 IN
1739 376 2082 436 MARCUM.
2115 402 2181 412 --
2222 378 2383 438 CAP.
2425 380 2558 438 XVI

3418 381 3523 441 διο

256 489 481 553 αὐτοῖς,
509 490 736 559 Εἰρήνη
788 489 949 560 ὑμῖν,
983 489 1081 545 καὶ
1115 488 1185 542 τὰ
1226 488 1375 557 ἑξῆς.
1410 490 1500 540 Ἐν
1524 492 1589 559 τῇ
1626 490 1837 559 ἑσπέρᾳ

1958 506 2053 546 .em
2084 492 2248 545 etiam
2279 491 2333 545 in
2365 494 2609 560 ejusdem
2640 492 2747 546 diei
2784 507 3007 562 vespera
3045 492 3261 547 accidit.
3294 492 3526 563 Scripsit

254 579 311 630 δὲ
350 578 449 646 τῆς
493 580 663 649 αὐτῆς
698 581 909 651 ἡμέρας
961 582 1056 633 καὶ
1108 578 1269 632 τοῦτο
1298 580 1540 646 γέγονεν.
1586 578 1835 649 Ἔγραψε

256 670 365 737 γὰρ
411 674 507 724 καὶ
540 674 568 724 6
607 673 860 739 Ἰωάννης
924 674 1005 725 ὅτι
1054 673 1258 737 υῦσης
1301 672 1506 739 ὀψίας,
1542 670 1615 739 τῇ
1649 674 1838 740 ἡμέρᾳ

254 760 481 826 ἐκείνῃ,
542 761 618 829 τῇ
665 761 774 831 μιᾷ
824 776 945 815 των
980 764 1314 827 Σασθᾰτων,
1352 764 1447 815 καὶ
1483 761 1601 815 τῶν
1644 761 1840 829 θυρῶν

256 854 719 921 κεκλεισμένων,
760 856 914 908 ὅπου
947 852 1109 926 ἦσαν
1141 858 1195 908 ol
1229 854 1485 923 μαθηται
1539 854 1837 922 συνηγμέ-

254 960 347 997 νοι
382 944 481 998 διὰ
517 946 620 999 τὸν
656 949 848 1015 φόϐον
887 948 1005 1002 τῶν
1063 948 1397 1012 Ἰουδαίων,
1435 944 1623 1018 ἦλθεν
1649 950 1680 1001 ὁ
1722 949 1804 1012 ’1η

252 1036 425 1102 σοῦς.
455 1040 548 1091 καὶ
578 1038 727 1107 ἔστη
755 1043 841 1107 εις
868 1044 935 1094 τὸ
980 1042 1198 1110 μέσον,
1249 1042 1346 1095 καὶ
1400 1039 1563 1109 λέγει
1606 1040 1836 1105 αὐτοῖς·

256 1129 481 1199 Εἰρήνη
511 1132 674 1201 ὑμῖν,
710 1135 803 1187 καὶ
848 1136 913 1188 τὰ
966 1135 1113 1205 ἑξῆς.
1156 1135 1288 1188 Τότε
1328 1135 1436 1205 γὰρ
1462 1135 1706 1188 ὠνείδισε
1739 1136 1838 1202 τὴν

258 1222 519 1275 ἀπιστίαν
584 1226 769 1279 αὐτῶν
816 1231 909 1281 καὶ
962 1227 1421 1297 σκληροκαρδίαν,
1457 1227 1630 1279 εἴτουν
1682 1224 1841 1280 ἀπεί-

258 1312 429 1374 Θειαν.
462 1316 544 1369 ὄτι
570 1319 683 1381 τοῖς
715 1319 1075 1388 θεασαμένοις
1111 1319 1274 1373 αὑτὸν
1310 1317 1683 1389 ἐγηγερμένον
1737 1316 1839 1368 ούκ

257 1404 608 1473 ἐπίστευσαν,
633 1408 801 1477 ἤγουν
854 1413 920 1482 τῇ
952 1411 1290 1481 Μαγδαληνῇ
1318 1410 1412 1464 καὶ
1441 1412 1505 1479 τί¹Ι
1542 1408 1698 1480 ἄλλον
1741 1408 1837 1460 καὶ

254 1496 370 1555 τοῖς
402 1494 523 1548 δυσὶ
556 1497 788 1564 τούτοις,
819 1504 948 1571 περὶ
995 1494 1071 1555 ὧν
1102 1503 1129 1554 6
1172 1503 1399 1570 Μάρκος
1432 1500 1739 1568 ἱστόρησεν.
1776 1498 1837 1549 '0

260 1586 363 1652 μὲν
393 1587 486 1641 οὖν
521 1591 750 1662 Μάρκος
776 1596 864 1645 τὸν
895 1595 1130 1665 ῥηθέντα
1160 1592 1470 1661 ὀνειδισμὸν
1501 1590 1833 1660 ἀνέγραψεν·

1941 580 2083 634 enim
2120 590 2174 635 et
2206 581 2446 636 Joaunes
2482 598 2493 633 :
2526 582 2659 635 Cum
2688 597 2863 633 serum
2889 590 3025 635 esset
3047 582 3131 635 die
3157 580 3269 646 illo,
3295 583 3385 651 qui
3416 592 3528 635 erat

1942 688 2076 726 unus
2102 671 2476 735 Sabbatorum,
2529 683 2577 726 et
2608 674 2744 743 {om
2778 681 2948 726 essent
2969 671 3183 734 clausae,
3233 673 3321 726 ubi
3376 682 3528 727 erant

1941 765 2189 833 discipuli
2221 766 2527 835 congregati
2566 774 2781 831 propter
2814 773 3013 817 metum
3038 762 3378 823 Judwarum.
3437 780 3527 816 ve.

1943 855 2017 906 uit
2039 853 2215 917 Jews,
2260 856 2405 907 stetit
2439 855 2494 907 in
2527 854 2716 916 medio,
2747 862 2798 906 et
2847 854 2923 905 ait
2950 852 3078 916 illis,
3132 852 3253 906 Pati:
3283 851 3427 906 vobis
3450 851 3523 915 ",

1942 956 2047 999 etc.
2083 945 2238 1000 Tune
2276 948 2421 999 enim
2466 945 2817 1015 exprobravit
2846 944 3282 999 increduﬁtatem
3313 959 3528 1005 eorum,

1941 1038 2233 1107 cordisque
2266 1037 2545 1102 duritiem,
2577 1036 2691 1091 sive
2724 1036 3314 1106 impersuasibilitatem
3355 1052 3365 1086 :
3402 1034 3529 1103 quia

1944 1129 2032 1183 his
2059 1129 2150 1199 qui
2205 1130 2453 1184 viderant
2491 1144 2641 1189 eum.
2673 1138 2961 1197 postquam
2996 1134 3392 1187 resurrexerat,
3420 1140 3531 1178 nou

1944 1222 2316 1286 credideram,
2342 1232 2469 1290 puta
2499 1222 2827 1292 Magdalenac
2850 1230 2908 1275 et
2938 1220 3093 1275 alteri
3126 1219 3328 1285 Mariae,
3356 1235 3419 1275 ac
3446 1220 3530 1273 his

1943 1314 2160 1369 duobus
2189 1313 2258 1368 de
2288 1312 2486 1383 quibus
2546 1313 2766 1383 scripsit
2803 1311 3040 1378 Marcus,
3084 1312 3269 1381 Itaque
3322 1310 3533 1364 Marcus

1943 1406 2143 1460 dictam
2182 1404 2669 1474 exprobrationem
2705 1404 2943 1474 scripsit.
2983 1403 3157 1457 Lucas
3196 1416 3326 1455 vero
3358 1410 3415 1456 et
3437 1398 3534 1454 lo-

1943 1511 2117 1551 auues
2150 1498 2249 1551 hac
2302 1497 2685 1566 pratermissa.
2731 1495 2959 1551 aliarum
2999 1510 3179 1549 rerum
3233 1508 3355 1564 quae
3406 1501 3534 1547 tune

1944 1588 2103 1644 factae
2126 1599 2274 1649 sunt,
2314 1591 2700 1644 meminerunt.

250 1680 281 1729 ὁ
304 1678 360 1730 δὲ
390 1681 607 1746 Λουκᾶς
640 1685 735 1738 καὶ
778 1686 806 1737 6
836 1686 1119 1755 Ἰωάννης,
1164 1684 1356 1737 τοῦτον
1396 1682 1876 1753 παραδραμόντες,
1913 1680 2117 1747 ἐτέρων
2167 1681 2511 1749 πραγμάτων
2577 1680 2997 1750 ἐμνημόνευσαν
3032 1678 3339 1750 τηνικαῦτα
3371 1691 3533 1743 γεγε-

252 1790 319 1841 νη
330 1773 533 1842 μένων.

328 1871 434 1923 Kal
466 1868 637 1925 εἶπεν
694 1905 764 1916 —-
794 1876 1010 1929 κτίσει.
1061 1876 1216 1945 Πάσῃ
1251 1878 1314 1943 τῇ
1362 1873 1679 1944 οἰκουμένῃ’
1717 1866 1839 1924 εἶπε

2020 1862 2177 1917 Vers.
2213 1862 2299 1916 15.
2334 1862 2402 1916 Et
2440 1862 2574 1915 dixit
2599 1891 2669 1901 —
2697 1872 2976 1918 creatum.
3028 1860 3143 1917 lloc
3204 1872 3286 1918 est
3316 1864 3368 1917 in
3417 1866 3531 1920 uni-

251 1962 311 2014 δὲ
363 1964 548 2027 αὐτοῖς
583 1966 677 2019 τὸν
717 1966 876 2034 λόγον
916 1967 1104 2020 τοῦτον
1142 1969 1201 2020 οὐ
1260 1968 1381 2019 τότε
1436 1967 1678 2027 πάντως.
1723 1964 1840 2017 ἀλλ’

257 2054 508 2126 ὕστερον,
539 2058 627 2110 ὅτε
664 2060 1046 2129 ἐπορεύθησαν
1081 2062 1159 2121 εἰς
1185 2060 1282 2128 τὴν
1322 2061 1636 2119 Γαλιλαίαν,
1670 2059 1749 2117 εἰς
1782 2056 1844 2108 τὸ

259 2145 409 2213 ὅρος,
444 2141 505 2201 οὗ
544 2148 773 2213 ἐτάξατο
792 2150 975 2213 αὐτοῖς
998 2152 1025 2202 6
1053 2150 1284 2217 Ἰησοῦς,
1314 2152 1385 2213 ὡς
1414 2152 1505 2203 ἐπὶ
1532 2149 1626 2203 τοῦ
1654 2150 1842 2212 τέλους

258 2239 355 2292 τοῦ
386 2244 526 2294 κατὰ
553 2243 835 2297 Ματθαίον
871 2244 1208 2313 Ενιαγγελίου
1242 2245 1577 2313 γέγραπται.

332 2405 413 2459 Τὰ
441 2406 486 2459 δ’
510 2408 711 2478 ἐφεξῆς
762 2412 788 2463 6
820 2408 918 2478 μὲν
944 2410 1221 2472 Ματθαϊος
1245 2410 1537 2479 παρέλιπε,
1560 2409 1846 2480 συντεμὼν

262 2502 362 2569 τὴν
398 2504 525 2571 περὶ
552 2504 756 2557 τούτων
776 2504 1029 2575 διήγησιν
1064 2522 1077 2537 ο
1104 2507 1131 2559 6
1159 2506 1215 2559 δὲ
1259 2505 1484 2578 Μάρκος
1518 2505 1843 2577 ἀπήγγειλε,

266 2594 541 2657 πλατύνας
573 2598 665 2649 τὸν
694 2598 819 2667 περὶ
850 2598 1058 2651 τούτων
1096 2598 1275 2665 λόγον.

346 2684 409 2736 ’0
443 2686 778 2751 πιστεύσας
810 2715 878 2726 ——
919 2688 1441 2756 κατακριθήσεται.
1496 2686 1558 2739 '0
1592 2685 1843 2739 πιστεύ-

264 2786 386 2839 σας
428 2776 524 2826 καὶ
558 2776 921 2843 βαπτισθεὶς
958 2777 1335 2845 σωθήσεται,
1373 2777 1487 2843 εἴγε
1521 2776 1620 2845 τὴν
1664 2777 1845 2829 πίστιν

266 2864 360 2916 καὶ
391 2865 453 2919 τὸ
493 2865 772 2937 βάπτισμα
807 2870 1025 2938 καθαρὰ
1054 2872 1147 2922 καὶ
1179 2869 1384 2925 ἄσπιλα
1419 2869 1780 2939 συντηρήσει,
1812 2869 1845 2940 ἢ

268 2958 365 3009 καὶ
406 2958 547 3027 μετὰ
570 2958 629 3011 τὸ
656 2960 926 3013 σπιλῶσαι
963 2960 1273 3029 καθαρίσει.

332 3143 553 3197 Νοεϊται
592 3156 649 3198 os
682 3146 776 3199 καὶ
811 3147 1013 3217 ἑτέρως
1046 3150 1073 3201 6
1106 3147 1281 3217 λόγος,
1322 3148 1402 3201 ὅτι
1430 3148 1493 3202 '0
1515 3148 1850 3215 πιστεύσας

1945 1971 2165 2012 versum
2201 1954 2411 2009 orbem.
2458 1952 2602 2008 Dixit
2629 1963 2812 2007 autem
2862 1953 2968 2008 illis
3027 1953 3173 2008 hunc
3203 1970 3534 2018 sermonem,

1945 2065 2054 2104 non
2095 2056 2224 2102 tunc
2257 2063 2407 2109 sane,
2447 2046 2541 2101 sed
2575 2044 2949 2114 postmodum,
2982 2061 3106 2100 cum
3138 2046 3368 2116 proiecti
3413 2060 3534 2103 sunt

1949 2141 2002 2195 iu
2038 2139 2314 2195 Galilaeam
2347 2139 2399 2193 in
2435 2148 2699 2202 montem,
2742 2137 2797 2191 in
2844 2154 2954 2208 quo
3001 2140 3286 2194 constituit
3324 2140 3427 2195 illis
3450 2141 3537 2195 Je-

1945 2250 2058 2296 sus,
2078 2230 2243 2286 veluti
2260 2233 2404 2286 circa
2423 2230 2581 2284 linem
2604 2229 2875 2299 Evangelii
2900 2228 3104 2284 secuiid
3115 2245 3203 2284 um
3224 2229 3536 2285 Matthmum

1949 2326 2215 2393 scriptum
2247 2333 2331 2377 est
2359 2322 2425 2375 ⁸⁸.

2021 2415 2155 2481 Qua:
2207 2429 2340 2469 vero
2381 2421 2687 2480 sequuntur
2716 2410 3003 2466 Matthaeus
3042 2412 3263 2481 quidem
3301 2412 3535 2483 reliquit,

1948 2507 2145 2561 horum
2182 2509 2498 2561 narratione
2530 2504 2872 2559 abbreviata.
2920 2504 3140 2560 Marcus
3170 2521 3300 2561 vero
3323 2506 3535 2572 retulit,

1948 2600 2174 2656 dilatato
2207 2600 2272 2653 tle
2307 2598 2392 2652 liis
2416 2612 2692 2652 sermone.

2021 2691 2177 2747 Vera.
2209 2691 2297 2747 16.
2327 2689 2430 2755 Qui
2471 2690 2748 2754 crediderit
2786 2718 2856 2730 —
2891 2692 3343 2745 ltetidemnubitur.
3370 2690 3541 2757 ——Qul

1948 2784 2231 2839 crediderit
2269 2793 2318 2837 et
2379 2782 2682 2852 baptizatus
2738 2783 2916 2851 fuerit,
2969 2785 3150 2837 salvus
3187 2785 3306 2847 erit,
3383 2786 3543 2839 mode

1949 2877 2110 2931 ﬁdem
2162 2889 2226 2929 ac
2258 2875 2587 2943 baptismum
2630 2874 2907 2942 impolluta
2959 2876 3392 2939 conservaverit,
3448 2890 3542 2932 aut

1949 2977 2076 3039 post
2123 2976 2439 3022 contractas
2469 2966 2663 3020 sordes
2706 2965 3091 3020 emundaverit
3120 2981 3185 3020 ac
3218 2968 3543 3036 puriﬁcave—

1951 3060 2043 3114 rit.

2029 3149 2350 3221 lntelligitur
2374 3159 2557 3204 autem
2613 3147 2969 3202 verbumhoc
3006 3156 3055 3202 et
3090 3148 3194 3203 alio
3225 3149 3407 3211 modo,
3438 3147 3541 3214 Qui

266 3236 368 3289 καὶ
386 3238 751 3305 βαπτισθεὶς
767 3208 1129 3306 σωθιὶσεται,
1154 3208 1358 3309 εἴγεντὰ
1384 3242 1481 3310 τῆς
1502 3241 1738 3303 πίστεως
1759 3208 1842 3294 xui

1958 3244 2232 3299 crediderit
2256 3252 2302 3297 et
2334 3243 2635 3312 baptizatus
2670 3242 2850 3311 fuerit,
2881 3242 3058 3296 salvus
3083 3242 3203 3304 erit,
3242 3241 3287 3296 si
3322 3258 3385 3296 ea
3418 3258 3540 3311 qua

265 3331 336 3382 τὰ
378 3330 473 3384 τοῦ
514 3332 890 3403 βαπτίσματος
930 3334 1272 3398 ἐπιδείξεται.
1325 3333 1511 3386 Ταῦτα
1546 3335 1602 3388 δέ
1640 3335 1779 3386 εἰσιν
1818 3335 1842 3401 ἦ

1960 3336 2084 3390 ﬁdei
2136 3346 2267 3390 sunt
2304 3351 2402 3405 per
2436 3335 2765 3405 baptismum
2796 3344 3085 3402 susceptae,
3123 3335 3541 3390 demonstrave-

263 3422 500 3489 ἐργασία
545 3424 656 3475 τῶν
696 3425 925 3478 ἐντολῶν
982 3425 1075 3477 τοῦ
1131 3426 1372 3497 Χριστοῦ
1408 3427 1504 3480 καὶ
1560 3427 1593 3496 ἡ
1635 3425 1842 3493 φυλακῦ

1959 3427 2061 3488 rit;
2092 3426 2183 3480 illa
2216 3441 2343 3480 vero
2371 3433 2503 3479 sunt
2530 3424 2776 3492 Operatio
2808 3425 3188 3478 mandatorum
3224 3424 3344 3491 Dei,
3374 3441 3436 3481 ac
3457 3426 3539 3481 sui

264 3515 484 3568 ἑαυτοῦ.

336 3606 451 3656 Οὐκ
497 3600 619 3658 εἷπε
678 3607 734 3660 δὲ
795 3607 878 3661 ὅτι
924 3608 984 3661 Ὀ
1013 3608 1313 3670 πιστεύσας
1372 3608 1553 3678 μόνον,
1600 3608 1719 3661 οὐδὲ
1774 3607 1858 3660 ὅτι

279 3698 339 3754 ’0
366 3698 684 3768 βαπτισθεὶς
742 3701 939 3770 μόνον*
1012 3702 1126 3754 ἀλλτ
1182 3700 1470 3771 ἀμφότερα
1542 3699 1855 3765 συνέζευξεο

266 3791 494 3862 οὰτερον
552 3793 659 3862 γὰρ
722 3793 952 3862 θατέρου
1037 3793 1203 3864 χωρὶς
1262 3794 1322 3845 οὐ
1389 3791 1551 3856 σώζει
1615 3791 1704 3844 τὸν
1758 3790 1853 3844 ἄν·

268 3886 294 3935 0
305 3902 514 3955 ρωπον.

337 3978 560 4045 Σημεῖα
600 4010 669 4018 -
714 3978 1269 4048 παρακολουθήσει.
1319 3978 1443 4040 Τοῖς
1497 3976 1854 4031 πιστεύσασιν

1959 3517 2130 3587 ipsius
2158 3519 2431 3572 custodia.

2028 3611 2144 3665 Non
2180 3611 2320 3664 dixit
2349 3620 2530 3665 autem
2556 3627 2569 3664 :
2594 3611 2695 3676 Qui
2725 3612 2899 3667 solum
2948 3609 3275 3676 crediderit;
3314 3626 3492 3680 neque
3525 3632 3537 3667 :

1957 3705 2059 3770 Qui
2096 3705 2403 3773 baptizatus
2437 3704 2622 3763 fuerit.
2663 3714 2897 3769 tantum,
2931 3704 3024 3758 sed
3059 3713 3351 3771 utrumque
3407 3720 3542 3758 co..-

1952 3792 2135 3858 junxit
2174 3810 2186 3846 :
2226 3794 2459 3847 alterum
2500 3795 2646 3846 enim
2679 3793 2798 3847 sine
2824 3792 2997 3846 altero
3028 3807 3138 3845 non
3180 3791 3388 3845 salvum
3416 3791 3541 3847 facit

1958 3882 2258 3938 hominem.

2030 3976 2186 4032 Vers.
2228 3978 2312 4031 ΓΙ.
2351 3976 2514 4047 Signa
2542 3988 3022 4047 —prosequentur.
3055 3977 3160 4032 Eos
3176 3977 3267 4046 qui
3297 3976 3545 4030 credide-

266 4072 363 4141 οὐχ
412 4071 618 4135 ἁπλῶς,
673 4072 789 4126 ἀλλ’
841 4073 914 4133 ὡς
972 4072 1300 4142 εἰρήκαμεν.
1359 4067 1494 4123 Εἶτα
1546 4071 1696 4139 λέγει
1758 4072 1842 4123 καλ

1958 4072 2109 4125 rint:
2149 4063 2260 4125 non
2320 4072 2665 4141 simpliciter,
2701 4074 2795 4125 sed
2852 4072 2994 4125 sicut
3037 4070 3295 4124 diximus.
3335 4069 3541 4123 Deinde

267 4167 336 4216 τὰ
370 4168 591 4233 σημεῖα,
628 4166 770 4233 ἦτοι,
807 4164 1086 4232 Θαύματα.

354 4255 458 4307 Ἐν
490 4254 571 4320 τῷ
608 4254 856 4323 ὀνόματί
893 4270 1013 4322 μου
1046 4281 1116 4291 ——
1150 4250 1407 4317 καιναῖς.
1447 4251 1726 4316 Γλώσσαις
1762 4252 1852 4318 ξέ-

269 4363 412 4411 ναις,
449 4348 752 4407 διαλέκτοις
777 4347 1139 4400 ἀλλοεθνέσιν.

346 4440 552 4507 Ὀφεις
617 4439 856 4506 ἀδιόῦσι.
940 4437 1358 4504 ’Λφανίσουσινζ
1431 4437 1750 4500 ἀνελοῦσιν,
1817 4436 1851 4507 ἦ

268 4532 364 4584 καὶ
397 4530 622 4597 ἀροῦσιν
659 4534 716 4581 ἐν
749 4530 862 4601 (86)
893 4530 1038 4599 χειρὶ
1069 4528 1391 4591 ἀκινδύνως.

342 4622 469 4677 Κᾶν
511 4652 578 4663 -
600 4622 842 4692 βλάψῃ.
878 4622 1055 4678 Πολλὰ
1084 4621 1307 4675 τοιαῦτα
1340 4620 1557 4684 πολλοῖς
1605 4637 1853 4690 παρηκο-

1957 4164 2115 4233 ponit
2142 4174 2198 4219 et
2236 4166 2411 4232 signa,
2442 4164 2555 4217 sive
2581 4162 2863 4216 miracula.

2029 4256 2183 4311 Vers.
2222 4258 2304 4310 t7.
2344 4257 2449 4311 Per
2480 4274 2665 4309 nomen
2702 4272 2873 4309 meum
2901 4285 2967 4298 -——
2997 4260 3160 4310 novis.
3189 4255 3411 4325 Linguis
3446 4272 3541 4326 pe-

1958 4348 2192 4419 regrinis
2225 4365 2237 4401 :
2278 4348 2552 4401 idiomatis
2588 4348 2817 4402 aliarum
2852 4350 3094 4419 gentium

2030 4441 2183 4496 Vers.
2216 4441 2303 4493 l8.
2340 4440 2619 4508 Serpentes
2672 4441 2873 4494 tollent.
2938 4441 3223 4505 Delehuut,
3272 4440 3540 4501 occident,

1889 4565 1929 4618 ο
1961 4541 2053 4586 aut
2082 4532 2243 4585 etiam
2278 4532 2330 4585 in
2368 4533 2620 4584 manibus
2645 4532 2848 4601 absque
2879 4532 3118 4602 periculo
3150 4532 3434 4585 tenebunt.

2035 4624 2189 4677 Vers.
2223 4623 2309 4677 18.
2345 4622 2415 4675 Et
2466 4624 2600 4677 si—
2640 4625 2861 4677 nocebit.
2931 4622 3096 4677 Multa
3132 4623 3255 4678 talia
3295 4624 3544 4693 plurimis

270 4713 539 4785 λούθησαν
564 4713 762 4780 ἁγίοις,
792 4714 882 4766 καὶ
904 4713 991 4765 ἀεὶ
1014 4710 1484 4781 παρακολουθοῦσι
1512 4712 1623 4772 τοίς
1643 4712 1842 4772 πιστοῖς

1958 4716 2306 4785 contigerunt
2323 4717 2547 4779 sanctis,
2583 4730 2905 4786 semperque
2921 4716 3245 4787 contingunt
3270 4715 3540 4779 ﬁdelibus,

274 4806 400 4874 μὲν,
448 4807 709 4873 ἐργάταις
766 4804 821 4857 δέ
877 4802 1110 4855 καὶτῶν
1166 4802 1541 4869 εύαγγελικῶν
1600 4800 1848 4852 ἐντολῶν.

272 4901 464 4962 Iliaci;
495 4900 602 4968 γὰρ
636 4898 801 4968 χωρὶς
859 4897 1038 4969 ἔργων
1093 4896 1263 4965 νεκρά
1312 4894 1426 4947 ἐστι
1467 4894 1606 4947 κατά
1636 4894 1726 4946 τὸν
1759 4894 1856 4963 μέο

271 5009 372 5058 γαν
398 4992 510 5061 (87)
547 4991 776 5044 Παῦλον.

359 5084 486 5137 Ἐπὶ
522 5116 585 5126 -
625 5083 860 5144 ἕξουσι.
900 5081 997 5132 Διὰ
1031 5080 1138 5131 τῶν
1172 5079 1447 5150 ῥηθέντων
1482 5078 1727 5147 σημείων
1761 5080 1854 5131 καὶ

273 5182 342 5232 τὰ
384 5176 875 5249 παραλελειμμένα
909 5174 1190 5243 ἐνέφηνεν.
1221 5168 1355 5224 Eine
1385 5172 1494 5241 γὰρ
1527 5172 1623 5225 καὶ
1653 5172 1856 5241 προλα·

273 5271 383 5325 δὼν
419 5272 500 5324 ὅτι
528 5270 705 5323 πάντα
752 5267 953 5321 δυνατὰ
982 5264 1057 5335 τῷ
1091 5264 1421 5318 πιστεύοντι.

388 5503 433 5535 ⁸³
462 5502 646 5556 Matth.
686 5518 773 5566 sx,
811 5503 899 5556 l9.
1013 5501 1059 5532 ⁸⁸
1086 5498 1280 5554 Matth.
1314 5512 1502 5560 xxvm,
1572 5496 1660 5550 16.

1772 5496 1817 5525 ⁸⁷
1853 5494 1969 5547 Jac.
2002 5511 2060 5559 ιι,
2081 5494 2172 5549 20.

1956 4812 2048 4880 qui
2080 4808 2331 4863 videlicet
2376 4818 2705 4863 exercentur
2752 4808 2808 4862 in
2849 4809 3177 4879 evangelicis
3206 4810 3492 4879 praeceptis

1959 4916 2081 4954 nam
2120 4899 2253 4953 fides
2286 4900 2406 4951 sine
2439 4899 2699 4967 operibus
2738 4908 2951 4953 mortua
2977 4908 3060 4953 est
3088 4900 3243 4969 juxta
3287 4913 3543 4970 magnum

1958 4994 2107 5047 illum
2138 4991 2399 5046 Jacobum
2418 4991 2483 5047 ⁸⁷.

2032 5085 2187 5139 Vers.
2247 5084 2335 5137 18.
2394 5082 2965 5152 Super—habebunt.
3025 5083 3132 5136 Per
3172 5080 3314 5136 dicta
3366 5080 3542 5149 signa,

1963 5175 2127 5229 etiam
2162 5191 2224 5229 ea
2250 5173 2431 5228 innuit
2475 5189 2593 5244 quae
2622 5175 2983 5244 prietermissa
3016 5182 3163 5227 sunt.
3229 5170 3371 5226 Dixit
3395 5171 3542 5225 enim

1966 5268 2020 5321 in
2046 5268 2499 5338 praecedentibus,
2529 5268 2675 5336 quod
2713 5266 2896 5321 omnia
2948 5266 3233 5336 pos<ibilia
3263 5274 3391 5320 sunt
3421 5276 3544 5318 cre-

1963 5362 2112 5418 denti
2133 5361 2199 5415 ⁸⁸.

2283 5495 2328 5526 ⁸⁸
2361 5494 2523 5548 Marc.
2557 5510 2630 5555 ix,
2666 5492 2756 5547 ‘25.

1450 5649 1649 5711 Varia)
1676 5650 1987 5714 lectiones
2034 5656 2091 5710 et
2130 5657 2318 5711 notm.

358 5827 469 5900 (86)
505 5829 709 5900 Χερσίν
736 5829 901 5885 habet
932 5826 1235 5883 lleuteuius
1270 5825 1323 5880 in
1352 5823 1824 5895 interpretatione.

2047 5822 2156 5891 (87)
2189 5825 2301 5878 luto
2340 5824 2617 5887 Ἰάκωϐον,
2651 5832 2710 5876 ιιι
2735 5821 3033 5877 lleuteuius
3070 5820 3254 5877 habet.
