4032 6506
519 404 627 465 859

1763 400 2151 463 EUTHYMII
2191 396 2555 460 ZIGABENI

3679 392 3781 455 860

594 523 749 577 Vers.
781 524 837 579 2.
869 522 1019 578 Sicut
1047 551 1115 563 --
1141 522 1305 576 verbi.
1338 522 1377 574 Α
1411 520 1684 592 principio
1710 521 2102 575 miraculorum

2280 516 2489 583 Καθὼς
2522 547 2588 557 -
2622 508 2829 579 λόγου.
2873 514 2993 565 Ἀπ’
3025 514 3201 583 ἀρχῆς
3228 511 3337 566 τῶν
3369 512 3662 581 θαυμάτων
3686 518 3777 564 καὶ

514 622 566 665 et
601 613 940 684 dogmalum.
983 610 1096 665 Hoc
1132 619 1319 665 autem
1355 612 1606 666 scribens
1655 608 1922 673 ostendit,
1955 608 2103 677 quod

516 704 637 773 ipse
690 706 794 760 illis
842 704 1120 773 posterior
1154 704 1221 759 ad
1256 704 1433 773 ipsum
1470 704 1792 757 accessisset
1823 717 1836 754 :
1873 701 2104 769 ideoque

518 798 637 853 haec
663 798 733 853 ab
773 797 881 853 illis
906 796 1195 863 didicerat,
1222 798 1313 868 qui
1347 813 1567 865 semper
1594 812 1717 849 cum
1749 795 1965 849 Christo
1994 799 2105 849 fue-

516 900 659 955 rant,
690 906 751 945 ac
786 890 997 959 singula
1033 889 1283 944 viderant
1314 899 1365 945 et
1394 890 1689 943 audierant
1716 906 1728 952 ;
1762 888 1895 941 dicit
1922 896 2102 940 autem

516 996 613 1034 eos
650 966 971 1049 discipulos.
1011 981 1101 1049 qui
1137 996 1167 1035 e
1195 980 1535 1036 duodenario
1574 980 1797 1034 luerunt
1846 994 2100 1033 numero.

520 1068 755 1124 Verbum
790 1086 920 1125 vero
954 1072 1209 1141 intelligit
1260 1071 1350 1127 hic
1387 1070 1697 1133 Christum,
1751 1072 1842 1140 qui
1896 1069 1965 1125 ab
2018 1071 2105 1125 bis

515 1175 611 1229 per
638 1159 1075 1216 incarnationem
1107 1177 1170 1215 ac
1198 1162 1589 1216 humanitatem
1638 1162 1791 1216 visus
1814 1172 1915 1216 est.
1948 1162 2107 1217 Mini-

517 1262 662 1306 stros
687 1268 906 1322 quoque
939 1255 1039 1308 hos
1071 1253 1401 1320 nominavit,
1423 1264 1611 1324 utpote
1640 1254 1921 1310 auditores
1949 1264 2004 1310 et
2038 1256 2105 1311 ad

517 1342 641 1396 ﬁdei
679 1346 1123 1414 praedicationem
1156 1348 1412 1406 emissos.

592 1433 740 1490 Vers.
776 1438 827 1491 5.
880 1438 1059 1495 Visum
1097 1451 1173 1496 est
1206 1471 1277 1483 ——
1306 1438 1607 1509 Theophila.
1660 1437 1954 1493 Assecutio
2001 1438 2107 1494 hoc

515 1524 634 1581 loco
664 1544 761 1597 pro
796 1533 1107 1601 cognitione
1138 1533 1407 1591 sumenda
1440 1542 1545 1587 est.
1580 1533 1793 1586 Cuncta
1850 1532 2109 1588 videlicet

514 1632 680 1684 opera
712 1618 1013 1677 Salvatoris
1042 1639 1105 1678 ac
1151 1638 1463 1679 sermones.
1513 1622 1655 1677 Dicit
1695 1638 1869 1692 ergo:
1928 1622 2107 1677 Visum

514 1717 591 1760 est
632 1719 679 1761 et
727 1712 876 1771 mihi.
914 1714 1020 1768 hoc
1053 1724 1160 1778 est,
1214 1714 1457 1784 [Equum
1509 1715 1764 1784 apparuit
1818 1716 1976 1778 mihi,
2013 1716 2106 1783 qui

514 1808 711 1854 cuncta
746 1818 776 1855 a
827 1804 1098 1875 principio
1146 1814 1399 1861 accurate
1448 1806 1704 1876 cognovi,
1754 1805 1949 1859 ordine
2006 1806 2105 1861 tibi

513 1886 774 1949 scribere.
808 1895 1013 1950 Deinde
1044 1898 1213 1951 etiam
1238 1896 1513 1952 scribendi
1565 1912 1790 1951 causam
1823 1897 1997 1952 addit.

582 2071 623 2143 -ι-
652 2070 748 2128 Hic
777 2077 1035 2131 senatorii
1079 2088 1199 2133 erat
1234 2078 1468 2146 ordinis,
1508 2089 1563 2136 et
1612 2079 1861 2136 fortassis
1912 2082 2111 2152 praefe-

514 2174 661 2220 ctus.
702 2166 926 2223 Strenui
954 2172 1100 2225 enim
1132 2186 1333 2227 nomen
1364 2171 1432 2227 ad
1472 2173 1735 2243 praesides
1757 2188 1821 2228 ac
1848 2175 2113 2244 primates

512 2258 796 2315 dicebatur
822 2263 1000 2317 :sicut
1023 2274 1077 2319 et
1105 2264 1307 2319 Paulus
1332 2266 1409 2319 ait
1434 2265 1498 2319 ad
1528 2265 1812 2334 praesidem
1842 2267 2064 2321 Festum
2091 2286 2107 2323 :

512 2350 734 2405 Strenue
756 2349 906 2407 Feste
935 2353 973 2407 ί.
1000 2353 1195 2409 Omnis
1218 2356 1384 2409 etiam
1407 2357 1591 2417 homo,
1615 2356 1708 2425 qui
1743 2354 1913 2410 Deum
1938 2367 2107 2422 amat,

511 2452 729 2512 sumpta
765 2445 1030 2501 adversus
1064 2446 1389 2502 aﬂectiones
1424 2446 1888 2512 lortitudine,dici
1922 2456 2110 2516 potest

512 2543 772 2589 strenuus
817 2536 1159 2607 Theophilus
1237 2555 1302 2595 ac
1353 2540 1576 2611 dignus,
1635 2538 1729 2608 qui
1792 2538 2103 2594 doctrinam

512 2624 699 2680 audiat
726 2630 1124 2696 evangelicam.

583 2715 742 2773 Vers.
780 2721 832 2775 4.
864 2722 923 2778 Ut
948 2752 1017 2763 -—
1045 2725 1438 2781 certitudinem.
1472 2725 1545 2781 Ut
1574 2740 1905 2794 agnoscens,
1942 2724 2111 2782 vehe-

511 2811 750 2866 mentius
803 2828 1120 2871 sermonum
1159 2817 1283 2871 lidei
1322 2817 1659 2874 certitudine
1692 2818 1927 2888 rapiaris
1961 2818 2106 2889 (bb);

512 2900 583 2956 de
612 2901 815 2968 quibus
850 2903 1093 2962 imbutus
1121 2906 1330 2971 fueras.
1368 2908 1509 2973 sive,
1549 2909 1617 2965 de
1647 2909 1851 2980 quibus
1873 2909 2107 2965 edoctus

512 3009 594 3053 es.
639 3010 705 3048 ne
740 3004 793 3050 te
838 2996 990 3052 fallat
1019 3002 1285 3065 narratio,
1332 3017 1495 3072 quam
1540 3003 1699 3058 multi
1747 3010 2103 3059 tentaverunt

512 3088 781 3149 retexere,
827 3086 987 3142 sicuti
1022 3091 1276 3160 superius
1313 3091 1659 3148 declaratum
1692 3101 1799 3148 est.

584 3172 739 3229 Vere.
764 3177 815 3231 5.
848 3177 973 3232 Fuit
999 3209 1069 3219 —
1092 3179 1409 3239 Zacharias.
1435 3184 1653 3241 Patrem
1671 3184 1803 3242 dicit
1824 3186 2105 3257 Baptistae.

2210 608 2318 662 τῶν
2344 607 2652 675 δογμάτων.
2688 605 2861 660 Τοῦτο
2888 606 2945 659 δὲ
2978 606 3214 676 γράψας,
3242 604 3443 671 ἔδειξεν
3497 606 3580 657 ὅτι
3614 602 3776 666 ast-bc

2214 702 2442 770 ὕστερος
2474 701 2700 754 ἐκείνων
2748 700 3040 769 ἐφοίτησεν
3069 700 3216 769 αύτῷ
3238 716 3251 729 °
3280 700 3358 753 διὸ
3397 703 3489 754 καὶ
3524 700 3654 767 παρ’
3679 701 3781 751 αὖ-

2208 794 2319 847 τῶν
2357 794 2527 865 ἔμαθε
2557 793 2756 855 ταῦτα,
2779 792 2867 845 διά
2899 793 3103 855 παντὸς
3126 793 3399 847 συνόντων
3430 795 3506 863 τῷ
3535 794 3773 862 Χριστῷ,

2210 887 2308 939 καὶ
2356 889 2606 954 ὁρώντων
2637 886 2731 938 καὶ
2758 885 3065 938 ἀκουόντων
3106 885 3331 939 ἕκαστα·
3370 887 3513 955 λέγει
3547 886 3603 938 δὲ
3648 888 3783 944 τοὺς

2210 977 2310 1044 τῆς
2345 976 2648 1038 δωδεκάδος
2697 975 2807 1028 τῶν
2864 975 3145 1045 μαθητῶν.
3179 977 3353 1044 Λόγον
3384 978 3440 1029 δὲ
3482 979 3573 1028 τὸν
3639 978 3781 1044 Χρι-

2212 1068 2335 1120 στὸν
2364 1068 2602 1122 ἐνταῦθά
2631 1068 3105 1136 φησιν,δραθὲντα
3130 1067 3339 1130 τούτοις
3386 1068 3467 1119 διὰ
3493 1067 3591 1136 τῆς
3616 1070 3777 1120 ἔναν-

2217 1160 2559 1230 θρωπήσεως
2594 1179 2610 1194 ο
2653 1160 2936 1231 ὑπηρέτας
2966 1160 3023 1213 δὲ
3071 1161 3294 1224 τούτους
3346 1158 3650 1228 ὠνόμασεν,
3706 1160 3785 1218 ὡς

2212 1253 2512 1321 ὑπηκόους,
2558 1255 2653 1306 καὶ
2706 1252 2783 1314 ὡς
2830 1252 3241 1316 ἀποσταλέντας
3295 1254 3374 1315 είς
3413 1252 3473 1305 τὸ
3510 1252 3781 1323 κήρυγμα

2210 1346 2308 1416 τῆς
2344 1348 2602 1411 πίστεως.

2284 1440 2499 1503 Ἔδοξε
2536 1470 2607 1479 -
2646 1442 2919 1508 Θεόφιλε.
2976 1436 3458 1511 Παρακολούθησιν
3490 1437 3589 1506 τῆν
3642 1438 3790 1505 γνῶ-

2212 1547 2297 1582 σιν
2357 1530 2699 1600 ὑποληπτέον
2734 1531 2827 1584 ἐπὶ
2854 1529 2944 1583 τοῦ
2986 1533 3247 1601 παρόντος
3302 1529 3488 1600 ῥητοῦ.
3522 1515 3679 1585 Πᾶἆι
3706 1530 3786 1593 δὲ,

2209 1626 2322 1684 τοῖς
2354 1622 2535 1692 ἔργοις
2561 1624 2656 1677 καὶ
2681 1623 2861 1691 λόγοις
2900 1622 3141 1692 δηλονότι
3167 1621 3257 1676 τοῦ
3288 1624 3566 1691 Σωτῆρος.
3603 1624 3784 1675 Ἀνω-

2210 1717 2316 1768 θεν
2356 1715 2434 1773 δὲ.
2481 1716 2604 1767 ἀντὶ
2648 1714 2764 1778 τοῦ,
2818 1716 2939 1768 Ἀπ’
2970 1716 3142 1785 ἀρχῆς
3191 1715 3392 1768 αὐτῶν.
3428 1714 3589 1781 Δέγει
3655 1712 3791 1779 γοῦν

2210 1808 2292 1860 ὅτι
2328 1806 2545 1872 Ἔδοξε
2574 1810 2772 1878 κάμοὶ,
2802 1810 3101 1873 τουτέστιν,
3132 1808 3363 1879 ἀρεστὸν
3390 1808 3585 1875 ἐφάνη,
3606 1807 3790 1873 γνόντι

2213 1903 2308 1957 ἀπ’
2343 1903 2518 1973 ἀρχῆς
2546 1904 2721 1956 πάντα
2764 1902 2899 1973 πρὸς
2933 1901 3244 1973 ἀκρίϐειαν,
3275 1900 3516 1968 καθεξῆς
3543 1916 3626 1952 σοι
3654 1900 3790 1967 γρά-

2212 1994 2332 2064 ψαι.
2369 1990 2501 2047 Εἶτα
2536 1994 2865 2065 προστίθησι
2903 1995 2999 2047 καὶ
3025 1995 3124 2063 τὴν
3151 1994 3336 2047 αἰτίαν
3375 1994 3474 2061 τῆς
3496 1991 3740 2063 γραφῆς.

2282 2078 2581 2155 Η-[Οὗτος
2625 2084 2701 2154 (6)
2742 2085 3106 2154 συγκλητικὸς
3157 2079 3225 2153 ἦν
3264 2082 3359 2138 καὶ
3409 2083 3594 2153 ἄρχων
3639 2082 3793 2144 ἴσως.

2214 2174 2259 2225 Τ
2260 2173 2287 2224 δ
2316 2173 2428 2243 γὰρ
2452 2173 2776 2242 κράτιστος
2817 2176 2911 2228 ἐπὶ
2934 2174 3044 2227 τῶν
3084 2174 3362 2245 ἀρχόντων
3388 2175 3481 2227 καὶ
3508 2175 3792 2243 ἡγεμόνων

2212 2269 2454 2336 ἐλέγετο.
2500 2270 2587 2331 Ὠς
2622 2271 2717 2321 καὶ
2769 2271 2796 2322 δ
2827 2269 3037 2331 name;
3085 2286 3218 2338 φησι
3249 2268 3386 2337 πρὸς
3423 2268 3519 2320 τὸν
3546 2266 3790 2336 ἡγεμόνα

2210 2361 2442 2429 Φῆστον,
2488 2360 2782 2428 Κράτιστε
2839 2360 3062 2430 Φῆστε.
3100 2361 3209 2413 Καὶ
3244 2363 3355 2423 πᾶς
3390 2360 3447 2412 δὲ
3506 2359 3792 2429 ἄνθρωπος

2213 2451 2495 2522 θεοφιλὴς,
2532 2454 2627 2505 καὶ
2653 2455 2855 2523 κράτος
2898 2454 3043 2507 κατὰ
3072 2453 3183 2507 τῶν
3224 2452 3415 2506 παθῶν
3451 2452 3791 2519 ἀναδεξάμε-

2210 2559 2323 2608 νος,
2362 2542 2624 2612 Θεόφιλός
2652 2546 2774 2597 ἐστι
2797 2546 3114 2615 κράτιστος,
3149 2544 3208 2608 ὃς
3250 2544 3343 2598 καὶ
3375 2544 3527 2608 ἄξιος
3554 2544 3633 2615 τῷ
3677 2544 3794 2599 ὄντι

2210 2632 2364 2686 εστὶν
2392 2633 2616 2688 ἀκούειν
2648 2634 2743 2688 τοῦ
2769 2634 3160 2707 Fidenatem]

2284 2725 2422 2781 'Ira
2453 2757 2523 2767 —
2556 2727 2926 2797 ἀσφάλειαν.
2987 2728 3106 2780 Ἵνα
3158 2726 3421 2795 ἐπιγνῷς,
3490 2726 3576 2780 ἵνα
3632 2727 3795 2782 πλέον

2211 2817 2496 2891 κατάσχῃς
2534 2818 2637 2880 τὴν
2678 2818 2986 2889 ἀσφάλειαν
3043 2819 3152 2872 τῶν
3180 2818 3355 2887 λόγων
3403 2818 3501 2890 τῆς
3533 2820 3793 2883 πίστεως,

2213 2909 2347 2981 περὶ
2396 2905 2474 2965 ὧν
2531 2910 2851 2983 κατηχήθης
2890 2953 2904 2977 ,
2954 2910 3126 2983 ηγουν
3182 2912 3313 2981 περὶ
3368 2904 3444 2963 ὧν
3490 2910 3794 2981 ἐδιδάχθης,

2209 3001 2352 3057 ὥστε
2386 3003 2463 3074 μὴ
2495 3003 2835 3074 σφάλλεσθαί
2862 3020 2923 3057 σε
2956 3006 3023 3075 τῇ
3057 3004 3333 3074 διηγήσει,
3358 3003 3426 3074 ὴν
3450 3003 3635 3056 πολλοὶ
3664 3005 3794 3054 ἑπε-

2210 3095 2482 3166 χείρησαν
2516 3094 2922 3162 ἀνατάξασθαι,
2958 3094 3144 3158 καθὼς
3175 3096 3435 3163 ἀνωτέρω
3472 3093 3790 3163 δεδήλωται.

2219 3200 2236 3217 ⁶
2297 3185 2572 3257 Ἐγένετο
2602 3188 3026 3258 -Ζαχαρίας.
3076 3188 3181 3241 Τδν
3242 3187 3454 3257 πατέρα
3497 3188 3648 3255 λέγει
3697 3186 3794 3241 τοῦ

514 3264 756 3322 Primum
790 3279 973 3325 autem
1000 3272 1326 3331 admiranda
1350 3279 1603 3347 exponit,
1639 3294 1759 3349 quae
1794 3280 1943 3337 circa
1963 3283 2105 3338 Prte-

2219 3282 2554 3338 Βαπτιστοῦ.
2605 3281 2999 3354 Προεκτιθεται
3028 3281 3086 3336 δὲ
3115 3282 3184 3335 τά
3229 3282 3369 3335 κατὰ
3399 3282 3497 3352 τὴν
3529 3282 3794 3351 σύλληψιν

516 3359 756 3417 cursoris
834 3373 1165 3435 conceptum
1246 3381 1311 3423 ac
1377 3370 1721 3426 nativitatem
1771 3372 2113 3443 acciderunt,

513 3450 920 3523 demonstrans,
955 3458 1101 3527 quod
1127 3460 1313 3515 statim
1340 3461 1409 3518 ab
1448 3464 1679 3519 exordio
1741 3464 1869 3520 vitae
1912 3465 2113 3538 dignus

515 3552 655 3610 erat,
673 3546 763 3611 qui
786 3545 1065 3604 Christum
1101 3553 1478 3623 annuntiaret,
1522 3556 1842 3628 populoque
1878 3557 2115 3614 demon-

514 3643 688 3691 strare
697 3646 735 3693 ι.

586 3726 725 3795 Quia
754 3746 883 3789 vero
917 3749 981 3790 ea
1013 3748 1345 3796 narraturus
1388 3750 1475 3797 est
1520 3757 1645 3813 qua
1689 3744 1836 3816 apud
1886 3744 2110 3804 Iudaeos

518 3821 869 3891 contigerunt
905 3865 921 3891 ,
958 3829 1156 3885 merito
1190 3846 1411 3903 quoque
1443 3835 1600 3905 ponit
1630 3851 1742 3905 pra:
1765 3837 1943 3894 oculis
1967 3847 2111 3895 tem-

517 3922 620 3979 pus
648 3910 877 3971 Herodis
903 3918 1067 3989 regis,
1100 3927 1159 3975 ut
1193 3930 1251 3976 et
1276 3931 1497 3994 tempus
1542 3924 1758 3980 illarum
1796 3942 1980 3984 rerum
2015 3929 2113 3985 llat

519 4002 886 4063 manifestum.
946 4008 1221 4068 Herodem
1267 4023 1452 4070 autem
1514 4016 1773 4090 intelligit
1820 4034 1972 4087 eum,
2010 4023 2108 4093 qui

521 4095 757 4153 infantes
790 4102 1007 4170 occidit,
1062 4115 1276 4177 patrem
1308 4108 1455 4167 illius
1501 4108 1757 4177 Herodis,
1811 4113 1907 4184 qui
1962 4116 2109 4172 Prm-

525 4205 807 4248 cursorem
851 4195 1150 4254 interemit.

596 4279 750 4338 Vers.
780 4283 834 4342 5.
864 4285 951 4341 Ea:
970 4290 1077 4344 vice
1099 4290 1256 4347 Abiu.
1298 4290 1485 4349 Vicem
1521 4297 1872 4367 appellabant
1897 4297 2109 4356 hebdo-

520 4373 827 4431 madarium
869 4381 1255 4439 ministerium.
1292 4383 1449 4441 Tun‘c
1487 4386 1758 4456 siquidem
1798 4389 1910 4445 duo
1952 4399 2111 4446 erant

519 4467 707 4536 templi
761 4473 1076 4530 sacerdotes
1123 4476 1233 4533 sibi
1274 4489 1470 4534 mutuo
1517 4480 1910 4538 succedentes.
1967 4482 2105 4538 Abia

2219 3374 2316 3427 καὶ
2341 3374 2602 3444 γέννησιν
2630 3373 2728 3427 τοῦ
2777 3372 3108 3446 Προδρόμου
3169 3370 3468 3443 παράδοξα,
3506 3374 3789 3443 παριστῶν

2218 3463 2302 3518 δτι
2325 3463 2491 3529 εὐθὺς
2522 3466 2591 3518 ὲκ
2641 3464 2952 3536 προοιμίων
2991 3464 3094 3534 τῆς
3146 3464 3295 3534 ζωῆς
3343 3464 3655 3530 ἀξιόπιστος
3706 3460 3797 3535 ἦν,

2219 3557 2609 3627 καταγγέλλων
2638 3559 2735 3612 καὶ
2765 3558 3141 3613 ὑποδεικνύων
3175 3558 3265 3611 τὸν
3290 3558 3523 3628 Χριστὸν
3554 3557 3631 3628 τῷ
3656 3557 3791 3630 λαῷ.

2301 3728 2459 3783 Ἐπεὶ
2485 3729 2542 3784 δὲ
2577 3726 2655 3803 (7)
2686 3728 2818 3800 περὶ
2846 3728 2957 3783 τῶν
2995 3727 3151 3799 παρὰ
3174 3729 3288 3791 τοῖς
3322 3726 3600 3791 Ἰουδαίοις
3631 3743 3796 3795 γεγε-

2218 3822 2475 3894 νημένων
2528 3822 2904 3893 διηγήσασθαι
2948 3819 3159 3893 μέλλει,
3195 3818 3674 3889 παρασημειοῦται
3705 3819 3805 3871 τδν

2215 3915 2411 3987 καιρὸν
2439 3915 2543 3985 τῆς
2574 3914 2824 3986 Ἡρώδου
2854 3913 3139 3985 βασιλείας
3162 3912 3413 3977 είκότως,
3445 3911 3531 3965 ἵνα
3570 3912 3804 3981 γένηται

2212 4007 2373 4079 δῆλος
2408 4009 2502 4063 καὶ
2537 4010 2566 4063 δ
2602 4009 2796 4080 χρόνος
2820 4006 3007 4063 αὐτῶν
3032 4006 3133 4078 (8).
3174 4004 3422 4075 Ἡρώδην
3444 4002 3501 4058 δὲ
3532 4005 3641 4055 νόει
3702 4002 3799 4055 τὸν

2216 4100 2609 4171 βρεφοκτόνον,
2666 4100 2761 4156 τὸν
2824 4099 3041 4170 πατέρα
3079 4095 3348 4169 Ἡρώδου,
3380 4095 3476 4150 τοῦ
3514 4095 3797 4159 ἀνελόντος

2213 4197 2308 4251 τὸν
2347 4196 2558 4268 Πρόδρο
2566 4213 2693 4267 μον.

2299 4287 2401 4353 Ἐξ
2425 4287 2751 4359 ἐφημερίας
2794 4286 2969 4342 Ἀϐιά.
3018 4284 3357 4357 Ἐφημερίαν
3405 4283 3631 4338 ἰκάλουν
3692 4284 3794 4354 τὴν

2213 4378 2605 4450 ἑϐδομαδιαίαν
2647 4376 3021 4451 λειτουργίαν.
3054 4375 3162 4429 Δύο
3199 4375 3309 4445 γὰρ
3337 4369 3482 4445 ἦσαν
3544 4373 3669 4426 τότε
3716 4374 3794 4425 le-

2215 4473 2335 4545 ρεϊς
2361 4471 2457 4529 τοῦ
2490 4471 2647 4539 ναοῦ,
2684 4471 2937 4542 ἀλλήλων
2964 4469 3225 4541 διάδοχοι,
3268 4465 3567 4522 ’Δὸιὰ’καὶ
3618 4467 3798 4535 Ζαχαο

523 4556 772 4661 videlicet
806 4569 863 4615 et
895 4561 1205 4622 Barachias.
1254 4568 1333 4622 Ex
1386 4568 1507 4623 vice
1548 4568 1715 4640 igitur
1754 4570 1913 4634 Abin,
1960 4569 2099 4637 sive,

2216 4564 2336 4635 ρίας
2377 4564 2477 4637 (9).
2511 4562 2606 4630 Ἐξ
2632 4564 2944 4635 ἐφημερίας
2972 4561 3067 4617 οὖν
3091 4558 3269 4624 Ἀδιά,
3299 4560 3467 4631 ἤγουν
3522 4558 3659 4629 μετὰ
3694 4556 3801 4627 τὴν

524 4658 647 4718 post
679 4651 854 4706 vicem
883 4653 1039 4725 Abia,
1068 4656 1122 4713 id
1166 4668 1274 4726 est,
1296 4659 1609 4716 succedens
1635 4661 1739 4732 ipsi
1770 4661 1932 4717 Abia.

595 4740 749 4797 Vers.
789 4744 844 4799 5.
884 4744 1040 4800 Et—
1062 4750 1260 4807 Aaron.
1293 4752 1335 4807 E
1358 4753 1597 4823 posteris
1621 4753 1832 4810 Aaron.
1872 4754 2114 4811 Demon-

526 4834 723 4889 stravit
753 4851 905 4909 ergo,
929 4842 1076 4911 quod
1099 4841 1412 4901 Pmcursor
1434 4860 1463 4902 a
1482 4847 2106 4903 sacerdotalidescendit

525 4924 696 4992 tribu,
737 4944 847 4983 non
892 4935 1194 4993 secundum
1244 4946 1457 5009 patrem
1512 4947 1750 5007 tantum,
1804 4940 1902 4995 sed
1939 4940 2103 4994 etiam

520 5020 819 5076 secundum
850 5036 1076 5083 matrem
1108 5046 1123 5085 :
1154 5037 1208 5085 et
1230 5030 1490 5103 utrinque
1522 5032 1879 5090 sacerdotalis
1904 5043 2045 5089 erat.

633 5237 650 5269 ¹
680 5238 802 5293 Act.
829 5256 977 5308 xxvr,
1007 5244 1098 5299 25.

2214 4659 2526 4730 ἐφημερίαν
2561 4656 2740 4722 ’Δσιὰ,
2771 4655 3042 4721 τουτέστι,
3069 4654 3323 4721 διάδοχος
3349 4650 3441 4705 τοῦ
3476 4650 3649 4704 Ἀϐιά.

2287 4749 2399 4803 Καὶ
2424 4778 2494 4790 -
2534 4746 2792 4817 Ἀαρών.»
2831 4747 2927 4800 Ἐκ
2961 4746 3072 4799 τῶν
3102 4743 3388 4812 ἀπογόνων
3420 4740 3513 4795 τοῦ
3557 4738 3791 4811 Ἀαρών.

2216 4843 2460 4910 Ἐδειξεν
2482 4838 2578 4896 οὖν
2636 4843 2719 4896 ὅτι
2749 4844 2777 4895 δ
2808 4840 3127 4912 Πρόδρομος
3154 4840 3219 4891 ὲκ
3244 4840 3341 4909 τῆς
3381 4835 3662 4905 ίερατικῆς
3694 4852 3795 4886 κα-

2212 4938 2416 5009 τήγετο
2456 4938 2632 5009 φυλῆς
2700 4937 2760 4991 ού
2814 4934 2959 4989 κατὰ
3011 4933 3107 4987 τὸν
3164 4932 3378 5003 πατέρα
3425 4930 3611 4999 μόνον,
3660 4926 3795 4981 ἀλλὰ

2218 5034 2314 5085 καὶ
2342 5034 2484 5086 κατὰ
2515 5032 2617 5103 τὴν
2651 5030 2891 5103 μητέρα,
2925 5028 3022 5081 καὶ
3076 5022 3472 5097 ἀμφοτέρωθεν
3522 5021 3798 5092 ἱερατικὸς

2212 5124 2303 5199 ἦν.

1686 5320 1891 5383 Variis
1933 5318 2251 5383 lectiones
2291 5324 2355 5380 et
2399 5322 2591 5378 notua.

600 5433 697 5518 (6).
719 5436 843 5491 Haec
870 5450 1066 5518 neuter
1089 5458 1335 5518 meorum
1366 5443 1631 5518 agnoscit.
1681 5442 1863 5518 Edidit
1898 5446 2011 5499 haec
2037 5458 2105 5498 cx

530 5511 908 5584 {uerginesui
947 5513 1148 5567 codicis
1199 5511 1521 5569 llenteuius.
1573 5514 1822 5584 Repetite
1876 5526 2105 5569 suntex

530 5571 954 5650 'l‘lteophylacto,
981 5599 1031 5653 p.
1065 5584 1192 5649 295,
1217 5584 1281 5640 C.

603 5721 712 5796 (bb_)_
743 5722 806 5779 Ut
836 5752 905 5764 -
930 5726 1181 5791 rapiaris.
1233 5726 1291 5781 ln
1321 5726 1510 5781 Greco
1532 5724 1785 5796 expedita
1815 5733 1942 5779 sunt
1980 5740 2098 5779 om-

534 5790 745 5866 niant
774 5790 1088 5866 cognoscas.
1122 5805 1181 5850 ut
1211 5790 1660 5866 magisllirmiu's)
1719 5797 2099 5865 complectaris

533 5864 919 5922 certitudinim
974 5864 1479 5923 sermonum'tidei.
1542 5866 1813 5936 lnterpres
1885 5867 2099 5921 videtur

2286 5440 2364 5511 (7)
2399 5439 2543 5511 Τῶν,
2576 5438 2740 5493 etiam
2766 5448 2893 5494 ante
2917 5435 3071 5511 περὶ,
3104 5434 3352 5511 l_t_abet_A.

2286 5506 2363 5583 (8)
2396 5510 2611 5583 Αὐτῶν,
2637 5525 2703 5565 ex
2735 5510 3080 5583 _c_0rrect_ione
3112 5506 3170 5559 Β.
3212 5506 3407 5562 Αὑτοῦ.
3440 5509 3505 5560 Α.

2289 5580 2363 5655 (9)
2402 5580 2680 5651 Βαραχίας
2726 5580 3049 5635 Hentcnius.

2199 5724 2404 5797 legisse
2428 5765 2441 5778 .
2471 5726 2558 5777 ἵνα
2589 5723 2847 5797 ἐπιγνοὺς
2881 5722 3187 5797 πλεονάσῃς
3215 5725 3278 5793 τῇ
3308 5721 3634 5797 άσφκαλεία.
3679 5722 3789 5797 Sed

2206 5792 2293 5877 ea}
2326 5810 2488 5866 quam
2522 5810 2623 5850 nos
2656 5795 2931 5851 edidimus
2985 5792 3163 5849 verior
3196 5792 3278 5850 est
3314 5793 3649 5863 liaudrpdubie
3707 5792 3784 5847 ie-

2206 5876 2337 5922 otto.
