4032 6496
277 464 384 524 είῖὄ

1308 465 1697 528 COMMENT.
1741 467 1822 528 IN
1863 469 2141 537 LUCAM.
2170 499 2244 514 -ο
2280 475 2437 537 CAP.
2481 476 2522 534 l.

3447 486 3556 549 866

273 579 410 632 ωεοῦ
444 577 669 648 βλέψας,
706 580 806 633 οὐκ
836 577 1083 650 εὐχερῶς
1115 580 1452 649 παρεδέξατο
1485 583 1586 653 τὴν
1618 585 1852 651 ἐπαγγε·

1971 588 2192 653 virtute,
2248 590 2435 644 tardus
2479 599 2596 644 erat
2641 591 2706 646 ad
2761 592 3166 663 suscipiendam
3207 593 3374 651 ﬂetus
3427 613 3558 655 uro-

271 673 394 723 ).£av
433 673 530 741 τῆς
561 673 750 741 γονῆς.

343 767 452 818 It’al
507 765 852 832 ἀποκριθεὶς
904 796 966 806 —-
1007 765 1216 819 ταῦτα.
1277 767 1450 832 ῐιοία;
1494 768 1528 835 ἠ
1580 767 1858 838 γέννησις,

268 857 494 928 δηλαδὴ,
527 859 621 911 καὶ
647 859 679 926 ή
717 859 908 924 κλῆσις
935 858 1029 912 τοῦ
1058 859 1344 929 ὀνόματος.

356 951 504 1007 Ἂνθ’
531 946 620 1005 ὧν
645 981 717 991 -
739 968 884 1020 μου.
927 953 1054 1015 Τοῖς
1086 954 1214 1024 περὶ
1240 955 1468 1010 τούτων.

343 1133 563 1199 οἶτινες
601 1163 666 1175 —-
697 1135 919 1189 αὐτῶν.
948 1136 1041 1198 Εἰς
1065 1136 1156 1188 τὸν
1186 1139 1389 1206 καιρὸν
1419 1141 1521 1203 τῆς
1548 1143 1869 1210 γεννήσεως

269 1228 365 1280 καὶ
417 1227 515 1295 τῆς
563 1228 833 1298 κλήσεως.
868 1228 1012 1298 Ὅρα
1073 1230 1152 1296 δὲ,
1216 1231 1299 1284 ὅτι
1354 1231 1442 1284 διὰ
1507 1232 1606 1302 τὴν
1671 1233 1852 1303 φωνὴν

1970 1231 2141 1288 vitatis
2192 1249 2256 1288 ac
2332 1238 2570 1292 nominis
2639 1237 3028 1307 impositiouis.

267 1317 364 1385 τῆς
401 1316 662 1379 ἀπιστίας
703 1317 974 1388 ἐπεσχέθη
1011 1318 1108 1389 τὴν
1143 1323 1353 1390 φωνήν.

339 1503 443 1556 Kal
474 1504 896 1575 —.Zaxapiar.
983 1506 1453 1579 Ἀπεκδεχόμενος
1488 1509 1622 1580 (15).

337 1689 444 1743 Καὶ
479 1719 551 1730 -
580 1692 810 1760 κωφός.
860 1692 936 1746 Οὐ
971 1693 1130 1763 μόνον
1167 1693 1274 1763 γὰρ
1309 1696 1582 1766 ἐπεσχέθη
1611 1699 1708 1768 τὴν
1743 1715 1851 1764 φω-

267 1777 389 1850 νὴν,
428 1780 565 1832 ἀλλὰ
608 1784 700 1834 καὶ
741 1781 838 1852 τὴν
892 1782 1083 1853 ἀκοὴν,
1140 1783 1216 1846 ὡς
1267 1787 1405 1853 μετὰ
1450 1786 1710 1848 ἀπιστίας
1764 1786 1854 1838 καὶ

266 1871 509 1936 ἀκούσας
546 1876 638 1926 καί
664 1876 946 1946 φωνήσας.
986 1876 1313 1947 Ιιροεμήνυε
1347 1877 1403 1930 δὲ
1431 1879 1463 1947 ἡ
1497 1878 1590 1930 τοῦ
1618 1879 1851 1948 γηραιοῦ

265 1963 458 2032 ἱερέως
505 1965 632 2035 σιγὴ
677 1966 776 2034 τὴν
844 1966 944 2036 τῆς
998 1968 1237 2032 παλαιᾶς
1290 1971 1589 2041 ἱερωσύνης
1620 1973 1712 2024 καὶ
1762 1972 1852 2024 λα-

261 2054 456 2123 τρείας
491 2059 676 2127 σιγήν.

335 2242 446 2292 Kal
476 2238 714 2309 ἐγένετο
744 2272 805 2285 -
845 2241 1054 2297 αὐτοῦ.
1089 2243 1211 2314 Χρὴ
1254 2244 1364 2314 γὰρ
1393 2244 1485 2297 τὸν
1522 2245 1676 2315 ίερέα
1715 2264 1850 2299 παν·

263 2329 435 2392 τελῶς
469 2333 767 2400 ἀπέχεσθαι
797 2334 898 2401 τῆς
933 2335 1131 2387 ἑαυτοῦ
1167 2337 1424 2404 γυναικὸς
1466 2338 1524 2389 ἐν
1556 2339 1674 2401 ταῖς
1708 2341 1848 2409 ἠμέ-

269 2439 392 2492 ραις
429 2423 526 2491 τῆς
576 2425 920 2495 λειτουργίας
949 2426 1138 2481 αὑτοῦ.
1172 2428 1341 2480 Τοῦτο
1371 2430 1480 2498 γὰρ
1515 2429 1608 2482 καὶ
1637 2432 1666 2482 ὁ
1706 2429 1849 2492 θεῖος

264 2515 599 2586 ὑπαγορεύει
623 2517 845 2588 θεσμός.
867 2520 1168 2590 Πληρώσας
1203 2520 1259 2574 δὲ
1281 2521 1486 2585 ταύτας
1517 2523 1546 2574 ὁ
1567 2523 1848 2592 Ζαχαρίας

262 2608 450 2663 λοιπὸν
488 2611 713 2681 συνῆλθε
746 2616 813 2683 τῇ
854 2617 1064 2684 γαμετῇ
1102 2615 1270 2668 αὑτοῦ
1322 2616 1412 2669 διὰ
1456 2617 1555 2686 τὴν
1602 2619 1849 2685 ἐπαγγε-

260 2700 384 2754 λίαν
421 2701 522 2771 τῆς
553 2704 742 2773 γονῆς,
779 2705 1095 2769 παιδευθεὶς
1145 2709 1213 2776 τῇ
1257 2706 1442 2778 πληγῇ
1479 2708 1578 2778 τῆς
1630 2708 1846 2778 σιωπῆς

261 2793 542 2846 πιστεύειν
574 2796 686 2858 τοῖς
713 2796 808 2848 τοῦ
840 2797 1077 2866 ἀγγέλου
1110 2799 1346 2870 ῥήμασι.

335 2888 444 2940 Kal
475 2915 545 2928 -—
578 2889 779 2942 πέντε.
810 2890 1116 2963 Αἰδουμένη
1137 2894 1234 2963 τὴν
1262 2893 1498 2962 γηραιὰν
1523 2893 1618 2946 καὶ
1643 2892 1846 2963 ἔξωρον

263 2982 586 3052 κυοφορίαν,
619 2983 724 3048 ἕως
748 2978 808 3037 οὗ
853 2986 966 3056 (16)
1013 2988 1106 3039 καὶ
1153 2989 1186 3057 ἠ
1221 2987 1498 3058 Παρθένος
1553 2989 1840 3045 συνέλαϐε.

334 3170 611 3238 Λέγουσα
644 3202 714 3211 -
741 3173 1095 3242 ἀνθρώποις.
1131 3176 1259 3227 Ὅτε
1291 3176 1591 3247 ηὐδόκησεν
1621 3178 1844 3247 ἀφελεῖν

261 3262 323 3315 τὸ
349 3266 405 3314 ὲν
434 3264 740 3334 ἀνθρώποις
764 3266 967 3320 ὄνειδός
998 3285 1124 3335 μου,
1144 3269 1204 3320 τὸ
1231 3269 1324 3320 ἐπὶ
1346 3273 1408 3339 τῇ
1433 3271 1679 3342 ἀτεκνίᾳ.
1709 3271 1842 3342 Παρ’
1875 3295 1917 3353 C

275 3356 547 3425 Ἑϐραίοις
581 3359 679 3428 μὲν
704 3360 812 3428 γὰρ
843 3360 1051 3423 ὄνειδος
1081 3357 1146 3432 ἦν
1177 3365 1208 3431 η
1243 3365 1494 3430 ἀκαρπία
1523 3367 1618 3416 τοῦ
1653 3364 1847 3435 σώμα-

262 3464 389 3512 τ)ς,
441 3442 528 3500 οἷα
576 3458 1054 3520 σωματικωτεροις
1091 3466 1102 3478 '
1153 3453 1305 3522 παρὰ
1373 3453 1429 3505 δὲ
1501 3454 1852 3522 Χριστιανοῑς

263 3541 466 3604 ὄνειδος
519 3543 553 3613 ὴ
605 3544 857 3612 ἀκαρπία
906 3543 1006 3613 τῆς
1067 3543 1268 3614 ψυχῆς,
1316 3539 1407 3598 οἷα
1461 3555 1848 3616 πνευματικωο

264 3635 474 3704 τέροις.

347 3803 449 3858 Ἐν
470 3803 532 3857 δὲ
566 3802 644 3869 τῷ
671 3804 817 3872 μηνὶ
843 3802 922 3869 τῷ
943 3804 1094 3868 ἕκτῳ
1118 3834 1187 3844 -ο
1216 3806 1476 3876 Μαριάμ.
1517 3806 1848 3880 [Γρηγορίου

263 3897 486 3967 Νύσσης
507 3913 520 3926 ο
575 3895 664 3950 Ἐν
698 3899 809 3966 (i7)
830 3896 1022 3967 ἐκείνῳ
1052 3894 1130 3967 τῷ
1170 3897 1348 3968 καιρῷ
1381 3902 1408 3952 ὁ
1447 3898 1849 3968 εὐαγγελισμὸς

261 3992 361 4061 τῆς
399 3989 700 4060 παρουσίας
736 3991 827 4042 τοῦ
862 3990 1115 4060 Σωτῆρος
1155 3991 1350 4058 γέγονε
1373 4030 1387 4055 ,
1424 3990 1548 4043 καθ’
1581 3989 1642 4043 ὃν
1676 3993 1706 4061 η
1750 3989 1848 4056 νὺξ

264 4086 356 4136 ἐπὶ
387 4082 445 4134 τὸ
473 4083 776 4152 ἀκρότατον
809 4084 984 4153 μῆκος
1018 4083 1388 4150 προελθοῦσα,
1437 4083 1724 4154 μειοῦσθαι
1755 4084 1848 4136 καὶ

266 4177 556 4247 ὑπορῥὲειν
589 4177 817 4246 ἄρχεται
836 4213 850 4237 ,
876 4176 976 4244 τῆς
1009 4177 1221 4246 ἡμέρας
1251 4175 1440 4228 λοιπὸν
1466 4175 1848 4246 αὐξανομένης

264 4268 358 4319 καὶ
405 4264 843 4336 προκοπτούσης,
885 4266 970 4317 ἵνα
1017 4266 1195 4337 μάθῃς
1238 4266 1320 4318 ὅτι
1390 4267 1487 4318 καὶ
1546 4267 1608 4317 τὸ
1655 4265 1847 4328 σκότος

263 4361 356 4427 τῆ;
389 4358 643 4421 ἀσεϐείας
674 4362 767 4412 καὶ
795 4359 892 4429 τῆς
915 4359 1187 4430 ἁμαρτίας
1214 4357 1343 4428 ἄχρι
1370 4359 1492 4411 τότε
1521 4358 1734 4428 φθάσαν
1766 4362 1846 4422 εἰς

268 4449 499 4519 μέγεθος
549 4450 750 4513 κακίας
784 4455 880 4503 καὶ
917 4450 1274 4521 κορυφωθὲν,
1326 4450 1515 4502 ἔκτοτε
1564 4451 1844 4522 ἀνεκόπη,

264 4545 358 4595 καὶ.
411 4542 548 4611 πρὸς
599 4542 845 4612 ἔκλειψιν
898 4545 995 4595 καὶ
1049 4543 1363 4612 ἀφανισμὸν
1411 4541 1701 4614 ἠλαύνετο,
1748 4541 1844 4597 τοῦ

264 4634 438 4703 φωτὸς
470 4633 572 4704 ήδη
603 4633 704 4704 τῆς
739 4633 1028 4697 εὐσεϐείας
1063 4639 1159 4686 καὶ
1199 4632 1414 4705 ἀρετῆς
1455 4633 1717 4697 νικῶντος
1752 4636 1847 4688 καὶ
1881 4662 1924 4715 υ

266 4728 655 4791 πλεονάζοντος

346 4821 436 4872 Ἐν
493 4821 572 4890 τῷ
623 4821 754 4890 μηνὶ
804 4821 882 4891 τῷ
938 4821 1081 4892 ἕκτῳ
1134 4821 1232 4891 τῆς
1289 4821 1610 4892 κυοφορίας,
1663 4823 1754 4876 ὅτε
1810 4822 1844 4893 ἡ

263 4915 474 4983 γαστὴρ
502 4913 739 4985 ὼγκώθη
770 4918 868 4986 τῆς
917 4915 1218 4969 Ἐλισαϐετ.

333 5008 810 5077 Μεμνηστευμένη
841 5009 898 5060 δὲ
927 5004 992 5078 ἦν
1026 5010 1056 5078 ἡ
1091 5008 1372 5079 Παρθένος
1395 5047 1410 5068 .
1449 5009 1538 5062 ἵνα
1575 5007 1713 5080 λάθῃ
1749 5010 1842 5061 τὸν

260 5097 502 5151 διάϐολον
544 5100 578 5169 η
606 5100 861 5169 γέννησις
902 5099 997 5153 τοῦ
1043 5101 1306 5172 Χριστοῦ.
1364 5104 1473 5155 Καὶ
1516 5102 1627 5171 γὰρ
1675 5104 1840 5171 ἤκουε

258 5210 368 5243 των
411 5192 708 5261 προφητῶν
760 5194 1278 5262 καταγγελλόντων,
1331 5195 1414 5248 ὃτι
1457 5197 1522 5248 ἐκ
1568 5195 1841 5265 παρθένου

263 5284 589 5354 γεννηθῆναι
647 5285 862 5355 μέλλειο
902 5288 995 5339 καὶ
1041 5287 1131 5340 διὰ
1176 5286 1335 5341 τοῦτο
1386 5291 1691 5356 παρετήρει
1740 5289 1842 5351 τὰς

267 5378 598 5446 παρθένους,
641 5379 728 5431 ἴνα
760 5381 878 5432 οἵαν
915 5380 1001 5453 ίδῃ
1034 5381 1434 5451 κ’)οφοροῦσαν,
1470 5384 1599 5453 περὶ
1629 5382 1841 5450 ταύτην

263 5469 497 5534 παγίδας
531 5471 826 5541 καταπήξῃ
867 5474 964 5543 τῆς
999 5473 1357 5551 κακοτεχνίας
1405 5476 1593 5527 αὑτοῦ.
1637 5475 1840 5528 Λοιπὸν

1965 677 2281 732 missionem
2292 719 2305 732 .

1970 768 2121 826 Vers.
2161 774 2247 828 i9.
2289 774 2358 827 Et
2385 777 2705 844 respondens
2743 806 2756 817 -
2779 806 2807 817 -
2839 778 2970 835 Ιιατ.
2999 777 3300 845 Qumuam?
3359 784 3556 839 nativi-

1967 875 2049 917 tas
2072 866 2351 931 videlicet,
2377 883 2441 922 ac
2462 869 2707 922 nominis
2748 870 3057 941 impositio.

2038 957 2194 1015 νοτε.
2226 961 2315 1014 20.
2350 959 2426 1014 Eo
2453 961 2596 1030 quod
2619 990 2689 1000 —
2728 964 2876 1018 meis.
2914 963 3046 1030 Quae
3067 963 3132 1019 de
3154 965 3242 1020 his
3281 975 3439 1022 erant
3462 982 3547 1022 re-

1961 1049 2085 1105 bus.

2035 1138 2192 1196 Vers.
2216 1140 2306 1196 20.
2347 1142 2475 1208 Qua:
2523 1162 2733 1199 κείω.
2788 1145 3057 1214 Tempore
3107 1144 3364 1202 videlicet
3412 1147 3553 1200 nati-

3133 1236 3262 1290 Vide
3328 1227 3542 1305 autem,

1959 1328 2104 1394 quod
2137 1333 2360 1394 propter
2389 1343 2576 1382 vocem
2635 1327 3041 1383 incredulitatis
3094 1335 3309 1382 retenta
3349 1343 3414 1383 ac
3451 1343 3548 1383 co-

1962 1417 2129 1472 hibita
2159 1429 2236 1473 est
2267 1420 2346 1473 illi
2377 1437 2500 1474 vox.

2032 1508 2182 1566 Vers.
2214 1510 2301 1565 :Zl.
2338 1509 2405 1564 Et
2441 1543 2480 1551 -—
2528 1512 2871 1566 Zachariam.
2901 1512 2982 1583 ﬁ-
3028 1511 3390 1583 Exspemans.

2028 1689 2183 1745 Vers.
2240 1690 2330 1744 2i.
2361 1691 2425 1745 Et
2455 1721 2524 1733 ——
2552 1692 2704 1746 Vers.
2747 1690 2841 1746 22.
2901 1705 3100 1744 mutus.
3164 1691 3369 1759 κωφὸς
3405 1704 3547 1760 (pro

1955 1798 2064 1852 quo
2099 1783 2186 1837 hic
2219 1783 2484 1838 habemus
2510 1784 2736 1854 mutum)
2770 1784 3039 1852 significat
3085 1784 3249 1836 etiam
3295 1783 3544 1838 surdum.

1958 1872 2144 1942 Reque
2168 1876 2313 1928 enim
2345 1875 2458 1929 sola
2488 1891 2588 1929 vox
2619 1876 2692 1928 illi
2729 1875 2906 1929 ablata
2954 1885 3060 1937 est,
3086 1874 3181 1929 sed
3215 1885 3266 1929 et
3302 1873 3544 1934 auditus,

1959 1980 2024 2017 eo
2048 1966 2192 2032 quod
2252 1980 2374 2019 cum
2431 1965 2812 2019 incredulitate
2884 1964 3131 2018 audisset
3203 1979 3268 2019 ac
3327 1964 3546 2019 locutus

1960 2055 2174 2110 fuisset.
2215 2057 2562 2127 Signiﬁcaliat
2593 2068 2775 2112 autem
2808 2057 3085 2111 silentium
3118 2057 3426 2112 sacerdotis
3454 2072 3548 2112 se-

1960 2151 2066 2211 nis,
2090 2152 2294 2203 veteris
2324 2148 2639 2214 sacerdotii,
2677 2151 2972 2218 cultusque
3017 2150 3472 2203 taciturnitatem.

2031 2238 2185 2294 Vers.
2217 2240 2303 2293 23.
2335 2240 2403 2293 Et
2435 2241 2634 2310 factum
2675 2271 2741 2279 —
2777 2242 2928 2294 Vers.
2955 2239 3044 2295 2i.
3085 2239 3220 2308 ejus.
3250 2238 3549 2308 Oportebat

1960 2346 2194 2400 namque
2225 2331 2568 2385 sacerdotem
2631 2331 2860 2384 ournino
2921 2330 3203 2384 abstinere
3239 2345 3269 2384 a
3324 2332 3546 2401 propria

1959 2437 2127 2476 uxore
2154 2421 2207 2475 in
2237 2421 2432 2475 diebus
2463 2421 2749 2476 ministerii
2783 2422 2868 2476 sui
2917 2437 2932 2474 :
2961 2422 3063 2476 hoc
3094 2422 3242 2476 enim
3272 2429 3329 2476 et
3360 2421 3544 2476 divina

1958 2513 2041 2568 lex
2076 2514 2355 2583 praecepit.
2396 2511 2493 2568 llis
2516 2523 2700 2567 autem
2733 2513 3055 2582 ccinpletis,
3090 2527 3418 2584 congressus
3457 2523 3546 2568 est

1957 2606 2249 2663 Zacharias
2278 2624 2402 2663 cum
2430 2622 2600 2662 uxore
2633 2621 2732 2661 sua
2787 2616 3012 2677 propter
3059 2605 3393 2675 promiSsum
3441 2607 3544 2661 fa:-

1957 2708 2094 2763 tum,
2125 2701 2328 2756 silentii
2362 2700 2571 2771 ﬂagello
2601 2699 2850 2764 edoctus,
2920 2707 2980 2753 ut
3033 2697 3297 2769 angelicis
3352 2699 3542 2753 verbis

1956 2792 2230 2846 crederet.

2030 2883 2184 2938 Vers.
2217 2884 2305 2938 2'4.
2337 2883 2404 2938 Et
2449 2884 2791 2954 —quiuque.
2856 2881 3225 2945 Erubescens,
3282 2895 3350 2936 eo
3400 2883 3546 2952 quod

1953 2983 2101 3029 esset
2134 2974 2320 3028 senior
2369 2989 2433 3029 ac
2473 2974 2880 3042 intempestiva,
2902 2988 3023 3042 quae
3043 2981 3332 3042 praegnans
3359 2974 3539 3034 lict-et,

1952 3069 2127 3122 donec
2170 3067 2322 3137 virgo
2366 3067 2531 3121 etiam
2563 3066 2837 3136 concepit.

2026 3159 2180 3212 γωδ.
2208 3158 2302 3211 2i.
2331 3156 2519 3210 Diceris
2545 3186 2612 3196 —
2671 3153 2826 3210 Vers.
2877 3155 2968 3208 25.
3009 3155 3268 3207 homines.
3314 3153 3546 3220 Quando

1953 3248 2321 3318 beneplacuit.
2352 3246 2674 3302 utauferret
2706 3245 3064 3316 Opprobrium
3129 3260 3338 3310 meum,
3397 3247 3544 3313 quod

1953 3341 2099 3409 apud
2137 3340 2392 3394 homines
2427 3348 2572 3402 erat,
2603 3351 2672 3392 eo
2711 3337 2855 3406 quod
2883 3336 3036 3405 prole
3057 3351 3330 3390 carerem.
3383 3335 3542 3404 Apud

1959 3428 2219 3483 Hebraeos
2251 3429 2522 3498 siquidem
2540 3428 2741 3498 probro
2769 3427 3008 3481 dabatur
3035 3441 3336 3494 corporum
3370 3426 3532 3479 steri-

1956 3522 2102 3586 litas,
2133 3531 2324 3590 utpote
2353 3521 2447 3589 qui
2484 3522 2657 3589 magis
2696 3521 2947 3574 carnales
2974 3528 3131 3573 erant
3177 3535 3239 3573 ac
3284 3507 3540 3589 corpora-

1959 3613 2083 3679 les;
2123 3613 2264 3681 apud
2307 3611 2664 3666 Christianos
2718 3626 2849 3666 vero
2886 3612 3089 3679 probro
3115 3611 3280 3664 datur
3326 3614 3542 3665 anima-

1951 3725 2070 3762 rum
2097 3707 2391 3778 sterilitas,
2429 3717 2692 3776 tanquam
2733 3705 2911 3775 magis
2944 3705 3282 3774 spirituales.

2023 3802 2181 3856 Vcrs.
2213 3799 2306 3854 26.
2336 3797 2497 3854 Sexto
2532 3809 2712 3853 autem
2744 3815 2919 3853 mense
2947 3827 3012 3841 -υ
3033 3798 3192 3853 Vers.
3215 3798 3308 3852 27.
3332 3797 3533 3852 Maria.

1949 3893 2029 3965 -Η-
2061 3892 2307 3964 Gregorii
2331 3891 2558 3960 Nysseni
2592 3910 2605 3945 :
2638 3890 2734 3945 lllo
2765 3900 3012 3960 tempore
3030 3889 3312 3944 nuntiatus
3343 3893 3544 3944 estad-

1954 3997 2146 4041 ventus
2171 3983 2496 4049 Servatoris,
2516 3998 2625 4054 quo
2644 3997 2751 4037 nox
2801 3993 3105 4037 extremam
3141 3982 3541 4053 longitudinem

1968 4088 2153 4142 nacta,
2195 4077 2392 4142 minui,
2418 4085 2475 4130 et
2506 4075 2766 4146 paulatim
2790 4090 3124 4131 evanescere
3172 4075 3385 4144 incipit,
3418 4092 3541 4129 cum

1946 4173 2060 4242 jam
2087 4172 2204 4227 dies
2226 4180 2494 4242 augeatur
2524 4186 2587 4225 ac
2618 4169 2851 4224 ulterius
2896 4169 3164 4239 procedat
3200 4185 3216 4235 ;
3249 4177 3308 4223 ut
3359 4170 3542 4223 discas

1955 4267 2216 4321 tenebras
2245 4264 2550 4334 impietatis
2579 4272 2632 4317 et
2673 4271 3024 4332 peccatorum
3056 4276 3123 4315 eo
3185 4275 3358 4331 usque
3417 4276 3544 4330 pro-

1949 4377 2072 4432 ειη-ε
2110 4376 2170 4412 as
2183 4359 2249 4413 ad
2269 4357 2702 4427 magnitudinem
2730 4354 3098 4422 improbitatis
3120 4369 3185 4407 ac
3211 4352 3537 4413 cumulatas,

1949 4451 2146 4506 exinde
2183 4448 2295 4504 tolli
2321 4459 2484 4517 atque
2520 4448 2657 4500 adeo
2681 4446 2917 4500 deiicere
2941 4453 2996 4498 et
3027 4458 3388 4507 evanescere,
3409 4459 3535 4497 cum

1946 4545 2055 4614 jam
2081 4544 2300 4614 pietatis
2329 4552 2385 4596 et
2417 4542 2640 4594 virtutis
2674 4541 2765 4593 lux
2799 4541 2982 4593 vincat
3006 4547 3063 4591 et
3089 4537 3358 4593 abundet.

2027 4861 2195 4916 Sexto
2225 4877 2436 4937 mense,
2496 4869 2779 4928 postquam
2825 4872 3110 4929 praegnans
3139 4856 3334 4913 ell'ccta
3365 4854 3540 4911 fuerat

1953 4953 2257 5014 Elizabetli,
2287 4967 2408 5005 cum
2441 4951 2560 5019 ejus
2587 4961 2775 5003 uterus
2795 4948 3216 5004 intumesceret.

2025 5045 2359 5112 Desponsata
2387 5050 2568 5094 autem
2597 5049 2715 5094 erat
2763 5039 2942 5109 Virgo,
2969 5048 3030 5092 ut
3083 5037 3361 5093 diabolum
3406 5035 3541 5090 late«

1948 5144 2028 5189 ret
2089 5132 2295 5187 Christi
2345 5131 2620 5184 nativitas.
2697 5128 2958 5183 Audierat
3020 5130 3169 5182 enim
3239 5125 3543 5196 prophetas

1946 5225 2328 5284 annuntiasse,
2361 5222 2506 5290 quod
2536 5229 2726 5275 cssete
2746 5220 2956 5290 virgine
2985 5223 3300 5275 nasciturus
3335 5235 3347 5284 ;
3385 5218 3541 5271 ideo-

1945 5335 2052 5390 que
2085 5318 2324 5387 virgines
2351 5316 2696 5377 observabat,
2717 5315 2842 5369 utsi
2872 5330 3035 5384 quam
3066 5313 3119 5366 in
3140 5323 3296 5367 utero
3325 5319 3540 5381 gestare

1947 5411 2178 5472 videret,
2209 5408 2353 5462 circa
2382 5407 2524 5460 hanc
2551 5405 2934 5460 fraudulentite
2967 5419 3080 5460 suae
3113 5405 3339 5473 laqueos
3365 5416 3540 5473 appu-

1948 5513 2124 5558 neret.
2168 5499 2378 5553 Placuit
2409 5499 2590 5569 itaque
2620 5499 2752 5564 Deo,
2774 5509 2835 5554 ut
2856 5497 3047 5571 Virgo,
3077 5515 3195 5569 quae
3226 5498 3281 5551 in
3324 5496 3540 5551 habita-

1457 5634 1657 5696 νοτία)
1692 5636 2000 5701 lectiones
2032 5645 2094 5698 et
2137 5640 2334 5698 noue.

331 5798 443 5870 (l5)
474 5797 632 5878 'Apud
665 5794 1015 5869 Hentenium,
1046 5800 1149 5857 hoc
1173 5801 1438 5857 vocabulo
1468 5805 1836 5874 praetermisso

267 5883 450 5926 textus
469 5879 694 5936 jllllClllS
722 5879 824 5922 est.

332 5944 444 6007 tib)
481 5942 587 5993 Καί
621 5942 774 5994 abest
804 5943 867 5994 Λ.

2020 5805 2132 5874 (17)
2175 5804 2296 5860 llaec
2337 5815 2563 5872 uterque
2595 5819 2750 5862 meus
2783 5803 2836 5858 in
2879 5804 3123 5873 margine
3163 5803 3346 5858 habet.
3380 5801 3545 5857 Caret

1955 5875 2022 5929 iis
2056 5877 2378 5931 llentcuius.
