4032 6524
195 524 302 584 8τῖ
1231 513 1622 576 COMMENT.
1668 511 1748 572 IN
1783 511 1787 569 ἶ

1896 509 2063 570 CM‘I.
2105 532 2174 544 -
2214 509 2373 570 CAP.
2415 509 2468 572 Ι.
3382 507 3488 574 876

271 639 389 689 Ὁτι
413 664 487 676 -—
520 635 734 692 αὐτοῦ.
777 631 901 688 Ἐπὶ
927 632 1026 705 τὴν
1054 629 1360 685 εὐτέλειαν.
1397 627 1664 681 Ταπεινοῖ
1687 633 1795 692 γὰρ
1831 630 1863 684 Α

1975 622 2132 678 Vcrs.
2168 619 2259 678 48.
2297 621 2434 688 Quia
2470 652 2538 661 —-
2572 636 2700 676 sum.
2740 620 2819 675 Ad
2861 619 3154 677 utilitatem
3193 640 3207 676 :
3247 622 3487 694 seipsam

195 728 418 797 ἑαυτήν,
454 728 530 790 ὡς
559 728 790 791 ἀναξίαν
827 722 1156 794 τηλικούτου
1222 721 1547 791 πράγματος
1696 716 1787 768 καὶ

1900 714 2043 769 enim
2093 714 2304 784 dejicit,
2340 714 2494 785 quasi
2545 723 2696 769 tanta
2731 729 2788 768 re
2823 714 3099 786 indignam
3139 734 3151 770 :
3193 717 3274 770 vel
3326 718 3492 771 etiam

193 823 281 873 6:1
332 829 435 890 την
491 821 824 873 ταπείνωσιν
887 820 987 889 τῆς
1024 815 1381 888 ἀνθρωπίνης
1452 812 1670 882 φύσεως
1715 809 1785 871 ὡς

1900 817 2126 880 propter
2153 809 2526 879 abjectioncm
2551 809 2808 863 humanae
2833 818 3044 863 natura:
3066 819 3399 880 comparata:
3421 811 3490 866 ad

196 917 335 984 πρὸς
370 912 433 965 τδ
465 912 597 978 ὖψο,
627 913 728 978 τῆς
765 912 938 966 θείας.

1904 901 2303 956 sublimitatem
2329 901 2547 960 divinat.

288 1004 443 1059 Ἰδοὺ
476 1033 546 1044 -—
576 1008 799 1073 γενεαί.
865 1001 932 1056 Ai
971 1001 1083 1053 τῶν
1113 997 1485 1052 πιστευόντων
1523 995 1791 1068 δηλονότι.

1971 992 2127 1048 Vers.
2165 993 2255 1049 48.
2288 993 2421 1049 Ecce
2455 1026 2518 1037 -—
2545 993 2932 1066 generationes.
2962 992 3316 1049 Credentiutn
3345 994 3499 1050 vide-

1901 1083 2051 1147 licet.

273 1191 406 1246 Ὀτι
435 1190 810 1257 -δυνατός,
845 1190 971 1243 Ὀτι
1015 1186 1278 1256 ἐποίησεν
1321 1188 1402 1248 είς
1437 1186 1539 1255 ἐμὲ
1577 1184 1798 1255 μεγάλα

1975 1178 2103 1234 Ver.
2134 1179 2226 1235 49.
2261 1178 2400 1246 Quia
2436 1209 2508 1220 —-
2534 1183 2626 1253 qui
2651 1192 2834 1250 potens
2862 1190 2959 1236 est.
2991 1179 3131 1247 Quia
3161 1180 3292 1235 fecit
3322 1180 3375 1233 in
3409 1193 3498 1233 me

197 1285 296 1339 καὶ
329 1285 588 1357 ὑπερφυῆ
629 1285 916 1355 θαυμάσια
964 1281 993 1333 6
1038 1281 1269 1343 δυνατὸς
1330 1281 1510 1332 ποιεῖν
1542 1277 1789 1332 τοιαῦτα.

1910 1287 2101 1343 magna
2138 1272 2580 1343 supernaturalia
2610 1274 2876 1330 miracula
2898 1316 2912 1341 ,
2948 1274 3043 1345 qui
3083 1273 3151 1329 ad
3186 1271 3502 1344 hujusmodi

1905 1367 2156 1423 facienda
2184 1376 2382 1438 potens
2410 1377 2516 1422 est.

272 1465 384 1521 Καὶ
422 1465 595 1536 ἅγιον
619 1497 681 1510 -
707 1464 920 1520 αὑτοῦ.
967 1464 1301 1535 Ἐξαίρετον,
1341 1466 1512 1535 μέγα.

1980 1459 2138 1513 Vers.
2169 1460 2261 1514 49.
2290 1457 2362 1513 Et
2389 1468 2594 1531 [actum
2623 1491 2695 1501 —
2722 1470 2856 1531 ejus”.
2889 1459 3187 1526 Eximium,
3221 1475 3503 1532 magnum.

273 1559 387 1614 Καὶ
419 1563 484 1612 τι)
520 1560 693 1625 ἔλεος
722 1589 792 1598 —
817 1559 1028 1611 αὐτόν.
1059 1558 1131 1611 Τὸ
1173 1558 1266 1620 Et;
1304 1556 1525 1626 γενεὰν
1564 1556 1664 1609 καὶ
1705 1572 1802 1624 γε-

1979 1550 2138 1606 Vers.
2178 1551 2267 1606 50.
2314 1549 2383 1604 Et
2412 1553 2780 1606 misericordia
2811 1583 2879 1595 —-
2903 1569 3046 1606 eum.
3078 1551 3236 1618 Quod
3268 1551 3507 1616 dicitur,

197 1656 372 1718 νεὰν,
405 1653 586 1706 καὶτὸ
639 1655 734 1718 Εἰς
775 1651 989 1722 γενεὰς
1017 1649 1262 1721 γενεῶν,
1315 1653 1416 1706 καὶ
1475 1651 1544 1705 τὰ
1574 1648 1789 1703 τοιαῦτα

1918 1642 1973 1696 In
2002 1644 2304 1714 progeniem
2333 1653 2383 1698 et
2409 1645 2708 1713 progeniem
2731 1659 2749 1698 .'
2784 1654 2860 1710 et,
2887 1647 2950 1700 In
2975 1646 3342 1716 generationes
3360 1661 3510 1716 gene-

202 1749 267 1801 τλ
306 1748 424 1800 ’Λεὶ
456 1745 790 1816 σημαίνουσι
850 1743 985 1815 παρ’
1032 1742 1333 1813 Ἑϐραίοις.
1382 1741 1550 1810 Λέγει
1596 1741 1794 1802 τοίνυν,

1918 1735 2206 1799 rationum,
2244 1735 2460 1806 aliaque
2515 1739 2737 1801 similia,
2791 1738 2936 1793 idem
2995 1737 3308 1810 significant
3362 1739 3510 1808 quod

200 1842 284 1894 ὅτι
314 1841 412 1893 καὶ
433 1839 494 1892 τὸ
521 1839 673 1902 ἕλεος
702 1837 872 1891 αὑτοῦ
898 1836 986 1890 ἀεί
1023 1838 1176 1888 ἐστιν
1206 1838 1263 1888 ἐν
1289 1836 1406 1897 τοῖς
1435 1832 1792 1903 φοϐουμένοις

1922 1825 2158 1896 Semper,
2189 1829 2334 1898 apud
2369 1827 2650 1885 II-ebraios.
2688 1830 2831 1886 Dicit
2854 1846 3004 1902 ergo,
3040 1832 3187 1902 quod
3217 1833 3383 1885 etiam
3412 1831 3514 1885 mi-

202 1933 392 1998 αὐτὸν,
445 1933 610 2003 ὅμοια
664 1930 904 1998 λζγουσα
953 1928 1034 2000 τῷ
1093 1926 1260 1980 Δαυῖδ
1322 1925 1595 1998 εἰρηκότι·
1635 1924 1706 1978 T6
1739 1923 1794 1978 δὲ

1919 1919 2212 1974 sericordia
2238 1920 2358 1989 ejus
2385 1935 2604 1990 semper
2627 1931 2711 1976 est
2743 1922 2797 1976 in
2826 1923 2937 1989 his,
2958 1923 3052 1993 qui
3080 1918 3276 1978 timent
3300 1924 3511 1993 ipsum;

199 2028 381 2091 ἕλεος
407 2025 514 2079 τοῦ
566 2022 797 2093 Κυρίου
835 2023 954 2077 ἀπὸ
1002 2021 1108 2075 τοῦ
1142 2019 1362 2086 αἰῶνος
1411 2019 1511 2073 καὶ
1548 2018 1660 2084 ἕως
1700 2017 1791 2072 τοὶ

1922 2012 2112 2067 similia
2159 2014 2394 2084 loquens
2430 2030 2557 2069 cum
2597 2014 2788 2083 David,
2838 2016 2931 2087 qui
2984 2018 3061 2072 ait
3094 2034 3110 2071 :
3150 2017 3514 2071 Misericordia

200 2117 424 2186 αἰῶνος
453 2119 548 2171 ἐπὶ
582 2119 726 2184 τοὺς
752 2115 1174 2185 φοϐουμένους
1211 2116 1424 2169 αὐτόν.
1459 2109 1595 2166 Εἶτα
1632 2128 1792 2165 κατα·

1927 2103 2132 2160 Domini
2154 2107 2219 2160 ab
2259 2117 2457 2162 acterna
2483 2120 2530 2162 et
2565 2125 2726 2180 usque
2760 2111 2815 2163 in
2850 2120 3109 2167 internum
3139 2125 3298 2179 super
3329 2111 3519 2163 timen-

201 2213 359 2282 λέγει
390 2215 483 2265 καὶ
531 2211 703 2275 ἄλλας
763 2211 1028 2280 δυνάμεις
1058 2207 1153 2261 τοῦ
1202 2208 1368 2274 Θεοῦ,
1407 2209 1482 2270 ὼς
1517 2206 1637 2270 ἔθος
1694 2207 1793 2267 τοῖς

1925 2207 1986 2252 3es
2017 2215 2138 2252 eum
2170 2199 2213 2258 ⁸.
2272 2199 2479 2256 Deinde
2510 2211 2760 2257 reCetiset
2800 2213 2854 2258 et
2882 2202 3016 2257 alias
3049 2195 3143 2257 Dei
3173 2203 3408 2257 virtutes
3459 2209 3517 2256 ut

203 2305 664 2378 εὐχαριστοῦσιν.

1913 2290 2082 2345 moris
2099 2300 2184 2346 est
2207 2290 2314 2358 bis,
2339 2293 2430 2362 qui
2456 2295 2663 2364 gratias
2683 2300 2872 2365 agunt.

295 2401 588 2467 Ἐποίησε
621 2430 687 2440 —-
719 2398 932 2453 αὑτοῦ.
976 2396 1240 2468 Ἐποίησε
1269 2396 1586 2466 μεγαλεῖον,
1661 2394 1809 2447 ἐποί-

1986 2381 2148 2438 Vers.
2181 2383 2270 2438 51.
2315 2381 2465 2438 Fecit
2504 2416 2566 2425 --
2601 2403 2776 2440 suum.
2825 2385 2978 2440 Fecit
3016 2385 3475 2459 magnificentiam
3505 2429 3519 2451 ,

204 2509 314 2566 ησε
337 2493 501 2564 νίκην
559 2496 615 2546 ἐν
669 2492 903 2563 δυνάμει
958 2489 1147 2544 αὑτοῦ.
1216 2490 1276 2542 ’0
1313 2488 1556 2560 βραχίων
1593 2488 1700 2559 γὰρ
1726 2490 1796 2540 ὲνι

1930 2474 2045 2530 'ecit
2095 2477 2384 2532 victoriam
2435 2494 2534 2549 per
2583 2478 2966 2533 fortitudinem
3020 2495 3195 2534 suam.
3231 2479 3366 2540 Nam
3395 2482 3522 2536 bra-

205 2584 388 2648 ταῦθα
411 2588 513 2656 τὴν
551 2585 786 2656 δύναμιν
833 2584 1094 2656 σημαίνει
1131 2598 1144 2611 ⁸
1171 2581 1309 2635 διότι
1337 2582 1387 2634 oi
1410 2580 1797 2650 ἀγωνιζόμενοι

1927 2568 2098 2621 :liium
2133 2568 2237 2623 hoc
2265 2569 2320 2622 in
2348 2567 2470 2624 loco
2500 2571 2774 2641 signiﬁcat
2804 2569 3212 2625 fortitudinem.
3239 2570 3340 2637 Qui
3372 2572 3519 2626 enim

207 2680 268 2732 ἐν
302 2678 381 2752 τῷ
407 2678 663 2750 βραχίονι
694 2678 793 2749 τὴν
821 2676 1055 2747 δύναμιν
1096 2675 1307 2747 έχουσι.

1936 2675 1972 2713 n
2007 2661 2412 2718 certaminibus
2448 2671 2734 2733 pugnant,
2773 2661 3098 2718 in'bracbio
3137 2661 3521 2719 fortitudinem

1916 2753 2146 2808 habent.

281 2849 817 2917 Διεσκόρπισεν-
843 2845 1067 2904 αὐτῶν.
1127 2846 1270 2909 Τοὺς
1325 2846 1720 2917 ὑπερηφάνους
1753 2846 1812 2897 ἐν

1988 2843 2144 2900 Vers.
2197 2845 2286 2902 51.
2347 2846 2609 2917 Dispersit
2646 2878 2717 2888 —
2762 2849 2869 2905 sui.
2933 2849 3216 2922 Superbos
3266 2853 3323 2908 in
3377 2856 3534 2926 cogi-i

207 2945 281 3016 τῇ
319 2942 534 3013 διανοίᾳ
566 2941 667 3011 τῆς
709 2939 942 3011 καρδίας
1002 2939 1211 3004 αὐτῶν,
1262 2941 1389 3001 τοὺς
1419 2939 1799 3011 ὑπερηφάνους

1611 2939 1812 3007 eavea;
1919 2939 2125 2994 tatione
2157 2939 2340 2995 cordis
2363 2941 2473 3006 sui,
2507 2941 2778 3016 superbos
2797 2943 2944 3014 apud
2973 2945 3203 3016 seipsos.

208 3038 269 3089 ἐν
301 3037 542 3098 ἑαυτοῖς.

286 3128 546 3184 [masne
569 3158 644 3168 ——
673 3130 924 3196 κενούς.
965 3129 1174 3198 Ὅμοια
1199 3128 1374 3181 ταῦτα
1397 3128 1510 3182 τῶν
1536 3129 1638 3200 τῆς
1683 3129 1815 3183 Ἀν-

1994 3125 2150 3184 Vers.
2185 3125 2274 3183 52.
2312 3126 2563 3183 Detraxi:
2602 3157 2675 3167 -—
2714 3127 2871 3184 Vers.
2920 3128 3010 3184 53.
3057 3132 3266 3186 inanes.
3315 3131 3527 3190 Similia

208 3241 336 3295 νης,
376 3223 580 3294 μητρὸ,
615 3221 710 3275 τοῦ
744 3222 1024 3295 Σαμουὴλ,
1057 3221 1344 3292 εἰπούσης·
1383 3223 1604 3290 Κύριος
1657 3237 1800 3275 πτω·

1936 3229 2050 3276 sunt
2075 3220 2184 3285 bis,
2216 3234 2339 3290 qua:
2369 3217 2509 3273 dixit
2547 3218 2727 3282 Anna,
2766 3229 2942 3274 mater
2979 3220 3253 3277 Samuelis
3286 3241 3298 3277 :
3341 3224 3528 3279 Domi-

211 3314 360 3386 χέζει
385 3318 485 3368 καὶ
510 3312 839 3382 πλουτίζει,
871 3313 1150 3369 ταπεινοῖ
1184 3314 1284 3368 καὶ
1315 3313 1564 3383 ἁνυψοῖ.
1606 3314 1803 3368 Λοιπὸν

1933 3330 2018 3368 aus
2069 3329 2358 3384 pauperem
2390 3314 2522 3385 facit
2564 3322 2613 3368 et
2636 3313 2814 3379 ditat;
2850 3313 3100 3368 humiliat
3127 3325 3176 3369 et
3212 3316 3452 3374 sublevat
3479 3319 3525 3377 '.

211 3405 310 3464 οὖν
347 3407 690 3478 προφητεύει
721 3410 815 3462 καὶ
869 3409 998 3478 περὶ
1042 3407 1138 3460 τοῦ
1176 3407 1363 3470 ἐλέους
1415 3406 1509 3459 τοῦ
1544 3408 1626 3470 είς
1682 3407 1803 3472 τοὺς

1945 3411 2187 3479 Deinceps
2217 3424 2346 3480 ergo
2391 3407 2725 3462 vaticinamr
2752 3420 2808 3463 et
2838 3407 2907 3462 de
2951 3409 3341 3468 in’sericordia
3388 3428 3537 3486 erga-

213 3503 601 3575 Χριστιανούς.
646 3501 808 3571 Λέγει
854 3502 986 3572 γάρ·

1913 3495 2285 3558 Christianos.
2321 3500 2464 3556 Dicit
2497 3499 2644 3554 enim
2677 3516 2691 3554 :

309 3598 697 3650 Ἀντελίίϐετο
731 3627 797 3638 -——
829 3595 1042 3650 αὑτοῦ.
1090 3594 1480 3665 Ἐπεσκέψατο
1509 3597 1600 3649 τὸν
1641 3595 1816 3667 Ἰσρα-

1990 3595 2148 3652 Vers.
2177 3595 2266 3649 54.
2303 3595 2613 3650 Auxiliatus
2647 3607 2722 3648 est
2751 3625 2817 3633 —
2848 3612 2966 3649 suo.
3016 3595 3271 3652 Visitavit
3307 3598 3525 3658 Israeli-

216 3692 465 3763 ηλιτικὺν
496 3693 645 3759 λαὸν,
677 3689 770 3744 τὸν
792 3690 979 3744 δοῦλον
1009 3688 1199 3744 αὐτοῦ.
1231 3689 1406 3742 Παίδα
1454 3691 1564 3760 γὰρ
1596 3689 1690 3743 νῦν
1723 3690 1808 3742 τὸν

1933 3689 2086 3744 .icum
2116 3689 2376 3759 p0pulum
2419 3703 2604 3750 suum.
2646 3704 2867 3744 Servum
2892 3704 3090 3757 suum;
3123 3705 3358 3761 puerum
3375 3696 3525 3751 enim

215 3783 410 3837 δοῦλον
451 3783 618 3851 λέγει.

1917 3781 2052 3837 dicit
2085 3797 2238 3855 nunc.
2271 3797 2518 3836 servum.

289 3877 655 3946 Μνησθήναι
689 3874 1365 3929 -αἲῶνα.Ἀντελὰ6ετο
1421 3875 1479 3930 δὲ
1535 3877 1631 3930 καὶ
1686 3878 1820 3930 ἐπε-

1992 3876 2147 3932 Vers.
2179 3876 2267 3932 55.
2301 3877 2364 3932 δι
2411 3893 2609 3930 memor
2635 3884 2766 3930 esset
2801 3905 2867 3915 —
2896 3874 3174 3934 swculum.
3212 3880 3527 3936 Auxiliatus

218 3973 486 4041 σκέψατο,
540 3975 597 4023 ἐν
627 3972 706 4042 τῷ
763 3971 1077 4042 μνησθῆναι
1137 3969 1321 4033 ἐλέους
1353 3972 1433 4033 είς
1472 3971 1564 4026 τὸν
1618 3972 1810 4039 αἰῶνα,

1936 3979 2007 4026 I:st
2036 3981 2092 4025 et
2122 3970 2382 4026 visitavit.
2417 3979 2476 4024 ut
2499 3985 2711 4024 memor
2739 3979 2888 4025 esset
2916 3972 3313 4028 misericordia:
3343 3975 3396 4028 In
3429 3991 3528 4029 sm.

219 4069 393 4138 ⁸ξγουν
443 4067 630 4129 ἐλέους
690 4066 914 4118 αἰωνίου
945 4104 959 4129 ,
1022 4066 1207 4127 ἐλέους
1265 4065 1592 4135 διηνεκοῦς,
1636 4065 1811 4130 κ;.θὼς

1932 4066 2110 4121 culum
2148 4085 2162 4120 :
2203 4064 2321 4120 sive
2368 4065 2762 4121 misericordiae
2809 4065 3184 4136 sempiternae,
3229 4068 3524 4124 continuae.

221 4158 480 4229 ἐλάλησεο
529 4157 714 4220 καθὼς
781 4157 1158 4227 ἐπηγγείλατο
1193 4158 1335 4229 πρὸς
1389 4159 1520 4223 τοὺς
1563 4159 1813 4229 πατέρας

1938 4160 2082 4216 Sicut
2147 4162 2365 4216 locutus
2417 4169 2532 4226 est,
2597 4161 2738 4216 sicut
2807 4163 3159 4218 annuntiavit
3215 4164 3284 4220 ad
3346 4174 3530 4236 patres

217 4251 403 4322 ἡμῶν.
451 4247 584 4304 Εἶτα
615 4251 764 4320 λέγει
801 4254 897 4304 καὶ
926 4253 1070 4306 τίσιν
1103 4251 1335 4324 ἐλάλησε
1388 4255 1520 4324 περὶ
1572 4254 1669 4306 τοῦ
1708 4271 1809 4307 τοι-

1939 4262 2161 4308 ιοειτοε.
2199 4252 2408 4309 Deinde
2455 4252 2797 4319 dicitetiam,
2843 4253 3044 4323 quibus
3077 4254 3294 4311 locutus
3346 4267 3430 4311 est
3463 4259 3531 4311 de

210 4345 382 4407 ρύτου
409 4345 618 4412 ἐλέους,
647 4348 731 4400 ὅτι
764 4347 841 4416 τῷ
881 4347 1144 4419 Ἀδραὰμ
1178 4351 1275 4401 καὶ
1299 4348 1378 4418 τῷ
1415 4349 1697 4420 σπέρματι
1724 4350 1802 4403 αὖε

1939 4345 2243 4416 mjusmodi
2275 4346 2678 4414 misericordia,
2713 4347 2858 4416 quod
2889 4348 3144 4403 videlicet
3168 4350 3446 4404 Abraham
3473 4358 3531 4404 et

220 4440 343 4506 τοῦ,
372 4442 540 4511 ἤγουν
595 4441 675 4510 τῷ
720 4441 907 4496 Ἰσαὰκ
932 4445 1026 4494 καὶ
1057 4441 1135 4511 τῷ
1170 4440 1390 4506 Ἰακὼϐ,
1435 4444 1527 4495 ναὶ
1575 4443 1682 4515 μὴν
1725 4443 1812 4496 καῖ

1942 4440 2125 4495 semini
2194 4441 2354 4511 ejus,
2417 4439 2635 4496 scilicet
2691 4440 2842 4495 Isaac
2892 4450 2946 4495 et
2993 4439 3162 4497 Jacob
3219 4461 3232 4498 :
3285 4443 3534 4514 profecto

219 4537 301 4607 τῷ
336 4537 524 4590 Δαυῖδ.
562 4535 792 4598 Τούτοις
843 4536 951 4606 γὰρ
984 4535 1060 4599 ὡς
1101 4536 1539 4608 ἐπισημοτάτοις
1566 4539 1811 4609 αἱνιγμα·

1939 4541 1979 4588 3t
2033 4533 2228 4588 David.
2291 4532 2387 4588 His
2429 4533 2600 4599 enim,
2655 4543 2844 4603 utpote
2904 4534 3144 4590 maxime
3201 4537 3531 4607 insignibus.

221 4630 414 4694 τωδῶς
442 4630 817 4701 ἐπηγγείλατο
846 4634 976 4700 περὶ
1023 4630 1245 4685 τούτου.
1287 4632 1480 4695 Ἔλεος
1506 4632 1562 4684 δέ
1603 4623 1691 4696 εἰς’
1729 4633 1813 4686 τὸν

1943 4626 2269 4695 enigmatice
2292 4635 2347 4681 et
2371 4627 2438 4682 de
2461 4627 2968 4705 ho‘cannuntiavit.
3000 4627 3376 4685 Misericordia
3404 4647 3535 4688 vero

225 4724 406 4778 αἰῶνα
460 4726 492 4796 ἡ
526 4725 646 4776 θεία
679 4723 1126 4794 ἐνανθρώπησις,
1172 4726 1249 4787 ὼς
1279 4724 1347 4777 δι’
1395 4724 1545 4778 ἔλεον
1576 4725 1685 4780 τῶν
1721 4727 1817 4779 ἀν-

1940 4722 2153 4786 dicitur,
2175 4722 2481 4776 incarnatio
2499 4721 2682 4776 divina
2702 4763 2717 4787 ,
2745 4731 2935 4792 utpote
2959 4738 3059 4792 per
3075 4725 3532 4791 misericordiam,

225 4819 468 4889 θρώπων
521 4820 897 4890 γεγενημένη,
933 4823 997 4873 ἐκ
1053 4819 1374 4891 σπέρματος
1427 4821 1685 4891 Ἀϐραὰμ
1730 4823 1817 4875 καὶ

1943 4837 2039 4894 qua
2068 4820 2331 4876 misertus
2365 4831 2452 4877 est
2492 4820 2597 4875 deu
2623 4855 2652 4885 ι,
2687 4821 3007 4876 hominibus
3041 4822 3182 4878 facta
3218 4840 3286 4879 ex
3321 4828 3535 4883 semine

224 4913 334 4966 τῶν
368 4914 678 4984 εἰρημένων
719 4911 852 4964 υἱῶν
887 4915 982 4967 καὶ
1027 4915 1273 4984 ἐκγόνων
1312 4915 1503 4981 αὐτοῦ,
1546 4916 1687 4969 κατά
1723 4915 1816 4987 τὴν

1943 4915 2211 4970 Abraham
2248 4915 2635 4986 dictorumque
2671 4914 2904 4969 ﬁliorum
2926 4957 2940 4980 ,
2976 4933 3040 4970 ac
3071 4917 3140 4971 ab
3171 4933 3238 4973 eo
3272 4923 3535 4991 progeni-

223 5007 364 5079 πρὸς
410 5007 611 5070 αὐτοὺς
657 5008 1016 5076 ἐπαγγελίαν.
1483 5079 1493 5088 _

1934 5020 2137 5080 torum,
2168 5011 2319 5081 juxta
2349 5009 2773 5082 promissionem
2807 5009 2873 5064 ad
2907 5024 3004 5064 eos
3042 5010 3259 5070 factam.
3343 5077 3364 5095 '

311 5103 617 5174 Ἀπορήσει
655 5101 713 5154 δέ
745 5119 852 5167 τις,
895 5103 1014 5168 πῶς
1039 5104 1374 5160 ἀντελάϐετο
1405 5106 1502 5160 τοῦ
1542 5107 1820 5179 Ἰσραηλι-

2005 5104 2286 5160 Dubitabit
2342 5104 2562 5174 aliquis,
2621 5103 2900 5174 quomodo
2938 5105 3236 5161 auxiliatus
3290 5108 3361 5162 sit
3391 5097 3533 5163 Lens

223 5196 381 5251 τικοῦ
421 5196 553 5250 λαοῦ
588 5199 616 5250 6
638 5198 794 5262 θεὸς,
832 5201 890 5250 ἐν
920 5197 1000 5267 τῷ
1059 5199 1372 5271 μνησθῆναι
1404 5197 1498 5254 τοῦ
1556 5201 1815 5272 ῥηθέντος

1939 5200 2230 5255 Israelitico
2261 5200 2484 5271 populo,
2515 5208 2574 5253 ut
2605 5214 2816 5253 memor
2849 5209 2996 5254 esset
3021 5199 3184 5254 dicta:
3211 5200 3531 5256 misericor—

223 5291 450 5357 ἐλέους;
503 5291 612 5344 τῶν
660 5292 1011 5360 Χριστιανῶν
1063 5295 1170 5363 γὰρ
1225 5295 1427 5364 μᾶλλον
1461 5296 1815 5360 ἀντελάϐετο,

1940 5295 2426 5352 di:1:?Cbristianis
2452 5309 2689 5364 namque
2715 5293 2896 5365 potius
2918 5294 3215 5348 auxiliatos
3238 5303 3343 5359 est,
3368 5311 3532 5365 quam

227 5388 327 5441 καὶ
365 5389 426 5440 οὐ
479 5387 590 5440 τῶν
639 5387 934 5440 Ἰουδαίων.
979 5389 1122 5460 Πρὸς
1169 5388 1228 5442 ὃν
1259 5391 1679 5461 ἀποκρινόμεθα
1741 5392 1819 5443 ὅτι

1940 5384 2153 5442 ludteis.
2186 5385 2285 5440 Cui
2332 5388 2732 5457 respondemus
2755 5425 2769 5450 ,
2803 5386 2951 5457 quod
2985 5394 3144 5441 vetus
3177 5386 3346 5442 Israel
3387 5389 3532 5441 ant:-

223 5484 461 5547 παλαιὸς
496 5482 596 5552 μὲν
640 5483 858 5556 Ἰσραὴλ
904 5486 932 5538 6
987 5485 1221 5548 παλαιὸς
1258 5485 1408 5549 λαός⁶
1465 5487 1583 5549 νέος
1616 5486 1672 5539 δὲ
1721 5487 1815 5538 Ίσ-

1942 5496 2067 5550 plus
2095 5490 2179 5534 est
2209 5481 2443 5550 populus
2477 5497 2490 5546 ;
2520 5496 2696 5534 nouis
2719 5490 2904 5534 autem
2937 5480 3126 5545 Israel,
3157 5495 3332 5535 novus
3364 5495 3534 5550 popu-

227 5577 367 5646 ραὴλ
400 5578 427 5628 6
459 5576 578 5637 νέος
637 5575 788 5638 λαδς,
825 5577 852 5626 ὁ
901 5575 1286 5647 ἀντεισαχθεὶς
1338 5577 1578 5640 ἐκείνου,
1638 5578 1819 5632 τουτέ-

1937 5594 2009 5631 ηιιε
2041 5593 2139 5647 pro
2167 5577 2260 5632 illo
2292 5577 2584 5638 inductus,
2617 5577 2722 5631 hoc
2763 5585 2876 5637 est,
2915 5575 3298 5640 Christianus,
3334 5575 3427 5645 qui
3466 5591 3529 5628 ex

225 5688 346 5721 στιν
374 5670 402 5719 6
436 5669 854 5739 Χριστιανικὺς,
880 5669 909 5720 6
940 5670 1004 5723 ἐκ
1038 5672 1242 5734 παντὸς
1298 5671 1489 5734 ἔθνους
1522 5671 1817 5741 συγκείμε-

1933 5673 2073 5726 omni
2105 5685 2266 5743 gente
2294 5672 2583 5735 consistit;
2611 5671 2758 5725 hunc
2783 5687 2914 5742 ergo
2936 5671 3104 5725 Israel
3141 5672 3227 5725 hic
3263 5671 3525 5739 intelligo.

221 5780 334 5825 νος.
374 5761 575 5814 Τοῦτον
608 5759 701 5813 οὖν
734 5761 827 5814 τὸν
873 5762 1094 5832 Ἰσραὴλ
1125 5762 1361 5816 ἐνταῦθα
1395 5766 1610 5835 νόησον.
1668 5765 1732 5817 Ei
1757 5764 1813 5818 δὲ

1944 5767 2134 5831 )uodsi
2163 5767 2327 5820 etiam
2356 5777 2597 5821 veterem
2629 5765 2986 5829 intellexeris,
3008 5767 3078 5818 ita
3106 5779 3324 5834 quoque
3351 5780 3536 5816 sermo

221 5859 318 5910 καὶ
354 5855 445 5908 τὸν
485 5855 716 5908 παλαιὸν
742 5856 970 5925 νοήσῃς,
1034 5857 1272 5920 σώζεται
1316 5861 1409 5911 καὶ
1444 5858 1617 5921 οὕτως
1662 5861 1690 5912 ὁ
1731 5859 1813 5910 λόκ

1949 5858 2206 5914 ὀιιδιιιὶιλι
2239 5878 2250 5911 :
2291 5869 2515 5931 propter
2547 5857 2697 5914 illum
2731 5858 2877 5912 enim
2912 5857 3258 5929 pot:stqu
3289 5856 3535 5909 incarna-

346 6020 485 6074 νδςιι,
520 6036 611 6079 (tu.
661 6021 742 6074 Π.
843 6020 860 6048 ⁷
898 6019 1038 6092 Ποδ.
1080 6034 1139 6081 ιι,
1177 6019 1229 6071 7.

559 6121 826 6178 νηπίη..
880 6125 993 6177 tiu.
1041 6116 1309 6178 CXXIX.
3094 6114 3166 6171 ὶξὸ
