4032 6520
478 467 588 536 375

1733 466 2081 532 EUTIIYMI
2093 468 2118 530 Ι
2161 463 2528 530 ZIGABENI

3666 475 3776 539 876

476 595 572 644 tus
632 595 719 645 est
785 606 797 644 :
851 586 1049 645 deinde
1108 593 1163 642 et
1214 581 1283 640 ab
1339 583 1421 641 eis
1473 595 1705 640 matrem
1758 582 1958 656 elegit,
2015 598 2059 637 ac

2185 596 2302 652 γος.
2337 565 2417 635 Δί’
2446 579 2612 635 αὑτὸν
2645 578 2756 652 γὰρ
2791 580 3000 650 μᾶλλον
3033 581 3478 658 ὲνηνθριὶιπησεν,
3506 585 3631 641 ἐπεὶ
3677 582 3774 642 καὶ

479 691 743 754 cognatus
783 681 1002 738 illorum
1038 688 1390 752 nuncupatus
1423 687 1531 743 est,
1561 685 1615 734 et
1642 677 1783 748 apud
1827 676 1945 732 illos
1973 675 2076 731 do-

479 776 629 843 euit,
669 791 734 832 ac
763 772 1026 830 miracula
1068 781 1338 845 operatus
1372 781 1458 827 est
1492 789 1506 827 :
1541 771 1777 842 ideoque
1809 769 2029 826 dicebat
2058 785 2072 823 :

476 865 601 921 Non
627 885 745 924 sum
779 867 1109 925 [κειταιληὶσὶ
1127 866 1197 920 ad
1207 866 1443 936 perditas
1459 880 1577 920 oues
1600 864 1790 919 domus
1836 862 2073 918 Israel“.

477 959 616 1027 Quia
670 974 802 1016 vero
862 958 929 1016 In
991 975 1088 1014 sua
1137 961 1298 1028 venit,
1337 968 1386 1014 et
1425 959 1510 1011 sui
1542 973 1662 1012 eum
1714 973 1819 1010 non
1867 972 2075 1024 recepe-

478 1060 604 1105 runl
639 1051 695 1118 ',
783 1051 907 1108 ideo
967 1063 1159 1124 gentes
1214 1049 1590 1106 misericordia
1642 1049 1820 1120 digna:
1873 1047 2078 1103 habita:

478 1152 632 1200 sunt.

549 1235 705 1292 Vers.
736 1234 827 1291 56.
873 1227 1162 1300 Mansit;-
1198 1237 1388 1291 tribus.
1415 1235 1519 1291 Per
1547 1235 1889 1309 voluntatem
1924 1235 2079 1291 vide-

476 1333 606 1398 licet
635 1330 826 1402 sponsi
879 1347 897 1386 :
927 1329 1130 1401 Josepli
1165 1329 1316 1386 enim
1345 1337 1403 1384 et
1427 1328 1752 1384 Zachariam
1790 1336 1846 1383 et
1897 1328 2078 1383 Eliaa-

487 1423 618 1479 betb
647 1433 867 1480 sanctos
890 1436 1012 1478 esse
1041 1421 1269 1489 sciebat,
1297 1430 1353 1477 et
1378 1421 1563 1476 animo
1587 1421 1873 1477 laetissimo
1903 1420 2077 1493 Virgi-

483 1529 609 1568 nem
645 1513 727 1569 eis
773 1512 1048 1580 tradidit:
1084 1528 1193 1568 non
1246 1512 1447 1578 solum,
1505 1512 1632 1582 quia
1690 1513 1902 1584 cognati
1955 1513 2077 1580 ejus

475 1615 658 1672 erant,
690 1601 892 1661 verum
919 1605 1106 1670 etiam,
1136 1604 1264 1675 quia
1296 1605 1831 1675 irreprebensibiles.
1876 1602 2076 1659 Mansit

475 1709 658 1753 autem
689 1712 862 1768 usque
887 1697 955 1752 ad
981 1705 1197 1767 partum
1223 1695 1501 1754 Elizabetb
1533 1699 1678 1771 apud
1698 1699 1864 1762 illam,
1885 1706 2075 1769 utpote

474 1796 927 1862 cognoscentem,’
964 1787 1117 1859 quod
1144 1789 1198 1843 in
1233 1803 1294 1843 se
1319 1789 1584 1860 agebatur
1613 1790 1932 1858 mysterium
1970 1809 1983 1844 :
2019 1798 2076 1846 et

471 1880 544 1958 ob
572 1879 629 1935 id
651 1879 1124 1958 amantemlianc,
1145 1886 1202 1934 et
1227 1879 1297 1934 ab
1327 1879 1430 1934 bac
1454 1889 1714 1933 amatam.

534 1973 700 2031 'Vers.
734 1971 825 2042 56,
867 1953 945 2025 Et.
976 1987 1186 2026 reversa
1228 1982 1304 2026 est
1339 2001 1402 2012 -—
1428 1988 1608 2025 suam.
1645 1971 1908 2026 Devitans
1935 1985 2030 2026 eos
2051 2011 2066 2037 ,

469 2064 563 2136 qui
589 2064 661 2120 ob
686 2058 874 2119 natum
899 2061 1164 2118 infantem
1187 2058 1252 2117 ad
1271 2062 1496 2117 domum
1529 2061 1808 2120 Zacharia
1834 2077 2072 2117 concor.

470 2149 592 2211 rere
618 2155 914 2211 debebant.
947 2153 1081 2209 Erat
1107 2162 1290 2208 autem
1319 2163 1371 2209 et
1404 2149 1593 2221 moris,
1622 2163 1682 2208 ut
1704 2153 2069 2209 abscederent

466 2248 734 2321 virgines,
765 2262 890 2304 cum
921 2248 1181 2319 paritura:
1206 2255 1365 2301 erant
1407 2246 1777 2317 praegnantes.

539 2341 702 2412 Vere,
731 2339 821 2399 57.
852 2339 982 2411 Ipsi.
1010 2369 1076 2381 —
1109 2338 1268 2396 Vers.
1304 2339 1392 2396 59.
1436 2356 1688 2411 puerum.
1742 2338 2059 2397 Secundum

466 2434 667 2507 legero.

540 2527 693 2584 Vers.
749 2522 839 2584 59.
895 2523 962 2582 Et
1014 2526 1271 2581 vocabant
1311 2555 1382 2566 --
1428 2526 1778 2584 Zachariam.
1831 2525 2062 2585 Plurimi

463 2616 615 2672 enim
644 2616 736 2672 tilii
768 2627 984 2688 patrum
1015 2619 1331 2674 nominibus
1362 2620 1536 2674 vocati
1573 2632 1726 2678 sunt.

539 2712 699 2767 Vers.
737 2711 828 2767 60.
867 2712 934 2767 Et
977 2713 1304 2783 respondens
1349 2740 1420 2753 --
1460 2712 1713 2770 Joannes.
1767 2714 1813 2772 A
1843 2708 2061 2787 Spiritu

463 2813 655 2862 sancto
671 2805 784 2875 ipsa
803 2820 1018 2875 quoque
1040 2819 1238 2861 nomen
1259 2805 1414 2876 pueri
1433 2805 1696 2862 didicerat
1721 2831 1732 2864 ;
1757 2806 1882 2862 ideo
1896 2808 2060 2863 etiam

464 2901 790 2966 conabatur,
819 2909 878 2955 ut
909 2900 1026 2971 ipse
1053 2909 1340 2955 vocaretur
1365 2899 1630 2955 Joannes.

539 2994 694 3050 Vers.
722 2995 812 3049 6|.
840 2993 907 3048 Et
937 2994 1188 3048 dixerunt
1210 3023 1276 3036 -—
1303 2994 1459 3051 Vcrs.
1493 2993 1583 3049 62.
1613 3011 1752 3050 eum.
1815 2995 1960 3051 Nutu
1994 2996 2060 3050 il-

461 3089 576 3144 lum
611 3085 1038 3160 interrogabant,
1073 3087 1244 3158 utqui
1274 3088 1443 3141 etiam
1480 3086 1671 3143 audire
1704 3083 1813 3142 non
1849 3096 2057 3158 posset,

461 3179 632 3236 veluti
655 3178 910 3250 superius
937 3175 1350 3232 manifestatum
1391 3186 1494 3233 est.
1529 3176 1700 3233 Aiunt
1735 3179 1908 3242 enim,
1949 3195 2059 3232 Uno

2181 673 2240 741 ἐξ
2269 673 2452 727 αὐτῶν
2500 671 2792 740 ἐξελέξατο
2833 673 3074 745 μητέρα,
3132 674 3225 727 καὶ
3258 675 3530 746 συγγενὴς
3592 675 3776 730 αὐτῶν

2179 767 2542 839 ἐχρημάτισε,
2570 767 2664 820 καὶ
2707 765 2839 838 παρ’
2870 767 3057 830 αὐτοῖς
3087 767 3356 835 ἐδίδασκε,
3394 768 3490 822 καὶ
3526 767 3774 838 ἐθαυμα-

2177 858 2406 932 τούργει
2437 877 2451 892 ο
2483 859 2565 912 διὸ
2611 858 2707 912 καὶ
2763 859 2952 928 ἔλεγεν
3010 859 3092 912 ὅτι
3145 861 3266 914 Οὐκ
3327 859 3685 928 ἀπεστάλην
3718 865 3771 916 ει

2172 952 2260 1026 μὴ
2291 957 2379 1022 είς
2405 954 2475 1008 τὰ
2498 955 2764 1024 πρόϐατα
2797 954 2870 1008 τὰ
2900 954 3260 1008 ἀπολωλότα
3281 956 3456 1011 οἷκον
3486 953 3760 1026 Ἰσραήλ.

2193 1034 2348 1102 Ἐπεὶ
2380 1048 2436 1104 δὲ
2471 1049 2552 1112 είς
2581 1047 2651 1102 τὰ
2680 1047 2789 1102 ἴδια
2827 1041 2982 1119 ἦλθε,
3010 1048 3104 1101 καὶ
3137 1047 3187 1100 ol
3219 1047 3341 1102 ἴδιοι
3371 1048 3538 1103 αὐτὸν
3573 1049 3633 1103 ού
3664 1068 3775 1103 πα-

2181 1139 2434 1213 ρέλαϐον,
2468 1138 2658 1194 λιιπδν
2684 1139 2753 1192 τὰ
2781 1139 2910 1212 ἔθνη
2936 1141 3029 1193 τοῦ
3071 1138 3257 1204 ἐλέους
3289 1139 3626 1212 ἠξιώθησαν.

2258 1236 2491 1304 Ἔμεινε
2518 1263 2589 1274 -
2617 1232 2798 1302 τρεῖς.
2858 1232 3017 1288 Μετά
3079 1231 3309 1302 γνώμης
3366 1232 3610 1304 δηλονότι
3672 1235 3771 1287 τοῦ

2182 1327 2538 1401 μνηστῆροςο
2573 1327 2840 1398 ἐγίνωσκε
2893 1327 3004 1396 γὰρ
3055 1328 3082 1378 ὁ
3127 1326 3326 1398 Ἰωσὴφ
3377 1326 3600 1382 καὶτὸν
3659 1330 3770 1384 Ζα-

2164 1419 2384 1491 ,χαρίαν
2430 1421 2524 1472 καὶ
2562 1418 2663 1488 τὴν
2723 1417 3008 1473 Ἐλισάδετ
3061 1418 3274 1486 ἁγίους,
3312 1422 3407 1472 καὶ
3451 1421 3770 1492 περιχαρῶς

2179 1515 2370 1578 αὐτοῖς
2420 1513 2820 1568 κατεπίστευσε
2862 1511 2992 1588 ’τὴν
3041 1511 3348 1583 Παρθένον,
3387 1512 3449 1566 οὐ
3500 1515 3662 1583 μόνον
3689 1515 3768 1576 ὡς

2181 1606 2508 1675 συγγενέσιν
2536 1601 2738 1675 αὐτῆς,
2774 1602 2914 1658 ἀλλὰ
2971 1603 3066 1658 καὶ
3106 1603 3183 1669 ὡς
3222 1603 3634 1674 ἀνεπιλήπτως.
3665 1606 3767 1658 "E-

2180 1715 2338 1769 μεινε
2374 1698 2434 1753 δὲ
2496 1699 2666 1772 μέχρι
2719 1697 2815 1753 τοῦ
2867 1697 3098 1752 τοκετοῦ
3147 1698 3244 1768 τῆς
3294 1698 3576 1753 Ἐλισάϐετ
3633 1697 3768 1769 παρ’

2175 1795 2336 1864 αὐτῇ,
2369 1791 2445 1857 ὡς
2474 1793 2830 1864 γινωσκούσῃ
2859 1794 2922 1848 τὸ
2953 1792 3078 1846 κατ’
3102 1792 3277 1865 αὐτὴν
3308 1794 3637 1865 μυστήριον,
3668 1796 3765 1846 καὶ

2175 1885 2269 1952 διὰ
2288 1885 2449 1940 τοῦτο
2489 1880 2721 1958 φιλούαῃ
2746 1887 2953 1958 ταύτην
2987 1886 3082 1940 καὶ
3111 1887 3442 1962 φιλουμένῃ.

2247 1979 2362 2034 Kal
2416 1980 2807 2050 ὑπέστρεψεν
2836 1979 3138 2046 -αὺτῆς.
3199 1979 3588 2051 Εύλαϐουμένη
3637 1980 3766 2043 τοὺς

2172 2072 2262 2126 διὰ
2293 2073 2354 2127 τὸ
2415 2073 2749 2144 τικτόμενον
2811 2073 3132 2143 ὀφείλοντας
3174 2073 3492 2144 συντρέχειν
3543 2075 3636 2127 ἐπὶ
3669 2075 3765 2125 τὶν

2169 2159 2316 2218 οἷκον
2347 2161 2444 2218 τοῦ
2476 2163 2779 2234 Ζαχαρίου.
2810 2159 2920 2218 Ἦν
2949 2164 3006 2218 δὲ
3035 2165 3130 2218 καὶ
3164 2163 3284 2227 ἔθος
3319 2163 3633 2235 ὑποχωρεῖν
3660 2165 3762 2227 τᾶς

2170 2256 2505 2329 παρθένους,
2563 2258 2652 2311 ὅτε
2711 2257 2898 2328 μέλλοι
2940 2256 3056 2328 (99)
3088 2258 3297 2311 τίκτειν
3331 2258 3366 2327 ἡ
3403 2256 3513 2328 (50)
3544 2255 3760 2328 ἔγκυος.

2245 2349 2324 2419 Τῇ
2347 2349 2698 2404 -παιδὶον,
2747 2349 2906 2404 Κατά
2950 2349 3041 2404 τίον
3077 2349 3264 2421 νόμον.

2238 2536 2352 2591 Kal
2387 2534 2746 2591 ἐκάλουν-
2773 2536 3100 2607 Ζαχαρίαν.
3138 2534 3337 2593 Πολλοὶ
3370 2536 3481 2604 γὰρ
3508 2535 3616 2591 υἱοὶ
3645 2539 3759 2601 τοῖς

2163 2628 2277 2682 τῶν
2306 2631 2567 2701 πατέρων
2598 2629 2865 2701 ὀνόμασιν
2919 2629 3252 2702 ἐκλήθησαν.

2235 2720 2345 2774 Kal
2384 2720 2881 2789 ἁποκριθεῖσα-
2919 2721 3230 2796 Ἰωάννης.
3307 2723 3403 2777 Ἐκ
3435 2724 3755 2795 Πνεύματος

2163 2815 2324 2883 ἁγίου
2353 2815 2446 2866 καὶ
2477 2815 2619 2885 αὑτὴ
2658 2813 2720 2868 τὸ
2751 2816 2926 2885 ὄνομα
2958 2815 3052 2868 τοῦ
3087 2817 3282 2881 παιδὸς
3314 2819 3635 2889 μεμάθηκε.
3659 2820 3753 2872 Διὸ

2164 2908 2258 2961 καὶ
2297 2908 2618 2978 ίσχυρίσιτο
2666 2907 2922 2980 Ἰωάννην
2961 2907 3334 2981 ὀνομασθῆναι
3369 2912 3554 2968 αὐτόν.

2233 3002 2340 3056 Καὶ
2377 2997 2553 3055 εἶπον
2581 3028 2652 3040 -
2675 3002 2885 3057 αὐτόν.
2931 3004 3031 3056 Διά
3075 3004 3354 3074 νεύματος
3391 3006 3644 3074 ἠρώτων,
3673 3005 3750 3068 ὡς

2165 3093 2289 3165 μηδ’
2320 3084 2539 3147 ἀκούειν
2563 3094 2892 3168 δυναμένου,
2927 3093 3113 3160 καθὼς
3146 3097 3406 3167 ἀνωτέρω
3427 3096 3745 3166 δεδήλωται.

2161 3186 2301 3238 Φασὶ
2331 3188 2439 3263 γὰρ
2487 3185 2570 3238 ἑνί
2605 3203 2714 3240 τινι
2739 3187 2918 3259 νεύρῳ
2949 3187 3296 3242 συνδεδέσθαι
3337 3191 3435 3253 τὰς
3460 3188 3554 3242 τοῦ
3579 3188 3746 3242 ἀκού-

459 3271 702 3342 quodam
742 3282 916 3324 nervo
950 3267 1223 3340 colligatis
1253 3282 1376 3322 esse
1398 3267 1660 3324 audiendi
1691 3267 2059 3340 loquendique

2182 3297 2244 3333 :tv
2275 3279 2388 3351 (31)
2419 3282 2513 3333 καὶ
2563 3279 2656 3333 τοῦ
2710 3279 2894 3334 λαλεῖν
2948 3281 3236 3352 δυνάμεις⁶
3290 3283 3373 3336 διὸ
3404 3284 3496 3336 καὶ
3525 3285 3650 3346 τοὺς
3682 3285 3749 3336 ἐκ

447 3349 606 3420 ’νὶτεε
637 3380 650 3417 :
678 3363 804 3418 ideo
843 3377 1021 3432 neque
1047 3362 1237 3418 audire
1273 3377 1438 3434 posse
1453 3377 1570 3429 eos,
1603 3363 1696 3434 qui
1721 3365 2055 3420 anativitate

465 3458 600 3513 muti
651 3467 804 3514 sunt.
831 3455 1111 3511 Zacbaria:
1146 3471 1279 3527 ergo
1321 3457 1398 3511 ita
1441 3455 1545 3510 fuit
1575 3455 1754 3514 ablata
1813 3457 2051 3529 loquela,

459 3553 605 3609 sicut
629 3553 718 3616 iis,
748 3550 844 3622 qui
881 3565 913 3604 a
941 3549 1238 3605 Nativitate
1268 3548 1356 3604 illa
1391 3549 1590 3620 privati
1617 3553 1765 3606 sunt.

530 3646 687 3702 γεῖς.
735 3645 829 3699 65.
877 3642 946 3697 Et
981 3641 1508 3713 postulatis—ejus.
1564 3640 1887 3711 Postulatis,
1943 3662 2052 3702 non

459 3755 559 3813 per
591 3753 807 3803 vocem,
840 3737 936 3792 sed
974 3735 1234 3790 similiter
1261 3750 1358 3806 per
1385 3743 1602 3792 nutum.

529 3830 684 3886 Vers.
721 3830 812 3885 63.
876 3827 940 3891 Et
972 3828 1154 3882 mirati
1195 3836 1320 3882 sunt
1369 3829 1625 3884 universi.
1673 3829 1853 3887 Mirati
1897 3844 2048 3900 sunt,

455 3925 734 3997 quomodo
754 3923 848 3995 qui
870 3938 974 3978 nec
1006 3921 1200 3978 audire
1225 3922 1294 3977 ab
1311 3920 1626 3998 Elizabetli,
1648 3941 1751 3982 nec
1781 3927 1829 3981 ei
1865 3928 2051 3982 dicere

454 4020 560 4074 hoc
581 4025 854 4088 potuerat,
891 4031 1116 4085 cum'ea
1156 4015 1548 4071 conveniebat.
1590 4016 1902 4076 Verisimile
1965 4033 2052 4077 est

452 4109 623 4184 enim,
655 4106 940 4162 Elisabetb
997 4106 1270 4161 certiores
1319 4104 1443 4160 illos
1473 4105 1690 4173 fecisse,
1737 4111 1882 4179 quod
1937 4127 2049 4166 non

452 4217 551 4274 per
581 4201 909 4271 scripturam
938 4199 1044 4264 hoc
1083 4197 1169 4254 vel
1208 4197 1463 4267 dixisset,
1503 4200 1588 4255 vel
1628 4203 1893 4259 audisset.

530 4293 687 4350 Vers.
707 4294 797 4348 ϐό.
819 4295 1076 4362 Apertum
1096 4322 1167 4334 —-
1183 4292 1803 4367 Deum-Apertumest,
1826 4301 1914 4355 hor
1929 4301 2046 4370 Iest.

452 4385 508 4442 in
545 4388 747 4440 vocem
800 4385 1041 4440 solutum
1119 4393 1224 4439 est.
1282 4383 1635 4444 Manifestum
1693 4401 1779 4447 est
1838 4401 2045 4457 autem.

453 4479 597 4550 quod
629 4485 685 4532 et
709 4470 932 4533 auditus
952 4477 1160 4548 pariter
1187 4476 1405 4534 solutus
1444 4489 1548 4536 est.
1586 4478 1743 4538 Sicut
1769 4484 1916 4540 enim
1951 4503 2046 4557 pa-

451 4575 587 4628 riter
609 4571 824 4628 oblatus
859 4570 1060 4637 fuerat,
1099 4573 1172 4626 ita
1203 4585 1422 4644 quoque
1444 4576 1655 4645 pariter
1679 4577 1895 4634 solutus
1931 4593 2041 4635 est.

2159 3373 2389 3442 γενετῆς
2425 3370 2662 3436 ἀλάλους
2705 3373 2847 3444 μηδὲ
2877 3373 3122 3429 ἀκούειν.
3158 3373 3315 3428 Οὕτω
3350 3374 3484 3444 γοῦν
3511 3374 3743 3445 ὲσόέσθη

2157 3465 2218 3518 τὸ
2255 3466 2369 3537 (32)
2408 3466 2633 3538 φθέγμα
2666 3465 2974 3537 Ζαχαρίας,
3010 3467 3086 3530 ὡς
3111 3469 3161 3521 οί
3188 3467 3252 3520 ἐκ
3278 3467 3532 3538 γενετῆς.

2226 3654 2334 3710 Kal
2364 3655 2624 3723 αἰτήσας
2646 3685 2716 3696 ---
2740 3655 2950 3712 αὐτοῦ.
3009 3658 3253 3728 Δῐτήσας
3285 3658 3346 3711 οὐ
3381 3656 3469 3712 διὰ
3511 3658 3694 3729 φωνῆς
3721 3697 3740 3724 ,

2157 3748 2275 3802 ἀλλ’
2306 3749 2511 3819 ὁμοίως
2543 3749 2632 3803 διὰ
2656 3749 2947 3820 νεύματος.

2226 3843 2333 3896 Καὶ
2375 3842 2734 3912 ἐθαύμασαν
2758 3839 3004 3907 πάντες.
3046 3841 3422 3914 Ἐοαύμασαν,
3450 3844 3565 3908 πῶς
3601 3845 3740 3917 μήτε

2155 3936 2390 3990 ἀκοῦσαι
2440 3936 2603 3988 τοῦτο
2653 3935 2807 4005 παρὰ
2857 3934 2956 4006 τῆς
3019 3934 3323 3998 Ἐλισάϐετ,
3375 3937 3513 4008 μήτε
3567 3940 3744 3990 εἰπεῖν

2155 4028 2294 4100 αὐτῇ
2361 4027 2523 4082 τοῦτο
2583 4028 2922 4099 δυνάμενος,
2978 4029 3378 4098 συνεφώνησεν.
3424 4030 3585 4093 Εἰκὸς
3633 4030 3739 4103 γὰρ

2153 4123 2251 4193 τὴν
2292 4121 2572 4176 Ἐλισὰϐετ
2612 4121 2982 4193 πληροφορεῖν
3009 4121 3200 4174 τούτου
3213 4141 3255 4188 ε,
3283 4122 3356 4186 ὡς
3384 4123 3444 4176 ού
3479 4120 3570 4175 διὰ
3603 4138 3739 4194 γρα-

2152 4217 2259 4288 φῆς
2289 4216 2449 4270 τθῧτο
2478 4215 2646 4289 ἢ(5ὖ)
2675 4212 2852 4283 εἶπεν,
2883 4216 2916 4287 ἦ
2958 4197 3221 4287 ἤκουσεν..

2235 4309 2526 4379 Ἀνεῴχθη
2543 4339 2613 4350 -——
2632 4310 2805 4365 Θεόν.
2824 4340 2895 4350 -
2932 4307 3253 4378 Ἀνεῴχθη,
3291 4308 3544 4376 ἀντὶτοῦ,
3575 4311 3738 4365 ’Δπε-

2150 4405 2288 4476 λύθη
2314 4407 2392 4467 είς
2426 4406 2633 4474 φωνήν.
2664 4403 2836 4475 Δῆλον
2877 4402 2935 4456 δὲ
2969 4403 3080 4474 (54)
3112 4407 3193 4457 ὅτι
3228 4406 3321 4457 καὶ
3356 4407 3389 4476 ἠ
3439 4406 3578 4476 ἀκοὴ
3614 4423 3739 4458 συν-

2151 4495 2428 4566 απελύθη.
2487 4495 2706 4566 ’Ὥσπερ
2776 4495 2886 4566 γὰρ
2957 4497 3353 4569 συνεπεσχέθη,
3410 4496 3582 4560 οὕτως
3630 4499 3738 4568 ἄρα

2153 4593 2246 4643 καὶ
2285 4587 2658 4660 συναπελύθη.

519 4666 678 4723 Vers.
712 4665 802 4721 65.
835 4663 903 4720 Et
923 4665 1096 4738 factus
1119 4675 1194 4720 est
1215 4683 1499 4723 —eorum.
1521 4667 1710 4726 Timor
1735 4687 1848 4743 pra:
1862 4672 2040 4729 admio

2225 4683 2334 4737 Kal
2381 4652 2720 4755 ἐγένετα-
2750 4685 2976 4749 αὐτούς
3012 4700 3026 4715 ο
3085 4683 3252 4748 Φόϐος
3307 4686 3372 4738 ἐκ
3449 4685 3544 4739 τοῦ
3600 4687 3734 4739 0mi-

449 4777 687 4821 ratione.

520 4861 678 4916 Vers.
720 4856 809 4913 65.
870 4853 939 4910 Et
985 4857 1040 4911 in
1070 4878 1139 4897 ἀ-
1171 4858 1303 4916 hinc.
1345 4857 1476 4927 Qua:
1502 4861 1830 4917 eranteirea
1867 4848 2041 4919 mira-

2145 4795 2335 4850 ματος.

2213 4874 2323 4927 Kal
2352 4873 2421 4926 ἐν
2452 4904 2522 4916 --
2546 4873 2756 4929 ταῦτα.
2783 4874 2864 4930 Td
2891 4875 3022 4945 περὶ
3047 4876 3157 4929 τῶν
3184 4875 3493 4944 γεγονότων
3517 4874 3736 4945 θαυμά-

445 4953 756 5025 eula_laeta,
800 4953 855 5006 in
894 4951 1242 5023 impoSitione
1284 4954 1526 5009 nominis
1559 4957 1738 5026 pueri,
1763 4958 2042 5027 quomodo

2182 4984 2251 5019 ων
2313 4968 2406 5020 ἐπὶ
2436 4970 2503 5038 τῇ
2535 4967 2729 5039 κλήσει
2755 4969 2850 5023 τοῦ
2902 4970 3141 5034 παιδίου,
3178 4970 3294 5033 πῶς
3325 4987 3383 5022 τε
3417 4968 3733 5038 παραδόξως

447 5049 730 5118 in0pinate
796 5047 851 5101 in
905 5061 974 5102 eo
1030 5055 1290 5117 parentes
1343 5059 1758 5106 convenerant:
1820 5061 1875 5105 et
1929 5066 2043 5122 quo

446 5153 604 5209 pacto
640 5156 670 5195 a
699 5139 969 5195 Zacharia
1021 5132 1355 5196 mirabiliter
1409 5141 1593 5197 ablata
1628 5151 1748 5198 erat
1802 5143 2039 5216 loquelae

446 5233 687 5288 carentia
714 5250 729 5300 ;
759 5232 1018 5288 similiter
1059 5243 1114 5289 et
1137 5250 1258 5305 quae
1289 5251 1320 5288 a
1357 5235 1633 5306 principio
1659 5238 1726 5294 ad
1749 5237 2038 5298 ﬁnemus—

445 5340 549 5395 que
573 5328 941 5399 contigerant.

518 5507 539 5540 ⁸
563 5506 756 5563 Matth.
789 5524 879 5575 xv,
914 5508 1004 5565 τι.
1084 5509 1104 5541 ⁹
1140 5507 1298 5565 Joan.
1325 5526 1362 5580 ι,
1425 5512 1509 5566 Η.

2150 5059 2544 5131 συνεφώνησαν
2565 5062 2619 5115 ol
2641 5063 2973 5136 ’γεννήτορες
3005 5064 3094 5117 ἐπὶ
3124 5063 3320 5135 ταύτῃ,
3353 5063 3443 5116 καὶ
3469 5063 3582 5125 πῶς
3607 5063 3735 5116 οαυ.

2151 5156 2366 5227 μασίως
2397 5156 2645 5229 ἀπελύθη
2666 5158 2769 5230 τῆς
2800 5158 3044 5230 ἀφωνίας
3076 5160 3102 5211 ὁ
3133 5159 3434 5228 Ζαχαρίας·
3480 5159 3511 5228 ἢ
3547 5160 3639 5211 καὶ
3667 5159 3735 5212 τὰ

2145 5255 2244 5309 ἀπ’
2279 5253 2457 5326 ἀρχῆς
2493 5253 2625 5327 ἄχρι
2666 5252 2884 5317 τέλους.

1657 5605 1859 5669 Varias
1907 5605 2216 5670 lectiones
2273 5617 2340 5672 et
2378 5616 2570 5672 notae.

518 5773 632 5842 (es)
669 5775 890 5830 Μέλλει.
929 5775 991 5828 n.

516 5845 625 5917 (ᾷο)
665 5847 925 5914 Ἔγγυος,
960 5847 1229 5917 {retinenti
1258 5862 1469 5902 errore.
1507 5849 1570 5913 Α,
1609 5847 1668 5904 Β.

516 5915 626 5983 (Ill)
657 5919 857 5969 Λαλείν
884 5920 974 5968 καὶ
1012 5915 1105 5969 τοῦ
1141 5919 1388 5983 ἀκούειν,
1419 5921 1614 5973 ordine
1651 5921 1892 5977 inverso.
1929 5922 1990 5977 Β.

515 5979 625 6049 (5‘2)
664 5987 768 6043 Pro
802 5989 1141 6044 nominativo
1172 5979 1387 6046 videtur
1413 5988 1690 6060 accepisse
1735 5994 2028 6063 interpres.

2148 5779 2610 5858 ErgoZachariaa
2657 5782 2828 5850 dedit,
2885 5783 2989 5841 Sed
3031 5786 3104 5842 ita
3159 5787 3431 5858 Ζαχαρίου
3495 5793 3551 5842 et
3601 5801 3728 5846 mox

2143 5855 2276 5914 τῶν.
2313 5855 2432 5910 loco
2462 5859 2512 5908 oi
2544 5857 2835 5925 legendum
2865 5869 3027 5912 esset.

2213 5926 2326 5994 (53)
2359 5928 2455 5991 Ἥ,
2482 5938 2602 5996 pOst
2642 5930 2816 5992 τοῦτο,
2837 5929 3006 5986 deest.
3033 5929 3092 5984 Β.

2212 5996 2323 6067 (54)
2360 6000 2427 6051 Δέ
2455 5999 2658 6055 omittit
2687 6006 2752 6057 Α.
