4032 6494
304 479 407 546 87⁸1

1324 492 1713 554 COMMEN'I‘.
1760 496 1837 557 ιΝ
1881 499 2160 566 LUCAM.
2201 529 2261 540 -
2300 509 2459 573 CAP.
2508 514 2553 578 Ι.

3484 526 3589 590 878

372 598 479 656 Kal
518 600 728 656 ἔθεντο
762 630 828 643 —-
862 601 1085 659 αὐτῶν.
1116 603 1353 663 Ἕδαλον
1395 610 1590 680 ταῦτα,
1630 612 1707 673 ὡς
1741 614 1863 680 ἀξιό

2072 620 2229 680 Vers.
2276 624 2366 683 66.
2404 627 2471 685 Et
2503 646 2793 700 posuerunt
2819 668 2885 678 --
2912 656 3025 694 auo.
3094 641 3403 702 Posuerunt
3448 649 3585 718 hac,

301 695 457 763 λσγα.

370 806 664 875 Λόγον-τες
690 839 760 849 -
790 810 999 879 Eata;
1046 813 1315 885 Λέγοντες
1362 818 1815 893 ιπαπορητικῶς,
1856 821 1891 894 ἢ

296 897 662 971 λογιζόμενοι.

379 1010 569 1076 Ἄξιον
593 1011 651 1064 δὲ
694 1012 953 1085 ζητῆσαι,
984 1018 1129 1072 διατι
1157 1020 1260 1074 οὐκ
1306 1022 1557 1097 ἀπελύθη
1594 1026 1695 1097 τῆς
1737 1027 1891 1096 ἀφω-

295 1106 416 1169 νίας
457 1107 485 1159 ό
538 1108 844 1180 Ζαχαρίας,
899 1111 990 1167 ὅτε
1042 1114 1104 1168 τὸ
1135 1115 1353 1171 παιδίον
1409 1120 1701 1193 ἐγεννήθη,
1750 1122 1890 1178 ἀλλὰ

298 1199 499 1266 μᾶλλον
539 1201 629 1253 ὅτε
658 1202 756 1273 τὴν
784 1204 977 1277 κλῆσιν
1005 1207 1101 1261 τοῦ
1149 1207 1417 1281 ὀνόματος
1478 1212 1641 1267 ἔλασε
1666 1232 1682 1282 ;
1711 1215 1885 1287 Λέγο-

294 1307 396 1359 μεν
432 1290 488 1344 δὲ
510 1293 592 1345 ὅτι
625 1295 714 1348 διὰ
740 1298 840 1367 τὴν
875 1299 969 1353 τοῦ
1006 1301 1245 1370 ἀγγέλου
1266 1305 1575 1378 πρόρρησιν
1594 1324 1607 1339 ο
1627 1303 1750 1362 εῐπε
1775 1310 1886 1381 γὰρ

291 1385 441 1455 αὑτῷ
470 1389 585 1460 (55)
618 1404 635 1419 '
670 1390 827 1447 Ἰδοὺ
1006 1397 1273 1465 σιωπῶν,
1305 1401 1509 1472 καὶμὴ
1538 1404 1880 1473 δυνάμενος

285 1476 579 1546 λαλῆσαι,
609 1480 751 1550 ἄχρι
775 1480 851 1555 ἧς
879 1485 1107 1555 ἡμέρας
1133 1488 1378 1559 γένηται
1432 1494 1643 1551 ταῦτα.
1696 1495 1884 1554 Εἰπὼν

289 1568 420 1662 γαρ,
452 1571 535 1624 ὃτι
566 1575 756 1629 ταῦτα
791 1578 857 1632 τὰ
903 1579 1000 1633 δύο
1035 1582 1259 1650 πάντως
1319 1586 1618 1657 δεδήλωκε,
1663 1591 1765 1662 τήν
1821 1609 1881 1647 τε

286 1661 544 1733 γέννησιν
593 1667 690 1720 καὶ
741 1668 841 1740 τὴν
904 1671 1100 1743 κλῆσιν
1150 1677 1245 1732 τοῦ
1298 1678 1565 1750 ὀνόματος
1596 1722 1612 1748 ,
1642 1661 1759 1738 ἀλλ’
1817 1686 1879 1740 οὐ

283 1753 578 1848 μόνηνητὴν
606 1762 885 1832 γέννησιν,
918 1765 1008 1821 ἴνα
1036 1767 1135 1822 καὶ
1173 1770 1236 1824 τὸ
1270 1770 1460 1843 θαῦμα
1488 1776 1721 1847 γένηται
1778 1778 1879 1848 τῆς

275 1846 372 1898 ἐπὶ
410 1847 491 1918 τῷ
524 1850 759 1922 ὀνόματι
793 1857 1143 1927 συμφωνίας.

351 1965 462 2019 Kal
484 1968 618 2037 χεὶρ
642 1999 709 2012 -
738 1972 942 2028 αὐτοῦζ
976 1974 1240 2048 Δύναμις,
1264 1980 1427 2053 χάρις
1447 1984 1607 2040 Θεοῦ.

348 2057 461 2113 Καὶ
488 2062 790 2131 Ζαχαρίας
815 2096 881 2105 -—
902 2068 1110 2123 αὑτοῦ.
1129 2070 1263 2141 Περὶ
1284 2074 1384 2144 τῆς
1406 2074 1875 2149 ένανθρωπήσιως

277 2149 373 2203 τοῦ
410 2151 656 2222 Χριστοῦ
691 2156 868 2211 ταῦτα
917 2163 1323 2233 προεφήτευσε.
1384 2167 1487 2222 Διά
1527 2154 1735 2240 ταύτης
1766 2173 1874 2241 γὰρ

274 2242 626 2313 ἐπεσκέψατο
655 2247 752 2301 καὶ
791 2250 1142 2325 ἑλυτρώσατο
1178 2256 1271 2311 τὸν
1317 2259 1445 2314 λαὸν
1473 2263 1639 2318 αὑτοῦ
1680 2268 1744 2319 ὲκ
1770 2267 1874 2337 τῆς

276 2338 623 2429 τυραννίδος,
662 2342 722 2393 οὺ
776 2343 942 2413 μόνον
981 2347 1091 2400 τῶν
1146 2350 1399 2421 ἀοράτων
1449 2356 1682 2429 ἐχθρῶν,
1734 2361 1872 2415 ἀλλά

276 2427 519 2520 καὶτῶν
569 2435 808 2501 ὁρατῶν,
888 2437 963 2502 ὡς
1002 2440 1078 2510 μὴ
1111 2441 1430 2514 δυναμένων
1481 2427 1885 2520 περιγενέσθαι-

271 2519 373 2591 τῆς
425 2522 663 2590 πίστεως
709 2528 898 2584 αὑτοῦ.
950 2532 1094 2587 Λαδν
1143 2535 1197 2589 δὲ
1235 2538 1402 2592 αὑτοῦ
1431 2545 1870 2615 προηγουμένως

275 2612 401 2710 μῖὶν,
453 2616 570 2710 Δτὸν
650 2621 880 2675 παλαιόν
926 2640 943 2655 ο
1012 2625 1225 2683 ἐκείνου
1326 2632 1385 2685 δὲ
1464 2612 1868 2710 ἀπειθήσαντος

269 2704 364 2758 τὸν
406 2706 526 2762 νέον
558 2708 764 2765 λοιπόν.
828 2714 915 2778 Ὠς
962 2722 1306 2791 γεγενημένα
1350 2723 1405 2777 δὲ
1457 2726 1607 2795 λέγει
1655 2704 1726 2784 τὰ
1773 2748 1868 2800 γε·

270 2799 569 2869 νησόμενα,
618 2804 770 2874 νόμῳ
822 2810 1184 2880 προφητείας.

354 2920 521 2974 Ἀλλὰ
552 2923 665 2986 πῶς
688 2924 910 2994 λέγεται
935 2928 1072 2994 Θεὸς
1115 2933 1209 2986 τοῦ
1256 2934 1473 3007 Ἰσραὴλ
1521 2938 1633 3009 (56)
1668 2939 1864 3009 μόνονς

269 3014 381 3067 Καὶ
407 3016 515 3086 γὰρ
550 3020 610 3070 οὐ
641 3017 750 3072 τῶν
795 3021 1153 3093 Ἰσραηλιτῶν
1186 3029 1350 3095 μόνον
1396 3031 1515 3083 ἐστὶ
1544 3031 1699 3094 Θεὸς,
1729 3032 1866 3085 ἀλλὰ

267 3108 362 3158 καὶ
391 3107 610 3162 πάντων
646 3111 755 3165 τῶν
788 3114 1116 3185 ἀνθρώπων,
1177 3119 1253 3183 ὡς
1314 3121 1538 3175 πάντων
1595 3125 1858 3196 Ποιητής.

264 3198 413 3251 Διότι
442 3199 553 3255 τῶν
591 3203 690 3271 μὲν
721 3203 899 3258 ἄλλων
954 3208 1175 3262 πάντων
1247 3211 1557 3282 ἀνθρώπων
1614 3216 1864 3270 ἀκόντων

2000 726 2258 788 tanquam
2294 723 2636 781 admiranda.

2069 827 2226 887 νει-ε.
2246 831 2334 887 66.
2367 834 2611 894 Dicente:
2641 870 2709 880 —
2738 842 2882 901 erit?
2919 844 3173 903 Dicentes
3216 847 3586 909 dubitantium

1995 932 2168 986 more,
2202 932 2298 979 aut
2336 927 2665 999 cogitantes.

2066 1031 2260 1102 Operae
2296 1038 2531 1107 pretium
2563 1051 2649 1097 est
2679 1054 2863 1099 autem
2897 1062 3167 1116 quaerere,
3199 1064 3371 1119 quare
3409 1050 3586 1107 ablata

1993 1139 2106 1179 non
2124 1135 2210 1181 est
2237 1143 2269 1182 a
2295 1127 2559 1186 Zacharia
2590 1133 2821 1204 loquela:
2864 1140 3130 1201 carentia.
3184 1142 3406 1210 quando
3450 1157 3587 1211 puer

1992 1225 2157 1272 natus
2189 1227 2299 1287 est,
2331 1220 2427 1276 sed
2462 1220 2647 1291 potius
2677 1228 2900 1296 quando
2921 1243 3122 1285 nomen
3155 1233 3404 1304 accepit?
3436 1232 3587 1293 Dici-

1990 1325 2135 1377 mus,
2159 1313 2307 1383 quod
2340 1325 2564 1385 propter
2586 1318 2761 1391 angeli
2780 1321 3098 1378 vaticinium
3122 1342 3137 1379 :
3167 1326 3582 1388 dixeratenim:

1989 1404 2057 1458 Et
2093 1423 2206 1460 ecce
2238 1409 2343 1462 eris
2360 1420 2555 1475 mutua,
2586 1429 2680 1467 nec
2710 1412 2854 1481 loqui
2881 1418 3096 1485 poteris,
3126 1435 3289 1490 usque
3303 1424 3378 1476 ad
3418 1425 3580 1492 diem,

1988 1513 2093 1567 quo
2126 1498 2472 1589 inuitem".
2509 1503 2791 1575 Siquidem
2817 1507 3008 1564 dicens
3047 1510 3197 1576 Haec,
3230 1515 3338 1569 duo
3392 1518 3583 1589 utique

1989 1588 2387 1659 manifest‘avit,
2427 1595 2773 1652 nativitatem
2813 1596 3070 1655 videlicet
3095 1616 3158 1657 ac
3186 1604 3430 1661 nominis
3481 1588 3585 1663 im-

1988 1683 2345 1754 positionem,
2382 1704 2496 1744 non
2537 1698 2723 1745 autem
2753 1690 2925 1745 solam
2949 1693 3324 1751 nativitatem:
3359 1707 3418 1753 ut
3447 1713 3581 1757 con-

1986 1779 2260 1834 venientia
2299 1780 2355 1835 in
2383 1781 2611 1837 nomine
2644 1783 2703 1837 ﬁt
2737 1781 2902 1838 etiam
2940 1784 3289 1844 miraculum.

1907 1978 1957 2039 B
2061 1984 2214 2042 Vens.
2247 1986 2337 2043 66.
2373 1988 2439 2042 Et
2474 2007 2665 2046 manus
2687 1992 2894 2048 -—-illo.
2928 1991 3114 2051 Virtus
3142 2010 3206 2052 ac
3224 1997 3401 2067 gratia
3452 1999 3574 2057 Dei.

2055 2080 2212 2136 Vers.
2240 2080 2332 2135 67.
2368 2080 2436 2136 Et
2468 2081 2765 2139 Zacharias
2799 2115 2865 2126 —
2892 2102 3023 2141 sum.
3051 2088 3180 2144 Haec
3246 2089 3317 2146 de
3368 2091 3574 2148 Christi

1980 2173 2361 2230 incarnatione
2397 2175 2693 2246 prophetat
2745 2194 2758 2231 :
2808 2192 2909 2247 per
2953 2178 3093 2235 hanc
3130 2180 3279 2235 enim
3332 2182 3577 2239 visitavit

1978 2282 2044 2323 ac
2069 2268 2302 2323 redemit
2339 2270 2605 2339 populum
2640 2279 2827 2334 suum,
2860 2286 2972 2325 non
3005 2272 3183 2327 solum
3222 2290 3253 2327 a
3280 2275 3575 2346 tyrannide

1980 2361 2220 2418 hostium
2245 2362 2624 2430 invisibilium,
2652 2364 2749 2419 sed
2768 2365 2933 2419 etiam
2962 2365 3286 2431 visibilium,
3305 2370 3575 2426 utvideli—

1976 2464 2064 2511 cet
2094 2455 2255 2510 [idem
2276 2457 2396 2526 ejus
2426 2471 2692 2527 superare
2718 2473 2828 2513 non
2856 2460 3088 2528 possint.
3121 2458 3388 2531 Populum
3408 2478 3569 2518 suum

1975 2559 2192 2618 autem;
2246 2552 2428 2621 primo
2491 2554 2713 2621 quidem
2772 2564 3052 2621 veterem;
3117 2556 3209 2611 illo
3269 2572 3400 2615 vero
3455 2574 3569 2614 non

1976 2644 2260 2707 credente,
2298 2644 2651 2715 postmodum
2692 2661 2923 2703 novum.
2968 2648 3108 2704 Dicit
3143 2660 3325 2705 autem
3354 2665 3419 2707 ea
3447 2668 3570 2722 qua:

1976 2735 2157 2789 futura
2190 2746 2342 2803 sunt,
2379 2745 2638 2808 tanquam
2664 2753 2729 2793 ea
2763 2755 2884 2809 quae
2913 2739 3055 2796 facta
3082 2750 3230 2807 sunt,
3268 2758 3420 2797 more
3444 2758 3569 2813 pro-

1974 2827 2192 2898 phetiae.

2043 2944 2247 2999 Verum
2277 2944 2552 3015 quomodo
2582 2945 2782 3002 dicitur
2811 2946 2954 3002 Deus
2983 2948 3155 3004 solius
3194 2947 3381 3015 Israel,
3439 2963 3567 3005 cum

1971 3052 2081 3089 non
2121 3045 2330 3091 tantum
2358 3038 2727 3093 lsraelitarum
2769 3040 2908 3093 Deus
2938 3041 3029 3106 sit,
3062 3039 3159 3095 sed
3209 3050 3264 3095 et
3317 3040 3566 3096 omnium

1974 3126 2280 3193 hominum,
2318 3137 2507 3197 utpote
2547 3128 2794 3184 omnium
2830 3130 3094 3184 creator?
3152 3130 3294 3197 Quia
3334 3142 3567 3187 caetero-

1974 3233 2094 3271 rum
2134 3218 2357 3288 quidem
2394 3219 2642 3275 omnium
2679 3221 2969 3275 hominum
3038 3222 3183 3278 Deus
3236 3234 3375 3290 erat,
3433 3224 3567 3296 ipsis

262 3290 382 3343 ἐστὶ
417 3289 579 3359 Θεὺς,
605 3294 715 3347 τῶν
764 3297 1117 3369 Ἰσραηλιτῶν
1149 3300 1204 3353 δὲ
1234 3304 1415 3372 μόνων
1476 3304 1710 3360 ἑκόντων
1742 3310 1863 3359 κατ’

1980 3310 2132 3365 etiam
2191 3312 2533 3368 nolentibus.
2585 3312 2839 3368 Solorum
2904 3323 3087 3370 autem
3162 3316 3564 3383 lsraelitorum,

261 3382 587 3450 ἐπίγνωσιν.
646 3389 740 3459 Μὴ
776 3388 1087 3463 θορυϐηθῇς
1118 3394 1175 3447 δὲ
1209 3394 1305 3448 ἐπὶ
1329 3399 1394 3466 τῇ
1426 3397 1719 3473 δυσχερείᾳ
1750 3400 1861 3454 τῶν

1980 3403 2369 3469 ultroncorum,
2400 3414 2457 3460 et
2478 3421 2576 3475 per
2602 3406 2995 3477 cegnitionem.
3028 3405 3563 3465 Neturberisautem

260 3474 357 3525 τοῦ
409 3476 682 3547 Ζαχαρίου
728 3479 911 3551 ῥητῶν
940 3498 953 3513 ο
1003 3483 1231 3538 τοιαῦτα
1263 3485 1373 3553 γὰρ
1408 3487 1477 3540 τὰ
1507 3491 1856 3561 προφητικάο

268 3567 661 3640 Πειρασόμεθα
696 3573 753 3626 δὲ
796 3577 1109 3646 σαφηνίσαι
1139 3578 1339 3645 ταῦτα,
1367 3581 1507 3633 κατὰ
1537 3581 1635 3653 τὴν
1667 3586 1855 3655 ἐπιχο·

262 3666 615 3738 ρηγουμινην
650 3669 782 3739 ἡμῖν
814 3671 1040 3739 γνῶσιν.

324 3857 737 3928 Καὶῆγειρε-
764 3860 975 3916 αὑτοῦ.
1020 3863 1093 3919 Τὸ
1118 3863 1287 3934 κέρας
1322 3865 1558 3921 ἐνταῦθα
1611 3869 1642 3939 ἢ
1697 3869 1853 3941 βασι-

253 3948 403 4005 λείαν
435 3950 606 4021 δηλοῖ,
639 3953 773 4007 δίοτι
806 3956 864 4008 ἐν
897 3956 1091 4027 κέρατι
1116 3958 1166 4010 οἰ
1201 3958 1452 4028 βασιλεῖς
1492 3962 1737 4032 ἐχρίοντο
1758 3966 1852 4019 καὶ

254 4046 728 4115 προεχειρίζοντο.

327 4139 400 4191 Ἤ
421 4137 652 4209 δύναμιν
688 4140 981 4211 σημαίνει·
1007 4142 1141 4195 διότι
1170 4144 1228 4195 ὲν
1265 4146 1459 4217 κέρατι
1493 4146 1592 4218 τὴν
1618 4148 1849 4222 δύναμιν

248 4230 435 4302 έχουσι
464 4233 646 4286 πάντα
677 4234 745 4286 τὰ
764 4236 1089 4307 κερασφόρα
1128 4236 1270 4302 ζῶα.

314 4448 502 4520 Κέρας
534 4448 591 4501 δὲ
620 4448 718 4516 οὐχ
755 4447 975 4515 ἁπλῶς,
1008 4446 1147 4503 ἀλλὰ
1180 4451 1480 4520 σωτηρίας,
1519 4453 1696 4523 ἧγουν
1740 4470 1842 4507 σω-

244 4544 460 4615 τήριον.
493 4542 789 4595 Βασιλείαν
818 4542 875 4595 δὲ
920 4544 1012 4596 καὶ
1056 4542 1294 4615 δύναμιν
1337 4547 1638 4618 σωτήριον,
1692 4547 1841 4617 λέγει

240 4637 331 4691 τὸν
356 4636 618 4709 Χριστὸν,
648 4637 724 4701 ὠς
744 4636 972 4707 βασιλέα
994 4638 1104 4690 τῶν
1127 4638 1533 4709 βασιλευόντων
1558 4644 1656 4696 καὶ
1679 4644 1841 4697 δύνα-

1964 3505 2189 3566 pr0pter
2262 3495 2643 3553 difﬁcultatem
2736 3512 2987 3563 eorum,“
3021 3516 3143 3570 qua:
3204 3516 3235 3555 a
3294 3500 3558 3556 Zacharia

1960 3587 2222 3643 dicuntur
2250 3605 2265 3654 ;
2293 3604 2421 3644 nam
2454 3591 2771 3661 huiusmodi
2803 3602 2931 3648 sunt
2964 3593 3326 3664 prophetica;
3377 3601 3558 3649 tenta-

1961 3682 2145 3738 bimus
2183 3690 2369 3739 tamen
2398 3700 2462 3739 ca
2496 3686 2650 3755 juxta
2682 3686 2864 3742 datam
2930 3686 3087 3742 nobis
3138 3687 3557 3758 intelligentiam

1960 3776 2278 3845 explanare.

2031 3868 2190 3926 Vers.
2225 3870 2315 3927 69.
2352 3872 2423 3927 Et
2487 3874 2747 3928 erexit—
2796 3874 2952 3930 νοτε.
3004 3874 3095 3933 70.
3146 3892 3388 3931 suorum.
3450 3873 3557 3931 Per

1956 3982 2155 4032 cornu,
2186 3982 2416 4037 regnum
2446 3968 2539 4024 hic
2566 3969 2821 4041 intelligit
2854 3986 2868 4024 :
2900 3969 3029 4040 quia
3061 3986 3161 4040 per
3183 3985 3359 4026 cornu
3394 3986 3553 4043 reges

1956 4061 2376 4131 inungebantur
2411 4074 2475 4117 ac
2496 4060 2959 4134 designabantur.

2025 4155 2138 4209 Aut
2165 4153 2437 4225 signiﬁcat
2488 4154 2815 4224 potentiam.
2880 4154 2939 4209 ln
2994 4170 3172 4210 cornu
3230 4155 3379 4212 enim
3437 4156 3553 4212 for-

1954 4246 2246 4301 titudinem
2272 4246 2479 4301 habent
2496 4261 2692 4301 omnes
2718 4246 3031 4302 animantes
3084 4263 3295 4303 cornua
3354 4265 3552 4320 geren-

1954 4350 2056 4396 tes.

2018 4449 2206 4505 Cornu
2236 4465 2368 4507 vero
2394 4451 2740 4522 simpliciter,
2778 4452 2875 4507 sed
2899 4450 3115 4518 salutis,
3149 4454 3267 4509 sive
3280 4454 3541 4513 salutare.

1946 4541 2201 4613 Regnum
2243 4552 2428 4599 autem
2463 4553 2519 4600 et
2548 4544 2852 4616 potentiam
2884 4543 3182 4601 salutarem
3219 4547 3355 4603 dicit
3380 4548 3548 4605 Chri-

1945 4646 2115 4705 stum,
2143 4646 2336 4709 utpote
2369 4653 2555 4710 regem
2592 4638 2967 4708 regnantium,
2998 4650 3054 4695 et
3096 4642 3402 4712 potentiam
3449 4660 3546 4716 pa-

242 4748 335 4801 μιν
371 4708 467 4786 τοῦ
501 4732 737 4803 [ἰατρὸς.
789 4734 883 4786 καὶ
918 4731 1151 4804 Σωτῆρα
1191 4733 1302 4787 τῶν
1342 4736 1713 4791 πιστευόντων
1756 4740 1838 4802 εἰς

1980 4731 2071 4799 ris,
2128 4708 2583 4788 acVSalvatorem
2636 4732 2691 4787 in
2748 4748 2810 4788 se
2873 4735 3244 4790 credentium.
3306 4735 3541 4793 Domum

236 4821 421 4876 αὐτόν.
450 4816 615 4877 Οἷκον
653 4823 709 4877 δὲ
740 4825 847 4877 νόει
894 4823 953 4877 τὸ
984 4823 1141 4892 γένος
1163 4823 1258 4878 τοῦ
1288 4825 1474 4880 Δαυϊδ.
1508 4827 1679 4895 Φησὶν
1739 4823 1835 4882 οὖν

233 4915 319 4969 ὅτι
371 4917 669 4988 ἀνέστησεν
703 4919 835 4989 ἡμῖν
906 4918 985 4989 τῷ
1033 4918 1149 4989 λαῷ
1197 4919 1365 4973 αὐτοῦ
1437 4920 1724 4991 βασιλείαν
1798 4923 1831 4995 ἢ

233 5008 465 5081 δύναμιν
508 5014 777 5083 σωτήριον
839 5014 904 5067 ὲκ
935 5014 1126 5082 γένους
1155 5014 1355 5077 Δαυϊδ,
1386 5014 1483 5069 τοῦ
1520 5015 1711 5069 δούλου
1736 5016 1832 5069 αὐ-

232 5102 349 5159 τοῦ.
411 5105 505 5158 Ἐκ
536 5106 852 5177 σπέρματος
887 5106 999 5178 γὰρ
1028 5108 1195 5162 Δαυῐδ
1216 5103 1286 5180 ἦν
1318 5109 1353 5178 ὴ
1396 5107 1701 5181 Παρθένος,
1726 5108 1833 5178 ἀφ’

231 5192 349 5269 ἦςό
383 5198 621 5265 Χριστὸς
677 5199 1032 5271 γεγέννηται.
1073 5200 1249 5255 Τοῦτο
1295 5202 1353 5255 δὲ
1392 5201 1723 5272 πεποίηκεν,
1756 5203 1839 5269 ὡς¹

1944 4827 2110 4883 etiam
2146 4825 2421 4899 intelligit,
2463 4826 2688 4883 domum
2739 4827 2930 4884 David.
2982 4829 3124 4885 Dicit
3176 4846 3325 4903 ergo,
3393 4836 3539 4904 quod

1945 4919 2383 4975 instituitnobis
2409 4918 2615 4991 populo
2668 4936 2771 4976 suo
2828 4938 3061 4992 regnum
3122 4932 3179 4978 et
3234 4928 3541 4996 potentiam

1944 5010 2245 5065 salutarem
2270 5027 2302 5067 e
2333 5026 2538 5082 genere
2565 5011 2734 5067 David
2762 5014 2907 5069 servi
2939 5013 3047 5069 sui.
3086 5014 3130 5071 Δ
3154 5031 3356 5087 genere
3387 5019 3540 5075 enim

1946 5104 2115 5159 David
2146 5104 2521 5160 descendebat
2583 5104 2772 5178 Virgo,
2825 5120 2891 5162 ex
2919 5121 3027 5177 qua
3079 5104 3335 5163 Christus
3374 5118 3540 5165 natus

1942 5209 2049 5253 est.
2086 5196 2443 5253 Fecitautem
2462 5198 2588 5262 hoc,
2622 5197 2763 5253 sicut
2784 5201 3117 5269 promiserat
3155 5215 3254 5270 per
3284 5216 3347 5257 os
3407 5218 3538 5258 san-

230 5289 600 5359 ἐπηγγείλατο
634 5291 725 5345 διὰ
775 5291 1047 5362 στόματος
1091 5293 1203 5347 τῶν
1232 5292 1428 5362 ἁγίων,
1458 5294 1664 5366 δηλαδὴ
1715 5295 1827 5347 τῶν

1980 5300 2177 5359 lorum,
2204 5292 2462 5347 videlicet
2511 5293 2929 5363 prophetarum,
2974 5294 3069 5365 qui
3124 5295 3253 5351 olim
3285 5294 3531 5352 fuerunt.

227 5381 465 5438 ἔκπαλαι
497 5385 818 5457 προφητῶν.
841 5387 1106 5441 Διάὑτῶν
1150 5388 1261 5459 γὰρ
1284 5388 1659 5457 ἐπηγγείλατο
1686 5390 1818 5443 ἀνα-

1935 5384 2042 5443 Per
2082 5386 2231 5457 ipsos
2261 5387 2404 5441 enim
2443 5385 2777 5457 promiserat
2806 5402 2990 5463 regem
3048 5390 3391 5447 exoriturum
3433 5406 3535 5461 po-

229 5480 450 5547 στήσειν
474 5479 699 5550 βασιλέα
731 5480 958 5535 δυνατὸν
983 5482 1041 5533 ἐν
1068 5482 1205 5552 οῐκῳ
1232 5481 1418 5546 Δαυῖδ,
1456 5484 1690 5553 Σωτῆρα
1725 5483 1821 5537 τοῦ

1980 5489 2139 5534 :ntem
2173 5480 2227 5534 in
2257 5480 2422 5535 domo
2462 5479 2655 5549 David,
2694 5479 3034 5541 Salvatorem
3086 5482 3277 5544 Israel.
3318 5484 3385 5541 Et
3426 5484 3533 5541 hoc

238 5571 476 5643 Ἰσραήλ.
508 5574 616 5627 Καὶ
658 5573 818 5628 τοῦτο
867 5575 1181 5629 διδάσκουσι
1228 5574 1435 5646 ψαλμοὶ
1488 5576 1674 5629 πολλοί
1727 5575 1823 5629 τοῦ

1980 5583 2134 5631 ocent
2158 5574 2318 5631 multi
2354 5576 2552 5632 Psalmi
2580 5574 2769 5633 David.

228 5665 409 5719 Δαυῖὄ.

295 5807 338 5838 ιο
362 5807 493 5863 Luc.
530 5823 569 5875 ι,
595 5810 688 5865 ΞΟ.

1428 5882 1626 5944 Varia)
1661 5882 1973 5945 lectiones
2016 5891 2077 5945 et
2122 5892 2318 5951 notas.

287 5958 400 6028 (σε)
437 5960 549 6016 Καὶ
576 5961 711 6015 ἰδού.
743 5962 806 6017 B.

288 6030 401 6090 (56}
438 6034 639 6089 Μόνον.
673 6032 731 6088 Β.
768 6034 917 6091 idem
950 6048 1075 6089 mox
1124 6034 1288 6090 habet
1330 6037 1527 6107 μένων,
1573 6049 1673 6108 pro
1706 6049 1889 6107 μονον.
