4032 6506
485 443 591 508 879

1725 446 2112 508 EUTHYMU
2155 445 2328 506 ΖιοΑ
2343 446 2521 508 DENI

3652 450 3763 514 880

563 553 714 612 Vers.
778 556 867 612 7i.
929 559 1169 615 Salutem
1208 590 1274 600 —
1307 577 1420 616 nos.
1488 560 1675 616 Erexit
1727 571 1911 616 autem
1967 561 2053 617 hoc

2248 563 2556 629 Σωτηρίαν
2577 591 2644 602 -
2661 559 2843 632 ἡμᾶς.
2869 563 3098 636 Ἥγειρε
3116 563 3171 618 δὲ
3199 562 3312 634 (57)
3337 571 3395 616 το
3422 563 3588 635 κέρας
3616 564 3763 616 τοῦτ(

480 664 677 716 cornu,
706 651 936 706 salutem
968 651 1022 707 et
1050 653 1484 723 redemptionem
1512 654 1582 710 ab
1605 654 1843 710 inimicis
1874 657 2078 712 nostris

482 740 730 800 visibilus
754 754 808 799 et
833 745 1339 802 invisibilibibihus.

536 834 710 890 ‘Vers.
741 835 827 890 72.
874 835 938 892 Ut
964 838 1365 907 faceret—sui.
1399 838 1672 897 Faciendo
1699 841 2075 897 misericordia

477 941 604 980 cum
637 927 884 995 patribus
914 930 1138 995 nostris,
1168 933 1285 988 sive
1325 933 1642 989 miserendo
1671 943 1885 1004 patrum
1941 950 2073 988 nos-

477 1028 706 1080 trorum.
769 1019 838 1075 ad
903 1036 1042 1090 quos
1114 1021 1257 1079 facta
1328 1034 1412 1081 est
1503 1025 1800 1096 promissio
1881 1024 2073 1080 salutis

474 1121 703 1176 nostra,
735 1120 791 1166 et
846 1126 944 1182 per
1004 1112 1127 1169 illos
1187 1115 1443 1172 habendo
1498 1117 1663 1188 hujus
1721 1117 2070 1172 memoriam.

474 1199 888 1257 Testamentum
975 1203 1122 1259 enim
1206 1215 1386 1272 vocat,
1447 1207 1910 1279 promissionem:
1968 1208 2072 1263 hu-

465 1291 558 1361 jus
622 1302 805 1349 autem
865 1295 1208 1364 memoriam,
1255 1297 1697 1354 terminationem
1717 1313 1782 1353 ac
1809 1298 2067 1370 comple-

471 1394 742 1440 mentum.

540 1473 700 1533 Vers.
759 1477 846 1532 75.
877 1475 1258 1550 Jurirjurandi
1284 1479 1898 1536 -—nostrum.Utetiam
1944 1495 2066 1536 me-

467 1580 590 1620 mor
623 1575 772 1622 esset
798 1567 1181 1638 jurisjurandi,
1215 1571 1360 1641 quod
1387 1571 1618 1642 juravit,
1651 1571 1757 1626 hoc
1784 1580 1890 1637 est,
1921 1587 2058 1627 con-

466 1656 813 1724 'tirmationis,
851 1676 1014 1730 quam
1043 1661 1388 1718 continuavit
1422 1663 1490 1717 ad
1521 1663 1801 1718 Abraham
1846 1674 2062 1734 patrem

466 1757 754 1805 nostrum:
783 1751 1169 1822 jusjurandum
1204 1755 1350 1809 enim
1384 1755 1505 1822 Dei,
1554 1755 1901 1811 conﬁrmatio
1955 1766 2058 1812 est.

463 1839 845 1897 lndiﬂ‘erenter
902 1855 1085 1900 autem
1143 1845 1367 1902 verbum
1404 1847 1770 1917 μνησθῆναιιι
1822 1847 2061 1919 genitivo

2183 659 2460 728 σωτηρίαν
2508 659 2641 728 ἡμῖν
2677 656 2792 728 (58)
2828 656 2923 710 καὶ
2955 657 3225 729 λύτρωσιν
3252 657 3312 724 ἐξ
3343 655 3551 729 ἐχθρῶν
3581 658 3764 728 ἠρῶ-ι,

2179 750 2434 821 ἀοράτων
2465 751 2564 804 καὶ
2592 749 2826 821 ὁρατῶν.

2253 839 2514 909 Ποιῆσαι
2532 869 2603 879 -
2621 840 2830 895 αὐτοῦ.
2850 839 2941 896 Ἐν
2973 840 3051 910 τῷ
3070 842 3295 911 ποιῆσαι
3320 840 3468 905 ἔλεος
3493 841 3629 912 μετὰ
3651 841 3758 896 τῶν

2177 930 2431 997 πατέρων
2459 931 2642 1001 ἡμῶν,
2674 932 2842 1002 ἠγουν
2903 933 2961 985 ὲν
3007 932 3083 1003 τῷ
3111 933 3335 1004 ἐλεῆσαι
3364 933 3488 997 τοῦς
3522 935 3768 1005 πατέρας

2176 1025 2360 1096 ἡμῶν,
2408 1025 2546 1095 πρὸς
2591 1023 2687 1089 οὒς
2731 1027 2763 1097 ή
2798 1022 3105 1095 ἐπαγγελία
3138 1025 3237 1097 τῆς
3278 1025 3550 1098 σωτηρίας
3584 1027 3762 1098 ἡμῶν,

2173 1119 2268 1173 καὶ
2293 1119 2359 1172 δι’
2387 1120 2629 1185 ἐκείνους
2661 1121 2970 1193 μνησθῆναι
2992 1122 3218 1191 ταύτης.
3245 1121 3523 1192 Διαθήκην
3546 1125 3652 1191 γὰρ
3674 1123 3760 1175 λέ-

2171 1229 2258 1280 γει
2311 1215 2412 1284 τὴν
2453 1214 2789 1284 ἐπαγγελίαν
2815 1253 2830 1280 ,
2862 1215 3086 1286 μνήμην
3126 1215 3181 1268 δὲ
3221 1215 3411 1287 αὐτῆς,
3445 1215 3542 1286 τὴν
3591 1218 3759 1287 περί.

2171 1325 2359 1363 τωσιν.

2245 1477 2468 1545 Ὅρκον
2492 1502 2563 1516 --
2587 1475 2778 1547 ἡμῶν.
2801 1476 2913 1530 Καὶ
2936 1476 2994 1532 ὲν
3019 1476 3098 1548 τῷ
3121 1478 3426 1550 μνησθῆναι
3466 1478 3554 1532 τὸν
3569 1479 3751 1548 ὅρκον,

2166 1567 2224 1621 ὃν
2257 1566 2440 1638 ὤμοσε
2476 1566 2590 1639 (59)
2623 1609 2639 1635 ,
2667 1567 2939 1640 [τουτέστι
2967 1570 3067 1640 τὴν
3098 1568 3413 1639 βεϐαίωσιν,
3445 1569 3514 1642 ἢν
3543 1569 3755 1628 ἐϐεϐαί-

2165 1660 2298 1733 ωσε]
2333 1661 2468 1725 πρὸς
2515 1661 2767 1733 ’Δῦραάμ
2806 1663 2898 1716 τὸν
2940 1665 3156 1734 πατέρα
3192 1664 3348 1734 ἡμῶν
3372 1679 3386 1692 °
3419 1665 3578 1734 ὅρκος
3643 1665 3752 1734 γὰρ

2164 1755 2256 1807 ἐπὶ
2283 1754 2420 1807 Θεοῦ
2449 1755 2546 1808 καὶ
2575 1754 2820 1826 δμοσμα,
2891 1757 2922 1826 ἡ
2965 1755 3279 1826 βεϐαίωσις.
3321 1757 3650 1828 Ἀδισφόρως
3697 1757 3752 1809 δὲ

2165 1848 2226 1900 τὸ
2260 1848 2590 1920 μνησθῆναι,
2625 1849 2735 1904 ἀπὸ
2764 1850 2989 1919 γενικῆς
3020 1852 3099 1913 είς
3144 1852 3452 1920 αἰτιατικὴν
3474 1868 3486 1880 ·
3523 1848 3752 1920 σύνηθες

465 1935 661 1989 transit
685 1935 754 1989 ad
787 1936 1166 1993 accusativum
1193 1955 1206 1992 :
1238 1938 1291 1994 id
1319 1937 1468 1993 enim
1489 1937 1811 2008 frequenter
1843 1939 1896 1994 in
1923 1939 2053 1993 scri-

2164 1938 2273 2010 γὰρ
2307 1938 2466 1992 τοῦτο
2504 1943 2614 2004 τοῖς
2642 1943 3025 2012 προφητικοῖς,
3057 1942 3250 2012 ὥσπερ
3306 1943 3400 1995 xui.
3430 1947 3462 2012 ἡ
3494 1941 3602 2011 (40)
3635 1959 3753 2011 γρυ-

461 2028 640 2098 pturis
667 2029 865 2085 accidit
905 2031 1264 2101 propheticis,
1305 2032 1457 2086 sicut
1491 2039 1547 2086 et
1577 2033 1629 2084 in
1697 2032 2058 2103 aznigmaticis

462 2128 518 2173 et
549 2119 762 2189 ﬁguris,
820 2121 1100 2192 (idemque
1155 2123 1215 2178 iit
1261 2123 1405 2194 apud
1457 2122 1685 2179 Latinos
1713 2124 1767 2177 in
1829 2122 2060 2196 Vulgata

462 2216 844 2280 translatione,
877 2232 1000 2272 cum
1029 2217 1207 2289 primo
1240 2220 1441 2274 dicitur
1489 2220 1801 2275 testamenti
1829 2229 1881 2275 et
1914 2229 2062 2291 post-

461 2309 685 2362 modum
717 2310 1159 2382 jusjurandum}.
1191 2312 1402 2368 Deinde
1435 2313 1590 2380 dicit,
1623 2313 1690 2367 ad
1713 2313 1846 2384 quid
1887 2313 2055 2370 fuerit

461 2401 563 2456 hoc
590 2410 978 2457 testamentum
1015 2413 1069 2458 et
1103 2403 1471 2460 confirmatio.

532 2493 791 2551 Vers.75.
826 2496 887 2552 Ut
919 2498 1070 2551 daret
1107 2525 1180 2538 —
1215 2499 1365 2553 Vers.
1411 2499 1463 2554 5.
1515 2509 1732 2558 nosti-cz.
1785 2501 1888 2557 Per
1953 2501 2050 2572 hy-

457 2587 724 2655 perbaton
791 2598 876 2644 est
904 2589 1096 2644 horum
1129 2591 1405 2647 ordinatio
1434 2592 1749 2648 verborum.
1807 2593 2053 2649 Primum

462 2685 647 2733 autem
679 2678 974 2735 dicendum
1004 2691 1127 2736 est:
1167 2680 1236 2736 Ut
1293 2685 1451 2738 daret
1515 2684 1680 2739 nobis
1725 2685 1872 2753 quod
1938 2684 2059 2738 sine

467 2771 664 2827 timore
696 2774 1000 2829 serviamus
1023 2775 1120 2839 illi,
1154 2775 1205 2828 in
1236 2777 1525 2832 sanctitate
1549 2788 1600 2830 et
1630 2777 1842 2847 justitia
1870 2791 2054 2831 coram

457 2863 577 2933 ipso
607 2867 861 2921 omnibus
897 2868 1092 2922 diebus
1123 2868 1243 2921 vitm-
1281 2879 1502 2923 nostrae.
1539 2867 1768 2934 Deinde,
1801 2869 1944 2938 quod
1995 2868 2054 2922 in

457 2956 638 3011 medio
667 2959 964 3013 remansit:
1012 2960 1088 3013 De
1149 2977 1309 3012 inauu
1362 2962 1698 3014 inimicorum
1751 2971 2052 3014 nostrorum

2160 2033 2350 2101 φότης.
2385 2025 2517 2084 Εἶτα
2561 2031 2736 2101 λέγει,
2783 2031 2929 2096 τίνος
2958 2032 3117 2103 χάριν
3169 2034 3200 2103 ἡ
3236 2033 3462 2104 τοιαύτη
3516 2032 3749 2103 διαθήκη

2161 2124 2256 2176 καὶ
2289 2123 2320 2194 ἡ
2353 2123 2668 2193 βεϐαίωσις.
2742 2122 2750 2132 “

2237 2217 2348 2272 Τοῦ
2379 2217 2589 2272 δοῦται
2616 2251 2687 2261 -
2709 2217 2897 2289 ήμῶν.
2927 2218 3066 2274 Καθ’
3087 2218 3394 2290 ὑπερϐατὸν
3425 2221 3457 2289 ἡ
3495 2218 3749 2284 σύνταξις

2161 2311 2194 2380 ἡ
2229 2310 2338 2361 τῶν
2363 2309 2542 2381 ῥητῶν
2572 2310 2799 2374 τούτων,
2843 2305 2982 2372 οἷον,
3023 2308 3193 2381 ’Υπὲρ
3239 2310 3328 2364 τοῦ
3386 2309 3565 2363 δοῦναι
3616 2312 3747 2380 ἡμῖν

2164 2401 2384 2471 ἀφόϐως
2409 2402 2699 2473 λατρεύειν
2729 2402 2880 2474 αύτῷ
2909 2405 2966 2455 ὲν
2996 2402 3238 2472 ὁσιότητι
3289 2402 3384 2456 καὶ
3429 2402 3744 2474 δικαιοσύνῃ

2164 2493 2392 2546 ἐνώπιον
2434 2491 2628 2557 αὑτοῦ,
2670 2495 2854 2556 πάσας
2884 2493 2982 2556 τὰς
3023 2493 3237 2563 ἡμέρας
3268 2493 3365 2562 τῆς
3393 2493 3536 2564 ζωῆς
3557 2493 3738 2561 ἡμῶν.

2162 2583 2294 2640 Εἶτα
2320 2587 2377 2640 τὸ
2398 2590 2454 2640 ἐν
2479 2589 2666 2658 μέσῳ·
2709 2589 2809 2642 Ἐκ
2827 2586 3025 2657 χειρὸς
3044 2584 3164 2640 τῶν
3190 2584 3419 2655 ἐχθρῶν
3446 2583 3611 2653 ἡμῶν
3631 2586 3743 2652 ῥυ-

2158 2681 2442 2748 σθέντας.
2480 2681 2771 2752 Ὀσιότητα
2814 2683 2916 2752 μὲν
2957 2678 3050 2735 οὖν
3074 2681 3224 2750 λέγει
3272 2682 3371 2748 τὴν
3410 2679 3692 2732 εὐσέϐειαν
3724 2718 3740 2742 ,

2155 2775 2508 2848 δικαιοσύνην
2540 2776 2598 2829 δὲ
2641 2776 2740 2846 τὴν
2795 2775 3112 2846 τελειότητα
3158 2775 3266 2827 τῶν
3305 2773 3478 2828 ἄλλων
3507 2773 3737 2845 ἀρετῶν.

2160 2870 2396 2922 Ἔπειτα
2427 2867 2747 2938 μεταϐαίνει
2768 2871 2833 2938 τῇ
2869 2868 3182 2938 προφητείᾳ
3212 2868 3309 2919 καὶ
3335 2866 3467 2937 πρὸς
3495 2867 3584 2920 τὸν
3612 2867 3742 2919 ἑαυ-

2152 2959 2246 3013 τοῦ
2278 2960 2445 3012 παῖδα
2490 2959 2761 3026 Ἰωάννῃ,
2794 2957 2887 3010 καί
2925 2973 3056 3028 φησι
3079 2974 3092 2989 ο

455 3053 1067 3110 liberati.Sanctitatem
1107 3058 1290 3125 itaque
1322 3057 1728 3116 \ocat.cultum
1773 3056 2057 3122 divinum;
2097 3056 2364 3126 justitiam
2416 3070 2566 3121 vero,
2633 3056 2966 3123 reliquarum
3030 3054 3420 3127 perfectionem
3456 3053 3738 3110 virtutum.

455 3149 664 3203 Deinde
687 3149 741 3202 in
776 3151 1036 3204 vaticinio
1064 3151 1132 3204 ad
1165 3151 1334 3204 tilium
1361 3152 2036 3222 quoquesumuJoannem
2067 3151 2392 3222 digreditur,
2427 3159 2480 3204 et
2501 3149 2609 3203 ait:

527 3241 683 3296 νει-ε.
704 3240 792 3296 76.
828 3241 893 3295 Et
934 3253 990 3293 tu
1020 3271 1090 3282 —
1121 3243 1412 3297 vocaberis.
1457 3245 1521 3297 Et
1551 3259 1677 3298 vere
1698 3258 1888 3298 omnes
1918 3259 2047 3312 pro-

452 3335 678 3404 plictam
711 3350 834 3388 eum
866 3334 1250 3389 nominabant.

521 3424 679 3480 Vers.
715 3426 802 3480 76.
851 3427 1167 3481 Ρνιεὶὸὶε--
1201 3427 1335 3486 eius.
1394 3428 1686 3482 Dominum
1743 3428 1832 3482 hic
1889 3425 2048 3482 Chri-

2226 3243 2336 3296 Καὶ
2374 3241 2529 3296 σὺ-
2550 3241 2855 3312 κληθήσῃ.
2885 3242 2994 3297 Καὶ
3015 3241 3182 3307 ὄντως
3215 3242 3414 3306 πάντες
3451 3244 3737 3312 προςρῄτην

2151 3334 2312 3387 αὑτὸν
2344 3333 2652 3403 ὠνόμαζον.

2220 3428 2620 3499 Προπορεύσῃ
2670 3457 2738 3467 —
2797 3427 3008 3484 αὑτοῦ.
3068 3428 3271 3499 Κύριον
3331 3425 3582 3488 ἐνταῦθα,
3642 3427 3735 3480 τὸν

461 3530 604 3575 stum
643 3519 903 3590 appellat,
941 3535 1102 3590 quem
1140 3520 1459 3591 praecedens
1525 3519 1790 3583 Joannes,
1851 3530 2040 3591 utpote

2164 3520 2381 3589 (ριστὸν
2403 3521 2683 3588 ὀνομάζει,
2709 3514 2768 3573 οὗ
2797 3522 3113 3590 προ-τρέχων
3137 3522 3163 3573 ὁ
3213 3520 3487 3590 Ἰωάννης,
3535 3519 3608 3580 ὡς
3637 3521 3730 3572 αὖ.

446 3631 754 3687 ντιεευνεοι·
785 3630 848 3670 ac
885 3631 1063 3686 prteeo
1092 3617 1234 3686 ejus,
1272 3615 1492 3685 quando
1531 3616 1596 3670 ad
1634 3615 1915 3670 desertum
1952 3631 2044 3670 ve-

449 3710 532 3764 nit
557 3709 785 3774 Judaeaz,
829 3709 1040 3778 paravit
1072 3709 1185 3762 vias
1207 3708 1350 3777 ejus.

527 3803 661 3868 Quae
723 3810 910 3857 autem
947 3802 1062 3857 sint
1124 3802 1225 3856 vim
1284 3803 1425 3871 ejus,
1467 3801 1706 3856 diximus
1729 3800 1891 3854 tertio
1957 3815 2045 3855 ca-

444 3896 556 3966 pite
644 3894 926 3965 Evangelii
987 3894 1292 3949 secundum
1343 3893 1692 3958 Mattliaeum,
1785 3893 1875 3947 ubi
1943 3893 2042 3946 ha-

440 3993 640 4045 betur:
680 3988 788 4043 Vox
816 3987 1097 4042 clama‘ntis
1125 3989 1181 4041 in
1226 3977 1428 4042 deserto
1465 4001 1484 4040 :
1511 3985 1718 4040 Parate
1758 3987 1897 4039 viam
1944 3987 2041 4038 do-

441 4083 567 4134 mini
587 4083 650 4136 ”.

511 4172 664 4229 Vers.
699 4174 786 4228 77.
833 4175 914 4227 Ad
947 4175 1184 4230 dandam
1217 4203 1284 4213 —
1320 4174 1458 4244 ejus.
1517 4171 1766 4237 Prmihis,
1837 4170 2036 4240 inquit,

435 4279 564 4323 ante
596 4267 792 4323 faciem
828 4269 1046 4323 Domini
1081 4278 1136 4324 et
1161 4277 1379 4334 caetera,
1411 4277 1470 4322 ut
1496 4265 1593 4322 des
1627 4266 1831 4336 pepulo
1867 4266 2037 4336 ipsius

437 4358 812 4429 cognitionem
861 4359 1074 4421 salutis,
1145 4359 1252 4414 hoc
1317 4366 1429 4424 est,
1462 4357 1529 4412 ad
1556 4356 1910 4418 indicandum
1973 4372 2036 4410 ac

434 4448 932 4505 demonstrandum
974 4449 1175 4504 Judteis
1206 4449 1526 4514 Christum;
1560 4449 1650 4503 hic
1682 4449 1829 4502 enim
1885 4447 2034 4503 salus

433 4546 682 4614 ipsorum
718 4554 827 4599 est.

512 4632 928 4691 Vers.77.1’er
986 4635 1345 4689 remissionem
1399 4665 1468 4676 ——
1530 4652 1732 4690 eorum.
1799 4632 2028 4698 Salutis,

434 4732 680 4799 inquam,
714 4745 837 4800 quae
893 4740 977 4783 est
1057 4746 1157 4800 per
1225 4730 1607 4785 remissionem
1677 4721 2027 4800 peccatorum

2149 3610 2243 3664 τοῦ
2299 3612 2614 3682 πρόδρομος
2673 3613 2765 3663 καὶ
2821 3610 3016 3681 κήρυξ.
3072 3611 3159 3664 ὅτε
3213 3613 3542 3683 παρεγένετο
3571 3613 3627 3664 ὲν
3664 3614 3729 3681 τῇ

2149 3704 2345 3774 ἐρήμῳ
2374 3703 2472 3773 τῆς
2518 3701 2800 3766 Ἰουδαίας,
2829 3702 3095 3772 ἡτοίμαζε
3127 3702 3223 3766 τὰς
3254 3703 3404 3766 ὀδοὺς
3435 3702 3620 3757 αὐτοῦ.

2219 3796 2378 3858 Τίνες
2435 3796 2491 3848 δὲ
2520 3796 2578 3849 αἱ
2629 3795 2740 3848 ὁδοὶ
2792 3795 2982 3860 αὑτοῦ,
3016 3797 3322 3867 εἰρήκαμεν
3357 3797 3412 3848 ὲν
3440 3796 3517 3866 τῷ
3562 3797 3729 3867 τρίτῳ

2146 3887 2429 3956 κεφαλαίῳ
2458 3886 2553 3939 τοῦ
2579 3886 2719 3939 κατὰ
2752 3886 3051 3950 Ματοαᾶιν,
3076 3887 3206 3940 ἔνθα
3225 3889 3401 3940 κεῖται
3429 3889 3486 3939 τό
3506 3901 3524 3917 ⁸
3555 3889 3726 3954 Φωνὴ

2138 3980 2413 4048 ,βοῶντος
2432 3980 2501 4034 ἐν
2529 3979 2605 4050 τῇ
2624 3980 2841 4050 ἐρήμῳ,
2875 3979 3263 4050 Ἑτοιμάσατε
3294 3980 3407 4050 τὴν
3442 3981 3589 4035 ὁδὸν
3618 3986 3724 4036 Κυ-

2138 4075 2300 4144 ρίου.

2223 4168 2333 4223 Τοῦ
2387 4167 2930 4222 δοῦναι-αὐτοῦ.
2970 4167 3348 4241 Προπορεύσῃ,
3405 4169 3560 4237 φησι,
3619 4168 3726 4239 πρὸ

2143 4261 2438 4331 προσώπου
2473 4262 2705 4332 Κυρίου,
2743 4264 2837 4316 καὶ
2867 4264 2932 4316 τὰ
2961 4263 3108 4332 ἑξῆς,
3138 4262 3278 4331 ὑπὲρ
3309 4261 3402 4315 τοῦ
3428 4261 3615 4316 δοῦναι
3646 4262 3722 4333 τῷ

2139 4355 2253 4424 λαῷ
2301 4353 2468 4407 αὑτοῦ
2501 4356 2701 4437 γνῶσιν
2749 4358 3046 4428 σωτηρίας,
3105 4357 3401 4425 τουτέστιν,
3437 4358 3576 4428 ὑπὲρ
3625 4358 3720 4411 τοῦ

2138 4449 2408 4518 γνωρίσαι
2430 4452 2526 4501 καὶ
2563 4449 2838 4513 ὑποδεῖξαι
2867 4453 2979 4512 τοῖς
3028 4449 3299 4515 Ἰουδαίοις
3332 4453 3423 4504 τὸν
3455 4453 3715 4522 Χριστόν·

2136 4535 2291 4603 οὗτος
2321 4542 2429 4612 γάρ
2460 4543 2574 4594 ὲστι
2612 4544 2857 4613 σωτηρία
2889 4543 3092 4598 αὐτῶν.

2220 4633 2322 4686 Ἐν
2352 4633 2565 4702 ἀφέσει
2591 4663 2663 4673 -
2689 4633 2910 4687 αὐτῶν.
2941 4634 3226 4704 Σωτηρίας
3256 4634 3312 4688 δὲ
3358 4638 3458 4706 τῆς
3497 4637 3555 4688 ὲν
3585 4639 3718 4707 ἀφέ-

2136 4742 2219 4777 σει
2253 4725 2542 4796 ἀμαρτιῶν
2574 4725 2774 4791 αὐτῶν,
2824 4726 2992 4797 ἡγουν
3051 4727 3152 4796 τῆς
3201 4729 3489 4797 γινομένης
3539 4731 3595 4782 ιν
3640 4731 3717 4800 τῷ

432 4835 648 4887 eorum,
675 4822 810 4886 sive,
849 4837 971 4891 qua:
1007 4820 1066 4875 ﬁt
1095 4837 1220 4876 cum
1247 4822 1606 4876 remittuntur
1629 4836 1696 4874 ac
1741 4821 2030 4875 solvuntur

2164 4820 2406 4889 ηςρεθῆναι
2445 4819 2542 4872 καὶ
2576 4819 2805 4889 λυθῆναι
2853 4823 2955 4884 τὰς
3004 4821 3280 4891 ἁμαρτίας
3322 4822 3522 4875 αὐτῶν.
3559 4824 3715 4876 Οὕτω

432 4913 539 4968 illis
607 4924 830 4983 peccata
857 4930 979 4970 sua.
1020 4913 1110 4969 Sic
1141 4913 1286 4968 enim
1312 4924 1368 4970 et
1408 4915 1636 4986 angelus
1689 4914 1755 4968 ad
1812 4913 2018 4981 Joseph

2168 4913 2237 4983 ἀρ
2267 4913 2363 4965 καί
2384 4914 2410 4964 ὁ
2440 4911 2669 4980 ἄγγελος
2701 4908 2824 4965 εἶπε
2863 4914 2998 4981 πρὸς
3027 4913 3116 4965 τὸν
3160 4912 3373 4984 Ἰωσὴφ,
3395 4917 3714 4987 ἑρμηνεύων

436 5009 654 5064 locutus
719 5017 826 5074 est,
889 5009 1264 5076 interpretans
1327 5023 1530 5061 nomen
1597 5006 1836 5062 Christi:
1908 5004 2026 5072 Ipse

2164 5007 2184 5058 ὸ
2209 5007 2377 5076 δνομα
2404 5006 2497 5059 τοῦ
2527 5006 2766 5078 Χριστοῦ
2789 5027 2802 5040 ·
2825 5005 3017 5074 Αὐτὸς
3048 5006 3156 5077 γὰρ
3177 5047 3190 5072 ,
3213 5008 3368 5078 φησι,
3399 5009 3586 5064 σώσει
3611 5013 3714 5066 τὸν

430 5101 598 5168 enim,
630 5100 828 5172 inquit,
851 5102 1055 5156 salvum
1082 5103 1243 5173 faciet
1273 5102 1526 5172 populum
1552 5119 1709 5156 suum
1743 5120 1774 5154 a
1798 5100 2024 5170 peccatis

2168 5102 2282 5154 αὸν
2325 5100 2512 5154 αὐτοῦ
2559 5101 2678 5154 ἀπὸ
2705 5099 2825 5154 τῶν
2852 5100 3147 5172 ἁμαρτιῶν
3176 5101 3392 5170 αὐτῶν,

431 5209 613 5246 eorum
633 5195 696 5249 ".

501 5287 658 5343 Vers.
695 5289 908 5346 78..”er
947 5293 1144 5346 viscera
1179 5323 1248 5331 -—-
1281 5293 1471 5346 nostri.
1507 5291 1611 5345 Per
1643 5291 2025 5346 remissioan

504 5471 545 5500 ¹¹
579 5468 770 5525 Matth.
813 5490 892 5536 in,
936 5472 1018 5526 il.
1100 5472 1142 5502 "
1192 5470 1381 5527 Matth.
1430 5489 1502 5538 tv,
1532 5473 1623 5527 2i.

2201 5288 2304 5341 Διά
2333 5287 2665 5357 σπλάγχνα
2698 5317 2766 5326 -
2797 5286 2986 5356 ἡμῶν.
3072 5289 3159 5342 Ἑν
3207 5287 3396 5359 ἀφέσει
3443 5287 3499 5342 δὲ
3532 5289 3708 5362 ἁμαρ-

1668 5634 1864 5696 τίη-ιω
1887 5633 2205 5696 lectiones
2227 5645 2287 5696 et
2315 5640 2508 5696 nota).

503 5813 616 5879 (37)
684 5805 751 5879 ῥὲ
794 5807 948 5879 abest
978 5813 1036 5861 Λ.

506 5877 618 5943 (38)
665 5877 832 5946 Ἡμῖν
867 5877 1040 5932 deest.
1084 5878 1142 5931 Β.

508 5955 618 6025 ιῖιυ)
661 5955 790 6018 Qua:
820 5950 909 6005 hic
938 5951 1148 6007 inclusa
1175 5958 1322 6016 sunt,
1353 5947 1659 6004 addidimus
1686 5963 1751 6002 ex
1789 5948 1911 6002 sed.
1960 5947 2014 6000 Β.

2131 5802 2184 5857 in
2211 5805 2334 5858 cod.
2357 5807 2398 5877 ,Α
2435 5821 2540 5860 non
2569 5805 2842 5877 leguntur.

2205 5878 2314 5947 (i0)
2349 5876 2403 5929 Iul
2435 5887 2536 5942 est,
2570 5875 3090 5947 τὸάἰνιγματῶδες.
