4032 6496
362 361 464 426 881

1373 374 1764 438 COMMENT.
1803 379 1884 438 ΙΝ
1922 380 2203 443 LUCAM.
2250 409 2318 420 -
2353 385 2514 446 CAP.
2559 388 2643 449 Π.

3553 398 3663 460 88?.

357 477 516 544 τιῶν,
546 481 613 549 τῇ
643 479 734 534 διὰ
781 479 1070 552 σπλάγχνα
1115 483 1299 550 ἐλέους
1318 487 1453 542 Θεοῦ
1482 491 1662 560 ἡμῶν,
1735 493 1854 564 ἦτοι
1908 497 1956 564 τῇ

2083 516 2454 570 peccatorum,
2495 520 2617 574 quae
2645 513 2729 560 est
2759 519 2854 575 per
2881 507 3089 563 viscera
3137 509 3529 566 misericordizc
3563 513 3658 567 Dei

357 571 614 644 διδομένη
645 572 739 626 διὰ
767 573 870 645 τὴν
908 574 1266 644 συμπάθειαν
1304 580 1400 633 τοῦ
1427 581 1612 645 ἐλέους
1644 584 1832 653 αὐτοῦ,
1875 588 1969 640 καὶ

356 668 419 721 ού
458 666 547 719 διὰ
575 667 642 720 τὰ
671 667 811 737 εργα
838 668 1044 724 αὐτῶν.

445 759 548 811 Ἔν
594 753 687 825 οἷς
735 789 805 802 --
853 760 1075 829 ὕψους.
1117 762 1209 817 Ἐν
1263 760 1343 829 οἷς
1411 766 1741 840 σπλάγχνοις
1783 773 1968 840 ἐλέους

358 848 428 902 δι’
474 848 509 903 ἁ
548 849 840 920 σπλάγχνα
891 853 1102 919 ἐλέους,
1163 856 1513 928 ἐπεσκέψατο
1563 864 1711 930 ἡμᾶς
1738 906 1752 927 ,
1791 865 1970 918 εἰτουν

358 940 724 1009 ὲπεφοίτησιν
754 943 991 1014 ἀνατολὴ
1019 944 1114 999 τοῦ
1148 949 1348 1018 νοητοῦ
1377 951 1556 1020 ἡλίου,
1592 954 1651 1018 ἐξ
1674 953 1961 1028 ὕψουςτῆς

357 1030 635 1100 θεότητος.
691 1035 856 1102 Λέγει
888 1035 946 1089 δὲ
1008 1038 1108 1109 τὴν
1138 1039 1264 1096 ὅσον
1312 1041 1468 1098 οὔπω
1501 1046 1827 1116 ἐπιφάνειαν
1862 1049 1958 1103 τοῦ

355 1125 628 1192 Χριστοῦ.

437 1218 1228 1292 ἐπιφᾶναι-καθημένοις
1267 1247 1279 1258 ·
1315 1229 1714 1301 Ἐπεσκέψατο,
1760 1239 1948 1324 φησιν,

354 1311 504 1379 ἡμᾶς
557 1312 645 1366 διὰ
677 1315 738 1369 τὸ
787 1317 1078 1383 ἐπιφᾶναι,
1110 1322 1420 1384 τουτέστιν,
1476 1311 1814 1396 ὲπιλάμῲαί
1847 1331 1962 1396 φῶς

354 1401 615 1474 ἀληθείας
644 1409 756 1470 τοῖς
788 1408 847 1460 ἐν
877 1410 1062 1462 σκότει
1086 1410 1185 1480 τῆς
1209 1411 1418 1484 πλάνης
1441 1416 1794 1487 καθημένοις.
1829 1420 1962 1474 Σκιᾶ

353 1493 412 1547 δὲ
451 1493 686 1549 Θανάτου
729 1499 763 1569 ἡ
811 1499 1059 1569 ἁμαρτία
1087 1520 1101 1534 ·
1148 1503 1409 1566 εἰκονίζει
1446 1506 1553 1573 γὰρ
1585 1510 1679 1562 καὶ
1699 1510 1838 1580 αῦτη
1871 1511 1962 1564 τὸν

355 1588 611 1643 Θάνατον.
644 1589 862 1662 Ὥσπερ
910 1594 1019 1663 γὰρ
1048 1589 1204 1659 οὗτος
1247 1596 1428 1667 ψυχῆς
1468 1601 1586 1653 ἐστι
1645 1603 1950 1672 χωρισμὸς,

354 1677 500 1734 οὕτω
524 1682 622 1734 καὶ
652 1681 793 1754 αὕτη
834 1684 1154 1754 Πνεύματος
1181 1689 1341 1757 ἁγίου
1362 1691 1480 1743 ἐστὶ
1511 1693 1813 1761 χωρισμός.

433 1867 545 1921 Τοῦ
568 1870 932 1924 κατευθύναι
955 1901 1028 1910 —
1047 1872 1317 1942 εἰρήνης.
1368 1876 1540 1947 Ὑπὲρ
1567 1878 1662 1931 τοῦ
1690 1882 1957 1935 κατευθύ-

354 1977 440 2012 ναι
463 1959 563 2030 τὴν
583 1963 812 2033 πορείαν
832 1964 931 2034 τῆς
959 1965 1235 2030 πολιτείας
1271 1968 1430 2038 ἡμῶν
1461 1971 1541 2032 εἰς
1567 1972 1686 2024 ὁδὸν
1710 1976 1957 2046 εἰρήνης,

353 2055 452 2124 τῆς
505 2055 647 2108 κατὰ
680 2056 832 2110 Θεόν.

432 2143 506 2198 Τὸ
536 2145 605 2198 δὲ
623 2177 693 2185 -
716 2147 1032 2217 πνεύματι.
1059 2148 1342 2219 Πνεύματι
1376 2151 1527 2224 Οείῳ.

431 2334 541 2390 Καὶ
567 2333 646 2404 ἦν
670 2367 742 2376 -—
783 2335 1055 2402 Ἰσραήλ.
1091 2335 1235 2399 Ἕως
1261 2339 1292 2407 ἡ
1304 2338 1367 2407 μέ
1381 2357 1480 2410 ρας
1512 2340 1840 2409 ἀναδείξεως
1867 2346 1964 2398 αύ-

357 2427 476 2494 τοῦ,
513 2428 610 2497 τῆς
646 2427 784 2495 πρὸς
813 2427 1329 2497 τοὺςἸσραηλίτας,
1355 2431 1444 2483 ὅτε
1476 2427 1643 2502 ἦλθεν
1665 2437 1746 2498 εἰς
1777 2439 1962 2492 πᾶσαν

357 2521 458 2589 τὴν
496 2519 809 2591 περίχωρον
840 2520 1112 2591 Ἰορδάνου
1140 2522 1436 2590 κηρύσσων
1475 2524 1762 2597 βάπτισμα
1794 2548 1961 2599 μετα-

358 2614 530 2676 νοίας.
573 2614 721 2666 Ἔδει
767 2613 877 2683 γὰρ
912 2614 1075 2667 αὑτὸν
1104 2617 1162 2679 es
1199 2617 1426 2671 ἁπαλῶν
1471 2619 1680 2690 ὀνύχων
1716 2623 1959 2690 ἀσκῆσαι

358 2703 456 2774 τὴν
475 2703 701 2772 ἀρετὴν,
727 2703 814 2755 ἵνα
842 2705 933 2757 καὶ
956 2706 1096 2775 μετὰ
1123 2709 1440 2777 παρρησίας
1461 2709 1679 2782 ἐλέγχῃ,
1708 2714 1963 2780 καὶάξιόο

363 2813 553 2858 πιστος
581 2797 666 2867 είη
704 2796 917 2869 μάρτυς
965 2799 1059 2852 τοῦ
1093 2802 1197 2854 ὑπ’
1235 2802 1402 2855 αὑτοῦ
1448 2805 1960 2875 καταγγελλομένου

367 2890 636 2961 Χριστοῦ.

653 3100 813 3153 ΚΕΦ.
844 3101 920 3154 A'.
956 3100 1098 3167 Περί
1137 3099 1248 3169 τῆς
1273 3101 1658 3174 ἀπογραφῆς.

2073 601 2266 658 nostri.
2294 601 2408 655 sive
2433 617 2554 671 quae
2583 602 2743 657 datur
2770 619 2868 673 per
2890 606 3331 675 compassionem
3352 606 3666 663 miscricor-

2073 693 2175 747 diae
2208 693 2402 761 ipsius,
2425 704 2606 749 etnon
2642 711 2742 766 per
2772 711 2940 765 Opera
2969 711 3184 752 eorum.

2144 785 2300 841 Vers.
2330 787 2420 842 78.
2450 786 2652 853 Quibus
2684 820 2752 830 —
2782 790 2914 843 alto.
2951 790 3057 844 Per
3079 806 3200 860 qua:
3231 791 3440 847 viscera
3498 791 3664 846 misc-

2071 880 2324 935 ricordiae
2355 884 2438 936 vel
2467 892 2696 952 propter
2721 883 2939 938 viscera
2973 883 3369 938 misericordiae
3422 884 3665 938 visitavit

2069 989 2192 1036 nos,
2229 974 2348 1029 sive
2379 975 2636 1044 apparuit
2665 976 2853 1032 oriens
2885 977 3017 1032 solis
3046 977 3433 1033 intellectualis
3462 996 3527 1034 ex
3554 980 3665 1034 alto

2068 1069 2395 1125 divinitatis.
2429 1069 2776 1126 Dicitautem
2809 1069 3014 1125 Christi
3069 1071 3498 1140 apparitionem,
3545 1087 3666 1143 quae

2071 1162 2318 1217 nondum
2349 1173 2494 1218 erat.

2139 1255 2294 1312 Vers.
2325 1256 2415 1311 79.
2456 1256 2522 1311 Ut
2557 1268 2918 1328 appareret—
2941 1261 3140 1313 sedent.
3163 1261 3439 1324 Visitavit,
3467 1261 3664 1330 inquit,

2066 1365 2192 1412 nos,
2224 1359 2282 1404 ut
2313 1361 2625 1420 appareret,
2657 1353 2759 1408 hoc
2775 1363 2879 1417 est,
2908 1362 2968 1406 ut
2988 1353 3333 1409 illucesceret
3353 1355 3443 1407 lux
3468 1354 3669 1408 verita.

2069 1441 2137 1495 tis
2171 1440 2276 1508 his,
2300 1443 2394 1512 qui
2432 1443 2486 1496 in
2519 1443 2759 1498 tenebris
2786 1445 2991 1498 erroris
3031 1445 3251 1499 sedent.
3302 1443 3506 1499 Umbra
3535 1460 3666 1498 ver:

2065 1534 2303 1598 mortis,
2383 1545 2668 1605 peccatum
2731 1547 2856 1602 est;
2921 1551 3048 1589 nam
3127 1546 3182 1589 et
3249 1536 3353 1590 hoc
3427 1545 3662 1590 mortem

2067 1628 2362 1693 significat.
2421 1628 2579 1683 Sicut
2665 1629 2812 1682 enim
2899 1630 3015 1684 haec
3118 1629 3318 1683 animae
3393 1627 3668 1697 separatio

2065 1730 2177 1773 est:
2215 1719 2288 1773 ita
2331 1735 2551 1789 quoque
2579 1729 2889 1790 peccatum,
2924 1731 3008 1776 est
3037 1721 3277 1792 Spiritus
3331 1720 3505 1775 sancti
3565 1737 3660 1774 cx-

2068 1814 2265 1881 pulsio.

1991 1877 2032 1930 Β
2069 1877 2081 1881 ”
2137 1903 2292 1957 Vers.
2326 1904 2413 1958 79.
2441 1903 2848 1975 Addirigmdos
2877 1932 2942 1944 -—
2978 1906 3143 1973 pacis.
3177 1905 3250 1961 Ut
3275 1903 3541 1974 dirigeret
3565 1905 3668 1959 iter

2066 1991 2504 2046 conversationis
2532 2001 2734 2046 nostra:
2767 1994 2827 2047 in
2855 1994 2997 2047 viam
3029 1994 3180 2064 pacis
3211 2008 3332 2064 quae
3361 1994 3666 2049 secundum

2068 2081 2238 2135 Deum
2267 2092 2374 2137 est.

2139 2173 2294 2227 Vers.
2328 2173 2418 2230 80.
2473 2173 2618 2228 Puer
2663 2185 2838 2228 autem

2067 2265 2217 2319 vino.

2139 2356 2295 2413 Vers.
2326 2359 2416 2414 80.
2465 2358 2528 2412 Et
2561 2368 2678 2413 erat
2739 2391 2810 2405 σ-
2876 2357 3084 2414 Israeli.
3142 2360 3327 2430 Usque
3370 2363 3437 2417 ad
3499 2364 3664 2428 diem,

2067 2467 2177 2522 quo
2209 2452 2386 2521 ipsum
2424 2453 2686 2507 Israelitis
2711 2452 3085 2508 demonstrari
3114 2464 3436 2524 oporteret:
3476 2474 3659 2526 quan-

2067 2544 2137 2596 do
2178 2543 2420 2598 venitin
2471 2558 2714 2609 omnem,
2773 2559 2895 2614 qum
2955 2545 3099 2599 circa
3180 2546 3476 2603 Jordanem
3543 2561 3666 2605 erat

2069 2635 2369 2712 regionem,
2403 2635 2708 2705 praedicans
2737 2635 3069 2705 baptismum
3111 2639 3660 2710 pa:nitcnti:e.0por-

2070 2728 2218 2781 lebat
2265 2727 2411 2781 cnim
2466 2744 2591 2781 eum
2635 2744 2667 2783 a
2735 2730 2960 2790 teucris,
3019 2731 3162 2796 quod
3226 2733 3404 2798 aiunt,
3473 2733 3668 2804 ungui-

2067 2817 2192 2882 bus,
2225 2817 2293 2871 ad
2340 2818 2596 2872 virtutem
2655 2815 2896 2873 e'xerccri
2945 2836 2957 2871 :
3017 2831 3072 2872 ut
3121 2830 3175 2874 ct
3234 2822 3405 2878 libere
3467 2838 3660 2893 argue-

2069 2923 2176 2975 ret,
2209 2919 2264 2964 ct
2294 2909 2528 2973 Christi,
2566 2910 2660 2980 qui
2692 2927 2721 2965 a
2751 2927 2810 2966 se
2842 2913 3295 2977 annuntiarrtur,
3365 2915 3519 2970 testis
3563 2915 3665 2969 [ide

2066 3002 2266 3073 dignus
2299 3013 2465 3058 esset.

2459 3121 2612 3176 CAP.
2649 3123 2689 3176 l.
2733 3122 2805 3175 De
2831 3141 2985 3177 censu
3019 3123 3267 3180 Cmsaris.

2910 2208 2975 2219 ς-
3034 2177 3244 2246 spiritu.
3309 2176 3516 2247 Spiritu
3576 2179 3666 2234 di-

443 3189 720 3269 Ἐγ-ἐνετο
750 3222 817 3232 ——
845 3193 1234 3261 οἰκουμένην.
1271 3195 1728 3266 Ἀπογράφεσθαι
1776 3201 1948 3272 αὐτὴν

2129 3213 2285 3270 CAP.
2314 3216 2381 3269 ll.
2413 3215 2569 3271 Vcrs.
2616 3219 2661 3271 Ι.
2713 3217 2944 3272 Factum
2978 3249 3045 3259 —
3091 3218 3252 3273 orbis.
3305 3219 3380 3275 Ut
3433 3235 3663 3274 censum

357 3287 438 3350 εἰς
471 3287 531 3338 τὸ
559 3285 738 3341 τελεῖν
768 3287 995 3356 κῆνσον,
1018 3287 1100 3349 εἰς
1126 3288 1190 3340 τὸ
1218 3289 1485 3359 παρέχειν
1532 3291 1723 3364 φόρον,
1757 3293 1953 3348 ὑποτε..

355 3381 641 3453 ταγμένην
675 3380 778 3451 ἥδη
810 3383 878 3453 τῇ
929 3382 1228 3452 Ῥωμαίων
1261 3383 1509 3456 ἐξουσίᾳ,
1536 3379 1614 3440 ὧν
1636 3381 1780 3458 ἦρχε
1814 3389 1953 3441 Καῖ-

357 3490 482 3545 σαρ.

429 3565 756 3636 Προετύπου
790 3565 847 3619 δὲ
876 3567 909 3636 ἡ
942 3567 1082 3637 πρὸς
1117 3568 1211 3620 τὸν
1248 3569 1506 3636 Καίσαρα
1547 3569 1801 3642 ὑποταγῇ
1849 3573 1955 3624 πά-

358 3675 460 3726 σης
486 3658 585 3728 τῆς
609 3658 944 3729 οἰκουμένης
989 3661 1084 3711 καὶ
1116 3661 1149 3730 ἡ
1181 3660 1481 3732 ἀπογραφὴ
1537 3662 1640 3729 τὴν
1667 3664 1809 3733 πρὸς
1858 3664 1954 3717 τὸν

355 3749 597 3820 Χριστὸν
635 3750 916 3821 ὑποταγὴν
944 3751 1141 3822 πάσης
1193 3753 1293 3820 τῆς
1343 3752 1672 3825 οἰκουμένης
1706 3756 1800 3808 καὶ
1852 3755 1953 3826 τὴν

357 3842 690 3912 ἀπογραφὴν
727 3842 838 3895 τῶν
881 3844 1370 3914 ἀπογραφομένων
1405 3846 1485 3908 εἰς
1527 3845 1816 3917 οὐρανούς.
1850 3849 1952 3900 Γέ-

356 3950 481 4001 γονε
517 3933 574 3986 δὲ
607 3935 639 4005 ἡ
679 3933 908 4006 τοιαύτη
945 3936 1248 4004 ἀπογραφὴ
1282 3936 1576 4004 μέλλοντος
1608 3938 1944 4008 γεννηθῆναι

357 4027 452 4081 τοῦ
482 4028 759 4099 Χριστοῦ,
797 4028 904 4091 ἵνα,
936 4029 1156 4081 πάντων
1200 4031 1257 4082 ὲν
1301 4032 1422 4093 ταῖς
1459 4031 1620 4095 ἰδίαις
1668 4035 1953 4102 μητροπό-

357 4121 511 4174 λεσιν
538 4117 1044 4192 ἀπογράφομένων,
1069 4119 1283 4192 ἀπέλθῃ
1317 4124 1411 4174 καὶ
1441 4124 1471 4190 ἡ
1504 4123 1783 4194 Παρθένος
1813 4125 1952 4196 πρὸς

360 4213 472 4283 (Η)
496 4212 598 4282 τὴν
633 4211 907 4283 Βηθλεὲμ,
936 4213 1033 4265 καὶ
1067 4214 1123 4265 ἒν
1155 4212 1295 4284 αὐτῇ
1332 4214 1526 4268 τοῦτον
1565 4217 1829 4288 γεννήσῃ,
1864 4219 1953 4272 ἵνα.

357 4305 470 4374 (η)
485 4305 746 4376 πληρωθῇ
779 4306 810 4376 ἠ
839 4306 1144 4374 προφητεία
1172 4304 1484 4374 ὴλέγουσα·
1511 4309 1620 4361 Καὶ
1643 4308 1750 4373 σὺ,
1789 4313 1951 4377 Βηθ-

358 4398 527 4469 λεὲμ,
591 4397 667 4469 τῆ
741 4398 962 4464 Ἰούδα,
1014 4396 1291 4466 οὐδαμῶς
1321 4398 1618 4468 ἐλαχίστη
1647 4396 1706 4455 εἷ
1737 4401 1808 4455 ἐν
1829 4403 1954 4470 τοῖς

2059 3307 2388 3378 penderent,
2423 3317 2482 3362 ut
2511 3309 2776 3363 tributum
2811 3311 3189 3375 exsolverent,
3223 3314 3324 3380 qui
3377 3312 3489 3379 jam
3550 3313 3659 3366 ιιυ-

2060 3416 2352 3455 manorum
2387 3402 2620 3473 subjecti
2651 3411 2807 3458 erant
2847 3403 3131 3474 potestati,
3199 3419 3434 3474 quorum
3511 3404 3662 3474 prin-

2057 3508 2186 3562 ccps
2220 3503 2339 3547 erat
2371 3493 2578 3550 Caesar.

2132 3585 2522 3657 Praeﬁgurabat
2554 3597 2734 3643 autem
2762 3588 3006 3645 universi
3036 3589 3186 3646 orbis
3214 3606 3344 3662 erga
3384 3590 3658 3647 Caesarem

2058 3679 2330 3747 subiectio
2360 3697 2424 3737 ac
2448 3681 2767 3750 descriptio,
2803 3683 2972 3736 totius
3011 3682 3201 3737 mundi
3258 3685 3326 3738 ad
3378 3684 3659 3740 Christum

2059 3770 2484 3841 subjectionem,
2513 3789 2578 3827 ac
2617 3774 3002 3829 recensionem
3026 3790 3242 3837 eorum.
3282 3776 3374 3844 qui
3409 3776 3462 3828 iu
3491 3777 3660 3831 coelo.»-

2057 3864 2466 3919 dcscribuntur.
2506 3864 2670 3922 Facta
2707 3875 2793 3922 est
2820 3878 3001 3923 autem
3038 3867 3360 3936 huiusmodi
3412 3871 3661 3941 descrip-

2060 3957 2156 4018 tio,
2189 3973 2315 4012 cum
2358 3958 2678 4013 nasciturus
2713 3969 2828 4014 erat
2861 3959 3116 4015 Christus
3153 3978 3167 4015 :
3204 3962 3443 4021 ut,'dum
3462 3979 3656 4018 omnes

2058 4049 2112 4103 in
2148 4066 2245 4104 sua
2271 4052 2560 4121 metropoli
2584 4053 2821 4107 describi
2852 4062 3162 4121 oporteret,
3211 4054 3393 4108 abiret
3429 4065 3486 4108 et
3533 4053 3655 4109 Vir-

2059 4160 2126 4214 go
2158 4145 2210 4197 in
2241 4141 2548 4208 Bethleem,
2578 4160 2642 4198 ac
2668 4143 2849 4214 ipsum
2885 4145 2938 4198 in
2967 4160 3030 4199 ea
3064 4155 3304 4214 pareret,
3346 4156 3400 4201 et
3420 4148 3655 4217 prophe-

2059 4238 2132 4291 tia
2165 4236 2509 4307 impleretur,
2553 4252 2674 4306 qua:
2707 4237 2818 4291 ait:
2858 4235 2927 4289 Et
2968 4248 3026 4290 tu
3067 4236 3360 4299 Bethleem.
3386 4249 3530 4292 terra
3554 4239 3655 4293 Ju-

2057 4329 2149 4392 da,
2177 4317 2532 4400 naquaquam'
2571 4330 2789 4383 minima
2819 4346 2872 4384 es
2909 4331 3048 4384 inter
3102 4333 3432 4400 principatus
3480 4334 3654 4388 Juda:

2058 4440 2122 4478 ea:
2161 4434 2211 4477 te
2242 4427 2379 4478 enim
2421 4425 2582 4479 exibit
2639 4425 2771 4489 dum,
2831 4425 2922 4495 qui
2973 4431 3122 4496 r’egat
3161 4427 3414 4496 pupulum
3482 4445 3654 4482 meum

356 4492 652 4562 ἡγεμόσιν
695 4491 884 4545 Ἰούδα
903 4507 918 4522 ·
946 4491 1016 4544 ὲκ
1059 4490 1178 4544 σοῦ
1219 4491 1329 4560 γὰρ
1355 4492 1742 4556 ἐξελεύσεται
1772 4496 1952 4566 ἠῖούο

2076 4516 2248 4582 Γδι’(ιειί,
2282 4516 2349 4572 de
2383 4533 2488 4588 qua
2519 4516 2807 4572 manifeste
2831 4518 3039 4574 dictum
3101 4530 3187 4573 est
3241 4519 3422 4590 capite
3477 4521 3655 4591 primo

355 4597 557 4651 μενος,
581 4580 753 4646 ὅστις
779 4578 1065 4648 ποιμανεῖ
1096 4579 1203 4632 τὸν
1239 4580 1394 4633 λαόν
1427 4598 1548 4650 μου
1609 4582 1718 4636 τὸν
1759 4584 1954 4653 Ἰσρα-

358 4675 462 4745 ήλσ
521 4675 653 4745 περὶ
714 4669 784 4746 ἦς
847 4674 1064 4744 εἴρηται
1114 4672 1304 4742 σαφῶς
1347 4674 1405 4726 ἐν
1432 4672 1510 4744 τῷ
1545 4674 1752 4746 πρώτῳ
1781 4693 1953 4748 κεφα.

355 4769 496 4841 λαίῳ
527 4769 621 4824 τοῦ
657 4770 803 4823 κατὰ
833 4769 1139 4823 Martialem

418 4862 582 4932 Αὕτη
607 4893 679 4904 -
719 4861 980 4932 ἐγένετο.
1015 4861 1338 4933 Μίχριτότε
1362 4861 1436 4934 μὴ
1477 4863 1764 4935 γενομένη.

445 5053 956 5124 Ἠτεμονεύοντος
988 5085 1056 5095 -
1084 5052 1416 5122 Κυρηνίου.
1461 5053 1574 5124 Τὴν

363 5148 622 5218 ἱστόρησε
663 5146 757 5200 τοῦ
789 5147 1093 5218 Κυρηνίου,
1126 5147 1410 5217 σημαίνων
1441 5147 1523 5199 ὅτι
1573 5147 1739 5211 αὐτὸς
1792 5151 1952 5202 ἐποι-

361 5244 476 5295 εῖτο
508 5239 606 5312 τὴν
629 5240 958 5311 ἀναγραφὴν
994 5237 1108 5310 (45)
1146 5240 1244 5310 τῆς
1273 5238 1502 5311 Συρίας,
1539 5239 1630 5308 ὑφ’
1664 5239 1733 5311 ἦν
1770 5241 1802 5311 ἡ
1837 5243 1949 5295 Πα-

357 5333 636 5404 λαιστίνη.

1647 5055 1952 5126 ἠγεμονίαν

429 5515 473 5546 ³³
498 5512 660 5572 Micb.
686 5533 740 5583 ν,
770 5515 837 5584 2;
864 5518 1052 5576 Matth.
1086 5533 1145 5586 ll,
1172 5519 1224 5574 6.

2054 4608 2336 4678 Evangelii
2358 4611 2515 4680 juxta
2541 4609 2854 4665 Matthmum
2877 4610 2942 4664 ".

2126 4873 2285 4928 Vers.
2325 4873 2381 4928 2.
2415 4873 2542 4927 11αέ
2570 4903 2632 4913 -
2657 4874 2800 4944 facta
2827 4883 2926 4928 est.
2954 4872 3088 4940 Quae
3121 4890 3294 4946 usque
3325 4878 3457 4934 illud
3513 4890 3643 4936 tent-

2056 4982 2157 5037 pus
2189 4966 2331 5021 facta
2368 4982 2478 5020 non
2510 4976 2650 5022 erat.

2132 5058 2284 5115 Vers.
2317 5059 2366 5112 2.
2393 5060 2629 5115 Prwside
2646 5059 2969 5131 ——Cyrenio.
2998 5063 3378 5134 Principatum
3436 5066 3645 5121 descri-

2054 5152 2164 5222 psit
2186 5151 2425 5222 Cyrenii,
2454 5153 2520 5206 ad
2540 5151 2986 5224 signiﬁcandum,
3011 5155 3158 5226 quod
3187 5155 3307 5227 ipse
3331 5158 3523 5214 fecerit
3547 5157 3645 5232 Sy-

2055 5245 2151 5299 riae
2187 5244 2640 5314 descriptionem,
2679 5244 2734 5299 in
2771 5261 2878 5316 qua
2906 5245 3012 5301 sita
3037 5257 3123 5303 est
3155 5246 3465 5307 Palaestina.

1606 5610 1800 5674 Varia)
1836 5611 2146 5678 lectiones
2190 5621 2249 5675 et
2293 5621 2482 5675 notaz.

434 5782 546 5858 (41)
585 5785 678 5851 Εἰς
699 5787 823 5858 τήν·
858 5786 921 5842 B-

431 5856 546 5926 (42)
580 5859 689 5913 Καί
745 5856 844 5929 pro
884 5859 992 5917 ἵνα.
1024 5860 1085 5916 Β.

2141 5789 2252 5864 (ιῆ)
2289 5787 2361 5843 Ita
2423 5797 2648 5862 uterque
2697 5790 2906 5855 codex,
2965 5793 3082 5848 loco
3147 5792 3450 5864 superioris
3498 5793 3637 5849 ἁπο-

2053 5861 2265 5932 γραξή-
