4032 6456
278 316 386 378 885

1298 301 1696 364 COMMENT.
1737 297 1817 358 1N
1866 297 2144 357 LUCAM.
2184 323 2246 334 -
2291 297 2452 358 CAP.
2488 298 2570 364 Ιῐ.

3460 286 3563 350 SS6

276 451 330 502 δὲ
363 447 457 500 καὶ
482 444 690 515 ποιμὴν
721 440 991 511 ἔγεννήθη
1034 436 1131 493 τοῦ
1162 435 1317 501 λαοῦ,
1359 432 1588 505 ποιμέσι
1623 431 1692 484 τὰ
1743 430 1871 498 περὶ⁵

2026 419 2122 465 ιηῑο
2167 410 2307 476 Quia
2341 411 2507 496 etiam
2548 418 2736 480 pastor
2759 423 2823 463 ac
2855 405 2962 461 dux
2999 402 3178 458 iactus
3207 408 3293 455 est
3315 398 3417 470 (ee)
3463 413 3562 466 po-

278 541 444 596 αότοῦ
476 537 806 609 γνωρίζεται
842 535 1084 606 πρῶτον.

352 703 624 776 Δηλοῦται
655 703 712 757 δὲ
746 703 839 755 καὶ
863 700 1079 771 ἓτερον,
1116 697 1202 750 δτι
1226 697 1340 758 τοῖς
1372 690 1601 759 ποιμέσι
1642 687 1754 743 τῶν
1783 687 1872 740 λο-

278 800 460 869 γικῶν
490 797 782 869 προϐάτων
813 795 881 848 τά
912 794 1032 847 θεῖα
1066 791 1342 862 μυστήρια
1393 786 1502 858 πρὸ
1550 783 1661 838 τῶν
1691 783 1872 838 ἄλλων

283 891 796 948 ἀποκαλύπτονται.

357 984 467 1040 Καὶ
501 1012 568 1023 -—
595 979 874 1052 σημεῖον.
913 977 1088 1032 Τοῦτο
1123 977 1258 1042 ύμῖν
1299 975 1363 1030 τὸ
1417 973 1724 1044 τεκμήριον
1775 967 1871 1024 τοῦ

284 1076 578 1147 ἀληθεύειν
609 1094 699 1145 με.
1525 1133 1529 1137 γ

359 1170 670 1240 Εὐρήσετε
704 1199 777 1212 -
816 1166 1040 1238 φάτνῃ.
1099 1163 1288 1234 Ἒδέθη
1359 1163 1457 1226 μὲν
1510 1162 1873 1231 σπαργάνοις,

286 1267 377 1320 ἵνα
409 1263 551 1337 λύσῃ
586 1265 656 1317 τὰ
691 1264 991 1333 σπάργανα
1018 1261 1130 1316 τῶν
1154 1259 1446 1330 ἁμαρτιῶν
1478 1254 1660 1326 ήμῶν·
1692 1253 1876 1306 ἔκειτο

287 1360 365 1422 δὲ,
394 1359 480 1411 ἵνα
514 1357 802 1430 ἀναστήσῃ
833 1357 962 1418 τοὺς
993 1353 1360 1413 πεπτωκότας
1392 1350 1473 1413 είς
1498 1345 1798 1418 ἁμαρτίαν.

361 1451 474 1506 Kal
501 1481 570 1493 —-
604 1450 917 1521 οὐρανίου.
969 1449 1220 1516 Ἐγένετο
1257 1447 1355 1501 σὺν
1419 1443 1496 1514 τῷ
1541 1441 1784 1511 ἀγγέλῳ,
1814 1439 1877 1510 ῆ-

294 1561 428 1614 γουν
456 1543 688 1614 συνῆλθε
709 1541 790 1613 τῷ
818 1540 1271 1612 ἀγγέλῳὲκείνῳ.

361 1637 712 1692 Αινούντων
767 1635 878 1690 τὸν
915 1635 1087 1690 Θεόν.
1118 1634 1242 1687 Τῶν
1275 1629 1531 1700 ἀγγέλων
1555 1626 1880 1698 ὑμνούντων

290 1730 391 1802 τήν
426 1731 557 1801 μίαν
593 1730 826 1802 θεότητα
864 1729 964 1798 τῇς
998 1728 1160 1797 ἁγίας
1183 1724 1443 1798 τριάδος,
1497 1720 1586 1776 διὰ
1609 1719 1710 1789 τὴν
1734 1719 1884 1771 οἰκο-

295 1825 631 1896 νομηθεϊσαν
674 1824 951 1896 σωτηρίαν
973 1823 1082 1875 τῶν
1115 1818 1446 1892 ἀνθρώπων.

368 1915 479 1972 Καὶ
531 1918 928 1987 λετόντων-
959 1912 1106 1979 Θεῷ.
1139 1913 1351 1984 Ὕμνος
1398 1911 1457 1963 ὲν
1505 1907 1759 1979 οὐρανοῖς
1807 1903 1885 1974 τῷ

295 2008 440 2078 Θεῷ.

370 2100 478 2156 Kal
508 2130 579 2141 —
604 2099 699 2155 ἐπὶ
726 2097 845 2170 τῆς
890 2095 1126 2166 ειρήνη.
1157 2094 1335 2148 Τοῦτο
1367 2090 1517 2145 αἰτία
1556 2087 1651 2143 τοῦ
1688 2088 1885 2159 ὕμνου·

295 2193 443 2247 διότι
495 2193 591 2247 καὶ
647 2193 741 2246 ἐπὶ
776 2192 880 2262 γῆς
933 2189 1129 2261 εἰρήνη
1162 2187 1416 2256 γέγονεν,
1470 2185 1504 2254 ή
1543 2186 1600 2238 ὲν
1639 2183 1890 2252 οὐρανοῖς

301 2285 733 2355 πολιτευομένη,
769 2283 1171 2356 είρηνευόντων
1192 2281 1295 2351 ἤδη
1319 2278 1412 2332 καὶ
1442 2277 1551 2330 τῶν
1579 2272 1892 2346 ἀνθρώπων

300 2375 441 2442 πρὸς
494 2376 587 2428 τὸν
622 2373 778 2428 Θεόν.

376 2469 472 2524 Ἢ.
514 2467 652 2522 διότι
693 2470 786 2523 καὶ
819 2469 914 2523 ἐπὶ
950 2467 1053 2538 γῆς
1079 2464 1241 2536 ὤφθη
1272 2465 1300 2517 ὁ
1329 2462 1460 2525 Υἱὸς
1491 2459 1586 2514 τοῦ
1644 2458 1806 2524 Θεοῦ,
1836 2460 1895 2522 ὅς

301 2561 456 2615 ἔστιν
491 2562 686 2634 εἰρήνη
724 2559 819 2614 τοῦ
867 2561 1106 2630 κόσμου.
1157 2556 1404 2626 Μεσίτης
1455 2553 1565 2623 γὰρ
1613 2551 1751 2606 Θεοῦ
1801 2553 1897 2604 καὶ

302 2651 615 2723 ἀνθρώπων
668 2651 987 2723 γενόμενος,
1024 2651 1326 2722 είρήνευσε
1376 2647 1445 2700 τὰ
1495 2645 1722 2715 ἐπίγεια
1759 2647 1898 2717 πρὸς

303 2745 373 2798 τά
412 2744 671 2814 οὐράνια,
704 2744 776 2798 τὰ
803 2744 1076 2798 διεστῶτα
1099 2741 1346 2812 συνάψας
1370 2740 1467 2794 καὶ
1499 2739 1568 2792 τὰ
1595 2739 1868 2793 ἑκπεπολε

307 2830 541 2902 μωμένα
575 2830 940 2896 καταλλάξας.

377 2923 596 2978 'H'Kal
635 2923 734 2979 ἐπὶ
756 2924 870 2994 γῆς
900 2923 1134 2994 εἰρήνη,
1158 2923 1294 2977 διότι
1323 2921 1417 2976 τοῦ
1451 2919 1901 2992 παντοκράτορος

303 3013 550 3086 Χριστοῦ
581 3017 910 3084 τικτομένου
945 3018 1056 3079 πᾶς
1079 3015 1320 3085 πόλεμος
1346 3012 1648 3081 κατελύθη,
1677 3011 1903 3067 πάντων

1975 505 2112 575 puli,
2151 490 2733 575 pastoribus'primum
2770 515 2859 565 ea,
2898 513 3020 570 quae
3052 496 3121 550 de
3151 509 3210 549 se
3254 500 3415 548 erant
3448 506 3564 557 my-

1974 598 2165 660 steria,
2201 597 2595 652 inanil'cstavit.

2049 689 2405 761 Signiﬁcatur
2434 704 2651 760 quoque
2677 696 2731 741 et
2754 683 2927 749 aliud,
2967 679 3111 752 quod
3159 677 3421 734 videlicet
3466 690 3568 746 pa-

1975 786 2217 844 storibus
2247 783 2601 841 rationalium
2649 781 2836 836 ovium
2877 775 3065 832 divina
3131 769 3392 843 mysteria
3454 763 3571 838 pri-

1975 890 2147 935 mum,
2185 882 2314 927 ante
2335 872 2492 937 alios,
2524 869 2858 923 revelantur.

2047 967 2204 1022 Vers.
2242 967 2331 1021 1‘2.
2370 963 2438 1019 Et
2466 963 2785 1034 —signum.
2817 958 2934 1014 Hoc
2955 956 3114 1014 vobis
3156 955 3568 1025 argumentum,

1977 1061 2124 1133 quod
2157 1076 2284 1115 vera
2309 1059 2515 1114 dicam.

2048 1155 2206 1210 Vers.
2248 1153 2335 1208 12.
2363 1151 2727 1208 Invenietis~
2748 1162 2994 1216 prtesepe.
3023 1141 3232 1198 Fasciis
3261 1136 3569 1211 alligatum,

1979 1260 2036 1306 ut
2059 1248 2253 1305 fascias
2274 1255 2581 1302 nostroru-n
2603 1243 2776 1299 solut
2805 1247 3174 1312 peccatorum.
3214 1232 3437 1291 Jacebat
3470 1245 3573 1286 au-

1982 1355 2112 1408 tem,
2171 1351 2231 1398 ut
2287 1356 2404 1406 eos,
2470 1337 2642 1411 quiin
2685 1343 2909 1406 peccata
2965 1326 3574 1398 ceciderant,erigeret.

2055 1439 2208 1496 Vers.
2238 1437 2326 1491 l5.
2371 1434 2437 1490 Et
2459 1429 2786 1488 ——cazlestis.
2819 1426 2982 1483 Facta
3013 1433 3099 1480 est
3123 1437 3250 1479 cum
3279 1419 3495 1492 angelo,
3520 1416 3576 1470 id

1979 1541 2086 1593 est.
2119 1531 2412 1602 conjuncta
2453 1535 2538 1583 est
2568 1525 2646 1580 illi
2677 1521 2894 1594 angelo.

2053 1592 2333 1680 Vers.'15.
2363 1617 2729 1676 laudantium
2761 1592 2958 1669 'Deum.
2993 1592 3213 1665 Laudes
3263 1601 3580 1660 canentium

1988 1720 2312 1772 unisanctze
2373 1712 2660 1766 Trinitatis
2690 1704 2990 1770 divinitati,
3080 1708 3308 1773 propter
3353 1694 3583 1751 ordina-

1993 1819 2101 1865 tam
2136 1806 2429 1863 hominum
2462 1805 2720 1859 salutem.

2061 1903 2215 1958 Vers.
2245 1901 2330 1954 15.
2367 1898 2436 1953 Et
2489 1897 2781 1952 dicentium
2816 1923 2891 1938 --
2920 1890 3050 1946 Deo.
3116 1888 3264 1944 Laus
3323 1884 3378 1940 in
3416 1880 3576 1940 caelis

1992 1998 2126 2052 Dco.

2067 2090 2222 2144 Vers.
2260 2089 2348 2144 M.
2384 2085 2452 2140 Et
2486 2087 2540 2139 in
2569 2093 2714 2139 terra
2759 2097 2893 2151 pax.
2948 2076 3024 2134 Ut
3053 2078 3167 2132 lucc
3193 2074 3420 2144 hymno,
3473 2069 3591 2124 sive

1998 2183 2150 2238 laudi
2180 2179 2639 2251 correspondeat.
2677 2175 2815 2242 Quia
2837 2180 2895 2228 et
2917 2171 2972 2226 in
3004 2179 3150 2224 terra
3180 2182 3284 2238 pax
3321 2165 3462 2220 facta
3484 2170 3590 2228 est.

1994 2292 2116 2347 qua:
2149 2275 2202 2329 in
2235 2275 2392 2331 caelis
2429 2271 2775 2333 versabatur,
2815 2264 3136 2322 hominibus
3159 2273 3351 2333 pacem
3387 2257 3501 2329 iam
3522 2253 3593 2310 ad

1998 2371 2169 2424 Deum
2189 2368 2543 2423 habentibus.

2071 2462 2168 2519 Vel
2195 2461 2320 2533 quia
2351 2460 2515 2516 etiam
2544 2459 2599 2513 in
2633 2467 2778 2513 terra
2820 2456 2911 2510 llei
2947 2453 3118 2508 Filius
3161 2445 3438 2520 apparuit,
3493 2441 3593 2514 qui

2000 2565 2085 2612 est
2120 2571 2219 2626 pax
2255 2554 2466 2614 mundi.
2501 2551 2772 2606 mediator
2800 2547 2895 2602 Dei
2927 2557 2982 2603 ct
3017 2543 3306 2600 hominum
3368 2537 3546 2593 factus
3576 2550 3594 2589 :

2001 2625 2442 2719 quiipaciiicavit
2512 2641 2802 2698 terrestria
2858 2637 3202 2698 cmlestibns.
3269 2625 3598 2688 dissidentia

2001 2745 2364 2812 conjungcns,
2395 2751 2623 2806 eosque,
2648 2733 2741 2813 qui
2804 2731 3041 2788 invicem
3068 2729 3258 2783 hostes
3293 2728 3477 2785 erant,
3502 2733 3598 2774 re-

2004 2833 2336 2890 concilians.

2079 2927 2196 2988 νει,
2248 2923 2312 2979 Et
2339 2925 2393 2979 in
2423 2931 2568 2977 terra
2605 2935 2735 2990 pax,
2779 2914 2909 2988 quia
2941 2911 3332 2980 omnipotente
3361 2900 3591 2959 Christo

2006 3031 2156 3086 nato,
2191 3017 2398 3073 bellum
2428 3028 2592 3069 omne
2621 3009 2952 3066 dissolutum
2985 3015 3089 3066 est.
3118 2999 3379 3056 omnibus
3435 2994 3601 3052 simul

305 3108 444 3178 ὁμοῦ
484 3109 597 3162 τῶν
647 3109 823 3164 ἐθνῶν
855 3109 934 3181 τῷ
968 3111 1165 3180 κράτει
1205 3109 1312 3162 τῶν
1357 3107 1655 3177 Ῥωμαίων
1689 3107 1897 3161 ὑποταο

2026 3113 2266 3186 gentibus
2298 3109 2674 3164 Romanorum
2714 3102 2909 3160 ditioni
2938 3096 3227 3171 subjectis.

303 3203 538 3274 γὲντων.

392 3298 499 3352 Ἕν
551 3298 898 3366 ἀνθρώποις
949 3297 1219 3355 εὐδοκία.
1265 3298 1354 3354 Ἐν
1384 3298 1696 3364 ἀνθρώποις
1733 3297 1829 3350 νῦν
1869 3298 1902 3369 ή

309 3389 483 3445 πάλαι
515 3392 739 3446 εὐδοκία
779 3391 875 3446 τοῦ
937 3392 1153 3463 Πατρός
1177 3406 1190 3420 ’
1226 3390 1366 3459 αὕτη
1403 3392 1459 3444 δέ
1501 3394 1619 3445 ἐστι
1652 3392 1715 3443 τὸ
1752 3391 1904 3443 ἐναν-

309 3481 602 3554 θρωπῆσαι
630 3484 722 3538 τὸν
750 3485 900 3552 Υἰὸν,
920 3487 1014 3538 καὶ
1046 3484 1221 3538 σῶσαι
1250 3485 1338 3537 τὸν
1359 3484 1678 3537 ἀπολωλότα
1693 3481 1906 3551 ἄνθρω-

311 3595 436 3633 πον.
493 3577 609 3633 Νῦν
649 3579 762 3650 γὰρ
790 3579 1181 3652 πεπλήρωται,
1210 3579 1238 3631 ὃ
1265 3578 1433 3632 πάλαι
1476 3580 1794 3650 εὐδόκησεν,
1829 3576 1903 3629 εί-

308 3688 441 3727 τουν
471 3671 698 3744 ὥρισεν,
734 3672 994 3744 ἠθέλησε.

387 3875 495 3930 Καὶ
525 3873 770 3945 ἐγένετο
793 3907 856 3916 --
893 3874 1058 3946 ἡμῖν.
1096 3875 1337 3946 ’ῐδωμεν
1385 3874 1446 3928 τὸ
1481 3875 1636 3944 ῥῆμα
1667 3915 1680 3938 ,
1713 3874 1907 3928 τουτέ-

319 3986 459 4033 στιν,
495 3967 847 4039 ἐξετάσωμεν
879 3967 992 4040 (48)
1028 3968 1088 4022 τὸ
1133 3970 1306 4040 ῥῆμα,
1333 3970 1395 4022 τὸ
1429 3967 1679 4038 περὶτοῦ
1714 3967 1911 4038 τεχθῆ-

315 4079 410 4115 ναι
441 4063 578 4132 ἡμῖν
630 4062 862 4147 Σωτῆρα
913 4061 1179 4132 σήμερον.
1213 4059 1603 4131 Ἐξετάσωμεν
1637 4061 1693 4113 δὲ
1751 4059 1910 4112 τοῦτο

316 4157 408 4210 διὰ
430 4155 527 4210 τοῦ
562 4153 810 4218 δοθέντος
842 4156 977 4226 ήμίν
1011 4154 1267 4226 σημείου.

392 4248 503 4302 Καὶ
532 4243 708 4317 ἦλθον
736 4277 801 4289 -
835 4247 1076 4301 τούτου.
1146 4243 1544 4316 Διεγνὼρισαν,
1581 4243 1694 4313 (49)
1719 4244 1908 4316 ἤγουν,

318 4338 867 4412 ὲπληροερορήθησαν
927 4339 1058 4409 περὶ
1100 4337 1194 4392 τοῦ
1229 4338 1479 4409 ῥήματος
1521 4336 1614 4390 τοῦ
1642 4336 1910 4405 λαληθὲν-

318 4455 415 4500 τος
448 4436 635 4499 αὐτοῖς
669 4435 799 4506 περὶ
829 4432 926 4488 τοῦ
969 4433 1190 4488 παιδίου
1227 4431 1445 4497 τούτου,
1474 4431 1558 4485 ὅτι
1596 4431 1792 4502 ἐτέχθη
1838 4431 1914 4502 τῷ

323 4530 438 4601 λαῷ
463 4531 676 4601 Σωτήρ.

399 4624 512 4678 Kal
544 4623 775 4691 πάντες
800 4653 864 4666 -
898 4623 1052 4692 πρὸς
1106 4623 1352 4686 αὐτούς.
1414 4621 1779 4692 Ἀνήγγειλαν
1812 4622 1920 4694 γὰρ

328 4719 538 4770 αὐτίκα
580 4715 658 4787 τῷ
698 4733 756 4769 τε
805 4715 1008 4786 Ἰωσὴφ
1056 4716 1154 4767 καὶ
1201 4716 1270 4785 τῇ
1317 4715 1489 4782 μητρὶ
1546 4711 1644 4766 τοῦ
1704 4714 1922 4768 παιδίου

332 4812 513 4864 πάντα
562 4809 663 4864 ὃσα
704 4808 952 4880 ἥκουσαν
982 4807 1136 4876 παρὰ
1161 4807 1256 4859 τοῦ
1293 4806 1549 4876 ἀγγέλου,
1573 4807 1666 4860 καὶ
1699 4808 1766 4861 τά
1793 4809 1922 4877 περὶ

327 4901 425 4958 τοῦ
472 4903 716 4974 πλήθους
753 4903 854 4973 τῆς
905 4901 1160 4972 οὐρανίου
1188 4901 1470 4970 στρατιᾶς.
1504 4899 1614 4954 Καὶ
1654 4900 1716 4953 ού
1759 4899 1922 4969 μόνον

328 4995 565 5062 τούτοις,
601 4995 736 5048 ἀλλὰ
791 4995 887 5048 καὶ
939 4993 1135 5055 πᾶσιν,
1181 4986 1264 5054 οἷς
1303 4991 1688 5060 ἐνετύγχανον,
1723 4990 1774 5046 οἳ
1829 4991 1925 5044 καὶ

330 5089 674 5153 ἀκούσαντες
711 5087 1060 5152 ἐθαύμασαν,
1095 5086 1226 5155 περὶ
1252 5079 1328 5138 ὧν
1369 5085 1637 5156 ἥκουσαν.

2076 3306 2235 3362 Vers.
2277 3302 2364 3356 14.
2390 3300 2453 3356 In
2478 3297 2778 3352 hominibus
2806 3290 3221 3360 beuepiacitum.
3251 3284 3310 3340 In
3360 3279 3638 3338 homini-'

2006 3402 2112 3458 bus
2133 3413 2282 3453 nunc
2311 3405 2416 3460 est,
2442 3391 2590 3464 quod
2627 3390 2757 3445 olim
2787 3387 2971 3443 Patris
2997 3392 3119 3440 erat
3150 3378 3563 3453 beneplacitum
3587 3393 3602 3431 :

2009 3497 2113 3552 hoc
2154 3496 2470 3554 autemest,
2526 3497 2584 3540 ιιι
2612 3485 3000 3538 incarnaretur
3031 3477 3129 3533 Dei
3155 3474 3349 3536 Filius,
3411 3486 3476 3526 ac
3498 3468 3608 3527 sal-

2007 3600 2229 3643 varetur
2259 3586 2419 3638 homo
2459 3578 2727 3651 perditus.
2755 3574 2914 3631 Nunc
2943 3571 3092 3628 enim
3126 3567 3462 3638 completum
3495 3573 3604 3625 est,

2010 3681 2156 3752 quod
2185 3679 2314 3734 olim
2360 3676 2435 3731 illi
2462 3670 2839 3744 beneplacuit,
2873 3667 2990 3724 sive
3019 3663 3169 3736 quod
3200 3659 3476 3724 deﬁnivit,
3512 3667 3609 3712 aut

2009 3789 2203 3827 νοιιιιι.

2047 3772 2240 3919 obliti-.5.
2293 3859 2377 3916 15.
2416 3857 2484 3913 Et
2507 3851 2981 3929 faction—nobis.
3015 3847 3313 3905 Videamus
3338 3857 3480 3908 rem,
3501 3839 3607 3895 hoc

2011 3966 2117 4022 est,
2149 3955 2492 4026 inquiramus
2529 3951 2761 4014 factum,
2798 3946 2869 4001 de
2904 3953 3038 3999 nato
3071 3938 3237 3996 nobis
3277 3935 3446 3992 hodie
3485 3933 3610 3988 Sal-

2014 4060 2226 4106 vatore.
2262 4047 2612 4119 Inquiramus
2643 4051 2828 4097 autem
2899 4039 3024 4104 hoc,
3082 4050 3183 4108 per
3244 4031 3436 4087 datum
3519 4041 3615 4081 no-

2016 4145 2102 4200 bis
2133 4145 2376 4215 signum.

2089 4238 2249 4293 Vers.
2279 4234 2366 4291 16.
2406 4231 2474 4287 Ει
2517 4235 2855 4287 venerunt—
2885 4225 3043 4282 Vers.
3085 4223 3170 4279 17.
3239 4223 3356 4276 hoc.
3405 4217 3616 4288 Cognoo

2018 4336 2236 4392 verum,
2297 4325 2415 4380 sive
2453 4321 2714 4378 certiores
2767 4315 2896 4372 lacti
2935 4322 3065 4372 sunt
3120 4311 3190 4367 de
3220 4307 3412 4372 verbo,
3462 4303 3611 4375 quod

2019 4422 2226 4478 dictum
2255 4427 2377 4473 erat
2422 4415 2502 4471 eis
2524 4414 2592 4469 de
2622 4427 2795 4482 puero
2837 4410 2964 4472 hoc,
2992 4405 3139 4478 quod
3181 4409 3347 4457 natus
3376 4406 3496 4455 erat
3519 4411 3620 4467 po.

2025 4515 2154 4589 pulo
2184 4512 2459 4568 Salvator.

2097 4609 2251 4663 Vers.
2305 4602 2391 4658 18.
2434 4600 2501 4656 Et
2536 4615 2803 4654 omnes—
2823 4594 2972 4667 ipsis.
3002 4591 3200 4649 Statim
3225 4587 3377 4644 enim
3403 4599 3619 4639 annun-

2025 4702 2307 4758 tiaverunt
2338 4693 2547 4765 Joseph
2585 4701 2641 4748 et
2670 4689 2828 4745 matri
2861 4688 3044 4759 pueri,
3078 4696 3424 4756 quaecunque
3475 4679 3618 4733 dictu

2023 4803 2182 4852 erant
2240 4791 2372 4863 ipsis
2421 4789 2489 4842 ab
2521 4788 2738 4857 angelo,
2772 4785 2910 4839 etde
2961 4778 3321 4838 multitudine
3371 4773 3615 4830 coxicstis

2024 4889 2254 4947 militiae.
2309 4883 2419 4938 Nec
2473 4882 2558 4936 his
2603 4881 2805 4941 solum,
2859 4890 3052 4931 verum
3114 4871 3280 4926 etiam
3339 4866 3618 4928 omnibus,

2026 4984 2227 5057 quibus
2258 4975 2649 5036 occurrebant,
2678 4973 2772 5044 qui
2797 4971 2961 5026 etiam
3008 4965 3356 5024 mirabantur
3407 4961 3476 5016 de
3513 4959 3619 5020 his.

2025 5094 2147 5150 qme
2179 5073 2499 5130 audiebant.

1537 5264 1737 5326 Variae
1771 5263 2078 5326 lectiones
2113 5268 2174 5323 et
2218 5268 2408 5322 notae.

405 5447 518 5517 (ιε)
551 5448 625 5499 Th
660 5447 812 5518 ῥῆμα
839 5445 1107 5518 alicst._A.

405 5507 519 5589 {49}
559 5507 865 5572 llentcnius
907 5514 1244 5589 reddendum
1286 5516 1512 5589 censet:
1550 5507 1763 5589 Notum.
1789 5507 1920 5576 fcre-

333 5579 456 5645 runt
486 5579 566 5644 uel
597 5589 1023 5658 divulgaverunl,
1057 5586 1117 5639 ob
1154 5586 1206 5638 id
1241 5579 1597 5653 potissimum,
1623 5579 1763 5648 quod
1800 5593 1922 5647 pro-

410 5754 510 5820 (ee)
547 5750 744 5805 Fartus
770 5759 865 5806 est.
897 5748 1124 5802 Videtur
1155 5761 1285 5813 ergo
1316 5744 1510 5813 legisse
1574 5740 1924 5808 ἐργαστικόν.

409 5813 504 5895 ζῇ]
531 5822 671 5878 Nam
714 5825 808 5877 hoc
851 5852 898 5861 -
937 5822 1189 5890 reliquum
1233 5830 1328 5870 est.
1403 5820 1570 5870 Suum
1611 5813 1757 5866 enim
1827 5813 1927 5864 ini-

2033 5433 2172 5484 tinus
2225 5427 2507 5498 sequitur:
2547 5424 2610 5477 Et
2659 5438 2859 5484 omnes,
2915 5423 3004 5491 qui
3060 5419 3380 5477 audierunt,
3435 5413 3621 5464 mirati

2031 5511 2171 5556 sunt.
2209 5493 2408 5553 Notum
2449 5503 2630 5549 autem
2677 5504 2781 5556 est,
2828 5493 3116 5564 γνωρίζειν
3161 5504 3282 5543 esse
3327 5497 3382 5540 et
3425 5500 3615 5553 ('Oglm-

2033 5587 2209 5635 scere,
2240 5580 2293 5625 et
2335 5579 2524 5623 notum
2559 5568 2757 5620 facere.

2041 5735 2206 5815 plerit
2238 5729 2415 5799 (fecit)
2469 5741 2521 5782 et
2562 5727 2896 5798 superﬂuum
2933 5733 3013 5777 est
3052 5725 3102 5777 in
3142 5729 3445 5792 posterum,
3507 5734 3615 5770 ws-

2039 5817 2120 5861 δίει
2154 5813 2204 5858 in
2242 5813 2538 5874 posterum.
