4032 6522
439 308 548 372 681

437 517 542 574 bus
575 523 722 578 dicta
759 535 934 581 erant.
979 526 1355 582 Conservabat
1384 537 1568 582 autem
1602 526 1746 598 apud
1773 540 1916 580 sexe.

511 615 670 672 Vers.
752 619 836 674 19.
898 616 1429 691 Coufercns—suo.
1499 621 1839 676 Examinans
1912 621 2032 674 hanc

438 709 582 780 apud
619 725 677 765 se
708 710 905 779 ipsam,
926 721 980 767 et
1019 728 1348 784 comparans
1377 713 1442 768 ad
1475 710 1745 768 Gabrielis
1763 713 1832 767 ab
1872 727 2032 764 exor-

440 803 530 858 dio
572 804 987 870 salutationem,
1030 822 1094 864 ac
1148 809 1268 863 sine
1322 807 1534 862 semine
1589 815 1940 876 conceptum,
1977 814 2031 859 et

437 894 643 963 absque
717 894 1001 952 doloribus
1091 897 1463 968 puerperium.
1529 908 1860 968 partumque
1912 899 2031 950 sine

438 987 798 1056 corruptione
827 1005 842 1042 :
884 991 1222 1049 etpaulattm
1249 990 1640 1046 certitudinem
1691 989 2031 1059 suscipiebat

435 1077 853 1149 pcrlectiorem.

511 1169 672 1226 Vers.
708 1171 800 1228 ΞΟ.
835 1171 903 1226 Et
938 1174 1131 1227 reversi
1167 1182 1290 1227 sunt
1317 1203 1384 1212 —-—
1415 1174 1576 1242 ipsos.
1616 1171 1842 1228 Reversi
1901 1180 2030 1227 sunt

437 1267 503 1321 ad
537 1284 754 1339 gregem
781 1283 960 1322 suum.

517 1359 669 1416 Vcrs.
701 1363 789 1416 2i.
825 1359 1065 1433 Cumque
1091 1393 1156 1402 ——
1187 1373 1354 1417 utero.
1392 1363 1862 1430 Quemadmodum
1887 1361 2032 1432 apud

441 1466 544 1508 nos
573 1453 908 1516 sacerdotes.
941 1455 1162 1525 quando
1192 1455 1496 1527 baptizant,
1534 1467 1664 1511 tunc
1717 1456 1882 1511 etiam
1928 1470 2030 1509 uo-

437 1559 563 1598 mea
597 1544 889 1616 imponunt
921 1564 934 1600 :
968 1546 1041 1602 ita
1074 1557 1128 1603 et
1156 1548 1298 1618 apud
1331 1547 1612 1613 Hebraeos,
1664 1548 1884 1617 quando
1917 1551 2031 1602 cir-

436 1637 778 1704 cumridunt,
815 1648 943 1696 tunc
976 1641 1141 1696 etiam
1179 1658 1378 1698 nomen
1407 1643 1724 1714 imponunt.

512 1731 785 1787 Dubitavit
815 1744 999 1790 autem
1035 1735 1258 1807 aliquis,
1290 1753 1461 1807 quare
1492 1739 1748 1795 Christus
1794 1740 2032 1796 circum-

1677 311 2064 376 EUTHYMII
2113 311 2477 375 ZIGABENI

510 425 662 486 Ἶρι-8.
704 429 791 486 19.
823 431 1002 488 Maria
1034 443 1212 490 autem
1240 465 1305 474 —
1336 435 1466 490 Iuec.
1512 432 1646 500 Qua:
1700 448 1730 487 a
1787 430 2024 503 pastori-
2057 429 2097 483 Α

3609 321 3727 386 889

2217 426 2286 482 Ἠ
2313 428 2375 482 δὲ
2401 431 2638 499 Μαριὰμ
2674 460 2742 484 -.-
2778 429 2984 484 ταῦτα.
3018 430 3097 484 Tit
3129 431 3280 502 παρᾶ
3313 429 3415 484 τῶν
3440 427 3726 500 ποιμένων

2139 521 2465 592 λαληθέντα.
2504 524 2809 594 Συνετήρει
2847 523 2904 577 δὲ
2936 523 3111 577 ταῦτα
3153 525 3281 595 παρ’
3317 524 3512 593 ἑαυτῇ.

2211 616 2662 693 Συμόάλλουσα
2687 647 2757 656 -
2781 615 2996 686 αὐτῆς.
3054 616 3512 688 Παρεξετάζουσα
3547 613 3726 667 ταῦτα

2139 711 2262 764 καθ’
2299 712 2524 784 ἑαυτὴν,
2572 713 2710 782 πρὸς
2753 729 2811 764 τε
2862 712 2953 764 τὸν
3001 710 3060 776 ἐξ
3095 715 3268 783 ἀρχῆς
3300 707 3726 791 ἐύαγγελισμδν

2137 805 2233 858 τοῦ
2271 804 2542 876 Γαϐριὴλ,
2592 806 2688 858 καὶ
2723 805 2824 876 τὴν
2881 806 3125 876 ἄσπορον
3174 803 3461 873 σύλληψιν,
3491 801 3585 855 καὶ
3625 795 3727 870 τὴν

2136 898 2398 952 ἀνώδινον
2431 900 2654 970 κύησιν,
2688 900 2785 952 καὶ
2820 899 2912 952 τὶν
2931 897 3170 968 ἄφθορον
3201 896 3380 960 τόκον,
3414 898 3509 948 καί
3543 893 3724 948 τελειο

2136 990 2352 1062 ωτέραν
2381 988 2493 1062 (50)
2530 991 2714 1060 ἠρέμα
2739 989 3005 1061 δεχομένη
3042 987 3438 1059 πληροςρορίαν.

2210 1177 2322 1232 Kal
2389 1174 3153 1245 ὑπέστρεψαν-αὐτούς.
3199 1171 3585 1243 Ὑπέστρεψαν
3642 1173 3726 1235 εἰς

2136 1268 2238 1339 τὴν
2269 1266 2510 1337 ποίμνην
2537 1267 2737 1320 αὐτῶν.

2209 1362 2319 1416 Kal
2354 1361 2457 1415 ὅτε
2489 1361 2808 1428 -κοιλίςι
2841 1360 3061 1430 Ὥσπερ
3115 1360 3164 1410 οἱ
3189 1356 3320 1427 παρ’
3363 1358 3493 1426 ἡμῖν
3531 1356 3724 1425 ἱερειε,

2137 1456 2226 1510 ὅτε
2272 1455 2622 1527 βαπτίζουσι,
2657 1455 2781 1510 τότε
2811 1457 2907 1508 καὶ
2954 1453 3344 1524 ὀνομάζουσιν
3374 1453 3517 1505 οὕτω
3545 1453 3641 1505 καὶ
3675 1454 3726 1504 οἱ

2138 1553 2272 1624 παρ’
2322 1553 2620 1623 Ἑϐραίοις,
2684 1554 2775 1606 ὅτε
2828 1552 3245 1622 περιτέμνουσι,
3297 1549 3415 1602 τότε
3473 1549 3569 1602 καὶ
3627 1546 3728 1619 τὴν

2137 1643 2338 1714 κλῆσιν
2383 1644 2752 1698 ἐπιτιθέασιν.

2221 1738 2524 1808 Ἀπορήσει
2562 1737 2620 1791 δέ
2646 1754 2752 1800 τις,
2789 1734 3104 1803 ὃτι,ὲπειδὴ
3130 1733 3242 1804 (5i)
3276 1732 3470 1786 παύειν
3495 1731 3595 1799 τὴν
3629 1747 3729 1782 πε-

435 1825 631 1880 cisioui
665 1825 828 1881 ﬁnem
864 1839 983 1883 erat
1016 1829 1421 1901 impositurus?
1458 1832 1554 1886 Cui
1585 1834 2029 1902 respondendmu

2151 1802 2381 1900 ριτομὴν
2421 1802 2679 1899 ⁷ἔμελλεν
2722 1830 2748 1880 ὁ
2803 1826 3066 1898 Χριστὸς,
3092 1802 3099 1803 7
3126 1802 3271 1878 διατί
3335 1820 3730 1892 περιετμήοη;

437 1925 545 1974 est.
577 1918 720 1987 quod
759 1919 864 1973 hoc
890 1921 1192 1977 secundum
1225 1924 1692 1994 dispensationem
1719 1935 1902 1981 actum
1929 1938 2031 1981 est.

439 2008 554 2065 Nai
615 2013 762 2065 enim
820 2014 1182 2071 circumcisus
1259 2019 1454 2073 luisset
1521 2038 1860 2090 nequaquam
1916 2022 2036 2090 ejus

437 2103 689 2157 doctrina
718 2116 974 2176 suscepta
1012 2107 1234 2172 fuisset.
1298 2112 1392 2166 sed
1427 2114 1655 2168 omnino
1728 2115 2032 2184 repudiata,

435 2203 699 2266 tauquam
729 2197 1099 2270 alienigenae:
1139 2217 1321 2271 neque
1361 2204 1689 2260 credidisset
1731 2206 2034 2277 quispiam,

439 2287 619 2359 ipsum
652 2306 778 2345 esse
807 2291 1086 2347 Christum
1123 2294 1188 2348 de
1220 2297 1433 2351 semine
1487 2298 1762 2361 Abraham
1826 2315 2028 2369 exspe-

437 2391 667 2436 ctatum.
685 2381 887 2439 Omnes
904 2385 1074 2450 enim,
1100 2387 1190 2456 qui
1216 2388 1284 2443 ab
1302 2388 1575 2444 Abraham
1603 2392 2034 2457 descendebant,

435 2472 675 2544 sigillum
711 2489 776 2529 ac
807 2476 1025 2549 signum
1088 2478 1369 2550 habebant
1395 2480 1863 2544 circumcisionis,
1914 2501 2036 2553 quae

438 2568 813 2640 distinguebat
845 2571 971 2627 illos
1012 2572 1078 2628 ab
1109 2574 1231 2628 aliis
1262 2575 1547 2646 gentibus.
1583 2576 1665 2631 0b
1705 2577 1808 2632 hoc
1850 2577 2034 2647 itaque

442 2661 804 2719 circumcisus
844 2673 957 2719 est.
996 2664 1201 2737 Legem
1234 2668 1399 2722 etiam
1456 2668 1508 2722 in
1546 2670 1650 2723 hoc
1705 2670 2036 2740 adimplens,

439 2755 585 2811 sicut
615 2755 668 2810 in
715 2757 836 2812 aliis
869 2774 1089 2830 quoque
1126 2761 1419 2832 przeceptis
1460 2762 1753 2833 legalibus,
1801 2780 1868 2818 ne
1903 2765 2038 2833 legis

441 2858 828 2920 transgressor
859 2852 1165 2907 videretur.
1206 2851 1358 2908 Hanc
1391 2864 1574 2910 autem
1607 2871 1823 2911 cessare
1885 2855 2034 2920 facit,

443 2953 499 2998 et
533 2942 693 2998 valde
727 2943 1154 3000 rationabiliter.
1193 2944 1552 3002 Hebraeorum
1600 2949 1747 3004 enim
1796 2950 2039 3004 circum-

443 3035 582 3091 cisio
615 3034 1061 3092 Christianorum
1097 3038 1367 3110 baptisma
1402 3041 1671 3113 llgurabat
1722 3059 1786 3097 ac
1841 3044 2034 3114 pra-si-

440 3129 665 3199 gnabat.
707 3127 1184 3196 Quemadmodum
1210 3135 1357 3188 enim
1394 3134 1485 3188 illa
1516 3136 1768 3208 signabat
1823 3153 1938 3203 eos,
1979 3150 2032 3194 ct

439 3219 511 3275 ab
538 3221 688 3275 omni
726 3232 889 3293 gente
908 3223 1318 3296 distinguebat:
1347 3225 1423 3280 ita
1454 3236 1509 3281 et
1541 3229 1644 3282 hoc
1667 3227 2032 3285 Christianos.

447 3313 510 3385 (1-
543 3314 611 3368 Et
643 3317 786 3370 sicut
821 3317 910 3371 illa
936 3317 1269 3390 superﬂuam
1299 3322 1549 3391 corporis
1588 3322 1938 3392 particulam,
1965 3325 2038 3377 ita

445 3418 500 3463 et
536 3409 640 3464 hoc
671 3421 921 3481 amputat
951 3422 1236 3482 peccatum
1271 3413 1659 3485 Supcrﬂuum).
1733 3413 2040 3486 Oportebat

442 3511 628 3558 autem
693 3519 911 3560 cessare
972 3504 1225 3578 ﬁguram,
1295 3509 1554 3564 veniente
1585 3511 1885 3581 exemplari
1931 3530 1944 3566 :
1984 3524 2042 3568 et

441 3599 733 3668 quiescere
764 3599 1006 3671 signum,
1059 3601 1308 3658 adhibito
1344 3603 1679 3674 signiﬁcato.
1731 3605 1864 3660 Nam
1935 3608 2040 3663 hoc

443 3705 546 3760 per
577 3689 819 3760 seipsum
858 3692 1138 3762 adimplet,
1187 3703 1242 3750 et
1269 3695 1607 3766 superﬂuum
1635 3706 1742 3764 est,
1774 3699 2041 3770 quidquid

446 3781 723 3852 reliquum
749 3794 834 3838 est
877 3784 986 3856 ([Ῑ).
1794 3773 1797 3776 ’

515 3874 676 3930 Vers.
719 3876 810 3930 22.
851 3877 922 3932 Et
954 3881 1263 3950 quando—
1295 3879 1488 3953 Moysi.
1531 3882 1641 3939 Lex
1691 3885 1909 3956 quidem
1944 3885 2041 3941 Dei

442 3977 586 4036 erat,
620 3978 808 4039 utp0te
831 3973 899 4026 ab
932 3986 998 4027 eo
1028 3970 1179 4028 data.
1218 3975 1516 4032 Dicebatur
1545 3986 1730 4034 autem
1760 3990 1817 4035 et
1848 3980 2039 4051 Moysi,

447 4073 710 4132 tanquam
737 4063 805 4118 ab
844 4078 913 4118 eo
982 4064 1211 4137 scripta.
1255 4065 1495 4124 Jubebat
1547 4080 1757 4136 autem,
1801 4082 1862 4128 ut
1921 4091 2044 4144 qua-

445 4170 641 4212 semen
671 4157 1009 4226 suscepisset
1037 4173 1103 4212 ac
1123 4161 1432 4230 peperisset
1462 4164 1793 4228 masculum,
1825 4165 2044 4236 impura

447 4248 752 4304 haberetur
779 4266 958 4323 usque
990 4252 1059 4307 ad
1101 4248 1462 4325 quadraginta
1501 4257 1620 4312 dies
1662 4259 1726 4315 ¹⁸.
1783 4258 1899 4316 lloc
1947 4279 2046 4316 au-

448 4349 560 4395 tem
601 4342 897 4398 ordinabat
926 4345 994 4399 ad
1027 4347 1275 4417 requiem
1306 4350 1524 4416 matris,
1561 4367 1634 4406 nc
1691 4353 1879 4407 statim
1939 4355 2042 4409 \iri

445 4434 566 4489 suis
617 4449 738 4506 qua:
781 4437 1128 4506 peperissent
1180 4440 1447 4496 uxoribus
1508 4444 2044 4501 commiscerentur.

2145 1925 2287 1995 Πρὸς
2319 1923 2378 1976 ὃν
2409 1922 2807 1993 ἀπολογητέον,
2856 1922 2941 1974 ὅτι
3004 1921 3124 1974 κατ’
3187 1917 3519 1988 οἰκονομίαν.
3560 1915 3622 1967 Ei
3657 1913 3733 1983 μὴ

2145 2013 2492 2085 περιετμήθη
2525 2015 2655 2083 γὰρ,
2688 2014 2788 2066 οὑκ
2818 2013 2884 2066 ἂν
2916 2012 3051 2074 ὅλως
3097 2008 3411 2081 παρεδέχθη
3439 2007 3730 2067 διδάσκων,

2141 2108 2258 2162 ἀλλ’
2291 2107 2632 2177 ἀπεπέμφθη
2668 2107 2756 2170 ἂν,
2796 2106 2871 2168 ὡς
2902 2102 3220 2173 ἀλλόφυλος,
3241 2101 3348 2155 οὖδ⁹
3381 2099 3444 2153 ἂν
3478 2099 3732 2150 ἐπίστευ-

2145 2200 2203 2254 σέ
2267 2219 2374 2263 τις,
2422 2201 2505 2254 ὅτι
2541 2199 2706 2263 αὐτός
2763 2201 2882 2252 ἐστι
2912 2199 2941 2252 ὁ
2984 2195 3440 2269 προσδοκώμενος
3491 2188 3732 2262 Χριστὸς

2142 2295 2206 2346 ἐκ
2241 2293 2564 2363 σπέρματος
2591 2291 2872 2363 Ἀϐραάμ.
2907 2291 2971 2344 Οἱ
3008 2290 3116 2360 γὰρ
3148 2286 3208 2352 ἐξ
3239 2285 3496 2358 Ἀϐραὰμ
3554 2281 3730 2335 ᾶπαν-

2139 2403 2256 2450 τες,
2302 2383 2578 2455 σφραγῖδα
2620 2384 2717 2437 καὶ
2782 2383 3013 2452 σημεῖον
3063 2380 3161 2451 τὴν
3218 2375 3524 2451 περιτομὴν
3561 2369 3729 2443 εἶχον,

2140 2478 2566 2531 διαστέλλουσαν
2590 2475 2792 2538 αὐτοὺς
2820 2476 2930 2530 ἀπὸ
2960 2474 3069 2528 τῶν
3101 2473 3278 2528 ἄλλων
3305 2470 3492 2525 ὲθνῶν.
3530 2469 3730 2538 Περιεο

2142 2570 2329 2640 τμήθη
2391 2571 2492 2640 μὲν
2535 2569 2630 2624 οὖν
2684 2569 2774 2621 διὰ
2821 2568 3003 2628 ¹ιοιῖιτο,
3040 2566 3265 2638 πληρῶν
3325 2560 3606 2618 κάνταῦθα
3639 2558 3734 2612 τὸν

2141 2662 2538 2732 νόμον,ὥσπερ
2571 2663 2665 2716 καὶ
2699 2662 2756 2714 ἐν
2789 2662 2904 2723 τοῖς
2935 2659 3116 2722 ἄλλοις
3144 2658 3391 2728 νομικοῖς
3410 2651 3726 2725 παρλγγέλο

2147 2772 2333 2826 μασιν,
2367 2756 2456 2809 ἵνα
2517 2755 2593 2826 μὴ
2639 2753 2764 2825 δόξῃ
2805 2752 2898 2807 τοῦ
2946 2753 3113 2806 νόμου
3150 2749 3496 2821 παραὸάτης.
3521 2746 3732 2800 Ἐπαυ-

2145 2865 2204 2903 σε
2242 2849 2300 2903 δὲ
2347 2849 2558 2921 ταύτην
2602 2851 2698 2902 καλ¹
2737 2848 2878 2902 πάνυ
2912 2847 3175 2916 εὐλόγως.
3224 2844 3284 2898 ἸΙ
3317 2843 3426 2913 γὰρ
3457 2837 3731 2912 περιτομὴ

2149 2943 2260 2995 τῶν
2303 2941 2577 3013 Ἐϐραίων
2613 2942 2674 2995 τὸ
2709 2941 2997 3012 βάπτισμα
3059 2940 3172 2994 τῶν
3221 2935 3569 3009 Χριστιανῶν
3604 2933 3729 2986 ἐτύ-

2143 3053 2248 3088 που
2287 3036 2383 3090 καὶ
2419 3039 2862 3106 προεσήμαινεν.
2906 3034 3121 3104 ’Ὠσπερ
3151 3033 3262 3104 γὰρ
3293 3033 3478 3101 ἐκείνη
3512 3031 3639 3091 τοῦς
3669 3027 3730 3092 ἐξ

2142 3130 2400 3201 ’Δὸραᾶιμ
2453 3131 2567 3201 (52)
2606 3129 2909 3199 ὲσφράγιζε
2953 3130 3048 3181 καὶ
3091 3127 3400 3180 διέστελλεν
3451 3124 3560 3178 ἀπὸ
3596 3141 3734 3176 πανο

2144 3223 2235 3287 τὸς
2271 3223 2482 3288 ἔθνους,
2519 3223 2662 3276 οὕτω
2695 3224 2790 3276 καὶ
2818 3221 2979 3275 τοῦτο
3015 3225 3146 3284 τοὺς
3182 3217 3566 3290 Χριστιανούς.
3596 3218 3732 3274 (Καὶ

2147 3317 2261 3388 (5'5)
2313 3315 2572 3388 καθάπερ
2629 3316 2821 3385 ἐκείνη
2878 3315 3136 3386 περιττὸν
3175 3314 3589 3384 ἀποτέμνειτοῦ
3627 3311 3734 3365 σώ-

2149 3429 2319 3484 ματος
2350 3413 2538 3482 μέρος,
2571 3411 2718 3466 οὕτω
2746 3412 2838 3465 καὶ
2865 3411 3025 3464 τοῦτο
3050 3413 3149 3477 τὴν
3194 3409 3471 3479 ἁμαρτίαν
3529 3408 3732 3460 ἀποτέ-

2149 3527 2299 3580 μνει,
2321 3511 2587 3581 περιττὴν
2623 3507 3028 3582 ὑπάρχουσαν.]
3063 3507 3213 3562 Ἔδει
3242 3507 3298 3561 δὲ
3329 3504 3600 3576 παυθῆναι
3645 3503 3736 3558 τὸν

2144 3603 2341 3668 τύπον,
2395 3603 2650 3665 ἐλθόντος
2701 3603 2799 3656 τοῦ
2837 3601 3228 3674 πρωτοτύπου,
3270 3602 3364 3655 καὶ
3417 3598 3641 3667 σιγῆσαι
3674 3598 3737 3650 τὸ

2150 3697 2381 3767 μηνύον,
2417 3697 2741 3761 ἐπιστάντος
2776 3695 2871 3751 τοῦ
2905 3695 3272 3766 μηνυομένου.
3299 3692 3373 3745 Τὸ
3405 3693 3515 3762 γὰρ
3541 3690 3736 3744 ἑαυτοῦ

2146 3790 2509 3862 πεπλήρωκε,
2539 3789 2635 3844 καὶ
2669 3791 2925 3861 περιττόν
2955 3791 3073 3841 ἐστι
3101 3787 3196 3841 τοῦ
3233 3783 3447 3840 λοιποῦ.

2217 3884 2328 3939 Kal
2382 3883 2919 3947 ὅτε-Μωῦσέως.
2965 3883 3025 3936 Ὀ
3090 3880 3254 3951 νόμος
3305 3878 3400 3933 τοῦ
3453 3877 3588 3931 Θεοῦ
3639 3877 3737 3947 μὲν

2144 3976 2237 4053 ἦν,
2270 3981 2346 4045 ὡς
2405 3982 2533 4051 παρ’
2575 3979 2741 4032 αὐτοῦ
2807 3977 3142 4048 ὑφηγηθείς·
3179 3974 3400 4043 ἐλέγετο
3429 3973 3487 4025 δὲ
3520 3972 3612 4026 καὶ
3642 3970 3737 4024 τοῦ

2145 4075 2454 4138 Μωῦσὲως,
2490 4075 2564 4137 ὡς
2595 4073 2731 4140 παρ’
2763 4071 2930 4125 αὐτοῦ
2963 4069 3217 4143 γραφείς.
3258 4068 3511 4124 Ἐκέλευε
3549 4065 3603 4118 δὲ
3636 4063 3736 4135 τὴν

2150 4169 2667 4241 σπερματισθεϊσαν
2708 4169 2803 4222 καὶ
2859 4165 3129 4220 τεκοῦσαν
3175 4164 3366 4235 ἄρσεν,
3426 4161 3736 4231 ἀκάθαρτον

2149 4259 2473 4333 νομίζεσθαι
2507 4262 2672 4334 μέχρι
2699 4259 3118 4331 τεσσαράκοντα
3165 4255 3412 4328 ἡμερῶν.
3465 4253 3639 4307 Τοῦτο
3677 4251 3734 4306 δὲ

2150 4356 2525 4427 προσέταττεν
2583 4356 2664 4418 είς
2717 4353 3031 4407 ἀνάπαυσιν
3075 4350 3176 4420 τῆς
3225 4351 3458 4421 μήτρας,
3510 4346 3600 4399 ἵνα
3659 4343 3735 4414 μὴ

2150 4449 2316 4512 εὐθὺς
2369 4449 2420 4501 ol
2461 4447 2660 4520 ἄνδρες
2708 4447 3006 4509 τεκούσαις
3044 4445 3167 4508 ταῖς
3215 4445 3484 4514 γαμεταῖς
3527 4439 3740 4492 ἑαυτῶν

445 4528 694 4584 nondum
744 4539 936 4586 curato
968 4531 1176 4598 labore,
1217 4533 1311 4604 qui
1344 4536 1625 4606 parientes
1662 4540 2038 4611 consequitur.

2153 4544 2609 4617 συμπλέκωνται,
2651 4547 2820 4618 μήπω
2849 4546 2947 4618 τὴν
2980 4545 3090 4599 ἀπὸ
3112 4542 3206 4597 τοῦ
3239 4542 3419 4595 τεκεῖν
3447 4542 3734 4592 ταλαιπωσ

447 4629 650 4682 Verum
692 4627 785 4683 Dei
835 4628 1084 4683 Genitrix
1127 4629 1258 4686 huic
1315 4644 1466 4688 certe
1497 4633 1601 4706 legi
1657 4636 1899 4708 subjecta
1935 4653 2046 4692 non

447 4731 586 4786 erat,
627 4739 695 4778 eo
717 4722 865 4793 quod
898 4738 1086 4779 semen
1131 4740 1241 4780 non
1281 4740 1604 4799 susceperat
1636 4748 1649 4784 :
1683 4731 1928 4788 obedivit
1965 4742 2050 4788 ta-

448 4831 600 4880 men,
627 4832 694 4870 ne
753 4816 930 4888 legem
967 4821 1282 4891 transgredi
1320 4822 1628 4881 videretur.
1695 4826 2047 4899 Purgationis

451 4919 635 4964 autem
668 4925 882 4974 eorum,
915 4921 1046 4981 puta
1105 4914 1297 4970 matris
1333 4917 1490 4987 pueri
1534 4934 1598 4973 ac
1633 4921 1822 4990 sponsi
1881 4925 1998 4993 ejus
2032 4943 2046 4980 :

449 5004 953 5074 appmpriabantur
987 5011 1134 5065 enim
1168 5019 1222 5065 et
1253 5012 1386 5066 viris
1419 5014 1774 5084 purgationes
1807 5032 2041 5073 uxorum

448 5108 696 5154 suarum.

529 5274 571 5308 “
601 5276 773 5334 Levit.
802 5294 897 5345 xu,
923 5281 979 5337 2.

2156 4640 2281 4712 ρίαν
2355 4639 2824 4711 θεραπευσάσαις.
2864 4638 3007 4695 Ἀλλ’
3051 4641 3085 4712 η
3140 4636 3404 4700 Θεοτόκος
3451 4635 3548 4704 οὐχ
3607 4631 3740 4686 ὑπέ-

2147 4749 2302 4786 κειτο
2329 4732 2428 4802 μὲν
2446 4731 2523 4802 τῷ
2542 4732 2694 4803 νόμῳ
2724 4731 3029 4800 τούτῳ,διὰ
3054 4729 3112 4782 τὸ
3139 4728 3214 4800 μὴ
3235 4723 3733 4799 σπερματισθῆναιθ

2149 4826 2527 4897 ἐπειοάρχησε
2565 4827 2620 4880 δὲ
2650 4826 2824 4897 αὐτῷ,
2855 4825 2941 4878 ἵνα
2971 4825 3048 4896 μὴ
3078 4822 3207 4894 δόξῃ
3246 4818 3612 4894 παραϐαίνειν
3644 4815 3736 4870 τὸν

2151 4919 2339 4990 νόμον.
2378 4918 2487 4971 Τοῦ
2514 4918 2867 4991 καθαρισμοῦ
2900 4917 2958 4972 δὲ
2984 4917 3190 4981 αὐτῶν,
3221 4915 3342 4986 ἦτοι
3395 4914 3494 4981 τῆς
3529 4911 3737 4982 μητρὸς

2154 5013 2253 5066 τοῦ
2307 5013 2524 5066 παιδίου
2554 5013 2649 5066 καὶ
2691 5012 2786 5067 τοῦ
2822 5013 3140 5084 μνηστῆρος
3180 5010 3349 5080 αὐτῆς
3373 5023 3388 5039 ⁸
3429 5005 3736 5078 ᾩκειοῦντο

2158 5107 2267 5179 γὰρ
2291 5107 2341 5159 οἱ
2371 5105 2569 5180 ἄνδρες
2594 5107 2686 5161 τὴν
2719 5105 3065 5178 καθαρισμὸν
3094 5105 3200 5158 τῶν
3232 5099 3508 5171 γυναικῶν
3529 5097 3729 5152 αὐτῶν.

1688 5355 1893 5420 Variae
1939 5357 2246 5425 lectiones
2279 5367 2337 5424 et
2369 5368 2558 5423 notos.

523 5534 636 5604 (50)
710 5536 1066 5608 .ελεωτέραν.
1114 5541 1172 5599 Β.

530 5609 641 5672 (Si)
675 5608 833 5662 Ἐπεὶ
859 5613 1079 5666 παύειν.
1115 5612 1173 5666 Β.

529 5679 637 5750 ‘53)
667 5679 758 5745 ‘le
781 5684 1035 5754 Ἀϐραὰμ
1066 5701 1170 5740 non
1204 5681 1462 5754 exprimit
1488 5685 1779 5754 interpres.

2231 5539 2348 5614 (53)
2379 5539 2506 5595 Hac
2551 5539 2605 5595 in
2638 5541 2883 5614 margine
2930 5533 3334 5614 A._l_lenteu_ius
3368 5532 3482 5614 hate
3529 5531 3580 5586 iu
3632 5530 3740 5584 ﬁne

2159 5605 2350 5670 scholii
2383 5626 2447 5667 ex
2487 5613 2736 5683 margine
2762 5605 2859 5668 'sui
2893 5610 3096 5665 codicis
3135 5605 3436 5662 addiderat.
