4032 6486
228 359 338 428 889
1253 370 1644 433 COMMENT.
1692 372 1772 432 IN
1812 371 2094 434 LUCAM.
2137 399 2206 410 ’-
2243 374 2406 437 CAP.
2451 376 2538 438 II.
3411 377 3521 444 8‘30

310 476 649 550 Ἀνήγαγον
681 509 748 522 --
779 483 1171 553 κληθήσεται.
1200 487 1588 559 Παραστῆσαι.
1640 492 1820 544 εἷτουν
1853 499 1893 550 Α

2000 490 2154 549 \‘ers.
2213 492 2304 547 22.
2356 494 2707 547 Adduxerunt
2743 519 2816 531 —
2884 489 3036 547 \‘ers.
3093 493 3185 549 23.
3234 495 3516 552 vocabitur.

225 573 567 642 ἀποκομίσαι
593 575 671 645 τῷ
705 576 898 646 Κυρίῳ
922 578 1002 640 είς
1027 578 1120 630 τὸν
1145 582 1203 632 ὲν
1241 579 1643 652 Ἰεροσολύμοις
1667 585 1817 638 ναόν.

1929 587 2222 652 Sisterent,
2251 586 2368 641 sive
2405 586 2671 640 aﬂerrent
2703 583 2933 638 Domino
2967 585 3021 637 in
3084 583 3348 654 templum
3375 583 3521 654 quod

236 665 582 734 Ἐγέγραπτο
619 668 728 738 γὰρ
759 670 818 721 ὲν
854 669 932 738 τῷ
964 670 1114 740 νόμῳ
1145 673 1227 724 ὃτι
1262 672 1393 728 Πᾶν
1429 675 1621 744 ἁρσεν
1649 676 1820 730 διαν-

1927 692 2044 735 erat
2097 681 2480 751 Jerosolymis.
2541 679 2824 748 Scriptum
2892 685 3011 733 erat
3059 679 3206 732 enim
3268 679 3322 732 in
3359 678 3519 749 lege:

223 756 392 825 οῖγον
416 761 675 827 μήτραν,
740 761 959 831 πρῶτον
1004 763 1267 830 δηλονότι,
1294 768 1541 820 τουτέστι
1596 769 1815 836 πρωτό-

1930 772 2088 825 Omne
2105 773 2460 826 masculinum
2489 772 2808 839 adaperiem
2835 771 3046 824 vulvam
3073 768 3334 838 (primum
3365 770 3522 822 vide-

220 867 405 916 τοκον,
438 852 601 921 ἅγιον
650 852 732 918 τῷ
770 856 966 919 Κυρίῳ
993 856 1373 924 κληθήσεται
1402 876 1418 892 ·
1453 862 1625 930 ἤγουν
1664 865 1812 929 ἀφω-

1927 864 2073 928 licet,
2149 866 2253 919 hoc
2318 873 2422 926 est.
2480 862 2930 934 primogenitum)
2998 873 3241 914 sanctum
3298 860 3519 915 Domino

222 946 484 1013 ρισμένον
510 949 588 1016 τῷ
633 947 753 1016 Θεῷ
785 948 1143 1018 κληθήσεται.

1929 959 2192 1011 vocabitur
2217 959 2256 989 "’
2290 975 2304 1014 :
2335 957 2473 1020 sive,
2504 964 2854 1025 separatum
2923 953 3154 1008 Domino
3210 953 3521 1012 vocabitur.

311 1040 668 1110 Ἀφιεροῦντο
697 1041 755 1094 δὲ
795 1041 868 1094 τὰ
901 1044 1229 1110 πρωτότοκα
1269 1044 1379 1098 τῶν
1422 1047 1700 1115 Ἐϐραίων
1737 1052 1814 1117 τῷ

1994 1051 2508 1104 Consecrunhuntur
2537 1054 2720 1102 autem
2777 1044 3129 1100 IIebrtBorum
3162 1043 3519 1114 primogenita

219 1133 362 1200 Θεῷ,
397 1133 536 1186 διότι
591 1134 764 1187 πάλαι
819 1135 890 1187 τὰ
949 1137 1277 1206 πρωτότοκα
1332 1139 1443 1192 τῶν
1493 1143 1811 1209 Αἰγυπτίων

1929 1139 2055 1202 Deo,
2106 1142 2237 1209 quia
2295 1140 2428 1194 olim
2483 1138 2853 1210 primogenita
2933 1136 3296 1207 Egyptorum
3355 1133 3521 1188 morti

219 1225 575 1279 ἐθανάτωσεν
604 1225 750 1296 ὑπὲρ
780 1225 1101 1298 ἐλευθερίας
1129 1229 1241 1281 τῶν
1283 1231 1582 1300 Ἐϐραίων.

1463 1233 1582 1287 ίων.
1922 1232 2145 1286 tradidit
2177 1248 2274 1299 pro
2313 1233 2568 1288 libertate
2604 1231 2959 1290 Hebraeorum
2989 1229 3054 1281 ".

304 1318 466 1372 ’Δλλὰ
515 1319 584 1372 τὰ
627 1319 729 1390 μὲν
781 1312 923 1374 ἄλλα
956 1323 1291 1390 πρωτότοκα
1326 1327 1816 1399 προδιανοιγεῖσαν

1995 1325 2100 1383 Sed
2142 1328 2256 1380 hsce
2283 1327 2505 1396 quidem
2540 1323 2904 1394 primogenita
2944 1323 3057 1391 jam
3111 1329 3358 1390 apertam
3387 1317 3524 1372 ada-

218 1410 558 1478 διανοίγουσι
610 1411 711 1480 τὴν
775 1415 1015 1488 μήτρανο
1075 1415 1524 1487 προδιανοίγεται
1577 1426 1689 1494 γὰρ
1747 1428 1810 1496 τῇ

1928 1423 2146 1493 periunt
2183 1421 2402 1475 vulvam
2442 1436 2456 1472 :
2499 1419 2747 1488 aperitur
2777 1417 2921 1471 enim
2957 1417 3013 1469 in
3051 1415 3150 1470 viri
3195 1428 3520 1484 congressu,

219 1502 492 1580 συνουσίᾳ
551 1503 647 1561 τοῦ
681 1503 900 1578 ἀνδρὸς,
935 1511 1026 1563 ὅτε
1057 1510 1119 1562 τὸ
1163 1511 1392 1582 σπέρμα
1438 1515 1811 1592 εἰσακοντίζε.

1932 1513 2142 1583 quando
2171 1526 2362 1566 semen
2397 1508 2664 1564 infundit.
2701 1507 2866 1562 Solus
2889 1514 3069 1559 autem
3093 1502 3350 1559 Christus
3385 1516 3524 1554 non-

215 1616 330 1652 ται·
365 1601 528 1666 μόνος
565 1601 623 1654 δὲ
656 1603 681 1653 ὁ
711 1601 955 1670 Χριστὸς
997 1605 1166 1670 μήπω
1198 1605 1570 1674 διανοιγεῖσαν
1612 1609 1807 1676 διήνοι-

1928 1605 2052 1657 dum
2086 1609 2357 1671 apertam,
2385 1597 2882 1670 supernaturaliter
2898 1593 3134 1664 aperuit,
3167 1602 3224 1646 et
3249 1593 3520 1655 clausam,

223 1692 314 1754 ξεν
351 1693 677 1764 ὑπερφυῶς,
712 1693 808 1745 καὶ
848 1695 1251 1767 κεκλεισμένην
1298 1700 1441 1750 κατὰ
1485 1700 1650 1766 φύσιν
1692 1705 1815 1766 ἐτή-

1932 1695 2246 1748 naturaliter
2274 1692 2519 1746 servavit
2547 1709 2561 1744 :
2605 1689 2735 1759 quia
2765 1688 2931 1742 etiam
2982 1686 3132 1740 solus
3163 1683 3254 1738 hic
3303 1683 3524 1753 proprie

218 1800 388 1854 ρησεν
411 1800 425 1814 ⁸
462 1784 588 1836 ἐπεὶ
639 1785 733 1838 καὶ
776 1786 940 1849 μόνος
969 1781 1124 1850 οὗτος
1170 1788 1327 1856 ἅγιος
1357 1791 1433 1858 τῷ
1467 1793 1658 1862 Κυρίῳ
1720 1813 1810 1846 κυ-

1931 1793 2148 1838 smctus
2178 1793 2262 1837 est
2295 1771 2548 1844 Domino,
2581 1788 2636 1834 et
2659 1779 2965 1834 secundum
3004 1776 3368 1836 divinitatem,
3395 1772 3523 1843 quia

218 1844 231 1854 .
276 1844 287 1853 .
776 1844 787 1849 -
921 1844 933 1849 -
1107 1844 1117 1850 .
1218 1844 1228 1856 .
1307 1844 1322 1852 ,
1406 1844 1416 1858 ,
1501 1844 1512 1846 ε
1557 1844 1569 1861 ,
1629 1844 1640 1862 δ

217 1877 370 1945 ρίως·
420 1879 565 1929 κατὰ
617 1878 716 1947 τὴν
742 1878 977 1944 θεότητα
1010 1881 1131 1948 μὲν,
1167 1882 1241 1942 ὡς
1279 1883 1406 1946 Υἱὸς
1449 1886 1639 1950 αὐτοῦ,
1674 1891 1809 1940 κατὰ

1933 1875 2097 1927 Filius
2157 1874 2328 1942 ejus:
2393 1881 2449 1925 et
2516 1868 2823 1923 secundum
2883 1865 3287 1921 humanitatem
3334 1869 3525 1931 utpote

215 1969 274 2020 δὲ
310 1973 412 2039 τὴν
455 1971 886 2043 ἀνθρωπότητα,
922 1973 997 2036 ὡς
1048 1975 1332 2044 ἡνωμένος
1369 1978 1442 2046 τῷ
1475 1979 1586 2048 Υἱῷ
1622 1981 1807 2032 αὑτοῦ.

1931 1967 2113 2020 imitus
2135 1964 2276 2018 Filio
2316 1964 2458 2032 ejus.
2495 1962 2684 2029 Itaque
2717 1960 2847 2015 licet
2878 1968 3104 2028 propter
3160 1955 3362 2010 dictam
3389 1968 3523 2006 cau-

219 2061 410 2120 Ὠττε,
444 2063 494 2112 εί
527 2064 623 2114 καὶ
655 2063 744 2115 διὰ
778 2064 876 2132 τὴν
906 2064 1171 2134 ῥηθεῖσαν
1201 2067 1387 2119 αἰτίαν
1422 2072 1554 2138 περὶ
1595 2070 1811 2122 πάντων

1931 2077 2034 2113 sum
2104 2059 2172 2112 de
2231 2056 2491 2111 omnibus
2545 2051 2927 2123 primogrnitis
2992 2063 3232 2118 praesens
3293 2044 3523 2100 verbum

214 2153 328 2206 τῶν
399 2157 774 2223 πρωτοτόκων
837 2158 1218 2228 ἐνομοθετήθη
1274 2161 1336 2212 τὸ
1390 2163 1565 2230 παρὸν
1629 2166 1806 2234 ῥητὸν.

1930 2161 2186 2206 ,ιαιυιυιιι
2220 2158 2328 2216 est,
2357 2148 2534 2204 solum
2567 2157 2751 2202 tamen
2783 2143 3067 2200 Christum
3127 2141 3341 2194 directe
3403 2151 3522 2191 res-

215 2247 357 2301 ὰὶν.λὰ
382 2265 444 2316 γε
490 2252 625 2319 πρὶς
662 2251 756 2302 τὸν
785 2250 1026 2319 Χριστὸν
1068 2253 1230 2321 μόνον
1260 2252 1439 2323 ὀρθῶς
1474 2256 1812 2311 ἀπέϐλεπεν.
1923 2244 2076 2312 Picu-

289 2339 684 2411 [Ἀμφιλοχῐω
711 2344 824 2411 (54)
863 2344 1115 2397 Ἰκονίου·
1149 2345 1293 2416 Πρὸς
1330 2347 1432 2416 μὲν
1462 2350 1564 2418 τὴν
1612 2349 1758 2418 napi)
1793 2379 1820 2388 -

1992 2354 2074 2425 ﬁ-
2112 2353 2487 2424 Amphilochii
2539 2351 2865 2408 Iconensis:
2898 2347 3058 2415 Quod
3108 2347 3307 2401 attinet
3362 2351 3523 2398 natu-

213 2436 373 2505 νικὴν
436 2437 602 2506 φύσιν
638 2438 751 2490 οὐδ’
784 2439 923 2500 ὅλως
953 2441 1008 2490 αἱ
1036 2438 1374 2510 παρθενικαὶ
1409 2441 1582 2494 πύλαι
1608 2443 1805 2512 ἀνεῴχ-

1932 2461 2034 2500 ram
2084 2446 2344 2516 Virginis,
2376 2455 2548 2516 porta
2576 2445 2840 2516 virginea:
2872 2458 3102 2513 prorsus
3162 2456 3272 2494 non
3322 2447 3524 2508 aperta:

215 2530 393 2601 θησαν
439 2531 698 2600 βουλήσει
762 2533 858 2585 τοῦ
903 2533 1110 2603 ἀρτίως
1161 2535 1631 2604 κυοφορηθέντος,
1673 2537 1807 2590 κατᾶ

1931 2548 2070 2604 sunt,
2103 2541 2387 2596 voluntate
2410 2539 2551 2608 ejus.
2587 2538 2684 2608 qui
2717 2538 2772 2591 in
2841 2545 2999 2590 utero
3050 2533 3368 2605 gerebatur,
3431 2545 3523 2585 se-

213 2625 280 2675 τὺ
324 2623 542 2692 φάσκον
584 2626 717 2694 περὶ
756 2624 924 2677 αὐτοῦ
965 2626 1151 2695 ῥητόν·
1203 2625 1367 2692 Αὕτη
1418 2628 1456 2694 ἡ
1495 2628 1662 2693 πύλη
1709 2627 1805 2680 τοί

1932 2633 2162 2686 cundum
2205 2633 2414 2687 dictum
2451 2633 2519 2687 de
2551 2647 2617 2686 eo
2648 2650 2661 2686 :
2695 2628 2828 2684 Ha'c
2881 2638 2960 2684 est
3009 2637 3164 2698 porta
3199 2625 3438 2689 Domini,
3475 2632 3524 2677 et

212 2716 464 2783 Κυρίου,
499 2717 598 2769 καὶ
629 2716 1070 2776 εισελεύσεται,
1109 2715 1212 2769 καὶ
1261 2716 1680 2779 ἐξελεύσεται,
1718 2735 1804 2771 καί

1933 2724 2158 2789 intrabit,
2185 2734 2233 2778 et
2260 2725 2444 2790 exibit,
2463 2734 2512 2778 et
2544 2723 2644 2777 erit
2676 2733 2831 2793 porta
2866 2720 3054 2775 clausa
3088 2721 3131 2752 “
3157 2738 3172 2785 ;
3221 2719 3366 2786 quod
3393 2732 3525 2771 vero

215 2809 396 2862 ἔσται
429 2809 467 2876 ή
501 2809 666 2876 πύλη
715 2811 1145 2877 κεκλεισμένηο
1173 2808 1287 2881 (55)
1315 2810 1390 2873 ὡς
1434 2811 1490 2864 δὲ
1533 2811 1670 2882 πρὸς
1716 2812 1807 2883 τὴν

1936 2817 2122 2870 ittinet
2162 2816 2470 2886 potentiam
2510 2817 2625 2869 nati
2669 2813 2912 2878 Domini,
2979 2812 3118 2867 nihil
3158 2811 3407 2866 clausqu
3441 2816 3528 2864 est

215 2900 455 2971 δύναμιν
500 2899 597 2954 τοῦ
631 2901 923 2972 τεχθέντος
950 2902 1252 2962 Δεσπὸτου.
1285 2901 1440 2955 οὐδὲν
1495 2903 1807 2957 κέκλεισται

1343 2903 1440 2955 ιδὲν
1495 2903 1818 2958 κέκλεισται
1924 2905 2180 2972 Domino,
2217 2904 2314 2959 sed
2341 2905 2529 2960 omnia
2565 2913 2768 2975 ψει-ια,
2785 2913 2935 2957 sunt.

213 2995 295 3066 τῷ
323 2995 535 3067 Κυρίῳ,
565 2995 700 3049 ἀλλὰ
733 2996 912 3050 πάντα
946 2995 1277 3069 ἀνέῳκταιά

290 3089 402 3143 Kal
423 3089 527 3144 τοῦ
545 3089 759 3143 δοῦναι
779 3119 847 3128 -
865 3088 1330 3157 περιστερῶν.-
1349 3090 1686 3160 Ἀνήγαγον
1703 3092 1781 3145 αὐ
1793 3120 1813 3132 ο
1862 3149 1882 3175 Ἴ

1999 3089 2155 3147 Vers.
2177 3090 2269 3146 24.
2299 3091 2365 3146 Et
2391 3098 2451 3144 ut
2470 3091 2747 3146 darent—
2766 3088 3244 3142 columbarum.——
3269 3086 3525 3140 Adduxe-

216 3183 346 3240 τὸν,
379 3181 492 3252 (56)
521 3183 679 3252 φησὶ,
709 3181 863 3248 ὑπὲρ
895 3180 1003 3242 τοῦ
1035 3179 1429 3248 παραστῆσαι
1476 3181 1557 3246 τῷ
1589 3181 1808 3249 Κυρίῳ,

1934 3195 2046 3239 runt
2087 3200 2228 3247 eum,
2253 3181 2451 3252 inquit,
2483 3189 2537 3234 ut
2567 3181 2811 3235 sisterent
2847 3178 3102 3243 Domino,
3146 3178 3290 3232 sicut
3317 3178 3526 3231 dictum

221 3273 411 3338 καθὼς
441 3276 685 3346 εἴρηται,
722 3275 820 3327 καὶ
876 3273 1020 3342 ὑπὲρ
1052 3273 1151 3327 τοῦ
1206 3272 1397 3327 δοῦναι
1437 3274 1636 3328 θυσὲαν
1675 3276 1813 3346 ὑπὲρ

1934 3289 2027 3344 est,
2059 3286 2116 3334 et
2157 3289 2215 3332 ut
2261 3277 2460 3332 darent
2491 3273 2729 3329 hostiam
2755 3287 2856 3343 pro
2894 3286 2983 3335 eo,
3014 3271 3102 3324 illa
3135 3270 3370 3332 scilicet,
3404 3284 3526 3337 quae

219 3367 391 3423 αὑτοῦ
419 3367 489 3421 τὰ
522 3366 784 3440 ρηθέντα.
828 3367 1127 3420 Ἐπέταττε
1171 3365 1283 3435 γὰρ
1315 3367 1343 3420 ὁ
1379 3367 1546 3438 νόμος
1612 3367 1811 3422 διδῦναι

1932 3373 2066 3428 dicta
2102 3376 2254 3424 sunt.
2276 3367 2450 3423 Jussit
2473 3367 2623 3422 enim
2658 3366 2768 3430 lex,
2793 3363 3069 3419 utdarent
3100 3378 3197 3432 par
3221 3371 3524 3423 turturum,

218 3461 418 3531 ζεῦγος
473 3461 761 3532 τρυγόνων
839 3463 985 3533 ὑπὲρ
1036 3460 1401 3531 σωφροσύνης
1451 3462 1544 3514 τοῦ
1601 3462 1810 3527 παιδόςί

1935 3476 2152 3536 propter
2185 3461 2341 3534 pueri
2376 3459 2822 3529 temperantiam,
2848 3466 2932 3512 est
2957 3457 3104 3511 enim
3166 3465 3349 3509 turtur
3402 3451 3527 3506 ani-

220 3557 682 3627 σωφρονέστατον
740 3554 850 3628 γὰρ
901 3558 934 3627 ἡ
1000 3553 1225 3627 τρυγών
1259 3570 1276 3587 ο
1323 3554 1357 3624 ἢ
1413 3553 1508 3607 δύο
1561 3557 1812 3621 νεοσσοὺς

1933 3554 2032 3609 mal
2063 3553 2483 3617 castissimum;
2527 3559 2625 3604 aut
2679 3549 2822 3602 duos
2875 3546 3054 3616 pullos
3112 3544 3525 3604 co!umharum,

217 3648 569 3720 περιστερῶν
608 3649 752 3719 ὑπὲρ
819 3650 1178 3718 τεκνογονίας
1211 3648 1402 3703 αὑτοῦ·
1440 3650 1809 3719 γονιμώτατον

1937 3654 2148 3717 propter
2177 3646 2298 3715 ejus
2342 3644 2744 3700 fecunditatem
2778 3659 2793 3696 :
2828 3640 3085 3694 columba
3147 3652 3388 3705 namque
3443 3634 3529 3689 fe-

217 3743 330 3811 γὰρ
370 3741 404 3810 ἡ
450 3741 779 3812 περιστερά.
811 3742 980 3796 Διττὰ
1000 3742 1056 3795 δὲ
1087 3742 1184 3796 καὶ
1216 3741 1415 3806 ταῦτα,
1452 3745 1710 3810 κάκεῖνα,
1733 3744 1809 3798 ἵνα

1939 3738 2258 3794 :undissima
2287 3745 2391 3792 est.
2423 3735 2594 3789 Erant
2628 3742 2887 3790 autemet
2917 3732 3054 3796 lucc,
3086 3740 3141 3785 et
3204 3729 3293 3782 illa
3346 3727 3531 3797 dupli-

218 3835 282 3889 τὸ
310 3833 411 3905 μὲν
435 3834 521 3904 εἴη
549 3835 628 3898 εις
652 3834 950 3904 ὲξίλασμα,
981 3835 1043 3889 τὸ
1071 3835 1128 3889 δὲ
1154 3837 1235 3900 εἰς
1259 3836 1662 3907 ὁλοκάρπωμα.
1688 3836 1810 3889 ’Ὠσι

1939 3832 2028 3885 :ia.
2061 3830 2241 3886 Unum
2274 3827 2420 3883 enim
2441 3825 2776 3882 ollerebatur
2827 3824 2882 3877 in
2935 3823 3322 3893 placationcm,
3390 3818 3531 3873 alte—-

221 3944 334 3998 περ
357 3927 415 3981 δὲ
459 3929 492 3999 ἡ
525 3928 710 3999 μήτηρ
736 3928 833 3981 τοῦ
866 3928 1111 3999 Χριστοῦ
1134 3930 1237 4000 οὐχ
1257 3929 1520 3984 ὑπέκειτο
1541 3931 1621 4000 τῷ
1652 3932 1813 4004 προρ⁴

1939 3940 2048 3979 tum
2099 3923 2155 3977 in
2215 3921 2576 3976 oblationem.
2623 3920 2848 3980 Verum,
2908 3918 3052 3972 sicut
3091 3914 3295 3970 Christi
3353 3922 3531 3967 mater

221 4020 448 4094 ῥηθέντι
480 4022 655 4094 νόμῳ,
690 4021 870 4087 οὕτως
907 4023 1030 4076 οὐδὲ
1064 4023 1228 4089 αὐτὸς
1255 4023 1334 4096 τῷ
1365 4025 1622 4094 παρόντι.

1935 4017 2202 4090 praedicta:
2223 4015 2330 4086 legi
2366 4015 2617 4084 subjecta
2652 4029 2761 4068 non
2792 4019 2932 4076 erat,
2973 4010 3054 4065 sic
3104 4024 3208 4063 nec
3242 4008 3359 4077 ipse
3383 4021 3527 4076 prte-

1927 4109 2093 4166 senti.

591 4211 750 4267 ΚΕΦ.
780 4211 858 4267 I".
892 4210 1034 4282 Περὶ
1058 4211 1165 4267 τοῦ
1197 4212 1464 4284 Συμεών.

2390 4221 2544 4280 CAP.
2565 4221 2659 4277 Ill.
2699 4220 2774 4275 De
2797 4219 3060 4274 Simeone.

295 4303 407 4359 Kal
443 4302 576 4358 ιὸοὺ
598 4326 670 4345 -ι
713 4303 990 4371 Ἰσραήλ.
1039 4305 1396 4376 Ἀνάκλησιν,
1420 4306 1703 4376 λύτρωσιν
1727 4307 1822 4362 τοῦ

1997 4319 2157 4377 Vers.
2187 4319 2279 4374 25.
2309 4318 2379 4372 Et
2423 4333 2540 4372 ecce
2567 4343 2638 4354 -—
2666 4313 2856 4368 Israel.
2921 4311 2977 4366 ld
3031 4319 3141 4377 est,
3214 4308 3527 4365 revocatio-

234 4397 641 4471 Ἰσραηλιτικοῦ
675 4397 811 4452 λαοῦ
857 4399 967 4453 ἀπο
1033 4399 1136 4470 τῆς
1166 4400 1442 4462 δουλείας.
1504 4402 1824 4472 Προσεδὸκα

1935 4428 2079 4478 nem,
2109 4411 2550 4482 redemptionem
2587 4405 2878 4460 lsraelitici
2910 4403 3101 4475 populi
3142 4418 3172 4458 a
3232 4404 3527 4458 servitute.

221 4494 283 4548 δὲ
315 4493 524 4564 ταύτην
559 4490 619 4558 ἐξ
654 4491 1021 4561 ἀναγνώσεως
1049 4493 1161 4547 τῶν
1198 4495 1562 4565 προφητικῶν
1594 4494 1813 4565 βίϐλων,

1933 4505 2296 4577 Exspectabat
2383 4512 2570 4558 autem
2637 4501 2779 4554 hanc
2841 4514 2907 4553 ex
2974 4497 3129 4552 libris
3180 4498 3525 4568 propheticis

223 4584 288 4642 al
331 4585 710 4656 κατήγγελλον
772 4587 867 4639 τὸν
915 4586 1177 4657 Χριστὸν,
1225 4587 1284 4650 ὃς
1320 4588 1468 4640 ἐστιν
1522 4587 1815 4651 ἀνάκλησις

1938 4600 2212 4657 Christum
2251 4595 2739 4656 annuntiantibus,
2768 4593 2862 4663 qui
2893 4591 3021 4646 novi
3083 4590 3368 4646 lsraelitici
3429 4607 3530 4662 po-

221 4678 322 4733 τοῦ
351 4679 475 4734 νέου
518 4679 928 4749 Ἰσραηλιτικοῦ
965 4679 1126 4742 λαοῦ,
1168 4681 1624 4751 ἀνακαλούμενος
1659 4679 1813 4734 αὐτὸν

1941 4695 2042 4767 puli
2080 4691 2364 4748 revocatio
2391 4697 2500 4755 est,
2531 4701 2802 4743 revocans
2831 4699 2959 4739 eum
2991 4684 3062 4739 ah
3088 4684 3298 4738 erroris
3359 4685 3533 4739 servi-

223 4771 340 4825 ἀπὸ
367 4771 470 4840 τῆς
507 4770 756 4835 δουλείας
791 4772 896 4843 τῆς
938 4772 1175 4845 πλάνης.
1933 4799 2071 4846 tute.

297 4867 406 4922 Kal
442 4866 681 4936 π’νεῦμα
707 4899 775 4909 -
801 4869 1012 4923 αὐτόν.
1047 4869 1275 4938 Πνεῦμα
1311 4869 1469 4940 ἅγιον
1518 4874 1826 4943 προφητεί-

2000 4882 2162 4938 Vers.
2212 4877 2308 4934 25.
2342 4877 2410 4932 Et
2461 4873 2688 4946 spiritus
2722 4903 2794 4912 —
2821 4888 2963 4926 eum.
3016 4869 3258 4941 Spiritus
3304 4879 3533 4924 sanctus

224 4978 313 5023 ας.
341 4961 458 5015 Οὐκ
511 4957 581 5034 ἦν
612 4961 669 5014 δὲ
706 4962 890 5033 ἱερεὺς
917 4965 946 5016 ὁ
978 4962 1230 5032 Συμεὼν,
1263 4965 1339 5028 ὡς
1392 4965 1521 5034 ἐμοὶ
1564 4967 1704 5030 τέως
1745 4965 1816 5019 δο-

1938 4971 2260 5046 prophetiae.
2314 4967 2434 5022 Non
2493 4975 2615 5022 erat
2685 4973 2870 5019 autem
2929 4961 3214 5026 sacerdos,
3272 4971 3331 5014 ut
3393 4961 3530 5015 mihi

223 5051 406 5129 κεῖοῆ
436 5055 547 5130 γὰρ
600 5056 668 5112 ἂν
712 5057 952 5129 ἐδήλωσε
988 5059 1084 5114 καὶ
1130 5059 1292 5114 τοῦτο
1325 5060 1547 5125 πάντως
1590 5060 1618 5113 ὁ
1653 5060 1815 5132 εὐαγ-

1931 5068 2152 5122 interim
2178 5064 2402 5119 videtur
2430 5079 2444 5116 :
2476 5059 2613 5115 alias
2640 5060 2789 5114 enim
2812 5067 2868 5113 et
2897 5057 3004 5113 hoc
3057 5055 3289 5110 omnino
3348 5055 3523 5108 mani-

224 5151 509 5227 γελιστὴς,
534 5154 613 5220 ὡς
652 5154 874 5228 ἀξίωμα
909 5155 1006 5211 τοῦ
1038 5155 1256 5228 ἀνδρός.

1936 5160 2190 5216 iestasset
2218 5155 2578 5228 evangelista,
2609 5161 2871 5224 tanquam
2891 5163 3150 5224 magnam
3179 5147 3283 5204 viri
3349 5146 3528 5218 digni-

1931 5260 2121 5308 tatem.

301 5410 346 5444 "
387 5409 560 5469 Exod.
595 5413 771 5483 xtn,2.
851 5417 894 5448 ¹⁸
922 5415 1059 5472 ibid.
1093 5415 1177 5470 l5.
1257 5417 1301 5450 "
1329 5416 1530 5472 Ezech.
1563 5431 1709 5483 Iuv,
1744 5416 1805 5471 2.

1395 5575 1598 5637 Variae
1643 5575 1954 5640 lectiones
1989 5582 2052 5639 et
2096 5581 2290 5640 notes.

307 5741 581 5819 (Sillimc
611 5743 666 5798 in
699 5745 946 5819 margine
984 5762 1014 5801 a
1052 5762 1216 5801 manu
1251 5745 1570 5802 recentiori.
1598 5745 1664 5800 Α.
1693 5743 1830 5802 Vide

1940 5745 2157 5816 θενικὴν
2212 5745 2402 5819 τοίνυν
2476 5743 2643 5813 φύσιν
2723 5743 2834 5799 οὐδ’
2879 5743 3020 5812 ὅλως
3069 5741 3430 5819 ἠνεῴχθησαν
3477 5740 3532 5795 αξ

235 5813 597 5888 Διιψ-ίιίιοώ.
615 5832 669 5884 p.
695 5816 790 5870 26.
828 5813 890 5870 Ῐ).

1935 5813 2277 5888 παρθενικαὶ
2314 5818 2501 5870 πύλαι.

311 5886 420 5951 εδδ)
448 5887 603 5956 Apud
626 5888 976 5958 Amphiloch.
1007 5889 1259 5947 additur:
1287 5891 1371 5958 Ὠς
1397 5893 1534 5959 ποὺς
1568 5892 1666 5956 τὴν
1700 5908 1856 5960 rapa

1040 5889 1259 5947 dditur:
1287 5891 1371 5958 Ὠς
1397 5893 1534 5959 ποὺς
1568 5892 1666 5956 τὴν
1700 5908 1856 5960 παρ.⁸
2013 5886 2125 5959 (56)
2155 5887 2326 5944 Αὐτὸν
2353 5888 2528 5946 abest.
2562 5889 2626 5942 A.
