4032 6456
188 407 302 473 897

1174 398 1566 462 COMMENT.
1614 398 1695 458 ΙΝ
1738 395 2018 460 LUCAM.
2064 422 2131 437 -
2170 398 2332 460 CAP.
2369 399 2484 459 ΙΙΙ.

3378 403 3486 467 898

188 527 389 599 ἑορτῆς
426 523 533 577 τῶν
577 513 853 591 ’Δζυμωι
900 515 1199 587 ’Υπέμεινε
1244 514 1300 568 δὲ
1337 514 1539 578 εῐτουν,
1572 511 1779 566 ὑπελεί-

1922 526 2035 564 um.
2054 510 2341 567 Remansit
2365 522 2573 577 autem,
2599 511 2713 566 sive
2739 512 2964 570 re‘lictus
2981 514 3135 570 estin
3157 513 3485 584 Jerusalem,

188 618 305 687 φθη
334 620 393 669 ὲν
440 612 828 685 Ἰερουσαλὴμ,
879 608 1211 681 βουλόμενος
1253 606 1527 678 συμμίξαι
1561 606 1676 669 τοῖς
1706 606 1757 657 δι

187 708 515 769 δασκάλοις.

264 800 371 854 Kal
402 802 517 853 οὐκ
551 828 617 840 -—-
641 797 852 851 αὑτοῦ.
912 794 1071 848 Κατά
1115 790 1269 845 θείαν
1319 787 1659 860 οἰκονομίαν,
1693 788 1785 843 ἴνα

192 893 276 964 μὴ
302 890 627 945 κωλύσωσιν
660 890 848 952 αὑτὸν,
873 886 947 947 ὡς
984 885 1154 940 παῖδα
1187 885 1281 937 καὶ
1312 882 1707 954 ἀγράμματον.

262 1082 637 1150 [νομίσαντες
666 1106 736 1117 —-—
758 1074 1170 1129 διδασκάλων.
1227 1073 1376 1128 Μίαν
1409 1072 1511 1144 μὲν
1559 1071 1781 1144 ἡμέραν

186 1176 506 1240 ἀνάλωσαν,
537 1175 625 1226 ὅτε
674 1168 837 1242 ἦλθον
890 1170 1102 1242 ἡμέρας
1151 1168 1292 1233 ὁδὸν,
1347 1168 1441 1221 καὶ
1481 1167 1780 1237 ἀνεζήτουν

186 1267 358 1321 αὑτὸν
392 1267 450 1318 έν
475 1268 589 1323 τοῖς
620 1261 913 1332 συγγενέσι
957 1263 1053 1314 καὶ
1078 1240 1143 1313 ’ὲν
1176 1263 1291 1323 τοῖς
1327 1262 1618 1326 γνωστοῖς*
1661 1261 1781 1313 ἑτέ-

194 1376 297 1430 ραν
319 1359 401 1422 δὲ,
432 1359 544 1422 ὅτε,
576 1359 650 1428 μὴ
682 1354 935 1425 εὑρόντες
966 1354 1153 1418 αὑτὸν,
1174 1352 1527 1421 ὑπέστρεψαν
1559 1355 1641 1416 εἰς
1676 1354 1777 1406 Ἰε-

189 1452 503 1523 ρουσαλὴμ,
539 1451 832 1523 ζητοῦντες
880 1449 1065 1503 αὐτόν’
1114 1448 1260 1501 κατὰ
1313 1448 1413 1519 τὴν
1469 1448 1663 1517 τρίτην
1721 1446 1777 1499 δὲ

183 1543 379 1597 λοιπὸν
410 1536 569 1613 εὖρον
600 1543 784 1596 αὐτόν.
838 1539 927 1593 Ἐν
968 1539 1047 1611 τῷ
1101 1540 1235 1610 ίερῷ
1277 1540 1334 1592 δὲ
1379 1539 1704 1611 εὑρίσκεται
1751 1541 1778 1592 ὁ

187 1637 449 1707 Χριστὸς,
488 1637 658 1707 ἤγουν
691 1635 748 1687 ὲν
804 1633 883 1704 τῷ
917 1634 1050 1705 ίερῷ
1089 1634 1262 1702 τόπῳ,
1302 1633 1397 1686 καὶ
1418 1635 1476 1686 έν
1519 1632 1599 1703 τῷ
1644 1630 1777 1703 ἱερῷ

186 1728 504 1797 πράγματι,
542 1730 638 1781 καὶ
682 1726 740 1777 ὲν
778 1723 857 1794 τῷ
890 1724 1020 1795 ίερῴ
1050 1723 1348 1794 ἀνθρώπῳ.

271 1820 590 1874 Ἀκούοντα
618 1850 683 1860 -
699 1818 943 1883 αὐτούς.
981 1816 1274 1871 Ἀκούοντα
1298 1818 1392 1870 καὶ
1409 1817 1775 1886 ἐπερωτῶντα

1890 604 2082 659 volens
2122 605 2466 660 commisceri
2498 606 2839 661 doctoribus.

1960 784 2124 841 Vers.
2164 786 2256 842 45.
2282 786 2354 841 Et
2386 804 2489 841 non
2512 818 2586 829 —-
2614 788 2751 857 ejus.
2790 788 2956 845 Juxta
3004 790 3247 847 divinam
3292 792 3487 848 Provi-

1886 878 2127 934 dentiam
2165 881 2267 936 boc
2285 879 2489 936 factum
2515 892 2619 947 est,
2648 897 2716 936 ne
2744 883 3103 952 prohiberent
3129 900 3278 948 eum,
3311 888 3473 956 quasi

1884 986 2120 1043 puerum
2156 984 2209 1027 et
2246 974 2366 1028 sine
2404 974 2629 1030 litteris.

1959 1062 2113 1118 Vers.
2155 1064 2245 1118 Η.
2292 1063 2675 1119 Existimantes
2710 1096 2783 1106 —-
2821 1066 2980 1122 Vers.
3047 1065 3135 1120 ιθ.
3181 1066 3479 1123 doctorum.

1885 1154 2067 1210 Unum
2101 1156 2322 1225 quidem
2350 1157 2495 1211 diem
2527 1168 3014 1229 consumpserunt,
3053 1158 3277 1228 quando
3318 1175 3485 1214 vene-

1883 1245 2009 1300 runl
2043 1246 2239 1301 itinere
2258 1246 2389 1311 diei,
2409 1258 2465 1302 et
2485 1249 2843 1319 requirebant
2868 1250 3015 1304 illum
3041 1251 3188 1306 inter
3219 1262 3484 1323 cognatos

1880 1344 1933 1391 et
1960 1346 2121 1392 notos
2154 1356 2169 1403 ;
2201 1338 2431 1393 alterum
2464 1341 2687 1411 quando
2736 1358 2845 1398 non
2893 1343 3121 1399 invento
3161 1360 3226 1399 eo
3268 1347 3481 1401 reversi

1881 1439 2011 1481 sunt
2034 1428 2087 1481 in
2103 1428 2406 1485 Jerusalem
2427 1442 2741 1501 qumrentes
2771 1433 2925 1488 illum
2954 1450 2971 1501 ;
2996 1435 3223 1490 circiter
3246 1437 3477 1494 tertium

1879 1535 2014 1575 vero
2040 1521 2260 1577 tandem
2297 1523 2627 1579 invenerant
2665 1526 2840 1581 illum.

1972 1613 2030 1668 In
2084 1616 2290 1686 templo
2349 1618 2631 1673 invenitur
2687 1620 2962 1687 Christus,
3031 1622 3147 1676 sive
3209 1622 3264 1677 in
3324 1638 3481 1677 sacro

1878 1709 2003 1765 loco
2030 1720 2087 1765 et
2135 1709 2188 1764 in
2249 1725 2412 1764 sacro
2473 1712 2718 1783 negotio,
2786 1728 2850 1768 ac
2907 1714 2964 1767 in
3015 1729 3172 1769 sacro
3234 1715 3478 1769 homine.

1951 1801 2107 1860 Vers.
2136 1803 2225 1859 46.
2255 1802 2570 1857 Audientem
2603 1833 2672 1845 —-
2701 1821 2807 1858 eos.
2838 1805 3172 1861 Audientem
3202 1818 3257 1862 et
3297 1807 3479 1862 inter~

184 1916 317 1980 περὶ
353 1910 459 1962 τῶν
497 1910 767 1979 νομίμων,
804 1908 892 1962 ἵνα
921 1892 986 1961 ἔκ
1014 1908 1265 1978 νεότητος
1301 1910 1335 1979 ἡ
1366 1906 1583 1971 σύνεσις
1607 1907 1775 1960 αὑτοῦ

1914 1905 2170 1965 ogantem
2233 1894 2301 1949 de
2349 1894 2637 1966 legalibus,
2686 1904 2746 1950 ut
2799 1912 2828 1950 a
2880 1913 3052 1967 puero
3109 1898 3479 1970 intelligentia

183 2002 492 2072 γνωρισθῇ.
518 2000 859 2070 Φοὸηθῶμεν
881 1995 977 2053 οὖν
1030 2002 1078 2054 οί
1113 1999 1450 2065 διδάσκαλοι,
1476 1999 1777 2068 γινώσκον-

182 2115 277 2160 τες
320 2097 402 2149 ὅτι
435 2099 492 2148 ὲν
529 2096 677 2166 μέσῳ
727 2096 886 2165 ἡμῶν
919 2097 1069 2148 ἐστιν
1100 2095 1129 2147 ὁ
1164 2095 1427 2163 Χριστὸς,
1462 2095 1774 2167 προσέχων,

186 2191 309 2253 πῶς
331 2190 686 2259 διδάσκομεν.

271 2280 927 2347 Ἐξίσταντο-αὺτοῦ,
962 2280 1110 2334 Ἔδει
1157 2282 1267 2353 γὰρ
1304 2280 1465 2333 τοῦτο
1495 2279 1773 2350 γενέσθαι,

184 2376 276 2428 ἵνα
304 2374 532 2445 ὕστερον
561 2376 832 2428 διδάσκων
867 2375 1279 2444 εὐπαράδεκτος
1302 2376 1488 2437 αὐτοῖς
1519 2375 1628 2447 είη.

260 2469 365 2522 Kal
422 2466 657 2533 ἰδόντες
694 2465 885 2521 αὑτὸν
953 2466 1411 2532 ἐξεπλάγησαν.
1475 2466 1535 2520 '0
1575 2470 1777 2539 Ἰωσὴφ

190 2560 441 2641 δηλονότι
483 2560 638 2629 καὶὴ
687 2560 890 2628 Μήτηρ
916 2557 1106 2611 αὑτοῦ.
1150 2557 1564 2627 Ἐξεπλάγησαν
1607 2559 1662 2612 δὲ
1713 2562 1776 2615 οὐ

188 2648 352 2726 μόνον
382 2656 471 2711 διὰ
508 2657 610 2727 τὴν
667 2658 887 2708 σύνεσιν
938 2655 1033 2708 καὶ
1078 2654 1176 2718 τὰς
1229 2655 1553 2726 ἀποκρίσεις
1584 2654 1773 2721 αὐτοῦ,

184 2747 326 2802 ἀλλά
354 2748 447 2800 καὶ
477 2747 567 2799 διὰ
603 2747 701 2817 τὴν
732 2745 959 2814 τόλμαν.

258 2838 369 2894 Kal
385 2840 535 2905 πρὸς
559 2868 623 2878 -
647 2854 740 2890 σε.
776 2838 999 2905 Πατέρα
1033 2834 1198 2889 αὐτοῦ
1256 2835 1348 2890 τὸν
1393 2834 1594 2905 Ἰωσὴφ
1641 2834 1780 2888 ὠνό-

188 2950 387 3003 μασεν,
415 2932 490 2995 ὡς
519 2931 809 3001 μνηστῆρα
837 2930 1061 2999 ἑαυτῆς,
1101 2932 1194 2981 καὶ
1235 2928 1309 2991 ὡς
1340 2927 1540 2999 τροφὸν
1586 2926 1777 2987 αὑτοῦ.

190 3024 558 3094 Ὀδυνώμενοι
590 3022 646 3075 δὲ
680 3022 908 3091 ἐζήτουν
943 3021 1127 3085 αὐτὸν,
1162 3020 1250 3072 διὰ
1281 3021 1380 3090 τὴν
1434 3019 1639 3089 σχέσιν.
1667 3018 1779 3073 Καὶ

185 3119 241 3171 εῐ
260 3134 343 3180 τις
366 3116 421 3169 δὲ
446 3117 509 3169 ὲκ
540 3114 712 3168 πόθου
739 3113 1082 3183 ὀδυνώμενος
1114 3113 1347 3184 ζητήσει
1393 3112 1580 3177 αὑτὸν,
1613 3113 1778 3183 εὑρή-

190 3228 290 3287 σεά
308 3209 492 3263 αὐτόν.

262 3300 372 3355 Kal
402 3296 533 3353 εἷπε
560 3314 723 3368 -με
746 3313 765 3362 ;
823 3296 912 3359 Ὠς
952 3295 1309 3366 πλανώμενον
1357 3294 1583 3367 δηλαδή.
1641 3294 1777 3359 Θεὸς

186 3396 251 3449 οὐ
294 3394 584 3448 πλανᾶται.

264 3490 388 3541 Οὐκ
420 3485 616 3554 ᾔδειτε
640 3513 710 3522 -
737 3497 853 3552 με;
889 3481 978 3533 Ἐν
1010 3478 1087 3550 τῷ
1114 3477 1249 3548 οἴκῳ
1281 3477 1373 3531 τοῦ
1407 3476 1621 3548 Πατρός
1652 3494 1778 3547 μου.

191 3583 391 3648 Ἔλεγε
447 3581 502 3634 δὲ
560 3579 690 3647 περὶ
731 3578 825 3631 τοῦ
881 3576 1050 3646 ίεροῦ,
1094 3575 1121 3628 ὃ
1164 3573 1243 3645 τῷ
1298 3572 1417 3643 Θεῷ
1460 3572 1555 3626 καὶ
1605 3572 1782 3643 Πατρὶ

189 3672 361 3727 αὑτοῦ
397 3674 424 3724 ὀ
472 3669 725 3740 Σολομῶν
752 3668 1132 3739 ᾠκοδόμησεν.
1197 3664 1340 3717 Ἀλλ’
1374 3666 1405 3735 ἡ
1445 3665 1544 3732 μὲν
1581 3666 1783 3735 Μήτηρ

190 3764 385 3830 αὑτοῦ,
423 3766 553 3833 περὶ
598 3760 693 3814 τοῦ
737 3761 886 3813 θέσει
925 3758 1137 3827 Πατρὸς
1189 3755 1355 3810 αὑτοῦ
1411 3751 1583 3809 εἶπεν·
1621 3756 1783 3820 αὐτὸς

189 3859 251 3912 δὲ
286 3857 461 3927 ταύτῃ
491 3855 584 3908 τὸν
618 3852 782 3923 φύσει
818 3850 1046 3920 Πατέρα
1074 3846 1240 3902 αὑτοῦ
1278 3846 1568 3917 ἐγνώρισε.

268 4046 374 4102 Kal
399 4043 569 4099 αὐτοὶ
597 4072 666 4081 --
694 4039 919 4104 αὐτοῖς.
953 4038 1027 4091 Τὸ
1057 4037 1184 4106 περὶ
1207 4034 1302 4089 τοῦ
1327 4032 1500 4105 ἱεροῦ.

270 4139 375 4194 Kal
427 4138 642 4201 κατέϐη
675 4164 746 4175 -—-
790 4132 1018 4196 αὺτοῒς.
1054 4128 1335 4183 Παιδεύων
1386 4126 1787 4182 ὑποτάττεσθαι

194 4235 273 4309 μὴ
314 4235 473 4303 μόνον
498 4234 612 4293 τοῖς
650 4228 812 4297 φύσει
835 4226 1111 4295 γονεῦσιν,
1140 4222 1278 4278 ἀλλά
1329 4223 1425 4277 καὶ
1469 4224 1581 4283 τοῖς
1614 4221 1784 4276 θέσει.

270 4403 379 4459 Kal
407 4402 446 4469 ἡ
475 4400 673 4471 μήτηρ
702 4428 774 4440 —-—
804 4395 1015 4464 αὐτῆς.
1062 4396 1142 4450 Τά
1174 4397 1304 4465 περὶ
1334 4393 1429 4448 τοῦ
1486 4392 1660 4463 ἱεροῦ,
1693 4394 1790 4447 καὶ

193 4497 262 4549 τε,
292 4494 538 4558 τοιαῦτα,
590 4492 666 4554 ώς
709 4492 937 4562 ῥήματα
997 4489 1097 4559 οὐχ
1147 4486 1333 4550 ἀπλῶς
1384 4486 1597 4550 παιδὸς,
1654 4485 1791 4541 ἀλλὰ

1879 1988 2000 2057 ejus
2022 1986 2236 2058 cognita
2260 1985 2426 2041 foret.
2452 1984 2772 2042 Timeamus
2798 2003 2955 2058 ergo,
2981 1988 3072 2058 qui
3105 2003 3479 2061 praeceptores

1879 2094 2090 2144 sumus,
2125 2080 2383 2148 quoniam
2430 2078 2486 2131 in
2519 2078 2702 2133 medio
2753 2090 3009 2135 nostrum
3058 2094 3145 2137 est
3196 2081 3483 2150 Christus.

1878 2174 2189 2238 attendens,
2220 2186 2331 2241 quo
2367 2180 2528 2241 pacto
2558 2171 2854 2254 dpceamus

1953 2280 2110 2336 Vers.
2152 2280 2243 2334 47.
2276 2277 2569 2350 Stupebant
2602 2309 2671 2321 -
2700 2282 2837 2350 ejus.
2870 2279 3167 2351 Oportebat
3200 2283 3346 2338 enim
3376 2283 3484 2339 hoc

1872 2372 2020 2437 ﬁeri,
2040 2382 2237 2428 utcum
2258 2381 2449 2443 postea
2467 2373 2714 2439 doceret,
2739 2372 2897 2428 facile
2910 2374 2978 2427 ab
2994 2374 3100 2429 illis
3118 2375 3476 2445 reciperetur.

1948 2469 2105 2524 Vers.
2125 2466 2214 2522 £8.
2234 2466 2303 2521 Et
2328 2467 2440 2521 viso
2463 2483 2522 2520 eo
2539 2476 2942 2537 Obstupuerunt.
2973 2467 3187 2537 Juseph
3219 2468 3479 2524 videlicet

1878 2569 1931 2616 et
1964 2560 2133 2615 Mater
2157 2560 2300 2629 ejus.
2361 2558 2787 2629 Obstupuerunt
2823 2569 3031 2626 autem,
3084 2575 3192 2614 non
3246 2570 3477 2632 propter

1881 2652 2295 2721 intelligentiam
2346 2659 2558 2705 tantum
2613 2660 2670 2705 et
2742 2666 3009 2721 responsa
3061 2651 3226 2714 illius,
3288 2667 3477 2707 verum

1878 2744 2041 2797 etiam
2079 2752 2304 2812 prOpter
2339 2741 2642 2796 audaciam.

1951 2835 2106 2889 Vers.
2136 2833 2224 2887 48.
2260 2831 2327 2886 Ει
2361 2832 2429 2885 ad
2454 2833 2610 2885 illum
2640 2861 2702 2872 —
2729 2842 2794 2887 te.
2838 2831 3077 2895 Patrem,
3128 2831 3338 2901 Ioseph
3371 2846 3476 2887 no—

1879 2923 2129 2989 minavit,
2168 2932 2357 2992 utpote
2402 2938 2666 2992 sponsum
2702 2939 2883 2987 suum,
2909 2932 2962 2976 et
2994 2922 3137 2976 illius
3168 2922 3478 2977 nutritium.

1882 3013 2140 3069 Dolentes
2181 3022 2363 3068 autem
2400 3012 2720 3082 quaerebant
2767 3013 2943 3075 illum,
2989 3022 3212 3082 prapter
3262 3014 3480 3084 longam

1880 3120 2091 3160 moram
2123 3113 2178 3161 et
2221 3105 2577 3160 desiderium.
2626 3105 2684 3158 Si
2720 3106 2843 3174 quis
2890 3120 3020 3175 ergo
3054 3121 3167 3175 pra:
3210 3106 3482 3162 desiderio

1802 3231 1847 3288 ο
1881 3200 2071 3256 dolens
2101 3208 2310 3270 quaerat
2336 3212 2463 3251 eum
2498 3196 2741 3250 inveniet
2770 3196 2945 3250 illum.

1954 3290 2109 3348 Vers.
2142 3290 2235 3345 49.
2273 3287 2338 3343 Et
2367 3290 2499 3342 dixit
2527 3318 2598 3330 --
2626 3305 2709 3342 me
2739 3291 2762 3343 ?
2794 3288 2959 3354 Quasi
3000 3299 3279 3345 errantem
3327 3288 3485 3345 vide-

1882 3384 2015 3439 licet
2040 3401 2052 3437 :
2087 3383 2234 3437 Deus
2260 3381 2409 3436 enim
2441 3396 2553 3433 non
2582 3390 2749 3436 errat.

1958 3480 2116 3534 Vers.
2146 3478 2237 3533 49.
2269 3475 2597 3530 Nesciebatis
2624 3504 2693 3515 —-
2714 3478 2843 3531 me?
2876 3475 2934 3530 Id
2966 3485 3071 3537 est,
3108 3475 3160 3528 in
3191 3475 3355 3529 domo
3379 3474 3485 3528 Pa-

1886 3573 1987 3629 tris
2042 3570 2171 3626 mei.
2231 3568 2457 3624 Dicebat
2513 3577 2698 3623 autem
2758 3567 2826 3622 de
2879 3570 3107 3638 templo,
3168 3569 3315 3638 quod
3370 3569 3485 3625 Deo

1887 3665 2144 3733 Patrique
2184 3677 2285 3717 suo
2314 3676 2343 3715 a
2379 3659 2673 3715 Salomone
2717 3659 3042 3714 :edificatum
3098 3670 3236 3715 erat.
3278 3660 3484 3715 Verum

1889 3758 2061 3813 Mater
2093 3757 2214 3826 ejus
2245 3755 2312 3809 de
2338 3753 2600 3823 adoptivo
2634 3763 2790 3823 patre
2841 3753 3025 3806 locuta
3077 3751 3257 3808 fuerat
3297 3769 3312 3819 ;
3364 3752 3485 3822 ipse

1888 3860 2071 3905 autem
2098 3862 2247 3912 eum,
2293 3845 2388 3916 qui
2422 3854 2621 3899 natura
2647 3844 2768 3899 sibi
2809 3842 2975 3899 Pater
3027 3854 3170 3911 erat,
3220 3844 3489 3899 manifes-

1893 3946 2056 4001 tabat.

1970 4038 2121 4095 Vers.
2162 4036 2252 4093 50.
2278 4034 2345 4090 Et
2378 4034 2480 4103 ipsi
2507 4062 2576 4075 ——
2599 4031 2728 4087 illis.
2767 4030 2926 4097 Quod
2947 4038 3066 4087 erat
3097 4029 3165 4086 de
3195 4029 3428 4099 templo.

1962 4132 2122 4188 Vers.
2165 4130 2255 4186 51.
2297 4127 2366 4183 Et
2397 4127 2667 4181 descendit
2705 4155 2763 4167 —
2789 4124 2922 4179 illis.
2975 4124 3210 4188 Docens,
3259 4133 3320 4177 ut
3360 4123 3490 4177 sub-

1892 4229 1990 4285 diti
2010 4228 2330 4290 simus.non
2346 4222 2526 4277 solum
2550 4220 2901 4276 naturalibus
2921 4218 3271 4290 parentibus,
3294 4232 3487 4272 verum

1892 4321 2057 4377 etiam
2091 4315 2389 4387 adoptivis.

1966 4412 2124 4469 Vers.
2151 4412 2241 4467 5|.
2271 4410 2341 4464 Et
2362 4417 2533 4463 mater
2558 4437 2629 4447 —
2658 4422 2776 4461 suo.
2802 4404 2934 4472 Quae
2956 4404 3024 4460 de
3055 4402 3257 4472 templo
3280 4400 3493 4456 dixerat

1896 4523 1960 4562 ac
1988 4505 2206 4567 similia,
2244 4513 2507 4572 tanquam
2554 4499 2723 4554 verba
2769 4513 2882 4553 non
2934 4495 3263 4565 simpliciter
3306 4494 3491 4566 pueri,

197 4589 297 4643 καὶ
332 4586 463 4639 Υἱοῦ
503 4585 598 4637 τοῦ
632 4583 791 4637 Θεοῦ.
846 4581 1099 4652 Διετήρει
1141 4580 1197 4633 δὲ
1229 4578 1407 4632 ταῦτα
1459 4578 1779 4643 ὲξετάζουσο

1911 4599 1996 4655 sed
2032 4598 2194 4652 etiam
2247 4596 2342 4650 filii
2376 4593 2496 4648 Dei.
2531 4590 2907 4646 Conservabat
2941 4596 3125 4641 autem
3166 4586 3492 4639 examinans

199 4680 323 4736 καθ’
352 4679 574 4748 ἑαυτὴν,
606 4675 680 4741 ὡς
714 4675 789 4747 μὴ
828 4674 1017 4738 ἀπλῶς
1068 4673 1365 4744 εἰρημένα.

276 4772 385 4827 Kal
436 4769 776 4839 Ἰησοῦς-
806 4765 1165 4837 ἀνθρώποις.
1230 4765 1319 4827 Ὠς
1368 4763 1585 4816 παιδίον
1645 4761 1795 4833 νόμῳ

200 4868 417 4935 φύσεως
448 4862 793 4935 ἀνθρωπίνης
852 4860 1193 4929 προέκοπτεν
1223 4860 1303 4921 εἰς
1329 4857 1503 4911 ταῦτα
1540 4857 1677 4910 κατά
1706 4873 1796 4926 μιο

200 4961 353 5033 κρόν·
386 4959 459 5021 ὼς
488 4958 596 5031 γὰρ
627 4956 759 5020 Θεὸς
806 4953 1123 5017 παντέλειος
1170 4949 1258 5025 ἦν.

274 5052 604 5127 [Γρηγορίου
639 5048 751 5121 (75)
788 5047 882 5101 τοῦ
941 5046 1230 5115 Θεολόγου.
1286 5045 1603 5116 Προέκοπτε
1628 5083 1642 5105 ,
1685 5059 1793 5111 φη-

205 5149 314 5214 civ,
358 5146 470 5219 (74)
497 5146 689 5215 ὥσπτρ
723 5142 934 5215 ἡλικίᾳ,
967 5140 1112 5194 οὕτω
1142 5140 1238 5195 καί
1272 5139 1435 5208 σοφίᾳ.
1457 5138 1551 5191 καὶ
1583 5136 1791 5208 χάριτι.

204 5244 278 5297 Οὐ
331 5237 409 5309 τῷ
448 5236 626 5291 ταῦτα
676 5235 987 5306 λαμϐάνειν
1048 5232 1297 5302 αὔξησιν·
1332 5232 1385 5284 τί
1430 5230 1538 5301 γὰρ
1572 5229 1667 5283 τοῦ
1700 5229 1796 5281 ἀπ’

1895 4690 2037 4761 apud
2062 4704 2205 4747 sese.
2250 4695 2438 4755 utpote
2469 4700 2591 4753 qua:
2613 4698 2723 4736 non
2760 4678 3062 4751 vulgariter
3094 4676 3241 4730 dicta
3271 4683 3452 4729 erant.

1967 4779 2125 4834 Vers.
2177 4778 2265 4832 52.
2314 4775 2382 4830 Et
2426 4774 2961 4829 Iesus—homines.
3016 4769 3304 4838 Tanquam
3352 4783 3491 4836 puer

1894 4876 2013 4945 lege
2045 4874 2299 4927 humanae
2332 4879 2541 4923 naturae
2579 4866 2841 4937 paulatim
2876 4863 2945 4917 ad
2975 4862 3094 4915 haec
3144 4862 3492 4930 proficiebat.

1898 4967 2033 5022 Nam
2066 4973 2126 5019 ut
2147 4965 2288 5018 Deus
2314 4962 2541 5017 omnino
2569 4958 2850 5029 perfectus
2883 4963 3027 5010 erat.

1974 5056 2013 5127 ἰ-
2043 5056 2272 5127 Gregor.
2298 5052 2567 5121 Theolog.
2605 5048 2953 5112 Proficiebat,
2979 5047 3180 5119 inquit,
3213 5052 3275 5098 ut
3310 5053 3494 5103 aetate.

1906 5153 1980 5207 ita
2002 5160 2055 5204 et
2086 5146 2351 5217 sapientia
2385 5156 2440 5199 et
2472 5144 2667 5213 gratia.
2703 5140 2823 5195 Non
2861 5140 2981 5193 haec
3001 5140 3255 5208 accipere
3282 5145 3499 5206 oportet

1908 5258 2006 5313 per
2037 5250 2416 5312 augmentum.
2456 5237 2599 5303 Quid
2638 5236 2836 5298 enim?
2880 5231 3022 5287 Num
3073 5231 3169 5301 qui
3222 5231 3291 5285 ab
3343 5231 3498 5283 initio

204 5337 380 5407 ἀρχῆς
402 5334 611 5387 τελείου
634 5331 830 5399 γένοιτ’
856 5329 923 5383 ἂν
948 5327 1279 5396 τελεώτερον
1305 5342 1319 5391 ;
1346 5326 1479 5379 ἀλλά
1527 5323 1607 5399 τῷ
1656 5320 1779 5376 κατέ

1911 5335 2184 5405 perfectus
2211 5341 2351 5407 erat,
2398 5330 2691 5401 perfectior
2738 5328 2853 5382 fieri
2888 5325 3153 5397 poterat?
3198 5324 3303 5379 Sed
3350 5323 3497 5392 quod

210 5434 408 5505 μικρδν
426 5430 599 5483 ταῦτα
623 5423 1126 5499 παραγυμνοῦσθαι
1151 5422 1249 5476 καὶ
1275 5419 1771 5493 παρεκφαίνεσθαι.

1911 5427 2023 5482 haec
2048 5426 2310 5497 paulatim
2344 5422 2656 5479 denudaret
2680 5436 2743 5473 ac
2773 5420 3204 5474 demonstraret.

207 5547 363 5601 ΚΕΦ.
395 5544 472 5598 E’.
502 5540 643 5609 Περὶ
674 5539 781 5594 τοῦ
815 5538 1143 5609 γενομένου
1182 5534 1456 5605 ῥήματος
1486 5531 1637 5601 πρὸς
1678 5530 1799 5585 Ἰω-

883 5610 1101 5677 ἁννην.

291 5710 395 5762 Ἐν
430 5707 549 5762 ἔτει
589 5736 659 5746 --
694 5704 1023 5771 Καίσαρος.
1080 5699 1241 5755 Μετὰ
1280 5699 1372 5754 τὸν
1403 5696 1794 5771 προρρηθέντα

1898 5536 2051 5595 CAP.
2097 5536 2164 5592 Υ.
2186 5566 2261 5577 -
2287 5535 2366 5589 De
2394 5535 2571 5599 verba,
2599 5534 2738 5603 quod
2770 5533 2975 5604 factum
2996 5541 3072 5585 est
3116 5531 3187 5583 ad
3214 5528 3500 5583 Joannem.

1971 5693 2123 5749 CAP.
2146 5691 2234 5747 111.
2258 5692 2419 5746 Vers.
2446 5692 2495 5745 1.
2516 5687 2997 5779 Anno—Cmam.
3023 5688 3153 5745 Post
3174 5686 3500 5760 praedictum

1414 5814 1615 5880 Varie)
1655 5813 1963 5876 lectiones
2003 5815 2065 5870 et
2107 5816 2300 5870 notae.

281 5928 393 5994 (75)
430 5928 470 5982 A
498 5924 552 5981 in
582 5922 825 5997 margine
860 5921 900 5976 B
928 5921 983 5977 in
1016 5930 1187 5979 testu.

1984 5912 2098 5985 (74)
2132 5911 2364 5983 Gregor.
2400 5909 2659 5966 Nazianz.
2684 5924 2807 5982 pag.
2843 5906 2913 5965 86
2944 5908 3039 5963 fin.
