4032 6476
220 422 326 486 901

1224 422 1617 483 COMMENT.
1668 420 1747 480 ΙΝ
1787 421 2067 482 LUCAM.
2104 448 2169 457 -
2213 418 2370 481 CAP.
2420 420 2539 481 III.

3426 421 3534 488 902

218 538 335 599 τοῖς
359 536 578 607 ἑκάστῳ
622 535 1071 609 πλημμεληθείσι
1092 535 1473 605 συναίσθησις,
1495 534 1658 587 οἱονεὶ
1684 532 1819 604 βοῶ-

1946 535 2084 601 μιαςὶ
2135 550 2231 605 per
2274 535 2678 591 conscientiam
2733 537 2978 590 clamans
3030 543 3220 590 contra
3277 548 3342 589 ea
3403 552 3529 607 qua

216 644 292 681 σα
310 628 399 681 τὶν
418 627 641 700 ἔλεγχον
673 630 813 684 κατά
836 630 900 683 τὸ
918 630 1160 701 κρυπτὸν
1185 630 1281 700 τῆς
1306 628 1559 700 καρδίας,
1581 627 1677 681 κα).
1704 644 1813 679 πα-

218 719 482 789 ραινοῦσα
515 725 805 790 μετανοεῖν
859 723 955 777 καὶ
986 723 1275 795 ἑτοιμάσαι
1297 721 1397 793 τὴν
1428 721 1545 775 ὁδὸν
1576 719 1813 793 Κυρίουο

213 811 508 881 ἑτοιμασία
539 810 595 865 δὲ
650 815 683 883 ὴ
716 812 827 865 τῶν
871 814 1092 885 τρόπων
1127 812 1239 883 (80)
1274 813 1367 867 καὶ
1399 810 1511 866 τῶν
1537 810 1817 881 λογισμῶν

214 904 309 955 ἐπὶ
338 904 398 955 τὸ
434 907 687 973 κρεῖττον
730 905 1030 977 μεταδολήο
1076 906 1193 969 ὁδὸς
1226 906 1283 957 δὲ
1321 904 1558 973 Κυρίου,
1590 904 1619 955 ὁ
1672 903 1817 957 κατά

212 996 351 1047 Θεὸν
405 996 665 1065 ἐνάρετος
702 995 847 1065 βίος’
900 999 1079 1067 spitio:
1140 996 1197 1049 δὲ
1251 995 1418 1049 αὑτοῦ
1474 1000 1542 1049 τά
1578 994 1817 1067 διάφορα

216 1088 364 1138 κατά
417 1086 553 1140 Θεὸν
606 1088 1048 1160 ἐπιτηδεύματα,
1080 1090 1144 1153 ἅς
1181 1090 1501 1143 εὐθύνουσιν
1531 1090 1578 1143 oi
1633 1088 1816 1160 ὀρθῶς

212 1176 313 1229 καὶ
342 1178 653 1248 ἀμέμπτως
683 1181 783 1249 τὴν
813 1181 1019 1250 ἀρετὴν
1046 1179 1491 1251 ἐπιτηδεύοντες.
1526 1180 1599 1233 Οὐ
1646 1178 1817 1232 καλὸν

212 1270 350 1339 γὰρ,
377 1272 538 1339 φησὶ,
573 1272 633 1325 τὸ
670 1272 862 1340 καλὸν,
894 1273 1028 1326 ὅταν
1064 1272 1343 1345 μὴκαλῶς
1369 1271 1637 1345 γίνηται.]

285 1462 463 1521 Πᾶσα
519 1495 589 1507 -
651 1468 1187 1540 ταπεινωθήσεται.
1272 1467 1408 1542 [Τοῦ
1464 1469 1654 1523 αὐτοῦ’
1706 1470 1820 1525 Φά-

212 1559 359 1631 ραγξ
390 1560 503 1631 (8i)
537 1561 688 1614 ἐστὶν
736 1563 771 1633 ἡ
830 1562 1066 1617 ἑκάστου
1121 1562 1280 1635 σὰρξ,
1318 1561 1455 1634 ὴτῷ
1488 1562 1669 1634 πο).λῷ
1718 1562 1815 1619 καί

214 1650 439 1722 σφοδρῷ
471 1651 713 1724 ῥεύματι
762 1654 875 1707 τῶν
931 1654 1120 1708 παθῶν
1178 1655 1687 1728 ἑκχαραδρωθεῖσα,
1721 1658 1817 1711 καὶ

209 1744 315 1814 τὴν
378 1746 515 1816 πρὸς
556 1749 661 1819 τὴν
717 1746 920 1820 ψυχὴν,
962 1748 1106 1802 κατὰ
1147 1749 1240 1803 τὸν
1282 1748 1379 1803 τοῦ
1442 1750 1814 1817 συνδήσαντος

1926 628 2158 699 quisque
2192 628 2721 700 deliquitarguendo
2745 629 2930 684 cordis
2963 630 3204 695 oeculta,
3240 640 3297 685 et
3322 630 3525 686 adhor-

1926 723 2096 777 tando
2123 724 2189 777 ad
2216 722 2765 794 resipiscendum,,et
2786 723 2954 779 etiam
2976 725 3040 795 ad
3066 726 3366 794 parandum
3388 726 3531 783 viam

1927 813 2169 868 Domini.
2204 814 2546 885 Prteparatio
2579 823 2764 869 autem
2795 824 2879 870 est
2900 831 3116 870 morum
3148 826 3203 871 et
3235 818 3532 889 cogitatio-

1923 924 2057 964 num
2084 909 2151 963 ad
2192 909 2389 965 melius
2419 909 2675 964 tnutatio.
2719 907 2817 963 Via
2854 924 2987 963 vero
3020 910 3235 965 Domini
3280 923 3368 967 cst
3400 913 3533 978 vita,

1922 1019 2045 1076 quze
2078 1004 2269 1059 virtuti
2296 1005 2603 1061 secundum
2633 1002 2805 1059 Deum
2834 1003 3110 1059 innititur.
3145 1006 3368 1060 Semita:
3392 1022 3535 1077 quo-

1923 1114 2052 1169 que,
2091 1100 2240 1153 varia
2261 1094 2393 1152 sunt
2426 1098 2613 1153 studia
2647 1098 2954 1153 secundum
2980 1096 3177 1154 Deum.
3218 1096 3327 1153 llas
3356 1108 3537 1155 rectas

1926 1190 2157 1257 faciunt,
2179 1190 2270 1260 qui
2295 1201 2443 1245 recte
2480 1203 2645 1262 atque
2667 1190 3246 1260 irreprebensibiliter
3270 1195 3531 1249 virtutem

1925 1294 2226 1339 sectantur.
2272 1283 2485 1339 Bonum
2516 1288 2690 1351 enim,
2716 1285 2920 1355 inquit,
2946 1301 3054 1339 non
3074 1296 3158 1341 est
3180 1287 3405 1353 bonum,
3429 1287 3537 1343 nisi

1924 1391 2076 1437 recte
2108 1391 2165 1436 et
2189 1382 2331 1438 bene
2357 1383 2469 1437 ttat.

1994 1474 2153 1530 Vers.
2182 1474 2235 1529 5.
2262 1472 2447 1530 Omnis
2465 1474 2893 1545 —-deprime'tur.
2920 1473 2960 1544 -ξ-
2989 1473 3153 1528 Valﬁs
3181 1484 3238 1529 et
3267 1473 3537 1545 cujusque

1924 1580 2075 1631 caro,
2114 1582 2234 1636 quae
2268 1566 2443 1620 multo
2478 1581 2544 1621 ac
2594 1564 2911 1620 vehementi
2956 1563 3101 1619 ﬂuxu
3140 1562 3527 1629 aﬂcctionum,

1925 1660 1982 1716 in
2019 1662 2240 1714 modum
2276 1660 2538 1714 torrentis
2570 1657 2680 1730 (kk)
2709 1658 2971 1720 demissa,
3027 1656 3375 1727 spiritualem
3405 1658 3531 1711 ani--

1925 1770 2029 1809 mae
2062 1751 2487 1807 continuitatetn'
2514 1765 2579 1806 ac
2614 1750 3069 1820 coniunctionem
3110 1750 3186 1805 ad
3223 1748 3321 1805 Dei
3369 1748 3533 1804 colli-

209 1836 355 1890 Θεοῦ
406 1837 521 1910 (82)
561 1845 754 1909 νόμον,
801 1842 1190 1911 πνευματικὴν
1244 1841 1530 1913 συνέχειαν
1570 1842 1685 1913 (85)
1720 1844 1815 1895 καὶ

1942 1847 2108 1918 gantis
2135 1844 2310 1917 legem
2348 1844 2565 1901 dividit.
2603 1842 2791 1899 Potest
2834 1854 3021 1899 autem
3069 1853 3125 1899 ct
3153 1842 3335 1897 anima
3369 1842 3527 1925 vallis

214 1930 522 1999 συνάφειαν
571 1932 961 2004 διατμηθεῑσα.
1000 1933 1238 1989 Δυνατδν
1284 1933 1341 1987 δὲ
1377 1935 1473 1987 καὶ
1511 1932 1613 2003 τὴν
1640 1931 1819 2004 ψυχὴν

1942 1938 2178 2009 ηηιεηὶεἰ,
2249 1952 2370 2007 qua:
2415 1936 2693 2004 frequenti
2739 1952 2803 1990 ac
2840 1936 3011 1991 veloci
3071 1936 3341 1992 malarum
3388 1923 3541 2006 cogi-

210 2024 474 2093 νοηθῆναι
508 2027 794 2095 φάραγγα,
845 2028 945 2097 τὴν
1009 2030 1074 2098 τῇ
1125 2030 1296 2099 συχνῇ
1334 2028 1431 2080 καὶ
1494 2025 1647 2097 ὀξείᾳ
1708 2044 1818 2081 τιυν

211 2118 483 2187 πονηρῶν
512 2119 795 2189 λογισμῶν
832 2122 1067 2191 ἐπιρροῇ
1122 2119 1524 2182 κοιλανῦετσαν.
1573 2122 1668 2174 καὶ
1718 2118 1818 2189 τῆς

211 2214 607 2283 πνευματικῆς
634 2213 980 2284 ὁμαλότητος
1012 2214 1074 2265 τὸ
1113 2213 1312 2277 κάλλος
1354 2214 1445 2268 διά
1480 2214 1581 2281 τῆς
1616 2214 1820 2276 κακίας

211 2300 628 2357 ἀποόαλοῦσαν.
691 2304 853 2357 Πᾶσα
915 2305 1099 2359 τοίνυν
1150 2304 1379 2377 τοιαύτη
1433 2305 1657 2375 φάραγξ
1709 2304 1817 2356 τῶν

213 2392 635 2464 ἑτοιμασάντων
661 2397 760 2466 τὴν
786 2397 905 2450 ὁδὸν
943 2397 1152 2468 Κυρίου
1172 2396 1621 2469 πληρωθήσεται,
1659 2411 1819 2448 τουτ-

212 2482 365 2540 έστιν
409 2492 490 2550 εις
534 2490 633 2558 τὴν
718 2489 1088 2562 ὀφειλομένην
1138 2490 1259 2561 ἥξει
1328 2487 1691 2554 κατάστασιν,
1729 2485 1815 2539 διὰ

213 2578 318 2647 τῆς
354 2579 633 2649 ἀποϐολῆς
661 2582 760 2652 τῆς
796 2582 994 2645 κακίας
1049 2582 1147 2636 καὶ
1179 2582 1277 2651 τῆς
1315 2582 1561 2650 ἀγνοίας.
1590 2578 1685 2632 καὶ
1715 2576 1813 2645 τῆς

1931 2033 2200 2085 tationum
2235 2028 2455 2083 deﬂuxu
2500 2038 2751 2093 cavatur,
2804 2040 2861 2083 ct
2910 2029 3217 2099 spiritualis
3283 2027 3535 2097 planitici

1928 2121 2400 2195 pulchritudinem
2436 2137 2537 2193 per
2569 2122 2902 2191 pravitatem
2939 2121 3153 2190 abjicit.
3185 2119 3380 2176 Omnis
3402 2135 3537 2188 ergo

1930 2214 2246 2286 huiusmodi
2316 2213 2471 2267 vallis
2530 2229 2629 2283 per
2690 2227 2787 2269 eos
2840 2211 3180 2282 implebitur,
3244 2210 3339 2280 qui
3388 2209 3533 2264 viam

1930 2307 2150 2362 Domini
2188 2317 2409 2378 parant,
2442 2307 2547 2363 huc
2579 2316 2663 2361 est
2693 2308 2760 2361 ad
2810 2306 3056 2361 debitum
3102 2312 3305 2360 statum
3343 2318 3539 2374 perve-

1927 2397 2106 2462 nient,
2134 2410 2237 2467 per
2281 2394 2573 2465 pravitatis
2618 2403 2671 2449 et
2696 2395 3447 2466 ignorantiae-abjectionem,
3474 2402 3538 2450 et

1926 2487 2153 2541 virtutis
2179 2501 2244 2543 ac
2282 2486 2533 2542 scientiae
2568 2486 2961 2555 adjectionem,
3002 2483 3388 2555 recipientque
3430 2482 3532 2538 de—

1925 2587 2142 2633 centem
2181 2578 2517 2633 naturalium
2552 2578 2816 2632 virtutum
2868 2588 3149 2632 ornatum.

208 2672 492 2753 emam;
552 2676 655 2745 τῆς
711 2677 919 2748 ἀρετῆς
978 2677 1077 2731 καὶ
1138 2679 1236 2749 τῆς
1313 2676 1615 2745 γνώσεως,
1675 2675 1770 2728 καὶ
1826 2673 2170 2744 ἀπολήψεται
2228 2674 2329 2743 τὴν
2388 2674 2728 2743 εὐπρέπειαν
2781 2673 2891 2725 τῶν
2951 2672 3095 2726 κατά
3148 2672 3316 2742 φύσιν
3370 2666 3539 2724 δυνάη

220 2782 393 2836 μεων.

298 2863 465 2932 Ὅρος
518 2863 621 2933 μέν
644 2863 765 2918 ἐστι
812 2865 964 2919 πᾶσα
1009 2864 1217 2933 γνῶσις
1252 2863 1631 2933 ψευδώνυμος,
1663 2865 1823 2917 ὲπαι·

220 2954 426 3026 ρομωη
478 2955 623 3008 κατά
648 2956 749 3026 τῆς
788 2955 1028 3026 ἀληθοῦς
1070 2956 1327 3025 γνώσεως
1357 2954 1454 3010 τοῦ
1500 2954 1662 3009 Θεοῦ’
1698 2956 1823 3025 βου-

217 3046 393 3111 νὺςδὲ
455 3048 605 3101 πᾶσα
651 3049 825 3102 κακία
880 3048 1397 3121 κατεξανισταμένη
1442 3050 1541 3118 τῆς
1591 3049 1818 3121 ἀρετῆς.

300 3142 371 3193 Ἢ
414 3140 539 3211 ὅρος
599 3140 702 3211 μὲν
766 3143 835 3196 τά
898 3143 1235 3214 ἐνεργητικά
1288 3147 1391 3214 τῆς
1417 3142 1650 3213 ψευδοῦς
1679 3142 1823 3211 γνώ-

223 3248 368 3296 σεως
417 3233 737 3304 πνεύματασ
791 3234 981 3304 βουνὸς
1030 3236 1112 3301 δὲ,
1158 3236 1227 3290 τὰ
1254 3236 1518 3306 ποιητικά
1559 3237 1660 3305 τῆς
1717 3252 1820 3288 κα-

219 3329 365 3391 κίας,
402 3324 438 3380 ἀ
470 3326 651 3380 πάντα
703 3327 1183 3398 ταπεινωθήσεται
1232 3327 1694 3398 καταϐαλλόμενα
1722 3327 1818 3380 καὶ

218 3420 730 3490 κατασκαπτόμενα
754 3421 850 3473 καὶ
884 3420 1347 3494 ἀπορριπτόμενα
1391 3420 1479 3473 διά
1507 3436 1566 3472 τε
1600 3420 1697 3491 τῆς
1727 3420 1821 3473 ἀν-

227 3511 447 3564 τιθέτου
476 3509 738 3578 γνώσεως
770 3511 989 3582 καὶτῆς
1016 3511 1409 3582 ἀντικειμένης
1443 3508 1670 3582 ἀρετῆς.

290 3605 401 3658 Καὶ
446 3602 571 3657 καθ’
596 3605 785 3674 ζτερον
808 3605 864 3659 δὲ
892 3604 1073 3673 λόγον,
1122 3606 1151 3658 ὀ
1196 3605 1536 3677 μεταγαγὼν
1568 3608 1671 3675 τὴν
1697 3605 1815 3671 ῑξιν

220 3699 320 3767 τῆς
360 3698 597 3769 ψευδοῦς
627 3698 889 3771 γνώσεως
920 3702 1001 3763 είς
1036 3698 1136 3770 τὴν
1166 3700 1265 3769 τῆς
1294 3699 1556 3769 ἀληθοῦς,
1594 3701 1819 3771 καὶ-τὴν

223 3791 508 3860 ἐνέργειαν
536 3792 637 3862 τῆς
668 3792 868 3855 κακίας
898 3793 979 3854 είς
1011 3793 1114 3863 τὴν
1150 3792 1250 3863 τῆς
1277 3791 1506 3862 ἀρετῆς,
1534 3784 1693 3856 οὗτος
1728 3791 1820 3845 διά

221 3884 322 3953 τῆς
383 3882 771 3953 καθαιρέσεως
836 3884 950 3937 τῶν
1028 3884 1205 3954 ὀρέων
1279 3884 1377 3936 καὶ
1432 3882 1541 3936 τῶν
1605 3882 1819 3955 βουνῶν

221 3976 533 4048 ἀναπληροῖ
586 3976 686 4040 τὰς
734 3976 846 4030 τῶν
876 3980 1187 4049 φαράγγων
1238 3975 1585 4049 κοιλότητας.

293 4068 495 4123 Σκολιά
562 4068 677 4142 (84)
708 4069 834 4139 μιν,
878 4072 947 4125 τὰ
985 4072 1138 4143 παρά
1174 4072 1339 4140 φύσιν
1400 4073 1681 4144 κινήματα
1710 4072 1821 4126 τῶν

222 4160 567 4230 αἰσθήσεων·
598 4162 809 4215 εὐθεῖαι
838 4162 918 4227 δὲ,
947 4164 1017 4218 τὰ
1043 4164 1187 4217 κατά
1221 4163 1405 4232 φύσιν.
1462 4166 1575 4219 Καὶ
1623 4165 1817 4219 πάλιν·

223 4259 473 4340 τραχεῖαι
517 4254 619 4324 μὲν
649 4256 705 4308 αί
740 4254 854 4308 τῶν
898 4254 1175 4310 ἀκουσίων
1224 4256 1553 4327 πειρασμῶν
1585 4257 1822 4331 προσδο·

225 4345 337 4397 λαίν
369 4343 481 4398 ὀδο).
506 4344 589 4408 δὲ,
633 4343 778 4399 λεῖαι
810 4345 867 4397 αἱ
899 4345 987 4399 διὰ
1018 4346 1229 4398 τούτων
1267 4346 1387 4416 μεθ’
1416 4347 1700 4419 ὑπομονῆς
1726 4348 1826 4401 καὶ

225 4439 582 4510 εὐχαριστίας
615 4440 731 4512 (85)
767 4440 1009 4509 ἀγωγαί.
1050 4438 1331 4511 Ὀμαλίζει
1356 4444 1465 4514 γὰρ
1502 4445 1597 4497 καὶ
1656 4460 1825 4516 μετα-

227 4534 415 4587 ϐάλλει
464 4534 524 4586 τὸ
563 4534 743 4604 τριχῦ
802 4535 897 4586 καὶ
950 4533 1210 4587 ιπίπονον
1242 4535 1427 4587 αὐτῶν
1480 4535 1593 4607 (86)
1629 4538 1661 4607 ή
1700 4536 1823 4607 μεθ’

1995 2854 2035 2925 -ι-
2070 2853 2228 2910 Mons
2276 2862 2360 2909 est
2408 2853 2641 2917 scientia
2685 2852 2867 2908 omnis
2925 2851 3043 2908 falsi
3093 2851 3363 2921 nominis,
3393 2853 3540 2910 elata

1921 2958 2115 3005 contra
2147 2963 2332 3004 veram
2369 2947 2465 3001 Dei
2502 2946 2815 3002 scientiam.
2853 2944 3021 3000 Collis
3056 2958 3188 2999 vero
3240 2954 3326 3000 est
3351 2946 3541 3002 omnis

1924 3041 2211 3112 iniquitas,
2247 3050 2439 3095 contra
2467 3040 2727 3095 virtutem
2756 3048 2963 3094 erecta.

1993 3134 2033 3205 -l-
2064 3135 2173 3188 Aul.
2204 3142 2365 3188 mens
2392 3132 2952 3205 signiﬁcat‘spiritus,
2986 3134 3078 3203 qui
3104 3131 3299 3186 falsam
3326 3131 3534 3202 produ-

1928 3232 2064 3278 cunt
2111 3222 2403 3277 scientiam
2460 3239 2475 3276 :
2524 3222 2679 3277 collis
2734 3236 2863 3278 vero
2903 3238 3020 3288 eos,
3078 3223 3174 3294 qui
3230 3230 3544 3292 Operantur

1932 3317 2220 3383 malitiam,
2293 3316 2387 3386 qui
2447 3324 2645 3371 Omnes
2699 3317 3125 3388 deprimentur,
3180 3316 3539 3389 dejicientur,

1930 3404 2222 3468 d'iruentur
2268 3425 2325 3469 et
2356 3415 2677 3471 auferentur
2712 3433 2811 3488 per
2834 3418 3172 3473 contrariam
3218 3394 3541 3483 scientiam,

1929 3515 1986 3559 et
2011 3506 2325 3575 oppositam
2352 3506 2641 3563 virtutem.

2001 3595 2042 3666 -ι-
2073 3598 2209 3652 Item
2261 3598 2369 3653 alio
2422 3598 2643 3671 quoque
2708 3602 2893 3670 modo,
2942 3603 3036 3675 qui
3090 3604 3256 3662 falsae.
3292 3610 3544 3668 scientia

1931 3692 2179 3747 habiturn
2214 3692 2271 3747 in
2304 3700 2489 3749 veram
2540 3696 2857 3763 scientiam,
2903 3708 2958 3752 et
2996 3700 3289 3769 pravitatis
3348 3702 3535 3759 σαίρε-

1930 3784 2071 3838 ciam
2099 3785 2153 3838 in
2186 3794 2370 3841 actum
2404 3786 2628 3843 virtutis
2675 3790 3079 3856 immutaverit,
3118 3793 3206 3846 hic
3239 3804 3336 3863 per
3378 3811 3541 3850 mon-

1932 3876 2068 3930 tium
2100 3885 2157 3930 et
2185 3876 2407 3931 collium
2430 3879 2880 3943 subversionem,
2907 3881 3132 3937 vallium
3148 3889 3544 3943 concavitates

1935 3966 2255 4036 repleverit.

2000 4056 2041 4127 ι(-
2063 4054 2319 4127 Obtiqua,
2350 4066 2481 4113 sunt
2512 4071 2775 4116 sensuum
2827 4063 3125 4131 motiones,
3171 4082 3293 4136 qua:
3334 4078 3538 4139 praeter

1924 4150 2353 4209 naturatnﬁunt
2404 4151 2680 4209 :~directa
2736 4168 2868 4210 vero
2919 4156 3217 4213 secundum
3260 4171 3530 4218 naturam.

1932 4242 2173 4299 Rursum
2202 4259 2409 4313 asperae
2443 4247 2545 4301 vim
2575 4256 2706 4302 sunt
2735 4249 3101 4305 tentationum
3143 4254 3383 4322 impetus
3415 4270 3539 4323 quas

1933 4335 2094 4391 nobis
2135 4334 2324 4390 invitis
2371 4336 2655 4403 accidunt,
2709 4339 2886 4409 planta
2933 4350 3117 4397 autem
3173 4356 3303 4400 sunt
3335 4353 3538 4402 attrac-

1932 4427 2117 4482 tiones
2138 4468 2152 4493 ,
2183 4442 2305 4498 quae
2331 4443 2429 4498 per
2458 4430 2557 4485 bas
2590 4428 2733 4485 fiunt
2764 4432 2820 4485 in
2849 4432 3109 4503 patientia
3151 4445 3207 4489 et
3235 4431 3532 4505 gratiarum

1933 4519 2174 4575 actione.
2228 4518 2501 4591 Explanat
2552 4522 2703 4577 enim
2758 4532 2816 4578 et
2874 4529 3050 4578 mutat
3098 4524 3533 4583 laboriositatem

230 4628 507 4698 ὑπομονῆς
536 4627 883 4698 εὐχαριστία.
911 4626 1113 4680 Σκολιά
1134 4627 1214 4692 δὲ,
1247 4627 1591 4699 σαφέστερον
1619 4630 1819 4695 εἰπεῖν,

1949 4612 2143 4668 llarum
2173 4612 2467 4683 gratiarum
2492 4618 2639 4670 actio
2660 4628 2785 4670 cum
2814 4615 3096 4685 patientia.
3133 4618 3365 4687 Obliqua
3403 4635 3535 4675 vcro

228 4723 276 4775 oi
307 4721 375 4774 δι’
428 4720 623 4795 ἡδονῆς
674 4716 921 4774 ἑκούσιοι
965 4723 1284 4792 πειρασμοι·
1334 4720 1675 4792 πολύτροπος
1720 4722 1819 4793 γὰρ

1942 4702 2272 4759 nanifestius
2325 4704 2432 4759 dici
2486 4712 2735 4774 possunt,
2803 4706 3133 4762 tentationes
3188 4707 3530 4772 voluntariaz,

229 4816 493 4887 Msovs-
540 4815 734 4887 ὥσπερ
784 4817 880 4870 καὶ
932 4818 1190 4888 τραχεῖαι
1232 4817 1283 4870 oi
1325 4814 1393 4871 δι’
1425 4813 1619 4887 ὀδύνης
1661 4815 1832 4870 ἀκού·

234 4908 383 4981 mou]

302 5077 414 5130 Καὶ
439 5078 469 5130 ὀ
498 5076 611 5148 (87)
638 5074 861 5147 φάραγξ
894 5076 985 5129 κα)⁵
1020 5074 1080 5129 τὸ
1103 5075 1229 5148 ὅρος
1262 5079 1356 5130 καὶ
1392 5078 1419 5129 ὀ
1458 5075 1652 5147 βουνὸς
1682 5074 1828 5132 ἀνώ-

1926 4812 2049 4869 quae
2081 4813 2181 4869 per
2232 4796 2575 4867 voluptatem
2631 4797 2925 4865 accidunt;
2963 4808 3050 4855 est
3103 4801 3252 4855 enim
3288 4803 3435 4856 varia
3478 4814 3534 4858 et

1932 4891 2214 4946 mutabilis
2247 4890 2526 4961 voluptas.
2586 4891 2811 4961 Aspera:
2858 4902 3045 4947 autem
3096 4896 3201 4948 viae
3245 4894 3531 4960 dicuntur,

1932 4999 2052 5055 quze
2081 5000 2178 5055 pur
2215 4983 2462 5039 dolorem
2496 4983 2685 5039 invitis
2716 4983 2878 5040 nobis
2917 4985 3197 5041 accidunt.

2010 5076 2180 5133 Vallis
2221 5084 2276 5129 et
2318 5089 2480 5131 mons
2524 5090 2587 5130 ac
2620 5076 2797 5145 collis,
2842 5077 2959 5131 loca
3002 5087 3133 5133 sunt
3161 5078 3449 5148 inaequalia
3478 5088 3533 5135 et

1450 5255 1654 5319 ναι-ξω
1708 5256 2019 5319 lectiones
2060 5265 2124 5319 et
2160 5267 2355 5320 notua.

310 5388 422 5460 (80)
459 5386 695 5460 Τροπων
718 5401 786 5460 τε.
807 5383 925 5460 καίἶ

308 5452 422 5531 (81)
458 5452 596 5531 Αξίιι
618 5456 866 5527 margine
892 5454 930 5507 Β
955 5456 1011 5509 in
1041 5464 1215 5509 textu.
1261 5453 1565 5510 llcntenius
1606 5452 1834 5520 omittit,

241 5532 331 5586 τοῦ
364 5530 557 5585 αὐτοῦ.

308 5604 421 5668 (82)
452 5600 589 5655 Θεοῦ
622 5600 797 5655 abest.
832 5600 899 5654 Α.

310 5670 420 5747 (85)
452 5673 525 5747 "Te
566 5673 683 5747 καί.
705 5670 777 5747 _B.

332 5742 425 5818 81')
463 5744 589 5800 llaec
638 5742 870 5798 inferius
921 5742 1159 5797 habebat
1195 5743 1525 5808 chtenius,
1582 5751 1707 5812 post
1740 5742 1837 5796 καὶ

334 5898 419 5950 id.)
455 5892 512 5944 In
547 5894 761 5947 modum
804 5890 1073 5951 torrentis,
1108 5898 1217 5941 etc.
1249 5886 1413 5953 Quasi
1471 5897 1729 5942 excavata
1771 5898 1826 5941 et

244 5956 481 6035 abscmsa
516 5974 599 6019 est
640 5979 668 6017 a
702 5963 1091 6033 conjunctione
1149 5972 1203 6013 et
1256 5960 1604 6015 copulatione
1668 5959 1800 6028 spiri

1937 5382 2281 5453 συμπάθεια.

2007 5452 2122 5523 (85)
2152 5455 2507 5509 Αιεναειίυηεε
2526 5452 2790 5510 Hentenii
2819 5452 3167 5510 alienissimae
3186 5462 3332 5509 sunt.
3368 5452 3537 5523 Ἀγω-

1936 5524 2006 5596 γὴ
2038 5536 2121 5581 est
2149 5527 2355 5579 vivendi
2384 5535 2712 5582 consuetudo
2739 5534 2788 5579 ιι
2812 5526 2955 5579 ratio

2008 5596 2121 5667 (86)
2158 5596 2283 5669 Τῶν
2315 5600 2671 5669 πειρασμῶν.

2011 5670 2125 5742 (87)
2158 5668 2219 5723 In
2248 5668 2495 5742 textui].
2534 5668 2763 5726 Dicitur
2817 5678 3001 5724 autem
3053 5682 3291 5742 utroque
3343 5669 3531 5725 modo.

1937 5736 2119 5797 Malim
2160 5736 2352 5795 tamen
2385 5736 2539 5814 ὴ,ἰιι
2568 5758 2716 5798 mox.

1938 5887 2071 5968 tuali
2107 5888 2329 5953 mentis,
2357 5903 2479 5959 quae
2510 5898 2594 5943 cst
2623 5890 2930 5945 secundum
2965 5888 3138 5963 legem
3164 5886 3255 5942 Dci
3288 5880 3538 5939 vincien-

1941 5970 2031 6019 IIS.
