4032 6456
502 370 609 428 903

1731 364 2121 427 EUTHYMU
2187 363 2551 425 ZIGABENI

3684 361 3756 421 tit)
3770 361 3789 418 l

499 499 729 543 accessu
783 487 1048 543 diﬂicilia.
1081 482 1472 557 Signiﬁcantur
1523 489 1706 535 autem
1761 495 1860 551 per
1903 479 2083 534 vallen‘

2210 479 2353 546 μαλα
2387 480 2482 531 καὶ
2511 477 2866 549 δυσπρόσιτα.
2897 477 3202 532 Δίνίττεται
3229 476 3284 530 δὲ
3317 475 3405 529 διὰ
3431 475 3530 544 τῆς
3567 477 3786 544 φάσγ-

498 579 773 650 pratia-acti
805 590 861 634 et
896 579 962 632 ad
1009 575 1336 647 pravitatem
1376 571 1718 627 allicientes:
1753 571 1913 625 vallis
1942 573 2092 626 enim

499 678 772 736 praerupta
812 676 916 720 est.
954 665 1056 719 Per
1089 674 1331 720 montem
1369 672 1423 718 et
1462 662 1658 716 collem
1686 658 1836 728 elati,
1867 662 1990 718 duri
2031 678 2095 718 ac

498 757 824 813 infructuosi
879 757 948 811 ad
999 758 1282 811 virtutem.
1352 756 1619 826 lmpletur
1675 769 1860 814 autem
1909 756 2093 812 omnis

497 852 674 915 vallis,
726 851 933 920 injecto
981 867 1068 913 eo,
1094 851 1239 920 quod
1271 850 1482 912 deerat,
1510 851 1764 906 videlicet
1793 851 1996 922 pietate
2028 865 2093 904 ac

497 943 702 998 virtute
727 961 738 994 :
760 943 1092 1012 deprimitur
1116 959 1243 998 vero
1266 959 1449 998 omnis
1476 961 1633 999 mons
1647 956 1701 1000 et
1728 945 1885 1000 collis
1907 943 2090 998 ablato

495 1033 775 1106 superﬂuo
841 1045 970 1106 puta
1001 1036 1284 1106 impietate
1316 1053 1380 1092 ac
1413 1039 1701 1108 pravitate.

565 1315 723 1383 Quod
776 1326 964 1372 autem
991 1317 1197 1372 dicitur
1256 1316 1463 1383 Omnis,
1504 1320 1608 1373 etsi
1661 1320 1969 1375 universale
1996 1321 2088 1388 sit,

494 1410 698 1479 saepius
761 1417 953 1464 tamen.
1013 1411 1156 1480 apud
1247 1410 1508 1466 Hebraeos
1582 1429 1690 1465 non
1771 1413 2089 1469 universum

494 1503 790 1574 siguilicat,
827 1505 922 1557 sed
959 1503 1287 1572 simpliciter
1329 1503 1764 1558 multitudinem.
1819 1505 2002 1560 Potest
2035 1515 2091 1562 ct

495 1596 601 1649 alio
657 1611 876 1664 quoque
903 1596 1064 1648 modo
1099 1596 1254 1649 vallis
1304 1595 1523 1664 quidem
1574 1596 1705 1650 illos
1735 1597 2085 1665 innuere,«;ui

493 1689 545 1741 iu
602 1688 937 1757 profundum
993 1687 1325 1758 perditionis
1365 1688 1570 1756 dejecti
1625 1690 1916 1761 suntqui
1981 1693 2086 1744 im-

493 1781 732 1851 plebitur
763 1796 860 1851 per
904 1779 1279 1849 evangelicum
1333 1781 1808 1850 praedicationem.
1846 1779 2004 1835 Mons
2031 1791 2086 1836 et

486 1873 665 1939 collis,
703 1872 879 1927 elatos
923 1873 1226 1938 daemones,
1259 1877 1352 1943 qui
1407 1873 1793 1943 deprimentur
1823 1884 1879 1929 et
1926 1889 2089 1930 ever-

489 1974 674 2018 tentur
701 1963 1006 2018 a‘Christo.

565 2053 726 2111 Vers.
751 2055 805 2109 5.
835 2055 899 2108 Et
922 2057 1137 2126 obliqua
1189 2055 1319 2126 ﬁent
1364 2086 1434 2096 —
1463 2055 1662 2125 plane.
1707 2053 1935 2126 Obliqua
1960 2068 2089 2112 sunt

488 2147 590 2202 via‘:
633 2163 907 2217 perversa:
957 2149 1273 2214 hominum,
1328 2159 1384 2202 et
1410 2165 1620 2218 asperae
1649 2151 1766 2214 viae,
1798 2150 2089 2219 opiniones

489 2238 776 2308 ipsorum;
828 2241 942 2294 haec
991 2241 1126 2294 lient
1165 2248 1314 2294 recta
1368 2251 1424 2293 et
1458 2241 1645 2311 plana,
1693 2241 1766 2297 ita
1792 2251 1850 2295 ut
1889 2257 1987 2312 per
2024 2257 2088 2296 ea

485 2332 836 2401 aequabiliter
861 2343 1096 2402 pergant
1138 2334 1206 2387 ad
1257 2334 1557 2388 Christum.
1599 2334 1708 2388 Aut
1736 2335 1901 2388 etiam
1942 2335 2087 2390 obli-

489 2425 672 2494 quitas
696 2435 750 2478 et
798 2427 1072 2494 asperitas
1128 2426 1444 2497 pravitatis,
1485 2427 1541 2480 in
1603 2426 1994 2482 rectitudinem
2031 2438 2086 2484 et

487 2518 776 2588 planitiem
807 2518 1032 2574 virtutis
1058 2522 1466 2575 immutabitur.

557 2605 655 2660 Vel
681 2607 789 2661 alio
819 2623 1040 2678 quoque
1071 2611 1254 2675 modo,
1277 2611 1575 2681 obliquitas
1613 2621 1668 2666 et
1699 2613 1969 2682 asperitas
1995 2629 2086 2666 ve-

485 2697 617 2751 teris
649 2697 802 2768 legis,
867 2699 922 2752 in
955 2701 1342 2758 rectitudinem
1376 2718 1440 2758 ac
1467 2704 1864 2774 perfectionem
1902 2703 2083 2760 Evan-

483 2789 612 2860 gelii
671 2792 1281 2850 convertetur.Veteris
1332 2796 1558 2866 quidem
1588 2798 1724 2868 legis
1753 2798 2082 2868 obliquitas,

483 2891 600 2935 erat
627 2883 935 2940 obscuritas
982 2902 1046 2942 ac
1096 2888 1369 2952 varietas;
1400 2894 1670 2960 asperitas
1715 2903 2082 2956 vero,auste-

486 2971 622 3026 ritas
672 2983 725 3026 et
784 2976 1328 3046 incompassibilitas.
1372 2978 1585 3034 Rursus
1618 2979 1881 3051 Evaugilii
1917 2985 2084 3037 recti-

482 3063 621 3116 tudo
649 3073 736 3118 est
788 3069 1014 3122 claritas
1065 3084 1131 3124 ac
1189 3069 1552 3140 simplicitas:
1613 3072 1810 3129 lenitas
1873 3085 2079 3140 autem,

481 3158 849 3209 mansuetudo
875 3166 930 3210 et
962 3159 1447 3229 compassibilitas.

549 3242 721 3297 Vers.
748 3244 798 3298 6.
842 3246 1118 3303 Etvidebt't
1140 3279 1208 3289 -—
1243 3249 1359 3306 Dei.
1407 3252 1659 3307 Salutare
1679 3253 1865 3310 lumen
1897 3254 2083 3312 Evan-

479 3327 726 3402 gelii,vel
765 3339 1064 3396 salutarem
1108 3343 1700 3419 incarnationem,quaa
1731 3349 1896 3404 ambo
1935 3366 2079 3420 prae-

476 3427 690 3496 paravit
714 3428 858 3485 Deus
897 3443 1028 3489 ante
1058 3435 1257 3491 faciem
1299 3440 1550 3494 omnium
1593 3446 1950 3513 populorum.

550 3615 724 3674 Vers.
753 3622 807 3675 7.
868 3622 1244 3682 Dicebat—ira
1264 3630 1290 3683 ἵ
1325 3630 1453 3686 Haec
1501 3633 1665 3687 etiam
1696 3636 1916 3707 scripsit
1944 3638 2081 3692 Mat-

478 3707 660 3764 threus
684 3713 864 3783 capite
888 3717 1051 3770 tertio
1081 3719 1165 3772 sui
1203 3719 1512 3793 Evangelii,
1545 3734 1601 3779 et
1625 3725 1678 3778 in
1710 3741 1777 3782 eo
1804 3728 2078 3784 declarata

477 3811 629 3855 sunt.

545 3892 791 3950 Vers.8.
825 3896 1085 3954 Facite-—-
1121 3904 1369 3960 Abraltm.
1405 3906 1668 3964 Similiter
1702 3921 1755 3966 et
1795 3912 1932 3968 hate.

547 3982 684 4042 Vera
709 3991 792 4044 .9.
819 3988 948 4045 Jam
968 4009 1147 4050 autem
1165 4026 1237 4037 —
1253 4001 1479 4055 mititur.
1501 4002 1623 4059 Pari
1650 4009 1812 4064 modo
1835 4024 1892 4065 et
1924 4013 2074 4066 hinc:

473 4091 658 4146 qurere
698 4096 830 4152 ergo
862 4085 935 4140 ibi
971 4087 1223 4146 omnium
1253 4095 1687 4154 enarrationem.

472 4213 627 4272 CAP.
658 4217 744 4273 Vl.
784 4221 856 4276 De
877 4224 959 4278 his
989 4229 1078 4295 qui
1108 4227 1368 4287 Joannem
1401 4235 1824 4307 interrogabant.

581 4353 736 4414 Vers.
764 4359 852 4415 l0.
889 4361 957 4417 Et
998 4364 1396 4440 interrogabant
1418 4401 1493 4413 —-
1519 4375 1805 4444 faciemus?
1823 4377 1967 4435 Jussi
1996 4381 2079 4436 1³³-

634 4447 845 4505 fructus
880 4455 1202 4523 pwnitentia
1263 4465 1454 4534 dignos
1481 4466 1842 4539 interrOgant.

557 4537 689 4594 Vers
710 4581 723 4594 .
755 4545 838 4597 ll.
876 4545 1227 4616 Respondeas
1279 4583 1353 4593 —-
1387 4557 1619 4612 habenti.
1645 4537 1851 4617 Tradat
1872 4566 2077 4620 nullam
2107 4548 2162 4608 Ῑ)

473 4632 702 4685 omnino
732 4633 956 4689 habenti
986 4651 1114 4694 :aut
1146 4643 1632 4717 habentiquidem,
1656 4656 1752 4708 sed
1797 4656 2074 4714 inutilem.

583 4724 844 4781 Vers.ll.
869 4728 937 4784 Et
968 4735 1149 4803 qui—
1177 4737 1367 4806 faciat.
1399 4740 1503 4796 Per
1531 4747 1878 4803 traditionem
1909 4753 2078 4807 vestis

474 4832 538 4872 ac
568 4820 675 4872 cibi
743 4823 1084 4879 Inducunlur
1129 4829 1185 4883 hi
1253 4833 1321 4885 ad
1383 4849 1686 4905 pauperum
1742 4841 2072 4911 subsidium,

477 4914 1041 4973 communicationem
1078 4932 1132 4975 et
1159 4935 1410 4980 mutuum
1453 4945 1722 4986 amorem.
1763 4935 1907 4990 Nihil
1944 4953 2075 5009 ergo

475 5017 645 5069 nunc,
675 5009 821 5074 quod
852 5013 1076 5080 gravius
1130 5028 1303 5084 esset,
1337 5023 1442 5078 illis
1500 5028 1795 5098 prmcipit;
1865 5031 2070 5097 sciens,

476 5099 626 5164 quod
665 5118 771 5154 non
815 5106 993 5161 multo
1023 5121 1150 5178 post
1194 5113 1446 5172 Christus
1502 5123 1821 5193 evangelica
1861 5125 2072 5180 stabili-

479 5198 634 5245 turus
666 5207 811 5250 esset
840 5214 1134 5272 praecepta.

586 5281 738 5340 Vers.
769 5288 853 5343 12.
904 5290 1515 5360 Venerunt—Vers.l5.
1550 5310 2067 5378 exigiteJlabebant

474 5377 622 5432 enim
677 5387 1036 5442 constitutum
1068 5390 1137 5445 de
1201 5399 1607 5466 exactionibus,
1638 5377 1727 5458 ide
1762 5409 2068 5475 quantitate

473 5479 526 5522 et
551 5473 816 5539 qualitate
864 5489 1204 5539 exactorum.

547 5560 706 5619 Vet's.
741 5566 819 5621 14.
851 5567 1260 5647 Interrogabant
1292 5613 1359 5623 -—
1397 5584 1814 5644 calumniemini‘.
1847 5591 2066 5649 Concu-

473 5655 844 5717 tiebanteuim
884 5671 1435 5732 etcalumuiabautur
1481 5685 2060 5754 multos,quasiaCaa-

475 5764 596 5806 sare
650 5758 995 5829 deﬁcientes,
1027 5778 1118 5821 aut
1166 5771 1517 5833 insidiatores
1562 5798 1574 5845 ;
1610 5798 1676 5835 eo
1713 5785 1856 5852 quod
1899 5784 2064 5841 vitam

475 5848 707 5915 turpiter
730 5868 1098 5923 quaestuosum
1132 5867 1416 5923 ducerent.

2199 587 2294 637 γος
2316 571 2412 641 μὲν
2438 572 2564 634 τοὺς
2597 571 2910 640 ἀποτόμους
2951 575 3046 623 καὶ
3068 569 3422 630 ἐλκυστικούς
3449 569 3528 631 είς
3559 569 3784 620 κακίαν·

2198 662 2479 732 ἀπότομος
2507 661 2618 733 γάρ
2669 665 2763 715 καὶ
2797 662 3158 733 ἀπόκρημνος
3202 664 3234 732 ἡ
3263 662 3483 733 φάγαρξ
3518 677 3531 689 ·
3568 662 3660 714 διὰ
3692 661 3786 713 τοῦ

2194 754 2357 824 ὅρους
2385 755 2441 808 δὲ
2473 756 2568 810 καὶ
2596 753 2788 824 βουνοῦ
2846 755 2974 818 τοὺς
3004 753 3347 825 ἐπηρμένους
3389 756 3480 807 καὶ
3514 754 3788 824 σκληροὺς

2196 849 2292 901 καὶ
2326 849 2614 918 ἀκάρπους
2646 850 2725 912 εἰς
2760 850 2985 919 ἀρετήν.
3019 849 3125 900 Καὶ
3155 847 3460 918 πληροῦται
3499 849 3598 917 μὲν
3628 850 3782 900 πᾶσα

2196 941 2420 1012 φάραγξ
2471 940 2909 1011 ἐπιὸαλλομένου
2961 942 3058 994 τοῦ
3107 940 3411 1008 λείποντος,
3454 943 3624 1011 ἤγουν
3689 941 3790 1008 τῆς

2194 1020 2485 1096 εὐσεϐείας
2524 1035 2618 1087 καὶ
2647 1033 2875 1105 ἀρετῆςο
2911 1033 3268 1088 ταπεινοῦται
3298 1034 3353 1086 δὲ
3392 1037 3498 1085 πᾶν
3536 1037 3662 1104 apo;
3692 1035 3789 1085 καὶ

2195 1124 2406 1195 βουνὸς,
2443 1124 2896 1195 ἀποτεμνομένου
2920 1125 3014 1179 τοῦ
3043 1123 3479 1196 περιττεύοντος,
3524 1127 3620 1194 τῆς
3652 1130 3676 1176 :l
3695 1142 3792 1177 σε-

2196 1218 2353 1282 6είας
2385 1219 2480 1271 καὶ
2510 1219 2731 1281 κακίας.

2264 1311 2339 1366 Τὸ
2381 1311 2440 1365 δὲ
2472 1314 2600 1377 πᾶς,
2647 1316 2696 1366 εί
2731 1311 2824 1366 καὶ
2856 1311 3145 1366 καθολικόν
3173 1312 3343 1377 ἐστιν,
3379 1310 3493 1365 ἀλλ’
3530 1308 3625 1364 οἷν
3657 1311 3791 1381 παρ’

2202 1403 2485 1476 Ἑϐραίοις
2515 1406 2777 1470 πολλάκις
2815 1407 2877 1460 οὐ
2916 1408 3179 1475 σημαίνει
3232 1409 3292 1458 τὸ
3347 1405 3600 1469 καθόλου,
3651 1405 3791 1472 ἀλλὰ

2192 1495 2400 1566 πλῆθος
2429 1496 2640 1560 ἁπλῶς.
2674 1499 2769 1568 Εῐη
2805 1497 2848 1550 δ’
2878 1497 2946 1550 ἂν
2976 1497 3070 1550 καὶ
3099 1496 3302 1568 ἑτέρως
3347 1494 3564 1565 φάραγξ
3599 1496 3700 1564 μὲν
3742 1499 3791 1549 οἱ

2193 1589 2644 1660 καταρῤαγέντες
2675 1590 2756 1652 είς
2772 1589 2937 1661 βάθος
2965 1589 3240 1651 ἀπωλείας
3266 1588 3564 1659 ἄνθρωποι,
3587 1589 3792 1649 οἵτινες

2193 1679 2600 1753 ἐπληρώθησαν
2671 1680 2766 1734 τοῦ
2823 1679 3185 1750 εὐαγγελικοῦ
3225 1681 3606 1751 κηρύγματοςο
3661 1679 3791 1749 ὅρος

2193 1773 2250 1825 δὲ
2286 1771 2381 1824 καὶ
2416 1771 2630 1843 βουνὸς,
2684 1773 2735 1824 οί
2757 1772 3065 1843 ἐπηρμένοι
3102 1772 3379 1840 δαίμονες,
3414 1771 3610 1834 οἵτινες
3665 1773 3793 1824 ἐταο

2197 1862 2545 1937 πεινὼθησαν
2585 1864 2680 1918 καὶ
2713 1865 3028 1920 κατίπεσον
3061 1864 3168 1918 ὐπὸ
3196 1865 3289 1918 τοῦ
3321 1863 3578 1935 Χριστοῦ.

2266 2048 2375 2104 Kal
2420 2049 2594 2104 ἔσται
2627 2050 2696 2104 τὰ
2739 2049 2958 2105 σκολιὰ
2987 2081 3056 2092 -
3081 2050 3275 2116 λείας.
3310 2051 3391 2104 Τὰ
3441 2047 3630 2104 σκολιά
3679 2049 3789 2122 ήθη

2191 2143 2300 2195 τῶν
2317 2144 2772 2214 διεστραμμένων
2803 2142 3135 2214 ἀνθρώπων,
3155 2146 3248 2197 καὶ
3270 2144 3325 2198 αἱ
3346 2148 3613 2216 τραχεῖαι,
3641 2144 3787 2212 γνῶ·

2196 2253 2293 2306 μαι
2349 2236 2530 2289 αὐτῶν
2583 2235 3015 2304 εὐθυνθήσονται
3045 2239 3136 2289 καὶ
3191 2236 3601 2307 λεανθήσονται,
3641 2236 3788 2291 ὥστε

2190 2329 2400 2382 ὁδεύειν
2431 2331 2515 2380 ἐπ’
2553 2330 2734 2382 αὐτῶν
2791 2331 3013 2397 ὁμαλῶς
3068 2332 3159 2384 τὸν
3203 2331 3462 2400 Χριστόν.
3503 2332 3574 2384 Ἦ
3619 2333 3716 2385 καὶ
3744 2332 3779 2402 ἠ

2193 2417 2481 2487 σκολιότης
2513 2419 2610 2472 καὶ
2658 2419 2939 2490 τραχύτης
2972 2420 3088 2493 τῆς.
3121 2421 3320 2485 κακίας
3371 2423 3453 2484 είς
3507 2420 3788 2493 εὐθύτητα

2189 2513 2284 2562 καὶ
2314 2485 2571 2582 λειότητα
2606 2485 2814 2581 ἀρετῆς
2838 2485 3270 2584 μεταστήσεται.

2271 2605 2345 2657 Ἦ
2393 2605 2488 2660 καὶ
2515 2605 2743 2675 ἑτέρως,
2778 2609 2810 2676 ἡ
2845 2607 3131 2678 σκολιότης
3165 2604 3260 2661 καὶ
3291 2609 3322 2680 ἡ
3380 2608 3660 2680 τραχύτης
3690 2607 3784 2662 τοῦ

2188 2694 2423 2748 παλαιοῦ
2478 2695 2645 2764 νόμου
2713 2697 2794 2760 είς
2852 2697 3132 2768 εὐθύτητα
3191 2699 3288 2751 καὶ
3365 2699 3618 2766 λειότητα
3687 2697 3781 2752 τοῦ

2189 2788 2532 2857 Εὐαγγελίου
2565 2789 3077 2861 μετασληθήσεται.
3115 2791 3223 2844 Τοῦ
3263 2791 3320 2844 δὲ
3354 2791 3590 2844 παλαιοῦ
3613 2791 3782 2862 νόμου

2189 2882 2477 2952 σκολιότης
2510 2881 2633 2952 μὲν,
2689 2883 2721 2953 ἡ
2768 2883 3009 2951 ἀσάφεια
3057 2886 3152 2937 καὶ
3189 2882 3452 2937 ποικιλίαο
3501 2885 3785 2954 τραχύτης

2184 2973 2264 3040 δὲ,
2308 2974 2368 3027 τὸ
2415 2975 2695 3047 αὐστηρὸν
2743 2977 2840 3030 καὶ
2874 2978 3226 3047 ἀσυμπαθές·
3284 2976 3497 3030 καὶτοῦ
3539 2980 3788 3046 Εὐαγγε-

2184 3065 2302 3118 λίου
2348 3066 2514 3120 πάλιν
2561 3067 2798 3135 εὐθύτης
2844 3068 2971 3139 μὲν,
2999 3071 3032 3139 ἡ
3065 3072 3335 3141 σαφήνεια
3368 3070 3463 3124 καὶ
3500 3070 3781 3143 ἁπλότης⁶

2107 3203 2151 3261 C
2187 3158 2402 3232 λειότης
2431 3160 2512 3225 δέ,
2551 3162 2584 3232 ἡ
2620 3164 2870 3234 πραότης
2910 3162 3008 3216 καὶ
3041 3164 3380 3234 συμπάθεια.

2255 3255 2363 3308 Kal
2426 3254 2640 3324 ὄψεται
2699 3288 2766 3300 -
2814 3256 2988 3313 Θεοῦ.
3048 3257 3123 3310 Τὸ
3179 3259 3450 3328 σωτήριον
3515 3259 3631 3328 φῶς
3685 3260 3778 3314 τοῦ

2185 3347 2548 3418 Εὐαγγελίου,
2594 3349 2754 3423 ἢτὴν
2812 3353 3080 3422 σωτήριον
3111 3348 3555 3422 ἐνανθρώπησιν,
3609 3351 3644 3405 ἀ
3685 3354 3780 3407 καὶ

2183 3442 2355 3512 ἄμφω
2409 3442 2712 3515 ἡτοίμασεν
2762 3445 2791 3496 ὁ
2831 3444 2963 3508 Θεὸς
3016 3444 3159 3499 κατὰ
3206 3444 3500 3516 πρόσωπον
3560 3447 3779 3499 πάντων

2182 3533 2294 3586 τῶν
2325 3533 2493 3589 λαῶν.

2260 3626 2516 3695 Ἔλεγεν
2535 3656 2607 3667 -
2640 3626 2828 3697 ὀργῆς
2852 3644 2872 3693 ;
2901 3627 3089 3681 Ταῦτα
3143 3629 3236 3680 καὶ
3286 3632 3314 3681 δ
3344 3629 3621 3691 Ματθαῖος
3653 3629 3780 3684 ἀνέ-

2183 3720 2402 3791 γραψεν
2436 3723 2494 3774 ἐν
2529 3721 2609 3793 τῷ
2643 3723 2814 3794 τρίτῳ
2853 3723 3140 3793 κεφαλαίῳ
3164 3723 3258 3776 τοῦ
3299 3724 3636 3794 Εὐαγγελίου
3682 3728 3779 3780 αὐ-

2183 3811 2278 3864 τοῦ
2300 3831 2314 3844 ·
2349 3813 2445 3865 καὶ
2497 3814 2928 3884 ἡρμηνεύθησαν
2961 3817 3021 3867 ἐν
3051 3814 3265 3884 ἐκείνῳ.

2256 3903 2564 3972 Ποιήσατε
2597 3935 2667 3945 -
2701 3906 2975 3973 Ἀϐραάμ.
3025 3906 3260 3976 Ὁμοίως
3295 3925 3390 3960 κα.
3412 3907 3606 3962 ταῦτα.

2258 3999 2404 4068 Ἤδη
2439 4000 2508 4053 δὲ
2529 4000 2941 4065 -βάλλεται.
2994 4003 3408 4072 Παραπλησίως
3459 4006 3553 4058 καὶ
3577 4003 3770 4072 ταῦτα,

2183 4094 2280 4147 καὶ
2312 4093 2555 4165 ζήτησον
2586 4097 2706 4147 ἐκεῖ
2736 4095 2834 4166 τὴν
2868 4099 3129 4167 ἐξήγησιν
3161 4098 3401 4150 πάντων.

2183 4228 2338 4281 ΚΕΦ.
2362 4231 2454 4296 ς’.
2480 4229 2619 4297 Περὶ
2648 4227 2768 4282 τῶν
2796 4229 3314 4297 ἐπερωτησάντων
3329 4233 3438 4285 τὸν
3474 4232 3770 4304 Ἰωάννην.

2275 4367 2388 4420 Kal
2452 4368 2775 4435 ἐπηρώτων
2827 4397 2898 4408 -
2937 4369 3317 4438 ποιήσομεν;
3374 4369 3774 4437 Κελευσθέντες

2184 4465 2362 4515 ποιεῖν
2399 4463 2654 4533 καρποὺς
2687 4464 2871 4528 ἀξίους
2895 4464 2996 4532 τῆς
3029 4464 3343 4535 μετανοίας,
3398 4464 3769 4536 ἐπερωτῶσιν.

2289 4563 2648 4628 Αποκριθεὶς
2703 4594 2770 4603 —-
2802 4562 3029 4630 ἔχοντι.
3082 4565 3375 4618 Μεταδὸτω
3409 4565 3487 4637 τῷ
3524 4568 3772 4639 μηδόλως

2185 4653 2364 4725 ἔχοντι
2385 4671 2398 4684 ο
2441 4655 2474 4726 ἢ
2508 4655 2586 4726 τῷ
2618 4657 2794 4726 ἔχοντι
2820 4660 2939 4728 μὲν,
2968 4658 3242 4730 ἄχρηστον
3267 4659 3346 4715 δέ.

2255 4750 2364 4804 Kal
2399 4752 2431 4804 ὀ
2454 4780 2524 4788 -
2548 4753 2809 4806 ποιείτω.
2846 4751 2946 4805 Διά
2977 4754 3074 4823 τῆς
3116 4755 3454 4822 μεταδόσεως
3497 4755 3592 4810 τοῦ
3620 4757 3773 4810 ἐνδύο

2185 4858 2355 4911 ματος
2385 4843 2480 4895 καὶ
2511 4843 2609 4912 τῆς
2639 4847 2853 4914 τροφῆς
2900 4848 3207 4917 εἰσηγεῖται
3243 4847 3452 4911 τούτοις
3490 4848 3588 4921 τὴν
3619 4849 3762 4903 ἀντί·

2182 4936 2347 5006 ληψιν
2402 4938 2512 4989 τῶν
2571 4943 2841 5010 πενήτων,
2877 4943 2970 4993 καὶ
3003 4943 3064 4993 τὸ
3100 4943 3420 4995 κοινωνικὸν
3449 4944 3543 4995 καὶ
3576 4943 3768 5011 φιλάλ-

2180 5030 2366 5101 ληλον.
2402 5029 2578 5083 Οὐδὲν
2614 5027 2707 5084 οὖν
2742 5032 3044 5105 βαρύτερον
3101 5035 3162 5086 τό
3217 5052 3280 5102 γε
3324 5036 3421 5087 νῦν
3472 5039 3595 5106 ἔχον
3649 5038 3771 5088 ἑπι-

2179 5125 2366 5177 τάττει
2399 5124 2606 5188 αὐτοῖς,
2636 5125 2792 5187 εἰδὼς
2824 5127 2907 5178 ὅτι
2958 5133 2985 5180 ὁ
3012 5129 3247 5196 Χριστὸς
3274 5131 3374 5182 οὐκ
3420 5131 3496 5192 εἰς
3546 5133 3764 5201 μακρὰν

2177 5216 2538 5287 νομοθετήσει
2564 5218 2658 5282 τὰς
2690 5219 3061 5288 εὐαγγελικάς
3094 5222 3336 5285 ἐντολάς.

2247 5307 2480 5366 Ἦλθον
2514 5344 2582 5356 --
2615 5315 2946 5380 πράσσετε.
3003 5318 3292 5387 Διαταγμα
3326 5317 3434 5387 γὰρ
3487 5318 3631 5389 εἶχον
3673 5321 3763 5374 ἐπὶ

2175 5406 2296 5468 ταῖς
2358 5406 2692 5476 ἀπαιτήσεσι
2754 5410 2884 5480 περὶ
2956 5413 3256 5480 ποσότητος
3327 5415 3421 5466 καὶ
3474 5416 3761 5486 ποιότητος

2174 5501 2283 5554 τῶν
2357 5503 2595 5555 ἁπαιτου
2607 5504 2810 5573 μένων.

2261 5597 2614 5667 Ἐπηρώτων
2663 5631 2734 5642 --
2776 5598 3314 5669 συκοφαντήσητε.
3362 5603 3605 5656 Διέσειον
3653 5606 3761 5677 γὰρ

2170 5693 2273 5747 καὶ
2305 5693 2713 5761 ἐσυκοφάντουν
2738 5694 2984 5758 πολλοὺς,
3017 5695 3091 5758 ὡς
3119 5699 3433 5760 ἀποστάτας
3470 5698 3501 5769 ἢ
3536 5699 3756 5753 ἐπιϐού-

2174 5786 2300 5848 λους
2335 5785 2428 5838 τοῦ
2463 5787 2765 5854 Καίσαρος,
2802 5788 2870 5841 δι’
2901 5789 3370 5860 αἰσχροκέρδειαν.
