4032 6456
207 447 317 511 935

1148 443 1535 506 COMMENT.
1575 441 1659 503 ΙΝ
1712 443 1993 504 LUCAM.
2029 470 2097 479 —
2138 444 2295 508 CAP.
2341 445 2461 505 ΠΙ..

3381 451 3487 513 906

279 561 389 615 Kal
414 589 480 601 -—
515 559 704 627 ὑμῶν.
736 559 858 621 Τοῖς
892 557 1249 630 σιτηρεσίοις.
1300 557 1670 628 Καταλλήλως
1697 554 1791 611 οὖν

1971 557 2129 612 Vers.
2162 559 2248 614 H.
2281 557 2349 612 Ει
2371 590 2441 599 -
2471 562 2671 614 vestris.
2697 590 2764 599 —
2793 557 3040 614 Tesseris
3076 558 3478 622 frumentariis.

207 654 342 705 πᾶσι
377 653 674 723 παρῄνεσε,
713 651 812 722 τὴν
837 651 1175 721 τελεωτέραν
1209 650 1564 705 διδασκαλίαν
1591 650 1792 703 ἀπολε-

204 744 410 807 λοιπὼς
437 744 514 814 τῷ
543 745 782 815 Χριστῷ.

279 833 747 903 Προσδοκῶντος
775 865 842 877 —-
872 835 1050 890 λαοῦ.
1092 835 1635 906 ’Υπολαμσὰνοντος·
1672 834 1791 891 εἶτα

207 926 582 997 ἑφερμηνεύει
609 927 702 980 τὸν
730 927 913 994 λόγον.

278 1018 390 1072 Kal
420 1014 918 1087 διαλογιζομένων
960 1047 1030 1062 --
1058 1017 1271 1072 ἅπασι.
1321 1016 1794 1088 Διαλογιζομένων

208 1113 456 1178 πάντων,
491 1113 704 1183 μήποτε
745 1111 910 1173 αὐτὸς
944 1110 1027 1180 εἵη
1056 1113 1084 1163 ὁ
1117 1110 1371 1181 Χριστὸς,
1402 1110 1461 1163 δν
1495 1111 1545 1162 οἱ
1577 1109 1795 1180 προφῆει

206 1221 300 1258 ται
334 1204 825 1273 καταειπγέλλουσιν⁸
879 1203 1175 1272 ἐξέπληττε
1212 1203 1318 1272 γὰρ
1351 1203 1550 1264 αὐτοὺς
1577 1204 1606 1255 ὁ
1637 1201 1794 1269 λόγος

209 1301 325 1368 (88)
358 1301 510 1368 καὶὴ
549 1296 795 1350 πολιτεία
819 1297 1010 1350 αὐτοῦ·
1047 1297 1208 1364 γνοὺς
1243 1297 1299 1350 δὲ
1328 1299 1357 1350 ὁ
1406 1297 1662 1367 Ἰωάννης
1697 1296 1795 1365 τὴν

201 1394 471 1464 τοιαύτην
518 1393 699 1445 αὐτῶν
734 1374 1006 1459 ὑπόληψιν
1038 1389 1114 1459 τῷ
1165 1387 1457 1458 διορατικῷ
1493 1387 1793 1456 πνεύματι,

207 1485 546 1556 ἀπεκρίνατο
573 1482 960 1552 διορθούμενος
988 1483 1182 1550 αὐτήν.

282 1578 489 1644 Λέτων
520 1603 588 1618 --
643 1575 853 1629 αὑτοῦ.
891 1575 1123 1645 Εἴρηται
1165 1574 1259 1627 καὶ
1322 1573 1454 1642 περὶ
1493 1571 1698 1625 τούτων
1737 1573 1794 1624 ὲν

205 1669 288 1734 τῷ
319 1669 492 1739 τρίτῳ
545 1667 830 1737 κεφαλαίῳ
880 1667 975 1718 τοῦ
1035 1666 1180 1719 κατὰ
1215 1666 1519 1730 Ἀῐατθαῖον,
1573 1665 1670 1718 καὶ
1703 1664 1798 1732 ζή-

208 1777 378 1830 τησον
408 1763 547 1813 ἐκεῖ.
592 1760 896 1828 ἲΔνάγνωΘι
930 1760 985 1812 δὲ
1026 1760 1120 1812 καὶ
1179 1759 1237 1811 ὲν
1268 1757 1344 1827 τῷ
1389 1759 1664 1828 προοιμίῳ
1702 1757 1796 1810 τοῦ

207 1855 350 1907 κατὰ
398 1855 621 1924 Μάρκον
653 1854 749 1922 τὴν
779 1853 1043 1923 ἐξήγησιν
1072 1851 1166 1904 τοῦ
1187 1864 1203 1881 ⁶
1236 1851 1516 1919 Ἔρχεται
1563 1853 1594 1904 ὀ
1623 1852 1796 1918 ισχυ-

199 1947 458 2014 ρίτερός
486 1963 608 2013 μου
632 1945 835 1998 eat/acu
863 1962 1005 2011 μου.

281 2036 320 2106 -ξ-
337 2037 377 2107 -ίι
422 2039 488 2089 Ὃ
531 2037 781 2107 Ἰωάννης
807 2035 918 2105 (89)
944 2034 1108 2104 φησίν
1125 2052 1137 2063 °
1166 2036 1285 2088 Οὐκ
1316 2035 1431 2103 εἰμι
1457 2033 1664 2100 ἱκανὸς
1690 2035 1798 2088 λῦ-

200 2141 314 2179 σαι
352 2129 458 2179 τὸν
513 2125 728 2194 lycii-ta
776 2124 894 2178 τῶν
946 2123 1348 2192 ὑποδημάτων
1399 2125 1610 2184 αὐτοῦ,
1656 2125 1797 2176 κατᾶ

214 2221 317 2288 μὲν
369 2221 467 2287 τὴν
509 2216 764 2286 προφανῆ
795 2215 1006 2268 ἔννοιαν
1052 2215 1225 2296 δηλοῖ,
1279 2216 1361 2268 ὅτι
1392 2216 1514 2268 οὐδὲ
1560 2215 1794 2285 ἔσχατος

207 2311 394 2372 δοῦλος
427 2309 593 2363 αὐτοῦ
632 2310 751 2378 εἰμι
784 2307 931 2373 ἄξιος
955 2307 1274 2360 τάττεσθαι·
1307 2307 1452 2360 κατὰ
1487 2306 1543 2358 δὲ
1575 2307 1634 2358 τὸ
1663 2324 1813 2374 κρυ--

211 2402 507 2470 φιώτερον,
542 2402 636 2453 δύο
677 2401 1004 2471 ὑποδήματὰ
1050 2401 1155 2451 εισι
1180 2396 1274 2450 τοῦ
1312 2400 1540 2468 Κυρίου,
1566 2399 1599 2466 ἧ
1633 2415 1692 2450 τε
1738 2398 1797 2463 ἐξ

201 2493 444 2563 ούρανοῦ
494 2495 586 2544 ἐπὶ
620 2493 721 2562 τὴν
760 2495 862 2561 γῆν
897 2490 1186 2560 ἐπιδημία,
1250 2491 1347 2542 καὶ
1381 2492 1414 2559 ἡ
1464 2492 1528 2541 ἐκ
1556 2490 1658 2559 γῆς
1703 2489 1797 2540 ἐπὶ

203 2587 303 2638 τον
344 2585 497 2657 ᾇδηψ
531 2585 739 2637 τούτων
769 2580 860 2637 οὖν
890 2583 998 2635 τῶν
1040 2582 1135 2634 δύο
1163 2581 1469 2652 ὲπιδημιῶν
1494 2584 1622 2642 τοὺς
1672 2581 1793 2648 τρό-

211 2695 348 2740 πούς
379 2679 439 2729 ού
466 2677 689 2730 δύναταί
724 2693 806 2737 τις
833 2673 1015 2738 λῦσαι,
1049 2673 1170 2726 οὐδὲ
1234 2674 1283 2725 εἰ
1323 2673 1466 2725 κατὰ
1535 2672 1795 2741 Ἰωάννην

210 2774 351 2823 ἐστι.
383 2770 480 2831 Τίς
513 2771 622 2837 γὰρ
675 2767 898 2820 δύναται
944 2768 1136 2828 εἰπεῖν,
1173 2764 1205 2834 ἢ
1240 2763 1357 2827 πῶς
1405 2764 1716 2835 ὲσαρκώθη,
1761 2763 1794 2833 ἢ

214 2863 331 2926 πῶς
364 2862 633 2931 κατῆλθεν
663 2863 743 2922 εἰς
775 2860 943 2930 ᾇδηνς

282 3039 477 3110 Αὐτὸς
514 3075 585 3085 —-
607 3045 774 3111 πυρί.
849 3045 940 3096 Ἐν
975 3042 1052 3114 τῷ
1083 3040 1378 3112 δηλωθέντι
1408 3041 1580 3112 τρίτῳ
1623 3059 1785 3110 κεῖραι

209 3138 350 3208 λαίῳ
400 3135 495 3190 τοῦ
551 3135 695 3189 κατὰ
733 3133 1014 3188 Ματοαῖον
1066 3133 1322 3203 εὑρήσεις
1358 3133 1456 3185 καὶ
1509 3134 1636 3202 περὶ
1669 3131 1794 3184 τού-

204 3246 325 3284 του.

285 3324 571 3396 [Βαπτίζει
609 3323 722 3392 (90)
782 3321 1018 3392 Χριστὸς
1051 3323 1107 3375 ὲν
1165 3321 1446 3391 Ιῖνεύματι
1494 3337 1596 3391 μεν
1627 3320 1786 3391 ἁγίῳ,

207 3423 337 3480 τοὺς
371 3417 617 3479 πιστούς·
678 3417 736 3466 ὲν
787 3415 924 3484 πυρὶ
954 3414 1032 3477 δὲ,
1064 3413 1192 3476 τοὺς
1247 3413 1537 3476 ἀπίστους.
1596 3412 1707 3465 Καὶ
1733 3415 1792 3463 τὸ

215 3515 336 3581 μὲν,
368 3513 423 3562 ὲν
457 3511 535 3578 τῷ
561 3509 791 3578 παρόντι
815 3507 913 3578 βίῳ
934 3524 947 3537 ’
974 3505 1036 3558 τὸ
1064 3506 1140 3567 δὲ,
1162 3507 1219 3557 ὲν
1243 3503 1320 3575 τῷ
1353 3503 1650 3576 μέλλοντι]

278 3602 361 3660 Οὖ
389 3634 458 3643 -
482 3602 778 3667 ἀσϐέστῳ.
808 3600 991 3652 Ταῦτα
1019 3599 1111 3652 καὶ
1135 3599 1460 3660 ὀΜατΟαῖος
1492 3597 1790 3667 ἀνέγραψε,

214 3699 311 3752 καὶ
345 3695 834 3769 διηρμηνεύοησαν
865 3693 1068 3763 ὁμοίως
1100 3695 1157 3745 ὲν
1202 3692 1278 3761 τῷ
1310 3691 1479 3762 τρίτῳ
1508 3693 1794 3760 κεφαλαίῳ

207 3791 400 3846 αὑτοῦ.

283 3879 494 3934 Πολλὰ
522 3909 591 3918 -
619 3877 766 3943 λαῷ.
807 3876 983 3930 Πολλὰ
1016 3877 1111 3929 καὶ
1136 3875 1300 3946 ἕτερα
1336 3875 1466 3945 περὶ
1507 3873 1601 3926 τοῦ
1654 3875 1791 3942 Χριρ

213 3974 342 4027 στοῦ
379 3972 772 4041 εὐηγγελίζετο
806 3970 882 4040 τῷ
935 3968 1074 4038 λαῷ,
1127 3969 1464 4038 παρακαλῶν
1522 3969 1795 4037 προπορε-

210 4068 334 4136 μεῖν
377 4067 472 4116 καὶ
507 4061 798 4114 πιστεῦσαι
847 4060 1019 4129 αὐτῷ,
1067 4059 1347 4129 ἐρχομένῳ
1377 4059 1499 4128 ήδη’
1535 4058 1592 4126 ἥ,
1624 4057 1794 4111 πολλὰ

212 4157 344 4226 περὶ
378 4155 652 4226 σωτηρίας
687 4155 890 4215 αὐτῶν,
941 4152 1280 4222 παρακαλῶν
1325 4149 1656 4219 μετανοῆσαι
1697 4150 1792 4202 αὑ-

206 4249 360 4310 τούς.

294 4341 356 4392 '0
385 4337 452 4391 δὲ
499 4337 852 4405 Ἠρώδης-
888 4334 1160 4404 φυλακῇ.
1203 4335 1359 4388 Μετὰ
1388 4333 1448 4385 τὸ
1496 4331 1796 4403 βαπτισθῆ-

211 4451 302 4486 ναι
358 4433 448 4484 τὸν
504 4432 768 4501 Χριστὸν,
820 4430 1089 4498 δηλονότι.
1145 4427 1375 4496 ιίῖρῆται
1415 4426 1472 4477 δὲ
1503 4427 1635 4494 περὶ
1695 4425 1794 4490 τῆς

211 4525 454 4595 φρουρᾶς
480 4523 571 4576 τοῦ
616 4525 862 4576 Ἰωάννου
894 4524 951 4572 ὲν
988 4521 1066 4590 τῷ
1091 4520 1322 4587 εἰκοστῷ
1355 4521 1591 4588 πέμπτῳ
1621 4535 1795 4586 κεφα-

209 4619 348 4688 λαίῳ
377 4619 470 4670 τοῦ
504 4619 646 4671 κατὰ
671 4616 971 4670 Ματοαῖον.

315 4709 566 4777 Εγέτοετο
589 4739 657 4749 -
687 4708 1023 4774 ηὑδόκησα.
1057 4705 1387 4784 Bantia-022:
1424 4705 1787 4774 προσηύχετο,

208 4804 499 4866 διδάσκων,
533 4802 614 4853 ὃτι
639 4801 745 4870 χρη
776 4803 902 4862 τοὺς
938 4797 1339 4869 βαπτισθέντας
1367 4797 1787 4868 προσεύχεσθαι·

210 4895 272 4947 τὸ
308 4893 532 4962 Πνεῦμα
577 4893 634 4943 δὲ
673 4891 733 4943 τὸ
779 4891 935 4957 ἆγιον
989 4888 1290 4960 σωματικῷ
1325 4888 1457 4942 εῖδει
1497 4887 1787 4956 κατῆλθεν,

214 4989 303 5040 ἵνα
342 4985 512 5056 omen
567 4987 678 5046 τοῖς
713 4988 1044 5050 σωματικοῖς
1090 4984 1389 5053 ὀφθαλμοῖς
1436 4983 1547 5034 τῶν
1576 4982 1787 5051 ἀνθρώ-

213 5094 353 5140 πων,
392 5078 486 5128 καὶ
521 5077 598 5137 εἰς
631 5074 797 5144 τιμὴν
828 5073 922 5126 τοῦ
955 5073 1208 5142 σώματος
1241 5073 1337 5124 τοῦ
1367 5071 1628 5141 Χριστοῦ.
1661 5071 1798 5141 Περὶ

213 5169 270 5220 δὲ
319 5166 413 5218 τοῦ
475 5168 857 5236 βαπτίσματος
906 5166 1074 5219 αὑτοῦ
1123 5167 1462 5235 πλατύτερον
1494 5165 1736 5234 ἔγραψεν
1771 5167 1799 5218 ὁ

212 5242 490 5321 Πατῦαῖος
517 5261 573 5312 ὲν
607 5259 683 5328 τῷ
710 5261 877 5330 τρίτῳ
914 5258 1214 5329 κεφαλαίῳ,
1241 5263 1336 5311 καὶ
1374 5257 1802 5329 ἡρμηνεύοησαν

214 5356 272 5406 ὲν
301 5353 494 5421 ἐκείνῳ
523 5353 702 5404 πάντα
735 5355 876 5405 κατὰ
905 5353 1076 5422 ῥῆμα.

287 5491 334 5522 ³⁸
366 5486 558 5543 Matth.
593 5492 636 5556 l,
662 5492 717 5544 7.

1895 649 2100 706 Omnes
2139 666 2269 722 ergo
2321 652 2654 706 admonebat
2702 651 3074 706 diversimode
3105 662 3167 706 ut
3223 657 3487 725 expedie-

1894 743 2004 806 hat,
2023 744 2283 813 perfectio
2297 759 2416 798 rem
2444 745 2748 799 doctrinam
2783 743 3000 799 Christo
3031 744 3369 815 relinquens.

1975 833 2137 887 Ἶρι-δ.
2202 835 2288 888 15.
2340 834 2691 904 Exspectante
2741 863 2785 873 -—
2860 833 3070 904 populo.
3125 834 3492 906 Suspicante,

1896 927 2094 981 deinde
2123 927 2512 996 interpretatur
2540 928 2788 981 verbum.

1969 1020 2120 1074 Vers.
2151 1020 2229 1074 l5.
2255 1019 2324 1074 Et
2341 1020 2928 1088 cogitantibus—Vera.
2951 1021 3041 1074 16.
3077 1022 3356 1079 Omnibus.
3379 1027 3486 1081 Co-

1895 1112 2195 1182 gitantibus
2222 1112 2505 1173 omnibus,
2532 1127 2661 1165 num
2701 1115 2818 1181 ipse
2848 1113 3285 1179 essetChristus,
3321 1135 3486 1188 quem

1897 1204 2179 1274 prophetae
2220 1205 2643 1258 annuntiabant.
2670 1203 3153 1276 Obstupeiaciebat
3197 1209 3346 1263 enim
3397 1226 3493 1267 cus

1899 1297 2251 1352 conversatio
2273 1312 2338 1352 ac
2367 1297 2760 1366 sermoipsius.
2791 1297 2987 1352 Sciens
3025 1307 3210 1353 autem
3239 1299 3486 1357 Joannes

1901 1389 2043 1442 hanc
2084 1404 2276 1456 eorum
2311 1390 2634 1460 opinionem
2670 1390 2925 1445 acumine
2982 1391 3066 1445 sui
3116 1391 3362 1462 spiritus,
3407 1411 3495 1449 rc-

1900 1483 2122 1550 spondit
2169 1484 2316 1538 illam
2362 1484 2664 1556 corrigens.

1973 1572 2130 1628 Vers.
2165 1573 2252 1627 16.
2316 1574 2507 1628 Dicent
2548 1603 2616 1615 --
2662 1575 2796 1643 ejus.
2844 1575 3057 1630 Dictum
3095 1585 3178 1631 est
3219 1579 3371 1634 etde
3403 1580 3491 1637 bis

1900 1665 2079 1734 capite
2121 1665 2281 1720 tertio
2302 1664 2580 1738 Evangelii
2603 1668 2754 1736 juxta
2787 1667 3123 1722 Matthzeum.
3185 1669 3330 1740 Lege
3356 1689 3494 1742 qun-

1901 1772 2006 1824 que
2039 1758 2090 1810 in
2131 1757 2400 1826 prooemio
2443 1759 2746 1814 secundum
2803 1757 3044 1814 Marcum
3073 1763 3485 1817 enarrationem

1903 1847 2051 1902 illius
2073 1847 2259 1902 verbi:
2303 1848 2455 1902 Venit
2476 1849 2520 1902 is
2539 1850 2626 1918 qui
2652 1865 2734 1902 me
2762 1850 2951 1919 fortior
2981 1859 3056 1904 est
3086 1861 3200 1917 post
3225 1853 3383 1904 me".

1993 2032 2188 2102 fQuod
2229 2031 2469 2087 Joannes
2518 2031 2751 2086 ait:Non
2783 2049 2902 2085 sum
2954 2033 3161 2102 dignus,
3199 2045 3252 2086 ut
3287 2038 3488 2089 solvam

1901 2125 2188 2192 corrigiam
2243 2123 2687 2177 calcementorum
2740 2124 2855 2184 eius
2909 2139 2927 2176 :
2961 2133 3227 2192 quantum
3260 2127 3325 2180 ad
3370 2143 3486 2181 ma-

1902 2215 2238 2269 nifestiorem
2283 2214 2721 2283 intelligentiam,
2777 2215 3048 2285 signiﬁcat
3106 2231 3166 2270 se
3211 2233 3320 2272 non
3364 2234 3490 2273 esse.

1901 2306 2147 2375 dignum,
2209 2305 2303 2373 qui
2337 2305 2423 2358 vel
2492 2305 2771 2360 numerari
2811 2306 3008 2376 dignus
3063 2306 3135 2360 sit
3173 2316 3489 2375 postremus

1899 2397 2019 2465 ejus
2065 2410 2280 2449 servus.
2326 2394 2601 2462 Quantum
2655 2406 2838 2450 autem
2871 2397 2939 2451 ad
2981 2399 3333 2453 reconditum
3366 2415 3491 2454 sen-

1900 2488 2167 2547 sum,duo
2195 2488 2570 2543 cal-ceamenta
2628 2489 2846 2543 Domini
2872 2499 2999 2545 sunt
3031 2491 3152 2545 dum
3183 2492 3304 2562 ejus
3333 2509 3492 2562 perc-

1898 2576 2254 2649 grinationes,
2281 2579 2458 2648 puta'a
2483 2581 2622 2634 ccelo
2652 2581 2708 2633 in
2735 2590 2934 2634 terram
2973 2590 3028 2634 et
3069 2596 3100 2635 a
3125 2593 3268 2636 terra
3301 2583 3366 2637 ad
3400 2584 3454 2637 in
3477 2611 3490 2623 -

1899 2672 2135 2725 l'ernum.
2162 2670 2371 2725 llarum
2403 2673 2549 2726 enim
2588 2673 3096 2742 peregrinationum
3115 2675 3305 2729 modos
3326 2690 3491 2729 nemo

1897 2773 2078 2832 potest
2115 2764 2349 2830 solvere,
2386 2765 2490 2818 nisi
2522 2765 2718 2820 Joanni
2743 2767 2960 2836 quidem
2998 2769 3069 2823 sit
3101 2769 3321 2822 similis.
3358 2767 3492 2835 Quis

1895 2860 2044 2915 enim
2104 2860 2306 2929 poterit
2338 2860 2552 2925 dicere,
2586 2870 2688 2913 aut
2737 2865 3014 2928 quomodo
3061 2862 3124 2915 sit
3155 2861 3487 2917 incarnatus:

1897 2964 1993 3007 aut
2015 2955 2295 3023 quomodo
2329 2955 2397 3007 ad
2423 2953 2702 3006 infernum
2738 2953 3128 3007 descenderit?

1970 3048 2122 3101 Vers.
2173 3046 2262 3099 16.
2302 3045 2419 3116 Ipse
2463 3075 2531 3085 —
2581 3047 2711 3115 igni.
2776 3044 3046 3100 Praidicto
3097 3045 3259 3100 tertio
3313 3045 3491 3117 capite

1896 3137 2172 3209 Evangeiii
2214 3139 2514 3193 secundum
2558 3138 2874 3192 Matthmum
2930 3137 3090 3192 etiam
3139 3137 3204 3192 de.
3240 3154 3306 3192 eo
3336 3137 3487 3193 inve-

1824 3243 1864 3296 ς
1901 3227 2041 3281 uics.

1964 3319 2004 3387 οι·
2030 3318 2274 3388 Baptizat
2308 3318 2563 3373 Christus
2603 3318 2660 3371 in
2713 3317 2920 3387 Spiritu
2976 3329 3166 3374 sancto
3193 3319 3400 3385 ﬁdeles,
3433 3322 3488 3373 in

1898 3410 2019 3479 igne
2060 3426 2194 3464 vero
2235 3411 2481 3465 infideles
2515 3427 2529 3462 :
2581 3419 2638 3464 et
2683 3410 2816 3464 illud
2866 3410 3088 3479 quidem
3128 3412 3183 3464 in
3232 3412 3490 3480 praesenti

1895 3503 2026 3564 \ita,
2061 3501 2163 3556 huc
2189 3509 2372 3556 autem
2425 3502 2477 3555 in
2506 3501 2709 3556 futura.

1971 3593 2127 3650 Vers.
2180 3596 2266 3650 l7.
2332 3594 2494 3665 Cujus
2528 3625 2598 3636 -—
2650 3595 3086 3666 inexstiuguibili.
3155 3594 3282 3650 Haec
3325 3596 3489 3653 etiam

1897 3693 2117 3762 scripsit
2152 3693 2458 3754 Mattlixus,
2491 3701 2546 3746 ct
2573 3693 2822 3746 similiter
2840 3693 3126 3747 cnueleata
3158 3703 3287 3748 sunt
3329 3693 3491 3748 tertio

1899 3784 2079 3851 capite
2124 3782 2404 3852 Evangelii
2439 3785 2634 3853 ipsius.

1967 3875 2122 3929 Vcrs.
2156 3875 2241 3930 l8.
2261 3876 2714 3944 Multo—populo.
2749 3875 2912 3930 Multa
2931 3885 3192 3946 prmtcrea
3219 3885 3269 3932 et
3299 3877 3402 3932 alia
3423 3879 3491 3932 dc

1893 3967 2117 4022 Christo
2157 3969 2519 4024 annuntiabat
2559 3970 2760 4038 populo
2814 3970 3130 4036 adhortans,
3188 3981 3242 4024 ut
3268 3972 3332 4025 ad
3363 3989 3486 4024 cum

1897 4072 2270 4124 aeeurrerent,
2304 4063 2438 4116 etin
2471 4077 2594 4116 eum
2625 4063 2914 4116 crederent
2945 4062 3034 4131 qui
3061 4063 3175 4133 jam
3208 4065 3486 4117 veniebat.

1899 4151 2017 4216 Vel,
2052 4154 2219 4207 multa
2250 4155 2314 4208 de
2343 4155 2517 4208 salute
2542 4155 2756 4208 illorum
2781 4153 3080 4208 adhortans
3101 4163 3283 4216 eos,ut
3313 4156 3488 4224 pecni-

1898 4254 2039 4299 tcret
2068 4247 2217 4315 ipsos
2248 4262 2312 4300 ac
2345 4247 2749 4315 resipiscerent.

1971 4336 2130 4389 Vers.
2164 4339 2250 4389 19.
2285 4336 2518 4388 Herodes
2569 4347 2746 4389 autent
2769 4367 2838 4377 ——
2861 4337 3020 4392 Vers.
3053 4339 3141 4394 9.0.
3210 4341 3488 4396 Custodia.

1901 4427 2795 4498 Postquamvidclicctbaptizatus
2845 4430 3021 4485 fuerat
3068 4433 3343 4489 Christus.
3402 4436 3493 4490 Di-

1901 4533 2049 4576 ctum
2087 4531 2165 4575 est
2201 4531 2383 4576 autem
2411 4522 2479 4576 de
2507 4522 2734 4577 Joannis
2766 4524 3201 4580 inearccratiouc
3228 4526 3492 4583 vicesimo

1902 4616 2096 4684 quinto
2119 4616 2296 4684 capite
2327 4614 2606 4684 Evangelii
2633 4617 2938 4671 secundum
2971 4618 3309 4674 Mattliaeum.

1972 4705 2128 4760 Vers.
2165 4705 2255 4760 21.
2299 4704 2522 4759 Factum
2569 4717 2644 4760 est
2697 4737 2744 4746 —
2785 4707 2936 4764 Vers.
2969 4709 3060 4764 22.
3100 4709 3490 4778 Complacitum

1899 4808 1998 4851 est.
2067 4796 2389 4867 Baptizatus
2439 4801 2650 4860 orabat,
2678 4799 2882 4853 docens
2931 4815 3045 4863 eos,
3085 4802 3178 4870 qui
3234 4802 3490 4871 baptizin

1897 4895 2026 4939 sunt
2050 4901 2229 4940 orare.
2262 4885 2503 4954 Spiritus
2531 4894 2753 4939 sanctus
2784 4896 2967 4939 autem
2994 4890 3263 4957 corporali
3291 4892 3476 4959 specie

1896 4977 2202 5042 descendit,
2241 4985 2301 5030 ut
2328 4976 2503 5031 oculis
2533 4978 2915 5046 corporalibus
2954 4979 3237 5033 hominum
3308 4982 3482 5036 videri

1901 5081 2089 5140 posset
2124 5086 2137 5122 :
2177 5079 2233 5124 et
2265 5071 2429 5124 ctiam
2461 5071 2514 5123 in
2543 5070 2810 5123 honorem
2845 5071 3095 5140 corporis
3121 5073 3344 5128 Christi.
3381 5076 3486 5128 Sed

1899 5164 1965 5216 de
1988 5162 2108 5230 ejus
2136 5162 2465 5231 baptismate
2494 5161 2710 5230 planius
2741 5161 2961 5231 scripsit
2994 5162 3280 5219 Matthmus
3325 5169 3487 5220 tertio

1902 5256 2098 5327 capite,
2119 5265 2173 5309 et
2201 5255 2270 5308 ibi
2291 5265 2417 5308 sunt
2447 5255 2626 5307 omnia
2643 5255 2710 5308 ad
2739 5257 2961 5310 verbum
2996 5259 3305 5327 explanata.

1443 5557 1640 5617 Variae
1673 5555 1980 5619 lectiones
2021 5564 2080 5619 et
2128 5567 2317 5619 noue.

287 5731 399 5797 (88)
437 5728 502 5781 Ἦ
539 5729 786 5780 πολιτεία
815 5729 909 5780 καὶ
946 5731 972 5780 ὁ
997 5729 1174 5794 λόγος.
1206 5727 1269 5782 Β.

287 5803 400 5870 (δελ)
436 5799 549 5852 lloe.
582 5801 633 5852 in
668 5801 1172 5870 margineﬁcodicis
1221 5799 1426 5867 reperit
1470 5797 1792 5870 llenteiiius.

219 5869 460 5928 Meoriim
488 5881 679 5922 neuter
713 5871 894 5923 habet.
927 5869 1040 5923 Hoc
1067 5869 1387 5923 translatum
1421 5879 1588 5923 estex
1619 5869 1797 5923 Theo-

537 5963 806 6022 Pnnon
846 5964 957 6022 Gn.
1000 5963 1257 6021 CXXIX.

1907 5730 2142 5800 phylaet.
2171 5749 2224 5800 Ρ.
2265 5733 2370 5784 5τῖἵὶ
2403 5733 2460 5783 Ιεῖ.

1980 5805 2090 5869 (90)
2131 5805 2251 5855 Ηειιο
2288 5820 2336 5854 :n
2376 5804 2618 5873 margine
2655 5805 2714 5855 Α.

3131 5969 3202 6031 29
