4032 6470
185 454 312 518 909

1187 449 1585 511 COMMENT.
1624 449 1704 508 IN
1748 449 2028 509 LUCAM.
2070 475 2130 487 -
2176 451 2339 512 CAP.
2378 453 2480 513 IV.

3379 453 3484 518 910

191 567 438 627 ἐκεῖνος.
469 562 582 634 Τὴν
603 563 714 635 γάρ
749 563 968 635 μητέρα
996 563 1090 617 τοῦ
1130 563 1282 615 Ἠλεὶ
1313 564 1409 615 καὶ
1440 563 1534 615 τοῦ
1568 561 1785 625 Ἰακὼϐ¹

1902 570 2039 615 trem
2079 564 2348 632 siquidem
2397 566 2566 635 ipsius
2592 565 2670 618 Eli
2703 575 2758 620 et
2786 565 2953 621 Jacob
2981 567 3214 636 primum
3249 566 3401 622 duxit
3429 572 3482 625 in

190 659 401 728 πρῶτα
444 657 541 727 μὲν
568 657 779 724 ἔγημεν
815 661 842 710 6
880 657 1032 728 παρὰ
1081 657 1158 726 τῷ
1203 658 1390 726 Λουκᾷ
1429 653 1660 709 Ματθὰν
1701 647 1794 707 οὗ.

188 767 316 812 τος,
341 749 437 801 καὶ
464 748 724 818 ἐγέννησε
755 749 848 800 τὸν
876 749 1028 800 Ἠλεί
1057 765 1070 778 °
1102 745 1222 802 εϊτα
1243 749 1618 809 ἀποθανόντος
1645 746 1794 799 ὲκεί-

191 856 316 901 νου,
340 841 516 909 χήραν
537 835 703 892 οὖσαν
722 841 964 909 ἠγάγετο
979 841 1185 911 ταύτην
1205 843 1232 893 6
1253 841 1404 910 παρὰ
1426 839 1504 908 τῷ
1521 839 1793 908 Ματθαίῳ

191 934 435 989 Ματθάω
465 932 700 999 ἐκεῖνος,
730 934 828 999 τῆς
876 935 1052 1002 αὐτῆς
1093 935 1193 1004 μὲν
1232 933 1409 1002 φυλῆς
1450 931 1548 995 ὢν,
1600 932 1794 1002 ἑτέρας

189 1023 255 1076 δὲ
311 1025 660 1092 συγγενείας,
709 1025 806 1078 καὶ
853 1025 1117 1094 ἐγέννησε
1166 1025 1258 1078 τὸν
1295 1024 1494 1077 Ἰακώϐ
1542 1039 1558 1056 ·
1603 1023 1792 1075 λοιπὴν

189 1112 318 1181 οὖν,
365 1117 518 1168 Ἠλεὶ
579 1119 674 1170 καὶ
701 1115 909 1169 Ἰακὼϐ
969 1118 1298 1187 ὁμομήτριοι
1349 1117 1470 1186 μὲν,
1523 1117 1792 1185 ὲτεροπά-

191 1223 346 1274 τριοι
408 1206 484 1259 δέ.
541 1208 833 1273 Ἀνάγουσι
889 1207 1039 1259 δὲτὸ
1077 1210 1258 1275 γένος,
1317 1209 1344 1258 6
1374 1207 1472 1276 μὲν
1505 1205 1598 1258 τοῦ
1644 1205 1794 1257 Ἠλεὶ

193 1298 411 1368 πατὴρ,
461 1299 552 1349 ἐπὶ
607 1299 805 1368 Ῥησά,
850 1291 940 1352 τὸν
986 1301 1100 1352 υίδν
1132 1299 1223 1352 τοῦ
1267 1298 1576 1370 Ζοροϐάϐελ
1621 1312 1636 1326 ⁸
1677 1299 1704 1350 6
1735 1297 1793 1349 δὲ

191 1391 298 1446 τοῦ
328 1390 524 1444 Ἰακὼϐ
586 1393 795 1462 πατὴρ,
830 1394 924 1444 ἐπὶ
955 1392 1170 1446 ’Δϐιοὺδ
1199 1393 1290 1444 τὸν
1327 1391 1440 1443 υἱὸν
1462 1390 1669 1460 ὁμοίως
1697 1389 1790 1441 τοῦ

188 1482 539 1552 Ζοροϐάϐελ,
583 1484 679 1536 καὶ
727 1486 1029 1554 ἀμφότεροι
1071 1483 1129 1535 δὲ
1190 1483 1282 1536 ἐπὶ
1319 1483 1412 1535 τὸν
1457 1481 1786 1552 Ζοροϐάϐελ,

193 1573 298 1642 ἀφ’
325 1567 385 1626 οὗ
414 1575 481 1625 τὰ
509 1573 602 1626 δύο
636 1575 776 1644 γένη
814 1574 992 1628 ταῦτα
1021 1575 1380 1645 ἐσχίσθησαν.
1417 1574 1529 1626 Καὶ
1567 1573 1702 1626 ἄλλα
1734 1572 1790 1624 δὲ

189 1664 429 1718 τοιαῦτά
463 1665 601 1719 είσιν
643 1666 702 1718 ἐν
754 1669 874 1728 ταῖς
922 1667 1032 1719 τῶν
1071 1665 1482 1734 εὑαγγελιστῶν
1533 1665 1792 1732 γενεαλορ

192 1758 375 1826 γίαις.

277 1850 396 1904 Τοῦ
426 1852 571 1906 Λευῒ
597 1851 796 1906 -τοῦ
821 1854 992 1920 Νηρί.
1025 1853 1130 1908 Τὸν
1161 1852 1427 1924 Σαλαθιήλ
1460 1855 1487 1906 6
1517 1855 1617 1923 μὲν
1639 1855 1790 1908 Ματ-

193 1944 352 2006 Θαῖος
403 1947 520 1998 υἱὸν
577 1946 670 1998 τοῦ
732 1945 984 2016 Ἰεχονίου
1018 1948 1094 2020 (2)
1149 1947 1458 2016 ὠνόμασεν,
1507 1947 1583 2009 ὡς
1640 1947 1785 2000 κατὰ

196 2038 366 2104 φύσιν
395 2039 510 2092 υἱὸν
547 2039 714 2092 αὑτοῦ
740 2054 754 2071 ’
787 2041 813 2092 6
851 2039 906 2092 δὲ
939 2040 1155 2101 Λουκᾶς
1182 2037 1279 2091 νῦν
1329 2037 1445 2090 υἱὸν
1476 2037 1570 2091 τοῦ
1616 2037 1784 2108 Νηρὶ,

186 2127 276 2188 ὡς
304 2131 446 2181 κατὰ
477 2131 662 2198 νόμον.
702 2129 1000 2197 Ἀνάγουσι
1039 2129 1098 2182 δὲ
1145 2130 1241 2182 καὶ
1288 2122 1438 2182 οὗτοι
1489 2128 1550 2182 τὸ
1603 2129 1782 2196 γένος.

191 2222 221 2271 6
260 2220 360 2289 μὲν
393 2221 560 2290 Νηρὶ,
599 2221 692 2272 ἐπὶ
721 2221 911 2274 Νάθαν
937 2223 1030 2274 τὸν
1059 2221 1178 2274 υἱὸν
1236 2222 1332 2275 τοῦ
1385 2221 1554 2274 Δαυϊδ
1590 2237 1603 2250 °
1652 2224 1680 2274 6
1729 2221 1786 2274 δὲ

193 2310 462 2379 Ἰεχονίας
523 2313 618 2364 ἐπὶ
667 2312 1017 2382 Σολομῶντα,
1099 2314 1194 2365 τὸν
1257 2314 1377 2366 υίδν
1435 2314 1637 2382 ὁμοίως
1691 2309 1786 2366 τοῦ

195 2404 389 2467 Δαυῒδ,
417 2405 511 2457 καὶ
541 2405 847 2473 ἀμφότεροι
884 2404 940 2458 δὲ
975 2403 1142 2458 πάλιν
1176 2405 1276 2462 ἐπὶ
1306 2405 1398 2458 τὸν
1424 2405 1610 2458 Δαυῖδ.

277 2495 390 2548 Τοῦ
424 2497 613 2564 Μελχί
638 2495 838 2550 -τοῦ
883 2495 1087 2566 Ἀδάμ.
1142 2496 1274 2550 Ἀπὸ
1315 2495 1411 2550 τοῦ
1447 2496 1570 2550 νέου
1613 2495 1788 2566 ’Δδαμ

196 2588 534 2656 ἀρξάμενος,
590 2587 794 2653 ἀνῆλθε
843 2587 1186 2656 γενεαλογῶν
1229 2590 1359 2658 ἄχρι
1396 2587 1490 2642 τοῦ
1548 2589 1786 2642 παλαιοῦ

206 2679 407 2749 Ἀδάμ.
446 2681 562 2750 Τὴν
593 2683 776 2735 αἰτίαν
828 2681 884 2733 δὲ
929 2681 1261 2753 μεμάθηκας
1309 2686 1366 2734 ὲν
1405 2680 1484 2750 τῷ
1516 2681 1788 2751 προοιμίῳ

198 2773 295 2840 τῆς
328 2774 480 2842 παρὰ
533 2771 610 2841 τῷ
662 2772 932 2844 Ματθαίῳ
977 2772 1375 2842 γενεαλογίας,
1430 2773 1559 2826 ἔνθα
1610 2775 1788 2826 κεῖται

196 2868 259 2914 τό
291 2879 303 2892 ο
323 2865 460 2917 Υιοῦ
492 2865 696 2930 Δαινϊδ,
725 2865 860 2919 υἱοῦ
903 2865 1168 2934 Αϐραὰμ.

277 2953 393 3007 Τοῦ
449 2957 620 3010 Θεοῦ.
677 2957 785 3010 Τοῦ
825 2957 1026 3028 Ἀδὰμ,
1081 2959 1176 3011 τοῦ
1216 2960 1281 3013 ὲκ
1334 2958 1428 3012 τοῦ
1459 2958 1616 3014 Θεοῦ.
1680 2958 1787 3012 Τοῦ

209 3046 386 3119 Ἀδὰμ
419 3049 526 3118 γὰρ
574 3050 674 3102 οῦκ
705 3051 820 3102 ἔστι
846 3055 1028 3120 πατὴρ
1072 3051 1382 3121 ἅνθρωπος,
1421 3049 1535 3104 ἀλλ’
1585 3052 1611 3102 6
1655 3049 1789 3112 Θεὸς

199 3138 437 3192 ἔπλασεν
467 3141 652 3197 αὐτόν.
693 3143 834 3212 Ὅρα
862 3143 942 3208 δὲ,
975 3144 1057 3198 ὅτι
1095 3144 1204 3196 άπὸ
1230 3147 1330 3214 τῆς
1363 3141 1788 3212 ἁνθρωπότητος

1902 668 2124 708 uxoer
2157 657 2242 709 hic
2271 657 2535 720 Matthan,
2562 659 2630 711 de
2661 673 2770 726 quo
2799 657 2995 719 Lucas,
3035 668 3089 711 et
3132 659 3322 729 genuit
3358 660 3436 714 Eli
3466 678 3479 713 :

1900 745 2238 815 deindejam
2290 749 2509 803 viduam
2558 751 2880 804 duxit-hanc
2923 750 3160 803 Mattlian
3219 751 3329 815 illc,
3392 754 3482 820 qui

1901 837 2044 906 apud
2077 837 2390 893 Matthmum
2428 841 2665 910 ponitur,
2695 857 2819 894 cum
2839 848 2985 895 esset
3007 840 3074 894 de
3105 841 3289 894 eadem
3319 843 3481 908 tribu,

1897 945 2204 997 quanquam
2272 935 2338 986 de
2397 933 2502 985 alia
2561 933 2920 1003 cognatione,
2962 942 3016 986 et
3064 932 3252 1002 genuit
3293 932 3482 988 Jacoh.

1898 1018 1978 1073 Eli
2019 1020 2198 1088 itaque
2219 1019 2459 1077 etJacoh
2504 1022 2571 1076 ab
2613 1022 2804 1076 eadem
2844 1023 2955 1075 nati
2987 1030 3117 1076 sunt
3165 1032 3357 1086 matre,
3395 1023 3482 1078 di-

1898 1110 2070 1163 versis
2117 1120 2299 1165 tamen
2358 1113 2626 1182 patribus.
2676 1111 2966 1167 Reducunt
3029 1123 3212 1167 autem
3290 1129 3480 1183 genus,

1899 1201 2140 1256 Matthan
2171 1203 2568 1272 quidembater
2590 1204 2668 1257 Eli
2693 1204 2756 1258 ad
2785 1203 2926 1258 Resa
2957 1203 3121 1257 lilium
3150 1203 3475 1266 Zorobabel,

1897 1295 2140 1350 Manlian
2177 1311 2306 1350 vero
2343 1306 2497 1365 pater
2531 1296 2703 1350 Jaeob
2732 1298 2796 1352 ad
2832 1297 3011 1352 Ahiud
3040 1297 3289 1352 similiter
3312 1298 3484 1352 [ilium

1898 1387 2221 1453 Zorohahel,
2251 1398 2303 1441 et
2331 1398 2561 1458 uterque
2584 1389 2649 1444 ad
2675 1389 2999 1452 Zorobabel,
3031 1405 3058 1442 a
3091 1404 3197 1459 quo
3235 1389 3340 1444 duo
3370 1389 3486 1444 luec

1897 1495 2096 1550 genera
2127 1481 2299 1535 divisa
2324 1491 2471 1536 sunt.
2516 1481 2632 1534 Alia
2667 1496 2886 1550 quoque
2918 1480 3117 1535 similia
3150 1479 3206 1536 in
3237 1481 3484 1552 Evange-

1897 1571 2142 1628 listaruin
2186 1573 2516 1643 genealogiis
2549 1574 2841 1630 habentur.

1971 1859 2127 1914 Vers.
2161 1858 2252 1911 24.
2283 1859 2387 1922 Qui
2418 1858 2517 1928 fuit
2549 1858 2758 1913 Lcri—
2781 1854 3051 1911 Vers.97.
3091 1857 3178 1925 qui
3213 1856 3311 1926 fuit
3332 1852 3476 1911 Neri.

1897 1950 2159 2005 Salathiel
2191 1951 2481 2006 Matthaeus
2529 1951 2698 2004 lilium
2735 1950 3012 2004 Jechonia:
3041 1949 3357 2010 nominavit,
3399 1964 3483 2002 ιιι-

1889 2053 2014 2114 pote
2041 2043 2342 2097 naturalem
2369 2043 2489 2112 ejus
2527 2044 2729 2108 lilium;
2759 2043 2932 2097 Lucas
2957 2059 3085 2097 vero
3116 2057 3266 2097 nunc
3309 2042 3482 2104 [ilium

1887 2133 2036 2198 Neri,
2072 2143 2326 2203 tanquam
2368 2133 2615 2204 legalem.
2665 2131 2954 2188 Reducunt
2992 2141 3174 2186 autem
3220 2142 3276 2186 et
3302 2131 3358 2185 hi
3386 2147 3485 2202 ge-

1895 2241 2019 2290 nus,
2059 2225 2186 2281 Neri
2229 2226 2450 2294 quidem
2482 2225 2551 2279 ad
2591 2224 2802 2278 Natlian
2860 2224 3029 2278 lilium
3058 2223 3249 2289 David,
3284 2223 3486 2279 Jecho—

1892 2319 2014 2374 nias
2042 2332 2173 2372 vero
2205 2319 2272 2372 ad
2303 2317 2681 2381 Salomouem,
2735 2316 2905 2370 lilium
2933 2316 3186 2370 similiter
3217 2315 3486 2382 David.“

1891 2424 2082 2464 rursus
2104 2419 2335 2479 uterque
2367 2409 2433 2462 ad
2472 2408 2664 2462 David.

1963 2501 2118 2555 Vers.
2165 2501 2255 2556 ΞΒ.
2295 2499 2400 2565 Qui
2450 2501 2551 2568 [uit
2617 2499 2808 2554 Metelli
2837 2529 2904 2539 —
2937 2496 3094 2552 γει-5.
3120 2495 3208 2553 38.
3251 2499 3340 2564 qui
3381 2497 3483 2568 fuit

1893 2596 2088 2649 Adam.
2125 2595 2170 2647 Α
2209 2608 2358 2648 novo
2399 2593 2571 2648 Adam
2599 2593 2873 2661 incipiens
2899 2591 3145 2646 ascendit
3173 2591 3486 2661 generatio-

1892 2703 2019 2742 nem
2050 2687 2286 2740 texendo
2319 2700 2494 2755 usque
2521 2687 2589 2739 ad
2628 2694 2892 2739 veterem.
2927 2682 3160 2739 Causam
3191 2691 3376 2756 autem
3399 2683 3487 2737 di-

1893 2779 2073 2832 dicisti
2103 2780 2154 2832 in
2177 2778 2492 2848 primordiis
2512 2777 2864 2848 genealogize,
2920 2792 3084 2846 quam
3115 2775 3315 2830 retexit
3347 2774 3485 2828 Mat.

1895 2871 2088 2932 ηιατυς,
2120 2871 2208 2922 ubi
2251 2869 2468 2933 dicitur,
2496 2868 2618 2922 Filii
2654 2867 2844 2933 David,
2882 2867 2987 2938 [itii
3014 2865 3282 2922 Abraham
3310 2868 3379 2919 ".

1970 2961 2126 3016 Vers.
2157 2962 2245 3016 58.
2289 2961 2394 3025 Qui
2445 2962 2546 3031 fuit
2579 2959 2695 3013 Dei.
2739 2959 2920 3028 Ipsius
2966 2959 3162 3022 Adam.
3198 2959 3290 3028 qui
3322 2957 3425 3012 fuit
3454 2975 3483 3013 a

1894 3053 2025 3108 Deo.
2063 3052 2253 3122 Neque
2271 3052 2416 3106 enim
2450 3051 2553 3119 ipsi
2609 3051 2782 3105 Adam
2821 3050 2924 3106 fuit
2956 3060 3107 3118 pater
3165 3051 3486 3114 liomo,.sed

1895 3145 2038 3198 Deus
2063 3143 2478 3197 lormaviteum.
2505 3139 2641 3195 Vide
2672 3149 2878 3202 autem,
2925 3140 3069 3208 quod
3095 3154 3124 3192 a
3163 3138 3371 3193 Christi
3399 3139 3486 3194 in.

198 3233 296 3285 τοῦ
335 3232 577 3303 Χριστοῦ
620 3232 956 3304 ἀρξάμενος,
999 3235 1081 3298 είς
1111 3235 1211 3305 τὴν
1237 3235 1472 3303 θεότητα
1507 3233 1672 3289 αὑτοῦ
1695 3235 1785 3286 τὸν

1900 3238 2097 3292 choans
2129 3235 2488 3298 humanitate,
2523 3247 2832 3288 sermonem
2860 3231 3078 3285 reduxit
3109 3231 3176 3285 ad
3207 3231 3325 3300 ejus
3348 3229 3486 3284 divi-

201 3325 359 3394 λόγον
392 3325 488 3396 τῆς
513 3326 876 3394 γενεαλογίας
911 3329 1179 3398 ἀνήγαγε,
1213 3326 1394 3390 δείξας
1424 3327 1514 3378 τὸν
1551 3323 1786 3396 Χριστὸν

200 3415 482 3484 ἠργμένον
519 3415 640 3486 μὲν,
674 3416 750 3479 ὡς
787 3417 1098 3488 ἄνθρωπον,
1125 3417 1364 3487 ἄναρχον
1389 3417 1466 3483 δὲ,
1509 3417 1584 3480 ὡς
1627 3418 1783 3471 Θεόν.

273 3531 430 3583 ΚΕΦ.
467 3533 543 3586 Z'.
579 3532 722 3599 Περὶ
765 3531 870 3586 τοῦ
905 3532 1244 3602 πειρασμοῦ
1273 3533 1380 3588 τοῦ
1416 3533 1712 3601 Σωτῆρος.

273 3627 519 3692 Ἰησοῦς
539 3657 610 3667 -
633 3627 941 3682 διαϐόλου.
979 3629 1207 3698 Πλήρης
1237 3629 1559 3698 Πνεῦματος
1601 3630 1782 3696 ἁγίου,

200 3717 290 3774 ἵνα
322 3719 616 3788 μάθωμεν,
661 3721 744 3773 ὅτι
798 3718 1026 3790 Πνεῦμα
1081 3721 1237 3788 ἆγιον
1285 3722 1642 3792 λαμϐάνομεν
1678 3723 1786 3774 ἀπὸ

201 3810 296 3863 τοῦ
332 3811 478 3863 Θείου
511 3811 890 3882 βαπτίσματος
913 3811 1240 3880 ,Ἂνάγνωθι
1260 3813 1318 3865 δὲ
1358 3814 1454 3866 καὶ
1477 3817 1534 3867 ἐν
1557 3815 1634 3885 τῷ
1663 3816 1786 3888 τρί-

202 3919 278 3971 τῳ
307 3904 599 3976 κεφαλαίῳ
629 3905 721 3957 τοῦ
747 3907 892 3958 κατὰ
918 3905 1206 3961 Ματοαῖον
1229 3907 1329 3976 τὴν
1353 3909 1621 3978 ἐξήγησιν
1644 3906 1738 3959 τοῦ
1769 3924 1782 3939 ο

206 3992 347 4051 Τότε
383 3998 414 4047 0'
446 3996 689 4062 Ἰησοῦς
723 3997 960 4064 ἀνήχθη
989 3999 1078 4062 εἱς
1119 3997 1234 4064 τὴν
1262 3998 1488 4066 ἔρημον
1519 3997 1636 4052 ὑπὸ
1678 3997 1786 4051 τοῦ

201 4091 561 4157 πνεύματος,
596 4089 999 4157 πειρασθῆναι
1032 4092 1151 4145 ὑπὸ
1184 4091 1290 4144 τοῦ
1329 4093 1640 4148 διαϐόλου.

274 4182 391 4249 Χρὴ
422 4181 478 4232 δὲ
517 4180 828 4249 γινώσκειν,
874 4185 956 4235 ὅτι
993 4184 1024 4253 ἡ
1064 4183 1427 4255 άνθρωπὸτης
1470 4185 1567 4238 τοῦ
1596 4187 1782 4257 Σωτῆ-

206 4291 295 4342 ρος
347 4274 535 4339 ὥσπερ
566 4276 888 4329 δ.6άσκαλον
941 4271 1054 4346 εἶχε
1099 4278 1158 4329 τὸ
1209 4278 1434 4345 Πνεῦμα
1487 4279 1548 4331 τὸ
1599 4278 1780 4348 ἆγιον,

202 4369 294 4434 οὐχ
317 4366 391 4427 ὼς
415 4365 516 4435 τῆς
545 4368 833 4436 ὴιέωμένης
859 4367 1010 4437 αὐτῷ
1041 4368 1302 4440 Θεὸτητος
1331 4372 1434 4422 οὐκ
1466 4372 1744 4440 ἀρκούσης
1763 4389 1779 4406 ο

204 4459 336 4510 ἀλλὰ
366 4459 616 4530 καθάπερ
649 4461 874 4530 εὐδοκία
909 4459 1006 4513 τοῦ
1048 4462 1266 4533 Πατρὸς
1309 4464 1737 4536 ὲνηνθρώπησεν
1766 4473 1779 4485 ⁸

1891 3330 2116 3384 nitatem
2151 3346 2164 3381 :
2195 3329 2585 3382 demonstrans
2617 3325 2923 3386 Christum,
2957 3332 3014 3377 ut
3051 3324 3331 3378 hominem
3366 3326 3485 3393 qniv

1890 3423 2011 3478 dem
2044 3421 2341 3490 incepisse,
2381 3429 2439 3473 ut
2470 3419 2637 3473 Deum
2672 3432 2800 3472 vero
2829 3431 3017 3472 carere
3045 3415 3338 3486 principio.

2172 3533 2326 3588 CAP.
2359 3533 2474 3588 VII.
2509 3531 2587 3587 De
2621 3531 2994 3586 tentatiouibus
3042 3529 3196 3584 Iesu.

1961 3645 2114 3699 CAP.
2145 3643 2233 3697 ιν.
2283 3644 2440 3699 Vers.
2484 3643 2536 3696 l.
2582 3640 2737 3696 Jesus
2793 3671 2866 3683 -—
2917 3639 3075 3695 Vers.
3138 3639 3194 3696 2.
3248 3639 3478 3694 diabolo.

1890 3733 2093 3789 Plenus
2124 3733 2335 3804 Spiritu
2361 3741 2579 3799 sancto,
2611 3741 2671 3788 ut
2698 3731 2961 3795 sciamus,
3001 3731 3149 3800 quod
3205 3730 3478 3800 Spiritum

1891 3837 2147 3881 sanctum
2212 3826 2517 3896 accipimus
2576 3825 2633 3878 in
2692 3823 2881 3878 divino
2939 3821 3287 3891 baptismate.
3339 3820 3483 3891 Lege

1888 3930 2070 3974 autem
2104 3918 2267 3974 tertio
2288 3921 2466 3988 capite
2499 3916 2781 3988 Evangelii
2820 3915 3125 3971 secundum
3163 3915 3478 3968 Matthaeum

1888 4011 2286 4080 expositionem
2313 4009 2458 4064 illius
2484 4009 2614 4065 dicti
2657 4027 2670 4062 :
2711 4013 2852 4063 Tunc
2885 4010 3073 4062 ductus
3107 4015 3183 4061 est
3232 4005 3389 4060 Jesus
3419 4009 3475 4061 iu

1887 4106 2146 4158 desertum
2177 4121 2208 4156 α
2231 4104 2441 4174 spiritu,
2477 4111 2532 4154 ut
2556 4111 2854 4159 tentaretur
2879 4118 2913 4156 α
2947 4100 3160 4156 diabolo
3194 4101 3259 4153 ³⁸.

1958 4197 2112 4250 Scire
2160 4207 2344 4250 autem
2367 4203 2604 4266 oportet,
2637 4195 2784 4264 quod
2818 4193 3131 4248 humanitas
3163 4192 3469 4248 Salvatoris

1887 4297 2143 4357 tanquam
2174 4289 2494 4358 magistrum
2532 4288 2722 4342 habuit
2756 4285 3026 4356 Spiritum
3061 4295 3331 4350 sanctum,
3359 4300 3472 4338 non

1887 4381 2030 4451 quod
2063 4381 2213 4434 unita
2254 4381 2356 4435 sibi
2403 4379 2664 4437 divinitas
2688 4393 2799 4433 non
2829 4378 3126 4442 suﬁicerct,
3154 4378 3249 4432 sed
3279 4392 3473 4445 quem-

1888 4475 2181 4529 admodum
2241 4473 2417 4528 Patris
2463 4471 2810 4541 heneplacito
2877 4473 3196 4526 incarnatus
3253 4481 3358 4535 est,
3394 4472 3469 4528 ita

198 4552 343 4605 οὕτω
378 4553 472 4604 καὶ
497 4553 760 4622 συνεργία
794 4554 887 4606 τοῦ
919 4553 1076 4620 ἁγίου
1107 4554 1426 4624 Πνεῦματος
1452 4558 1774 4626 ἐτελειοῦτο,

1900 4567 2275 4634 :ooperatione
2304 4563 2546 4634 Spiritus
2582 4565 2756 4617 sancti
2791 4563 2961 4618 totius
2990 4563 3117 4618 vita:
3148 4563 3322 4632 ipsius
3346 4579 3474 4620 cur-

203 4647 286 4698 ἵνα
338 4647 402 4698 τὸ
453 4647 694 4714 ὁμοφυὲς
746 4647 928 4698 αὐτῶν
967 4646 1155 4717 δειχθῇ
1217 4650 1308 4701 καὶ
1357 4651 1436 4719 (3)
1502 4653 1776 4719 φανεράλ-

203 4738 379 4806 ληλον.

271 4830 379 4884 και
412 4833 522 4884 οὐκ
557 4860 622 4871 —-
655 4832 1004 4886 Θεοῦ.“Εκεῖ
1037 4831 1211 4886 ταῦτα
1243 4834 1420 4887 πάντα
1453 4836 1594 4892 κατὰ
1622 4837 1778 4904 λόγον

204 4923 648 4992 ἡρμηνεύθησαν.

273 5017 378 5068 Καὶ
431 5016 746 5086 ἀναγαγὼν
777 5047 843 5057 —-
873 5019 1247 5086 λατρεύσεις.
1272 5019 1384 5073 Καὶ
1413 5019 1541 5087 περὶ
1573 5019 1778 5073 τούτων

204 5113 417 5162 πάντων
436 5111 491 5160 ἐν
506 5113 699 5181 ἐκείνῳ
711 5111 788 5182 τῷ
807 5112 1084 5180 κεφαλαίῳ
1107 5113 1420 5181 σαφέστατα
1437 5118 1654 5184 εἴρηται
1674 5115 1772 5187 (4).

276 5299 316 5329 ¹⁹
347 5296 537 5352 Matth.
581 5315 619 5364 ι,
654 5301 705 5353 l.
782 5299 827 5331 ⁸⁸
858 5297 1047 5353 Matth.
1085 5317 1162 5362 tv.
1205 5305 1257 5355 t.

1887 4658 2122 4714 riculum
2181 4665 2467 4729 peractum
2499 4663 2604 4721 est,
2668 4664 2726 4708 ut
2773 4655 3268 4721 demonstraretur,
3323 4660 3470 4724 quod

1883 4751 2269 4818 ejusdem-sint
2306 4750 2450 4803 inter
2477 4763 2536 4802 se
2570 4756 2796 4802 naturae.

1959 4839 2115 4894 Vers.
2149 4839 2203 4892 2.
2234 4839 2565 4907 Nihilque—
2588 4838 2745 4893 Vers.
2778 4838 2832 4891 4.
2868 4837 2981 4891 Dei.
3017 4838 3094 4892 lbi
3125 4847 3178 4892 et
3208 4839 3322 4894 haec
3348 4854 3468 4894 om~

1883 4937 1969 4987 nia
2010 4935 2076 4987 ad
2111 4935 2338 4987 verbum
2375 4933 2644 4987 declarata
2677 4942 2826 4986 sunt.

1956 5024 2112 5079 Vers.
2133 5025 2188 5078 5.
2219 5023 2285 5076 Et
2309 5024 2560 5076 subduxit
2611 5051 2652 5058 —
2681 5022 2838 5078 νοτε.
2868 5023 2919 5078 8.
2946 5021 3172 5078 Servies.
3205 5023 3377 5078 Etiam
3401 5025 3468 5078 de

1881 5121 1966 5174 his
2003 5119 2259 5173 omnibus
2288 5119 2381 5172 illo
2406 5118 2584 5190 capite
2619 5116 3066 5171 manifestissime
3121 5117 3323 5171 dictum
3358 5124 3470 5185 est,

1399 5460 1592 5522 Variae
1627 5461 1933 5524 lectiones
1976 5469 2034 5522 et
2068 5468 2260 5521 noue.

268 5638 342 5701 (9)
384 5637 672 5705 Ἱεχωνίου.
705 5640 767 5694 Α.

273 5711 343 5774 (5)
375 5704 483 5759 Rau
534 5709 890 5776 φεράλληλον.
940 5704 999 5759 Β.
1047 5705 1196 5760 Ferri
1236 5713 1415 5772 potest
1446 5713 1770 5776 utrumque.

210 5777 313 5832 Hoc
349 5777 611 5830 formatur
645 5795 672 5830 a
711 5775 920 5846 φέρειν,
970 5778 1099 5830 illud
1147 5793 1174 5830 a
1229 5775 1519 5845 φανεροῦν.
1563 5775 1770 5832 ﬂente-

208 5852 320 5903 nius
346 5849 447 5901 hoc
477 5849 728 5902 exclusit.
760 5850 812 5902 Si
855 5851 955 5902 hoe
981 5849 1263 5915 probetur,
1291 5847 1475 5916 φέρειν
1497 5848 1768 5915 accipien-

211 5921 322 5978 dum
351 5930 454 5980 est,
487 5931 543 5974 ut
575 5919 733 5973 llebr.
765 5936 804 5982 ι,
829 5920 898 5973 '5:
930 5920 991 5971 'H
1020 5919 1152 5983 ἁγία
1173 5919 1342 5984 Τριάς
1369 5917 1522 5985 φέρει
1547 5917 1764 5985 ἑαυτὴν,

1885 5637 2062 5699 idest,
2100 5635 2375 5706 ἐπαρκὴς,
2419 5635 2702 5702 αὐτάρκης
2743 5633 2889 5684 ἐστὶν
2924 5630 3060 5706 αὐτῇ
3099 5631 3462 5706 ἑαυτῆς.ᾲΛιιι

1882 5708 2081 5774 ήὰγία
2135 5704 2317 5777 Τριὰς
2354 5707 2494 5776 αὑτὴ
2558 5706 2757 5773 ἑαυτὴν
2811 5704 3039 5772 φανεροῖ
3091 5705 3202 5766 τοῖς
3247 5704 3462 5772 ἀνθρώ.

1879 5794 2019 5838 ποις.

1949 5851 2024 5918 (ί)
2059 5849 2218 5913 Laco,
2258 5848 2381 5900 ἔνθα
2415 5850 2588 5900 κιῗται
2625 5848 2704 5913 τὲ,
2737 5846 2899 5900 liabet
2930 5845 2994 5911 A,
3031 5845 3085 5899 ἐν
3114 5842 3190 5916 τῷ
3223 5841 3423 5916 λέγειν.
