4032 6478
576 410 676 475 911

1808 411 2123 472 EUTHYM
2141 414 2193 471 ll
2234 413 2595 473 ZIGABENI

3731 419 3836 480 9ὶέ

581 527 672 581 ubi
707 524 978 579 habetur:
1035 521 1235 575 Iterum
1283 522 1567 588 assumpsit
1630 537 1746 575 eum
1813 523 2052 577 diabolus
2102 526 2141 578 ita

2260 525 2386 577 ἔνθα
2442 526 2622 577 κεῖται
2679 523 2784 576 τό·
2834 524 3027 579 Πάλιν
3069 526 3510 597 παραλαμϐάνει
3564 533 3758 584 αὑτὸν
3801 537 3832 586 ὁ

581 625 808 672 montem
833 612 1088 668 excelsum
1119 611 1268 664 valde
1301 613 1364 664 ³¹.

656 708 806 761 Vers.
861 706 915 761 9.
969 702 1238 774 Duxitque
1288 734 1359 744 -—
1417 705 1577 760 Vers.
1631 705 1716 760 12.
1766 706 1932 760 Deum
1984 717 2152 762 tuum.

579 798 844 854 Similiter
876 804 932 849 et
967 794 1079 848 btee
1104 795 1201 848 illo
1235 795 1412 865 capite
1441 797 1838 852 convenienter
1867 801 2155 869 explanata

582 897 728 950 sunt,
764 885 852 938 ubi
882 885 1080 938 dicitur
1110 901 1123 936 :
1159 882 1300 938 Tunc
1358 887 1577 939 assumit
1635 903 1754 940 eum
1816 888 2055 942 diabolus
2101 888 2156 941 in

579 988 816 1032 adiiciam
835 975 1097 1027 civitatem
1131 974 1196 1026 ³⁸.

655 1069 804 1120 Vers.
830 1065 916 1119 1'5.
951 1063 1185 1134 Cumque
1244 1065 1550 1134 explevisset
1590 1096 1658 1106 —
1689 1077 1912 1131 tempus.
1943 1064 2154 1120 Dictum

577 1168 661 1212 est
694 1166 748 1210 et
774 1157 840 1210 de
875 1158 974 1209 hoc
1007 1156 1231 1222 ibidem,
1267 1157 1356 1210 ubi
1397 1157 1634 1211 habetur
1691 1175 1705 1210 :
1760 1157 1902 1210 Tunc
1952 1157 2155 1210 dimisit

576 1267 691 1303 eum
721 1247 965 1301 diabolus
986 1248 1050 1299 ³³.
1522 1288 1529 1295 ,
1637 1243 1645 1253 ’

643 1340 799 1393 Vers.
830 1340 915 1393 14.
959 1338 1028 1393 Et
1055 1355 1290 1394 reversus
1331 1348 1406 1392 est
1434 1369 1506 1378 —
1530 1335 1835 1393 Galilceam.
1865 1336 1922 1390 ln
1954 1337 2155 1393 virtute

576 1433 743 1486 unita:
770 1431 844 1485 ibi
898 1431 1221 1496 divinitatis,
1255 1432 1340 1486 vel
1372 1432 1537 1487 etiam
1573 1431 1748 1485 sancti
1775 1429 2013 1500 Spiritus
2048 1446 2063 1483 :
2098 1440 2156 1485 ut

573 1527 876 1588 discamus,
911 1524 1074 1593 ,‘quod
1128 1525 1222 1593 qui
1288 1524 1562 1579 diabolum
1629 1523 1846 1586 vicerit,
1899 1523 2156 1593 deinceps

574 1615 934 1674 confirmatur
963 1613 1150 1670 divino
1188 1613 1395 1685 Spiritu
1425 1613 1493 1668 ad
1525 1613 1777 1669 iacienda
1812 1613 1991 1684 signa.

641 1817 797 1872 Vers.
836 1814 922 1869 M.
961 1812 1030 1866 Et
1062 1813 1207 1883 fama
1255 1839 1326 1851 -—
1363 1808 1523 1865 Vers.
1574 1809 1662 1865 15.
1695 1809 1955 1864 omnibus.
2013 1810 2156 1865 Lau-

2256 610 2536 679 διάϐολος
2566 614 2653 679 είς
2685 612 2822 680 ὅρος
2863 617 3108 682 ὑψηλζν
3137 617 3300 671 λίαν.

2327 702 2437 755 Kal
2473 701 2698 772 ἤγαγεν
2721 734 2789 745 —-
2819 708 2968 759 Θεόν
3000 722 3137 761 σου.
3161 708 3397 779 Ὁμοίως
3429 713 3523 766 καὶ
3550 711 3731 766 ταῦτα
3774 717 3830 768 ἐν

2256 791 2333 863 τῷ
2364 792 2594 864 τοιούτῳ
2622 795 2905 866 κεφαλαίῳ
2933 801 3323 868 προσηκόντως
3357 805 3828 874 ἐσαφηνίσθησαν,

2257 885 2389 939 ὅπου
2423 887 2484 940 τό
2521 905 2535 920 ο
2577 889 2715 942 Τότε
2744 891 3196 959 παραλαμϐάνει
3246 895 3434 948 αὑτὸν
3481 899 3513 950 ό
3546 895 3830 964 διάϐολος

2256 979 2345 1044 εις
2377 978 2492 1047 τὴν
2518 979 2698 1046 ἁγίαν
2736 982 2939 1036 πόλιν.

2331 1073 2439 1126 Kal
2473 1073 2857 1140 συντελέσας
2887 1105 2955 1119 -
3001 1077 3230 1145 καιροῦ.
3276 1078 3511 1150 Ἐρῤήθη
3553 1085 3649 1135 καὶ
3701 1087 3828 1152 περὶ

2257 1165 2449 1220 τούτου
2485 1169 2543 1219 ἐν
2579 1164 2752 1237 αὐτῷ.
2794 1169 2906 1222 Καὶ
2954 1167 3192 1239 ζήτησον
3240 1172 3299 1223 τό
3341 1189 3354 1201 ·
3399 1175 3534 1226 Τότε
3573 1175 3831 1243 ἀφίησιν

2257 1258 2446 1311 αὑτὸν
2481 1260 2512 1310 ὁ
2547 1256 2852 1322 διάϐολος.

2331 1348 2437 1404 Kal
2467 1348 2855 1416 ὑπέστρεψεν
2878 1379 2946 1391 -—
2967 1348 3325 1404 Γαλιλαίαν.
3370 1351 3460 1404 Ἐν
3494 1353 3559 1423 τῇ
3598 1353 3829 1423 δυνάμει

2258 1441 2358 1510 τῆς
2401 1441 2692 1511 ἡνωμένης
2729 1441 2880 1509 αὐτῷ
2954 1441 3230 1510 θεότητος,
3284 1441 3317 1511 ἢ
3375 1445 3470 1496 καὶ
3524 1445 3620 1496 τοῦ
3670 1447 3830 1514 ἁγίου

2259 1532 2598 1602 Πνεύματος,
2638 1531 2724 1584 ἴνα
2763 1531 3052 1600 μάθωμεν,
3082 1533 3163 1585 ὅτι
3200 1534 3228 1584 ὁ
3257 1536 3486 1604 νικήσας
3511 1535 3608 1587 τὸν
3641 1537 3828 1591 διάϐοο

2257 1624 2370 1688 λον,
2393 1621 2583 1675 λοιπὸν
2630 1622 3022 1690 ὲνδυναμοῦται
3069 1620 3148 1691 τῷ
3189 1621 3317 1692 θείῳ
3364 1622 3645 1694 Πνεῦματι
3695 1627 3831 1695 1:915;

2255 1715 2314 1767 τὸ
2341 1715 2515 1766 ποιεῖν
2551 1714 2780 1782 σημεῖα.

2332 1808 2443 1861 Καὶ
2477 1807 2646 1877 φήμη
2681 1838 2746 1848 -
2783 1807 3047 1860 πάντων.
3096 1807 3524 1879 Εὐφημούμινος
3571 1810 3682 1863 ὑπὸ
3723 1809 3829 1862 τῶν

569 1908 802 1964 dabatur
839 1922 868 1960 a
898 1905 1092 1970 turbis,
1119 1918 1241 1973 quae
1271 1901 1475 1956 malitia
1505 1915 1569 1956 ac
1615 1900 1819 1956 invidia
1864 1902 2141 1959 carebant.

2255 1898 2432 1967 ἀπονή
2440 1914 2552 1966 ρων
2585 1895 2760 1966 ὄχλων

644 2000 796 2054 Vers.
829 1998 916 2051 16.
945 1995 1012 2049 Ει
1046 2023 1116 2035 -
1166 1996 1418 2048 nutritus.
1468 1993 1682 2048 Dictum
1723 2003 1809 2049 est
1835 1994 1904 2050 de
1941 1996 2044 2049 hoc
2073 1995 2151 2048 vi-

574 2093 781 2147 cesinzo
835 2097 1030 2159 quarto
1089 2089 1269 2157 capite
1335 2085 1612 2157 Evangelii
1654 2087 1955 2142 secundum
2019 2087 2154 2142 Mat-

571 2174 773 2240 tlneinn
806 2190 925 2251 post
955 2180 1117 2234 linem
1152 2179 1554 2249 parabolarum.

643 2275 794 2329 Vers.
830 2274 916 2327 16.
942 2273 1007 2326 Et
1046 2256 1312 2342 ingressus
1334 2302 1394 2310 —
1431 2281 1486 2325 ut
1513 2272 1721 2342 legeret.
1795 2274 2149 2329 Adhortanli-

566 2369 669 2422 bus
701 2381 824 2420 eum
854 2363 1278 2433 praeceptoribus
1322 2364 1532 2433 populi,
1566 2365 1712 2434 quod
1765 2375 1820 2420 et
1865 2367 1982 2436 ipse
2015 2382 2152 2436 pra:-

567 2470 754 2528 ceptor
783 2465 968 2512 esset:
998 2455 1083 2510 vel
1115 2465 1172 2509 ut
1227 2465 1648 2526 cognoscerent,
1715 2467 1902 2512 utrum
1964 2459 2148 2529 legere

566 2560 778 2607 nosset.
817 2565 941 2604 cum
983 2550 1196 2603 litteras
1231 2564 1340 2602 non
1369 2547 1671 2603 didicisset.

640 2643 792 2697 Vers.
819 2642 902 2694 17.
936 2638 1004 2693 Et
1043 2641 1272 2693 traditus
1311 2649 1384 2693 est
1419 2669 1488 2680 —-
1540 2637 1696 2695 Vers.
1766 2641 1854 2696 18.
1892 2657 1995 2696 me.
2044 2641 2149 2696 Per

565 2733 965 2805 providentiam
997 2747 1150 2788 suam
1187 2731 1269 2802 (ll)
1302 2730 1517 2786 invenit
1546 2733 1753 2800 statim,
1793 2749 1916 2804 qua:
1973 2734 2041 2789 de
2064 2734 2149 2789 di-

565 2825 796 2879 vinitate
830 2839 927 2878 sua
956 2824 1098 2878 dicta
1134 2833 1330 2877 erant:
1367 2823 1520 2890 prius
1561 2825 1707 2877 enim
1744 2825 1861 2894 ipse
1908 2827 2023 2880 haec
2050 2842 2149 2896 per

573 2903 901 2986 prophetam
937 2914 1374 2969 fueratlocutus.
1445 2915 1580 2970 [licil
1630 2925 1837 2982 autem,
1888 2926 2146 2987 tanquam

568 3008 733 3061 homo
771 3025 784 3060 :
824 3005 1090 3060 Divinitas
1126 3006 1368 3071 Domini,
1404 3008 1519 3062 sive
1559 3008 1677 3072 ﬁlii,
1709 3025 1874 3078 super
1919 3025 2006 3064 me
2057 3007 2149 3064 Je-

565 3115 708 3162 sum,
740 3098 844 3152 hoc
866 3105 970 3160 est,
1009 3096 1150 3150 Deus
1186 3097 1372 3150 unitus
1395 3107 1479 3152 est
1504 3098 1662 3153 mihi.
1725 3098 1836 3153 Hoc
1908 3117 2146 3170 namque

2328 1991 2435 2044 Kal
2488 2018 2554 2031 --
2597 1989 3023 2059 τεθραμμένος.
3076 1989 3303 2060 Εἴρηται
3348 1991 3476 2061 περὶ
3513 1991 3725 2062 ταύτης
3772 1995 3830 2046 ιν

2254 2081 2332 2152 τῷ
2364 2080 2598 2150 εἰκοστῷ
2627 2081 2873 2150 τετάρτῳ
2908 2080 3191 2151 κεφαλαίῳ
3218 2079 3312 2134 τοῦ
3345 2085 3486 2135 κατὰ
3517 2083 3826 2155 Ματθαῖον,

2257 2180 2393 2245 μετὰ
2423 2178 2482 2231 τὸ
2519 2178 2673 2237 τέλος
2707 2177 2817 2229 τῶν
2841 2176 3188 2246 παραϐολῶν.

2323 2270 2430 2324 Kal
2491 2267 2738 2338 εἰσῆλθε
2789 2299 2858 2309 -
2907 2268 3269 2339 ἀναγνῶναι.
3321 2271 3672 2341 Προτραπεὶς
3726 2273 3830 2324 ὑπὸ

2252 2362 2362 2415 τῶν
2391 2362 2730 2415 διδασκάλων
2756 2363 2850 2416 τοῦ
2879 2362 3032 2428 λαοῦ,
3055 2364 3131 2426 ὡς
3157 2363 3250 2416 καὶ
3284 2364 3444 2424 αὐτὸς
3476 2363 3825 2427 διδάσκαλος,

2252 2456 2284 2526 ἦ
2327 2455 2411 2508 ἴνα
2465 2457 2664 2522 γνοῖεν,
2705 2457 2754 2507 εί
2803 2454 3027 2509 δύναται
3068 2453 3484 2521 ἀναγινώσκειν,
3525 2453 3601 2526 μὴ
3639 2455 3827 2523 μαθὼν

2250 2549 2578 2618 γράμματα.

2323 2640 2434 2695 Καὶ
2471 2639 2927 2709 ἐπεδόθη-ἐμέ.
2955 2639 3093 2692 Κατ’
3123 2638 3432 2706 οἰκονομίαν
3467 2634 3629 2709 εὗρεν
3665 2641 3827 2701 εὐθὺς

2249 2731 2316 2785 τὰ
2336 2733 2466 2801 περὶ
2497 2733 2598 2801 τῆς
2631 2732 2885 2800 θεότητος
2913 2729 3078 2784 αὐτοῦ
3109 2731 3266 2800 ῥητά.
3295 2731 3390 2782 Διὰ
3414 2731 3508 2782 τοῦ
3540 2734 3823 2802 προφήτου

2249 2827 2357 2894 γὰρ
2416 2824 2579 2886 αὐτὸς
2641 2822 2813 2875 ταῦτα
2866 2825 3346 2893 προανεφώνησεν.
3399 2822 3490 2884 Ὠς
3533 2823 3825 2893 ἄνθρωπος

2249 2916 2305 2968 δέ
2334 2933 2520 2985 φησιν,
2550 2915 2632 2968 ὃτι
2665 2915 2854 2985 θεότης
2890 2913 3119 2984 Κυρίου,
3152 2915 3291 2985 ἦτοι,
3321 2913 3415 2966 τοῦ
3444 2914 3595 2979 Υίοῦ,
3619 2915 3825 2985 ἐπ’ἐμὲ

2247 3009 2338 3060 τὸν
2387 3006 2613 3077 Ἰησοῦν,
2643 3008 2948 3070 τουτέστιν,
2981 3009 3007 3059 ὀ
3033 3007 3164 3069 Θεὸς
3195 3007 3398 3076 ἧνωταί
3443 3024 3552 3075 μοι.
3595 3006 3824 3074 Πνεῦμα

2248 3099 2379 3167 γὰρ,
2409 3099 2508 3168 τὴν
2524 3098 2754 3168 θεότητα
2777 3096 2871 3150 τοῦ
2901 3097 3030 3150 Υἱοῦ
3054 3099 3245 3166 νόησον
3266 3098 3561 3151 κάνταῦθα.
3597 3098 3825 3165 Πνεῦμα

564 3191 685 3242 loco
715 3202 812 3257 per
869 3183 1134 3254 Spiritum
1182 3185 1423 3258 intellige
1475 3185 1849 3244 Divinitatem.
1906 3190 2141 3260 Spiritus

2247 3192 2301 3246 δὲ
2356 3191 2563 3259 Κυρίου
2614 3189 2702 3242 ἐπ’
2755 3189 2876 3259 ἐμὲ,
2921 3190 3008 3241 διὰ
3049 3189 3110 3241 τὸ
3152 3189 3386 3258 σωθῆναι
3433 3192 3559 3251 τοὺς
3607 3190 3823 3258 ἀνθρὼ-

565 3289 747 3334 autem
775 3277 985 3332 Domini
1013 3292 1178 3347 super
1208 3293 1316 3342 me,
1338 3289 1398 3333 ut
1417 3280 1670 3336 homines
1692 3282 1870 3337 salvos
1901 3283 2092 3339 faciam
2120 3302 2135 3350 ;

561 3373 614 3425 id
643 3371 790 3425 enim
824 3368 1010 3423 deficit
1039 3377 1093 3422 et
1127 3369 1470 3437 subauditur,
1496 3372 1640 3427 sicut
1672 3374 2022 3430 manifestum
2052 3385 2136 3431 est

557 3460 626 3512 ab
651 3473 740 3520 eo,
776 3456 920 3526 quod
949 3457 1217 3525 sequitur.

627 3550 785 3604 Vers.
816 3548 902 3602 18.
931 3547 1157 3616 Propter
1191 3549 1332 3616 quod
1384 3550 1535 3603 unxit
1582 3565 1686 3604 me.
1750 3550 1920 3621 Cujus
1957 3567 2142 3621 causa,

555 3643 716 3712 cujus
747 3639 942 3711 gratia,
970 3640 1127 3692 unxit
1148 3655 1233 3693 me
1260 3641 1540 3696 hominem
1561 3641 1735 3709 Deus;
1772 3645 1931 3698 unxit
1960 3656 2143 3700 autem

555 3748 668 3794 me,
709 3745 820 3784 non
846 3727 988 3793 oleo,
1014 3727 1158 3783 sicut
1190 3743 1344 3801 reges
1367 3730 1516 3801 ipsos
1546 3732 1696 3804 (mm)
1731 3735 2142 3804 ungebant,sed

554 3823 864 3880 divinitate.

623 3915 777 3971 Vers.
807 3915 894 3970 18.
951 3917 1033 3970 Ad
1057 3919 1525 3988 euangelizandum
1554 3950 1623 3960 —
1655 3937 1752 3976 me.
1816 3920 1998 3987 Pater,
2054 3924 2140 3978 vi-

550 4006 771 4061 delicet.
831 4005 1110 4075 Pauperes
1163 4017 1351 4062 autem
1400 4017 1574 4064 vocat
1637 4011 1892 4081 gentiles,
1949 4021 2138 4082 utpote

549 4096 720 4150 divini
753 4097 932 4151 cultus
968 4097 1189 4153 divitias
1224 4113 1336 4154 non
1375 4098 1666 4167 habentes,
1701 4102 1962 4172 omnique
1990 4103 2136 4159 bono

547 4197 814 4242 carentes.

617 4281 725 4335 Aut
748 4281 914 4335 etiam
942 4279 1183 4348 Judaeos,
1241 4284 1334 4354 qui
1369 4285 1572 4340 virtute
1632 4299 1908 4355 pauperes
1945 4294 2128 4350 erant,

547 4370 744 4440 quibus
773 4371 935 4425 simul
956 4372 1210 4427 omnibus
1234 4375 1629 4446 evangelizavit
1651 4374 1857 4428 cultum
1885 4375 2130 4430 divinum

2238 3301 2398 3346 πους.
2430 3281 2602 3335 Τοῦτο
2641 3282 2750 3352 γὰρ
2799 3281 3046 3334 ἐλλεῖπον
3079 3281 3515 3346 συνεξακούεται,
3552 3283 3646 3335 καὶ
3667 3284 3824 3353 δῆλον

2234 3380 2340 3432 ἀπὸ
2378 3379 2469 3430 τοῦ
2502 3376 2703 3445 ἐφεξῆς
2736 3373 2926 3446 ῥητοῦ.

2319 3552 2403 3612 Οὗ
2440 3557 2680 3609 εἵνεκεν
2705 3554 2914 3624 ἐχρισέ
2942 3571 3038 3623 με.
3083 3548 3156 3607 Οὗ
3181 3554 3389 3607 εἵνεκεν
3419 3552 3515 3624 (5),
3544 3547 3604 3605 οὗ
3631 3556 3816 3626 χάριν.

2246 3646 2431 3716 ἔχρισε
2465 3663 2532 3716 με
2561 3647 2653 3698 τὸν
2684 3645 2973 3716 ἄνθρωπον
3007 3648 3034 3698 ὁ
3057 3647 3189 3710 Θεός
3233 3662 3245 3676 ·
3285 3646 3469 3716 ἔχρισε
3500 3646 3556 3698 δέ
3590 3664 3681 3716 με,
3721 3651 3820 3702 οὐκ

2243 3735 2432 3806 ἐλαίῳ,
2471 3734 2727 3806 καθάπερ
2758 3737 2885 3799 τοὺς
2913 3736 3161 3805 βασιλεῖς
3193 3734 3400 3806 ἔχριον,
3433 3737 3569 3789 ἀλλὰ
3599 3740 3665 3806 τῇ
3703 3739 3819 3791 θεό-

2243 3839 2390 3893 τητι.

2316 3915 2848 3986 Εὐαγγελίσασθαι
2891 3946 2961 3956 -
3013 3933 3112 3985 με.
3178 3914 3236 3969 Ὀ
3297 3916 3503 3986 Πατὴρ,
3545 3917 3812 3983 δηλονότι.

2237 4008 2494 4080 Πτωχοὺς
2553 4010 2609 4063 δὲ
2634 4009 2811 4076 λέγει,
2861 4009 2987 4072 τοὺς
3036 4010 3094 4075 ἐξ
3141 4008 3331 4074 ἐθνῶν,
3368 4009 3441 4070 ὡς
3472 4010 3545 4081 μὴ
3588 4010 3813 4080 ἔχοντας

2234 4107 2325 4157 τὸν
2381 4104 2611 4158 πλοῦτον
2671 4106 2771 4176 τῆς
2823 4105 3126 4170 εὐσεϐείας,
3175 4108 3268 4159 καὶ
3315 4108 3554 4176 γυμνοὺς
3606 4107 3811 4170 παντὸς

2232 4197 2461 4266 ἀγαθοῦ.

2304 4292 2373 4344 Ἢ
2410 4291 2504 4344 καὶ
2536 4293 2660 4355 τοὺς
2701 4292 3013 4357 Ἰουδαίους,
3049 4293 3297 4364 πτωχοὺς
3335 4291 3490 4356 ὄντας
3517 4295 3573 4344 ἐν
3612 4293 3808 4362 ἀρετῇ,

2239 4378 2321 4447 οἷς
2365 4383 2502 4452 ἐμοῦ
2549 4387 2716 4436 πᾶσιν
2761 4383 3162 4452 εὐηγγελίσατο
3207 4386 3308 4453 τὴν
3341 4383 3656 4450 εὑσέσειαν,
3714 4386 3810 4438 καὶ

547 4477 610 4516 ac
634 4462 1134 4528 conversationem,
1169 4480 1291 4534 quae
1337 4467 1640 4522 secundum
1706 4467 1966 4521 virtutem
2029 4475 2133 4536 est,

2247 4474 2337 4543 τὴν
2371 4473 2625 4544 ἐνάρετον
2649 4473 2948 4540 πολιτείαν,
2984 4475 3074 4528 διὰ
3104 4474 3198 4527 τοῦ
3231 4473 3588 4542 Εὑαγγελιου.

547 4551 710 4621 idque
734 4567 833 4622 per
863 4551 1239 4625 Evangeliuni.

625 4643 774 4698 Vers.
808 4645 897 4699 18.
931 4647 1013 4700 Ad
1041 4648 1341 4703 sanandum
1371 4679 1440 4690 ——
1489 4652 1663 4706 corde.
1701 4649 1956 4718 Eosdem,
2019 4653 2138 4723 qui-

545 4732 647 4786 bus
679 4729 939 4803 gravitate
970 4745 1320 4806 peccatorum
1355 4754 1450 4794 cor
1475 4741 1773 4798 contritum
1799 4751 1939 4797 erat.

621 4820 776 4876 Vers.
812 4824 897 4876 18.
926 4826 1009 4879 Ad
1039 4829 1437 4895 prmdicandum
1467 4861 1538 4872 --
1615 4833 1806 4888 visum.
1864 4833 2129 4904 Captivis,

544 4926 775 4980 quorum
799 4913 977 4967 anima
1015 4932 1044 4970 a
1077 4917 1291 4973 diabolo
1323 4920 1483 4975 ducta
1518 4931 1601 4975 est
1633 4922 1685 4976 in
1729 4925 2125 4994 captivitatem.

543 5003 715 5057 thecis
748 5019 896 5069 vero,
933 5005 1035 5061 hoc
1080 5017 1183 5072 est,
1227 5012 1512 5066 excaecatis
1538 5023 1720 5068 mente
1750 5016 1817 5070 ab
1880 5017 2128 5072 affectio-

618 5183 657 5212 “
694 5182 881 5238 Matth.
929 5201 1000 5250 Iv,
1035 5186 1089 5241 8.
1171 5188 1213 5219 "
1239 5188 1368 5244 Ibid.
1394 5190 1448 5246 5.
1527 5190 1571 5222 ³³
1605 5190 1738 5247 ibid.
1773 5193 1860 5247 11.

2309 4640 2627 4698 Ἰάσιισθαι
2659 4673 2725 4684 -—
2757 4644 3029 4712 καρδίαν.
3074 4646 3212 4710 Τοὺς
3234 4645 3459 4709 αὐτοὺς,
3494 4635 3567 4698 ὧν
3593 4643 3626 4714 ἡ
3663 4659 3803 4713 καρ-

2235 4733 2321 4787 δία
2356 4738 2651 4807 συνετρίὸη
2690 4738 2766 4808 τῷ
2800 4738 2959 4810 βάρει
2982 4741 3082 4809 τῆς
3113 4737 3410 4808 ἁμαρτίας.

2304 4830 2569 4895 Κηρύεαι
2596 4861 2664 4870 -
2690 4833 3053 4900 ἀνάϐλεψιν.
3105 4830 3482 4902 Αἰχμαλώτοις
3526 4828 3652 4900 μὲν,
3691 4829 3806 4890 τοῖς

2243 4929 2736 4997 αἰχμαὶιυτισθείσι
2797 4933 2897 5001 τὴν
2950 4932 3131 5003 ψυχὴν
3185 4932 3288 4984 ὑπὸ
3353 4929 3445 4983 τοῦ
3501 4929 3750 4982 διαϐόλου
3787 4941 3802 4955 ⁵

2233 5021 2454 5089 τυφλοῖς
2481 5022 2557 5089 δὲ,
2581 5025 2690 5086 τοῖς
2715 5024 3038 5095 τυφλωθείσι
3056 5026 3149 5079 τὸν
3184 5024 3304 5078 νοῦν
3326 5022 3430 5076 ὑπὸ
3460 5022 3568 5074 τῶν
3596 5020 3801 5074 παθῶν.

1706 5347 1906 5411 νεικείω
1951 5345 2260 5411 lectiones
2305 5356 2365 5411 et
2410 5356 2601 5411 notas.

617 5421 691 5491 (Ii)
728 5422 978 5474 Ἕνεκεν.
1019 5421 1076 5476 Β.

613 5583 696 5650 (ll)
736 5580 1124 5634 Providentiam
1161 5598 1335 5634 sitam.
1370 5580 1534 5637 Suam
1569 5598 1673 5637 non
1697 5595 1778 5638 cst
1801 5584 1852 5638 in
1911 5586 2116 5639 Gra'co.

538 5652 838 5722 Οίκονομία
858 5663 1035 5704 autem
1068 5651 1194 5724 alibi
1213 5653 1446 5724 reddere
1482 5653 1620 5708 solet
1646 5655 2110 5724 dispensationem.

539 5725 834 5794 οἰκονομία
869 5731 951 5774 est
999 5722 1318 5794 vocabulum
1349 5725 1648 5792 ejusmodi,
1706 5722 1849 5794 quod
1918 5725 2110 5779 Latina

540 5793 721 5861 lingua
750 5794 833 5847 vix
864 5791 1137 5859 exprimit.
1180 5792 1291 5846 Hoc
1329 5793 1444 5849 loco
1476 5796 1703 5851 reddere
1726 5791 1944 5865 'possis,
2019 5812 2108 5863 op-

2250 5598 2473 5640 tortune.

2250 5602 2473 5640 tortune.

2231 5602 2254 5780 ἲ
2298 5658 2444 5727 imm)
2481 5658 2628 5727 Ipsos
2660 5672 2762 5714 nec
2786 5657 2839 5714 in
2871 5653 3057 5716 Graeco
3085 5667 3186 5723 εει,
3221 5675 3321 5717 nec
3346 5677 3569 5719 necesse
3593 5675 3670 5722 est
3706 5666 3790 5721 ad-

2231 5744 2372 5780 tere.

2226 5744 2372 5784 uere.
