4032 6472
503 451 607 513 9th

1735 437 2125 500 EUTHYMII
2164 433 2526 496 ZlGABENI

3659 427 3765 490 916

506 560 574 614 ad
616 557 788 613 solam
849 567 1030 612 autem
1091 556 1234 610 illam
1286 555 1457 620 venit,
1495 568 1615 623 quae
1647 553 1701 607 in
1776 551 2085 621 Sarephtha

2190 552 2450 604 οίκοῦσαν
2476 553 2534 603 ἐν
2564 548 2819 619 Σαρεπτά
2851 546 2963 619 (12)
3001 545 3152 598 πόλει
3188 545 3286 615 τῆς
3324 543 3556 608 Σιδῶνος
3581 546 3765 615 χώρας

501 651 719 705 civitate
758 649 979 705 Sidonis
1031 648 1266 719 regionis
1305 646 1606 710 habitabat,
1664 654 1888 716 prOpler
1935 644 2085 697 illius

501 744 845 797 honestatem
881 749 938 796 et
974 739 1469 811 promptitudinem
1510 740 1578 794 ad
1632 739 1918 800 virtutem,
1959 735 2086 791 licet

504 833 806 902 alienigena
831 841 1015 898 esset;
1050 839 1105 885 et
1156 830 1480 884 miraculum
1535 830 1678 900 apud
1721 844 1838 882 eam
1896 839 2086 894 opera—

504 931 592 978 tus
629 931 733 985 est,
774 921 917 976 sicut
960 918 1202 974 ostendit
1239 920 1432 973 tertius
1486 918 1624 972 liber
1673 919 1878 988 Regum
1909 916 1971 966 ³⁸.
2010 915 2085 966 Ita

502 1028 716 1082 quoque
743 1013 861 1083 ipse
892 1010 957 1066 ad
1002 1010 1212 1065 nullum
1255 1011 1473 1076 horum,
1515 1009 1605 1079 qui
1657 1008 1863 1078 indigni
1906 1013 2080 1067 erant,

503 1106 756 1159 veniebat
784 1105 936 1176 signa
981 1103 1225 1157 facturus
1272 1118 1284 1153 :
1324 1102 1470 1171 quod
1510 1117 1620 1154 nou
1654 1099 1831 1154 solum
1895 1097 2087 1152 inutile

502 1201 662 1255 esset,
686 1207 876 1245 verum
910 1191 1074 1244 etiam
1107 1188 1456 1258 blasphemia:
1480 1188 1716 1252 occasio,
1740 1187 1834 1241 sed
1854 1186 1920 1240 ad
1945 1183 2088 1239 solos

501 1300 598 1338 ens
645 1284 737 1353 qui
773 1300 871 1351 per
900 1299 962 1337 ea
997 1283 1226 1352 juvaudi
1311 1289 1486 1344 erant,
1522 1287 1578 1334 ct
1635 1294 1774 1347 quos
1839 1277 2086 1331 futurum

503 1388 640 1442 erat,
687 1388 744 1429 ut
797 1377 1108 1445 pteniteret.

574 1466 656 1537 Ἠ-
689 1467 851 1537 lgitur
885 1467 1001 1521 hzec
1032 1475 1150 1520 erat
1183 1464 1344 1519 vidua
1377 1463 1702 1534 alienigena,
1743 1469 1801 1513 ut
1841 1469 1898 1513 tu
1946 1457 2087 1512 dixi—

507 1560 617 1615 sti?
659 1561 772 1614 lmo
802 1577 931 1614 vero
972 1577 1034 1614 ex
1080 1559 1224 1612 tribu
1281 1557 1408 1609 Levi
1455 1563 1573 1610 erat
1605 1562 1658 1609 et
1720 1563 1894 1608 mater
1960 1566 2089 1621 pro-

507 1651 684 1721 pheta:
740 1650 914 1716 Jouat,
970 1665 1134 1718 quam
1190 1656 1312 1718 post
1362 1656 1575 1714 tempus
1624 1644 1924 1715 prophetia:
1979 1655 2091 1696 sua:

506 1742 718 1811 accepit
769 1753 825 1796 et
890 1740 1249 1795 translaCavit
1297 1741 1354 1794 in
1418 1745 1559 1792 terra
1617 1737 1814 1802 aliena,
1885 1734 2092 1804 pudore

2187 640 2341 714 ἦλθε,
2383 643 2473 696 διὰ
2499 642 2558 694 τὸ
2601 642 2799 712 σεμνὸν
2831 641 3025 710 αὐτῆς,
3050 639 3144 692 καὶ
3188 639 3328 705 πρδς
3371 636 3574 708 ἀρετὴν
3620 637 3764 688 Ero:-

2189 755 2312 806 μον,
2355 735 2535 788 καίτοι
2562 734 2860 803 ἀλλόφυλον
2891 729 3078 796 οὖσαν,
3129 732 3223 786 καὶ
3271 730 3766 799 ὲθαυματούργησε

2188 829 2320 898 παρ’
2349 828 2509 898 αὐτῇ,
2551 826 2628 890 ὼς
2663 828 2696 896 ἡ
2739 826 2897 896 τρίτη
2952 825 3064 878 τῶν
3115 821 3409 894 βασιλειῶν
3459 817 3711 883 διέξεισιν
3747 834 3765 849 ο

2187 917 2332 971 οὕτω
2386 917 2484 970 καὶ
2545 915 2709 977 αὐτὸς
2766 914 2905 985 πρὸς
2959 913 3153 967 οὐδένα
3219 911 3318 982 μὲν
3373 909 3484 963 τῶν
3534 906 3766 970 ἀναξίων

2187 1009 2407 1079 ἔρχεται
2462 1009 2704 1078 ποιήσων
2732 1007 2981 1074 σημεῖον,
3011 1004 3098 1056 διὰ
3129 1004 3186 1056 τὸ
3213 1003 3288 1072 μὴ
3326 1000 3485 1072 μόνον
3517 997 3766 1067 ἀκερδὲς,

2188 1100 2324 1153 ἀλλὰ
2372 1103 2465 1154 καὶ
2518 1098 2875 1168 βλασφημίας
2923 1095 3245 1161 παραίτιον,
3292 1091 3431 1163 πρὸς
3469 1091 3662 1160 μόνους
3705 1088 3767 1140 δὲ

2189 1193 2316 1256 τοὺς
2345 1190 2934 1263 μεταϐληθησομένους
2967 1189 3063 1241 καὶ
3091 1183 3640 1255 ὠφεληθησομένους.

2265 1450 2786 1529 [οὐκοῢνμωαῦτη
2819 1450 2851 1519 ἡ
2880 1449 3026 1520 χήρα
3063 1446 3385 1515 ἀλλόφυλος,
3407 1446 3482 1508 ὠς
3508 1445 3572 1497 σὺ
3614 1442 3767 1513 εἴρη-

2193 1567 2317 1615 κας;
2347 1547 2507 1601 Ἀλλὰ
2527 1545 2728 1616 μᾶλλον
2754 1546 2816 1596 ὲκ
2840 1543 2936 1610 τῆς
2955 1539 3248 1607 Λευῖτικης
3265 1537 3439 1606 φυλῆς
3456 1531 3645 1606 ἦνςκαὶ
3664 1534 3771 1603 μήα

2192 1659 2297 1712 τηρ
2324 1637 2421 1694 τοῦ
2442 1639 2725 1709 προφήτου
2743 1634 2922 1697 Ἰωνᾶ,
2945 1633 3012 1702 ἢν
3058 1629 3242 1683 λαϐὼν
3269 1628 3408 1698 μετὰ
3447 1627 3536 1679 τὸν
3576 1626 3770 1692 καιρὶν

2192 1734 2294 1804 τῆς
2321 1730 2488 1788 αὑτοῦ
2535 1726 2898 1800 προφητείας,
2933 1723 3242 1795 κατῴκισεν
3280 1720 3392 1792 (14)
3425 1721 3481 1773 ὲν
3506 1721 3574 1789 γῇ
3610 1716 3771 1769 ἀλλο-

507 1805 850 1900 popularium
880 1846 1126 1892 suorum.
1163 1829 1308 1899 quod
1343 1826 1632 1900 prophetia
1682 1826 1802 1895 ejus
1836 1833 2089 1880 eventum

2197 1825 2403 1897 φύλων,
2435 1823 2831 1894 αίσχυνόξιενος
2859 1820 2988 1884 τοὺς
3027 1817 3193 1871 αὑτοῦ
3223 1813 3558 1883 ὁμοφύλους,
3611 1811 3666 1862 ὲν
3693 1805 3771 1874 τῷ

507 1936 619 1978 non
668 1923 954 1988 habuerat,
996 1938 1158 1993 quam
1181 1888 1272 1978 Ide
1303 1888 1463 1977 urbe.
1499 1888 1730 1973 Νἱηεγε⁷
1747 1917 2092 1988 praedixerat,

2197 1888 2593 1988 S'tazpsu'cﬁﬁvat
2621 1888 2721 1985 τήν
2753 1910 2920 1966 αὐτοῦ
2971 1905 3333 1980 προφητείαν,
3381 1903 3448 1974 ἢν
3475 1899 3775 1970 προείρηκε

510 2022 571 2068 ut.
623 2016 815 2070 tertius
866 2014 1078 2086 Regum
1113 2015 1250 2070 liber
1282 2021 1493 2068 narrat.

577 2199 733 2253 Vers.
758 2198 848 2252 27.
895 2197 963 2253 Et
1009 2198 1161 2252 multi
1189 2196 1466 2269 —Syrus.
1501 2195 1654 2250 Idem
1704 2206 1922 2265 quoque
1957 2206 2097 2263 prae-

510 2290 652 2346 senti
707 2288 1075 2345 manifestavit
1100 2289 1376 2358 exemplo.

582 2383 733 2437 Vers.
772 2382 863 2437 28.
894 2382 961 2436 Et
989 2383 1176 2451 repleti
1212 2391 1335 2434 sunt
1361 2410 1432 2420 —
1455 2380 1609 2436 Vers.
1643 2379 1736 2433 29.
1789 2395 1929 2432 eum.
1961 2375 2098 2430 llinc

514 2476 876 2530 ostenderunt
924 2491 984 2530 se
1057 2474 1207 2543 ipsos
1269 2488 1393 2529 esse
1448 2472 1618 2543 signis
1667 2471 1973 2541 indignos:
2043 2476 2099 2521 et

519 2564 822 2619 Salvatoris
865 2578 1201 2629 sermonem,
1235 2564 1325 2634 qui
1366 2564 1433 2618 de
1491 2564 1594 2618 hoc
1621 2562 1796 2617 factus
1827 2569 1946 2615 erat
2029 2559 2097 2613 ab

514 2669 604 2721 eo,
632 2656 775 2725 quod
806 2655 981 2710 lacere
1005 2655 1366 2718 conabantur,
1398 2652 1815 2709 confirmarunt.

586 2749 744 2804 Vere.
776 2749 867 2804 ‘50.
901 2747 1230 2819 Ipse—ibat.
1264 2747 1525 2802 Servatus
1553 2746 1620 2801 ab
1646 2745 1798 2799 unita
1829 2742 1932 2800 sibi
1958 2741 2097 2797 divi-

517 2841 708 2894 nitate.

591 2931 747 2987 Vers.
785 2931 874 2986 3|.
925 2929 994 2983 Et
1026 2929 1341 2983 descendit-
1401 2925 1562 2981 Vers.
1613 2925 1702 2980 52.
1740 2926 1905 2981 illius.
1956 2926 2100 2981 Scri-

517 3025 630 3095 psit
665 3024 849 3078 ethoc
873 3021 1160 3077 Matthzeus
1191 3022 1248 3075 iu
1299 3021 1406 3074 ﬁne
1431 3020 1605 3090 quinti
1634 3019 1830 3089 capitis
1862 3037 1877 3072 :
1911 3035 2100 3089 quaere

517 3133 647 3188 ergo
684 3116 756 3170 ibi
775 3115 1201 3171 enarrationem.

586 3230 740 3282 CAP.
763 3228 898 3283 VIII.
958 3227 1036 3282 De
1070 3228 1289 3282 habente
1323 3226 1580 3296 spiritum
1613 3226 2022 3280 ammoniacum.

594 3320 746 3374 Vers.
787 3321 876 3374 55.
937 3319 1005 3374 Et
1026 3321 1083 3374 in
1110 3319 1354 3375 —-Vers.
1391 3320 1480 3375 54.
1514 3317 1630 3371 Dei.
1658 3315 1785 3371 Haec
1811 3325 1861 3370 ct
1891 3315 2104 3369 Marcus

518 3411 698 3480 primo
724 3411 944 3481 scripsit
965 3410 1166 3481 capite,
1197 3417 1251 3464 et
1279 3410 1335 3463 in
1367 3425 1433 3466 eo
1459 3408 1528 3463 ad
1551 3407 1778 3464 verbum
1819 3407 2096 3462 declarata

521 3515 674 3559 δυίιῐ.

595 3595 747 3650 Vers.
779 3595 870 3649 55.
898 3595 962 3649 Et
1000 3591 1507 3663 increpavit—illi.
1550 3589 1822 3644 Similiter
1863 3595 1920 3643 et
1961 3588 2104 3641 haec.

597 3783 753 3838 Vers.
792 3780 882 3838 '56.
940 3781 1007 3836 Et
1068 3783 1239 3852 factus
1285 3790 1430 3834 est—
1455 3777 1701 3833 exeunt?
1758 3773 2022 3830 Similiter
2051 3780 2103 3826 et

545 3899 559 3932 ι
647 3917 661 3930 .

525 3876 751 4022 1ίὲᾅδην..
780 3966 870 4021 57.
901 3965 968 4021 Et
996 3963 1362 4032 egrediebatur
1392 3988 1459 3998 —
1499 3959 1750 4028 regionis.
1779 3955 1990 4010 Dictum
2021 3961 2107 4008 est

525 4060 594 4114 de
622 4059 725 4112 hoc
745 4065 939 4127 quarto
968 4056 1122 4126 juxta
1162 4052 1477 4105 Matthteum
1505 4049 1703 4117 capite.

906 4241 1057 4296 CAP.
1097 4237 1188 4294 IX.
1251 4237 1326 4291 De
1348 4253 1500 4290 socru
1545 4235 1715 4289 Petri.

597 4336 753 4392 νει-ε.
787 4334 876 4389 58.
909 4316 1142 4402 Cumque
1183 4331 1492 4399 surrexisset
1537 4358 1605 4368 —
1630 4327 1790 4383 Vers.
1824 4326 1912 4380 59.
1976 4324 2103 4377 illis.

538 4428 885 4498 Ἢ-ρώτησαν,
935 4441 1043 4480 non
1077 4422 1372 4493 signiﬁcat,
1421 4421 1921 4490 lnterrogaveruut,
1984 4416 2100 4480 sed,

530 4522 884 4590 Rogaverunt,
921 4519 1062 4573 sicut
1105 4515 1233 4570 alibi
1278 4515 1488 4569 dictum
1547 4523 1648 4567 est.
1697 4512 1961 4566 Similiter
2005 4512 2106 4562 ὲπ-

523 4616 777 4684 ετίμησε,
814 4626 924 4666 non
963 4617 1051 4666 est
1082 4609 1171 4664 hic
1204 4607 1424 4677 proprie
1447 4607 1782 4674 lncrepavit,
1809 4605 1905 4660 sed
1954 4607 2108 4658 Prce-

528 4708 683 4775 cepit,
721 4704 865 4775 quod
901 4703 1064 4758 etiam
1091 4700 1199 4755 alio
1231 4699 1353 4754 loco
1377 4699 1583 4754 dictum
1615 4710 1718 4753 est.

598 4797 731 4864 Quae
765 4812 896 4855 vero
915 4803 1046 4850 sunt
1071 4795 1138 4848 de
1168 4809 1329 4848 socru
1353 4791 1595 4846 Simonis
1627 4790 1794 4854 Petri,
1821 4790 2110 4845 manifeste

530 4891 804 4944 declarata
823 4888 1077 4942 invenies
1119 4895 1315 4941 octavo
1360 4885 1539 4955 capite
1585 4883 1866 4953 Evangelii
1911 4899 2111 4939 secun-

531 4980 659 5031 dum
697 4976 1032 5036 Matthaeum,

743 5093 896 5148 CAP.
931 5092 1000 5146 Χ.
1060 5091 1134 5145 De
1166 5094 1366 5146 curatis
1400 5109 1431 5145 a
1465 5092 1630 5145 variis
1685 5091 1900 5143 morbis.

605 5252 755 5306 Vers.
806 5252 896 5308 40.
953 5249 1082 5306 Cum
1120 5252 1199 5304 sat
1230 5261 1404 5304 autent
1443 5259 1570 5305 esset
1608 5250 1659 5301 in
1683 5264 1875 5302 occasu
1908 5275 1978 5287 —
2007 5262 2112 5299 eos.

2200 2011 2457 2083 περὶτῆς
2496 2007 2725 2072 Νινευῖ,
2768 2005 2842 2068 ὡς
2885 2003 3100 2075 ήτρίτη
3147 1998 3256 2053 τῶν
3313 1994 3614 2050 Βασιλειῶν
3666 1991 3775 2047 διέο

2200 2099 2389 2248 ξθίὲί]
2409 2190 2628 2246 πολλοί
2658 2219 2728 2231 --
2763 2190 2978 2256 Σύρος.
3009 2181 3083 2237 Τὸ
3103 2179 3232 2236 αὐτὸ
3259 2178 3355 2232 καὶ
3376 2176 3464 2231 διὰ
3505 2175 3600 2229 τοῦ
3633 2190 3778 2244 παρ-

2204 2293 2360 2352 όντος
2385 2286 2614 2353 ἐνέφηνε
2645 2280 3119 2352 παραδείγματος.

2273 2378 2387 2435 Καὶ
2419 2377 2832 2443 ἐπλήσθησαν
2854 2402 2926 2412 -
2958 2369 3167 2424 αὐτόν.
3222 2363 3471 2428 Ἐδειξαν
3527 2359 3781 2414 ἐντεῦθεν

2202 2472 2468 2538 ἀναξίους
2507 2467 2756 2539 σημείων
2806 2463 3058 2524 ἑαυτοὺς,
3110 2459 3206 2513 καὶ
3261 2457 3354 2509 τὸν
3409 2454 3541 2524 περὶ
3583 2452 3778 2504 τούτου

2200 2557 2363 2634 λόγον¹
2392 2561 2485 2615 τοῦ
2520 2559 2775 2630 Σωτῆρος
2812 2554 3178 2616 ἐϐεϐαίωσαν,
3224 2548 3318 2618 ἀφ’
3365 2541 3440 2600 ὧν
3477 2545 3772 2616 ἐπεχείρη-

2204 2675 2327 2712 σαν.

2271 2751 2475 2816 Ἀὐτὸς
2519 2776 2589 2789 -
2633 2741 2976 2811 ἐπορεύετο.
3030 2731 3446 2808 Φρουρούμενος
3501 2729 3569 2801 τῇ
3637 2728 3777 2791 tvm-

2206 2843 2344 2913 μένῃ
2377 2837 2527 2908 αὑτῷ
2559 2836 2800 2905 θεότητι.

2274 2911 2383 2990 Καὶ
2419 2923 3016 3000 κατῆλθεν-αὺτοῦ.
3057 2917 3304 2990 Ἔγραψε
3337 2911 3602 2968 τοῦτοκαὶ
3623 2911 3780 3000 Ma?

2203 3027 2352 3090 Θαίος
2403 3025 2463 3076 ἓν
2511 3022 2591 3091 τῷ
2627 3019 2774 3073 τέλει
2823 3015 2918 3069 τοῦ
2970 3014 3226 3084 πέμπτου
3295 3003 3616 3075 κεφαλαίου,
3686 2999 3783 3054 καί

2204 3119 2440 3188 ζήτησον
2473 3115 2588 3168 ἐκεῖ
2618 3111 2716 3182 τὴν
2750 3109 3034 3180 ἐξήγησιν.

2125 3214 2167 3270 C
2207 3233 2368 3287 ΚΕΦ.
2399 3227 2481 3282 H’.
2533 3225 2675 3293 Περὶ
2724 3223 2830 3276 τοῦ
2884 3221 3134 3288 ἔχοντος
3171 3215 3411 3282 πνεῦμα
3444 3211 3780 3280 δαιμονίου.

2277 3321 2389 3375 Kai
2420 3321 2490 3373 ἐν
2513 3348 2584 3358 -
2621 3317 2792 3371 Θεοῦ.
2843 3314 3031 3367 Ταῦτα
3073 3310 3442 3380 καὶ-Μάρκος
3498 3304 3784 3373 ἱστόρησεν

2153 3471 2155 3474 ,
2206 3417 2264 3467 ὲν
2314 3414 2395 3483 τῷ
2451 3410 2653 3482 πρώτῳ
2707 3406 3028 3476 κεφαλαίῳ,
3095 3402 3189 3455 καὶ
3247 3397 3677 3472 ήρμηνεύθησαν
3722 3395 3782 3446 ἐν

2207 3504 2402 3572 ἐκείνῳ
2435 3499 2578 3553 κατὰ
2602 3498 2784 3567 λόγον.
3449 3573 3452 3576 ”

2208 3591 2319 3646 Καὶ
2342 3588 2800 3657 ἐπετίμησεν-τ
2821 3581 3031 3637 αὐτόν.
3058 3579 3292 3650 Ὁμοίως
3325 3577 3418 3631 καὶ
3446 3573 3642 3628 ταῦτα.

2285 3757 2397 3813 Kal.
2431 3755 2672 3826 ἐγένετο
2707 3782 2775 3795 -
2796 3750 3179 3821 ὲξέρχονται;
3233 3743 3639 3818 Παραπλησίως
3692 3745 3785 3798 καὶ

2208 3854 2401 3908 ταῦτα.

2281 3945 2389 4000 Καὶ
2434 3941 2827 4010 ἐξεπορεύετο
2866 3968 2934 3978 -—
2975 3933 3330 4004 περιχώρου.
3380 3930 3611 4002 Εἴρηται
3658 3945 3786 3998 περι

2210 4040 2403 4093 τούτου
2452 4041 2510 4090 ἐν
2550 4035 2627 4105 τῷ
2675 4032 2925 4101 τετάρτῳ
2983 4027 3271 4097 κεφαλαίῳ
3317 4023 3410 4077 τοῦ
3440 4022 3580 4076 κατὰ
3635 4022 3785 4074 Mar‘

2213 4135 2385 4186 Θαῖον.

2405 4219 2562 4275 ΚΕΦ.
2597 4215 2676 4272 8'.
2710 4216 2849 4285 Περί
2880 4214 2994 4281 τῆς
3023 4208 3316 4278 πενθερᾶς
3351 4207 3596 4276 Πέτρου.

2284 4313 2574 4379 Ἀναστὰς
2606 4311 2676 4365 δὲ
2717 4338 2790 4351 -
2829 4306 3056 4372 αὐτοῖς.
3105 4303 3457 4372 Ἦρώτησαν
3489 4300 3612 4370 μὲν,
3664 4298 3787 4351 ἀντὶ

2212 4412 2342 4475 τοῦ,
2422 4405 2820 4478 ῐιαρεκάλεσαν
2868 4442 2883 4457 .
2942 4399 3308 4468 Ἐπετίμησε
3355 4395 3433 4463 δὲ,
3488 4393 3611 4448 ἀντὶ
3668 4389 3784 4458 τοῦ,

2215 4502 2500 4567 Ἐπέταξε.

2285 4785 2367 4840 Τὰ
2414 4782 2470 4837 δὲ
2531 4798 2660 4848 περι
2711 4782 2812 4851 τῆς
2864 4775 3140 4848 πενθερᾶς
3183 4774 3280 4830 τοῦ
3335 4772 3544 4841 Πέτρου
3603 4769 3789 4841 σαφῶς

2213 4876 2648 4952 ήρμηνεύϐησαν
2715 4874 2772 4926 ἐν
2823 4871 2903 4942 τῷ
2957 4871 3126 4941 ὀγδόῳ
3181 4864 3460 4938 κεφαλαίῳ
3508 4862 3600 4917 τοῦ
3651 4862 3790 4917 κατὰ

2215 4971 2522 5028 Ματοαίον.

2288 5067 2448 5122 ΚΕΦ.
2495 5068 2550 5120 l'.
2595 5062 2733 5132 Περί
2772 5058 2891 5114 τῶν
2938 5053 3230 5182 ἓαθέντων
3278 5049 3396 5106 ἀπὸ
3434 5047 3730 5101 ποικίλων

2901 5147 2938 5182 ν
2977 5142 3125 5180 σων.

2901 5142 3125 5182 νοσαηπ

2290 5236 2587 5297 Δύνοντος
2628 5227 2697 5282 δὲ
2754 5223 2863 5280 τοῦ
2914 5223 3094 5290 ἡλίου
3138 5247 3209 5257 -
3260 5213 3500 5278 αὐτούς.
3565 5210 3796 5281 Εἴρηται

536 5343 748 5398 Dictum
780 5353 864 5399 est
895 5346 962 5400 de
1010 5345 1092 5398 his
1124 5344 1179 5397 in
1214 5343 1481 5412 principio
1507 5343 1636 5398 noni
1676 5341 1874 5412 capitis
1933 5340 2095 5393 Evan-

2219 5332 2348 5401 περὶ
2376 5327 2565 5382 τούτου
2615 5325 2673 5377 ὲν
2726 5319 2839 5390 (15)
2892 5318 3036 5389 ἀρχῇ
3084 5312 3178 5366 τοῦ
3231 5311 3423 5364 ἐνάτου
3497 5303 3792 5375 κεφαλαίου

538 5435 658 5506 gelii
681 5437 981 5491 secundum
1005 5435 1347 5492 Matthaurm.

646 5551 690 5584 ³³
718 5550 782 5604 Ill
816 5551 951 5623 Reg.
983 5569 1114 5614 xvu,
1147 5553 1204 5607 9.

2225 5424 2317 5477 τοῦ
2351 5421 2492 5475 κατὰ
2521 5415 2826 5472 Ματθαῐον.

1729 5615 1926 5680 Varia;
1979 5616 2280 5678 lectiones
2313 5617 2374 5670 et
2408 5619 2593 5668 notae.

615 5773 726 5838 (121
763 5775 1035 5844 Σαρεφθά.
1060 5775 1117 5828 Β.

616 5845 729 5910 (Ιό)
760 5845 872 5899 Hoc
903 5838 930 5898 a
963 5861 1124 5898 manu
1153 5860 1373 5913 prorsus
1421 5840 1628 5900 recenti
1689 5838 1870 5913 habet
1894 5839 1937 5890 Δ
1964 5909 1994 5913 η
2021 5838 2117 5890 Est

547 5908 1015 5976 huteutcorr'tctio
1038 5908 1228 5975 scholii
1262 5917 1504 5981 proxime
1533 5908 1922 5968 antecedentis.
1956 5909 2116 5965 Caret

2226 5780 2291 5819 eo
2312 5760 2630 5816 Hentenius.

2302 5811 2422 5898 (ill
2440 5829 2600 5883 Forte
2627 5822 2970 5894 κατῴκησεν,
3008 5818 3274 5898 intelligo,
3313 5816 3431 5890 μετ’
3463 5811 3655 5884 αὐτῆς.

2463 5901 2548 5954 Ἐν
2574 5899 2650 5969 τῷ
2674 5888 2851 5968 ὲνᾶτιιὶ
2875 5888 3172 5964 κεφαλαίῳ.
3198 5889 3259 5944 Β.
