  <div class='ocr_page' id='page_1' title='image "/cluster/home/n/w/nwhite01/storage/ocr_20150623/129/ien.35556001660034/462.png"; bbox 0 0 4032 6474; ppageno 0'>
   <div class='ocr_carea' id='block_1_1' title="bbox 271 448 378 512">
    <p class='ocr_par' dir='ltr' id='par_1_1' title="bbox 271 448 378 512">
     <span class='ocr_line' id='line_1_1' title="bbox 271 448 378 512; baseline 0.019 -2"><span class='ocrx_word' id='word_1_1' title='bbox 271 448 378 512; x_wconf 71' lang='lat'><strong>925</strong></span> 
     </span>
    </p>
   </div>
   <div class='ocr_carea' id='block_1_2' title="bbox 1231 447 2508 514">
    <p class='ocr_par' dir='ltr' id='par_1_2' title="bbox 1231 447 2508 514">
     <span class='ocr_line' id='line_1_2' title="bbox 1231 447 2508 514; baseline 0.001 -2"><span class='ocrx_word' id='word_1_2' title='bbox 1231 447 1621 512; x_wconf 74' lang='lat' dir='ltr'><strong>COMMENT.</strong></span> <span class='ocrx_word' id='word_1_3' title='bbox 1663 449 1742 509; x_wconf 84' lang='lat' dir='ltr'><strong>IN</strong></span> <span class='ocrx_word' id='word_1_4' title='bbox 1785 448 2062 511; x_wconf 74' lang='lat' dir='ltr'><strong>LUCAM.</strong></span> <span class='ocrx_word' id='word_1_5' title='bbox 2099 473 2161 485; x_wconf 81' lang='grc'><strong>-</strong></span> <span class='ocrx_word' id='word_1_6' title='bbox 2206 450 2362 512; x_wconf 75' lang='lat' dir='ltr'><strong>CAP.</strong></span> <span class='ocrx_word' id='word_1_7' title='bbox 2407 450 2508 514; x_wconf 82' lang='lat' dir='ltr'><strong>VI.</strong></span> 
     </span>
    </p>
   </div>
   <div class='ocr_carea' id='block_1_3' title="bbox 3428 459 3538 522">
    <p class='ocr_par' dir='ltr' id='par_1_3' title="bbox 3428 459 3538 522">
     <span class='ocr_line' id='line_1_3' title="bbox 3428 459 3538 522; baseline -0.018 -1"><span class='ocrx_word' id='word_1_8' title='bbox 3428 459 3538 522; x_wconf 74' lang='lat'><strong>926</strong></span> 
     </span>
    </p>
   </div>
   <div class='ocr_carea' id='block_1_4' title="bbox 343 560 1845 633">
    <p class='ocr_par' dir='ltr' id='par_1_4' title="bbox 343 561 1845 633">
     <span class='ocr_line' id='line_1_4' title="bbox 343 561 1845 633; baseline -0.003 -17"><span class='ocrx_word' id='word_1_9' title='bbox 343 563 632 629; x_wconf 79' lang='grc' dir='ltr'><strong>Μακάριοι</strong></span> <span class='ocrx_word' id='word_1_10' title='bbox 668 594 736 606; x_wconf 89' lang='grc'><strong>-</strong></span> <span class='ocrx_word' id='word_1_11' title='bbox 762 565 1072 633; x_wconf 76' lang='grc' dir='ltr'><strong>γελάσετε.</strong></span> <span class='ocrx_word' id='word_1_12' title='bbox 1098 564 1161 617; x_wconf 87' lang='grc' dir='ltr'>Οί</span> <span class='ocrx_word' id='word_1_13' title='bbox 1195 564 1499 627; x_wconf 74' lang='grc' dir='ltr'><strong>κλαίοντες,</strong></span> <span class='ocrx_word' id='word_1_14' title='bbox 1523 563 1622 632; x_wconf 85' lang='grc' dir='ltr'><strong>οὐχ</strong></span> <span class='ocrx_word' id='word_1_15' title='bbox 1644 561 1845 624; x_wconf 66' lang='grc' dir='ltr'>ἁπλῶς,</span> 
     </span>
    </p>
   </div>
   <div class='ocr_carea' id='block_1_5' title="bbox 1965 560 3541 633">
    <p class='ocr_par' dir='ltr' id='par_1_5' title="bbox 2029 560 3541 632">
     <span class='ocr_line' id='line_1_5' title="bbox 2029 560 3541 632; baseline 0.007 -18"><span class='ocrx_word' id='word_1_16' title='bbox 2029 560 2181 615; x_wconf 77' lang='lat' dir='ltr'><strong>Vcrs.</strong></span> <span class='ocrx_word' id='word_1_17' title='bbox 2217 561 2307 615; x_wconf 74' lang='lat' dir='ltr'><strong>2i.</strong></span> <span class='ocrx_word' id='word_1_18' title='bbox 2341 561 2493 616; x_wconf 81' lang='lat' dir='ltr'><strong>Beati</strong></span> <span class='ocrx_word' id='word_1_19' title='bbox 2533 592 2602 601; x_wconf 89' lang='lat'><strong>—-</strong></span> <span class='ocrx_word' id='word_1_20' title='bbox 2653 563 2912 622; x_wconf 76' lang='lat' dir='ltr'><strong>ridebitis.</strong></span> <span class='ocrx_word' id='word_1_21' title='bbox 2959 565 3064 632; x_wconf 97' lang='lat' dir='ltr'><strong>Qui</strong></span> <span class='ocrx_word' id='word_1_22' title='bbox 3106 563 3238 622; x_wconf 80' lang='lat' dir='ltr'><strong>ﬂent</strong></span> <span class='ocrx_word' id='word_1_23' title='bbox 3287 583 3416 622; x_wconf 90' lang='lat' dir='ltr'><strong>non-</strong></span> <span class='ocrx_word' id='word_1_24' title='bbox 3451 580 3541 624; x_wconf 86' lang='lat' dir='ltr'><strong>ut-</strong></span> 
     </span>
    </p>
   </div>
   <div class='ocr_carea' id='block_1_6' title="bbox 272 651 1852 722">
    <p class='ocr_par' dir='ltr' id='par_1_6' title="bbox 272 651 1852 722">
     <span class='ocr_line' id='line_1_6' title="bbox 272 651 1852 722; baseline -0.002 -19"><span class='ocrx_word' id='word_1_25' title='bbox 272 653 389 704; x_wconf 79' lang='grc' dir='ltr'>ἀλλ’</span> <span class='ocrx_word' id='word_1_26' title='bbox 429 653 459 722; x_wconf 80' lang='grc' dir='ltr'>ἢ</span> <span class='ocrx_word' id='word_1_27' title='bbox 496 655 588 705; x_wconf 72' lang='grc' dir='ltr'><strong>ἐπὶ</strong></span> <span class='ocrx_word' id='word_1_28' title='bbox 634 655 744 717; x_wconf 84' lang='grc' dir='ltr'>τοῖς</span> <span class='ocrx_word' id='word_1_29' title='bbox 790 654 998 707; x_wconf 77' lang='grc' dir='ltr'>ἑαυτῶν</span> <span class='ocrx_word' id='word_1_30' title='bbox 1050 653 1468 722; x_wconf 82' lang='grc' dir='ltr'>ἁμαρτήμασιν,</span> <span class='ocrx_word' id='word_1_31' title='bbox 1527 652 1558 720; x_wconf 74' lang='grc' dir='ltr'>ἢ</span> <span class='ocrx_word' id='word_1_32' title='bbox 1597 653 1690 703; x_wconf 71' lang='grc' dir='ltr'><strong>ἐπὶ</strong></span> <span class='ocrx_word' id='word_1_33' title='bbox 1731 651 1852 711; x_wconf 79' lang='grc' dir='ltr'>ταῖς</span> 
     </span>
    </p>
   </div>
   <div class='ocr_carea' id='block_1_7' title="bbox 273 741 1855 814">
    <p class='ocr_par' dir='ltr' id='par_1_7' title="bbox 273 741 1855 814">
     <span class='ocr_line' id='line_1_7' title="bbox 273 741 1855 814; baseline -0.004 -16"><span class='ocrx_word' id='word_1_34' title='bbox 273 745 479 814; x_wconf 72' lang='grc' dir='ltr'>ἑτέρων</span> <span class='ocrx_word' id='word_1_35' title='bbox 498 745 917 808; x_wconf 80' lang='grc' dir='ltr'>κακοπαθείαις.</span> <span class='ocrx_word' id='word_1_36' title='bbox 943 745 1032 797; x_wconf 74' lang='grc' dir='ltr'>καὶ</span> <span class='ocrx_word' id='word_1_37' title='bbox 1057 745 1346 798; x_wconf 76' lang='grc' dir='ltr'>συνελόντα</span> <span class='ocrx_word' id='word_1_38' title='bbox 1361 746 1555 809; x_wconf 77' lang='grc' dir='ltr'>εἰπεῖν,</span> <span class='ocrx_word' id='word_1_39' title='bbox 1572 744 1620 796; x_wconf 91' lang='grc' dir='ltr'><strong>οί</strong></span> <span class='ocrx_word' id='word_1_40' title='bbox 1650 741 1855 794; x_wconf 88' lang='grc' dir='ltr'>κλαίον-</span> 
     </span>
    </p>
   </div>
   <div class='ocr_carea' id='block_1_8' title="bbox 1959 652 3538 728">
    <p class='ocr_par' dir='ltr' id='par_1_8' title="bbox 1959 652 3538 728">
     <span class='ocr_line' id='line_1_8' title="bbox 1959 652 3538 728; baseline 0.006 -23"><span class='ocrx_word' id='word_1_41' title='bbox 1959 667 2197 721; x_wconf 88' lang='lat' dir='ltr'><strong>cunque.</strong></span> <span class='ocrx_word' id='word_1_42' title='bbox 2238 652 2344 706; x_wconf 85' lang='lat' dir='ltr'><strong>Sed</strong></span> <span class='ocrx_word' id='word_1_43' title='bbox 2378 654 2463 706; x_wconf 86' lang='lat' dir='ltr'><strong>vel</strong></span> <span class='ocrx_word' id='word_1_44' title='bbox 2495 668 2595 723; x_wconf 89' lang='lat' dir='ltr'><strong>pro</strong></span> <span class='ocrx_word' id='word_1_45' title='bbox 2627 656 2741 709; x_wconf 87' lang='lat' dir='ltr'><strong>suis</strong></span> <span class='ocrx_word' id='word_1_46' title='bbox 2775 656 3013 725; x_wconf 72' lang='lat' dir='ltr'><strong>peccatis</strong></span> <span class='ocrx_word' id='word_1_47' title='bbox 3062 657 3146 712; x_wconf 90' lang='lat' dir='ltr'><strong>vel</strong></span> <span class='ocrx_word' id='word_1_48' title='bbox 3177 672 3277 728; x_wconf 91' lang='lat' dir='ltr'><strong>pro</strong></span> <span class='ocrx_word' id='word_1_49' title='bbox 3307 658 3538 715; x_wconf 87' lang='lat' dir='ltr'><strong>aliorum</strong></span> 
     </span>
    </p>
   </div>
   <div class='ocr_carea' id='block_1_9' title="bbox 1957 741 3540 817">
    <p class='ocr_par' dir='ltr' id='par_1_9' title="bbox 1957 741 3540 817">
     <span class='ocr_line' id='line_1_9' title="bbox 1957 741 3540 817; baseline 0.006 -24"><span class='ocrx_word' id='word_1_50' title='bbox 1957 741 2349 796; x_wconf 81' lang='lat' dir='ltr'><strong>alllictiouibus</strong></span> <span class='ocrx_word' id='word_1_51' title='bbox 2397 757 2414 797; x_wconf 89' lang='lat'><strong>:</strong></span> <span class='ocrx_word' id='word_1_52' title='bbox 2463 754 2540 807; x_wconf 88' lang='lat' dir='ltr'><strong>et,</strong></span> <span class='ocrx_word' id='word_1_53' title='bbox 2596 753 2656 798; x_wconf 92' lang='lat' dir='ltr'><strong>ut</strong></span> <span class='ocrx_word' id='word_1_54' title='bbox 2685 761 2815 800; x_wconf 15' lang='lat' dir='ltr'><strong>uno.</strong></span> <span class='ocrx_word' id='word_1_55' title='bbox 2846 744 3126 800; x_wconf 81' lang='lat' dir='ltr'><strong>absolvam</strong></span> <span class='ocrx_word' id='word_1_56' title='bbox 3195 747 3385 809; x_wconf 88' lang='lat' dir='ltr'><strong>verbo,</strong></span> <span class='ocrx_word' id='word_1_57' title='bbox 3447 750 3540 817; x_wconf 89' lang='lat' dir='ltr'><strong>qui</strong></span> 
     </span>
    </p>
   </div>
   <div class='ocr_carea' id='block_1_10' title="bbox 271 833 1845 904">
    <p class='ocr_par' dir='ltr' id='par_1_10' title="bbox 271 836 1845 904">
     <span class='ocr_line' id='line_1_10' title="bbox 271 836 1845 904; baseline 0 -16"><span class='ocrx_word' id='word_1_58' title='bbox 271 847 368 899; x_wconf 81' lang='grc' dir='ltr'>τες</span> <span class='ocrx_word' id='word_1_59' title='bbox 424 838 562 889; x_wconf 85' lang='grc' dir='ltr'><strong>κατὰ</strong></span> <span class='ocrx_word' id='word_1_60' title='bbox 598 836 765 902; x_wconf 84' lang='grc' dir='ltr'>Θεὸν,</span> <span class='ocrx_word' id='word_1_61' title='bbox 807 837 856 890; x_wconf 80' lang='grc' dir='ltr'>οἳ</span> <span class='ocrx_word' id='word_1_62' title='bbox 910 837 1200 904; x_wconf 80' lang='grc' dir='ltr'>γελάσουσι</span> <span class='ocrx_word' id='word_1_63' title='bbox 1254 837 1395 889; x_wconf 78' lang='grc' dir='ltr'>κατὰ</span> <span class='ocrx_word' id='word_1_64' title='bbox 1443 839 1534 889; x_wconf 59' lang='grc' dir='ltr'>τὴν</span> <span class='ocrx_word' id='word_1_65' title='bbox 1588 837 1845 904; x_wconf 86' lang='grc' dir='ltr'>μέλλοντα</span> 
     </span>
    </p>
   </div>
   <div class='ocr_carea' id='block_1_11' title="bbox 1965 833 3542 904">
    <p class='ocr_par' dir='ltr' id='par_1_11' title="bbox 1965 833 3542 894">
     <span class='ocr_line' id='line_1_11' title="bbox 1965 833 3542 894; baseline 0.004 -7"><span class='ocrx_word' id='word_1_66' title='bbox 1965 834 2268 888; x_wconf 79' lang='lat' dir='ltr'><strong>secundum</strong></span> <span class='ocrx_word' id='word_1_67' title='bbox 2299 833 2467 888; x_wconf 88' lang='lat' dir='ltr'><strong>Deum</strong></span> <span class='ocrx_word' id='word_1_68' title='bbox 2494 834 2646 890; x_wconf 79' lang='lat' dir='ltr'><strong>ﬂent.</strong></span> <span class='ocrx_word' id='word_1_69' title='bbox 2676 835 2738 890; x_wconf 88' lang='lat' dir='ltr'><strong>Hi</strong></span> <span class='ocrx_word' id='word_1_70' title='bbox 2770 847 2952 891; x_wconf 85' lang='lat' dir='ltr'><strong>autem</strong></span> <span class='ocrx_word' id='word_1_71' title='bbox 2981 841 3036 890; x_wconf 90' lang='lat' dir='ltr'><strong>in</strong></span> <span class='ocrx_word' id='word_1_72' title='bbox 3072 837 3257 892; x_wconf 74' lang='lat' dir='ltr'><strong>futuro</strong></span> <span class='ocrx_word' id='word_1_73' title='bbox 3281 839 3542 894; x_wconf 88' lang='lat' dir='ltr'><strong>ridebunt</strong></span> 
     </span>
    </p>
   </div>
   <div class='ocr_carea' id='block_1_12' title="bbox 272 928 1851 999">
    <p class='ocr_par' dir='ltr' id='par_1_12' title="bbox 272 928 1851 999">
     <span class='ocr_line' id='line_1_12' title="bbox 272 928 1851 999; baseline 0.001 -18"><span class='ocrx_word' id='word_1_74' title='bbox 272 930 468 992; x_wconf 81' lang='grc' dir='ltr'>αἰῶνα,</span> <span class='ocrx_word' id='word_1_75' title='bbox 533 931 850 996; x_wconf 69' lang='grc' dir='ltr'>τουτέστινξ,</span> <span class='ocrx_word' id='word_1_76' title='bbox 905 929 1378 999; x_wconf 64' lang='grc' dir='ltr'><strong>εὐφρανθήσονται</strong></span> <span class='ocrx_word' id='word_1_77' title='bbox 1441 928 1851 999; x_wconf 77' lang='grc' dir='ltr'><strong>πνευματικῶς.</strong></span> 
     </span>
    </p>
   </div>
   <div class='ocr_carea' id='block_1_13' title="bbox 274 1017 1362 1093">
    <p class='ocr_par' dir='ltr' id='par_1_13' title="bbox 274 1017 1362 1093">
     <span class='ocr_line' id='line_1_13' title="bbox 274 1017 1362 1093; baseline 0 -21"><span class='ocrx_word' id='word_1_78' title='bbox 274 1017 346 1073; x_wconf 83' lang='grc' dir='ltr'>Σύ</span> <span class='ocrx_word' id='word_1_79' title='bbox 357 1020 555 1090; x_wconf 77' lang='grc' dir='ltr'>μεολον</span> <span class='ocrx_word' id='word_1_80' title='bbox 589 1021 699 1093; x_wconf 87' lang='grc' dir='ltr'><strong>γάρ</strong></span> <span class='ocrx_word' id='word_1_81' title='bbox 726 1021 1089 1092; x_wconf 73' lang='grc' dir='ltr'>εὐφροσύνης,</span> <span class='ocrx_word' id='word_1_82' title='bbox 1114 1023 1140 1073; x_wconf 83' lang='grc' dir='ltr'>ὀ</span> <span class='ocrx_word' id='word_1_83' title='bbox 1173 1020 1362 1087; x_wconf 85' lang='grc' dir='ltr'>γέλως.</span> 
     </span>
    </p>
   </div>
   <div class='ocr_carea' id='block_1_14' title="bbox 342 1107 1856 1182">
    <p class='ocr_par' dir='ltr' id='par_1_14' title="bbox 342 1107 1856 1182">
     <span class='ocr_line' id='line_1_14' title="bbox 342 1107 1856 1182; baseline -0.006 -14"><span class='ocrx_word' id='word_1_84' title='bbox 342 1113 634 1182; x_wconf 77' lang='grc' dir='ltr'><strong>Μακάριοι</strong></span> <span class='ocrx_word' id='word_1_85' title='bbox 657 1144 728 1154; x_wconf 89' lang='grc'><strong>--</strong></span> <span class='ocrx_word' id='word_1_86' title='bbox 754 1110 1089 1180; x_wconf 76' lang='grc' dir='ltr'>ἀνθρώπου.</span> <span class='ocrx_word' id='word_1_87' title='bbox 1116 1112 1281 1163; x_wconf 86' lang='grc' dir='ltr'>Ὅταν</span> <span class='ocrx_word' id='word_1_88' title='bbox 1301 1111 1372 1162; x_wconf 84' lang='grc' dir='ltr'>τὰ</span> <span class='ocrx_word' id='word_1_89' title='bbox 1399 1108 1666 1180; x_wconf 74' lang='grc' dir='ltr'><strong>εἰρημένα</strong></span> <span class='ocrx_word' id='word_1_90' title='bbox 1696 1107 1856 1177; x_wconf 80' lang='grc' dir='ltr'>ποιή-</span> 
     </span>
    </p>
   </div>
   <div class='ocr_carea' id='block_1_15' title="bbox 274 1202 1853 1274">
    <p class='ocr_par' dir='ltr' id='par_1_15' title="bbox 274 1202 1853 1274">
     <span class='ocr_line' id='line_1_15' title="bbox 274 1202 1853 1274; baseline -0.001 -18"><span class='ocrx_word' id='word_1_91' title='bbox 274 1223 445 1258; x_wconf 83' lang='grc' dir='ltr'>σωσιν</span> <span class='ocrx_word' id='word_1_92' title='bbox 475 1207 626 1274; x_wconf 77' lang='grc' dir='ltr'>ὑμῖν,</span> <span class='ocrx_word' id='word_1_93' title='bbox 671 1205 748 1274; x_wconf 79' lang='grc' dir='ltr'>μὴ</span> <span class='ocrx_word' id='word_1_94' title='bbox 771 1206 859 1258; x_wconf 78' lang='grc' dir='ltr'>διά</span> <span class='ocrx_word' id='word_1_95' title='bbox 892 1221 1014 1257; x_wconf 89' lang='grc' dir='ltr'>τινα</span> <span class='ocrx_word' id='word_1_96' title='bbox 1059 1203 1258 1256; x_wconf 78' lang='grc' dir='ltr'>κακίαν</span> <span class='ocrx_word' id='word_1_97' title='bbox 1299 1202 1474 1274; x_wconf 83' lang='grc' dir='ltr'>ὑμῶν,</span> <span class='ocrx_word' id='word_1_98' title='bbox 1521 1202 1635 1255; x_wconf 80' lang='grc' dir='ltr'>ἀλλ’</span> <span class='ocrx_word' id='word_1_99' title='bbox 1665 1203 1853 1255; x_wconf 76' lang='grc' dir='ltr'>ἕνεκεν</span> 
     </span>
    </p>
   </div>
   <div class='ocr_carea' id='block_1_16' title="bbox 268 1292 1216 1368">
    <p class='ocr_par' dir='ltr' id='par_1_16' title="bbox 268 1292 1216 1368">
     <span class='ocr_line' id='line_1_16' title="bbox 268 1292 1216 1368; baseline -0.002 -18"><span class='ocrx_word' id='word_1_100' title='bbox 268 1297 427 1368; x_wconf 73' lang='grc' dir='ltr'>ἐμοῦ,</span> <span class='ocrx_word' id='word_1_101' title='bbox 462 1298 550 1352; x_wconf 78' lang='grc' dir='ltr'>διὰ</span> <span class='ocrx_word' id='word_1_102' title='bbox 581 1299 643 1350; x_wconf 85' lang='grc' dir='ltr'>τὸ</span> <span class='ocrx_word' id='word_1_103' title='bbox 673 1292 814 1350; x_wconf 75' lang='grc' dir='ltr'>εἶναι</span> <span class='ocrx_word' id='word_1_104' title='bbox 852 1297 996 1366; x_wconf 80' lang='grc' dir='ltr'>ὑμᾶς</span> <span class='ocrx_word' id='word_1_105' title='bbox 1026 1297 1216 1366; x_wconf 77' lang='grc' dir='ltr'>ἐμούς.</span> 
     </span>
    </p>
   </div>
   <div class='ocr_carea' id='block_1_17' title="bbox 345 1460 1851 1532">
    <p class='ocr_par' dir='ltr' id='par_1_17' title="bbox 345 1460 1851 1532">
     <span class='ocr_line' id='line_1_17' title="bbox 345 1460 1851 1532; baseline -0.002 -15"><span class='ocrx_word' id='word_1_106' title='bbox 345 1463 660 1532; x_wconf 74' lang='grc' dir='ltr'>Χάρητε-</span> <span class='ocrx_word' id='word_1_107' title='bbox 686 1461 946 1532; x_wconf 78' lang='grc' dir='ltr'><strong>οὐρανῷ.</strong></span> <span class='ocrx_word' id='word_1_108' title='bbox 992 1460 1559 1532; x_wconf 71' lang='grc' dir='ltr'>Ἀγαλλιάσθητε(26)</span> <span class='ocrx_word' id='word_1_109' title='bbox 1600 1477 1851 1532; x_wconf 78' lang='grc' dir='ltr'>πνευμα-</span> 
     </span>
    </p>
   </div>
   <div class='ocr_carea' id='block_1_18' title="bbox 263 1570 457 1610">
    <p class='ocr_par' dir='ltr' id='par_1_18' title="bbox 263 1570 457 1610">
     <span class='ocr_line' id='line_1_18' title="bbox 263 1570 457 1610; baseline -0.01 0"><span class='ocrx_word' id='word_1_110' title='bbox 263 1570 457 1610; x_wconf 62' lang='lat' dir='ltr'><strong>nume.</strong></span> 
     </span>
    </p>
   </div>
   <div class='ocr_carea' id='block_1_19' title="bbox 339 1573 1849 1714">
    <p class='ocr_par' dir='ltr' id='par_1_19' title="bbox 339 1573 1849 1714">
     <span class='ocr_line' id='line_1_19' title="bbox 339 1574 457 1608; baseline 0.008 -1"><span class='ocrx_word' id='word_1_111' title='bbox 339 1574 402 1608; x_wconf 80' lang='grc' dir='ltr'><strong>ιω</strong></span> <span class='ocrx_word' id='word_1_112' title='bbox 443 1593 457 1608; x_wconf 86' lang='grc'>.</span> 
     </span>
     <span class='ocr_line' id='line_1_20' title="bbox 339 1573 1849 1714; baseline -0.003 -12"><span class='ocrx_word' id='word_1_113' title='bbox 339 1573 501 1702; x_wconf 61' lang='grc' dir='ltr'>Κιῗτὰ</span> <span class='ocrx_word' id='word_1_114' title='bbox 544 1676 611 1686; x_wconf 88' lang='grc'><strong><em>-</em></strong></span> <span class='ocrx_word' id='word_1_115' title='bbox 661 1644 884 1700; x_wconf 74' lang='grc' dir='ltr'>αὐτῶν.</span> <span class='ocrx_word' id='word_1_116' title='bbox 935 1643 1095 1698; x_wconf 79' lang='grc' dir='ltr'>Κατὰ</span> <span class='ocrx_word' id='word_1_117' title='bbox 1144 1643 1213 1698; x_wconf 82' lang='grc' dir='ltr'><strong>τὰ</strong></span> <span class='ocrx_word' id='word_1_118' title='bbox 1264 1643 1521 1714; x_wconf 82' lang='grc' dir='ltr'>ῥηθέντα,</span> <span class='ocrx_word' id='word_1_119' title='bbox 1583 1643 1849 1711; x_wconf 79' lang='grc' dir='ltr'><strong>τουτέστι,</strong></span> 
     </span>
    </p>
   </div>
   <div class='ocr_carea' id='block_1_20' title="bbox 268 1733 1853 1808">
    <p class='ocr_par' dir='ltr' id='par_1_20' title="bbox 268 1733 1853 1808">
     <span class='ocr_line' id='line_1_21' title="bbox 268 1733 1853 1808; baseline -0.003 -16"><span class='ocrx_word' id='word_1_120' title='bbox 268 1738 558 1808; x_wconf 83' lang='grc' dir='ltr'>μισοῦντες</span> <span class='ocrx_word' id='word_1_121' title='bbox 602 1740 697 1790; x_wconf 78' lang='grc' dir='ltr'><strong>καὶ</strong></span> <span class='ocrx_word' id='word_1_122' title='bbox 748 1737 1126 1808; x_wconf 74' lang='grc' dir='ltr'>ἀφορίζοντες.</span> <span class='ocrx_word' id='word_1_123' title='bbox 1176 1736 1319 1807; x_wconf 67' lang='grc' dir='ltr'>ἢτοι,</span> <span class='ocrx_word' id='word_1_124' title='bbox 1354 1733 1684 1805; x_wconf 76' lang='grc' dir='ltr'><strong>χωρίζοντες</strong></span> <span class='ocrx_word' id='word_1_125' title='bbox 1723 1738 1853 1788; x_wconf 66' lang='grc' dir='ltr'>ὲαυυ</span> 
     </span>
    </p>
   </div>
   <div class='ocr_carea' id='block_1_21' title="bbox 1957 926 3539 1001">
    <p class='ocr_par' dir='ltr' id='par_1_21' title="bbox 1957 926 3539 1001">
     <span class='ocr_line' id='line_1_22' title="bbox 1957 926 3539 1001; baseline 0.005 -24"><span class='ocrx_word' id='word_1_126' title='bbox 1957 926 2176 990; x_wconf 67' lang='lat' dir='ltr'><strong>sarculo,</strong></span> <span class='ocrx_word' id='word_1_127' title='bbox 2215 927 2318 982; x_wconf 87' lang='lat' dir='ltr'><strong>hoc</strong></span> <span class='ocrx_word' id='word_1_128' title='bbox 2369 936 2471 992; x_wconf 89' lang='lat' dir='ltr'><strong>est,</strong></span> <span class='ocrx_word' id='word_1_129' title='bbox 2518 929 2875 996; x_wconf 87' lang='lat' dir='ltr'><strong>spiritualiter</strong></span> <span class='ocrx_word' id='word_1_130' title='bbox 2946 929 3297 1001; x_wconf 78' lang='lat' dir='ltr'><strong>gaudebunt;</strong></span> <span class='ocrx_word' id='word_1_131' title='bbox 3355 932 3539 1000; x_wconf 77' lang='lat' dir='ltr'><strong>gaudii</strong></span> 
     </span>
    </p>
   </div>
   <div class='ocr_carea' id='block_1_22' title="bbox 1956 1019 2707 1089">
    <p class='ocr_par' dir='ltr' id='par_1_22' title="bbox 1956 1019 2707 1089">
     <span class='ocr_line' id='line_1_23' title="bbox 1956 1019 2707 1089; baseline 0.003 -20"><span class='ocrx_word' id='word_1_132' title='bbox 1956 1019 2101 1071; x_wconf 89' lang='lat' dir='ltr'><strong>enim</strong></span> <span class='ocrx_word' id='word_1_133' title='bbox 2139 1020 2350 1089; x_wconf 80' lang='lat' dir='ltr'><strong>signum</strong></span> <span class='ocrx_word' id='word_1_134' title='bbox 2385 1028 2467 1073; x_wconf 79' lang='lat' dir='ltr'><strong>est</strong></span> <span class='ocrx_word' id='word_1_135' title='bbox 2498 1019 2662 1075; x_wconf 87' lang='lat' dir='ltr'><strong>risus.</strong></span> <span class='ocrx_word' id='word_1_136' title='bbox 2704 1068 2707 1071; x_wconf 87' lang='lat'><strong>.</strong></span> 
     </span>
    </p>
   </div>
   <div class='ocr_carea' id='block_1_23' title="bbox 2027 1109 3540 1184">
    <p class='ocr_par' dir='ltr' id='par_1_23' title="bbox 2027 1109 3540 1184">
     <span class='ocr_line' id='line_1_24' title="bbox 2027 1109 3540 1184; baseline 0.002 -19"><span class='ocrx_word' id='word_1_137' title='bbox 2027 1109 2182 1165; x_wconf 68' lang='grc' dir='ltr'>νει-ε.</span> <span class='ocrx_word' id='word_1_138' title='bbox 2213 1111 2303 1164; x_wconf 70' lang='grc'>22.</span> <span class='ocrx_word' id='word_1_139' title='bbox 2348 1111 2502 1184; x_wconf 72' lang='lat' dir='ltr'><strong>Beati</strong></span> <span class='ocrx_word' id='word_1_140' title='bbox 2531 1137 2600 1152; x_wconf 81' lang='lat'><strong>-—-</strong></span> <span class='ocrx_word' id='word_1_141' title='bbox 2622 1113 2869 1165; x_wconf 80' lang='lat' dir='ltr'><strong>hominis.</strong></span> <span class='ocrx_word' id='word_1_142' title='bbox 2907 1111 3046 1166; x_wconf 88' lang='lat' dir='ltr'><strong>Cum</strong></span> <span class='ocrx_word' id='word_1_143' title='bbox 3096 1111 3357 1181; x_wconf 65' lang='lat' dir='ltr'><strong>prmdicla</strong></span> <span class='ocrx_word' id='word_1_144' title='bbox 3390 1114 3540 1168; x_wconf 87' lang='lat' dir='ltr'><strong>vobis</strong></span> 
     </span>
    </p>
   </div>
   <div class='ocr_carea' id='block_1_24' title="bbox 1961 1200 3540 1270">
    <p class='ocr_par' dir='ltr' id='par_1_24' title="bbox 1961 1200 3540 1270">
     <span class='ocr_line' id='line_1_25' title="bbox 1961 1200 3540 1270; baseline 0 -16"><span class='ocrx_word' id='word_1_145' title='bbox 1961 1200 2214 1265; x_wconf 73' lang='lat' dir='ltr'><strong>fecerint,</strong></span> <span class='ocrx_word' id='word_1_146' title='bbox 2257 1215 2366 1254; x_wconf 92' lang='lat' dir='ltr'><strong>non</strong></span> <span class='ocrx_word' id='word_1_147' title='bbox 2433 1211 2658 1270; x_wconf 89' lang='lat' dir='ltr'><strong>propter</strong></span> <span class='ocrx_word' id='word_1_148' title='bbox 2715 1201 2937 1270; x_wconf 84' lang='lat' dir='ltr'><strong>aliquod</strong></span> <span class='ocrx_word' id='word_1_149' title='bbox 3005 1200 3230 1262; x_wconf 85' lang='lat' dir='ltr'><strong>malum,</strong></span> <span class='ocrx_word' id='word_1_150' title='bbox 3277 1201 3420 1268; x_wconf 92' lang='lat' dir='ltr'><strong>quod</strong></span> <span class='ocrx_word' id='word_1_151' title='bbox 3485 1200 3540 1254; x_wconf 91' lang='lat' dir='ltr'><strong>in</strong></span> 
     </span>
    </p>
   </div>
   <div class='ocr_carea' id='block_1_25' title="bbox 1957 1291 3540 1362">
    <p class='ocr_par' dir='ltr' id='par_1_25' title="bbox 1957 1291 3540 1362">
     <span class='ocr_line' id='line_1_26' title="bbox 1957 1291 3540 1362; baseline 0.002 -20"><span class='ocrx_word' id='word_1_152' title='bbox 1957 1293 2111 1346; x_wconf 78' lang='lat' dir='ltr'><strong>vobis</strong></span> <span class='ocrx_word' id='word_1_153' title='bbox 2160 1292 2250 1357; x_wconf 90' lang='lat' dir='ltr'><strong>sit,</strong></span> <span class='ocrx_word' id='word_1_154' title='bbox 2304 1292 2399 1346; x_wconf 85' lang='lat' dir='ltr'><strong>sed</strong></span> <span class='ocrx_word' id='word_1_155' title='bbox 2451 1301 2674 1362; x_wconf 89' lang='lat' dir='ltr'><strong>propter</strong></span> <span class='ocrx_word' id='word_1_156' title='bbox 2713 1307 2838 1356; x_wconf 76' lang='lat' dir='ltr'><strong>me,</strong></span> <span class='ocrx_word' id='word_1_157' title='bbox 2888 1301 2944 1346; x_wconf 88' lang='lat' dir='ltr'><strong>et</strong></span> <span class='ocrx_word' id='word_1_158' title='bbox 2981 1291 3111 1359; x_wconf 84' lang='lat' dir='ltr'><strong>quia</strong></span> <span class='ocrx_word' id='word_1_159' title='bbox 3155 1306 3250 1346; x_wconf 82' lang='lat' dir='ltr'><strong>vos</strong></span> <span class='ocrx_word' id='word_1_160' title='bbox 3303 1293 3408 1346; x_wconf 89' lang='lat' dir='ltr'><strong>mei</strong></span> <span class='ocrx_word' id='word_1_161' title='bbox 3450 1305 3540 1345; x_wconf 85' lang='lat' dir='ltr'><strong>es-</strong></span> 
     </span>
    </p>
   </div>
   <div class='ocr_carea' id='block_1_26' title="bbox 1956 1383 2047 1436">
    <p class='ocr_par' dir='ltr' id='par_1_26' title="bbox 1956 1383 2047 1436">
     <span class='ocr_line' id='line_1_27' title="bbox 1956 1383 2047 1436; baseline 0.022 -2"><span class='ocrx_word' id='word_1_162' title='bbox 1956 1383 2047 1436; x_wconf 85' lang='lat' dir='ltr'><strong>tis.</strong></span> 
     </span>
    </p>
   </div>
   <div class='ocr_carea' id='block_1_27' title="bbox 2023 1471 3539 1543">
    <p class='ocr_par' dir='ltr' id='par_1_27' title="bbox 2023 1471 3539 1543">
     <span class='ocr_line' id='line_1_28' title="bbox 2023 1471 3539 1543; baseline 0.001 -19"><span class='ocrx_word' id='word_1_163' title='bbox 2023 1475 2180 1528; x_wconf 83' lang='lat' dir='ltr'><strong>Vers.</strong></span> <span class='ocrx_word' id='word_1_164' title='bbox 2231 1474 2322 1527; x_wconf 73' lang='lat'><strong>25.</strong></span> <span class='ocrx_word' id='word_1_165' title='bbox 2367 1472 2603 1531; x_wconf 83' lang='lat' dir='ltr'><strong>Gaudete</strong></span> <span class='ocrx_word' id='word_1_166' title='bbox 2650 1503 2715 1516; x_wconf 92' lang='lat'><strong><em>—</em></strong></span> <span class='ocrx_word' id='word_1_167' title='bbox 2759 1473 2922 1528; x_wconf 69' lang='lat' dir='ltr'><strong>caelo.</strong></span> <span class='ocrx_word' id='word_1_168' title='bbox 2973 1471 3220 1528; x_wconf 88' lang='lat' dir='ltr'><strong>Gaudete</strong></span> <span class='ocrx_word' id='word_1_169' title='bbox 3275 1471 3539 1543; x_wconf 81' lang='lat' dir='ltr'><strong>spiritua-</strong></span> 
     </span>
    </p>
   </div>
   <div class='ocr_carea' id='block_1_28' title="bbox 1956 1567 2105 1621">
    <p class='ocr_par' dir='ltr' id='par_1_28' title="bbox 1956 1567 2105 1621">
     <span class='ocr_line' id='line_1_29' title="bbox 1956 1567 2105 1621; baseline 0.007 -1"><span class='ocrx_word' id='word_1_170' title='bbox 1956 1567 2105 1621; x_wconf 87' lang='lat' dir='ltr'><strong>liter.</strong></span> 
     </span>
    </p>
   </div>
   <div class='ocr_carea' id='block_1_29' title="bbox 2026 1655 3532 1714">
    <p class='ocr_par' dir='ltr' id='par_1_29' title="bbox 2026 1655 3532 1714">
     <span class='ocr_line' id='line_1_30' title="bbox 2026 1655 3532 1714; baseline 0 -1"><span class='ocrx_word' id='word_1_171' title='bbox 2026 1657 2184 1714; x_wconf 84' lang='lat' dir='ltr'><strong>Vers.</strong></span> <span class='ocrx_word' id='word_1_172' title='bbox 2250 1658 2341 1714; x_wconf 69' lang='lat'><strong>25.</strong></span> <span class='ocrx_word' id='word_1_173' title='bbox 2394 1656 2698 1713; x_wconf 84' lang='lat' dir='ltr'><strong>Secundum</strong></span> <span class='ocrx_word' id='word_1_174' title='bbox 2734 1686 2803 1696; x_wconf 96' lang='lat'><strong><em>—</em></strong></span> <span class='ocrx_word' id='word_1_175' title='bbox 2838 1672 3040 1710; x_wconf 87' lang='lat' dir='ltr'><strong>eorum.</strong></span> <span class='ocrx_word' id='word_1_176' title='bbox 3091 1655 3408 1712; x_wconf 90' lang='lat' dir='ltr'><strong>Secundum</strong></span> <span class='ocrx_word' id='word_1_177' title='bbox 3465 1673 3532 1713; x_wconf 86' lang='lat' dir='ltr'><strong>ea</strong></span> 
     </span>
    </p>
   </div>
   <div class='ocr_carea' id='block_1_30' title="bbox 1953 1747 3532 1819">
    <p class='ocr_par' dir='ltr' id='par_1_30' title="bbox 1953 1747 3532 1819">
     <span class='ocr_line' id='line_1_31' title="bbox 1953 1747 3532 1819; baseline -0.001 -16"><span class='ocrx_word' id='word_1_178' title='bbox 1953 1765 2074 1819; x_wconf 68' lang='lat' dir='ltr'><strong>qua:</strong></span> <span class='ocrx_word' id='word_1_179' title='bbox 2105 1749 2250 1803; x_wconf 85' lang='lat' dir='ltr'><strong>dicta</strong></span> <span class='ocrx_word' id='word_1_180' title='bbox 2283 1757 2433 1813; x_wconf 89' lang='lat' dir='ltr'><strong>sunt,</strong></span> <span class='ocrx_word' id='word_1_181' title='bbox 2475 1757 2605 1818; x_wconf 89' lang='lat' dir='ltr'><strong>puta</strong></span> <span class='ocrx_word' id='word_1_182' title='bbox 2635 1747 2763 1800; x_wconf 89' lang='lat' dir='ltr'><strong>odio</strong></span> <span class='ocrx_word' id='word_1_183' title='bbox 2799 1748 3086 1811; x_wconf 83' lang='lat' dir='ltr'><strong>habentes,</strong></span> <span class='ocrx_word' id='word_1_184' title='bbox 3117 1759 3168 1801; x_wconf 85' lang='lat' dir='ltr'><strong>et</strong></span> <span class='ocrx_word' id='word_1_185' title='bbox 3203 1756 3532 1816; x_wconf 82' lang='lat' dir='ltr'><strong>separantes</strong></span> 
     </span>
    </p>
   </div>
   <div class='ocr_carea' id='block_1_31' title="bbox 261 1827 1845 1912">
    <p class='ocr_par' dir='ltr' id='par_1_31' title="bbox 261 1827 1845 1899">
     <span class='ocr_line' id='line_1_32' title="bbox 261 1827 1845 1899; baseline -0.001 -17"><span class='ocrx_word' id='word_1_186' title='bbox 261 1830 399 1894; x_wconf 83' lang='grc' dir='ltr'>τῶν,</span> <span class='ocrx_word' id='word_1_187' title='bbox 432 1830 526 1882; x_wconf 75' lang='grc' dir='ltr'>καὶ</span> <span class='ocrx_word' id='word_1_188' title='bbox 557 1830 629 1880; x_wconf 82' lang='grc' dir='ltr'><strong>τὰ</strong></span> <span class='ocrx_word' id='word_1_189' title='bbox 656 1828 805 1898; x_wconf 79' lang='grc' dir='ltr'>ἑξῆς.</span> <span class='ocrx_word' id='word_1_190' title='bbox 864 1829 927 1881; x_wconf 74' lang='lat' dir='ltr'><strong>Ol</strong></span> <span class='ocrx_word' id='word_1_191' title='bbox 993 1828 1232 1897; x_wconf 81' lang='grc' dir='ltr'><strong>πατέρες</strong></span> <span class='ocrx_word' id='word_1_192' title='bbox 1286 1827 1344 1879; x_wconf 84' lang='grc' dir='ltr'>δὲ</span> <span class='ocrx_word' id='word_1_193' title='bbox 1401 1827 1603 1894; x_wconf 80' lang='grc' dir='ltr'>αὐτῶν,</span> <span class='ocrx_word' id='word_1_194' title='bbox 1649 1827 1845 1899; x_wconf 78' lang='grc' dir='ltr'>δηλαδὴ</span> 
     </span>
    </p>
   </div>
   <div class='ocr_carea' id='block_1_32' title="bbox 1965 1827 3541 1912">
    <p class='ocr_par' dir='ltr' id='par_1_32' title="bbox 1965 1839 3541 1912">
     <span class='ocr_line' id='line_1_33' title="bbox 1965 1839 3541 1912; baseline -0.002 -17"><span class='ocrx_word' id='word_1_195' title='bbox 1965 1841 2071 1896; x_wconf 76' lang='lat' dir='ltr'><strong>sive</strong></span> <span class='ocrx_word' id='word_1_196' title='bbox 2126 1849 2474 1912; x_wconf 80' lang='lat' dir='ltr'><strong>segregantes</strong></span> <span class='ocrx_word' id='word_1_197' title='bbox 2510 1855 2634 1895; x_wconf 91' lang='lat' dir='ltr'><strong>sese</strong></span> <span class='ocrx_word' id='word_1_198' title='bbox 2670 1839 2740 1893; x_wconf 87' lang='lat' dir='ltr'><strong>ab</strong></span> <span class='ocrx_word' id='word_1_199' title='bbox 2773 1839 2902 1900; x_wconf 89' lang='lat' dir='ltr'><strong>illis.</strong></span> <span class='ocrx_word' id='word_1_200' title='bbox 2939 1847 2995 1894; x_wconf 90' lang='lat' dir='ltr'><strong>et</strong></span> <span class='ocrx_word' id='word_1_201' title='bbox 3021 1849 3235 1903; x_wconf 68' lang='lat' dir='ltr'><strong>caetera,</strong></span> <span class='ocrx_word' id='word_1_202' title='bbox 3291 1854 3410 1908; x_wconf 70' lang='lat' dir='ltr'><strong>quat</strong></span> <span class='ocrx_word' id='word_1_203' title='bbox 3459 1855 3541 1894; x_wconf 55' lang='lat' dir='ltr'><strong>se.</strong></span> 
     </span>
    </p>
   </div>
   <div class='ocr_carea' id='block_1_33' title="bbox 263 1917 1676 1992">
    <p class='ocr_par' dir='ltr' id='par_1_33' title="bbox 263 1917 1676 1992">
     <span class='ocr_line' id='line_1_34' title="bbox 263 1917 1676 1992; baseline -0.001 -19"><span class='ocrx_word' id='word_1_204' title='bbox 263 1921 378 1973; x_wconf 84' lang='grc' dir='ltr'><strong>τῶν</strong></span> <span class='ocrx_word' id='word_1_205' title='bbox 407 1919 716 1992; x_wconf 81' lang='grc' dir='ltr'>μελλόντων</span> <span class='ocrx_word' id='word_1_206' title='bbox 744 1921 874 1989; x_wconf 77' lang='grc' dir='ltr'>ὑμῖν</span> <span class='ocrx_word' id='word_1_207' title='bbox 901 1917 1073 1971; x_wconf 77' lang='grc' dir='ltr'>ταῦτα</span> <span class='ocrx_word' id='word_1_208' title='bbox 1114 1917 1341 1988; x_wconf 83' lang='grc' dir='ltr'>ποιῆσαι</span> <span class='ocrx_word' id='word_1_209' title='bbox 1385 1918 1676 1972; x_wconf 79' lang='grc' dir='ltr'><strong>Ἰουδαίων.</strong></span> 
     </span>
    </p>
   </div>
   <div class='ocr_carea' id='block_1_34' title="bbox 341 2096 1848 2170">
    <p class='ocr_par' dir='ltr' id='par_1_34' title="bbox 341 2096 1848 2170">
     <span class='ocr_line' id='line_1_35' title="bbox 341 2096 1848 2170; baseline -0.004 -15"><span class='ocrx_word' id='word_1_210' title='bbox 341 2099 516 2166; x_wconf 68' lang='grc' dir='ltr'><strong>Πλὴν</strong></span> <span class='ocrx_word' id='word_1_211' title='bbox 543 2129 614 2143; x_wconf 91' lang='lat'><em>--</em></span> <span class='ocrx_word' id='word_1_212' title='bbox 652 2099 837 2170; x_wconf 75' lang='grc' dir='ltr'>ὑμῶν.</span> <span class='ocrx_word' id='word_1_213' title='bbox 881 2098 1212 2166; x_wconf 85' lang='grc' dir='ltr'>Μακαρίσας</span> <span class='ocrx_word' id='word_1_214' title='bbox 1254 2098 1382 2160; x_wconf 79' lang='grc' dir='ltr'>τοὺς</span> <span class='ocrx_word' id='word_1_215' title='bbox 1430 2097 1704 2166; x_wconf 81' lang='grc' dir='ltr'>πτωχοὺς,</span> <span class='ocrx_word' id='word_1_216' title='bbox 1753 2096 1848 2150; x_wconf 77' lang='grc' dir='ltr'>καὶ</span> 
     </span>
    </p>
   </div>
   <div class='ocr_carea' id='block_1_35' title="bbox 261 2190 1850 2260">
    <p class='ocr_par' dir='ltr' id='par_1_35' title="bbox 261 2190 1850 2260">
     <span class='ocr_line' id='line_1_36' title="bbox 261 2190 1850 2260; baseline -0.003 -14"><span class='ocrx_word' id='word_1_217' title='bbox 261 2195 392 2250; x_wconf 70' lang='grc' dir='ltr'>τοὺς</span> <span class='ocrx_word' id='word_1_218' title='bbox 416 2193 740 2256; x_wconf 84' lang='grc' dir='ltr'>πεινῶντας,</span> <span class='ocrx_word' id='word_1_219' title='bbox 769 2191 1008 2254; x_wconf 70' lang='grc' dir='ltr'>καὶτοὺς</span> <span class='ocrx_word' id='word_1_220' title='bbox 1028 2190 1340 2252; x_wconf 74' lang='grc' dir='ltr'>κλαίοντας,</span> <span class='ocrx_word' id='word_1_221' title='bbox 1378 2191 1473 2245; x_wconf 73' lang='grc' dir='ltr'>καὶ</span> <span class='ocrx_word' id='word_1_222' title='bbox 1506 2192 1632 2255; x_wconf 78' lang='grc' dir='ltr'>τοὺς</span> <span class='ocrx_word' id='word_1_223' title='bbox 1659 2207 1850 2260; x_wconf 82' lang='grc' dir='ltr'>μισου-</span> 
     </span>
    </p>
   </div>
   <div class='ocr_carea' id='block_1_36' title="bbox 265 2281 1847 2357">
    <p class='ocr_par' dir='ltr' id='par_1_36' title="bbox 265 2281 1847 2357">
     <span class='ocr_line' id='line_1_37' title="bbox 265 2281 1847 2357; baseline -0.003 -16"><span class='ocrx_word' id='word_1_224' title='bbox 265 2289 487 2356; x_wconf 86' lang='grc' dir='ltr'>μένους,</span> <span class='ocrx_word' id='word_1_225' title='bbox 521 2290 614 2340; x_wconf 71' lang='grc' dir='ltr'><strong>καὶ</strong></span> <span class='ocrx_word' id='word_1_226' title='bbox 647 2285 1107 2357; x_wconf 80' lang='grc' dir='ltr'>ἁφοριξομένους,</span> <span class='ocrx_word' id='word_1_227' title='bbox 1149 2284 1246 2336; x_wconf 75' lang='grc' dir='ltr'>καὶ</span> <span class='ocrx_word' id='word_1_228' title='bbox 1289 2283 1720 2351; x_wconf 78' lang='grc' dir='ltr'><strong>ὀνειδιζομένους</strong></span> <span class='ocrx_word' id='word_1_229' title='bbox 1750 2281 1847 2336; x_wconf 76' lang='grc' dir='ltr'><strong>καὶ</strong></span> 
     </span>
    </p>
   </div>
   <div class='ocr_carea' id='block_1_37' title="bbox 260 2373 1843 2449">
    <p class='ocr_par' dir='ltr' id='par_1_37' title="bbox 260 2373 1843 2449">
     <span class='ocr_line' id='line_1_38' title="bbox 260 2373 1843 2449; baseline -0.004 -18"><span class='ocrx_word' id='word_1_230' title='bbox 260 2377 712 2449; x_wconf 76' lang='grc' dir='ltr'>λοιδορουμένους</span> <span class='ocrx_word' id='word_1_231' title='bbox 759 2377 826 2429; x_wconf 85' lang='grc' dir='ltr'>δι’</span> <span class='ocrx_word' id='word_1_232' title='bbox 891 2377 1078 2441; x_wconf 82' lang='grc' dir='ltr'>αὑτὸν,</span> <span class='ocrx_word' id='word_1_233' title='bbox 1135 2375 1323 2430; x_wconf 75' lang='grc' dir='ltr'>λοιπὸν</span> <span class='ocrx_word' id='word_1_234' title='bbox 1375 2376 1674 2440; x_wconf 81' lang='grc' dir='ltr'>ταλανίζει-</span> <span class='ocrx_word' id='word_1_235' title='bbox 1713 2373 1843 2436; x_wconf 76' lang='grc' dir='ltr'>τοὺς</span> 
     </span>
    </p>
   </div>
   <div class='ocr_carea' id='block_1_38' title="bbox 265 2466 1844 2539">
    <p class='ocr_par' dir='ltr' id='par_1_38' title="bbox 265 2466 1844 2539">
     <span class='ocr_line' id='line_1_39' title="bbox 265 2466 1844 2539; baseline -0.004 -15"><span class='ocrx_word' id='word_1_236' title='bbox 265 2470 524 2532; x_wconf 75' lang='grc' dir='ltr'>ἐναντίως</span> <span class='ocrx_word' id='word_1_237' title='bbox 574 2468 820 2539; x_wconf 64' lang='grc' dir='ltr'>ἔχοντας,</span> <span class='ocrx_word' id='word_1_238' title='bbox 887 2468 973 2520; x_wconf 82' lang='grc' dir='ltr'><strong>ἵνα</strong></span> <span class='ocrx_word' id='word_1_239' title='bbox 1027 2467 1116 2520; x_wconf 80' lang='grc' dir='ltr'><strong>διὰ</strong></span> <span class='ocrx_word' id='word_1_240' title='bbox 1179 2469 1279 2536; x_wconf 74' lang='grc' dir='ltr'>μὲν</span> <span class='ocrx_word' id='word_1_241' title='bbox 1337 2466 1432 2519; x_wconf 83' lang='grc' dir='ltr'><strong>τοῦ</strong></span> <span class='ocrx_word' id='word_1_242' title='bbox 1489 2468 1844 2537; x_wconf 83' lang='grc' dir='ltr'>μακαρισμοῦ</span> 
     </span>
    </p>
   </div>
   <div class='ocr_carea' id='block_1_39' title="bbox 262 2559 1845 2632">
    <p class='ocr_par' dir='ltr' id='par_1_39' title="bbox 262 2559 1845 2632">
     <span class='ocr_line' id='line_1_40' title="bbox 262 2559 1845 2632; baseline -0.001 -18"><span class='ocrx_word' id='word_1_243' title='bbox 262 2561 548 2632; x_wconf 78' lang='grc' dir='ltr'>προτρέψῃ</span> <span class='ocrx_word' id='word_1_244' title='bbox 583 2562 718 2632; x_wconf 80' lang='grc' dir='ltr'>πρὸς</span> <span class='ocrx_word' id='word_1_245' title='bbox 748 2561 952 2621; x_wconf 72' lang='grc' dir='ltr'>ἐκεῖνα,</span> <span class='ocrx_word' id='word_1_246' title='bbox 986 2560 1074 2613; x_wconf 81' lang='grc' dir='ltr'>διὰ</span> <span class='ocrx_word' id='word_1_247' title='bbox 1118 2559 1174 2611; x_wconf 81' lang='grc' dir='ltr'>δὲ</span> <span class='ocrx_word' id='word_1_248' title='bbox 1209 2559 1304 2614; x_wconf 75' lang='grc' dir='ltr'><strong>τοῦ</strong></span> <span class='ocrx_word' id='word_1_249' title='bbox 1335 2559 1668 2628; x_wconf 81' lang='grc' dir='ltr'>ταλανισμοῦ</span> <span class='ocrx_word' id='word_1_250' title='bbox 1707 2560 1845 2613; x_wconf 57' lang='grc' dir='ltr'>ἀπο-</span> 
     </span>
    </p>
   </div>
   <div class='ocr_carea' id='block_1_40' title="bbox 259 2650 1843 2725">
    <p class='ocr_par' dir='ltr' id='par_1_40' title="bbox 259 2650 1843 2725">
     <span class='ocr_line' id='line_1_41' title="bbox 259 2650 1843 2725; baseline -0.001 -19"><span class='ocrx_word' id='word_1_251' title='bbox 259 2652 437 2723; x_wconf 72' lang='grc' dir='ltr'>τρέψῃ</span> <span class='ocrx_word' id='word_1_252' title='bbox 468 2655 532 2706; x_wconf 83' lang='grc' dir='ltr'>ὲκ</span> <span class='ocrx_word' id='word_1_253' title='bbox 562 2653 676 2725; x_wconf 75' lang='lat'><strong>(&#39;27)</strong></span> <span class='ocrx_word' id='word_1_254' title='bbox 733 2652 979 2705; x_wconf 86' lang='grc' dir='ltr'>τούτων.·</span> <span class='ocrx_word' id='word_1_255' title='bbox 1049 2651 1342 2714; x_wconf 73' lang='grc' dir='ltr'>πλουσίους</span> <span class='ocrx_word' id='word_1_256' title='bbox 1380 2651 1437 2704; x_wconf 76' lang='grc' dir='ltr'>δὲ</span> <span class='ocrx_word' id='word_1_257' title='bbox 1487 2651 1599 2721; x_wconf 68' lang='grc'>(28)</span> <span class='ocrx_word' id='word_1_258' title='bbox 1631 2650 1725 2704; x_wconf 81' lang='grc' dir='ltr'>νῦν</span> <span class='ocrx_word' id='word_1_259' title='bbox 1755 2652 1843 2704; x_wconf 76' lang='grc' dir='ltr'>λέ-</span> 
     </span>
    </p>
   </div>
   <div class='ocr_carea' id='block_1_41' title="bbox 261 2742 1844 2815">
    <p class='ocr_par' dir='ltr' id='par_1_41' title="bbox 261 2742 1844 2815">
     <span class='ocr_line' id='line_1_42' title="bbox 261 2742 1844 2815; baseline 0.001 -18"><span class='ocrx_word' id='word_1_260' title='bbox 261 2758 392 2812; x_wconf 85' lang='grc' dir='ltr'>γει,</span> <span class='ocrx_word' id='word_1_261' title='bbox 435 2745 562 2808; x_wconf 78' lang='grc' dir='ltr'>τοὺς</span> <span class='ocrx_word' id='word_1_262' title='bbox 601 2745 974 2814; x_wconf 85' lang='grc' dir='ltr'>ἀμεταόὁτους</span> <span class='ocrx_word' id='word_1_263' title='bbox 1005 2779 1020 2806; x_wconf 87' lang='grc'><strong>,</strong></span> <span class='ocrx_word' id='word_1_264' title='bbox 1072 2742 1202 2804; x_wconf 80' lang='grc' dir='ltr'>τοὺς</span> <span class='ocrx_word' id='word_1_265' title='bbox 1273 2743 1712 2812; x_wconf 80' lang='grc' dir='ltr'>προστετηκότας</span> <span class='ocrx_word' id='word_1_266' title='bbox 1766 2744 1844 2815; x_wconf 84' lang='grc' dir='ltr'>τῷ</span> 
     </span>
    </p>
   </div>
   <div class='ocr_carea' id='block_1_42' title="bbox 260 2832 1841 2904">
    <p class='ocr_par' dir='ltr' id='par_1_42' title="bbox 260 2832 1841 2904">
     <span class='ocr_line' id='line_1_43' title="bbox 260 2832 1841 2904; baseline 0 -15"><span class='ocrx_word' id='word_1_267' title='bbox 260 2837 504 2904; x_wconf 63' lang='grc' dir='ltr'><strong>Δπλούτῳ,</strong></span> <span class='ocrx_word' id='word_1_268' title='bbox 560 2837 688 2900; x_wconf 79' lang='grc' dir='ltr'>τοὺς</span> <span class='ocrx_word' id='word_1_269' title='bbox 752 2836 941 2899; x_wconf 83' lang='grc' dir='ltr'>κακῶς</span> <span class='ocrx_word' id='word_1_270' title='bbox 1004 2832 1391 2897; x_wconf 80' lang='grc' dir='ltr'>πλουτοῦντας.</span> <span class='ocrx_word' id='word_1_271' title='bbox 1438 2833 1716 2902; x_wconf 81' lang='grc' dir='ltr'>Ἀπέχετε</span> <span class='ocrx_word' id='word_1_272' title='bbox 1761 2834 1841 2902; x_wconf 73' lang='grc' dir='ltr'>δὲ,</span> 
     </span>
    </p>
   </div>
   <div class='ocr_carea' id='block_1_43' title="bbox 261 2927 1152 2997">
    <p class='ocr_par' dir='ltr' id='par_1_43' title="bbox 261 2927 1152 2997">
     <span class='ocr_line' id='line_1_44' title="bbox 261 2927 1152 2997; baseline -0.003 -12"><span class='ocrx_word' id='word_1_273' title='bbox 261 2931 389 2985; x_wconf 79' lang='grc' dir='ltr'>ἀντὶ</span> <span class='ocrx_word' id='word_1_274' title='bbox 420 2929 538 2996; x_wconf 82' lang='grc' dir='ltr'>τοῦ,</span> <span class='ocrx_word' id='word_1_275' title='bbox 582 2927 948 2983; x_wconf 83' lang='grc' dir='ltr'>Ἀπεντεῡθεν</span> <span class='ocrx_word' id='word_1_276' title='bbox 978 2927 1152 2997; x_wconf 73' lang='grc' dir='ltr'>ἔχετε.</span> 
     </span>
    </p>
   </div>
   <div class='ocr_carea' id='block_1_44' title="bbox 335 3016 1842 3088">
    <p class='ocr_par' dir='ltr' id='par_1_44' title="bbox 335 3016 1842 3088">
     <span class='ocr_line' id='line_1_45' title="bbox 335 3016 1842 3088; baseline -0.001 -13"><span class='ocrx_word' id='word_1_277' title='bbox 335 3016 483 3076; x_wconf 77' lang='grc' dir='ltr'>Οὐαί</span> <span class='ocrx_word' id='word_1_278' title='bbox 536 3050 606 3061; x_wconf 95' lang='lat'>—</span> <span class='ocrx_word' id='word_1_279' title='bbox 669 3018 1012 3074; x_wconf 77' lang='grc' dir='ltr'><strong>πεινάσετε.</strong></span> <span class='ocrx_word' id='word_1_280' title='bbox 1070 3019 1133 3073; x_wconf 85' lang='grc' dir='ltr'><strong>Οί</strong></span> <span class='ocrx_word' id='word_1_281' title='bbox 1197 3017 1628 3088; x_wconf 78' lang='grc' dir='ltr'>κεκορεσμένοι.</span> <span class='ocrx_word' id='word_1_282' title='bbox 1697 3018 1842 3073; x_wconf 83' lang='grc' dir='ltr'>κατὰ</span> 
     </span>
    </p>
   </div>
   <div class='ocr_carea' id='block_1_45' title="bbox 259 3111 1838 3186">
    <p class='ocr_par' dir='ltr' id='par_1_45' title="bbox 259 3111 1838 3186">
     <span class='ocr_line' id='line_1_46' title="bbox 259 3111 1838 3186; baseline -0.001 -18"><span class='ocrx_word' id='word_1_283' title='bbox 259 3115 353 3168; x_wconf 67' lang='grc' dir='ltr'><strong>τὶν</strong></span> <span class='ocrx_word' id='word_1_284' title='bbox 392 3115 639 3186; x_wconf 82' lang='grc' dir='ltr'>παρόντα</span> <span class='ocrx_word' id='word_1_285' title='bbox 677 3113 812 3182; x_wconf 89' lang='grc' dir='ltr'>βίον,</span> <span class='ocrx_word' id='word_1_286' title='bbox 858 3114 939 3164; x_wconf 88' lang='grc' dir='ltr'><strong>ὅτι</strong></span> <span class='ocrx_word' id='word_1_287' title='bbox 995 3111 1310 3176; x_wconf 82' lang='grc' dir='ltr'>πεινάσετε,</span> <span class='ocrx_word' id='word_1_288' title='bbox 1370 3114 1511 3166; x_wconf 86' lang='grc' dir='ltr'><strong>κατά</strong></span> <span class='ocrx_word' id='word_1_289' title='bbox 1565 3113 1656 3166; x_wconf 75' lang='grc' dir='ltr'><strong>τὸν</strong></span> <span class='ocrx_word' id='word_1_290' title='bbox 1708 3113 1838 3183; x_wconf 79' lang='grc' dir='ltr'><strong>μέλ⁴</strong></span> 
     </span>
    </p>
   </div>
   <div class='ocr_carea' id='block_1_46' title="bbox 258 3203 1728 3276">
    <p class='ocr_par' dir='ltr' id='par_1_46' title="bbox 258 3203 1728 3276">
     <span class='ocr_line' id='line_1_47' title="bbox 258 3203 1728 3276; baseline 0.001 -16"><span class='ocrx_word' id='word_1_291' title='bbox 258 3209 444 3271; x_wconf 89' lang='grc' dir='ltr'>λοντα,</span> <span class='ocrx_word' id='word_1_292' title='bbox 492 3206 764 3276; x_wconf 81' lang='grc' dir='ltr'>μηδεμιᾶς</span> <span class='ocrx_word' id='word_1_293' title='bbox 812 3206 934 3257; x_wconf 73' lang='grc' dir='ltr'>ἐκεῖ</span> <span class='ocrx_word' id='word_1_294' title='bbox 962 3204 1307 3274; x_wconf 83' lang='grc' dir='ltr'>παρηγορίας</span> <span class='ocrx_word' id='word_1_295' title='bbox 1339 3203 1728 3268; x_wconf 79' lang='grc' dir='ltr'>ἀπολαύοντες.</span> 
     </span>
    </p>
   </div>
   <div class='ocr_carea' id='block_1_47' title="bbox 339 3292 1833 3362">
    <p class='ocr_par' dir='ltr' id='par_1_47' title="bbox 339 3292 1833 3362">
     <span class='ocr_line' id='line_1_48' title="bbox 339 3292 1833 3362; baseline -0.002 -11"><span class='ocrx_word' id='word_1_296' title='bbox 339 3295 482 3351; x_wconf 75' lang='grc' dir='ltr'><strong>Οὐαὶ</strong></span> <span class='ocrx_word' id='word_1_297' title='bbox 518 3326 588 3336; x_wconf 88' lang='grc'><strong><em>--</em></strong></span> <span class='ocrx_word' id='word_1_298' title='bbox 617 3295 941 3349; x_wconf 73' lang='grc' dir='ltr'>κλαύσετε.</span> <span class='ocrx_word' id='word_1_299' title='bbox 976 3292 1042 3347; x_wconf 81' lang='lat' dir='ltr'><strong>Oi</strong></span> <span class='ocrx_word' id='word_1_300' title='bbox 1069 3294 1341 3362; x_wconf 80' lang='grc' dir='ltr'>γελῶντες</span> <span class='ocrx_word' id='word_1_301' title='bbox 1366 3294 1461 3347; x_wconf 83' lang='grc' dir='ltr'>νῦν</span> <span class='ocrx_word' id='word_1_302' title='bbox 1491 3295 1833 3360; x_wconf 74' lang='grc' dir='ltr'>ἀκολάστως,</span> 
     </span>
    </p>
   </div>
   <div class='ocr_carea' id='block_1_48' title="bbox 260 3387 1838 3454">
    <p class='ocr_par' dir='ltr' id='par_1_48' title="bbox 260 3387 1838 3454">
     <span class='ocr_line' id='line_1_49' title="bbox 260 3387 1838 3454; baseline -0.002 -9"><span class='ocrx_word' id='word_1_303' title='bbox 260 3390 346 3445; x_wconf 79' lang='grc' dir='ltr'><strong>ὅτι</strong></span> <span class='ocrx_word' id='word_1_304' title='bbox 377 3390 642 3444; x_wconf 79' lang='grc' dir='ltr'>κλαύσετε</span> <span class='ocrx_word' id='word_1_305' title='bbox 673 3389 820 3450; x_wconf 77' lang='grc' dir='ltr'>τότε,</span> <span class='ocrx_word' id='word_1_306' title='bbox 874 3387 1251 3454; x_wconf 77' lang='grc' dir='ltr'>κολαζόμενοι.</span> <span class='ocrx_word' id='word_1_307' title='bbox 1330 3388 1612 3450; x_wconf 82' lang='grc' dir='ltr'>Ἐπίτασις</span> <span class='ocrx_word' id='word_1_308' title='bbox 1644 3389 1701 3441; x_wconf 81' lang='grc' dir='ltr'>δὲ</span> <span class='ocrx_word' id='word_1_309' title='bbox 1742 3388 1838 3442; x_wconf 85' lang='grc' dir='ltr'><strong>τοῦ</strong></span> 
     </span>
    </p>
   </div>
   <div class='ocr_carea' id='block_1_49' title="bbox 260 3477 1830 3549">
    <p class='ocr_par' dir='ltr' id='par_1_49' title="bbox 260 3477 1830 3549">
     <span class='ocr_line' id='line_1_50' title="bbox 260 3477 1830 3549; baseline -0.001 -14"><span class='ocrx_word' id='word_1_310' title='bbox 260 3481 495 3544; x_wconf 77' lang='grc' dir='ltr'>πένθους</span> <span class='ocrx_word' id='word_1_311' title='bbox 522 3481 550 3533; x_wconf 81' lang='grc' dir='ltr'><strong>ὁ</strong></span> <span class='ocrx_word' id='word_1_312' title='bbox 579 3479 880 3549; x_wconf 87' lang='grc' dir='ltr'>κλαυθμός.</span> <span class='ocrx_word' id='word_1_313' title='bbox 909 3481 979 3532; x_wconf 84' lang='lat' dir='ltr'><strong>&quot;H</strong></span> <span class='ocrx_word' id='word_1_314' title='bbox 1021 3479 1216 3543; x_wconf 83' lang='grc' dir='ltr'>πένθος</span> <span class='ocrx_word' id='word_1_315' title='bbox 1244 3479 1362 3548; x_wconf 76' lang='grc' dir='ltr'>μὲν,</span> <span class='ocrx_word' id='word_1_316' title='bbox 1381 3479 1410 3531; x_wconf 83' lang='grc' dir='ltr'><strong>δ</strong></span> <span class='ocrx_word' id='word_1_317' title='bbox 1436 3477 1558 3531; x_wconf 81' lang='grc' dir='ltr'>καθ’</span> <span class='ocrx_word' id='word_1_318' title='bbox 1583 3479 1830 3549; x_wconf 80' lang='grc' dir='ltr'>ἡσυχίαν</span> 
     </span>
    </p>
   </div>
   <div class='ocr_carea' id='block_1_50' title="bbox 260 3571 1363 3648">
    <p class='ocr_par' dir='ltr' id='par_1_50' title="bbox 260 3571 1363 3648">
     <span class='ocr_line' id='line_1_51' title="bbox 260 3571 1363 3648; baseline -0.006 -17"><span class='ocrx_word' id='word_1_319' title='bbox 260 3576 462 3648; x_wconf 77' lang='grc' dir='ltr'>Θρῆνος</span> <span class='ocrx_word' id='word_1_320' title='bbox 485 3592 498 3606; x_wconf 87' lang='grc'><strong>·</strong></span> <span class='ocrx_word' id='word_1_321' title='bbox 534 3573 814 3642; x_wconf 82' lang='grc' dir='ltr'>κλαυθμὸς</span> <span class='ocrx_word' id='word_1_322' title='bbox 835 3572 916 3638; x_wconf 75' lang='grc' dir='ltr'>δὲ,</span> <span class='ocrx_word' id='word_1_323' title='bbox 963 3573 990 3625; x_wconf 89' lang='grc' dir='ltr'>ὁ</span> <span class='ocrx_word' id='word_1_324' title='bbox 1013 3571 1363 3637; x_wconf 77' lang='grc' dir='ltr'>ἐξάκουστος.</span> 
     </span>
    </p>
   </div>
   <div class='ocr_carea' id='block_1_51' title="bbox 334 3662 1839 3736">
    <p class='ocr_par' dir='ltr' id='par_1_51' title="bbox 334 3662 1839 3736">
     <span class='ocr_line' id='line_1_52' title="bbox 334 3662 1839 3736; baseline -0.001 -17"><span class='ocrx_word' id='word_1_325' title='bbox 334 3665 483 3720; x_wconf 79' lang='grc' dir='ltr'><strong>Οὐαὶ</strong></span> <span class='ocrx_word' id='word_1_326' title='bbox 511 3664 926 3730; x_wconf 81' lang='grc' dir='ltr'>-ἇνθρωποι.</span> <span class='ocrx_word' id='word_1_327' title='bbox 980 3664 1200 3726; x_wconf 84' lang='grc' dir='ltr'>Κακοὺς</span> <span class='ocrx_word' id='word_1_328' title='bbox 1247 3662 1448 3728; x_wconf 76' lang='grc' dir='ltr'>δντας⁶</span> <span class='ocrx_word' id='word_1_329' title='bbox 1509 3666 1647 3720; x_wconf 77' lang='grc' dir='ltr'><strong>Οὐαὶ</strong></span> <span class='ocrx_word' id='word_1_330' title='bbox 1687 3666 1839 3736; x_wconf 82' lang='grc' dir='ltr'>ὑμῖν,</span> 
     </span>
    </p>
   </div>
   <div class='ocr_carea' id='block_1_52' title="bbox 261 3755 1842 3829">
    <p class='ocr_par' dir='ltr' id='par_1_52' title="bbox 261 3755 1842 3829">
     <span class='ocr_line' id='line_1_53' title="bbox 261 3755 1842 3829; baseline -0.001 -18"><span class='ocrx_word' id='word_1_331' title='bbox 261 3759 455 3828; x_wconf 68' lang='grc' dir='ltr'>φησιν,</span> <span class='ocrx_word' id='word_1_332' title='bbox 528 3758 658 3810; x_wconf 83' lang='grc' dir='ltr'>ὅταν</span> <span class='ocrx_word' id='word_1_333' title='bbox 698 3755 1100 3825; x_wconf 83' lang='grc' dir='ltr'>εὐφημήσωσιν</span> <span class='ocrx_word' id='word_1_334' title='bbox 1142 3756 1326 3823; x_wconf 79' lang='grc' dir='ltr'>ὑμᾶς,</span> <span class='ocrx_word' id='word_1_335' title='bbox 1376 3755 1452 3820; x_wconf 83' lang='grc' dir='ltr'><strong>ὡς</strong></span> <span class='ocrx_word' id='word_1_336' title='bbox 1506 3758 1842 3829; x_wconf 78' lang='grc' dir='ltr'>ἀρέσκοντας</span> 
     </span>
    </p>
   </div>
   <div class='ocr_carea' id='block_1_53' title="bbox 260 3847 1842 3922">
    <p class='ocr_par' dir='ltr' id='par_1_53' title="bbox 260 3847 1842 3922">
     <span class='ocr_line' id='line_1_54' title="bbox 260 3847 1842 3922; baseline -0.002 -16"><span class='ocrx_word' id='word_1_337' title='bbox 260 3852 447 3913; x_wconf 74' lang='grc' dir='ltr'>αὐτοῖς</span> <span class='ocrx_word' id='word_1_338' title='bbox 501 3849 595 3902; x_wconf 76' lang='grc' dir='ltr'>καὶ</span> <span class='ocrx_word' id='word_1_339' title='bbox 659 3848 720 3902; x_wconf 77' lang='grc' dir='ltr'><strong>οὐ</strong></span> <span class='ocrx_word' id='word_1_340' title='bbox 767 3848 847 3918; x_wconf 86' lang='grc' dir='ltr'><strong>τῷ</strong></span> <span class='ocrx_word' id='word_1_341' title='bbox 918 3847 1057 3918; x_wconf 82' lang='grc' dir='ltr'>Θεῷ.</span> <span class='ocrx_word' id='word_1_342' title='bbox 1122 3849 1336 3918; x_wconf 80' lang='grc' dir='ltr'>Ὠσπερ</span> <span class='ocrx_word' id='word_1_343' title='bbox 1393 3850 1502 3919; x_wconf 85' lang='grc' dir='ltr'>γὰρ</span> <span class='ocrx_word' id='word_1_344' title='bbox 1566 3851 1842 3922; x_wconf 83' lang='grc' dir='ltr'>μακάριος</span> 
     </span>
    </p>
   </div>
   <div class='ocr_carea' id='block_1_54' title="bbox 257 3939 1844 4008">
    <p class='ocr_par' dir='ltr' id='par_1_54' title="bbox 257 3939 1844 4008">
     <span class='ocr_line' id='line_1_55' title="bbox 257 3939 1844 4008; baseline 0.001 -13"><span class='ocrx_word' id='word_1_345' title='bbox 257 3945 288 3995; x_wconf 77' lang='grc' dir='ltr'><strong>δ</strong></span> <span class='ocrx_word' id='word_1_346' title='bbox 318 3943 518 4005; x_wconf 78' lang='grc' dir='ltr'>ἀδίκως</span> <span class='ocrx_word' id='word_1_347' title='bbox 565 3939 954 4008; x_wconf 74' lang='grc' dir='ltr'>ὑθριζόμενοςο</span> <span class='ocrx_word' id='word_1_348' title='bbox 989 3939 1131 3993; x_wconf 77' lang='grc' dir='ltr'>οὕτω</span> <span class='ocrx_word' id='word_1_349' title='bbox 1176 3941 1340 3995; x_wconf 82' lang='grc' dir='ltr'>πάλιν</span> <span class='ocrx_word' id='word_1_350' title='bbox 1373 3941 1557 4005; x_wconf 77' lang='grc' dir='ltr'>ἄθλιος</span> <span class='ocrx_word' id='word_1_351' title='bbox 1588 3945 1616 3996; x_wconf 83' lang='grc' dir='ltr'>ὁ</span> <span class='ocrx_word' id='word_1_352' title='bbox 1640 3944 1844 4006; x_wconf 85' lang='grc' dir='ltr'>ἀδίκως</span> 
     </span>
    </p>
   </div>
   <div class='ocr_carea' id='block_1_55' title="bbox 254 4033 702 4101">
    <p class='ocr_par' dir='ltr' id='par_1_55' title="bbox 254 4033 702 4101">
     <span class='ocr_line' id='line_1_56' title="bbox 254 4033 702 4101; baseline -0.004 -14"><span class='ocrx_word' id='word_1_353' title='bbox 254 4033 323 4090; x_wconf 69' lang='grc' dir='ltr'>αὖ</span> <span class='ocrx_word' id='word_1_354' title='bbox 336 4051 403 4101; x_wconf 57' lang='grc' dir='ltr'>φη</span> <span class='ocrx_word' id='word_1_355' title='bbox 413 4033 510 4101; x_wconf 85' lang='grc' dir='ltr'><strong>μού</strong></span> <span class='ocrx_word' id='word_1_356' title='bbox 520 4048 702 4101; x_wconf 88' lang='grc' dir='ltr'>μενος.</span> 
     </span>
    </p>
   </div>
   <div class='ocr_carea' id='block_1_56' title="bbox 335 4119 1842 4192">
    <p class='ocr_par' dir='ltr' id='par_1_56' title="bbox 335 4119 1842 4192">
     <span class='ocr_line' id='line_1_57' title="bbox 335 4119 1842 4192; baseline 0.001 -13"><span class='ocrx_word' id='word_1_357' title='bbox 335 4126 496 4180; x_wconf 83' lang='grc' dir='ltr'>Κατὰ</span> <span class='ocrx_word' id='word_1_358' title='bbox 524 4119 834 4177; x_wconf 80' lang='grc' dir='ltr'><strong>-αὺτῶν.</strong></span> <span class='ocrx_word' id='word_1_359' title='bbox 871 4123 1031 4176; x_wconf 80' lang='grc' dir='ltr'>Κατά</span> <span class='ocrx_word' id='word_1_360' title='bbox 1082 4122 1280 4188; x_wconf 82' lang='grc' dir='ltr'>ταῦτα,</span> <span class='ocrx_word' id='word_1_361' title='bbox 1308 4123 1511 4188; x_wconf 81' lang='grc' dir='ltr'>εἷτουν,</span> <span class='ocrx_word' id='word_1_362' title='bbox 1552 4125 1842 4192; x_wconf 80' lang='grc' dir='ltr'>ὡσαύτως,</span> 
     </span>
    </p>
   </div>
   <div class='ocr_carea' id='block_1_57' title="bbox 262 4215 1846 4290">
    <p class='ocr_par' dir='ltr' id='par_1_57' title="bbox 262 4215 1846 4290">
     <span class='ocr_line' id='line_1_58' title="bbox 262 4215 1846 4290; baseline 0.001 -18"><span class='ocrx_word' id='word_1_363' title='bbox 262 4219 653 4290; x_wconf 70' lang='grc' dir='ltr'>εὐφημοῦντας</span> <span class='ocrx_word' id='word_1_364' title='bbox 719 4215 955 4280; x_wconf 71' lang='grc' dir='ltr'>αὐτοὺς,</span> <span class='ocrx_word' id='word_1_365' title='bbox 999 4215 1074 4279; x_wconf 88' lang='grc' dir='ltr'>ὼς</span> <span class='ocrx_word' id='word_1_366' title='bbox 1127 4216 1264 4286; x_wconf 78' lang='grc' dir='ltr'>πρὸς</span> <span class='ocrx_word' id='word_1_367' title='bbox 1327 4217 1621 4287; x_wconf 76' lang='grc' dir='ltr'>ἀρέσκειαν</span> <span class='ocrx_word' id='word_1_368' title='bbox 1663 4219 1846 4274; x_wconf 76' lang='grc' dir='ltr'>αὐτῶν</span> 
     </span>
    </p>
   </div>
   <div class='ocr_carea' id='block_1_58' title="bbox 264 4308 726 4384">
    <p class='ocr_par' dir='ltr' id='par_1_58' title="bbox 264 4308 726 4384">
     <span class='ocr_line' id='line_1_59' title="bbox 264 4308 726 4384; baseline -0.009 -18"><span class='ocrx_word' id='word_1_369' title='bbox 264 4308 640 4384; x_wconf 79' lang='grc' dir='ltr'>προφητεύοντ</span> <span class='ocrx_word' id='word_1_370' title='bbox 650 4327 726 4373; x_wconf 88' lang='grc' dir='ltr'><strong>ες.</strong></span> 
     </span>
    </p>
   </div>
   <div class='ocr_carea' id='block_1_59' title="bbox 347 4402 1661 4475">
    <p class='ocr_par' dir='ltr' id='par_1_59' title="bbox 347 4402 1661 4475">
     <span class='ocr_line' id='line_1_60' title="bbox 347 4402 1661 4475; baseline 0 -15"><span class='ocrx_word' id='word_1_371' title='bbox 347 4406 510 4460; x_wconf 78' lang='grc' dir='ltr'><strong>Ἀλλ’</strong></span> <span class='ocrx_word' id='word_1_372' title='bbox 536 4435 606 4444; x_wconf 91' lang='lat'><strong>——</strong></span> <span class='ocrx_word' id='word_1_373' title='bbox 635 4404 986 4460; x_wconf 79' lang='grc' dir='ltr'>ἁκούουσιν.</span> <span class='ocrx_word' id='word_1_374' title='bbox 1020 4406 1143 4465; x_wconf 79' lang='grc' dir='ltr'>Τοῖς</span> <span class='ocrx_word' id='word_1_375' title='bbox 1167 4402 1512 4472; x_wconf 81' lang='grc' dir='ltr'>πειθομένοις</span> <span class='ocrx_word' id='word_1_376' title='bbox 1547 4421 1661 4475; x_wconf 87' lang='grc' dir='ltr'>μοι.</span> 
     </span>
    </p>
   </div>
   <div class='ocr_carea' id='block_1_60' title="bbox 1879 1894 1926 1953">
    <p class='ocr_par' dir='ltr' id='par_1_60' title="bbox 1879 1894 1926 1953">
     <span class='ocr_line' id='line_1_61' title="bbox 1879 1894 1926 1953; baseline 0 0"><span class='ocrx_word' id='word_1_377' title='bbox 1879 1894 1926 1953; x_wconf 87' lang='grc' dir='ltr'>Β</span> 
     </span>
    </p>
   </div>
   <div class='ocr_carea' id='block_1_61' title="bbox 1955 1927 3534 2002">
    <p class='ocr_par' dir='ltr' id='par_1_61' title="bbox 1955 1927 3534 2002">
     <span class='ocr_line' id='line_1_62' title="bbox 1955 1927 3534 2002; baseline -0.004 -16"><span class='ocrx_word' id='word_1_378' title='bbox 1955 1941 2219 2002; x_wconf 91' lang='lat' dir='ltr'><strong>quuutur.</strong></span> <span class='ocrx_word' id='word_1_379' title='bbox 2272 1930 2465 1985; x_wconf 86' lang='lat' dir='ltr'><strong>Patres</strong></span> <span class='ocrx_word' id='word_1_380' title='bbox 2507 1939 2691 1984; x_wconf 89' lang='lat' dir='ltr'><strong>autem</strong></span> <span class='ocrx_word' id='word_1_381' title='bbox 2747 1944 2961 1994; x_wconf 85' lang='lat' dir='ltr'><strong>eorum,</strong></span> <span class='ocrx_word' id='word_1_382' title='bbox 3008 1936 3136 1998; x_wconf 87' lang='lat' dir='ltr'><strong>puta</strong></span> <span class='ocrx_word' id='word_1_383' title='bbox 3195 1927 3534 1995; x_wconf 71' lang='lat' dir='ltr'><strong>Iudaeorum,</strong></span> 
     </span>
    </p>
   </div>
   <div class='ocr_carea' id='block_1_62' title="bbox 1956 2019 2791 2091">
    <p class='ocr_par' dir='ltr' id='par_1_62' title="bbox 1956 2019 2791 2091">
     <span class='ocr_line' id='line_1_63' title="bbox 1956 2019 2791 2091; baseline 0 -17"><span class='ocrx_word' id='word_1_384' title='bbox 1956 2019 2048 2091; x_wconf 90' lang='lat' dir='ltr'><strong>qui</strong></span> <span class='ocrx_word' id='word_1_385' title='bbox 2086 2021 2240 2075; x_wconf 86' lang='lat' dir='ltr'><strong>vobis</strong></span> <span class='ocrx_word' id='word_1_386' title='bbox 2273 2021 2390 2075; x_wconf 71' lang='lat' dir='ltr'><strong>haec</strong></span> <span class='ocrx_word' id='word_1_387' title='bbox 2422 2019 2615 2073; x_wconf 83' lang='lat' dir='ltr'><strong>facturi</strong></span> <span class='ocrx_word' id='word_1_388' title='bbox 2642 2028 2791 2074; x_wconf 88' lang='lat' dir='ltr'><strong>sunt.</strong></span> 
     </span>
    </p>
   </div>
   <div class='ocr_carea' id='block_1_63' title="bbox 2030 2109 3538 2181">
    <p class='ocr_par' dir='ltr' id='par_1_63' title="bbox 2030 2109 3538 2181">
     <span class='ocr_line' id='line_1_64' title="bbox 2030 2109 3538 2181; baseline -0.003 -11"><span class='ocrx_word' id='word_1_389' title='bbox 2030 2115 2180 2170; x_wconf 85' lang='lat' dir='ltr'><strong>Vers.</strong></span> <span class='ocrx_word' id='word_1_390' title='bbox 2201 2114 2291 2168; x_wconf 71' lang='grc'><strong>24.</strong></span> <span class='ocrx_word' id='word_1_391' title='bbox 2323 2113 2691 2168; x_wconf 83' lang='lat' dir='ltr'><strong>Verumtamen</strong></span> <span class='ocrx_word' id='word_1_392' title='bbox 2709 2139 2774 2150; x_wconf 91' lang='lat'><strong>-—</strong></span> <span class='ocrx_word' id='word_1_393' title='bbox 2791 2119 3044 2165; x_wconf 77' lang='lat' dir='ltr'><strong>vestram.</strong></span> <span class='ocrx_word' id='word_1_394' title='bbox 3083 2109 3378 2181; x_wconf 87' lang='lat' dir='ltr'><strong>Postquam</strong></span> <span class='ocrx_word' id='word_1_395' title='bbox 3407 2111 3538 2165; x_wconf 86' lang='lat' dir='ltr'><strong>bea-</strong></span> 
     </span>
    </p>
   </div>
   <div class='ocr_carea' id='block_1_64' title="bbox 1954 2198 3536 2274">
    <p class='ocr_par' dir='ltr' id='par_1_64' title="bbox 1954 2198 3536 2274">
     <span class='ocr_line' id='line_1_65' title="bbox 1954 2198 3536 2274; baseline -0.003 -16"><span class='ocrx_word' id='word_1_396' title='bbox 1954 2204 2180 2260; x_wconf 81' lang='lat' dir='ltr'><strong>tiﬁcavit</strong></span> <span class='ocrx_word' id='word_1_397' title='bbox 2209 2217 2477 2274; x_wconf 86' lang='lat' dir='ltr'><strong>pauperes</strong></span> <span class='ocrx_word' id='word_1_398' title='bbox 2521 2211 2579 2257; x_wconf 87' lang='lat' dir='ltr'><strong>et</strong></span> <span class='ocrx_word' id='word_1_399' title='bbox 2604 2200 2910 2254; x_wconf 82' lang='lat' dir='ltr'><strong>esurientes</strong></span> <span class='ocrx_word' id='word_1_400' title='bbox 2959 2215 3022 2255; x_wconf 91' lang='lat' dir='ltr'><strong>ac</strong></span> <span class='ocrx_word' id='word_1_401' title='bbox 3069 2198 3282 2262; x_wconf 85' lang='lat' dir='ltr'><strong>ﬂentes,</strong></span> <span class='ocrx_word' id='word_1_402' title='bbox 3313 2208 3366 2254; x_wconf 93' lang='lat' dir='ltr'><strong>et</strong></span> <span class='ocrx_word' id='word_1_403' title='bbox 3410 2199 3536 2254; x_wconf 90' lang='lat' dir='ltr'><strong>odio</strong></span> 
     </span>
    </p>
   </div>
   <div class='ocr_carea' id='block_1_65' title="bbox 1955 2288 3538 2361">
    <p class='ocr_par' dir='ltr' id='par_1_65' title="bbox 1955 2288 3538 2361">
     <span class='ocr_line' id='line_1_66' title="bbox 1955 2288 3538 2361; baseline -0.005 -12"><span class='ocrx_word' id='word_1_404' title='bbox 1955 2296 2167 2350; x_wconf 85' lang='lat' dir='ltr'><strong>habitos</strong></span> <span class='ocrx_word' id='word_1_405' title='bbox 2200 2308 2266 2348; x_wconf 87' lang='lat' dir='ltr'><strong>ac</strong></span> <span class='ocrx_word' id='word_1_406' title='bbox 2315 2299 2652 2361; x_wconf 75' lang='lat' dir='ltr'><strong>segregatos,</strong></span> <span class='ocrx_word' id='word_1_407' title='bbox 2699 2288 3118 2358; x_wconf 83' lang='lat' dir='ltr'><strong>opprobriisque</strong></span> <span class='ocrx_word' id='word_1_408' title='bbox 3157 2301 3221 2341; x_wconf 87' lang='lat' dir='ltr'><strong>ac</strong></span> <span class='ocrx_word' id='word_1_409' title='bbox 3272 2288 3538 2341; x_wconf 86' lang='lat' dir='ltr'><strong>conviciis</strong></span> 
     </span>
    </p>
   </div>
   <div class='ocr_carea' id='block_1_66' title="bbox 1953 2379 3532 2458">
    <p class='ocr_par' dir='ltr' id='par_1_66' title="bbox 1953 2379 3532 2458">
     <span class='ocr_line' id='line_1_67' title="bbox 1953 2379 3532 2458; baseline -0.007 -15"><span class='ocrx_word' id='word_1_410' title='bbox 1953 2396 2174 2458; x_wconf 77' lang='lat' dir='ltr'><strong>propter</strong></span> <span class='ocrx_word' id='word_1_411' title='bbox 2231 2401 2292 2442; x_wconf 85' lang='lat' dir='ltr'><strong>se</strong></span> <span class='ocrx_word' id='word_1_412' title='bbox 2352 2384 2621 2449; x_wconf 67' lang='lat' dir='ltr'><strong>affectos,</strong></span> <span class='ocrx_word' id='word_1_413' title='bbox 2684 2383 2933 2452; x_wconf 82' lang='lat' dir='ltr'><strong>deplorat</strong></span> <span class='ocrx_word' id='word_1_414' title='bbox 2987 2380 3248 2448; x_wconf 87' lang='lat' dir='ltr'><strong>deinceps</strong></span> <span class='ocrx_word' id='word_1_415' title='bbox 3293 2395 3387 2435; x_wconf 87' lang='lat' dir='ltr'><strong>eos</strong></span> <span class='ocrx_word' id='word_1_416' title='bbox 3440 2379 3532 2450; x_wconf 88' lang='lat' dir='ltr'><strong>qui</strong></span> 
     </span>
    </p>
   </div>
   <div class='ocr_carea' id='block_1_67' title="bbox 1951 2471 3534 2542">
    <p class='ocr_par' dir='ltr' id='par_1_67' title="bbox 1951 2471 3534 2542">
     <span class='ocr_line' id='line_1_68' title="bbox 1951 2471 3534 2542; baseline -0.006 -7"><span class='ocrx_word' id='word_1_417' title='bbox 1951 2480 2230 2535; x_wconf 77' lang='lat' dir='ltr'><strong>contrario</strong></span> <span class='ocrx_word' id='word_1_418' title='bbox 2263 2477 2426 2533; x_wconf 92' lang='lat' dir='ltr'><strong>modo</strong></span> <span class='ocrx_word' id='word_1_419' title='bbox 2456 2491 2514 2531; x_wconf 89' lang='lat' dir='ltr'><strong>se</strong></span> <span class='ocrx_word' id='word_1_420' title='bbox 2555 2475 2779 2538; x_wconf 84' lang='lat' dir='ltr'><strong>habent,</strong></span> <span class='ocrx_word' id='word_1_421' title='bbox 2823 2483 2881 2528; x_wconf 92' lang='lat' dir='ltr'><strong>ut</strong></span> <span class='ocrx_word' id='word_1_422' title='bbox 2913 2487 3010 2542; x_wconf 90' lang='lat' dir='ltr'><strong>per</strong></span> <span class='ocrx_word' id='word_1_423' title='bbox 3069 2471 3534 2526; x_wconf 83' lang='lat' dir='ltr'><strong>beatiﬁcatiunem</strong></span> 
     </span>
    </p>
   </div>
   <div class='ocr_carea' id='block_1_68' title="bbox 1950 2562 3530 2635">
    <p class='ocr_par' dir='ltr' id='par_1_68' title="bbox 1950 2562 3530 2635">
     <span class='ocr_line' id='line_1_69' title="bbox 1950 2562 3530 2635; baseline -0.007 -10"><span class='ocrx_word' id='word_1_424' title='bbox 1950 2572 2017 2626; x_wconf 86' lang='lat' dir='ltr'><strong>ad</strong></span> <span class='ocrx_word' id='word_1_425' title='bbox 2048 2571 2137 2625; x_wconf 88' lang='lat' dir='ltr'><strong>illa</strong></span> <span class='ocrx_word' id='word_1_426' title='bbox 2179 2569 2518 2630; x_wconf 85' lang='lat' dir='ltr'><strong>adhortetur,</strong></span> <span class='ocrx_word' id='word_1_427' title='bbox 2552 2580 2649 2635; x_wconf 90' lang='lat' dir='ltr'><strong>per</strong></span> <span class='ocrx_word' id='word_1_428' title='bbox 2675 2563 3107 2633; x_wconf 79' lang='lat' dir='ltr'><strong>deplorationem</strong></span> <span class='ocrx_word' id='word_1_429' title='bbox 3169 2577 3296 2617; x_wconf 85' lang='lat' dir='ltr'><strong>vero</strong></span> <span class='ocrx_word' id='word_1_430' title='bbox 3349 2562 3415 2616; x_wconf 86' lang='lat' dir='ltr'><strong>ab</strong></span> <span class='ocrx_word' id='word_1_431' title='bbox 3445 2563 3530 2624; x_wconf 87' lang='lat' dir='ltr'><strong>bis</strong></span> 
     </span>
    </p>
   </div>
   <div class='ocr_carea' id='block_1_69' title="bbox 1949 2653 3530 2718">
    <p class='ocr_par' dir='ltr' id='par_1_69' title="bbox 1949 2653 3530 2718">
     <span class='ocr_line' id='line_1_70' title="bbox 1949 2653 3530 2718; baseline -0.007 0"><span class='ocrx_word' id='word_1_432' title='bbox 1949 2672 2176 2718; x_wconf 83' lang='lat' dir='ltr'><strong>avertat.</strong></span> <span class='ocrx_word' id='word_1_433' title='bbox 2214 2661 2416 2716; x_wconf 88' lang='lat' dir='ltr'><strong>Divites</strong></span> <span class='ocrx_word' id='word_1_434' title='bbox 2462 2667 2646 2711; x_wconf 89' lang='lat' dir='ltr'><strong>autem</strong></span> <span class='ocrx_word' id='word_1_435' title='bbox 2691 2657 2823 2710; x_wconf 83' lang='lat' dir='ltr'><strong>dicit</strong></span> <span class='ocrx_word' id='word_1_436' title='bbox 2852 2670 2999 2710; x_wconf 91' lang='lat' dir='ltr'><strong>nunc</strong></span> <span class='ocrx_word' id='word_1_437' title='bbox 3045 2669 3259 2718; x_wconf 85' lang='lat' dir='ltr'><strong>avaros,</strong></span> <span class='ocrx_word' id='word_1_438' title='bbox 3319 2653 3530 2708; x_wconf 85' lang='lat' dir='ltr'><strong>divitiis</strong></span> 
     </span>
    </p>
   </div>
   <div class='ocr_carea' id='block_1_70' title="bbox 1951 2745 3538 2818">
    <p class='ocr_par' dir='ltr' id='par_1_70' title="bbox 1951 2745 3538 2818">
     <span class='ocr_line' id='line_1_71' title="bbox 1951 2745 3538 2818; baseline -0.009 -6"><span class='ocrx_word' id='word_1_439' title='bbox 1951 2757 2372 2818; x_wconf 80' lang='lat' dir='ltr'><strong>iutabescentes,</strong></span> <span class='ocrx_word' id='word_1_440' title='bbox 2423 2749 2673 2818; x_wconf 87' lang='lat' dir='ltr'><strong>maleque</strong></span> <span class='ocrx_word' id='word_1_441' title='bbox 2721 2747 3081 2801; x_wconf 83' lang='lat' dir='ltr'><strong>tabescentes.</strong></span> <span class='ocrx_word' id='word_1_442' title='bbox 3147 2745 3404 2814; x_wconf 71' lang='grc' dir='ltr'>Ἀπέχετε</span> <span class='ocrx_word' id='word_1_443' title='bbox 3437 2760 3538 2799; x_wconf 81' lang='lat' dir='ltr'><strong>au-</strong></span> 
     </span>
    </p>
   </div>
   <div class='ocr_carea' id='block_1_71' title="bbox 1950 2837 3534 2911">
    <p class='ocr_par' dir='ltr' id='par_1_71' title="bbox 1950 2837 3534 2911">
     <span class='ocr_line' id='line_1_72' title="bbox 1950 2837 3534 2911; baseline -0.009 -5"><span class='ocrx_word' id='word_1_444' title='bbox 1950 2861 2084 2911; x_wconf 88' lang='lat' dir='ltr'><strong>tem,</strong></span> <span class='ocrx_word' id='word_1_445' title='bbox 2124 2845 2366 2909; x_wconf 77' lang='lat' dir='ltr'><strong>Habetis,</strong></span> <span class='ocrx_word' id='word_1_446' title='bbox 2391 2842 2505 2898; x_wconf 88' lang='lat' dir='ltr'><strong>sive</strong></span> <span class='ocrx_word' id='word_1_447' title='bbox 2530 2841 2764 2911; x_wconf 79' lang='lat' dir='ltr'><strong>Aufertis</strong></span> <span class='ocrx_word' id='word_1_448' title='bbox 2797 2847 3001 2896; x_wconf 87' lang='lat' dir='ltr'><strong>sonat:</strong></span> <span class='ocrx_word' id='word_1_449' title='bbox 3035 2837 3124 2893; x_wconf 84' lang='lat' dir='ltr'><strong>vel</strong></span> <span class='ocrx_word' id='word_1_450' title='bbox 3165 2837 3234 2892; x_wconf 89' lang='lat' dir='ltr'><strong>ab</strong></span> <span class='ocrx_word' id='word_1_451' title='bbox 3262 2838 3365 2892; x_wconf 87' lang='lat' dir='ltr'><strong>hoc</strong></span> <span class='ocrx_word' id='word_1_452' title='bbox 3393 2846 3534 2892; x_wconf 88' lang='lat' dir='ltr'><strong>tem-</strong></span> 
     </span>
    </p>
   </div>
   <div class='ocr_carea' id='block_1_72' title="bbox 1947 2911 3396 3011">
    <p class='ocr_par' dir='ltr' id='par_1_72' title="bbox 1947 2911 3396 3011">
     <span class='ocr_line' id='line_1_73' title="bbox 1947 2911 3396 3011; baseline -0.012 -17"><span class='ocrx_word' id='word_1_453' title='bbox 1947 2953 2100 3011; x_wconf 86' lang='lat' dir='ltr'><strong>pore,</strong></span> <span class='ocrx_word' id='word_1_454' title='bbox 2134 2936 2248 2991; x_wconf 70' lang='lat' dir='ltr'><strong>SW8</strong></span> <span class='ocrx_word' id='word_1_455' title='bbox 2276 2934 2345 2988; x_wconf 85' lang='lat' dir='ltr'><strong>ab</strong></span> <span class='ocrx_word' id='word_1_456' title='bbox 2382 2911 2522 3002; x_wconf 73' lang='lat' dir='ltr'><strong>ipsis</strong></span> <span class='ocrx_word' id='word_1_457' title='bbox 2562 2931 2772 2985; x_wconf 81' lang='lat' dir='ltr'><strong>divitiis</strong></span> <span class='ocrx_word' id='word_1_458' title='bbox 2797 2928 3072 2998; x_wconf 82' lang='lat' dir='ltr'><strong>accipitis.</strong></span> <span class='ocrx_word' id='word_1_459' title='bbox 3388 3002 3396 3008; x_wconf 23' lang='grc' dir='ltr'><strong><em>Δ</em></strong></span> 
     </span>
    </p>
   </div>
   <div class='ocr_carea' id='block_1_73' title="bbox 2018 3021 3530 3087">
    <p class='ocr_par' dir='ltr' id='par_1_73' title="bbox 2018 3021 3530 3087">
     <span class='ocr_line' id='line_1_74' title="bbox 2018 3021 3530 3087; baseline -0.008 -1"><span class='ocrx_word' id='word_1_460' title='bbox 2018 3032 2179 3086; x_wconf 81' lang='lat' dir='ltr'><strong>Vers.</strong></span> <span class='ocrx_word' id='word_1_461' title='bbox 2216 3029 2308 3083; x_wconf 67' lang='lat'><strong>25.</strong></span> <span class='ocrx_word' id='word_1_462' title='bbox 2349 3025 2439 3082; x_wconf 71' lang='lat' dir='ltr'><strong>Vae</strong></span> <span class='ocrx_word' id='word_1_463' title='bbox 2464 3053 2534 3066; x_wconf 88' lang='lat'><strong>—-—</strong></span> <span class='ocrx_word' id='word_1_464' title='bbox 2567 3025 2828 3079; x_wconf 78' lang='lat' dir='ltr'><strong>esurietis.</strong></span> <span class='ocrx_word' id='word_1_465' title='bbox 2868 3021 2973 3087; x_wconf 86' lang='lat' dir='ltr'><strong>Qui</strong></span> <span class='ocrx_word' id='word_1_466' title='bbox 3014 3024 3243 3076; x_wconf 88' lang='lat' dir='ltr'><strong>saturati</strong></span> <span class='ocrx_word' id='word_1_467' title='bbox 3284 3021 3420 3076; x_wconf 88' lang='lat' dir='ltr'><strong>estis</strong></span> <span class='ocrx_word' id='word_1_468' title='bbox 3477 3021 3530 3075; x_wconf 90' lang='lat' dir='ltr'><strong>in</strong></span> 
     </span>
    </p>
   </div>
   <div class='ocr_carea' id='block_1_74' title="bbox 1948 3111 3532 3196">
    <p class='ocr_par' dir='ltr' id='par_1_74' title="bbox 1948 3111 3532 3196">
     <span class='ocr_line' id='line_1_75' title="bbox 1948 3111 3532 3196; baseline -0.009 -16"><span class='ocrx_word' id='word_1_469' title='bbox 1948 3121 2200 3196; x_wconf 73' lang='lat' dir='ltr'><strong>prmsenti</strong></span> <span class='ocrx_word' id='word_1_470' title='bbox 2257 3119 2390 3183; x_wconf 84' lang='lat' dir='ltr'><strong>vita,</strong></span> <span class='ocrx_word' id='word_1_471' title='bbox 2426 3116 2554 3187; x_wconf 87' lang='lat' dir='ltr'><strong>quia</strong></span> <span class='ocrx_word' id='word_1_472' title='bbox 2592 3115 2852 3171; x_wconf 88' lang='lat' dir='ltr'><strong>esurietis</strong></span> <span class='ocrx_word' id='word_1_473' title='bbox 2917 3113 2974 3167; x_wconf 91' lang='lat' dir='ltr'><strong>in</strong></span> <span class='ocrx_word' id='word_1_474' title='bbox 3035 3111 3240 3179; x_wconf 81' lang='lat' dir='ltr'><strong>futura,</strong></span> <span class='ocrx_word' id='word_1_475' title='bbox 3293 3127 3365 3167; x_wconf 90' lang='lat' dir='ltr'><strong>ne</strong></span> <span class='ocrx_word' id='word_1_476' title='bbox 3425 3128 3532 3167; x_wconf 90' lang='lat' dir='ltr'><strong>una</strong></span> 
     </span>
    </p>
   </div>
   <div class='ocr_carea' id='block_1_75' title="bbox 1864 3206 2869 3307">
    <p class='ocr_par' dir='ltr' id='par_1_75' title="bbox 1864 3206 2869 3307">
     <span class='ocr_line' id='line_1_76' title="bbox 1864 3206 2869 3307; baseline -0.013 -34"><span class='ocrx_word' id='word_1_477' title='bbox 1864 3243 1912 3307; x_wconf 68' lang='grc' dir='ltr'><strong>ρ</strong></span> <span class='ocrx_word' id='word_1_478' title='bbox 1945 3218 2165 3289; x_wconf 88' lang='lat' dir='ltr'><strong>quidem</strong></span> <span class='ocrx_word' id='word_1_479' title='bbox 2197 3210 2572 3270; x_wconf 88' lang='lat' dir='ltr'><strong>consolatione</strong></span> <span class='ocrx_word' id='word_1_480' title='bbox 2604 3206 2869 3260; x_wconf 79' lang='lat' dir='ltr'><strong>fruentes.</strong></span> 
     </span>
    </p>
   </div>
   <div class='ocr_carea' id='block_1_76' title="bbox 2016 3295 3532 3368">
    <p class='ocr_par' dir='ltr' id='par_1_76' title="bbox 2016 3295 3532 3368">
     <span class='ocr_line' id='line_1_77' title="bbox 2016 3295 3532 3368; baseline -0.011 -3"><span class='ocrx_word' id='word_1_481' title='bbox 2016 3311 2173 3364; x_wconf 85' lang='lat' dir='ltr'><strong>Vers.</strong></span> <span class='ocrx_word' id='word_1_482' title='bbox 2205 3305 2296 3360; x_wconf 69' lang='lat'><strong>25.</strong></span> <span class='ocrx_word' id='word_1_483' title='bbox 2341 3302 2431 3357; x_wconf 78' lang='lat' dir='ltr'><strong>Va:</strong></span> <span class='ocrx_word' id='word_1_484' title='bbox 2463 3327 2534 3342; x_wconf 87' lang='lat'><strong>--</strong></span> <span class='ocrx_word' id='word_1_485' title='bbox 2556 3298 2768 3368; x_wconf 74' lang='lat' dir='ltr'><strong>ﬂebitis.</strong></span> <span class='ocrx_word' id='word_1_486' title='bbox 2817 3296 2919 3363; x_wconf 92' lang='lat' dir='ltr'><strong>Qui</strong></span> <span class='ocrx_word' id='word_1_487' title='bbox 2942 3295 3127 3351; x_wconf 87' lang='lat' dir='ltr'><strong>ridetis</strong></span> <span class='ocrx_word' id='word_1_488' title='bbox 3159 3311 3310 3351; x_wconf 90' lang='lat' dir='ltr'><strong>nunc</strong></span> <span class='ocrx_word' id='word_1_489' title='bbox 3336 3295 3532 3350; x_wconf 89' lang='lat' dir='ltr'><strong>immo-</strong></span> 
     </span>
    </p>
   </div>
   <div class='ocr_carea' id='block_1_77' title="bbox 1940 3388 3533 3467">
    <p class='ocr_par' dir='ltr' id='par_1_77' title="bbox 1940 3388 3533 3467">
     <span class='ocr_line' id='line_1_78' title="bbox 1940 3388 3533 3467; baseline -0.011 -9"><span class='ocrx_word' id='word_1_490' title='bbox 1940 3405 2146 3464; x_wconf 87' lang='lat' dir='ltr'><strong>derate,</strong></span> <span class='ocrx_word' id='word_1_491' title='bbox 2173 3397 2299 3467; x_wconf 86' lang='lat' dir='ltr'><strong>quia</strong></span> <span class='ocrx_word' id='word_1_492' title='bbox 2328 3392 2548 3448; x_wconf 84' lang='lat' dir='ltr'><strong>ﬂebitis.</strong></span> <span class='ocrx_word' id='word_1_493' title='bbox 2569 3389 2810 3443; x_wconf 85' lang='lat' dir='ltr'><strong>Intentio</strong></span> <span class='ocrx_word' id='word_1_494' title='bbox 2835 3397 3018 3442; x_wconf 90' lang='lat' dir='ltr'><strong>autem</strong></span> <span class='ocrx_word' id='word_1_495' title='bbox 3043 3388 3216 3457; x_wconf 81' lang='lat' dir='ltr'><strong>ipsius</strong></span> <span class='ocrx_word' id='word_1_496' title='bbox 3240 3388 3419 3442; x_wconf 90' lang='lat' dir='ltr'><strong>luctus</strong></span> <span class='ocrx_word' id='word_1_497' title='bbox 3447 3396 3533 3441; x_wconf 91' lang='lat' dir='ltr'><strong>est</strong></span> 
     </span>
    </p>
   </div>
   <div class='ocr_carea' id='block_1_78' title="bbox 1939 3476 3531 3554">
    <p class='ocr_par' dir='ltr' id='par_1_78' title="bbox 1939 3476 3531 3554">
     <span class='ocr_line' id='line_1_79' title="bbox 1939 3476 3531 3554; baseline -0.011 -8"><span class='ocrx_word' id='word_1_498' title='bbox 1939 3491 2116 3554; x_wconf 73' lang='lat' dir='ltr'><strong>ﬂetus,</strong></span> <span class='ocrx_word' id='word_1_499' title='bbox 2145 3496 2240 3542; x_wconf 79' lang='lat' dir='ltr'><strong>aut</strong></span> <span class='ocrx_word' id='word_1_500' title='bbox 2269 3486 2448 3538; x_wconf 87' lang='lat' dir='ltr'><strong>luctus</strong></span> <span class='ocrx_word' id='word_1_501' title='bbox 2495 3489 2576 3536; x_wconf 88' lang='lat' dir='ltr'><strong>est</strong></span> <span class='ocrx_word' id='word_1_502' title='bbox 2610 3480 2772 3534; x_wconf 84' lang='lat' dir='ltr'><strong>tacita</strong></span> <span class='ocrx_word' id='word_1_503' title='bbox 2825 3477 3163 3542; x_wconf 87' lang='lat' dir='ltr'><strong>lamentatio,</strong></span> <span class='ocrx_word' id='word_1_504' title='bbox 3198 3476 3358 3532; x_wconf 83' lang='lat' dir='ltr'><strong>ﬂetus</strong></span> <span class='ocrx_word' id='word_1_505' title='bbox 3403 3492 3531 3532; x_wconf 85' lang='lat' dir='ltr'><strong>vero</strong></span> 
     </span>
    </p>
   </div>
   <div class='ocr_carea' id='block_1_79' title="bbox 1940 3579 2430 3652">
    <p class='ocr_par' dir='ltr' id='par_1_79' title="bbox 1940 3579 2430 3652">
     <span class='ocr_line' id='line_1_80' title="bbox 1940 3579 2430 3652; baseline -0.014 -11"><span class='ocrx_word' id='word_1_506' title='bbox 1940 3602 2004 3641; x_wconf 88' lang='lat' dir='ltr'><strong>ea</strong></span> <span class='ocrx_word' id='word_1_507' title='bbox 2040 3599 2162 3652; x_wconf 66' lang='lat' dir='ltr'><strong>qua!</strong></span> <span class='ocrx_word' id='word_1_508' title='bbox 2189 3579 2430 3635; x_wconf 87' lang='lat' dir='ltr'><strong>auditur.</strong></span> 
     </span>
    </p>
   </div>
   <div class='ocr_carea' id='block_1_80' title="bbox 2011 3658 3531 3732">
    <p class='ocr_par' dir='ltr' id='par_1_80' title="bbox 2011 3658 3531 3732">
     <span class='ocr_line' id='line_1_81' title="bbox 2011 3658 3531 3732; baseline -0.011 -2"><span class='ocrx_word' id='word_1_509' title='bbox 2011 3679 2166 3732; x_wconf 86' lang='lat' dir='ltr'><strong>Vers.</strong></span> <span class='ocrx_word' id='word_1_510' title='bbox 2211 3674 2303 3731; x_wconf 74' lang='lat'><strong>26.</strong></span> <span class='ocrx_word' id='word_1_511' title='bbox 2336 3671 2788 3729; x_wconf 70' lang='lat' dir='ltr'><strong>Vra—homines.</strong></span> <span class='ocrx_word' id='word_1_512' title='bbox 2846 3664 2982 3719; x_wconf 87' lang='lat' dir='ltr'><strong>Cum</strong></span> <span class='ocrx_word' id='word_1_513' title='bbox 3038 3661 3165 3716; x_wconf 88' lang='lat' dir='ltr'><strong>mali</strong></span> <span class='ocrx_word' id='word_1_514' title='bbox 3212 3661 3374 3716; x_wconf 86' lang='lat' dir='ltr'><strong>sitis:</strong></span> <span class='ocrx_word' id='word_1_515' title='bbox 3439 3658 3531 3714; x_wconf 65' lang='lat' dir='ltr'><strong>Vae</strong></span> 
     </span>
    </p>
   </div>
   <div class='ocr_carea' id='block_1_81' title="bbox 1941 3751 3529 3838">
    <p class='ocr_par' dir='ltr' id='par_1_81' title="bbox 1941 3751 3529 3838">
     <span class='ocr_line' id='line_1_82' title="bbox 1941 3751 3529 3838; baseline -0.012 -13"><span class='ocrx_word' id='word_1_516' title='bbox 1941 3769 2117 3832; x_wconf 77' lang='lat' dir='ltr'><strong>vobis,</strong></span> <span class='ocrx_word' id='word_1_517' title='bbox 2153 3767 2352 3838; x_wconf 89' lang='lat' dir='ltr'><strong>inquit,</strong></span> <span class='ocrx_word' id='word_1_518' title='bbox 2387 3781 2510 3821; x_wconf 90' lang='lat' dir='ltr'><strong>cum</strong></span> <span class='ocrx_word' id='word_1_519' title='bbox 2562 3757 2904 3818; x_wconf 88' lang='lat' dir='ltr'><strong>laudaverint</strong></span> <span class='ocrx_word' id='word_1_520' title='bbox 2948 3769 3064 3817; x_wconf 86' lang='lat' dir='ltr'><strong>vos,</strong></span> <span class='ocrx_word' id='word_1_521' title='bbox 3118 3763 3375 3822; x_wconf 89' lang='lat' dir='ltr'><strong>tanquam</strong></span> <span class='ocrx_word' id='word_1_522' title='bbox 3422 3751 3529 3806; x_wconf 88' lang='lat' dir='ltr'><strong>illis</strong></span> 
     </span>
    </p>
   </div>
   <div class='ocr_carea' id='block_1_82' title="bbox 1943 3842 3529 3933">
    <p class='ocr_par' dir='ltr' id='par_1_82' title="bbox 1943 3842 3529 3933">
     <span class='ocr_line' id='line_1_83' title="bbox 1943 3842 3529 3933; baseline -0.015 -14"><span class='ocrx_word' id='word_1_523' title='bbox 1943 3864 2223 3933; x_wconf 84' lang='lat' dir='ltr'><strong>placentes</strong></span> <span class='ocrx_word' id='word_1_524' title='bbox 2251 3868 2441 3916; x_wconf 88' lang='lat' dir='ltr'><strong>etnon</strong></span> <span class='ocrx_word' id='word_1_525' title='bbox 2491 3855 2622 3911; x_wconf 91' lang='lat' dir='ltr'><strong>Deo.</strong></span> <span class='ocrx_word' id='word_1_526' title='bbox 2683 3851 2840 3906; x_wconf 87' lang='lat' dir='ltr'><strong>Sicut</strong></span> <span class='ocrx_word' id='word_1_527' title='bbox 2884 3848 3032 3902; x_wconf 86' lang='lat' dir='ltr'><strong>enim</strong></span> <span class='ocrx_word' id='word_1_528' title='bbox 3071 3846 3263 3899; x_wconf 86' lang='lat' dir='ltr'><strong>beatus</strong></span> <span class='ocrx_word' id='word_1_529' title='bbox 3302 3851 3403 3908; x_wconf 90' lang='lat' dir='ltr'><strong>est,</strong></span> <span class='ocrx_word' id='word_1_530' title='bbox 3436 3842 3529 3912; x_wconf 92' lang='lat' dir='ltr'><strong>qui</strong></span> 
     </span>
    </p>
   </div>
   <div class='ocr_carea' id='block_1_83' title="bbox 1947 3939 3530 4023">
    <p class='ocr_par' dir='ltr' id='par_1_83' title="bbox 1947 3939 3530 4023">
     <span class='ocr_line' id='line_1_84' title="bbox 1947 3939 3530 4023; baseline -0.015 -12"><span class='ocrx_word' id='word_1_531' title='bbox 1947 3957 2148 4023; x_wconf 83' lang='lat' dir='ltr'><strong>iniuste</strong></span> <span class='ocrx_word' id='word_1_532' title='bbox 2181 3951 2528 4010; x_wconf 87' lang='lat' dir='ltr'><strong>contumeliis</strong></span> <span class='ocrx_word' id='word_1_533' title='bbox 2570 3945 2820 4008; x_wconf 69' lang='lat' dir='ltr'><strong>adicitur,</strong></span> <span class='ocrx_word' id='word_1_534' title='bbox 2853 3939 2928 3993; x_wconf 87' lang='lat' dir='ltr'><strong>ita</strong></span> <span class='ocrx_word' id='word_1_535' title='bbox 2959 3953 3176 3993; x_wconf 88' lang='lat' dir='ltr'><strong>rursum</strong></span> <span class='ocrx_word' id='word_1_536' title='bbox 3208 3939 3394 3991; x_wconf 57' lang='lat' dir='ltr'><strong>imiscr</strong></span> <span class='ocrx_word' id='word_1_537' title='bbox 3424 3943 3530 3999; x_wconf 89' lang='lat' dir='ltr'><strong>est,</strong></span> 
     </span>
    </p>
   </div>
   <div class='ocr_carea' id='block_1_84' title="bbox 1945 4044 2589 4119">
    <p class='ocr_par' dir='ltr' id='par_1_84' title="bbox 1945 4044 2589 4119">
     <span class='ocr_line' id='line_1_85' title="bbox 1945 4044 2589 4119; baseline -0.011 -16"><span class='ocrx_word' id='word_1_538' title='bbox 1945 4049 2038 4119; x_wconf 89' lang='lat' dir='ltr'><strong>qui</strong></span> <span class='ocrx_word' id='word_1_539' title='bbox 2082 4048 2283 4118; x_wconf 84' lang='lat' dir='ltr'><strong>injuste</strong></span> <span class='ocrx_word' id='word_1_540' title='bbox 2315 4044 2589 4099; x_wconf 86' lang='lat' dir='ltr'><strong>laudatur.</strong></span> 
     </span>
    </p>
   </div>
   <div class='ocr_carea' id='block_1_85' title="bbox 2021 4118 3529 4195">
    <p class='ocr_par' dir='ltr' id='par_1_85' title="bbox 2021 4118 3529 4195">
     <span class='ocr_line' id='line_1_86' title="bbox 2021 4118 3529 4195; baseline -0.017 0"><span class='ocrx_word' id='word_1_541' title='bbox 2021 4139 2176 4195; x_wconf 78' lang='lat' dir='ltr'><strong>Vera.</strong></span> <span class='ocrx_word' id='word_1_542' title='bbox 2209 4138 2300 4192; x_wconf 70' lang='lat'><strong>26.</strong></span> <span class='ocrx_word' id='word_1_543' title='bbox 2331 4135 2631 4190; x_wconf 82' lang='lat' dir='ltr'><strong>Secundum</strong></span> <span class='ocrx_word' id='word_1_544' title='bbox 2667 4160 2740 4174; x_wconf 70' lang='grc' dir='ltr'><strong>-ρ</strong></span> <span class='ocrx_word' id='word_1_545' title='bbox 2769 4147 2974 4186; x_wconf 88' lang='lat' dir='ltr'><strong>eorum.</strong></span> <span class='ocrx_word' id='word_1_546' title='bbox 3029 4121 3341 4181; x_wconf 83' lang='lat' dir='ltr'><strong>Secundum</strong></span> <span class='ocrx_word' id='word_1_547' title='bbox 3389 4118 3529 4182; x_wconf 66' lang='lat' dir='ltr'><strong>haec,</strong></span> 
     </span>
    </p>
   </div>
   <div class='ocr_carea' id='block_1_86' title="bbox 1947 4209 3528 4286">
    <p class='ocr_par' dir='ltr' id='par_1_86' title="bbox 1947 4209 3528 4286">
     <span class='ocr_line' id='line_1_87' title="bbox 1947 4209 3528 4286; baseline -0.015 0"><span class='ocrx_word' id='word_1_548' title='bbox 1947 4230 2204 4286; x_wconf 83' lang='lat' dir='ltr'><strong>videlicet</strong></span> <span class='ocrx_word' id='word_1_549' title='bbox 2232 4229 2425 4284; x_wconf 89' lang='lat' dir='ltr'><strong>eodem</strong></span> <span class='ocrx_word' id='word_1_550' title='bbox 2463 4226 2626 4280; x_wconf 89' lang='lat' dir='ltr'><strong>modo</strong></span> <span class='ocrx_word' id='word_1_551' title='bbox 2658 4223 2965 4284; x_wconf 85' lang='lat' dir='ltr'><strong>laudantes,</strong></span> <span class='ocrx_word' id='word_1_552' title='bbox 3016 4228 3275 4285; x_wconf 84' lang='lat' dir='ltr'><strong>tanquam</strong></span> <span class='ocrx_word' id='word_1_553' title='bbox 3324 4209 3391 4264; x_wconf 88' lang='lat' dir='ltr'><strong>ad</strong></span> <span class='ocrx_word' id='word_1_554' title='bbox 3425 4210 3528 4264; x_wconf 88' lang='lat' dir='ltr'><strong>be-</strong></span> 
     </span>
    </p>
   </div>
   <div class='ocr_carea' id='block_1_87' title="bbox 1947 4316 2914 4393">
    <p class='ocr_par' dir='ltr' id='par_1_87' title="bbox 1947 4316 2914 4393">
     <span class='ocr_line' id='line_1_88' title="bbox 1947 4316 2914 4393; baseline -0.013 -14"><span class='ocrx_word' id='word_1_555' title='bbox 1947 4322 2278 4393; x_wconf 85' lang='lat' dir='ltr'><strong>neplacitum</strong></span> <span class='ocrx_word' id='word_1_556' title='bbox 2308 4334 2465 4374; x_wconf 89' lang='lat' dir='ltr'><strong>suum</strong></span> <span class='ocrx_word' id='word_1_557' title='bbox 2498 4316 2914 4388; x_wconf 87' lang='lat' dir='ltr'><strong>prophetantes.</strong></span> 
     </span>
    </p>
   </div>
   <div class='ocr_carea' id='block_1_88' title="bbox 2019 4395 3529 4468">
    <p class='ocr_par' dir='ltr' id='par_1_88' title="bbox 2019 4395 3529 4468">
     <span class='ocr_line' id='line_1_89' title="bbox 2019 4395 3529 4468; baseline -0.012 -1"><span class='ocrx_word' id='word_1_558' title='bbox 2019 4414 2174 4468; x_wconf 85' lang='lat' dir='ltr'><strong>Vers.</strong></span> <span class='ocrx_word' id='word_1_559' title='bbox 2211 4411 2302 4464; x_wconf 74' lang='grc'>27.</span> <span class='ocrx_word' id='word_1_560' title='bbox 2334 4407 2437 4463; x_wconf 86' lang='lat' dir='ltr'><strong>Sed</strong></span> <span class='ocrx_word' id='word_1_561' title='bbox 2464 4405 2766 4458; x_wconf 81' lang='lat' dir='ltr'><strong>-—auditis.</strong></span> <span class='ocrx_word' id='word_1_562' title='bbox 2802 4401 2907 4467; x_wconf 85' lang='lat' dir='ltr'><strong>Qui</strong></span> <span class='ocrx_word' id='word_1_563' title='bbox 2954 4399 3086 4455; x_wconf 87' lang='lat' dir='ltr'><strong>mihi</strong></span> <span class='ocrx_word' id='word_1_564' title='bbox 3137 4395 3424 4453; x_wconf 85' lang='lat' dir='ltr'><strong>assentitis</strong></span> <span class='ocrx_word' id='word_1_565' title='bbox 3473 4403 3529 4450; x_wconf 89' lang='lat' dir='ltr'><strong>et</strong></span> 
     </span>
    </p>
   </div>
   <div class='ocr_carea' id='block_1_89' title="bbox 1950 4499 2458 4557">
    <p class='ocr_par' dir='ltr' id='par_1_89' title="bbox 1950 4499 2458 4557">
     <span class='ocr_line' id='line_1_90' title="bbox 1950 4499 2458 4557; baseline -0.012 0"><span class='ocrx_word' id='word_1_566' title='bbox 1950 4503 2270 4557; x_wconf 78' lang='lat' dir='ltr'><strong>obcdientes</strong></span> <span class='ocrx_word' id='word_1_567' title='bbox 2304 4499 2458 4554; x_wconf 87' lang='lat' dir='ltr'><strong>estis.</strong></span> 
     </span>
    </p>
   </div>
   <div class='ocr_carea' id='block_1_90' title="bbox 348 4572 1845 4673">
    <p class='ocr_par' dir='ltr' id='par_1_90' title="bbox 348 4597 1843 4673">
     <span class='ocr_line' id='line_1_91' title="bbox 348 4597 1843 4673; baseline -0.002 -18"><span class='ocrx_word' id='word_1_568' title='bbox 348 4600 644 4669; x_wconf 80' lang='grc' dir='ltr'>Ἀγαπᾶτε</span> <span class='ocrx_word' id='word_1_569' title='bbox 681 4630 746 4644; x_wconf 89' lang='lat'><strong>—-</strong></span> <span class='ocrx_word' id='word_1_570' title='bbox 786 4601 971 4672; x_wconf 82' lang='grc' dir='ltr'>ὑμῶν.</span> <span class='ocrx_word' id='word_1_571' title='bbox 1005 4597 1142 4655; x_wconf 74' lang='lat' dir='ltr'><strong>Eine</strong></span> <span class='ocrx_word' id='word_1_572' title='bbox 1172 4601 1334 4653; x_wconf 79' lang='grc' dir='ltr'>τοῦτο</span> <span class='ocrx_word' id='word_1_573' title='bbox 1382 4599 1478 4652; x_wconf 78' lang='grc' dir='ltr'><strong>καὶ</strong></span> <span class='ocrx_word' id='word_1_574' title='bbox 1509 4602 1566 4652; x_wconf 82' lang='grc' dir='ltr'><strong>ὲν</strong></span> <span class='ocrx_word' id='word_1_575' title='bbox 1597 4599 1675 4670; x_wconf 80' lang='grc' dir='ltr'><strong>τῷ</strong></span> <span class='ocrx_word' id='word_1_576' title='bbox 1702 4602 1843 4673; x_wconf 77' lang='grc' dir='ltr'>πέμ-</span> 
     </span>
    </p>
   </div>
   <div class='ocr_carea' id='block_1_91' title="bbox 1965 4572 3539 4673">
    <p class='ocr_par' dir='ltr' id='par_1_91' title="bbox 2031 4580 3539 4659">
     <span class='ocr_line' id='line_1_92' title="bbox 2031 4580 3539 4659; baseline -0.011 -12"><span class='ocrx_word' id='word_1_577' title='bbox 2031 4592 2186 4647; x_wconf 82' lang='lat' dir='ltr'><strong>Vers.</strong></span> <span class='ocrx_word' id='word_1_578' title='bbox 2239 4592 2330 4645; x_wconf 72' lang='lat'><strong>27.</strong></span> <span class='ocrx_word' id='word_1_579' title='bbox 2385 4589 2604 4659; x_wconf 80' lang='lat' dir='ltr'><strong>Diligite</strong></span> <span class='ocrx_word' id='word_1_580' title='bbox 2628 4615 2698 4626; x_wconf 90' lang='lat'><strong><em>—</em></strong></span> <span class='ocrx_word' id='word_1_581' title='bbox 2723 4595 2940 4638; x_wconf 78' lang='lat' dir='ltr'><strong>uestros.</strong></span> <span class='ocrx_word' id='word_1_582' title='bbox 2996 4581 3142 4636; x_wconf 86' lang='lat' dir='ltr'><strong>Dixit</strong></span> <span class='ocrx_word' id='word_1_583' title='bbox 3171 4580 3274 4635; x_wconf 84' lang='lat' dir='ltr'><strong>hoc</strong></span> <span class='ocrx_word' id='word_1_584' title='bbox 3313 4591 3539 4649; x_wconf 79' lang='lat' dir='ltr'><strong>quoque</strong></span> 
     </span>
    </p>
   </div>
   <div class='ocr_carea' id='block_1_92' title="bbox 265 4691 1844 4765">
    <p class='ocr_par' dir='ltr' id='par_1_92' title="bbox 265 4691 1844 4765">
     <span class='ocr_line' id='line_1_93' title="bbox 265 4691 1844 4765; baseline 0 -19"><span class='ocrx_word' id='word_1_585' title='bbox 265 4711 388 4765; x_wconf 83' lang='grc' dir='ltr'><strong>πτῳ</strong></span> <span class='ocrx_word' id='word_1_586' title='bbox 419 4693 701 4762; x_wconf 79' lang='grc' dir='ltr'>κεφαλαίῳ</span> <span class='ocrx_word' id='word_1_587' title='bbox 725 4693 820 4745; x_wconf 81' lang='grc' dir='ltr'><strong>τοῦ</strong></span> <span class='ocrx_word' id='word_1_588' title='bbox 848 4694 990 4746; x_wconf 81' lang='grc' dir='ltr'>κατὰ</span> <span class='ocrx_word' id='word_1_589' title='bbox 1012 4691 1318 4756; x_wconf 83' lang='grc' dir='ltr'>Ματθαίον,</span> <span class='ocrx_word' id='word_1_590' title='bbox 1363 4692 1496 4745; x_wconf 68' lang='grc' dir='ltr'>ἔνθα</span> <span class='ocrx_word' id='word_1_591' title='bbox 1549 4695 1726 4746; x_wconf 78' lang='grc' dir='ltr'>κεῖται</span> <span class='ocrx_word' id='word_1_592' title='bbox 1755 4695 1844 4746; x_wconf 70' lang='grc' dir='ltr'><strong>τόδ</strong></span> 
     </span>
    </p>
   </div>
   <div class='ocr_carea' id='block_1_93' title="bbox 278 4781 1851 4854">
    <p class='ocr_par' dir='ltr' id='par_1_93' title="bbox 278 4781 1851 4854">
     <span class='ocr_line' id='line_1_94' title="bbox 278 4781 1851 4854; baseline -0.001 -13"><span class='ocrx_word' id='word_1_593' title='bbox 278 4787 602 4841; x_wconf 73' lang='grc' dir='ltr'>Ἠκούσατε</span> <span class='ocrx_word' id='word_1_594' title='bbox 638 4784 728 4837; x_wconf 83' lang='grc' dir='ltr'>ὅτι</span> <span class='ocrx_word' id='word_1_595' title='bbox 753 4783 963 4854; x_wconf 57' lang='lat' dir='ltr'><strong>appear;</strong></span> <span class='ocrx_word' id='word_1_596' title='bbox 996 4799 1011 4813; x_wconf 84' lang='lat'><strong>&#39;</strong></span> <span class='ocrx_word' id='word_1_597' title='bbox 1060 4782 1422 4853; x_wconf 81' lang='grc' dir='ltr'>Ἀγαπήσεις</span> <span class='ocrx_word' id='word_1_598' title='bbox 1451 4781 1559 4836; x_wconf 80' lang='grc' dir='ltr'><strong>τὸν</strong></span> <span class='ocrx_word' id='word_1_599' title='bbox 1582 4787 1851 4853; x_wconf 79' lang='grc' dir='ltr'>πλησίον</span> 
     </span>
    </p>
   </div>
   <div class='ocr_carea' id='block_1_94' title="bbox 265 4876 1368 4946">
    <p class='ocr_par' dir='ltr' id='par_1_94' title="bbox 265 4876 1368 4946">
     <span class='ocr_line' id='line_1_95' title="bbox 265 4876 1368 4946; baseline -0.005 -11"><span class='ocrx_word' id='word_1_600' title='bbox 265 4898 405 4942; x_wconf 90' lang='grc' dir='ltr'>σου,</span> <span class='ocrx_word' id='word_1_601' title='bbox 430 4879 525 4931; x_wconf 79' lang='grc' dir='ltr'>καὶ</span> <span class='ocrx_word' id='word_1_602' title='bbox 544 4876 829 4946; x_wconf 79' lang='grc' dir='ltr'>μισήσεις</span> <span class='ocrx_word' id='word_1_603' title='bbox 857 4877 965 4930; x_wconf 81' lang='grc' dir='ltr'><strong>τὸν</strong></span> <span class='ocrx_word' id='word_1_604' title='bbox 995 4877 1211 4945; x_wconf 63' lang='grc' dir='ltr'><strong>ἐχθρόν</strong></span> <span class='ocrx_word' id='word_1_605' title='bbox 1231 4891 1368 4930; x_wconf 88' lang='grc' dir='ltr'>σου.</span> 
     </span>
    </p>
   </div>
   <div class='ocr_carea' id='block_1_95' title="bbox 339 4965 1839 5038">
    <p class='ocr_par' dir='ltr' id='par_1_95' title="bbox 339 4965 1839 5038">
     <span class='ocr_line' id='line_1_96' title="bbox 339 4965 1839 5038; baseline 0 -14"><span class='ocrx_word' id='word_1_606' title='bbox 339 4965 549 5034; x_wconf 65' lang='grc' dir='ltr'>Καλῶς</span> <span class='ocrx_word' id='word_1_607' title='bbox 595 4967 815 5021; x_wconf 72' lang='grc' dir='ltr'>ποιεῖτε</span> <span class='ocrx_word' id='word_1_608' title='bbox 870 4997 938 5010; x_wconf 92' lang='grc'><strong>-</strong></span> <span class='ocrx_word' id='word_1_609' title='bbox 997 4967 1174 5038; x_wconf 79' lang='grc' dir='ltr'>ὑμᾶς.</span> <span class='ocrx_word' id='word_1_610' title='bbox 1234 4969 1343 5019; x_wconf 74' lang='grc' dir='ltr'><strong>Καὶ</strong></span> <span class='ocrx_word' id='word_1_611' title='bbox 1387 4969 1508 5022; x_wconf 78' lang='grc' dir='ltr'>ἐκεῖ</span> <span class='ocrx_word' id='word_1_612' title='bbox 1559 4969 1731 5024; x_wconf 78' lang='grc' dir='ltr'>ταῦτα</span> <span class='ocrx_word' id='word_1_613' title='bbox 1766 4972 1839 5024; x_wconf 67' lang='grc' dir='ltr'><strong>εἰς</strong></span> 
     </span>
    </p>
   </div>
   <div class='ocr_carea' id='block_1_96' title="bbox 271 5082 429 5139">
    <p class='ocr_par' dir='ltr' id='par_1_96' title="bbox 271 5082 429 5139">
     <span class='ocr_line' id='line_1_97' title="bbox 271 5082 429 5139; baseline 0.013 -23"><span class='ocrx_word' id='word_1_614' title='bbox 271 5082 429 5139; x_wconf 79' lang='grc' dir='ltr'>ρηκε.</span> 
     </span>
    </p>
   </div>
   <div class='ocr_carea' id='block_1_97' title="bbox 347 5148 1848 5221">
    <p class='ocr_par' dir='ltr' id='par_1_97' title="bbox 347 5148 1848 5221">
     <span class='ocr_line' id='line_1_98' title="bbox 347 5148 1848 5221; baseline -0.003 -10"><span class='ocrx_word' id='word_1_615' title='bbox 347 5154 432 5221; x_wconf 84' lang='grc' dir='ltr'><strong>Τῷ</strong></span> <span class='ocrx_word' id='word_1_616' title='bbox 461 5155 743 5209; x_wconf 77' lang='grc' dir='ltr'>τύπτοντι</span> <span class='ocrx_word' id='word_1_617' title='bbox 765 5179 834 5192; x_wconf 88' lang='lat'><strong>-—</strong></span> <span class='ocrx_word' id='word_1_618' title='bbox 865 5149 1171 5216; x_wconf 76' lang='grc' dir='ltr'>κωλύσῃς.</span> <span class='ocrx_word' id='word_1_619' title='bbox 1219 5149 1309 5202; x_wconf 83' lang='grc' dir='ltr'>Ἐν</span> <span class='ocrx_word' id='word_1_620' title='bbox 1336 5148 1530 5219; x_wconf 75' lang='grc' dir='ltr'>ἐκείνῳ</span> <span class='ocrx_word' id='word_1_621' title='bbox 1555 5148 1634 5220; x_wconf 81' lang='grc' dir='ltr'><strong>τῷ</strong></span> <span class='ocrx_word' id='word_1_622' title='bbox 1673 5168 1848 5220; x_wconf 85' lang='grc' dir='ltr'>κεφα-</span> 
     </span>
    </p>
   </div>
   <div class='ocr_carea' id='block_1_98' title="bbox 273 5241 1846 5320">
    <p class='ocr_par' dir='ltr' id='par_1_98' title="bbox 273 5241 1846 5320">
     <span class='ocr_line' id='line_1_99' title="bbox 273 5241 1846 5320; baseline -0.004 -17"><span class='ocrx_word' id='word_1_623' title='bbox 273 5249 412 5320; x_wconf 78' lang='grc' dir='ltr'>λαίῳ</span> <span class='ocrx_word' id='word_1_624' title='bbox 464 5249 704 5318; x_wconf 81' lang='grc' dir='ltr'>ζήτησον</span> <span class='ocrx_word' id='word_1_625' title='bbox 747 5245 842 5297; x_wconf 72' lang='grc' dir='ltr'><strong>καὶ</strong></span> <span class='ocrx_word' id='word_1_626' title='bbox 899 5243 999 5313; x_wconf 79' lang='grc' dir='ltr'><strong>τὴν</strong></span> <span class='ocrx_word' id='word_1_627' title='bbox 1031 5241 1237 5295; x_wconf 85' lang='grc' dir='ltr'>τούτων</span> <span class='ocrx_word' id='word_1_628' title='bbox 1269 5241 1551 5312; x_wconf 72' lang='grc' dir='ltr'>ἐξήγησιν,</span> <span class='ocrx_word' id='word_1_629' title='bbox 1601 5244 1705 5312; x_wconf 65' lang='grc' dir='ltr'><strong>πρδ</strong></span> <span class='ocrx_word' id='word_1_630' title='bbox 1736 5243 1846 5297; x_wconf 88' lang='grc' dir='ltr'><strong>τῶν</strong></span> 
     </span>
    </p>
   </div>
   <div class='ocr_carea' id='block_1_99' title="bbox 269 5333 1844 5411">
    <p class='ocr_par' dir='ltr' id='par_1_99' title="bbox 269 5333 1844 5411">
     <span class='ocr_line' id='line_1_100' title="bbox 269 5333 1844 5411; baseline -0.004 -15"><span class='ocrx_word' id='word_1_631' title='bbox 269 5341 596 5411; x_wconf 76' lang='grc' dir='ltr'>εἰρημένων,</span> <span class='ocrx_word' id='word_1_632' title='bbox 627 5337 754 5391; x_wconf 78' lang='grc' dir='ltr'>ἔνθα</span> <span class='ocrx_word' id='word_1_633' title='bbox 787 5338 964 5389; x_wconf 84' lang='grc' dir='ltr'>κεῖται</span> <span class='ocrx_word' id='word_1_634' title='bbox 992 5334 1074 5387; x_wconf 86' lang='grc' dir='ltr'><strong>τό·</strong></span> <span class='ocrx_word' id='word_1_635' title='bbox 1094 5334 1426 5388; x_wconf 77' lang='grc' dir='ltr'>Ἠκούσατε</span> <span class='ocrx_word' id='word_1_636' title='bbox 1454 5333 1545 5389; x_wconf 83' lang='grc' dir='ltr'>ὅτι</span> <span class='ocrx_word' id='word_1_637' title='bbox 1575 5336 1785 5404; x_wconf 79' lang='grc' dir='ltr'>ἐρῤέθη</span> <span class='ocrx_word' id='word_1_638' title='bbox 1829 5350 1844 5367; x_wconf 82' lang='grc'><strong><em>⁸</em></strong></span> 
     </span>
    </p>
   </div>
   <div class='ocr_carea' id='block_1_100' title="bbox 283 5419 1847 5498">
    <p class='ocr_par' dir='ltr' id='par_1_100' title="bbox 283 5419 1847 5498">
     <span class='ocr_line' id='line_1_101' title="bbox 283 5419 1847 5498; baseline -0.003 -14"><span class='ocrx_word' id='word_1_639' title='bbox 283 5426 627 5498; x_wconf 60' lang='grc' dir='ltr'>ὀφθαλμὸν</span> <span class='ocrx_word' id='word_1_640' title='bbox 702 5425 837 5480; x_wconf 73' lang='grc' dir='ltr'>ἀντὶ</span> <span class='ocrx_word' id='word_1_641' title='bbox 888 5421 1222 5493; x_wconf 68' lang='grc' dir='ltr'>ὀφθαλμοῦ,</span> <span class='ocrx_word' id='word_1_642' title='bbox 1277 5419 1379 5477; x_wconf 79' lang='grc' dir='ltr'><strong>καί</strong></span> <span class='ocrx_word' id='word_1_643' title='bbox 1433 5422 1653 5479; x_wconf 75' lang='grc' dir='ltr'>ὀδόντα</span> <span class='ocrx_word' id='word_1_644' title='bbox 1711 5424 1847 5479; x_wconf 71' lang='grc' dir='ltr'>ἀντὶ</span> 
     </span>
    </p>
   </div>
   <div class='ocr_carea' id='block_1_101' title="bbox 270 5521 498 5582">
    <p class='ocr_par' dir='ltr' id='par_1_101' title="bbox 270 5521 498 5582">
     <span class='ocr_line' id='line_1_102' title="bbox 270 5521 498 5582; baseline -0.018 -8"><span class='ocrx_word' id='word_1_645' title='bbox 270 5521 498 5582; x_wconf 64' lang='grc' dir='ltr'>ἡδοντος.</span> 
     </span>
    </p>
   </div>
   <div class='ocr_carea' id='block_1_102' title="bbox 341 5657 1259 5725">
    <p class='ocr_par' dir='ltr' id='par_1_102' title="bbox 341 5657 1259 5725">
     <span class='ocr_line' id='line_1_103' title="bbox 341 5657 1259 5725; baseline 0 -11"><span class='ocrx_word' id='word_1_646' title='bbox 341 5661 386 5692; x_wconf 79' lang='grc' dir='ltr'><strong>³ο</strong></span> <span class='ocrx_word' id='word_1_647' title='bbox 416 5657 605 5714; x_wconf 76' lang='lat' dir='ltr'><strong>Matth.</strong></span> <span class='ocrx_word' id='word_1_648' title='bbox 637 5674 691 5725; x_wconf 74' lang='grc' dir='ltr'><strong>ν,</strong></span> <span class='ocrx_word' id='word_1_649' title='bbox 715 5657 803 5712; x_wconf 74' lang='grc'><strong>43.</strong></span> <span class='ocrx_word' id='word_1_650' title='bbox 917 5657 958 5689; x_wconf 88' lang='grc'><strong>³¹</strong></span> <span class='ocrx_word' id='word_1_651' title='bbox 1001 5657 1134 5713; x_wconf 89' lang='lat' dir='ltr'><strong>ibid.</strong></span> <span class='ocrx_word' id='word_1_652' title='bbox 1166 5657 1259 5715; x_wconf 76' lang='lat'><strong>38.</strong></span> 
     </span>
    </p>
   </div>
   <div class='ocr_carea' id='block_1_103' title="bbox 1951 4671 3532 4757">
    <p class='ocr_par' dir='ltr' id='par_1_103' title="bbox 1951 4671 3532 4757">
     <span class='ocr_line' id='line_1_104' title="bbox 1951 4671 3532 4757; baseline -0.012 -14"><span class='ocrx_word' id='word_1_653' title='bbox 1951 4688 2134 4757; x_wconf 82' lang='lat' dir='ltr'><strong>capite</strong></span> <span class='ocrx_word' id='word_1_654' title='bbox 2163 4686 2352 4755; x_wconf 89' lang='lat' dir='ltr'><strong>quinto</strong></span> <span class='ocrx_word' id='word_1_655' title='bbox 2391 4679 2672 4757; x_wconf 79' lang='lat' dir='ltr'><strong>Evangelii</strong></span> <span class='ocrx_word' id='word_1_656' title='bbox 2719 4675 3019 4730; x_wconf 88' lang='lat' dir='ltr'><strong>secundum</strong></span> <span class='ocrx_word' id='word_1_657' title='bbox 3076 4674 3409 4736; x_wconf 66' lang='lat' dir='ltr'><strong>Mattliaaum,</strong></span> <span class='ocrx_word' id='word_1_658' title='bbox 3441 4671 3532 4746; x_wconf 87' lang='lat' dir='ltr'><strong>ubi</strong></span> 
     </span>
    </p>
   </div>
   <div class='ocr_carea' id='block_1_104' title="bbox 1951 4756 3534 4841">
    <p class='ocr_par' dir='ltr' id='par_1_104' title="bbox 1951 4756 3534 4841">
     <span class='ocr_line' id='line_1_105' title="bbox 1951 4756 3534 4841; baseline -0.012 -8"><span class='ocrx_word' id='word_1_659' title='bbox 1951 4756 2230 4833; x_wconf 85' lang='lat' dir='ltr'><strong>habetur:</strong></span> <span class='ocrx_word' id='word_1_660' title='bbox 2278 4756 2537 4836; x_wconf 58' lang='lat' dir='ltr'><strong>Audistis,</strong></span> <span class='ocrx_word' id='word_1_661' title='bbox 2562 4770 2699 4841; x_wconf 88' lang='lat' dir='ltr'><strong>quod</strong></span> <span class='ocrx_word' id='word_1_662' title='bbox 2744 4769 2940 4820; x_wconf 80' lang='lat' dir='ltr'><strong>dictum</strong></span> <span class='ocrx_word' id='word_1_663' title='bbox 2968 4767 3060 4827; x_wconf 77' lang='lat' dir='ltr'><strong>sit,</strong></span> <span class='ocrx_word' id='word_1_664' title='bbox 3119 4764 3315 4834; x_wconf 78' lang='lat' dir='ltr'><strong>Diliges</strong></span> <span class='ocrx_word' id='word_1_665' title='bbox 3351 4763 3534 4832; x_wconf 73' lang='grc' dir='ltr'>ριοιῑίο</span> 
     </span>
    </p>
   </div>
   <div class='ocr_carea' id='block_1_105' title="bbox 1951 4860 3421 4939">
    <p class='ocr_par' dir='ltr' id='par_1_105' title="bbox 1951 4860 3421 4939">
     <span class='ocr_line' id='line_1_106' title="bbox 1951 4860 3421 4939; baseline -0.01 -10"><span class='ocrx_word' id='word_1_666' title='bbox 1951 4892 2097 4930; x_wconf 89' lang='lat' dir='ltr'><strong>mum</strong></span> <span class='ocrx_word' id='word_1_667' title='bbox 2136 4883 2306 4939; x_wconf 89' lang='lat' dir='ltr'><strong>tuum,</strong></span> <span class='ocrx_word' id='word_1_668' title='bbox 2359 4879 2408 4926; x_wconf 90' lang='lat' dir='ltr'><strong>et</strong></span> <span class='ocrx_word' id='word_1_669' title='bbox 2448 4874 2567 4924; x_wconf 83' lang='lat' dir='ltr'><strong>odio</strong></span> <span class='ocrx_word' id='word_1_670' title='bbox 2596 4861 2814 4923; x_wconf 79' lang='lat' dir='ltr'><strong>habebis</strong></span> <span class='ocrx_word' id='word_1_671' title='bbox 2848 4866 3124 4919; x_wconf 74' lang='lat' dir='ltr'><strong>inimicum</strong></span> <span class='ocrx_word' id='word_1_672' title='bbox 3174 4871 3325 4914; x_wconf 86' lang='lat' dir='ltr'><strong>tuum</strong></span> <span class='ocrx_word' id='word_1_673' title='bbox 3351 4860 3421 4914; x_wconf 77' lang='lat'><strong>&#39;°.</strong></span> 
     </span>
    </p>
   </div>
   <div class='ocr_carea' id='block_1_106' title="bbox 2021 4949 3537 5034">
    <p class='ocr_par' dir='ltr' id='par_1_106' title="bbox 2021 4949 3537 5034">
     <span class='ocr_line' id='line_1_107' title="bbox 2021 4949 3537 5034; baseline -0.013 -12"><span class='ocrx_word' id='word_1_674' title='bbox 2021 4967 2176 5022; x_wconf 73' lang='lat' dir='ltr'><strong>Vere.</strong></span> <span class='ocrx_word' id='word_1_675' title='bbox 2209 4966 2299 5018; x_wconf 74' lang='lat'><strong>27.</strong></span> <span class='ocrx_word' id='word_1_676' title='bbox 2325 4963 2622 5034; x_wconf 80' lang='lat' dir='ltr'><strong>Benefacite</strong></span> <span class='ocrx_word' id='word_1_677' title='bbox 2646 4989 2719 5004; x_wconf 92' lang='lat'>—</span> <span class='ocrx_word' id='word_1_678' title='bbox 2741 4960 2900 5018; x_wconf 76' lang='lat' dir='ltr'><strong>Vers.</strong></span> <span class='ocrx_word' id='word_1_679' title='bbox 2925 4955 3018 5010; x_wconf 74' lang='lat'><strong>28.</strong></span> <span class='ocrx_word' id='word_1_680' title='bbox 3063 4969 3175 5020; x_wconf 77' lang='lat' dir='ltr'><strong>vos,</strong></span> <span class='ocrx_word' id='word_1_681' title='bbox 3208 4951 3336 5007; x_wconf 69' lang='lat' dir='ltr'><strong>Haec</strong></span> <span class='ocrx_word' id='word_1_682' title='bbox 3365 4949 3537 5004; x_wconf 82' lang='lat' dir='ltr'><strong>etiam</strong></span> 
     </span>
    </p>
   </div>
   <div class='ocr_carea' id='block_1_107' title="bbox 1952 5058 2218 5113">
    <p class='ocr_par' dir='ltr' id='par_1_107' title="bbox 1952 5058 2218 5113">
     <span class='ocr_line' id='line_1_108' title="bbox 1952 5058 2218 5113; baseline -0.008 0"><span class='ocrx_word' id='word_1_683' title='bbox 1952 5059 2024 5113; x_wconf 85' lang='lat' dir='ltr'><strong>ibi</strong></span> <span class='ocrx_word' id='word_1_684' title='bbox 2057 5058 2218 5112; x_wconf 79' lang='lat' dir='ltr'><strong>dixit.</strong></span> 
     </span>
    </p>
   </div>
   <div class='ocr_carea' id='block_1_108' title="bbox 2023 5133 3540 5214">
    <p class='ocr_par' dir='ltr' id='par_1_108' title="bbox 2023 5133 3540 5214">
     <span class='ocr_line' id='line_1_109' title="bbox 2023 5133 3540 5214; baseline -0.014 -8"><span class='ocrx_word' id='word_1_685' title='bbox 2023 5151 2272 5206; x_wconf 62' lang='grc' dir='ltr'><strong>νει-839.</strong></span> <span class='ocrx_word' id='word_1_686' title='bbox 2322 5149 2646 5204; x_wconf 81' lang='lat' dir='ltr'><strong>Percutienti</strong></span> <span class='ocrx_word' id='word_1_687' title='bbox 2674 5175 2740 5187; x_wconf 92' lang='lat'><em>--</em></span> <span class='ocrx_word' id='word_1_688' title='bbox 2766 5141 3118 5214; x_wconf 81' lang='lat' dir='ltr'><strong>prohibueris.</strong></span> <span class='ocrx_word' id='word_1_689' title='bbox 3150 5137 3207 5192; x_wconf 89' lang='lat' dir='ltr'><strong>In</strong></span> <span class='ocrx_word' id='word_1_690' title='bbox 3233 5134 3325 5190; x_wconf 91' lang='lat' dir='ltr'><strong>illo</strong></span> <span class='ocrx_word' id='word_1_691' title='bbox 3355 5133 3540 5202; x_wconf 71' lang='lat' dir='ltr'><strong>capite</strong></span> 
     </span>
    </p>
   </div>
   <div class='ocr_carea' id='block_1_109' title="bbox 1949 5229 3542 5310">
    <p class='ocr_par' dir='ltr' id='par_1_109' title="bbox 1949 5229 3542 5310">
     <span class='ocr_line' id='line_1_110' title="bbox 1949 5229 3542 5310; baseline -0.011 -15"><span class='ocrx_word' id='word_1_692' title='bbox 1949 5241 2115 5295; x_wconf 88' lang='lat' dir='ltr'><strong>etiam</strong></span> <span class='ocrx_word' id='word_1_693' title='bbox 2146 5242 2339 5296; x_wconf 88' lang='lat' dir='ltr'><strong>horum</strong></span> <span class='ocrx_word' id='word_1_694' title='bbox 2385 5253 2569 5310; x_wconf 65' lang='lat' dir='ltr'><strong>quaere</strong></span> <span class='ocrx_word' id='word_1_695' title='bbox 2603 5233 3034 5295; x_wconf 87' lang='lat' dir='ltr'><strong>enarrationem,</strong></span> <span class='ocrx_word' id='word_1_696' title='bbox 3071 5229 3163 5283; x_wconf 90' lang='lat' dir='ltr'><strong>ubi</strong></span> <span class='ocrx_word' id='word_1_697' title='bbox 3211 5233 3339 5280; x_wconf 87' lang='lat' dir='ltr'><strong>ante</strong></span> <span class='ocrx_word' id='word_1_698' title='bbox 3387 5239 3542 5293; x_wconf 43' lang='lat' dir='ltr'><strong>pra”</strong></span> 
     </span>
    </p>
   </div>
   <div class='ocr_carea' id='block_1_110' title="bbox 1947 5316 3539 5399">
    <p class='ocr_par' dir='ltr' id='par_1_110' title="bbox 1947 5316 3539 5399">
     <span class='ocr_line' id='line_1_111' title="bbox 1947 5316 3539 5399; baseline -0.015 -9"><span class='ocrx_word' id='word_1_699' title='bbox 1947 5335 2091 5390; x_wconf 87' lang='lat' dir='ltr'><strong>dicta</strong></span> <span class='ocrx_word' id='word_1_700' title='bbox 2130 5335 2364 5390; x_wconf 87' lang='lat' dir='ltr'><strong>habetur</strong></span> <span class='ocrx_word' id='word_1_701' title='bbox 2399 5350 2415 5389; x_wconf 89' lang='lat'><strong>:</strong></span> <span class='ocrx_word' id='word_1_702' title='bbox 2461 5333 2718 5396; x_wconf 78' lang='lat' dir='ltr'><strong>Audistis,</strong></span> <span class='ocrx_word' id='word_1_703' title='bbox 2748 5334 2886 5399; x_wconf 84' lang='lat' dir='ltr'><strong>quod</strong></span> <span class='ocrx_word' id='word_1_704' title='bbox 2912 5327 3113 5381; x_wconf 78' lang='lat' dir='ltr'><strong>dictum</strong></span> <span class='ocrx_word' id='word_1_705' title='bbox 3145 5320 3215 5377; x_wconf 81' lang='lat' dir='ltr'><strong>sit</strong></span> <span class='ocrx_word' id='word_1_706' title='bbox 3254 5335 3274 5376; x_wconf 89' lang='lat'><strong><em>:</em></strong></span> <span class='ocrx_word' id='word_1_707' title='bbox 3305 5316 3539 5373; x_wconf 70' lang='lat' dir='ltr'><strong>Oculum</strong></span> 
     </span>
    </p>
   </div>
   <div class='ocr_carea' id='block_1_111' title="bbox 1945 5421 2882 5496">
    <p class='ocr_par' dir='ltr' id='par_1_111' title="bbox 1945 5421 2882 5496">
     <span class='ocr_line' id='line_1_112' title="bbox 1945 5421 2882 5496; baseline -0.009 -13"><span class='ocrx_word' id='word_1_708' title='bbox 1945 5443 2040 5496; x_wconf 87' lang='lat' dir='ltr'><strong>pro</strong></span> <span class='ocrx_word' id='word_1_709' title='bbox 2071 5427 2245 5493; x_wconf 77' lang='lat' dir='ltr'><strong>oculo,</strong></span> <span class='ocrx_word' id='word_1_710' title='bbox 2278 5428 2485 5483; x_wconf 83' lang='lat' dir='ltr'><strong>dentem</strong></span> <span class='ocrx_word' id='word_1_711' title='bbox 2508 5442 2603 5496; x_wconf 82' lang='lat' dir='ltr'><strong>pro</strong></span> <span class='ocrx_word' id='word_1_712' title='bbox 2633 5425 2784 5479; x_wconf 85' lang='lat' dir='ltr'><strong>dente</strong></span> <span class='ocrx_word' id='word_1_713' title='bbox 2812 5421 2882 5476; x_wconf 80' lang='grc'>³¹.</span> 
     </span>
    </p>
   </div>
   <div class='ocr_carea' id='block_1_112' title="bbox 1473 5721 2326 5785">
    <p class='ocr_par' dir='ltr' id='par_1_112' title="bbox 1473 5721 2326 5785">
     <span class='ocr_line' id='line_1_113' title="bbox 1473 5721 2326 5785; baseline -0.004 -2"><span class='ocrx_word' id='word_1_714' title='bbox 1473 5721 1670 5785; x_wconf 69' lang='lat' dir='ltr'><strong>Varia:</strong></span> <span class='ocrx_word' id='word_1_715' title='bbox 1702 5721 2001 5785; x_wconf 86' lang='lat' dir='ltr'><strong>lectiones</strong></span> <span class='ocrx_word' id='word_1_716' title='bbox 2033 5727 2094 5783; x_wconf 87' lang='lat' dir='ltr'><strong>et.</strong></span> <span class='ocrx_word' id='word_1_717' title='bbox 2135 5727 2326 5783; x_wconf 63' lang='lat' dir='ltr'><strong>notae.</strong></span> 
     </span>
    </p>
   </div>
   <div class='ocr_carea' id='block_1_113' title="bbox 346 5851 1052 5926">
    <p class='ocr_par' dir='ltr' id='par_1_113' title="bbox 346 5851 1052 5926">
     <span class='ocr_line' id='line_1_114' title="bbox 346 5851 1052 5926; baseline -0.008 -14"><span class='ocrx_word' id='word_1_718' title='bbox 346 5853 459 5926; x_wconf 73' lang='lat'><strong>(’26)</strong></span> <span class='ocrx_word' id='word_1_719' title='bbox 500 5853 953 5926; x_wconf 14' lang='grc' dir='ltr'>κ’Ᾱγαλλιάσθητε.</span> <span class='ocrx_word' id='word_1_720' title='bbox 988 5851 1026 5907; x_wconf 81' lang='grc' dir='ltr'><em>Α</em></span> <span class='ocrx_word' id='word_1_721' title='bbox 1039 5894 1052 5907; x_wconf 95' lang='grc'>.</span> 
     </span>
    </p>
   </div>
   <div class='ocr_carea' id='block_1_114' title="bbox 348 5919 1664 5994">
    <p class='ocr_par' dir='ltr' id='par_1_114' title="bbox 348 5919 1664 5994">
     <span class='ocr_line' id='line_1_115' title="bbox 348 5919 1664 5994; baseline -0.006 -11"><span class='ocrx_word' id='word_1_722' title='bbox 348 5919 461 5994; x_wconf 68' lang='lat'><strong>(‘27)</strong></span> <span class='ocrx_word' id='word_1_723' title='bbox 493 5919 656 5987; x_wconf 74' lang='lat' dir='ltr'><strong>Forte</strong></span> <span class='ocrx_word' id='word_1_724' title='bbox 681 5926 807 5982; x_wconf 78' lang='grc' dir='ltr'>ἀπό.</span> <span class='ocrx_word' id='word_1_725' title='bbox 849 5919 1078 5983; x_wconf 82' lang='lat' dir='ltr'><strong>Prorsus</strong></span> <span class='ocrx_word' id='word_1_726' title='bbox 1110 5923 1300 5980; x_wconf 84' lang='lat' dir='ltr'><strong>abesse</strong></span> <span class='ocrx_word' id='word_1_727' title='bbox 1341 5927 1550 5992; x_wconf 85' lang='lat' dir='ltr'><strong>poterat</strong></span> <span class='ocrx_word' id='word_1_728' title='bbox 1580 5919 1664 5975; x_wconf 75' lang='grc' dir='ltr'>ἐκ.</span> 
     </span>
    </p>
   </div>
   <div class='ocr_carea' id='block_1_115' title="bbox 2035 5841 2656 5925">
    <p class='ocr_par' dir='ltr' id='par_1_115' title="bbox 2035 5841 2656 5925">
     <span class='ocr_line' id='line_1_116' title="bbox 2035 5841 2656 5925; baseline -0.011 -22"><span class='ocrx_word' id='word_1_729' title='bbox 2035 5847 2144 5919; x_wconf 77' lang='lat'><strong>(&#39;28)</strong></span> <span class='ocrx_word' id='word_1_730' title='bbox 2175 5848 2241 5900; x_wconf 80' lang='grc' dir='ltr'>Δε</span> <span class='ocrx_word' id='word_1_731' title='bbox 2277 5845 2425 5925; x_wconf 81' lang='grc' dir='ltr'>λέγει</span> <span class='ocrx_word' id='word_1_732' title='bbox 2453 5843 2568 5898; x_wconf 76' lang='grc' dir='ltr'>νῦν.</span> <span class='ocrx_word' id='word_1_733' title='bbox 2597 5841 2656 5897; x_wconf 83' lang='grc' dir='ltr'>Β.</span> 
     </span>
    </p>
   </div>
  </div>
