4032 6478
265 439 372 505 νιν

1266 447 1412 509 COM
1423 448 1654 511 MENT.
1714 448 1796 508 ΙΝ

1960 451 2130 514 (1AM.
2169 479 2240 491 -
2288 457 2446 520 CAP.
2489 461 2587 522 Π.
3438 475 3542 536 2930

265 557 451 619 αὐτοῖς
484 555 726 626 ἔχοντας.
789 556 911 629 Χρὴ
944 557 1053 629 γὰρ
1103 557 1321 631 πρῶτον
1374 559 1700 631 evastata,
1733 555 1837 612 εἴτι

1962 573 2124 616 sunt:
2156 564 2390 632 primum
2425 570 2573 623 enim
2609 569 2796 627 videre
2822 589 2959 645 opus
2990 583 3098 644 est,
3135 576 3332 634 .leindc
3361 581 3534 640 duca»

259 646 502 716 ὁδηγεῖν.

327 740 452 792 Οὐκ
487 741 617 793 ἐστι
650 770 720 781 -
747 741 958 796 αὐτοῦ.
1013 743 1125 796 Καὶ
1155 741 1319 797 τοῦτο
1357 744 1524 798 πάλιν
1556 746 1613 797 ὲν
1642 742 1722 815 τῷ
1760 744 1849 796 tv-

261 830 662 900 νεακαιὸεκάτῳ
716 834 997 903 κεφαλαίῳ
1054 833 1147 886 τοῦ
1210 836 1355 888 κατὰ
1407 834 1691 888 Ματθαϊον
1718 835 1849 904 περὶ

260 922 458 976 ἑαυτοῦ
505 924 751 994 εἴρηκεν,
818 924 1057 977 ἐνταῦθα
1101 924 1183 991 δὲ,
1230 929 1357 996 περὶ
1415 927 1525 979 τῶν
1585 927 1849 995 μαθητῶν

258 1012 415 1067 τοῦτό
445 1031 633 1086 φησιν,
684 1013 776 1078 οὓς
804 1015 1168 1080 διδασκάλους
1197 1017 1480 1087 ἐποίησεν,
1516 1019 1606 1071 ἵνα
1652 1019 1845 1087 μηδεὶς

257 1105 439 1160 αὐτῶν
496 1107 844 1179 κατεπαροῇ,
901 1108 1076 1163 δοκῶν
1129 1110 1440 1181 ὑπερόἦναι
1491 1111 1591 1181 τὴν
1642 1113 1855 1182 ἀρετὴν

257 1200 457 1257 αὐτῶν.

329 1292 817 1362 Κατηρτισμένος
849 1323 920 1335 -
957 1293 1167 1352 αὑτοῦ.
1210 1290 1347 1349 Εἷπε
1395 1294 1504 1365 γὰρ
1537 1297 1631 1349 καὶ
1678 1297 1738 1348 ἐν
1768 1294 1845 1365 τῷ

254 1383 554 1452 δηλωθέντι
609 1385 1087 1458 ἐννεακαιδεκάτῳ
1149 1389 1470 1456 κεφαλαίῳ·
1537 1388 1620 1441 ὅτι
1667 1389 1844 1458 ἀρκεσ-

253 1476 349 1527 τὺν
413 1475 492 1547 τῷ
546 1476 806 1548 μαθητῇ,
861 1478 949 1533 ἵνα
1007 1479 1259 1549 γένηται,
1314 1478 1391 1543 ὡς
1433 1481 1461 1532 ὁ
1511 1478 1839 1545 διδάσκαλος

253 1565 444 1622 αὑτοῦ.

332 1661 392 1712 τι
422 1658 492 1714 δὲ
547 1689 622 1702 -—
673 1659 941 1729 ἀδελφοῦ
984 1673 1123 1715 σου.
1185 1660 1417 1732 Εἴρηται
1448 1661 1623 1714 ταῦτα
1659 1660 1841 1714 πάντα

252 1751 352 1803 καὶ
388 1752 445 1804 tv
472 1749 552 1822 τῷ
600 1751 840 1821 πέμπτῳ
871 1751 1160 1823 κεφαλαίῳ
1193 1752 1285 1806 τοῦ
1339 1753 1483 1806 κατὰ
1535 1754 1836 1819 Ματοαὶϊιν,

251 1842 350 1894 καὶ
369 1839 604 1912 ζήτησον
636 1843 753 1896 ἐκεῖ
787 1843 889 1914 τὴν
919 1844 1132 1898 τούτων
1165 1844 1454 1914 ἐξήγησιν.

329 1935 413 1986 οὐ
439 1931 551 2002 γάρ
577 1933 707 1987 ἐστι
729 1963 798 1974 —-
829 1934 1207 2002 γινώσκεται.
1255 1935 1489 2006 Ὁμοίως
1517 1935 1614 1990 καὶ
1643 1934 1838 1990 ταῦτα.

251 2022 403 2094 Πλὴν
434 2025 550 2077 ἐκεῖ
575 2026 676 2094 μὲν
703 2027 834 2096 περὶ
886 2025 998 2079 τῶν
1031 2025 1251 2080 πλάνων
1274 2043 1289 2059 ·
1324 2027 1564 2080 ἐνταῦθα
1615 2027 1670 2080 δὲ
1712 2027 1841 2096 περί

249 2131 311 2167 τε
365 2115 474 2167 τῶν
522 2116 960 2188 κεκαθαρμένων
1008 2120 1104 2172 καὶ
1161 2118 1541 2189 καθαιρόντων
1597 2119 1838 2190 ἑτέρους,

255 2206 352 2260 καὶ
403 2208 532 2275 περὶ
580 2207 691 2261 τῶν
744 2208 1077 2279 ἀκαθάρτων
1141 2210 1235 2263 καὶ
1296 2209 1591 2280 καθαίρειν
1645 2209 1843 2273 ἄλλους

249 2298 638 2367 πειρωμένων.
702 2299 1097 2370 Παραϐολικῶς
1156 2302 1213 2355 δὲ
1269 2301 1496 2364 τούτους
1552 2304 1654 2373 μὲν
1702 2301 1841 2356 ὼνόο

255 2407 397 2462 μασε
460 2392 691 2462 δένδρα⁶
749 2394 1000 2461 καρποὺς
1060 2393 1139 2458 δὲ,
1177 2394 1276 2457 τὰς
1345 2395 1578 2462 πράξεις
1635 2395 1838 2462 αὐτῶν,

249 2485 349 2538 καὶ
413 2489 676 2554 παραινεῖ
752 2487 1046 2556 προσέχειν
1123 2488 1245 2547 ταῖς
1317 2487 1551 2557 πράξεσι
1610 2488 1838 2553 τούτων,

251 2577 315 2630 αῖ
338 2577 444 2630 εἱσι
474 2580 706 2648 καρπδς,
732 2582 823 2632 καὶ
856 2583 930 2650 μὴ
954 2584 1067 2644 τοῖς
1095 2582 1303 2649 λόγοις,
1341 2583 1394 2635 οἵ
1421 2585 1531 2635 εἱσι
1562 2583 1764 2652 φύλλα.

327 2764 409 2816 Οὐ
440 2763 551 2831 γὰρ
580 2798 651 2807 -
679 2762 1027 2832 σταφυλήν.
1056 2764 1130 2818 Οὐ
1159 2765 1531 2833 συλλέγουσιν,
1563 2766 1682 2819 οὐδὲ
1707 2783 1840 2835 τρυ-

249 2853 389 2921 γῶσι
445 2853 670 2907 τοιαῦτα
699 2856 762 2907 ἐκ
811 2852 1070 2907 τοιούτων
1111 2858 1160 2908 οἱ
1199 2856 1520 2929 ἅνθρωποι·
1573 2862 1736 2913 πάλιν
1783 2859 1841 2914 δὲ

250 2941 778 3012 παραδειγματικῶς
835 2942 1046 3012 βεϐαιοῖ
1085 2945 1176 2999 τὸν
1234 2945 1412 3014 λόγον.
1469 2949 1684 3015 Ὠσπερ
1728 2950 1839 3019 γὰρ

1956 660 2068 707 tum
2108 655 2230 709 aliis
2263 667 2543 723 praestare.

2028 745 2184 801 νοτε.
2217 749 2306 803 40.
2369 750 2489 803 Non
2523 759 2598 805 est
2623 782 2691 793 —
2717 771 2894 808 suum.
2927 757 2992 810 Et
3033 758 3138 813 hoc
3187 775 3405 814 rursum
3444 761 3540 816 dc-

1951 836 2094 892 oimo
2137 840 2463 910 nonojuxta
2501 845 2811 900 Matthzeum
2854 848 3033 917 capite
3081 850 3150 905 de
3185 868 3244 906 se
3305 853 3424 922 ipso
3454 851 3539 905 di-

1951 929 2030 984 xit
2068 947 2083 996 ;
2121 932 2210 986 hic
2234 941 2416 987 autem
2451 935 2518 990 de
2549 936 2836 1006 discipulis
2869 938 2976 994 hoc
3017 943 3113 1003 ait.
3147 958 3288 1011 quos
3335 958 3538 1012 praece-

1950 1031 2136 1091 ptores
2157 1026 2460 1088 constituit.
2503 1037 2562 1082 ut
2589 1030 2771 1085 nullus
2804 1047 2972 1100 super
2995 1043 3093 1089 eus
3119 1034 3403 1102 eiferatur,
3431 1053 3537 1107 pu-

1952 1124 2071 1168 tans
2104 1120 2421 1189 supergredi
2461 1121 2715 1178 virtutem
2760 1125 3005 1183 illorum.

2020 1293 2177 1350 Vera.
2214 1295 2303 1350 40.
2340 1295 2611 1368 Perfectus
2635 1332 2705 1341 —
2731 1321 2877 1360 suus.
2907 1303 3052 1360 Dixit
3081 1307 3228 1361 enim
3273 1309 3536 1378 praedicto

1948 1399 2170 1453 quoque
2210 1386 2431 1461 decimo
2466 1405 2615 1445 nono
2650 1394 2848 1461 capite.
2899 1393 3110 1451 Suﬂicit
3155 1399 3446 1469 discipulo,
3477 1411 3537 1456 ut

1947 1475 2043 1531 ﬁat
2069 1476 2210 1532 sicut
2238 1481 2495 1551 magister
2535 1499 2670 1539 suus
2701 1485 2769 1539 ³⁸.

2015 1654 2174 1709 Vers.
2228 1655 2318 1710 Μ.
2352 1653 2490 1720 Quid
2531 1671 2711 1712 autem
2751 1689 2820 1700 ——
2865 1660 3026 1716 Vera.
3065 1663 3155 1718 «Ω.
3187 1662 3376 1732 fratris
3431 1665 3531 1720 tui.

1949 1743 2105 1797 Dicta
2138 1753 2267 1798 sunt
2298 1747 2480 1801 omnia
2510 1750 2706 1815 quinto
2752 1751 2908 1818 juxta
2948 1750 3262 1808 Mattbazum
3302 1755 3484 1826 capite
3513 1771 3528 1809 :

1950 1833 2022 1888 ibi
2056 1850 2187 1906 ergo
2209 1851 2390 1905 quaere
2422 1839 2887 1908 explanationem.

2024 1926 2183 1981 Vers.
2215 1927 2306 1983 45.
2340 1928 2462 1982 Νοη
2494 1940 2567 1983 est
2596 1932 2734 1983 enim
2760 1932 3010 1987 -—-Vers.
3040 1934 3132 1988 44.
3177 1935 3529 2004 cognoscitur.

1951 2019 2222 2074 Similiter
2269 2029 2326 2075 et
2376 2021 2510 2076 haec.
2565 2025 2821 2078 Attamen
2871 2024 2941 2078 ibi
2987 2025 3056 2079 de
3108 2027 3528 2082 seductoribus:

1947 2111 2038 2166 hic
2063 2121 2247 2166 autem
2288 2113 2356 2166 de
2391 2113 2476 2167 his
2498 2114 2589 2183 qui
2617 2115 2832 2184 purgati
2869 2125 2997 2169 sunt
3021 2126 3078 2171 et
3103 2116 3239 2173 alios
3257 2127 3528 2189 purgant:

1943 2212 2001 2256 et
2031 2202 2099 2258 de
2149 2202 2235 2258 his
2261 2204 2353 2272 qui
2405 2219 2528 2259 cum
2595 2204 2867 2258 immundi
2933 2205 3064 2272 sint,
3141 2207 3282 2261 alios
3343 2217 3526 2261 tamen

1947 2295 2212 2351 mundare
2274 2306 2509 2352 tentant.
2547 2297 2658 2352 Hos
2707 2307 2890 2353 autem
2953 2314 3050 2368 per
3107 2300 3527 2354 similitudinem

1946 2388 2243 2458 appellavit
2272 2390 2500 2445 arbores
2531 2406 2545 2444 :
2589 2390 2803 2446 fructus
2837 2405 2969 2444 vero
3001 2391 3353 2460 operationes
3409 2391 3530 2446 illo.

1946 2498 2089 2536 rum.
2129 2481 2195 2535 Et
2233 2483 2511 2543 admonet,
2549 2489 2605 2535 ut
2638 2483 2705 2536 ad
2737 2482 2931 2536 horum
2960 2485 3306 2550 Operationes
3342 2490 3528 2535 atten-

1947 2575 2165 2636 damus,
2202 2589 2322 2644 quaa
2345 2583 2473 2628 sunt
2535 2572 2768 2641 fructus,
2805 2586 2858 2630 et
2901 2589 3009 2629 non
3067 2575 3134 2629 ad
3176 2575 3363 2640 verba,
3411 2587 3531 2643 quae

1946 2675 2077 2723 sunt
2108 2667 2258 2722 folia.

2020 2759 2176 2817 Vers.
2229 2762 2319 2816 44.
2396 2761 2518 2816 Non
2553 2764 2689 2816 enim
2724 2794 2781 2804 —
2821 2779 3001 2820 uvam.
3065 2764 3184 2818 Non
3242 2765 3530 2836 colligunt,

1944 2868 2122 2924 neque
2153 2855 2495 2910 vindemiant
2539 2856 2663 2910 talia
2713 2871 2743 2911 e
2777 2857 2977 2911 talibus
3031 2857 3306 2911 homines.
3383 2859 3525 2912 Itur-

1943 2961 2061 2999 sum
2094 2955 2276 2998 autem
2319 2945 2576 3014 exemplo
2628 2946 2920 3001 conﬁrmat
2970 2961 3305 3000 sermonem.
3374 2944 3529 3002 Sicut

1943 3038 2090 3092 enim
2125 3038 2228 3090 hoc
2257 3046 2452 3106 praeter
2480 3042 2729 3091 naturam
2776 3047 2860 3092 est
2899 3047 2956 3092 ct
3006 3038 3348 3108 impossibile
3379 3079 3394 3104 ,
3451 3039 3527 3094 ita

1942 3147 2073 3185 sane
2105 3141 2158 3183 ct
2199 3131 2351 3185 illud.

247 3031 411 3085 τοῦτο
452 3034 603 3103 παρὰ
640 3032 808 3103 φύσιν
835 3034 932 3089 καὶ
978 3036 1302 3092 ἁνένδεκτον
1330 3055 1346 3070 θ
1390 3039 1561 3103 οὕτως
1596 3041 1704 3111 ἄρα
1739 3043 1839 3096 κάν

248 3126 420 3180 κεῖνο.

333 3217 398 3269 ’0
429 3217 652 3286 ἀγαθὸς
701 3248 774 3259 -
819 3222 1030 3277 αὐτοῦ.
1081 3220 1219 3294 Περὶ
1258 3223 1372 3278 τῶν
1403 3221 1835 3291 εὐλογούντωνῆ

2018 3222 2174 3276 Vers.
2201 3221 2292 3274 45.
2322 3220 2500 3275 Bonus
2528 3250 2592 3261 -—
2612 3221 2743 3289 ejus.
2802 3221 2880 3275 De
2909 3221 3019 3286 his,
3048 3223 3141 3292 qui
3193 3223 3529 3278 bcnedicunt

248 3309 709 3377 κακολογοῦντων
741 3311 856 3382 (51)
894 3314 1020 3378 τοὺς
1049 3315 1337 3383 ἀδελφοὺς,
1369 3313 1517 3380 λέγει
1549 3312 1675 3365 νῦνο
1713 3308 1834 3364 εἷπε

1959 3323 2030 3368 ιιιι
2052 3312 2386 3367 maledicunt
2407 3311 2688 3374 fratribus,
2713 3326 2859 3365 nunc
2878 3311 3138 3380 loquitur.
3171 3311 3316 3366 Dixit
3339 3322 3524 3367 autem

247 3401 307 3455 δὲ
340 3402 511 3455 ταῦτα
542 3404 636 3457 καὶ
670 3407 728 3458 ὲν
767 3406 846 3476 τῷ
882 3407 1116 3477 εἰκοστῷ
1149 3407 1388 3478 δευτέρῳ
1426 3405 1708 3476 κεφαλαίῳ
1740 3404 1835 3459 τοῦ

1959 3422 2055 3461 nec
2101 3407 2269 3461 etiam
2336 3405 2600 3460 vicesimo
2677 3403 2920 3458 secundo
2999 3405 3180 3474 capite
3242 3405 3525 3474 Evangeli

251 3497 395 3550 κατὰ
432 3497 730 3565 Ματθαῖον,
758 3500 854 3552 καὶ
877 3500 1114 3570 ζήτησον
1136 3517 1200 3553 πε
1212 3502 1265 3571 pl.
1290 3499 1498 3552 τούτων
1529 3501 1663 3551 ἐκεῖ.

327 3591 389 3643 Τί
416 3589 484 3642 δὲ
548 3619 608 3629 -
656 3592 850 3660 λέγω;
911 3593 1162 3662 Ζήτησον
1202 3595 1258 3646 ἐν
1287 3591 1365 3663 τῷ
1391 3592 1629 3662 πέμπτῳ
1661 3608 1816 3660 κεφα·

248 3680 390 3751 λαίῳ
421 3682 511 3735 τοῦ
542 3685 682 3736 κατὰ
712 3684 996 3737 Ματθαῑον
1021 3684 1122 3754 τὴν
1151 3684 1419 3755 ἐξήγησιν
1448 3682 1540 3737 τοῦ
1565 3700 1578 3715 ⁸
1602 3685 1685 3737 Οὐ
1715 3681 1834 3748 πᾶς

248 3776 284 3827 ό
311 3773 505 3844 λέγων
526 3791 648 3844 μοι,
672 3777 872 3844 Κύριε,
900 3777 1099 3844 Κύριε,
1151 3779 1566 3831 εἰσελεύσεται
1606 3768 1694 3842 εις
1720 3778 1836 3843 τὴν

244 3865 576 3930 βασιλείαν
619 3866 738 3920 τῶν
781 3866 1055 3935 οὐρανῶν
1079 3882 1094 3897 °
1143 3870 1281 3922 ἀλλ’
1329 3870 1362 3921 o'
1390 3867 1578 3922 ποιῶν
1622 3867 1689 3920 τὸ
1743 3867 1835 3922 θέ-

247 3959 417 4024 λημα
461 3955 568 4009 τοῦ
595 3959 825 4025 Πατρός
840 3975 960 4027 μου
999 3958 1105 4012 τοῦ
1128 3959 1197 4011 ἐν
1225 3961 1522 4026 οὐρανοῖς.

1933 3500 2086 3569 juxta
2119 3497 2432 3552 Matthzeum
2465 3515 2478 3560 ;
2507 3495 2652 3552 etibi
2680 3496 2938 3566 quaercde
2955 3496 3060 3550 his.

2012 3594 2164 3647 V'ers.
2217 3590 2308 3645 46.
2371 3591 2508 3656 Quid
2560 3590 3001 3643 autem—dico?
3062 3586 3255 3651 Qmere
3330 3589 3527 3655 quinto

1939 3687 2092 3757 juxta
2117 3684 2428 3739 Matthwum
2461 3684 2640 3752 capite
2694 3682 2823 3736 dicti
2870 3682 3014 3735 illius
3068 3682 3470 3736 enarrationem
3507 3693 3524 3738 ε

1936 3780 2057 3834 Νοη
2088 3780 2276 3839 omnis,
2303 3777 2391 3846 qui
2420 3776 2547 3827 dicit
2574 3776 2725 3837 mihi,
2764 3772 3006 3837 Domine,
3068 3771 3310 3834 Domine,
3350 3776 3526 3826 intraq

1937 3873 2008 3925 bit
2051 3872 2102 3922 in
2134 3884 2351 3940 regnum
2384 3869 2662 3928 caelorum,-
2684 3867 2776 3919 sed
2797 3866 2886 3933 qui
2907 3867 3036 3936 facit
3069 3864 3394 3920 voluntatem
3414 3866 3509 3921 Pa.

1938 3962 2035 4014 tris
2069 3962 2192 4024 mei,
2223 3958 2315 4029 qui
2345 3960 2398 4012 in
2431 3957 2569 4010 catlis
2599 3965 2676 4009 est
2713 3956 2779 4008 ⁸⁷.

2008 4054 2160 4110 Vers.
2191 4052 2282 4106 47.
2322 4051 2503 4107 Omnis
2530 4049 2772 4103 —Vers.
2810 4047 2900 4102 48.
2957 4057 3185 4116 petram.
3209 4048 3335 4104 Haec
3357 4048 3524 4102 etiam

1935 4148 2074 4205 dixit
2099 4146 2244 4202 circa
2274 4145 2440 4199 ﬁnem
2469 4143 2644 4214 quinti
2682 4140 2875 4211 capitis
2903 4140 3180 4212 Evangelii
3219 4142 3523 4196 secundum

317 4047 441 4114 Πᾶς
468 4052 499 4104 ὁ
531 4081 600 4092 -
637 4051 882 4120 πέτραν.
935 4053 1124 4106 Ταῦτα
1181 4052 1378 4123 εἴρηκε
1423 4054 1518 4108 καὶ
1569 4053 1705 4122 πρὸς
1754 4053 1834 4124 τῷ

249 4142 398 4195 τέλει
423 4143 516 4195 τοῦ
567 4143 825 4213 πέμπτου
861 4145 1164 4215 κεφαλαίου
1207 4145 1301 4199 τοῦ
1339 4146 1482 4200 κατὰ
1529 4146 1828 4213 Ματθαῐον,

248 4236 347 4288 καὶ
376 4235 652 4302 ἀνάγνωθι
710 4238 770 4290 ὲν
823 4238 975 4308 αὐτῷ
1021 4238 1124 4310 τὴν
1189 4237 1492 4308 ἑρμηνείαν
1521 4236 1658 4291 τοῦ⁶
1707 4235 1834 4303 Πᾶς

1959 4241 2252 4297 iiatthazum
2284 4257 2299 4304 ;
2333 4247 2388 4294 et
2415 4237 2470 4291 in
2515 4251 2581 4292 eo
2609 4236 2726 4306 lege
2756 4234 3275 4304 interpretationem
3307 4233 3410 4287 loci
3458 4233 3523 4286 il-

247 4324 379 4398 οὖν.
413 4327 582 4394 ὅστις
613 4330 818 4383 ἀκούει
837 4348 959 4400 μου
987 4330 1131 4396 τοὺς
1171 4330 1391 4400 λόγους
1421 4330 1694 4396 τούτους,
1733 4328 1832 4383 καὶ

1959 4334 2282 4394 ius:0mnis
2332 4347 2477 4401 ergo,
2509 4331 2598 4401 qui
2646 4329 2797 4382 audit
2845 4328 2935 4380 hos
2967 4342 3232 4380 sermones
3280 4341 3439 4390 meos,
3474 4338 3523 4380 et

247 4421 405 4475 ποιεῖ
432 4424 676 4489 αὐτούς.
722 4425 861 4478 Ἀλλ’
887 4427 1005 4478 ἐκεῖ
1065 4426 1168 4495 μὲν
1198 4426 1477 4494 ιπιτόμως
1527 4424 1638 4496 (52)
1675 4423 1830 4495 εἴρη-

1959 4431 2062 4484 'acit
2095 4444 2202 4492 eos,
2227 4422 2538 4480 assimilabo
2573 4438 2690 4476 eum
2748 4420 2857 4474 viro
2897 4419 3144 4486 prudenti
3178 4417 3244 4471 ³⁸.
3286 4417 3391 4471 Sed
3447 4417 3522 4474 ibi

246 4532 367 4567 ται·
403 4516 484 4570 ὅτι
542 4517 756 4583 Ὅστις
813 4516 1167 4587 ὠκοδόμησε
1220 4515 1337 4586 τὴν
1392 4518 1593 4570 οὶκίαν
1641 4516 1830 4572 αὑτοῦ

1959 4521 2155 4593 [uidem
2211 4515 2604 4586 compendiose
2657 4512 2861 4566 dictum
2888 4519 3008 4568 est:
3072 4507 3175 4572 Qui
3235 4507 3518 4571 wdiﬁcnvit

245 4607 343 4661 ἐπὶ
369 4607 483 4674 τὴν
529 4578 753 4676 πέτραν
775 4624 790 4640 ο
841 4578 1086 4662 ὲνταῦίὶα
1113 4609 1170 4662 δὲ
1215 4578 1552 4680 πλατύτερον
1572 4625 1586 4639 ’
1616 4609 1697 4661 ὃτι
1719 4608 1830 4679 (55)

1959 4578 2150 4673 iamqu
2181 4627 2337 4667 suam
2364 4625 2522 4679 super
2544 4615 2747 4677 petram
2776 4619 2796 4667 ;
2831 4602 2919 4657 hic
2952 4609 3134 4655 autem
3162 4600 3325 4654 latius
3353 4612 3367 4656 :
3415 4598 3522 4663 Qui

254 4701 358 4764 ’⁸ος
402 4701 639 4767 ἐσκαψε
687 4700 787 4754 καί
850 4700 1168 4766 ἐϐάθυνεν,
1215 4700 1251 4754 ἃ
1315 4701 1685 4770 προηγοῦνται
1734 4699 1829 4753 τοῦ

1959 4705 2072 4765 'o'dit
2101 4707 2154 4760 in
2186 4704 2379 4763 altum.
2427 4699 2571 4770 quod
2604 4697 2669 4752 ad
2727 4694 3042 4765 iaciendum
3075 4690 3520 4783 fundamentum,

248 4791 681 4862 οεμελιὼματος.
744 4793 1093 4866 Εἰλήφθησαν
1136 4793 1195 4846 δὲ
1244 4792 1420 4846 ταῦτα
1466 4795 1608 4865 πρὸς
1661 4794 1830 4862 μόνην

1959 4794 2251 4852 praecedens
2278 4799 2404 4855 est;
2443 4793 2498 4841 et
2526 4784 2594 4838 ad
2622 4783 2793 4838 solam
2820 4787 3111 4849 acceptum
3174 4785 3261 4833 est
3301 4776 3504 4845 empha

247 4884 490 4953 ἔμφασιν
520 4884 786 4952 ἀκριϐοῦς
817 4886 1256 4957 θεμελιώματος.
1291 4885 1612 4956 Πλημμύρα
1641 4886 1698 4938 δὲ
1730 4885 1828 4938 τοῦ

1959 4890 2018 4942 ,in
2061 4886 2351 4957 diligenter
2406 4876 2825 4934 fundamentum
2880 4869 3160 4941 ponentis.
3231 4869 3521 4924 lnundatio

248 4973 526 5044 ποταμοῦ,
562 4975 622 5027 τὸ
683 4975 892 5047 πλῆθος
934 4977 1034 5030 καὶ
1073 4979 1107 5045 ἠ
1143 4975 1447 5046 σφοδρότης
1489 4974 1602 5029 τῶν
1632 4992 1829 5047 πειρα-

1959 4997 2067 5036 νρτο
2091 4977 2354 5041 ﬂuminis,
2387 4983 2473 5029 est
2499 4965 2794 5024 multitudo
2821 4978 2888 5017 ac
2918 4962 3269 5017 vehementia
3331 4968 3518 5014 tenta-

251 5066 428 5134 σμών.

1967 5077 2174 5128 ionum.
3073 5144 3109 5152 __
3139 5143 3151 5152 _
3296 5140 3309 5152 _
3446 5139 3479 5152 η
3505 5137 3518 5152 ,

334 5153 398 5210 '0
427 5156 495 5210 δὲ
525 5158 786 5227 -ιιέγα,
853 5160 966 5212 Καὶ
1018 5159 1195 5215 ταῦτα
1241 5161 1359 5214 ἐκεῖ
1406 5159 1830 5232 διασεσάφηται.

2008 5164 2163 5219 Vers.
2196 5161 2285 5215 49.
2335 5156 2436 5222 Qui
2490 5162 2669 5209 autem
2697 5182 2768 5193 —
2795 5165 3010 5220 magna.
3072 5143 3246 5199 Etiam
3296 5140 3411 5195 haec
3445 5139 3518 5195 ibi

265 5249 483 5322 Ῥηγμα
506 5253 583 5320 δὲ,
607 5254 640 5322 ἠ
666 5253 974 5324 διάρῤηξις,
1001 5252 1037 5324 ἢ
1076 5253 1346 5314 διάλυσις.

1959 5255 2286 5312 nanifestata
2309 5258 2459 5306 sunt.
2493 5247 2671 5302 Ruina
2703 5258 2855 5310 vero,
2888 5254 3051 5296 casus
3081 5245 3165 5293 est
3191 5250 3253 5290 ac
3284 5233 3516 5290 dissUlu-

1939 5351 2031 5403 lit).

361 5520 421 5574 ³⁸.
441 5519 629 5575 Matth.
659 5538 715 5588 Χ,
736 5522 832 5579 25.
944 5523 988 5555 ³⁷
1010 5523 1316 5592 Mattinvu,
1341 5523 1432 5579 2|.
1543 5521 1588 5555 ³⁸
1605 5525 1734 5581 ibid.
1767 5525 1860 5581 ει.

1489 5683 1690 5745 Varia}
1723 5683 2033 5747 lectiones
2079 5684 2140 5742 et
2183 5685 2371 5740 notae.

323 5847 435 5914 (5i)
467 5851 534 5902 Ἢ
567 5847 1033 5916 κακολογοὼτων,
1069 5847 1241 5906 abest.
1267 5849 1332 5904 A.

2017 5845 2128 5917 (55)
2172 5844 2292 5898 ’Ὅτι
2323 5845 2467 5908 ὅστις
2500 5843 2723 5914 ἔσκαψε.
2761 5841 2819 5898 Β.

324 5919 435 5981 (3‘2)
482 5920 817 5985 ’Λποτόμως.
847 5922 914 5974 Α.
