4032 6474
205 462 313 531 93Ἱ

1145 461 1538 522 COMMENT.
1583 458 1665 520 ΙΝ
1709 455 1988 518 LUCAM.
2030 481 2099 494 -
2137 456 2298 517 CAP.
2341 455 2502 519 VIII.

3376 456 3482 518 938

282 569 502 624 Γένοιτο
533 569 589 624 δὲ
620 571 715 624 καὶ
747 569 846 643 τὴν
879 569 1020 641 ἐμὴν
1050 569 1278 640 πόρνην,
1333 569 1475 641 ἤτοι,
1503 569 1604 640 τὴν
1647 567 1803 638 φιλή-

1982 565 2200 623 Utinam
2238 575 2422 622 autem
2450 566 2811 637 contingeret,
2842 574 2902 620 ιιι
2934 575 2990 622 ει
3019 565 3207 621 anima
3232 583 3352 624 mea
3372 568 3486 625 for-

206 659 367 712 δονόν
405 676 509 728 μου
538 661 718 731 ψυχὴν
754 663 1111 732 μετανοῆσαι,
1146 663 1241 714 καὶ
1270 661 1541 725 δάκρυσιν
1559 659 1797 714 ἀπολού-

209 751 526 821 σασθαιτὴν
551 751 816 806 δυσωδίαν
852 754 946 806 τοῦ
972 753 1235 824 βορϐόρου
1267 753 1365 822 τῆς
1395 751 1802 822 ἁμαρτίας,καὶ

208 845 587 911 προσαγαγεῖν
620 843 699 914 τῷ
729 844 850 917 Θεῷ
883 844 1111 898 εὐωδίαν
1138 843 1310 915 μύρου
1338 843 1566 915 ἀρετῆς.

284 1018 394 1071 Καὶ
453 1018 695 1088 ἐγένετο
739 1050 810 1061 -
860 1019 968 1075 τοῦ
1026 1021 1196 1076 Θεοῦ.
1249 1019 1651 1089 Καταγγέλλων
1703 1020 1804 1091 τὴν

209 1111 515 1164 ἀπόλαυσιν
554 1114 654 1182 τὴν
701 1111 872 1174 Θείαν,
912 1111 1011 1184 τὴν
1051 1114 1359 1168 ἀνάπαυσιν
1387 1110 1484 1184 τὴν
1508 1112 1697 1180 ἀΐδιον,
1721 1113 1803 1166 δτι

207 1199 509 1272 δεῖὦρηται
543 1206 652 1263 τοῖς
678 1203 1028 1258 πιστεύουσιν
1052 1207 1131 1266 είς
1153 1205 1336 1259 αὐτόν.

279 1295 392 1348 Kal
429 1325 496 1335 -—
524 1294 701 1361 αὐτῷ.
724 1298 970 1368 Συνῆσαν
993 1298 1166 1368 αὐτῷ.

281 1389 391 1442 Καὶ
444 1389 727 1457 γυναῖκες
770 1421 838 1431 -
878 1391 1110 1456 αὑταῖς.
1161 1391 1628 1463 Εύεργετηθεῖσαι
1669 1392 1801 1464 γὰρ,

203 1481 309 1532 οὐκ
354 1481 673 1550 ἀπέστησαν
703 1483 798 1535 ἀπ’
827 1483 1015 1537 αὑτοῦ·
1057 1484 1332 1553 δαιμόνιαί
1367 1485 1424 1537 δὲ
1453 1485 1618 1550 ἑπτὰ,
1657 1485 1802 1549 τινὲς

203 1576 587 1646 ἡρμήνευσαν,
644 1578 770 1630 ἀντὶ
800 1577 919 1641 τοῦ,
947 1578 1138 1632 πολλά.
1165 1579 1405 1650 sumes;
1425 1580 1536 1652 γὰρ
1579 1577 1804 1648 Ἐδραί-

202 1682 309 1731 οιςν
341 1668 484 1720 ἑπτὰ
523 1669 726 1736 λέγειν,
778 1670 846 1722 τὰ
891 1670 1082 1725 πολλά.
1131 1670 1458 1741 Ἐπίτροπον
1512 1670 1571 1724 δὲ
1630 1669 1806 1741 Ἢρὼ-

203 1759 296 1812 δου
327 1760 438 1830 (4‘2)
466 1761 580 1814 νόει
611 1762 701 1815 τὸν
735 1763 1078 1835 ἐπιμελητὴν
1105 1766 1198 1817 καὶ
1221 1764 1505 1835 οἰκονόμον
1531 1763 1641 1818 τῶν
1668 1781 1807 1834 πρα-

201 1851 438 1922 γμάτων
488 1853 678 1912 αὐτοῦ.

269 2056 420 2110 ΚΕΦ.
462 2056 592 2112 KB'.
623 2057 759 2126 Περὶ
801 2057 910 2126 τῆς
944 2055 1297 2126 παραϐολῆς
1321 2056 1427 2110 τοῦ
1462 2057 1719 2124 σπόρου.

278 2149 327 2202 Σ
333 2151 584 2214 υνόντος
607 2148 756 2201 δὲ-
780 2149 1408 2203 ἑκατονταπλασίονα.
1437 2149 1572 2219 Περὶ
1597 2149 1802 2220 ταύτης

203 2240 310 2308 τῆς
354 2241 676 2311 παραϐολῆς
709 2241 804 2295 τοῦ
850 2243 1053 2313 σπόρου
1097 2241 1438 2311 πλατύτερον
1468 2243 1496 2293 ὁ
1522 2239 1803 2304 Ματθαῐος

208 2336 500 2405 ἱστόρησεν
533 2337 590 2388 ἑν
621 2335 698 2407 τῷ
723 2335 958 2407 εἰκοστῷ
995 2335 1242 2407 τετάρτῳ
1279 2334 1562 2404 κεφαλαίῳ
1612 2333 1800 2388 αὐτοῦ.

205 2428 320 2480 Καὶ
353 2428 590 2498 ζήτησον
623 2429 683 2481 ἐν
707 2427 902 2499 ἐκείνῳ
945 2426 1304 2499 περὶτούτων
1343 2425 1585 2480 πάντων.

287 2519 479 2573 Ταῦτα
516 2551 583 2560 —-
606 2520 898 2576 ἀκουέτω.
941 2521 1030 2574 Ἐν
1064 2521 1260 2590 ὲκείνῳ
1305 2521 1400 2572 καὶ
1435 2522 1566 2589 περὶ
1605 2516 1800 2571 τούτου

207 2611 454 2681 εἴρηται.

296 2701 653 2771 Ἐπηρώτων
682 2725 753 2745 -
777 2699 952 2757 Θεοῦ.
996 2703 1230 2774 Ὁμοίως
1265 2702 1380 2756 καὶ-
1408 2702 1538 2773 περὶ
1573 2700 1800 2755 τούτων.

285 2884 415 2950 Τοῖς
461 2886 530 2940 δὲ
559 2886 799 2953 λοιποῖς
827 2915 893 2925 -
921 2885 1317 2955 παραϐολαῖς.
1369 2885 1424 2938 '0
1472 2884 1532 2939 δὲ
1571 2885 1802 2956 Μάρκος

209 2977 420 3048 ἔγραψε
453 2979 808 3046 σαφέστερον,
839 2977 1033 3045 λέγων’
1053 2977 1341 3044 Ἑκείνοις
1365 2975 1434 3029 δὲ
1456 2977 1582 3044 τοῖς
1603 2977 1719 3042 ἔξω
1734 2977 1804 3030 ἐν

208 3069 584 3137 παραϐολαῖς
597 3071 666 3124 τὰ
690 3069 886 3123 πάντα
904 3071 1149 3138 γίνεται.
1176 3070 1286 3123 Καὶ
1304 3069 1539 3138 ζήτησον
1555 3070 1654 3140 τὴν
1673 3068 1800 3121 τού-

208 3178 323 3214 των
356 3160 615 3230 ἐξήγησιν
643 3163 698 3214 ἐν
729 3161 804 3231 τῷ
826 3162 1002 3231 ἐνάτῳ
1037 3159 1320 3230 κεφαλαίῳ
1347 3157 1534 3211 αύτοῦ.

1902 657 2130 724 nicaria,
2159 660 2276 714 sive
2303 659 2648 730 voluptatum
2685 658 2939 725 amatrix,
2977 659 3301 729 poenitentia
3349 677 3492 731 pun-

1903 761 2142 820 geretur,
2181 761 2236 806 et
2257 751 2512 824 lacrymis
2538 751 2786 806 ablueret
2817 751 3068 807 fauorem
3131 751 3307 823 ipsius
3359 768 3491 824 pec-

1902 843 2032 906 cati,
2061 859 2125 898 ac
2158 859 2380 899 suavem
2411 844 2480 899 ad
2512 842 2682 899 Deum
2713 841 2952 898 deferret
2974 842 3196 899 odorem
3225 843 3490 917 unguenti

1904 933 2081 1004 ipsius
2108 935 2352 991 virtutis.

1977 1025 2130 1082 CAP.
2158 1026 2302 1083 Vill.
2329 1027 2485 1082 Vers.
2514 1036 2559 1084 ι.
2581 1026 3092 1098 metumque—Dei.
3126 1027 3488 1098 Denuntians,

1902 1119 2048 1191 quod
2084 1119 2272 1174 i‘ruitio
2301 1119 2509 1184 divina,
2554 1121 2886 1190 requiesque
2941 1119 3277 1190 sempiterna
3315 1120 3490 1176 dona-

1903 1221 2095 1269 rentur
2125 1213 2178 1266 in
2209 1211 2386 1283 ipsum
2419 1211 2788 1266 credentibus.

1972 1307 2128 1362 Vers.
2155 1305 2209 1361 1.
2243 1304 2313 1360 Et
2338 1335 2404 1348 -
2429 1321 2510 1358 eo.
2541 1305 2721 1360 Simul
2745 1312 2906 1359 erant
2939 1319 3068 1359 cum
3114 1319 3203 1359 eo.

1977 1397 2134 1456 νει-ε.
2178 1396 2236 1449 2.
2283 1396 2362 1448 Ac
2415 1395 2659 1450 mulieres
2705 1424 2778 1435 —
2823 1395 2980 1452 Vers.
3036 1396 3092 1450 ὅ.
3149 1398 3279 1451 suis.
3352 1397 3490 1453 Cum

1904 1486 2053 1541 enim
2101 1485 2381 1541 beneﬂciis
2410 1486 2478 1541 ab
2514 1501 2582 1542 eo
2626 1486 2836 1542 affectae
2862 1495 3073 1550 essent,
3112 1502 3224 1543 non
3276 1487 3492 1544 disces-

1904 1585 2094 1632 serunt
2115 1577 2182 1632 ab
2248 1591 2337 1632 eo.
2381 1577 2605 1647 Septem
2631 1577 2899 1632 daemonia
2929 1577 3150 1647 quidam
3182 1593 3281 1648 pro
3304 1578 3494 1634 multis

1905 1668 2355 1738 interpretantur.
2372 1667 2710 1724 Consuetum
2726 1679 3055 1738 estnamque
3068 1668 3213 1740 apud
3231 1670 3492 1728 Hebraeos

1905 1772 2116 1832 septem
2173 1777 2394 1826 vocare,
2443 1777 2567 1833 qua
2624 1761 2796 1816 multa
2847 1771 2999 1816 sunt.
3064 1761 3489 1819 Procuratorem

1909 1868 2038 1908 vero
2070 1851 2304 1910 Herodis
2327 1853 2567 1927 intellige
2594 1868 2944 1910 meonomum
2968 1862 3024 1909 et
3048 1853 3490 1925 dispensatorem

1907 1960 2091 2000 rerum
2119 1944 2312 2017 ipsius.

2143 2058 2300 2113 CAP.
2342 2056 2511 2113 XXII.
2540 2058 2613 2112 De
2648 2060 2944 2114 seminante
2969 2060 3253 2128 parabola.

1977 2150 2134 2206 γει-ε.
2162 2153 2217 2207 4.
2253 2150 2389 2208 Cum
2421 2154 2599 2206 autem
2630 2150 3184 2206 conveniret—Vere.
3229 2151 3285 2207 8.
3310 2159 3494 2206 centu-

1903 2242 2070 2312 plum.
2110 2242 2186 2298 De
2242 2243 2346 2298 bac
2403 2242 2670 2299 sementis
2723 2242 2985 2312 parabola
3025 2242 3192 2298 latius
3243 2243 3494 2315 serispsit

1905 2330 2197 2388 Mattbwus
2231 2333 2499 2390 vicesimo
2532 2340 2733 2403 quarto
2785 2331 3013 2403 capite;
3065 2339 3123 2387 et
3173 2331 3251 2386 ibi
3301 2332 3370 2387 de
3402 2332 3492 2388 his

1905 2426 2159 2481 omnibus
2199 2439 2406 2497 quaere.

1976 2516 2132 2572 Vera.
2175 2517 2230 2573 8.
2262 2517 2391 2574 Haec
2416 2544 2488 2558 --
2509 2518 2722 2574 audiat.
2753 2516 2831 2573 De
2857 2517 2946 2573 his
2975 2515 3146 2574 etiam
3175 2515 3248 2572 ibi
3283 2515 3495 2572 dictum

1903 2618 2011 2665 est.

1975 2701 2134 2756 νει-ε.
2162 2702 2216 2759 9.
2247 2700 2661 2773 Interrogabant
2684 2731 2755 2742 —
2773 2700 2931 2758 Vera.
2962 2701 3048 2758 10.
3077 2699 3196 2756 Dei.
3227 2697 3495 2756 Similiter

1904 2804 1960 2849 et
1993 2795 2063 2852 de
2091 2795 2197 2850 bis.

1973 2887 2131 2943 Vers.
2175 2887 2264 2943 1ὓ.
2307 2886 2524 2942 σιειενὶε
2563 2897 2742 2941 autem
2792 2916 2861 2926 —
2914 2886 3212 2955 parabolis.
3277 2885 3495 2943 Marcus

1904 2995 2036 3036 vero
2067 2978 2283 3050 planius
2313 2979 2560 3049 scripsit,
2604 2979 2796 3034 dicens
2825 2994 2840 3031 :
2878 2976 2976 3032 His
3009 2989 3211 3043 autem,
3246 2980 3336 3049 qui
3367 2980 3494 3048 [oris

1902 3081 2044 3137 sunt,
2077 3074 2132 3124 in
2161 3071 2431 3139 parabalis
2467 3072 2644 3124 omnia
2677 3071 2826 3139 ﬁunt
2855 3069 2921 3122 δι.
2958 3068 3027 3125 Ει
3068 3071 3265 3126 horum
3299 3086 3491 3141 quaere

1905 3163 2304 3232 expositionem
2332 3175 2478 3215 nono
2515 3162 2635 3230 ejus
2663 3159 2864 3228 capite.

289 3254 412 3307 Ἵνα
447 3275 504 3293 κο
530 3253 847 3308 συνιῶσιν.
887 3253 974 3307 Ἑν
1003 3251 1082 3316 τῷ
1101 3253 1327 3320 τοιούτῳ
1369 3250 1652 3321 κεφαλαίῳ
1693 3249 1791 3304 τοῦ

1970 3255 2127 3311 Vers.
2157 3254 2243 3308 10.
2276 3253 2338 3308 Ut
2366 3282 2433 3295 --
2465 3251 2795 3323 intelligant.
2835 3248 2913 3304 lbi
2959 3257 3017 3304 et
3055 3249 3172 3304 haec
3211 3247 3492 3304 declarata

209 3344 448 3414 Μάρκου
480 3347 572 3397 καὶ
607 3345 781 3397 ταῦτα
813 3344 1322 3414 διηρμηνεύθησαν.

292 3439 465 3488 Ἐστι
498 3437 924 3504 -παραϐολή.
967 3435 1148 3503 Αὕτη,
1191 3435 1314 3490 ἀντὶ
1366 3432 1484 3500 τοῦ,
1535 3433 1758 3503 τοιαύτη
1784 3471 1799 3496 ,

213 3529 358 3582 κατὰ
379 3532 478 3598 τὴν
505 3529 826 3598 ἑρμηνείαν.

309 3627 350 3670 0
381 3622 608 3686 σπόρος
632 3649 704 3662 -—
734 3618 905 3675 Θεοῦ.
967 3618 1028 3671 '0
1060 3619 1160 3688 τῆς
1211 3618 1471 3684 πίστεως,
1515 3621 1544 3672 ό
1574 3619 1804 3687 εὐαγγε-

214 3712 390 3772 me;

288 3807 356 3857 Ol
382 3804 450 3856 δὲ
479 3834 550 3844 -—
577 3803 876 3860 σωθῶσιν.
926 3806 1012 3858 Ἐν
1059 3805 1135 3873 τῷ
1175 3806 1392 3876 ῥηθέντι
1438 3809 1669 3880 εἰκοστῷ
1713 3828 1804 3864 τε-

214 3901 401 3968 τάρτῳ
440 3900 721 3970 κεφαλαίῳ
781 3900 948 3969 φησιν
1007 3901 1035 3952 ὁ
1084 3900 1382 3963 Μιτθαῖος”
1431 3902 1513 3954 ὅτι
1569 3904 1806 3969 Παντὸς

213 3993 546 4058 ἀκούοντος
574 3993 881 4062 τὸνλόγον
907 3991 1014 4060 τῆς
1044 3993 1391 4059 βασιλείας,
1423 3996 1520 4048 καὶ
1541 3995 1627 4064 μὴ
1650 4013 1804 4052 συν-

215 4085 430 4151 ιέντος,
467 4087 703 4154 ἔρχεται
751 4089 784 4139 ό
824 4086 1110 4154 πονηρὸς,
1160 4087 1257 4139 καὶ
1300 4087 1542 4153 ἁρπάζει
1583 4091 1648 4142 τὸ
1702 4091 1807 4144 ἐσ-

215 4177 526 4244 παρμένον
571 4177 642 4229 ἐν
691 4175 766 4244 τῇ
819 4177 1034 4245 καρδίᾳ
1069 4178 1278 4231 αὐτοῦ.
1328 4174 1517 4245 Οὗτός
1560 4180 1735 4234 ἐστιν
1773 4185 1808 4236 ό

217 4269 378 4336 παρὰ
422 4270 536 4336 τὴν
570 4269 710 4323 ὁδὸν
746 4271 1021 4339 σπαρείς.
1061 4271 1170 4325 Καὶ
1219 4272 1493 4340 ἀνάγνωθι
1536 4273 1634 4346 τὴν
1679 4275 1808 4345 ὃλην

215 4359 424 4410 τούτων
446 4360 734 4430 ἐξήγησιν,
769 4362 860 4428 ἀφ’
901 4357 966 4431 ἧς
993 4361 1176 4431 ῥᾴδιον
1207 4362 1302 4415 καὶ
1327 4363 1395 4414 τὰ
1423 4366 1674 4433 παρόντα
1695 4367 1810 4419 δια-

216 4467 447 4518 γνωναι.

292 4546 358 4597 Ol
396 4543 463 4595 δὲ
491 4543 592 4596 ἐπὶ
642 4545 753 4612 τῆς
788 4546 1029 4613 πέτρας.
1057 4545 1119 4598 (ll
1155 4543 1208 4597 δὲ
1246 4545 1390 4598 κατὰ
1439 4545 1536 4617 τὴν
1578 4547 1806 4616 πέτραν,

215 4637 358 4688 εἰσιν
393 4630 559 4701 οὗτοι,
587 4637 849 4706 δηλονότι,
881 4638 1007 4708 περὶ
1046 4631 1120 4692 ὧν
1154 4639 1289 4708 ὲρεῖ.

291 4729 358 4781 ΟΖ
391 4728 540 4784 ὅταν
589 4760 657 4771 -
705 4732 1088 4798 ἀφίστανται.
1138 4729 1324 4802 Ἐντῷ
1357 4732 1585 4802 τοιούτῳ
1635 4750 1809 4802 κεφα-

216 4820 356 4889 λαίῳ
386 4824 481 4874 καὶ
511 4823 640 4893 περὶ
665 4824 772 4876 τῶν
812 4824 1068 4878 τοιούτων
1100 4825 1378 4896 εὑρήσεις.

293 4915 364 4969 Τὸ
393 4914 461 4968 δὲ
497 4943 527 4953 -
549 4943 564 4952 -
593 4918 772 4969 εἰσιν.
810 4917 958 4970 Ἀντὶ
999 4919 1114 4985 τοῦ,
1135 4921 1192 4972 ὲν
1215 4917 1424 4981 τούτοις
1460 4917 1598 4973 ἐστί.
1625 4918 1809 4982 Ποίοις

215 5008 427 5070 τούτοις
445 5027 462 5073 ;
501 5009 788 5062 Ἀκουσον.

285 5105 352 5155 Ol
417 5131 488 5142 -—
552 5104 1051 5174 τελεσφοροῦσιν.
1127 5103 1275 5158 Ὑπὸ
1337 5103 1634 5175 μεριμνῶν
1703 5105 1802 5158 καί

216 5197 488 5250 πλούτου
535 5196 632 5249 καὶ
682 5195 938 5263 ἡδονῶν,
975 5199 1096 5250 ἀντὶ
1143 5199 1279 5264 τοῦ,
1329 5198 1468 5269 μετὰ
1525 5197 1806 5267 μεριμνῶν

219 5291 351 5350 καὶ,
383 5289 616 5342 πλούτου
691 5294 784 5343 καὶ
853 5290 1058 5360 ἡδονῶν
1129 5291 1518 5361 πορευόμενοι,
1595 5291 1807 5354 εῖτουν,

221 5379 656 5450 πολιτευόμενοι.
723 5382 810 5433 Ἔν
872 5382 1066 5452 ἐκείνῳ
1124 5384 1202 5449 δὲ,
1257 5385 1350 5434 καὶ
1410 5383 1543 5452 περὶ
1600 5383 1807 5435 τούτων

219 5475 452 5545 έρρήθη·

295 5652 338 5686 ⁶¹
374 5653 542 5709 Marc.
572 5669 646 5718 IV,
678 5655 767 5710 11.
843 5653 886 5686 ⁸¹
918 5652 1108 5710 Matth.
1129 5660 1248 5720 xui,
1274 5653 1361 5711 19.

1839 4591 1886 4648 Ι)

1905 3354 2053 3400 sunt.

1977 3435 2132 3491 Vers.
2165 3435 2253 3490 11.
2281 3433 2375 3489 Est
2395 3465 2460 3477 -—
2483 3434 2769 3502 parabola.
2796 3432 2944 3499 Haec,
2973 3433 3028 3489 id
3052 3443 3160 3499 est,
3187 3432 3313 3488 talis
3331 3431 3490 3504 juxta

1906 3525 2439 3594 interpretationem.

1975 3618 2133 3674 Vers.
2170 3618 2254 3672 11.
2287 3615 2478 3672 Semen
2513 3647 2577 3658 --
2610 3616 2726 3671 Dei.
2748 3614 2943 3671 Sermo
2974 3614 3493 3688 ﬂdeievangelicus.

1983 3808 2137 3863 Vers.
2173 3810 2261 3863 i2.
2314 3806 2416 3874 Qui
2456 3824 2573 3863 vero
2599 3835 2665 3848 -ι
2695 3808 2830 3862 salvi
2866 3809 3020 3878 ﬁant.
3051 3807 3321 3864 Pmdicto
3346 3809 3496 3865 vice-

1909 3903 2047 3957 simo
2077 3909 2273 3970 quarto
2305 3901 2484 3970 capite
2517 3900 2592 3954 ait
2619 3897 2910 3954 Mattheus
2935 3916 2948 3953 :
2981 3897 3115 3953 Cum
3141 3898 3312 3970 quivis
3337 3900 3497 3954 audi-

1910 3996 1979 4049 vit
2002 3997 2213 4049 verbum
2237 3995 2407 4062 regni,
2447 4010 2540 4048 nec
2569 3992 2863 4064 intelligit:
2891 3993 3030 4046 venit
3072 3992 3166 4046 ille
3205 3992 3404 4056 malus,
3443 4003 3496 4048 et

1911 4089 2052 4158 rapit
2080 4093 2215 4159 quod
2234 4089 2554 4142 seminatur»
2577 4096 2648 4140 est
2674 4085 2729 4138 in
2750 4083 2903 4138 corde
2930 4085 3093 4154 ipsius
3119 4101 3139 4149 ;
3161 4084 3245 4137 hic
3279 4093 3375 4150 est,
3406 4085 3496 4155 qui

1907 4181 2064 4248 juxta
2109 4181 2248 4233 viam
2289 4178 2580 4233 seminatus
2624 4177 2724 4247 fuit
2767 4177 2835 4232 “.
2885 4176 2955 4231 Et
3009 4174 3126 4246 lege
3184 4175 3496 4230 universam

1911 4271 2130 4325 illorum
2180 4267 2582 4338 expositionem
2614 4306 2629 4331 ,
2675 4265 2822 4322 unde
2876 4273 2933 4319 et
2983 4262 3275 4336 praesentia
3335 4261 3497 4318 facile

1911 4366 2018 4419 erit
2044 4375 2403 4434 cognoscere.

1986 4549 2142 4604 Vers.
2185 4547 2269 4600 15.
2303 4544 2406 4610 Qui
2442 4560 2562 4598 vero
2592 4559 2747 4612 super
2771 4538 3114 4611 petram.Qui
3155 4538 3224 4594 ad
3255 4547 3496 4609 petram,

1917 4646 1972 4700 hi
2003 4652 2131 4697 sunt
2161 4639 2433 4705 videlicet,
2463 4637 2531 4692 de
2561 4637 2762 4706 quibus
2789 4634 3040 4690 dicturus
3067 4638 3172 4688 est.

1987 4735 2141 4790 νει-δ.
2174 4734 2260 4790 15.
2299 4729 2401 4796 Qui
2431 4747 2550 4785 cum
2583 4729 2852 4783 recedunt.
2887 4726 3096 4781 Eodem
3128 4723 3307 4797 capite
3334 4724 3502 4780 etiam

1913 4831 2029 4884 hac
2063 4827 2329 4883 invenies.

1987 4922 2140 4975 νει-ε.
2177 4919 2266 4973 1ι1.
2289 4916 2438 4983 Quod
2477 4926 2654 4970 autem
2675 4923 2902 4968 —sunt.
2927 4911 3042 4968 l-ioc
3072 4922 3176 4977 est,
3200 4910 3255 4966 in
3275 4910 3364 4966 bis
3397 4919 3502 4967 est.

1915 5016 2182 5082 Qualibus
2215 5013 2347 5068 bis?
2378 5011 2543 5068 Audi.

1990 5105 2241 5162 Verle.
2261 5103 2364 5170 Qui
2383 5134 2450 5144 -
2475 5104 2704 5173 referunt
2724 5103 2977 5171 fructum.
2999 5099 3114 5154 Sub
3131 5097 3507 5154 sollicitudini-

1916 5202 2019 5256 bus
2034 5211 2088 5255 et
2105 5199 2312 5256 divitiis
2327 5214 2390 5253 ac
2405 5198 2774 5268 voluptatibus
2795 5215 2810 5253 :
2830 5197 3028 5251 boeest
3041 5210 3163 5250 cum
3181 5194 3506 5250 sollicitudi.

1918 5296 2084 5350 nibus
2113 5303 2169 5349 et
2193 5293 2399 5349 divitiis
2420 5307 2486 5347 ac
2509 5291 2882 5361 voluptatibus
2919 5297 3116 5344 euntes
3142 5288 3256 5344 sive
3274 5301 3506 5343 conver-

1921 5397 2127 5441 santes.
2159 5384 2216 5440 lu
2245 5400 2313 5440 eo
2342 5383 2504 5440 etiam
2535 5382 2604 5438 de
2640 5382 2728 5437 his
2764 5381 2974 5438 dictum
3007 5389 3114 5436 est.

1453 5744 1655 5810 Variae
1697 5744 2007 5810 lectiones
2042 5751 2105 5810 et
2133 5755 2322 5810 notas.

307 5917 422 5989 (4⁵3)
465 5915 706 5987 Ἡρώδου
738 5920 914 5974 abest.
941 5921 1005 5973 Α.

547 6017 820 6076 ΡΔΤΒΟΙ..
868 6019 982 6077 Gn.
1030 6013 1286 6075 CXXIX.

3112 5999 3186 6062 30
