4016 6480
565 420 669 486 939
1776 417 2157 483 EUTIIYMII
2211 419 2572 485 ZIGABENI
3708 431 3814 495 910

631 533 766 587 Vcrs
817 531 911 589 15.
940 530 1089 597 Quod
1122 549 1242 588 vero
1272 564 1337 575 —
1370 550 1461 603 per
1478 535 1820 606 patientiam.
1868 534 2125 589 Similiter

2315 532 2390 587 Τό
2454 533 2525 587 δὲ
2585 563 2650 574 -
2718 534 2787 589 ἐν
2854 536 3153 607 ὑπομονῇ.
3231 539 3463 612 Ὁμοίως
3527 546 3619 597 καὶ
3691 546 3823 597 moi.

562 635 615 678 et
640 624 707 678 de
746 623 853 677 his.

2249 623 2331 675 τού
2341 641 2469 678 των.

615 716 769 771 Vers.
792 714 878 769 16.
894 713 1330 769 Neiuo—Jumen.
1351 716 1478 772 Ηαξο
1490 714 1676 773 debito
1689 716 1849 772 modo
1860 716 2134 771 declarata

560 819 689 861 sunt
718 808 907 877 quinto
932 808 1112 875 capite
1137 807 1412 879 Evangelii
1459 808 1760 864 secundum
1792 807 2132 868 Matthaaum.

558 900 647 954 ubi
675 909 792 970 post
810 899 1174 954 beatitudines
1202 900 1425 969 ponitur
1451 918 1465 956 :
1493 900 1591 955 Vos
1622 901 1745 954 estis
1765 899 1856 954 lux
1870 900 2050 953 mundi
2066 900 2131 953 “.

554 992 636 1047 Ad
668 992 942 1061 apostolos
964 992 1108 1047 enim
1141 993 1283 1048 dicta
1307 1002 1457 1056 sunt,
1484 1008 1798 1063 quanquam
1833 993 1901 1048 ad
1928 1008 2126 1049 omnes

553 1079 866 1139 coinmunia
898 1084 1209 1140 vidcantur.

623 1177 870 1232 Vers.17.
900 1176 1017 1231 Non
1043 1178 1178 1230 enim
1200 1184 1587 1232 —uenturum.
1612 1177 1834 1234 Decimo
1863 1191 2007 1231 nono
2040 1191 2134 1231 ca-

550 1271 661 1337 p‘te
693 1267 825 1321 dicit
861 1264 1181 1319 Matthzeus:
1216 1263 1367 1319 Nihil
1393 1274 1587 1320 tectum
1610 1275 1707 1328 est,
1741 1264 1869 1333 quin
1900 1263 1970 1317 sit
1986 1262 2132 1316 dete-

549 1362 779 1431 gendum
811 1368 901 1415 :et
936 1357 1072 1413 nihil
1112 1358 1377 1413 occultum
1398 1367 1497 1423 est,
1518 1358 1647 1429 quin
1682 1359 1922 1427 futurum
1948 1357 2041 1419 sit,
2075 1361 2133 1407 ut

546 1452 752 1504 .ciatur
781 1449 848 1505 “.
881 1447 944 1503 Et
982 1450 1100 1520 lege
1138 1464 1330 1503 eorum
1368 1449 1799 1504 enarrationem.
1838 1444 2134 1501 Versimile

564 1549 649 1597 est
676 1551 880 1607 autem,
918 1540 1062 1610 quod
1095 1540 1259 1595 variis
1287 1539 1630 1610 temporibus
1658 1537 1911 1594 Christus
1933 1537 2133 1593 Similia

545 1634 783 1697 dixerit;
836 1632 960 1688 ideo
1009 1631 1172 1687 etiam
1223 1632 1454 1687 diversis
1516 1631 1933 1703 Evangeliorum
1996 1630 2134 1687 locis

546 1724 721 1794 posita
746 1733 895 1779 sunt.

612 1817 845 1885 Quidam
873 1824 1056 1871 autem
1081 1815 1295 1881 dicunt,
1319 1830 1631 1871 sermonem
1651 1815 1800 1870 hunc
1822 1814 1892 1869 de
1916 1814 2129 1868 occulta

2312 713 2521 780 Οὐδεὶς
2543 745 2613 756 -
2645 716 2797 785 φῶς.
2831 717 3018 773 Ταῦτα
3042 719 3186 774 κατὰ
3211 720 3270 774 τὸ
3292 722 3438 786 είκδς
3463 725 3816 796 ἡρμηνεὺθη-

2240 822 2343 859 σαν
2384 808 2444 859 ἓν
2477 808 2555 879 τῷ
2598 808 2835 880 πέμπτῳ
2865 810 3151 883 κεφαλαίῳ
3195 812 3291 867 τοῦ
3323 817 3464 871 κατὰ
3514 817 3817 882 Ματθαίον,

2240 898 2381 965 μετὰ
2423 898 2552 963 τοὺς
2603 903 3015 972 μακαρισμοὺς,
3060 904 3192 959 ἔνθα
3246 911 3426 962 κεῖται
3470 908 3567 962 τόν
3631 909 3820 977 Ὑμεῖς

2235 987 2376 1041 ἐστε
2418 990 2485 1043 τὸ
2514 989 2640 1057 φῶς
2675 991 2781 1045 τοῦ
2818 994 3078 1062 κόσμου.
3119 997 3264 1067 Πρὸς
3314 998 3441 1057 τοὺς
3487 1000 3821 1063 ἀποστόλους

2237 1080 2346 1150 γὰρ
2373 1083 2686 1154 ἐρρήθησαν
2709 1124 2725 1150 ,
2760 1086 2808 1138 εί
2841 1086 2938 1139 καὶ
2978 1087 3135 1142 κοινὰ
3165 1088 3386 1144 δοκοῦσι
3417 1091 3553 1161 πρὸς
3581 1094 3817 1155 πάντας.

2301 1174 2385 1227 οὐ
2424 1176 2536 1242 γὰρ
2589 1205 2658 1218 -
2703 1174 2874 1244 ἔλθῃ.
2934 1176 3023 1229 Ἐν
3072 1177 3150 1247 τῷ
3199 1182 3667 1249 ἐννεακαιδεκάτῳ
3727 1199 3819 1233 κει

2237 1265 2449 1336 φαλαίῳ
2475 1268 2611 1337 φησὶ
2651 1266 2925 1331 Ματθαῑος
2949 1285 2965 1301 υ
3010 1271 3094 1323 ὃτι
3127 1266 3320 1325 Οὐδέν
3358 1274 3490 1326 ἐστι
3518 1277 3817 1343 κεκαλυμ-

2230 1357 2450 1430 μένον,
2485 1358 2516 1412 ὃ
2540 1361 2650 1413 οὐκ
2684 1361 3261 1430 ἀποκαλυφθήσεται
3284 1402 3299 1427 ,
3330 1364 3427 1417 καί
3455 1366 3758 1433 κρυπτὸν,
3784 1364 3816 1417 ὃ

2235 1450 2308 1501 οὐ
2330 1448 2770 1516 γνωσθήσεται.
2790 1452 2899 1503 Καὶ
2920 1452 3194 1521 ἀνάγνωθι
3214 1455 3313 1522 τὴν
3335 1455 3595 1526 ἐξήγησιν
3613 1457 3813 1509 αὐτῶν.

2237 1537 2397 1602 Είκδς
2444 1540 2523 1602 δὲ,
2571 1541 2712 1595 κατὰ
2739 1541 3030 1613 διαφόρους
3075 1545 3301 1615 καιροὺς
3346 1545 3415 1598 τὰ
3457 1545 3681 1600 τοιαῦτα
3724 1548 3815 1599 τὶν

2234 1632 2472 1703 Χριστὸν
2522 1634 2718 1689 είπεῖν.
2764 1637 2855 1689 Διὸ
2900 1636 2995 1689 καὶ
3040 1638 3098 1691 ἐν
3141 1636 3421 1707 διαφόροις
3470 1638 3656 1700 τόποις
3704 1638 3815 1692 τῶν

2234 1723 2571 1793 εὐαγγελίων
2598 1726 2891 1797 ἐτέθησαν.

2309 1815 2470 1879 Τινὲς
2508 1816 2566 1871 δέ
2599 1835 2755 1887 φασι,
2795 1819 2887 1872 τὸν
2918 1818 3076 1887 λόγον
3111 1819 3301 1873 τοῦτον
3343 1816 3479 1874 εἶναι
3530 1824 3659 1893 περὶ
3710 1822 3812 1890 τῆς

543 1907 653 1963 dici
690 1907 909 1969 virtute,
938 1920 1059 1975 qua:
1083 1906 1309 1960 omnino
1332 1906 1734 1961 manilestanda
1759 1913 1847 1961 est
1875 1913 2124 1974 tempore

2249 1909 2489 1979 ιρυπτῆς
2544 1911 2771 1981 ἀρετῆς,
2828 1911 2911 1964 ὅτι
2963 1910 3296 1982 φανεροῦται
3345 1914 3562 1975 πάντως
3604 1890 3679 1965 ἐν
3733 1914 3814 1983 τῷ

544 1994 959 2053 retributionis:
996 2010 1309 2065 quanquam
1346 1996 1455 2067 (qq)
1499 1996 1554 2049 in
1605 1996 1865 2066 praesenti
1906 2008 2127 2065 quoque

543 2092 651 2145 vita
687 2086 1027 2158 frequentius
1056 2086 1160 2141 hoc
1190 2086 1304 2141 ﬁat.

612 2180 766 2237 Vera.
796 2178 881 2234 18.
934 2177 1108 2233 Videte
1132 2207 1200 2221 —
1228 2179 1483 2234 audiatis.
1510 2178 1811 2244 Attendite,
1844 2177 2121 2248 quomodo

542 2273 648 2338 his,
684 2288 805 2344 qua:
828 2287 859 2326 a
893 2285 979 2325 me
1005 2271 1288 2336 dicuntur,
1330 2271 1577 2326 animum
1602 2271 1901 2327 advertatis
1928 2288 1941 2325 :
1964 2285 2125 2341 opor-

542 2373 621 2420 tet
648 2366 794 2419 enim
828 2362 1123 2434 diligenter
1145 2369 1201 2416 et
1228 2376 1353 2416 cum
1386 2362 1568 2417 studio
1597 2362 1712 2415 haec
1743 2361 1957 2424 audire,
1993 2375 2119 2416 cum

541 2457 829 2529 allegorica
869 2454 979 2507 sint
1010 2467 1073 2507 ac
1106 2452 1383 2519 sublimia,
1409 2459 1596 2508 etnon
1625 2461 1837 2507 temere
1867 2460 1962 2506 aut
1990 2466 2118 2507 casu

539 2550 686 2603 dicta

611 2638 765 2693 Vers.
796 2636 882 2691 18.
909 2634 1159 2706 Quisquis
1187 2664 1256 2675 —
1282 2634 1383 2691 illi.
1403 2634 1726 2705 Quicunque
1742 2632 2119 2688 babueritstu-

534 2733 687 2788 dium
712 2745 775 2785 ac
814 2726 1165 2800 diligentiam,
1188 2727 1407 2782 dabitur
1435 2726 1511 2780 illi
1545 2727 1738 2779 horum
1766 2723 2024 2795 cognitio.

614 2827 768 2882 νει-ε.
809 2825 893 2879 18.
937 2817 1186 2891 Quisquis
1220 2849 1291 2861 --
1320 2836 1401 2892 eo.
1451 2818 1608 2873 Nono
1655 2818 1833 2887 capite
1878 2815 2013 2870 dicit
2062 2824 2118 2869 et

536 2920 788 2976 Marcus:
825 2918 1129 2990 Quicunque
1155 2913 1422 2978 habuerit,
1458 2910 1673 2964 dabitur
1704 2910 1772 2975 ei,
1810 2918 1858 2961 et
1881 2907 1972 2977 qui
2013 2923 2117 2960 non

2228 1999 2406 2069 καιρῷ
2456 2000 2558 2071 τῆς
2600 2001 3038 2065 ιὶντααιτοδόσεως⁹
3092 2002 3355 2068 πολλάκις
3408 2004 3465 2057 δέ
3520 2004 3615 2057 καὶ
3667 2015 3813 2059 κατα

2225 2091 2323 2161 τήν
2354 2090 2590 2145 ἐνταῦθα
2618 2092 2767 2161 ζωὴν
2794 2092 2887 2147 τοῦ
2919 2093 3126 2164 ταύτην
3157 2095 3553 2166 ἐργαζομένου.

2296 2183 2560 2237 Βλέπετε
2580 2184 2941 2239 -ἀκούετε.
2977 2186 3305 2255 Προσέχετε,
3336 2186 3451 2249 πῶς
3484 2186 3805 2251 ἐνωτίζεσοε

2224 2275 2293 2331 τὰ
2337 2275 2609 2347 λεγόμενα
2652 2276 2786 2347 παρ’
2833 2277 2991 2349 ἐμοῦ.
3035 2278 3157 2351 Χρὴ
3203 2279 3315 2347 γὰρ
3364 2279 3664 2343 σπουδαίως
3712 2280 3809 2333 καὶ

2227 2367 2501 2436 ἐπιμελῶς
2531 2367 2715 2422 αὐτῶν
2750 2367 3062 2439 ἀκροᾶσθαι
3086 2408 3101 2432 ,
3135 2368 3486 2439 συμϐολικῶν
3509 2370 3678 2425 δντων
3708 2372 3807 2424 καὶ

2225 2456 2442 2526 ὑψηλῶν
2505 2457 2599 2511 καὶ
2624 2457 2746 2528 οὐχ,
2773 2458 2849 2523 ὡς
2877 2457 3056 2529 ἔτυχε,
3085 2457 3417 2529 λεγομένων.

2299 2625 2395 2688 ⁸ος
2425 2653 2496 2663 -
2518 2622 2699 2689 αὐτῷ.
2745 2626 2843 2688 Ὃς
2880 2624 2946 2679 ἂν
2976 2625 3088 2696 (45)
3119 2624 3216 2697 ἔχῃ
3254 2624 3495 2696 σπουδήν
3540 2624 3635 2677 καὶ
3677 2625 3808 2677 ἐπι-

2224 2714 2461 2786 μέλειαν,
2492 2715 2782 2789 δοθήσεται
2808 2716 2960 2786 αὑτῷ
2984 2717 3189 2787 γνῶσις
3217 2700 3447 2770 τούτων.

2290 2805 2399 2860 Kal
2437 2807 2505 2873 ὃς
2536 2837 2609 2847 -
2640 2806 2850 2862 αὐτοῦ.
2893 2808 2981 2861 Ἐν
3007 2812 3085 2880 τῷ
3118 2809 3294 2880 ἐνάτῳ
3319 2806 3600 2877 κεφαλαίῳ
3631 2808 3799 2878 φησὶν

2222 2899 2250 2951 ό
2281 2898 2391 2970 (Η)
2424 2900 2683 2970 Μάρκος
2716 2903 2798 2955 ὅτι
2835 2903 2937 2968 ’ος
2970 2901 3047 2955 ἂν
3074 2901 3185 2970 ἔχῃ
3206 2940 3221 2965 ,
3253 2899 3575 2967 δοθήσεται
3607 2900 3801 2967 αὐτῷ.

535 3013 710 3079 liabet,
750 3012 908 3066 etiam
941 3011 1076 3081 quod
1099 3006 1254 3061 habet
1280 3005 1552 3074 auferetur
1582 3000 1644 3053 ab
1684 3016 1744 3053 eo
1774 2997 1820 3030 ⁸⁸
1849 3014 1866 3065 ;
1897 2996 2113 3051 illorum

2249 2991 2314 3043 :al
2360 2990 2428 3055 ὃς
2458 2992 2569 3043 οὐκ
2602 2992 2745 3061 ἔχει,
2782 2992 2880 3047 και
2917 2992 2948 3045 ὃ
2979 2990 3124 3060 ἔχει,
3174 2991 3501 3061 ἀρθήσεται
3535 2990 3636 3043 ἀπ’
3690 2994 3800 3044 αὐ-

533 3117 665 3172 crgo
704 3103 818 3171 lege
846 3098 1378 3170 interpretationem.

609 3194 763 3250 νει-8.
810 3192 898 3248 19.
952 3191 1214 3246 Venerunt
1262 3217 1331 3229 -
1390 3186 1617 3239 turbam.
1664 3182 1873 3237 Dictum
1925 3189 2009 3235 est
2046 3178 2113 3232 de
2140 3217 2184 3277 ο

2217 3080 2344 3135 τοῦ.
2376 3082 2485 3134 Καὶ
2513 3083 2791 3151 ἀνάγνωθι
2815 3084 2914 3154 τήν
2947 3083 3210 3154 ἐξήγησιν
3241 3082 3443 3138 αὐτῶν.

2286 3173 2696 3244 Παρεγένοντο
2745 3205 2815 3215 -
2860 3175 3073 3245 ὄχλον.
3130 3175 3359 3245 Εἴρηται
3409 3176 3540 3247 περὶ
3592 3177 3799 3229 τούτων

536 3286 622 3341 his
647 3286 699 3340 in
721 3285 827 3340 line
848 3283 1089 3339 vicesimi
1122 3280 1269 3338 tertii
1293 3279 1489 3350 capitis
1514 3275 1787 3345 Evangelii
1810 3272 2111 3328 secundum

2253 3262 2311 3317 πὶ
2350 3263 2538 3327 τέλους
2571 3264 2665 3318 τοῦ
2696 3264 2944 3318 εἰκοστοῦ
2973 3264 3160 3335 τρίτου
3193 3263 3491 3333 κεφαλαίου
3524 3266 3619 3319 τοῦ
3658 3266 3797 3319 κατὰ

536 3376 875 3433 Ilatthazum.

602 3470 761 3527 νοτε.
801 3469 889 3524 2ο.
927 3465 991 3520 Et
1024 3465 1324 3519 nuntiatum
1355 3469 1430 3515 est
1460 3490 1526 3501 —-
1548 3453 2118 3525 volentes.-l--1-Dicen-

535 3569 701 3630 tibus,
730 3563 990 3619 nimirum
1022 3555 1500 3613 annuntiantibus.

610 3659 761 3712 Vera.
810 3654 904 3707 21.
955 3650 1021 3704 At
1070 3649 1159 3702 ille
1190 3675 1259 3688 -—
1296 3646 1517 3717 faciunt.
1568 3642 1647 3697 lbi
1693 3639 1857 3695 etiam
1910 3639 1979 3695 de
2026 3638 2113 3693 his

534 3749 790 3806 omnibus
812 3752 1001 3800 exacte
1031 3739 1395 3797 disseruimus

2216 3352 2524 3406 Ματθαῖον.

2286 3444 2396 3498 Kal
2453 3443 2769 3515 ἀπηγγέλη
2833 3474 2897 3484 -
2967 3445 3263 3511 θέλοντες.
3325 3445 3627 3513 Λεγόντων,
3688 3448 3797 3501 τᾶν

2215 3535 2679 3605 ἀπαγγελλόντων
2714 3538 2847 3607 (l5).

2295 3627 2357 3682 Ὀ
2380 3627 2448 3682 δὲ
2472 3658 2543 3669 -
2574 3627 2909 3695 ποιοῦντες.
2952 3629 3100 3683 Ἐκεῖ
3131 3629 3263 3701 περὶ
3292 3628 3513 3684 πάντων
3545 3629 3789 3700 ἀκριϐῶς

2212 3722 2557 3793 διελάὁομεν.

534 3863 689 3921 CAP.
732 3857 921 3915 XXIII.
968 3855 1045 3911 De
1094 3850 1450 3922 increpatione
1494 3846 1635 3902 venti
1667 3860 1729 3898 ac
1784 3850 2112 3912 tempestatis

2249 3835 2368 3889 ζΕΦ.
2414 3835 2539 3889 KF'.
2570 3836 2706 3906 Περὶ
2752 3835 2862 3905 τῆς
2912 3836 3319 3907 ἐπιτιμήσεως
3364 3835 3484 3891 τῶν
3536 3836 3793 3893 ὑδάτων.

1221 3936 1405 3975 maris.

606 4027 763 4083 Vers.
796 4024 888 4081 22.
921 4022 991 4077 Ει
1022 4018 1217 4075 accidit
1238 4046 1307 4058 —
1328 4013 1485 4069 νει-3.
1525 4011 1618 4065 9.3.
1641 4006 2108 4079 periclitabantur.

532 4119 735 4175 Horum
760 4110 1259 4183 interpretationem
1281 4117 1460 4175 quaere
1482 4102 1539 4156 in
1562 4098 1913 4156 enarratione
1940 4095 2113 4150 unde-

533 4209 662 4266 cimi
694 4206 889 4279 capitis
913 4200 1186 4274 Evangelii
1216 4196 1516 4254 secundum
1537 4192 1877 4247 Matthaaum.
1916 4189 2111 4257 Imple-

534 4311 733 4362 bantur
760 4312 964 4363 autem,
994 4306 1124 4369 puta
1145 4310 1305 4365 aqua.

601 4397 757 4452 Vers.
774 4394 866 4448 2i.
891 4391 1200 4445 Accedeutes
1228 4417 1294 4427 ——
1340 4383 1809 4456 periclitabantur.
1833 4378 2028 4434 Omnia
2053 4377 2109 4430 in

530 4504 595 4545 eo
616 4489 794 4558 capite
820 4482 1206 4539 convenienter
1246 4478 1591 4532 manifestata
1620 4482 1769 4527 sunt.

2282 4015 2392 4068 Kal
2441 4012 2679 4082 ἐγένετο
2728 4036 2793 4052 σ-
2849 4011 3264 4067 ὲκινδύνευον.
3323 4012 3463 4083 Τὴν.
3491 4013 3791 4083 ἑρμηνείαν

2213 4107 2417 4160 τούτων
2439 4106 2676 4178 ζήτησον
2702 4106 2761 4159 ἐν
2791 4108 2857 4177 τῇ
2892 4104 3151 4177 ἐξηγήσει
3182 4103 3276 4158 τοῦ
3304 4104 3594 4158 ἑνδεκάτου
3622 4122 3792 4173 κεφα-

2210 4199 2364 4252 λαίου
2400 4197 2494 4253 τοῦ
2528 4199 2668 4251 κατὰ
2694 4198 2994 4252 Ματθαῖον.
3020 4194 3462 4267 Συνεπληροῦντο
3482 4195 3561 4262 δέ,
3602 4194 3792 4261 ὕδατος

2212 4289 2483 4361 δηλονότι.

2284 4382 2732 4450 Προσελθόντες
2768 4411 2839 4421 -
2870 4380 3131 4451 γαλήνη.
3163 4379 3348 4435 Πάντα
3386 4384 3443 4433 ἐν
3488 4377 3681 4449 ἐκείνῳ
3712 4376 3789 4448 τῷ

2215 4475 2497 4545 κεφαλαίῳ
2528 4474 2919 4545 προσηκόντως
2945 4473 3411 4543 ἐσαφηνίσθησαν.

601 4581 751 4636 Vers.
787 4577 877 4635 25.
921 4576 1146 4630 Dixit—
1172 4571 1383 4626 vestra?
1418 4569 1549 4635 Quae
1590 4567 1658 4622 de
1688 4567 1790 4620 hoc
1816 4574 1922 4629 est,
1959 4560 2104 4630 quod

2283 4564 2429 4621 Εἷπε
2458 4598 2529 4606 -
2558 4566 2763 4636 ὐμῶν;
2805 4567 2869 4620 Ἡ
2912 4569 3039 4638 περὶ
3066 4566 3181 4630 τοῦ,
3208 4568 3291 4619 ὅτι
3318 4566 3508 4635 Σωτήρ
3544 4565 3656 4632 εἰμι
3682 4563 3788 4614 τῶν

529 4687 743 4730 servem
783 4687 813 4725 a
856 4663 1427 4739 periculis,,quodque
1475 4659 1654 4732 perire
1706 4672 1815 4711 non
1872 4655 2108 4726 possint,

528 4767 619 4839 qui
656 4764 992 4821 Salvatorem
1016 4775 1201 4816 secum
1241 4756 1472 4811 habent.
1808 4824 1813 4828 ‘

601 4859 753 4914 Vers.
781 4858 873 4912 25.
905 4854 1097 4910 Territi
1127 4880 1189 4891 --
1218 4852 1283 4904 ei.
1319 4846 1491 4903 Etiam
1519 4844 1588 4900 de
1621 4844 1706 4898 his
1742 4841 1997 4897 similiter
2032 4839 2106 4893 ibi

523 4952 863 5022 disputatum
894 4954 1000 5000 est.

768 5060 923 5115 CAP.
959 5056 1149 5112 XXIV.
1182 5054 1257 5108 De
1287 5054 1487 5123 legione
1516 5052 1832 5104 daemonum.

596 5154 753 5209 Vcrs.
779 5142 873 5206 26.
903 5140 969 5203 Et
1002 5149 1375 5217 navigaverunt
1396 5172 1464 5183 —
1491 5141 1646 5198 Vers.
1687 5139 1778 5194 28.
1835 5151 2102 5208 torqueas.

600 5335 645 5365 ⁸³
683 5332 871 5387 “'tth.
905 5348 957 5394 v,
992 5329 1079 5383 11L
1145 5326 1395 5381 “Matth.
1430 5343 1482 5391 ι,
1515 5325 1607 5379 26.

1717 5324 1762 5354 ⁸⁵
1794 5321 1958 5377 Marc.
1986 5336 2060 5385 tv,
2101 5317 2191 5371 25.

2216 4654 2649 4720 κινδυνευόντων,
2697 4654 2795 4707 καὶ
2837 4655 2920 4707 ὅτι.
2967 4654 3229 4707 ἀδύνατον
3279 4651 3617 4707 κινδυνεῦσαι
3663 4651 3788 4712 τοὺς

2214 4746 2437 4819 ἔχοντας
2466 4748 2559 4800 τὸν
2594 4747 2824 4815 Σωτῆρα
2858 4749 2916 4798 ἐν
2950 4748 3191 4810 ἑαυτοῖς.

2283 4838 2649 4908 Φοϐηθέντες
2694 4868 2764 4877 -
2804 4838 2988 4906 αὐτῷ.
3016 4839 3127 4893 Καὶ
3174 4838 3302 4909 περὶ
3342 4854 3548 4892 τουτων
3588 4834 3789 4906 ὁμοίως

2214 4932 2331 4984 ἐκεί
2358 4930 2691 4999 διείληπται.

2336 5041 2491 5094 ΚΕΦ.
2527 5038 2652 5094 ΚΔ’.
2687 5042 2823 5110 Περὶ
2848 5044 2957 5097 τοῦ
2988 5060 3236 5112 exortae
3268 5043 3374 5096 τὸν
3400 5037 3683 5111 λεγεῶνα.

2286 5132 2394 5186 Καὶ
2435 5132 2861 5187 κατέπλευσαν
2900 5166 2965 5176 ——
3000 5134 3374 5202 βασανίσῃς.
3425 5131 3515 5185 Ἐν
3549 5134 3615 5202 τῇ
3663 5130 3789 5199 EST:

1713 5484 1913 5547 Varia:
1942 5482 2255 5545 lectiones
2295 5488 2357 5543 et
2400 5487 2592 5545 notua.

600 5670 713 5739 (ιδ)
749 5668 842 5724 Ὃς
876 5668 967 5718 ἐὰν
994 5665 1137 5739 sm,
1161 5662 1219 5717 Β.

600 5736 712 5810 illi)
744 5740 883 5805 Φησὶ
921 5738 1015 5788 καὶ
1044 5736 1090 5799 ὁ,
1122 5736 1181 5787 Β.

2299 5651 2413 5722 iiii)
2462 5653 2558 5707 His
2590 5652 2766 5706 tribus
2792 5651 3073 5707 vocabulis
3105 5662 3256 5707 caret
3285 5650 3611 5708 IIentenius.
3642 5648 3783 5721 Ergo

2217 5735 2539 5787 c0ntcxtutn
2570 5726 2908 5795 coniunctim
2943 5724 3187 5781 cxhvbct.

601 5899 707 5972 (qq)
731 5896 1066 5966 Quanquam,
1094 5908 1199 5948 etc.
1233 5890 1385 5963 Saepe
1406 5904 1533 5946 vero
1560 5889 1725 5945 etiam
1760 5889 1812 5944 in
1844 5887 1953 5942 vita
1983 5885 2101 5957 ejus
2134 5885 2259 5952 hac,
2301 5888 2393 5955 qui
2428 5900 2544 5939 eam
2585 5884 2732 5940 {CCII-
