4016 6476
589 422 694 484 M3

581 628 802 699 gebant,
836 618 1291 698 comprimebant,
1321 625 1666 694 impellentes
1691 625 1835 680 circa
1865 641 2018 680 eum.

581 738 733 796 CAP.
790 738 978 793 XXVI.
1023 739 1097 793 De
1131 737 1352 792 muliere
1385 736 1645 806 proﬂuvio
1694 738 1973 808 sanguinis
2009 737 2160 792 labo-

1285 819 1459 861 rante.

653 900 804 956 Vcrs.
834 901 923 954 43.
954 899 1018 956 Et
1057 900 1245 954 mulier
1282 930 1352 940 —
1386 897 1540 954 Vers.
1592 899 1681 954 44.
1712 899 1848 969 ejus.
1889 899 1965 952 Ab
2000 901 2159 954 annis

579 995 870 1058 duodecim,
900 994 951 1048 id
986 1005 1089 1058 est,
1119 1007 1292 1046 annos
1316 992 1608 1047 duodecim
1638 1009 1652 1057 ;
1686 992 1790 1046 hoc
1816 993 1962 1046 enim
1992 991 2163 1062 signi-

581 1087 884 1138 licaverunt
925 1085 1137 1153 priores
1189 1082 1561 1152 evangelista.
1602 1083 1816 1137 Marcus
1846 1097 1975 1138 vero
1993 1083 2036 1113 "
2065 1082 2162 1136 ad-

579 1174 736 1238 didit,
776 1176 919 1244 quod
965 1189 1072 1227 non
1111 1174 1285 1227 solum
1346 1190 1376 1228 a
1434 1174 1662 1228 medicis
1696 1174 1751 1227 in
1797 1174 1946 1228 nullo
1973 1173 2160 1242 adjuta

578 1265 778 1329 fuerat,
819 1280 1008 1320 verum
1058 1267 1223 1320 etiam
1269 1265 1440 1335 magis
1499 1265 1551 1316 in
1605 1264 1850 1319 deterius
1904 1273 2155 1319 venerat.

577 1355 716 1420 Quid
753 1355 824 1410 sit
871 1366 1052 1410 autem
1101 1355 1336 1421 ﬁmbria,
1392 1355 1598 1409 dictum
1638 1364 1721 1409 est
1755 1357 1969 1410 decimo
2008 1367 2162 1410 sexto

579 1446 760 1516 capite
821 1445 1100 1517 Evangelii
1163 1445 1466 1501 secundum
1539 1445 2164 1501 Matthaeum.Pra:terea

578 1535 709 1590 dicit
741 1534 953 1591 Marcus
975 1535 1045 1600 “,
1073 1537 1284 1590 venisse
1313 1536 1482 1605 ipsam
1509 1537 1564 1589 in
1607 1537 1761 1590 turba
1792 1551 1821 1589 a
1848 1546 2019 1606 tergo,
2055 1538 2161 1590 hoc

575 1635 677 1691 est,
716 1611 1081 1682 immiscuisse
1122 1641 1181 1681 se
1229 1627 1424 1690 turbae,
1464 1625 1611 1695 quod
1651 1626 1824 1681 latere
1858 1627 2156 1682 niteretur.

651 1719 758 1776 Sed
791 1736 894 1776 cur
921 1721 1209 1776 manifeste
1241 1735 1348 1774 non
1384 1720 1559 1789 tetigit
1589 1719 1612 1772 τ
1639 1719 1776 1788 Quia
1799 1721 2032 1789 seipsam
2062 1721 2165 1773 im-

577 1811 835 1866 mundam
867 1825 990 1865 esse
1048 1811 1275 1874 sciebat,
1307 1819 1360 1865 et
1409 1826 1556 1877 cum,
1614 1810 1708 1880 qui
1764 1811 2002 1864 mundus
2047 1818 2164 1864 erat

575 1904 751 1972 palam
775 1911 997 1973 tangere
1018 1901 1367 1967 formidabat,
1401 1917 1528 1955 cum
1555 1916 1586 1956 a
1609 1901 1725 1971 lege
1751 1900 2160 1970 prohiberetur.

561 1995 757 2060 Quare
789 2005 969 2050 autent
998 2009 1030 2048 a
1077 1994 1373 2064 longinquo
1408 2003 1564 2049 stans
1594 2009 1708 2048 non
1741 1994 1970 2063 petebat
1999 1992 2149 2046 sani-

577 2096 740 2141 tatem
768 2086 791 2140 ?
822 2085 964 2151 Quia
995 2084 1288 2140 verebatur
1319 2083 1637 2154 huiusmodi
1679 2083 1932 2137 morbum
1975 2082 2156 2152 publi-

577 2194 722 2234 care.
753 2178 928 2233 Simul
953 2179 1120 2232 etiam
1166 2178 1415 2240 timebat,
1451 2192 1523 2231 ne
1554 2190 1664 2246 quo
1710 2178 1874 2230 modo
1915 2174 2097 2245 agnita
2125 2189 2157 2231 a

576 2269 735 2323 turba
765 2268 1124 2339 repelleretur
1153 2275 1378 2338 propter
1399 2282 1553 2320 suam
1577 2265 1976 2336 impuritatem.

647 2357 805 2414 Vers.
840 2359 930 2414 45.
975 2357 1043 2410 Et
1077 2361 1154 2411 ait
1189 2387 1259 2397 —
1299 2358 1423 2412 me?
1456 2357 1838 2427 Interrogavit,
1874 2371 1982 2410 non
2014 2355 2159 2426 quod

575 2453 872 2524 ignoraret,
917 2449 1013 2504 sed
1056 2458 1116 2502 ut
1161 2448 1272 2511 illa,
1314 2447 1554 2519 cognito,
1600 2445 1746 2516 quod
1791 2460 1902 2498 non
1941 2445 2154 2511 lateret,

575 2554 737 2615 prout
761 2549 1095 2612 speraverat,
1123 2540 1415 2595 sanitatem
1450 2539 1639 2593 furtim
1671 2552 1779 2591 non
1816 2537 2154 2606 subriperet,

574 2635 666 2690 sed
694 2636 834 2688 hanc
857 2636 924 2688 ab
949 2633 1067 2703 ipso
1095 2633 1348 2688 ultroneo
1374 2632 1636 2695 auferret,
1672 2629 2003 2695 conﬁtendo,
2039 2643 2159 2699 quae

573 2728 720 2781 circa
753 2742 813 2781 se
858 2726 1001 2780 facta
1032 2733 1220 2780 essent
1257 2740 1272 2778 :
1319 2733 1376 2779 et
1422 2724 1496 2777 ita
1529 2733 1658 2778 nota
1690 2722 1886 2776 ﬁerent
1924 2720 2029 2784 his,
2065 2720 2159 2789 qui

557 2817 859 2873 Christum
902 2815 1295 2885 sequebantur,
1328 2825 1384 2870 et
1414 2814 1662 2869 mulieris
1710 2812 1846 2867 lides
1875 2821 1931 2866 et
1953 2810 2158 2866 Christi

574 2907 768 2971 uirtus,
801 2923 962 2976 quem
998 2907 1136 2959 nihil
1164 2908 1332 2961 latere
1367 2913 1588 2975 potest;
1626 2919 1690 2959 ac
1711 2904 1870 2959 multi
1911 2914 1967 2957 et
1993 2903 2154 2958 ﬁdem

573 3000 720 3053 illius
772 3000 1142 3062 imitarentur,
1198 3009 1253 3053 et
1299 2999 1553 3051 timerent
1586 2995 1749 3066 hujus
1811 2995 2160 3065 omnipoten-

574 3094 729 3155 tiam,
761 3089 1113 3158 omniumque
1140 3089 1460 3152 scientiam;
1500 3097 1782 3157 praeterea,
1821 3095 1880 3139 ut
1913 3085 2158 3168 arcbisy:

571 3197 810 3252 nagogus
853 3195 882 3234 a
923 3179 1176 3248 prtesenti
1226 3178 1491 3232 miraculo
1527 3178 1789 3247 uiajorctn
1839 3179 2155 3246 conciperet

571 3273 848 3327 ﬁduciam.

643 3363 798 3418 Vers.
830 3362 919 3416 45.
955 3359 1288 3432 Negantibus
1313 3390 1380 3400 —-
1413 3359 1539 3412 me?
1571 3360 1767 3414 Petrus
1811 3361 1879 3414 de
1918 3359 2151 3429 simplici

567 3463 824 3510 contactu
875 3453 1154 3507 Christum
1197 3453 1348 3520 loqui
1392 3450 1762 3516 existimabat,
1795 3467 1905 3520 quo
1937 3463 2149 3515 omnes,

568 3549 663 3618 qui
713 3547 1105 3619 sequebantur,
1151 3544 1446 3616 tangebam
1472 3558 1621 3608 cum,
1650 3543 1872 3612 impulsi
1903 3559 1968 3598 ac
1994 3558 2153 3598 coar-

569 3643 702 3697 ctati
734 3641 881 3694 circa
916 3641 1118 3709 ipsum,
1156 3647 1210 3692 et
1240 3637 1314 3690 ita
1343 3636 1793 3706 constringebant
1822 3651 1947 3689 eum
1985 3652 1998 3688 :
2031 3635 2150 3705 ipse

567 3749 699 3790 vero
726 3734 792 3788 de
838 3733 929 3787 tali
982 3747 1095 3786 non
1152 3730 1494 3800 loquebatur,
1535 3732 1627 3783 sed
1672 3729 1740 3783 de
1787 3743 1875 3794 eo,
1923 3729 2016 3797 qui
2049 3727 2154 3782 ﬁde

569 3831 744 3882 iactus
789 3838 925 3881 erat.
958 3825 1097 3879 Cum
1138 3824 1284 3879 enim
1328 3833 1459 3876 tunc
1491 3820 1646 3875 multi
1680 3836 1812 3876 casu
1849 3835 1974 3875 eum
2005 3836 2155 3876 com-

566 3917 855 3988 primendo
878 3924 1189 3986 tangerent,
1214 3913 1388 3968 solum
1414 3912 1580 3982 hujus
1611 3912 1785 3967 sensit
1810 3920 2152 3978 contactum,

568 4009 714 4080 quia
737 4007 842 4064 ﬁde
868 4006 1226 4077 procedebat.

641 4194 798 4252 Vera.
849 4193 940 4249 46.
975 4193 1124 4248 Jews
1163 4207 1281 4246 vero
1319 4219 1387 4229 —-
1413 4190 1697 4260 quispiam.
1738 4186 1875 4254 Quia
1909 4186 2154 4242 nondum

557 4289 822 4343 confessa
853 4295 971 4340 erat
1011 4285 1208 4338 mulier
1255 4281 1449 4337 timore
1487 4279 1802 4352 perterrita,
1865 4288 2152 4349 exspecta-

566 4381 659 4436 bat
679 4379 794 4448 ipse
811 4376 936 4448 (rr),
968 4376 1154 4431 dicens
1193 4394 1207 4430 :
1242 4374 1432 4444 Tetigit
1457 4389 1539 4428 me
1557 4373 1840 4443 quispiam,
1874 4381 1932 4425 ut
1973 4371 2155 4425 videns

567 4473 686 4542 ipsa
733 4471 895 4541 hujus
941 4470 1096 4539 quasi
1125 4477 1405 4538 stuporem
1447 4466 1566 4537 (ss),
1601 4481 1697 4520 sua
1747 4475 1961 4535 sponte,
2009 4464 2156 4534 quod

1811 421 2196 483 EUTHYMll
2237 422 2596 486 ZIGABENI

652 535 806 592 Vcrs.
839 536 925 592 42.
965 535 1110 592 Inter
1131 534 1356 590 eundum
1390 542 1564 588 autem
1603 561 1671 572 —-—
1692 549 1836 591 eum.
1868 535 2156 592 Constrin-
2188 548 2235 602 Α

3735 431 3835 499 944

2347 542 2451 595 Ἐγ
2469 541 2540 594 δὲ
2563 539 2645 605 τῷ
2679 540 2924 612 ὑπάγειν
2952 571 3021 581 --
3043 543 3252 598 αὐτόν.
3285 542 3678 616 Συνέσφιγγον,
3720 550 3844 605 diei.

2265 631 2485 701 ζόμενοι
2518 632 2649 704 περὶ
2683 633 2868 687 αὐτόν.

2477 747 2634 800 ΚΕΦ.
2671 744 2814 812 κεῖν.
2858 746 2996 814 Περὶ
3026 745 3136 813 τῆς
3160 749 3626 817 αιμοῤῥοούσης.

2333 898 2443 953 Kal
2495 899 2652 969 γυνὴ
2687 927 2756 938 —
2795 898 3009 966 αὐτῆς.
3070 901 3206 954 Ἄπὸ
3242 901 3394 955 ἐτῶν
3435 905 3685 972 δώδεκα,
3728 909 3848 962 ἀντὶ

2263 990 2357 1043 τοῦ
2399 993 2458 1043 ἐν
2511 991 2657 1044 ἔτεσι
2712 989 2943 1044 δώδεκα.
2987 991 3159 1044 Τοῦτο
3184 993 3295 1064 γὰρ
3325 995 3601 1066 ἐδήλωσαν
3629 1002 3679 1053 οί
3710 1019 3846 1071 προ..

2263 1081 2516 1145 λαϐόντες
2545 1082 2950 1151 εύαγγελισταί.
2986 1083 3215 1153 Μάρκος
3244 1085 3301 1138 δὲ
3343 1088 3688 1159 προσέθηκεν
3719 1131 3734 1156 ,
3767 1094 3845 1145 ὄτι

2262 1173 2325 1225 οὐ
2377 1173 2539 1242 μόνον
2570 1173 2742 1239 ξούδὲν
2793 1174 3050 1244 ὠφελήθη
3088 1175 3241 1243 παρὰ
3280 1177 3395 1232 τῶν
3435 1181 3659 1250 ἰατρῶν,
3715 1183 3848 1236 ἀλλά

2265 1262 2357 1314 καὶ
2391 1261 2591 1330 μᾶλλον
2633 1263 2710 1324 είς
2750 1262 2810 1315 τὸ
2845 1265 3028 1334 χεῖρον
3062 1259 3217 1332 ἦλθε.
3263 1265 3327 1316 Τί
3355 1265 3416 1319 δέ
3450 1270 3563 1321 ἐστι
3602 1274 3845 1339 κρασπε-

2264 1352 2374 1417 δον,
2415 1353 2630 1422 εἴρηται
2672 1356 2728 1405 έν
2758 1354 2835 1423 τῷ
2868 1355 3238 1426 ὲξκαιδεκὰτῳ
3269 1358 3548 1427 κεφαλαίῳ
3577 1360 3673 1412 τοῦ
3706 1364 3846 1415 κατὰ

2264 1442 2565 1496 Βίατθαῖον.
2603 1445 2725 1497 Ἔτι
2757 1444 2812 1497 δέ
2848 1462 3012 1514 φησιν
3045 1447 3072 1497 ὁ
3098 1447 3345 1518 Μάρκος,
3379 1449 3552 1502 ἐλθεῖν
3583 1453 3760 1523 αὐτὴν
3793 1457 3846 1507 ὲν

2264 1533 2342 1603 τῷ
2372 1533 2515 1606 ὄχλῳ
2545 1534 2772 1588 δπισθεν
2797 1575 2811 1598 ,
2846 1537 3131 1591 τουτέστιν
3156 1577 3171 1600 ,
3208 1540 3543 1607 ἀναμιγῆναι
3568 1543 3646 1612 τῷ
3676 1544 3845 1614 δχλῳ,

2268 1626 2677 1696 μηχανωμένην
2720 1625 2924 1680 λαθεῖν.

2334 1717 2486 1770 Διατί
2526 1717 2583 1770 δὲ
2627 1719 2725 1787 οὐχ
2772 1711 2956 1788 ’ἥψατο
3002 1719 3292 1790 φανερῶς;
3340 1721 3484 1774 Διότι
3533 1723 3848 1793 ἀκάθαρτον

2267 1810 2468 1880 ἑαυτὴν
2496 1809 2786 1877 ἐγίνωσκε,
2816 1812 2910 1864 x21
2931 1812 3182 1880 ἐφοϐεῖτο
3215 1814 3464 1885 φανερῶς
3487 1814 3733 1884 ἅψασθαι
3757 1815 3847 1868 τοῦ

2193 1896 2233 1951 Β
2264 1899 2537 1971 καθαροῦ,
2570 1901 2893 1973 κωλυομένη
2925 1903 3076 1973 παρά
3105 1904 3198 1957 τοῦ
3238 1905 3425 1974 νόμου.
3463 1908 3572 1959 Καὶ
3598 1907 3746 1960 δ;ατι¹
3776 1909 3848 1978 μὴ

2266 1991 2456 2062 πόρρω
2501 1992 2676 2045 στᾶσα
2719 1993 2818 2065 τὴν
2868 1994 3057 2062 ὑγείαν
3087 1996 3368 2066 ᾑτήσατος
3410 1998 3557 2050 Διὸτι
3585 1999 3848 2069 ᾐσχύνετο

2259 2080 2621 2152 δημοσιεῦσαι
2649 2084 2892 2138 τοιοῦτον
2924 2085 3122 2149 πάθος.
3159 2087 3310 2156 ’Δμα
3326 2087 3383 2141 δὲ
3410 2090 3500 2141 καὶ
3525 2090 3846 2152 ὑπώπτευε.

2266 2176 2476 2244 μήποτε
2511 2175 2910 2244 διαγνωσθείσα
2941 2178 3190 2249 ἀπελαθῇ
3225 2183 3376 2251 παρά
3414 2181 3505 2234 τοῦ
3532 2182 3722 2252 ὄχλου,
3759 2184 3848 2236 διὰ

2261 2268 2360 2334 τί-,ν
2385 2266 2733 2338 ἀκαθαρσίαν
2754 2270 2948 2340 αὐτῆς.

2331 2360 2437 2413 Καὶ
2473 2355 2644 2413 εἶπεν
2674 2390 2741 2401 —-
2767 2378 2887 2430 μου
2903 2377 2923 2425 ;
2977 2361 3313 2434 Ἦρώτησεν,
3339 2366 3438 2418 ούκ
3464 2367 3701 2435 ἀγνοῶν,
3730 2368 3847 2421 ἀλλ’

2262 2450 2349 2504 ἴνα
2379 2453 2602 2519 γνοῦσα,
2638 2453 2720 2514 ὅτι
2753 2456 2853 2507 οὐκ
2885 2455 3097 2522 ἔλαθεν,
3123 2456 3199 2519 ὡς
3224 2458 3474 2528 ἤλπιζεν,
3503 2460 3615 2512 οὐδ’
3648 2461 3845 2529 ἔκλεψε

2259 2544 2358 2610 τὴν
2388 2542 2602 2610 ὑγείαν,
2640 2544 2777 2596 ἀλλά
2808 2546 2940 2614 παρ’
2967 2547 3190 2610 ἑκόντος
3223 2548 3390 2601 αὑτοῦ
3420 2549 3624 2618 ταύτην
3655 2553 3846 2622 ἐκομί-

2264 2651 2416 2700 σατο,
2447 2638 2826 2711 ἀνομολογήσῃ
2851 2642 2919 2693 τὰ
2940 2641 3061 2695 κατ’
3090 2642 3282 2712 αὐτὴν,
3313 2643 3408 2696 καὶ
3435 2645 3710 2715 γνωρισθῇ
3732 2649 3843 2709 τοῖς

2261 2728 2640 2794 ἀκολουθοῦσι,
2675 2731 2880 2802 ταύτης
2911 2733 3013 2802 μὲν
3039 2735 3072 2804 ή
3104 2734 3310 2798 πίστις,
3341 2735 3507 2788 αὑτοῦ
3534 2737 3591 2788 δὲ
3621 2739 3652 2805 ἡ
3681 2738 3843 2790 δύνα-

2266 2834 2355 2887 μις
2388 2820 2574 2872 καὶτὸ
2619 2820 2911 2891 ἀλάθητον,
2949 2824 3045 2874 καὶ
3105 2825 3456 2895 μιμήσωνται
3507 2827 3606 2896 μὲν
3657 2828 3845 2882 πολλοὶ

2262 2908 2359 2979 τὴν
2384 2909 2568 2964 πίστιν
2595 2912 2788 2982 αὐτῆς,
2823 2914 3107 2985 φοϐηθῶ.ι
3134 2916 3190 2968 δὲ
3218 2917 3276 2969 τὸ
3300 2919 3710 2990 παντοδύναμον
3741 2922 3841 2974 αὺ-

2262 3002 2358 3055 τοῦ
2416 3005 2512 3057 καὶ
2549 3007 2980 3073 πανεπίσκοπον,
3043 3008 3137 3059 καὶ
3199 3008 3284 3060 ἵνα
3343 3010 3437 3060 καὶ
3495 3012 3524 3062 ὁ
3581 3013 3841 3081 ἀρχισυν-

2263 3095 2480 3164 άγωγος
2534 3098 2758 3151 πλείονα
2819 3099 2958 3171 λάϐῃ
3022 3101 3208 3155 πίστιν
3271 3101 3380 3154 ἀπὸ
3425 3101 3520 3155 τοῦ
3568 3104 3840 3175 παρόντος

2264 3187 2565 3257 θαύματος.

2338 3355 2738 3428 Ἀρνουμένων
2765 3392 2838 3404 -
2866 3377 3023 3429 μου;
3071 3362 3132 3417 Ὀ
3175 3363 3377 3433 Πέτρος
3413 3364 3513 3433 μὲν
3543 3364 3681 3435 ᾤετο
3710 3365 3839 3436 περὶ

2257 3449 2432 3518 ἁπλῆς
2458 3451 2676 3521 ἐπαφῆς
2713 3452 2895 3521 λέγειν
2923 3453 3016 3506 τὸν
3036 3455 3292 3525 Χριστὸν,
3327 3457 3447 3509 καθ’
3475 3456 3541 3527 ἢν
3564 3461 3760 3521 πάντες
3783 3461 3834 3512 οἱ

2254 3540 2675 3604 ἀκολουθοῦντες
2716 3542 2955 3612 ἥπτοντο
2989 3544 3177 3609 αὑτοῦ,
3202 3545 3330 3614 περὶ
3375 3545 3536 3598 αὐτὸν
3564 3545 3838 3615 ὠθιζόμε-

2255 3645 2335 3680 νοι
2364 3629 2457 3682 καὶ
2485 3631 2888 3700 ἀποθλίϐοντες,
2908 3635 3109 3698 είτουν,
3153 3636 3587 3705 ἀποσφίγγοντες
3625 3639 3788 3690 αὐτόν
3813 3652 3833 3670 ·

2255 3718 2418 3782 αὐτὸς
2451 3721 2507 3774 δὲ
2537 3721 2598 3773 οὐ
2628 3722 2759 3793 περὶ
2817 3726 3074 3796 τοιαύτης
3134 3727 3341 3795 ἔλεγεν,
3373 3728 3508 3782 ἀλλά
3564 3732 3694 3800 περὶ
3733 3729 3836 3793 τῆς

2255 3812 2555 3882 γενομένης
2600 3815 2664 3866 ὲκ
2719 3815 2977 3881 πίστεως.
3004 3817 3222 3872 Πολλῶν
3283 3820 3341 3872 δὲ
3376 3820 3674 3889 τηνικαῦτα
3719 3823 3834 3893 (49)

2255 3905 2399 3956 κατά
2447 3904 2618 3974 τύχην
2651 3907 2977 3979 ἁπτομένων
3011 3910 3198 3976 αὑτοῦ,
3223 3911 3311 3965 διά
3340 3913 3430 3965 τὸν
3465 3914 3832 3983 συνωθισμὺν,

2258 3997 2425 4066 μόνης
2446 3996 2643 4068 ᾔσθετο
2663 4001 2759 4070 τῆς
2789 4002 3004 4073 ἐπαφῆς
3038 4003 3264 4074 ταύτης,
3310 4006 3609 4076 γενομένης
3635 4011 3700 4060 ὲκ
3739 4012 3833 4058 πί-

2259 4104 2449 4152 στεως.

2339 4183 2392 4234 Ὁ
2432 4183 2500 4235 δὲ
2545 4186 2783 4253 Ἰησοῦς
2806 4217 2872 4226 -
2906 4191 3015 4254 τίς.
3051 4191 3202 4244 Ἐπεὶ
3245 4192 3398 4246 οὔπω
3429 4193 3830 4265 διωμολόγησεν

2255 4273 2289 4341 η
2316 4273 2490 4344 γυνὴ,
2526 4277 2836 4346 φοϐουμένη
2870 4279 3118 4345 πάντως,
3153 4283 3314 4345 αὐτὸς
3334 4285 3582 4352 ἐπιμένει
3615 4283 3828 4350 λέγων,

2258 4365 2494 4434 Ἥψατό
2513 4369 2627 4436 μού
2653 4386 2760 4434 τις,
2812 4370 2898 4423 ἵνα
2921 4372 3192 4441 βλέπουσα
3231 4376 3331 4445 τὴν
3354 4376 3602 4427 ἔνστασιν
3643 4376 3830 4439 αὑτοῦ,

2257 4458 2562 4529 αὐτόματος
2584 4462 2899 4535 ὁμολογήσῃ
2920 4465 2982 4517 τὸ
3003 4466 3248 4534 γεγονὸς,
3282 4468 3372 4519 καὶ
3399 4466 3541 4537 αὐτὴ
3564 4469 3624 4519 τὸ
3645 4467 3830 4538 θαῦμα

568 4568 769 4619 factum
811 4571 952 4628 erat,
994 4562 1371 4626 conﬁteretur,
1409 4569 1466 4615 et
1501 4561 1618 4629 ipsa
1653 4557 1976 4613 miraculum
2011 4571 2152 4627 prae-

2264 4552 2435 4622 ἁνακη
2444 4550 2600 4624 ρύξῃ.

569 4659 796 4710 dicaret.

639 4748 795 4803 Vers.
853 4745 943 4802 46.
999 4746 1111 4816 Ego
1157 4771 1221 4786 --
1277 4761 1378 4799 me.
1419 4744 1714 4808 Virtutem,
1767 4743 2022 4800 videlicet
2056 4758 2148 4797 sa-

568 4842 754 4904 nandi,
793 4854 956 4907 quam
1000 4840 1225 4894 attraxit
1268 4838 1404 4892 ﬁdes
1443 4836 1713 4891 mulieris.
1761 4834 1909 4889 Dixit
1963 4844 2148 4888 autem

572 4935 695 4996 hoc,
724 4940 781 4985 ut
809 4930 978 5001 magis
1007 4929 1608 4997 conﬁrmaretur,quod
1631 4943 1755 4981 eum
1786 4941 1899 4981 non
1929 4925 2146 4990 lateret,

567 5040 688 5092 quae
719 5031 866 5077 esset
902 5037 962 5076 ea
990 5037 1111 5091 qua:
1161 5023 1339 5091 ipsum
1369 5021 1641 5089 tetigerat.
1673 5018 1888 5072 Marcus
1925 5017 1971 5048 ‘9
2019 5031 2148 5071 vero

567 5116 721 5180 dixit,
750 5115 891 5184 quod
936 5116 1098 5168 etiam
1133 5112 1632 5182 circumspiciebat,
1668 5121 1727 5166 ut
1765 5112 1973 5166 videret
2003 5125 2146 5175 eam,

569 5222 688 5271 quae
723 5207 825 5259 hoc
856 5211 1085 5260 fecerat.

755 5325 990 5393 imm,
1023 5329 1111 5382 es.
1226 5327 1269 5358 ιε
1309 5325 1589 5395 lbid.,27.
1705 5325 1750 5357 δ’
1806 5326 1965 5392 I.id.,
1999 5327 2088 5380 59-.

2338 4741 2488 4811 Ἐγὼ
2519 4773 2589 4782 -
2625 4743 2792 4812 ἐμοῦ.
2831 4746 3071 4816 Δύναμιν
3103 4745 3528 4818 θεραπευτικὴν,
3561 4746 3829 4817 δηλονότι,

2255 4834 2321 4904 ἣν
2368 4835 2618 4892 εῐλκυσεν
2649 4841 2679 4908 ἡ
2715 4840 2895 4904 πίστις
2925 4841 3022 4910 τῆς
3067 4840 3347 4909 γυναικός.
3385 4839 3520 4893 Eli-ce
3573 4840 3629 4892 δὲ
3674 4841 3829 4894 τοῦτο

2259 4926 2392 4996 πρὸς
2416 4927 2634 4981 πλείονα
2661 4930 2950 4999 βεϐαίωσιν
2976 4934 3070 4985 τοῦ
3109 4934 3184 5005 μὴ
3217 4935 3430 5000 ἀγνοεῖν
3459 4933 3557 5002 τὴν
3609 4933 3826 5002 ἁψαμέι

2258 5035 2356 5082 νην
2396 5035 2410 5048 ·
2446 5020 2474 5069 ὁ
2508 5020 2564 5072 δὲ
2629 5023 2853 5092 Μάρκος
2913 5020 3104 5091 εἶπεν,
3156 5028 3238 5079 ὅτι
3291 5025 3385 5078 καὶ
3441 5025 3832 5094 περιεϐλέπετο

2263 5107 2394 5159 ἰδεῖν
2426 5108 2525 5178 τὴν
2561 5110 2720 5163 τοῦτο
2753 5113 3084 5183 ποιήσασαν.

1757 5489 1954 5549 Varia:
2014 5485 2316 5550 lectiones
2347 5496 2407 5550 et
2439 5497 2623 5552 notae.

639 5569 752 5637 (49)
813 5564 1026 5618 Πολλῶν
1055 5568 1162 5636 γὰρ
1192 5570 1495 5638 τηνικαῦτα
1523 5569 1580 5623 Β.

605 5778 614 5787 ι
643 5708 740 5776 (rr)
799 5703 1148 5771 Exspectat-at
1206 5707 1335 5770 ipse.
1365 5705 1482 5774 ipse
1522 5703 1574 5756 in
1608 5719 1672 5759 eo
1695 5703 1937 5773 persistit
1968 5719 2029 5758 ac
2056 5704 2144 5757 di-
2246 5709 2380 5778 legis
2414 5706 2708 5787 eLRedde,
2733 5710 2888 5778 hujus
2912 5713 3369 5780 perseverantiam.
3406 5715 3538 5772 Nam
3573 5718 3827 5786 ἔνστασις

572 5788 665 5832 Cll.

643 5854 730 5918 (ss)
765 5847 1062 5914 Stuporem.
1133 5847 1452 5900 ’Έκςτασινκ
1499 5847 1616 5899 loco
1651 5847 1902 5898 ἕνττῖοιν
1934 5846 2146 5900 videtur

2253 5796 2358 5833 non
2393 5781 2577 5834 diﬂert
2617 5782 2683 5833 ab
2716 5789 2971 5852 ιπιμονή.
