4016 6506
585 376 689 438 ΩιίιἹ

1847 379 2228 442 ΕΙῘΤΗῩΜΙΙ
2269 379 2633 441 ZIGABENI

3735 377 3836 442 943

654 482 810 542 Vers.
839 489 892 544 5.
914 491 983 544 Et
1002 494 1294 561 quicunque
1318 521 1388 533 —
1411 493 1663 549 adversus
1685 493 1823 548 illos.
1851 491 1972 547 Pari
2003 491 2156 546 modo

2337 492 2446 549 Kal
2471 493 2604 547 ὅσοι
2630 523 2698 536 --
2726 491 2819 546 ἐπ’
2865 491 3108 558 αὐτούς.
3142 490 3543 566 Παραπλησίως
3579 490 3676 545 καὶ
3722 485 3835 562 περὶ

583 586 634 628 et
668 576 736 631 de
765 579 872 635 his.

653 668 808 727 Vers.
869 672 923 728 6.
974 673 1192 746 Egressi
1245 703 1314 719 --
1366 679 1568 745 ubique.
1615 675 1778 732 Juxta
1822 688 2157 747 praeceptum

583 761 722 830 ejus,
748 764 838 833 qui
865 765 1092 821 miserat
1119 768 1265 824 illos.

659 853 813 910 Vers.
854 856 904 912 7,
934 859 1152 913 Audiuit
1185 891 1252 904 --
1281 858 1438 915 νοτε.
1477 860 1530 915 9.
1579 876 1719 915 eum.
1752 859 1825 915 De
1852 859 1936 914 his
1967 867 2159 915 exacte

584 942 917 1012 disputatum
980 958 1063 1001 est
1111 947 1374 1003 vicesimo
1426 948 1621 1018 quinto
1669 949 1848 1020 capite
1879 945 2156 1018 Evangelii

582 1035 880 1089 secundum
913 1037 1245 1093 Matthaaum.

657 1126 810 1181 Vers.
847 1129 933 1184 10.
971 1130 1035 1183 Et
1094 1135 1285 1186 reversi
1336 1162 1408 1172 —
1439 1131 1595 1188 Vcrs.
1625 1133 1713 1186 11.
1761 1148 1903 1187 eum.
1936 1131 2160 1186 Decimo

583 1219 774 1288 quinto
799 1222 976 1289 capite
1008 1222 1291 1293 Evangelii
1328 1224 1626 1280 secundum
1665 1223 1903 1279 Marcum
1950 1223 2157 1279 dictum

583 1319 666 1364 cst
697 1309 764 1364 de
796 1311 883 1366 his
917 1312 1101 1379 latius,
1127 1314 1218 1369 ubi
1240 1315 1460 1384 ponitur
1482 1331 1496 1369 :
1522 1316 1588 1367 Et
1619 1323 2006 1386 congregantur
2027 1329 2158 1383 apo-

579 1400 699 1455 stoli
728 1403 800 1455 ad
827 1405 1007 1459 Jesum
1030 1405 1096 1461 ".

654 1491 808 1548 Vcrs.
844 1496 931 1548 Η.
965 1496 1030 1550 Et
1065 1499 1351 1568 suscipiens
1389 1527 1461 1538 —
1504 1500 1751 1553 sanabat.
1784 1498 1855 1552 De
1890 1498 1974 1551 his
2010 1498 2157 1551 vice-

581 1585 721 1638 simo
745 1587 938 1655 quinto
987 1589 1141 1658 juxta
1189 1589 1503 1646 Matthzeum
1533 1590 1712 1660 capite
1739 1590 2030 1660 diligenter
2050 1590 2162 1644 dis-

582 1681 913 1747 putavimus,
949 1680 1035 1735 ubi
1070 1681 1274 1737 dicitur
1299 1700 1312 1736 :
1342 1682 1414 1736 Et
1440 1699 1678 1751 egressus
1702 1680 1856 1736 Jesus
1885 1681 2012 1736 vidit
2045 1691 2160 1735 tur-

580 1771 700 1822 bam
725 1771 939 1825 "mltum
970 1792 982 1826 :
1010 1782 1057 1826 et
1093 1775 1336 1828 misertus
1369 1774 1675 1829 (stillarum
1696 1775 1764 1828 ".

839 1978 991 2035 CAP.
1024 1981 1267 2038 XXVIII.
1301 1981 1376 2036 De
1398 1983 1626 2053 quinque
1652 1983 1900 2052 panibus.

650 2135 804 2190 Vers.
854 2134 941 2190 12.
983 2136 1108 2193 Dies
1151 2155 1271 2194 vero
1316 2168 1390 2179 —
1433 2155 1636 2193 sumus.
1687 2139 1956 2194 Praedicta
1978 2140 2158 2206 capite

577 2226 770 2282 horum
800 2228 922 2282 data
958 2238 1045 2283 est
1075 2230 1410 2300 explanatio.
1445 2231 1816 2285 Diversorium
1864 2245 1995 2285 vero
2025 2231 2158 2286 dicit

578 2333 746 2381 nunc,
796 2320 1222 2389 receptaculum.

649 2507 806 2562 Vers.
836 2508 916 2562 l5.
952 2510 1040 2561 Ait
1082 2539 1152 2549 —--
1181 2508 1340 2566 Vers.
1373 2509 1457 2564 M.
1499 2510 1776 2580 quinquies
1801 2509 1962 2564 mille.
1991 2507 2156 2565 Simi-

576 2598 701 2653 liter
725 2608 779 2654 et
807 2600 874 2654 de
908 2599 1010 2653 his.

649 2686 805 2742 Vers.
835 2688 923 2742 M.
953 2688 1097 2746 Dixit
1154 2719 1223 2730 —
1259 2690 1418 2746 Vers.
1454 2689 1542 2745 15.
1575 2705 1775 2744 omnes.
1819 2689 1938 2744 Pari
1995 2687 2157 2743 modo

579 2789 636 2835 et
663 2779 729 2835 de
758 2781 864 2836 bis.

650 2871 804 2927 Vers.
835 2872 919 2926 16.
956 2874 1189 2942 Acceptis
1236 2904 1303 2915 -—
1331 2872 1490 2933 Vers.
1525 2875 1609 2928 I7.
1656 2874 1954 2928 duodecim.
2005 2873 2154 2927 lli-aco

581 2973 728 3019 terea
755 2974 808 3019 et
833 2965 900 3020 de
925 2966 1030 3020 his.

577 3078 730 3132 CAP.
781 3077 972 3132 XXIX.
1029 3078 1105 3134 De
1159 3081 1568 3136 interroaatione

1270 3167 1445 3221 putas.

653 3243 804 3297 Vers.
843 3243 928 3298 18.
964 3243 1031 3297 El
1071 3246 1267 3310 factum
1297 3253 1373 3298 est
1399 3273 1469 3283 —
1491 3243 1646 3299 Vers.
1677 3241 1766 3297 20.
1802 3241 1919 3297 Dei.
1951 3241 2155 3296 Horum

575 3337 819 3390 omnium
853 3336 1362 3406 interpretationem
1401 3335 1650 3390 invenies
1680 3335 1956 3390 tricesimo
1997 3332 2157 3388 tertio

576 3428 754 3497 capite
791 3427 1064 3499 Evangelii
1091 3429 1392 3485 secundum
1429 3429 1762 3485 Matthteum.

1635 3081 1848 3135 Domini
1903 3081 1972 3133 ad
2001 3081 2156 3133 disci-

648 3518 808 3574 Vers.
847 3519 940 3576 21.
977 3519 1027 3574 Is
1053 3536 1259 3574 vero—
1286 3521 1403 3574 hoc.
1436 3519 1580 3591 Lege
1615 3530 1785 3574 totam
1854 3518 2157 3573 enarratio-

577 3627 705 3667 nem
752 3627 943 3667 eorum
981 3628 1102 3682 quae
1152 3613 1207 3667 in
1259 3613 1350 3667 illo
1383 3612 1560 3683 capite
1605 3614 1745 3668 dicta
1782 3623 1927 3676 sunt,
1985 3626 2157 3681 usque

576 3703 646 3759 ad
676 3719 802 3760 eum
836 3704 1015 3759 locum
1065 3704 1156 3759 ubi
1207 3705 1409 3759 dicitur
1446 3723 1457 3758 :
1496 3703 1580 3759 Ex
1625 3721 1685 3759 eo
1733 3713 1963 3776 tempore
2005 3705 2155 3772 coepit

575 3799 731 3854 Jesus
762 3799 999 3853 indicare
1034 3799 1306 3866 discipulis
1337 3798 1417 3864 ⁸³;
1459 3809 1514 3852 et
1541 3798 1666 3854 inde
1693 3798 1853 3853 simul
1904 3799 2151 3853 omnium

578 3890 1050 3962 diligentissimam
1083 3891 1289 3946 sumito
1312 3890 1782 3960 explanationem.

648 3981 803 4038 Vers.
836 3982 925 4036 22.
956 3981 1145 4036 Dicens
1167 4011 1234 4021 ——
1266 3984 1524 4053 refugere.
1580 3980 1654 4037 lbi
1694 3983 1760 4037 de
1813 3982 1897 4038 his
1937 3998 2155 4052 quoque

576 4093 678 4133 suo
719 4076 910 4132 ordine
932 4076 1268 4144 disputatum
1301 4085 1404 4132 cst.

647 4169 806 4225 Vers.
847 4168 938 4222 25.
975 4162 1201 4222 Dicebat
1233 4186 1416 4222 -—me.
1450 4167 1556 4224 Sed
1589 4177 1644 4224 et
1673 4169 1740 4223 de
1800 4167 1888 4222 his
1935 4182 2153 4238 quoque

577 4261 779 4316 ibidem
811 4269 930 4330 post
964 4275 1134 4329 pauca
1158 4261 1381 4315 omnino
1412 4262 1676 4316 invenies.

647 4350 804 4406 Vers.
857 4350 949 4405 9.4.
974 4347 1220 4421 Quisquis
1251 4368 1481 4406 —eam.
1539 4351 1868 4420 Quicunque
1918 4349 2154 4405 voluerit

575 4442 812 4497 animam
867 4457 1022 4497 suam
1054 4459 1084 4496 a
1123 4451 1298 4497 morte
1323 4458 1544 4497 servare
1592 4449 1842 4512 tempore
1885 4442 2151 4512 martyrii,

2263 603 2493 640 τουτων.

2348 677 2764 746 Ἐξερχόμενοι
2797 708 2864 721 -ο
2906 674 3238 743 πανταχοῦ.
3291 673 3445 729 Κατὰ
3485 673 3585 743 τὴν
3620 672 3838 740 ἐντολὴν

2261 771 2357 825 τοῦ
2391 770 2816 833 ἀποστείλαντας
2847 769 3064 833 αὐτούς.

2337 863 2643 916 Ἤκουσεν
2688 891 2759 903 -
2796 859 3004 913 αὐτόν.
3069 856 3205 928 Περὶ
3254 854 3459 908 ’τούτων
3499 852 3833 925 ἠκριδολόγη

2259 973 2351 1009 ται
2375 953 2486 1024 (54)
2508 954 2690 1018 καλῶς
2709 952 2768 1006 ιν
2796 950 2876 1023 τῷ
2909 948 3140 1020 εἰκοστῷ
3175 949 3411 1019 πέμπτῳ
3430 945 3716 1016 κεφαλαίῳ
3745 945 3834 998 τοῦ

2261 1048 2405 1103 κατὰ
2454 1046 2753 1102 Ματθαῖον.

2331 1137 2442 1195 Kal
2465 1136 3052 1206 ὐποστρέψαντες-
3079 1131 3259 1198 αὐτῷ.
3299 1130 3389 1186 Ἐν
3433 1129 3512 1199 τῷ
3549 1141 3840 1181 πεντεκαι-

2261 1232 2476 1302 δεκάτῳ
2527 1228 2812 1299 κεφαλαίῳ
2845 1225 2940 1280 τοΰ
2997 1227 3140 1278 κατὰ
3189 1224 3417 1293 Μάρκον
3444 1221 3666 1290 εἴρηται
3719 1217 3840 1285 περὶ

2260 1324 2468 1378 τούτων
2491 1320 2846 1389 πλατύτερον,
2875 1316 3000 1369 ἔνθα
3023 1317 3203 1369 κεῖται
3218 1313 3297 1366 τό·
3333 1310 3441 1365 Kal
3471 1306 3838 1377 συνάγονται

2261 1419 2317 1470 ol
2337 1415 2665 1470 ἀπόστολοι
2695 1411 2847 1480 πρὸς
2874 1409 2982 1463 τὸν
3020 1406 3275 1476 Ἰησοῦν.

2332 1505 2442 1560 Kal
2466 1502 2796 1572 δεξάμενος
2820 1527 2891 1539 --
2915 1497 3064 1555 ἰᾶτο.
3118 1496 3252 1567 Περὶ
3298 1508 3502 1547 τουτων
3531 1492 3590 1543 ιν
3648 1486 3728 1563 τῷ
3763 1487 3838 1538 εί-

2262 1598 2444 1670 κοστῷ
2473 1598 2712 1666 πέμπτῳ
2764 1591 3050 1663 κεφαλαίῳ
3079 1590 3173 1642 τοῦ
3226 1587 3368 1642 κατά
3397 1583 3681 1638 Ματθαῖον
3713 1583 3838 1670 inrt-

2266 1667 2444 1765 μελῶς
2502 1689 2846 1758 διελὰὅομεν,
2886 1685 3021 1738 ὅπου
3063 1683 3241 1735 κεῖται
3292 1677 3372 1731 τόο
3405 1675 3513 1729 Kal
3573 1667 3840 1765 ἐξελθὰιν

2264 1762 2295 1842 ο
2334 1783 2575 1852 Ἰησοῦς
2596 1777 2719 1836 εἶδε
2758 1776 2957 1831 πολὺν
2987 1774 3197 1844 ὄχλον,
3227 1768 3325 1825 καί
3375 1762 3838 1834 ἐσπλαγχνίσθη

2261 1881 2354 1933 ἐπ’
2384 1874 2614 1942 αὐτοῖς.

2261 1993 2418 2046 ΚΕΦ.
2451 1985 2588 2042 KH’.
2625 1984 2763 2054 Περὶ
2809 1982 2947 2107 τῶνι
2976 1981 3157 2105 ea?“
3197 1974 3394 2044 ἄρτων
3436 1971 3554 2024 καί
3584 1966 3706 2021 τῶν
3727 1964 3840 2019 δύο

2955 2071 2986 2107 z
3068 2065 3170 2104 ων.

2951 2065 3170 2118 χουων.

2342 2154 2404 2208 Ἠ
2427 2151 2494 2204 δὲ
2520 2149 2711 2219 ἡμέρα
2740 2177 2806 2186 -
2849 2142 3061 2213 ἐσμέν.
3113 2140 3204 2192 Ἐν
3232 2137 3308 2207 τῷ
3335 2123 3629 2204 δηλωοέντι
3662 2143 3837 2194 κεφα-

2257 2245 2394 2315 λαίῳ
2420 2241 2511 2296 τοῦ
2543 2241 2685 2294 κατὰ
2720 2235 3002 2292 Ματοαῖον
3053 2231 3149 2285 καὶ
3193 2223 3322 2297 περὶ
3363 2223 3570 2278 τούτων
3623 2221 3835 2315 taeter;-

2258 2310 2456 2407 viofi'q.
2531 2332 2850 2388 Κατὰλυσιν
2925 2327 2983 2379 δὲ
3038 2325 3186 2394 λέγει
3241 2319 3339 2376 νῦν
3395 2317 3492 2386 τὴν
3552 2310 3840 2379 κατασκή-

2257 2448 2476 2580 νωέἓίζε
2534 2550 2604 2562 —-
2653 2513 3170 2584 πεντακισχίλιοι.
3232 2502 3466 2577 Ὁμοίως
3531 2498 3627 2553 καὶ
3703 2491 3835 2564 περὶ

2255 2634 2490 2672 τουτων.

2327 2705 2476 2764 Eius
2511 2738 2578 2749 —-
2605 2705 2899 2769 ἅπαντας.
2943 2698 3218 2758 Ὡσαύτως
3245 2693 3342 2749 καὶ
3370 2689 3500 2760 περὶ
3532 2683 3759 2739 τούτων.

2330 2899 2539 2955 Λαϐὼν
2568 2926 2635 2937 -
2665 2894 2916 2949 δώδεκα.
2950 2890 3076 2946 Ἔτι
3115 2887 3211 2942 καὶ
3240 2881 3370 2955 περὶ
3393 2878 3624 2934 τούτων

2259 3090 2416 3145 ΚΕΦ.
2445 3090 2575 3141 κθο.
2619 3085 2756 3153 Περὶ
2801 3081 2912 3151 τῆς
2941 3078 3060 3133 τῶν
3081 3071 3362 3148 μαθητῶν
3385 3066 3832 3136 ἐπερωτήσεως.

2331 3246 2441 3300 Kal
2476 3242 2712 3312 ἐγένετο
2761 3269 2830 3278 -—
2875 3236 2981 3291 τοῦ
3012 3232 3183 3288 Θεοῦ.
3215 3229 3434 3284 Τούτων
3468 3225 3681 3278 πάντων
3730 3219 3833 3289 τὴν

2259 3310 2556 3408 ἑρμηνείαν
2581 3333 2833 3403 εὑρήσεις
2864 3330 2920 3381 ὲν
2937 3319 3336 3396 τῷτριακοστῷ
3357 3317 3522 3388 τρίτῳ
3550 3310 3832 3382 κεφαλαίῳ

2260 3430 2357 3485 τοῦ
2387 3428 2528 3483 κατά
2561 3424 2860 3480 Ματθαϊον.

2341 3524 2405 3575 '0
2437 3520 2506 3574 δὲ
2534 3549 2600 3560 —
2631 3517 2829 3571 τοῦτο.
2892 3509 3192 3580 Ἀνάγνωθι
3236 3505 3334 3577 τὴν
3377 3503 3507 3572 ὃλην
3563 3497 3824 3566 ἐξήγησιν

2257 3617 2369 3669 τῶν
2400 3616 2457 3667 ἐν
2493 3612 2687 3680 ἐκείνῳ
2712 3608 2822 3680 (55)
2862 3601 3039 3677 ριᾕῶν
3062 3605 3191 3672 ἄχρι
3229 3597 3347 3653 τοῖν
3388 3591 3691 3689 Ἀπὸλτότα
3721 3586 3828 3689 ἥρ·

2259 3711 2403 3776 ξατο
2436 3710 2467 3761 ό
2515 3703 2749 3773 Ἰησοῦς
2792 3699 3096 3753 δεικνύειν
3144 3692 3268 3759 τοῖς
3302 3685 3592 3760 μαθηταῖς
3621 3684 3826 3736 αὑτοῦ·

2259 3803 2353 3857 καὶ
2384 3800 2529 3870 λήψῃ
2560 3796 2782 3852 πάντων
2815 3791 2950 3863 ὁμοῦ
2983 3789 3271 3856 διάγνωσιν
3299 3778 3720 3853 ἀκριϐεστάτην.

2330 3993 2550 4051 Εῑπώνο
2609 4020 2678 4030 --
2721 3985 3060 4060 ἐγερθῆναι.
3110 3980 3359 4051 Καθεξῆς
3394 3976 3510 4030 ἐκεῖ
3549 3972 3642 4027 καὶ
3700 3968 3829 4037 περὶ

2256 4089 2462 4143 τούτων
2496 4083 2828 4152 διείληπται.

2333 4179 2549 4242 Ἔλεγε
2579 4204 2650 4215 -
2688 4190 2808 4243 μοι.
2860 4168 3026 4225 Ἀλλὰ
3055 4166 3169 4240 (56)
3224 4163 3322 4219 καὶ
3353 4161 3481 4231 περ).
3524 4156 3729 4210 τούτων
3773 4154 3829 4207 ιν

2257 4268 2452 4336 ἐκείνῳ
2491 4263 2608 4336 μετ’
2641 4263 2802 4330 ὀλίγα
2849 4259 3027 4313 πάντα
3060 4254 3337 4326 εὑρήσεις.

2333 4331 2439 4421 ’⁸οξ
2469 4331 2539 4394 -ί-
2572 4352 2787 4420 αὐτήν.
2833 4350 2935 4413 ὐς
2984 4348 3051 4402 ἂν
3105 4345 3236 4415 θέλῃ
3289 4345 3388 4410 τὴν
3435 4338 3612 4408 ψυχὴν
3661 4331 3826 4387 αὑτοῦ

2257 4447 2522 4502 διασῶσαι
2572 4445 2680 4499 ἀπὸ
2712 4443 2967 4506 Θανάτου,
3012 4441 3069 4492 ὲν
3119 4433 3297 4506 καιρῷ
3336 4430 3633 4504 μαρτυρίου
3682 4425 3828 4494 γινό-

571 4535 753 4592 factus
779 4535 976 4590 animae
1004 4543 1234 4602 amator,
1264 4545 1320 4589 at
1360 4551 1470 4590 non
1521 4535 1723 4590 Christi
1751 4544 1981 4597 amator,
2025 4549 2154 4603 per—

2265 4557 2422 4613 μενος
2454 4538 2768 4608 φιλόψυχος,
2807 4534 2922 4588 ἀλλ’
2949 4534 3007 4585 οὐ
3038 4531 3405 4601 φιλόχριστος,
3451 4522 3708 4578 ἀπολέσει
3733 4519 3827 4572 αὑ-

575 4628 671 4684 det
698 4642 817 4683 eam
850 4627 906 4682 in
950 4626 1136 4682 futuro
1177 4628 1398 4693 saeculo,
1448 4627 1552 4683 hoc
1592 4637 1699 4694 est,
1727 4628 1783 4682 in
1827 4627 2153 4698 supplicium

573 4719 916 4792 projicietur.
953 4717 1079 4774 Haec
1104 4730 1285 4775 autem
1316 4721 1514 4776 ibidem
1543 4721 1728 4783 etiam,
1762 4736 1970 4790 suoque
2008 4721 2152 4776 dicta

2255 4635 2355 4704 τὴν
2400 4634 2458 4685 ὲν
2499 4630 2578 4702 τῷ
2636 4628 2887 4700 μέλλοντι
2922 4627 3099 4689 αἰῶνι,
3136 4621 3439 4681 τουτέστιν,
3470 4617 3548 4678 είς
3605 4614 3826 4704 κόλασιν

2256 4703 2510 4797 ἐμϐαλεῖ.
2568 4723 2777 4793 Εἵρηκε
2831 4719 2887 4773 δὲ
2949 4713 3125 4770 ταῦτά
3187 4729 3248 4766 τε
3285 4712 3381 4765 καὶ
3427 4708 3496 4762 τὰ
3548 4706 3674 4775 ἑξῆς
3731 4703 3827 4757 καὶ

573 4822 705 4868 sunt
733 4812 949 4879 ordine,
976 4812 1234 4868 videlicet
1249 4813 1459 4867 decimo
1489 4829 1631 4869 nono
1659 4815 1841 4884 capite
1875 4812 2152 4883 Evangelii

2265 4822 2312 4871 ὲν
2362 4816 2440 4884 τῷ
2489 4811 2967 4878 ἐννεακαιδεκάτῳ
3007 4805 3295 4878 κεφαλαίῳ
3345 4799 3441 4857 τοῦ
3487 4799 3633 4854 κατὰ
3673 4797 3827 4850 Ματ-

575 4905 880 4961 secundum
912 4903 1224 4960 Mattheeum

647 5001 807 5056 Vers.
839 5000 930 5054 24.
970 4999 1216 5064 Quisquis
1237 5028 1306 5038 -—
1331 5015 1471 5052 eam.
1507 4999 1832 5069 Quicunque
1859 4999 1949 5053 illa
1978 5000 2157 5069 priva-

575 5103 666 5147 tus
713 5090 881 5149 fuerit
911 5108 1008 5162 per
1048 5091 1390 5163 martyrium.
1429 5092 1520 5148 hic
1552 5093 1793 5147 servabit
1821 5109 1940 5148 eam
1971 5094 2024 5148 in
2078 5092 2157 5148 fu-

577 5194 704 5240 turo
733 5185 953 5242 saeculo.

684 5305 727 5338 "
775 5301 938 5356 Marc.
1005 5318 1078 5367 vt,
1135 5305 1221 5358 50.
1339 5302 1580 5358 "Matth.
1617 5320 1726 5368 xw,
1759 5304 1844 5358 Η.

2323 4914 2425 4966 ἴον.

2253 4914 2434 5070 θαῖἓζν
2464 5035 2530 5043 —-
2551 4999 2766 5067 αὐτήν.
2806 5001 2904 5062 ’ος
2942 4997 3009 5052 ἄν
3034 4992 3309 5066 ἀφαιρεθῇ
3341 4987 3534 5059 αὐτὴν,
3563 4984 3649 5039 διὰ
3686 4997 3828 5053 μαρ-

2254 5099 2465 5166 τυρίου,
2498 5091 2652 5160 οὗτος
2686 5095 2852 5147 σώσει
2880 5092 3048 5163 αὐτὴν
3075 5092 3132 5144 ὲν
3166 5087 3245 5160 τῷ
3273 5085 3524 5158 μέλλοντι
3561 5077 3739 5136 αίῶνι.

1958 5305 2003 5336 ⁸³
2035 5304 2224 5360 Matth.
2260 5324 2368 5369 xw,
2400 5307 2491 5362 21.

1755 5429 1959 5490 Variae
1989 5428 2294 5493 lectiones
2325 5438 2384 5493 et
2423 5441 2616 5492 notae.

653 5535 765 5600 (54)
833 5531 1290 5602 Ἡκριϐηλογήοη,
1325 5530 1386 5584 Β.

651 5605 762 5672 (55)
800 5603 922 5658 Τῶν
956 5603 1199 5672 ἐκείνων,
1245 5604 1308 5654 Α.

655 5671 769 5748 (56)
799 5676 1006 5748 inmea
1032 5671 1164 5728 Novi
1199 5672 1544 5748 Testamenti
1569 5674 1742 5748 Gl‘iDCi
1791 5673 2051 5748 editione,
2106 5694 2160 5748 ρ.

584 5745 715 5811 ἓο9,
739 5743 1048 5869 Suspicatus
1079 5748 1288 5799 fueram
1320 5743 1582 5799 vocabula
1614 5746 1737 5804 ista.
1771 5745 1892 5798 καθ’
1921 5743 2161 5816 ἡμέραν,

584 5830 704 5871 (tua:
733 5816 833 5871 Eut
857 5816 1056 5871 tvmius
1086 5832 1193 5871 nou
1221 5815 1487 5871 tumescit.
1521 5815 1780 5871 translata
1801 5832 1920 5871 esse
1945 5818 1998 5871 in
2033 5834 2161 5871 con-

584 5830 704 5885 qua!
733 5827 871 5871 nutu

881 5816 1056 5886 ymius
1086 5832 1193 5872 nou
1221 5815 1487 5888 agnoscit,
1521 5815 1780 5871 translata
1801 5832 1920 5873 esse
1945 5818 1998 5872 in
2033 5815 2169 5875 eou-

2262 5543 2467 5588 textum
2500 5549 2563 5586 ex
2599 5533 2858 5588 homileta
2886 5531 3084 5600 aliquo.
3122 5529 3489 5584 Laudaveram
3514 5527 3672 5581 etiam
3709 5525 3824 5600 loca

2264 5605 2460 5660 similia
2497 5602 2894 5674 Chrysostomi.
2929 5599 3213 5674 sednunc
3247 5603 3301 5654 in
3319 5607 3696 5674 promptunest
3742 5599 3820 5674 |_oo

2263 5690 2362 5730 cus
2420 5689 2580 5744 quem
2613 5667 2969 5743 'qumreham.
3037 5669 3169 5744 Nam
3220 5683 3256 5725 t.
3297 5668 3428 5744 _V|l,
3463 5667 3518 5744 p._
3546 5667 3671 5744 55_7_,
3751 5667 3822 5720 ita

2267 5738 2478 5801 habet':
2507 5738 2780 5812 Διηνέκῶς
2811 5745 2936 5811 γὰρ,
2975 5743 3131 5811 φησὶ,
3180 5741 3442 5812 περίφερε
3472 5740 3562 5791 τὸν
3591 5738 3820 5812 θανατον

2270 5816 2362 5874 ml
2393 5816 2546 5871 ΚΛΘ¹
2586 5810 2894 5870 ἯΜΕΡᾹΝ
2945 5814 3161 5882 ἕτοιμος
3183 5810 3273 5865 ἔσο
3303 5813 3438 5881 πρὸς
3479 5810 3712 5878 σφαγήν.
