  <div class='ocr_page' id='page_1' title='image "/cluster/home/n/w/nwhite01/storage/ocr_20150623/129/ien.35556001660034/474.png"; bbox 0 0 4016 6462; ppageno 0'>
   <div class='ocr_carea' id='block_1_1' title="bbox 218 417 328 481">
    <p class='ocr_par' dir='ltr' id='par_1_1' title="bbox 218 417 328 481">
     <span class='ocr_line' id='line_1_1' title="bbox 218 417 328 481; baseline -0.018 0"><span class='ocrx_word' id='word_1_1' title='bbox 218 417 328 481; x_wconf 67' lang='grc' dir='ltr'>θιςι</span> 
     </span>
    </p>
   </div>
   <div class='ocr_carea' id='block_1_2' title="bbox 1212 417 2497 484">
    <p class='ocr_par' dir='ltr' id='par_1_2' title="bbox 1212 417 2497 484">
     <span class='ocr_line' id='line_1_2' title="bbox 1212 417 2497 484; baseline -0.005 -1"><span class='ocrx_word' id='word_1_2' title='bbox 1212 421 1600 484; x_wconf 69' lang='lat' dir='ltr'><strong>COMMENT.</strong></span> <span class='ocrx_word' id='word_1_3' title='bbox 1646 422 1725 482; x_wconf 83' lang='lat' dir='ltr'><strong>IN</strong></span> <span class='ocrx_word' id='word_1_4' title='bbox 1768 418 2045 482; x_wconf 76' lang='lat' dir='ltr'><strong>LUCAM.</strong></span> <span class='ocrx_word' id='word_1_5' title='bbox 2083 444 2153 455; x_wconf 70' lang='grc' dir='ltr'><strong>ο·-</strong></span> <span class='ocrx_word' id='word_1_6' title='bbox 2191 419 2347 479; x_wconf 86' lang='lat' dir='ltr'><strong>CAP.</strong></span> <span class='ocrx_word' id='word_1_7' title='bbox 2396 417 2497 478; x_wconf 81' lang='lat' dir='ltr'><strong>IX.</strong></span> 
     </span>
    </p>
   </div>
   <div class='ocr_carea' id='block_1_3' title="bbox 3383 419 3489 481">
    <p class='ocr_par' dir='ltr' id='par_1_3' title="bbox 3383 419 3489 481">
     <span class='ocr_line' id='line_1_3' title="bbox 3383 419 3489 481; baseline 0 0"><span class='ocrx_word' id='word_1_8' title='bbox 3383 419 3489 481; x_wconf 82' lang='lat'><strong>950</strong></span> 
     </span>
    </p>
   </div>
   <div class='ocr_carea' id='block_1_4' title="bbox 291 530 1809 606">
    <p class='ocr_par' dir='ltr' id='par_1_4' title="bbox 291 532 1809 606">
     <span class='ocr_line' id='line_1_4' title="bbox 291 532 1809 606; baseline 0.001 -20"><span class='ocrx_word' id='word_1_9' title='bbox 291 535 354 586; x_wconf 80' lang='lat' dir='ltr'><strong>Ti</strong></span> <span class='ocrx_word' id='word_1_10' title='bbox 379 535 490 602; x_wconf 67' lang='grc' dir='ltr'><strong>γὰρ</strong></span> <span class='ocrx_word' id='word_1_11' title='bbox 512 563 581 573; x_wconf 92' lang='lat'><strong>—-</strong></span> <span class='ocrx_word' id='word_1_12' title='bbox 604 532 915 605; x_wconf 77' lang='grc' dir='ltr'>ζημιωθείς</span> <span class='ocrx_word' id='word_1_13' title='bbox 937 543 956 599; x_wconf 83' lang='lat'><strong>,‘</strong></span> <span class='ocrx_word' id='word_1_14' title='bbox 975 533 1149 588; x_wconf 82' lang='grc' dir='ltr'>Τοῦτο</span> <span class='ocrx_word' id='word_1_15' title='bbox 1178 536 1273 589; x_wconf 70' lang='grc' dir='ltr'>καὶ</span> <span class='ocrx_word' id='word_1_16' title='bbox 1290 539 1316 588; x_wconf 93' lang='lat'><strong>6</strong></span> <span class='ocrx_word' id='word_1_17' title='bbox 1340 535 1621 601; x_wconf 76' lang='grc' dir='ltr'>Ματθαῐος</span> <span class='ocrx_word' id='word_1_18' title='bbox 1649 535 1809 606; x_wconf 72' lang='grc' dir='ltr'><strong>ἔγρα-</strong></span> 
     </span>
    </p>
   </div>
   <div class='ocr_carea' id='block_1_5' title="bbox 1931 530 3490 606">
    <p class='ocr_par' dir='ltr' id='par_1_5' title="bbox 1982 530 3490 600">
     <span class='ocr_line' id='line_1_5' title="bbox 1982 530 3490 600; baseline 0.001 -12"><span class='ocrx_word' id='word_1_19' title='bbox 1982 533 2136 588; x_wconf 82' lang='lat' dir='ltr'><strong>V&#39;crs.</strong></span> <span class='ocrx_word' id='word_1_20' title='bbox 2167 531 2258 586; x_wconf 79' lang='grc'>25.</span> <span class='ocrx_word' id='word_1_21' title='bbox 2295 530 2434 596; x_wconf 84' lang='lat' dir='ltr'><strong>Quid</strong></span> <span class='ocrx_word' id='word_1_22' title='bbox 2469 531 2606 585; x_wconf 86' lang='lat' dir='ltr'><strong>enim</strong></span> <span class='ocrx_word' id='word_1_23' title='bbox 2633 559 2701 572; x_wconf 92' lang='lat'><strong>--</strong></span> <span class='ocrx_word' id='word_1_24' title='bbox 2729 530 2894 600; x_wconf 79' lang='lat' dir='ltr'><strong>faciat</strong></span> <span class='ocrx_word' id='word_1_25' title='bbox 2925 533 2948 587; x_wconf 67' lang='grc' dir='ltr'><strong><em>Ρ</em></strong></span> <span class='ocrx_word' id='word_1_26' title='bbox 2978 530 3092 588; x_wconf 86' lang='lat' dir='ltr'><strong>lloc</strong></span> <span class='ocrx_word' id='word_1_27' title='bbox 3115 542 3170 588; x_wconf 85' lang='lat' dir='ltr'><strong>et</strong></span> <span class='ocrx_word' id='word_1_28' title='bbox 3202 533 3490 590; x_wconf 70' lang='lat' dir='ltr'><strong>Mattltmus</strong></span> 
     </span>
    </p>
   </div>
   <div class='ocr_carea' id='block_1_6' title="bbox 213 625 1796 699">
    <p class='ocr_par' dir='ltr' id='par_1_6' title="bbox 213 625 1796 699">
     <span class='ocr_line' id='line_1_6' title="bbox 213 625 1796 699; baseline 0.001 -20"><span class='ocrx_word' id='word_1_29' title='bbox 213 625 320 694; x_wconf 76' lang='grc' dir='ltr'><strong>ψεν</strong></span> <span class='ocrx_word' id='word_1_30' title='bbox 354 628 447 678; x_wconf 75' lang='grc' dir='ltr'><strong>ἐπὶ</strong></span> <span class='ocrx_word' id='word_1_31' title='bbox 486 628 676 692; x_wconf 76' lang='grc' dir='ltr'>τέλους</span> <span class='ocrx_word' id='word_1_32' title='bbox 724 625 820 681; x_wconf 81' lang='grc' dir='ltr'>τοῦ</span> <span class='ocrx_word' id='word_1_33' title='bbox 852 631 1185 699; x_wconf 83' lang='grc' dir='ltr'>τριακοστοῦ</span> <span class='ocrx_word' id='word_1_34' title='bbox 1242 629 1432 699; x_wconf 78' lang='grc' dir='ltr'>τρίτου</span> <span class='ocrx_word' id='word_1_35' title='bbox 1471 629 1796 698; x_wconf 80' lang='grc' dir='ltr'>κεφαλαίου,</span> 
     </span>
    </p>
   </div>
   <div class='ocr_carea' id='block_1_7' title="bbox 215 720 1800 794">
    <p class='ocr_par' dir='ltr' id='par_1_7' title="bbox 215 720 1800 794">
     <span class='ocr_line' id='line_1_7' title="bbox 215 720 1800 794; baseline 0 -20"><span class='ocrx_word' id='word_1_36' title='bbox 215 723 314 774; x_wconf 82' lang='grc' dir='ltr'>καὶ</span> <span class='ocrx_word' id='word_1_37' title='bbox 334 721 565 794; x_wconf 74' lang='grc' dir='ltr'>ζήτησον</span> <span class='ocrx_word' id='word_1_38' title='bbox 597 724 714 776; x_wconf 72' lang='grc' dir='ltr'>ἐκεῖ</span> <span class='ocrx_word' id='word_1_39' title='bbox 742 723 842 794; x_wconf 76' lang='grc' dir='ltr'>τὴν</span> <span class='ocrx_word' id='word_1_40' title='bbox 869 724 1153 792; x_wconf 77' lang='grc' dir='ltr'>ἐξήγησιν.</span> <span class='ocrx_word' id='word_1_41' title='bbox 1190 723 1264 777; x_wconf 78' lang='grc' dir='ltr'>Τὸ</span> <span class='ocrx_word' id='word_1_42' title='bbox 1295 723 1373 787; x_wconf 83' lang='grc' dir='ltr'><strong>δὲ,</strong></span> <span class='ocrx_word' id='word_1_43' title='bbox 1405 723 1442 792; x_wconf 80' lang='grc' dir='ltr'><strong>ἢ</strong></span> <span class='ocrx_word' id='word_1_44' title='bbox 1473 720 1800 792; x_wconf 72' lang='grc' dir='ltr'>ζημιωθεὶς,</span> 
     </span>
    </p>
   </div>
   <div class='ocr_carea' id='block_1_8' title="bbox 1906 624 3491 696">
    <p class='ocr_par' dir='ltr' id='par_1_8' title="bbox 1906 624 3491 696">
     <span class='ocr_line' id='line_1_8' title="bbox 1906 624 3491 696; baseline 0.001 -16"><span class='ocrx_word' id='word_1_45' title='bbox 1906 627 2130 695; x_wconf 78' lang='lat' dir='ltr'><strong>scripsii</strong></span> <span class='ocrx_word' id='word_1_46' title='bbox 2161 627 2214 678; x_wconf 94' lang='lat' dir='ltr'><strong>in</strong></span> <span class='ocrx_word' id='word_1_47' title='bbox 2248 627 2352 680; x_wconf 88' lang='lat' dir='ltr'><strong>line</strong></span> <span class='ocrx_word' id='word_1_48' title='bbox 2385 624 2643 679; x_wconf 85' lang='lat' dir='ltr'><strong>tricesimi</strong></span> <span class='ocrx_word' id='word_1_49' title='bbox 2681 625 2824 680; x_wconf 92' lang='lat' dir='ltr'><strong>tertii</strong></span> <span class='ocrx_word' id='word_1_50' title='bbox 2859 625 3059 695; x_wconf 90' lang='lat' dir='ltr'><strong>capitis</strong></span> <span class='ocrx_word' id='word_1_51' title='bbox 3089 643 3102 678; x_wconf 86' lang='lat'><strong>:</strong></span> <span class='ocrx_word' id='word_1_52' title='bbox 3145 635 3203 681; x_wconf 89' lang='lat' dir='ltr'><strong>et</strong></span> <span class='ocrx_word' id='word_1_53' title='bbox 3233 625 3308 680; x_wconf 86' lang='lat' dir='ltr'><strong>ibi</strong></span> <span class='ocrx_word' id='word_1_54' title='bbox 3341 642 3491 696; x_wconf 68' lang='lat' dir='ltr'><strong>quae-</strong></span> 
     </span>
    </p>
   </div>
   <div class='ocr_carea' id='block_1_9' title="bbox 1908 717 3197 784">
    <p class='ocr_par' dir='ltr' id='par_1_9' title="bbox 1908 717 3197 784">
     <span class='ocr_line' id='line_1_9' title="bbox 1908 717 3197 784; baseline 0.002 -14"><span class='ocrx_word' id='word_1_55' title='bbox 1908 733 1965 771; x_wconf 87' lang='lat' dir='ltr'><strong>re</strong></span> <span class='ocrx_word' id='word_1_56' title='bbox 2025 718 2449 772; x_wconf 89' lang='lat' dir='ltr'><strong>enarrationem.</strong></span> <span class='ocrx_word' id='word_1_57' title='bbox 2521 717 2680 784; x_wconf 85' lang='lat' dir='ltr'><strong>Quod</strong></span> <span class='ocrx_word' id='word_1_58' title='bbox 2736 727 2919 775; x_wconf 87' lang='lat' dir='ltr'><strong>autem</strong></span> <span class='ocrx_word' id='word_1_59' title='bbox 2982 719 3132 774; x_wconf 86' lang='lat' dir='ltr'><strong>addit</strong></span> <span class='ocrx_word' id='word_1_60' title='bbox 3185 737 3197 772; x_wconf 90' lang='lat'><strong>:</strong></span> 
     </span>
    </p>
   </div>
   <div class='ocr_carea' id='block_1_10' title="bbox 3249 719 3491 774">
    <p class='ocr_par' dir='ltr' id='par_1_10' title="bbox 3249 719 3491 774">
     <span class='ocr_line' id='line_1_10' title="bbox 3249 719 3491 774; baseline 0 -2"><span class='ocrx_word' id='word_1_61' title='bbox 3249 719 3358 773; x_wconf 78' lang='lat' dir='ltr'><strong>Aut</strong></span> <span class='ocrx_word' id='word_1_62' title='bbox 3407 721 3491 774; x_wconf 77' lang='lat' dir='ltr'><strong>sui</strong></span> 
     </span>
    </p>
   </div>
   <div class='ocr_carea' id='block_1_11' title="bbox 216 809 1809 884">
    <p class='ocr_par' dir='ltr' id='par_1_11' title="bbox 216 812 1806 884">
     <span class='ocr_line' id='line_1_11' title="bbox 216 812 1806 884; baseline 0.001 -19"><span class='ocrx_word' id='word_1_63' title='bbox 216 814 689 884; x_wconf 67' lang='grc' dir='ltr'>ἑφερμηνευτικόν</span> <span class='ocrx_word' id='word_1_64' title='bbox 714 814 832 868; x_wconf 72' lang='grc' dir='ltr'>ἐστι</span> <span class='ocrx_word' id='word_1_65' title='bbox 869 813 988 879; x_wconf 78' lang='grc' dir='ltr'>τοῦ,</span> <span class='ocrx_word' id='word_1_66' title='bbox 1036 813 1370 881; x_wconf 67' lang='grc' dir='ltr'>ἀπολέσας.</span> <span class='ocrx_word' id='word_1_67' title='bbox 1421 815 1720 868; x_wconf 81' lang='grc' dir='ltr'>Ἀπώλειαν</span> <span class='ocrx_word' id='word_1_68' title='bbox 1749 812 1806 867; x_wconf 72' lang='grc' dir='ltr'><strong>δὲ</strong></span> 
     </span>
    </p>
   </div>
   <div class='ocr_carea' id='block_1_12' title="bbox 1931 809 3594 884">
    <p class='ocr_par' dir='ltr' id='par_1_12' title="bbox 1931 809 3594 881">
     <span class='ocr_line' id='line_1_12' title="bbox 1931 809 3594 881; baseline 0.002 -16"><span class='ocrx_word' id='word_1_69' title='bbox 1931 811 2073 879; x_wconf 82' lang='lat' dir='ltr'><strong>psius</strong></span> <span class='ocrx_word' id='word_1_70' title='bbox 2105 812 2376 878; x_wconf 79' lang='lat' dir='ltr'><strong>iacturam</strong></span> <span class='ocrx_word' id='word_1_71' title='bbox 2405 811 2592 880; x_wconf 72' lang='lat' dir='ltr'><strong>faciat,</strong></span> <span class='ocrx_word' id='word_1_72' title='bbox 2623 809 3013 865; x_wconf 86' lang='lat' dir='ltr'><strong>declarativum</strong></span> <span class='ocrx_word' id='word_1_73' title='bbox 3042 819 3126 864; x_wconf 88' lang='lat' dir='ltr'><strong>est</strong></span> <span class='ocrx_word' id='word_1_74' title='bbox 3175 810 3494 881; x_wconf 77' lang='lat' dir='ltr'><strong>prrecedcn-</strong></span> <span class='ocrx_word' id='word_1_75' title='bbox 3587 865 3594 868; x_wconf 94' lang='lat'>_</span> 
     </span>
    </p>
   </div>
   <div class='ocr_carea' id='block_1_13' title="bbox 218 901 1809 978">
    <p class='ocr_par' dir='ltr' id='par_1_13' title="bbox 218 905 1807 978">
     <span class='ocr_line' id='line_1_13' title="bbox 218 905 1807 978; baseline 0.001 -21"><span class='ocrx_word' id='word_1_76' title='bbox 218 906 317 958; x_wconf 76' lang='grc' dir='ltr'>καὶ</span> <span class='ocrx_word' id='word_1_77' title='bbox 352 905 559 976; x_wconf 78' lang='grc' dir='ltr'><strong>ζημίαν</strong></span> <span class='ocrx_word' id='word_1_78' title='bbox 619 906 880 976; x_wconf 76' lang='grc' dir='ltr'>ὀνομάζει</span> <span class='ocrx_word' id='word_1_79' title='bbox 919 906 1019 978; x_wconf 79' lang='grc' dir='ltr'>τὴν</span> <span class='ocrx_word' id='word_1_80' title='bbox 1075 905 1295 960; x_wconf 74' lang='grc' dir='ltr'>αἰώνιον</span> <span class='ocrx_word' id='word_1_81' title='bbox 1355 907 1659 978; x_wconf 77' lang='grc' dir='ltr'><strong>καταδίκην</strong></span> <span class='ocrx_word' id='word_1_82' title='bbox 1715 906 1807 960; x_wconf 68' lang='grc' dir='ltr'>καὶ</span> 
     </span>
    </p>
   </div>
   <div class='ocr_carea' id='block_1_14' title="bbox 1931 901 3496 978">
    <p class='ocr_par' dir='ltr' id='par_1_14' title="bbox 1934 901 3496 972">
     <span class='ocr_line' id='line_1_14' title="bbox 1934 901 3496 972; baseline 0.003 -20"><span class='ocrx_word' id='word_1_83' title='bbox 1934 903 2002 964; x_wconf 89' lang='lat' dir='ltr'><strong>is.</strong></span> <span class='ocrx_word' id='word_1_84' title='bbox 2058 911 2208 972; x_wconf 85' lang='lat' dir='ltr'><strong>puta,</strong></span> <span class='ocrx_word' id='word_1_85' title='bbox 2267 901 2504 972; x_wconf 88' lang='lat' dir='ltr'><strong>seipsum</strong></span> <span class='ocrx_word' id='word_1_86' title='bbox 2558 901 2769 971; x_wconf 78' lang='lat' dir='ltr'><strong>perdat.</strong></span> <span class='ocrx_word' id='word_1_87' title='bbox 2821 901 3190 958; x_wconf 83' lang='lat' dir='ltr'><strong>Perditionem</strong></span> <span class='ocrx_word' id='word_1_88' title='bbox 3252 919 3384 958; x_wconf 87' lang='lat' dir='ltr'><strong>vero</strong></span> <span class='ocrx_word' id='word_1_89' title='bbox 3438 911 3496 958; x_wconf 91' lang='lat' dir='ltr'><strong>et</strong></span> 
     </span>
    </p>
   </div>
   <div class='ocr_carea' id='block_1_15' title="bbox 219 998 471 1052">
    <p class='ocr_par' dir='ltr' id='par_1_15' title="bbox 219 998 471 1052">
     <span class='ocr_line' id='line_1_15' title="bbox 219 998 471 1052; baseline 0.008 -2"><span class='ocrx_word' id='word_1_90' title='bbox 219 998 471 1052; x_wconf 79' lang='grc' dir='ltr'>κόλασιν.</span> 
     </span>
    </p>
   </div>
   <div class='ocr_carea' id='block_1_16' title="bbox 299 1160 1810 1232">
    <p class='ocr_par' dir='ltr' id='par_1_16' title="bbox 299 1160 1810 1232">
     <span class='ocr_line' id='line_1_16' title="bbox 299 1160 1810 1232; baseline 0 -19"><span class='ocrx_word' id='word_1_91' title='bbox 299 1162 408 1226; x_wconf 83' lang='grc' dir='ltr'>Ὃς</span> <span class='ocrx_word' id='word_1_92' title='bbox 434 1162 543 1231; x_wconf 76' lang='grc' dir='ltr'><strong>γὰρ</strong></span> <span class='ocrx_word' id='word_1_93' title='bbox 573 1192 644 1203; x_wconf 88' lang='grc'><strong><em>-</em></strong></span> <span class='ocrx_word' id='word_1_94' title='bbox 706 1161 999 1232; x_wconf 72' lang='grc' dir='ltr'><strong>ἀγγέλων.</strong></span> <span class='ocrx_word' id='word_1_95' title='bbox 1044 1161 1264 1216; x_wconf 79' lang='grc' dir='ltr'><strong>Τούτων</strong></span> <span class='ocrx_word' id='word_1_96' title='bbox 1297 1161 1672 1232; x_wconf 71' lang='grc' dir='ltr'>ιμνημόνευσε</span> <span class='ocrx_word' id='word_1_97' title='bbox 1715 1160 1810 1214; x_wconf 78' lang='grc' dir='ltr'>καὶ</span> 
     </span>
    </p>
   </div>
   <div class='ocr_carea' id='block_1_17' title="bbox 219 1241 1815 1326">
    <p class='ocr_par' dir='ltr' id='par_1_17' title="bbox 219 1241 1815 1326">
     <span class='ocr_line' id='line_1_17' title="bbox 219 1241 1815 1326; baseline 0.001 -20"><span class='ocrx_word' id='word_1_98' title='bbox 219 1255 251 1306; x_wconf 86' lang='lat'><strong>6</strong></span> <span class='ocrx_word' id='word_1_99' title='bbox 305 1255 532 1324; x_wconf 80' lang='grc' dir='ltr'>Μάρκος</span> <span class='ocrx_word' id='word_1_100' title='bbox 563 1255 621 1307; x_wconf 76' lang='grc' dir='ltr'>ὲν</span> <span class='ocrx_word' id='word_1_101' title='bbox 645 1253 723 1324; x_wconf 84' lang='grc' dir='ltr'>τῷ</span> <span class='ocrx_word' id='word_1_102' title='bbox 750 1254 986 1325; x_wconf 77' lang='grc' dir='ltr'><strong>εἰκοστῷ</strong></span> <span class='ocrx_word' id='word_1_103' title='bbox 1012 1241 1265 1326; x_wconf 83' lang='grc' dir='ltr'>τετάρτῳ</span> <span class='ocrx_word' id='word_1_104' title='bbox 1292 1248 1598 1325; x_wconf 69' lang='grc' dir='ltr'>κεφαλαίῳ,</span> <span class='ocrx_word' id='word_1_105' title='bbox 1630 1255 1726 1308; x_wconf 82' lang='grc' dir='ltr'>καὶ</span> <span class='ocrx_word' id='word_1_106' title='bbox 1756 1256 1815 1307; x_wconf 70' lang='grc' dir='ltr'>ὲν</span> 
     </span>
    </p>
   </div>
   <div class='ocr_carea' id='block_1_18' title="bbox 220 1343 1812 1418">
    <p class='ocr_par' dir='ltr' id='par_1_18' title="bbox 220 1343 1812 1418">
     <span class='ocr_line' id='line_1_18' title="bbox 220 1343 1812 1418; baseline 0.001 -18"><span class='ocrx_word' id='word_1_107' title='bbox 220 1348 420 1415; x_wconf 80' lang='grc' dir='ltr'>ἐκείνῳ</span> <span class='ocrx_word' id='word_1_108' title='bbox 449 1347 948 1418; x_wconf 79' lang='grc' dir='ltr'>διηρμηνεύθησσν.</span> <span class='ocrx_word' id='word_1_109' title='bbox 1014 1347 1181 1401; x_wconf 69' lang='grc' dir='ltr'>Ἀλλὰ</span> <span class='ocrx_word' id='word_1_110' title='bbox 1237 1346 1357 1411; x_wconf 86' lang='grc' dir='ltr'><strong>πῶς</strong></span> <span class='ocrx_word' id='word_1_111' title='bbox 1391 1343 1567 1414; x_wconf 83' lang='grc' dir='ltr'>εἶπεν,</span> <span class='ocrx_word' id='word_1_112' title='bbox 1601 1349 1686 1402; x_wconf 80' lang='grc' dir='ltr'>ὅτι</span> <span class='ocrx_word' id='word_1_113' title='bbox 1717 1349 1812 1402; x_wconf 66' lang='grc' dir='ltr'><strong>καλ⁵</strong></span> 
     </span>
    </p>
   </div>
   <div class='ocr_carea' id='block_1_19' title="bbox 218 1439 1812 1512">
    <p class='ocr_par' dir='ltr' id='par_1_19' title="bbox 218 1439 1812 1512">
     <span class='ocr_line' id='line_1_19' title="bbox 218 1439 1812 1512; baseline 0.001 -21"><span class='ocrx_word' id='word_1_114' title='bbox 218 1439 318 1492; x_wconf 75' lang='grc' dir='ltr'>τοῦ</span> <span class='ocrx_word' id='word_1_115' title='bbox 338 1441 549 1511; x_wconf 72' lang='grc' dir='ltr'>Πατρός</span> <span class='ocrx_word' id='word_1_116' title='bbox 574 1442 670 1494; x_wconf 60' lang='grc' dir='ltr'><strong>καὶ⁸</strong></span> <span class='ocrx_word' id='word_1_117' title='bbox 694 1439 800 1493; x_wconf 79' lang='grc' dir='ltr'><strong>τῶν</strong></span> <span class='ocrx_word' id='word_1_118' title='bbox 824 1440 994 1508; x_wconf 78' lang='grc' dir='ltr'>ἁγίων</span> <span class='ocrx_word' id='word_1_119' title='bbox 1024 1440 1305 1510; x_wconf 72' lang='grc' dir='ltr'>ἀγγέλωνς</span> <span class='ocrx_word' id='word_1_120' title='bbox 1327 1440 1476 1493; x_wconf 85' lang='grc' dir='ltr'>Διότι</span> <span class='ocrx_word' id='word_1_121' title='bbox 1509 1441 1656 1512; x_wconf 76' lang='grc' dir='ltr'>καὶή</span> <span class='ocrx_word' id='word_1_122' title='bbox 1683 1439 1812 1507; x_wconf 79' lang='grc' dir='ltr'><strong>δόξα</strong></span> 
     </span>
    </p>
   </div>
   <div class='ocr_carea' id='block_1_20' title="bbox 221 1530 1814 1603">
    <p class='ocr_par' dir='ltr' id='par_1_20' title="bbox 221 1530 1814 1603">
     <span class='ocr_line' id='line_1_20' title="bbox 221 1530 1814 1603; baseline 0 -19"><span class='ocrx_word' id='word_1_123' title='bbox 221 1532 320 1584; x_wconf 81' lang='grc' dir='ltr'>τοῦ</span> <span class='ocrx_word' id='word_1_124' title='bbox 373 1531 605 1602; x_wconf 83' lang='grc' dir='ltr'>Πατρδς,</span> <span class='ocrx_word' id='word_1_125' title='bbox 662 1530 788 1596; x_wconf 79' lang='grc' dir='ltr'><strong>δόξα</strong></span> <span class='ocrx_word' id='word_1_126' title='bbox 841 1530 1008 1586; x_wconf 81' lang='grc' dir='ltr'>αὐτοῦ</span> <span class='ocrx_word' id='word_1_127' title='bbox 1060 1531 1231 1586; x_wconf 71' lang='grc' dir='ltr'>ἔσται.</span> <span class='ocrx_word' id='word_1_128' title='bbox 1297 1532 1430 1596; x_wconf 83' lang='grc' dir='ltr'><strong>Υἱὸς</strong></span> <span class='ocrx_word' id='word_1_129' title='bbox 1482 1531 1592 1603; x_wconf 83' lang='grc' dir='ltr'>γὰρ</span> <span class='ocrx_word' id='word_1_130' title='bbox 1646 1531 1814 1584; x_wconf 80' lang='grc' dir='ltr'>αὑτοῦ</span> 
     </span>
    </p>
   </div>
   <div class='ocr_carea' id='block_1_21' title="bbox 222 1622 1814 1695">
    <p class='ocr_par' dir='ltr' id='par_1_21' title="bbox 222 1622 1814 1695">
     <span class='ocr_line' id='line_1_21' title="bbox 222 1622 1814 1695; baseline 0 -18"><span class='ocrx_word' id='word_1_131' title='bbox 222 1627 365 1677; x_wconf 69' lang='grc' dir='ltr'>ἐστι.</span> <span class='ocrx_word' id='word_1_132' title='bbox 398 1625 560 1695; x_wconf 58' lang='lat' dir='ltr'><strong>Rati]</strong></span> <span class='ocrx_word' id='word_1_133' title='bbox 591 1625 716 1690; x_wconf 77' lang='grc' dir='ltr'>δόξα</span> <span class='ocrx_word' id='word_1_134' title='bbox 769 1624 880 1677; x_wconf 84' lang='grc' dir='ltr'><strong>τῶν</strong></span> <span class='ocrx_word' id='word_1_135' title='bbox 927 1625 1101 1692; x_wconf 82' lang='grc' dir='ltr'>ἁγίων</span> <span class='ocrx_word' id='word_1_136' title='bbox 1155 1623 1425 1692; x_wconf 76' lang='grc' dir='ltr'>ἀγγέλων,</span> <span class='ocrx_word' id='word_1_137' title='bbox 1457 1622 1589 1689; x_wconf 79' lang='grc' dir='ltr'><strong>δόξα</strong></span> <span class='ocrx_word' id='word_1_138' title='bbox 1643 1622 1814 1677; x_wconf 80' lang='grc' dir='ltr'>αὐτοῦ</span> 
     </span>
    </p>
   </div>
   <div class='ocr_carea' id='block_1_22' title="bbox 221 1715 1233 1787">
    <p class='ocr_par' dir='ltr' id='par_1_22' title="bbox 221 1715 1233 1787">
     <span class='ocr_line' id='line_1_22' title="bbox 221 1715 1233 1787; baseline 0.003 -19"><span class='ocrx_word' id='word_1_139' title='bbox 221 1715 395 1769; x_wconf 80' lang='grc' dir='ltr'>ἔσται.</span> <span class='ocrx_word' id='word_1_140' title='bbox 427 1718 705 1787; x_wconf 78' lang='grc' dir='ltr'><strong>Δεσπότης</strong></span> <span class='ocrx_word' id='word_1_141' title='bbox 732 1717 841 1787; x_wconf 77' lang='grc' dir='ltr'>γὰρ</span> <span class='ocrx_word' id='word_1_142' title='bbox 884 1717 1067 1770; x_wconf 78' lang='grc' dir='ltr'>αὐτῶν</span> <span class='ocrx_word' id='word_1_143' title='bbox 1094 1719 1233 1771; x_wconf 69' lang='grc' dir='ltr'>ἐστι.</span> 
     </span>
    </p>
   </div>
   <div class='ocr_carea' id='block_1_23' title="bbox 298 1808 1815 1880">
    <p class='ocr_par' dir='ltr' id='par_1_23' title="bbox 298 1808 1815 1880">
     <span class='ocr_line' id='line_1_23' title="bbox 298 1808 1815 1880; baseline -0.001 -18"><span class='ocrx_word' id='word_1_144' title='bbox 298 1808 464 1876; x_wconf 74' lang='grc' dir='ltr'><strong>Λέγω</strong></span> <span class='ocrx_word' id='word_1_145' title='bbox 500 1808 568 1862; x_wconf 82' lang='grc' dir='ltr'><strong>δὲ</strong></span> <span class='ocrx_word' id='word_1_146' title='bbox 602 1839 671 1848; x_wconf 96' lang='grc'><strong><em>-</em></strong></span> <span class='ocrx_word' id='word_1_147' title='bbox 702 1808 806 1862; x_wconf 83' lang='grc' dir='ltr'>τοῦ</span> <span class='ocrx_word' id='word_1_148' title='bbox 861 1808 1029 1863; x_wconf 78' lang='grc' dir='ltr'>Θεοῦ.</span> <span class='ocrx_word' id='word_1_149' title='bbox 1068 1810 1299 1880; x_wconf 78' lang='grc' dir='ltr'>Εῐρηται</span> <span class='ocrx_word' id='word_1_150' title='bbox 1331 1811 1464 1880; x_wconf 66' lang='grc' dir='ltr'>περὶ</span> <span class='ocrx_word' id='word_1_151' title='bbox 1511 1809 1719 1864; x_wconf 81' lang='grc' dir='ltr'>τούτων</span> <span class='ocrx_word' id='word_1_152' title='bbox 1758 1811 1815 1861; x_wconf 75' lang='grc' dir='ltr'>ὲν</span> 
     </span>
    </p>
   </div>
   <div class='ocr_carea' id='block_1_24' title="bbox 1904 993 3497 1062">
    <p class='ocr_par' dir='ltr' id='par_1_24' title="bbox 1904 993 3497 1062">
     <span class='ocr_line' id='line_1_24' title="bbox 1904 993 3497 1062; baseline 0.001 -15"><span class='ocrx_word' id='word_1_153' title='bbox 1904 993 2176 1062; x_wconf 74' lang='lat' dir='ltr'><strong>iacturam</strong></span> <span class='ocrx_word' id='word_1_154' title='bbox 2237 995 2503 1060; x_wconf 78' lang='lat' dir='ltr'><strong>nominat,</strong></span> <span class='ocrx_word' id='word_1_155' title='bbox 2560 1004 2816 1050; x_wconf 66' lang='lat' dir='ltr'><strong>aeternam</strong></span> <span class='ocrx_word' id='word_1_156' title='bbox 2877 994 3390 1052; x_wconf 87' lang='lat' dir='ltr'><strong>condemnationem</strong></span> <span class='ocrx_word' id='word_1_157' title='bbox 3441 1007 3497 1051; x_wconf 89' lang='lat' dir='ltr'><strong>et</strong></span> 
     </span>
    </p>
   </div>
   <div class='ocr_carea' id='block_1_25' title="bbox 1911 1086 2267 1156">
    <p class='ocr_par' dir='ltr' id='par_1_25' title="bbox 1911 1086 2267 1156">
     <span class='ocr_line' id='line_1_25' title="bbox 1911 1086 2267 1156; baseline -0.003 -16"><span class='ocrx_word' id='word_1_158' title='bbox 1911 1086 2267 1156; x_wconf 81' lang='lat' dir='ltr'><strong>supplicium.</strong></span> 
     </span>
    </p>
   </div>
   <div class='ocr_carea' id='block_1_26' title="bbox 1982 1175 3495 1250">
    <p class='ocr_par' dir='ltr' id='par_1_26' title="bbox 1982 1175 3495 1250">
     <span class='ocr_line' id='line_1_26' title="bbox 1982 1175 3495 1250; baseline 0 -18"><span class='ocrx_word' id='word_1_159' title='bbox 1982 1179 2139 1232; x_wconf 84' lang='lat' dir='ltr'><strong>Vers.</strong></span> <span class='ocrx_word' id='word_1_160' title='bbox 2173 1176 2266 1232; x_wconf 73' lang='lat'><strong>26.</strong></span> <span class='ocrx_word' id='word_1_161' title='bbox 2297 1175 2668 1248; x_wconf 77' lang='lat' dir='ltr'><strong>Quemcunque</strong></span> <span class='ocrx_word' id='word_1_162' title='bbox 2699 1209 2768 1218; x_wconf 87' lang='lat'><strong>-—</strong></span> <span class='ocrx_word' id='word_1_163' title='bbox 2797 1179 3128 1250; x_wconf 82' lang='lat' dir='ltr'><strong>angelorum.</strong></span> <span class='ocrx_word' id='word_1_164' title='bbox 3179 1181 3383 1235; x_wconf 83' lang='lat' dir='ltr'><strong>llnrum</strong></span> <span class='ocrx_word' id='word_1_165' title='bbox 3439 1191 3495 1232; x_wconf 76' lang='lat' dir='ltr'><strong>et</strong></span> 
     </span>
    </p>
   </div>
   <div class='ocr_carea' id='block_1_27' title="bbox 1915 1265 3497 1336">
    <p class='ocr_par' dir='ltr' id='par_1_27' title="bbox 1915 1265 3497 1336">
     <span class='ocr_line' id='line_1_27' title="bbox 1915 1265 3497 1336; baseline 0.001 -15"><span class='ocrx_word' id='word_1_166' title='bbox 1915 1265 2129 1322; x_wconf 76' lang='lat' dir='ltr'><strong>Marcus</strong></span> <span class='ocrx_word' id='word_1_167' title='bbox 2156 1265 2402 1320; x_wconf 85' lang='lat' dir='ltr'><strong>meminit</strong></span> <span class='ocrx_word' id='word_1_168' title='bbox 2453 1265 2710 1322; x_wconf 85' lang='lat' dir='ltr'><strong>vicesimo</strong></span> <span class='ocrx_word' id='word_1_169' title='bbox 2745 1276 2942 1336; x_wconf 82' lang='lat' dir='ltr'><strong>quarto</strong></span> <span class='ocrx_word' id='word_1_170' title='bbox 2965 1269 3166 1333; x_wconf 87' lang='lat' dir='ltr'><strong>capite.</strong></span> <span class='ocrx_word' id='word_1_171' title='bbox 3205 1278 3259 1322; x_wconf 88' lang='lat' dir='ltr'><strong>et</strong></span> <span class='ocrx_word' id='word_1_172' title='bbox 3290 1269 3360 1322; x_wconf 86' lang='lat' dir='ltr'><strong>ibi</strong></span> <span class='ocrx_word' id='word_1_173' title='bbox 3405 1284 3497 1322; x_wconf 74' lang='lat' dir='ltr'><strong>cx-</strong></span> 
     </span>
    </p>
   </div>
   <div class='ocr_carea' id='block_1_28' title="bbox 1914 1351 3497 1428">
    <p class='ocr_par' dir='ltr' id='par_1_28' title="bbox 1914 1351 3497 1428">
     <span class='ocr_line' id='line_1_28' title="bbox 1914 1351 3497 1428; baseline 0.001 -18"><span class='ocrx_word' id='word_1_174' title='bbox 1914 1359 2131 1427; x_wconf 74' lang='lat' dir='ltr'><strong>planata</strong></span> <span class='ocrx_word' id='word_1_175' title='bbox 2157 1365 2306 1411; x_wconf 88' lang='lat' dir='ltr'><strong>sunt.</strong></span> <span class='ocrx_word' id='word_1_176' title='bbox 2337 1355 2538 1411; x_wconf 83' lang='lat' dir='ltr'><strong>Verum</strong></span> <span class='ocrx_word' id='word_1_177' title='bbox 2566 1360 2840 1428; x_wconf 86' lang='lat' dir='ltr'><strong>quomodo</strong></span> <span class='ocrx_word' id='word_1_178' title='bbox 2873 1351 2927 1413; x_wconf 86' lang='lat' dir='ltr'><strong>et</strong></span> <span class='ocrx_word' id='word_1_179' title='bbox 2954 1359 3150 1425; x_wconf 84' lang='lat' dir='ltr'><strong>Patris,</strong></span> <span class='ocrx_word' id='word_1_180' title='bbox 3186 1371 3240 1414; x_wconf 87' lang='lat' dir='ltr'><strong>et</strong></span> <span class='ocrx_word' id='word_1_181' title='bbox 3271 1371 3497 1415; x_wconf 83' lang='lat' dir='ltr'><strong>saneto-</strong></span> 
     </span>
    </p>
   </div>
   <div class='ocr_carea' id='block_1_29' title="bbox 1916 1449 3498 1522">
    <p class='ocr_par' dir='ltr' id='par_1_29' title="bbox 1916 1449 3498 1522">
     <span class='ocr_line' id='line_1_29' title="bbox 1916 1449 3498 1522; baseline 0 -18"><span class='ocrx_word' id='word_1_182' title='bbox 1916 1466 2035 1504; x_wconf 88' lang='lat' dir='ltr'><strong>rum</strong></span> <span class='ocrx_word' id='word_1_183' title='bbox 2071 1449 2429 1519; x_wconf 75' lang='lat' dir='ltr'><strong>angelorum?</strong></span> <span class='ocrx_word' id='word_1_184' title='bbox 2467 1449 2602 1515; x_wconf 84' lang='lat' dir='ltr'><strong>Quia</strong></span> <span class='ocrx_word' id='word_1_185' title='bbox 2633 1450 2802 1520; x_wconf 79' lang='lat' dir='ltr'><strong>gloria</strong></span> <span class='ocrx_word' id='word_1_186' title='bbox 2855 1450 3035 1506; x_wconf 85' lang='lat' dir='ltr'><strong>Patris</strong></span> <span class='ocrx_word' id='word_1_187' title='bbox 3075 1451 3241 1522; x_wconf 77' lang='lat' dir='ltr'><strong>gloria</strong></span> <span class='ocrx_word' id='word_1_188' title='bbox 3279 1462 3363 1506; x_wconf 91' lang='lat' dir='ltr'><strong>est</strong></span> <span class='ocrx_word' id='word_1_189' title='bbox 3415 1453 3498 1520; x_wconf 81' lang='lat' dir='ltr'><strong>ip-</strong></span> 
     </span>
    </p>
   </div>
   <div class='ocr_carea' id='block_1_30' title="bbox 1917 1540 3490 1615">
    <p class='ocr_par' dir='ltr' id='par_1_30' title="bbox 1917 1540 3490 1615">
     <span class='ocr_line' id='line_1_30' title="bbox 1917 1540 3490 1615; baseline 0 -17"><span class='ocrx_word' id='word_1_190' title='bbox 1917 1541 2051 1607; x_wconf 89' lang='lat' dir='ltr'><strong>sius,</strong></span> <span class='ocrx_word' id='word_1_191' title='bbox 2080 1556 2204 1596; x_wconf 88' lang='lat' dir='ltr'><strong>cum</strong></span> <span class='ocrx_word' id='word_1_192' title='bbox 2238 1556 2406 1596; x_wconf 86' lang='lat' dir='ltr'><strong>unum</strong></span> <span class='ocrx_word' id='word_1_193' title='bbox 2440 1541 2568 1596; x_wconf 90' lang='lat' dir='ltr'><strong>sint.</strong></span> <span class='ocrx_word' id='word_1_194' title='bbox 2603 1540 2715 1613; x_wconf 88' lang='lat' dir='ltr'><strong>Ego</strong></span> <span class='ocrx_word' id='word_1_195' title='bbox 2742 1551 2792 1597; x_wconf 79' lang='lat' dir='ltr'><strong>et</strong></span> <span class='ocrx_word' id='word_1_196' title='bbox 2840 1541 3024 1604; x_wconf 76' lang='lat' dir='ltr'><strong>Pater.</strong></span> <span class='ocrx_word' id='word_1_197' title='bbox 3080 1544 3278 1615; x_wconf 87' lang='lat' dir='ltr'><strong>inquit,</strong></span> <span class='ocrx_word' id='word_1_198' title='bbox 3327 1561 3490 1599; x_wconf 84' lang='lat' dir='ltr'><strong>unum</strong></span> 
     </span>
    </p>
   </div>
   <div class='ocr_carea' id='block_1_31' title="bbox 1918 1631 3502 1708">
    <p class='ocr_par' dir='ltr' id='par_1_31' title="bbox 1918 1631 3502 1708">
     <span class='ocr_line' id='line_1_31' title="bbox 1918 1631 3502 1708; baseline 0.001 -20"><span class='ocrx_word' id='word_1_199' title='bbox 1918 1649 2097 1688; x_wconf 81' lang='lat' dir='ltr'><strong>sumus</strong></span> <span class='ocrx_word' id='word_1_200' title='bbox 2123 1632 2171 1665; x_wconf 75' lang='lat'><strong>“</strong></span> <span class='ocrx_word' id='word_1_201' title='bbox 2202 1633 2289 1702; x_wconf 81' lang='lat' dir='ltr'><strong>(tt)</strong></span> <span class='ocrx_word' id='word_1_202' title='bbox 2324 1648 2340 1688; x_wconf 90' lang='lat'><strong>:</strong></span> <span class='ocrx_word' id='word_1_203' title='bbox 2373 1631 2542 1704; x_wconf 83' lang='lat' dir='ltr'><strong>gloria</strong></span> <span class='ocrx_word' id='word_1_204' title='bbox 2582 1647 2714 1687; x_wconf 84' lang='lat' dir='ltr'><strong>vero</strong></span> <span class='ocrx_word' id='word_1_205' title='bbox 2743 1633 3086 1705; x_wconf 86' lang='lat' dir='ltr'><strong>angelorum,</strong></span> <span class='ocrx_word' id='word_1_206' title='bbox 3119 1635 3286 1690; x_wconf 87' lang='lat' dir='ltr'><strong>etiam</strong></span> <span class='ocrx_word' id='word_1_207' title='bbox 3335 1636 3502 1708; x_wconf 84' lang='lat' dir='ltr'><strong>ipsius</strong></span> 
     </span>
    </p>
   </div>
   <div class='ocr_carea' id='block_1_32' title="bbox 1921 1724 2901 1788">
    <p class='ocr_par' dir='ltr' id='par_1_32' title="bbox 1921 1724 2901 1788">
     <span class='ocr_line' id='line_1_32' title="bbox 1921 1724 2901 1788; baseline -0.001 -7"><span class='ocrx_word' id='word_1_208' title='bbox 1921 1735 2042 1788; x_wconf 89' lang='lat' dir='ltr'><strong>est;</strong></span> <span class='ocrx_word' id='word_1_209' title='bbox 2078 1724 2343 1778; x_wconf 90' lang='lat' dir='ltr'><strong>Dominus</strong></span> <span class='ocrx_word' id='word_1_210' title='bbox 2374 1724 2520 1780; x_wconf 87' lang='lat' dir='ltr'><strong>enim</strong></span> <span class='ocrx_word' id='word_1_211' title='bbox 2555 1725 2769 1781; x_wconf 87' lang='lat' dir='ltr'><strong>illorum</strong></span> <span class='ocrx_word' id='word_1_212' title='bbox 2799 1735 2901 1782; x_wconf 88' lang='lat' dir='ltr'><strong>est.</strong></span> 
     </span>
    </p>
   </div>
   <div class='ocr_carea' id='block_1_33' title="bbox 1995 1811 3500 1875">
    <p class='ocr_par' dir='ltr' id='par_1_33' title="bbox 1995 1811 3500 1875">
     <span class='ocr_line' id='line_1_33' title="bbox 1995 1811 3500 1875; baseline 0.005 -9"><span class='ocrx_word' id='word_1_213' title='bbox 1995 1811 2145 1866; x_wconf 83' lang='lat' dir='ltr'><strong>Vers.</strong></span> <span class='ocrx_word' id='word_1_214' title='bbox 2172 1812 2262 1866; x_wconf 83' lang='grc'>27.</span> <span class='ocrx_word' id='word_1_215' title='bbox 2296 1811 2425 1866; x_wconf 87' lang='lat' dir='ltr'><strong>Dico</strong></span> <span class='ocrx_word' id='word_1_216' title='bbox 2455 1843 2519 1856; x_wconf 91' lang='lat'><strong>—-</strong></span> <span class='ocrx_word' id='word_1_217' title='bbox 2553 1812 2669 1868; x_wconf 91' lang='lat' dir='ltr'><strong>Dei.</strong></span> <span class='ocrx_word' id='word_1_218' title='bbox 2710 1815 2920 1870; x_wconf 88' lang='lat' dir='ltr'><strong>Dictum</strong></span> <span class='ocrx_word' id='word_1_219' title='bbox 2956 1817 3129 1873; x_wconf 88' lang='lat' dir='ltr'><strong>estde</strong></span> <span class='ocrx_word' id='word_1_220' title='bbox 3159 1819 3246 1875; x_wconf 88' lang='lat' dir='ltr'><strong>his</strong></span> <span class='ocrx_word' id='word_1_221' title='bbox 3310 1819 3362 1874; x_wconf 88' lang='lat' dir='ltr'><strong>in</strong></span> <span class='ocrx_word' id='word_1_222' title='bbox 3394 1819 3500 1875; x_wconf 73' lang='lat' dir='ltr'><strong>fine</strong></span> 
     </span>
    </p>
   </div>
   <div class='ocr_carea' id='block_1_34' title="bbox 220 1897 1809 1977">
    <p class='ocr_par' dir='ltr' id='par_1_34' title="bbox 220 1899 1809 1972">
     <span class='ocr_line' id='line_1_34' title="bbox 220 1899 1809 1972; baseline 0.003 -21"><span class='ocrx_word' id='word_1_223' title='bbox 220 1899 305 1970; x_wconf 80' lang='grc' dir='ltr'>τῷ</span> <span class='ocrx_word' id='word_1_224' title='bbox 331 1900 475 1954; x_wconf 77' lang='grc' dir='ltr'>τέλει</span> <span class='ocrx_word' id='word_1_225' title='bbox 500 1901 593 1953; x_wconf 78' lang='grc' dir='ltr'><strong>τοῦ</strong></span> <span class='ocrx_word' id='word_1_226' title='bbox 627 1899 959 1972; x_wconf 83' lang='grc' dir='ltr'>τριακοστοῢ</span> <span class='ocrx_word' id='word_1_227' title='bbox 999 1901 1186 1972; x_wconf 87' lang='grc' dir='ltr'>τρίτου</span> <span class='ocrx_word' id='word_1_228' title='bbox 1221 1900 1521 1970; x_wconf 80' lang='grc' dir='ltr'><strong>κεφαλαίου</strong></span> <span class='ocrx_word' id='word_1_229' title='bbox 1551 1901 1646 1955; x_wconf 80' lang='grc' dir='ltr'>τοῦ</span> <span class='ocrx_word' id='word_1_230' title='bbox 1668 1903 1809 1958; x_wconf 77' lang='grc' dir='ltr'>κατὰ</span> 
     </span>
    </p>
   </div>
   <div class='ocr_carea' id='block_1_35' title="bbox 1931 1897 3503 1977">
    <p class='ocr_par' dir='ltr' id='par_1_35' title="bbox 1931 1901 3503 1977">
     <span class='ocr_line' id='line_1_35' title="bbox 1931 1901 3503 1977; baseline 0.008 -23"><span class='ocrx_word' id='word_1_231' title='bbox 1931 1901 2191 1956; x_wconf 88' lang='lat' dir='ltr'><strong>trieesimi</strong></span> <span class='ocrx_word' id='word_1_232' title='bbox 2237 1903 2384 1958; x_wconf 87' lang='lat' dir='ltr'><strong>tertii</strong></span> <span class='ocrx_word' id='word_1_233' title='bbox 2447 1905 2644 1974; x_wconf 83' lang='lat' dir='ltr'><strong>capitis</strong></span> <span class='ocrx_word' id='word_1_234' title='bbox 2694 1906 2973 1977; x_wconf 75' lang='lat' dir='ltr'><strong>Evangelii</strong></span> <span class='ocrx_word' id='word_1_235' title='bbox 3015 1910 3318 1966; x_wconf 86' lang='lat' dir='ltr'><strong>secundum</strong></span> <span class='ocrx_word' id='word_1_236' title='bbox 3371 1910 3503 1966; x_wconf 69' lang='lat' dir='ltr'><strong>Mat~</strong></span> 
     </span>
    </p>
   </div>
   <div class='ocr_carea' id='block_1_36' title="bbox 223 1991 532 2051">
    <p class='ocr_par' dir='ltr' id='par_1_36' title="bbox 223 1991 532 2051">
     <span class='ocr_line' id='line_1_36' title="bbox 223 1991 532 2051; baseline 0.01 -3"><span class='ocrx_word' id='word_1_237' title='bbox 223 1991 532 2051; x_wconf 66' lang='grc' dir='ltr'>Βιατθαίον.</span> 
     </span>
    </p>
   </div>
   <div class='ocr_carea' id='block_1_37' title="bbox 251 2109 1782 2186">
    <p class='ocr_par' dir='ltr' id='par_1_37' title="bbox 251 2109 1782 2186">
     <span class='ocr_line' id='line_1_37' title="bbox 251 2109 1782 2186; baseline 0.004 -24"><span class='ocrx_word' id='word_1_238' title='bbox 251 2109 412 2164; x_wconf 76' lang='grc' dir='ltr'>ΚΕΦ.</span> <span class='ocrx_word' id='word_1_239' title='bbox 444 2114 522 2168; x_wconf 81' lang='lat' dir='ltr'><strong>A&#39;.</strong></span> <span class='ocrx_word' id='word_1_240' title='bbox 556 2115 693 2182; x_wconf 79' lang='grc' dir='ltr'>Περὶ</span> <span class='ocrx_word' id='word_1_241' title='bbox 728 2114 836 2182; x_wconf 85' lang='grc' dir='ltr'>τῆς</span> <span class='ocrx_word' id='word_1_242' title='bbox 865 2115 1380 2186; x_wconf 75' lang='grc' dir='ltr'><strong>μεταμορφώσεως</strong></span> <span class='ocrx_word' id='word_1_243' title='bbox 1407 2113 1512 2169; x_wconf 83' lang='grc' dir='ltr'>τοῦ</span> <span class='ocrx_word' id='word_1_244' title='bbox 1553 2111 1782 2182; x_wconf 83' lang='grc' dir='ltr'><strong>Ἰησοῦ.</strong></span> 
     </span>
    </p>
   </div>
   <div class='ocr_carea' id='block_1_38' title="bbox 309 2203 1457 2278">
    <p class='ocr_par' dir='ltr' id='par_1_38' title="bbox 309 2203 1457 2278">
     <span class='ocr_line' id='line_1_38' title="bbox 309 2203 1457 2278; baseline 0.004 -24"><span class='ocrx_word' id='word_1_245' title='bbox 309 2203 651 2271; x_wconf 72' lang='grc' dir='ltr'><strong>Ἐγένετο-ι</strong></span> <span class='ocrx_word' id='word_1_246' title='bbox 699 2206 874 2262; x_wconf 82' lang='grc' dir='ltr'>ὀκτώ.</span> <span class='ocrx_word' id='word_1_247' title='bbox 910 2206 1159 2277; x_wconf 83' lang='grc' dir='ltr'>Διῆλοον,</span> <span class='ocrx_word' id='word_1_248' title='bbox 1190 2207 1457 2278; x_wconf 80' lang='grc' dir='ltr'>δηλονότι.</span> 
     </span>
    </p>
   </div>
   <div class='ocr_carea' id='block_1_39' title="bbox 298 2392 1814 2471">
    <p class='ocr_par' dir='ltr' id='par_1_39' title="bbox 298 2392 1814 2471">
     <span class='ocr_line' id='line_1_39' title="bbox 298 2392 1814 2471; baseline 0.004 -23"><span class='ocrx_word' id='word_1_249' title='bbox 298 2392 407 2448; x_wconf 69' lang='grc' dir='ltr'><strong>Καὶ</strong></span> <span class='ocrx_word' id='word_1_250' title='bbox 443 2393 806 2462; x_wconf 74' lang='grc' dir='ltr'><strong>παραλαϐὼν</strong></span> <span class='ocrx_word' id='word_1_251' title='bbox 835 2424 907 2436; x_wconf 92' lang='grc'><strong>-</strong></span> <span class='ocrx_word' id='word_1_252' title='bbox 942 2395 1362 2466; x_wconf 68' lang='grc' dir='ltr'>Ἰερουσαλήμ.</span> <span class='ocrx_word' id='word_1_253' title='bbox 1410 2398 1546 2469; x_wconf 73' lang='grc' dir='ltr'>Περὶ</span> <span class='ocrx_word' id='word_1_254' title='bbox 1584 2400 1684 2470; x_wconf 83' lang='grc' dir='ltr'>τῆς</span> <span class='ocrx_word' id='word_1_255' title='bbox 1718 2417 1814 2471; x_wconf 87' lang='grc' dir='ltr'>με-</span> 
     </span>
    </p>
   </div>
   <div class='ocr_carea' id='block_1_40' title="bbox 225 2484 1814 2557">
    <p class='ocr_par' dir='ltr' id='par_1_40' title="bbox 225 2484 1814 2557">
     <span class='ocr_line' id='line_1_40' title="bbox 225 2484 1814 2557; baseline 0.003 -21"><span class='ocrx_word' id='word_1_256' title='bbox 225 2484 650 2556; x_wconf 82' lang='grc' dir='ltr'>ταμορφώσεως</span> <span class='ocrx_word' id='word_1_257' title='bbox 689 2484 898 2554; x_wconf 83' lang='grc' dir='ltr'><strong>ταύτης</strong></span> <span class='ocrx_word' id='word_1_258' title='bbox 920 2485 1304 2557; x_wconf 82' lang='grc' dir='ltr'>φανερώτερον</span> <span class='ocrx_word' id='word_1_259' title='bbox 1336 2485 1578 2556; x_wconf 77' lang='grc' dir='ltr'>ἔγραψεν</span> <span class='ocrx_word' id='word_1_260' title='bbox 1607 2488 1637 2540; x_wconf 92' lang='lat'><strong>6</strong></span> <span class='ocrx_word' id='word_1_261' title='bbox 1660 2489 1814 2541; x_wconf 84' lang='grc' dir='ltr'>Ματ-</span> 
     </span>
    </p>
   </div>
   <div class='ocr_carea' id='block_1_41' title="bbox 228 2576 1815 2650">
    <p class='ocr_par' dir='ltr' id='par_1_41' title="bbox 228 2576 1815 2650">
     <span class='ocr_line' id='line_1_41' title="bbox 228 2576 1815 2650; baseline 0.002 -20"><span class='ocrx_word' id='word_1_262' title='bbox 228 2576 382 2642; x_wconf 84' lang='grc' dir='ltr'><strong>Θαῖος</strong></span> <span class='ocrx_word' id='word_1_263' title='bbox 409 2580 467 2632; x_wconf 75' lang='grc' dir='ltr'>ὲν</span> <span class='ocrx_word' id='word_1_264' title='bbox 498 2577 575 2648; x_wconf 84' lang='grc' dir='ltr'>τῷ</span> <span class='ocrx_word' id='word_1_265' title='bbox 600 2577 915 2649; x_wconf 82' lang='grc' dir='ltr'>τριακοστῷ</span> <span class='ocrx_word' id='word_1_266' title='bbox 936 2579 1187 2649; x_wconf 79' lang='grc' dir='ltr'>τετάρτῳ</span> <span class='ocrx_word' id='word_1_267' title='bbox 1217 2578 1507 2650; x_wconf 82' lang='grc' dir='ltr'>κεφαλαίῳ</span> <span class='ocrx_word' id='word_1_268' title='bbox 1529 2579 1724 2643; x_wconf 79' lang='grc' dir='ltr'>αὐτοῦ,</span> <span class='ocrx_word' id='word_1_269' title='bbox 1757 2583 1815 2633; x_wconf 80' lang='grc' dir='ltr'>ὲν</span> 
     </span>
    </p>
   </div>
   <div class='ocr_carea' id='block_1_42' title="bbox 227 2660 1811 2743">
    <p class='ocr_par' dir='ltr' id='par_1_42' title="bbox 227 2660 1811 2743">
     <span class='ocr_line' id='line_1_42' title="bbox 227 2660 1811 2743; baseline 0.003 -23"><span class='ocrx_word' id='word_1_270' title='bbox 227 2660 276 2736; x_wconf 77' lang='grc' dir='ltr'>ᾧ</span> <span class='ocrx_word' id='word_1_271' title='bbox 325 2669 420 2721; x_wconf 77' lang='grc' dir='ltr'>καὶ</span> <span class='ocrx_word' id='word_1_272' title='bbox 458 2667 630 2723; x_wconf 82' lang='grc' dir='ltr'>ταῦτα</span> <span class='ocrx_word' id='word_1_273' title='bbox 678 2671 823 2724; x_wconf 76' lang='grc' dir='ltr'>κατὰ</span> <span class='ocrx_word' id='word_1_274' title='bbox 858 2671 1017 2738; x_wconf 85' lang='grc' dir='ltr'>λόγον</span> <span class='ocrx_word' id='word_1_275' title='bbox 1073 2670 1528 2742; x_wconf 75' lang='grc' dir='ltr'>ἡρμηνεύθησαν.</span> <span class='ocrx_word' id='word_1_276' title='bbox 1561 2673 1811 2743; x_wconf 88' lang='grc' dir='ltr'>Προσευ-</span> 
     </span>
    </p>
   </div>
   <div class='ocr_carea' id='block_1_43' title="bbox 226 2761 1815 2836">
    <p class='ocr_par' dir='ltr' id='par_1_43' title="bbox 226 2761 1815 2836">
     <span class='ocr_line' id='line_1_43' title="bbox 226 2761 1815 2836; baseline 0.003 -22"><span class='ocrx_word' id='word_1_277' title='bbox 226 2761 458 2833; x_wconf 82' lang='grc' dir='ltr'>χὸμενος</span> <span class='ocrx_word' id='word_1_278' title='bbox 478 2763 536 2817; x_wconf 70' lang='grc' dir='ltr'><strong>δὲ</strong></span> <span class='ocrx_word' id='word_1_279' title='bbox 570 2762 992 2834; x_wconf 81' lang='grc' dir='ltr'>μετεμορφώθη,</span> <span class='ocrx_word' id='word_1_280' title='bbox 1029 2764 1118 2820; x_wconf 82' lang='grc' dir='ltr'>ἶνα</span> <span class='ocrx_word' id='word_1_281' title='bbox 1144 2767 1427 2836; x_wconf 76' lang='grc' dir='ltr'><strong>μάθωμεν,</strong></span> <span class='ocrx_word' id='word_1_282' title='bbox 1461 2766 1544 2818; x_wconf 84' lang='grc' dir='ltr'>ὅτι</span> <span class='ocrx_word' id='word_1_283' title='bbox 1577 2765 1610 2836; x_wconf 76' lang='grc' dir='ltr'><strong>ἡ</strong></span> <span class='ocrx_word' id='word_1_284' title='bbox 1639 2782 1815 2836; x_wconf 84' lang='grc' dir='ltr'>προσ-</span> 
     </span>
    </p>
   </div>
   <div class='ocr_carea' id='block_1_44' title="bbox 227 2855 1817 2931">
    <p class='ocr_par' dir='ltr' id='par_1_44' title="bbox 227 2855 1817 2931">
     <span class='ocr_line' id='line_1_44' title="bbox 227 2855 1817 2931; baseline -0.015 -3"><span class='ocrx_word' id='word_1_285' title='bbox 227 2855 366 2926; x_wconf 79' lang='grc' dir='ltr'>ευκὴ</span> <span class='ocrx_word' id='word_1_286' title='bbox 434 2858 782 2924; x_wconf 80' lang='grc' dir='ltr'>μεταμορφοῖ</span> <span class='ocrx_word' id='word_1_287' title='bbox 815 2858 910 2910; x_wconf 76' lang='grc' dir='ltr'>καὶ</span> <span class='ocrx_word' id='word_1_288' title='bbox 940 2857 1256 2929; x_wconf 81' lang='grc' dir='ltr'>λαμπρύνει</span> <span class='ocrx_word' id='word_1_289' title='bbox 1286 2858 1378 2912; x_wconf 78' lang='grc' dir='ltr'>τὸν</span> <span class='ocrx_word' id='word_1_290' title='bbox 1399 2857 1709 2931; x_wconf 76' lang='grc' dir='ltr'>ἄνθρωπον,</span> <span class='ocrx_word' id='word_1_291' title='bbox 1740 2859 1817 2922; x_wconf 82' lang='grc' dir='ltr'>ὡς</span> 
     </span>
    </p>
   </div>
   <div class='ocr_carea' id='block_1_45' title="bbox 230 2947 684 3018">
    <p class='ocr_par' dir='ltr' id='par_1_45' title="bbox 230 2947 684 3018">
     <span class='ocr_line' id='line_1_45' title="bbox 230 2947 684 3018; baseline 0 0"><span class='ocrx_word' id='word_1_292' title='bbox 230 2947 363 3018; x_wconf 72' lang='grc' dir='ltr'><strong>χρὴ»</strong></span> <span class='ocrx_word' id='word_1_293' title='bbox 394 2948 684 3018; x_wconf 78' lang='grc' dir='ltr'>γινομένηο</span> 
     </span>
    </p>
   </div>
   <div class='ocr_carea' id='block_1_46' title="bbox 317 3037 1816 3111">
    <p class='ocr_par' dir='ltr' id='par_1_46' title="bbox 317 3037 1816 3111">
     <span class='ocr_line' id='line_1_46' title="bbox 317 3037 1816 3111; baseline 0.001 -19"><span class='ocrx_word' id='word_1_294' title='bbox 317 3040 381 3092; x_wconf 90' lang='lat'><strong>&#39;0</strong></span> <span class='ocrx_word' id='word_1_295' title='bbox 411 3037 482 3092; x_wconf 77' lang='grc' dir='ltr'><strong>δὲ</strong></span> <span class='ocrx_word' id='word_1_296' title='bbox 520 3041 746 3108; x_wconf 79' lang='grc' dir='ltr'>Πέτρος</span> <span class='ocrx_word' id='word_1_297' title='bbox 774 3070 844 3079; x_wconf 84' lang='lat'><strong>——</strong></span> <span class='ocrx_word' id='word_1_298' title='bbox 878 3037 1059 3106; x_wconf 78' lang='grc' dir='ltr'>αὐτῷ.</span> <span class='ocrx_word' id='word_1_299' title='bbox 1109 3041 1254 3094; x_wconf 80' lang='grc' dir='ltr'>Ἐκεῖ</span> <span class='ocrx_word' id='word_1_300' title='bbox 1287 3041 1379 3096; x_wconf 73' lang='grc' dir='ltr'>καὶ</span> <span class='ocrx_word' id='word_1_301' title='bbox 1425 3041 1556 3111; x_wconf 76' lang='grc' dir='ltr'>περὶ</span> <span class='ocrx_word' id='word_1_302' title='bbox 1605 3040 1816 3094; x_wconf 81' lang='grc' dir='ltr'>τούτων</span> 
     </span>
    </p>
   </div>
   <div class='ocr_carea' id='block_1_47' title="bbox 225 3129 1426 3203">
    <p class='ocr_par' dir='ltr' id='par_1_47' title="bbox 225 3129 1426 3203">
     <span class='ocr_line' id='line_1_47' title="bbox 225 3129 1426 3203; baseline 0.002 -20"><span class='ocrx_word' id='word_1_303' title='bbox 225 3129 460 3202; x_wconf 70' lang='grc' dir='ltr'><strong>ιῤῥήθη.</strong></span> <span class='ocrx_word' id='word_1_304' title='bbox 493 3130 662 3196; x_wconf 76' lang='grc' dir='ltr'>Δόξαν</span> <span class='ocrx_word' id='word_1_305' title='bbox 691 3130 745 3184; x_wconf 82' lang='grc' dir='ltr'><strong>δὲ</strong></span> <span class='ocrx_word' id='word_1_306' title='bbox 775 3132 885 3185; x_wconf 85' lang='grc' dir='ltr'>νόει</span> <span class='ocrx_word' id='word_1_307' title='bbox 919 3133 1018 3202; x_wconf 84' lang='grc' dir='ltr'>τὴν</span> <span class='ocrx_word' id='word_1_308' title='bbox 1047 3133 1426 3203; x_wconf 72' lang='grc' dir='ltr'>λαμπρότητα.</span> 
     </span>
    </p>
   </div>
   <div class='ocr_carea' id='block_1_48' title="bbox 1915 1996 2138 2051">
    <p class='ocr_par' dir='ltr' id='par_1_48' title="bbox 1915 1996 2138 2051">
     <span class='ocr_line' id='line_1_48' title="bbox 1915 1996 2138 2051; baseline 0.004 -3"><span class='ocrx_word' id='word_1_309' title='bbox 1915 1996 2138 2051; x_wconf 70' lang='grc' dir='ltr'>ιὶιαιιιιη.</span> 
     </span>
    </p>
   </div>
   <div class='ocr_carea' id='block_1_49' title="bbox 2195 2111 3200 2187">
    <p class='ocr_par' dir='ltr' id='par_1_49' title="bbox 2195 2111 3200 2187">
     <span class='ocr_line' id='line_1_49' title="bbox 2195 2111 3200 2187; baseline 0.006 -20"><span class='ocrx_word' id='word_1_310' title='bbox 2195 2111 2352 2168; x_wconf 83' lang='lat' dir='ltr'><strong>CAP.</strong></span> <span class='ocrx_word' id='word_1_311' title='bbox 2392 2112 2564 2170; x_wconf 76' lang='lat' dir='ltr'><strong>XXX.</strong></span> <span class='ocrx_word' id='word_1_312' title='bbox 2625 2113 2698 2169; x_wconf 87' lang='lat' dir='ltr'><strong>De</strong></span> <span class='ocrx_word' id='word_1_313' title='bbox 2743 2117 3200 2187; x_wconf 67' lang='lat' dir='ltr'><strong>tumlormatione.</strong></span> 
     </span>
    </p>
   </div>
   <div class='ocr_carea' id='block_1_50' title="bbox 1984 2199 3498 2278">
    <p class='ocr_par' dir='ltr' id='par_1_50' title="bbox 1984 2199 3498 2278">
     <span class='ocr_line' id='line_1_50' title="bbox 1984 2199 3498 2278; baseline 0.005 -21"><span class='ocrx_word' id='word_1_314' title='bbox 1984 2200 2140 2257; x_wconf 77' lang='lat' dir='ltr'><strong>Vers.</strong></span> <span class='ocrx_word' id='word_1_315' title='bbox 2165 2201 2254 2257; x_wconf 87' lang='grc'><strong>28.</strong></span> <span class='ocrx_word' id='word_1_316' title='bbox 2290 2199 2516 2258; x_wconf 81' lang='lat' dir='ltr'><strong>Factum</strong></span> <span class='ocrx_word' id='word_1_317' title='bbox 2547 2211 2624 2258; x_wconf 82' lang='lat' dir='ltr'><strong>est</strong></span> <span class='ocrx_word' id='word_1_318' title='bbox 2651 2233 2719 2245; x_wconf 82' lang='lat'><strong>—-</strong></span> <span class='ocrx_word' id='word_1_319' title='bbox 2749 2213 2882 2261; x_wconf 80' lang='lat' dir='ltr'><strong>octo.</strong></span> <span class='ocrx_word' id='word_1_320' title='bbox 2920 2206 3183 2262; x_wconf 82' lang='lat' dir='ltr'><strong>Videlicet</strong></span> <span class='ocrx_word' id='word_1_321' title='bbox 3216 2217 3498 2278; x_wconf 81' lang='lat' dir='ltr'><strong>pertrans-</strong></span> 
     </span>
    </p>
   </div>
   <div class='ocr_carea' id='block_1_51' title="bbox 1917 2293 2124 2349">
    <p class='ocr_par' dir='ltr' id='par_1_51' title="bbox 1917 2293 2124 2349">
     <span class='ocr_line' id='line_1_51' title="bbox 1917 2293 2124 2349; baseline 0 -2"><span class='ocrx_word' id='word_1_322' title='bbox 1917 2293 2124 2349; x_wconf 84' lang='lat' dir='ltr'><strong>ierunt.</strong></span> 
     </span>
    </p>
   </div>
   <div class='ocr_carea' id='block_1_52' title="bbox 1991 2409 3503 2486">
    <p class='ocr_par' dir='ltr' id='par_1_52' title="bbox 1991 2409 3503 2486">
     <span class='ocr_line' id='line_1_52' title="bbox 1991 2409 3503 2486; baseline 0.006 -24"><span class='ocrx_word' id='word_1_323' title='bbox 1991 2409 2146 2466; x_wconf 80' lang='lat' dir='ltr'><strong>Vers.</strong></span> <span class='ocrx_word' id='word_1_324' title='bbox 2197 2410 2289 2465; x_wconf 85' lang='grc'>28.</span> <span class='ocrx_word' id='word_1_325' title='bbox 2336 2411 2726 2483; x_wconf 78' lang='lat' dir='ltr'><strong>Assumpsit—</strong></span> <span class='ocrx_word' id='word_1_326' title='bbox 2757 2412 2912 2469; x_wconf 80' lang='lat' dir='ltr'><strong>Vers.</strong></span> <span class='ocrx_word' id='word_1_327' title='bbox 2949 2414 3042 2470; x_wconf 75' lang='lat'><strong>3|.</strong></span> <span class='ocrx_word' id='word_1_328' title='bbox 3099 2414 3503 2486; x_wconf 81' lang='lat' dir='ltr'><strong>Hierosolymis.</strong></span> 
     </span>
    </p>
   </div>
   <div class='ocr_carea' id='block_1_53' title="bbox 1919 2500 3501 2577">
    <p class='ocr_par' dir='ltr' id='par_1_53' title="bbox 1919 2500 3501 2577">
     <span class='ocr_line' id='line_1_53' title="bbox 1919 2500 3501 2577; baseline 0.005 -23"><span class='ocrx_word' id='word_1_329' title='bbox 1919 2500 1994 2556; x_wconf 91' lang='lat' dir='ltr'><strong>De</strong></span> <span class='ocrx_word' id='word_1_330' title='bbox 2030 2502 2131 2556; x_wconf 92' lang='lat' dir='ltr'><strong>hac</strong></span> <span class='ocrx_word' id='word_1_331' title='bbox 2172 2501 2662 2559; x_wconf 82' lang='lat' dir='ltr'><strong>transformatione</strong></span> <span class='ocrx_word' id='word_1_332' title='bbox 2701 2504 3045 2562; x_wconf 82' lang='lat' dir='ltr'><strong>manifestius</strong></span> <span class='ocrx_word' id='word_1_333' title='bbox 3093 2507 3315 2577; x_wconf 87' lang='lat' dir='ltr'><strong>scripsit</strong></span> <span class='ocrx_word' id='word_1_334' title='bbox 3363 2507 3501 2562; x_wconf 77' lang='lat' dir='ltr'><strong>Mat-</strong></span> 
     </span>
    </p>
   </div>
   <div class='ocr_carea' id='block_1_54' title="bbox 1921 2594 3508 2668">
    <p class='ocr_par' dir='ltr' id='par_1_54' title="bbox 1921 2594 3508 2668">
     <span class='ocr_line' id='line_1_54' title="bbox 1921 2594 3508 2668; baseline 0.003 -20"><span class='ocrx_word' id='word_1_335' title='bbox 1921 2594 2407 2650; x_wconf 84' lang='lat' dir='ltr'><strong>thacustrieesimo</strong></span> <span class='ocrx_word' id='word_1_336' title='bbox 2458 2606 2655 2666; x_wconf 90' lang='lat' dir='ltr'><strong>quarto</strong></span> <span class='ocrx_word' id='word_1_337' title='bbox 2698 2595 2783 2651; x_wconf 90' lang='lat' dir='ltr'><strong>sui</strong></span> <span class='ocrx_word' id='word_1_338' title='bbox 2843 2595 3122 2668; x_wconf 79' lang='lat' dir='ltr'><strong>Evangelii</strong></span> <span class='ocrx_word' id='word_1_339' title='bbox 3185 2600 3384 2668; x_wconf 86' lang='lat' dir='ltr'><strong>capite,</strong></span> <span class='ocrx_word' id='word_1_340' title='bbox 3451 2599 3508 2653; x_wconf 90' lang='lat' dir='ltr'><strong>in</strong></span> 
     </span>
    </p>
   </div>
   <div class='ocr_carea' id='block_1_55' title="bbox 1919 2687 3508 2756">
    <p class='ocr_par' dir='ltr' id='par_1_55' title="bbox 1919 2687 3508 2756">
     <span class='ocr_line' id='line_1_55' title="bbox 1919 2687 3508 2756; baseline 0.003 -16"><span class='ocrx_word' id='word_1_341' title='bbox 1919 2701 2028 2756; x_wconf 90' lang='lat' dir='ltr'><strong>quo</strong></span> <span class='ocrx_word' id='word_1_342' title='bbox 2064 2687 2231 2740; x_wconf 82' lang='lat' dir='ltr'><strong>etiam</strong></span> <span class='ocrx_word' id='word_1_343' title='bbox 2270 2687 2388 2743; x_wconf 64' lang='lat' dir='ltr'><strong>bare</strong></span> <span class='ocrx_word' id='word_1_344' title='bbox 2417 2687 2487 2743; x_wconf 86' lang='lat' dir='ltr'><strong>ad</strong></span> <span class='ocrx_word' id='word_1_345' title='bbox 2536 2689 2764 2744; x_wconf 86' lang='lat' dir='ltr'><strong>verbum</strong></span> <span class='ocrx_word' id='word_1_346' title='bbox 2801 2689 3074 2745; x_wconf 88' lang='lat' dir='ltr'><strong>declarata</strong></span> <span class='ocrx_word' id='word_1_347' title='bbox 3134 2699 3284 2746; x_wconf 87' lang='lat' dir='ltr'><strong>sunt.</strong></span> <span class='ocrx_word' id='word_1_348' title='bbox 3328 2690 3508 2746; x_wconf 87' lang='lat' dir='ltr'><strong>Orans</strong></span> 
     </span>
    </p>
   </div>
   <div class='ocr_carea' id='block_1_56' title="bbox 1921 2777 3511 2852">
    <p class='ocr_par' dir='ltr' id='par_1_56' title="bbox 1921 2777 3511 2852">
     <span class='ocr_line' id='line_1_56' title="bbox 1921 2777 3511 2852; baseline 0.004 -21"><span class='ocrx_word' id='word_1_349' title='bbox 1921 2787 2106 2832; x_wconf 90' lang='lat' dir='ltr'><strong>autem</strong></span> <span class='ocrx_word' id='word_1_350' title='bbox 2135 2777 2559 2835; x_wconf 82' lang='lat' dir='ltr'><strong>transformatus</strong></span> <span class='ocrx_word' id='word_1_351' title='bbox 2597 2794 2699 2845; x_wconf 75' lang='grc' dir='ltr'>εει,</span> <span class='ocrx_word' id='word_1_352' title='bbox 2734 2788 2794 2835; x_wconf 83' lang='grc' dir='ltr'><strong>ιιι</strong></span> <span class='ocrx_word' id='word_1_353' title='bbox 2825 2780 3122 2844; x_wconf 86' lang='lat' dir='ltr'><strong>discamus,</strong></span> <span class='ocrx_word' id='word_1_354' title='bbox 3158 2782 3303 2852; x_wconf 89' lang='lat' dir='ltr'><strong>quod</strong></span> <span class='ocrx_word' id='word_1_355' title='bbox 3334 2785 3511 2838; x_wconf 89' lang='lat' dir='ltr'><strong>oratio</strong></span> 
     </span>
    </p>
   </div>
   <div class='ocr_carea' id='block_1_57' title="bbox 1928 2867 3504 2944">
    <p class='ocr_par' dir='ltr' id='par_1_57' title="bbox 1928 2867 3504 2944">
     <span class='ocr_line' id='line_1_57' title="bbox 1928 2867 3504 2944; baseline 0.005 -21"><span class='ocrx_word' id='word_1_356' title='bbox 1928 2867 2281 2923; x_wconf 79' lang='lat' dir='ltr'><strong>transformat</strong></span> <span class='ocrx_word' id='word_1_357' title='bbox 2316 2885 2378 2925; x_wconf 88' lang='lat' dir='ltr'><strong>ac</strong></span> <span class='ocrx_word' id='word_1_358' title='bbox 2406 2870 2640 2926; x_wconf 86' lang='lat' dir='ltr'><strong>illustrat</strong></span> <span class='ocrx_word' id='word_1_359' title='bbox 2671 2871 2977 2937; x_wconf 83' lang='lat' dir='ltr'><strong>hominem,</strong></span> <span class='ocrx_word' id='word_1_360' title='bbox 3007 2872 3054 2927; x_wconf 89' lang='lat' dir='ltr'><strong>si</strong></span> <span class='ocrx_word' id='word_1_361' title='bbox 3083 2873 3177 2927; x_wconf 85' lang='lat' dir='ltr'><strong>ﬁat</strong></span> <span class='ocrx_word' id='word_1_362' title='bbox 3234 2876 3504 2944; x_wconf 86' lang='lat' dir='ltr'><strong>quemad-</strong></span> 
     </span>
    </p>
   </div>
   <div class='ocr_carea' id='block_1_58' title="bbox 1920 2962 2414 3030">
    <p class='ocr_par' dir='ltr' id='par_1_58' title="bbox 1920 2962 2414 3030">
     <span class='ocr_line' id='line_1_58' title="bbox 1920 2962 2414 3030; baseline 0.004 -16"><span class='ocrx_word' id='word_1_363' title='bbox 1920 2962 2140 3015; x_wconf 86' lang='lat' dir='ltr'><strong>modum</strong></span> <span class='ocrx_word' id='word_1_364' title='bbox 2173 2970 2414 3030; x_wconf 88' lang='lat' dir='ltr'><strong>oportet.</strong></span> 
     </span>
    </p>
   </div>
   <div class='ocr_carea' id='block_1_59' title="bbox 1991 3047 3510 3111">
    <p class='ocr_par' dir='ltr' id='par_1_59' title="bbox 1991 3047 3510 3111">
     <span class='ocr_line' id='line_1_59' title="bbox 1991 3047 3510 3111; baseline 0.005 -8"><span class='ocrx_word' id='word_1_365' title='bbox 1991 3047 2149 3106; x_wconf 83' lang='lat' dir='ltr'><strong>Vers.</strong></span> <span class='ocrx_word' id='word_1_366' title='bbox 2184 3049 2273 3103; x_wconf 77' lang='grc'>52.</span> <span class='ocrx_word' id='word_1_367' title='bbox 2316 3049 2509 3104; x_wconf 82' lang='lat' dir='ltr'><strong>Petrus</strong></span> <span class='ocrx_word' id='word_1_368' title='bbox 2541 3067 2752 3105; x_wconf 81' lang='lat' dir='ltr'><strong>vero—</strong></span> <span class='ocrx_word' id='word_1_369' title='bbox 2782 3052 2895 3107; x_wconf 85' lang='lat' dir='ltr'><strong>illo.</strong></span> <span class='ocrx_word' id='word_1_370' title='bbox 2945 3053 3024 3107; x_wconf 85' lang='lat' dir='ltr'><strong>Ibi</strong></span> <span class='ocrx_word' id='word_1_371' title='bbox 3077 3055 3241 3109; x_wconf 87' lang='lat' dir='ltr'><strong>etiam</strong></span> <span class='ocrx_word' id='word_1_372' title='bbox 3297 3055 3366 3110; x_wconf 87' lang='lat' dir='ltr'><strong>de</strong></span> <span class='ocrx_word' id='word_1_373' title='bbox 3426 3057 3510 3111; x_wconf 76' lang='lat' dir='ltr'><strong>bis</strong></span> 
     </span>
    </p>
   </div>
   <div class='ocr_carea' id='block_1_60' title="bbox 1925 3135 3480 3213">
    <p class='ocr_par' dir='ltr' id='par_1_60' title="bbox 1925 3135 3480 3213">
     <span class='ocr_line' id='line_1_60' title="bbox 1925 3135 3480 3213; baseline 0.005 -22"><span class='ocrx_word' id='word_1_374' title='bbox 1925 3137 2132 3192; x_wconf 86' lang='lat' dir='ltr'><strong>dictum</strong></span> <span class='ocrx_word' id='word_1_375' title='bbox 2182 3145 2288 3192; x_wconf 91' lang='lat' dir='ltr'><strong>est.</strong></span> <span class='ocrx_word' id='word_1_376' title='bbox 2340 3135 2579 3193; x_wconf 87' lang='lat' dir='ltr'><strong>Gloriam</strong></span> <span class='ocrx_word' id='word_1_377' title='bbox 2629 3155 2760 3194; x_wconf 89' lang='lat' dir='ltr'><strong>vero</strong></span> <span class='ocrx_word' id='word_1_378' title='bbox 2803 3140 3050 3211; x_wconf 87' lang='lat' dir='ltr'><strong>intellige</strong></span> <span class='ocrx_word' id='word_1_379' title='bbox 3103 3144 3480 3213; x_wconf 85' lang='lat' dir='ltr'><strong>splendorem.</strong></span> 
     </span>
    </p>
   </div>
   <div class='ocr_carea' id='block_1_61' title="bbox 297 3225 1809 3299">
    <p class='ocr_par' dir='ltr' id='par_1_61' title="bbox 297 3225 1809 3296">
     <span class='ocr_line' id='line_1_61' title="bbox 297 3225 1809 3296; baseline -0.001 -15"><span class='ocrx_word' id='word_1_380' title='bbox 297 3226 409 3282; x_wconf 72' lang='grc' dir='ltr'><strong>Καὶ</strong></span> <span class='ocrx_word' id='word_1_381' title='bbox 441 3225 681 3296; x_wconf 71' lang='grc' dir='ltr'>ἐγένετο</span> <span class='ocrx_word' id='word_1_382' title='bbox 705 3255 776 3266; x_wconf 95' lang='grc'><strong><em>-</em></strong></span> <span class='ocrx_word' id='word_1_383' title='bbox 799 3225 1089 3295; x_wconf 66' lang='grc' dir='ltr'><strong>νεφέλην.</strong></span> <span class='ocrx_word' id='word_1_384' title='bbox 1117 3225 1360 3296; x_wconf 83' lang='grc' dir='ltr'>Μωῦσῆς</span> <span class='ocrx_word' id='word_1_385' title='bbox 1389 3225 1488 3296; x_wconf 74' lang='grc' dir='ltr'>μὲν</span> <span class='ocrx_word' id='word_1_386' title='bbox 1507 3226 1603 3280; x_wconf 74' lang='grc' dir='ltr'>καὶ</span> <span class='ocrx_word' id='word_1_387' title='bbox 1633 3225 1809 3289; x_wconf 81' lang='grc' dir='ltr'>Ἠλίας</span> 
     </span>
    </p>
   </div>
   <div class='ocr_carea' id='block_1_62' title="bbox 1931 3225 3510 3299">
    <p class='ocr_par' dir='ltr' id='par_1_62' title="bbox 1991 3225 3510 3289">
     <span class='ocr_line' id='line_1_62' title="bbox 1991 3225 3510 3289; baseline 0.005 -8"><span class='ocrx_word' id='word_1_388' title='bbox 1991 3226 2148 3281; x_wconf 87' lang='lat' dir='ltr'><strong>Vers.</strong></span> <span class='ocrx_word' id='word_1_389' title='bbox 2180 3225 2270 3285; x_wconf 77' lang='lat'><strong>33.</strong></span> <span class='ocrx_word' id='word_1_390' title='bbox 2298 3225 2521 3280; x_wconf 81' lang='lat' dir='ltr'><strong>Factum</strong></span> <span class='ocrx_word' id='word_1_391' title='bbox 2555 3238 2628 3282; x_wconf 75' lang='lat' dir='ltr'><strong>est</strong></span> <span class='ocrx_word' id='word_1_392' title='bbox 2657 3258 2728 3269; x_wconf 88' lang='lat'><strong>—-</strong></span> <span class='ocrx_word' id='word_1_393' title='bbox 2753 3230 2908 3285; x_wconf 75' lang='lat' dir='ltr'><strong>Vers.</strong></span> <span class='ocrx_word' id='word_1_394' title='bbox 2952 3231 3042 3286; x_wconf 71' lang='grc'><strong>34.</strong></span> <span class='ocrx_word' id='word_1_395' title='bbox 3078 3233 3291 3287; x_wconf 83' lang='lat' dir='ltr'><strong>nubem.</strong></span> <span class='ocrx_word' id='word_1_396' title='bbox 3327 3231 3510 3289; x_wconf 81' lang='lat' dir='ltr'><strong>Moses</strong></span> 
     </span>
    </p>
   </div>
   <div class='ocr_carea' id='block_1_63' title="bbox 224 3317 1812 3392">
    <p class='ocr_par' dir='ltr' id='par_1_63' title="bbox 224 3317 1812 3392">
     <span class='ocr_line' id='line_1_63' title="bbox 224 3317 1812 3392; baseline -0.002 -19"><span class='ocrx_word' id='word_1_397' title='bbox 224 3319 480 3390; x_wconf 82' lang='grc' dir='ltr'>εἰσῆλθον</span> <span class='ocrx_word' id='word_1_398' title='bbox 510 3321 592 3385; x_wconf 79' lang='grc' dir='ltr'><strong>είς</strong></span> <span class='ocrx_word' id='word_1_399' title='bbox 619 3318 680 3374; x_wconf 83' lang='grc' dir='ltr'>τὸ</span> <span class='ocrx_word' id='word_1_400' title='bbox 707 3320 887 3392; x_wconf 77' lang='grc' dir='ltr'>πάχος</span> <span class='ocrx_word' id='word_1_401' title='bbox 913 3318 1014 3392; x_wconf 81' lang='grc' dir='ltr'>τῆς</span> <span class='ocrx_word' id='word_1_402' title='bbox 1071 3317 1327 3388; x_wconf 75' lang='grc' dir='ltr'>νεφέλης,</span> <span class='ocrx_word' id='word_1_403' title='bbox 1362 3317 1812 3388; x_wconf 80' lang='grc' dir='ltr'>ἀπαχθησόμενοι</span> 
     </span>
    </p>
   </div>
   <div class='ocr_carea' id='block_1_64' title="bbox 224 3410 1814 3486">
    <p class='ocr_par' dir='ltr' id='par_1_64' title="bbox 224 3410 1814 3486">
     <span class='ocr_line' id='line_1_64' title="bbox 224 3410 1814 3486; baseline -0.003 -18"><span class='ocrx_word' id='word_1_404' title='bbox 224 3415 448 3477; x_wconf 84' lang='grc' dir='ltr'>πάντως</span> <span class='ocrx_word' id='word_1_405' title='bbox 502 3415 583 3479; x_wconf 77' lang='grc' dir='ltr'>εἰς</span> <span class='ocrx_word' id='word_1_406' title='bbox 618 3417 741 3479; x_wconf 81' lang='grc' dir='ltr'>τοὺς</span> <span class='ocrx_word' id='word_1_407' title='bbox 800 3416 1222 3486; x_wconf 80' lang='grc' dir='ltr'>ἀφωρισμένους</span> <span class='ocrx_word' id='word_1_408' title='bbox 1285 3412 1470 3476; x_wconf 70' lang='grc' dir='ltr'>αὐτοῖς</span> <span class='ocrx_word' id='word_1_409' title='bbox 1501 3410 1723 3476; x_wconf 77' lang='grc' dir='ltr'>τόπουςο</span> <span class='ocrx_word' id='word_1_410' title='bbox 1763 3410 1814 3464; x_wconf 88' lang='grc' dir='ltr'>οῑ</span> 
     </span>
    </p>
   </div>
   <div class='ocr_carea' id='block_1_65' title="bbox 228 3505 1814 3578">
    <p class='ocr_par' dir='ltr' id='par_1_65' title="bbox 228 3505 1814 3578">
     <span class='ocr_line' id='line_1_65' title="bbox 228 3505 1814 3578; baseline -0.001 -16"><span class='ocrx_word' id='word_1_411' title='bbox 228 3508 473 3578; x_wconf 77' lang='grc' dir='ltr'>μαθηταὶ</span> <span class='ocrx_word' id='word_1_412' title='bbox 517 3508 598 3570; x_wconf 79' lang='grc' dir='ltr'><strong>δὲ,</strong></span> <span class='ocrx_word' id='word_1_413' title='bbox 650 3509 801 3571; x_wconf 75' lang='grc' dir='ltr'>ὄντες</span> <span class='ocrx_word' id='word_1_414' title='bbox 838 3509 940 3577; x_wconf 83' lang='grc' dir='ltr'>μὲν</span> <span class='ocrx_word' id='word_1_415' title='bbox 977 3507 1202 3575; x_wconf 72' lang='grc' dir='ltr'>ἔκφοϐοι</span> <span class='ocrx_word' id='word_1_416' title='bbox 1243 3507 1337 3559; x_wconf 69' lang='grc' dir='ltr'>καὶ</span> <span class='ocrx_word' id='word_1_417' title='bbox 1386 3505 1474 3560; x_wconf 78' lang='grc' dir='ltr'>διὰ</span> <span class='ocrx_word' id='word_1_418' title='bbox 1507 3507 1606 3576; x_wconf 81' lang='grc' dir='ltr'>τὴν</span> <span class='ocrx_word' id='word_1_419' title='bbox 1645 3523 1814 3577; x_wconf 87' lang='grc' dir='ltr'>μετα-</span> 
     </span>
    </p>
   </div>
   <div class='ocr_carea' id='block_1_66' title="bbox 243 3595 1813 3672">
    <p class='ocr_par' dir='ltr' id='par_1_66' title="bbox 243 3595 1813 3672">
     <span class='ocr_line' id='line_1_66' title="bbox 243 3595 1813 3672; baseline -0.002 -18"><span class='ocrx_word' id='word_1_420' title='bbox 243 3601 529 3672; x_wconf 87' lang='grc' dir='ltr'>μὸρφωσιν</span> <span class='ocrx_word' id='word_1_421' title='bbox 562 3599 656 3654; x_wconf 82' lang='grc' dir='ltr'>τοῦ</span> <span class='ocrx_word' id='word_1_422' title='bbox 684 3600 979 3665; x_wconf 83' lang='grc' dir='ltr'>Δεσπότου,</span> <span class='ocrx_word' id='word_1_423' title='bbox 1014 3599 1198 3663; x_wconf 71' lang='grc' dir='ltr'>καθὼς</span> <span class='ocrx_word' id='word_1_424' title='bbox 1227 3595 1346 3652; x_wconf 77' lang='grc' dir='ltr'>εἷπε</span> <span class='ocrx_word' id='word_1_425' title='bbox 1387 3599 1642 3668; x_wconf 84' lang='grc' dir='ltr'>Μάρκος,</span> <span class='ocrx_word' id='word_1_426' title='bbox 1687 3598 1813 3652; x_wconf 83' lang='grc' dir='ltr'>Θεα-</span> 
     </span>
    </p>
   </div>
   <div class='ocr_carea' id='block_1_67' title="bbox 225 3690 1814 3765">
    <p class='ocr_par' dir='ltr' id='par_1_67' title="bbox 225 3690 1814 3765">
     <span class='ocr_line' id='line_1_67' title="bbox 225 3690 1814 3765; baseline -0.002 -16"><span class='ocrx_word' id='word_1_427' title='bbox 225 3694 456 3765; x_wconf 79' lang='grc' dir='ltr'>σάμενοι</span> <span class='ocrx_word' id='word_1_428' title='bbox 488 3693 544 3746; x_wconf 76' lang='grc' dir='ltr'><strong>δὶ</strong></span> <span class='ocrx_word' id='word_1_429' title='bbox 586 3691 684 3747; x_wconf 83' lang='grc' dir='ltr'>καὶ</span> <span class='ocrx_word' id='word_1_430' title='bbox 731 3691 958 3756; x_wconf 83' lang='grc' dir='ltr'>τούτους</span> <span class='ocrx_word' id='word_1_431' title='bbox 1004 3691 1180 3756; x_wconf 80' lang='grc' dir='ltr'>οὕτως</span> <span class='ocrx_word' id='word_1_432' title='bbox 1239 3690 1537 3762; x_wconf 78' lang='grc' dir='ltr'>ὑπερφυῶς</span> <span class='ocrx_word' id='word_1_433' title='bbox 1568 3690 1814 3761; x_wconf 82' lang='grc' dir='ltr'>ἀναλαμ-</span> 
     </span>
    </p>
   </div>
   <div class='ocr_carea' id='block_1_68' title="bbox 223 3785 1238 3858">
    <p class='ocr_par' dir='ltr' id='par_1_68' title="bbox 223 3785 1238 3858">
     <span class='ocr_line' id='line_1_68' title="bbox 223 3785 1238 3858; baseline -0.004 -16"><span class='ocrx_word' id='word_1_434' title='bbox 223 3787 581 3858; x_wconf 78' lang='grc' dir='ltr'>6ανομένους,</span> <span class='ocrx_word' id='word_1_435' title='bbox 618 3786 975 3857; x_wconf 70' lang='grc' dir='ltr'>ἐφοεήθησαν</span> <span class='ocrx_word' id='word_1_436' title='bbox 1011 3785 1238 3855; x_wconf 75' lang='grc' dir='ltr'>μᾶλλον.</span> 
     </span>
    </p>
   </div>
   <div class='ocr_carea' id='block_1_69' title="bbox 295 3875 1812 3950">
    <p class='ocr_par' dir='ltr' id='par_1_69' title="bbox 295 3875 1812 3950">
     <span class='ocr_line' id='line_1_69' title="bbox 295 3875 1812 3950; baseline -0.004 -15"><span class='ocrx_word' id='word_1_437' title='bbox 295 3879 402 3938; x_wconf 72' lang='lat' dir='ltr'><strong>Kal</strong></span> <span class='ocrx_word' id='word_1_438' title='bbox 431 3879 600 3950; x_wconf 71' lang='grc' dir='ltr'>φωνὴ</span> <span class='ocrx_word' id='word_1_439' title='bbox 628 3909 697 3920; x_wconf 92' lang='lat'><strong>—-</strong></span> <span class='ocrx_word' id='word_1_440' title='bbox 716 3879 926 3949; x_wconf 78' lang='grc' dir='ltr'>μόνος.</span> <span class='ocrx_word' id='word_1_441' title='bbox 971 3879 1060 3932; x_wconf 86' lang='grc' dir='ltr'>Ἐν</span> <span class='ocrx_word' id='word_1_442' title='bbox 1091 3877 1168 3950; x_wconf 81' lang='grc' dir='ltr'>τῷ</span> <span class='ocrx_word' id='word_1_443' title='bbox 1205 3876 1502 3948; x_wconf 82' lang='grc' dir='ltr'>δηλωθέντι</span> <span class='ocrx_word' id='word_1_444' title='bbox 1531 3875 1812 3947; x_wconf 79' lang='grc' dir='ltr'>κεφαλαίῳ</span> 
     </span>
    </p>
   </div>
   <div class='ocr_carea' id='block_1_70' title="bbox 221 3965 1810 4039">
    <p class='ocr_par' dir='ltr' id='par_1_70' title="bbox 221 3965 1810 4039">
     <span class='ocr_line' id='line_1_70' title="bbox 221 3965 1810 4039; baseline -0.008 -10"><span class='ocrx_word' id='word_1_445' title='bbox 221 3973 320 4029; x_wconf 79' lang='grc' dir='ltr'>τοῦ</span> <span class='ocrx_word' id='word_1_446' title='bbox 360 3974 502 4027; x_wconf 70' lang='grc' dir='ltr'>κατὰ</span> <span class='ocrx_word' id='word_1_447' title='bbox 551 3972 836 4027; x_wconf 82' lang='grc' dir='ltr'>Ματθαῖον</span> <span class='ocrx_word' id='word_1_448' title='bbox 895 3970 992 4024; x_wconf 77' lang='grc' dir='ltr'>καὶ</span> <span class='ocrx_word' id='word_1_449' title='bbox 1022 3968 1151 4039; x_wconf 69' lang='grc' dir='ltr'>περὶ</span> <span class='ocrx_word' id='word_1_450' title='bbox 1182 3967 1390 4021; x_wconf 82' lang='grc' dir='ltr'>τούτων</span> <span class='ocrx_word' id='word_1_451' title='bbox 1421 3965 1663 4036; x_wconf 80' lang='grc' dir='ltr'><strong>ὲξηγήθη</strong></span> <span class='ocrx_word' id='word_1_452' title='bbox 1720 3965 1810 4017; x_wconf 81' lang='grc' dir='ltr'>λε-</span> 
     </span>
    </p>
   </div>
   <div class='ocr_carea' id='block_1_71' title="bbox 223 4057 1810 4139">
    <p class='ocr_par' dir='ltr' id='par_1_71' title="bbox 223 4057 1810 4139">
     <span class='ocr_line' id='line_1_71' title="bbox 223 4057 1810 4139; baseline -0.014 -8"><span class='ocrx_word' id='word_1_453' title='bbox 223 4066 542 4139; x_wconf 80' lang='grc' dir='ltr'>πτομερῶς.</span> <span class='ocrx_word' id='word_1_454' title='bbox 589 4067 656 4117; x_wconf 76' lang='grc' dir='ltr'><strong>’Δ</strong></span> <span class='ocrx_word' id='word_1_455' title='bbox 721 4064 819 4134; x_wconf 85' lang='grc' dir='ltr'>μὲν</span> <span class='ocrx_word' id='word_1_456' title='bbox 849 4058 944 4117; x_wconf 75' lang='grc' dir='ltr'>οὖν</span> <span class='ocrx_word' id='word_1_457' title='bbox 976 4061 1089 4133; x_wconf 82' lang='grc'><strong>(57)</strong></span> <span class='ocrx_word' id='word_1_458' title='bbox 1153 4060 1406 4132; x_wconf 83' lang='grc' dir='ltr'>παρῆκεν</span> <span class='ocrx_word' id='word_1_459' title='bbox 1451 4061 1478 4112; x_wconf 97' lang='lat'><strong>6</strong></span> <span class='ocrx_word' id='word_1_460' title='bbox 1508 4057 1810 4124; x_wconf 81' lang='grc' dir='ltr'>Ματθαῖος,</span> 
     </span>
    </p>
   </div>
   <div class='ocr_carea' id='block_1_72' title="bbox 221 4150 1812 4228">
    <p class='ocr_par' dir='ltr' id='par_1_72' title="bbox 221 4150 1812 4228">
     <span class='ocr_line' id='line_1_72' title="bbox 221 4150 1812 4228; baseline -0.008 -13"><span class='ocrx_word' id='word_1_461' title='bbox 221 4162 439 4228; x_wconf 64' lang='grc' dir='ltr'>ἐξεῖπεν</span> <span class='ocrx_word' id='word_1_462' title='bbox 463 4162 490 4213; x_wconf 91' lang='lat'><strong>6</strong></span> <span class='ocrx_word' id='word_1_463' title='bbox 514 4158 750 4221; x_wconf 79' lang='grc' dir='ltr'>Λουκᾶς·</span> <span class='ocrx_word' id='word_1_464' title='bbox 779 4155 816 4211; x_wconf 74' lang='grc' dir='ltr'>ἃ.</span> <span class='ocrx_word' id='word_1_465' title='bbox 840 4155 915 4209; x_wconf 64' lang='grc' dir='ltr'><strong>»δὲ</strong></span> <span class='ocrx_word' id='word_1_466' title='bbox 959 4154 1309 4226; x_wconf 74' lang='grc' dir='ltr'>παρέδραμεν</span> <span class='ocrx_word' id='word_1_467' title='bbox 1341 4156 1368 4208; x_wconf 80' lang='grc' dir='ltr'><strong><em>ὁ</em></strong></span> <span class='ocrx_word' id='word_1_468' title='bbox 1397 4153 1636 4215; x_wconf 75' lang='grc' dir='ltr'>Λουκᾶς,</span> <span class='ocrx_word' id='word_1_469' title='bbox 1669 4150 1812 4204; x_wconf 73' lang='grc' dir='ltr'>ἱστό-</span> 
     </span>
    </p>
   </div>
   <div class='ocr_carea' id='block_1_73' title="bbox 225 4249 788 4326">
    <p class='ocr_par' dir='ltr' id='par_1_73' title="bbox 225 4249 788 4326">
     <span class='ocr_line' id='line_1_73' title="bbox 225 4249 788 4326; baseline -0.002 -20"><span class='ocrx_word' id='word_1_470' title='bbox 225 4270 392 4326; x_wconf 80' lang='grc' dir='ltr'>ρησεν</span> <span class='ocrx_word' id='word_1_471' title='bbox 427 4253 455 4304; x_wconf 91' lang='lat'><strong>6</strong></span> <span class='ocrx_word' id='word_1_472' title='bbox 485 4249 788 4312; x_wconf 72' lang='grc' dir='ltr'>Ματῡαῖος.</span> 
     </span>
    </p>
   </div>
   <div class='ocr_carea' id='block_1_74' title="bbox 294 4337 1808 4414">
    <p class='ocr_par' dir='ltr' id='par_1_74' title="bbox 294 4337 1808 4414">
     <span class='ocr_line' id='line_1_74' title="bbox 294 4337 1808 4414; baseline -0.008 -10"><span class='ocrx_word' id='word_1_473' title='bbox 294 4345 402 4404; x_wconf 70' lang='grc' dir='ltr'><strong>Καὶ</strong></span> <span class='ocrx_word' id='word_1_474' title='bbox 430 4346 600 4402; x_wconf 70' lang='grc' dir='ltr'>αὐτοὶ</span> <span class='ocrx_word' id='word_1_475' title='bbox 636 4375 705 4386; x_wconf 84' lang='lat'><strong>-—-</strong></span> <span class='ocrx_word' id='word_1_476' title='bbox 732 4341 1094 4412; x_wconf 73' lang='grc' dir='ltr'>ἑωράκασιν.</span> <span class='ocrx_word' id='word_1_477' title='bbox 1133 4337 1268 4394; x_wconf 65' lang='lat' dir='ltr'><strong>Eine</strong></span> <span class='ocrx_word' id='word_1_478' title='bbox 1303 4339 1414 4414; x_wconf 72' lang='grc' dir='ltr'><strong>γὰρ</strong></span> <span class='ocrx_word' id='word_1_479' title='bbox 1452 4341 1479 4393; x_wconf 94' lang='lat'><strong>6</strong></span> <span class='ocrx_word' id='word_1_480' title='bbox 1505 4338 1808 4402; x_wconf 81' lang='grc' dir='ltr'>Ματθαῖος·</span> 
     </span>
    </p>
   </div>
   <div class='ocr_carea' id='block_1_75' title="bbox 220 4432 1812 4504">
    <p class='ocr_par' dir='ltr' id='par_1_75' title="bbox 220 4432 1812 4504">
     <span class='ocr_line' id='line_1_75' title="bbox 220 4432 1812 4504; baseline -0.009 -6"><span class='ocrx_word' id='word_1_481' title='bbox 220 4446 305 4498; x_wconf 78' lang='grc' dir='ltr'>ὅτι</span> <span class='ocrx_word' id='word_1_482' title='bbox 337 4441 779 4497; x_wconf 76' lang='grc' dir='ltr'>καταϐαινόντων</span> <span class='ocrx_word' id='word_1_483' title='bbox 822 4435 1003 4490; x_wconf 78' lang='grc' dir='ltr'>αὐτῶν</span> <span class='ocrx_word' id='word_1_484' title='bbox 1037 4435 1145 4490; x_wconf 71' lang='grc' dir='ltr'>ἀπὸ</span> <span class='ocrx_word' id='word_1_485' title='bbox 1201 4434 1316 4504; x_wconf 83' lang='grc'><strong>(58)</strong></span> <span class='ocrx_word' id='word_1_486' title='bbox 1351 4433 1447 4486; x_wconf 82' lang='grc' dir='ltr'><strong>τοῦ</strong></span> <span class='ocrx_word' id='word_1_487' title='bbox 1480 4432 1663 4503; x_wconf 75' lang='grc' dir='ltr'>ὅρους,</span> <span class='ocrx_word' id='word_1_488' title='bbox 1723 4433 1812 4485; x_wconf 81' lang='grc' dir='ltr'><strong>ὲν-</strong></span> 
     </span>
    </p>
   </div>
   <div class='ocr_carea' id='block_1_76' title="bbox 221 4523 1806 4598">
    <p class='ocr_par' dir='ltr' id='par_1_76' title="bbox 221 4523 1806 4598">
     <span class='ocr_line' id='line_1_76' title="bbox 221 4523 1806 4598; baseline -0.008 -10"><span class='ocrx_word' id='word_1_489' title='bbox 221 4533 476 4588; x_wconf 82' lang='grc' dir='ltr'>ετειλατο</span> <span class='ocrx_word' id='word_1_490' title='bbox 531 4532 714 4591; x_wconf 80' lang='grc' dir='ltr'>αὐτοῖς</span> <span class='ocrx_word' id='word_1_491' title='bbox 749 4531 776 4583; x_wconf 93' lang='lat'><strong>6</strong></span> <span class='ocrx_word' id='word_1_492' title='bbox 822 4526 1034 4598; x_wconf 83' lang='grc' dir='ltr'>Ἰησοῦς</span> <span class='ocrx_word' id='word_1_493' title='bbox 1073 4527 1273 4594; x_wconf 77' lang='grc' dir='ltr'>λέγων’</span> <span class='ocrx_word' id='word_1_494' title='bbox 1329 4523 1554 4591; x_wconf 72' lang='grc' dir='ltr'><strong>Μηδενὶ</strong></span> <span class='ocrx_word' id='word_1_495' title='bbox 1595 4523 1806 4590; x_wconf 79' lang='grc' dir='ltr'>εἴπητε</span> 
     </span>
    </p>
   </div>
   <div class='ocr_carea' id='block_1_77' title="bbox 219 4590 1888 4697">
    <p class='ocr_par' dir='ltr' id='par_1_77' title="bbox 219 4590 1888 4697">
     <span class='ocr_line' id='line_1_77' title="bbox 219 4590 1888 4697; baseline -0.008 -15"><span class='ocrx_word' id='word_1_496' title='bbox 219 4629 287 4682; x_wconf 82' lang='grc' dir='ltr'>τὸ</span> <span class='ocrx_word' id='word_1_497' title='bbox 327 4629 584 4697; x_wconf 60' lang='lat' dir='ltr'><strong>&quot;Opima.</strong></span> <span class='ocrx_word' id='word_1_498' title='bbox 623 4622 735 4688; x_wconf 80' lang='grc' dir='ltr'>ἕως</span> <span class='ocrx_word' id='word_1_499' title='bbox 785 4617 858 4678; x_wconf 82' lang='grc' dir='ltr'>οὗ</span> <span class='ocrx_word' id='word_1_500' title='bbox 887 4590 950 4675; x_wconf 43' lang='grc' dir='ltr'><strong>’ό</strong></span> <span class='ocrx_word' id='word_1_501' title='bbox 1013 4590 1162 4685; x_wconf 61' lang='grc' dir='ltr'><strong>Ὑιὸξ</strong></span> <span class='ocrx_word' id='word_1_502' title='bbox 1211 4618 1318 4673; x_wconf 85' lang='grc' dir='ltr'>τοῦ</span> <span class='ocrx_word' id='word_1_503' title='bbox 1381 4615 1697 4686; x_wconf 72' lang='grc' dir='ltr'>ἀνθρώπου</span> <span class='ocrx_word' id='word_1_504' title='bbox 1741 4615 1809 4669; x_wconf 83' lang='grc' dir='ltr'>ἐκ</span> <span class='ocrx_word' id='word_1_505' title='bbox 1846 4590 1888 4644; x_wconf 73' lang='grc' dir='ltr'>θ</span> 
     </span>
    </p>
   </div>
   <div class='ocr_carea' id='block_1_78' title="bbox 217 4709 1808 4787">
    <p class='ocr_par' dir='ltr' id='par_1_78' title="bbox 217 4709 1808 4787">
     <span class='ocr_line' id='line_1_78' title="bbox 217 4709 1808 4787; baseline -0.009 -14"><span class='ocrx_word' id='word_1_506' title='bbox 217 4720 452 4787; x_wconf 71' lang='grc' dir='ltr'>νεκρῶν</span> <span class='ocrx_word' id='word_1_507' title='bbox 509 4713 786 4785; x_wconf 70' lang='grc' dir='ltr'><em>ἀναστῇο</em></span> <span class='ocrx_word' id='word_1_508' title='bbox 831 4714 925 4766; x_wconf 75' lang='grc' dir='ltr'>καὶ</span> <span class='ocrx_word' id='word_1_509' title='bbox 956 4711 1234 4782; x_wconf 79' lang='grc' dir='ltr'>ἀνάγνωθι</span> <span class='ocrx_word' id='word_1_510' title='bbox 1261 4710 1360 4782; x_wconf 81' lang='grc' dir='ltr'>τὴν</span> <span class='ocrx_word' id='word_1_511' title='bbox 1389 4709 1600 4764; x_wconf 82' lang='grc' dir='ltr'>τούτων</span> <span class='ocrx_word' id='word_1_512' title='bbox 1629 4709 1808 4779; x_wconf 74' lang='grc' dir='ltr'>ἑρμη-</span> 
     </span>
    </p>
   </div>
   <div class='ocr_carea' id='block_1_79' title="bbox 219 4811 555 4865">
    <p class='ocr_par' dir='ltr' id='par_1_79' title="bbox 219 4811 555 4865">
     <span class='ocr_line' id='line_1_79' title="bbox 219 4811 555 4865; baseline 0 0"><span class='ocrx_word' id='word_1_513' title='bbox 219 4811 371 4865; x_wconf 74' lang='grc' dir='ltr'>νείαν</span> <span class='ocrx_word' id='word_1_514' title='bbox 419 4813 555 4865; x_wconf 77' lang='grc' dir='ltr'>ἐκεῖ.</span> 
     </span>
    </p>
   </div>
   <div class='ocr_carea' id='block_1_80' title="bbox 399 4919 1626 4994">
    <p class='ocr_par' dir='ltr' id='par_1_80' title="bbox 399 4919 1626 4994">
     <span class='ocr_line' id='line_1_80' title="bbox 399 4919 1626 4994; baseline -0.002 -19"><span class='ocrx_word' id='word_1_515' title='bbox 399 4922 556 4977; x_wconf 79' lang='grc' dir='ltr'>ΚΕΦ.</span> <span class='ocrx_word' id='word_1_516' title='bbox 590 4924 720 4979; x_wconf 86' lang='grc' dir='ltr'><strong>ΛΑ’.</strong></span> <span class='ocrx_word' id='word_1_517' title='bbox 787 4927 923 4994; x_wconf 76' lang='grc' dir='ltr'>Περὶ</span> <span class='ocrx_word' id='word_1_518' title='bbox 954 4923 1064 4980; x_wconf 82' lang='grc' dir='ltr'>τοῦ</span> <span class='ocrx_word' id='word_1_519' title='bbox 1096 4919 1626 4989; x_wconf 75' lang='grc' dir='ltr'>σεληνιαζομένου.</span> 
     </span>
    </p>
   </div>
   <div class='ocr_carea' id='block_1_81' title="bbox 323 5011 1809 5088">
    <p class='ocr_par' dir='ltr' id='par_1_81' title="bbox 323 5011 1809 5088">
     <span class='ocr_line' id='line_1_81' title="bbox 323 5011 1809 5088; baseline -0.017 0"><span class='ocrx_word' id='word_1_520' title='bbox 323 5017 596 5087; x_wconf 78' lang='grc' dir='ltr'>Ἐγένετο</span> <span class='ocrx_word' id='word_1_521' title='bbox 638 5049 708 5058; x_wconf 92' lang='lat'><strong>--</strong></span> <span class='ocrx_word' id='word_1_522' title='bbox 756 5019 1182 5088; x_wconf 74' lang='grc' dir='ltr'><strong>ἠδυνήθησαν.</strong></span> <span class='ocrx_word' id='word_1_523' title='bbox 1243 5017 1348 5070; x_wconf 76' lang='grc' dir='ltr'><strong>Τὸν</strong></span> <span class='ocrx_word' id='word_1_524' title='bbox 1399 5015 1569 5072; x_wconf 76' lang='grc' dir='ltr'>παῖδα</span> <span class='ocrx_word' id='word_1_525' title='bbox 1615 5011 1809 5065; x_wconf 75' lang='grc' dir='ltr'>τοῦτον</span> 
     </span>
    </p>
   </div>
   <div class='ocr_carea' id='block_1_82' title="bbox 325 5155 809 5223">
    <p class='ocr_par' dir='ltr' id='par_1_82' title="bbox 325 5155 809 5223">
     <span class='ocr_line' id='line_1_82' title="bbox 325 5155 809 5223; baseline -0.004 -11"><span class='ocrx_word' id='word_1_526' title='bbox 325 5159 372 5190; x_wconf 67' lang='grc' dir='ltr'><strong>’δ</strong></span> <span class='ocrx_word' id='word_1_527' title='bbox 405 5155 604 5214; x_wconf 81' lang='lat' dir='ltr'><strong>Joann.</strong></span> <span class='ocrx_word' id='word_1_528' title='bbox 636 5175 690 5223; x_wconf 73' lang='grc' dir='ltr'><strong>κ,</strong></span> <span class='ocrx_word' id='word_1_529' title='bbox 720 5159 809 5214; x_wconf 78' lang='grc'><strong>50.</strong></span> 
     </span>
    </p>
   </div>
   <div class='ocr_carea' id='block_1_83' title="bbox 1918 3314 3508 3396">
    <p class='ocr_par' dir='ltr' id='par_1_83' title="bbox 1918 3314 3508 3396">
     <span class='ocr_line' id='line_1_83' title="bbox 1918 3314 3508 3396; baseline 0.012 -31"><span class='ocrx_word' id='word_1_530' title='bbox 1918 3314 2141 3383; x_wconf 89' lang='lat' dir='ltr'><strong>quidem</strong></span> <span class='ocrx_word' id='word_1_531' title='bbox 2175 3323 2228 3368; x_wconf 92' lang='lat' dir='ltr'><strong>et</strong></span> <span class='ocrx_word' id='word_1_532' title='bbox 2263 3314 2408 3369; x_wconf 84' lang='lat' dir='ltr'><strong>Eiias</strong></span> <span class='ocrx_word' id='word_1_533' title='bbox 2440 3315 2777 3374; x_wconf 83' lang='lat' dir='ltr'><strong>intraverant</strong></span> <span class='ocrx_word' id='word_1_534' title='bbox 2809 3318 2862 3377; x_wconf 89' lang='lat' dir='ltr'><strong>in</strong></span> <span class='ocrx_word' id='word_1_535' title='bbox 2895 3320 3310 3396; x_wconf 80' lang='lat' dir='ltr'><strong>spissitudinem</strong></span> <span class='ocrx_word' id='word_1_536' title='bbox 3345 3324 3508 3384; x_wconf 72' lang='lat' dir='ltr'><strong>nubis</strong></span> 
     </span>
    </p>
   </div>
   <div class='ocr_carea' id='block_1_84' title="bbox 1916 3405 3507 3489">
    <p class='ocr_par' dir='ltr' id='par_1_84' title="bbox 1916 3405 3507 3489">
     <span class='ocr_line' id='line_1_84' title="bbox 1916 3405 3507 3489; baseline 0.009 -30"><span class='ocrx_word' id='word_1_537' title='bbox 1916 3405 1982 3460; x_wconf 85' lang='lat' dir='ltr'><strong>ad</strong></span> <span class='ocrx_word' id='word_1_538' title='bbox 2012 3405 2129 3465; x_wconf 84' lang='lat' dir='ltr'><strong>loca</strong></span> <span class='ocrx_word' id='word_1_539' title='bbox 2175 3406 2400 3467; x_wconf 85' lang='lat' dir='ltr'><strong>omnino</strong></span> <span class='ocrx_word' id='word_1_540' title='bbox 2426 3407 2572 3468; x_wconf 88' lang='lat' dir='ltr'><strong>inter</strong></span> <span class='ocrx_word' id='word_1_541' title='bbox 2610 3428 2670 3469; x_wconf 86' lang='lat' dir='ltr'><strong>se</strong></span> <span class='ocrx_word' id='word_1_542' title='bbox 2700 3425 2955 3485; x_wconf 89' lang='lat' dir='ltr'><strong>separata</strong></span> <span class='ocrx_word' id='word_1_543' title='bbox 3003 3415 3122 3488; x_wconf 84' lang='lat' dir='ltr'><strong>(uu)</strong></span> <span class='ocrx_word' id='word_1_544' title='bbox 3169 3431 3186 3471; x_wconf 88' lang='lat'><strong>:</strong></span> <span class='ocrx_word' id='word_1_545' title='bbox 3249 3417 3507 3489; x_wconf 72' lang='lat' dir='ltr'><strong>discipuli</strong></span> 
     </span>
    </p>
   </div>
   <div class='ocr_carea' id='block_1_85' title="bbox 1916 3503 3506 3576">
    <p class='ocr_par' dir='ltr' id='par_1_85' title="bbox 1916 3503 3506 3576">
     <span class='ocr_line' id='line_1_85' title="bbox 1916 3503 3506 3576; baseline 0.008 -22"><span class='ocrx_word' id='word_1_546' title='bbox 1916 3515 2069 3569; x_wconf 88' lang='lat' dir='ltr'><strong>vero,</strong></span> <span class='ocrx_word' id='word_1_547' title='bbox 2104 3517 2226 3557; x_wconf 89' lang='lat' dir='ltr'><strong>cum</strong></span> <span class='ocrx_word' id='word_1_548' title='bbox 2263 3504 2429 3558; x_wconf 87' lang='lat' dir='ltr'><strong>etiam</strong></span> <span class='ocrx_word' id='word_1_549' title='bbox 2459 3516 2684 3576; x_wconf 88' lang='lat' dir='ltr'><strong>propter</strong></span> <span class='ocrx_word' id='word_1_550' title='bbox 2710 3503 2925 3563; x_wconf 89' lang='lat' dir='ltr'><strong>Domini</strong></span> <span class='ocrx_word' id='word_1_551' title='bbox 2959 3508 3506 3567; x_wconf 76' lang='lat' dir='ltr'><strong>transformationem</strong></span> 
     </span>
    </p>
   </div>
   <div class='ocr_carea' id='block_1_86' title="bbox 1919 3596 3509 3668">
    <p class='ocr_par' dir='ltr' id='par_1_86' title="bbox 1919 3596 3509 3668">
     <span class='ocr_line' id='line_1_86' title="bbox 1919 3596 3509 3668; baseline 0.005 -20"><span class='ocrx_word' id='word_1_552' title='bbox 1919 3604 2109 3649; x_wconf 88' lang='lat' dir='ltr'><strong>essent</strong></span> <span class='ocrx_word' id='word_1_553' title='bbox 2169 3596 2443 3662; x_wconf 90' lang='lat' dir='ltr'><strong>exterriti,</strong></span> <span class='ocrx_word' id='word_1_554' title='bbox 2476 3598 2646 3654; x_wconf 90' lang='lat' dir='ltr'><strong>veluti</strong></span> <span class='ocrx_word' id='word_1_555' title='bbox 2687 3599 2826 3656; x_wconf 83' lang='lat' dir='ltr'><strong>dixit</strong></span> <span class='ocrx_word' id='word_1_556' title='bbox 2880 3599 3093 3656; x_wconf 86' lang='lat' dir='ltr'><strong>Marcus</strong></span> <span class='ocrx_word' id='word_1_557' title='bbox 3122 3602 3212 3668; x_wconf 83' lang='lat'><strong>&quot;;</strong></span> <span class='ocrx_word' id='word_1_558' title='bbox 3256 3602 3509 3658; x_wconf 85' lang='lat' dir='ltr'><strong>videntes</strong></span> 
     </span>
    </p>
   </div>
   <div class='ocr_carea' id='block_1_87' title="bbox 1917 3689 3503 3766">
    <p class='ocr_par' dir='ltr' id='par_1_87' title="bbox 1917 3689 3503 3766">
     <span class='ocr_line' id='line_1_87' title="bbox 1917 3689 3503 3766; baseline 0.005 -24"><span class='ocrx_word' id='word_1_559' title='bbox 1917 3689 2104 3752; x_wconf 84' lang='lat' dir='ltr'><strong>etiam,</strong></span> <span class='ocrx_word' id='word_1_560' title='bbox 2131 3689 2279 3759; x_wconf 87' lang='lat' dir='ltr'><strong>quod</strong></span> <span class='ocrx_word' id='word_1_561' title='bbox 2313 3690 2417 3746; x_wconf 92' lang='lat' dir='ltr'><strong>boc</strong></span> <span class='ocrx_word' id='word_1_562' title='bbox 2450 3691 2614 3747; x_wconf 90' lang='lat' dir='ltr'><strong>modo</strong></span> <span class='ocrx_word' id='word_1_563' title='bbox 2646 3692 2752 3763; x_wconf 88' lang='lat' dir='ltr'><strong>ipsi</strong></span> <span class='ocrx_word' id='word_1_564' title='bbox 2786 3691 2894 3766; x_wconf 83' lang='lat' dir='ltr'><strong>(vv)</strong></span> <span class='ocrx_word' id='word_1_565' title='bbox 2927 3695 3426 3765; x_wconf 84' lang='lat' dir='ltr'><strong>supernaturaliter</strong></span> <span class='ocrx_word' id='word_1_566' title='bbox 3451 3697 3503 3750; x_wconf 91' lang='lat' dir='ltr'><strong>in</strong></span> 
     </span>
    </p>
   </div>
   <div class='ocr_carea' id='block_1_88' title="bbox 1915 3780 3177 3852">
    <p class='ocr_par' dir='ltr' id='par_1_88' title="bbox 1915 3780 3177 3852">
     <span class='ocr_line' id='line_1_88' title="bbox 1915 3780 3177 3852; baseline 0.006 -18"><span class='ocrx_word' id='word_1_567' title='bbox 1915 3780 2120 3835; x_wconf 90' lang='lat' dir='ltr'><strong>nubem</strong></span> <span class='ocrx_word' id='word_1_568' title='bbox 2155 3782 2550 3852; x_wconf 88' lang='lat' dir='ltr'><strong>reciperentur,</strong></span> <span class='ocrx_word' id='word_1_569' title='bbox 2585 3785 2820 3841; x_wconf 78' lang='lat' dir='ltr'><strong>maxime</strong></span> <span class='ocrx_word' id='word_1_570' title='bbox 2850 3786 3177 3842; x_wconf 90' lang='lat' dir='ltr'><strong>timuerunt.</strong></span> 
     </span>
    </p>
   </div>
   <div class='ocr_carea' id='block_1_89' title="bbox 1990 3872 3502 3945">
    <p class='ocr_par' dir='ltr' id='par_1_89' title="bbox 1990 3872 3502 3945">
     <span class='ocr_line' id='line_1_89' title="bbox 1990 3872 3502 3945; baseline 0.005 -19"><span class='ocrx_word' id='word_1_571' title='bbox 1990 3872 2141 3928; x_wconf 81' lang='lat' dir='ltr'><strong>Vers.</strong></span> <span class='ocrx_word' id='word_1_572' title='bbox 2176 3875 2264 3930; x_wconf 82' lang='lat'><strong>55.</strong></span> <span class='ocrx_word' id='word_1_573' title='bbox 2322 3874 2390 3929; x_wconf 87' lang='lat' dir='ltr'><strong>Et</strong></span> <span class='ocrx_word' id='word_1_574' title='bbox 2423 3891 2521 3930; x_wconf 72' lang='lat' dir='ltr'><strong>vos:</strong></span> <span class='ocrx_word' id='word_1_575' title='bbox 2545 3906 2617 3943; x_wconf 67' lang='grc' dir='ltr'><strong>-τ</strong></span> <span class='ocrx_word' id='word_1_576' title='bbox 2648 3877 2806 3933; x_wconf 80' lang='lat' dir='ltr'><strong>Vers.</strong></span> <span class='ocrx_word' id='word_1_577' title='bbox 2859 3877 2948 3932; x_wconf 76' lang='lat'><strong>56.</strong></span> <span class='ocrx_word' id='word_1_578' title='bbox 2992 3879 3155 3934; x_wconf 80' lang='lat' dir='ltr'><strong>solus.</strong></span> <span class='ocrx_word' id='word_1_579' title='bbox 3227 3877 3502 3945; x_wconf 65' lang='lat' dir='ltr'><strong>Praedicta</strong></span> 
     </span>
    </p>
   </div>
   <div class='ocr_carea' id='block_1_90' title="bbox 1916 3967 3498 4039">
    <p class='ocr_par' dir='ltr' id='par_1_90' title="bbox 1916 3967 3498 4039">
     <span class='ocr_line' id='line_1_90' title="bbox 1916 3967 3498 4039; baseline 0.003 -17"><span class='ocrx_word' id='word_1_580' title='bbox 1916 3968 2098 4037; x_wconf 88' lang='lat' dir='ltr'><strong>capite</strong></span> <span class='ocrx_word' id='word_1_581' title='bbox 2152 3967 2433 4039; x_wconf 86' lang='lat' dir='ltr'><strong>Evangelii</strong></span> <span class='ocrx_word' id='word_1_582' title='bbox 2487 3969 2790 4025; x_wconf 88' lang='lat' dir='ltr'><strong>secundum</strong></span> <span class='ocrx_word' id='word_1_583' title='bbox 2854 3969 3171 4025; x_wconf 71' lang='lat' dir='ltr'><strong>Mattbazum</strong></span> <span class='ocrx_word' id='word_1_584' title='bbox 3222 3972 3498 4027; x_wconf 83' lang='lat' dir='ltr'><strong>subtiliter</strong></span> 
     </span>
    </p>
   </div>
   <div class='ocr_carea' id='block_1_91' title="bbox 1916 4062 3505 4135">
    <p class='ocr_par' dir='ltr' id='par_1_91' title="bbox 1916 4062 3505 4135">
     <span class='ocr_line' id='line_1_91' title="bbox 1916 4062 3505 4135; baseline 0.001 -17"><span class='ocrx_word' id='word_1_585' title='bbox 1916 4063 1982 4118; x_wconf 87' lang='lat' dir='ltr'><strong>de</strong></span> <span class='ocrx_word' id='word_1_586' title='bbox 2015 4063 2099 4118; x_wconf 88' lang='lat' dir='ltr'><strong>bis</strong></span> <span class='ocrx_word' id='word_1_587' title='bbox 2148 4062 2481 4133; x_wconf 86' lang='lat' dir='ltr'><strong>disputatum</strong></span> <span class='ocrx_word' id='word_1_588' title='bbox 2540 4072 2646 4121; x_wconf 84' lang='lat' dir='ltr'><strong>est.</strong></span> <span class='ocrx_word' id='word_1_589' title='bbox 2689 4063 2824 4131; x_wconf 77' lang='lat' dir='ltr'><strong>Qua:</strong></span> <span class='ocrx_word' id='word_1_590' title='bbox 2870 4079 3000 4135; x_wconf 84' lang='lat' dir='ltr'><strong>ergo</strong></span> <span class='ocrx_word' id='word_1_591' title='bbox 3049 4065 3316 4134; x_wconf 68' lang='lat' dir='ltr'><strong>prmteriit</strong></span> <span class='ocrx_word' id='word_1_592' title='bbox 3364 4067 3505 4120; x_wconf 77' lang='lat' dir='ltr'><strong>Mat-</strong></span> 
     </span>
    </p>
   </div>
   <div class='ocr_carea' id='block_1_92' title="bbox 1920 4155 3506 4232">
    <p class='ocr_par' dir='ltr' id='par_1_92' title="bbox 1920 4155 3506 4232">
     <span class='ocr_line' id='line_1_92' title="bbox 1920 4155 3506 4232; baseline 0.004 -21"><span class='ocrx_word' id='word_1_593' title='bbox 1920 4158 2113 4221; x_wconf 74' lang='lat' dir='ltr'><strong>tliaeus,</strong></span> <span class='ocrx_word' id='word_1_594' title='bbox 2149 4173 2213 4212; x_wconf 90' lang='lat' dir='ltr'><strong>ea</strong></span> <span class='ocrx_word' id='word_1_595' title='bbox 2247 4155 2422 4213; x_wconf 88' lang='lat' dir='ltr'><strong>Lucas</strong></span> <span class='ocrx_word' id='word_1_596' title='bbox 2473 4157 2782 4229; x_wconf 85' lang='lat' dir='ltr'><strong>expressit;</strong></span> <span class='ocrx_word' id='word_1_597' title='bbox 2814 4173 2938 4230; x_wconf 69' lang='lat' dir='ltr'><strong>qua:</strong></span> <span class='ocrx_word' id='word_1_598' title='bbox 2989 4174 3118 4216; x_wconf 85' lang='lat' dir='ltr'><strong>vero</strong></span> <span class='ocrx_word' id='word_1_599' title='bbox 3149 4163 3506 4232; x_wconf 70' lang='lat' dir='ltr'><strong>praetermisi:</strong></span> 
     </span>
    </p>
   </div>
   <div class='ocr_carea' id='block_1_93' title="bbox 1916 4254 2815 4326">
    <p class='ocr_par' dir='ltr' id='par_1_93' title="bbox 1916 4254 2815 4326">
     <span class='ocr_line' id='line_1_93' title="bbox 1916 4254 2815 4326; baseline 0.002 -17"><span class='ocrx_word' id='word_1_600' title='bbox 1916 4255 2115 4318; x_wconf 87' lang='lat' dir='ltr'><strong>Lucas,</strong></span> <span class='ocrx_word' id='word_1_601' title='bbox 2159 4271 2219 4310; x_wconf 85' lang='lat' dir='ltr'><strong>ea</strong></span> <span class='ocrx_word' id='word_1_602' title='bbox 2251 4255 2472 4326; x_wconf 92' lang='lat' dir='ltr'><strong>scripsit</strong></span> <span class='ocrx_word' id='word_1_603' title='bbox 2501 4254 2815 4312; x_wconf 69' lang='lat' dir='ltr'><strong>Mattliaeus.</strong></span> 
     </span>
    </p>
   </div>
   <div class='ocr_carea' id='block_1_94' title="bbox 1986 4344 3506 4417">
    <p class='ocr_par' dir='ltr' id='par_1_94' title="bbox 1986 4344 3506 4417">
     <span class='ocr_line' id='line_1_94' title="bbox 1986 4344 3506 4417; baseline 0.001 -17"><span class='ocrx_word' id='word_1_604' title='bbox 1986 4344 2143 4400; x_wconf 80' lang='lat' dir='ltr'><strong>Vers.</strong></span> <span class='ocrx_word' id='word_1_605' title='bbox 2196 4346 2284 4400; x_wconf 83' lang='lat'><strong>&#39;56.</strong></span> <span class='ocrx_word' id='word_1_606' title='bbox 2329 4346 2396 4400; x_wconf 76' lang='lat' dir='ltr'><strong>Et</strong></span> <span class='ocrx_word' id='word_1_607' title='bbox 2444 4348 2543 4417; x_wconf 83' lang='lat' dir='ltr'><strong>ipsi</strong></span> <span class='ocrx_word' id='word_1_608' title='bbox 2573 4348 2932 4402; x_wconf 81' lang='lat' dir='ltr'><strong>—viderunt.</strong></span> <span class='ocrx_word' id='word_1_609' title='bbox 2977 4349 3123 4404; x_wconf 83' lang='lat' dir='ltr'><strong>Dixit</strong></span> <span class='ocrx_word' id='word_1_610' title='bbox 3175 4350 3322 4405; x_wconf 89' lang='lat' dir='ltr'><strong>cnim</strong></span> <span class='ocrx_word' id='word_1_611' title='bbox 3373 4349 3506 4403; x_wconf 77' lang='lat' dir='ltr'><strong>Ma!-</strong></span> 
     </span>
    </p>
   </div>
   <div class='ocr_carea' id='block_1_95' title="bbox 1917 4439 3507 4513">
    <p class='ocr_par' dir='ltr' id='par_1_95' title="bbox 1917 4439 3507 4513">
     <span class='ocr_line' id='line_1_95' title="bbox 1917 4439 3507 4513; baseline 0.003 -21"><span class='ocrx_word' id='word_1_612' title='bbox 1917 4440 2115 4506; x_wconf 75' lang='lat' dir='ltr'><strong>tbaeus,</strong></span> <span class='ocrx_word' id='word_1_613' title='bbox 2148 4439 2293 4509; x_wconf 80' lang='lat' dir='ltr'><strong>quod</strong></span> <span class='ocrx_word' id='word_1_614' title='bbox 2321 4439 2449 4494; x_wconf 90' lang='lat' dir='ltr'><strong>dum</strong></span> <span class='ocrx_word' id='word_1_615' title='bbox 2475 4441 2877 4495; x_wconf 76' lang='lat' dir='ltr'><strong>descenderent</strong></span> <span class='ocrx_word' id='word_1_616' title='bbox 2906 4441 2974 4496; x_wconf 91' lang='lat' dir='ltr'><strong>de</strong></span> <span class='ocrx_word' id='word_1_617' title='bbox 3002 4451 3210 4507; x_wconf 88' lang='lat' dir='ltr'><strong>monte,</strong></span> <span class='ocrx_word' id='word_1_618' title='bbox 3247 4446 3507 4513; x_wconf 71' lang='lat' dir='ltr'><strong>praecepit</strong></span> 
     </span>
    </p>
   </div>
   <div class='ocr_carea' id='block_1_96' title="bbox 1916 4531 3503 4596">
    <p class='ocr_par' dir='ltr' id='par_1_96' title="bbox 1916 4531 3503 4596">
     <span class='ocr_line' id='line_1_96' title="bbox 1916 4531 3503 4596; baseline 0.001 -10"><span class='ocrx_word' id='word_1_619' title='bbox 1916 4533 1995 4586; x_wconf 91' lang='lat' dir='ltr'><strong>eis</strong></span> <span class='ocrx_word' id='word_1_620' title='bbox 2024 4531 2182 4588; x_wconf 81' lang='lat' dir='ltr'><strong>Jesus</strong></span> <span class='ocrx_word' id='word_1_621' title='bbox 2213 4533 2402 4589; x_wconf 91' lang='lat' dir='ltr'><strong>dicens</strong></span> <span class='ocrx_word' id='word_1_622' title='bbox 2436 4548 2449 4586; x_wconf 90' lang='lat'><strong>:</strong></span> <span class='ocrx_word' id='word_1_623' title='bbox 2487 4531 2697 4588; x_wconf 82' lang='lat' dir='ltr'><strong>Nemini</strong></span> <span class='ocrx_word' id='word_1_624' title='bbox 2742 4535 2986 4588; x_wconf 70' lang='lat' dir='ltr'><strong>dixeritis</strong></span> <span class='ocrx_word' id='word_1_625' title='bbox 3028 4535 3307 4596; x_wconf 82' lang='lat' dir='ltr'><strong>visionem.</strong></span> <span class='ocrx_word' id='word_1_626' title='bbox 3337 4537 3503 4588; x_wconf 72' lang='lat' dir='ltr'><strong>donec</strong></span> 
     </span>
    </p>
   </div>
   <div class='ocr_carea' id='block_1_97' title="bbox 1919 4625 3505 4702">
    <p class='ocr_par' dir='ltr' id='par_1_97' title="bbox 1919 4625 3505 4702">
     <span class='ocr_line' id='line_1_97' title="bbox 1919 4625 3505 4702; baseline 0.002 -23"><span class='ocrx_word' id='word_1_627' title='bbox 1919 4625 2088 4680; x_wconf 77' lang='lat' dir='ltr'><strong>Filius</strong></span> <span class='ocrx_word' id='word_1_628' title='bbox 2118 4627 2345 4680; x_wconf 76' lang='lat' dir='ltr'><strong>hominis</strong></span> <span class='ocrx_word' id='word_1_629' title='bbox 2372 4643 2403 4679; x_wconf 88' lang='lat' dir='ltr'><strong>a</strong></span> <span class='ocrx_word' id='word_1_630' title='bbox 2431 4629 2651 4682; x_wconf 78' lang='lat' dir='ltr'><strong>mortuis</strong></span> <span class='ocrx_word' id='word_1_631' title='bbox 2676 4637 2919 4701; x_wconf 77' lang='lat' dir='ltr'><strong>resurgat</strong></span> <span class='ocrx_word' id='word_1_632' title='bbox 2950 4629 3016 4684; x_wconf 83' lang='grc'><strong>⁵⁸.</strong></span> <span class='ocrx_word' id='word_1_633' title='bbox 3057 4629 3122 4684; x_wconf 85' lang='grc' dir='ltr'>Ει</span> <span class='ocrx_word' id='word_1_634' title='bbox 3157 4630 3231 4685; x_wconf 89' lang='lat' dir='ltr'><strong>ibi</strong></span> <span class='ocrx_word' id='word_1_635' title='bbox 3265 4630 3384 4702; x_wconf 79' lang='lat' dir='ltr'><strong>lege</strong></span> <span class='ocrx_word' id='word_1_636' title='bbox 3418 4631 3505 4684; x_wconf 84' lang='lat' dir='ltr'><strong>lm-</strong></span> 
     </span>
    </p>
   </div>
   <div class='ocr_carea' id='block_1_98' title="bbox 1919 4720 2617 4790">
    <p class='ocr_par' dir='ltr' id='par_1_98' title="bbox 1919 4720 2617 4790">
     <span class='ocr_line' id='line_1_98' title="bbox 1919 4720 2617 4790; baseline 0.001 -16"><span class='ocrx_word' id='word_1_637' title='bbox 1919 4735 2036 4774; x_wconf 90' lang='lat' dir='ltr'><strong>rum</strong></span> <span class='ocrx_word' id='word_1_638' title='bbox 2085 4720 2617 4790; x_wconf 85' lang='lat' dir='ltr'><strong>interpretationem.</strong></span> 
     </span>
    </p>
   </div>
   <div class='ocr_carea' id='block_1_99' title="bbox 2302 4913 3108 4973">
    <p class='ocr_par' dir='ltr' id='par_1_99' title="bbox 2302 4913 3108 4973">
     <span class='ocr_line' id='line_1_99' title="bbox 2302 4913 3108 4973; baseline 0 -1"><span class='ocrx_word' id='word_1_639' title='bbox 2302 4913 2453 4972; x_wconf 79' lang='lat' dir='ltr'><strong>CAl’.</strong></span> <span class='ocrx_word' id='word_1_640' title='bbox 2487 4915 2681 4971; x_wconf 60' lang='lat' dir='ltr'><strong>XXXI.</strong></span> <span class='ocrx_word' id='word_1_641' title='bbox 2729 4915 2801 4972; x_wconf 83' lang='lat' dir='ltr'><strong>Dc</strong></span> <span class='ocrx_word' id='word_1_642' title='bbox 2853 4917 3108 4973; x_wconf 82' lang='lat' dir='ltr'><strong>luualico.</strong></span> 
     </span>
    </p>
   </div>
   <div class='ocr_carea' id='block_1_100' title="bbox 1997 5008 3500 5080">
    <p class='ocr_par' dir='ltr' id='par_1_100' title="bbox 1997 5008 3500 5080">
     <span class='ocr_line' id='line_1_100' title="bbox 1997 5008 3500 5080; baseline 0.003 -17"><span class='ocrx_word' id='word_1_643' title='bbox 1997 5008 2153 5079; x_wconf 63' lang='lat' dir='ltr'><strong>Vers.</strong></span> <span class='ocrx_word' id='word_1_644' title='bbox 2187 5010 2276 5065; x_wconf 81' lang='grc'>57.</span> <span class='ocrx_word' id='word_1_645' title='bbox 2333 5008 2563 5065; x_wconf 77' lang='lat' dir='ltr'><strong>Factum</strong></span> <span class='ocrx_word' id='word_1_646' title='bbox 2617 5012 2963 5068; x_wconf 67' lang='lat' dir='ltr'><strong>est—~Vers.</strong></span> <span class='ocrx_word' id='word_1_647' title='bbox 3026 5014 3130 5069; x_wconf 68' lang='grc'><strong>40.</strong></span> <span class='ocrx_word' id='word_1_648' title='bbox 3192 5022 3500 5080; x_wconf 68' lang='lat' dir='ltr'><strong>potuerunt.</strong></span> 
     </span>
    </p>
   </div>
   <div class='ocr_carea' id='block_1_101' title="bbox 922 5151 1907 5223">
    <p class='ocr_par' dir='ltr' id='par_1_101' title="bbox 922 5151 1907 5223">
     <span class='ocr_line' id='line_1_101' title="bbox 922 5151 1907 5223; baseline -0.009 -10"><span class='ocrx_word' id='word_1_649' title='bbox 922 5160 966 5192; x_wconf 82' lang='lat'><strong>&quot;</strong></span> <span class='ocrx_word' id='word_1_650' title='bbox 995 5159 1160 5214; x_wconf 83' lang='lat' dir='ltr'><strong>Marc.</strong></span> <span class='ocrx_word' id='word_1_651' title='bbox 1200 5175 1271 5223; x_wconf 76' lang='lat' dir='ltr'><strong>Ix,</strong></span> <span class='ocrx_word' id='word_1_652' title='bbox 1309 5158 1360 5213; x_wconf 86' lang='lat'><em>6.</em></span> <span class='ocrx_word' id='word_1_653' title='bbox 1394 5159 1438 5190; x_wconf 72' lang='grc'><strong>⁵⁸</strong></span> <span class='ocrx_word' id='word_1_654' title='bbox 1478 5152 1673 5212; x_wconf 74' lang='lat' dir='ltr'><strong>Matth.</strong></span> <span class='ocrx_word' id='word_1_655' title='bbox 1697 5167 1826 5216; x_wconf 71' lang='lat' dir='ltr'><strong>xvii,</strong></span> <span class='ocrx_word' id='word_1_656' title='bbox 1852 5151 1907 5204; x_wconf 81' lang='lat'><strong>9.</strong></span> 
     </span>
    </p>
   </div>
   <div class='ocr_carea' id='block_1_102' title="bbox 1416 5298 2287 5364">
    <p class='ocr_par' dir='ltr' id='par_1_102' title="bbox 1416 5298 2287 5364">
     <span class='ocr_line' id='line_1_102' title="bbox 1416 5298 2287 5364; baseline -0.002 -4"><span class='ocrx_word' id='word_1_657' title='bbox 1416 5303 1620 5364; x_wconf 60' lang='lat' dir='ltr'><strong>Variae</strong></span> <span class='ocrx_word' id='word_1_658' title='bbox 1666 5298 1973 5364; x_wconf 80' lang='lat' dir='ltr'><strong>lectiones</strong></span> <span class='ocrx_word' id='word_1_659' title='bbox 2007 5303 2067 5358; x_wconf 85' lang='lat' dir='ltr'><strong>et</strong></span> <span class='ocrx_word' id='word_1_660' title='bbox 2099 5306 2287 5358; x_wconf 71' lang='lat' dir='ltr'><strong>notm.</strong></span> 
     </span>
    </p>
   </div>
   <div class='ocr_carea' id='block_1_103' title="bbox 295 5436 812 5504">
    <p class='ocr_par' dir='ltr' id='par_1_103' title="bbox 295 5436 812 5504">
     <span class='ocr_line' id='line_1_103' title="bbox 295 5436 812 5504; baseline 0.004 -17"><span class='ocrx_word' id='word_1_661' title='bbox 295 5437 405 5504; x_wconf 75' lang='lat'><strong>(57)</strong></span> <span class='ocrx_word' id='word_1_662' title='bbox 435 5436 542 5490; x_wconf 79' lang='grc' dir='ltr'><strong>υῦν</strong></span> <span class='ocrx_word' id='word_1_663' title='bbox 564 5438 739 5496; x_wconf 80' lang='lat' dir='ltr'><strong>abest.</strong></span> <span class='ocrx_word' id='word_1_664' title='bbox 775 5438 812 5489; x_wconf 75' lang='grc' dir='ltr'>Α</span> 
     </span>
    </p>
   </div>
   <div class='ocr_carea' id='block_1_104' title="bbox 290 5507 1809 5578">
    <p class='ocr_par' dir='ltr' id='par_1_104' title="bbox 290 5507 1809 5578">
     <span class='ocr_line' id='line_1_104' title="bbox 290 5507 1809 5578; baseline 0.004 -18"><span class='ocrx_word' id='word_1_665' title='bbox 290 5507 402 5574; x_wconf 76' lang='lat'><strong>(58)</strong></span> <span class='ocrx_word' id='word_1_666' title='bbox 480 5508 762 5570; x_wconf 72' lang='lat' dir='ltr'><strong>‘Arr6.loco</strong></span> <span class='ocrx_word' id='word_1_667' title='bbox 789 5511 873 5570; x_wconf 73' lang='grc' dir='ltr'><strong>ἐι,</strong></span> <span class='ocrx_word' id='word_1_668' title='bbox 903 5507 1068 5564; x_wconf 83' lang='lat' dir='ltr'><strong>habet</strong></span> <span class='ocrx_word' id='word_1_669' title='bbox 1123 5510 1286 5563; x_wconf 83' lang='lat' dir='ltr'><strong>etiam</strong></span> <span class='ocrx_word' id='word_1_670' title='bbox 1342 5518 1574 5578; x_wconf 79' lang='lat' dir='ltr'><strong>uterque</strong></span> <span class='ocrx_word' id='word_1_671' title='bbox 1633 5511 1809 5566; x_wconf 73' lang='lat' dir='ltr'><strong>codex</strong></span> 
     </span>
    </p>
   </div>
   <div class='ocr_carea' id='block_1_105' title="bbox 217 5576 1807 5652">
    <p class='ocr_par' dir='ltr' id='par_1_105' title="bbox 217 5576 1807 5652">
     <span class='ocr_line' id='line_1_105' title="bbox 217 5576 1807 5652; baseline 0.004 -23"><span class='ocrx_word' id='word_1_672' title='bbox 217 5576 272 5630; x_wconf 90' lang='lat' dir='ltr'><strong>in</strong></span> <span class='ocrx_word' id='word_1_673' title='bbox 323 5588 584 5632; x_wconf 75' lang='lat' dir='ltr'><strong>contextu</strong></span> <span class='ocrx_word' id='word_1_674' title='bbox 619 5579 879 5645; x_wconf 72' lang='lat' dir='ltr'><strong>Matthmi,</strong></span> <span class='ocrx_word' id='word_1_675' title='bbox 916 5580 1060 5649; x_wconf 81' lang='lat' dir='ltr'><strong>quod</strong></span> <span class='ocrx_word' id='word_1_676' title='bbox 1092 5596 1158 5635; x_wconf 88' lang='lat' dir='ltr'><strong>eo</strong></span> <span class='ocrx_word' id='word_1_677' title='bbox 1189 5581 1360 5650; x_wconf 80' lang='lat' dir='ltr'><strong>magis</strong></span> <span class='ocrx_word' id='word_1_678' title='bbox 1409 5576 1597 5645; x_wconf 78' lang='lat' dir='ltr'><strong>miror,</strong></span> <span class='ocrx_word' id='word_1_679' title='bbox 1659 5583 1807 5652; x_wconf 81' lang='lat' dir='ltr'><strong>quod</strong></span> 
     </span>
    </p>
   </div>
   <div class='ocr_carea' id='block_1_106' title="bbox 290 5693 1798 5758">
    <p class='ocr_par' dir='ltr' id='par_1_106' title="bbox 290 5693 1798 5758">
     <span class='ocr_line' id='line_1_106' title="bbox 290 5693 1798 5758; baseline 0.004 -12"><span class='ocrx_word' id='word_1_680' title='bbox 290 5695 375 5757; x_wconf 78' lang='lat' dir='ltr'><strong>(tt)</strong></span> <span class='ocrx_word' id='word_1_681' title='bbox 410 5693 542 5748; x_wconf 84' lang='lat' dir='ltr'><strong>Cum</strong></span> <span class='ocrx_word' id='word_1_682' title='bbox 580 5713 739 5750; x_wconf 86' lang='lat' dir='ltr'><strong>unum</strong></span> <span class='ocrx_word' id='word_1_683' title='bbox 770 5727 839 5736; x_wconf 68' lang='grc' dir='ltr'><strong>ο-</strong></span> <span class='ocrx_word' id='word_1_684' title='bbox 863 5714 1065 5752; x_wconf 85' lang='lat' dir='ltr'><strong>sumus.</strong></span> <span class='ocrx_word' id='word_1_685' title='bbox 1105 5698 1160 5751; x_wconf 86' lang='lat' dir='ltr'><strong>In</strong></span> <span class='ocrx_word' id='word_1_686' title='bbox 1199 5697 1389 5752; x_wconf 63' lang='lat' dir='ltr'><strong>Cra‘co</strong></span> <span class='ocrx_word' id='word_1_687' title='bbox 1432 5706 1640 5752; x_wconf 83' lang='lat' dir='ltr'><strong>tantum</strong></span> <span class='ocrx_word' id='word_1_688' title='bbox 1696 5707 1798 5758; x_wconf 80' lang='lat' dir='ltr'><strong>est,</strong></span> 
     </span>
    </p>
   </div>
   <div class='ocr_carea' id='block_1_107' title="bbox 220 5763 826 5835">
    <p class='ocr_par' dir='ltr' id='par_1_107' title="bbox 220 5763 826 5835">
     <span class='ocr_line' id='line_1_107' title="bbox 220 5763 826 5835; baseline 0.01 -20"><span class='ocrx_word' id='word_1_689' title='bbox 220 5763 391 5819; x_wconf 78' lang='lat' dir='ltr'><strong>Filius</strong></span> <span class='ocrx_word' id='word_1_690' title='bbox 418 5768 554 5819; x_wconf 84' lang='lat' dir='ltr'><strong>enim</strong></span> <span class='ocrx_word' id='word_1_691' title='bbox 579 5769 692 5835; x_wconf 75' lang='lat' dir='ltr'><strong>ejus</strong></span> <span class='ocrx_word' id='word_1_692' title='bbox 731 5779 826 5822; x_wconf 77' lang='lat' dir='ltr'><strong>est.</strong></span> 
     </span>
    </p>
   </div>
   <div class='ocr_carea' id='block_1_108' title="bbox 289 5838 1799 5904">
    <p class='ocr_par' dir='ltr' id='par_1_108' title="bbox 289 5838 1799 5904">
     <span class='ocr_line' id='line_1_108' title="bbox 289 5838 1799 5904; baseline 0.003 -15"><span class='ocrx_word' id='word_1_693' title='bbox 289 5838 405 5904; x_wconf 86' lang='lat' dir='ltr'><strong>(uu)</strong></span> <span class='ocrx_word' id='word_1_694' title='bbox 433 5838 514 5890; x_wconf 84' lang='lat' dir='ltr'><strong>Ad</strong></span> <span class='ocrx_word' id='word_1_695' title='bbox 557 5840 672 5891; x_wconf 80' lang='lat' dir='ltr'><strong>[om</strong></span> <span class='ocrx_word' id='word_1_696' title='bbox 711 5869 779 5878; x_wconf 91' lang='lat'><strong>-—-—</strong></span> <span class='ocrx_word' id='word_1_697' title='bbox 820 5849 1090 5904; x_wconf 72' lang='lat' dir='ltr'><strong>separata.</strong></span> <span class='ocrx_word' id='word_1_698' title='bbox 1139 5838 1205 5897; x_wconf 83' lang='lat' dir='ltr'><strong>Ut</strong></span> <span class='ocrx_word' id='word_1_699' title='bbox 1238 5840 1492 5895; x_wconf 86' lang='lat' dir='ltr'><strong>nimirum</strong></span> <span class='ocrx_word' id='word_1_700' title='bbox 1553 5839 1799 5893; x_wconf 76' lang='lat' dir='ltr'><strong>referan-</strong></span> 
     </span>
    </p>
   </div>
   <div class='ocr_carea' id='block_1_109' title="bbox 219 5908 1027 5980">
    <p class='ocr_par' dir='ltr' id='par_1_109' title="bbox 219 5908 1027 5980">
     <span class='ocr_line' id='line_1_109' title="bbox 219 5908 1027 5980; baseline 0.005 -19"><span class='ocrx_word' id='word_1_701' title='bbox 219 5919 305 5962; x_wconf 86' lang='lat' dir='ltr'><strong>tur</strong></span> <span class='ocrx_word' id='word_1_702' title='bbox 335 5908 401 5964; x_wconf 85' lang='lat' dir='ltr'><strong>ad</strong></span> <span class='ocrx_word' id='word_1_703' title='bbox 427 5909 696 5965; x_wconf 70' lang='lat' dir='ltr'><strong>destinata</strong></span> <span class='ocrx_word' id='word_1_704' title='bbox 726 5911 854 5980; x_wconf 72' lang='lat' dir='ltr'><strong>ipsis</strong></span> <span class='ocrx_word' id='word_1_705' title='bbox 892 5911 1027 5965; x_wconf 80' lang='lat' dir='ltr'><strong>loca.</strong></span> 
     </span>
    </p>
   </div>
   <div class='ocr_carea' id='block_1_110' title="bbox 1918 5432 3503 5504">
    <p class='ocr_par' dir='ltr' id='par_1_110' title="bbox 1918 5432 3503 5504">
     <span class='ocr_line' id='line_1_110' title="bbox 1918 5432 3503 5504; baseline -0.003 -14"><span class='ocrx_word' id='word_1_706' title='bbox 1918 5434 2199 5504; x_wconf 73' lang='lat' dir='ltr'><strong>Clirysost.</strong></span> <span class='ocrx_word' id='word_1_707' title='bbox 2269 5443 2400 5488; x_wconf 87' lang='lat' dir='ltr'><strong>tom.</strong></span> <span class='ocrx_word' id='word_1_708' title='bbox 2470 5432 2581 5497; x_wconf 70' lang='lat' dir='ltr'><strong>VII,</strong></span> <span class='ocrx_word' id='word_1_709' title='bbox 2659 5449 2710 5498; x_wconf 75' lang='grc' dir='ltr'>ρ.</span> <span class='ocrx_word' id='word_1_710' title='bbox 2766 5433 2891 5496; x_wconf 80' lang='grc'><strong>570,</strong></span> <span class='ocrx_word' id='word_1_711' title='bbox 2962 5435 3126 5492; x_wconf 84' lang='lat' dir='ltr'><strong>habet</strong></span> <span class='ocrx_word' id='word_1_712' title='bbox 3188 5433 3271 5491; x_wconf 83' lang='grc' dir='ltr'>ὲκ,</span> <span class='ocrx_word' id='word_1_713' title='bbox 3352 5449 3503 5487; x_wconf 74' lang='lat' dir='ltr'><strong>rom-</strong></span> 
     </span>
    </p>
   </div>
   <div class='ocr_carea' id='block_1_111' title="bbox 1907 5505 3497 5636">
    <p class='ocr_par' dir='ltr' id='par_1_111' title="bbox 1907 5505 3497 5636">
     <span class='ocr_line' id='line_1_111' title="bbox 1907 5505 3497 5580; baseline 0.001 -19"><span class='ocrx_word' id='word_1_714' title='bbox 1907 5505 2270 5580; x_wconf 83' lang='lat' dir='ltr'><strong>prohantibns</strong></span> <span class='ocrx_word' id='word_1_715' title='bbox 2299 5505 2463 5559; x_wconf 87' lang='lat' dir='ltr'><strong>etiam</strong></span> <span class='ocrx_word' id='word_1_716' title='bbox 2492 5505 2772 5560; x_wconf 85' lang='lat' dir='ltr'><strong>codicibus</strong></span> <span class='ocrx_word' id='word_1_717' title='bbox 2806 5505 3181 5576; x_wconf 79' lang='lat' dir='ltr'><strong>Chrysostomi</strong></span> <span class='ocrx_word' id='word_1_718' title='bbox 3207 5507 3497 5576; x_wconf 77' lang='lat' dir='ltr'><strong>‘llosquen-</strong></span> 
     </span>
     <span class='ocr_line' id='line_1_112' title="bbox 1911 5581 2088 5636; baseline 0 0"><span class='ocrx_word' id='word_1_719' title='bbox 1911 5581 2088 5636; x_wconf 84' lang='lat' dir='ltr'><strong>sibus.</strong></span> 
     </span>
    </p>
   </div>
   <div class='ocr_carea' id='block_1_112' title="bbox 1983 5695 3500 5764">
    <p class='ocr_par' dir='ltr' id='par_1_112' title="bbox 1983 5695 3500 5764">
     <span class='ocr_line' id='line_1_113' title="bbox 1983 5695 3500 5764; baseline -0.003 -14"><span class='ocrx_word' id='word_1_720' title='bbox 1983 5698 2086 5764; x_wconf 74' lang='lat' dir='ltr'><strong>(vv)</strong></span> <span class='ocrx_word' id='word_1_721' title='bbox 2128 5697 2368 5750; x_wconf 61' lang='lat' dir='ltr'><strong>Videmus</strong></span> <span class='ocrx_word' id='word_1_722' title='bbox 2393 5726 2456 5734; x_wconf 89' lang='lat'><strong>--—</strong></span> <span class='ocrx_word' id='word_1_723' title='bbox 2481 5695 2600 5764; x_wconf 78' lang='lat' dir='ltr'><strong>ipsi,</strong></span> <span class='ocrx_word' id='word_1_724' title='bbox 2629 5707 2733 5750; x_wconf 76' lang='lat' dir='ltr'><strong>Ne.</strong></span> <span class='ocrx_word' id='word_1_725' title='bbox 2774 5695 3026 5751; x_wconf 76' lang='lat' dir='ltr'><strong>Videnlcs</strong></span> <span class='ocrx_word' id='word_1_726' title='bbox 3079 5706 3284 5758; x_wconf 77' lang='lat' dir='ltr'><strong>autem,</strong></span> <span class='ocrx_word' id='word_1_727' title='bbox 3369 5699 3500 5752; x_wconf 64' lang='lat' dir='ltr'><strong>istos</strong></span> 
     </span>
    </p>
   </div>
   <div class='ocr_carea' id='block_1_113' title="bbox 1914 5769 3495 5839">
    <p class='ocr_par' dir='ltr' id='par_1_113' title="bbox 1914 5769 3495 5839">
     <span class='ocr_line' id='line_1_114' title="bbox 1914 5769 3495 5839; baseline 0.001 -20"><span class='ocrx_word' id='word_1_728' title='bbox 1914 5769 2120 5834; x_wconf 67' lang='lat' dir='ltr'><strong>(tiost-n</strong></span> <span class='ocrx_word' id='word_1_729' title='bbox 2153 5780 2207 5821; x_wconf 74' lang='lat' dir='ltr'><strong>et</strong></span> <span class='ocrx_word' id='word_1_730' title='bbox 2238 5769 2445 5832; x_wconf 60' lang='lat' dir='ltr'><strong>tiliam)</strong></span> <span class='ocrx_word' id='word_1_731' title='bbox 2499 5770 2662 5822; x_wconf 72' lang='lat' dir='ltr'><strong>etiam</strong></span> <span class='ocrx_word' id='word_1_732' title='bbox 2733 5771 2801 5824; x_wconf 89' lang='lat' dir='ltr'><strong>ita</strong></span> <span class='ocrx_word' id='word_1_733' title='bbox 2851 5771 3348 5839; x_wconf 73' lang='lat' dir='ltr'><strong>snpernaturaliter</strong></span> <span class='ocrx_word' id='word_1_734' title='bbox 3406 5788 3495 5820; x_wconf 71' lang='lat' dir='ltr'><strong>as-</strong></span> 
     </span>
    </p>
   </div>
   <div class='ocr_carea' id='block_1_114' title="bbox 1912 5841 2710 5911">
    <p class='ocr_par' dir='ltr' id='par_1_114' title="bbox 1912 5841 2710 5911">
     <span class='ocr_line' id='line_1_115' title="bbox 1912 5841 2710 5911; baseline 0 -18"><span class='ocrx_word' id='word_1_735' title='bbox 1912 5849 2130 5910; x_wconf 75' lang='lat' dir='ltr'><strong>stunpto</strong></span> <span class='ocrx_word' id='word_1_736' title='bbox 2179 5841 2348 5911; x_wconf 75' lang='lat' dir='ltr'><strong>magis</strong></span> <span class='ocrx_word' id='word_1_737' title='bbox 2386 5842 2710 5894; x_wconf 81' lang='lat' dir='ltr'><strong>timuerunt.</strong></span> 
     </span>
    </p>
   </div>
  </div>
