4016 6476
519 416 614 479 951

1728 419 2113 481 EUTllYMlI
2193 424 2559 484 ZlGABENI

3673 421 3783 485 952

516 530 710 583 Filium
766 528 915 584 hunc
978 530 1278 585 lunatieum
1315 530 1485 587 fuisse
1534 532 1755 603 scripsit
1807 533 2088 589 Matthazus

2200 538 2618 608 σεληνιάζεσοαι
2654 537 2931 600 Ἀῐατθαῖος
2966 536 3211 608 ἔγραψεν
3236 537 3297 591 ἐν
3350 537 3430 607 τῷ
3464 541 3780 612 τριακοστῷ

517 623 795 676 tricesimo
821 623 1014 693 quinto
1041 623 1259 690 capite;
1294 634 1348 678 et
1380 624 1605 678 omnino
1636 624 1704 678 de
1739 623 1825 678 his
1865 616 2093 681 ibidic-

515 724 627 767 tum
663 722 769 768 εει.

581 806 739 861 Vers.
766 806 854 862 41.
888 806 1223 875 Respondens
1248 838 1317 849 —-
1338 809 1461 864 huc.
1501 808 1561 864 In
1598 810 1691 865 illo
1722 810 1917 865 horum
1970 824 2091 865 om-

512 897 667 952 nium
696 897 1101 953 declarationes
1129 899 1399 955 invenies.

583 990 737 1044 Vers.
774 990 864 1045 42.
906 989 1038 1043 Cum
1062 1020 1134 1030 —
1159 991 1464 1061 dissipavit.
1499 990 1627 1047 Haec
1658 992 1821 1048 latius
1869 993 2093 1063 scripsit

511 1079 727 1135 Marcus
760 1080 1025 1135 vicesimo
1058 1090 1213 1137 sexto
1248 1083 1453 1154 capite,
1480 1098 1535 1140 et
1575 1085 1647 1140 ibi
1686 1086 2089 1141 enarrationem

514 1174 711 1227 ltorum
746 1189 953 1243 quaere.

583 1266 741 1321 Vers.
777 1266 868 1321 42.
904 1266 1463 1335 Ιηενεραυὶι--ραινὶ
1508 1286 1622 1325 suo.
1672 1268 1943 1326 Praedicta
2001 1269 2092 1324 tri-

508 1358 717 1413 cesimo
749 1359 941 1428 quinto
1002 1360 1183 1427 capite
1233 1359 1512 1435 Evangelii
1566 1364 1721 1434 juxta
1771 1362 2084 1419 Matthteum

509 1450 575 1503 tle
607 1450 693 1505 bis
722 1451 932 1508 dictum
963 1459 1067 1510 est.

578 1540 739 1596 Vers.
797 1545 886 1599 45.
958 1545 1357 1618 Stupebant—
1403 1544 1521 1599 Dei.
1583 1543 1857 1599 Putabant
1913 1543 2084 1606 enim.

506 1646 614 1685 non
649 1633 892 1703 propria,
924 1636 1019 1691 sed
1054 1637 1149 1692 Dei
1183 1637 1385 1693 virtute
1414 1633 1531 1689 ha‘c
1563 1647 1690 1688 eum
1720 1633 1938 1702 operari
1980 1632 2087 1685 mi-

506 1721 709 1775 racula.

575 1813 733 1869 Vers.
765 1815 853 1871 45.
884 1815 1140 1873 Omnibus
1162 1850 1229 1860 —
1260 1817 1417 1874 Vers.
1449 1818 1539 1873 44.
1573 1817 1721 1873 istos.
1772 1815 1920 1882 Quos
1948 1814 2082 1870 dixit

2205 630 2444 701 πέμπτῳ
2483 629 2789 701 κεφαλαίῳ,
2827 629 2922 683 καὶ
2969 629 3187 701 εἴρηται
3238 631 3369 685 περὶ
3408 630 3617 685 τούτων
3645 633 3785 685 πάν-

2200 741 2311 776 των
2348 725 2485 779 ἐκεῖ.

2284 814 2655 884 Ἀποκριθεὶς
2680 844 2749 854 -—
2779 807 2919 867 ὧδε.
2962 814 3052 867 Ἐν
3085 814 3279 884 ἐκείνῳ
3318 814 3416 877 τὰς
3448 814 3632 877 λύσεις
3654 814 3778 868 τού-

2198 924 2307 961 των
2338 908 2475 960 ὂλων
2500 908 2777 979 εὑρήσεις.

2275 1000 2404 1054 Ἔτι
2432 1029 2499 1039 -
2520 998 2971 1066 συνεσπάραξε.
2996 997 3185 1051 Ταῦτα
3207 998 3544 1069 πλατύτερον
3572 1000 3599 1051 ὁ
3621 1000 3778 1068 Μάρ-

2201 1110 2302 1156 κος
2337 1093 2631 1162 ἱστόρησεν
2664 1093 2723 1144 ἐν
2766 1091 2844 1162 τῷ
2880 1090 3113 1161 είκοστῷ
3150 1091 3297 1161 ἕκτῳ
3352 1091 3654 1162 κεφαλαίῳ,
3678 1094 3776 1146 καί

2200 1183 2435 1256 ζήτησον
2467 1183 2526 1236 ἐν
2553 1182 2750 1251 ἐκείνῳ
2779 1181 2877 1253 τὴν
2905 1182 3116 1236 τούτων
3142 1181 3432 1252 ἐξήγησιν.

2292 1276 2656 1343 Ἐπετίμησε
2681 1302 2755 1315 -
2787 1274 2967 1343 πατρί
3016 1274 3228 1328 αὑτοῦ.
3292 1274 3382 1326 Ἐν
3420 1275 3498 1343 τῷ
3530 1274 3775 1343 προρρη-

2197 1367 2342 1421 θέντι
2395 1365 2705 1437 τριακοστῷ
2732 1366 2971 1435 πέμπτῳ
2999 1364 3284 1434 κεφαλαίῳ
3333 1362 3431 1417 τοῦ
3453 1364 3594 1417 κατὰ
3622 1365 3775 1417 Ματ-

2195 1457 2347 1511 θαϊον
2377 1456 2583 1530 ἐρρήθη
2617 1458 2747 1528 περὶ
2774 1456 3003 1513 τούτων.

2275 1549 2768 1615 Ἐ’ξεπλήοόνοντο
2810 1576 2876 1587 —-
2904 1548 3013 1603 τοῦ
3049 1547 3221 1603 Θεοῦ.
3261 1547 3448 1617 ’ῼοντο
3497 1543 3627 1617 γὰρ,
3674 1546 3775 1599 οὐκ

2195 1643 2255 1708 ἐξ
2287 1644 2425 1706 ἰδίας
2475 1643 2781 1712 δυνάμεως,
2824 1641 2939 1695 ἀλλ’
2994 1641 3060 1693 ἐκ
3089 1639 3225 1693 Θεοῦ
3254 1639 3427 1693 ταῦτα
3480 1655 3777 1710 τερατουρ-

2194 1736 2311 1803 γεῖν
2342 1734 2525 1788 αὐτόν.

2268 1826 2518 1879 Πάντων
2560 1852 2631 1864 -—
2675 1825 2947 1889 τούτους.
2982 1821 3089 1885 Οὓς
3134 1818 3290 1874 εἶπεν
3331 1821 3404 1886 tv:
3437 1820 3513 1889 τῷ
3545 1819 3775 1888 είκοστῷ

504 1904 769 1961 vicesimo
798 1924 948 1964 nono
979 1910 1156 1980 capite
1201 1911 1496 1981 praesentis
1543 1908 1829 1980 Evangelii
1867 1909 1939 1963 tle
1990 1923 2088 1962 sua

2200 1920 2372 1989 ἐνάτῳ
2403 1917 2688 1988 κεφαλαίῳ
2716 1915 2812 1969 τοῦ
2847 1916 3117 1986 παρόντος
3147 1912 3505 1982 Εὑαγγελίου,
3542 1912 3671 1983 περί
3713 1929 3775 1964 τε

502 1998 765 2066 passione
841 2009 897 2055 et
947 2002 1228 2056 occisione
1296 2018 1360 2058 ac
1438 2001 1844 2056 resurrectione
1892 2018 1906 2054 :
1964 1999 2087 2055 ideo

507 2090 696 2156 etiam,
734 2107 856 2146 cum
906 2093 1008 2148 bos
1037 2095 1191 2163 quasi
1258 2095 1562 2166 signiﬁcare
1614 2094 1931 2163 incepisset,
1989 2108 2091 2147 cre-

506 2192 621 2236 tera
655 2182 899 2254 reliquit,
936 2196 1194 2255 tanquam
1239 2186 1350 2258 jam
1389 2186 1683 2243 intellecta.

574 2368 729 2425 Vers.
775 2368 865 2425 44.
920 2369 1090 2425 Filius
1143 2370 1563 2425 enim—Vers.
1620 2370 1710 2425 45.
1765 2373 1879 2425 hoc.
1949 2370 2083 2425 Ver-

502 2460 658 2527 lium,
690 2475 801 2514 non
833 2461 976 2531 quod
1012 2470 1129 2516 erat
1167 2462 1235 2517 de
1268 2463 1527 2532 passione
1560 2470 1616 2516 et
1646 2461 1946 2527 occisione,
1992 2462 2088 2516 sed

503 2553 573 2608 de
626 2555 1069 2610 resurrectione.
1112 2555 1327 2612 Dictum
1390 2564 1475 2611 est
1523 2566 1705 2611 autent
1755 2554 1823 2609 de
1867 2554 1973 2609 hoc
2031 2554 2087 2609 in

503 2646 614 2701 ﬁne
645 2647 1011 2704 enarrationis
1046 2649 1309 2704 tricesimi
1362 2648 1537 2719 quinti
1572 2646 1770 2711 capitis
1799 2646 2085 2706 Evangelii

506 2738 812 2796 secundum
859 2738 1174 2795 Matthteum
1216 2758 1231 2794 :
1286 2739 1405 2810 lege
1467 2754 1618 2809 ergo,
1676 2753 1796 2807 quae
1838 2738 1912 2792 ibi
1945 2738 2087 2793 dicta

503 2838 655 2884 sunt.

532 2942 692 2997 CAP.
731 2941 953 2997 XXXII.
992 2943 1068 2998 De
1099 2942 1485 3014 disputantibus
1538 2948 1653 3015 quis
1692 2954 1823 2999 esset
1854 2944 2051 3011 major.

575 3035 731 3091 Vers.
766 3035 853 3089 46.
891 3034 1125 3089 Intravit
1154 3065 1226 3075 —
1254 3036 1410 3091 Vers.
1442 3038 1532 3092 47.
1582 3038 1743 3105 juxta
1797 3053 1872 3091 se.
1954 3035 2088 3089 Mat-

502 3128 686 3183 thzeus
711 3143 843 3182 vero
877 3127 1157 3182 tricesimo
1212 3129 1442 3193 septimo
1495 3129 1672 3198 capite
1722 3130 1799 3183 ait
1836 3128 1904 3193 ",
1939 3127 2087 3197 quod

2191 2006 2283 2058 τοῦ
2315 2006 2554 2071 Πάθους,
2591 2006 2813 2074 καὶτῆς
2848 2004 3209 2076 ἀναιρέσεως,
3246 2006 3343 2056 καὶ
3385 2004 3483 2073 τῆς
3530 2003 3774 2056 ἀναστά-

2191 2114 2331 2160 σεως
2356 2096 2545 2149 αὑτοῦ.
2585 2097 2677 2149 Διὸ
2703 2098 2799 2149 καὶ
2849 2095 3219 2164 ἐναρξάμενος
3255 2093 3454 2157 αὐτῶν,
3495 2092 3635 2145 ὥστε
3682 2092 3747 2161 δη

2195 2187 2391 2252 λῶσαι,
2434 2188 2565 2257 περὶ
2608 2179 2683 2239 ὧν
2712 2186 2883 2254 λέγει,
2917 2187 2985 2237 τὰ
3041 2183 3206 2237 λοιπὰ
3255 2181 3667 2247 καταλέλοιπεν,
3699 2181 3777 2244 ὡς

2187 2280 2289 2351 ήδη
2322 2280 2615 2347 νοούμενα.

2274 2372 2333 2425 '0
2365 2371 2475 2441 γὰρ
2533 2371 2665 2437 Υἱὸς
2703 2401 2771 2412 ο-
2804 2371 3043 2425 τοὺτου.
3093 2369 3167 2422 Τὸ
3214 2368 3389 2440 ῥῆμα,
3441 2367 3500 2420 οὐ
3541 2366 3601 2419 τὸ
3646 2366 3777 2435 περὶ

2187 2464 2281 2519 τοῦ
2312 2465 2529 2528 Πάθους
2564 2465 2659 2517 καὶ
2688 2466 2786 2528 τῆς
2818 2465 3179 2533 ἀναιρέσεως,
3214 2462 3350 2516 ἀλλὰ
3398 2461 3459 2514 τὸ
3508 2460 3637 2530 περὶ
3672 2458 3775 2529 τῆς

2188 2558 2559 2621 ἀναστάσεως.
2619 2558 2851 2629 Εἴρηται
2892 2559 2949 2612 δὲ
3002 2558 3132 2627 περὶ
3170 2556 3360 2609 τούτου
3415 2557 3472 2609 ἐν
3505 2554 3581 2625 τῷ
3630 2553 3775 2606 τέλει

2190 2655 2291 2721 τῆς
2348 2653 2675 2724 ἐξηγήσεως
2727 2654 2825 2705 τοῦ
2895 2649 3228 2724 τριακοστοῦ
3288 2650 3546 2718 πέμπτου
3602 2665 3775 2714 κεφα-

2188 2744 2340 2799 λαίου
2385 2745 2480 2798 τοῦ
2530 2746 2673 2800 κατὰ
2705 2744 3007 2810 Ματθαῖον,
3056 2744 3151 2797 καὶ
3204 2739 3484 2810 ἀνάγνωθι
3542 2740 3609 2794 τὰ
3655 2740 3778 2792 ἐκεῖ

2190 2836 2453 2907 ρηθέντα.

2188 2952 2345 3006 ΚΕΦ.
2382 2951 2505 3007 AB’.
2544 2953 2681 3020 Περὶ
2728 2950 2845 3005 τῶν
2881 2948 3377 3020 διαλογιζομένων
3426 2948 3519 3011 τίς
3539 2944 3776 3015 tte/(ur.

2259 3045 2529 3114 Είσῆλθε
2555 3075 2625 3085 —-
2657 3045 2796 3112 παρ’
2826 3043 3044 3109 ἐαυτῷ.
3099 3043 3160 3095 '0
3186 3043 3241 3094 δὲ
3295 3040 3588 3117 Ματθαῖος.
3613 3045 3669 3093 ὲν
3699 3040 3779 3109 τῷ

2186 3141 2498 3213 τριακοστῷ
2540 3140 2753 3209 ἑϐδόμῳ
2785 3137 3071 3207 κεφαλαίῳ
3121 3137 3313 3205 φησίν
3342 3135 3423 3187 ὅτι
3451 3132 3777 3201 προσελθόν-

504 3216 837 3272 accedentes
891 3217 1146 3288 discipuli
1184 3218 1251 3272 de
1282 3218 1388 3272 hoc
1429 3218 1902 3289 interrogaverunt
1931 3235 2079 3273 eum.

2200 3252 2286 3297 τες
2316 3234 2365 3286 ol
2394 3233 2633 3303 μαθηταὶ
2664 3231 2959 3303 ἠρώτησαν
2988 3229 3153 3282 αὐτὸν
3188 3228 3318 3296 περὶ
3356 3226 3572 3280 τούτου.
3618 3222 3777 3283 Εἰκὸς

500 3306 813 3359 Verisimile
843 3323 973 3377 ergo
1009 3318 1114 3369 est.
1149 3309 1293 3378 quod
1321 3310 1412 3363 ubi
1444 3310 1831 3380 cogitationem
1865 3311 2083 3365 illorum

2200 3327 2273 3393 δὲ,
2308 3328 2525 3394 γνόντος
2549 3324 2713 3377 αὑτοῦ
2743 3323 2838 3376 τὸν
2891 3320 3251 3389 διαλογισμὸν
3282 3318 3483 3379 αὐτῶν,
3544 3320 3639 3369 καὶ
3678 3316 3777 3366 ἐπ-

502 3396 867 3467 cognovisset,
897 3406 952 3452 et
972 3397 1365 3469 interrogasset
1394 3418 1409 3451 :
1450 3402 1592 3464 Quid
1616 3403 1672 3453 in
1698 3404 1782 3455 via
1814 3403 2091 3456 tractaba-

504 3490 617 3543 tis?
650 3489 791 3546 sicut
820 3491 956 3546 dixit
984 3489 1197 3546 Marcus
1229 3491 1292 3556 ⁵⁸,
1329 3491 1680 3562 postmodum
1742 3492 1904 3547 etiam
1959 3493 2085 3563 ipsi,

502 3596 630 3636 cum
665 3580 779 3650 jam
815 3581 1032 3651 cognita
1066 3591 1216 3637 esset
1256 3582 1513 3653 cogitatio
1547 3598 1667 3647 sua,
1718 3582 2091 3655 interrogave-

501 3684 636 3729 runt
661 3676 729 3730 de
767 3675 869 3731 hoc
908 3693 921 3730 :
954 3675 1152 3731 deinde
1194 3675 1356 3731 .lcsus
1409 3676 1771 3745 apprehendit
1834 3692 2087 3746 puerum,

502 3769 597 3838 qui
642 3769 713 3823 ibi
748 3784 987 3839 praesens
1016 3778 1156 3833 erat.
1194 3779 1249 3825 et
1276 3768 1469 3825 statuit
1501 3768 1653 3822 illum
1688 3768 1845 3840 juxta
1874 3784 1953 3833 se,
2004 3770 2092 3824 di-

502 3862 696 3930 xitque
749 3871 969 3927 cu'tera,
1032 3877 1155 3931 qua:
1182 3870 1506 3931 sequuntur.
1565 3859 1748 3928 ltaque
1802 3858 2091 3914 Mattltazus

503 3952 743 4023 scripsit,
796 3954 942 4022 quod
1000 3954 1477 4021 interrogaverunt
1511 3951 1818 4021 discipuli;
1874 3951 2090 4007 Marcus

502 4062 638 4101 vero
672 4056 728 4101 et
766 4045 943 4101 Lucas
972 4047 1077 4101 hoc
1129 4046 1318 4101 relicto
1378 4046 1740 4115 scripserunt,
1798 4045 1941 4115 quod
2001 4060 2092 4100 eo-

506 4138 699 4207 gnovit
730 4139 1120 4207 cogitationem
1164 4153 1354 4193 eorum
1395 4156 1408 4192 :
1439 4148 1495 4193 et
1525 4138 1616 4191 ille
1648 4137 1867 4207 quidem
1911 4146 2092 4207 poste-

507 4232 650 4284 riora
683 4231 845 4295 dixit,
870 4231 961 4285 hic
1002 4241 1183 4285 autem
1214 4231 1417 4301 priora.
1451 4230 1592 4301 Lege
1623 4245 1755 4298 ergo
1798 4230 1947 4284 dicto
1999 4244 2091 4283 ca-

506 4323 624 4392 pite
697 4322 978 4393 Evangelii
1049 4321 1204 4391 juxta
1260 4323 1574 4377 Mattbzcum
1646 4320 2091 4392 explanationem

506 4426 705 4479 totam,
746 4430 867 4485 qua:
901 4414 1195 4469 admodum
1240 4414 1389 4469 utilis
1426 4422 1530 4468 est.

577 4530 734 4585 Vers.
776 4529 864 4584 48.
916 4528 983 4582 Et
1024 4529 1316 4582 ait—me.
1367 4528 1485 4581 Alia
1536 4542 1753 4597 quoque
1796 4536 1924 4581 ante
1974 4525 2092 4581 haec

2193 3422 2569 3486 ερωτήσαντος
2590 3416 2809 3481 αὐτοὺς,
2844 3413 2897 3465 τί
2920 3414 2980 3465 ἐν
3005 3414 3070 3483 τῇ
3114 3411 3220 3482 ὀδῷ
3253 3409 3386 3479 πρὸς
3421 3408 3648 3470 ἑαυτοὺς
3696 3406 3776 3460 δι-

2193 3505 2522 3573 ελογίζοντο,
2558 3504 2634 3565 ὡς
2666 3500 2823 3557 εἶπεν
2853 3504 2882 3556 ό
2913 3502 3162 3573 Μάρκος,
3210 3500 3397 3553 λοιπὸν
3428 3500 3523 3552 καὶ
3552 3497 3788 3568 αὐτοὺς,

2192 3598 2269 3661 ὼς
2299 3598 2402 3667 ήδη
2434 3596 2773 3665 γνωσθέντος
2802 3593 2896 3649 τοῦ
2930 3592 3312 3663 διαλογισμοῦ,
3347 3592 3622 3662 ἐρωτῆσαι
3650 3589 3780 3660 περὶ

2195 3688 2383 3755 αὑτοῦ,
2426 3683 2547 3743 εἶτα
2568 3688 2661 3742 τὸν
2718 3686 2928 3758 Ἰησοῦν
2966 3685 3329 3740 ἐπιλαϐέσθαι
3376 3684 3593 3737 παιδίου
3640 3698 3781 3752 παρ-

2200 3785 2391 3849 ιόντος,
2449 3785 2546 3857 καὶ
2612 3782 2815 3851 στῆσαι
2856 3780 2991 3835 αὐτὸ
3035 3779 3167 3850 παρ’
3208 3778 3412 3850 ἐαυτῷ,
3465 3776 3559 3830 καὶ
3602 3776 3779 3827 είπείν

2194 3878 2263 3931 τὰ
2284 3876 2432 3947 ἑξῆς.
2476 3875 2681 3929 Λοιπὸν
2706 3874 2800 3928 οῦν
2833 3876 2861 3927 ό
2897 3874 2997 3943 μὲν
3030 3872 3312 3934 Ματθαίος
3368 3868 3644 3939 ἔγραψεν*
3690 3867 3774 3919 ὅτι

2195 3969 2489 4039 ἠρώτησαν
2518 3970 2567 4022 οἱ
2603 3967 2866 4039 μαθηταί·
2893 3966 3120 4038 Μάρκος
3149 3965 3206 4018 δὲ
3232 3966 3323 4016 καὶ
3361 3963 3598 4027 Λουκᾶς,
3620 3959 3780 4013 τοῦτο

2198 4063 2624 4133 παραλιπόντες,
2689 4060 3027 4131 ἱστόρησαν,
3090 4059 3173 4111 ὅτι
3233 4056 3377 4125 ἔγνω
3454 4056 3545 4107 τὸν
3601 4053 3780 4106 διαλο-

2197 4151 2396 4221 γισμὸν
2433 4151 2631 4204 αὐτῶν.
2671 4149 2783 4203 Καὶ
2817 4149 2847 4202 ὁ
2891 4150 2993 4219 μὲν
3024 4149 3090 4203 τὰ
3144 4146 3375 4219 ὕστερον
3422 4140 3597 4209 εἶπεν,
3643 4145 3693 4197 οἱ
3719 4144 3775 4196 δὲ

2197 4243 2265 4297 τὰ
2293 4242 2579 4314 πρότερον.
2624 4241 2928 4310 Ἀνάγνωθι
2954 4242 3010 4295 δὲ
3038 4242 3098 4293 ὲν
3127 4240 3207 4308 τῷ
3243 4239 3467 4308 ῥηθέντι
3494 4236 3779 4307 κεφαλαίῳ

2177 4334 2294 4389 ’τοῦ
2330 4335 2475 4389 κατὰ
2521 4334 2799 4388 Ματθαῖον
2832 4333 2932 4405 τὴν
2974 4334 3103 4403 ὃλην
3150 4331 3437 4403 ἐξήγησιν,
3488 4331 3779 4395 ἀναγκαιο-

2200 4429 2367 4499 τάτην
2395 4424 2582 4485 οὖσαν.

2270 4524 2379 4579 Καὶ
2409 4519 2583 4576 εἶπεν
2617 4553 2675 4562 —-
2697 4538 2796 4591 με.
2837 4522 2946 4575 Καὶ
2979 4518 3116 4572 ἄλλα
3142 4518 3249 4590 πρὸ
3288 4516 3498 4569 τούτων
3534 4516 3777 4586 είρηκεν,

506 4622 667 4686 dixit,
696 4638 819 4691 quae
869 4620 1161 4676 Matthzeus
1214 4620 1565 4689 conscripsit,
1611 4636 1709 4690 per
1754 4636 1877 4691 qua:
1922 4620 2087 4675 etiam

2200 4618 2345 4687 ἆπερ
2375 4616 2689 4687 ἀνέγραψεν
2723 4617 2751 4668 ὁ
2803 4614 3106 4678 Ματθαῖος,
3156 4611 3251 4679 ἀφ’
3292 4605 3367 4663 ὧν
3414 4609 3658 4679 εὐχερῶς
3688 4607 3779 4657 καὶ

507 4713 628 4767 inec
675 4712 833 4768 facile
883 4724 1331 4784 cognoscuntur;
1391 4728 1575 4782 quaere
1632 4728 1761 4784 ergo
1828 4714 1934 4768 illa.
1987 4709 2092 4767 Per

505 4820 743 4872 puerum
794 4821 925 4858 vero
976 4805 1341 4861 humilitatem
1388 4815 1444 4860 et
1484 4806 1851 4876 abjectionem
1907 4807 2081 4879 signi-

510 4891 692 4945 ticavi‘

580 4982 736 5036 Vers.
779 4981 865 5035 48.
917 4980 1061 5036 Nam
1093 5012 1160 5023 —
1186 5001 1430 5055 magnus.
1466 4986 1563 5041 llic
1595 4987 1718 5041 linis
1771 4995 1854 5041 est
1912 4987 2090 5040 inten-

511 5074 674 5129 tionis
754 5084 975 5144 propter
1030 5089 1192 5145 quam
1248 5093 1481 5145 puerum
1547 5080 1702 5153 juxta
1764 5095 1826 5133 se
1885 5079 2095 5133 statuit.

2196 4711 2372 4765 ταῦτα
2435 4707 2933 4779 διαγινώσκονται,
2986 4708 3081 4759 καὶ
3140 4703 3381 4773 ζήτησον
3440 4699 3611 4751 αὑτά.
3674 4698 3775 4750 Διὰ

2198 4804 2296 4857 τοῦ
2354 4803 2570 4855 παιδίου
2608 4802 2664 4853 δὲ
2700 4803 2798 4869 τὴν
2844 4801 3177 4853 ταπείνωσιν
3222 4798 3317 4847 καὶ
3363 4793 3639 4845 εὐτέλειαν
3676 4793 3780 4845 ὑπ-

2202 4896 2495 4966 εδήλωσεν.

2283 4988 2336 5039 Ὁ
2368 4986 2479 5056 γὰρ
2509 5016 2576 5025 -
2610 4985 2819 5055 μέγας.
2845 4982 3015 5037 Τοῦτο
3047 4983 3219 5053 πέρας
3249 4998 3343 5034 του
3387 4978 3611 5041 σκπιποῦ,
3631 4978 3697 5030 δι’
3722 4978 3780 5029 ὃν

2203 5080 2399 5150 ἔστησε
2425 5081 2484 5132 τὸ
2516 5077 2729 5130 παιδίον
2757 5076 2889 5148 παρ’
2923 5076 3103 5144 ἐαυτῷ
3121 5091 3135 5106 ·
3177 5073 3502 5144 μικρότερον
3526 5071 3580 5123 δε
3606 5072 3775 5138 λέγει,

508 5166 794 5220 Minimum
828 5175 1033 5231 autem,
1078 5167 1233 5236 [dixit
1272 5170 1657 5225 humillimum.
1708 5170 1916 5225 Similia
1959 5186 2088 5240 quo-

2200 5175 2291 5228 τὸν
2325 5171 2727 5240 ταπεινότερον.
2756 5166 2887 5222 Eine
2916 5169 2970 5221 δὲ
2996 5167 3221 5220 τοιαῦτα
3254 5167 3349 5218 καὶ
3376 5170 3434 5217 ἐν
3462 5164 3541 5234 τῷ
3582 5181 3779 5216 τεσσαι-

509 5276 618 5330 que
645 5259 785 5313 dixit
850 5258 1274 5328 quadragesimo
1335 5264 1498 5317 tertio
1559 5260 1841 5334 Evangelii
1897 5278 2094 5319 secun-

512 5352 643 5405 dum
692 5349 1005 5405 Matthaeurn
1062 5352 1240 5421 capite
1294 5372 1308 5407 :

511 5443 727 5512 capitis.

584 5534 740 5591 Vers.
793 5538 883 5594 49.
942 5537 1280 5609 Respondens
1340 5569 1406 5579 -—
1455 5539 1607 5594 Vers.
1665 5541 1753 5596 50.
1808 5550 1906 5595 est.
1962 5540 2089 5594 Haec

512 5627 674 5683 etiam
717 5631 936 5701 scripsit
963 5631 1178 5686 Marcus
1227 5630 1487 5691 vicesimo
1536 5633 1770 5701 septimo
1804 5632 1999 5701 capite,
2034 5641 2090 5686 et

514 5720 587 5772 ibi
627 5720 819 5777 horum
871 5723 987 5793 lege
1016 5722 1480 5794 explanationem.

1364 5362 1417 5408 et
1464 5352 1621 5423 juxta
1670 5354 1911 5409 medium
1972 5356 2090 5425 ejus

624 5865 667 5896 "’
697 5865 884 5921 Matth.
922 5884 1077 5935 xvm,
1116 5868 1167 5923 l.
1279 5868 1323 5900 ”
1356 5866 1521 5923 Marc.
1561 5884 1633 5935 ιχ,
1662 5870 1748 5924 53.

2203 5262 2453 5336 ρακοστῷ
2483 5263 2652 5333 τρίτῳ
2686 5261 2968 5332 κεφαλαίῳ
3020 5262 3113 5313 τοῦ
3168 5262 3307 5311 κατὰ
3356 5257 3659 5321 Ματθαῖον,
3688 5258 3783 5310 καὶ

2198 5360 2433 5427 ζήτησον
2466 5357 2593 5427 περὶ
2618 5356 2679 5409 τὸ
2716 5357 2881 5425 μέσον
2913 5354 3007 5429 τοῦ
3036 5355 3279 5407 τοιούτου
3312 5350 3639 5421 κεφαλαίου.

2284 5528 2653 5597 Ἀποκριθεὶς
2674 5557 2746 5568 --
2776 5528 2926 5580 ἐστι.
2954 5525 3137 5579 Ταῦτα
3167 5524 3261 5576 καὶ
3284 5527 3309 5576 ὁ
3354 5523 3578 5593 Μάρκος
3609 5520 3780 5593 ἔγρα-

2199 5627 2298 5691 ψεν
2326 5628 2386 5677 ἐν
2414 5625 2491 5695 τῷ
2523 5623 2753 5694 εἰκοστῷ
2787 5624 3000 5693 ἑϐδόμῳ
3046 5622 3351 5690 κεφαλαίῳ,
3379 5619 3473 5673 καὶ
3506 5617 3779 5686 ἀνάγνωθι

2202 5718 2318 5774 ἐκεῖ
2350 5721 2447 5789 τὴν
2480 5718 2685 5772 τούτων
2718 5718 3039 5789 σαφήνειαν.
