4016 6468
279 452 385 518 9Ξ3

1310 448 1697 512 COMMENT.
1743 450 1833 511 IN
1870 450 2154 514 LUCAM.
2185 478 2253 487 —
2288 450 2450 515 CAP.
2491 452 2601 513 IX.

3451 460 3556 524 951

361 567 636 637 Ἐγένετο
662 594 734 607 -
771 564 1182 636 Ἰερουσαλήμ.
1240 564 1486 638 Ἡμέρας
1518 569 1615 637 τῆς
1665 568 1855 639 ἀναλή-

2040 569 2197 634 Vers.
2248 571 2339 626 5t.
2397 570 2621 625 Factum
2659 578 2735 625 est
2761 600 2829 609 —
2860 571 3251 645 Hierosolyma.
3290 572 3418 630 Dies
3464 589 3555 631 οε·

276 663 424 731 diem;
461 658 625 715 αὐτοῦ
661 658 808 727 λέγει
839 659 933 711 τὸν
992 658 1186 729 καιρὸν
1218 659 1308 711 τδν
1351 660 1720 729 ἀφορισθέντα
1760 660 1861 729 με·

278 773 375 826 χρι
408 753 511 821 τῆς
541 751 864 821 ἀναλήψεως
902 750 1094 813 αὐτοῦ,
1121 752 1219 820 τῆς
1250 750 1360 804 duo
1380 752 1480 820 γῆς
1504 753 1583 814 εἰς
1604 752 1860 821 οὐρανόν.

280 842 520 911 Ἦγγιζε
563 843 671 911 γὰρ
699 841 801 911 ἤδη
833 842 931 895 καὶ
957 841 989 910 ή
1024 840 1307 912 ἀναίρεσις
1345 842 1534 906 αὑτοῦ,
1554 842 1700 912 καὶὴ
1732 842 1866 895 ἀνά-

280 951 491 995 στασις,
520 934 612 985 καὶ
650 933 683 999 ἡ
726 931 1015 997 ἀνάληψις.
1059 931 1375 1000 Ἐστήριξε
1402 931 1458 984 δὲ
1481 932 1541 984 τὸ
1572 932 1864 1003 πρόσωπον

278 1025 464 1084 αὐτοῦ.
493 1025 614 1077 ἀντὶ
674 1021 808 1084 τοῦ,
853 1022 1187 1092 ἁπηύθυνεν,
1235 1023 1376 1076 ὥστε
1419 1023 1748 1090 πορεύεσθαι
1782 1025 1864 1095 εἰς

288 1116 649 1185 Ἰερουσαλὴμ
708 1115 1144 1185 ἀμεταστρεπτὶ,
1199 1116 1557 1187 ιπειγόμενος
1612 1118 1748 1186 πρὸς
1803 1117 1864 1169 τὸ

279 1208 477 1269 Πάθος.
526 1208 839 1278 Γέγραπται
879 1209 988 1276 γὰρ
1022 1210 1080 1260 ὲν
1111 1210 1177 1279 τῇ
1221 1208 1388 1279 βίϐλῳ
1435 1209 1545 1261 τῶν
1578 1209 1860 1278 Ψαλμῶν·

287 1300 645 1369 Ἐπιστηριῶ
694 1300 793 1355 ἐπὶ
818 1301 895 1354 σὲ
924 1300 1069 1366 τοὺς
1114 1302 1463 1370 ὀφθαλμούς
1484 1319 1606 1369 μου
1655 1300 1858 1365 show,

272 1395 574 1462 ἀπερείσω,
603 1393 917 1459 ἀπευθυνῶ,
936 1393 1170 1455 ἁκλινῶς
1206 1392 1409 1461 βλέψω.

344 1486 455 1539 Kal
484 1516 549 1527 --
579 1485 788 1540 αὐτοῦ.
816 1484 1100 1555 Μηνυτάς.

346 1666 452 1720 Kal
477 1665 877 1731 πορευθέντες
905 1694 979 1705 -—
1004 1663 1403 1733 Σαμαρειτῶν.
1430 1665 1589 1719 Κατὰ
1625 1665 1863 1738 πάροδον

275 1755 443 1808 αὑτοῦ
478 1757 761 1826 κειμένην.

346 1851 533 1902 Ὥστε
590 1848 903 1917 ἑτοιμάσαι
971 1846 1153 1913 αὐτῷ.
1222 1845 1545 1917 Ύποδοχὴν,
1594 1846 1864 1924 δηλονότι,-

271 1942 408 2012 πρὸς
434 1942 768 2010 καταγωγὴν
802 1939 966 1993 αὑτοῦ
995 1957 1054 1993 τε
1085 1940 1182 1995 καὶ
1207 1941 1317 1994 τῶν
1347 1939 1445 1993 σὺν
1477 1938 1648 2011 αὐτῷ.

340 2110 450 2162 Kal
485 2110 597 2161 οὐκ
634 2138 700 2149 -
743 2107 1161 2176 Ἰερουσαλήμ.
1188 2106 1259 2160 Τὸ
1291 2107 1619 2174 πρόσωπον
1646 2107 1857 2173 αὑτοῦ,

267 2202 392 2253 ἀντὶ
421 2199 538 2260 τοῦ,
577 2198 758 2259 αὐτὸς.
793 2198 902 2250 ἀπὸ
939 2198 1163 2267 μέρους,
1187 2197 1248 2251 τὸ
1278 2198 1418 2255 ὅλον.
1446 2197 1561 2251 Ούκ
1586 2198 1856 2263 ἐδέξαντο,

269 2293 458 2362 φησιν,
492 2290 678 2349 αὑτὸν,
710 2291 843 2342 διότι
880 2285 949 2359 ἦν
970 2288 1339 2359 πορευόμενος
1364 2291 1445 2351 εἰς
1482 2288 1857 2360 Ἰερουσαλὴμ,

264 2384 360 2436 ἐπὶ
390 2385 516 2445 τοὺς
550 2383 782 2451 ἐχθροὺς
839 2380 1045 2435 αὐτῶν.
1087 2381 1379 2444 Ἐναντίως
1426 2381 1536 2451 γὰρ
1576 2383 1626 2435 ot
1656 2381 1849 2453 Σαμα-

269 2477 443 2546 ρεῖται
484 2474 621 2543 πρὸς
652 2474 781 2536 τοὺς
821 2472 1264 2543 Ἱεροσολυμίτας
1286 2474 1575 2528 διέκειντο.

333 2567 594 2633 Ἰδόντες
619 2566 688 2619 δὲ
712 2595 775 2607 -
792 2565 1017 2631 αὐτοῖς.
1039 2565 1152 2635 (59)
1188 2564 1856 2633 ’Υπολαμσάνω,τούτους

265 2654 406 2711 εἶναι
459 2659 585 2719 τοὺς
637 2656 1074 2720 ἀποσταλέντας.
1109 2656 1481 2727 Ὦργίσθησαν
1516 2656 1615 2727 μὲν
1642 2652 1758 2722 οὖν,
1780 2658 1857 2720 ὡς

261 2749 663 2818 ἀτιμασθέντος
690 2749 786 2801 τοῦ
833 2750 1162 2802 διδασκάλου
1186 2765 1201 2779 ·
1232 2748 1533 2819 ἠρώτησαν
1564 2750 1641 2816 δὲ,
1665 2752 1713 2803 si
1746 2750 1854 2821 χρὴ

262 2843 393 2903 scit;
410 2841 788 2909 ἀτιμάσαντας
820 2839 1155 2909 ἀμύνασθαι,
1182 2840 1258 2901 ὼς
1295 2839 1625 2911 μιμούμενοι
1660 2840 1853 2895 Ἠλίαν

260 2933 357 2983 τὸν
414 2931 684 3001 ζηλωτήν.
743 2931 1080 3001 Ἐπετίμησε
1108 2931 1173 2984 ’δε
1203 2932 1388 2991 αὐτοῖς
1420 2932 1449 2981 ὀ
1486 2931 1747 2997 Χριστὸς,
1774 2931 1851 2993 ὡς

260 3023 608 3087 ἀνεξίκακος,
638 3023 911 3075 παιδεύων
968 3023 1189 3084 αὐτοὺς,
1238 3021 1612 3091 μακροθύμως
1663 3026 1851 3093 φέρειν

259 3116 362 3174 τὰς
398 3111 622 3180 ἀτιμίας
660 3110 769 3162 τῶν
798 3110 1200 3165 ἀπειθούντων.
1246 3112 1544 3179 Ἐγίνωσκε
1584 3114 1683 3181 μὶν
1714 3113 1847 3182 γὰρ,

260 3204 346 3257 ὅτι
376 3205 438 3257 οὺ
471 3202 867 3273 παραδέξονται
903 3203 1066 3255 αὐτὸν
1103 3202 1215 3272 (60)
1238 3206 1287 3256 ot
1314 3204 1681 3273 Σαμαρεῖταιο
1711 3203 1849 3256 ἀπέ-
1882 3244 1926 3273 μ

261 3296 439 3347 στειλε
470 3295 527 3347 δὲ
566 3294 836 3363 μαθητὰς,
857 3294 946 3347 ἵνα
980 3294 1396 3363 ἀπειθησάντων
1439 3293 1540 3363 μὲν
1594 3294 1849 3359 ἐκείνων,

259 3387 631 3456 ὀργισθέντων
654 3386 710 3438 δὲ
734 3385 963 3449 τούτων,
980 3384 1261 3455 διαπλήξῃ
1289 3386 1384 3439 καὶ
1408 3385 1594 3457 διδάξῃ
1627 3386 1849 3450 αὐτοὺς,

261 3479 341 3550 μὴ
372 3476 766 3547 ὲπεξέρχεσθαι
808 3480 919 3540 τοῖς
949 3476 1411 3548 καταφρονοῦσιν.
1441 3476 1711 3547 Ἐμελλεν
1738 3478 1847 3548 γάρ

256 3572 321 3626 τὸ
356 3570 621 3640 κήρυγμα
672 3569 1139 3637 καταγγέλλοντες
1196 3569 1302 3623 ὑπὸ
1350 3568 1564 3622 πολλῶν
1594 3570 1851 3640 ἀποπέμο

260 3664 483 3715 πεαθαι.
521 3663 634 3731 Οὐχ
664 3663 876 3722 ἑαυτοῖς
910 3661 1139 3721 δὲ,ἀλ).ἀ
1164 3664 1230 3731 τῇ
1259 3660 1425 3713 αὑτοῦ
1461 3660 1685 3728 δυνάμει
1714 3659 1849 3728 θαῤ-

258 3754 483 3825 ροὖντες
514 3749 684 3813 εἷπον,
711 3753 793 3804 ὅτι
813 3754 1092 3821 Ειπωμεν
1108 3752 1228 3820 πῦρ
1254 3750 1586 3819 καταϐῆναι
1601 3750 1721 3805 ἀπὸ
1741 3750 1852 3804 τοῦ

254 3846 543 3914 ori-parat).

332 3941 394 3992 Et
429 3940 523 3992 καὶ
567 3938 680 4009 (6|)
706 3938 959 4008 παρῆκεν
980 3940 1007 3992 ὁ
1032 3938 1424 4009 Χρυσόστομος
1451 3938 1563 4010 (62)
1587 3938 1846 4005 ἐνταῦθα,

254 4033 337 4085 τό*
374 4035 493 4085 Οὐκ
528 4031 725 4084 οῖδατε
778 4032 909 4086 οἵου
941 4032 1285 4100 πνεύματός
1314 4032 1457 4085 ἐστε
1478 4046 1491 4059 ·
1524 4032 1639 4084 ἀλλ’
1672 4028 1766 4085 οὖν
1793 4034 1853 4085 ὲν

256 4126 468 4196 ἑτέροις
502 4123 681 4191 λόγοις
717 4124 1049 4183 Δεσποτικδν
1077 4119 1219 4177 εἶναι
1252 4123 1404 4191 λέγει
1450 4124 1548 4178 καὶ
1597 4126 1750 4177 τουτὶ
1785 4125 1849 4178 τὸ

260 4216 447 4285 ῥητόν.
504 4215 705 4269 Λοιπὸν
765 4219 946 4266 τοίνυν
1004 4214 1226 4283 πνεῦμα
1256 4217 1366 4266 νόει
1427 4231 1519 4283 μοι
1580 4215 1640 4265 τδ
1695 4215 1855 4280 ἅγιον

258 4309 505 4376 Πνεῦμα.
545 4305 717 4359 Τοῦτο
774 4306 883 4377 γὰρ
939 4306 1145 4374 ἀγαθόν
1198 4308 1316 4359 ἐστι
1364 4306 1464 4359 καὶ
1498 4306 1849 4373 ἀνεξίκακον,

257 4396 447 4468 ὥσπερ
480 4398 574 4450 καὶ
616 4398 684 4451 τά
733 4398 896 4451 λοιπὰ
936 4398 1206 4466 πρόσωπα
1236 4400 1335 4469 τῆς
1370 4400 1502 4469 μιᾶς
1533 4398 1850 4471 Θεότητος.]

256 4514 415 4568 ΚΕΦ.
434 4514 557 4567 AI".
579 4513 719 4581 Περὶ
740 4512 844 4567 τοῦ
869 4514 957 4584 μὴ
980 4514 1451 4584 ὲπιτρεπομένου
1466 4516 1849 4571 ἀκολουθεῖν.

330 4672 439 4725 Kal
460 4671 963 4739 ἐπορεύθησαν-ν
981 4672 1182 4738 κλίνῃ.
1208 4672 1457 4741 Ἔγραψε
1491 4672 1622 4742 περ).
1652 4674 1845 4728 τούτου

256 4766 351 4817 καὶ
382 4768 409 4819 ὀ
444 4767 723 4827 Matinio;
749 4768 805 4815 ἐν
824 4765 899 4834 τῷ
919 4766 1133 4836 δεκάτῳ
1178 4765 1482 4836 κεφαλαίῳ,
1507 4768 1600 4819 καὶ
1662 4768 1847 4839 ήρμη-

259 4856 528 4927 νεύθησαν
572 4859 690 4910 ἐκεῖ
732 4843 868 4927 (65).

329 4945 481 5003 Εἵατε
510 4978 576 4989 -
610 4950 947 5003 Θεοῦ.“Εκεῖ
980 4950 1074 5002 καὶ
1106 4951 1234 5020 περὶ
1271 4951 1466 5004 τούτου
1498 4952 1685 5019 σαφῶς
1714 4951 1850 5005 6:5!-

258 5040 465 5109 ληπται
488 5056 500 5068 ·
534 5041 761 5095 ἐκάλεσε
801 5041 858 5094 δὲ
904 5040 1093 5094 τοῦτον
1124 5044 1151 5094 ὁ
1184 5042 1442 5113 Χριστὸς,
1484 5041 1639 5103 εἰδὼς
1682 5042 1846 5095 αὑτὸν

259 5136 432 5201 ἄξιον.

364 5282 409 5314 ⁵⁸
442 5279 589 5334 Psal.
642 5294 792 5344 xxxi,
824 5279 880 5334 8.

1887 1909 1935 1967 B

1970 662 2300 732 sumptionis
2340 662 2536 731 ipsius.
2570 662 2703 717 dicit
2735 663 3060 733 prtelinitum
3120 674 3360 736 tempus,
3424 667 3554 722 dum

1966 770 1997 809 a
2030 763 2172 809 terra
2204 764 2579 810 assumeretur
2620 755 2673 809 in
2709 758 2953 823 etelum;
2984 757 3094 829 jam
3125 758 3270 812 enim
3312 760 3555 814 instabat

1965 841 2051 897 sui
2082 839 2435 910 interemptio
2465 856 2529 895 ac
2558 843 2892 897 resurrectio
2918 852 2971 897 et
3010 846 3335 913 assumptio,
3383 844 3557 916 obﬁr-

1965 927 2134 983 mavit
2166 928 2361 983 faciem
2396 943 2571 991 suam,
2615 928 2720 983 hoc
2749 939 2852 992 est,
2887 929 3108 993 direxit,
3162 942 3221 985 ut
3270 926 3375 986 iret
3423 931 3551 986 ilie-

1965 1016 2261 1085 rosolyma,
2296 1014 2655 1084 progrediens
2709 1014 2775 1069 ad
2812 1015 3147 1084 passionem,
3199 1030 3269 1070 ne
3321 1015 3554 1087 respici-

1964 1105 2110 1159 endo
2143 1105 2364 1174 quidem
2410 1106 2467 1159 in
2523 1114 2756 1175 tergum.
2814 1106 3087 1176 Scriptum
3144 1114 3229 1161 est
3292 1107 3438 1161 enim
3492 1108 3550 1162 in

1964 1197 2106 1252 libro
2134 1212 2352 1266 quoque
2381 1195 2719 1251 Psalmorum
2758 1214 2771 1249 :
2813 1196 3116 1265 Obﬁrmabo
3153 1214 3309 1265 super
3339 1208 3387 1252 te
3423 1215 3553 1251 ocu-

1963 1288 2043 1342 los
2073 1304 2215 1342 meos
2243 1288 2289 1320 "
2315 1303 2335 1353 ;
2371 1288 2487 1343 sive
2518 1287 2757 1360 infigam,
2793 1289 3046 1359 dirigam,
3097 1290 3552 1345 iudeciinabiliter

1963 1381 2250 1453 aspiciam.

2032 1473 2190 1529 γει-ε.
2227 1472 2316 1526 δε.
2350 1471 2418 1526 Et
2442 1502 2515 1512 —
2536 1487 2715 1536 suum,
2747 1469 2849 1525 Hic
2878 1470 3043 1525 etiam
3079 1469 3246 1527 dictio
3274 1471 3545 1540 ἀγγέλους

1962 1562 2285 1633 simpliciter
2332 1562 2558 1617 nuntios
2606 1560 2902 1632 signiﬁcat.

2031 1655 2191 1710 νει-ε.
2229 1652 2319 1708 52.
2353 1652 2421 1707 Et
2462 1661 2642 1707 euntes
2668 1682 2741 1693 ——
2766 1650 3261 1707 Samaritanorum.
3302 1652 3459 1720 Quod
3493 1655 3550 1709 in

1966 1746 2200 1801 transitu
2232 1746 2355 1814 ejus
2387 1744 2551 1799 situm
2582 1751 2722 1798 erat.

2034 1834 2190 1891 νεεδ.
2222 1834 2313 1889 52.
2374 1834 2440 1889 Ut
2464 1843 2717 1902 pararent
2746 1834 2849 1888 illi.
2906 1833 3216 1903 Hospitium
3265 1834 3550 1900 videlicet,

1962 1922 2029 1977 ad
2085 1921 2497 1992 susceptionem
2545 1921 2739 1991 ipsius,
2774 1929 2831 1975 et
2888 1921 3131 1989 illorum,
3179 1922 3274 1992 qui
3324 1938 3447 1978 cum
3483 1938 3551 1977 eo

1963 2024 2145 2069 erant.

2032 2102 2192 2159 Vers.
2225 2104 2314 2158 53.
2337 2104 2407 2157 Et
2431 2102 3018 2173 nun—Hierosolyma.
3054 2104 3246 2159 Facies
3280 2104 3422 2175 ejus,
3446 2106 3551 2163 hoc

1961 2204 2066 2258 est,
2104 2196 2245 2265 ipse,
2272 2210 2302 2249 a
2329 2204 2484 2264 parte
2538 2204 2735 2250 totum.
2770 2195 2887 2249 Non
2917 2204 3281 2265 receperunt.
3344 2198 3549 2267 inquit,

1961 2302 2112 2353 eum,
2146 2288 2273 2356 quia
2305 2289 2568 2359 pergebat
2617 2287 2989 2357 Hierosolyma
3015 2289 3081 2341 ad
3116 2287 3373 2344 inimicos
3394 2289 3543 2360 ipso-

1960 2393 2107 2433 rum.
2136 2377 2271 2431 Nam
2302 2376 2634 2431 Samaritani
2665 2376 2891 2431 inimico
2919 2377 3107 2431 animo
3146 2376 3329 2432 allecti
3390 2385 3551 2433 erant

1959 2470 2025 2523 ad
2058 2468 2539 2539 Hierosolymitas.

2029 2562 2185 2616 Vere.
2217 2563 2309 2616 54.
2340 2559 2490 2626 Quod
2548 2577 2665 2614 cum
2715 2562 3238 2617 vidissent—Vera.
3293 2560 3383 2615 55.
3439 2578 3552 2616 ser-

1956 2654 2211 2708 vandum.
2265 2650 2551 2723 Suspicor.
2591 2653 2694 2706 bos
2750 2652 2921 2706 fuisse
2973 2654 3304 2722 praemissos.
3360 2654 3550 2723 Itaque

1957 2743 2079 2798 irati
2118 2752 2282 2808 sunt,
2319 2744 2466 2812 quod
2503 2754 2896 2812 prmceptorem
2950 2744 3288 2813 sprevissent
3326 2761 3340 2796 :
3379 2744 3549 2798 inter-

1956 2844 2452 2904 rogaveruntergo,
2475 2849 2541 2886 an
2568 2834 2991 2902 contemptores
3023 2835 3212 2889 ulcisci
3242 2847 3546 2904 oporteret,

1960 2932 2151 2993 utpote
2181 2922 2393 2975 zeloten
2428 2922 2595 2975 Etiam
2655 2923 2954 2979 imitantes.
3013 2922 3323 2991 lncrepavit
3364 2934 3545 2977 autem

1957 3016 2081 3070 illos
2139 3016 2415 3075 Christus.
2455 3024 2713 3083 tanquam
2765 3014 3008 3069 clemens
3045 3031 3058 3067 :
3098 3015 3377 3070 instruens
3426 3030 3547 3081 eos,

1955 3116 2015 3160 ut
2040 3106 2450 3161 incredulorum
2480 3106 2714 3174 injurias
2736 3107 3005 3176 patienter
3023 3106 3250 3161 ferrent.
3267 3107 3547 3177 Siquidem

1957 3199 2187 3264 sciebat,
2224 3197 2363 3267 quod
2390 3213 2448 3251 se
2480 3198 2790 3267 suscepturi
2821 3214 2927 3252 non
2959 3209 3144 3253 essent
3174 3200 3500 3255 Samari‘tani
3529 3217 3545 3256 :

1960 3290 2109 3344 misit
2144 3300 2325 3343 tamen
2356 3290 2677 3360 discipulos,
2711 3300 2771 3344 ut
2831 3291 2940 3345 illis
2966 3307 3076 3346 non
3125 3295 3463 3363 parentibus,
3492 3304 3549 3350 et

1958 3383 2048 3437 liis
2073 3382 2468 3443 irascentibus,
2518 3382 2832 3451 objurgaret
2853 3398 2918 3437 ac
2941 3384 3165 3439 doceret
3198 3400 3295 3440 eos
3326 3401 3436 3441 non
3466 3387 3552 3441 in-

1954 3488 2181 3545 surgere
2217 3473 2271 3526 in
2302 3474 2423 3528 illos
2444 3474 2536 3543 qui
2578 3485 3023 3529 contemnerent.
3075 3475 3344 3532 Futurum
3397 3480 3548 3534 enim

1956 3574 2103 3629 erat,
2163 3575 2224 3619 ut
2257 3580 2381 3619 cum
2431 3564 2787 3637 Evangelium
2843 3567 3258 3634 annuntiarent,
3291 3584 3321 3622 a
3354 3571 3546 3627 multis

1955 3658 2403 3728 repudiarentur.
2436 3657 2554 3712 Non
2589 3658 2689 3712 sibi
2732 3658 2863 3729 ipsis
2902 3669 3115 3725 autem,
3154 3662 3249 3715 sed
3281 3661 3349 3715 de
3400 3662 3547 3719 illius

1954 3750 2199 3820 potentia
2252 3748 2595 3804 confidentes
2662 3749 2971 3805 dixerunt:
3016 3749 3106 3803 Vis
3165 3752 3426 3817 dicamus,
3488 3762 3549 3808 ut

1954 3842 2092 3912 ignis
2130 3843 2195 3895 de
2228 3840 2355 3895 caelo
2389 3840 2670 3895 descendat
2704 3842 2729 3897 2

2024 3935 2105 4007 ﬁ-
2143 3936 2363 3989 Etiamsi
2398 3934 2810 4005 praetermiserit
2842 3935 2949 3990 hoc
2967 3935 3086 3990 loco
3124 3936 3550 4008 Chrysostomus

1954 4030 2057 4084 ista
2091 4045 2104 4082 :
2133 4028 2358 4083 Nescitis
2402 4028 2554 4096 cujus
2574 4028 2790 4096 spiritus
2814 4029 2938 4083 estis
2962 4068 2979 4094 ,
3016 4028 3200 4084 sedsin
3228 4031 3351 4084 aliis
3372 4032 3552 4086 homi-

1953 4122 2043 4176 liis
2074 4121 2178 4172 boc
2203 4119 2414 4173 Domini
2453 4136 2776 4188 responsum
2794 4136 2919 4174 esse
2943 4124 3038 4173 ait.
3074 4121 3245 4192 Igitur
3277 4122 3544 4191 Spiritum

1959 4211 2185 4281 quidem
2227 4209 2474 4279 intellige
2508 4209 2775 4279 Spiritum
2809 4220 3083 4265 sanctum.
3122 4213 3169 4266 Is
3198 4214 3344 4267 enim
3376 4214 3550 4269 bonus

1956 4312 2042 4358 est
2079 4312 2137 4356 et
2176 4301 2490 4373 indulgens,
2523 4311 2584 4355 ut
2613 4302 2835 4371 reliqua:
2866 4317 3118 4373 personae
3143 4305 3305 4359 unius
3337 4313 3548 4360 natura:

1957 4396 2181 4450 divinc.

2025 4512 2179 4567 CAP.
2216 4508 2462 4565 XXXI“.
2502 4508 2577 4564 De
2606 4526 2664 4564 eo
2714 4510 2799 4562 cui
2840 4526 2942 4563 non
2978 4510 3215 4580 permisit
3264 4521 3319 4565 ut
3367 4529 3550 4585 seque-

2656 4589 2825 4633 τειιιν.

2027 4674 2188 4729 Vers.
2234 4674 2322 4728 56.
2358 4672 2425 4726 Et
2458 4673 2705 4727 abierunt
2738 4702 2808 4713 —
2855 4670 3014 4728 Vers.
3047 4674 3136 4728 58.
3190 4675 3425 4730 reclinet.
3475 4676 3550 4731 De

1958 4768 2062 4823 hoc
2092 4776 2146 4820 et
2184 4766 2472 4820 Mattbaaus
2519 4765 2739 4833 scripsit
2778 4764 3110 4820 duodecimo
3148 4769 3349 4836 capite,
3394 4778 3449 4822 et
3475 4770 3548 4823 ibi

1959 4861 2135 4931 posita
2161 4870 2243 4914 est
2270 4858 2670 4927 interpretatio.

2033 4954 2191 5011 νει-ε.
2231 4954 2317 5009 59.
2377 4954 2457 5007 Ait
2488 4984 2551 4993 —
2586 4951 2738 5008 Vers.
2783 4954 2872 5009 60.
2906 4957 3022 5011 Dei.
3060 4957 3135 5013 lbi
3160 4960 3326 5013 etiam
3387 4960 3549 5029 plane

1956 5050 2024 5105 de
2053 5049 2158 5104 boe
2188 5048 2525 5118 disputatum
2558 5059 2663 5102 est.
2684 5049 2843 5104 Hunc
2860 5066 2989 5106 vero
3011 5049 3265 5108 Christus
3290 5055 3543 5118 vocabat,

1957 5143 2140 5199 sciens
2191 5156 2318 5196 eum
2337 5140 2585 5210 dignum.

1458 5347 1663 5411 Varia:
1706 5348 2017 5413 lectiones
2044 5356 2107 5413 et
2138 5358 2332 5414 notae.

337 5520 446 5587 (59)
470 5518 566 5573 Hic
594 5516 895 5573 lientenius
928 5518 1178 5587 quaedam
1219 5516 1367 5571 addit
1394 5533 1459 5572 ex
1486 5516 1846 5585 editionibus,

260 5592 523 5659 utisupra
559 5592 673 5659 ipse
718 5591 930 5643 monuit
969 5590 1021 5642 in
1074 5588 1419 5642 Praeiatione.

333 5666 444 5727 (60)
473 5661 697 5725 Τοῦτον,
726 5676 823 5729 pro
862 5659 1044 5715 αὐτόν.
1079 5667 1144 5712 Α.

332 5732 442 5811 (βε)
475 5732 603 5785 Haec
640 5727 869 5800 uterque
926 5730 983 5783 in
1016 5730 1285 5800 margine.
1329 5728 1494 5785 Caret
1555 5744 1622 5784 eo
1694 5727 1845 5786 Hen-

261 5812 463 5936 mnlitiu‘is).
510 5869 671 5926 Prius
715 5886 844 5943 ergo
904 5871 1277 5943 (lbrysostomi
1303 5870 1633 5927 auctoritate
1661 5882 1845 5931 motus

1950 5520 2279 5590 Euthymius
2306 5521 2592 5585 omiserat,
2658 5525 2755 5579 καὶ
2815 5520 3005 5579 εἶπενο
3045 5526 3146 5579 οὐκ
3203 5528 3270 5581 ad
3325 5528 3543 5586 σῶσαι·

1949 5592 2305 5667 de_inde_vero
2344 5592 2592 5662 ejusdem
2626 5597 2948 5667 auctoritate
2987 5597 3377 5667 interpretatus
3430 5612 3537 5656 est.

1945 5661 2207 5739 _Atld_enda
2237 5661 2548 5739 ergoerant
2598 5666 2878 5739 codicibus
2907 5661 3183 5737 Euthyln'ii
3220 5670 3273 5722 in
3309 5674 3537 5739 repetita

1951 5734 2207 5809 lectione.
2238 5732 2344 5789 Sed
2372 5738 2472 5788 hoc
2498 5734 2831 5803 neglectum.
2852 5732 3085 5809 Copiose
3108 5739 3176 5794 de
3209 5740 3313 5796 boc
3338 5732 3451 5796 dixi
3480 5744 3537 5796 in

1949 5802 2011 5857 ἵ.
2041 5801 2107 5855 Τ.

2016 5873 2128 5946 ’65)
2191 5874 2280 5931 Ἐν
2320 5876 2535 5950 ἐκείνῳ,
2572 5892 2671 5951 pro
2695 5878 2831 5933 ἐκεῖ.
2859 5878 2921 5935 Β.
