4016 6458
530 405 633 466 935

1739 400 2124 462 EUTllYMll
2174 399 2539 462 ZlGABENI

3669 401 3778 467 936

603 515 755 568 Vers.
822 511 908 566 Gl.
966 510 1219 585 Dis-it—
1256 510 1412 567 Vera.
1457 509 1551 564 82.
1611 525 1768 580 regno
1829 508 1943 562 Dei.
1997 509 2080 576 Qu

2273 504 2423 562 Εἶπε
2454 537 2526 549 -—
2571 506 2903 572 ,ϐασιλείαν
2943 509 3051 564 τοῦ
3102 507 3273 563 Θεοῦ.
3324 507 3384 561 '0
3421 507 3775 580 ἐπιχειρήσας

532 621 689 659 arare
713 614 968 668 conatur,
998 614 1052 660 et
1083 622 1111 660 a
1147 615 1298 674 tergo
1329 601 1571 673 respicit,
1598 601 1902 672 corrumpit
1929 617 2098 657 cona-

529 707 618 749 tus
645 694 1131 763 promptitudinem
1159 693 1408 764 segnitie,
1445 707 1550 762 qua
1594 707 1621 745 a
1649 700 1800 762 tergo
1854 693 2098 761 respicit.

529 785 843 840 Parabolice
869 801 1001 856 ergo
1025 785 1275 841 Salvator
1311 785 1468 852 dixit,
1499 794 1740 840 aratrum
1777 791 1832 838 et
1883 784 1996 852 (xx)
2021 799 2098 837 se-

526 876 614 945 qui
636 891 691 928 se
717 891 736 928 :
767 884 821 930 et
840 873 1176 929 tantumdem
1198 883 1302 938 est,
1324 888 1389 928 ac
1423 873 1467 928 si
1497 874 1641 929 dicat
1665 871 1992 942 :Nemo,fqtti
2012 887 2100 926 me

523 966 680 1034 sequi
714 975 963 1025 conatur,
989 965 1035 1019 si
1071 980 1102 1019 a
1126 973 1276 1035 tergo
1327 966 1608 1034 respiciat,
1648 967 1752 1020 hoc
1779 975 1885 1029 est,
1939 981 2094 1021 men-

526 1066 631 1109 tem
657 1057 832 1110 adhuc
881 1056 947 1109 ad
981 1056 1304 1125 temporalia
1355 1057 1574 1121 habeat,
1595 1067 1756 1126 aptus
1773 1064 1858 1112 est
1893 1057 1962 1112 ad
2006 1071 2095 1111 re-

523 1162 687 1217 gnum
713 1147 827 1200 Dei.
859 1145 1084 1217 Oportet
1103 1147 1248 1201 enim
1281 1162 1426 1210 eum,
1459 1147 1551 1215 qui
1573 1147 1728 1218 eligit
1756 1149 1912 1218 sequi
1937 1147 2098 1202 Chri-

523 1250 666 1293 stum
691 1239 982 1294 confestim
1011 1239 1192 1294 omnia
1215 1239 1501 1308 despicere
1517 1248 1574 1294 et
1607 1240 1784 1310 sequi,
1817 1255 1886 1294 ne
1903 1241 2096 1296 oculos

520 1331 741 1400 quidem
781 1331 850 1386 ab
876 1345 941 1385 eo
967 1329 1307 1396 diversendo,
1341 1345 1411 1384 ne
1435 1330 1574 1385 forte
1601 1329 1789 1386 habitu
1821 1347 1884 1386 ac
1908 1333 2096 1402 specie

521 1437 713 1476 eorum
768 1437 889 1490 qua:
926 1437 956 1475 a
1013 1429 1161 1492 tergo
1219 1430 1366 1487 sunt,
1397 1423 1716 1478 retineatur.
1771 1423 1915 1489 Quid
1949 1424 2095 1480 enim

520 1515 632 1570 Deo
683 1514 978 1584 optabilius
1035 1529 1101 1567 ac
1134 1514 1528 1583 praestantius?

583 1627 736 1682 CAP.
771 1627 1012 1682 XXXIV.
1046 1627 1124 1681 De
1141 1627 1429 1697 designatis
1449 1628 1782 1698 septuaginta
1813 1629 2091 1697 apostolis.

516 1719 650 1788 Cap.
679 1717 750 1772 X.
784 1718 940 1772 Vera.
1011 1731 1048 1770 ι.
1103 1715 1226 1769 Post
1283 1716 1393 1769 haec
1420 1745 1492 1754 —
1523 1718 1886 1786 septuaginta.
1941 1718 2093 1787 Apo-

2205 600 2490 672 ἀροτριᾷν.
2519 600 2612 652 καὶ
2647 598 2862 669 βλέπων
2892 599 2973 663 είς
3002 600 3071 652 τά
3103 600 3300 663 ὀπίσω,
3321 600 3531 671 φθείρει
3555 602 3615 654 τὸ
3635 604 3778 673 πρό-

2201 691 2372 762 θυμον
2403 691 2502 761 τῆς
2539 691 2931 761 ἐπιχειρήσεως
2951 692 3019 760 τῇ
3053 689 3300 761 ῥᾳθυμίᾳ
3329 691 3423 745 τοῦ
3449 690 3668 762 βλέπειν
3691 693 3775 754 είς

2198 781 2264 835 τὸ
2301 781 2498 835 ὀπίσω.
2545 781 2942 852 Παραϐολικῶς
2985 781 3164 834 τοίνυν
3216 783 3245 835 ὀ
3274 783 3464 853 Σωτὴρ
3519 781 3775 850 ἄροτρον

2197 872 2470 943 ὠνόμασε,
2493 872 2554 926 τὸ
2575 872 2888 926 ἀκόλουθεῖν
2913 873 2980 925 αὑ
2991 871 3082 942 τῷ,
3108 872 3298 940 λέγων,
3330 874 3412 928 ὅτι
3441 874 3627 936 Οὐδεὶς
3651 876 3772 924 ἐπει

2198 965 2462 1037 χειρήσας
2487 963 2807 1019 ἀκολουθεῖν
2842 981 2958 1032 μοι,
2983 962 3078 1016 καὶ
3111 963 3325 1034 βλέπων
3359 967 3440 1028 είς
3466 965 3534 1018 τὰ
3567 965 3765 1026 ὀπίσω,

2198 1058 2464 1123 τουτέστι,
2501 1058 2593 1111 τὸν
2627 1055 2754 1110 νοῦν
2782 1056 2862 1109 ἔτι
2895 1055 3034 1126 ἔχων
3069 1055 3147 1120 είς
3171 1055 3244 1109 τὰ
3294 1055 3546 1126 βιωτικὰ,
3581 1059 3769 1126 ἐπιτή-

2198 1151 2336 1214 δειός
2368 1151 2517 1204 ἔστιν
2573 1152 2653 1214 είς
2675 1148 2775 1220 τὴν
2829 1147 3111 1218 βασιλείαν
3163 1147 3260 1200 τοῦ
3291 1146 3449 1201 Θεοῦ.
3477 1149 3595 1219 Χρὴ
3628 1150 3766 1218 γὰρ,

2198 1243 2288 1295 τὸν
2319 1241 2573 1311 ἑλόμενον
2602 1239 2663 1293 τὺ
2688 1239 3006 1295 ἀκολουθεῖν
3035 1238 3114 1309 τῷ
3155 1238 3401 1308 Χριστῷ,
3431 1240 3646 1293 πάντων
3671 1241 3764 1293 εὑ-

2199 1332 2336 1395 θέως
2371 1331 2668 1402 ὑπεριδεῖν,
2701 1331 2792 1384 καὶ
2839 1330 3254 1400 ἀμεταστρεπτὶ
3294 1321 3466 1397 τούτῳ
3513 1329 3766 1392 ἔπεσθαι,

2199 1424 2411 1493 μήποτε
2429 1425 2494 1492 τῇ
2517 1423 2698 1492 σχέσει
2729 1422 2834 1474 τῶν
2860 1422 3037 1474 ὀπίσω
3059 1420 3396 1490 κατασχεϐᾖ.
3425 1419 3487 1474 Τί
3513 1419 3618 1490 γὰρ
3634 1421 3768 1474 θεοῦ

2199 1516 2576 1588 ποθεινότερόν
2600 1535 2662 1571 τε
2690 1519 2782 1570 καὶ
2815 1516 3253 1587 προτιμότερονς

2197 1630 2353 1682 ΚΕΦ.
2379 1629 2499 1684 ΛΔ’.
2516 1629 2656 1696 Περὶ
2693 1627 2814 1682 τῶν
2844 1627 3321 1698 (traduxi?er
3347 1626 3767 1695 ἐϐδομήκοντα.

2265 1717 2425 1772 Μετὰ
2469 1716 2654 1771 ταῦτα
2681 1747 2753 1758 -
2805 1717 3233 1786 ἐϐδομήκοντα.
3281 1717 3772 1787 ’Δποστόλους,δηο

516 1810 684 1864 stolos
713 1808 989 1864 videlicet.
1027 1806 1180 1862 Multi
1212 1805 1358 1861 enim
1389 1807 1654 1863 credituri
1678 1820 1856 1872 erant,
1894 1820 1949 1864 et
1972 1811 2084 1880 plu-

2193 1809 2393 1863 λονότι.
2418 1809 2610 1862 Πολλοὶ
2638 1809 2750 1881 γὰρ
2779 1808 3004 1879 ἔμελλον
3039 1809 3318 1862 πιστεύειν
3350 1810 3441 1862 καὶ
3485 1807 3642 1878 χρεία
3671 1825 3770 1876 κη-

518 1903 673 1957 ribus
724 1900 1172 1971 prasdicatoribus
1223 1915 1364 1969 opus
1427 1909 1566 1954 erat.
1630 1899 1926 1958 Duodecim
2012 1905 2084 1958 si-

2199 1898 2378 1967 ρύκων
2431 1899 2692 1952 πλειόνων
2738 1894 2829 1968 ἦν.
2849 1897 3065 1952 Δώδεκα
3107 1897 3208 1967 μὶν
3247 1893 3348 1980 ρῦν
3409 1899 3718 1964 ἀπόστολοι,
3743 1899 3771 1950 ὀ

513 1996 735 2064 quidem
793 1993 1023 2062 apostoli
1077 1994 1288 2063 primus
1337 2002 1449 2047 erat
1489 1995 2088 2067 chorus;septuaginta

512 2102 667 2153 vero,
721 2087 1018 2142 secundus.
1061 2085 1172 2139 llos
1200 2094 1386 2140 autem
1447 2086 1744 2142 duodecim
1771 2097 1827 2144 et
1857 2099 2085 2158 septua-

513 2179 662 2250 ginta
719 2176 1143 2249 prmllgurabant
1187 2177 1474 2234 duodecim
1500 2177 1676 2235 fontes
1701 2195 1990 2250 aquarum,
2033 2190 2090 2237 et

513 2268 857 2339 septuaginta
918 2268 1096 2321 trunci
1136 2267 1442 2335 palmarum
1477 2268 1532 2321 in
1579 2267 1770 2336 JElim,
1805 2270 1873 2324 ad
1922 2286 2086 2340 quam

507 2367 777 2416 venerunt
805 2356 1060 2413 lsraelita:
1099 2359 1163 2422 ⁸⁸,
1208 2357 1298 2412 ubi
1351 2371 1500 2412 mare
1529 2356 1774 2414 Rubrum
1806 2371 2091 2430 pertrans-

508 2450 702 2505 issent.

579 2539 738 2592 Vers.
771 2553 809 2593 t.
841 2537 908 2591 Et
935 2537 1106 2592 emisit
1128 2567 1198 2578 ο-
1227 2547 1345 2593 erat
1388 2541 1496 2608 ipse
1523 2549 1792 2595 venturus.
1814 2539 2087 2597 Similiter

507 2644 564 2690 et
609 2631 896 2689 duodecim
953 2629 1290 2702 conjunctim
1341 2628 1451 2701 (ειν)
1504 2630 1706 2697 emisit,
1756 2632 1914 2687 sicuti
1953 2633 2090 2688 dixit

509 2725 723 2782 Marcus
775 2723 989 2782 decimo
1046 2735 1244 2796 quarto
1279 2726 1495 2795 capite;
1550 2724 1647 2782 sed
1703 2724 1998 2780 duodecim
2031 2725 2086 2781 in

509 2833 702 2873 omnes
757 2817 1009 2874 civitates
1060 2834 1124 2873 ac
1173 2834 1343 2889 pagos
1393 2819 1562 2874 Israel
1589 2821 1794 2886 emisit,
1823 2829 2084 2890 tanquam

507 2909 865 2981 perfectiores
901 2927 916 2966 :
953 2912 1297 2983 septuaginta
1331 2926 1484 2976 vero,
1538 2911 1594 2964 in
1634 2914 1778 2966 solas
1813 2928 1906 2966 eas
1963 2929 2086 2984 qua)

504 3004 561 3058 in
597 3003 832 3055 transitu
870 3011 1046 3066 erant,
1105 3017 1205 3071 per
1236 3017 1374 3071 quas
1421 3005 1527 3058 iter
1583 3002 1826 3057 facturus
1855 3015 1994 3072 erat,
2024 3014 2084 3059 ut

502 3095 864 3164 prmdicarent
945 3095 1333 3149 remissionem
1424 3104 1790 3166 peccatorum,
1855 3098 2084 3166 ejusque

503 3185 822 3250 adventum,
850 3185 942 3255 qui
974 3186 1354 3241 remissionem
1374 3186 1593 3241 illorum
1620 3187 1906 3243 tribueret.

575 3363 806 3418 Vcrs.2.
853 3364 1072 3419 Dicebat
1102 3394 1171 3406 ——
1207 3367 1388 3435 pauci.
1443 3367 1681 3423 Messem
1743 3367 1877 3424 dicit
1935 3369 2079 3437 illos,

514 3457 610 3528 qui
642 3455 710 3512 ab
736 3455 1062 3512 inﬁdelitate
1111 3458 1448 3524 demetendi,
1500 3469 1556 3515 et
1604 3461 1673 3516 ad
1711 3460 1874 3516 ﬁdem
1923 3477 2078 3517 suam

501 3557 658 3601 erant
714 3549 1087 3616 eomportandi
1123 3567 1138 3603 :
1177 3551 1457 3619 operarios
1491 3567 1642 3618 vero,
1699 3555 1998 3623 apostolos,
2024 3566 2081 3611 et

500 3639 816 3709 quicunque
855 3640 921 3694 ad
955 3640 1058 3695 boc
1087 3642 1589 3698 subministrarem.
1616 3643 1716 3702 Hic
1740 3657 1923 3702 autem
1959 3663 2078 3702 ma-

498 3731 752 3786 nifestata
777 3741 1038 3788 estcausa
1061 3735 1425 3804 promotionis
1445 3737 1688 3806 ipsorum
1708 3741 2075 3813 septuaginta,

496 3833 553 3879 et
584 3834 763 3878 tamen
798 3840 1004 3894 paucos
1034 3826 1214 3880 adhuc
1240 3841 1364 3882 esse
1396 3829 1531 3884 dicit
1555 3845 1751 3886 omnes
1797 3835 2076 3903 apostolos

493 3917 561 3971 ad
591 3915 992 3971 multitudinem
1029 3918 1270 3984 ilforum,
1302 3920 1394 3989 qui
1427 3922 1683 3976 credituri
1716 3934 1893 3979 erant.

569 4006 726 4062 Vers.
778 4007 833 4062 2.
875 4008 1075 4078 Rogate
1105 4038 1177 4048 —
1219 4026 1394 4066 suam.
1444 4013 1631 4068 Hocet
1653 4014 1728 4081 id,
1757 4015 1901 4084 quod
1949 4026 2076 4071 ante

498 4104 644 4158 istud
673 4101 970 4172 prteccssit,
999 4103 1165 4161 etiam
1185 4103 1322 4163 dixit
1386 4105 1442 4162 in
1477 4106 1585 4165 {ine
1611 4107 1818 4166 decimi
1896 4112 2074 4171 octavi

493 4197 647 4266 juxta
689 4197 1011 4252 Slatthmum
1052 4199 1267 4269 capitis,
1296 4202 1391 4256 sed
1440 4203 1513 4258 ibi
1560 4220 1793 4260 messem
1846 4208 2073 4264 multam

495 4289 734 4359 appellat
784 4307 880 4346 eos
941 4292 1034 4361 qui
1088 4293 1156 4348 de
1180 4292 1387 4350 Iudaeis
1433 4307 1592 4352 erant
1638 4300 1900 4356 credituri
1936 4320 1950 4356 :
1982 4303 2071 4358 hic

491 4390 673 4435 autem
719 4397 814 4436 eos
867 4385 959 4451 qui
999 4399 1063 4438 ex
1112 4387 1370 4456 gentibus
1401 4404 1416 4444 :
1444 4398 1499 4443 et
1527 4389 1598 4444 ibi
1637 4391 1898 4448 admonet
1938 4395 2073 4450 duo-

487 4470 686 4534 decim,
724 4481 782 4526 ut
808 4483 968 4528 orent
1001 4489 1098 4542 pro
1127 4477 1427 4534 emissione
1466 4479 1662 4536 horum
1698 4487 2066 4555 septuaginta.

2191 1989 2408 2060 πρῶτος
2437 1989 2597 2059 χορός
2617 2005 2631 2019 ο
2659 1987 3030 2058 ἑϐδομήκοντα
3065 1989 3145 2055 δὲ,
3171 1991 3198 2041 ό
3228 1987 3504 2058 δεύτερος.
3530 1989 3766 2051 Τούτους

2192 2079 2248 2131 δὲ
2272 2078 2397 2141 τοὺς
2451 2077 2677 2142 δώδεκα,
2707 2078 2801 2130 κα).
2857 2079 2982 2141 τοὺς
3039 2076 3435 2146 ἑϐδομήκοντα,
3462 2077 3628 2129 πάλαι
3657 2075 3769 2147 (δι)

2193 2169 2632 2242 προετύπουν,ὲν
2659 2173 2724 2240 τῇ
2750 2171 2968 2238 Αίλεὶμ,
2993 2172 3071 2232 είς
3089 2169 3154 2240 ἢν
3185 2166 3347 2240 ἦλθον
3369 2171 3418 2221 οἱ
3437 2169 3769 2240 Ἰσραηλῖται

2194 2261 2485 2324 διαϐάντες
2513 2264 2613 2333 τὴν
2636 2261 2911 2331 Ἐρυθρὰν
2938 2261 3241 2327 θάλασσαν,
3271 2263 3324 2315 al
3351 2262 3556 2315 δώδεκα
3585 2263 3763 2333 πηγαὶ

2188 2353 2298 2405 τῶν
2331 2352 2558 2419 ὑδάτων,
2609 2353 2704 2406 καὶ
2736 2354 2806 2407 τά
2839 2352 3214 2423 έὸδομήκοντα
3267 2353 3492 2424 στελέχη
3518 2354 3625 2407 τῶν
3649 2371 3770 2424 φοι-

2191 2444 2382 2499 νίκων.

2258 2537 2370 2591 Καὶ
2423 2535 2788 2591 ἀπέστειλεν
2832 2566 2901 2579 --
2941 2535 3200 2604 ἔμελλεν
3230 2536 3418 2602 αὐτὸς
3465 2536 3766 2605 ἔρχεσθαι.

2188 2628 2302 2682 Καὶ
2324 2629 2452 2691 τοὺς
2489 2627 2698 2680 δώδεκα
2731 2625 2934 2696 ὁμοίως
2962 2625 3102 2680 κατά
3128 2625 3393 2692 συζυγίαν
3422 2627 3766 2692 ἀπέστειλεν,

2189 2719 2264 2782 ὡς
2290 2719 2484 2789 εἴρηκε
2508 2719 2736 2789 Μάρκος
2777 2719 2838 2772 ὲν
2862 2717 2939 2789 τῷ
2983 2718 3564 2791 τεσσαρεσκαιδεκάτη)
3597 2735 3768 2785 κεφα-

2190 2809 2330 2881 λαίῳ
2353 2823 2366 2838 ⁸
2400 2809 2539 2864 ἀλλὰ
2567 2811 2693 2873 τοὺς
2716 2808 2927 2863 δώδεκα
2967 2809 3068 2878 μὲν
3121 2811 3202 2873 είς
3250 2808 3428 2872 πάσας
3471 2809 3569 2871 τὰς
3590 2809 3771 2872 πόλεις

2187 2903 2283 2958 καὶ
2306 2901 2502 2974 κώμας
2528 2903 2622 2959 τοῦ
2653 2901 2875 2975 Ἰσραὴλ
2903 2901 3245 2962 ἀπέστειλεν,
3268 2901 3342 2965 ὡς
3366 2901 3482 2954 τελε
3493 2903 3595 2955 ιοτέ
3605 2919 3730 2970 ρους
3751 2917 3764 2932 ·

2186 3000 2313 3061 τοὺς
2346 2999 2722 3071 ἑϐδομήκοντα
2761 2998 2840 3065 δὲ,
2868 2999 2948 3061 είς
3004 2997 3175 3069 μόνας
3206 2995 3306 3053 τὰς
3336 2994 3474 3053 κατὰ
3533 2995 3767 3067 πάροδον

2189 3089 2353 3142 αὑτοῦ
2380 3093 2664 3160 κειμένας,
2690 3091 2758 3142 δι’
2801 3084 2874 3143 ὧν
2925 3088 3122 3160 ἔμελλε
3180 3090 3535 3161 πορεύεσθαι,
3558 3089 3764 3161 κηρύτ-

2112 3198 2154 3255 c
2187 3198 2380 3244 τοντας
2438 3181 2732 3251 μετάνοιαν
2781 3181 3222 3251 ἁμαρτημάτων,
3285 3182 3381 3234 καὶ
3433 3181 3616 3250 ἄφιξιν
3673 3181 3767 3234 τοῦ

2191 3273 2429 3344 χορηγοῦ
2463 3272 2562 3342 τῆς
2590 3273 2796 3326 τούτων
2831 3273 3100 3342 ἀφέσεως.

2263 3368 2470 3436 Ἔλεγε
2499 3395 2568 3407 —
2603 3366 2814 3436 ὀλίγοι.
2835 3366 3106 3437 Θερισμδν
3136 3367 3237 3437 μὲν
3261 3365 3408 3435 λέγει
3455 3367 3583 3429 τοὺς
3617 3367 3766 3438 Bapt-

2191 3459 2559 3529 σθησομένους
2583 3459 2694 3529 (65)
2719 3459 2826 3512 ἀπὸ
2853 3459 2952 3527 τῆς
2977 3460 3237 3522 ἀπιστίας
3266 3460 3360 3512 καὶ
3387 3459 3765 3528 συγκομισθη-

2190 3551 2450 3622 σομένους
2501 3552 2581 3616 είς
2635 3550 2732 3622 τὴν
2787 3550 2967 3604 πίστιν
3018 3549 3212 3604 αὑτοῦ·
3243 3552 3483 3620 ἐργάτας
3537 3550 3766 3615 δὲ,τοὺς

2189 3645 2545 3710 ἀποστόλους,
2577 3645 2705 3707 τοῦς
2731 3643 3143 3714 ὑπηρετοῦντας
3166 3647 3243 3706 εἰς
3264 3643 3441 3696 τοῦτο.
3463 3644 3764 3714 Δεδήλωται

2186 3738 2242 3790 δὲ
2270 3737 2507 3791 ἐνταῦθα
2538 3738 2571 3807 ἡ
2598 3738 2750 3790 αἰτία
2777 3736 2881 3804 τῆς
2908 3736 3186 3806 προϐολῆς
3213 3736 3321 3788 τῶν
3360 3735 3755 3806 ἑϐδομήκοντα.

2184 3829 2296 3882 Καὶ
2326 3829 2407 3881 ἔτι
2454 3828 2510 3882 δὲ
2569 3827 2785 3896 ὀλίγους
2840 3827 3043 3898 ἔφησεν
3075 3822 3216 3880 εἶναι
3271 3827 3396 3888 τοὺς
3443 3828 3763 3895 σύμπαντας

2184 3926 2540 3990 ἀποστόλους,
2559 3925 2695 3993 πρὸς
2711 3925 2772 3977 τὸ
2787 3923 2988 3994 πλῆθος
3011 3921 3122 3975 τῶν
3143 3921 3445 3992 μελλόντων
3464 3940 3504 3974 π
3518 3921 3759 3974 στεύειν.

2252 4017 2510 4084 Δεήθητε
2545 4047 2611 4060 -
2646 4015 2857 4069 αὐτοῦ.
2903 4014 3075 4067 Τοῦτο
3141 4015 3240 4068 καὶ
3286 4015 3346 4066 τὸ
3407 4014 3514 4084 πρὸ
3569 4014 3760 4067 τούτου

2185 4109 2348 4186 ῥητὸν
2376 4105 2498 4167 εἷπε
2530 4110 2626 4167 καὶ
2649 4111 2707 4161 ὲν
2740 4107 2818 4179 τῷ
2848 4107 2991 4162 τέλει
3023 4105 3120 4160 τοῦ
3159 4105 3631 4160 ὀκτωκαιδεκάτου
3666 4124 3758 4158 κε-

2182 4210 2414 4281 φαλαίου
2439 4208 2533 4263 τοῦ
2566 4208 2707 4262 κατὰ
2739 4206 3178 4263 Ματθαῖον·ἀλλ¹
3207 4204 3328 4259 ἐκεῖ
3358 4201 3456 4276 μὲν
3493 4200 3752 4275 Θερισμὸν

2181 4303 2352 4355 πολὺν
2382 4303 2557 4370 ἔλεγε,
2577 4301 2705 4362 τοὺς
2731 4301 2793 4364 ἐξ
2825 4299 3096 4354 Ἰουδαίων
3119 4299 3409 4352 πιστεῦσαι
3435 4297 3757 4368 μέλλονταςο

2179 4394 2414 4448 ἐνταῦθα
2438 4394 2518 4458 δι,
2541 4396 2666 4457 τοὺς
2697 4393 2756 4458 ἐξ
2789 4393 2979 4446 ἐθνῶν.
3000 4393 3108 4444 Καὶ
3144 4392 3256 4462 (66)
3299 4393 3418 4444 ἐκεῖ
3445 4391 3544 4460 μὲν
3593 4407 3760 4461 προε-

2177 4489 2413 4557 τρέπετο
2443 4487 2571 4550 τοὺς
2601 4485 2836 4550 δώδεκα,
2863 4484 3124 4555 δεηθῆναι
3163 4481 3291 4549 περὶ
3318 4482 3622 4551 ἀποστολῆς
3645 4484 3757 4534 τῶν

488 4562 576 4616 hic
599 4578 726 4616 vero
753 4565 900 4633 ipsos
934 4569 1281 4640 septuaginta
1324 4571 1607 4636 admonet,
1652 4583 1712 4628 ut
1753 4586 1915 4631 orent
1969 4594 2068 4648 pro

2192 4579 2544 4649 ιὸδομήκοντα
2574 4579 2818 4632 τούτων’
2853 4573 3092 4628 ἐνταῦθα
3119 4575 3176 4627 δὲ
3211 4577 3341 4637 τοὺς
3380 4573 3753 4644 ὲῦδομήκοντκ

487 4655 834 4722 promotione
867 4658 1248 4730 episcoporum
1279 4677 1342 4716 ac
1387 4675 1788 4734 praeceptorum
1835 4683 1934 4737 per
1950 4669 2069 4724 sin-

485 4744 635 4812 gulas
697 4746 944 4803 civitates
994 4766 1058 4805 ac
1108 4753 1379 4824 regiones.
1425 4754 1568 4827 Lege
1604 4766 1787 4814 autem
1847 4775 2074 4816 enarra-

487 4833 689 4888 tionem
743 4842 1030 4911 praesentis
1080 4844 1211 4900 dicti
1247 4848 1299 4901 in
1329 4860 1634 4907 memorato
1681 4854 1863 4923 capite
1882 4855 2066 4909 Evans

482 4924 606 4992 gelii
648 4930 952 4985 secundum
978 4933 1298 4994 Mattheum.

557 5012 716 5072 Vers.
748 5020 802 5074 5.
855 5023 934 5078 Ite
967 5057 1034 5066 —
1063 5029 1231 5098 lupos.
1264 5030 1377 5086 lloc
1433 5034 1597 5090 etiam
1645 5038 1711 5091 ad
1771 5037 2062 5094 duodecim

553 5195 596 5227 “
628 5194 794 5254 Exod.
830 5215 918 5265 xv,
947 5201 1037 5256 27.

2171 4671 2416 4738 τούτους,
2451 4673 2579 4742 περ).
2608 4668 2882 4742 προὸολῆς
2914 4667 3022 4721 τῶν
3055 4669 3198 4722 κατά
3233 4667 3415 4730 πόλεις
3445 4670 3537 4720 καὶ
3565 4668 3749 4738 χώρας

2170 4765 2487 4817 ἐπισκόπων
2533 4766 2626 4817 καὶ
2689 4761 3048 4816 διδασκάλων.
3084 4760 3391 4828 Ἀνάγνωθι
3421 4761 3477 4813 δὲ
3523 4761 3616 4812 καὶ
3655 4759 3752 4827 τὴν

2169 4857 2435 4924 ἐξήγησιν
2462 4857 2556 4909 τοῦ
2610 4857 2882 4926 παρόντος
2911 4854 3080 4926 ῥητοῦ
3113 4855 3170 4908 ἐν
3193 4853 3270 4926 τῷ
3326 4852 3545 4924 ῥηθέντι
3579 4869 3748 4920 κεφα-

2169 4948 2307 5015 λαίῳ
2343 4947 2434 4999 τοῦ
2460 4949 2600 5001 κατὰ
2641 4950 2945 5002 Ματθαῖον.

2255 5040 2544 5108 Ὑπάγετε
2589 5071 2658 5080 -
2692 5043 2918 5098 λύκων.
2963 5040 3137 5095 Τοῦτο
3165 5036 3287 5094 εἷπε
3338 5039 3430 5092 καί
3463 5037 3598 5109 πρὸς
3629 5037 3752 5098 τοὺς

1687 5283 1889 5345 Variae
1935 5283 2245 5349 lectiones
2284 5301 2341 5350 et
2385 5301 2573 5354 notae.

553 5429 663 5517 (θῇ
706 5431 908 5517 Auctor
938 5435 1101 5505 hujus
1125 5443 1411 5517 sententia:
1452 5455 1536 5498 est
1587 5445 1874 5517 Origenes,
1907 5450 2058 5505 hom.

478 5499 589 5588 ‘Siu
623 5501 817 5588 Esod”
850 5499 1246 5588 quant'postea,
1286 5523 1344 5566 ut
1373 5515 1485 5568 fere
1516 5499 2062 5588 acciditplure-swi‘u;

481 5582 745 5641 terpretes
773 5584 901 5629 sunt
929 5579 1184 5647 amplexi.

2239 5456 2351 5524 (ὃό)
2411 5457 2825 5526 Θερισομένους.
2862 5459 2927 5514 Α.

2243 5527 2353 5596 (66)
2404 5527 2510 5581 Καί
2540 5529 2712 5584 abest.
2747 5529 2812 5583 Α.

549 5741 663 5822 (τε)
701 5744 793 5822 “Et
818 5749 969 5822 sequi
995 5767 1066 5802 se.
1107 5751 1190 5812 Et.
1222 5771 1327 5809 non
1361 5758 1524 5810 estin
1557 5756 1745 5812 Grmco
1784 5769 1835 5810 et
1869 5757 2058 5814 abesse
2091 5765 2268 5822 debet.

548 5813 658 5883 (μυ)
691 5813 1048 5887 Conjuuclim.
1084 5825 1236 5878 Κατὰ
1277 5827 1540 5896 συζυγίαν
1573 5839 1655 5884 est
1681 5831 1848 5883 binos.
