4016 6504
301 447 413 508 9ζ7

1321 448 1708 511 COMMENT.
1750 446 1831 509 IN
1868 444 2148 509 LUCAM.
2189 472 2253 485 σ-
2292 449 2454 512 CAP.
2493 451 2565 511 Χ.

3481 457 3586 522 959

300 560 543 627 δώδεκα,
572 562 665 615 καὶ
707 563 944 633 ζήτησον
995 562 1054 616 ὲν
1088 560 1167 631 τῷ
1222 560 1695 631 ἐννεακαιδεκάτῳ
1730 575 1883 628 κεφαι

2004 557 2162 622 dixit,
2183 570 2238 616 ct
2261 577 2441 632 quaere
2480 561 2694 616 decimo
2736 577 2883 617 nono
2925 563 3078 632 juxta
3121 565 3439 620 Matthzeum
3491 582 3587 619 (ta-

301 649 449 721 λαίῳ
496 652 589 705 τοῦ
628 656 769 707 κατὰ.
803 654 1087 707 Ματθαῖον
1120 652 1218 723 τὴν
1251 653 1553 724 ἑρμηνείαν
1583 652 1679 706 τοῦ
1706 667 1718 680 ·
1750 649 1899 705 Ἰδοὺ

298 740 424 811 ἐγὼ
440 743 799 797 ἀποστέλλω
821 744 975 814 ὑμᾶς
1015 745 1096 809 ὠς
1120 745 1384 812 πρόϐατα
1402 745 1472 797 ἐν
1488 745 1657 813 μέσῳ
1669 744 1896 799 λύκων.

379 835 540 887 Εἴποι
579 836 624 888 δ’
660 835 725 888 ἄν
774 853 859 897 τις
913 836 1216 899 κάνταῦθα,
1245 837 1324 889 ὅτι
1360 837 1487 899 τοὺς
1544 835 1754 889 δώδεκα
1792 836 1895 906 μὲν

299 922 560 991 πρόὸατα
623 925 904 991 ἐκάλεσεν,
953 925 1028 989 ὡς
1070 926 1444 999 τελειοτέρους
1466 944 1479 957 ·
1512 926 1635 987 τοὺς
1658 926 1895 997 ἑϐδομή-

303 1031 479 1067 κοντα
507 1016 587 1080 δὲ,
619 1018 811 1086 ἄρνας.

383 1105 565 1172 Μὴο-
580 1108 953 1178 ὑποδήματα.
986 1111 1083 1165 Διὰ
1106 1113 1205 1183 τῆς
1234 1114 1665 1187 ἀπαγορεύσεως
1686 1131 1894 1167 τουτων

305 1195 527 1249 κελεύει
558 1200 782 1270 θαρρεῖν
811 1204 940 1273 περὶ
989 1204 1097 1256 τῶν
1144 1207 1463 1273 ἀναγκαίων
1494 1207 1588 1259 τοῦ
1640 1206 1893 1274 σώματος

302 1288 403 1339 ἐπὶ
435 1289 513 1359 τῷ
537 1292 919 1347 ἀποστείλαντι
942 1296 1168 1359 τούτους
1197 1314 1212 1328 ο
1242 1299 1545 1368 ἀποτρέπει
1569 1298 1647 1363 δὲ,
1674 1298 1761 1352 διὰ
1791 1297 1891 1367 μὲν

304 1378 406 1433 ἐὶῦ
442 1382 515 1451 μὴ
546 1382 839 1451 βαστάζειν
868 1386 1157 1456 βαλάντιον
1196 1389 1331 1458 (67),
1358 1391 1458 1459 τὴν
1489 1390 1887 1462 φιλαργυρίαν

300 1471 397 1523 διὰ
427 1473 481 1525 δὲ
523 1475 642 1535 τοῦ,
665 1477 750 1543 μὴ
785 1478 1008 1546 πήραν,
1037 1480 1095 1532 τὸ
1128 1482 1204 1551 μὴ
1241 1482 1602 1551 ταμιεύεσθαι
1636 1484 1882 1553 τροφήν

299 1563 395 1615 διὰ
424 1565 479 1617 δὲ
508 1565 623 1629 τοῦ,
644 1570 729 1635 μὴ
786 1569 1168 1639 ὑποδήματα,
1199 1573 1539 1644 παιδοτρισετ
1578 1574 1779 1638 αὐτοὺς
1807 1575 1888 1637 είς

298 1654 559 1723 ἄσκησιν.
591 1658 937 1727 Παρήγγειλε
968 1664 1033 1732 δὴ
1088 1663 1261 1717 ταῦτα
1297 1666 1390 1718 καὶ
1423 1668 1533 1729 τοῖς
1592 1664 1800 1718 δώδεκα
1830 1668 1889 1720 ἐν

298 1733 400 1815 et}?
414 1746 711 1814 ὃηλωθέντι
736 1751 1208 1823 ἐννεακαιδεκάτῳ
1240 1756 1546 1826 κεφαλαίῳ.

374 1837 484 1888 Καὶ
515 1865 583 1878 --
603 1838 992 1908 ἀσπάσησθε.
1020 1842 1192 1896 Τοῦτο
1230 1846 1661 1913 προσέταξεν,ού
1700 1846 1886 1916 βουλό-

303 1944 472 1996 μενος
526 1930 935 1999 ἀπανθρώπους
969 1932 1166 1999 αὖτοὺς
1216 1936 1467 2003 γίνεσθαι
1516 1939 1611 1992 καὶ
1645 1940 1893 2010 ἀπροση-

298 2018 520 2089 γόρσυς,
544 2020 657 2073 ἀλλ’
692 2023 1153 2093 ἀνεμποδίστους.
1204 2026 1377 2081 Εἴωθε
1410 2030 1519 2100 γὰρ
1554 2031 1743 2099 ή.καθ’
1771 2032 1890 2086 ὁδὸν

295 2104 489 2173 ὁμιλία
529 2108 587 2159 τὸ
642 2109 900 2164 σύντονον
959 2114 1252 2181 ἑγκόπτειν
1309 2116 1384 2180 ὼς
1431 2120 1498 2172 τὰ
1559 2120 1730 2174 πολλά
1784 2122 1888 2191 τῆς

298 2198 563 2266 σπουδῆς.
593 2201 938 2271 Προστάττει
986 2206 1170 2259 τοίνυν
1207 2210 1393 2273 αὐτοῖς
1443 2211 1602 2280 μόνον
1636 2212 1887 2279 γίνεσθαι

293 2288 395 2340 τοῦ
451 2291 911 2359 ὲμπιστευθέντος
965 2296 1271 2368 ἐργου,καὶ
1331 2302 1468 2372 μηδι
1525 2304 1617 2357 τὸν
1652 2306 1887 2375 τυχόντα

294 2380 493 2448 καιρὸν
523 2386 618 2436 τοῦ
650 2387 1013 2456 κηρύγματος
1068 2392 1315 2464 δαπανᾷν
1347 2396 1427 2458 είς
1482 2396 1550 2450 τὰ
1604 2397 1678 2467 μὴ
1715 2398 1886 2465 ἀναγ-

295 2474 433 2527 καία
456 2475 549 2527 καὶ
574 2478 853 2550 πάρεργα.
886 2484 997 2536 Καὶ
1026 2486 1053 2535 ὁ
1096 2485 1397 2550 Ἐλισσαῖος
1429 2486 1484 2540 δὲ
1511 2489 1674 2543 πάλιν
1720 2489 1884 2561 Γιεζῆ

293 2566 392 2618 τὸν
427 2568 707 2642 ὑπηρέτην
743 2573 909 2625 αὑτοῦ
942 2576 1032 2628 ἐπί
1068 2594 1119 2631 τι
1155 2582 1481 2647 κατεπεῖγον
1527 2584 1881 2651 ἀποστείλας,

295 2661 608 2715 ἐνετείλατο
635 2680 650 2695 ·
692 2665 773 2718 ὅτι
820 2668 959 2721 Ἐὰν
1016 2670 1201 2738 εὕρῃς
1233 2672 1445 2741 ἄνδρα,
1478 2677 1587 2729 οὐκ
1633 2678 1888 2746 εὐλογή-

294 2765 433 2817 σεις
456 2755 667 2809 αὐτόν’
687 2758 785 2811 καί
813 2758 919 2813 ἐὰν
944 2762 1258 2831 εὐλογήσῃ
1293 2780 1365 2818 σε
1393 2766 1570 2835 ἀνὴρ,
1595 2770 1707 2821 οὐκ
1737 2770 1889 2824 ἀπο-

294 2842 555 2912 κριθήσῃ
578 2848 739 2912 αὐτῷ
762 2864 775 2878 ⁶
812 2850 1095 2919 ἐμφαίνων
1126 2855 1187 2905 τὸ
1223 2856 1420 2924 χρῆναι
1465 2857 1703 2926 βαδίζειν
1733 2862 1883 2914 ἀπε.-

296 2930 616 3000 ρίσπαστον,
644 2938 737 2989 καὶ
768 2941 1053 3003 πανπλῶς
1090 2943 1509 3013 ἀνεμπόδιστον.

368 3104 477 3167 Εἰς
507 3101 588 3169 ἢν
614 3133 685 3144 —-
717 3107 926 3170 τούτῳ.
958 3108 1129 3163 Τοῦτο
1166 3111 1228 3163 τὸ
1264 3114 1562 3185 πρόσρημα
1588 3118 1881 3189 ἀσπασμὸν

2013 646 2127 716 pite
2160 649 2289 705 dicti
2324 651 2469 707 illius
2533 652 3042 721 interpretationem
3079 670 3093 706 :
3129 654 3263 708 Ecce
3286 670 3379 726 ego
3434 658 3586 710 mitto

2000 753 2088 791 vos
2128 748 2383 809 tanquam
2408 758 2524 796 oves
2550 744 2605 795 in
2639 742 2810 795 medio
2842 742 3087 810 luporum
3117 746 3191 801 ".

2070 829 2275 885 Poterit
2312 832 2493 901 quivis
2518 834 2622 888 hoc
2640 836 2810 889 etiam
2852 834 2971 889 loco
3018 834 3226 900 dicere,
3277 834 3420 903 quod
3450 835 3586 889 duo-

2003 920 2182 976 decim
2219 924 2580 993 appcllaverit
2622 940 2774 990 oves,
2804 935 3067 995 tanquam
3103 925 3586 995 perfectiores,»

1995 1010 2282 1081 ptuaginta
2304 1028 2435 1068 vero
2459 1029 2652 1085 agnos,
2693 1026 2958 1084 tanquam
2993 1014 3189 1082 {teneri
3203 1029 3349 1070 ores.

2068 1101 2223 1160 Vera.
2269 1104 2324 1157 4.
2382 1102 3068 1161 Nolite—calceamenta.
3126 1105 3241 1161 Hoc
3293 1107 3583 1162 interdicto

1992 1193 2225 1264 jubetut
2254 1196 2321 1252 de
2345 1199 2691 1254 necessariis
2723 1201 2974 1269 corporis
3004 1215 3158 1267 spent
3196 1200 3250 1253 in
3296 1199 3445 1253 illum
3479 1200 3581 1254 ha-

1994 1286 2181 1349 beant,
2225 1289 2316 1357 qui
2356 1290 2505 1359 ipsos
2563 1291 2765 1345 emisit.
2807 1291 2943 1346 Cum
2968 1291 3346 1361 autemjubet,
3376 1306 3444 1345 ne
3468 1307 3581 1346 sac-

1993 1375 2176 1430 culum
2235 1376 2429 1445 ferant,
2454 1378 2523 1434 ab
2568 1380 2794 1435 avaritia
2837 1392 3051 1436 avocat.
3138 1382 3356 1447 Dicens,
3414 1398 3581 1452 neque

1991 1485 2192 1537 peram,
2226 1469 2547 1525 dehortatur
2576 1486 2606 1524 a
2656 1472 3006 1527 recondendo
3038 1472 3184 1528 cibo.
3264 1472 3401 1527 Cum
3446 1488 3579 1527 vero

1990 1561 2138 1616 addit
2175 1581 2187 1615 :
2221 1579 2381 1628 neque
2433 1564 2792 1618 calceamenta
2826 1605 2841 1628 ,
2909 1564 2976 1619 ad
3054 1566 3380 1620 exercitium
3430 1566 3579 1634 ipsos

1990 1652 2190 1705 erudit.
2229 1653 2498 1723 Prmcepit
2533 1669 2659 1709 rero
2687 1656 2809 1711 haec
2827 1656 2993 1710 etiam
3020 1656 3309 1711 duodecim
3360 1656 3579 1711 laudato

1990 1742 2107 1808 capi
2122 1753 2173 1795 te
2200 1743 2417 1798 decimo
2464 1760 2630 1801 nono.

2066 1830 2224 1887 Vers.
2295 1834 2448 1888 εει
2487 1864 2559 1875 -
2618 1836 3003 1892 salutaveritis.
3065 1835 3180 1891 Hoc
3239 1838 3420 1909 jussit,
3464 1855 3575 1895 non

1996 1921 2326 1979 inhumanos
2376 1940 2470 1979 eos
2504 1926 2619 1979 ﬁeri
2659 1927 2870 1990 volens,
2919 1937 3014 1983 aut
3062 1929 3307 1985 moribus
3328 1946 3571 2000 asperos,

1995 2029 2137 2083 quos
2185 2032 2345 2070 nemo
2390 2018 2562 2085 possit
2624 2017 2973 2087 compellare,
3031 2020 3123 2072 sed
3180 2020 3575 2089 impedimento

1993 2116 2269 2162 carentes.
2322 2108 2471 2162 Solet
2495 2109 2641 2162 enim
2670 2108 2925 2163 salutatio
2948 2124 3043 2177 per
3077 2110 3241 2173 viam,
3283 2111 3578 2165 vehemen-

1993 2201 2081 2255 tite
2126 2200 2292 2255 studii
2344 2210 2403 2255 ut
2444 2201 2740 2270 plurimum
2775 2200 3013 2256 obstare.
3077 2198 3332 2271 Praecipit
3393 2202 3577 2270 itaque

1991 2290 2119 2353 illis,
2188 2299 2248 2343 ut
2304 2291 2403 2344 soli
2461 2290 2610 2358 operi
2671 2292 2752 2346 eis
2806 2291 3101 2346 commisso
3147 2290 3436 2346 intendant
3471 2310 3483 2345 :
3518 2302 3577 2347 et

1991 2382 2226 2437 oblatam
2251 2382 2657 2451 praedicationis
2688 2381 3033 2437 occasionem
3062 2398 3169 2437 ncn
3208 2384 3486 2440 insumant
3516 2384 3573 2441 in

1991 2489 2051 2529 ea
2096 2490 2215 2545 qua:
2243 2475 2560 2529 neccSSaria
2588 2490 2696 2529 non
2730 2483 2880 2539 sunt,
2915 2476 3007 2530 sed
3062 2483 3263 2545 prmter
3295 2476 3569 2532 intentum

1990 2579 2107 2617 sese
2140 2564 2397 2617 oﬁ‘erunt.
2422 2564 2658 2619 Elisteus
2688 2579 2905 2633 quoque
2936 2566 3066 2619 olim
3088 2566 3289 2620 emisso
3312 2566 3459 2622 Giezi
3490 2568 3574 2622 fa-

1990 2656 2139 2709 mulo
2175 2655 2241 2707 ad
2268 2671 2407 2724 opus
2445 2657 2591 2722 quod
2618 2655 3023 2709 festinationem
3070 2657 3399 2727 requirebat,
3427 2675 3571 2730 pra:-

1988 2748 2133 2815 ccpit
2164 2747 2389 2801 dicens:
2424 2747 2483 2801 Si
2520 2748 2781 2801 inveneris
2806 2749 3003 2812 virum,
3038 2764 3139 2801 non
3188 2749 3460 2804 benedicas
3488 2753 3573 2805 ei:

1988 2848 2037 2891 et
2066 2838 2111 2891 si
2143 2838 2240 2889 tibi
2275 2836 2597 2892 benedixerit
2632 2839 2734 2899 vir,
2762 2854 2824 2891 ne
2856 2840 3172 2906 respondeas
3204 2840 3287 2893 illi
3316 2841 3380 2905 ⁶²,
3427 2841 3571 2895 indi-

1988 2944 2120 2983 cans
2152 2944 2292 2997 opus
2321 2944 2444 2983 esse
2490 2938 2550 2983 ut
2577 2929 2936 2988 indistractus
2959 2944 3025 2983 ac
3058 2931 3287 2985 omnino
3316 2932 3436 2986 sine
3469 2932 3573 2986 im-

1986 3021 2301 3090 pedimento
2334 3020 2678 3088 procederet.

2054 3115 2209 3169 Vers.
2249 3116 2299 3170 5.
2336 3114 2399 3168 In
2449 3130 2816 3185 quamcunque
2847 3145 2918 3156 —-
2947 3115 3088 3169 huic.
3155 3113 3305 3169 Hanc
3363 3114 3571 3170 allocu-

293 3196 558 3289 l‘xdleosv
587 3200 614 3251 ό
640 3199 924 3263 Ματθαῖος
953 3199 1071 3270 (68)
1104 3203 1159 3253 ὲν
1183 3202 1262 3273 τῷ
1316 3206 1678 3276 προρῤηθὲντι
1713 3228 1881 3281 κεφα-

2004 3207 2193 3261 .ionem
2246 3206 2531 3261 Matthzeus
2554 3207 2938 3261 salutationem
2967 3205 3269 3261 nominavit
3309 3206 3570 3276 pradicto

292 3286 453 3357 λαίῳ.
509 3289 785 3358 Σύμϐολον
805 3292 861 3344 δὲ
890 3292 1111 3361 ἀγάπης
1139 3295 1167 3347 ό
1188 3297 1427 3359 τοιοῦτος
1460 3300 1772 3372 ἀσπασμὸς,
1790 3305 1883 3377 δη-

2004 3297 2167 3366 :apite
2202 3297 2269 3351 °'.
2299 3298 2397 3351 Est
2444 3308 2629 3354 autem
2686 3298 3001 3368 huiusmodi
3042 3295 3300 3352 salutatio
3350 3296 3567 3367 signum

292 3378 524 3446 tamen
558 3384 828 3453 είρηνικοὶ
862 3385 956 3438 καὶ
991 3385 1136 3454 φίλοι
1175 3390 1607 3459 παρα-γεγόνασι,

361 3564 471 3619 Kal.
509 3566 619 3619 ἐὰν
648 3597 719 3609 --
753 3567 921 3637 ὑμῶν
968 3569 1102 3641 (69).
1146 3572 1211 3625 Ἦ
1272 3573 1433 3644 χάρις
1477 3578 1574 3646 τῆς
1633 3578 1881 3651 δοθείσης

289 3655 517 3727 εἰρήνης
565 3660 699 3729 παρ’
722 3660 900 3729 ὑμῶν,
940 3663 973 3732 ή
1006 3663 1256 3734 ἐνέργεια
1288 3666 1379 3719 τοῦ
1412 3668 1656 3722 τοιούτου
1674 3671 1835 3739 λόγου
1858 3688 1870 3701 ·

292 3747 410 3809 υίὸς
436 3748 493 3800 δὲ
516 3749 803 3820 είρήνης,ὁ
829 3753 1130 3821 εἰρηνικὸς,
1150 3754 1225 3817 ὡς
1251 3754 1524 3828 διαφόρως
1551 3761 1874 3831 είρήκαμεν.

364 3936 430 3988 Et
457 3934 525 3987 δὲ
562 3965 632 3974 -
657 3935 1019 4005 ἀνακάμψει.
1064 3939 1362 4006 Ἀνάγνωθι
1393 3944 1486 3996 καὶ
1515 3948 1572 3998 ὲν
1596 3946 1672 4017 τῷ
1699 3949 1875 4003 ἐννεα-

1987 3391 2323 3458 dilectionis,
2367 3390 2685 3461 signiﬁcans
2714 3391 2860 3462 quod
2888 3386 3101 3461 paciﬁci
3132 3398 3187 3445 et
3218 3389 3378 3444 amici
3407 3390 3571 3444 adve-

1987 3484 2191 3539 nerint.

2056 3576 2211 3631 Vers.
2237 3578 2289 3631 6.
2317 3574 2386 3629 Et
2412 3578 2459 3631 si
2493 3606 2564 3617 --
2589 3586 2783 3631 vestra.
2825 3578 2942 3633 Hoc
2985 3586 3071 3633 est
3104 3576 3285 3650 gratia
3345 3578 3484 3632 datae
3535 3592 3565 3631 a

1983 3669 2139 3724 vobis
2167 3668 2339 3739 pacis,
2372 3667 2709 3722 veleﬁicacia
2729 3667 3044 3737 hujusmodi
3073 3668 3368 3723 sermonis.
3394 3668 3566 3722 Filius

1982 3778 2198 3834 quoque
2224 3763 2373 3833 pacis
2413 3762 2614 3816 dicitur
2643 3760 2930 3831 paciﬁcus,
2980 3761 3124 3817 sicut
3150 3761 3317 3815 variis
3348 3761 3400 3814 in
3432 3760 3569 3815 locis

1979 3854 2238 3907 diximus.

2052 3940 2285 4024 Vers..6.
2333 3939 2520 3996 Sin—
2546 3950 2854 3995 revertetur.
2890 3940 3032 4011 Lege
3091 3956 3308 4010 quoque
3352 3941 3567 3996 decimo

290 4028 601 4095 καιδεκάτῳ
641 4028 924 4098 κεφαλαίῳ
974 4028 1068 4081 τοῦ
1120 4031 1264 4084 κατὰ
1312 4034 1588 4088 Ματθαϊον
1622 4036 1719 4105 τὴν
1749 4040 1874 4109 ἐξή-

2004 4052 2123 4092 ιοηο
2170 4036 2345 4105 capite
2381 4034 2658 4106 Evangelii
2682 4036 2831 4099 iuxta
2864 4031 3179 4087 Malthaaum
3230 4034 3362 4088 dicti
3426 4034 3568 4088 illius

288 4135 452 4187 γησιν
506 4118 633 4170 τοῦο
663 4118 770 4171 Καὶ
827 4119 934 4172 ἐὰν
955 4120 1074 4188 μὲν
1101 4116 1141 4191 ᾖ
1174 4124 1209 4189 ἠ
1250 4125 1407 4177 οἰκία
1454 4127 1615 4191 ἀξια,
1653 4130 1873 4185 ἐλθέτω

2004 4130 2386 4182 ιησττοῑὶοηεῐη
2420 4146 2432 4178 :
2470 4126 2606 4180 Etsi
2659 4126 2871 4195 quidem
2928 4124 3084 4195 fuerit
3135 4126 3321 4178 domus
3379 4126 3564 4195 digna,

288 4211 327 4277 ἡ
368 4210 575 4276 εἰρήνη
609 4207 778 4276 ὑμῶν
813 4209 906 4262 ἐπ’
953 4212 1149 4281 αὑτήν
1174 4229 1185 4242 ’
1235 4214 1344 4267 ἐὰν
1369 4216 1544 4286 δὲμὴ
1648 4222 1808 4288 ἀξία,
1836 4226 1870 4293 ἠ

2008 4220 2147 4271 eniat
2201 4234 2309 4287 pax
2343 4227 2515 4271 vestra
2573 4232 2731 4284 super
2781 4216 2933 4269 illam
2964 4217 3045 4269 :ti
3103 4227 3279 4269 autem
3329 4217 3547 4273 indiana

286 4300 496 4368 εἰρήνη
530 4298 697 4368 ὑμῶν
727 4302 874 4369 πρὸς
902 4302 1054 4371 ὑμᾶς
1093 4304 1535 4377 ἐπιστραφήτω.

2004 4310 2154 4374 uerit,
2188 4324 2293 4377 pax
2332 4319 2503 4361 vestra
2534 4307 2602 4359 ad
2626 4324 2711 4359 vos
2736 4316 3072 4361 convertatur
3093 4308 3113 4337 ⁶

360 4390 463 4441 Ἐν
491 4387 645 4456 αὐτῇ
677 4420 744 4428 -
764 4392 951 4445 αὑτοῦ
980 4393 1132 4447 ἐστι.
1158 4397 1268 4451 Καὶ
1297 4403 1422 4469 περὶ
1442 4402 1647 4457 τούτων
1667 4406 1869 4475 ὁμοίως

2047 4399 2204 4454 Vers.
2245 4400 2298 4452 7.
2330 4399 2392 4452 In
2422 4400 2605 4452 eadem
2636 4428 2703 4438 —-
2736 4415 2831 4453 sua
2856 4407 2951 4452 est.
2984 4397 3251 4453 Similiter
3282 4397 3349 4452 de
3380 4397 3465 4452 his
3511 4398 3565 4452 in

287 4481 345 4530 ὲν
372 4480 567 4551 ἐκείνῳ
606 4480 681 4548 τῷ
716 4483 998 4554 κεφαλαίῳ
1028 4487 1217 4553 σαφῶς
1250 4490 1481 4561 ἐρρήθη,
1512 4470 1710 4564 μικρὸν
1732 4470 1869 4552 ἀνω.

2004 4491 2069 4545 llo
2114 4490 2294 4561 capite
2347 4490 2645 4545 manifeste
2690 4490 2895 4545 dictum
2936 4499 3020 4544 est
3068 4490 3231 4559 paulo
3290 4492 3563 4560 superius.

286 4576 702 4646 τέρω.Ἐσθίειν
732 4578 788 4630 δὲ
818 4580 908 4632 καὶ
940 4581 1118 4634 πίνειν
1159 4584 1225 4636 τὰ
1255 4585 1385 4654 παρ’
1430 4587 1613 4640 αὐτῶν
1649 4591 1875 4661 ἐπέτρε-

284 4673 407 4738 ψεν,
442 4672 538 4741 οὐχ
591 4672 799 4736 ἁπλῶς,
835 4673 951 4725 ἀλλ’
1000 4674 1076 4736 ὡς
1129 4675 1342 4743 πρέπον
1411 4679 1529 4732 ἐστὶ
1602 4683 1873 4754 μαθηταῖς

288 4762 477 4819 αὑτοῦ.
506 4762 679 4816 Τοῦτο
711 4766 819 4833 γὰρ
861 4764 1139 4835 γνώριμον
1177 4763 1245 4839 ἦν
1277 4768 1482 4832 αὐτοῖς.

356 4856 450 4922 Μὴ
488 4886 554 4895 —
581 4858 797 4909 οἰκίαν.
841 4858 927 4909 Ἐν
967 4859 1151 4928 ἐκείνῃ
1193 4862 1258 4929 τῇ
1290 4860 1665 4936 ἐξηγήσειτὴν
1693 4868 1875 4921 αἰτίαν

284 4946 378 4999 τοῦ
415 4947 488 5015 μὴ
524 4948 873 5015 μεταϐαίνειν
909 4948 1186 5017 εὑρήσεις.

357 5039 465 5092 Kal
517 5041 605 5104 εἰς
649 5071 717 5080 -
752 5040 923 5095 Θεοῦ.
975 5042 1263 5093 Βασιλείαν
1318 5044 1412 5097 τοῦ
1470 5046 1605 5100 Θεοῦ
1680 5051 1872 5106 ἑαυτὸν

282 5130 431 5195 λέγει
463 5130 555 5182 νῦν
587 5129 660 5193 ὡς
690 5129 913 5199 βασιλέα
946 5133 1039 5185 καὶ
1079 5132 1225 5189 Θεόν.
1261 5136 1519 5204 Ἤγγικε,
1554 5144 1743 5211 φησὶν,
1775 5147 1871 5198 καὶ⁸

282 5222 383 5306 ἠδη
416 5223 746 5291 ἑπιδημήσει
779 5223 908 5291 ὑμῖν
934 5240 946 5251 ·
975 5224 1114 5290 ἄξιοι
1145 5226 1380 5295 γίνεσθε,
1410 5229 1870 5306 ἑτοιμάζεσθεξείς

284 5314 311 5364 ύ
322 5314 571 5385 ποδοχήν.

389 5501 429 5531 ⁶¹
464 5501 656 5556 Matth.
697 5518 749 5570 ιι,
800 5503 888 5558 ili.
1034 5506 1079 5538 “
1132 5507 1195 5561 IV
1246 5509 1380 5583 Reg.
1414 5528 1488 5581 Iv,
1520 5515 1611 5572 29.

1726 5521 1771 5555 ⁸³
1809 5524 2006 5583 Matth.
2048 5543 2103 5591 κ,
2139 5526 2226 5580 12.

1978 4584 2155 4639 Edere
2182 4590 2366 4637 autem
2394 4597 2457 4636 ac
2488 4582 2682 4636 bibere
2711 4581 2985 4651 permisit,
3018 4598 3139 4651 qua:
3170 4583 3239 4635 ab
3265 4583 3354 4636 illo
3390 4582 3566 4649 porri-

1980 4685 2243 4748 gerentur
2268 4693 2280 4741 ;
2315 4691 2423 4729 non
2455 4675 2798 4744 simpliciter,
2825 4674 2919 4728 sed
2944 4674 3087 4729 sicut
3115 4675 3410 4744 discipulos
3434 4690 3564 4728 suos

1980 4768 2209 4823 decebat
2235 4785 2249 4834 ;
2301 4767 2405 4819 hoc
2433 4767 2579 4820 enim
2613 4766 2745 4835 ipsis
2772 4776 2965 4820 notum
2995 4776 3133 4821 erat.

2050 4856 2205 4911 Ycrs.
2239 4856 2290 4912 7.
2331 4855 2512 4910 Nolite
2558 4888 2625 4897 —
2692 4862 2927 4911 domum.
2976 4858 3034 4911 In
3079 4858 3169 4911 illa
3220 4858 3565 4911 enarratione

1980 4950 2145 5019 hujus
2178 4964 2399 5003 causam
2428 4949 2697 5003 invenies.

2049 5043 2204 5098 Vers.
2279 5043 2333 5096 8.
2390 5039 2461 5093 Et
2516 5041 2661 5093 in—
2699 5042 2851 5096 Vers.
2879 5041 2929 5096 9.
2998 5040 3117 5095 Dei.
3170 5042 3418 5112 Regnum
3469 5042 3563 5095 Dei

1977 5149 2126 5189 nunc
2158 5133 2400 5203 seipsum
2440 5132 2695 5201 appellat,
2731 5142 2988 5203 tanquam
3023 5148 3202 5203 regem
3265 5148 3329 5186 ac
3365 5131 3559 5185 Deum.

1975 5223 2472 5296 AppropinquaViL
2526 5225 2721 5293 inquit,
2746 5234 2803 5278 et
2864 5225 2975 5295 jam
3008 5224 3332 5277 deversatur
3363 5223 3559 5275 τοιήδ-

1975 5336 2136 5384 cum;
2168 5319 2316 5389 digni
2365 5317 2665 5384 habcmini,
2719 5320 2809 5388 qui
2880 5316 3262 5389 praeparamini
3322 5315 3389 5370 ad
3441 5314 3563 5384 ejus

1976 5412 2380 5483 susceptionem

2340 5526 2385 5557 °‘
2416 5524 2549 5582 Ibid.
2584 5527 2670 5583 1'5.

1476 5638 1676 5702 Varias
1707 5645 2016 5713 lectiones
2062 5654 2125 5710 et
2170 5656 2361 5711 notas.

375 5730 463 5797 67)
506 5727 850 5785 Βαλλάντιον.
898 5734 963 5785 Α.

354 5732 464 5870 i68)
504 5802 672 5870 Igitur
720 5804 883 5857 etiam
938 5819 963 5856 n

378 5802 684 5889 tiISLigitl'lr.
720 5804 893 5889 etiam.
938 5805 1230 5889 nonnulli“
1262 5809 1381 5889 .sed
1443 5820 1670 5889 temere,
1719 5823 1863 5889 apud

280 5870 707 5927 Mattltazulnld.
758 5874 1063 5930 intulerunt
1128 5896 1141 5931 :
1202 5877 1499 5948 Λέγοντες·
1544 5870 1864 5964 Εξρῆνῆτξῷ

1971 5754 2106 5821 οἴκῳ
2135 5752 2331 5819 τούτῳ.

2044 5824 2155 5893 ((59)
2245 5824 2308 5876 Ἡ
2333 5821 2535 5878 omittit
2560 5822 2624 5877 Α.
