4016 6508
462 431 569 494 959

1701 427 2086 490 EUTIIYMII
2125 426 2486 490 ZIGABENI

3614 437 3732 500 969

533 548 689 602 Vers.
733 546 820 600 l0.
858 544 1006 599 In—
1033 545 1190 602 Vcrs.
1233 545 1316 600 Η.
1356 560 1465 599 vos.
1498 543 1576 599 lbi
1625 543 1693 600 de
1743 545 1828 598 his
1884 545 2046 600 etiam

2218 549 2318 614 Εἰς
2349 578 2419 588 -—-
2467 549 2628 619 ὑμῖν.
2692 551 2840 605 Ἑκεῖ
2890 552 2984 606 καὶ
3042 553 3168 623 περί
3219 555 3421 610 τούτων
3467 555 3726 628 ζήτησον,

461 655 666 710 (μιαξτε,
692 638 780 692 ubi
803 638 1138 691 declaratum
1165 648 1249 693 est
1278 637 1410 692 illud
1450 654 1464 691 :
1511 636 1584 692 Et
1619 636 1913 706 quicunque
1941 654 2044 690 non

469 733 754 796 susceperit
801 749 891 785 vos
923 733 989 786 “.

544 825 688 878 \lers.
724 823 807 878 ll.
871 823 1065 876 Tamen
1105 853 1171 862 —
1196 822 1311 877 Dei.
1341 823 1452 876 [loc
1473 822 1760 892 protestari
1793 821 2047 892 praecepit

467 913 784 974 incredulis,
841 929 912 966 ne
955 910 1138 969 dicere
1197 922 1467 982 possent:
1521 912 1636 967 Non
1684 913 2042 985 cognovimus

465 1005 758 1057 adventum
782 1012 956 1068 tuum,
991 1002 1236 1057 Domine.

539 1096 697 1151 Veis.
729 1099 812 1149 19..
839 1095 968 1148 Dico
1000 1123 1064 1134 --
1087 1095 1189 1149 illi.
1220 1095 1489 1151 Praadicto
1509 1095 1694 1165 capite
1741 1094 1902 1151 etiam
1934 1096 2050 1151 haec

469 1190 863 1244 convenienter
905 1187 1177 1242 declarata
1225 1197 1372 1243 sunt.

539 1281 696 1335 Vers.
744 1281 831 1335 l5.
893 1279 983 1334 Vn:
1051 1309 1098 1319 —-
1138 1280 1481 1347 paenituisset.
1537 1278 1732 1345 Quaere
1803 1280 2052 1336 vicesino

468 1375 646 1442 capite
673 1373 823 1441 juxta
875 1370 1213 1430 Matthazum,
1266 1371 1358 1425 ubi
1405 1371 1648 1426 dicitur:
1689 1372 1831 1425 Tunc
1887 1373 2039 1438 erepit

470 1465 790 1532 exprobrare
818 1463 1134 1524 civitatibus,
1174 1464 1230 1515 in
1257 1463 1449 1532 quibus
1478 1465 1636 1518 edita:
1681 1465 1897 1534 fuerant
1928 1463 2052 1533 plu-

471 1557 622 1608 rima:
678 1555 892 1608 virtutes
941 1553 1076 1622 ejus,
1131 1555 1270 1624 quod
1325 1570 1426 1608 non
1482 1553 1932 1622 resipuissent“;
1979 1554 2052 1608 ibi

469 1647 616 1701 enim
649 1655 703 1701 et
734 1646 802 1699 de
832 1644 918 1699 his
955 1645 1164 1698 dictum
1203 1652 1308 1700 est.

541 1739 698 1792 γει-8.
725 1736 810 1789 14.
858 1734 1229 1789 Verumtamen
1258 1766 1328 1776 —
1367 1737 1530 1792 vobis.
1575 1737 1762 1804 Vobis,
1797 1745 1949 1807 puta,
1973 1737 2056 1789 in-

469 1827 730 1883 credulis.
790 1827 905 1880 Hoc
957 1842 1176 1897 quoque
1223 1829 1363 1883 dixit
1419 1829 1636 1885 decimo
1688 1845 1839 1885 nono
1877 1830 2056 1898 capite

2147 641 2278 695 ἔνθα
2331 642 2651 715 ήρμηνεύοη
2704 645 2765 698 τό
2792 659 2806 675 ⁸
2838 646 2948 700 Kal
2997 646 3064 711 ὃς
3097 647 3174 702 ἂν
3209 649 3321 718 (70)
3363 648 3449 718 μὴ
3483 649 3727 717 δέξηται

2147 752 2325 802 υμας.

2221 826 2396 894 Πλὴν
2422 857 2490 866 -
2526 828 2881 883 Θεοῦ.Τοῦτο
2905 830 3204 901 προσέταξε
3245 831 3722 900 διαμαρτύρασθαι

2148 921 2260 983 τοῖς
2294 919 2596 986 ἀπειϐέσιν,
2624 921 2711 975 ἵνα
2739 922 2813 992 μὴ
2843 923 3106 975 δύνωνται
3129 923 3328 990 λέγειν,
3363 923 3483 976 Ὀτι
3508 931 3606 976 οὐκ
3635 924 3728 990 ἐγ-

2150 1025 2330 1078 νωμεν
2362 1010 2460 1079 τὴν
2486 1011 2787 1082 παρουσίαν
2828 1029 2943 1075 σου,
2973 1013 3164 1083 Κύριε.

2225 1097 2387 1166 Λέγω
2429 1127 2498 1138 -
2538 1098 2763 1166 ἐκείνῃ.
2809 1100 2897 1152 Ἐν
2931 1099 3010 1171 τῷ
3057 1101 3281 1170 τοιούτῳ
3315 1101 3589 1171 κεφαλαίῳ
3631 1101 3724 1154 καί

2152 1188 2324 1243 ταῦτα
2359 1195 2747 1261 προσηκόντως
2777 1192 3228 1262 ἡρμηνεύθησαν.

2229 1281 2376 1335 Οὐαί
2417 1309 2488 1318 -
2527 1283 2926 1349 μετενόησαν.
2984 1283 3229 1352 Ζήτησον
3281 1282 3336 1333 ὲν
3373 1279 3449 1349 τῷ
3494 1278 3724 1348 εἰκοστῷ

2155 1371 2436 1440 κεφαλαίῳ
2498 1371 2594 1425 τοῦ
2648 1373 2790 1425 κατᾶ
2849 1373 3130 1425 Ματθαϊον
3161 1373 3262 1424 τόσ
3307 1373 3444 1423 Τότε
3498 1369 3721 1437 ἤρξατο

2156 1462 2460 1522 ὀνειδίζειν
2484 1462 2591 1529 τὰς
2613 1464 2841 1528 πόλεις.
2877 1463 2947 1516 ἐν
2978 1459 3072 1529 αἶς
3122 1462 3400 1531 ἐγένοντο
3441 1462 3499 1514 αἰ
3559 1459 3725 1513 πλεῖ-

2155 1573 2295 1612 σται
2335 1556 2622 1625 δυνάμεις
2679 1555 2889 1619 αὐτοῦ,
2917 1557 3007 1610 ὅτι
3036 1558 3108 1611 οὺ
3156 1544 3557 1625 μετενόησαν.
3582 1551 3723 1605 Ἑκει

2157 1651 2267 1720 γὰρ
2295 1654 2388 1704 καὶ
2422 1650 2552 1719 περὶ
2577 1649 2781 1703 τούτων
2811 1650 3046 1718 εῐρηται.

2229 1741 2494 1808 Πλὴν-
2534 1740 2700 1810 ὑμῖν.
2759 1741 2944 1809 Ὑμῖν,
2990 1743 3104 1805 τοῖς
3156 1740 3428 1804 ἁπειοέσι,
3464 1737 3728 1807 δηλονότι.

2163 1828 2298 1887 Εἷπε
2332 1834 2387 1886 δὲ
2419 1831 2575 1886 τοῦτο
2608 1833 2700 1886 καὶ
2733 1835 2791 1886 ἐν
2817 1833 2896 1903 τῷ
2940 1832 3404 1899 ἐννεακαιδεκάτῳ
3450 1829 3731 1899 κεφαλαίῳ

470 1918 745 1988 Evangelii
780 1918 938 1987 juxta
989 1916 1325 1982 Matthmum.
1357 1930 1410 1975 et
1438 1921 1514 1976 ibi
1551 1923 1668 1992 lege
1719 1922 1849 1976 dicti
1904 1921 2052 1976 illius

2170 1922 2248 1978 τοῦ
2309 1926 2449 1979 κατὰ
2487 1924 2790 1986 Ματθαῖον,
2822 1923 2918 1977 καὶ
2972 1922 3245 1990 ἀνάγνωθι
3292 1921 3388 1991 τὴν
3431 1919 3582 1973 λύσιν
3616 1921 3732 1972 ἐκεῖ

470 2011 897 2068 declarationem
924 2029 937 2064 :
970 2013 1134 2066 Amen
1156 2014 1272 2067 diro
1300 2016 1457 2078 vobis,
1487 2014 1815 2068 tolerabilius
1834 2014 1931 2067 erit
1951 2022 2055 2066 ter-

472 2125 546 2163 ra'
563 2107 916 2163 Sodomorum
939 2117 986 2161 et
1010 2106 1442 2167 Gomorrhorum.
1466 2123 1625 2174 quam
1653 2105 1856 2158 civitati
1883 2103 1964 2158 illi
1984 2103 2053 2158 ⁸⁷.

543 2299 704 2352 Vers.
748 2295 836 2349 15.
880 2293 948 2348 Et
971 2302 1026 2346 tu
1066 2322 1137 2332 —-
1184 2292 1496 2346 detraheris.
1551 2288 1823 2344 Vicesimo
1877 2286 2056 2357 capite

476 2385 758 2457 Evangelii
811 2384 1114 2440 secundum
1151 2381 1466 2436 Matthazum
1501 2381 1662 2436 etiam
1692 2380 1760 2434 de
1805 2379 1906 2433 hac
1938 2378 2056 2432 dic-

475 2491 590 2535 tum
623 2488 727 2544 est,
759 2478 834 2532 ibi
860 2492 987 2546 ergo
1017 2491 1224 2546 qumrc.

552 2572 701 2627 Vers.
766 2570 853 2624 16.
904 2567 1008 2633 Qui
1040 2568 1190 2620 audit
1223 2595 1291 2605 —
1324 2581 1425 2619 me.
1482 2563 1856 2633 Rejectionem
1918 2562 2060 2615 hanc

475 2671 634 2718 vocat
661 2659 1095 2715 incredulitatem
1129 2667 1183 2710 et
1221 2655 1588 2710 avet-sionem.
1625 2653 1706 2708 Ne
1733 2653 1880 2707 enim
1921 2667 2050 2706 moe-

480 2767 604 2807 rore
647 2749 970 2814 afﬁciantur,
1036 2763 1160 2803 cum
1219 2754 1580 2814 spernuntur,
1641 2745 1814 2802 dicit:
1867 2742 2060 2798 Vestra

480 2841 678 2911 injuria
708 2855 804 2910 per
827 2856 924 2893 vos
956 2840 1010 2892 in
1052 2852 1138 2892 me
1175 2837 1434 2902 recurrit,
1486 2837 1580 2906 qui
1631 2837 1758 2890 misi
1791 2850 1928 2901 vos;
1965 2850 2062 2905 per

478 2950 567 2989 me
590 2942 791 2997 autem,
825 2932 878 2985 in
917 2931 1134 2985 Patrem
1164 2944 1368 2994 meum,
1404 2928 1496 2998 qui
1535 2929 1684 2982 misit
1717 2941 1825 2982 me.

553 3023 708 3078 νει-ε.
732 3023 816 3075 17.
844 3021 1051 3075 Reversi
1076 3050 1145 3061 --
1169 3029 1335 3075 tuum.
1364 3017 1710 3079 Gaudebant,
1734 3015 1880 3086 quod
1907 3016 2061 3087 digni

480 3115 817 3169 haberentur
871 3122 926 3166 et
977 3110 1238 3164 miracula
1293 3108 1477 3176 edere,
1533 3117 1589 3162 et
1639 3107 1909 3163 daemonia
1961 3106 2064 3161 sibi

480 3209 780 3279 subjicere.

551 3261 708 3356 V'crs.
748 3296 832 3351 18.
872 3295 1015 3348 Dixit
1038 3325 1108 3334 ——
1130 3293 1424 3347 cadentem.
1454 3291 1689 3347 Causam
1724 3290 2059 3361 signiﬁcavit
2088 3261 2131 3318 ο

479 3388 843 3460 subjectionis
893 3385 1318 3447 daemoniorum,
1367 3383 1494 3451 quia
1545 3381 1748 3436 cecidit
1805 3379 2060 3447 princeps

478 3496 693 3546 eorum,
723 3479 814 3548 qui
845 3476 1016 3530 fortes
1056 3475 1176 3528 illos
1213 3473 1472 3528 reddebat
1499 3487 1563 3526 ac
1593 3471 1958 3532 confortabat,
2006 3478 2062 3524 et

475 3576 592 3646 jam
639 3573 796 3627 facile
825 3571 1212 3625 devincuntur.
1267 3566 1554 3636 Siquidem
1591 3577 1718 3620 ante
1747 3565 2056 3620 Salvatoris

482 3664 914 3719 incarnationem
963 3660 1016 3714 in
1069 3658 1302 3713 sublime
1338 3657 1643 3718 ferebatur,
1677 3664 1732 3710 et
1767 3665 2061 3726 tyrannum

481 3753 700 3826 agebat,
730 3767 795 3807 ac
823 3760 1018 3821 potens
1049 3759 1170 3804 erat
1199 3768 1212 3802 :
1255 3763 1381 3802 cum
1416 3755 1599 3801 autem
1638 3745 1786 3801 Deus
1823 3747 1875 3799 in
1917 3756 2062 3800 terra

484 3860 584 3915 per
599 3859 818 3898 carnem
850 3844 1253 3915 deversaretur,
1275 3839 1496 3903 cecidit,
1526 3853 1632 3893 non
1658 3853 1689 3893 a
1711 3839 1850 3893 caelo
1878 3856 1890 3892 ε
1928 3839 2058 3893 olim

483 3940 627 3992 enim
657 3936 783 3989 inde
807 3935 1100 3996 ceciderat,
1133 3948 1234 3988 nec
1271 3933 1505 4002 amplius
1549 3947 1614 3987 eo
1649 3931 1899 3987 ascendit
1927 3949 1940 3987 :
1967 3931 2063 3987 sed

485 4046 515 4084 a
547 4030 690 4084 dicta
741 4026 1092 4086 celsitudine,
1130 4025 1417 4095 tyrannide
1473 4039 1536 4078 ac
1593 4023 1856 4093 potentia.
1921 4023 2066 4077 Dicit

484 4137 659 4191 ergo:
720 4118 967 4172 Videbam
1023 4117 1305 4180 Satanam,
1344 4126 1632 4187 postquam
1672 4115 1928 4170 videlicet
1960 4115 2065 4168 hu-

484 4214 799 4267 manitatem
839 4209 1106 4279 assumpsi
1140 4214 1450 4274 cadentem,
1492 4217 1551 4262 ut
1588 4208 1790 4280 fulgur,
1816 4207 1965 4279 quod
1995 4206 2064 4262 de

482 4307 622 4361 cwlo
656 4307 821 4360 cadit.

554 4394 786 4460 Quidam
811 4402 990 4446 autem
1015 4389 1215 4446 coelum
1241 4390 1557 4460 intelligunt
1578 4388 1683 4443 hoc
1706 4391 1828 4443 loco
1850 4403 2060 4453 aerem,

489 4485 544 4540 in
575 4501 685 4556 quo
712 4484 918 4540 versari
961 4481 1159 4552 gaudet
1203 4480 1454 4536 Satanas.
1489 4480 1624 4534 Nam
1659 4489 1715 4533 ct
1741 4495 1837 4534 aer
1865 4479 2062 4534 coelum

2154 2019 2248 2069 τοῦ
2278 2034 2292 2047 ·
2326 2015 2517 2085 Ἀμὴν
2545 2017 2699 2085 λέγω
2728 2015 2889 2084 ὑμῖν,
2909 2017 3301 2083 ἀνεκτότερον
3326 2015 3495 2069 ἔσται
3527 2011 3600 2080 γῇ
3625 2013 3735 2064 Σο-

2153 2109 2351 2177 δόμων
2397 2110 2494 2162 κίιί
2557 2109 2877 2177 Γομόρῤων
2911 2108 2980 2162 ἐν
3012 2109 3198 2178 ἡμέρᾳ
3259 2110 3532 2176 κρίσεως,
3577 2107 3611 2174 ἢ
3657 2103 3731 2174 τῇ

2159 2201 2329 2253 πόλει
2361 2200 2563 2268 ἐκείνῃ
2579 2240 2591 2254 .

2226 2292 2336 2346 Καὶ
2377 2293 2458 2346 σὺ
2486 2323 2555 2332 -
2593 2293 3216 2361 καταϐιϐασθήσῃ.Ἒν
3252 2293 3328 2361 τῷ
3365 2292 3594 2361 εἰκοστῷ
3632 2308 3729 2343 κε·-

2160 2385 2373 2455 φαλαίῳ
2407 2383 2499 2437 τοῦ
2534 2384 2674 2437 κατὰ
2692 2384 2971 2438 Ματθαῖον
2986 2384 3205 2455 εἴρηται
3233 2384 3330 2436 καὶ
3354 2383 3481 2455 περὶ
3504 2382 3732 2453 ταύτης,

2160 2479 2252 2531 καὶ
2287 2476 2525 2547 ζήτησον
2562 2479 2618 2530 ἐν
2646 2477 2868 2547 ἐκείνῳ.

2246 2569 2308 2624 '0
2341 2571 2580 2624 ἀκούων
2599 2601 2668 2608 -
2700 2586 2797 2639 με.
2817 2569 3101 2638 Ἀοέτησιν
3129 2569 3277 2636 λέγει
3326 2569 3420 2638 τὴν
3449 2566 3734 2621 ἀπείθειαν

2162 2664 2254 2716 καὶ
2273 2663 2648 2730 ἀποστροφήν.
2675 2662 2791 2716 Ἷνα.
2819 2661 2928 2729 γὰρ
2963 2663 3037 2732 μὴ
3058 2661 3336 2713 λυπῶνται
3361 2659 3733 2728 ἁοετούμενοι,

2165 2756 2351 2824 φησιν,
2379 2755 2458 2806 ὅτι
2502 2753 2566 2805 'H
2609 2753 2852 2822 ὑμετέρα
2879 2751 3056 2822 ὕϐρις,
3089 2752 3156 2804 δι’
3189 2753 3340 2819 ὑμῶν
3379 2751 3496 2821 μὲν,
3529 2751 3608 2812 εἰς
3639 2748 3739 2818 ἐμὲ

2164 2846 2474 2915 ἀνατρέχει,
2499 2845 2592 2896 τὸν
2628 2844 3029 2898 ἀποστείλαντα
3068 2844 3243 2912 ὑμᾶς’
3271 2844 3339 2896 δι’
3375 2841 3510 2911 ἐμοῦ
3549 2841 3629 2906 δὲ,
3655 2841 3736 2901 εἰς

2162 2937 2253 2990 τὸν
2289 2936 2508 3005 Πατέρα
2556 2954 2658 3004 μου
2715 2935 2809 2988 τὸν
2841 2935 3244 2989 ἀποστείλαντά
3277 2953 3367 3005 με.

2247 3028 2670 3097 Ὑπέστρεψαν
2690 3059 2758 3068 -
2790 3045 2928 3083 σου.
2975 3029 3257 3098 Ἔχαιρον,
3286 3028 3365 3091 ὡς
3415 3027 3740 3092 ἀξιωθέντες

2167 3124 2608 3193 θαυματουργεῖν
2639 3120 2731 3173 καὶ
2762 3121 3095 3174 ὑποτάσσειν
3119 3121 3186 3173 τὰ
3208 3120 3486 3188 δαιμόνια.

2234 3305 2379 3362 Eine
2402 3338 2469 3348 —
2491 3306 2779 3358 πεσόντα.
2824 3303 3094 3373 Ἐδήλωσε
3127 3320 3222 3373 την
3256 3303 3437 3356 αἰτίαν
3484 3301 3585 3372 τῆς
3635 3303 3744 3355 τῶν

2168 3402 2442 3471 δαιμόνων
2482 3397 2786 3466 ὑποταγῆς,
2810 3397 2895 3449 ὅτι
2922 3397 3215 3449 πέπτωκεν
3245 3397 3272 3449 ό
3301 3398 3484 3466 ἄρχων
3536 3394 3738 3461 αὐτῶν,

2169 3498 2197 3549 ὁ
2222 3492 2486 3564 ἐνισχύων
2528 3492 2746 3554 αὐτοὺς,
2778 3491 2874 3543 καὶ
2901 3489 3091 3542 λοιπὸν
3126 3489 3595 3556 εύκαταγώνιστοι
3650 3507 3744 3557 γε·

2170 3587 2358 3656 γόνασι
2383 3602 2396 3616 ’
2427 3585 2533 3654 πρὸ
2554 3585 2652 3654 μὲν
2689 3583 2798 3654 γὰρ
2822 3582 2922 3653 τῆς
2946 3581 3414 3654 ἐνανορωπήσεως
3436 3582 3530 3635 τοῦ
3555 3583 3742 3653 Σωτῆ-

2173 3697 2286 3750 ρος,
2317 3680 2397 3739 εἰς
2428 3678 2579 3748 ὕψος,
2612 3678 2796 3748 ᾔρετο,
2827 3677 2921 3730 καὶ
2943 3676 3249 3746 ἐτυράννει,
3275 3677 3370 3728 καὶ
3404 3675 3578 3745 ἴσχυε.
3631 3675 3739 3729 Τοῦ

2169 3769 2304 3822 Θεοῦ
2329 3769 2386 3822 δὲ
2414 3770 2479 3838 τῇ
2498 3769 2568 3838 γῇ
2596 3767 2683 3819 διὰ
2710 3766 2912 3837 σαρκὸς
2936 3766 3396 3836 ἐπιδημήσαντος,
3417 3765 3706 3818 πέπτωκεν
3727 3781 3744 3797 ο

2170 3861 2271 3914 οὐκ
2297 3859 2404 3912 ἀπὸ
2429 3858 2522 3911 τοῦ
2549 3857 2817 3927 ούρανοῦ·
2857 3857 3027 3910 πάλαι
3063 3858 3172 3927 γὰρ
3215 3856 3310 3909 ἀπ’
3358 3855 3525 3909 αὑτοῦ
3563 3855 3746 3908 πεσὼν

2170 3950 2356 4004 οὐκέτι
2388 3949 2554 4003 αὑτοῦ
2609 3947 2814 4016 ἐπέϐη·
2847 3947 2964 4001 ἀλλ’
2997 3947 3106 4000 ἀπὸ
3145 3947 3240 3999 τοῦ
3280 3946 3536 4016 ῥηθέντος
3583 3946 3747 4016 ὕψους

2171 4043 2380 4110 καὶτῆς
2399 4040 2711 4110 τυραννίδος
2745 4040 2840 4092 καὶ
2873 4039 2975 4109 τῆς
3017 4038 3222 4108 ἰσχύος.
3242 4039 3405 4106 Λέγει
3435 4039 3639 4104 τοίνυν,
3665 4040 3746 4092 ὅτι

2171 4133 2497 4200 Ἐθεώρουν
2556 4135 2664 4186 τὸν
2711 4131 3003 4194 Σατανᾶν,
3051 4132 3189 4200 μετὰ
3224 4131 3283 4183 τὸ
3335 4131 3748 4202 ἐναυθρωπῆσαί

2173 4244 2240 4297 με
2262 4226 2524 4296 δηλονότι,
2555 4226 2817 4290 πεσόντα,
2847 4224 2922 4286 ὡς
2983 4224 3291 4294 ἀστραπὴν,
3360 4225 3423 4275 ἐκ
3479 4223 3591 4292 (7i)
3652 4221 3744 4275 τοῦ

2170 4317 2426 4390 ούρανοῦ.

2242 4408 2396 4470 Τινὲς
2427 4406 2483 4458 δὲ
2512 4406 2741 4476 οὖρανὸν
2763 4404 3001 4458 ἐνταῦθα
3043 4405 3134 4458 τδν
3161 4405 3297 4476 ἀέρα
3324 4405 3553 4470 νοοῦσιν,
3575 4399 3617 4473 ᾧ
3636 4407 3748 4457 ἐνε-

2170 4498 2463 4570 φιλοχῶρει
2479 4499 2505 4550 ό
2527 4498 2795 4559 Σατανᾶς.
2825 4495 3059 4564 Λέγεται
3086 4497 3194 4565 γὰρ
3215 4497 3442 4566 οὐρανός
3460 4498 3553 4549 καὶ
3576 4500 3601 4549 ὁ
3619 4498 3745 4566 ἀήρ.

486 4579 728 4632 dicitur;
780 4574 1048 4639 Volucres,
1097 4573 1300 4643 inquit,
1358 4574 1493 4626 caeli.
1549 4572 1692 4627 Usus
1741 4581 1827 4626 est
1878 4581 2059 4626 autem

2178 4591 2254 4643 Τὰ
2283 4589 2524 4642 πετεινὰ
2565 4589 2675 4658 γάρ
2712 4605 2844 4658 φησι
2894 4587 3002 4641 τοῦ
3031 4587 3311 4654 οὐρανοῦ.
3348 4588 3436 4657 Τῷ
3459 4588 3743 4655 παραδείγ-

484 4671 709 4740 fulguris
737 4667 1002 4735 exemplo,
1026 4666 1326 4720 ostendens
1363 4663 1770 4718 vehementiam
1813 4678 1877 4718 ac
1916 4663 2059 4717 velo-

2170 4681 2382 4752 ματιδέ
2396 4682 2492 4748 τῆς
2518 4680 2810 4750 ἀστραπῆς
2827 4682 3122 4750 ἐχρήσατο,
3143 4681 3424 4748 ἐμφαίνων
3443 4682 3502 4733 τὸ
3525 4681 3746 4751 σφοδρὸν

486 4764 710 4818 citatem
752 4775 917 4814 casus
946 4759 1114 4814 illius.

555 4855 708 4908 Vurs.
749 4854 832 4907 l9.
860 4851 992 4904 Ecce
1017 4881 1089 4889 —
1109 4853 1425 4917 scorpiones.
1486 4849 1782 4921 Serpentes
1806 4867 1868 4906 ac
1902 4867 2058 4906 scor-

485 4947 681 5014 pioncs
721 4943 1108 5012 intelligihiles,
1143 4945 1233 5012 qui
1272 4943 1483 4996 animas
1513 4942 1771 4996 mordent
1800 4959 1862 4997 ac
1893 4944 2066 4998 devo-

487 5049 628 5111 rant.
664 5037 740 5090 Ita
779 5045 963 5090 autem
1021 5036 1302 5090 diBltlonCS
1357 5037 1674 5105 appellavit,
1725 5051 1834 5090 non
1892 5038 2068 5090 solum

483 5131 961 5201 propterinsidias,
982 5129 1175 5183 veneni
1191 5129 1580 5198 jacnlationem
1603 5145 1665 5183 ac
1688 5128 2061 5194 infec1ioncm,

485 5224 660 5276 sedet
724 5233 947 5292 preptcr
998 5223 1337 5276 debilitatem
1387 5237 1451 5276 ac
1512 5223 1807 5293 ignaviam.
1866 5221 2067 5276 Verum

484 5316 626 5383 quod
659 5317 725 5369 de
750 5317 1085 5372 dannonlbns
1115 5318 1393 5379 loauatur,
1431 5315 1749 5370 manifestat
1800 5315 1874 5379 id,
1914 5315 2065 5384 quod

486 5407 760 5460 subdnur.

597 5541 640 5574 ⁶³
673 5541 862 5597 Matth.
899 5560 952 5608 x,
984 5544 1071 5598 14.
1171 5544 1217 5578 ⁸⁸
1257 5543 1448 5598 Matth.
1479 5559 1552 5609 XI,
1581 5543 1670 5598 20.

2167 4775 2262 4827 xui.
2301 4772 2394 4836 ὀξὺ
2428 4775 2526 4842 τῆς
2561 4774 2823 4835 πτώσεως
2858 4773 3047 4826 αὑτοῦ.

2256 4865 2413 4920 Ἰὁοὺ
2444 4896 2513 4904 ——
2547 4867 2879 4931 σκορπίων.
2929 4865 3148 4934 Ὀφεων
3189 4866 3281 4918 καὶ
3315 4865 3611 4935 σκορπίων,
3643 4865 3746 4917 τῶν

2167 4959 2474 5014 δακνόντων
2493 4960 2588 5011 καὶ
2606 4961 3024 5028 τιτρωσκόντων
3053 4960 3150 5021 τὰς
3167 4960 3364 5029 ψυχάς.
3387 4959 3458 5012 Οὓ
3469 4977 3540 5011 τω
3556 4960 3610 5011 δὲ
3627 4961 3746 5020 τοὺς

2177 5053 2438 5122 δαίμονας
2478 5051 2787 5119 ὠνόμασεν,
2826 5053 2884 5103 οὗ
2925 5051 3086 5122 μόνον
3115 5053 3204 5105 διὰ
3245 5052 3304 5104 τὸ
3343 5051 3626 5103 ἐπίϐουλον
3659 5052 3748 5104 καὶ

2184 5145 2389 5198 ἰοϐόλον
2415 5149 2506 5198 καὶ
2536 5146 2861 5215 φθαρτικὸν,
2894 5145 3031 5199 ἀλλὰ
3068 5146 3158 5198 καί¹
3185 5144 3275 5198 διὰ
3317 5146 3377 5197 τὸ
3402 5144 3628 5206 ἀσθενὲς
3661 5145 3749 5196 καὶ

2179 5236 2472 5291 εὐάλωτον.
2497 5238 2622 5289 Ὅτι
2653 5236 2710 5291 δὲ
2745 5237 2875 5307 περὶ
2900 5237 3008 5290 τῶν
3032 5236 3307 5305 δαιμόνων
3337 5236 3504 5301 λέγει,
3529 5233 3678 5307 δηλοῖ
3691 5235 3748 5286 τὸ

2179 5327 2546 5397 ἐπαγόμενον.

1781 5542 2044 5597 "Malui.
2099 5561 2154 5611 ι,
2210 5543 2294 5596 l5.

1695 5708 1895 5770 Varize
1927 5708 2235 5773 lectiones
2268 5715 2326 5769 et
2365 5715 2553 5767 nota).

560 5873 672 5940 (το)
732 5874 826 5936 Ὃς
858 5872 973 5927 ἐάν.
1010 5873 1074 5927 Β.

2264 5873 2372 5944 (τι)
2425 5875 2556 5944 Τήν,
2590 5884 2717 5930 ante
2745 5875 2826 5940 ἐκ,
2862 5875 3006 5928 addit
3058 5879 3120 5927 Α.
