4016 6462
272 444 384 511 961

1275 443 1666 506 COMMENT.
1715 444 1795 508 IN
1837 444 2122 508 LUCAM.
2152 473 2219 488 —
2263 450 2425 515 CAP.
2468 455 2546 516 X.

3437 469 3548 536 963

356 556 556 610 Kal—
576 553 816 625 ἐχθροῦ.
853 551 962 606 τοῦ
995 548 1192 622 νοητοῦ
1222 551 1538 621 δράκοντος.
1584 550 1730 605 Ἰδὼν
1763 549 1870 620 γὰρ

2054 552 2208 609 Vers.
2255 555 2344 610 19.
2380 556 2783 615 Et—inimici.
2851 563 3134 633 Videlicet,
3191 567 3547 644 intelligibilis

281 647 485 710 αὐτοὺς
513 650 806 716 χαίροντας
827 643 922 697 ἐπὶ
945 645 1011 713 τῇ
1037 642 1146 696 τῶν
1166 643 1460 710 δαιμονίων
1485 642 1762 712 ὑποταγῇ,
1793 642 1866 694 δί-

281 735 415 788 δωσι
450 737 551 804 μὲν
582 736 765 795 αὐτοῖς
788 733 1012 804 διηνεκῆ
1037 733 1134 802 τὴν
1164 732 1286 784 κατ’
1312 733 1490 785 αὐτῶν
1509 733 1777 798 ἐξουσίαν,
1800 733 1866 803 ἣν

285 827 624 897 πρόσκαιρον
660 825 874 893 ἔλαϐον,
894 826 983 878 ὅτε
1008 827 1224 893 πρῶτον
1252 823 1607 894 ἀπεζάλησαν
1628 840 1640 852 ·
1668 841 1868 893 παραι-

285 922 366 973 νεῖ
400 920 477 983 δὲ,
510 920 584 988 μὴ
626 917 843 986 χαίρειν
878 916 973 969 ἐπὶ
1015 916 1207 991 ταύτῃ,
1246 916 1383 969 διότι
1418 918 1519 970 οὐκ
1558 917 1616 981 ἐξ
1654 917 1867 984 ἀγῶνος

284 1011 653 1081 προσεγένετο
685 1010 918 1073 τούτοις,
951 1008 1149 1061 ἀλλ’ἑκ
1180 1009 1412 1078 δωρεᾶς,
1452 1008 1540 1060 διά
1569 1008 1694 1070 τοὺς
1721 1007 1866 1074 ὠφε-

284 1103 526 1172 ληθῆναι
564 1103 877 1169 μέλλοντας.
916 1101 1011 1171 Eli;
1041 1101 1085 1152 δ’
1103 1101 1168 1152 ἂν
1198 1100 1427 1169 δύναμις
1456 1100 1549 1153 τοῦ
1581 1099 1774 1168 ἐχθροῦ
1801 1100 1864 1161 οὐ

287 1195 450 1262 μόνον
475 1194 524 1244 οἱ
560 1193 836 1260 δαίμονες,
867 1191 1004 1244 ἀλλά
1039 1192 1131 1243 καὶ
1162 1192 1365 1254 πάντες
1397 1192 1446 1244 ol
1474 1190 1531 1256 ἐξ
1559 1190 1737 1244 αὐτῶν
1771 1207 1866 1243 πο-

282 1280 516 1341 λυειδεῖς
543 1280 866 1350 πειρασμοί.

354 1368 514 1432 Τινὲς
542 1370 599 1422 δὲ
632 1374 722 1421 καὶ
751 1371 819 1421 τὰ
850 1367 1145 1437 φθείροντα
1192 1369 1317 1430 τοὺς
1343 1369 1666 1436 ἀνθρώπους
1702 1368 1884 1437 θηρία⁸

279 1461 516 1528 δύναμιν
560 1458 726 1512 αὑτοῦ
766 1456 1024 1526 λέγουσιν
1046 1496 1061 1523 ,
1095 1457 1169 1520 ὡς
1202 1458 1486 1527 χρωμένου
1518 1458 1611 1513 καὶ
1651 1459 1866 1522 τούτοις

282 1553 408 1606 καθ’
432 1553 614 1622 ήμῶν.

353 1645 464 1698 Καὶ
510 1643 780 1697 οὺδὲν-
819 1641 1102 1710 ἀδικήσῃ.
1139 1640 1216 1696 Οὐ
1287 1639 1527 1710 δαίμων,
1562 1641 1624 1694 οὐ
1671 1657 1866 1711 πειρα-

283 1737 440 1806 σμὺς,
475 1735 590 1786 ἀλλ’
606 1734 724 1786 οὐδὲ
757 1734 964 1804 θηρίον.

355 1825 612 1892 Πλὴν-
627 1824 1056 1879 ὑποτάσσεται.
1077 1825 1150 1875 Οὐ
1176 1821 1284 1893 γὰρ
1305 1823 1569 1893 ὑμέτερον
1591 1821 1652 1873 τὸ
1669 1822 1868 1892 κατόρ-

273 1887 733 1985 θωμαξάλγὲμὴ
763 1917 794 1984 ἡ
823 1915 1004 1984 χάρις.
1049 1914 1138 1966 Ἐν
1170 1887 1351 1983 τούτῳ*
1371 1887 1490 1966 οὖν-
1509 1912 1585 1982 μὴ
1620 1887 1864 1982 χαίρετε,
1904 1887 1942 1939 Β

279 2009 372 2061 ,ἵνα
412 2007 509 2077 μὴ,
541 2007 617 2070 ὡς
648 2008 739 2059 ἐπὶ
775 2005 1171 2076 κατορθώματι
1213 2006 1520 2075 χαίροντες,
1561 2005 1641 2067 είς
1688 2003 1866 2074 οῐησιν

281 2099 636 2168 ὲπαρθείητε.

356 2190 604 2257 Χαίρετε
641 2219 710 2229 --
755 2189 1058 2258 οὐρανοῖς.
1096 2189 1222 2243 Ὀτι
1256 2189 1344 2242 διὰ
1375 2189 1473 2259 τὴν
1501 2190 1685 2242 πίστιν
1714 2188 1866 2259 ὑμῶν

284 2281 835 2351 ὲπολιτογραφήθητε
871 2282 930 2333 ὲν
967 2284 1036 2351 τῇ
1065 2282 1176 2335 ἀνω
1200 2281 1378 2344 πόλει,
1405 2284 1464 2334 οὐ
1490 2282 1704 2350 μέλανι,
1729 2282 1864 2334 ἀλλὰ

278 2375 498 2445 μνήμῃ.
522 2373 664 2438 οὐδὲ,
692 2375 767 2435 ώς
801 2374 936 2444 (72),
959 2374 1239 2444 ἄνθρωποι
1264 2377 1587 2445 γράφουσιν,
1617 2369 1865 2438 ἀλλ’ώςὸ

285 2465 418 2528 θεὸς
473 2463 580 2518 οἶδε
617 2465 878 2534 γράφειν.
922 2467 1059 2536 Φησὶ
1104 2469 1214 2535 γὰρ
1255 2468 1383 2535 περὶ
1416 2469 1521 2519 τῶν
1566 2468 1791 2522 δικαίων
1834 2470 1863 2521 ὁ

281 2557 468 2621 Δαυῖδ,
500 2558 603 2620 ὅτι,
632 2558 741 2610 Kal
775 2558 875 2610 ἐπὶ
933 2557 999 2609 τὸ
1036 2558 1285 2620 βιϐλίον
1313 2571 1431 2611 σου
1460 2557 1682 2624 πάντες
1714 2577 1858 2628 γρα-

284 2649 607 2718 φήσονται.
639 2650 711 2701 Τὸ
744 2649 845 2718 μὲν
883 2651 993 2718 γὰρ
1036 2650 1369 2703 ὑποτάσσειν
1403 2651 1466 2703 τὰ
1497 2651 1772 2720 δαιμόνια,
1795 2651 1861 2705 δι’

283 2741 554 2809 ὠφέλειαν
603 2740 806 2811 ἑτέρων
842 2742 970 2810 ὑμῖν
1016 2740 1254 2792 δέδοται·
1289 2742 1350 2793 τὸ
1395 2743 1452 2795 δὲ
1502 2745 1571 2797 τὰ
1620 2745 1862 2814 ὀνόματα

288 2831 443 2901 ὑμῶν
465 2832 744 2901 γραφῆναι
777 2833 834 2884 ὲν
858 2833 969 2894 τοῖς
1003 2836 1274 2901 οὐρανοῖς,
1299 2832 1386 2886 διὰ
1421 2835 1696 2903 σωτηρίαν
1727 2836 1860 2906 ὑμε-

284 2926 470 2996 τέραν.
507 2925 598 2977 Διὸ
650 2925 833 2994 ἐκείνη
896 2925 995 2993 μὲν
1021 2927 1052 2994 ὴ
1082 2925 1226 2994 χαρά
1257 2924 1567 2980 κλέπτουσα
1599 2927 1863 2994 φυσίωσιν

279 3009 426 3070 οἶδεν
475 3016 746 3083 ἐμποιεῖν·
797 3014 937 3081 αὕτη
984 3014 1042 3066 δὲ
1091 3014 1292 3082 μᾶλλον
1342 3014 1716 3084 εὐχαριστίαν
1768 3017 1863 3070 καὶ

287 3110 658 3177 παραιτητέον
682 3107 778 3175 μὲν
796 3105 1033 3174 εκείνην,
1054 3105 1129 3167 ὡς
1144 3105 1394 3176 περιττόν
1419 3106 1556 3176 (75)⁶
1579 3107 1862 3176 ἀντιποιη-

284 3200 409 3252 τέον
442 3197 498 3251 δὲ
526 3198 752 3267 ταύτης,
788 3199 864 3260 ώς
893 3197 1222 3264 ἀναγκαίας.

371 3292 474 3345 Ἐγ
528 3289 681 3358 αὐτῇ
715 3320 786 3330 -—
822 3290 1086 3356 Ἰησοῦς.
1144 3288 1547 3357 Ἥγαλλιάσατο
1585 3292 1650 3359 τῇ
1687 3289 1867 3359 ψυχῇ,

285 3382 363 3444 ὼς
406 3383 715 3453 ἄνθρωπος,
754 3381 844 3434 διὰ
866 3382 966 3452 τὴν
1004 3380 1278 3453 σωτηρίαν
1328 3380 1438 3432 τῶν
1480 3380 1870 3450 ὠφεληθέντων

289 3473 396 3527 ὑπὸ
417 3475 526 3524 τῶν
553 3473 832 3542 μαθητῶν.

360 3570 470 3620 Καὶ
509 3563 702 3620 εἷπεν*
732 3596 802 3605 —
833 3579 972 3619 σου.
1012 3566 1218 3636 Εῐρηκε
1255 3565 1429 3619 ταῦτα
1474 3566 1570 3618 καὶ
1607 3565 1872 3635 περὶτῶν

286 3657 498 3710 δώδεκα
521 3657 777 3726 μαθητῶν
809 3660 866 3710 ὲν
893 3657 970 3727 τῷ
1003 3657 1234 3726 εἰκοστῴ
1266 3656 1552 3727 κεφαλαίῳ
1592 3656 1687 3710 τοῦ
1735 3657 1874 3710 κατά

289 3751 590 3815 ἢίατθαίον,
625 3751 718 3802 καὶ
749 3749 984 3820 ζήτησον
1021 3752 1135 3802 ἐκεῖ
1163 3750 1261 3821 τὴν
1287 3750 1570 3819 ἐξήγησιν.

360 3842 474 3896 Kal
517 3841 804 3909 στραφεὶς
843 3869 907 3883 -—
942 3843 1357 3910 ἀποκαλύψαι.
1395 3840 1505 3912 [Ἐν
1538 3841 1732 3912 ἐκείνῳ
1779 3844 1876 3896 καὶ

290 3934 462 3987 ταῦτα
493 3934 888 4003 διασεσάφηται
921 3933 1057 4002 πρὸς
1087 3932 1376 4002 ἀκρίϐειαν
1413 3930 1575 4004 (74).]

366 4027 477 4081 Καὶ
503 4027 791 4094 στραφεὶς
820 4055 890 4064 -
916 4024 1214 4092 ἤκουσαν.
1249 4025 1434 4078 Ταῦτα
1456 4021 1577 4078 εἶπε
1601 4023 1695 4077 καὶ
1721 4026 1778 4077 ὲν
1799 4023 1878 4095 τῷ

294 4120 528 4190 εἰκοστῷ
563 4121 810 4190 τετάρτῳ
839 4116 1124 4187 κεφαλαίῳ
1155 4115 1249 4170 τοῦ
1278 4117 1420 4170 κατὰ
1451 4115 1755 4180 Ματθαῖον,
1784 4117 1877 4170 καὶ

293 4211 567 4281 ἀνάγνωθι
626 4212 682 4262 ὲν
737 4207 886 4277 αύτῷ
940 4207 1053 4276 (75)
1105 4206 1201 4276 τὴν
1281 4207 1582 4278 ἑρμηνείαν
1649 4205 1832 4261 αὐτῶν
1861 4245 1877 4272 ,

293 4303 424 4355 ἔνθα
441 4305 618 4355 κεῖται
651 4301 746 4353 τό⁹
792 4296 992 4366 ’Υμῶν
1038 4295 1109 4349 δὲ
1139 4297 1420 4367 μακάριοι
1458 4299 1513 4351 οι
1553 4296 1874 4366 ὀφθαλμοί.

305 4396 655 4466 Ἐπεθύμησε
689 4393 747 4446 δὲ
791 4395 998 4466 ταύτην
1035 4395 1137 4465 τὴν
1181 4391 1478 4460 ἐπιθυμίαν
1524 4392 1618 4445 καὶ
1655 4390 1820 4444 Δαυῒδ
1852 4393 1880 4446 ὁ

293 4489 580 4559 προφήτης
651 4487 747 4540 καὶ
807 4485 1080 4557 βασιλεύς.
1123 4484 1214 4536 Διὸ
1269 4485 1362 4538 καὶ
1422 4482 1611 4551 ἔλεγε·
1672 4482 1882 4549 Δεῖξον

295 4580 459 4652 ἡμῖν,
500 4580 696 4648 Κύριε,
726 4579 793 4633 τὸ
825 4579 999 4645 ἔλεός
1033 4594 1151 4632 σου
1173 4591 1185 4605 ’
1221 4576 1320 4646 τὴν
1343 4574 1758 4646 ἐνανθρώπησιν
1779 4576 1875 4630 τοῦ

297 4673 569 4743 Σωτῆρος,
598 4674 746 4736 ἔλεος
762 4672 1050 4743 ὠνόμασας
1074 4669 1211 4742 (76),
1237 4669 1310 4731 ώς
1329 4669 1631 4739 γενομένην
1645 4667 1714 4722 δι’
1733 4669 1882 4732 ἔλεος

297 4761 407 4814 τῶν
435 4761 530 4814 ἀνθ
541 4763 759 4832 ρώπων.

371 4855 772 4925 Παρατήρησον
804 4853 884 4918 δὲ,
915 4853 998 4906 ὅτι
1062 4850 1356 4922 στρέφεται
1414 4849 1553 4922 πρὸς
1590 4850 1718 4913 τοὺς
1772 4866 1879 4919 μα-

300 4947 470 5018 θητὰς
517 4948 545 4998 ὁ
587 4945 798 5017 Σωτὴρ,
846 4945 942 4999 καὶ
985 4945 1236 4998 κατιδίαν
1281 4945 1466 5006 αὐτοῖς
1515 4943 1716 5011 ὁμιλεῖ,
1751 4943 1880 5004 τοὺς

304 5041 380 5110 μὴ
417 5039 667 5110 μαθητὰς
715 5036 1215 5107 ἀποστρεφόμενος.
1267 5035 1360 5087 Διὸ
1400 5032 1496 5087 καὶ
1551 5033 1744 5104 ἡμεῖς,
1785 5032 1882 5087 ἐὰν

1967 644 2240 703 draconis.
2267 648 2404 704 Cum
2441 666 2572 722 ergo
2606 653 2831 708 vidisset
2852 672 2947 712 eos
2977 660 3280 726 gaudentes
3308 666 3376 720 de
3414 669 3546 724 sub-

1963 735 2201 805 jectione
2279 740 2697 809 daemoniorum,
2771 747 2865 800 dat
2921 749 3152 818 {quidem
3226 756 3544 813 continuam

1966 828 2230 882 adversus
2277 830 2365 884 illa
2411 841 2762 900 potestatem,
2799 852 2961 905 quam
3011 840 3166 909 prius
3213 843 3282 898 ad
3326 854 3546 915 tempus

1970 931 2321 988 acceperant,
2352 936 2476 976 cum
2523 925 2910 981 mitterentur:
2948 930 3047 984 sed
3087 933 3429 1002 adhortatur,
3477 953 3550 996 ne

1967 1007 2035 1062 de
2059 1008 2159 1062 hac
2192 1011 2488 1079 gaudeant,
2523 1014 2655 1082 quia
2692 1031 2799 1069 non
2834 1032 2900 1071 ex
2924 1021 3221 1075 certamine
3242 1025 3324 1078 eis
3354 1041 3550 1094 prove-

1972 1101 2071 1166 nit,
2114 1102 2207 1155 sed
2241 1118 2308 1156 ex
2351 1104 2498 1158 dono
2526 1114 2751 1176 propter
2786 1123 2883 1164 eos
2905 1111 2997 1178 qui
3031 1112 3326 1182 adjuvandi
3364 1128 3543 1172 erant.

1969 1191 2152 1262 Potest
2179 1203 2364 1249 autem
2403 1197 2577 1251 virtus
2612 1199 2821 1253 inimici
2871 1201 3002 1266 dici,
3054 1219 3165 1257 non
3207 1205 3384 1260 solum
3441 1207 3545 1279 ipsi

1969 1286 2263 1350 dicmones,
2301 1287 2395 1342 scd
2423 1297 2478 1340 et
2509 1289 2876 1346 multiformes
2911 1309 3099 1347 eorum
3151 1301 3510 1354 tentationes.

2041 1373 2266 1441 Quidam
2290 1391 2420 1431 vero
2443 1387 2498 1431 et
2519 1377 2685 1439 feras.
2705 1383 2826 1449 quae
2840 1382 3088 1438 homines
3108 1386 3363 1453 perdunt,
3385 1391 3551 1444 virtu-

1970 1477 2074 1521 tcm
2099 1467 2242 1522 illius
2257 1469 2615 1538 dicunt,quod
2638 1472 2805 1526 etiam
2831 1475 2912 1530 his
2935 1477 3197 1535 adversus
3218 1497 3319 1535 nos
3341 1491 3548 1537 utatur.

2042 1650 2196 1707 Vers.
2232 1652 2320 1708 19.
2348 1653 2415 1708 Et
2441 1683 2513 1696 -—
2534 1656 2757 1714 nocebit.
2782 1656 2894 1713 Nec
2910 1658 3146 1724 dtemon,
3172 1677 3275 1719 nec
3296 1660 3551 1730 tentatio,

1969 1755 2073 1793 nec
2108 1741 2220 1795 fera
2251 1752 2544 1799 venenata.

2042 1830 2195 1885 Vers.
2233 1832 2324 1888 20.
2354 1833 2722 1890 Verumtamen
2747 1867 2818 1876 —
2843 1839 3220 1907 subjiciuntur.
3251 1841 3379 1898 Non
3403 1845 3552 1900 enim

1970 1931 2211 1977 vestrum
2249 1933 2335 1980 est
2378 1940 2540 1995 Opus,
2568 1927 2665 1982 sed
2704 1943 2824 1982 mea
2872 1932 3144 2000 gratiaJn
3170 1933 3274 1987 hoc
3316 1949 3444 2005 ergo
3483 1952 3554 1991 ne

1969 2015 2268 2084 gaudeatis,
2302 2031 2397 2081 ne,
2429 2027 2687 2088 tanquam
2719 2019 2786 2074 de
2811 2023 3032 2094 egregio
3054 2023 3295 2079 facinore
3311 2027 3554 2095 gauden-

1971 2104 2139 2168 tes,in
2169 2105 2464 2158 elationem
2497 2108 2788 2162 elevemini

2039 2192 2194 2248 Vers.
2225 2195 2315 2248 20.
2349 2193 2585 2249 Gaudete
2608 2225 2676 2237 ——~
2707 2199 2871 2254 caelis.
2924 2199 3062 2266 Quia
3113 2214 3341 2274 propter
3389 2207 3553 2263 fidem

1966 2292 2204 2336 vestram
2229 2282 2282 2337 in
2310 2286 2458 2339 cives
2480 2287 2779 2357 conscripti
2802 2291 2938 2345 estis
2972 2293 3026 2344 in
3050 2301 3255 2347 aeterna
3283 2295 3506 2353 civitate
3535 2315 3553 2354 :

1967 2385 2077 2425 non
2116 2381 2448 2438 atramento,
2489 2377 2587 2429 sed
2620 2379 2884 2432 memoria
2919 2395 2933 2432 :
2979 2395 3182 2450 neque,
3213 2393 3269 2436 nt
3300 2384 3557 2443 homines

1965 2466 2232 2530 scribunt,
2266 2469 2362 2521 sed
2396 2468 2538 2523 sicut
2569 2459 2715 2523 Deus
2740 2471 2986 2525 scribere
3021 2473 3192 2527 novit.
3225 2473 3367 2530 Dicit
3391 2479 3540 2531 enim

1965 2553 2031 2606 de
2060 2554 2226 2623 justis
2262 2554 2430 2609 David
2461 2572 2475 2608 :
2515 2554 2582 2607 Et
2614 2557 2667 2609 in
2699 2555 2834 2610 libro
2859 2569 2949 2611 tuo
2972 2575 3150 2614 omnes
3179 2563 3553 2618 scribentur“.

1967 2642 2247 2713 Siquidem
2279 2646 2549 2713 subjicere
2583 2648 2874 2709 damonis,
2911 2658 3136 2717 propter
3183 2652 3418 2706 aliorum
3453 2654 3558 2709 uti-

1964 2736 2170 2789 litatem
2203 2737 2360 2790 vobis
2388 2726 2574 2789 datu—in
2609 2743 2694 2790 est
2725 2754 2738 2790 :
2773 2739 2921 2806 quod
2956 2749 3138 2793 autem
3174 2743 3397 2796 nomina
3461 2760 3558 2798 ve-

1966 2834 2079 2879 stra
2109 2825 2310 2894 scripta
2339 2827 2543 2880 suntin
2561 2825 2734 2890 cmlis,
2756 2835 2978 2896 propter
3000 2829 3232 2884 salutem
3267 2841 3504 2886 vestram
3536 2851 3552 2888 :

1964 2919 2084 2973 ideo
2115 2919 2378 2973 furtivum
2414 2905 2636 2988 quidem
2664 2921 2795 2974 illud
2825 2921 3083 2987 gaudium
3120 2933 3391 2979 tumorem
3416 2942 3547 2981 cau-

1965 3026 2084 3065 sare
2115 3010 2284 3073 novit,
2324 3008 2429 3064 hoc
2456 3027 2583 3064 vero
2623 3011 2915 3081 gratiarum
2945 3016 3214 3068 actionem
3248 3019 3463 3084 potius:
3501 3029 3558 3074 et

1967 3098 2095 3153 illud
2128 3099 2349 3168 quidem
2386 3099 2716 3166 cavendum,
2769 3109 3025 3169 tanquam
3062 3089 3422 3172 superfluum,
3455 3108 3560 3162 hoc

1895 3209 1940 3267 ο
1971 3203 2152 3247 autem
2183 3193 2595 3262 proponendum
2621 3203 2724 3253 est.
2761 3203 3018 3263 tanquam
3049 3201 3454 3254 necessarium.

2043 3285 2196 3340 Vers.
2241 3284 2333 3339 21.
2373 3285 2438 3338 In
2496 3285 2592 3337 illa
2634 3313 2704 3324 —
2749 3283 2925 3338 Iesus.
2979 3287 3180 3342 Animo
3242 3292 3557 3359 exsultavit,

1976 3387 2236 3446 tanquam
2266 3377 2451 3438 homo,
2491 3384 2714 3444 propter
2741 3391 2930 3430 eorum
2955 3377 3206 3445 salutem,
3238 3383 3329 3450 qui
3354 3397 3382 3434 a
3402 3384 3562 3438 disci-

1973 3470 2117 3539 pulis
2145 3468 2375 3538 juvandi
2407 3475 2587 3520 erant.

2049 3559 2200 3614 Vers.
2226 3560 2316 3612 2|.
2355 3557 2425 3611 Et
2459 3557 2590 3610 dixit
2623 3583 2693 3594 -ι-
2724 3565 2793 3609 te.
2835 3554 2959 3610 llaec
3014 3572 3232 3626 quoque
3295 3561 3437 3613 dixit
3488 3561 3555 3616 de

1974 3653 2260 3709 duodecim
2310 3649 2594 3718 discipulis
2635 3649 2899 3703 vicesimo
2942 3652 3119 3719 capite
3150 3649 3424 3719 Evangelii
3463 3668 3554 3707 sev

1976 3746 2212 3801 cundum
2248 3742 2555 3796 Matthaeum
2588 3758 2600 3792 :
2636 3750 2692 3794 et
2733 3741 2804 3794 ibi
2861 3756 3043 3808 quaere
3079 3742 3493 3810 expositionem.

2050 3836 2199 3891 Vers.
2223 3835 2314 3890 2|.
2351 3833 2421 3886 Et
2459 3848 2733 3886 conversus
2770 3861 2824 3870 —
2853 3831 3009 3886 Vers.
3063 3833 3157 3884 22.
3197 3835 3448 3888 revelare.
3500 3841 3556 3889 ln

1977 3946 2043 3986 eo
2065 3932 2183 3984 loco
2203 3929 2366 3982 etiam
2406 3927 2520 3979 haec
2555 3925 2846 3994 diligenter
2878 3924 3164 3992 explanata
3195 3936 3344 3977 sunt.

2051 4019 2204 4081 γει-ε.
2259 4017 2348 4070 25.
2412 4013 2476 4067 Et
2524 4028 2883 4067 conversus—
2920 4009 3082 4065 Vers.
3121 4011 3209 4064 24.
3256 4012 3558 4069 audierunt.

1979 4113 2106 4168 llaec
2129 4122 2357 4180 quoque
2387 4105 2524 4162 dixit
2553 4105 2814 4159 vicesimo
2840 4116 3038 4172 quarto
3065 4103 3220 4172 juxta
3246 4103 3558 4157 llatthaeum

1980 4204 2176 4274 capite,
2196 4211 2252 4256 et
2286 4201 2342 4254 in
2369 4213 2434 4254 eo
2463 4198 2583 4268 lege
2622 4197 2864 4266 ipsorum
2902 4195 3435 4264 interpretationem,
3459 4196 3560 4248 .ubi

1979 4297 2228 4353 dicitur:
2285 4290 2454 4346 Vestri
2502 4298 2680 4344 autem
2722 4288 2860 4341 beati
2910 4285 3048 4339 oculi
3085 4285 3152 4340 ⁸⁸.
3211 4283 3324 4338 llac
3375 4293 3557 4338 autem

1981 4387 2238 4443 aviditate
2273 4390 2465 4451 captus
2508 4388 2592 4435 est
2621 4377 2790 4432 David
2837 4377 3102 4445 propheta
3141 4373 3302 4428 simul
3334 4382 3388 4427 et
3419 4389 3511 4426 rex
3542 4390 3562 4438 ;

1985 4481 2105 4538 ideo
2137 4479 2300 4533 etiam
2325 4475 2462 4530 dixit
2487 4489 2501 4528 :
2539 4471 2763 4528 Ostende
2789 4469 2958 4533 nobis,
2987 4465 3229 4529 Domine,
3263 4465 3560 4519 misericor-

1981 4576 2128 4627 diam
2174 4580 2322 4624 tuam
2365 4569 2435 4631 '°,
2491 4561 2789 4619 Salvatoris
2819 4559 3074 4614 videlicet
3126 4557 3561 4611 incarnationem

1980 4662 2262 4734 appellans
2292 4654 2744 4717 misericordiam,
2791 4659 2978 4721 utpote
3011 4656 3234 4718 propter
3277 4646 3562 4701 hominum

1979 4750 2414 4809 misericordiam
2449 4746 2671 4801 factam.

2047 4844 2249 4899 Verum
2280 4841 2535 4902 observa,
2565 4835 2708 4905 quod
2745 4831 2813 4886 ad
2845 4829 3136 4900 discipulos
3163 4829 3408 4883 Salvator
3436 4843 3566 4883 con-

1982 4936 2240 4999 vertitur,
2288 4941 2343 4988 et
2399 4931 2530 5000 ipsis
2586 4925 2814 4982 seorsim
2876 4924 3141 4992 loquitur,
3199 4920 3269 4975 ab
3323 4921 3411 4986 iis,
3469 4919 3564 4988 qui

1990 5027 2244 5100 discipuli
2276 5041 2384 5080 non
2414 5033 2544 5079 sunt
2574 5035 2820 5076 aversus.
2853 5017 2982 5071 ldeo
3010 5023 3066 5069 et
3094 5030 3192 5069 nos
3227 5027 3464 5085 quoque,
3517 5014 3564 5066 si

299 5125 450 5202 ὦμεν
474 5131 712 5201 μαθηταὶ
738 5130 924 5195 αὑτοῦ,
944 5125 1361 5189 ἀκολουθοῦντες
1382 5124 1531 5196 αὐτῷ
1546 5122 1615 5178 δι’
1636 5122 1870 5193 ὑπακοῆς

1990 5119 2246 5192 discipuli
2275 5121 2394 5189 ejus
2428 5116 2712 5178 fuerimus,
2746 5127 2844 5182 per
2875 5107 3240 5164 obedientiam
3285 5107 3569 5161 mandato-

411 5311 455 5343 ⁸⁸
487 5310 631 5365 Psal.
661 5322 921 5373 cxxxvm,
965 5305 1052 5361 16.
1164 5306 1210 5337 ⁸⁸
1273 5303 1464 5361 Matth.
1490 5321 1644 5370 xvnt,
1677 5302 1763 5357 16.

1878 5301 1919 5332 ’⁸
1954 5297 2098 5354 Psal.
2135 5309 2398 5361 Lxxxvm,
2428 5295 2530 5350 16.

1481 5487 1687 5551 Varios
1720 5483 2029 5550 lectiones
2074 5489 2134 5545 et
2177 5489 2368 5545 notm.

379 5664 488 5733 (7Q)
523 5665 612 5725 Ὠς
637 5661 758 5714 οὐδὲ
786 5661 858 5717 οξ.
889 5661 949 5717 Β.

379 5723 490 5805 (75)
521 5723 682 5788 Forte
709 5735 1015 5805 ﬁept:t_i";v,_
1047 5730 1116 5784 ob
1170 5726 1475 5805 proximum
1561 5723 1887 5805 ἀναγκαίας.

309 5801 456 5859 Alias
476 5801 618 5859 illud
645 5818 862 5871 quoque
889 5802 1017 5854 ferri
1045 5801 1235 5871 possit,
1273 5807 1333 5871 ut
1369 5806 1558 5851 notum
1584 5804 1690 5871 cst.

383 5876 493 5946 (74)
545 5863 755 5929 lnclusa
776 5863 988 5928 'omittit
1021 5863 1082 5923 Χ.
1123 5870 1257 5941 Ergo
1281 5868 1347 5924 ab
1373 5883 1480 5922 uno
1511 5867 1605 5920 καὶ
1629 5863 1892 5935 πραφεὶς

2002 5654 2067 5707 ad
2098 5651 2328 5704 alterum
2357 5647 2552 5701 saltum
2583 5643 2727 5698 fecit.

2072 5721 2184 5791 (75)
2243 5720 2329 5772 Ἐν
2350 5717 2498 5791 αὐτῷ
2530 5715 2704 5770 abest.
2727 5712 2793 5768 Α.

2071 5790 2182 5860 (76)
2259 5790 2575 5858 Ὠνόμασεν.
2599 5791 2663 5842 Α.
