4016 6472
501 433 612 495 {:63

1715 423 2100 488 EUTHVMII
2142 423 2507 486 ZIGABENI

3639 433 3744 495 SM

501 555 621 594 rum
655 538 846 608 ipsius.
869 546 922 592 et
943 537 1139 592 animae
1161 537 1343 604 simul,
1367 549 1421 594 et
1443 537 1688 608 corporis
1713 538 2061 591 habuerimus

2174 536 2285 588 τῶν
2323 535 2555 588 ἐντολῶν
2601 535 2787 603 αὐτοῦ,
2822 537 2914 591 καὶ
2946 537 3159 609 ἔχωμεν
3198 539 3461 610 ψυχικοὺς
3496 542 3610 613 ἅμα
3652 544 3739 596 καὶ

499 631 688 683 oculos
732 636 881 682 recte
925 628 1226 692 intuentes,
1262 643 1535 700 auresque
1566 637 1716 683 recte
1746 627 2069 688 audientes,

499 719 566 774 ad
612 733 712 773 nos
753 720 917 773 etiam
965 718 1192 773 omnino
1237 728 1606 785 convcrtetur,
1640 727 1694 773 et
1737 717 2014 789 mysteriis
2043 732 2071 770 a

499 811 660 880 vulgo
697 809 1034 866 absconditis
1075 811 1406 881 dignabitur.

730 921 880 976 CAP.
907 919 1119 977 XXXV.
1155 920 1232 974 De
1259 927 1495 973 tentante
1517 920 1834 990 legisperito.

569 1012 725 1067 Vers.
754 1013 844 1068 25.
887 1012 953 1065 Et
975 1029 1089 1066 ecce
1111 1040 1181 1050 —-
1200 1011 1506 1079 possidebo?
1533 1013 1828 1081 lllaqueare
1850 1008 2075 1080 putabat

493 1105 798 1165 Christum,
840 1104 884 1157 si
918 1105 1194 1173 quippiam
1237 1104 1338 1175 legi
1373 1105 1706 1159 contrarium
1750 1103 1860 1156 ullo
1915 1111 2075 1170 pacto

494 1196 738 1248 doceret.
776 1193 907 1246 Dicit
944 1208 1112 1263 ergo:
1148 1191 1286 1256 Quid
1337 1194 1576 1263 faciendo
1606 1196 1769 1247 vitam
1821 1201 2074 1246 aeternam

493 1285 783 1354 ρυλεὶάεὺο,
821 1299 984 1352 quam
1016 1288 1214 1353 populo
1257 1284 1600 1337 annuntias?
1629 1282 1858 1353 Cognita
1887 1292 2074 1335 autem

493 1378 637 1431 illius
681 1379 940 1444 versutia,
977 1379 1226 1432 Salvator
1262 1380 1331 1433 ad
1379 1380 1550 1448 legem
1586 1379 1762 1448 ipsum
1793 1377 2023 1431 remittit
2055 1393 2071 1441 ;

493 1468 655 1519 simul
677 1459 896 1536 quidem
927 1476 1183 1522 conatum
1218 1467 1363 1521 illius
1395 1467 1690 1536 repellens,
1720 1465 1880 1520 simul
1903 1465 2071 1518 etiam

490 1575 725 1628 arguens
761 1559 934 1624 illum,
964 1557 1109 1627 quod
1137 1572 1258 1612 sese
1292 1574 1390 1627 pro
1419 1559 1640 1612 virtutis
1665 1557 1877 1611 cultore
1906 1570 2061 1626 gere-

493 1657 601 1711 ret,
635 1662 761 1701 cum
815 1662 927 1700 non
981 1657 1147 1711 esset,
1198 1645 1365 1702 veluti
1425 1645 1550 1700 ﬁnis
1601 1644 1866 1700 indicabit
1916 1658 2072 1712 para-

495 1738 654 1793 bolze.

565 1829 717 1883 Vers.
760 1829 850 1883 26.
883 1827 1002 1896 Ipse
1050 1844 1166 1881 vero
1192 1857 1263 1867 —
1293 1826 1418 1897 legis
1441 1829 1466 1881 Ρ
1504 1827 1659 1892 Quod
1691 1827 1956 1896 scriptum
1988 1834 2070 1881 est

489 1918 667 1986 majus
720 1918 1105 1988 praeceptum?
1158 1919 1441 1982 Quomodo
1479 1918 1614 1988 legis
1669 1919 1875 1986 majora
1937 1917 2070 1987 legis

491 2009 815 2077 praecepta?
862 2009 939 2061 De
982 2007 1278 2076 majoribus
1310 2021 1550 2076 namque
1599 2007 1781 2076 ipsum
1828 2007 2069 2063 interro-

487 2101 656 2170 gavh.

565 2192 715 2246 Vers.
743 2191 831 2245 27.
866 2191 1050 2246 Atille
1076 2221 1146 2234 -
1177 2193 1334 2249 Vers.
1387 2192 1480 2248 28.
1533 2192 1864 2262 respondisti.
1901 2191 2069 2247 Recte

488 2281 643 2335 illum
701 2283 1052 2352 respondisse
1108 2283 1294 2338 dixit:
1363 2291 1422 2337 ut
1465 2283 1556 2352 qui
1586 2285 1694 2337 duo
1759 2283 2072 2336 recitaverit

485 2380 779 2441 praecepta,
822 2386 942 2440 quae
973 2370 1040 2424 ad
1071 2387 1130 2426 se
1165 2371 1400 2426 invicem
1445 2381 1874 2438 connectuntur,
1926 2370 2072 2425 sicut

484 2463 935 2532 quinquagesimo
973 2473 1169 2530 quarto
1201 2462 1356 2530 juxta
1386 2460 1699 2515 Matthaeum
1745 2462 1924 2530 capite
1955 2478 2070 2514 ma-

489 2547 817 2606 nifestatum
842 2559 944 2607 est.
972 2551 1126 2604 Alius
1160 2561 1341 2604 autem
1373 2559 1492 2604 erat
1516 2550 1605 2604 hic
1629 2549 1974 2620 legisperitus
1999 2550 2068 2604 ab

482 2659 569 2706 eo,
603 2644 666 2696 de
695 2656 804 2711 quo
830 2656 861 2696 a
888 2642 1138 2695 llattbzeo
1162 2651 1217 2695 et
1248 2639 1429 2695 Marco
1461 2640 1606 2695 facta
1639 2650 1724 2695 est
1755 2642 1963 2695 mentio
1983 2640 2055 2692 τι.

553 2733 709 2788 Vers.
739 2733 831 2786 28.
859 2731 971 2785 Hoc
999 2762 1064 2772 —
1101 2731 1258 2785 vives.
1291 2730 1424 2796 Hoc,
1452 2732 1596 2801 quod
1623 2745 1769 2786 nunc
1797 2731 2062 2792 recitasti,

482 2821 610 2887 hoc,
652 2823 895 2891 inquam,
937 2820 1022 2876 fac
1068 2831 1123 2876 et
1154 2822 1304 2876 vives
1335 2821 1445 2875 vita
1483 2831 1707 2885 aeterna,
1732 2836 1838 2889 qua
1883 2821 2068 2874 vivunt

474 2913 630 2984 justi,
673 2915 765 2980 qui
802 2913 915 2967 hzec
938 2923 1206 2983 praecepta
1241 2920 1624 2968 servaverunt.
1654 2911 1850 2964 Docuit
1899 2912 2069 2979 siqui-

479 3001 602 3054 dem
630 3001 886 3070 praedicto
909 3001 1091 3068 capite
1116 3000 1390 3070 Evangelii
1411 2999 1710 3053 secundum
1733 2998 2064 3064 Matthaeum,

477 3090 627 3160 quod
657 3091 710 3143 in
746 3091 830 3144 his
853 3091 1066 3144 duobus
1098 3090 1381 3158 pratccptis
1417 3088 1666 3142 universa
1709 3088 1790 3141 lex
1824 3097 1878 3141 et
1922 3103 2051 3157 pro-

2180 627 2528 696 σωματικοὺς
2547 627 2877 696 ὀφθαλμοὺς,
2905 629 3040 699 ὀρθὰ
3061 631 3378 700 βλέποντας,
3403 635 3496 685 καὶ
3518 635 3581 686 τά
3609 630 3744 694 ὦτα,

2176 721 2312 789 ὀρθὰ
2345 721 2634 788 ἀκούοντα,
2665 723 2880 785 πάντως
2906 727 3282 795 στραφήσεται
3305 729 3398 779 καὶ
3420 728 3555 796 πρὸς
3577 731 3745 797 ἡμᾶς,

2178 813 2273 865 καὶ
2304 811 2528 877 ἀξιώσει
2561 817 2883 884 μυστηρίων
2917 816 3246 887 ἀπορρήτων
3286 821 3396 881 τοῖς
3437 819 3674 880 πολλοῖς.

2249 927 2407 981 ΚΕΦ.
2436 929 2556 982 ΛΕ’.
2576 929 2715 996 Περὶ
2745 928 2851 983 τοῦ
2879 929 3371 997 ἐπερωτήσαντος
3404 932 3674 1000 νοιιικοῦ.

2247 1019 2358 1072 Καὶ
2396 1019 3119 1090 ὶδοὺ-κληρονομήσω;
3165 1023 3537 1094 Προσεδίκησε
3579 1039 3747 1090 παγι-

2176 1108 2363 1162 δεῦσαι
2397 1110 2489 1163 τὸν
2515 1110 2752 1179 Χριστὸν
2783 1115 2862 1174 εἰς
2896 1111 2956 1164 τὸ
2997 1115 3216 1174 παντως
3249 1113 3569 1177 ἐπιτάξαιτι
3595 1115 3746 1166 ὲναν·

2175 1200 2291 1252 τίον
2322 1199 2398 1268 τῷ
2435 1200 2603 1269 νόμῳ.
2634 1203 2798 1269 Λέγει
2834 1201 2983 1268 γοῦν,
3016 1203 3076 1255 Τί
3117 1202 3382 1268 ποιήσας
3426 1203 3578 1271 ζωὴν
3620 1207 3746 1258 αἰώ-

2175 1307 2311 1345 νιον
2329 1292 2790 1360 κληρονομήσω,
2813 1292 2878 1362 ἣν
2910 1293 3296 1361 καταγγέλλεις
3318 1293 3395 1362 τῷ
3416 1292 3558 1363 latis;
3582 1295 3745 1356 Γνοὺς

2174 1381 2233 1435 δὲ
2279 1383 2375 1454 τὴν
2409 1383 2598 1436 τούτου
2643 1382 2987 1452 ⁶ιανουργίαν
3017 1385 3046 1435 ὁ
3079 1382 3288 1452 Σωτὴρ,
3325 1383 3418 1453 ἐπὶ
3460 1383 3549 1435 τὸν
3586 1385 3745 1453 νόμον

2176 1475 2340 1527 αὐτὸν
2385 1475 2781 1544 παραπέμπει’
2826 1475 2944 1543 ἅμα
2993 1475 3127 1543 μὲν,
3172 1474 3595 1544 διακρουόμενος
3647 1477 3744 1538 τὴν

2177 1567 2374 1636 πεῖραν
2397 1564 2563 1620 αὑτοῦ
2589 1581 2604 1596 ’
2641 1567 2755 1634 ἅμα
2786 1566 2867 1629 δὲ,
2894 1565 3134 1634 ἐλέγχων
3164 1565 3344 1629 αὑτὸν,
3373 1567 3618 1635 οἰόμενον
3648 1569 3744 1636 μὲν

2175 1653 2315 1710 εἶναι
2356 1657 2631 1725 ἐνάρετον,
2663 1657 2737 1726 μή
2765 1656 2893 1709 ὄντα
2924 1655 3021 1708 δέ·
3054 1655 3129 1719 ὡς
3161 1655 3324 1720 δείξει
3359 1655 3416 1708 τὸ
3449 1657 3602 1717 τέλος
3648 1657 3746 1724 τῆς

2176 1747 2514 1817 παραϐολῆς.

2262 1839 2324 1890 Ὀ
2358 1838 2427 1890 δὲ
2456 1867 2524 1879 —
2552 1837 2991 1906 ἀναγινώσκεις
3017 1835 3169 1906 (77);
3207 1837 3271 1888 Τί
3298 1837 3604 1906 γέγραπται
3631 1837 3748 1904 μεῖ-

2172 1927 2264 1993 ζον
2296 1928 2535 1999 ἕνταλμα
2557 1945 2572 1993 ;
2601 1927 2722 1992 [ιῶς
2740 1927 3134 1997 ἀναγινώσκεις
3163 1928 3261 1992 τάς
3287 1927 3503 1997 μείζους
3527 1927 3745 1989 ὲντολάς

2171 2021 2265 2074 τοῦ
2297 2021 2496 2090 νόμου;
2536 2021 2667 2089 Περὶ
2691 2019 2799 2071 τῶν
2828 2018 3089 2089 μειζόνων
3108 2018 3216 2090 γὰρ
3240 2018 3399 2072 αὑτὸν
3435 2014 3740 2087 ἠρώτησεν.

2253 2191 2317 2242 '0
2348 2189 2416 2242 δὲ
2455 2216 2513 2227 -
2553 2186 2899 2253 ἀπεκρίθης.
2946 2181 3151 2252 Ὀρθῶς
3182 2182 3545 2252 ἀποκριθῆναι
3575 2183 3739 2238 αὖτὶν

2171 2277 2344 2343 εἶπεν,
2383 2279 2456 2341 ὼς
2492 2280 2590 2339 τὰς
2627 2276 2721 2330 δύο
2749 2278 2970 2340 ἐντολὰς
3011 2275 3446 2342 ἀπαγγείλαντι.
3486 2275 3740 2345 Ἔχονται

2171 2367 2280 2435 γὰρ
2312 2366 2580 2436 ἀλλήλων,
2607 2365 2683 2429 ὡς
2717 2367 2776 2417 ὲν
2807 2364 2886 2435 τῷ
2911 2364 3267 2434 πεντηκοστῴ
3300 2364 3548 2434 τετάρτῳ
3572 2383 3738 2434 κεφαο

2171 2461 2307 2532 λαίῳ
2365 2459 2460 2513 τοῦ
2513 2459 2656 2511 κατά
2698 2457 2979 2512 Ματθαῖον
3029 2457 3348 2526 δεδήλωται.
3406 2459 3633 2528 Ἕτερος
3678 2460 3736 2513 δέ

2170 2554 2318 2606 ἐστιν
2347 2553 2374 2605 ὁ
2400 2550 2631 2621 νομικὸς
2664 2541 2844 2614 οὗτος,
2891 2549 3044 2619 παρὰ
3073 2549 3167 2601 τὸν
3189 2550 3293 2601 ὑπὸ
3321 2548 3607 2602 Ματθαίου
3644 2553 3738 2604 καὶ

2169 2646 2400 2716 Μάρκου
2435 2643 2935 2714 μνημονευόμενον.

2246 2737 2520 2792 Τοῦτοος-
2549 2734 2725 2803 ζήσῃ.
2761 2735 2957 2801 Τοῦτο,
2987 2734 3016 2786 ὃ
3047 2737 3394 2806 ἀπήγγειλας
3426 2737 3539 2802 νῦν,
3581 2736 3738 2791 τοῦτο

2169 2830 2336 2892 ποίει,
2370 2831 2462 2882 καὶ
2495 2829 2633 2898 ζήσῃ
2662 2826 2809 2898 ζωὴν
2833 2825 3076 2892 αἰώνιον,
3104 2829 3223 2881 οἵαν
3255 2828 3423 2893 ζῶσιν
3446 2831 3493 2882 oi
3520 2829 3618 2892 τὰς
3648 2832 3736 2882 ὲν-

2168 2922 2327 2983 τολάς
2358 2920 2561 2983 ταύτας
2593 2918 2938 2988 φυλάξαντες
2975 2919 3196 2973 δίκαιοι.
3237 2920 3472 2985 Ἐδίδαξε
3498 2922 3604 2992 γὰρ
3639 2923 3734 2973 καὶ

2171 3013 2229 3064 ιν
2265 3011 2344 3082 τῷ
2381 3010 2676 3080 δηλωθέντι
2707 3010 2988 3078 κεφαλαίῳ
3019 3010 3115 3062 τοῦ
3149 3011 3290 3062 κατά
3315 3013 3618 3076 Ματθαῖον,
3653 3014 3736 3064 ὅτι

2169 3104 2227 3155 ὲν
2266 3101 2493 3165 ταύταις
2521 3105 2641 3165 ταῖς
2690 3100 2844 3154 δυσὶν
2893 3102 3137 3163 ἐντολαῖς
3160 3101 3278 3164 ὅλος
3312 3105 3339 3154 ὁ
3365 3103 3529 3170 νόμος
3563 3104 3654 3154 καὶ
3685 3103 3735 3154 οἱ

478 3181 657 3249 pheta:
690 3179 928 3250 pendent
954 3181 1044 3244 ";
1080 3195 1310 3248 quorum
1354 3177 1760 3232 enarrationem
1811 3179 2055 3247 perfecte

2169 3193 2444 3264 προφῆται
2472 3193 2796 3263 κρέμανται.
2830 3185 2927 3244 Ὧν
2960 3195 3057 3261 τὴν
3093 3193 3356 3262 ἐξήγησιν
3380 3193 3612 3256 ἐντελῶς
3646 3194 3738 3245 εὖ-

478 3271 722 3324 invenies
737 3271 1097 3340 quintojuxta
1139 3270 1449 3323 Matthacum
1474 3269 1674 3338 capite,
1696 3269 1786 3323 ubi
1811 3270 2008 3324 dicitur
2042 3287 2056 3324 :

476 3360 562 3415 Ita
603 3363 738 3416 enim
765 3374 838 3416 est
869 3362 950 3415 lea:
988 3373 1033 3413 et
1063 3363 1324 3429 prop/tela:
1351 3361 1420 3414 ”.

557 3451 706 3507 Vers.
739 3452 828 3508 29.
861 3455 926 3506 At
963 3453 1051 3506 ille
1087 3484 1142 3494 -—
1177 3453 1448 3522 proximus
1488 3455 1513 3505 ?
1560 3450 1772 3508 Conatu
1814 3467 1916 3507 suo
1946 3450 2057 3506 fru-

478 3557 705 3612 stratus,
739 3547 952 3611 eil‘udit,
978 3563 1138 3617 quem
1161 3549 1303 3617 apud
1333 3563 1390 3602 se
1413 3546 1738 3608 occultabat,
1764 3558 2056 3602 tumorem.

476 3638 708 3692 Putabat
756 3639 900 3694 enim
935 3655 992 3694 se
1022 3640 1236 3694 cunctis
1267 3654 1386 3694 esse
1418 3638 1849 3708 praestantiorem
1883 3655 1895 3692 :
1931 3654 2054 3690 nam

477 3732 560 3783 lex
595 3732 902 3799 proximum
950 3731 1255 3785 nominavit
1286 3747 1433 3796 cum,
1482 3731 1574 3800 qui
1607 3730 1833 3786 alterius
1868 3739 2054 3800 egeret

477 3821 677 3874 auxilio
707 3840 719 3872 :
748 3822 865 3892 ipse
893 3836 1022 3876 vero
1051 3822 1198 3876 illurn
1236 3822 1340 3876 dici
1365 3822 1712 3891 Opiuabatur,
1737 3823 1826 3892 qui
1856 3823 2057 3876 virtute

474 3913 698 3981 aequalis
721 3922 913 3967 esset:
951 3913 1074 3968 ideo
1123 3914 1308 3980 etiam,
1349 3915 1541 3968 volens
1583 3913 1822 3983 seipsum
1861 3915 2057 3984 justiti-

474 4017 623 4068 care,
659 4004 776 4060 sive
804 4004 924 4058 aliis
951 4020 1290 4074 praeponere,
1323 4007 1691 4077 interrogabat
1717 4023 1730 4059 :
1761 4005 1893 4071 Quis
1920 4006 2054 4060 mihi

474 4106 559 4151 est
591 4099 864 4166 aequalis?
900 4096 1106 4154 Deinde
1156 4098 1404 4154 ChriStus
1458 4114 1555 4169 per
1603 4099 1916 4168 parabolam
1958 4100 2054 4154 de-

473 4197 744 4241 monstrat
765 4188 913 4242 illum
945 4203 1064 4243 esse
1099 4191 1431 4258 proximum,
1463 4191 1556 4259 qui
1585 4190 1814 4244 alterius
1849 4190 2053 4259 indiget

472 4277 702 4332 auxilio.

539 4368 579 4438 -ι-
601 4367 883 4424 Proxlmus
906 4370 1104 4425 dicitur
1119 4373 1300 4427 omnis
1324 4373 1505 4437 homo,
1531 4374 1673 4442 quod
1698 4389 1887 4429 omnes
1911 4375 2051 4429 inter

2172 3286 2360 3355 ρήσεις
2391 3288 2446 3337 ὲν
2479 3285 2555 3355 τῷ
2585 3286 2818 3353 πέμπτῳ
2850 3285 3132 3355 κεφαλαίῳ
3159 3285 3251 3338 τοῦ
3276 3285 3416 3338 κατά
3433 3286 3733 3348 Ματθαῖον,

2166 3375 2338 3437 εἰςτόο
2358 3373 2643 3445 οὔτω’(78)
2661 3375 2767 3442 γάρ
2790 3375 3004 3427 ἐστινό
3023 3377 3206 3443 νόμος
3223 3378 3314 3428 καὶ
3338 3378 3391 3428 ol
3414 3374 3732 3443 προφῆται.

2250 3469 2311 3518 '0
2351 3466 2417 3518 δὲ
2443 3496 2512 3505 -
2532 3468 2834 3530 atrocior;
2874 3464 3183 3534 Ἀποτυχὼν
3207 3465 3302 3535 τῆς
3331 3465 3543 3538 πείρας,
3577 3466 3736 3536 ὲξέῥ.

2166 3561 2295 3630 {lqu
2324 3559 2434 3628 (79)
2475 3559 2571 3626 τὴν
2605 3560 2662 3611 ὲν
2707 3558 2855 3628 αὐτῷ
2902 3560 3293 3629 κεκρυμμένην
3336 3560 3532 3628 οἴησιν.
3576 3561 3733 3630 "Qa-.0

2164 3652 2270 3722 γὰρ
2325 3651 2542 3702 πάντων
2597 3650 2909 3719 ὑπερέχειν.
2958 3649 3014 3703 ’0
3054 3651 3153 3718 μὲν
3208 3650 3315 3718 γὰρ
3380 3650 3545 3714 νόμος
3591 3651 3730 3719 πλη-

2167 3741 2280 3794 σίον
2307 3742 2440 3811 (80),
2495 3742 2585 3794 τὸν
2622 3741 2876 3810 δεόμενον
2906 3741 3160 3810 βοηθείας
3200 3741 3482 3811 ὠνόμασεν
3507 3755 3523 3770 ·
3569 3741 3730 3805 αὐτὸς

2162 3836 2219 3887 δὲ
2244 3835 2491 3904 πλησίον,
2535 3834 2624 3885 τὸν
2651 3828 2768 3886 ἴσον
2798 3834 3148 3904 κατ’-ἀρετὴν
3181 3834 3424 3885 ὑπέλαϐε
3469 3833 3605 3902 (81).
3638 3835 3729 3885 Διὸ

2163 3927 2258 3978 καὶ
2290 3924 2459 3977 θέλων
2479 3923 2726 3977 δικαιοῦν
2751 3925 2966 3989 ἑαυτὸν,
2996 3926 3188 3995 ἤγουν,
3235 3924 3586 3994 ὑπερτιθὲναι
3621 3925 3726 3976 τῶν

2160 4018 2354 4083 ἄλλων,
2393 4018 2596 4087 ἐρωτᾷ,
2632 4016 2728 4078 Τίς
2760 4017 2879 4068 ἐστι
2919 4033 3020 4086 μου
3052 4010 3203 4082 ἵσοςς
3237 4010 3373 4067 Εἶτα
3411 4014 3497 4067 διά
3550 4031 3728 4085 παρα-

2161 4110 2322 4178 σολῆς
2363 4111 2389 4161 ὁ
2422 4107 2658 4178 Χριστὸς
2693 4107 3102 4175 ἀποδείκνυσιν,
3144 4107 3226 4159 ὅτι
3253 4105 3482 4178 πλησίον
3518 4106 3668 4159 ἐστὶν
3696 4107 3724 4157 ό

2158 4202 2409 4272 δεόμενος
2431 4199 2706 4271 βοηθείας.

2229 4365 2492 4438 [Πλησίον
2545 4363 2764 4431 λέγεται
2806 4363 2914 4426 πᾶς
2941 4361 3250 4430 ἄνθρωπος,
3284 4362 3360 4425 ὡς
3393 4363 3722 4429 ἐγγιζόντων

469 4478 572 4516 nos
600 4463 892 4532 propinqui
933 4478 1123 4517 sumus
1170 4465 1470 4518 secundum
1505 4476 1715 4520 naturae
1745 4468 2051 4520 communi-

2169 4459 2316 4530 ἡμῶν
2339 4457 2587 4527 ἀλλήλοις
2615 4455 2754 4508 κατά
2785 4455 3072 4508 κοινωνίαν
3101 4455 3315 4524 φύσεως
3348 4454 3509 4526 (82).]

471 4555 766 4609 cationem.

577 4669 728 4723 CAP.
750 4667 989 4724 XXXVI.
1025 4667 1107 4723 De
1129 4685 1187 4724 eo
1215 4672 1304 4741 qui
1329 4672 1584 4727 inciderat
1611 4677 1662 4727 in
1688 4675 1937 4728 latrones.

543 4760 696 4818 Vera.
746 4759 834 4814 50.
883 4760 1180 4829 Suscipiens
1211 4764 1460 4816 —-dixit.
1517 4764 1837 4835 Suscipiens
1892 4767 2048 4820 :hoc

469 4860 554 4905 est
572 4850 876 4919 ,excipiens
902 4865 1235 4904 sermonem.

542 4940 695 4992 νοτε.
746 4938 834 4992 50.
861 4939 1028 4992 Homo
1059 4970 1128 4980 —
1168 4940 1394 4996 Jericho.
1456 4941 1716 4998 Parabola
1760 4943 1896 5010 hate,
1946 4944 2049 4999 etsi

2149 4671 2307 4725 ΚΕΦ.
2337 4667 2480 4737 AG”.
2515 4667 2655 4736 Περὶ
2673 4667 2778 4721 τοῦ
2801 4667 3176 4735 ἐμπεσόντος
3195 4667 3282 4730 εἰς
3306 4665 3443 4730 τοὺς
3460 4663 3715 4732 λῃστάς.

2227 4759 2580 4814 ’Υπολαϐὼν
2635 4788 2704 4798 -
2758 4755 2949 4813 εἶπεν.
3003 4758 3357 4812 ’Υπολαόὼν
3430 4756 3552 4808 ἀντὶ
3597 4754 3715 4819 τοῦ,

2149 4852 2532 4921 διαδεξάμενος
2567 4850 2658 4904 τὸν
2687 4851 2864 4917 λόγον.

2227 4947 2574 5012 Ἀνθρωπος
2609 4974 2679 4983 -
2739 4942 2983 5012 Ἱεριχοῖ).
3039 4942 3098 4995 ῚΙ
3138 4941 3423 5011 παραϐολὴ
3468 4939 3631 5008 αὓτη,
3665 4938 3714 4990 εἰ

470 5028 643 5083 euicta
697 5030 788 5095 sit,
837 5039 897 5084 ut
933 5031 1205 5098 ostendat,
1233 5031 1358 5100 quis
1389 5033 1462 5086 sit
1493 5036 1776 5103 proximus
1806 5055 1819 5090 :
1856 5036 2044 5106 paucis

2169 5038 2244 5092 ιαὶ
2286 5037 2550 5105 συνετέθη
2594 5036 2683 5088 διὰ
2715 5039 2775 5089 τὸ
2821 5037 3017 5102 δεῖξαι,
3075 5035 3157 5099 τίς
3200 5037 3350 5088 ἐστιν
3378 5037 3404 5088 ὁ
3459 5031 3709 5102 πλησίον,

575 5204 616 5234 ’³
645 5202 837 5261 Matth.
857 5222 992 5275 xxn,
1025 5208 1134 5275 '55;
1169 5209 1334 5265 Marc.
1363 5227 1462 5279 xu,
1487 5211 1578 5268 28.

1687 5213 1733 5244 ⁷⁸
1766 5212 1956 5268 Matth.
2013 5229 2150 5280 xm,
2181 5215 2268 5269 40.

2383 5211 2429 5244 ⁷³
2459 5212 2650 5266 Matth.
2686 5227 2776 5277 vn,
2814 5212 2898 5265 l2.

1653 5370 1859 5431 Variae
1904 5368 2213 5433 lectiones
2257 5379 2316 5433 et
2362 5379 2553 5433 notos.

542 5529 656 5598 (77)
693 5533 993 5587 lleatcnius
1028 5533 1115 5587 hic
1146 5541 1349 5587 textum
1400 5533 1660 5589 diviserat
1704 5545 1759 5590 et
1807 5553 1872 5591 ex
1937 5552 2045 5592 uno
2145 5538 2239 5591 nui
2272 5538 2325 5591 in
2348 5537 2585 5590 editione
2619 5536 2679 5589 Ν.
2718 5535 2868 5589 Test.

467 5603 675 5678 scholio
700 5599 1059 5678 duotl'ecerat,
1101 5601 1254 5678 Vide,
1289 5607 1574 5678 tha:__inl'ra
1618 5617 1739 5678 post
1793 5610 2039 5678 bvangc-

465 5672 595 5724 lium
632 5673 855 5726 Joannis
879 5674 1061 5726 monui
1094 5673 1158 5726 ad
1191 5673 1443 5729 llcntcuil
1484 5672 2037 5743 animadversionem,

463 5757 624 5808 quam
667 5745 788 5796 hinc
831 5744 943 5796 loco
969 5744 1186 5811 adjecit.

535 5812 646 5881 (78)
680 5813 847 5865 Etiam
886 5814 972 5866 hic
995 5825 1223 5881 uterque
1266 5815 1432 5868 codex
1495 5814 1686 5881 οὕτως,
1736 5825 1860 5871 ante
1899 5833 2036 5872 con-

466 5880 715 5938 sounam.
748 5883 845 5937 llic
875 5899 1000 5953 ergo
1032 5880 1198 5936 altera
1228 5883 1388 5939 lectio
1428 5897 1545 5941 orta
1597 5880 1772 5953 οὗτος,
1808 5899 1864 5941 ιιι
1914 5906 2029 5944 mo-

2214 5610 2324 5678 (79)
2355 5608 2431 5660 Ita
2470 5619 2729 5678 uterque.
2751 5609 2993 5678 litirecte
3012 5605 3239 5678 quidem
3277 5606 3345 5660 ita
3367 5603 3593 5678 dicitur.

2212 5676 2320 5754 (80)
2354 5678 2470 5754 llic.
2509 5687 2628 5743 post
2681 5677 2927 5754 πλησίον,
2958 5676 3108 5754 addit
3142 5678 3337 5754 _codex_
3365 5677 3424 5754 Β⁵
3476 5689 3539 5726 ea
3583 5690 3703 5742 qua:

2137 5762 2261 5803 mox
2297 5747 2501 5801 inclusa
2540 5763 2605 5800 ex
2637 5746 2878 5814 mtrgine
2913 5746 3171 5800 codicisA
3201 5748 3446 5813 ascripsi.

2207 5821 2318 5886 (8i,
2359 5817 2654 5870 ’ὶ’πὲϐαλε.
2698 5818 2758 5869 Β.

2210 5889 2318 5961 (32)
2357 5889 2427 5940 ἰι
2464 5887 2879 5959 πλησίςν,ειι1ιίἱι
2921 5887 2980 5942 Β.
3011 5887 3242 5954 Inclusa,
3280 5886 3588 5955 inmarginc
3637 5888 3696 5936 Λ.
