4016 6462
253 435 369 500 965

1269 439 1667 503 COMMENT.
1711 440 1793 501 IN
1835 442 2117 505 LUCAM.
2149 472 2208 483 ·-
2257 447 2426 511 CAP.
2461 451 2536 512 X.

3433 466 3539 533 966

249 543 372 596 ἀλλ’
403 542 498 596 οὖν
526 543 585 598 ὲν
616 541 818 615 βραχεῖ
848 545 1036 600 πᾶσαν
1068 544 1363 614 ὑποφαίνει
1390 545 1489 617 τὴν
1520 547 1834 620 φιλάνθρωο

1975 566 2129 607 amen
2164 554 2348 612 verbis
2373 560 2618 617 ostendit
2640 560 2938 620 humanam
2961 577 3015 621 et
3031 569 3321 643 benignam
3345 572 3536 630 Salva-

252 653 357 687 πον
386 637 706 706 οἰκονομίαν
737 635 834 691 τοῦ
864 636 1122 706 Σωτῆρος
1155 637 1337 708 ἡμῶν.
1383 637 1710 709 ΙΙἌνθρωπον
1744 641 1844 710 μὲν

250 727 362 796 γὰρ
394 728 627 797 νοοῦμεν
688 727 781 781 τὸν
823 729 996 799 Ἀδάμ
1043 731 1140 782 καὶ
1173 731 1301 791 τοὺς
1336 729 1395 794 ἐξ
1428 730 1604 799 Ἀδὰμ
1629 728 1845 802 ἀνθρὼ-

249 836 391 884 πους
417 835 432 849 ο
489 819 792 874 κατάϐασιν
825 821 894 875 ιδὶ
942 821 1052 876 άπὸ
1091 821 1450 892 Ἰερουσαλὴμ
1476 823 1559 885 είς
1611 821 1842 892 Ἰεριχὼ,

245 911 353 980 τὴν
386 912 510 966 ὁδον
542 913 642 984 τὴν
669 915 781 966 ἀπὸ
819 917 1026 985 ἀρετῆς
1075 915 1155 976 είς
1183 914 1408 978 κακίαν,
1441 915 1538 968 καὶ
1563 914 1670 967 ἀπὸ
1701 914 1846 968 ὑπα-

249 1005 384 1073 κοῆς
415 1006 494 1067 είς
519 1006 829 1075 παρακοὴν,
882 1005 978 1058 καὶ
1030 1002 1141 1058 ἀπὸ
1179 1003 1349 1072 ὕψους
1401 1004 1702 1069 πολιτείας,
1761 1006 1844 1070 εἰς

247 1098 641 1167 χθαμαλὸτητα
676 1096 982 1166 διαγωγῆς.
1025 1096 1241 1169 ’Υψηλὴ
1269 1097 1372 1166 μὲν
1409 1096 1520 1167 γὰρ
1565 1098 1598 1167 ή
1639 1097 1844 1168 Ἰερου-

251 1189 439 1257 calin
462 1205 475 1218 ·
503 1188 766 1259 χθαμαλὴ
805 1188 861 1242 δὲ
891 1190 923 1258 ἡ
949 1251 952 1255 _
977 1187 1211 1261 Ἰεριχώ.

322 1279 432 1332 Καὶ
479 1307 550 1318 -—
589 1282 970 1348 περιέπεσεν.
1036 1280 1388 1346 Ὀδοστάταις
1425 1281 1536 1353 (85)
1567 1281 1841 1355 δαίμοσιν.

325 1460 394 1513 Οἳ
423 1493 490 1502 -—
523 1464 733 1517 αὐτόν.
779 1465 860 1518 Τά
896 1464 1095 1534 ἱμάτια
1144 1467 1242 1539 τῆς
1277 1469 1504 1541 ἀρετῆς,
1545 1469 1640 1527 τὸν
1675 1470 1843 1542 φόϐον

251 1551 347 1603 τοῦ
383 1551 542 1616 Θεοῦ,
579 1552 640 1606 ὃν
676 1553 1074 1625 περιεϐέϐλητο
1101 1557 1263 1628 δίκην
1299 1559 1552 1628 χιτῶνος.

325 1644 431 1695 Kal
491 1673 563 1682 ——
597 1643 900 1713 ἀπῆλθον.
957 1646 1182 1716 Πληγὰς
1233 1649 1498 1719 ψυχικάς,
1546 1652 1842 1722 τραύματα

252 1735 560 1805 ἁμαρτιῶν.

337 1825 619 1894 ’Λφέντες
680 1827 946 1899 ἡμιθανῆ
996 1831 1398 1898 τυγχάνοντα.
1439 1830 1532 1896 Ἐξ
1583 1832 1841 1902 ἡμισείας

250 1917 448 1988 θνητὸν
475 1921 793 1992 γενόμενον.
822 1925 900 1994 Τῇ
946 1925 1096 1996 ψυχῇ
1141 1927 1250 1995 γὰρ
1281 1925 1556 1990 ἀθάνατος
1620 1928 1834 1995 μείνας,

246 2013 330 2082 τῷ
376 2013 590 2084 σώματι
637 2017 887 2088 τέθνηκε.
919 2018 1068 2071 res:
1110 2018 1408 2086 ἀπῆλθον,
1426 2018 1521 2073 καὶ
1566 2019 1627 2072 τὸ
1657 2019 1842 2090 ἀφέν-

247 2122 371 2172 τες,
405 2109 464 2158 οὐ
524 2111 978 2182 περιεργαστέον,
1021 2112 1111 2167 διὰ
1140 2114 1242 2185 τὴν
1295 2114 1410 2184 (ει)
1438 2113 1692 2181 ἐξουσίαν
1739 2114 1840 2185 τῆς

248 2197 590 2270 παραϐολῆς.

322 2290 480 2343 Κατὰ
532 2294 876 2361 συγκυρίαν
905 2323 974 2333 -—
1019 2292 1252 2363 ἐκείνῃ.
1313 2294 1602 2365 Συγκυρία
1634 2294 1758 2365 μὲν,
1803 2296 1839 2366 ἡ

249 2381 517 2452 συντυχία
543 2398 558 2412 ⁶
595 2385 778 2453 ίερεὺς
813 2385 891 2451 δὲ,
923 2387 952 2439 ὀ
995 2387 1084 2440 διὰ
1114 2387 1396 2450 Μωῦσέως
1443 2386 1622 2450 δοθεὶς
1649 2387 1837 2456 νόμος,

242 2473 322 2535 ὼς
355 2476 483 2544 περὶ
513 2475 716 2530 θυσιῶν
741 2477 1152 2548 διαλεγόμενος.

319 2565 430 2620 Καί
478 2567 622 2621 Ιὸὼν
656 2569 844 2624 αὐτὸν
878 2570 1313 2640 ἁντιπαρῆλθε.
1348 2570 1711 2640 Παρέδραμεν
1743 2570 1841 2623 αὑ.

246 2659 341 2713 τον
382 2658 558 2723 οὕτως
583 2661 804 2732 ἔχοντα.

336 2751 584 2819 Ὁμοίως
629 2781 699 2792 -
728 2753 1161 2823 ἀντιπαρυῆλθε.
1200 2753 1437 2821 Λευίτην
1494 2750 1838 2822 ὑποληπτέον

249 2842 484 2896 ἐνταῦθα
517 2844 612 2896 τὸν
668 2844 828 2910 λόγον
861 2845 972 2897 τῶν
1005 2843 1324 2915 προφητῶν,
1351 2844 1427 2908 ὡς
1475 2842 1838 2913 διακονούμε⁴

246 2953 339 2988 νον
376 2939 487 2998 τοῖς
515 2937 863 3006 ἐπιτάγμασι
895 2935 992 2990 τοῦ
1024 2937 1186 2989 Θεοῦ.

319 3028 696 3097 Σαμαρείτης
772 3057 844 3070 --
932 3029 1424 3098 ἐσπλαγχνίσθη.
1481 3027 1837 3100 Σαμαρείτης

251 3125 455 3174 νοεῖται
488 3122 582 3176 νῦν
641 3124 668 3175 ὁ
700 3123 961 3193 Χριστὸς,
993 3123 1070 3188 ὡς
1099 3124 1203 3177 ὑπὸ
1238 3122 1347 3177 τῶν
1385 3123 1633 3176 ἀπίστων
1691 3125 1835 3177 Ἰου-

246 3209 414 3264 δαίων
441 3214 788 3285 Σαμαρείτης
824 3216 1168 3284 ὀνομασθείς.

325 3305 395 3358 “ll
441 3309 556 3371 καὶ,
615 3307 692 3370 ὡς
745 3307 807 3360 οὐ
852 3309 1013 3376 μόνον
1072 3308 1366 3374 Ἰουδαίων,
1439 3308 1576 3362 ἀλλὰ
1634 3311 1840 3372 παντὸς

247 3397 437 3460 ἔθνους
467 3399 650 3468 φύσιν,
687 3400 776 3454 διὰ
807 3399 898 3453 τοῦ
925 3402 1356 3471 προσλὴμματος
1401 3399 1542 3473 (85),
1568 3399 1838 3471 περιϐαλο

247 3491 499 3558 Ἇξμενος.
532 3493 726 3558 Ἕθνος
761 3497 893 3566 γὰρ,
927 3497 976 3550 oi
1009 3496 1378 3567 Σαμαρεῖται.

322 3682 433 3734 Καὶ
464 3710 535 3722 -
560 3680 770 3735 αὐτοῦ.
804 3679 897 3751 Τῷ
934 3679 1123 3750 δεσμῷ
1149 3681 1250 3751 τῆς
1274 3680 1650 3744 διδασκαλ.ας.

319 3773 606 3843 Ἐπιχέων
631 3799 700 3815 —-
752 3769 946 3830 οἶνον.
992 3762 1358 3846 ’ΊΙμερὸτητα
1389 3778 1484 3828 καὶ
1516 3775 1734 3845 στύψιν.
1776 3777 1841 3830 Ἥ

247 3867 570 3920 διδασκαλία
594 3868 704 3938 γάρ
747 3867 941 3932 αὑτοῦ,
995 3871 1069 3938 πῆ
1124 3868 1224 3938 μὲν
1275 3870 1502 3938 ἡμέρως
1549 3869 1840 3940 προϐαίνει

248 3964 345 4014 καὶ
376 3959 622 4030 ίλαρύνει
645 3977 658 3990 ·
707 3961 782 4028 πῆ
807 3961 864 4014 δὲ
897 3961 1094 4032 στύφει
1150 3961 1246 4014 καὶ
1291 3961 1504 4028 δάκνει,
1537 3962 1633 4016 καὶ
1663 3961 1839 4028 οὕτως

248 4050 311 4108 εὖ
340 4053 628 4125 κέκραται,
661 4055 757 4106 καὶ
795 4054 1144 4126 ἑκατέρωθεν
1173 4052 1398 4122 ὠφελεῖ.

322 4241 704 4308 Ἐπιϐιϐίὶσας
733 4271 803 4282 -
861 4236 1110 4310 κτῆνος.
1161 4239 1286 4292 Ἐπὶ
1312 4237 1374 4292 τὸ
1405 4237 1537 4292 ἴδιον
1564 4239 1746 4309 σῶμα,
1779 4241 1840 4295 τὸ

248 4337 562 4391 κτείνεσθαι
618 4334 732 4408 (86)
796 4334 1013 4406 μᾶλλον,
1080 4333 1357 4396 τουτέστι,
1423 4330 1708 4402 βαστάσας
1739 4333 1838 4396 τὰς

248 4428 534 4491 ἀσθενείας
565 4426 734 4482 αὐτοῦ
789 4425 880 4480 διὰ
932 4425 1032 4496 τῆς
1064 4421 1516 4496 προσληφθείσης
1549 4424 1839 4495 ἀνθρωπό-

245 4540 430 4591 τητος.

1868 1889 1916 1948 Β

1948 648 2116 740 ιοτίειΔ
2147 652 2323 740 nostri
2389 656 2865 725 gubernationem.
2918 661 3205 720 Hominem
3269 669 3536 740 siquidem

1944 733 2301 810 intelligimus
2328 742 2523 813 Adam,
2557 757 2612 803 et
2643 750 2738 819 qui
2785 752 2854 807 ab
2884 753 3057 810 Adam
3109 733 3534 826 descenderunt,

1946 833 2236 890 universos
2265 853 2280 890 :
2313 837 2640 896 descensum
2671 854 2853 900 autem
2885 847 2954 902 ad
2979 845 3284 905 Jerusalem
3310 853 3365 907 in
3393 853 3536 909 Jeri-

1944 922 2070 988 eho,
2105 927 2248 981 viam
2274 943 2305 982 a
2337 930 2534 986 virtute
2573 934 2641 988 ad
2671 935 2886 999 vitium.
2927 951 2984 995 et
3016 939 3085 995 ab
3111 943 3426 999 obedientia
3465 946 3535 1000 ad

1945 1011 2396 1085 inobedientiam,
2438 1029 2492 1076 et
2513 1038 2542 1076 a
2571 1024 2792 1080 sublimi
2823 1029 2948 1082 vitae
2977 1028 3234 1087 instituto
3261 1033 3327 1086 ad
3363 1043 3535 1089 terre—

1943 1119 2073 1160 nam
2091 1111 2567 1167 conversationem
2594 1132 2606 1166 :
2637 1124 2722 1169 est
2749 1116 2898 1174 enim
2926 1117 3231 1175 Jerusalem
3258 1123 3530 1188 sublimis,

1944 1196 2167 1255 Iericho
2191 1217 2321 1256 vero
2369 1203 2615 1260 humilis.

2016 1289 2171 1346 Vera.
2205 1293 2296 1349 5ο.
2323 1293 2391 1348 Et
2423 1324 2494 1335 —
2519 1297 2728 1354 incidit.
2763 1299 2829 1354 ld-
2859 1313 2966 1363 est,
3007 1303 3307 1370 daemones,
3340 1307 3433 1377 qui
3477 1306 3534 1362 in

1945 1378 2034 1436 via
2057 1381 2389 1439 residebant.

2017 1468 2172 1527 Vers.
2197 1473 2285 1527 50.
2317 1472 2420 1538 Qui
2443 1505 2512 1516 —-
2531 1492 2672 1533 eum.
2698 1477 3052 1536 Vestimentis
3071 1482 3312 1548 virtutis,
3340 1486 3535 1540 timore

1942 1563 2064 1632 Dei,
2089 1581 2199 1636 quo
2230 1565 2286 1620 in
2317 1567 2539 1624 modum
2571 1573 2738 1627 vestis
2770 1572 3146 1630 circumdatus
3184 1587 3323 1631 erat.

2029 1660 2187 1715 Vera.
2204 1660 2294 1715 '50.
2315 1660 2384 1716 Et
2409 1692 2476 1704 —
2498 1665 2762 1720 abierunt.
2785 1666 2996 1722 Anima.-
3011 1667 3204 1739 plagis,
3218 1671 3535 1728 vulneribus

1942 1759 2314 1822 peccatorum.

2018 1840 2172 1897 Vers.
2194 1842 2285 1896 30.
2323 1841 2701 1911 Relinquentes
2731 1849 3156 1903 semimortuam.
3193 1850 3272 1904 Ex
3312 1850 3537 1906 dimidio

1950 1931 2154 1988 factum
2210 1932 2554 2000 mortalem:
2616 1937 2775 2007 juxta
2823 1940 3066 1995 animam
3117 1941 3266 1995 enim
3327 1944 3535 1998 mansit

1949 2029 2293 2094 immortalis,
2323 2045 2552 2100 corpore
2581 2047 2712 2087 vero
2743 2042 2992 2089 mortuus
3022 2045 3126 2090 est.
3156 2036 3313 2102 Quod
3348 2047 3534 2093 autem

1948 2117 2148 2173 dicitur
2176 2138 2189 2173 :
2238 2119 2507 2187 abierunt,
2541 2131 2592 2176 et
2637 2124 3022 2193 relinquentes,
3054 2141 3162 2180 non
3219 2135 3305 2181 est
3333 2126 3402 2182 de
3431 2128 3538 2184 hoc

1948 2208 2162 2263 curiose
2192 2211 2548 2265 scrutandum
2581 2221 2807 2284 propter
2845 2231 3096 2270 normam
3133 2218 3423 2287 parabolae.

2023 2297 2179 2356 Vers.
2212 2301 2301 2356 3i.
2327 2299 2469 2357 Casu
2508 2332 2580 2343 —
2623 2303 2742 2358 illa.
2797 2303 3091 2373 Sacerdos,
3137 2309 3241 2364 hoc
3287 2318 3390 2372 est.
3452 2312 3536 2367 lex

1949 2391 2074 2447 data
2145 2407 2244 2462 per
2287 2391 2556 2465 Moysem,
2611 2405 2804 2466 utpote
2857 2397 2928 2453 de
2992 2400 3274 2458 sacriﬁciis
3347 2402 3538 2474 dispu-

1950 2490 2092 2538 tans.

2016 2575 2177 2631 Vera.
2237 2576 2326 2632 3|.
2413 2577 2637 2650 Visoque
2679 2579 2771 2633 illo
2790 2581 3068 2650 prazteriit.
3103 2580 3427 2642 Pertransiit
3475 2584 3543 2639 il-

1947 2668 2082 2735 lum,
2145 2686 2270 2725 cum
2300 2673 2376 2726 ita
2403 2673 2546 2727 male
2582 2673 2816 2730 allectus
2838 2684 3005 2730 esset.

2018 2759 2174 2816 V'ers.
2211 2761 2299 2816 32.
2325 2761 2587 2817 Similiter
2611 2793 2676 2804 —
2699 2767 2979 2834 prwteriit.
3011 2767 3116 2821 Per
3142 2766 3364 2822 ievitam
3430 2766 3540 2823 hoc

1946 2853 2067 2907 loco
2097 2854 2450 2924 accipiendos
2488 2865 2574 2912 est
2635 2859 2820 2913 s'ermo
2866 2859 3288 2928 prophetarum,
3346 2870 3539 2930 utpote

1946 2941 2043 2996 Dei
2075 2943 2413 3011 jussionibus
2437 2945 2890 3001 subministrans.

2019 3035 2177 3092 Vers.
2206 3038 2295 3092 33.
2323 3035 2777 3094 Samaritanus—
2804 3041 3169 3095 misericordia
3225 3051 3396 3096 motus
3437 3050 3538 3097 est.

1944 3126 2329 3184 Samaritanus
2363 3129 2690 3200 intelligitur
2722 3147 2872 3186 nunc
2904 3133 3185 3196 Christus,
3220 3143 3407 3204 utpote
3471 3134 3541 3189 ab

1861 3233 1906 3292 ο
1940 3220 2242 3276 incredulis
2265 3221 2470 3278 Judaeis
2496 3221 2882 3278 Samaritanus
2909 3217 3240 3294 appellatus.

2014 3311 2113 3368 Vel
2161 3313 2329 3367 etiam
2413 3329 2526 3368 non
2591 3313 2912 3369 δυόωσι-μω
3000 3324 3240 3380 tantum,
3327 3317 3421 3371 sed
3478 3326 3535 3372 et

1941 3416 2265 3464 cunctarum
2293 3407 2538 3478 gentium
2573 3416 2828 3462 naturam
2859 3425 2956 3478 per
2991 3410 3175 3466 carnis
3200 3411 3533 3481 assumptio-

1941 3513 2068 3554 nem
2109 3499 2473 3570 amplectens.
2509 3497 2842 3556 Samaritani
2893 3501 3040 3555 enim
3102 3512 3231 3556 sunt
3286 3503 3534 3573 quaedam

1942 3592 2088 3645 natio
2123 3591 2387 3662 gentium.

2017 3681 2176 3736 Vers.
2207 3682 2296 3738 54.
2329 3684 2398 3737 Et
2424 3712 2495 3722 —
2526 3685 2663 3753 ejus.
2723 3683 2962 3738 Vinculo
2993 3685 3280 3740 doctrinae.

2013 3770 2170 3828 Yers.
2205 3773 2294 3830 54.
2330 3774 2626 3844 Infundens
2652 3803 2712 3818 --
2739 3777 2943 3831 vinum.
2967 3775 3271 3831 Lenitatem
3302 3792 3367 3832 ac
3390 3793 3536 3833 mor-

1941 3860 2254 3921 dacitatent.
2292 3867 2552 3922 Doctrina
2580 3867 2729 3922 enim
2767 3868 2886 3939 ejus
2927 3868 3057 3922 alibi
3123 3868 3343 3939 quidem
3379 3885 3535 3926 mana

1940 3970 2097 4016 suetc
2126 3960 2374 4030 procedit
2403 3969 2458 4016 et
2485 3960 2808 4016 exhilarat:
2869 3961 3150 4017 interdum
3208 3977 3342 4018 vero
3403 3978 3536 4035 per.

1939 4053 2159 4123 stringit
2182 4068 2246 4106 ac
2276 4052 2536 4109 mordet:
2569 4062 2628 4109 et
2650 4053 2724 4109 ita
2745 4053 2977 4125 pulchre
3006 4062 3310 4126 temperata
3338 4065 3446 4122 est,
3471 4073 3537 4113 ac

1940 4141 2184 4213 undique
2201 4143 2381 4214 juvat.

2014 4235 2171 4291 Vers.
2234 4232 2326 4290 34.
2393 4233 2465 4288 Et
2537 4235 2815 4305 imponens
2898 4263 2973 4276 —
3040 4234 3369 4305 jumentum.
3471 4234 3529 4288 In

1938 4326 2222 4398 proprium
2281 4341 2506 4395 corpus,
2569 4325 2717 4395 quod
2791 4323 3156 4381 occidendum
3219 4334 3371 4379 erat:
3429 4324 3534 4379 hoc

1939 4428 2044 4480 est.
2075 4427 2298 4489 portans
2328 4415 2684 4474 inﬁrmitates
2702 4417 2823 4488 ejus
2853 4431 2954 4486 per
2971 4424 3308 4486 assumptam
3339 4414 3535 4469 huma-

1947 4513 2207 4566 nitatem.

320 4577 583 4686 Ἵίγαγεν
620 4615 810 4670 αὑτὸν
849 4615 938 4679 είς
987 4608 1372 4680 πανδοχεῖον.
1417 4608 1762 4680 Πανδοχείον,
1801 4611 1835 4683 ἡ

2010 4603 2168 4659 Vera.
2231 4601 2322 4657 54.
2422 4601 2590 4656 Duxit
2677 4600 2734 4654 in
2811 4600 3180 4654 diversorium.
3287 4595 3534 4652 Diverso-

261 4709 562 4779 Ἐκκλησία
612 4705 722 4760 τῶν
771 4703 1007 4772 πιστῶν,
1058 4703 1135 4767 ὡς
1187 4703 1298 4755 πᾶν
1341 4699 1499 4769 γένος
1529 4702 1836 4777 ἀνθρώπων

1975 4697 2076 4751 ium
2108 4701 2192 4749 est
2223 4692 2493 4759 Ecclesia,
2527 4707 2648 4764 qua
2673 4707 2840 4748 omne
2874 4706 3055 4764 genus
3106 4689 3394 4746 hominum
3449 4703 3530 4744 re-

244 4804 840 4966 δήὲιῗῗνηέπεμελήθη
892 4892 1105 4948 aurai").
1174 4893 1509 4964 Ἑποιήσατο
1578 4892 1841 4963 πρόνοιαν

246 4990 436 5054 αὑτοῦ.

323 5080 429 5135 καὶ
462 5109 530 5121 ——
557 5079 844 5143 ἐξελθών.
871 5080 1031 5135 Μετὰ
1065 5082 1261 5154 μικρὸν
1286 5081 1401 5153 (87)
1433 5077 1723 5133 ἀποθανων
1747 5091 1846 5127 και

253 5174 491 5242 ἐξελθὼν
522 5175 632 5228 ἀπὸ
663 5174 760 5227 τοῦ
779 5174 1015 5244 κόσμου.

323 5266 626 5320 Ἐκϐαλὼν
665 5295 738 5306 -ν-
779 5265 990 5320 αὐτοῦ.
1052 5264 1202 5329 Ἕως
1247 5266 1346 5335 μὲν
1393 5263 1505 5334 γὰρ
1569 5261 1692 5330 ἔζη,
1743 5260 1842 5313 αὒο

247 5357 344 5422 τὸς
383 5360 500 5430 (88)
543 5359 869 5429 ἐπεμελεῖτο
912 5356 1024 5412 τῶν
1070 5356 1320 5411 ἀσθενῶν
1347 5371 1361 5385 ·
1415 5352 1707 5408 ἀποθανὼν
1761 5351 1840 5416 δὲ,

1940 4790 2106 4844 cinit.

2000 4805 2182 4947 vers,
2211 4882 2297 4937 54.
2327 4880 2396 4934 Et
2428 4893 2616 4933 curant
2638 4873 2922 4946 illiusegit.
2960 4873 3252 4929 Rationem
3278 4870 3400 4942 ejus
3432 4870 3534 4924 ba-

1942 4974 2083 5039 buit,
2118 4982 2176 5029 et
2209 4973 2278 5029 de
2308 4987 2375 5026 eo
2402 4969 2670 5042 providit.

2013 5064 2469 5122 Vers.35.Ac-.-
2525 5076 2781 5132 egressus.
2843 5056 2971 5113 Post
3025 5056 3250 5128 aliquod
3305 5063 3526 5124 tempus

1944 5168 2198 5216 mortuus
2228 5165 2282 5213 et
2305 5155 2375 5212 de
2405 5154 2613 5209 mundo
2640 5165 2916 5224 egressus.

2023 5252 2182 5310 νοτε.
2207 5251 2299 5308 55.
2330 5249 2676 5318 Depromptos
2728 5273 2799 5285 --
2823 5243 2992 5300 illius.
3027 5245 3211 5300 Donec
3267 5242 3486 5298 vivebat
3516 5261 3529 5296 :

1953 5347 2072 5417 ipse
2092 5359 2282 5401 curam
2331 5340 2571 5398 habebat
2613 5337 2992 5394 inﬁrmorum:
3047 5338 3144 5393 ubi
3200 5352 3333 5392 vero
3383 5351 3533 5390 mor-

1423 5514 1624 5577 Varim
1667 5511 1981 5575 lectiones
2009 5516 2072 5574 et
2110 5516 2298 5572 notae.

324 5692 438 5759 (83)
469 5687 844 5756 Ἐγγ-αθέτοις.
878 5683 1322 5759 ρΐᾷιθιοὶδῃιίῢυε
1355 5683 1417 5759 in_
1441 5681 1564 5759 siis.

319 5752 436 5831 (84)
473 5752 573 5814 Διὰ
608 5761 668 5811 τὸ
709 5752 1050 5822 ἐξουσίάζειν
1097 5758 1198 5828 τὴν
1231 5752 1553 5828 παραϐολὴν
1603 5752 1662 5806 ὲν
1708 5752 1830 5813 ταῖς

248 5833 531 5894 τοιαύταις
564 5831 975 5900 περιστάσεσιν.

327 5903 439 5975 (85)
465 5901 576 5973 Τῆς
606 5899 1025 5971 ἐνσαρκώσεως.

2011 5675 2123 5744 (86)
2147 5674 2308 5728 Ludit
2325 5673 2380 5727 in
2397 5669 2756 5728 similitudine
2769 5669 3095 5741 syllabarum
3116 5663 3332 5733 κτῆνος,
3351 5661 3530 5716 κτείνο

1941 5748 2152 5801 νεσθαι.

2010 5817 2124 5887 (87)
2189 5816 2402 5887 Καιρὸν
2441 5828 2543 5883 pro
2578 5809 2864 5887 pauprivJ}.

2024 5876 2135 5960 {88)
2174 5876 2344 5950 Αὐτός
2379 5876 2547 5941 colle:
2579 5876 2618 5937 Β
2653 5876 2814 5939 habet
2846 5889 2964 5952 post
2985 5876 3324 5948 ἑπτμιλείτο.
