4016 6496
498 432 602 493 96Ἱ

497 554 628 600 tuus
701 546 790 608 est
873 552 936 592 ac
1009 546 1336 599 resurrexit,
1409 546 1466 588 et
1517 546 1585 586 au
1625 546 2084 600 peregi-manuum

500 632 785 690 inccelutn
811 629 1070 693 devertit,
1114 626 1260 683 bane
1288 639 1479 680 curam
1534 618 1807 692 apostolis
1857 617 2088 673 commi-

573 813 790 881 Hospes
822 811 971 866 enim
1009 818 1116 874 est,
1151 805 1402 878 quisquis
1421 802 1677 859 Ecclesiae
1695 809 1916 872 praeest.
1937 808 2090 869 puta,

501 905 684 958 omnis
716 904 1032 971 epist-opus,
1063 899 1148 952 vel
1173 894 1426 966 quisquis
1462 892 1838 963 apostolorum
1867 900 2090 942 succes-

501 1010 593 1050 sor
614 1005 718 1050 est.
739 993 856 1048 Duo
903 1006 1034 1045 vero
1063 988 1274 1044 denarii
1307 994 1436 1042 sunt
1460 984 1674 1040 Novum
1708 996 1772 1036 ac
1793 977 1966 1034 Vetus
1984 975 2092 1032 Te-

499 1097 861 1147 stamentum,
893 1100 1014 1154 quae
1056 1081 1292 1136 inﬁrmis
1344 1078 1676 1134 medicinam
1713 1071 2088 1144 suppeditant.

502 1179 647 1232 Dixit
680 1178 826 1232 enim
863 1174 1121 1229 vicesimo
1149 1182 1347 1241 quarto
1377 1170 1554 1239 capite
1594 1163 1870 1236 Evangelii
1901 1177 2095 1217 secun-

502 1272 632 1324 dum
669 1269 1015 1322 Mattbaaum:
1050 1264 1228 1320 Omnis
1261 1263 1435 1318 scriba
1475 1262 1688 1314 edoctus
1747 1257 1818 1310 ad
1871 1270 2092 1326 regnum

503 1359 748 1412 calorum
811 1357 1000 1411 similis
1059 1366 1133 1409 est
1182 1354 1379 1408 homini
1429 1348 1839 1421 patrifamilias,
1881 1346 1974 1416 qui
2000 1345 2094 1400 de-

502 1451 705 1520 promit
751 1455 815 1504 de
868 1451 1115 1504 thesauro
1141 1461 1236 1501 suo
1269 1462 1400 1499 noua
1432 1455 1479 1498 et
1511 1440 1768 1498 vetera".

573 1633 696 1695 Vel,
727 1634 835 1688 duo
855 1633 1068 1687 denarii
1100 1632 1225 1686 duae
1256 1638 1386 1685 sunt
1420 1627 1918 1698 interpretationes
1944 1622 2093 1678 Scri-

503 1736 682 1795 pturze
716 1725 1069 1793 evangelicae,
1116 1732 1210 1777 aut
1230 1724 1392 1775 etiam
1417 1721 1598 1775 omnis
1620 1719 1860 1794 divinas:
1894 1717 1988 1772 illa
2017 1717 2095 1770 vi-

506 1815 728 1878 delicet,
753 1827 872 1872 uuae
896 1814 1050 1883 juxta
1073 1811 1360 1867 historiam
1392 1820 1499 1876 est,
1535 1821 1590 1865 et
1615 1825 1736 1880 qua:
1763 1809 1920 1879 juxta
1965 1823 2094 1862 ana-

503 1921 703 1975 gogen.

577 1993 1180 2052 Vers.55.Et—tibi.
1235 1994 1292 2049 Si
1315 1994 1481 2050 etiam
1535 1994 1605 2050 de
1661 2001 1757 2048 tuo
1813 1992 2094 2064 quidpiam

505 2086 891 2156 insumpseris,
911 2087 1059 2156 quod
1081 2087 1135 2140 in
1167 2086 1287 2156 ejus
1315 2087 1804 2142 cedatutililatem.
1857 2084 1993 2140 Nam
2025 2085 2095 2140 de

505 2193 607 2233 suo
627 2194 844 2249 quoque
874 2189 1236 2249 pmcepwres
1268 2189 1574 2253 apponunt,
1629 2179 1922 2233 dilatantes
1956 2177 2098 2232 divi-

505 2283 704 2322 norum
727 2284 1045 2324 sermonum
1080 2270 1589 2339 interpretationes.
1611 2270 1657 2322 Α
1681 2270 1896 2324 duobus
1919 2267 2096 2338 siqui-

507 2361 632 2414 dem
697 2362 1044 2414 testamentis
1094 2369 1322 2415 sutnunt
1375 2361 1602 2430 quidem
1661 2369 2092 2432 argumentum:

510 2454 752 2522 prepriis
791 2463 977 2506 autem
1011 2453 1360 2506 sermonibus
1389 2452 1848 2506 abundantiorem
1907 2465 2095 2504 curam

509 2547 775 2599 exhibent
813 2543 1216 2598 laborantibus.
1248 2541 1511 2598 Reversio
1542 2558 1673 2598 vero
1720 2541 1946 2608 Christi,
2012 2556 2101 2596 se-

513 2637 728 2692 cundus
758 2648 841 2693 est
872 2637 1141 2691 adventus
1161 2636 1304 2705 ejus,
1336 2635 1389 2689 in
1408 2650 1517 2705 quo
1543 2637 1818 2705 persolvet
1839 2635 2098 2690 omnibus

514 2729 929 2782 retributiones.

588 2817 742 2873 Vers.
774 2819 865 2873 56.
896 2817 1025 2882 Quis
1050 2846 1121 2858 -ο
1147 2818 1304 2874 Vers.
1357 2819 1446 2874 37.
1478 2817 1592 2872 illo.
1626 2817 1766 2871 Cum
1826 2815 1942 2882 illo,
1992 2817 2100 2871 hoc

510 2918 614 2972 est,
656 2911 708 2961 in
741 2909 916 2962 illum.

584 3001 737 3054 Vers.
775 3001 863 3054 57.
908 3000 1058 3054 Dixit
1091 3032 1158 3046 -
1186 3000 1455 3056 similiter.
1517 2998 1718 3053 Curam
1749 2998 1872 3068 ejus
1931 2998 2092 3062 habe,

406 3132 408 3134 τ
510 3093 604 3162 qui
634 3091 839 3146 auxilio
903 3092 1129 3162 indiget.
1168 3093 1272 3158 Qui
1303 3092 1448 3146 enim
1482 3093 1584 3145 hoc
1632 3106 1742 3146 non
1784 3091 1935 3155 facit,
1989 3107 2099 3146 non

1728 414 2121 477 EUTHYMII
2161 411 2529 475 ZIGABENI

873 552 936 592 ac
1009 534 1336 599 resurrexit,
1409 541 1466 588 et
1517 529 1585 586 ad
1625 526 2084 600 peregrinandum

2213 527 2287 580 ιαὶ
2335 527 2598 592 ἀναστὰς,
2641 527 2738 583 καὶ
2781 528 3036 600 ἐκδημῶν
3088 531 3168 594 εἰς
3217 529 3307 582 τὸν
3345 529 3595 600 οὖρανὶν,
3653 535 3770 596 τοῖς

3659 417 3766 479 96.2

2189 619 2514 684 ἀποστόλοις
2551 621 2651 691 τὴν
2675 620 3003 693 ιπιμὲλειαν
3031 622 3238 694 ταύτην
3272 622 3564 692 ἐπέτρεψε.

2265 803 2576 873 Πανδοχεὺς
2605 802 2716 874 γὰρ
2771 805 2881 866 πᾶς
2940 803 3227 874 προεστὼς
3270 803 3369 874 τῆς
3407 802 3766 872 Ἐκκλησίας,

2189 895 2334 962 ἦτοι,
2380 895 2492 957 πᾶς
2523 893 2852 957 ἐπίσκοπος,
2887 895 2985 947 καὶ
3019 896 3132 957 πᾶς
3168 895 3277 948 τῶν
3303 893 3620 949 ἀποστόλων
3651 893 3768 948 διὰρ

2190 981 2369 1052 δοχος.
2393 981 2500 1034 Δύο
2523 982 2580 1035 δὲ
2603 981 2860 1053 δηνάρια,
2898 984 2931 1053 ἡ
2967 982 3144 1053 Καινὴ
3182 987 3277 1036 καὶ
3308 986 3339 1053 ἡ
3395 982 3609 1036 Παλαιὰ
3635 983 3766 1034 Δια-

2192 1073 2362 1143 θήκη,
2395 1072 2453 1124 αἶ
2489 1073 2790 1143 χορηγοῦσι
2827 1071 2928 1143 τὴν
2977 1072 3223 1142 ίατριίαν
3265 1076 3379 1136 τοῖς
3422 1071 3766 1126 ἀσθενοῦσιν.

2194 1163 2403 1235 Εῐρηκε
2440 1165 2548 1235 γὰρ
2603 1166 2661 1217 ὲν
2710 1165 2789 1234 τῷ
2817 1164 3054 1234 εἰκοστῷ
3083 1163 3330 1235 τετάρτῳ
3358 1165 3638 1234 κεφαλαίῳ
3672 1163 3766 1215 τσῦ

2193 1258 2336 1309 κατὰ
2372 1256 2654 1310 Ματθαῖον
2676 1272 2690 1286 °
2724 1256 2806 1309 δτι
2835 1253 2960 1318 Πᾶς
2984 1253 3360 1325 γραμματεὺς
3377 1254 3772 1323 μαθητευθεὶς

2191 1350 2280 1413 είς
2308 1347 2424 1415 τὴν
2470 1347 2803 1411 ,ϐασιλείαν
2849 1345 2969 1400 τῶν
3017 1345 3312 1412 οὐρανῶν,
3363 1346 3567 1416 ὅμοιός
3603 1347 3774 1399 ἐστιν

2189 1438 2481 1508 ἀνθρώπῳ
2535 1437 2955 1507 οίκοδεσπότῃ,
3019 1437 3188 1503 ὅστις
3234 1437 3511 1492 ἐκϐάλλει
3561 1438 3632 1491 ἐκ
3665 1435 3772 1489 τοῦ

2194 1528 2508 1598 θησαυροῦ
2529 1530 2717 1584 αὐτοῦ
2753 1530 2934 1584 καινὰ
2955 1529 3056 1586 καί
3097 1529 3346 1584 παλαιά.

2267 1624 2339 1677 Ἣ
2369 1623 2463 1676 δύο
2497 1623 2752 1693 δηνάρια,
2806 1623 2863 1677 αί
2904 1622 2998 1675 δύο
3037 1622 3327 1691 ἑρμηνεῖαι
3353 1621 3456 1692 τῆς
3487 1621 3775 1690 εὐαγγελι-

2194 1719 2298 1789 κῆς
2323 1717 2361 1769 Γ
2364 1719 2570 1788 ραφῆς,
2607 1718 2640 1788 ἢ
2672 1718 2766 1769 καὶ
2797 1718 2978 1785 πάσης
3009 1714 3110 1782 τῆς
3139 1713 3310 1780 θείας,
3331 1715 3430 1784 ἦτε
3468 1716 3590 1768 καθ’
3628 1715 3744 1765 loto
3765 1746 3776 1752 -

2199 1811 2321 1880 ρίαν
2360 1809 2497 1882 (89),
2535 1809 2632 1863 καὶ
2657 1810 2690 1880 ἡ
2721 1807 2865 1862 κατά
2892 1807 3190 1877 ἀναγωγήν

2266 1997 2379 2054 Καὶ
2415 2030 2468 2040 -
2503 2011 2625 2051 σοι.
2661 1995 2730 2049 Εἴ
2749 2012 2802 2048 τι
2828 1995 2896 2049 ἂν
2923 1994 3015 2048 καὶ
3045 1991 3262 2046 οἴκοθεν
3306 1990 3778 2062 προσδαπανήσῃς

2195 2092 2277 2154 είς
2299 2089 2573 2159 ὠφέλειαν
2605 2087 2794 2144 αὑτοῦ.
2825 2088 2935 2141 Καὶ
2965 2085 3181 2139 οἴκοθεν
3227 2086 3335 2154 γὰρ
3372 2084 3423 2136 oi
3461 2082 3777 2136 διδάσκαλοι

2198 2182 2579 2254 προστιθέασι,
2617 2179 2985 2242 πλατύνοντες
3013 2179 3114 2240 τὰς
3153 2174 3579 2247 ἑρμηνείαςτῶν
3613 2175 3775 2226 θείων

2199 2277 2395 2344 λόγων.
2437 2273 2572 2327 ’Δπὸ
2597 2273 2696 2342 μὲν
2724 2273 2834 2342 γὰρ
2859 2271 2967 2324 τῶν
2995 2269 3088 2322 δύο
3122 2269 3405 2338 Διαθηκών
3439 2266 3778 2336 λαμσανουςι

2197 2370 2301 2431 τὰς
2342 2367 2638 2438 ἀφορμάς⁸
2700 2363 2998 2433 τοίςξίδίοις
3049 2362 3107 2414 δὲ
3163 2361 3340 2428 λόγοις
3381 2357 3779 2427 δαψιλεστέραν

2201 2463 2502 2532 παρέχουσι
2531 2461 2631 2531 τὴν
2663 2457 2964 2528 Θεραπείαν
2986 2459 3098 2518 τοῖς
3125 2456 3446 2521 κάμνουσιν.
3483 2451 3778 2510 Ἐπάνοδος

2198 2555 2257 2607 δὲ
2282 2550 2376 2610 τοῦ
2405 2551 2667 2623 Χριστοῦ,
2692 2554 2725 2621 ὴ
2752 2550 2983 2618 δευτέρα
3008 2549 3306 2618 παρουσία,
3344 2549 3401 2599 ὲν
3504 2543 3781 2597 ἀποδώσει

2203 2648 2337 2700 πᾶσι
2363 2646 2462 2708 τὰς
2492 2644 2747 2715 ἀμοιῦάς.

2274 2830 2378 2897 Τίς
2406 2856 2478 2868 -—
2514 2827 2725 2882 αὑτοῦ.
2754 2825 2894 2880 Μετ’
2915 2825 3102 2880 αὐτοῦ
3157 2823 3278 2876 ἀντὶ
3325 2822 3442 2886 τοῦ,
3486 2821 3566 2884 είς
3596 2819 3781 2873 αὐτόν.

2279 3013 2771 3082 Εἶπεν-όμοίως.
2793 3007 3088 3079 Ἐπιμελοῦ
3113 3005 3207 3059 τοῦ
3228 3005 3484 3074 δεομένου
3505 3001 3780 3071 βοηθείας.

2218 3113 2281 3164 '0
2301 3113 2410 3180 γὰρ
2439 3109 2514 3179 μὴ
2537 3106 2698 3159 τοῦτο
2731 3107 2924 3166 ποιῶν,
2958 3104 3060 3155 οὐκ
3099 3101 3288 3168 ἀγαπᾷ
3327 3097 3416 3149 τὸν
3448 3095 3677 3163 πλησίον
3705 3092 3781 3152 ὡς

515 3185 693 3256 diligit
723 3187 1031 3252 proximum
1079 3201 1241 3239 suum
1294 3184 1439 3240 sicut
1501 3185 1790 3256 seipsum:
1837 3186 1931 3255 qui
1976 3201 2100 3241 vero

2213 3204 2405 3258 ἑαυτόν
2430 3218 2443 3233 ·
2475 3202 2504 3253 ὁ
2529 3200 2586 3253 δὲ
2641 3197 2719 3270 μὴ
2765 3195 2999 3265 ἀγαπῶν
3033 3194 3128 3246 τὸν
3166 3191 3394 3259 πλησίον
3430 3188 3505 3250 ὼς
3566 3187 3786 3246 ἑαυτὸν,

514 3279 824 3347 proximum
856 3293 962 3330 non
992 3279 1169 3349 diligit
1226 3291 1484 3348 tanquam
1548 3293 1609 3333 se
1673 3279 1874 3348 ipsum,
1927 3294 2104 3349 neque

516 3367 688 3420 Deum
715 3366 898 3437 diligit
928 3384 992 3421 ex
1036 3376 1148 3423 toto
1184 3369 1349 3423 corde
1378 3384 1501 3433 suo,
1543 3378 1599 3424 et
1646 3383 1712 3423 ex
1761 3377 1873 3423 tota
1922 3372 2105 3424 anima

513 3478 634 3524 sua,
658 3477 728 3517 ex
751 3473 861 3517 tota
893 3463 1215 3517 fortitudine
1251 3480 1371 3528 sua,
1395 3473 1451 3518 et
1476 3479 1540 3518 ex
1569 3472 1684 3518 tota
1709 3473 1892 3518 mente
1918 3481 2016 3519 sua
2034 3466 2102 3532 ",

519 3569 640 3622 qua:
674 3555 984 3609 dilectionis
1010 3557 1414 3610 vehementiam
1435 3571 1499 3610 ac
1529 3556 1893 3610 intentionem
1933 3556 2107 3611 mani-

519 3645 744 3698 festant.

762 3760 917 3815 CAP.
945 3761 1212 3816 XXXVII.
1255 3762 1332 3816 De
1362 3763 1570 3818 Martha
1603 3772 1651 3816 et
1686 3763 1887 3818 Maria.

595 3851 747 3906 Vers.
781 3853 868 3906 '58.
899 3851 1125 3907 Factum
1149 3863 1224 3908 est
1258 3883 1328 3894 —
1366 3853 1518 3908 Vers.
1547 3855 1636 3910 59.
1689 3857 1854 3910 illius.
1900 3855 2109 3912 Castel-

519 3949 630 4000 lum
669 3948 772 3999 lioc
804 3943 1069 3998 Bethania
1101 3961 1252 4000 erat:
1297 3946 1441 4000 hanc
1508 3948 1654 4000 enim
1709 3946 1954 4004 Joannes
2014 3965 2110 4002 ca-

515 4040 736 4096 stellum
773 4039 911 4092 dixit
941 4037 1187 4106 Mariazjet
1222 4037 1447 4092 Martha:
1474 4040 1543 4094 ".

597 4130 746 4184 Vers.
783 4131 874 4183 40.
907 4130 1115 4182 Mart/ta
1131 4147 1250 4184 vero
1275 4161 1343 4171 --
1370 4133 1741 4187 ministerium.
1771 4133 2110 4204 Praeparans,

2206 3297 2328 3351 οὲδὲ
2353 3295 2447 3349 τὸν
2482 3293 2617 3348 Θεὸν
2650 3291 2864 3360 ἀγαπᾷ,
2911 3288 2972 3351 ἐξ
3016 3285 3144 3352 ὅλης
3174 3283 3273 3351 τῆς
3316 3280 3547 3351 καρδίας
3589 3275 3780 3336 αὑτοῦ,

2208 3393 2304 3444 καὶ
2330 3389 2390 3453 ἐξ
2413 3387 2541 3457 ὅλης
2569 3386 2666 3456 τῆς
2701 3382 2881 3453 ψυχῆς
2915 3377 3102 3443 αὐτοῦ,
3133 3379 3222 3430 καὶ
3252 3376 3311 3440 ἐξ
3328 3374 3454 3443 ὅλης
3477 3372 3574 3441 τῆς
3599 3370 3786 3439 ίσχύος

2209 3481 2398 3544 αὑτοῦ,
2432 3479 2526 3533 καὶ
2557 3477 2614 3542 ἐξ
2633 3477 2763 3546 ὅλης
2791 3474 2891 3542 τῆς
2923 3471 3161 3532 διανοίας
3191 3467 3378 3532 αὑτοῦ,
3413 3467 3555 3534 ᾰπερ
3593 3466 3792 3532 ἐμφαί-

2210 3588 2394 3624 νουσιν
2429 3569 2652 3636 ἀγάπης
2685 3565 3029 3634 σφοδρότητα
3073 3560 3168 3612 καὶ
3199 3558 3468 3610 ἐπίτασιν.

2411 3771 2571 3826 ΚΕΦ.
2602 3766 2726 3822 ΛΖ’.
2755 3764 2894 3834 Περὶ
2928 3764 3171 3830 Μάρθας
3201 3761 3298 3814 καί
3326 3763 3574 3828 Μαρίας.

2284 3867 2553 3937 Ἐγένετο
2589 3859 2893 3914 -αὺτοῦ.
2938 3859 3005 3911 Ἦ
3056 3857 3217 3926 κώμη
3266 3855 3427 3921 αὕτη,
3483 3856 3515 3922 ἡ
3552 3852 3786 3922 Βηθανία

2213 3960 2302 4035 ἦν.
2326 3959 2547 4028 Ταύτην
2583 3957 2693 4026 γὰρ
2721 3958 2747 4008 ὁ
2785 3953 3043 4021 Ἰωάννης
3071 3947 3190 4003 εἷπε
3223 3948 3415 4018 κώμην
3442 3949 3659 4016 Μαρίας
3692 3946 3787 3998 καὶ

2213 4052 2462 4120 Μάρθας.

2299 4147 2368 4200 Ἡ
2387 4144 2456 4197 δὲ
2489 4141 2698 4211 Μάρθα
2734 4170 2804 4179 ——
2828 4138 3158 4193 διακονίαν.
3197 4132 3702 4204 Παρασκευάζουσα
3720 4129 3787 4182 τὰ

518 4235 636 4289 quae
671 4220 975 4275 noeessaria
1001 4228 1158 4274 erant
1187 4220 1255 4274 ad
1314 4221 1629 4277 convivium
1685 4233 1740 4276 et
1790 4225 2100 4294 obsequium

2219 4237 2354 4307 πρδς
2383 4233 2628 4287 ἑστίασιν
2663 4232 2759 4284 καὶ
2787 4228 3085 4300 Θεραπείαν
3118 4226 3281 4279 αὑτοῦ
3316 4242 3372 4277 τε
3403 4228 3497 4276 καὶ
3529 4225 3634 4276 τῶν
3678 4239 3782 4292 μα-

519 4315 641 4380 ejus
672 4329 735 4366 ac
774 4312 1170 4379 discipulorum
1204 4313 1401 4382 ipsius.

592 4401 743 4455 Vers.
777 4401 866 4455 40.
900 4399 1028 4464 Qum
1050 4403 1216 4455 astitit
1241 4428 1313 4441 —-
1348 4404 1582 4472 adjuvet.
1602 4405 1884 4475 Tanquam
1905 4423 2113 4478 praece-

2217 4330 2397 4386 Θητῶν
2423 4325 2613 4380 αὑτοῦ.

2253 4349 2397 4402 ητων
2423 4349 2613 4380 αυτου.

2287 4417 2627 4476 Ἐπιστᾶσα
2666 4441 2737 4458 -ν-
2766 4413 3304 4479 συναντιλάϐηται.
3361 4411 3448 4472 Ὧς
3480 4408 3788 4468 διδάσκαλος

519 4503 644 4562 ptor
674 4508 862 4547 curam
892 4496 964 4548 illi
999 4497 1302 4560 committe,
1327 4504 1386 4550 ut
1413 4512 1518 4550 una
1549 4513 1763 4553 mecum
1796 4501 2100 4557 ministerio

2219 4510 2512 4583 ἐπίτρεψον
2545 4509 2709 4577 αὐτῇ,
2743 4507 2829 4558 ἵνα
2861 4523 2949 4576 μοι
2979 4504 3356 4574 συνεφάψηται
3376 4506 3470 4570 τῆς
3490 4502 3782 4564 διακονίας.

521 4599 744 4637 manum
776 4586 1087 4639 admoveat.

599 4675 753 4731 Vers.
784 4677 872 4730 41.
911 4676 1245 4746 Respondens
1291 4707 1363 4718 -—
1410 4679 1600 4735 multa.
1659 4681 1926 4737 Tumulus
1991 4683 2101 4738 hoc

524 4767 663 4829 loco,
699 4768 980 4822 distractio
1010 4777 1093 4823 est
1139 4780 1194 4823 et
1225 4771 1487 4827 turbatio.
1514 4771 1672 4827 Circa
1735 4775 1903 4828 multa
1951 4791 2104 4840 vero,

521 4868 672 4925 puta,
705 4873 824 4924 qua:
856 4860 919 4911 ad
947 4861 1262 4914 convivium
1295 4868 1351 4914 et
1403 4861 1729 4933 obsequium
1789 4868 2106 4921 necessaria

524 4960 674 5011 sunt,
714 4959 772 5002 ut
811 4951 1016 5004 dictum
1059 4960 1168 5007 est.

598 5041 748 5095 Vers.
782 5045 872 5095 4‘3.
907 5046 1062 5114 Atqui
1093 5063 1255 5100 unum
1312 5059 1389 5102 est
1423 5053 1794 5104 necessarium.
1845 5051 2105 5110 Videlicet

530 5199 579 5229 ⁷⁸
600 5197 793 5252 Matth.
822 5216 936 5264 xm,
973 5203 1062 5256 54.
1174 5205 1217 5238 ’⁸
1240 5205 1374 5262 Luc.
1409 5225 1460 5274 x,
1491 5209 1590 5267 27..
1695 5209 1738 5240 “
1765 5209 1924 5267 Joan.
1959 5216 2106 5280 xi,l.

2274 4688 2651 4755 Ἀποκριθεὶς
2675 4716 2743 4726 --
2765 4686 2990 4739 πολλά.
3018 4682 3205 4751 Τύρὸη
3231 4684 3401 4743 ἐστὶν,
3444 4681 3472 4732 ὸ
3521 4697 3788 4750 περισπα-

2211 4783 2371 4853 σμὸς,
2399 4782 2434 4850 ἡ
2463 4779 2688 4849 ὄχλησις
2709 4793 2726 4810 ο
2761 4795 2892 4850 περι
2928 4775 3098 4829 πολλὰ
3130 4775 3210 4838 δὲ,
3259 4776 3325 4826 τὰ
3353 4773 3452 4840 τῆς
3492 4772 3788 4830 ἑστιάσεως

2210 4884 2306 4935 καὶ
2341 4877 2664 4948 θεραπείας,
2707 4875 2781 4938 ὡς
2814 4877 3048 4944 εἴρηται.

2297 5057 2466 5123 Ἐνὸς
2486 5054 2553 5110 δέ
2581 5056 2712 5108 ἑστι
2752 5055 2940 5122 χρεία.
2979 5051 3092 5121 Τῆς
3134 5050 3450 5120 ἀκροάσεως
3501 5049 3610 5101 τῶν
3644 5046 3788 5118 ἐμῶν

1705 5392 1905 5454 Variae
1952 5396 2258 5460 lectiones
2303 5405 2365 5460 et
2410 5407 2602 5459 noue.

603 5564 712 5645 (89)
749 5565 918 5630 Quam
951 5583 1052 5645 nos
1086 5583 1235 5624 nunc
1275 5567 1703 5645 _Grammaticam
1751 5579 2110 5645 appellamus.

528 5632 704 5718 Credo
737 5650 916 5690 autem
951 5641 1450 5718 interpretationem
1511 5645 1675 5718 hujus
1703 5632 2112 5718 1()ο’ἰ’;ιὶιε·ίς‹›ι·ἶλ

529 5716 645 5785 cam
689 5719 961 5785 sumptam
989 5725 1108 5785 esse
1150 5727 1212 5764 ex
1248 5712 1501 5782 Origene,
1533 5717 1624 5783 qui
1673 5733 1824 5771 suum
1856 5720 1907 5770 in
1967 5712 2108 5774 nunc

529 5773 1237 5856 locum“interpretationem
1261 5773 1515 5856 laudate't
1551 5773 1786 5856 attingit,
1829 5801 1963 5842 tom.
2018 5773 2107 5854 lll,

532 5858 588 5900 ι).
624 5844 747 5901 728.
781 5845 936 5903 Patet
1003 5864 1133 5919 ergo
1191 5853 1272 5906 vel
1338 5869 1400 5908 ex
1476 5855 1579 5912 hoc
1639 5844 1785 5923 loco,
1844 5844 2110 5932 tiieronyl

2219 5596 2367 5655 mum
2399 5583 2732 5652 copiosiores
2760 5584 3128 5652 expositiones
3165 5583 3414 5655 Origenis
3445 5589 3636 5654 partim
3661 5589 3795 5641 omi-

2220 5653 2377 5727 sisse,
2406 5658 2602 5727 partim
2635 5655 2690 5727 i_n
2718 5657 3100 5722 compendium
3132 5653 3400 5727 redegisse
3427 5653 3480 5710 in
3522 5676 3616 5711 sua
3695 5659 3793 5710 La-

2219 5725 2331 5774 tina
2357 5724 2628 5796 versione.
2656 5725 2710 5777 In
2743 5740 2864 5796 meo
2889 5728 3201 5796 apographo
3233 5724 3477 5781 cbdicnm
3510 5730 3796 5796 Μοδιμιριι-

2219 5796 2360 5869 εὶιιιη
2398 5793 2597 5869 similia
2632 5796 2698 5848 ad
2736 5796 2789 5848 li.
2821 5795 2858 5848 l.
2903 5793 3176 5865 leguntur,
3215 5813 3332 5869 qua:
3381 5800 3545 5853 etiam
3597 5793 3793 5854 ibidem

2218 5879 2246 5916 a
2280 5861 2485 5918 Severo
2509 5864 2728 5921 brevius
2754 5861 3095 5937 repetuntur.
