4016 6462
178 419 285 484 969

1234 413 1626 477 COMMENT.
1668 411 1748 475 IN
1794 413 2073 475 LUCAM.
2116 435 2181 447 -·
2223 412 2383 471 CAP.
2427 413 2528 471 XI.

3367 415 3470 474 ι.το

176 529 382 596 λόγων.
441 527 517 583 Οὔ
578 524 689 598 γὰρ
749 525 1049 596 τρυφήσων
1096 517 1284 594 ἦλθον,
1352 524 1490 577 ἀλλὰ
1542 521 1776 588 διδάξων

1898 538 2130 578 ncorum
2148 522 2474 576 auscultatio
2493 536 2831 576 sermonum.
2858 519 3043 590 Neque
3059 521 3229 588 enim,
3256 531 3316 576 ut
3335 537 3467 592 epu‘

178 624 350 694 ὑμᾶς.

253 716 452 782 Μαρία
478 743 548 753 —
572 709 784 778 αὐτῆς.
818 713 924 765 Δύο
976 711 1196 782 μερίδες
1237 710 1518 773 πολιτείας
1553 713 1775 762 ἐπαινε-

175 809 294 868 ταὶ,
329 810 362 877 ἡ
399 807 497 876 μὲν
555 807 864 876 πρακτικὴ,
923 807 958 870 ἡ
1007 805 1062 857 δὲ
1096 804 1432 876 θεωρητικὴ.
1473 803 1690 867 Ταύτας
1720 803 1779 855 αί

175 899 278 952 δύο
311 894 471 952 αὗται
501 898 784 951 διείλοντο.
826 896 1028 966 Μάρθα
1064 898 1185 968 μὲν,
1225 897 1325 968 τὴν
1349 895 1683 967 πρακτικὴν,
1719 897 1777 947 ἐν

178 992 258 1062 τῷ
283 991 652 1046 διακονεῖσθαι
687 992 815 1061 περὶ
854 991 952 1060 τὴν
989 990 1310 1061 σωματικὴν
1345 987 1648 1062 θεραπείαν
1681 987 1775 1040 τοῦ

178 1086 396 1154 Κυρίου
422 1102 434 1114 ·
473 1085 667 1155 Μαρία
707 1083 786 1145 δὲ,
820 1083 922 1152 τὴν
947 1084 1320 1154 θεωρητικὴν,
1345 1085 1404 1136 ὲν
1426 1083 1505 1152 τῷ
1551 1082 1776 1136 ἀκούειν

175 1175 291 1228 τῶν
325 1177 501 1241 λόγων
536 1173 727 1229 αὑτοῦ.
760 1175 870 1228 Καὶ
895 1175 1018 1228 ἐπεὶ
1046 1176 1273 1240 διπλοῦς
1299 1171 1368 1248 ἦν
1393 1178 1421 1228 ὁ
1449 1177 1714 1246 Χριστος,
1741 1177 1772 1246 ἡ

181 1269 285 1338 μὲν
318 1271 562 1324 ἀνέπαυε
592 1269 652 1322 τὸ
682 1267 960 1341 δρώμενον
1012 1268 1178 1322 αὐτοῦ
1200 1286 1213 1300 ο
1251 1269 1284 1339 ἡ
1320 1268 1376 1321 δὲ
1413 1267 1662 1322 ἐδούλευε
1698 1267 1776 1336 τῷ

176 1360 405 1430 ἀοράτῳ
439 1359 605 1412 αὑτοῦ
627 1377 640 1390 ο
668 1361 833 1422 αὐτὸς
857 1359 934 1424 δὲ,
959 1358 1061 1429 τῆς
1090 1359 1195 1429 μὲν
1232 1357 1332 1430 τὴν
1368 1359 1687 1430 προθυμίαν
1713 1359 1773 1412 ού

174 1449 430 1516 διέϐαλε,
466 1451 567 1522 τῆς
607 1451 661 1504 δὲ
697 1452 798 1523 τὴν
845 1453 1169 1522 προαίρεσιν
1211 1450 1471 1522 ἐπῄνεσε.
1515 1452 1630 1522 Τῆς
1676 1454 1776 1523 μὲν

176 1544 294 1613 γὰρ
327 1546 385 1597 τὸ
446 1543 630 1616 ἔργον,
688 1545 1156 1616 χρησιμώτατον·
1213 1546 1313 1614 τῆς
1354 1546 1410 1599 δὲ
1475 1547 1588 1618 (90)
1638 1547 1778 1618 ὑψη-

176 1651 431 1707 Αοτερον.

247 1810 326 1862 Σὺ
359 1810 436 1873 δὲ,
479 1810 546 1881 ῆν
578 1810 782 1882 βούλει,
822 1811 1099 1881 μίμησαι,
1138 1811 1172 1882 ἢ
1209 1811 1484 1881 θεράπευε
1515 1810 1577 1863 τὸ
1613 1812 1772 1880 σῶμα

173 1903 272 1956 ίτοῦ
303 1906 530 1976 Κυρίου,
552 1906 696 1973 λέγω
725 1905 809 1977 δὴ,
840 1908 964 1970 τοὺς
997 1906 1281 1976 πτωχούς·
1301 1906 1426 1974 Ἐφ’
1450 1905 1604 1959 ὅσον
1638 1906 1770 1976 γὰρ,

177 1999 370 2068 φησὶν,
419 1998 747 2067 ἐποιήσατε
814 1998 905 2057 ἐνὶ
948 2000 1180 2053 τούτων
1233 1998 1352 2052 τῶν
1401 1999 1769 2066 ἐλαχίστων,

174 2090 311 2161 ἐμοὶ
344 2091 701 2161 ἐποιήσατε·
729 2091 763 2162 ἢ
793 2091 1026 2163 ἁσχολοῦ
1061 2095 1190 2162 περὶ
1218 2093 1318 2163 τὴν
1344 2093 1612 2164 ἀκρόασιν
1663 2091 1772 2145 τῶν

176 2184 360 2251 λόγων
392 2185 580 2252 αὑτοῦ,
612 2188 744 2257 περὶ
782 2188 883 2256 τὴν
918 2186 1156 2257 θεωρίαν
1185 2185 1293 2238 τῶν
1341 2185 1634 2257 δογμάτων
1677 2187 1772 2238 αὐ-

175 2276 276 2330 τοῦ
301 2295 316 2310 ο
344 2279 375 2347 ἢ
409 2280 504 2332 καὶ
527 2277 816 2348 ἀμφότερα
841 2277 1108 2349 μετέρχου
1135 2281 1276 2331 κατὰ
1308 2277 1431 2340 τοὺς
1460 2280 1770 2348 προσήκον-

175 2381 278 2431 τας
315 2370 558 2442 καιρούς.

251 2463 366 2532 Τὴν
391 2463 600 2533 ἀγαθὴν
650 2464 706 2517 δὲ
738 2464 933 2534 μερίδα
992 2460 1169 2528 εἶπεν,
1221 2462 1320 2532 ούχ
1351 2463 1426 2527 ὡς
1463 2464 1562 2534 τῆς
1604 2462 1772 2534 ἄλλης

178 2558 429 2623 πονηρᾶς
480 2555 669 2626 οὔσης,
706 2556 821 2609 ἀλλ’
871 2557 1085 2628 ἀγαθὴν
1142 2554 1379 2609 ἐνταῦθα
1444 2554 1544 2622 τὴν
1585 2555 1773 2626 κρείτ-

175 2664 312 2700 τονα
338 2647 642 2718 ὠνόμασεν.
694 2649 1002 2720 Ἐνδέχεται
1059 2651 1170 2720 γὰρ
1214 2649 1310 2702 δύο
1368 2648 1552 2703 καλῶν
1601 2650 1663 2703 τὸ
1716 2649 1774 2702 ἓν

177 2737 324 2793 εἶναι
357 2740 596 2796 κάλλιον.
625 2741 806 2794 Καλὸν
834 2742 933 2810 μὲν
961 2742 1071 2812 γὰρ
1099 2741 1159 2794 τὸ
1183 2740 1489 2808 φιλοξενεῖν
1511 2757 1524 2770 ο
1553 2742 1774 2795 κάλλιον

179 2832 237 2885 δὲ
277 2834 343 2884 τὸ
369 2833 733 2904 παρεδρεύειν
765 2831 906 2903 Θεῷ.
936 2834 1009 2886 Τὸ
1041 2834 1141 2903 μὲν
1173 2835 1283 2903 γὰρ
1329 2833 1679 2902 σωματικόν·
1713 2833 1776 2886 τὸ

177 2922 238 2976 δὲ
275 2924 669 2977 πνευματικόν.

523 3039 680 3093 ΚΕΦ.
719 3040 850 3093 AII’.
884 3039 1026 3107 Περὶ
1060 3038 1432 3109 προσευχῆς.

257 3132 372 3187 Καὶ
403 3131 641 3203 ἐγένετο
663 3163 734 3174 --
763 3134 971 3188 αὑτοῦ.
1012 3126 1185 3196 Οὗτος
1212 3134 1240 3186 ὁ
1273 3133 1527 3206 μαθητὴς
1567 3135 1633 3190 ἑκ
1663 3137 1774 3190 τῶν

1884 614 1985 676 ler.
2011 615 2158 681 veni,
2195 615 2289 670 sed
2324 622 2382 668 ut
2415 631 2509 670 vos
2542 616 2795 670 doceam.

1959 705 2113 761 Vers.
2147 708 2235 761 2ιὲ.
2272 706 2446 761 Maria
2477 736 2544 745 ——
2581 724 2664 762 ea.
2704 707 2835 762 Dure
2864 719 3046 777 partes
3097 708 3474 763 conversatio-

1881 801 1970 856 nis
2001 801 2306 856 laudabiles
2331 809 2485 867 sunt,
2515 815 2714 870 nempe
2740 802 2984 871 practica
3021 800 3138 855 sive
3161 801 3470 870 Operativa,

1882 903 1940 948 et
1971 893 2216 948 theorica
2255 894 2372 947 sive
2398 891 2868 962 contemplativa;
2927 893 3024 946 lxas
3084 891 3206 947 dua:
3248 906 3473 946 sorores

1881 989 1999 1044 ista:
2025 990 2340 1059 elegerant:
2381 989 2590 1044 Martha
2625 990 2849 1058 quidem
2909 987 3269 1058 operativam,
3313 987 3477 1042 mini-

1885 1083 2116 1139 strando
2151 1086 2297 1137 circa
2333 1083 2615 1152 corporale
2647 1082 2861 1138 Domini
2895 1082 3258 1151 obsequium;
3311 1080 3478 1135 Maria

1881 1191 2015 1232 vero
2067 1176 2576 1246 contemplativam,
2631 1177 2909 1232 audiendo
2992 1191 3278 1230 sermones
3310 1175 3479 1230 illius.

1880 1268 1949 1324 Et
1977 1269 2102 1339 quia
2136 1270 2428 1340 bipartitus
2465 1279 2584 1324 erat
2613 1269 2888 1341 Christus,
2930 1269 3019 1324 illa
3063 1269 3286 1339 quidem
3335 1269 3481 1322 refo-

1881 1363 2100 1419 cillabat
2124 1373 2334 1438 partem
2366 1364 2485 1434 ejus
2505 1349 2798 1430 visibilem,
2858 1364 2972 1418 luce
3036 1373 3220 1418 autem
3267 1362 3482 1417 colebat

1880 1462 2093 1526 partem
2123 1456 2242 1526 ejus
2269 1454 2598 1509 invisibilem
2649 1474 2663 1510 :
2719 1454 2837 1524 ipse
2868 1469 3000 1510 vero
3057 1453 3204 1508 illius
3259 1451 3480 1522 quidem

1880 1548 2372 1620 promptitudinem
2407 1563 2518 1602 non
2556 1546 2907 1616 vituperavit,
2948 1546 3112 1617 hujus
3155 1554 3337 1600 autem
3363 1545 3482 1599 elc-

1881 1642 2121 1698 ctionem
2149 1640 2412 1695 laudavit.
2460 1639 2741 1710 Siquidem
2769 1639 2914 1692 illius
2953 1654 3092 1708 opus
3147 1638 3279 1693 utile
3331 1643 3481 1692 certe

1879 1734 2173 1789 admodum
2207 1743 2346 1800 erat,
2379 1734 2547 1805 hujus
2585 1743 2764 1789 tamen
2797 1733 3112 1788 sublimius.

1949 1829 2032 1884 Tu
2068 1845 2219 1902 ergo,
2253 1844 2418 1900 quam
2447 1827 2688 1883 volueris
2719 1827 2958 1892 imitare,
2983 1835 3078 1882 aut
3103 1841 3292 1882 curam
3342 1826 3485 1882 habe

1885 1923 2134 1995 corporis
2174 1923 2412 1987 Domi’ni,
2438 1923 2563 1978 dico
2597 1937 2728 1976 sane
2761 1935 3090 1991 pauperum.
3121 1919 3256 1976 Nam
3290 1928 3483 1992 quate-

1883 2033 2001 2081 nus,
2047 2014 2246 2084 inquit,
2297 2016 2388 2066 uni
2439 2013 2503 2065 de
2562 2012 2641 2065 Itis
2691 2012 2922 2066 minimis
2969 2011 3185 2081 fecistis,
3231 2022 3278 2064 ct
3351 2011 3486 2064 mihi

1883 2109 2076 2179 fecistis
2111 2106 2176 2159 ⁷⁷.
2268 2105 2376 2159 Aut
2447 2119 2729 2173 occupare
2809 2103 2953 2158 circa
3022 2101 3484 2158 auscultationem

1884 2216 2204 2256 sermonum
2239 2198 2430 2269 ipsius,
2469 2197 2614 2252 circa
2635 2194 3485 2267 contemplationemdogmatum

1884 2294 2053 2350 illius.
2078 2292 2186 2346 Ant
2211 2290 2374 2346 etiam
2403 2299 2697 2360 utrumque
2738 2273 2932 2344 exerce
2959 2288 3217 2360 congruis
3275 2295 3488 2359 temper

1883 2386 2058 2442 ribus.

1955 2477 2160 2532 Bonam
2192 2490 2321 2531 vero
2357 2483 2564 2546 partem
2593 2473 2751 2535 dixit,
2814 2488 2920 2528 non
2955 2472 3101 2542 quod
3132 2471 3300 2527 altera
3347 2471 3487 2526 mala

1883 2572 1990 2628 sit:
2025 2572 2120 2626 sed
2141 2571 2337 2625 bonam
2365 2568 2454 2623 hic
2493 2566 2785 2638 appellavit
2808 2582 2928 2620 eam
2961 2581 3081 2637 quae
3143 2564 3337 2620 melior
3382 2574 3488 2620 est.

1884 2665 2071 2720 Potest
2098 2663 2244 2718 enim
2285 2660 2431 2726 ﬁeri,
2477 2661 2792 2714 utduorum
2827 2658 3099 2713 bonorum
3133 2673 3310 2711 unum
3348 2657 3490 2712 alte-

1885 2771 1949 2812 ro
1966 2755 2162 2809 melius
2193 2753 2284 2809 sit.
2315 2752 2525 2807 Bonum
2546 2751 2818 2821 siquidem
2841 2758 2948 2814 est,
2979 2748 3309 2820 hospitalem
3342 2765 3486 2807 esse.

1885 2861 2076 2901 verum
2114 2845 2312 2899 melius
2327 2852 2430 2908 est,
2467 2841 2579 2898 Deo
2600 2841 2841 2898 assidere
2868 2858 2882 2895 :
2913 2840 3046 2896 illud
3065 2840 3210 2896 enim
3234 2857 3492 2913 corpora-

1887 2940 1937 2993 le
1975 2948 2078 3004 est,
2114 2937 2221 2992 hoc
2250 2945 2432 2992 autem
2462 2933 2768 3006 spirituale.

2245 3051 2396 3107 CAP.
2435 3047 2722 3104 XXXVIII.
2773 3047 2846 3102 De
2873 3050 3130 3102 oratione.

1961 3144 2113 3200 C'AP.
2151 3143 2244 3197 XI.
2265 3143 2422 3198 Vcrs.
2458 3141 2510 3195 I.
2535 3141 2736 3195 Accidit
2768 3149 2948 3193 autem
2971 3171 3041 3181 -—
3073 3157 3215 3196 suos.
3245 3141 3492 3213 Discipu-

183 3226 560 3295 ἑϐδομήκοντα
584 3222 672 3298 ἦν.
711 3227 850 3290 Τοὺς
895 3227 1004 3297 γὰρ
1046 3226 1260 3279 δώδεκα
1318 3225 1559 3293 ἐδίδαξεν
1595 3230 1653 3282 ἐν
1705 3229 1776 3300 τῷ

1897 3238 1978 3294 lus
2004 3238 2094 3292 hic
2117 3245 2237 3291 erat
2261 3251 2327 3290 ex
2353 3235 2724 3304 septuaginta.
2766 3231 2904 3287 Nam
2937 3232 3231 3287 duodecim
3287 3234 3491 3290 docue-

182 3323 424 3392 πέμπτῳ
473 3320 759 3391 κεφαλαίῳ
808 3320 902 3374 τοῦ
954 3319 1096 3372 κατὰ
1130 3319 1436 3374 Ματθαῖον.
1492 3320 1642 3373 Ἰδὼν
1671 3322 1781 3394 γὰρ

181 3412 276 3465 τὸν
302 3411 625 3465 διδάσκαλον
669 3409 864 3481 καινὴν
917 3409 1206 3462 πολιτείαν
1232 3410 1327 3462 καὶ
1363 3408 1476 3480 (9i)
1519 3415 1782 3484 μετερχὲ-

187 3522 352 3576 μενον
381 3507 476 3558 καὶ
510 3503 933 3574 ὑποτιθέμενον,
959 3503 1197 3573 ἐζήτησε
1233 3504 1328 3556 καὶ
1372 3505 1572 3575 καινὴν
1602 3523 1780 3576 προσ-

185 3596 376 3667 ευχὴν,
419 3597 486 3665 τῇ
518 3595 770 3664 πολιτεία
827 3594 1193 3662 κατάλληλον.
1239 3593 1297 3648 ’0
1340 3593 1420 3660 δὲ,
1455 3594 1526 3665 ἢν
1569 3596 1779 3663 ἐδίδαξε

185 3691 318 3753 τοὺς
346 3689 578 3753 δώδεκα,
610 3688 818 3758 ταύτην
851 3686 946 3740 καὶ
980 3685 1072 3740 νῦν
1104 3685 1404 3739 ἐκτίθεται.

260 3881 408 3934 Bias
436 3909 503 3919 —
542 3878 834 3947 πονηροῦ.
883 3876 1344 3948 Ἠρμηνεύθησαν
1384 3877 1560 3931 ταῦτα
1602 3881 1780 3932 πάντα

188 3974 334 4028 κατᾶ
363 3974 423 4026 τὸ
453 3971 618 4043 ῥητὸν
646 3973 702 4026 ἐν
733 3969 811 4041 τῷ
851 3969 1149 4041 δηλωθέντι
1185 3970 1426 4041 πέμπτῳ
1469 3972 1774 4042 κεφαλαίῳ.

189 4068 253 4120 ΕΞ
287 4065 344 4119 δὲ
399 4069 491 4118 καὶ
541 4063 718 4130 λέξεις
769 4063 918 4124 τινὲς
973 4061 1213 4115 ἐνταῦθα
1276 4061 1777 4128 παραλλάττουσιν,

189 4159 305 4213 ἀλλ’
338 4156 432 4212 οὖν
457 4159 556 4230 τὴν
586 4158 759 4226 αὐτὴν
793 4157 891 4210 καὶ
914 4147 1078 4208 αὗται
1106 4153 1386 4225 σημασίαν
1417 4154 1777 4223 φυλάττουσι,

191 4254 288 4307 καὶ
322 4255 403 4314 εἰς
435 4253 534 4320 τὴν
574 4249 773 4321 ὁμοίαν
800 4249 1106 4319 ἑρμηνείαν
1156 4247 1512 4316 συνάγονται.
1552 4246 1781 4313 Διδάξας

189 4348 246 4400 δὲ
280 4346 706 4416 προσεύχεσθαι,
739 4343 912 4408 δεῖξαι
944 4341 1218 4412 βούλεται,
1253 4343 1343 4399 καὶ
1366 4341 1448 4394 ὃτι
1475 4343 1509 4413 ἡ
1539 4341 1780 4412 ἐπιμονὴ

191 4440 291 4509 τῆς
319 4437 634 4507 προσευχῆς
667 4439 821 4490 ἀνύει
853 4436 913 4489 τὸ
945 4434 1417 4505 σπουδαζόμενον,
1449 4434 1544 4486 καὶ
1577 4435 1780 4504 κέχρη-

190 4551 284 4587 ται
313 4530 600 4604 παραϐολῇ
638 4527 966 4602 παριστὼσῃ
1006 4526 1187 4582 τοῦτο.
1243 4528 1676 4600 Περιεργότερον
1722 4528 1780 4582 δὲ

190 4627 334 4698 αὕτη
369 4625 820 4698 συμπέπλασται,
850 4623 939 4676 ἵνα
977 4622 1072 4676 καὶ
1098 4623 1187 4692 εἴη
1226 4621 1607 4693 πιθανωτέρα.

267 4815 378 4870 Καὶ
401 4809 532 4867 εἷπε
569 4842 637 4853 -
666 4811 851 4878 αὐτῷ.
881 4810 1125 4882 Χρῆσον,
1171 4811 1314 4881 ἦτοι,
1351 4808 1604 4864 δάνεισον
1646 4810 1780 4881 (92).

267 5001 558 5068 Κάκεῖνος
605 5031 676 5041 -
707 5016 828 5055 σοι.
863 5000 1004 5054 Φασί
1056 5016 1206 5063 τινες
1266 4999 1656 5068 ἀναγωγικῶς,
1702 5002 1782 5054 ὅτι

195 5100 401 5150 νοεῖται
427 5095 577 5163 φίλος
616 5095 716 5165 μὲν
751 5094 779 5146 ὁ
815 5093 1202 5165 φιλάνθρωπος
1238 5092 1374 5155 Θεός
1435 5109 1449 5123 ’
1485 5091 1785 5166 πορεύεται

194 5190 252 5242 δὲ
288 5189 425 5258 πρὸς
462 5187 628 5240 αὑτὸν
665 5186 1027 5254 μεσονυκτίου
1053 5187 1152 5239 καὶ
1194 5187 1342 5238 αἰτεῖ
1369 5187 1524 5256 τρεῖς
1557 5185 1782 5259 ἄρτους,

196 5283 225 5334 δ
253 5280 403 5351 παρὰ
421 5281 512 5334 τὸν
534 5282 885 5352 προσήκοντα
903 5279 1096 5347 καιρὸν
1119 5277 1291 5331 αἰτῶν
1312 5280 1463 5350 τρεῖς
1478 5279 1783 5346 Θεολογίας,

200 5373 416 5443 Πατρὺς
443 5373 538 5426 καὶ
571 5373 704 5426 Υἱοῦ
737 5375 830 5426 καὶ
871 5371 1029 5440 ἁγίου
1058 5370 1399 5440 Πνεύματος,
1435 5372 1524 5426 ἵνα
1559 5371 1780 5442 παραθῇ

311 5524 356 5558 ⁷⁷
387 5523 580 5580 Matth.
613 5539 745 5590 xxv,
777 5521 871 5576 40.

1892 3345 1978 3389 rat
2012 3333 2206 3403 quinto
2229 3331 2405 3401 capite
2437 3328 2715 3401 Evangelii
2747 3329 2905 3399 juxta
2951 3326 3291 3383 Mattltteum.
3352 3329 3486 3383 Cum

1891 3428 2104 3483 videret
2130 3427 2281 3481 enim
2309 3433 2705 3494 praeceptorem
2744 3437 2947 3475 novum
2995 3420 3118 3476 vitae
3177 3421 3489 3476 institutum

1890 3530 1947 3578 et
1975 3533 2236 3576 exercere
2260 3531 2316 3573 et
2344 3517 2680 3572 admonere:
2720 3529 2916 3570 novam
2938 3529 3156 3584 quoque
3184 3516 3489 3571 orationem

1891 3612 2169 3686 quaesivit,
2249 3610 2375 3665 vita:
2460 3607 2644 3665 studio
2723 3607 3172 3663 convenientem.
3245 3610 3313 3665 At
3405 3611 3493 3665 ille

1890 3724 2052 3780 quam
2083 3708 2233 3778 ipsos
2267 3703 2558 3761 duodecim
2591 3705 2876 3771 docuerat,
2923 3705 3069 3759 hanc
3127 3706 3288 3758 etiam
3343 3720 3494 3762 nunc

1889 3800 2134 3872 exponit.

1959 3893 2120 3949 Vers.
2155 3891 2210 3946 2.
2244 3890 2330 3946 Ait
2359 3920 2429 3930 —
2452 3889 2605 3946 Vers.
2643 3890 2696 3944 4.
2756 3887 2924 3942 malo.
2983 3886 3191 3942 ﬂorum
3231 3888 3490 3943 'omnium

1891 3986 2217 4044 alverbum
2245 3983 2373 4040 data
2395 3993 2481 4038 est
2534 3981 2922 4053 interpretatio
2971 3980 3236 4052 praedicto
3293 3981 3491 4049 quinto

1893 4081 2088 4150 capite.
2115 4075 2270 4144 Quod
2306 4075 2349 4129 si
2376 4074 2647 4129 dictiones
2674 4072 2924 4144 quaedam
2959 4072 3050 4127 hic
3077 4081 3487 4143 permutantur,

1891 4172 2136 4229 eamdem
2159 4179 2346 4226 tamen
2381 4175 2436 4222 et
2467 4167 2585 4221 ista:
2612 4173 2834 4220 servant
2891 4165 3374 4236 signiﬁcationem,
3435 4173 3491 4218 et

1891 4258 1949 4319 in
1973 4262 2210 4335 similem
2249 4261 2588 4315 conveniunt
2632 4258 3167 4328 interpretationem.
3193 4257 3487 4326 Postquam

1891 4366 2074 4412 autem
2098 4369 2257 4410 orare
2293 4351 2501 4414 docuit,
2536 4351 2651 4404 vult
2707 4351 3024 4417 ostendere,
3080 4349 3227 4420 quod
3284 4348 3493 4403 oratio-

1891 4451 1978 4504 nis
2009 4443 2416 4519 persevcrantia
2447 4443 2636 4498 tribuit
2675 4443 2752 4506 id,
2784 4440 2931 4512 quod
2967 4443 3090 4512 quis
3130 4441 3376 4510 expetit;
3437 4449 3491 4493 ct

1891 4542 2153 4622 parabola
2219 4553 2354 4593 usus
2426 4546 2536 4601 est,
2624 4551 2746 4606 quae
2799 4536 2904 4591 hoc
2945 4535 3302 4596 demonstret,
3369 4523 3490 4601 qui-ae

1815 4613 2053 4693 Dotium
2111 4630 2422 4688 accuratius
2468 4628 2702 4684 formata
2763 4638 2886 4691 est,
2951 4635 3010 4682 ut
3061 4625 3480 4697 persuasibilior

1884 4727 2168 4783 reddatur.

1961 4812 2121 4868 Vers.
2181 4813 2234 4868 5.
2302 4809 2371 4864 Et
2431 4809 2660 4863 dixit—
2703 4808 2860 4865 Vers.
2903 4808 2956 4864 6.
2995 4809 3099 4863 illi.
3175 4809 3477 4866 Commoda

1886 4923 1981 4962 seu
2024 4917 2213 4961 mutuo
2249 4905 2338 4960 da.

1960 5000 2116 5055 Vers.
2153 5001 2207 5054 7.
2254 4999 2321 5053 Et
2354 4999 2444 5054 ille
2470 5030 2538 5039 —
2568 4999 2682 5054 tibi.
2727 4999 2925 5054 Dicunt
2951 4999 3172 5070 quidam
3214 5014 3310 5068 per
3347 4997 3488 5051 ami-

1895 5111 2020 5149 cum
2051 5096 2349 5166 auagogice
2377 5095 2547 5148 Deum
2575 5092 2805 5164 intelligi
2834 5092 3120 5147 hominum
3174 5097 3476 5144 amatorem

1895 5185 2061 5242 Vadit
2095 5198 2261 5242 auten
2296 5186 2362 5240 ad
2392 5187 2572 5257 ipsum
2598 5185 2779 5241 media
2853 5193 3018 5240 nocte
3076 5193 3133 5238 et
3179 5183 3316 5252 petit
3369 5190 3484 5236 tres

1896 5293 2100 5350 panes,
2131 5277 2220 5349 qui
2250 5278 2606 5334 convenienti
2645 5289 2888 5349 tempore
2917 5278 3059 5348 petit
3089 5275 3356 5344 triplicem
3401 5271 3488 5326 di-

1896 5371 2082 5425 vinum
2112 5386 2448 5438 sermonem,
2478 5370 2654 5427 Patris
2683 5370 2940 5425 videlicet
2975 5377 3029 5424 et
3059 5365 3180 5420 Filii
3215 5380 3278 5420 ac
3308 5363 3486 5435 Spiri-

1423 5584 1626 5646 νει-ξω
1665 5583 1974 5647 lectiones
2006 5588 2064 5644 et
2105 5589 2293 5644 notae.

272 5767 379 5838 (ου)
414 5766 525 5834 Τῆς
558 5766 616 5838 ει
650 5763 710 5816 τι
734 5762 797 5838 Β.

273 5837 384 5906 (9t)
414 5838 521 5890 Καί
555 5837 708 5891 abest
734 5837 799 5888 A.

421 5906 544 5962 Ilaec
580 5907 683 5960 tria
712 5903 979 5960 vocabula
1005 5899 1191 5954 omisit
1224 5899 1528 5958 lientenius
1565 5907 1618 5954 et
1677 5906 1767 5952 tcx

555 5998 829 6061 PATROL.
871 5999 987 6061 Gn.
1027 5995 1284 6057 CXXIX.

1906 5766 2018 5809 tum
2054 5754 2289 5825 junctim
2350 5751 2559 5809 cddidit
2589 5768 2618 5808 a
2663 5753 2856 5822 quinto
2914 5753 2982 5808 ad
3031 5751 3324 5824 septimum
3363 5764 3491 5806 ver-

1905 5841 2048 5880 SUIII.

3099 5983 3171 6046 31
