4016 6474
554 455 652 521 971

1786 454 2167 518 EUTHYMII
2210 458 2575 521 ZIGABENI

3712 467 3833 530 972

550 583 637 628 tus
670 573 866 636 sancti,
901 583 958 627 ut
990 580 1229 643 apponat
1256 572 1435 626 amico
1472 571 1560 641 qui
1596 570 1664 627 ad
1730 588 1789 627 se
1845 575 1995 629 venit
2062 575 2116 629 de

2233 575 2407 641 αὐτὰς
2443 576 2582 647 φίλῳ
2610 575 3051 647 παραγενομένῳ
3078 576 3210 648 πρὸς
3242 576 3404 631 αὐτὸν
3436 577 3501 631 ὲκ
3525 576 3615 631 τοῦ
3648 580 3830 633 ἀστά-

551 664 792 720 instabili
824 680 887 719 ac
913 666 1237 719 conculcata
1272 665 1381 729 via,
1438 675 1490 719 et
1545 665 1857 735 hujusmedi
1922 668 2129 740 indiget

549 756 694 812 cibo.
728 756 996 811 Caeterum
1034 756 1181 811 Deus
1217 757 1386 818 intus,
1452 758 1566 813 sive
1622 759 1975 814 invisibiliter
2043 776 2131 816 re-

547 848 797 917 spondet,
832 846 950 902 Noli
980 847 1111 902 milii
1148 849 1412 903 molestus
1439 865 1600 905 esse:
1632 851 1741 921 jam
1768 852 1970 906 ostium
1991 852 2131 905 divi~

545 939 598 991 ni
638 926 912 993 sermonis
944 939 1191 994 clausum
1218 950 1326 1003 est,
1359 940 1606 996 nondum
1644 952 1861 1012 tempus
1890 951 1978 997 est
2025 942 2129 996 huc

541 1030 781 1102 jusmodi
815 1032 1025 1101 gratiae.

616 1223 681 1275 Et
707 1230 905 1277 caetera
949 1222 1115 1277 etiam
1168 1238 1290 1292 qua:
1349 1222 1403 1275 in
1458 1222 1717 1292 parabola
1768 1233 2079 1293 sequuntur
2110 1264 2125 1287 ,

542 1312 725 1366 conati
764 1322 896 1367 sunt
922 1314 1143 1383 quidam
1187 1314 1295 1368 huc
1350 1313 1617 1369 reducere
1636 1312 1761 1384 (zz),
1790 1328 1891 1369 nec
1923 1325 2126 1384 potue-

543 1412 672 1457 runt
703 1419 803 1458 suo
840 1404 1336 1476 aptare’pmposito
1358 1422 1373 1473 ;
1396 1406 1599 1461 idcirco
1624 1407 1819 1460 horum
1844 1420 2126 1478 anagogen

544 1508 804 1569 tanquam
864 1494 1047 1555 minus
1103 1501 1543 1565 convenientem,
1607 1500 1864 1569 praeterii,
1912 1500 2122 1563 videns,

543 1591 685 1659 quod
718 1592 785 1645 ad
806 1590 1110 1660 emphasim
1171 1592 1473 1661 composita
1524 1591 1659 1655 sint,
1689 1599 1747 1643 ut
1786 1591 2127 1645 rationabilis

546 1682 795 1736 videatur
817 1682 1080 1753 repulsio.
1109 1682 1270 1737 Pater
1304 1698 1564 1753 namque,
1593 1684 1687 1753 qui
1723 1698 1850 1737 cum
1867 1682 1989 1737 ﬁliis
2008 1685 2124 1738 suis

538 1776 763 1843 dormit,
791 1776 1187 1832 rationabiliter
1214 1783 1428 1831 r‘ceusat
1448 1776 1836 1845 intempestive
1868 1792 2120 1848 surgere,

537 1884 609 1924 ne
640 1869 758 1925 illos
778 1868 1199 1941 expergefaeiat.
1230 1870 1469 1939 Apparet
1493 1878 1677 1923 autem
1714 1870 1849 1923 mihi
1875 1880 1986 1924 tota
2010 1870 2125 1925 haec

539 1962 821 2033 proiiosita
875 1962 1132 2033 parabola
1191 1962 1325 2017 nihil
1372 1962 1520 2017 aliud
1557 1962 1967 2029 demonstrare,
2012 1964 2120 2018 nisi

537 2055 863 2123 petitionem
902 2069 1025 2108 esse
1055 2053 1290 2109 maxime
1330 2054 1700 2108 necessariam
1746 2064 1802 2109 et
1846 2054 2121 2125 repulsio-

537 2162 663 2201 nem
724 2160 847 2201 esse
880 2144 1261 2214 iustissimam,
1319 2153 1379 2198 ut
1408 2143 1656 2199 videatur
1677 2156 1901 2216 propter
1927 2161 2121 2216 persec

536 2240 839 2293 verantiam
863 2236 1161 2291 exauditus
1196 2250 1319 2290 esse
1353 2235 1421 2300 is,
1452 2237 1545 2306 qui
1577 2236 1736 2307 petit,
1762 2247 1816 2291 et
1840 2238 2115 2307 persuasi-

538 2330 663 2386 bilis
693 2330 785 2384 fiat
808 2328 1134 2384 admonitio.

610 2421 764 2477 Vers.
802 2422 855 2477 8.
891 2421 1019 2474 Dico
1049 2450 1116 2459 —
1144 2437 1274 2487 opus
1302 2420 1482 2489 fuerit.
1526 2420 1639 2477 lloc
1672 2432 1778 2488 est,
1808 2422 1964 2491 cujus
1994 2439 2118 2495 gra-

537 2518 611 2571 tia
637 2518 754 2571 hcce
776 2515 1031 2588 parabola
1054 2515 1197 2569 facta
1219 2525 1321 2572 est.
1346 2515 1751 2584 improbitatem
1776 2524 1979 2580 tamen,
2006 2517 2121 2570 sive

538 2609 959 2677 impudentiam,
980 2617 1133 2663 vocat
1157 2608 1539 2662 assiduitatem
1562 2622 1625 2663 ac
1649 2608 2117 2678 perseverantiam

538 2703 843 2772 petitionis.

611 2794 763 2849 Vers.
788 2796 840 2849 9.
888 2793 951 2846 Et
979 2811 1071 2865 ego
1108 2825 1174 2834 —-
1212 2796 1363 2849 Vers.
1410 2796 1493 2850 l0.
1529 2796 1814 2863 aperietur.
1856 2794 1977 2850 "me
2040 2798 2115 2850 si-

540 2890 736 2943 militer
763 2890 895 2957 ipsis
922 2904 1141 2957 quoque
1164 2888 1460 2943 duodecim
1509 2889 1789 2957 praecepit,
1848 2888 2117 2958 quemad-

538 2982 762 3037 modum
824 2980 1046 3050 seripsit
1101 2980 1392 3035 Matthteus
1451 2981 1645 3049 quinto
1693 2980 1911 3049 capite:
1964 2980 2114 3035 etibi

535 3090 714 3145 quzere
752 3076 1158 3128 enarrationem
1196 3074 1401 3143 optime
1433 3072 1707 3125 traditam;

609 3167 760 3221 Vers.
791 3165 877 3219 ll.
906 3164 1033 3230 Qui:
1058 3193 1126 3205 —
1154 3164 1309 3220 νει-ε.
1342 3163 1430 3217 12.
1474 3165 1737 3233 scorpium
1765 3164 1789 3217 1’
1816 3163 1891 3219 lbi
1946 3165 2112 3219 etiam

532 3261 600 3313 de
631 3260 719 3313 his
749 3268 1151 3327 consequenter
1183 3258 1459 3313 invenies.

604 3351 758 3407 Vers.
790 3353 869 3406 l5.
888 3349 945 3405 Si
973 3367 1095 3421 ergo
1117 3379 1186 3391 -—-
1209 3351 1305 3404 se?
1328 3350 1595 3405 Similiter
1612 3359 1666 3404 et
1692 3349 1760 3404 de
1793 3350 1898 3413 his,
1942 3349 2111 3404 Malos

528 3461 661 3500 vero
697 3460 793 3499 eos
821 3444 982 3509 dixit,
1026 3458 1133 3497 non
1160 3445 1335 3498 solum
1368 3454 1595 3513 propter
1626 3458 1847 3497 causam
1876 3442 1952 3496 ibi
1992 3443 2111 3497 dic-

531 3548 662 3601 tum,
696 3536 789 3591 sed
815 3536 981 3591 etiam
1037 3547 1262 3605 promer
1307 3534 1603 3588 humanam
1660 3544 1943 3600 naturam,
1990 3548 2111 3603 quae

535 3628 753 3681 iiialitite
787 3643 955 3697 capax
994 3636 1172 3681 creata
1205 3635 1307 3682 est.

692 3743 851 3797 CAP.
896 3739 1138 3796 XXXIX.
1173 3741 1244 3795 De
1273 3742 1435 3811 ejecta
1468 3742 1729 3795 dwmomo
1765 3752 1928 3795 nitito.

602 3836 761 3889 Vers.
806 3835 889 3887 14.
932 3832 993 3885 Et
1030 3862 1095 3872 ——
1121 3843 1345 3887 mutum.
1374 3833 1485 3889 Nec
1529 3834 1709 3904 ipsum
1759 3835 2105 3905 loquebatur,

528 3926 610 3979 vel
642 3926 920 3985 audiebat.
956 3939 1067 3979 nee
1098 3924 1372 3980 hominem
1402 3924 1619 3981 sinebat
1643 3923 1814 3995 loqui,
1841 3926 1925 3980 vel
1958 3924 2111 3979 audi-

528 4037 585 4075 re
619 4038 633 4073 :
665 4036 775 4075 non
802 4037 868 4075 ex
896 4029 1114 4084 natura,
1143 4021 1242 4075 sed
1276 4037 1345 4075 ex
1395 4021 1625 4075 malitia.
1678 4023 1855 4092 llujus
1918 4032 2107 4076 autem

530 4115 669 4184 apud
702 4114 1016 4169 Matthazum
1054 4116 1196 4169 facta
1255 4123 1340 4169 est
1387 4115 1595 4170 mentio
1637 4115 1854 4169 decimo
1913 4127 2109 4169 octavo

526 4209 725 4279 capite,
754 4209 807 4262 in
833 4223 943 4278 quo
968 4210 1034 4262 de
1068 4208 1188 4277 ipso
1217 4205 1507 4262 manifeste
1524 4207 1863 4278 disputatum
1888 4218 1993 4263 est.

598 4301 751 4357 Vers.
801 4302 885 4355 lt.
923 4299 1147 4353 Factum
1190 4308 1264 4352 est
1293 4323 1365 4337 --
1400 4299 1586 4354 turbae.
1610 4298 1686 4354 lbi
1711 4301 1874 4356 etiam
1909 4302 1976 4355 de
2023 4300 2107 4354 his

510 4397 727 4450 dielmn
775 4404 879 4451 est.

600 4487 749 4542 νοτε.
799 4488 886 4541 15.
936 4487 1164 4552 Quidam
1194 4490 1572 4545 -άιειιιοηίιι,
1629 4488 1892 4543 Similiter
1949 4498 2001 4541 et
2039 4488 2107 4541 de

520 4584 630 4636 bis.
660 4582 919 4636 Pharisaei
949 4589 1129 4636 autem
1192 4582 1296 4637 hoc
1324 4583 1606 4645 dixerunt,
1662 4584 1829 4638 veluti
1886 4582 2105 4650 scripsit

522 4676 828 4729 Matthteus.

600 4767 750 4820 \‘ers.
793 4766 881 4822 16.
940 4767 1044 4820 Alii
1072 4798 1143 4805 ——
1176 4768 1323 4822 uelo.
1372 4766 1489 4822 Non
1523 4784 1670 4823 nunc
1738 4778 1973 4837 tantum,
2011 4770 2107 4824 sed

2234 689 2331 725 του
2363 678 2457 727 καὶ
2495 672 3039 742 καταπεπατημένον
3079 671 3219 742 βίου,
3268 674 3365 726 καὶ
3422 671 3685 743 χρῄζοντι
3714 690 3829 727 τοι-

2234 763 2408 832 αύτης
2436 762 2666 833 τροφῆς.
2711 761 2822 815 Καὶ
2866 761 3054 814 λοιπὸν
3105 764 3133 814 ὀ
3179 761 3316 825 θεὸς
3345 760 3570 823 ἔσωθεν,
3611 761 3818 831 ἢγουν,

2233 856 2459 925 ἀφανῶς
2500 855 2884 923 ἀποκρίνεται,
2940 854 3032 924 Μὴ
3080 854 3291 923 ἐνόχλει
3342 872 3471 923 μοι·
3510 854 3670 907 τοῦτο
3708 856 3824 924 γὰρ

2232 952 2383 1021 δηλοῖ
2416 952 2497 1015 τὸ,
2531 951 2620 1019 Μή
2651 967 2741 1021 μοι
2796 948 2999 1009 κόπους
3054 949 3261 1017 πάρεχε
3282 963 3295 975 °
3329 946 3428 1000 νῦν
3474 949 3507 1018 ή
3538 945 3680 1018 θύρα
3716 943 3822 1017 τῆς

2233 1041 2514 1110 θεολογίας
2563 1040 2994 1094 ἀποκέκλεισταί
3051 1057 3158 1102 σοι,
3212 1037 3367 1093 οὔπω
3405 1040 3598 1111 καιρὸν
3638 1039 3822 1109 ἔχοντι

2230 1126 2568 1198 τηλικαύτης
2609 1131 2854 1197 χάριτος.

2306 1222 2415 1274 Καὶ
2445 1222 2513 1274 τὰ
2544 1221 2671 1292 ἑξῆς
2704 1222 2761 1275 δὲ
2802 1221 2906 1291 τῆς
2952 1220 3276 1293 παραϐολῆς
3319 1222 3690 1293 ἐπεχείρησαν
3715 1222 3821 1292 μέν

2230 1331 2374 1376 τινες
2401 1314 2729 1381 ἀναγαγεῖν,
2752 1313 2855 1366 οὐκ
2883 1312 3231 1383 ἠδυνήθησαν
3270 1312 3328 1365 δὲ
3359 1311 3534 1365 ταῦτα
3570 1330 3817 1383 προσαρ-

2231 1408 2397 1477 μόσαι
2428 1406 2505 1475 τῷ
2571 1405 2763 1474 σκοπῷ
2821 1406 3012 1476 αὐτῆς.
3050 1405 3141 1457 Διὸ
3194 1405 3424 1475 παρῆκα
3454 1405 3553 1475 τὴν
3602 1407 3819 1456 τούτων

2229 1498 2546 1568 ἀναγωγὴν,
2580 1497 2655 1559 ὡς
2688 1497 2975 1568 περιττὴν,
3004 1496 3164 1563 νοῶν,
3207 1498 3291 1550 ὅτι
3335 1496 3703 1565 συνετέοησαν
3735 1502 3817 1559 εἰς

2228 1591 2466 1659 ἔμφασιν
2498 1591 2661 1660 μόνον
2691 1590 2920 1657 εὐλόγου
2954 1590 3364 1661 παραιτήσεως.
3425 1589 3484 1642 Ὀ
3526 1590 3633 1659 γὰρ
3669 1589 3815 1658 μετᾶ

2228 1683 2334 1736 τῶν
2366 1683 2576 1735 παίδων
2606 1682 2777 1736 αὑτοῦ
2807 1682 3157 1751 κοιμώμενος
3186 1681 3394 1752 πατὴρ,
3415 1681 3651 1748 εὐλόγως
3667 1697 3816 1750 παρ-

2229 1777 2463 1830 αιτεῖται
2499 1776 2653 1846 παρὰ
2688 1774 2881 1847 καιρὸν
2938 1776 3262 1843 ἀναστῆναι,
3311 1776 3395 1827 ἵνα
3430 1772 3505 1844 μὴ
3533 1774 3815 1843 ἀφυπνίσῃ

2229 1868 2393 1922 αὐτά.
2434 1869 2694 1921 Φαίνεται
2726 1868 2782 1921 δέ
2824 1886 2917 1937 μοι
2955 1867 3049 1921 καὶ
3073 1869 3226 1921 πᾶσα
3258 1869 3289 1935 ἡ
3321 1868 3660 1937 προκειμένη
3702 1884 3809 1917 πα-

2230 1961 2434 2033 ραϐολὴ
2463 1961 2631 2031 μηδὲν
2652 1961 2840 2031 ἕτερον
2874 1962 3184 2031 ἐμφαίνειν,
3224 1962 3273 2013 εί
3309 1961 3384 2031 μή
3442 1961 3603 2029 μόνον
3637 1960 3812 2026 ἀναγ-

2227 2053 2525 2122 καιοτάτην
2552 2052 2771 2122 αἴτησιν
2801 2054 2896 2105 καὶ
2930 2053 3317 2123 εὑλογωτάτην
3341 2052 3694 2123 παραίτησιν,
3720 2052 3810 2103 ἵνα

2224 2146 2351 2217 δόξῃ
2383 2145 2469 2198 διὰ
2504 2144 2603 2214 τὴν
2634 2147 2904 2216 ἐπιμονὴν
2942 2146 3373 2215 είσακουσθῆναι
3412 2147 3439 2198 ὁ
3474 2145 3662 2209 αἰτῶν,
3714 2144 3810 2196 καὶ

2228 2237 2429 2307 πιθανὴ
2464 2237 2691 2307 γένηται
2725 2240 2757 2308 ἠ
2799 2239 3145 2309 παραίνεσις.

2294 2426 2460 2497 Λέγω
2490 2441 2557 2464 —-'
2588 2423 2809 2494 χρῄζει.
2842 2425 3013 2477 Τοῦτό
3040 2426 3207 2487 ἐστιν,
3258 2418 3318 2477 οὗ
3364 2425 3524 2495 χάριν
3552 2426 3582 2495 ή
3619 2444 3805 2495 παρα-

2224 2518 2354 2589 ϐολὴ
2388 2517 2527 2587 αὕτη
2570 2519 2824 2585 γέγονεν.
2875 2517 3181 2569 Ἀναίόειαν
3210 2517 3265 2569 δὲ
3295 2513 3419 2570 εἷπε
3475 2520 3575 2588 τὴν
3604 2522 3802 2590 ἐπιμο-

2222 2613 2319 2680 νὴν
2346 2612 2450 2680 τῆς
2479 2612 2776 2680 αἰτήσεως.

2293 2776 2464 2846 Κάγὼ
2488 2805 2557 2816 --
2592 2775 3046 2844 ἀναχθήσεται.
3100 2774 3285 2827 Ταῦτα
3321 2775 3523 2843 ὁμοίως
3565 2777 3656 2828 καὶ
3688 2780 3803 2840 τοῖς

2219 2871 2433 2926 δώδεκα
2484 2869 2817 2933 ἐνετείλατο,
2871 2867 3054 2929 καθὼς
3097 2868 3375 2937 ἀνέγραψε
3418 2868 3693 2931 Ματοαῖος
3744 2872 3801 2921 ὲν

2218 2967 2297 3037 τῷ
2326 2968 2568 3036 πέμπτῳ
2594 2963 2906 3033 κεφαλαίῳ,
2939 2963 3034 3014 καὶ
3072 2962 3312 3032 ζήτησον
3334 2964 3451 3015 ἐ.ζεῖ
3474 2962 3569 3035 τὴν
3604 2965 3798 3035 ἐξήγη-

2221 3078 2325 3120 σιν,
2360 3061 2562 3130 ἄριστα
2594 3055 3063 3126 παραδεδομένην.

2293 3152 2439 3207 Τίνα
2464 3182 2535 3193 -
2557 3150 2859 3218 σκορπίον
2886 3165 2903 3213 ;
2957 3150 3106 3202 Ἐκεῖ
3136 3150 3229 3204 καὶ
3268 3149 3400 3221 περὶ
3433 3153 3639 3203 τούτων
3667 3153 3793 3205 ἀκοο

2143 3286 2187 3345 α
2218 3249 2430 3312 λούθως
2454 3248 2739 3320 εὑρήσεις.

2292 3350 2360 3401 El
2388 3347 2501 3401 οὖν
2544 3378 2613 3389 -—
2642 3346 2863 3410 abtdr;
2933 3344 3169 3416 Ὁμοίως
3218 3345 3313 3399 καὶ
3380 3348 3513 3417 περὶ
3554 3347 3796 3401 τούτων·

2220 3439 2498 3509 πονηροὺς
2531 3439 2588 3492 δὲ
2624 3440 2826 3504 αὐτοὺς
2875 3436 3054 3505 εἶπεν,
3104 3440 3166 3493 οὐ
3214 3442 3376 3510 μόνον
3406 3441 3494 3495 διὰ
3549 3442 3649 3511 τὴν
3683 3444 3799 3495 ἐκεῖ

2222 3533 2485 3604 ῥηθεῖσαν
2516 3533 2721 3595 αἰτίαν,
2760 3532 2897 3586 ἀλλὰ
2945 3534 3041 3585 κα)⁵
3076 3533 3161 3587 διὰ
3192 3533 3253 3585 τὸ
3305 3534 3403 3604 τὴν
3448 3534 3798 3607 ἀνθρωπίνην

2221 3625 2385 3693 φύσιν
2423 3626 2695 3697 πονηρίας
2724 3624 2985 3695 δεκτικὴν
3012 3622 3153 3679 εἶναι
3196 3624 3335 3695 (93).

2257 3742 2414 3796 ΚΕΦ.
2447 3741 2571 3795 ΔΘΕ
2609 3741 2749 3807 Περὶ
2791 3740 2894 3794 τοῦ
2920 3740 3170 3807 ἔχοντος
3192 3739 3507 3807 δαιμόνιον
3534 3742 3760 3809 κωφόν.

2290 3836 2399 3890 Καὶ
2425 3864 2493 3875 --
2522 3835 2746 3902 κωφόν.
2774 3834 2926 3903 Μήτε
2958 3832 3090 3885 αὐτὸ
3128 3831 3379 3901 λαλοῦνῆ
3411 3830 3632 3897 ἀκοῦον,
3660 3838 3794 3903 μήτε

2218 3922 2309 3975 τὸν
2342 3922 2632 3991 ἄνθρωπον
2666 3921 2772 3973 ἐῶν
2801 3921 2984 3973 λαλεῖν
3016 3920 3046 3991 ἢ
3072 3920 3315 3984 ἀκούειν,
3337 3922 3437 3973 οὐκ
3461 3924 3525 3975 ἐκ
3558 3923 3795 3991 φύσεως,

2218 4012 2335 4066 ἀλλ’
2366 4014 2429 4065 ἐκ
2466 4014 2755 4081 πονηρίας.
2789 4010 3085 4079 Μέμνηται
3122 4010 3177 4061 δὲ
3207 4010 3398 4063 τούτου
3424 4010 3706 4074 Ματοαῖος
3740 4014 3796 4069 ἐν

2215 4106 2295 4175 τῷ
2344 4105 2803 4174 ὀκτωκαιδεκάτῳ
2848 4102 3155 4173 κεφαλαίῳ,
3190 4104 3246 4155 ἐν
3285 4096 3328 4171 ᾧ
3352 4104 3420 4157 τὰ
3467 4107 3595 4175 περὶ
3628 4104 3793 4159 αὑτοῦ

2220 4198 2404 4266 σαφῶς
2425 4196 2773 4267 ἀπηγγέλθη.

2290 4290 2563 4361 Ἐγένετο
2601 4320 2671 4329 --
2715 4288 2906 4359 ὄχλοι.
2957 4289 3104 4341 Ἑκεί
3154 4289 3251 4343 καὶ
3300 4290 3431 4361 περὶ
3464 4288 3671 4343 τούτων
3700 4290 3791 4361 ep-

2219 4385 2382 4455 ρήοηι

2291 4476 2452 4539 Τινὲς
2482 4505 2551 4515 -
2578 4474 2875 4544 δαιμόνια.
2922 4476 3199 4541 Ὡσαύτως
3258 4477 3352 4531 καὶ
3404 4478 3534 4549 περὶ
3565 4478 3787 4534 τούτων.

2217 4571 2279 4622 (ll
2315 4569 2601 4639 Φαρισαῖοι
2653 4567 2711 4620 δὲ
2759 4565 2919 4620 τοῦτο
2969 4563 3146 4633 εἷπον,
3178 4566 3254 4630 ὡς
3283 4568 3310 4620 ὁ
3335 4567 3615 4629 ΜατΟαίος
3652 4567 3789 4620 ἱστί-

2134 4649 2188 4709 Ῑ)
2219 4679 2401 4734 ρησεν.

2282 4757 2512 4823 Ἕτεροι
2536 4784 2605 4795 σ-
2630 4754 2916 4824 οὐρανοῦ.
2950 4756 3025 4807 Οὐ
3061 4753 3155 4807 νῦν
3202 4754 3385 4823 μόνον,
3440 4751 3575 4806 ἀλλὰ
3608 4752 3788 4820 διαφὸ-

524 4863 839 4929 lrt-quenter
871 4862 973 4913 hoc
1005 4859 1280 4923 fecerunt,
1315 4861 1455 4915 sicut
1484 4860 1603 4915 aliis
1647 4860 1884 4915 Matthazi
1915 4863 2110 4931 capiti-

2233 4866 2315 4911 νιος
2335 4852 2493 4902 τοῦτο
2524 4850 2914 4917 πεποιήκασιν,
2955 4847 3029 4910 ὡς
3058 4850 3148 4899 καὶ
3178 4848 3237 4899 ὲν
3267 4846 3449 4908 ἄλλοις
3474 4846 3784 4911 κεφαλαίοις

524 4954 624 5004 bus
647 4951 1009 5023 significatum
1044 4962 1147 5006 est.

596 5046 787 5109 Quaere
822 5055 1004 5098 autem
1039 5045 1385 5114 potissimum
1410 5047 1686 5103 tricesimo
1726 5049 1901 5118 primo
1927 5053 2104 5119 capite

521 5138 798 5209 Evangelii
843 5139 986 5207 ejus,
1048 5137 1136 5192 ubi
1166 5138 1365 5192 dicitur
1413 5140 1567 5208 juxta
1597 5139 1801 5195 linem:
1868 5143 2101 5213 Cumque

518 5235 851 5285 accessissent
874 5230 1134 5284 Pharisazi
1160 5240 1208 5284 et
1236 5229 1520 5285 Sadducwi
1537 5242 1819 5299 tentantes,
1838 5236 2096 5305 rogabant

508 5342 659 5389 eum,
694 5333 747 5377 ut
771 5325 974 5393 signum
1004 5324 1219 5392 aliquod
1244 5327 1305 5377 de
1327 5325 1452 5379 celo
1476 5328 1858 5381 demonstraret
1888 5332 1988 5381 sibi
2016 5331 2060 5361 ⁷⁸
2084 5350 2095 5380 :

624 5505 669 5538 ⁷⁸
704 5505 893 5559 Matth.
953 5521 1061 5571 xvi,
1102 5506 1156 5561 l.

2208 4943 2301 4997 τοῦ
2328 4944 2467 4996 κατὰ
2504 4944 2788 4996 ΝΙατθαῖον
2820 4942 3145 5011 δεδήλωται.

2281 5059 2530 5127 Ζήτησον
2570 5055 2627 5109 δὲ
2656 5055 2864 5123 μᾶλλον
2894 5056 2951 5107 ἐν
2984 5054 3059 5124 τῷ
3100 5052 3410 5122 τριακοστῷ
3446 5051 3648 5121 πρώτῳ
3698 5068 3784 5101 κε-

2214 5150 2425 5219 φαλαίῳ
2470 5147 2636 5202 αὐτοῦ
2694 5148 2834 5218 πρὸς
2899 5146 2976 5217 τῷ
3016 5147 3181 5209 τέλει,
3228 5147 3328 5199 τό·
3380 5142 3487 5199 Καὶ
3526 5145 3784 5209 προσελ-

2212 5243 2412 5305 θόντες
2434 5241 2487 5292 οἱ
2509 5238 2815 5307 ςιίιρισειῖοι
2848 5240 2946 5291 καὶ
2983 5234 3373 5289 Σαδδουκαῖοι
3413 5231 3783 5300 πειράζοντες

2210 5333 2606 5401 ἐπηρώτησαν
2628 5331 2815 5383 αὐτὸν
2844 5330 3099 5399 σημεῖον
3137 5329 3207 5382 ἐκ
3238 5328 3343 5383 τοῦ
3370 5326 3633 5396 οὐρανοῦ
3664 5328 3779 5380 ἐπι-

1722 5642 1917 5703 Variae
1959 5643 2267 5707 lectiones
2304 5656 2363 5707 et
2400 5658 2591 5712 notae.

592 5770 701 5839 (‘35)
730 5772 1062 5837 Πεφοκεναι,
1095 5785 1191 5837 pro
1248 5764 1410 5831 εἶναι,
1448 5771 1509 5823 Δ.

581 5932 686 6003 {22)
741 5930 851 5984 Huc
888 5933 1151 5986 reducere.
1190 5932 1513 5999 Ἀναγαγεῖν
1537 5940 1617 5985 est
1648 5931 1935 6001 anagogire
1973 5949 2065 5986 seu
2100 5934 2383 6002 allegorice
2415 5934 2708 6003 explicare.
