4016 6468
227 347 329 407 989

1210 341 1596 404 COMMENT.
1641 342 1720 402 ,ΙΝ
1755 340 2033 404 LUCAM.
2073 370 2140 380 -
2178 347 2335 407 CAP.
2366 347 2507 406 XlI.

3398 352 3503 415 900

221 458 589 528 λαμπρὲτητα
619 457 714 510 τοῦ
768 475 825 509 τε
856 457 1168 510 ἐνδιαθέτου
1201 459 1363 527 λόγου
1394 461 1489 511 καὶ
1528 459 1621 511 τοῦ
1683 475 1814 528 προ-

1944 463 2146 531 [uentis
2199 464 2475 519 sermonis
2527 463 2741 517 statuit.
2801 461 3032 532 Oportet
3082 461 3252 526 enim,
3316 473 3373 517 ut
3415 466 3502 520 hic

225 549 459 617 φορικοῦ
491 549 861 601 διατάττεται.
899 549 1016 618 Χρὴ
1047 549 1152 618 γὰρ
1188 550 1413 609 τούτους
1441 552 1525 603 ἀεὶ
1565 551 1808 618 λάμπειν

222 641 320 690 καὶ
362 638 637 707 φωτίζειν,
664 639 754 691 τὸν
789 640 886 706 μὲν
912 640 1078 708 ἡμᾶς,
1130 640 1220 692 τὸν
1280 641 1335 692 δὲ
1382 642 1505 703 τοὺς
1532 641 1622 709 ὑφ’
1649 640 1809 710 ἡμῶν

220 730 666 798 διδασκομένους.

298 821 403 874 Καὶ
457 823 625 888 ὑμεῖς
655 851 726 862 -
766 822 985 890 γάμων.
1023 823 1118 874 Διὰ
1172 824 1488 893 παραϐολῆς
1533 825 1810 894 ’ἐνέφηνεν

229 912 626 979 ἑτοιμάζεσθαι
659 914 799 985 πρὸς
830 916 1140 983 ἀπάντησιν
1191 917 1378 979 αὑτοῦ,
1423 918 1601 971 πάντα
1631 920 1812 982 καλῶς

223 1003 633 1069 διατιθεμένους
663 1008 755 1057 καὶ
781 1007 1154 1077 ἀναμένοδτας
1201 1008 1363 1062 αὐτον
1412 1011 1674 1078 μέλλοντα
1707 1011 1814 1063 πάο

223 1096 311 1146 λιν
343 1093 498 1164 ἥξειν
530 1094 589 1160 ἐξ
621 1097 876 1166 οὐρανοῦ.
918 1101 1015 1150 Διὰ
1079 1099 1238 1152 τοῦτο
1269 1101 1377 1171 γὰρ
1413 1104 1674 1156 ἀνάλυσιν
1712 1104 1810 1172 μὲν

223 1185 478 1253 ὠνόμασε
514 1187 613 1250 τὴν
670 1189 808 1253 μετὰ
840 1189 900 1239 τὸ
930 1189 1202 1256 ἀναϐῆναι
1240 1193 1462 1258 χρονίαν
1513 1194 1678 1246 αὑτοῦ
1713 1194 1812 1245 κά-

226 1276 405 1328 ίέοδον⁹
439 1275 654 1346 γάμους
679 1277 758 1343 δὲ,
790 1278 890 1348 τὴν
921 1279 1033 1332 ἄνω
1061 1281 1408 1351 εὐφροσύνην
1437 1285 1530 1337 καὶ
1554 1287 1816 1354 ἀγαλλίας

227 1386 334 1422 σιν.
1777 1434 1779 1436 .

306 1462 527 1517 Ἵνιι-
570 1461 748 1525 αὐτῷ.
811 1463 1125 1528 Τουτεστιν,
1191 1466 1278 1518 ἵνα
1334 1467 1651 1536 αἰσθόμενοι
1713 1469 1814 1536 τῆς

229 1553 537 1622 παρουσίας
571 1553 755 1616 αὐτοῦ,
795 1555 1096 1624 προθύμως
1128 1557 1220 1608 καὶ
1248 1559 1385 1625 μετὰ
1422 1561 1598 1629 χαρᾶς
1636 1563 1808 1613 ἁπαν-

225 1642 498 1709 τὴσωσιν,
535 1641 687 1692 οὖδέν
728 1660 780 1693 τι
808 1645 1047 1713 πονηρὸν
1085 1646 1390 1710 συνειδότες
1441 1649 1676 1712 ἑαυτοῖς.
1715 1652 1817 1704 Πε-

231 1734 475 1801 ραιτέρω
505 1733 612 1802 γὰρ
652 1735 712 1785 ού
758 1739 1190 1805 περιεργαστέον
1221 1739 1319 1808 τὴν
1363 1741 1706 1811 παραϐολήν.

304 1824 592 1896 Μακάριοι
624 1859 693 1867 -—-
724 1832 1192 1898 γρηγοροῦντας.
1257 1833 1672 1903 Γρηγοροῦντας
1714 1837 1816 1901 ἔτι,

229 1917 321 1970 διὰ
345 1919 403 1970 τὸ
439 1920 496 1970 ἐν
523 1920 855 1989 ἐγρηγόρσει
884 1925 1183 1976 ἀποθανεῖν
1231 1925 1452 1987 αὐτούς.
1484 1926 1680 1996 ’Λρετὴ
1713 1928 1820 1997 γὰρ

228 2010 330 2076 τῆς
364 2009 545 2079 ψυχῆς
574 2012 708 2065 οὖσα
743 2015 774 2083 ἡ
805 2015 1157 2084 ἐγρήγορσις,
1197 2019 1627 2087 συμπαραμένει
1651 2020 1816 2088 αὐτῇ.

303 2101 460 2162 Τινὲς
493 2101 549 2153 δὲ
579 2103 686 2154 ἀπὸ
709 2103 810 2172 τῆς
840 2105 1154 2167 ἀναλύσεως
1184 2107 1279 2157 καὶ
1307 2110 1406 2175 τῆς
1430 2107 1693 2169 ἐλεύσεως
1719 2112 1816 2161 καὶ

227 2191 514 2256 κρούσεως
569 2193 820 2258 ἐνόησαν,
854 2195 936 2247 ὅτι
971 2198 998 2247 ὁ
1060 2197 1293 2267 Χριστὸς
1342 2197 1502 2258 αὐτὸς
1565 2198 1826 2267 ἐπιδημεῖ

229 2285 355 2343 ταῖς
387 2281 672 2343 τελευταῖς
704 2285 812 2335 τῶν
852 2286 1100 2348 δικαίων,
1132 2286 1230 2340 καὶ
1276 2290 1335 2339 οὔ
1400 2291 1558 2356 μόνον
1591 2289 1821 2356 τούτων,

231 2373 374 2426 ἀλλὰ
431 2373 668 2426 καὶτῶν
727 2377 1096 2445 ἁμαρτωλῶν.
1136 2379 1245 2431 Καὶ
1275 2379 1433 2431 τοῦτο
1489 2379 1822 2449 βεϐαιοῦσιν,

229 2465 344 2519 ἀπὸ
408 2466 500 2518 to}
574 2468 750 2518 είπεῖν
784 2469 875 2520 τὸν
927 2470 1061 2521 Θεὸν
1112 2470 1189 2540 τῷ
1250 2473 1512 2541 πλουσίῳ,
1571 2474 1823 2541 Ἄφρων,

231 2555 424 2623 ταύτῃ
456 2553 530 2621 τῇ
557 2556 728 2607 νυκτὶ
761 2555 875 2623 τὴν
900 2556 1112 2625 ψυχήν
1158 2575 1275 2612 σου
1307 2559 1671 2613 ἀπαιτοῦσιν
1711 2560 1826 2613 ἀπὸ

232 2645 375 2697 σοῦ.

309 2733 531 2804 Ἔτεροι
574 2738 630 2787 όε
675 2753 737 2787 τυ
787 2735 1033 2789 τοιοῦτον
1085 2740 1263 2807 νόημα
1302 2739 1610 2809 δεχομενοι,
1661 2741 1826 2808 φασιν

231 2824 534 2894 ἐπιδημίαν
590 2825 854 2895 Χριστοῦ,
911 2827 1002 2879 τὸν
1037 2827 1197 2896 λόγον
1234 2829 1423 2894 αὑτοῦ,
1459 2830 1550 2882 τὸν
1585 2848 1827 2900 μετακα-

232 2919 502 2988 λούμενον
553 2921 864 2990 τηνικαῦτα
908 2923 1038 2984 τοὺς
1075 2924 1174 2990 μὲν
1209 2924 1456 2987 δικαίους
1509 2927 1587 2986 είς
1623 2929 1824 2995 χαρὰν,

232 3013 365 3073 τοὺς
400 3011 456 3065 δὲ
495 3013 877 3082 ἁμαρτωλοὺς,
912 3015 992 3076 εὶς
1021 3014 1220 3084 λύπην.

1913 571 2134 626 semper
2177 557 2477 620 illuminet,
2522 567 2636 610 tum
2683 571 2804 620 nos,
2857 565 2971 610 tum
3009 569 3104 608 eos
3145 555 3234 622 qui
3273 570 3301 607 a
3342 557 3502 612 nobis

1916 650 2186 704 docentur
2231 648 2290 716 (ἱ)
2305 689 2317 704 .

1985 830 2143 885 Vcrs.
2179 831 2267 885 36.
2316 829 2383 884 Et
2421 848 2507 885 vos
2541 862 2612 870 -—
2655 832 2874 899 nuptiis.
2924 829 3026 884 Per
3076 830 3504 885 similitudinem

1916 921 2259 989 significavit,
2314 932 2372 975 ut
2421 923 2489 975 ad
2543 937 2836 977 occursum
2887 939 3046 976 suum
3097 931 3505 989 prmpareutur,

1917 1015 1972 1068 in
2005 1013 2264 1067 omnibus
2313 1012 2452 1067 bene
2502 1014 2775 1083 dispositi,
2825 1025 2880 1068 et
2929 1023 3316 1084 exspectantes
3355 1030 3506 1077 eum,

1916 1104 2010 1172 qui
2042 1119 2256 1158 rursum
2288 1120 2317 1158 e
2349 1107 2488 1159 cwlo
2519 1117 2786 1162 venturus
2814 1115 2919 1160 est.
2957 1106 3188 1175 Propter
3222 1107 3325 1160 hoc
3358 1106 3507 1160 enim

1918 1193 2245 1249 descensum
2274 1213 2458 1260 suum,
2488 1213 2618 1266 quo,
2654 1199 2814 1268 longo
2848 1205 3200 1268 exspectatus
3237 1204 3509 1265 tempore,

1919 1287 2126 1350 vcniet,
2172 1290 2542 1343 reversionem
2585 1291 2924 1354 nominavit;
2978 1289 3197 1357 nuptias
3239 1303 3368 1342 vero
3415 1303 3510 1341 su-

1919 1394 2144 1448 pernam
2177 1379 2417 1434 laatitiam
2443 1389 2497 1434 et
2519 1382 2968 1435 exsultationem.

1990 1471 2156 1525 Vers.
2184 1470 2274 1524 36.
2310 1472 2372 1525 Ut
2399 1502 2466 1510 —
2499 1473 2567 1526 ei.
2602 1472 2716 1526 lloc
2746 1481 2854 1535 est,
2888 1483 2946 1526 ut
2968 1483 3364 1541 cognoscentes
3391 1470 3513 1538 ejus

1922 1563 2244 1628 adventum,
2282 1574 2532 1634 prompte
2561 1575 2617 1619 et
2646 1580 2770 1618 eum
2813 1566 3011 1636 gaudio
3036 1574 3354 1625 occurrant,
3385 1562 3513 1616 nul-

1923 1657 2026 1709 lius
2058 1655 2161 1708 sibi
2200 1656 2326 1709 tnali
2366 1656 2595 1709 conscii.
2636 1656 2840 1710 Prteter
2879 1658 2994 1710 haec
3029 1664 3213 1709 autem
3257 1654 3394 1708 nihil
3427 1665 3512 1708 est

1925 1748 2140 1801 curiose
2174 1747 2528 1801 scrutandum
2561 1747 2627 1800 de
2659 1748 2940 1816 parabola.

1997 1842 2157 1897 Vcrs.
2207 1840 2297 1892 57.
2348 1839 2501 1892 Beati
2545 1870 2615 1878 ——
2661 1839 2963 1908 vigilantes.
3002 1838 3308 1907 Vigiluntes
3357 1835 3511 1898 item,

1925 1952 1991 1990 eo
2026 1935 2168 2004 quod
2200 1934 2254 1987 in
2289 1932 2567 2001 vigilantia
2601 1931 2908 1984 moriantur
2939 1948 2952 1986 :
2985 1945 3110 1983 cum
3140 1929 3286 1982 enim
3316 1926 3512 1980 anima:

1930 2031 2100 2083 virtus
2131 2028 2202 2082 sit
2233 2024 2543 2094 vigilantia,
2584 2022 2746 2075 simul
2780 2036 2906 2074 cum
2941 2036 3001 2074 ea
3036 2028 3341 2088 permanet.

1998 2118 2233 2184 Quidam
2264 2131 2393 2169 vero
2433 2131 2498 2167 ex
2530 2114 2634 2167 hoc
2673 2113 2852 2166 reditu
2886 2111 3198 2164 ctadventu
3232 2123 3292 2161 ac
3330 2107 3520 2178 pulsa-

1929 2213 2078 2265 tione
2144 2209 2561 2267 intellexerunt,
2631 2205 2775 2272 quod
2839 2201 3098 2257 Christus
3156 2200 3383 2253 advenit
3447 2197 3518 2252 ad

1928 2301 2476 2369 mortemjustorum,
2506 2311 2607 2350 nec
2631 2296 2827 2348 horum
2865 2305 3098 2356 tantum,
3123 2306 3316 2346 verum
3346 2293 3517 2345 etiam

1929 2402 2309 2464 peccatorum;
2344 2401 2398 2444 et
2429 2390 2534 2444 hoc
2569 2404 2636 2442 ex
2668 2403 2734 2442 eo
2765 2386 3115 2447 confirmant,
3151 2383 3295 2453 quod
3321 2381 3522 2436 dixerit

1930 2485 2073 2539 Deus
2097 2484 2250 2539 diviti
2278 2501 2292 2538 :
2324 2481 2517 2546 Stulte,
2542 2485 2643 2534 hac
2662 2490 2808 2534 nocte
2829 2480 3067 2536 animum
3089 2485 3239 2528 tuam
3277 2482 3520 2543 repetunt

1930 2595 1962 2629 a
1993 2586 2039 2629 te
2071 2577 2137 2629 ".

2003 2743 2111 2797 Alii
2148 2758 2280 2796 vero
2314 2741 2463 2795 hunc
2493 2734 2778 2808 accipiunt
2810 2737 3172 2798 intellectum,
3214 2742 3273 2786 ut
3312 2731 3520 2794 dicant,

1931 2833 2139 2890 Christi
2185 2833 2485 2887 adventum
2531 2845 2655 2884 esse
2706 2843 3022 2882 sermonem
3063 2827 3203 2894 ejus,
3251 2825 3343 2892 qui
3391 2833 3524 2877 tunc

1928 2929 2109 2997 justus
2149 2923 2393 2988 accersit,
2428 2923 2494 2976 ad
2530 2921 2814 2992 gaudium,
2857 2929 3178 2988 peceatores
3226 2926 3409 2970 autem
3454 2915 3523 2968 ad

1934 3034 2227 3074 maerorem
2241 3059 2252 3071 .

323 3102 506 3172 Ἀμὴν
569 3105 891 3170 -αὺτοῖς.
950 3105 1345 3171 Περιζώσεται,
1381 3113 1446 3180 τῇ
1511 3111 1821 3186 δικαιοσύνης

2007 3113 2164 3166 Vers.
2216 3109 2307 3162 57.
2355 3110 2516 3161 Amen
2561 3135 2632 3146 —
2666 3104 2794 3160 illis.
2834 3103 3140 3172 Prtecinget
3189 3115 3270 3161 se,
3311 3099 3526 3170 iustitia

234 3195 340 3264 τῆς
387 3197 826 3263 ἀνταποδόσεως,
865 3200 956 3251 καὶ
991 3199 1278 3253 ἀνακλινεῖ
1311 3202 1533 3268 αὐτοὺς,
1567 3206 1648 3266 είς
1695 3206 1828 3258 ἀνά-

234 3301 442 3338 παυσιν
474 3285 715 3353 αίὼνιον,
742 3287 814 3349 ὡς
841 3288 906 3340 δι’
931 3290 1097 3342 αὐτὸν
1135 3295 1564 3359 κεκοπιακὸτας,
1595 3298 1687 3348 καὶ
1707 3298 1823 3351 5t;—

235 3379 462 3449 κσνήσει
498 3381 680 3444 αὐτοῖς
717 3381 978 3452 διανομὴν
1004 3383 1112 3436 τῶν
1142 3385 1309 3450 ἀξίων
1340 3388 1612 3457 άμοιϐὠν.

309 3565 422 3620 Καὶ
461 3566 570 3619 ἐὰν
604 3594 673 3606 -
704 3566 943 3620 ἐκεῖνοι.
977 3567 1196 3641 Ἐπειδὴ
1233 3573 1391 3625 νυκτὶ
1413 3572 1589 3626 ἔοικεν
1617 3576 1645 3627 ὁ
1693 3592 1832 3646 πγρ-

235 3657 313 3710 ὼν
350 3657 485 3727 βίος,
547 3657 638 3710 διὰ
661 3658 758 3729 τὴν
786 3661 1247 3732 κατακεχυμένην
1274 3663 1440 3742 αὑτοῦ
1473 3666 1712 3735 ζόφωσιν
1735 3668 1831 3722 καὶ

239 3743 456 3812 πλάνην
481 3745 587 3796 ἀπὸ
617 3745 726 3796 τῶν
780 3746 1053 3816 δαιμόνων
1092 3750 1187 3803 καὶ
1213 3752 1323 3804 τῶν
1352 3754 1564 3822 παθῶν,
1598 3759 1830 3821 εἰκότως

240 3845 325 3905 είς
384 3843 679 3913 διαφόρους
718 3846 969 3914 φυλακὰς
1023 3849 1189 3901 αὐτὸν
1245 3850 1465 3921 διαιρεῖ.
1506 3851 1569 3902 Ol
1607 3851 1832 3903 παλαιοὶ

245 3936 360 4006 γὰρ
414 3937 825 4004 νυκτοφύλακες
876 3941 959 4003 είς
991 3944 1142 4012 τρεῖς
1202 3943 1452 4010 φυλακὰς
1504 3943 1605 4013 τὴν
1659 3943 1832 3997 νύκτα

237 4027 458 4088 διεῖλον.
488 4030 636 4092 τινὲς
699 4031 754 4082 δὲ
813 4032 893 4095 εἰς
928 4033 1224 4104 τέσσαρας.
1289 4038 1400 4089 Καὶ
1441 4036 1667 4106 πρώτην
1733 4035 1833 4106 μὲν

239 4119 494 4189 φυλακὴν
552 4122 723 4188 λέγει,
781 4123 884 4190 τὴν
937 4127 1275 4180 κατάστασιν
1329 4128 1437 4181 τῶν
1475 4127 1833 4198 τελειοτέρων

238 4211 322 4273 εἰς
363 4212 587 4281 ἀρετήν·
617 4212 881 4283 δευτέραν
911 4215 989 4281 δὲ,
1021 4215 1120 4286 τὴν
1152 4218 1260 4270 τῶν
1297 4219 1501 4287 μέσων·
1530 4219 1724 4289 τρίτην
1753 4218 1832 4282 δὲ,

235 4302 340 4373 τὴν
387 4303 495 4355 τῶν
543 4304 895 4373 τελευταίων,
944 4307 995 4360 οἳ
1041 4311 1385 4378 σύμπαντες,
1429 4313 1476 4364 εἰ
1532 4312 1834 4380 εὑρεθῶσιν

237 4393 438 4456 οὕτως.
463 4396 538 4459 ὡς
566 4397 855 4466 προλαϐὼν
880 4396 1056 4465 εἶπεν,
1086 4403 1278 4472 ἤγουν,
1312 4403 1524 4472 ἕτοιμοι
1567 4405 1711 4456 κατὰ
1735 4404 1827 4456 τὸν

1936 3200 2357 3264 retributionis;
2430 3206 2486 3251 et
2555 3195 2719 3250 faciet
2801 3193 2924 3248 illos
2999 3192 3373 3255 discumbere,
3455 3190 3525 3243 ad

1930 3295 2180 3364 requiem
2228 3292 2646 3360 sempiternam,
2699 3297 2956 3356 tanquam
3004 3299 3103 3339 eos
3153 3283 3248 3352 qui
3299 3291 3526 3351 propter

1930 3389 2105 3457 ipsum
2137 3385 2520 3438 laboraverunt
2549 3398 2564 3435 :
2597 3394 2661 3434 ac
2720 3377 3062 3438 ministrabit
3106 3375 3234 3440 illis,
3261 3373 3526 3427 distribu-

1933 3480 2137 3529 tionem
2169 3475 2461 3542 dignarum
2501 3469 2948 3522 retributionum.

2007 3569 2164 3623 Vers.
2203 3567 2293 3620 58.
2330 3564 2393 3617 Et
2440 3562 2486 3616 si
2517 3592 2587 3604 ρ-
2617 3561 2720 3614 illi.
2761 3561 2900 3626 Quia
2938 3559 3082 3613 nocti
3123 3572 3368 3628 prtcsens
3407 3555 3519 3608 vita

1933 3661 2290 3722 assimilatur,
2317 3663 2545 3727 propter
2578 3654 2817 3707 infusam
2851 3653 2900 3706 ei
2935 3651 3227 3719 caliginem
3262 3665 3325 3702 ac
3361 3663 3518 3703 erro-

1932 3769 2051 3809 rem
2079 3769 2109 3807 a
2134 3749 2480 3807 daemonibus
2505 3755 2560 3801 et
2591 3744 2881 3800 affectibus
2917 3761 2930 3796 :
2967 3743 3164 3796 merito
3197 3742 3252 3795 in
3279 3740 3529 3794 diversas

1932 3845 2174 3912 vigilias,
2201 3857 2298 3897 seu
2327 3839 2628 3901 custodias,
2655 3838 2825 3906 ipsam
2858 3835 3075 3889 dividit.
3105 3835 3330 3889 Veteres
3353 3833 3524 3896 enim,

1933 3939 2026 4008 qui
2068 3945 2229 3991 nocte
2264 3933 2586 4004 vigilabant,
2625 3931 2681 3983 in
2715 3939 2826 3983 tres
2862 3927 3125 3983 excubias
3163 3927 3339 3997 ipsam
3385 3925 3530 3980 divi-

1936 4032 2142 4086 debant
2206 4047 2219 4084 :
2274 4027 2498 4097 quidam
2565 4039 2697 4078 vero
2747 4022 2799 4076 iu
2858 4029 3112 4090 quatuor.
3176 4019 3240 4072 Et
3298 4019 3530 4088 primam

1937 4123 2161 4194 quidem
2188 4120 2340 4185 dicit,
2391 4126 2597 4173 statum
2637 4127 2829 4169 eorum
2874 4114 2965 4183 qui
3007 4113 3074 4167 ad
3109 4113 3368 4166 virtutem
3404 4119 3533 4165 sunt

1936 4215 2316 4288 perfectiores,
2345 4210 2666 4274 secundam,
2722 4207 3102 4269 mediocrium,
3151 4205 3390 4269 tertiam,
3429 4219 3530 4272 po.

1937 4319 2272 4365 stremorum
2329 4325 2342 4360 :
2395 4305 2488 4375 qui
2540 4316 2753 4366 omnes,
2811 4301 2856 4355 si
2911 4299 2984 4352 ita
3043 4297 3250 4351 inventi
3303 4294 3532 4361 fuerint,

1940 4403 2085 4457 sicut
2127 4409 2257 4455 ante
2299 4398 2454 4460 dixit.
2505 4396 2763 4451 videlicet
2800 4393 2978 4464 parati
3021 4392 3218 4446 mortis
3253 4398 3530 4458 tempore,

236 4485 335 4539 τοῦ
369 4487 600 4541 Θανάτου
641 4491 856 4561 καιρὸν,
903 4494 1170 4564 μακάριοι
1199 4495 1438 4558 πάντως,
1489 4496 1564 4557 ὠς
1588 4495 1684 4564 τῆς
1723 4512 1821 4565 μα-

1944 4494 2088 4550 beati
2140 4501 2324 4555 erunt,
2375 4499 2561 4560 utpote
2593 4489 2720 4543 vitze
2757 4488 2929 4542 beata:
2965 4483 3173 4554 pariter
3209 4481 3531 4552 participes.

237 4580 442 4649 καρίας
473 4579 619 4646 ζωῆς
646 4583 966 4652 μεθέξοντες
1000 4586 1304 4654 ἀναλόγως.

315 4671 500 4726 Τοῦτο
531 4704 602 4712 -
632 4675 841 4732 αὐτοῦ.
878 4678 985 4730 Καὶ
1011 4678 1070 4730 ὲν
1101 4678 1179 4748 τῷ
1202 4680 1434 4748 εἰκοστῷ
1460 4681 1633 4750 ὀγδόῳ
1660 4697 1834 4749 κερα-

237 4763 377 4832 λαίῳ
408 4762 502 4816 τοῦ
532 4765 672 4816 κατὰ
694 4767 977 4821 ἣῙατΘαίον
1028 4766 1204 4822 εἶπεν·
1252 4771 1481 4824 Ἐκεῖνο
1538 4771 1605 4824 δὲ
1666 4773 1836 4839 γινώ-

238 4871 444 4916 σκετε,
476 4856 564 4910 ὅτι
594 4860 646 4911 εὶ
675 4859 802 4928 ῇδει
829 4863 862 4914 ό
892 4861 1346 4930 οἰκοδεσπότης,
1380 4867 1775 4934 ποίᾳ,φυ.1ακῇ
1802 4870 1834 4920 ὁ

239 4947 508 5014 κλέπτης
520 4950 774 5016 ἔρχεται,
795 4953 1206 5023 ἐγρηγόρησεν
1242 4955 1338 5023 ἂν,
1358 4957 1452 5010 καὶ
1471 4958 1536 5010 τὰ
1554 4957 1699 5028 ἑξῆς.
1719 4961 1828 5012 Καὶ

239 5041 517 5107 ἀνάγνωθι
545 5043 641 5114 τὴν
662 5043 922 5116 ἐξήγησιν
953 5050 1090 5102 ἐκεῖ.

291 5133 428 5194 ,Καὶ
483 5164 555 5175 ο-
597 5137 854 5207 ἔρχεται.
888 5141 1040 5193 Ἐκεῖ
1069 5141 1164 5194 καὶ
1213 5142 1384 5197 ταῦτα
1442 5145 1684 5219 εἴρηται,
1735 5147 1828 5200 καὶ

242 5225 604 5296 ἡρμήνευται.

351 5405 397 5434 ’⁸
421 5405 551 5460 Luc.
604 5424 700 5473 xtl,
734 5410 825 5465 ‘20.
936 5411 981 5445 '°
1008 5410 1204 5466 Matth.
1239 5428 1386 5480 ulv,
1414 5416 1504 5470 45.

2017 4683 2173 4738 Vers.
2217 4681 2306 4736 '59.
2346 4677 2452 4731 Hoc
2496 4706 2562 4716 —
2613 4692 2789 4729 suam.
2839 4671 3307 4742 Quinquagcsimo
3341 4679 3536 4724 octavo

1937 4778 2099 4832 etiam
2124 4773 2300 4842 capite
2326 4767 2775 4839 lﬂvangeliijuxta
2800 4764 3112 4817 Mantineam
3168 4762 3340 4816 dixit:
3389 4761 3538 4815 Illud

1937 4879 2118 4924 alitem
2168 4867 2369 4924 scitote,
2427 4859 2564 4928 quod
2620 4857 2665 4909 si
2718 4855 2874 4908 sciret
2935 4853 3377 4924 paterfamilias,
3432 4867 3537 4914 qua

1941 4960 2128 5031 vigilia
2194 4957 2282 5025 fur
2339 4965 2590 5006 venturus
2651 4956 2791 5013 erat,
2864 4945 3129 5016 vigilasset
3219 4944 3420 5013 utique,
3485 4947 3541 4994 et

1940 5064 2132 5112 caetera
2179 5051 2245 5102 ⁸⁸.
2289 5047 2430 5116 Lege
2477 5058 2606 5112 ergo
2646 5041 2718 5095 ibi
2760 5039 3189 5094 enarrationem.

2013 5147 2172 5200 Vers.
2231 5143 2320 5196 40.
2369 5139 2435 5192 Et
2479 5165 2550 5175 —-
2599 5145 2850 5188 venturus
2897 5144 2996 5186 est.
3042 5130 3119 5186 lbi
3157 5144 3376 5201 quoque
3427 5128 3542 5181 haec

1938 5243 2080 5296 dicta
2107 5247 2237 5294 sunt
2255 5254 2315 5291 ac
2335 5233 2628 5289 declarata.

1452 5570 1649 5633 Varia)
1690 5571 1998 5632 lectiones
2032 5579 2094 5632 et
2134 5579 2301 5632 nota:

315 5757 376 5810 li)
415 5755 640 5825 Oper-tet
666 5758 810 5811 enim
843 5758 940 5814 bus
973 5775 1192 5829 semper
1223 5761 1403 5818 lucere
1435 5772 1485 5817 et
1531 5763 1867 5829 illuminare,
1904 5762 2054 5818 illum
2089 5763 2307 5832 quidem
2349 5777 2468 5829 nos,
2510 5761 2653 5816 hunc
2707 5776 2834 5817 vero
2866 5775 2981 5824 eos,
3018 5758 3107 5828 qui
3151 5773 3177 5812 τι
3233 5757 3390 5812 nvhis
3441 5756 3509 5809 do-

245 5841 303 5877 οι·
351 5837 453 5880 llll.
