4016 6464
537 414 647 478 995

1778 420 2160 483 EUTHYMII
2200 426 2567 488 ZIGABENI

3691 437 3789 499 995

595 526 636 595 -ι-
683 525 991 593 Quomodo,
1039 545 1161 584 cum
1201 529 1441 600 quinque
1488 531 1642 601 prius
1688 532 1917 601 dixerit,
1966 551 2087 590 nun

2291 539 2442 611 Ῑίῖὦς
2468 541 2580 612 (27)
2612 540 2775 595 πέντε
2804 514 3020 605 είπὼν,
3065 541 3124 608 ἓξ
3153 542 3404 615 ἐπιφέρει
3434 560 3447 606 ;
3493 546 3638 615 τρεῖς
3685 553 3790 617 γὰρ

528 630 624 671 εει
644 615 824 681 aﬂ'ert,
860 626 972 673 tres
1005 620 1149 672 enim
1190 620 1438 674 binarios
1474 622 1735 677 adducit?
1763 622 1881 677 Non
1910 625 2106 679 dividit

527 708 847 777 quinarium
875 710 927 763 in
958 713 1252 771 senarium,
1288 713 1381 782 qui
1410 728 1439 766 a
1465 714 1719 779 quinario
1750 716 1962 770 oriatur
1990 716 2052 787 (ι)
2084 735 2097 770 :

523 801 624 855 sed
675 802 966 872 mysticum
1019 804 1274 871 quiddam
1325 804 1552 859 denotat
1599 806 1689 859 ille
1739 807 2029 875 quinarius
2087 826 2101 863 :

526 894 807 946 senarium
849 906 981 944 vero
1030 894 1263 947 assumit
1308 894 1546 964 exempli
1602 897 1794 966 gratia.
1849 897 1989 964 Quid
2021 908 2106 955 est

524 996 673 1051 ergo,
723 983 869 1050 quod
921 997 1017 1050 per
1054 982 1370 1052 quinarium
1422 986 1806 1057 signiﬁcatur?
1858 989 2106 1044 [rrecon-

523 1071 850 1136 ciliabilitas,
887 1073 1221 1145 foederisque
1268 1077 1511 1132 carentia
1550 1089 1678 1148 post
1722 1079 1908 1144 ﬁdem,
1953 1080 2102 1135 inter

521 1178 616 1217 eos
641 1164 733 1231 qui
785 1176 911 1218 ante
953 1177 1264 1237 susceptam
1314 1167 1473 1221 ﬁdem
1515 1169 1651 1223 uniti
1696 1177 1852 1224 erant
1898 1186 2101 1242 cogna-

524 1255 672 1309 tione
723 1265 779 1309 et
830 1258 1248 1326 conjunctione.

591 1343 745 1399 Sicut
826 1348 881 1400 in
942 1349 1272 1417 quibusdam
1346 1351 1611 1420 quinque,
1680 1361 1813 1421 puta
1883 1353 2100 1409 duobus

519 1431 839 1488 hominibus
893 1444 949 1488 et
982 1435 1160 1490 tribus
1206 1437 1393 1503 rebus,
1444 1450 1542 1493 aut
1578 1440 1792 1495 duabus
1837 1444 2002 1495 rebus
2046 1450 2102 1496 et

517 1524 697 1578 tribus
740 1526 1080 1590 hominibus,
1122 1528 1361 1582 diﬁicilis
1396 1530 1642 1598 quaedam
1674 1542 1761 1585 est
1804 1546 1867 1586 ac
1898 1534 2103 1601 impos-

517 1615 693 1669 sibilis
714 1617 1026 1671 conciliatio
1053 1634 1066 1670 :
1092 1633 1216 1671 enm
1236 1619 1346 1674 duo
1370 1620 1623 1676 homines
1646 1623 1713 1677 de
1738 1624 1914 1677 tribus
1937 1626 2101 1679 rebus

516 1699 863 1761 dissentiunt,
893 1712 987 1756 aut
1029 1718 1060 1758 e
1100 1708 1379 1761 contrario
1426 1716 1537 1763 tres
1578 1710 1646 1763 de
1675 1711 1891 1767 duabus
1928 1731 1942 1768 :
1976 1729 2099 1767 om-

516 1790 647 1843 nino
680 1792 825 1844 enim
866 1808 1095 1848 necesse
1127 1805 1231 1859 est,
1266 1806 1325 1850 ut
1359 1812 1466 1851 una
1505 1800 1667 1853 trium
1702 1802 1918 1855 duobus
1959 1803 2101 1857 divi-

2214 630 2412 698 ἐπάγει
2447 628 2737 698 συξυγίας.
2774 632 2848 683 Οὐ
2900 632 2999 700 τὴν
3036 632 3403 702 προτεθεῖσαν
3446 634 3681 687 πεντάδα
3710 639 3790 698 εἰς

2212 722 2376 787 ἑξάδα
2406 723 2586 774 ἁπλοῖ*
2632 722 2768 775 άλλά
2791 722 2879 776 διὰ
2911 724 3012 792 μὲν
3069 727 3168 793 τῆς
3213 726 3471 788 πεντάδος
3522 729 3783 794 μυστικόν

2212 828 2264 863 τι
2299 812 2469 881 δηλοῖ-
2493 814 2593 882 τὴν
2621 813 2783 877 ἑξάδα
2812 814 2868 866 δὲ
2929 814 3377 884 παραδείγματος
3404 818 3589 870 ἕνεκεν
3611 835 3790 888 παρα-

2213 903 2503 974 λαμϐάνει.
2539 907 2605 957 ΤΞ
2668 905 2850 958 οὖντὸ
2894 907 2982 958 διὰ
3037 905 3137 974 τῆς
3202 907 3464 970 πεντάδος
3523 908 3783 978 δηλούμε-

2212 1010 2299 1046 νον
2326 992 2435 1063 (28)
2469 1012 2482 1059 ;
2525 996 2597 1047 Τὸ
2659 994 2798 1064 μετὰ
2846 995 2944 1064 τὴν
2977 995 3161 1048 πίστιν
3191 994 3665 1050 δυσκατάλλακτον
3697 997 3791 1049 καὶ

2210 1087 2621 1155 ἀσυμσίὸαστον
2668 1087 2779 1139 τῶν
2850 1089 2995 1139 κατὰ
3060 1088 3384 1155 συγγένειαν
3440 1090 3534 1141 καὶ
3604 1088 3789 1159 σχέσιν

2212 1178 2321 1246 πρὸ
2364 1180 2463 1248 τῆς
2497 1180 2735 1239 πίστεως
2760 1179 3082 1247 ἡνωμένων.

2289 1344 2499 1410 Ὠσπερ
2555 1343 2663 1409 γάρ
2716 1344 2808 1394 ἐπὶ
2869 1342 3031 1395 πέντε
3065 1342 3251 1404 τινῶν,
3308 1344 3494 1413 ἤγουν,
3552 1342 3648 1395 δύο
3691 1342 3791 1409 μὲν

2210 1435 2537 1503 ἀνθρώπων,
2607 1437 2777 1506 τριῶν
2835 1436 2891 1487 δὲ
2954 1437 3327 1504 πραγμάτων,
3380 1436 3413 1505 ἢ
3472 1436 3642 1505 τριῶν
3693 1435 3790 1502 μὲν

2210 1525 2540 1596 ἀνθρώπων,
2568 1527 2661 1578 δύο
2693 1526 2750 1579 δὲ
2786 1528 3160 1595 πραγμάτων,
3187 1529 3401 1597 χαλεπή
3438 1545 3519 1590 τις
3539 1528 3631 1581 καὶ
3664 1529 3795 1579 ἐιδύ-

2214 1639 2374 1684 νατος
2440 1622 2474 1689 ἡ
2522 1620 2866 1689 καταλλαγὴ,
2929 1621 3057 1672 ὅταν
3094 1621 3141 1672 οἱ
3190 1619 3283 1671 δύο
3334 1622 3610 1689 ἄνθρωποι
3660 1622 3793 1688 περὶ

2207 1714 2317 1767 τῶν
2354 1715 2519 1783 τριῶν
2561 1713 2907 1781 πραγμάτιον
2945 1712 3310 1777 στασιάζωσιν
3340 1754 3352 1777 ,
3388 1713 3421 1782 ἤ
3476 1715 3790 1765 τούναντίον

2208 1808 2254 1858 οί
2294 1809 2442 1875 τρεῖς
2476 1806 2607 1875 περὶ¹
2637 1805 2745 1857 τῶν
2768 1805 2878 1858 δόθ’
2915 1806 3131 1875 ἀνάγκη
3158 1806 3267 1874 γάρ
3286 1806 3522 1865 πάντως,
3552 1804 3583 1873 ἢ
3621 1804 3679 1857 τὸ
3726 1805 3785 1855 ἓν

515 1880 674 1935 datur
715 1880 1049 1950 hominibus,
1114 1889 1199 1941 vel
1251 1889 1374 1943 dua:
1425 1905 1513 1945 res
1558 1892 1611 1945 in
1654 1901 1768 1949 tres
1816 1904 2087 1951 secentur.

2203 1884 2310 1950 τῶν
2341 1898 2511 1968 τριῶν
2565 1898 2911 1967 πραγμάτων
2966 1900 3079 1959 τοῖς
3119 1896 3274 1947 δυσὶν
3304 1892 3611 1961 ἀνθρώποις
3660 1894 3785 1943 ἐπι-

527 1986 655 2025 cum
707 1973 889 2027 nullus
920 1990 1111 2029 eorum
1142 1977 1371 2032 divisam
1412 1982 1594 2034 sortiri
1638 1983 1785 2037 velit.
1820 1983 1898 2037 ita
1946 1993 2000 2037 et
2044 1985 2097 2038 in

516 2060 627 2127 his,
665 2063 757 2130 qui
802 2067 1129 2134 cognatione
1169 2078 1264 2121 aut
1303 2071 1695 2139 conjunctione
1732 2074 1872 2130 uniti
1919 2088 2093 2137 erant.

515 2153 977 2211 dissentientibus
1016 2158 1167 2212 circa
1209 2159 1369 2215 ﬁdem
1407 2178 1470 2217 ac
1500 2163 1712 2224 divisis.
1743 2175 1798 2219 et
1836 2166 2095 2236 implaca-

520 2243 708 2297 biliter
755 2263 815 2300 se
870 2249 1215 2305 habentibus.
1262 2251 1453 2316 Erunt,
1506 2254 1702 2324 inquit,
1764 2259 1874 2311 duo
1930 2274 2097 2328 super

416 2344 419 2347 '
513 2334 711 2401 tribus,
759 2338 811 2389 id
854 2347 960 2401 est,
988 2349 1246 2410 tanquam
1291 2346 1401 2398 duo
1434 2347 1684 2402 homines
1716 2364 1883 2418 super
1920 2352 2094 2405 tribus

514 2426 686 2480 rebus
722 2429 1077 2496 dissidentes,
1111 2441 1168 2486 et
1201 2449 1443 2502 rursum,
1475 2446 1731 2508 tanquam
1770 2449 1881 2496 tres
1912 2442 2095 2496 homi-

512 2530 613 2572 nes
658 2532 823 2589 super
867 2519 1082 2575 duabus
1128 2522 1312 2578 rebus.

582 2816 786 2871 Deinde
837 2821 995 2888 ponit
1016 2820 1180 2876 etiam
1214 2824 1463 2895 exempla
1489 2827 1878 2897 cognationum
1910 2844 1973 2886 ac
1997 2831 2096 2886 ba—

510 2908 823 2963 bitudinnm
868 2928 1059 2967 eorum
1100 2914 1190 2984 qui
1231 2918 1677 2987 propinquissimi
1709 2932 1858 2987 sunt,
1900 2934 1955 2978 et
1991 2924 2093 2978 sibi

506 3008 699 3056 mutuo
754 3004 990 3058 maxime
1038 3005 1355 3073 familiares,
1404 3010 1499 3063 sed
1547 3010 1705 3065 divisi
1769 3014 2091 3070 acutissimo

507 3091 635 3145 tidei
688 3093 891 3162 gladio,
941 3111 1063 3164 qua:
1111 3113 1209 3166 per
1255 3100 1699 3167 praedicationem
1758 3102 2085 3161 indUcitur:

504 3198 739 3251 quorum
768 3188 875 3238 duo
920 3186 1118 3241 binarii
1164 3198 1292 3243 sunt
1326 3192 1596 3259 sanguine
1641 3196 2083 3265 coniunctorum,

504 3273 664 3327 tertia
698 3288 830 3328 vero
858 3278 1177 3346 conjunctio
1208 3290 1295 3333 est
1331 3280 1606 3336 aﬁinium.

834 3366 1107 3423 Prwlerea
1137 3372 1278 3424 circa
1301 3373 1434 3426 idem
1458 3374 1563 3428 alio
1588 3378 1763 3431 modo.

569 3453 697 3510 Duae
728 3448 1081 3515 habitudines
1113 3461 1375 3518 adversus
1405 3472 1514 3520 tres
1547 3481 1907 3536 personarum
1927 3486 2078 3527 com-

498 3545 807 3602 binationes
844 3566 857 3603 :
895 3558 950 3604 et
986 3567 1203 3605 rursum
1248 3565 1356 3608 tres
1400 3571 1759 3625 personarum
1801 3564 2082 3618 combina-

499 3637 680 3692 tiones
713 3639 973 3695 adversus
1001 3642 1134 3697 duas
1176 3643 1527 3702 habitudines
1564 3668 1576 3704 :
1615 3651 1778 3719 dupla
1814 3653 2081 3723 siquidem

498 3730 770 3785 habitudo
801 3740 884 3786 est
913 3734 1145 3788 duorum
1179 3747 1544 3793 extremorum
1582 3758 1874 3810 processus
1910 3746 2079 3802 itera-

500 3829 609 3883 tus,
640 3829 829 3889 utpote
872 3838 903 3877 a
952 3835 1102 3893 patre
1134 3828 1202 3883 ad
1238 3828 1429 3894 ﬁlium,
1465 3841 1520 3885 et
1549 3849 1578 3886 a
1608 3833 1721 3889 ﬁlio
1755 3837 1820 3891 ad
1846 3848 2077 3906 patrem,

494 3918 552 3966 et
574 3912 650 3966 ita
686 3914 741 3967 in
786 3918 1021 3973 caeteris.
1042 3917 1277 3990 Jl‘riplex
1309 3937 1442 3978 vero
1473 3941 1830 3995 personarum
1865 3932 2078 3986 combi-

494 4004 644 4057 natio
681 4016 787 4070 est,
839 4015 998 4075 pater
1025 4018 1080 4064 et
1117 4011 1285 4076 ﬁlius,
1314 4025 1491 4070 mater
1530 4028 1586 4072 et
1620 4019 1749 4085 ﬁlia,
1781 4036 1972 4077 socrus
2022 4033 2078 4079 et

494 4109 686 4149 nurus.
709 4096 863 4162 Quod
881 4107 1062 4154 autem
1084 4099 1270 4157 Grmce
1293 4104 1495 4159 dicitur
1524 4108 1635 4176 ἐπὶ,
1658 4110 1929 4181 signiﬁcat
1952 4130 2078 4167 con-

495 4193 578 4237 tra
607 4187 687 4239 vel
705 4189 977 4255 adversus,
1007 4200 1064 4245 ut
1085 4203 1274 4248 contra
1295 4197 1375 4249 vel
1400 4199 1664 4255 adversus
1688 4212 1797 4256 tres
1818 4216 1913 4258 aut
1938 4206 2075 4262 duos

491 4276 557 4331 ad
611 4278 1023 4348 signiﬁcandam
1093 4290 1492 4356 separationem
1533 4293 1618 4347 vel
1661 4294 2068 4352 alienationem.

563 4366 721 4425 Vers.
761 4372 849 4425 55.
885 4373 1166 4431 Dividetur
1199 4409 1263 4421 --
1304 4397 1507 4435 socrum
1557 4401 1731 4439 suam.
1782 4386 1906 4443 Haec
1936 4406 2075 4459 pra:-

487 4459 653 4515 dictis
699 4478 810 4517 non
859 4475 990 4520 sunt
1031 4472 1348 4539 coaptanda,
1397 4476 1492 4529 sed
1541 4480 1608 4530 ab
1656 4478 1763 4532 alio
1803 4481 2072 4552 principio

2207 1989 2559 2060 μερισθῆναι,
2588 1990 2621 2059 ἢ
2653 1990 2721 2041 τά
2750 1989 2845 2040 δύο
2876 1990 3185 2057 πράγματα
3226 1988 3307 2050 εἰς
3334 1986 3459 2057 τρία
3482 1986 3783 2054 τμηθῆναι.

2204 2082 2431 2151 μηδενὸς
2467 2080 2648 2133 αὐτῶν
2683 2079 3078 2149 ἐπιδεχομένου
3122 2078 3287 2148 τυχὸν
3320 2079 3605 2148 διαίρεσιν·
3630 2078 3779 2131 οὕτω

2200 2174 2296 2227 καὶ
2329 2174 2421 2226 ἐπὶ
2456 2172 2564 2225 τῶν
2631 2173 2777 2225 κατὰ
2821 2173 3144 2240 συγγένειαν
3190 2171 3283 2223 καὶ
3342 2171 3525 2239 σλέσιν
3566 2169 3786 2239 ἡνωμέ-

2200 2283 2308 2318 νων
2349 2305 2362 2331 ,
2434 2266 2833 2329 στασιαζόντων
2889 2252 3185 2333 κατάτὴν
3232 2264 3434 2326 πίστιν,
3491 2262 3584 2315 καὶ
3649 2262 3788 2313 διαί-

2201 2360 2485 2428 ρουμένων
2522 2359 2620 2409 καὶ
2649 2357 3142 2427 άσυμὸατούντων.
3176 2357 3456 2418 Ἔσονται,
3497 2356 3650 2425 φησὶ,
3686 2356 3783 2407 δύο

2201 2449 2295 2500 ἐπὶ
2335 2450 2509 2516 τρεῖς,
2563 2448 2870 2509 τουτέστιν,
2926 2446 3000 2510 ὡς
3028 2447 3123 2500 δύο
3178 2446 3458 2517 ἄνθρωποι
3492 2448 3584 2497 ἐπὶ
3629 2446 3783 2515 τρισὶ

2200 2538 2492 2607 πράγμασι
2550 2536 2958 2604 στασιάζοντες,
3013 2538 3105 2592 καὶ
3160 2538 3235 2601 ὡς
3304 2540 3453 2607 τρεῖς
3504 2536 3782 2607 ἄνθρωποι

2200 2632 2365 2685 πάλιν
2403 2630 2496 2684 ἐπὶ
2535 2629 2657 2683 δυσὶ
2688 2631 3037 2701 πράγμασιν.

2277 2816 2414 2870 Εἶτα
2463 2815 2648 2886 τίθησι
2700 2813 2796 2867 καὶ
2839 2813 3269 2883 παραδείγματα
3310 2812 3641 2881 συγγενειῶν
3686 2810 3778 2865 καὶ

2201 2908 2479 2980 σχέσεων,
2532 2907 2643 2959 τῶν
2721 2908 3120 2976 γνησιωτάτων
3193 2904 3291 2975 μὲν
3347 2908 3442 2958 xui.
3508 2906 3777 2958 οἰκειοτά-

2196 3019 2304 3054 των
2369 3000 2646 3069 άλλήλοις,
2713 2998 3112 3068 διαιρουμένων
3158 2997 3213 3050 δὲ
3267 3000 3333 3067 τῇ
3380 2997 3772 3067 τμητικωτάτῃ

2200 3092 2447 3162 μαχαίρᾳ.
2502 3095 2603 3160 τῆς
2671 3090 2816 3143 κατὰ
2882 3090 2945 3142 τὸ
3015 3089 3282 3158 κήρυγμα
3359 3089 3635 3151 πίστεως,
3701 3084 3775 3139 ἀν

2194 3185 2253 3237 αἱ
2307 3184 2407 3252 μὲν
2459 3182 2554 3235 δύο
2588 3181 2864 3249 συζυγίαι,
2925 3182 3045 3234 καθ’
3087 3174 3248 3251 αἷμα,
3303 3182 3334 3251 ἡ
3380 3182 3436 3234 δὲ
3470 3181 3650 3251 τρίτη,
3704 3178 3762 3233 ἐξ

2118 3241 2160 3297 C
2195 3241 2539 3345 ἀγχιστείας.

2638 3364 2886 3433 Ἑτέρως
2924 3368 3007 3428 εις
3054 3366 3119 3417 τὸ
3157 3366 3326 3417 αὐτό.

2265 3460 2370 3513 Δύο
2436 3458 2652 3528 σχέσεις
2707 3458 2801 3511 ἐπὶ
2862 3457 3017 3527 τρισὶ
3077 3458 3365 3525 συζυγίαις
3444 3456 3769 3527 προσώπων,

2192 3557 2289 3609 καὶ
2336 3557 2487 3625 τρεῖς
2543 3553 2611 3607 αὖ
2682 3553 2938 3623 συζυγίαι
2991 3552 3303 3621 προσώπων
3347 3552 3437 3603 ἐπὶ
3480 3551 3599 3603 δυσὶ
3652 3550 3768 3619 σχέ-

2193 3654 2334 3703 σεσι.
2385 3646 2560 3717 Διπλῆ
2630 3647 2728 3717 μὲν
2806 3646 2917 3716 γὰρ
2969 3647 3003 3715 ἡ
3075 3645 3259 3714 σχέσις
3338 3646 3447 3695 τῶν
3503 3642 3639 3712 πρός
3695 3659 3765 3703 τι,

2188 3741 2297 3794 ἀπό
2392 3757 2453 3792 τε
2548 3741 2756 3809 πατρῖς
2831 3741 2969 3808 πρὶς
3057 3739 3215 3800 υίδν,
3314 3737 3405 3788 καὶ
3475 3735 3568 3801 ἀφ’
3626 3732 3764 3792 υἱοῦ,

2190 3834 2327 3904 πρὸς
2366 3832 2577 3899 πατέρα
2601 3872 2615 3896 ,
2659 3830 2753 3882 καὶ
2782 3828 2873 3881 ἐπὶ
2926 3827 3035 3880 τῶν
3070 3826 3245 3881 ἄλλων
3273 3826 3492 3894 ὁμοίως.
3530 3824 3766 3894 Τριπ).αῖ

2186 3927 2245 3981 δὲ
2283 3925 2525 3981 ἐνταῦθα
2568 3923 2625 3978 αἱ
2672 3922 2929 3988 συζυγίαι
2961 3920 3069 3973 τῶν
3117 3918 3496 3989 προκειμέιων
3546 3913 3763 3985 προσώ-

2186 4039 2326 4088 πων,
2372 4019 2556 4088 πατὴρ
2603 4018 2696 4070 καὶ
2752 4016 2889 4077 υίὸς,
2943 4014 3125 4082 μήτηρ
3165 4011 3260 4062 καὶ
3305 4008 3569 4077 θυγάτηρ,
3641 4023 3765 4058 πεν-

2186 4112 2324 4183 θερὰ
2352 4111 2450 4165 καὶ
2472 4110 2683 4179 νύμφη·
2718 4108 2780 4160 τὸ
2810 4107 2889 4169 δὲ,
2924 4105 3024 4159 ἐπὶ
3060 4102 3239 4174 τρισὶ,
3272 4100 3368 4154 καὶ
3404 4101 3500 4153 ἐπὶ
3552 4100 3756 4162 δυσίν,

2183 4207 2305 4260 ἀντὶ
2330 4203 2445 4269 τοῦ,
2479 4203 2619 4256 κατὰ
2652 4200 2759 4253 τῶν
2798 4197 2988 4268 τριῶν,
3022 4196 3119 4250 καὶ
3157 4195 3300 4247 κατᾶ
3328 4193 3433 4246 τῶν
3465 4192 3580 4256 δύο,
3612 4193 3749 4260 πρὶς

2181 4295 2457 4360 διάζευξιν
2488 4294 2582 4347 καὶ
2614 4290 3076 4357 ἀπαλλοτρίωσιν.
3103 4286 3123 4358 ]

2251 4382 2780 4453 Διαμερισθήσεται
2799 4409 2866 4421 -
2893 4379 3189 4446 πενθερὰν
3209 4376 3418 4441 αὐτῆς.
3450 4376 3633 4428 Ταῦτα
3651 4376 3759 4435 τοῖς

2180 4478 2568 4552 προρρηθεῖσιν
2594 4475 2654 4529 οὐ
2688 4473 3015 4537 συναπτέον,
3068 4470 3182 4524 ἀλλ’
3214 4469 3307 4537 ἀφ’
3355 4468 3547 4538 ἐτέρας
3581 4468 3755 4536 ἀρχῆς

490 4552 745 4622 legenda,
812 4570 879 4611 ac
925 4563 1225 4615 secundum
1273 4564 1558 4620 historiam
1616 4570 2066 4642 interpretanda;

2197 4570 2575 4640 ιναγνωστέον,
2647 4568 2744 4621 καὶ
2794 4566 2919 4619 καθ’
2955 4564 3198 4636 ἱστορίαν
3232 4559 3758 4652 ὲρμηνευτέονηδη⁴

487 4643 961 4713 signiﬁcantenim
994 4649 1319 4707 divisionem
1351 4657 1588 4711 ﬁdelium
1622 4659 1690 4713 ab
1722 4661 2064 4723 inﬁdelibus:

487 4742 543 4788 ct
580 4736 724 4803 quod
754 4739 1239 4809 propinquissima:
1282 4749 1499 4815 generis
1529 4748 1874 4808 habitudines
1912 4770 2071 4825 sepa-

487 4826 776 4881 rabuntur.
817 4829 956 4900 Lege
998 4843 1182 4888 autem
1235 4838 1448 4893 decimo
1494 4855 1641 4895 nono
1693 4845 1867 4913 capite
1891 4847 2070 4903 Evan-

486 4919 613 4988 gelii
668 4923 966 4977 secundum
1016 4924 1326 4982 Matthacum
1362 4930 1490 4987 dicti
1544 4933 1685 4988 illius
1740 4935 2069 5007 interpreta-

488 5009 691 5062 tionem
734 5026 749 5063 :
791 5011 920 5065 Veni
960 5017 1123 5083 enim,
1167 5029 1221 5071 ut
1255 5022 1510 5079 dissidere
1548 5027 1748 5097 faciant
1806 5028 2066 5086 hominem

2175 4661 2376 4715 λοῦντα
2401 4660 2493 4713 τὸν
2530 4654 2905 4727 διαμερισμὸν
2932 4654 3042 4708 τῶν
3102 4653 3318 4705 πιστῶν
3358 4652 3453 4704 καὶ
3486 4650 3593 4701 τῶν
3623 4648 3755 4700 άπίο

2172 4771 2338 4817 στων,
2385 4755 2468 4807 ὅτι
2513 4752 2608 4805 καὶ
2670 4751 2725 4801 αί
2760 4747 3130 4817 γνησιιῖιταται
3176 4746 3389 4814 σχέσεις
3435 4740 3529 4795 τοῦ
3565 4743 3755 4809 γένους

2170 4844 2633 4916 διαιρεθήσονται.
2675 4839 2921 4910 Ζήτησον
2953 4837 3013 4891 δὲ
3042 4838 3101 4889 ἐν
3147 4836 3224 4905 τῷ
3275 4834 3752 4901 ἐννεακαιδεκάτῳ

2170 4935 2456 5005 κεφαλαίῳ
2497 4932 2592 4985 τοῦ
2646 4932 2789 4984 κατὰ
2843 4930 3122 4983 Ματθαῖον
3171 4928 3269 4997 τὴν
3322 4926 3585 4997 ἐξήγησιν
3614 4924 3748 4977 τοῦο

2169 5024 2395 5083 Ἧλοον
2428 5026 2534 5095 γὰρ
2559 5023 2671 5096 (29)
2698 5020 2945 5091 διχάσαι
2974 5020 3290 5088 ἄνθρωπον
3322 5020 3470 5071 κατὰ
3500 5018 3604 5070 τοῦ
3635 5032 3746 5069 πα-

485 5102 735 5155 adversus
765 5113 970 5172 patrem
995 5124 1148 5162 suum
1169 5113 1208 5175 ¹,
1236 5122 1290 5167 et
1319 5126 1537 5181 caetera,
1567 5134 1688 5188 qua:
1707 5122 2071 5177 artesentibus

2197 5122 2305 5189 ρὸς
2325 5119 2532 5183 αὑτοῦ,
2563 5117 2657 5170 καὶ
2689 5116 2758 5169 τά
2790 5115 2943 5184 ἑξῆς,
2982 5113 3115 5167 πάνυ
3150 5114 3263 5176 τοῖς
3289 5110 3527 5181 παροῦσι
3558 5112 3744 5179 ῥητοῖς

486 5195 667 5250 verbis
696 5198 996 5266 plurimum
1035 5203 1336 5260 conformis
1372 5219 1475 5263 est.

606 5330 797 5387 Matth.
828 5349 884 5398 x,
919 5334 1006 5391 55.

2166 5213 2409 5285 ἁρμόζον
2420 5228 2539 5263 σαν.

1649 5412 1847 5474 Variae
1893 5413 2205 5476 lectiones
2240 5423 2300 5476 et
2358 5420 2545 5475 noue.

557 5547 668 5629 (27)
704 5546 968 5632 Qum-hic
1022 5551 1227 5632 inclnsa
1291 5568 1440 5619 sunt,
1495 5558 1686 5632 co:|ex_
1720 5570 1946 5632 uterque
2008 5564 2062 5617 in

487 5619 731 5702 margine
769 5619 1010 5702 ex_hibet.
1037 5624 1382 5702 _Reicru_nt_ur
1408 5636 1591 5682 autem
1623 5630 1690 5684 ad
1723 5619 1939 5689 versum
1967 5634 2061 5702 55,

492 5691 587 5744 ubi
614 5690 773 5743 etiam
816 5690 1121 5749 llentenius
1172 5697 1412 5751 exhibet.

2246 5564 2361 5633 (28)
2395 5562 2705 5635 παραδηλού
2716 5580 2896 5633 μενον,
2926 5562 2966 5615 Β

2242 5637 2353 5707 (‘29)
2377 5636 2487 5704 Γάρ
2508 5636 2706 5690 omiliil
2727 5637 2793 5688 A.

559 5847 621 5922 ll}
651 5845 751 5913 Qui
808 5876 875 5889 -—
909 5850 1137 5908 oriatur.
1170 5854 1281 5926 Τὴν
1336 5861 1692 5930 προτεθεῖσαν
1756 5874 1858 5931 cst,
1904 5882 2061 5935 quem

2201 5874 2477 5939 posuerat,
2498 5864 2564 5921 de
2596 5881 2703 5937 quo
2750 5874 2876 5921 ante
2907 5864 3134 5921 dixerat.
