4016 6462
244 470 365 532 997

1228 460 1619 522 COMMENT.
1660 459 1741 520 IN
1780 458 2061 520 LUCAM.
2094 484 2159 495 --
2199 460 2355 523 CAP.
2403 461 2579 520 XIII.

3427 468 3534 532 995

320 580 477 632 Κατὰ
514 576 571 629 δὲ
621 572 941 645 ἀναγωγὴν,
980 573 1166 643 πατὴρ
1225 572 1326 642 μὲν
1360 573 1427 626 ἂν
1480 573 1564 642 εἵη
1600 573 1627 624 ὁ
1668 551 1793 633 νδῠς
1821 586 1835 601 .

2015 569 2179 623 Juxta
2227 586 2507 642 anagngcn
2561 587 2687 625 vero
2750 581 2905 641 pater
2947 589 3067 628 esse
3121 586 3295 645 potest
3354 594 3531 647 mens,

242 672 364 735 υίὸς
387 671 443 725 δὲ
476 667 669 733 αὑτοῦ,
703 667 731 720 ὁ
770 669 1008 737 πονηρὸς
1038 665 1324 734 λογισμὸς,
1360 663 1482 718 καθ’
1516 659 1576 718 οὗ
1604 662 1834 716 στασιά-

238 784 352 832 σει,
389 762 732 835 ἀρνούμενος
774 759 962 821 αὑτὸν,
995 758 1069 823 ὡς
1107 757 1395 829 βλαϐερόν.
1432 760 1635 827 Μήτηρ
1660 757 1719 811 δὲ
1746 757 1831 827 εἴη

236 859 332 922 ἂν,
365 858 399 926 η
435 854 636 922 καρδία
663 870 676 883 ο
731 853 986 921 Θυγάτηρ
1035 850 1092 903 δὲ
1120 850 1373 920 αὑτῆς,ή
1409 852 1626 919 πονηρὰ
1678 849 1835 901 ἐνθύ-

239 964 433 1019 μησις,
474 946 596 998 καθ’
626 940 692 1015 ἧς
731 946 825 998 καὶ
862 942 1002 1013 αὐτὴ
1046 944 1351 1007 στασιάσει,
1384 944 1482 994 καὶ
1506 941 1836 1014 ἀπορραγῆ-

235 1057 394 1092 σεται
420 1038 646 1107 ταύτης.
678 1036 927 1106 Πενθερὰ
959 1036 1015 1088 δὲ
1055 1034 1123 1088 ἂν
1155 1036 1263 1104 εἴη,
1292 1036 1325 1100 ἡ
1359 1035 1669 1105 Συναγωγή
1720 1034 1833 1088 τῶν

247 1132 525 1184 Ἰουδαίων
584 1148 593 1160 ⁸
641 1131 829 1199 νύμφη
890 1126 946 1181 δὲ
996 1128 1191 1197 αὐτῆς,
1247 1131 1280 1198 ἡ
1359 1129 1661 1198 Ἐκκλησία
1724 1127 1834 1181 τῶν

232 1221 611 1290 Χριστιανῶν,
675 1220 749 1282 ὼς
798 1218 1177 1288 νυμφευθείσα
1227 1218 1306 1288 τῷ
1354 1219 1601 1289 Χριστῷ,
1656 1217 1715 1282 ὃς
1765 1213 1834 1289 ἦν

238 1312 361 1375 υἱὸς
392 1312 492 1381 τῆς
543 1309 884 1381 δηλωθείσης
938 1309 1301 1378 Συναγωγῆς,
1337 1310 1481 1361 κατὰ
1508 1309 1570 1361 τὸ
1620 1307 1834 1378 ἀνθρώ-

230 1419 417 1455 πινονι
458 1403 515 1466 ἐξ
548 1401 719 1471 αὐτῆς
755 1402 865 1471 γὰρ
898 1400 1261 1470 ἐϐλάστησεν.

315 1497 529 1561 Ἔλεγε
551 1522 623 1531 -
672 1490 1022 1560 δοκιμάζετε
1043 1507 1063 1555 ;
1099 1492 1405 1561 Πρόσωπον
1451 1491 1554 1560 τῆς
1606 1491 1711 1561 γῆς
1737 1492 1836 1545 καὶ

229 1582 330 1635 τοῦ
379 1582 637 1652 οὐρανοῦ,
682 1584 714 1651 ἡ
757 1582 1057 1651 ἐπιφάνεια
1112 1581 1319 1651 ταύτης
1349 1581 1628 1634 κάκείνου.
1667 1581 1834 1649 Λέγει

228 1675 437 1736 τοίνυν,
492 1674 572 1725 ὅτι
642 1670 1107 1742 ’Υποκρινόμενοι
1164 1673 1509 1743 πρόγνωσιν,
1556 1673 1657 1740 τὴν
1699 1672 1829 1724 ὲπι-

232 1768 468 1836 φάνειαν
496 1766 597 1837 τῆς
634 1766 739 1834 γῆς
773 1766 871 1817 καὶ
904 1765 999 1817 τοῦ
1033 1763 1273 1833 οὐρανοῦ
1298 1761 1828 1833 οῐδατεδιακρίνειν,

232 1863 331 1913 καὶ
364 1863 429 1912 ἐκ
474 1861 926 1930 παρατηρήσεως
961 1860 1138 1928 αὐτῆς
1167 1858 1466 1929 προλέγειν
1507 1859 1568 1911 τὸ
1600 1857 1828 1929 μέλλον·

229 1956 331 2006 τὸν
383 1953 437 2005 δὲ
492 1952 685 2023 καιρὸν
738 1951 956 2016 τοῦτον,
999 1952 1090 2004 τὸν
1159 1952 1259 2020 τῆς
1315 1952 1453 2020 ἐμῆς
1524 1950 1831 2021 παρουσίας

230 2046 521 2116 δηλονότι,
589 2046 708 2108 πῶς
777 2045 841 2098 οὐ
888 2043 1223 2114 διακρίνετε,
1276 2045 1340 2095 ἐκ
1391 2043 1833 2113 παρατηρήσεως

230 2141 345 2191 τῶν
386 2140 627 2207 νομικῶν
655 2138 860 2208 βίϐλων
897 2139 992 2190 καὶ
1058 2136 1449 2207 προφητικῶν,
1485 2139 1543 2189 ὲν
1572 2133 1659 2200 αἷς
1686 2139 1833 2190 κεῖνο

232 2250 326 2285 ται
362 2235 559 2301 σημεῑι
613 2230 810 2283 τούτου
846 2229 943 2282 καὶ
1005 2229 1279 2299 σύμϐολα,
1310 2230 1405 2300 ἀφ’
1454 2224 1529 2284 ὧν
1588 2229 1832 2299 εὐχερῶς

232 2319 392 2386 οὗτος
419 2324 527 2395 (50)
553 2321 981 2389 διαγινώσκεται
1012 2326 1127 2385 τοῖς
1155 2328 1509 2393 προσέχουσι,
1536 2323 1678 2393 Πρὸς
1707 2324 1833 2387 τοὺς

235 2414 599 2484 Γραμματεῖς
654 2412 708 2465 δὲ
761 2415 787 2465 ὁ
825 2413 1010 2480 λόγος,
1060 2412 1110 2465 εί
1150 2412 1248 2466 καὶ
1280 2415 1415 2483 πρὸς
1466 2414 1593 2475 τοὺς
1642 2412 1834 2483 ὄχλους

235 2508 425 2567 ἁπλῶς
456 2507 688 2577 ἐρρήθη.

314 2601 375 2653 Τί
419 2599 489 2652 δὲ
520 2629 587 2638 —
629 2598 870 2652 δίκαιον
893 2614 911 2662 ,·
981 2600 1098 2669 Ἐφ’
1146 2598 1335 2671 ἕτερον
1389 2599 1598 2670 μετέϐη
1648 2599 1832 2669 λόγον,

234 2692 331 2740 καὶ
371 2690 630 2756 παραινεῖ
662 2688 754 2742 διὰ
787 2688 1068 2760 γνωρίμου
1095 2691 1554 2760 παραδείγματος
1587 2691 1838 2746 ἀπαλλα-

236 2783 406 2850 γῆναι
441 2780 536 2833 τοῦ
560 2780 809 2844 Σατανᾶ,
834 2780 976 2849 ήτοι,
1003 2782 1114 2835 τῶν
1144 2782 1323 2852 ἔργων
1353 2781 1546 2847 αὑτοῦ,
1582 2785 1832 2852 φάσκων,

236 2877 395 2929 Διατί
447 2882 546 2933 καὶ
586 2883 681 2950 ἀφ’
740 2880 955 2934 ἑαυτῶν
997 2879 1058 2931 οὺ
1113 2879 1289 2931 νοεῖτε
1318 2876 1381 2930 τὸ
1408 2876 1603 2944 καλὸν,
1646 2877 1833 2932 εὐδιά-

236 2986 488 3038 γνωστον
513 2973 603 3039 ὅνς

328 3060 420 3129 Ὡς
459 3094 525 3104 -—-
559 3067 769 3121 αὑτοῦ.
824 3066 926 3129 Δὸς
972 3064 1262 3135 ἐργασίαν,
1318 3064 1510 3134 ἤγουν,
1569 3062 1835 3130 εἰσάγαγε

239 3156 425 3225 ἔργον,
465 3160 725 3230 σπουδὴν,
786 3160 997 3228 ἀγῶνα,
1037 3157 1448 3226 ἀπαλλαγῆναι
1501 3156 1597 3209 ἀπ’
1639 3157 1833 3211 αὑτοῦ.

1941 661 2086 715 ﬁlius
2136 673 2321 717 autem
2359 666 2479 729 ejus
2524 679 2688 733 prava
2734 665 3014 735 cogitatio,
3069 667 3336 723 adversus
3366 686 3530 739 quam

1939 754 2182 809 movebit
2229 755 2580 820 seditionem,
2613 771 2818 825 negans
2865 757 3036 826 ipsam
3074 767 3331 827 tanquam
3374 763 3531 816 noci-

1940 861 2082 899 vam.
2130 844 2299 899 Mater
2333 861 2465 900 vero
2519 862 2613 901 cor
2658 864 2671 901 :
2718 847 2824 900 lilia
2851 848 2993 917 ejus,
3037 864 3201 916 prava
3233 852 3533 920 cupiditas,

1940 938 2206 992 adversus
2246 953 2413 1007 quam
2449 939 2615 993 etiam
2656 938 2771 1009 ipsa
2822 941 3067 1011 insurget
3100 950 3155 995 et
3184 942 3253 997 ab
3283 958 3345 996 ea
3380 945 3529 998 avelo

1940 1030 2101 1086 lctur.
2162 1030 2367 1085 Socrus
2423 1042 2608 1085 autem
2676 1032 2748 1085 sit
2807 1032 3088 1103 Synagoga
3162 1032 3531 1089 Judmornm:

1939 1138 2113 1176 nurus
2164 1124 2303 1192 ejus,
2338 1122 2580 1177 Ecclesia
2610 1123 3078 1189 Christianorum,
3116 1134 3305 1196 utpote
3357 1136 3533 1198 nupta

1940 1207 2181 1277 Christo,
2240 1215 2334 1283 qui
2380 1214 2541 1270 dicta:
2580 1213 2879 1286 Synagoga:
2923 1216 3079 1285 juxta
3121 1216 3525 1273 humanitatem

1940 1303 2082 1358 ﬁlius
2117 1313 2255 1370 erat,
2298 1320 2497 1375 nempe
2524 1305 2592 1358 ab
2637 1306 3097 1376 ipsagencratus.

2009 1492 2161 1548 Vers.
2213 1494 2301 1549 54.
2342 1494 2560 1549 Dicebat
2598 1526 2669 1534 —
2710 1494 2867 1550 Vers.
2896 1496 2983 1550 56.
3023 1497 3306 1564 probatis?
3347 1499 3533 1553 Faciis

1937 1584 2060 1638 (ξωιί
2096 1594 2152 1639 et
2176 1594 2357 1651 terrae,
2394 1586 2715 1655 superﬁcies
2735 1596 2819 1641 est
2875 1588 3042 1656 hujus
3083 1598 3139 1643 et
3171 1589 3340 1643 illius.
3391 1590 3533 1644 Dicit

1937 1692 2067 1748 ergo
2104 1695 2116 1730 :
2151 1678 2526 1749 Dijudicantes
2566 1680 2708 1749 apud
2740 1696 2837 1734 vos
2868 1682 3153 1751 praesagia,
3184 1681 3529 1751 superficiem

1937 1770 2061 1824 caeli
2092 1779 2148 1824 et
2176 1779 2333 1825 terra:
2365 1772 2539 1825 nostis
2571 1772 2904 1837 discernere,
2945 1782 2999 1827 et
3025 1788 3089 1827 ex
3120 1774 3238 1843 ejus
3269 1774 3534 1829 observa-

1939 1860 2109 1928 tione,
2168 1860 2315 1930 quod
2369 1860 2612 1915 futurum
2661 1870 2764 1927 est,
2818 1863 3151 1932 praedicere;
3195 1863 3298 1917 hoc
3346 1874 3531 1919 autem

1940 1962 2182 2022 tempus,
2206 1954 2311 2008 mei
2348 1954 2608 2009 videlicet
2634 1955 2939 2023 fadventus,
2961 1955 3239 2025 quomodo
3270 1970 3381 2009 non
3416 1957 3531 2011 dis-

1938 2045 2163 2098 cernitis
2192 2060 2258 2099 ex
2290 2046 2680 2102 observatione
2712 2049 2970 2119 legalium
3006 2050 3272 2103 librorum
3304 2064 3369 2102 ac
3403 2065 3531 2120 pro-

1938 2136 2265 2205 phetalium,
2293 2139 2349 2192 in
2374 2140 2575 2209 quibus
2608 2140 2764 2210 signa
2792 2151 2846 2195 et
2878 2142 3141 2211 praesagia
3171 2142 3346 2211 posita
3379 2153 3532 2201 sunt.

1938 2226 2139 2298 quibus
2185 2229 2369 2299 ipsum
2414 2229 2574 2285 facile
2606 2231 2946 2302 dignoscitur
2978 2232 3047 2285 ab
3084 2234 3187 2296 his,
3219 2232 3312 2302 qui
3340 2233 3535 2288 adver-

1940 2324 2109 2375 tunt?
2140 2322 2240 2377 Est
2269 2332 2452 2378 autem
2488 2324 2578 2379 hic
2611 2339 2793 2377 sermo
2826 2324 2894 2379 ad
2939 2324 3182 2391 Scribas,
3218 2342 3529 2398 quanquam

1939 2416 2265 2486 simpliciter
2294 2416 2361 2471 ad
2401 2417 2589 2471 turbas
2616 2417 2794 2471 dictus
2840 2410 2930 2471 Sit.

2014 2620 2170 2677 Vers.
2200 2622 2291 2677 57.
2323 2619 2432 2676 Cur
2453 2631 2633 2676 autem
2661 2623 3001 2693 “justum?
3038 2624 3118 2678 Ad
3155 2625 3319 2679 alium
3357 2637 3533 2682 trans-

1940 2715 2037 2770 ivit
2106 2730 2421 2770 sermonem
2482 2726 2539 2771 et
2594 2718 2847 2787 exemplo
2872 2718 3163 2773 notissimo
3211 2719 3531 2774 admoneta

1946 2807 2150 2863 Satana
2208 2810 2456 2874 liberari,
2505 2809 2622 2864 sive
2668 2810 2737 2863 ab
2795 2810 3057 2879 operibus
3099 2798 3240 2880 ejus,
3288 2811 3532 2867 dicens:

1939 2902 2121 2967 Quare
2154 2910 2210 2957 et
2248 2918 2279 2955 a
2311 2901 2467 2956 vobis
2494 2884 2629 2971 ipsis
2670 2915 2780 2954 non
2815 2901 3147 2972 dijudicatis,
3180 2904 3328 2973 quod
3356 2906 3532 2959 hone-

1940 3002 2085 3045 stum
2122 3001 2206 3046 est
2232 3006 2357 3045 cum
2389 2991 2549 3045 facile
2571 2991 2643 3045 sit
2668 2991 2734 3043 ad
2758 2990 3213 3059 dijudicandum?

2018 3086 2165 3141 \‘ers.
2218 3087 2307 3140 58.
2346 3084 2475 3141 Cum
2506 3114 2576 3123 —
2607 3084 2722 3137 illo.
2758 3085 2830 3137 Da
2862 3100 3085 3155 operam
3116 3103 3129 3139 :
3178 3086 3292 3139 sive
3332 3085 3532 3140 afferas

1940 3179 2207 3241 laborem,
2232 3178 2593 3247 diligentiam,
2621 3186 2921 3241 certamen,
2960 3189 3018 3231 ut
3040 3179 3107 3232 ab
3140 3178 3231 3233 illo
3254 3178 3529 3234 libereris.

252 3246 543 3319 Ὑποδηλοῖ
564 3249 620 3301 δὲ
654 3249 928 3304 ἀντίδικον
965 3248 1087 3319 μὲν,
1120 3249 1210 3300 τὸν
1235 3248 1506 3313 Σατανᾶν,
1537 3247 1631 3301 τὸν
1655 3250 1835 3301 κοινὸν

1952 3271 2044 3327 l‘er
2081 3271 2456 3325 adversarium
2488 3280 2673 3324 autem
2719 3269 2978 3325 Satanam
3025 3270 3246 3334 indicat,
3281 3285 3532 3325 coannu~

238 3339 439 3408 ἐχθρόν
469 3355 486 3371 '
520 3341 761 3410 ἄρχοντα
786 3340 865 3403 δὲ,
901 3341 995 3394 τὸν
1025 3340 1181 3405 Θεὸν,
1218 3339 1309 3392 τὸν
1336 3340 1558 3392 πάντων
1605 3339 1833 3408 Κύριον,

242 3432 383 3502 πρὸς
413 3431 471 3483 ὃν
495 3431 832 3501 ἁπαγόμεθα
866 3433 1006 3503 μετὰ
1037 3433 1129 3485 τοῦ
1163 3430 1386 3501 ἐχθροῦ,
1412 3432 1568 3493 δίκας
1598 3432 1839 3501 ἀπαιτη-

245 3524 546 3595 θησὸμενοι
578 3527 693 3578 τῶν
740 3527 1002 3598 πονηρῶν
1035 3526 1214 3596 ἔργων
1249 3525 1408 3595 ἡμῶν
1430 3542 1444 3556 ·
1478 3525 1596 3577 ὁδὸν
1632 3523 1709 3589 δὲ,
1746 3524 1838 3577 τὸν

244 3620 492 3690 παρόντα
531 3620 669 3689 βίον,
724 3621 815 3674 τὸν
872 3622 1127 3684 ἄστατον,
1182 3620 1241 3673 ἐν
1296 3612 1340 3687 ᾧ
1373 3618 1633 3688 ὁδεύομεν
1699 3616 1840 3687 μετὰ

242 3711 337 3765 τοῦ
358 3713 603 3767 τοιούτου
634 3714 907 3767 ἀντιδίκου
932 3716 965 3783 ἡ
976 3716 1114 3783 μῶν.
1136 3706 1309 3765 Τοῦτό
1333 3712 1389 3764 δὲ
1411 3712 1471 3764 τὸ
1496 3712 1677 3781 νόημα
1702 3713 1805 3764 καθ
1826 3712 1840 3733 ‘

245 3802 437 3874 ἕτερον
495 3806 919 3876 μετεχειρίσατο
954 3806 1066 3876 (51)
1113 3805 1317 3857 σκοπὸν
1367 3806 1426 3856 ἐν
1470 3803 1550 3873 τῷ
1600 3805 1839 3874 πέμπτῳ

245 3897 531 3966 κεφαλαίῳ
567 3897 662 3950 τοῦ
696 3900 839 3951 κατὰ
861 3898 1162 3951 Ματθαῖον.

317 4085 874 4156 Μήποτε-κριτήν.
895 4090 957 4141 Ὀ
980 4088 1231 4151 διάϐολος
1260 4087 1395 4160 γὰρ,
1428 4088 1477 4141 εί
1520 4090 1614 4143 καὶ
1646 4088 1842 4159 ἐχθρός

248 4178 367 4265 ἐστι
426 4179 514 4231 τοῦ
568 4181 729 4245 θεοῦ,
783 4178 922 4232 ἀλλὰ
990 4180 1083 4233 καὶ
1140 4178 1557 4249 ὲκδικητὴς,ὼς
1609 4179 1637 4231 ὁ
1674 4178 1841 4232 Δαυῖδ

248 4274 456 4338 ἐδίδαξε
496 4274 630 4343 (32).

324 4463 431 4517 Καὶ
460 4494 531 4503 -
558 4465 868 4533 πράκτορι.
900 4464 992 4535 Τῷ
1042 4464 1288 4536 ἀγγέλῳ,
1338 4463 1415 4535 τῷ
1467 4465 1701 4517 ἐπὶτῶν
1749 4483 1840 4518 κο-

246 4557 584 4627 λαστηρίων.

322 4651 434 4704 Καὶ
470 4680 538 4688 -
562 4650 866 4719 φυλακήν.
901 4651 995 4716 Εἰς
1025 4651 1271 4706 κόλασιν.

321 4744 489 4813 Λέγω
519 4770 576 4782 -
611 4744 873 4811 ἀποδῷς.
902 4744 1048 4809 Ἕως
1094 4740 1155 4799 οὗ
1186 4746 1315 4809 πᾶν,
1348 4744 1376 4796 ὅ
1408 4743 1839 4814 κατεδικάσοης,

255 4837 568 4907 ὺποστήσῃ,
602 4837 911 4902 τουτέστιν,
946 4839 1007 4890 οὐ
1052 4837 1127 4908 μὴ
1155 4837 1385 4910 ἐξέλθῃς
1426 4835 1639 4889 ἐκεῖθέν
1682 4853 1839 4889 ποτε.

264 4929 381 4982 Ἀεὶ
400 4931 509 4998 γὰρ
534 4928 995 4993 καταδικάζονται
1022 4929 1353 4995 κολάζεσθαι
1373 4931 1421 4982 oi
1452 4929 1709 4983 τοιοῦτοι.
1742 4929 1847 4981 Οὐ·-

251 5020 344 5075 δὲν
372 5020 433 5073 δὲ
464 5020 672 5073 κωλύει
708 5024 852 5073 νοεῖν
876 5022 948 5075 τὰ
980 5022 1218 5092 ρηθέντα
1267 5021 1363 5075 καὶ
1400 5020 1543 5074 κατὰ
1582 5022 1684 5091 τὴν
1714 5021 1841 5091 ἐξή-

253 5129 421 5183 γησιν
451 5115 549 5185 τὴν
581 5117 638 5168 ὲν
694 5113 774 5186 τῷ
815 5113 1114 5186 δηλωθέντι
1152 5114 1390 5186 πέμπτῳ
1423 5112 1709 5184 κεφαλαίῳ
1748 5113 1842 5166 τοῦ

254 5206 399 5258 κατὰ
427 5207 729 5261 ιιίατοαίον.
1401 5194 1419 5216 ’

367 5498 386 5529 ¹
411 5497 556 5555 l'sal.
612 5519 728 5569 \‘lll,
780 5505 835 5559 '5.

1941 3371 2068 3417 nem
2101 3360 2384 3415 inimicum
2416 3375 2552 3429 ;per
2590 3362 2971 3429 magistratum
2997 3374 3148 3422 vero,
3179 3360 3372 3425 Deum,
3409 3370 3531 3413 tan-

1942 3468 2104 3523 quam
2142 3452 2389 3506 omnium
2416 3449 2730 3512 Dominum.
2756 3451 2824 3505 ad
2854 3466 3017 3520 quem
3044 3451 3370 3506 abducimur
3401 3468 3529 3506 cum

1943 3544 2189 3606 inimico,
2230 3545 2299 3598 de
2332 3543 2491 3597 malis
2528 3544 2789 3613 operibus
2816 3544 3023 3597 nostris
3055 3559 3275 3597 causam
3301 3544 3530 3599 dicturi.

1940 3635 2096 3689 Viam
2127 3645 2334 3698 autem,
2359 3643 2688 3704 praesentem
2716 3634 2878 3687 vitam
2907 3633 3221 3688 instabilem
3257 3635 3529 3705 intelligit.

1943 3728 1997 3782 in
2042 3742 2148 3798 qua
2188 3743 2314 3781 cum
2383 3725 2697 3797 hujusmodi
2743 3726 3056 3781 adversario
3098 3734 3287 3780 nostro
3318 3728 3536 3796 proﬁci-

1943 3818 2173 3874 scimur.
2211 3817 2339 3872 Haec
2386 3832 2605 3887 quoque
2645 3816 2917 3870 sententia
2953 3816 3061 3869 alio
3089 3817 3371 3885 proposito
3423 3827 3534 3871 tra-

1943 3920 2090 3965 ctata
2134 3920 2220 3967 est
2265 3910 2446 3980 capite
2484 3910 2676 3979 quinto
2725 3908 3006 3979 Evangelii
3056 3909 3361 3963 secundum
3402 3910 3537 3965 Natu

1947 4005 2174 4058 thaeum.

2018 4093 2177 4150 Vers.
2228 4094 2317 4148 58.
2364 4092 2443 4148 Ne
2481 4094 2615 4162 forte
2648 4123 2713 4134 —-
2750 4093 3010 4161 judicent.
3059 4092 3318 4148 Diabolus
3361 4094 3533 4158 enim,

1945 4190 2046 4243 etsi
2101 4188 2197 4241 Dei
2252 4186 2511 4241 inimicus
2555 4196 2660 4252 est,
2700 4193 2881 4238 tamen
2910 4186 3031 4255 ejus
3066 4186 3211 4241 ultor
3242 4197 3347 4251 est,
3372 4198 3536 4255 prout

1948 4280 2118 4335 David
2150 4278 2337 4335 docuit
2382 4278 2613 4334 dicens:
2655 4278 2716 4333 Ut
2751 4277 2995 4331 desii-uas
3035 4278 3313 4331 inimicum
3356 4289 3403 4332 et
3450 4279 3531 4332 ul-

1948 4385 2114 4427 torem
2141 4374 2183 4426 ’.

2020 4465 2179 4521 Vers.
2213 4464 2300 4520 58.
2339 4462 2406 4517 Et
2447 4492 2515 4504 —
2543 4462 2803 4516 exactori.
2839 4462 3066 4533 Angela,
3098 4461 3189 4531 qui
3220 4463 3535 4518 carceribus

1950 4559 2278 4641 praepositus
2304 4566 2411 4611 est.

1876 4630 1921 4686 ί)
1955 4630 1965 4632 ἡ
2021 4638 2178 4707 Vers.
2214 4651 2302 4705 58.
2335 4649 2405 4703 Et
2435 4666 2810 4703 —carccrem.
2845 4648 2900 4701 In
2928 4647 3255 4717 supplicium

2020 4746 2175 4800 Vers.
2209 4744 2296 4799 59.
2344 4742 2476 4796 Dico
2506 4741 2858 4795 —exsolvas.
2908 4739 3091 4795 Donec
3118 4756 3280 4795 omne
3326 4740 3377 4795 id
3415 4757 3538 4796 sus-

1948 4840 2147 4899 tineas,
2188 4838 2253 4891 ad
2317 4834 2460 4905 quod
2489 4835 2887 4889 condemnatus
2924 4849 3068 4896 eras,
3103 4833 3207 4888 hoc
3249 4844 3356 4898 est,
3391 4850 3536 4888 nun-

1947 4945 2110 4999 quam
2175 4928 2301 4982 inde
2345 4926 2563 4993 exibis;
2620 4926 2688 4980 ad
2754 4926 2859 4980 hoc
2900 4926 3047 4979 enim
3097 4925 3535 4980 condemnantur

1948 5020 2288 5095 hujnsmodi,
2321 5028 2380 5074 ut
2412 5034 2633 5089 semper
2665 5018 2981 5087 puniantur.
3014 5016 3160 5072 Nihil
3197 5027 3380 5073 autem
3412 5036 3536 5087 pro-

1946 5116 2124 5181 hibet,
2168 5125 2228 5170 ut
2274 5129 2399 5185 qua:
2436 5113 2580 5167 dicta
2614 5121 2765 5176 sunt,
2801 5112 3178 5183 intelligantur
3214 5113 3365 5181 juxta
3410 5130 3534 5167 sen-

1950 5226 2096 5270 sum,
2116 5208 2210 5279 qui
2239 5207 2400 5263 datus
2426 5215 2510 5262 est
2538 5205 2799 5275 praedicto
2820 5209 3013 5277 quinto
3037 5207 3191 5277 juxta
3218 5208 3534 5264 Manlia-um

1949 5305 2153 5373 tapite.

1458 5619 1652 5682 Variae
1688 5620 1992 5684 lectiones
2026 5635 2089 5682 et
2129 5629 2319 5685 notua.

331 5849 444 5920 (50)
480 5853 506 5904 ὁ
538 5851 748 5918 καιρός.

334 5921 715 5990 (5l)(.llti51us
758 5921 1033 5991 nimirum,
1073 5923 1259 5982 Matth.
1304 5940 1359 5991 ν,
1386 5923 1477 5980 9.3.

2031 5860 2135 5925 (52)
2165 5858 2426 5914 llisadilit
2455 5859 2755 5916 lli-ntenins
2782 5878 2846 5917 ex
2873 5862 3085 5919 Psahno
3114 5883 3124 5919 :
3158 5865 3256 5919 'l‘o-D
3298 5867 3535 5922 καταλῦ-

1950 5946 2037 5983 cz:
2063 5933 2255 6002 ἐχυρὸν
2293 5933 2387 5984 καὶ
2428 5932 2741 6004 ἐκδικητὴν.
