4016 6490
511 385 626 451 999

1742 373 2128 439 EUTHYMII
2163 375 2529 438 ZIGABENI

3645 383 3780 447 Ῑθθθ

508 501 660 556 CAP.
695 494 904 552 XLVII.
936 495 1010 549 De
1051 491 1307 558 Utilitatis,
1335 499 1382 545 et
1414 490 1480 545 iis
1516 490 1608 561 qui
1637 491 1690 544 in
1715 489 1877 555 Siloa,
1912 497 1962 542 et
1992 504 2094 543 αε-

2205 490 2356 544 ΚΕΦ.
2381 491 2513 547 ΜΖ’.
2544 490 2684 560 Περὶ
2740 489 2857 544 τῶν
2893 493 3238 548 Γαλιλαίων
3295 491 3392 547 καί
3445 491 3562 546 τῶν
3600 494 3672 548 ἑν
3701 497 3781 561 τῷ

1226 574 1360 617 tera.

576 660 713 731 Cap.
771 658 904 712 XIII.
959 655 1118 712 Vers.
1183 657 1237 711 1.
1297 655 1530 710 Aderant
1587 683 1649 696 —
1705 654 1964 720 ipsorum.
2025 649 2091 704 Hi

507 753 732 815 (lalilzei,
768 767 892 806 cum
950 759 1134 821 partes
1197 755 1485 802 tuerentur
1535 744 1693 802 Judze
1726 744 1951 809 Galilaai,
2000 758 2094 798 ac-

508 846 678 900 cusati
710 853 859 905 sunt,
904 855 1162 912 tanquam
1194 840 1284 909 qui
1332 856 1362 892 ιι
1392 838 1606 894 Ctesare
1640 837 1999 899 defecissent,
2037 841 2095 889 et

507 939 781 995 Galilaeam
847 938 1121 990 seditione
1174 935 1444 988 adversus
1473 933 1653 1003 ipsum
1706 931 2088 1000 replevissent.

507 1032 645 1087 Cum
687 1045 816 1101 ergo
861 1028 1100 1098 quodam
1156 1038 1404 1096 tempore
1451 1024 1768 1097 congregati
1799 1032 1985 1078 essent
2029 1037 2095 1078 ac

509 1123 912 1186 sacriﬁcarent,
963 1119 1175 1174 audivit
1225 1119 1329 1174 hoc
1379 1118 1590 1173 Pilatus
1625 1126 1682 1172 et
1720 1118 1798 1172 ira
1849 1116 2093 1181 fervens,

509 1216 680 1269 mittit
703 1214 757 1267 in
780 1227 875 1267 eos
898 1211 1100 1266 milites
1132 1251 1145 1264 .
1181 1209 1426 1280 ipsisque
1459 1208 1744 1280 iugulatis,
1771 1207 2093 1279 sanguinem

507 1306 728 1360 illorum
755 1303 974 1359 miscuit
1019 1301 1302 1357 sacrificiis
1344 1300 1613 1370 ipsorum.
1639 1297 1770 1364 Quae
1805 1297 1990 1366 itaque
2026 1295 2094 1349 ad

509 1411 624 1450 rem
655 1404 860 1467 gestam
911 1400 1183 1464 spectant,
1233 1393 1308 1445 ita
1353 1406 1412 1444 se
1440 1389 1664 1444 habent.
1690 1387 1936 1444 Aderant
1965 1400 2095 1458 ergo

508 1487 732 1557 quidam
762 1471 983 1549 Judaei,
1007 1485 1322 1539 nuntiantes
1341 1480 1562 1536 Christo
1581 1480 1650 1535 de
1669 1479 1796 1542 illis,
1817 1478 1962 1533 seire
1994 1493 2097 1531 cu-

511 1577 745 1649 pientes,
779 1590 959 1631 utrum
981 1586 1241 1645 tanquam
1270 1584 1588 1645 peccatores
1607 1573 1747 1626 ultra
1770 1584 1963 1626 omnes
1982 1584 2096 1625 sua:

512 1670 754 1740 regionis
774 1669 1027 1725 Galilmos
1043 1671 1160 1724 haec
1186 1668 1332 1739 passi
1353 1674 1540 1722 essent
1561 1685 1575 1719 :
1597 1667 1670 1720 ita
1690 1667 1835 1720 enim
1857 1665 1958 1735 ipsi
1985 1664 2098 1720 exi-

509 1760 825 1815 stimabant.

2859 564 3119 632 Σιλωάμ.

2264 652 2564 723 Παρῆσαν
2587 684 2657 694 --
2684 654 2886 710 αὐτῶν
2906 657 3043 727 (55).
3078 649 3242 713 Οὗτοι
3280 660 3330 713 οι
3363 658 3662 724 Γαλιλαῖοι,
3683 661 3782 730 τῆς

2199 743 2421 816 μερίδος
2448 745 2606 810 ὄντες
2634 745 2812 800 Ἰούδα
2839 747 2935 802 τοῦ
2964 748 3279 816 Γαλιλαίου,
3313 749 3676 824 διεϐλήθησαν
3702 751 3781 815 ὡς

2197 836 2508 892 ἀποστάται
2534 837 2632 892 τοῦ
2659 841 2966 910 Καίσαρος,
2991 840 3089 896 καὶ
3113 841 3358 905 στάσεως
3394 843 3783 912 ὲμπιπλῶντες

2195 930 2318 984 κατ’
2357 930 2523 985 αὐτοῦ
2567 931 2666 1002 τὴν
2717 932 3032 988 Γαλιλαίαν.
3061 933 3198 986 Ποτὲ
3255 933 3391 1002 γοῦν
3423 934 3558 1004 ὁμοῦ
3597 936 3784 988 συνελ-

2197 1020 2400 1072 θόντων
2432 1021 2526 1074 καὶ
2551 1019 2811 1085 θυόντων,
2839 1020 3028 1092 μαθὼν
3060 1021 3220 1076 τοῦτο
3246 1023 3499 1089 Πιλᾶτος,
3526 1025 3619 1078 καὶ
3649 1027 3784 1078 ἀνα-

2197 1109 2365 1176 ζέσας
2394 1111 2473 1182 τῷ
2513 1111 2693 1184 θυμῷ,
2746 1114 2959 1182 πέμπει
3015 1115 3140 1168 κατ’
3191 1116 3375 1169 αὐτῶν
3422 1117 3781 1184 στρατιώτας,

2196 1206 2290 1258 καὶ
2313 1203 2640 1273 ἀποσφάξας
2669 1206 2890 1271 αὐτοὺς,
2915 1207 2977 1259 τδ
3004 1201 3145 1277 αἷμα
3179 1207 3386 1261 τούτων
3408 1210 3526 1271 ταῖς
3568 1209 3786 1271 θυσίαις

2196 1298 2380 1352 αὐτῶν
2409 1297 2659 1369 ἀνέμιξε.
2690 1299 2772 1353 Τὰ
2802 1300 2902 1370 μὲν
2924 1295 3018 1353 οὖν
3047 1299 3149 1370 τῆς
3174 1300 3418 1370 ἱστορίας
3441 1300 3604 1355 οὕτω.
3629 1303 3786 1371 Παρ-

2195 1391 2338 1461 ῆσαν
2394 1389 2453 1442 δέ
2481 1407 2629 1455 τινες
2656 1389 2925 1456 Ἰουδαῖοι,
2951 1391 3398 1460 ἀπαγγέλλοντες
3435 1392 3514 1459 τῷ
3552 1393 3782 1463 Χριστῴ

2201 1482 2332 1552 περὶ
2385 1480 2590 1549 αὐτῶν,
2643 1480 2938 1552 ζητοῦντες
3007 1483 3228 1554 μαθεῖν,
3271 1485 3319 1536 εί
3366 1484 3439 1548 ὡς
3472 1484 3788 1557 ἁμαρτωλοὶ

2201 1572 2355 1644 παρὰ
2415 1576 2628 1639 πάντας
2663 1577 2795 1640 τοὺς
2831 1574 3151 1647 ὁμοχῶρους
3195 1576 3514 1641 Γαλιλαίους
3559 1577 3790 1632 τοιαῦτα

2200 1665 2561 1725 πεπόνθασιν.
2586 1667 2744 1723 Οὕτω
2774 1669 2883 1741 γὰρ
2919 1662 3070 1723 οὗτοι
3102 1669 3217 1743 (54)
3245 1666 3438 1739 ᾤοντο.

583 1855 738 1910 Vers.
767 1855 820 1908 2.
857 1854 922 1908 Et
952 1855 1266 1925 respondens
1288 1884 1357 1894 —
1391 1854 1546 1910 Vers.
1587 1855 1640 1910 3.
1673 1853 1930 1924 peribitis.
1956 1851 2094 1906 Cum

2275 1850 2385 1905 Καὶ
2440 1849 2792 1920 ἀποκριθεὶς
2825 1881 2897 1891 -
2926 1850 3276 1906 ἀπολεῖσθε.
3320 1851 3542 1908 Πάντων
3598 1851 3785 1914 ἁπλῶς

510 1962 704 2001 omnes
749 1947 1078 2017 simpliciter
1109 1955 1295 2001 essent
1329 1956 1675 2017 peccatores,
1711 1944 1813 2000 soli
1845 1944 1920 1998 illi
1953 1943 2101 2015 passi

511 2049 659 2105 sunt,
696 2048 753 2092 ut
779 2047 832 2093 et
861 2039 963 2109 ipsi
997 2039 1193 2094 darent
1223 2053 1437 2108 pte-nas,
1468 2047 1525 2094 et
1552 2036 1737 2094 caeteri
1769 2034 2100 2107 deprehensi

513 2133 943 2201 eorriperentur.
988 2131 1103 2185 Nisi
1159 2145 1292 2200 ergo
1333 2131 1731 2186 convertamini
1769 2147 1799 2185 a
1832 2131 2102 2184 movenda

517 2224 785 2277 seditione
819 2223 1084 2276 adversus
1109 2237 1296 2294 regem
1338 2231 1602 2288 vestrum,
1640 2222 1916 2277 Christum
1945 2220 2102 2275 vide-

519 2315 669 2380 licet,
717 2314 1061 2382 subjicienda
1107 2329 1204 2368 vos
1240 2314 1364 2383 ipsi,
1397 2325 1452 2369 et
1495 2332 1526 2369 a
1583 2316 1794 2370 malitia
1825 2314 1894 2368 ad
1931 2315 2104 2369 virtu-

518 2420 625 2458 tem
653 2420 667 2470 ;
701 2419 877 2457 omnes
922 2404 1168 2458 similiter
1209 2406 1475 2473 peribitis,
1507 2407 1612 2459 hoc
1668 2416 1773 2472 est,
1807 2405 1972 2460 etiam
2005 2419 2101 2459 vos

520 2499 574 2550 in
617 2497 900 2552 sacrificiis
955 2499 1386 2564 interficiemini,
1442 2499 1496 2552 in
1540 2497 1740 2569 quibus
1777 2496 2100 2553 extollimini

515 2604 579 2642 ac
625 2590 955 2658 gloriamini.
1006 2591 1075 2646 Et
1107 2592 1180 2646 ita
1231 2590 1434 2647 factum
1492 2600 1594 2647 est.
1654 2590 1714 2645 In
1768 2589 1911 2645 festo
1951 2590 2099 2644 enim

514 2678 759 2744 Pasch-ae,
797 2679 1084 2735 obsidione
1113 2681 1282 2751 capti,
1314 2697 1346 2735 a
1385 2680 1648 2735 Romanis
1681 2680 1804 2736 caesi
1839 2686 1986 2734 sunt.

587 2869 741 2924 Vers.
794 2869 850 2924 4.
887 2871 993 2923 Aut
1024 2899 1094 2910 --
1134 2870 1287 2926 Vers.
1312 2872 1365 2926 5.
1397 2872 1663 2942 peribitis.
1694 2869 1875 2924 Etiam
1909 2869 1976 2924 de
2007 2868 2094 2924 his

513 2968 629 3013 erat
680 2961 909 3027 quaestio
939 2976 954 3013 :
989 2975 1057 3014 an
1111 2970 1400 3030 propterea
1448 2975 1635 3015 casum
1668 2960 1807 3012 adeo
1836 2958 2096 3013 acerbum

514 3053 661 3120 paSsi
712 3052 973 3115 fuissent,
1004 3054 1149 3122 quod
1197 3066 1384 3108 essent
1424 3063 1742 3124 peccatores
1788 3053 1928 3107 ultra
1962 3067 2100 3106 cun—

514 3154 651 3209 ctos,
683 3144 778 3213 qui
825 3143 1218 3215 Hierosolymis
1266 3146 1631 3209 habitabant;
1682 3146 1771 3200 hic
1810 3145 1954 3199 enim
2002 3144 2099 3198 de-

513 3238 720 3294 bitores
743 3241 1035 3311 appellavit
1073 3251 1410 3313 peccatores.
1445 3240 1698 3296 Ostendit
1728 3239 1908 3309 itaque
1941 3245 1996 3292 et
2029 3237 2097 3292 de

514 3331 673 3400 ipsis,
706 3348 769 3387 ac
812 3345 1166 3403 protestatur,
1207 3335 1351 3405 quod
1398 3333 1502 3388 nisi
1538 3341 1947 3396 convertantur,
1981 3345 2098 3383 om-

512 3439 612 3478 nes
666 3425 920 3480 similiter
959 3428 1257 3497 peribunt:
1320 3425 1426 3481 hoc
1461 3437 1566 3489 est,
1607 3435 1662 3480 et
1702 3424 1802 3496 ipsi
1838 3425 2096 3479 acerbum

514 3517 783 3585 accipient
817 3517 1001 3582 linem,
1029 3518 1171 3573 sicut
1205 3519 1371 3574 etiam
1401 3527 1754 3590 acceperunt,
1781 3533 1813 3572 a
1839 3517 2097 3573 Romanis

515 3616 718 3669 misere
744 3615 908 3685 capti.
946 3615 1084 3670 Hinc
1115 3631 1246 3687 ergo
1279 3617 1578 3684 discamus,
1605 3614 1752 3686 quod
1787 3614 2100 3685 temporalis

515 3706 746 3761 fratrum
800 3718 1116 3762 nostrorum
1149 3709 1534 3764 exterminatio
1575 3710 1774 3763 divina:
1815 3709 1870 3762 in
1905 3722 2100 3763 omnes

514 3798 614 3850 ira:
649 3799 959 3868 exemplum
985 3808 1088 3863 est,
1123 3798 1266 3854 facta
1292 3800 1360 3854 ad
1383 3800 1790 3855 correctionem
1826 3809 2097 3866 nostram,

514 3899 736 3956 propter
772 3893 1059 3942 summam"
1081 3888 1170 3943 Dei
1216 3889 1541 3953 bonitatem,
1570 3904 1679 3942 non
1726 3899 1950 3958 propter
1985 3888 2100 3942 sola

512 3979 728 4032 illorum
780 3988 1022 4049 peccata.
1068 3979 1277 4034 Deinde
1315 3990 1367 4034 et
1414 3980 1726 4050 parabolam
1780 3979 1958 4043 affert,
1994 3993 2100 4048 qua

512 4073 786 4136 estendat,
819 4074 964 4144 quod
991 4073 1095 4128 nisi
1129 4076 1482 4144 resipuerint,
1518 4073 1798 4143 peribunt.

587 4253 742 4308 Vers.
783 4253 834 4309 6.
871 4255 1012 4309 Dixit
1055 4267 1232 4310 autem
1278 4287 1348 4297 —
1390 4257 1542 4312 Vers.
1590 4259 1640 4313 7.
1688 4261 1954 4322 occupat?
1999 4259 2102 4314 Per

515 4347 677 4401 ficum
716 4348 1093 4419 infrngifetam
1139 4351 1233 4420 (ιη)
1270 4351 1477 4405 indicat
1513 4351 1850 4424 Synagogam
1890 4351 2104 4408 Judmoc

512 4447 657 4502 tum,
690 4439 834 4494 foliis
864 4441 1084 4509 quidem
1116 4442 1484 4497 lascivientem
1519 4442 1583 4497 ac
1602 4443 1892 4513 virentem,
1918 4447 2101 4502 verbis

2204 1944 2377 1998 ὅντων
2426 1943 2793 2015 ἁμαρτωλῶν,
2847 1946 3000 2015 μόνοι
3049 1947 3250 1998 ἐκεῖνοι
3303 1945 3656 2009 πεπόνθασιν,
3701 1945 3791 1998 ἴνα

2204 2036 2336 2090 δῶσι
2383 2053 2445 2090 τε
2495 2036 2650 2090 αὐτοὶ
2704 2036 2884 2108 δίκην,
2920 2037 3015 2092 καὶ
3063 2036 3426 2092 παιδευθῶσιν
3464 2039 3510 2090 οἱ
3566 2037 3790 2090 ὑπολει-

2205 2128 2456 2199 φθέντες.
2488 2128 2616 2182 Ἐὰν
2645 2126 2740 2183 οὖν
2798 2129 2875 2200 μὴ
2914 2129 3332 2201 μεταδάλλησθε
3384 2130 3491 2184 ἀπὸ
3530 2129 3624 2182 τοῦ
3656 2145 3790 2182 στα-

2207 2221 2417 2286 σιάζειν
2447 2223 2590 2277 κατὰ
2603 2222 2698 2276 τοῦ
2724 2221 2991 2292 βασιλέως
3012 2223 3188 2293 ὑμῶν,
3207 2222 3300 2276 τοῦ
3334 2222 3571 2292 Χριστοῦ
3604 2221 3792 2292 δηλον-

2203 2314 2309 2382 ότι,
2352 2319 2433 2379 είς
2474 2317 2536 2370 τὸ
2569 2316 2973 2370 ὑποτάττεσθαι
2997 2314 3169 2384 αύτῷ,
3193 2316 3288 2370 καὶ
3332 2315 3438 2368 ἀπὸ
3473 2315 3672 2377 κακίας
3709 2315 3790 2375 εἰς

2204 2407 2429 2477 ἀρετὴν,
2460 2406 2692 2475 Πάντες
2732 2408 2947 2478 ὁμοίως
2999 2407 3350 2471 ἀπολεῖσθε,
3397 2408 3663 2469 τουτέστι,
3693 2408 3789 2458 καὶ

2203 2500 2362 2556 αὐτοὶ
2390 2501 2447 2553 ἑν
2482 2502 2603 2563 ταῖς
2657 2499 2873 2560 θυσίαις
2913 2498 3372 2571 ἀναιρεθήσεσθε,
3397 2499 3482 2566 ἔφ’
3506 2493 3594 2561 αἷς
3628 2498 3789 2569 βρεν-

2206 2593 2403 2648 θύεσθε
2439 2594 2533 2647 καὶ
2565 2590 2926 2662 σεμνύνεσθε.
2954 2593 3066 2646 Καὶ
3096 2593 3326 2660 γέγονεν
3359 2589 3560 2652 οὕτως.
3596 2591 3685 2642 Ἐν
3719 2594 3784 2661 τῇ

2205 2689 2369 2758 ἑορτῇ
2398 2687 2508 2757 γὰρ
2538 2683 2633 2739 τοῦ
2659 2683 2854 2755 Πάσχα
2890 2684 3412 2756 ἐκπολιορκηθέντες
3443 2681 3788 2754 ἀνῃρέθησαν

2204 2780 2310 2833 ὑπὸ
2341 2781 2449 2832 τῶν
2488 2778 2800 2846 Ῥωμαίων.

2276 2873 2351 2926 Ἢ
2377 2870 2599 2925 ἐκεῖνοι
2620 2900 2693 2910 -
2717 2868 3068 2925 ἀπολεῖσθε.
3093 2870 3204 2924 Καὶ
3234 2869 3590 2941 περὶτούτων
3617 2867 3787 2938 ζήτη-

2203 2981 2286 3028 σις
2320 2961 2410 3034 ἦν,
2439 2965 2485 3017 εἱ
2516 2963 2594 3027 ὡς
2639 2963 2958 3034 ἁμαρτωλοὶ
2998 2963 3149 3034 παρὰ
3183 2965 3389 3024 «ivra;
3417 2962 3545 3025 τοὺς
3579 2963 3637 3014 ὲν
3681 2961 3784 3012 ἰε-

2205 3054 2485 3128 ρουσαλὴμ
2515 3053 2754 3108 τοιοῦτον
2781 3053 2977 3125 πικρὸν
3012 3054 3260 3120 ἐδέξαντο
3280 3055 3434 3116 τέλος
3454 3070 3467 3083 ·
3497 3053 3782 3123 ὀφειλέτας

2201 3151 2312 3220 γὰρ
2345 3147 2442 3201 νῦν
2489 3148 2615 3211 τοὺς
2646 3147 3006 3219 ἁμαρτωλοὺς
3032 3147 3336 3218 ὠνόμασεν.
3399 3146 3787 3215 Ἀποφαίνεται

2202 3247 2381 3300 τοίνυν
2422 3245 2518 3299 καὶ
2556 3247 2686 3317 περὶ
2727 3245 3044 3309 αύτῶν,καὶ
3102 3243 3654 3317 διαμαρτύρεται,ὼς
3687 3244 3784 3296 ἐὰν

2205 3339 2281 3412 μὴ
2317 3339 2722 3411 μεταϐληθῶσι,
2747 3338 2952 3403 πάντες
2979 3338 3184 3410 ὁμοίως
3224 3337 3579 3400 ἀπολοῦνται,
3598 3339 3786 3390 τουτέ-

2206 3433 2431 3496 στι,καὶ
2489 3432 2646 3485 αὐτοὶ
2692 3432 2888 3503 πικρὸν
2956 3432 3072 3502 (35)
3129 3429 3367 3498 δέξονται
3426 3430 3598 3496 τέλος,
3651 3431 3788 3500 ὅπερ

2200 3527 2463 3588 ὡσαύτως
2496 3523 2770 3591 ἐδέξαντο,
2794 3523 3048 3595 χαλεπῶς
3074 3521 3508 3587 ὲξαναλωθέντες
3540 3520 3646 3575 ὐπδ
3674 3519 3783 3573 τῶν

2212 3620 2524 3690 Ῥωμαίων.
2569 3619 2938 3688 Μανθάνομεν
2965 3616 3060 3671 οὖν
3105 3614 3382 3682 ἐντεῦθεν,
3412 3615 3486 3678 ὼς
3516 3616 3549 3684 ὴ
3583 3613 3784 3685 μερικὴ

2201 3711 2311 3766 τῶν
2343 3712 2599 3781 ἀδελφῶν
2645 3712 2805 3782 ἡμῶν
2848 3710 3226 3782 ὲξολόθρευσις
3280 3709 3478 3778 δεῖγμα
3511 3711 3607 3777 τῆς
3639 3707 3784 3762 κατὰ

2203 3804 2424 3857 πάντων
2457 3803 2609 3865 θείας
2641 3803 2812 3874 ὀργῆς
2846 3805 2987 3866 ἐστι,
3019 3803 3155 3872 πρὸς
3184 3801 3471 3872 διόρθωσιν
3501 3800 3658 3870 ἡμῶν
3695 3816 3783 3867 γι-

2203 3897 2426 3966 νομένη,
2450 3895 2541 3948 διὰ
2565 3897 2664 3967 τὴν
2700 3894 2881 3966 ἄκραν
2917 3893 3233 3963 ἀγαθότητα
3269 3891 3362 3947 τοῦ
3397 3892 3554 3956 Θεοῦ,
3604 3894 3697 3944 καὶ
3719 3892 3782 3943 ού

2202 3987 2293 4039 διὰ
2327 3987 2498 4056 μόνας
2533 3985 2634 4046 τὰς
2676 3983 2905 4038 ἐκείνων
2950 3983 3227 4056 ἁμαρτίας
3276 3984 3460 4047 αὐτοῖς
3494 3982 3780 4050 ἐπάγεται.

2203 4078 2337 4131 Εἶτα
2379 4077 2566 4148 τίθησι
2601 4080 2695 4130 καὶ
2735 4077 3056 4149 παραϐολὴν
3109 4077 3503 4149 ἐμφαίνουσαν,
3527 4077 3599 4140 ὡς
3624 4078 3673 4130 εί
3706 4077 3782 4147 μὴ

2205 4167 2647 4240 μεταϐληθῶσιν,
2669 4169 3016 4222 ἀπολοῦνται.
3109 4164 3113 4167 ’

2278 4262 2492 4329 Ἔλεγε
2525 4259 2594 4313 δὲ
2620 4287 2691 4301 -—
2727 4262 3039 4329 xaraprei';
3073 4261 3253 4329 Συκῆν
3304 4260 3414 4330 (⁵56)
3453 4259 3553 4329 μὲν
3605 4261 3782 4331 ἄκαρ-

2204 4368 2306 4404 πον
2355 4352 2616 4422 ὑποδηλοϊ
2660 4351 2760 4422 τὴν
2792 4351 3126 4421 Συναγωγὴν
3165 4351 3273 4404 τῶν
3321 4351 3610 4416 Ἰουδαίων,
3652 4352 3782 4420 φύλ-

2205 4442 2317 4505 λοις
2355 4442 2456 4513 μὲν
2520 4443 2780 4513 κομῶσαν
2829 4444 2924 4496 καὶ
2973 4442 3295 4507 θάλλουσαν,
3340 4442 3536 4508 εἵτουν,
3607 4443 3785 4511 λόγοις

439 4608 442 4609 ν
510 4531 771 4586 videlicet
807 4532 1072 4600 legalibus
1103 4550 1166 4588 ae
1199 4537 1556 4605 propheticis,
1602 4536 1697 4591 sed
1726 4536 1964 4593 fructum
1993 4556 2099 4594 non

2212 4539 2456 4606 νομικοῖς
2489 4538 2581 4588 καὶ
2620 4537 2986 4606 προφητικοῖς
3005 4552 3018 4565 ·
3048 4535 3263 4605 καρπὸν
3303 4534 3359 4587 δὲ
3387 4535 3460 4605 μὴ
3488 4534 3783 4604 φέρουσαν,

513 4629 805 4691 ferentem,
828 4637 975 4695 puta,
1005 4627 1285 4682 virtutem.
1313 4627 1481 4682 Vinea
1509 4639 1694 4683 autem
1715 4633 1955 4686 mundus
1982 4641 2092 4696 est,

511 4728 704 4787 utpote
735 4723 1037 4788 plantatus,
1066 4731 1126 4774 ut
1164 4722 1400 4775 fructum
1442 4722 1552 4775 Deo
1583 4727 1853 4791 proferret
1892 4723 2094 4794 jucun-

512 4808 795 4863 dissimum
823 4826 839 4875 ;
867 4811 1042 4864 cultor
1071 4827 1201 4866 vero
1219 4813 1391 4868 vineae
1417 4811 1690 4874 Christus.
1723 4829 1908 4869 curam
1949 4817 2098 4871 scili-

512 4909 601 4954 cet
626 4915 821 4971 gerens
841 4901 1154 4971 huiusmodi
1189 4904 1384 4972 vineae,
1419 4921 1482 4961 ac
1507 4907 1781 4976 plantator
1810 4907 2049 4963 fidelium
2076 4928 2092 4975 ;

516 4992 716 5048 habere
768 5004 950 5049 autem
1004 4998 1167 5053 ficum
1209 4999 1410 5054 dicitur
1453 4999 1633 5066 Pater,
1671 5001 1820 5056 hunc
1856 5018 2094 5073 namque

515 5089 688 5142 solum
723 5089 924 5146 fatetur
948 5091 1264 5149 intimorum
1291 5094 1570 5167 Synagoga
1595 5094 1882 5151 Dominum
1910 5113 2095 5152 suum.

2203 4630 2394 4700 ἣγουν,
2414 4629 2639 4699 ἀρετήν.
2677 4627 2968 4698 Ἀμπελὼν
2998 4628 3077 4693 δὲ,
3100 4628 3128 4679 ό
3151 4626 3374 4698 κόσμος,
3397 4625 3470 4689 ὡς
3495 4624 3786 4695 φυτευθεὶς

2200 4723 2293 4774 ἐπί
2316 4721 2392 4792 τῷ
2419 4721 2663 4789 ἐνεγκεῖν
2695 4720 2910 4791 καρπὸν
2940 4721 3160 4792 ἥδιστον
3187 4719 3263 4790 τῷ
3292 4719 3411 4789 Θεῷ
3431 4734 3446 4749 ’
3470 4717 3783 4788 ἀμπελουρο

2199 4816 2294 4889 γδς
2320 4816 2397 4881 δὲ,
2431 4817 2459 4867 ό
2487 4813 2743 4884 Χριστὸς,
2760 4813 2834 4877 ὡς
2851 4811 3278 4884 ἐπιμελούμενος
3295 4810 3396 4888 ,τοῦ
3413 4810 3658 4863 τοιούτου
3674 4810 3784 4880 ἁμ-

2202 4910 2464 4974 πελῶνος,
2501 4909 2599 4962 καὶ
2639 4908 2979 4978 φυτηκομῶν
3027 4909 3159 4969 τοὺς
3216 4903 3470 4967 πιπούςο
3503 4906 3530 4957 ὁ
3563 4902 3620 4955 δὲ
3647 4903 3785 4971 ἔχων

2199 5005 2300 5077 τὴν
2337 5003 2528 5072 συκῆν,
2556 5001 2706 5056 ἐστιν
2739 5005 2767 5056 ὀ
2789 5003 3003 5074 Πατήρ.
3031 5000 3233 5054 Τοῦτον
3251 4999 3361 5070 γὰρ
3385 4998 3547 5068 μόνον
3579 4995 3783 5063 Κύριον

2206 5099 2408 5168 ἑαυτῆς
2434 5099 2467 5168 ἡ
2492 5097 2792 5167 Συναγωγή
2819 5096 2928 5149 τῶν
2968 5095 3242 5151 Ἰουδαίων
3270 5093 3542 5165 ὁμολογεῖ.
3565 5089 3705 5162 Τρία
3727 5089 3782 5142 δὲ

1697 5305 1894 5366 Variae
1941 5303 2254 5366 lectiones
2292 5312 2352 5367 et
2395 5312 2584 5366 nota}.

588 5463 698 5542 (‘55)
730 5461 921 5542 Αύτῶν
956 5480 1063 5520 non
1101 5468 1350 5542 agnoscit
1399 5469 1704 5542 ilentenius
1737 5469 1788 5522 in
1822 5470 2094 5541 interpre~

518 5539 748 5612 talione.
781 5534 942 5588 Miror
965 5534 1272 5612 sane.fl\‘ec
1314 5542 1457 5612 enim
1507 5542 1574 5594 de
1609 5541 1713 5595 hoe
1745 5534 1986 5612 ‘tnonuit
2039 5543 2094 5597 in

513 5605 858 5683 Prael'atione,
885 5621 1002 5683 _nec
1032 5611 1211 5664 αὐτῶν
1239 5611 1503 5666 omissum
1534 5620 1616 5666 est
1666 5629 1696 5666 a
1745 5610 1972 5683 Vulgato
2004 5615 2094 5668 in-

517 5685 756 5747 terprete
771 5676 997 5734 Latino.

592 5839 688 5904 (m)
721 5840 993 5906 Interpres
1028 5843 1243 5900 videtur
1310 5845 1506 5911 legisse
1556 5844 1644 5900 διὰ
1696 5846 1868 5910 συκῆς
1919 5843 2196 5910 ἀκάρπου.

2281 5472 2396 5538 (at)
2429 5470 2614 5532 Αὖτοί,

2279 5544 2395 5612 (55)
2430 5541 2632 5612 Πικρὸν
2661 5544 2762 5612 xui.
2798 5544 2975 5602 αὐτοί,
3013 5541 3072 5594 Β.

2279 5546 2370 5612 (55
2430 5546 2632 5612 Πικρδν
2661 5546 2754 5594 καὶ
2798 5546 2975 5602 αὐτοί,
3013 5546 3072 5594 Β.

2279 5546 2395 5686 (ὅθί
2419 5612 2600 5680 Forte,
2643 5611 2782 5684 συκῆ
2815 5612 2913 5683 μὲν
2947 5613 3214 5685 ἄκαρπος.

2657 5485 2758 5540 pro
2808 5462 2979 5534 οὗτοι,
3006 5470 3066 5523 Β.
