4016 6468
194 423 334 490 1001

1163 419 1555 482 COMMENT.
1599 420 1681 481 IN
1723 420 2003 480 LUCAM.
2045 446 2109 456 ·-
2151 422 2308 482 CAP.
2349 422 2520 481 XIII.

3368 419 3507 482 16(ιὲ

190 543 312 610 ἔτη,
355 539 410 591 αἱ
444 539 589 608 τρεῖς
645 536 922 591 πολιτεῖαι
979 539 1085 590 τῶν
1156 539 1510 610 Ἰουὸᾘιὰψή
1553 538 1658 593 ὑπὸ
1690 539 1783 590 τῶι

1914 538 2044 596 l‘rcs
2067 557 2194 597 vero
2223 543 2376 607 anni,
2402 553 2512 596 tres
2543 552 2672 596 sunt
2702 540 3021 594 .tudaeorum
3054 535 3501 609 gubernationes.

189 632 401 704 κριτῶν
461 629 776 701 ἰθυνομένη,
828 649 924 683 και
954 632 986 701 ἡ
1020 630 1123 683 ὑπὸ
1158 631 1266 684 τῶν
1305 632 1601 701 βασιλέων,
1634 633 1728 686 καὶ
1763 635 1794 703 ὴ

187 729 297 779 ὑπὸ
330 725 438 778 τῶν
487 724 811 794 ἀρχιερέων.
855 724 1028 793 Φησὶν
1059 723 1173 787 οὖν,
1207 727 1521 794 Ἐκκοψον
1576 726 1794 794 αὐτὴν,

185 819 334 872 διατί
367 817 459 869 καὶ
491 817 588 886 τὴν
617 816 724 884 γῆν
751 815 989 888 καθιστᾷ
1019 818 1200 888 ἀργήν
1227 835 1243 886 ;

277 910 341 964 Ὀ
377 910 446 962 δὲ
483 937 547 947 -—-
581 909 822 978 κόπρια.
849 911 1171 980 Παρακαλεῖ
1193 911 1336 981 ὑπὲρ
1360 913 1470 964 τῶν
1494 913 1794 975 Ἰουδαίων,

186 1007 267 1070 ὡς
311 1009 371 1072 ἐξ
426 1007 703 1061 Ἰουδαίων
743 1008 1196 1079 ἐνανθρωπήσας,
1225 1012 1320 1063 καὶ
1380 1011 1616 1064 ἱκετεύει
1653 1009 1795 1078 ὑπὲρ

184 1099 299 1152 τῶν
352 1100 497 1152 κατὰ
558 1100 740 1170 σάρκα
802 1101 1109 1169 συγγενῶν,
1161 1102 1432 1172 ἀφεθῆναι
1490 1105 1587 1156 καὶ
1634 1103 1796 1156 τοῦτο

185 1191 250 1243 τὸ
274 1192 415 1256 ἔτος,
439 1193 640 1264 δηλαδὴ
685 1194 776 1246 τὸν
805 1195 998 1264 καιρὸν
1035 1195 1160 1248 καθ’
1189 1195 1250 1248 δν
1275 1195 1702 1261 ἑδίδασκεν,’ἐως
1734 1191 1794 1250 οἷο

188 1284 379 1355 σκάψῃ
434 1287 532 1356 τὴν
590 1287 956 1357 σκληρότητα,
981 1286 1080 1356 τὴν
1106 1289 1235 1357 περὶ
1263 1289 1360 1352 τὰς
1390 1288 1794 1359 ψυχὰφαὺτῶν,

186 1375 268 1446 τῷ
344 1377 617 1448 ἐργαλείῳ
696 1379 797 1449 τῆς
867 1381 1289 1450 παραινέσεως,
1355 1383 1447 1435 καὶ
1511 1381 1651 1452 βάλῃ
1709 1382 1798 1432 κό-

188 1485 328 1536 πρια
357 1467 468 1538 (37)
497 1468 836 1532 λιπαίνοντα,
861 1471 1130 1535 τουτέστι,
1164 1472 1521 1525 διδασκαλίαν
1547 1471 1795 1524 πιαίνου-

190 1575 292 1612 σιν
316 1559 396 1620 είς
423 1562 819 1632 καρποφορίαν.

264 1652 392 1705 Κᾶν
420 1683 490 1694 —-
512 1657 767 1722 καρπόν.
809 1655 1174 1720 Ἐλλειπτικὸς
1206 1661 1231 1710 ὁ
1263 1657 1438 1726 λόγος.
1469 1660 1664 1712 Λείπει
1688 1661 1796 1731 γὰρ

186 1742 250 1796 τὸ
282 1743 354 1796 Εὖ
395 1745 531 1816 ἔχει.

263 1839 335 1890 El
372 1838 442 1890 δὲ
472 1868 542 1878 --
567 1841 784 1908 αὐτὴν.
809 1842 902 1905 Εἰς
936 1843 1030 1895 τὸν
1062 1845 1332 1915 μέλλοντα
1374 1848 1591 1918 καιρόν.
1631 1847 1793 1900 Ύπο-

1901 648 1965 688 ca
1998 634 2251 690 videlicet
2283 651 2388 704 qua
2425 633 2832 704 subjudieibus
2864 634 3223 704 regebantur,
3259 647 3346 697 ea,
3392 649 3501 703 qua

1903 726 2006 780 sub
2043 727 2283 796 regibus,
2321 738 2376 782 et
2405 744 2489 790 ea,
2524 743 2630 797 qua
2657 727 2759 782 Sub
2784 727 3158 797 pontiﬁcibus.
3203 727 3293 780 Ait
3323 741 3454 797 ergo
3485 745 3500 781 :

1901 816 2121 872 Succide
2142 819 2316 884 illam,
2341 829 2396 873 ut
2420 821 2550 890 quid
2571 821 2735 874 etiam
2775 831 2977 872 terram
3026 818 3204 873 reddit
3225 817 3502 874 otiosam?

1975 914 2128 968 Vers.
2161 916 2213 969 8.
2234 913 2409 968 Atille
2435 944 2502 953 —
2519 926 2776 968 stercora.
2795 913 3056 968 Precatur
3076 912 3415 983 proluit-eis,
3447 923 3504 967 ut

1900 1005 1991 1073 qui
2009 1020 2072 1058 cx
2089 1003 2294 1060 Judaeis
2313 1006 2712 1060 humanitatem
2729 1005 3050 1076 assumpsit;
3070 1015 3123 1058 et
3146 1019 3245 1075 pro
3259 1005 3506 1076 cognatis

1897 1099 2051 1166 juxta
2083 1114 2304 1152 carnem
2336 1099 2611 1164 obsecrat,
2646 1113 2705 1154 ut
2737 1099 2820 1153 vel
2851 1099 2953 1153 hoc
2987 1113 3134 1152 anno
3179 1098 3504 1168 relinquan-

1903 1199 2010 1255 tur,
2063 1191 2325 1246 videlicet
2357 1201 2604 1261 tempore
2650 1207 2760 1261 quo
2813 1191 3068 1254 docebat,
3137 1191 3314 1245 donec
3369 1189 3503 1245 cllo-

1901 1285 2055 1340 deret
2087 1285 2370 1348 duritiem,
2419 1301 2541 1356 quae
2585 1286 2637 1338 in
2670 1285 2854 1339 anima
2880 1299 3074 1338 eorum
3101 1292 3238 1346 erat,
3288 1285 3499 1337 instru-

1902 1388 2090 1432 mento
2139 1379 2557 1441 admonitionis,
2613 1389 2668 1432 et
2725 1377 2970 1432 mitteret
3021 1385 3266 1430 stercora
3304 1376 3504 1447 impin-

1901 1472 2146 1541 guantia,
2181 1472 2283 1526 hoc
2307 1482 2411 1537 cst,
2435 1473 2764 1538 doctrinam,
2787 1488 2908 1543 qua!
2924 1472 2991 1526 ad
3013 1470 3498 1526 l'ructifrcationem

1904 1562 2163 1631 pinguem
2194 1563 2395 1618 reddit.

1979 1655 2133 1711 Yers.
2190 1656 2245 1712 9.
2292 1655 2356 1710 Et
2393 1659 2438 1709 si
2479 1686 2543 1697 —-
2575 1659 2828 1726 fructum.
2861 1655 3139 1710 Delectiva
3176 1656 3349 1709 oratio
3381 1666 3498 1709 est:

1901 1746 2081 1799 deﬁcit
2113 1748 2259 1801 enim
2286 1767 2300 1802 :
2337 1747 2483 1801 Bene
2515 1763 2572 1802 se
2604 1747 2768 1801 habet
2797 1763 2906 1813 res,
2938 1748 3047 1813 vel,
3085 1747 3230 1801 Bene
3253 1747 3500 1817 quidem.

1975 1840 2132 1894 V'ers.
2168 1838 2222 1893 9.
2256 1837 2349 1892 Sin
2377 1870 2441 1879 -
2465 1838 2637 1893 illaut.
2676 1837 2734 1892 In
2769 1838 3012 1892 futurum
3051 1847 3303 1908 tempus;
3334 1839 3502 1909 signi-

184 1927 341 1998 δηλοί
365 1929 442 1993 δὲ,
472 1931 594 1983 καθ’
641 1932 699 1985 ὅν
761 1935 1170 2006 ἐπολιόρκησαν
1201 1938 1300 2007 τὴν
1338 1939 1713 2006 Παλαιστίνην
1741 1947 1783 1993 oi

1914 1935 2023 1990 icat
2052 1944 2236 1989 autem
2279 1944 2515 2004 tempus,
2557 1949 2666 2003 quo
2720 1933 2962 1988 Judzeam
3005 1933 3337 1988 obsederunt
3393 1933 3501 1987 llo-

201 2015 488 2087 Ῥωμαῖοι.
537 2024 674 2077 Τότε
710 2025 819 2095 γὰρ
879 2029 1132 2097 παγγενῆ
1168 2030 1267 2096 τὴν
1296 2031 1632 2101 Συναγωγὴν
1685 2033 1790 2086 τῶν

200 2109 474 2168 Ἷουδαίων
510 2116 738 2188 ἐξέκοψε
769 2121 869 2190 τῆς
899 2121 1005 2189 γῆς
1027 2121 1267 2191 ἐκείνης,
1297 2123 1390 2174 καὶ
1417 2123 1788 2193 ἁντεφύτευσε

189 2212 292 2280 τὴν
339 2210 670 2281 Ἐκκλησίαν
717 2213 826 2266 τῶν
857 2215 1229 2284 Χριστιανῶν,
1269 2217 1367 2288 τὴν
1391 2219 1477 2270 ἀεὶ
1510 2236 1793 2289 καρποφοο

195 2302 422 2373 ροῦσαν.
454 2304 516 2356 El.
566 2303 622 2357 δέ
676 2321 762 2368 τις
810 2306 997 2359 εἴποι·
1029 2307 1139 2360 Καὶ
1175 2306 1304 2376 μὴν,
1334 2309 1393 2359 οὐ
1441 2314 1792 2364 παντάπασιν

187 2395 442 2464 ἄκαρπος
470 2393 598 2468 ἧνὴ
635 2397 942 2466 Συναγωγή
968 2398 1078 2450 τῶν
1125 2399 1398 2452 Ἰουδαίων
1439 2405 1496 2454 ἐν
1538 2405 1654 2464 τοῖς
1700 2404 1791 2471 δη-

189 2489 482 2554 meum;
502 2491 650 2560 τρισὶ⁵
673 2491 1002 2556 πολιτείαις·
1025 2493 1494 2564 ἐκαρποφόρησαν
1515 2495 1622 2563 γάρ
1649 2511 1792 2556 τινες

188 2585 248 2635 ἐν
282 2583 499 2648 αὐταῖς,
529 2584 667 2637 ἀλλὰ
695 2585 792 2636 καὶ
819 2587 876 2637 ἐν
899 2583 976 2652 τῷ
1000 2584 1204 2655 καιρῷ,
1236 2585 1358 2638 καθ’
1388 2585 1447 2637 ὃν
1472 2585 1753 2638 ἐδίδασκεν
1774 2603 1788 2616 ·

187 2674 462 2746 ἐροῦμεν,
497 2677 581 2729 ὅτι
633 2675 744 2729 τῶν
810 2675 1021 2729 πολλῶν
1062 2677 1096 2746 ἡ
1137 2676 1305 2729 κακία
1361 2675 1629 2729 καλύπτει
1683 2677 1794 2728 τῶν

188 2768 390 2837 ὀλίγων
425 2771 524 2838 τὴν
559 2769 785 2840 ἀρετὴν,
825 2769 1007 2822 καὶτὸ
1042 2771 1149 2821 πᾶν
1181 2770 1289 2823 ἀπὸ
1322 2769 1418 2821 τοῦ
1463 2769 1789 2834 πλεονάζον-

187 2877 283 2924 τος
319 2861 595 2932 κρίνεται.

191 2975 349 3028 ΚΕΦ.
379 2961 518 3029 ΜΗν.
545 2975 686 3046 Περὶ
718 2975 828 3045 τῆς
856 2977 1126 3046 ἐχούσης
1157 2978 1397 3048 πνεῦμα
1444 2980 1788 3046 ἀσθενείας.

259 3129 378 3191 Ἦν
394 3134 462 3188 δὲ
493 3135 804 3190 διδάσκων
833 3167 901 3177 -
927 3139 1098 3195 ὀκτώ.
1129 3139 1421 3210 Δαιμόνιον
1449 3141 1787 3210 ἀρρωστίαῖν

191 3228 270 3301 μὴ
300 3229 405 3283 ε’ῶν
434 3231 606 3300 αὐτὴν
643 3231 888 3299 ὑγιᾶναι.

261 3418 369 3472 Kal
394 3413 474 3488 ἦν
493 3447 561 3458 -
585 3419 1046 3488 προσεφώνησε.
1070 3421 1502 3492 Σπλαγχνισοεὶς
1527 3421 1786 3475 ἐκάλεσεν

185 3511 384 3580 αὑτήν.

260 3609 371 3662 Kal
403 3638 474 3648 —
502 3611 671 3663 Θεόν.
703 3609 988 3664 Πιστεύειν
1018 3611 1112 3664 καὶ
1161 3611 1530 3680 εὐγνωμονεῖν
1558 3612 1787 3682 ἔμελλεν

187 3705 221 3774 ἠ
260 3702 424 3772 γυνή.
481 3703 594 3754 Καὶ
637 3703 746 3772 γὰρ
787 3705 882 3756 καὶ
911 3704 980 3755 δι’
1031 3705 1195 3757 αὑτὸν
1253 3701 1408 3776 ἦλθε,
1440 3705 1532 3758 καὶ
1576 3708 1786 3761 ίαοεῖσα

182 3797 536 3866 εὐχαριστεῖ⁴
566 3797 646 3848 διὸ
674 3798 769 3849 καὶ
799 3799 1010 3866 ταχέως
1039 3799 1214 3868 αὐτὴν
1250 3799 1614 3870 ἐθεράπευσε,
1644 3802 1786 3870 λόγῳ

187 3890 311 3961 μὲν,
345 3891 422 3954 ὼς
457 3891 615 3956 Θεὸς,
661 3892 908 3946 ὲπιθέσει
943 3893 998 3946 δὲ
1025 3895 1251 3965 χειρῶν,
1276 3895 1350 3958 ὼς
1384 3895 1696 3967 ἄνθρωπος.

265 4071 496 4125 Ἐτύπου
523 4073 578 4126 δὲ
612 4073 644 4143 ἡ
675 4074 814 4143 γυνὴ
849 4074 988 4145 αὕτη
1025 4074 1125 4146 τὴν
1147 4076 1337 4145 κοινὴν
1360 4076 1781 4149 ἀνθρωπότητα,

180 4167 305 4228 ταῖς
362 4165 650 4235 ὲπηρείαις
700 4167 792 4219 τοῦ
845 4167 1064 4220 Σατανᾶ
1115 4167 1646 4240 ἀσθενήσασαν,καὶ
1681 4172 1785 4224 ὑπὸ

181 4253 292 4306 τῶν
325 4253 515 4306 παθῶν
551 4258 630 4317 είς
683 4257 784 4325 γῆν
819 4256 1272 4325 συγκύπτουσαν,
1303 4262 1397 4313 καὶ
1430 4263 1608 4331 χαμαὶ
1645 4263 1784 4333 πρὸς

179 4348 251 4399 τὰ
286 4347 464 4416 γεηρὰ
502 4349 831 4420 συρομένην,
860 4351 951 4404 καί
1011 4359 1090 4422 μη
1134 4349 1451 4423 δυναμένην
1502 4355 1783 4424 ἀνακύψαι

176 4439 318 4502 ὅλως
353 4439 491 4510 πρὸς
521 4441 590 4492 τὰ
623 4442 853 4511 οὐράνια
882 4443 979 4496 καὶ
1007 4441 1128 4496 θεῖα
1161 4445 1254 4496 καὶ
1278 4445 1468 4514 νοητὰ,
1503 4445 1572 4514 ἢν
1613 4446 1786 4510 οὕτως

178 4533 434 4596 ἐλεεινῶς
487 4535 741 4604 ἔχουσαν,
768 4534 1039 4606 ᾤκτειρεν
1083 4539 1110 4589 ὁ
1150 4537 1400 4607 πλάστης
1445 4539 1643 4610 αὐτῆς,
1690 4543 1783 4593 καὶ

1897 2028 2064 2084 mani.
2089 2027 2242 2082 Tunc
2268 2028 2414 2082 enim
2441 2027 2776 2098 generaliter
2811 2041 3142 2098 synagogam
3179 2025 3495 2082 Iudaeorum

1897 2121 2098 2176 excidit
2122 2137 2152 2175 ο
2182 2129 2326 2176 terra
2361 2121 2450 2173 illa
2479 2136 2493 2185 ;
2523 2135 2587 2174 ac
2619 2119 2738 2174 loco
2763 2120 2883 2190 ejus
2910 2119 3352 2174 Chrisrianorum
3393 2119 3495 2173 Ec~

1896 2216 2116 2272 clesiam
2179 2215 2476 2285 plantavit,
2534 2229 2656 2282 qua:
2721 2212 2964 2267 fructum
3034 2227 3253 2281 semper
3315 2211 3494 2266 allert.

1896 2311 2051 2376 Quod
2074 2311 2118 2364 si
2160 2309 2284 2378 quis
2332 2309 2478 2363 dicat
2523 2327 2533 2360 :
2585 2305 2702 2360 Non
2739 2320 2958 2376 semper
3005 2303 3328 2376 infrugil‘era
3377 2317 3498 2361 erat

1899 2403 2508 2476 Synagogaludteorum
2536 2401 2592 2454 in
2613 2399 2889 2471 praedictis
2924 2399 3101 2453 tribus
3137 2400 3496 2470 gubernatio-

1897 2497 2092 2557 nibus;
2125 2495 2345 2564 quidam
2368 2494 2514 2548 enim
2543 2493 2686 2546 inter
2709 2507 2804 2546 eos
2831 2491 2906 2561 (η)
2931 2490 3169 2544 lructum
3190 2491 3499 2544 attulerunt

1897 2591 2063 2644 etiam
2095 2598 2464 2658 temporequo
2482 2586 2716 2641 docebat
2741 2583 3020 2648 Christus;
3057 2583 3310 2637 dicemus
3341 2585 3492 2652 quod

1897 2682 2198 2736 multorum
2235 2680 2444 2734 malitia
2490 2693 2792 2750 paucorum
2842 2677 3084 2730 occultat
3115 2677 3406 2740 virtutem;
3442 2686 3499 2728 et

1897 2793 1961 2831 ex
1996 2793 2083 2842 eo,
2116 2776 2262 2847 quod
2287 2776 2336 2828 in
2361 2775 2480 2845 ipso
2508 2772 2771 2838 abundat,
2803 2771 3022 2841 quidvis
3052 2757 3348 2840 judicatur.

1896 2984 2048 3039 CAP.
2083 2984 2314 3039 XLVIII.
2351 2983 2425 3038 De
2467 2983 2685 3036 muliere
2741 2991 3037 3047 contracta,
3068 2981 3312 3050 spiritum
3345 2981 3496 3051 inﬁr-

2443 3054 2646 3106 mitatis
2688 3053 2934 3106 habente.

1969 3150 2121 3205 Vers.
2163 3151 2245 3203 It).
2289 3147 2514 3201 Docebat
2543 3155 2724 3199 autem
2754 3173 2817 3186 -—-
2851 3144 3004 3199 Vers.
3047 3147 3132 3199 ll.
3181 3158 3317 3200 octo.
3374 3148 3493 3202 Da:-

1815 3261 1859 3322 C
1897 3243 2144 3298 monium
2171 3240 2586 3304 imbecillitatis,
2615 3255 2725 3294 non
2762 3240 2952 3293 sinens
2983 3239 3127 3293 illam
3156 3240 3340 3296 vivere
3365 3257 3492 3297 cum

1891 3336 2088 3389 salute.

1965 3425 2120 3480 Vers.
2169 3426 2250 3478 ll.
2289 3424 2530 3495 Eratque
2558 3454 2628 3466 ——
2670 3423 2826 3480 Vers.
2868 3424 2956 3478 12.
3014 3427 3240 3480 vocavit.
3279 3424 3490 3480 Miseri.

1891 3519 2079 3574 cordia
2122 3529 2304 3573 motus
2333 3519 2549 3572 vocavit
2601 3518 2770 3572 illam.

1962 3612 2116 3666 Vers.
2162 3612 2250 3665 l2.
2284 3611 2438 3664 Et“
2473 3609 2629 3665 Vers.
2673 3612 2754 3665 l5.
2810 3610 3000 3665 Deum.
3041 3611 3335 3673 Creditura
3372 3624 3490 3667 erat

1890 3704 2091 3759 mulier
2125 3716 2179 3757 et
2236 3713 2388 3774 grata
2437 3702 2652 3757 futura.
2706 3703 2991 3773 Siquidem
3045 3705 3211 3758 etiam
3264 3715 3488 3776 propter

1892 3798 2072 3868 ipsum
2095 3808 2341 3859 venerat.
2372 3807 2428 3852 et
2458 3807 2649 3851 sanata
2674 3797 2877 3868 gratias
2903 3798 3034 3870 agit.
3065 3799 3192 3852 Ideo
3225 3800 3491 3854 velociter

1889 3907 2009 3946 eam
2073 3893 2320 3956 curavit;
2384 3891 2552 3945 verbo
2599 3892 2846 3960 quidem,
2902 3900 2962 3944 ut
3005 3891 3174 3957 Deus,
3223 3908 3488 3946 manuum

1893 4000 2022 4039 vero
2057 3985 2430 4054 impositione,
2473 3993 2732 4054 tanquam
2763 3985 2950 4039 homo.

1966 4077 2262 4148 Figurabat
2295 4079 2409 4132 lupo
2447 4078 2647 4132 mulier
2691 4093 3044 4132 communem
3087 4080 3487 4134 humanitatem

1899 4169 2119 4224 Satanae
2151 4171 2454 4226 insultibus
2487 4171 2853 4236 debilitatam,
2899 4182 2954 4226 et
2991 4172 3060 4226 ab
3096 4171 3389 4227 atlectibus
3433 4177 3486 4228 in

1894 4276 2096 4320 terram
2125 4265 2466 4331 inclinatam,
2494 4282 2557 4320 ac
2589 4264 2742 4318 humi
2767 4265 2834 4319 ad
2862 4276 3078 4320 terrena
3109 4277 3485 4321 contractam:

1890 4374 1993 4412 nec
2026 4357 2252 4412 omnino
2286 4367 2567 4426 potentem
2601 4360 2665 4412 ad
2701 4359 2972 4424 caelestia,
3000 4358 3183 4414 divina
3215 4376 3278 4414 ac
3323 4361 3486 4415 intel‘

1893 4451 2117 4521 ligibilia
2177 4461 2345 4518 caput
2402 4467 2620 4505 sursum
2669 4451 2900 4522 erigere,
2941 4452 3099 4522 cujus
3151 4453 3223 4506 ita
3286 4454 3489 4508 misere

1893 4542 2149 4599 habentis
2203 4545 2462 4598 misertus
2513 4553 2616 4609 est,
2673 4545 2767 4614 qui
2820 4559 2940 4598 eam
2997 4544 3329 4600 formaverat
3376 4563 3388 4599 :
3433 4557 3489 4600 et

177 4625 410 4678 ἐκάλεσε
447 4627 584 4694 πρὸς
614 4627 810 4680 ἑαυτὸν
844 4627 935 4680 διὰ
961 4626 1058 4681 τοῦ
1083 4628 1447 4697 Εὑαγγελίου,
1480 4632 1572 4683 καὶ
1599 4631 1780 4702 ἀνώρ-

1914 4654 1992 4693 ιετ
2025 4639 2383 4707 Evangelium
2415 4640 2481 4693 ad
2518 4654 2577 4693 se
2615 4638 2828 4694 vocavit
2869 4654 2933 4693 ac
2965 4640 3166 4704 erexit,
3212 4650 3270 4695 ut
3320 4643 3485 4708 viam,

178 4718 354 4771 θωσεν
384 4721 466 4781 είς
498 4719 559 4770 τὸ
584 4719 914 4790 εὐθυπορεῖν
951 4720 1050 4792 τὴν
1094 4723 1232 4793 πρὸς
1270 4723 1505 4790 οὐρανὸν
1553 4725 1790 4793 ἀνάγου-

179 4830 278 4866 σαν
318 4813 457 4867 ὀδόν.

255 4907 631 4977 Ἀποκριθεὶς
658 4938 728 4947 —
761 4909 1091 4966 Σαϐϐἀτου.
1119 4911 1262 4983 Πρὸς
1296 4911 1388 4964 τὸν
1418 4914 1658 4984 Χριστὸν
1686 4915 1778 4967 οὑ-

174 4999 263 5053 δὶν
295 4994 471 5066 εἶπεν,
499 5000 900 5072 εὐλαϐούμενος
925 5003 1022 5074 τὴν
1079 5005 1534 5076 ὑπερϐάλλουσαν
1572 5007 1775 5079 ἀρετὴν

172 5091 366 5146 αὑτοῦ.

259 5183 579 5256 Ἀπεκρίθη
609 5219 678 5229 —-
708 5189 1056 5254 Ea66’cltov;
1101 5190 1441 5261 ’Υποκριτὰς
1480 5192 1592 5261 (58)
1627 5191 1765 5244 ὠνό-

1888 4748 2009 4802 quue
2043 4732 2094 4786 in
2128 4733 2328 4786 coelum
2363 4732 2534 4797 ducit,
2566 4745 2716 4787 recta
2748 4734 3033 4788 transiret.

1963 4913 2113 4970 Vcrs.
2169 4916 2254 4969 Η.
2318 4915 2654 4986 Respondeas
2712 4947 2783 4955 -—
2815 4914 3063 4970 Sabbati.
3101 4917 3321 4972 Christo
3351 4917 3484 4972 nihil

1884 5009 2041 5075 dixit,
2083 5011 2285 5065 veritus
2311 5013 2568 5066 eximiam
2601 5013 2720 5084 ejus
2756 5014 3038 5067 virtutem.

1948 5193 2104 5248 Vcrs.
2175 5195 2265 5249 I5.
2329 5194 2615 5265 Respondit
2683 5228 2752 5238 —
2815 5195 2972 5251 Vers.
3055 5195 3141 5250 l6.
3219 5194 3487 5264 Sabbati}

1462 5332 1672 5392 Varias
1711 5331 2021 5395 lectiones
2059 5342 2116 5396 et
2154 5341 2344 5398 notas.

249 5475 361 5543 (57)
397 5473 553 5529 Hune
580 5475 760 5545 ipsum
797 5474 977 5528 locum
1028 5475 1251 5544 respicit
1305 5473 1602 5543 Gregorius
1654 5475 1763 5530 Na-

172 5548 495 5620 zianzenus,
549 5547 640 5614 qui
692 5561 815 5599 cum
879 5547 1163 5620 codicibus
1228 5546 1548 5620 melioribus
1614 5549 1762 5620 legit,

169 5619 400 5689 κόπρια.
429 5618 604 5671 Habet
632 5627 813 5689 autem
875 5616 1194 5686 περιϐαλεῖν
1247 5616 1471 5687 κόπρια.
1536 5635 1591 5689 p.
1639 5616 1765 5683 156,

167 5689 319 5744 med.
356 5687 556 5742 lterum
587 5689 734 5741 hunc
771 5687 949 5740 locum
991 5689 1265 5758 attingens
1292 5728 1304 5750 ,
1344 5687 1549 5744 eodem
1577 5693 1738 5746 modo

1874 5478 2064 5553 refert.
2093 5481 2199 5535 259
2237 5480 2331 5535 lin.
2367 5478 2505 5553 Ltor
2530 5492 2711 5536 autem
2747 5481 2994 5536 editione
3023 5481 3270 5553 Gregorii
3318 5480 3481 5538 Basil.

1877 5550 2018 5604 1550
2058 5567 2220 5620 quam
2244 5552 2761 5620 quondamjuvenis
2798 5550 3184 5608 tractaveram.

1949 5622 2061 5693 (38)
2095 5621 2308 5677 Etenim
2343 5623 2396 5676 in
2432 5633 2576 5678 textu
2616 5624 2824 5679 habent
2854 5625 3173 5693 ὑποκριταί,
3205 5640 3314 5679 non
3345 5623 3479 5680 ὑπο-

1850 5691 2036 5749 κοιτά.

243 5843 500 5928 irrumet
530 5861 638 5898 eos.
673 5843 914 5928 l’idetur-
941 5845 1246 5928 invenisse,
1269 5849 1346 5928 _év
1378 5847 1582 5912 αὐτοῖς.
1643 5847 1779 5904 Male

1914 5870 1930 5906 ν
1978 5852 2193 5919 αὑταῖς,
2233 5854 2286 5908 id
2314 5864 2415 5922 cst,
2464 5857 2583 5919 ταῖς
2635 5856 2782 5926 τρισὶ
2833 5854 3170 5918 πολιτείαις.
3229 5855 3367 5928 Ergo
3423 5852 3477 5909 in

173 5916 309 5969 istis.
337 5917 457 5970 Mox
484 5927 610 5969 ante
637 5917 800 5970 etiam
849 5916 1154 5971 addiderim
1189 5921 1336 5989 quin.

505 6011 776 6074 PATRGL.
821 6013 938 6075 Gn.
973 6013 1245 6076 CXXIX.

3082 6022 3159 6082 32
