4016 6462
164 411 313 475 10ῢὸ

1158 422 1550 487 COMMENT.
1598 426 1675 486 IN
1713 424 2070 487 LUCAM.--
2109 425 2270 488 CAP.
2315 428 2487 489 XIII.

3335 429 3473 494 1006

241 519 366 574 Ὅτι
397 521 618 576 πολλοὶ
651 553 712 564 --
756 524 1152 595 ἰσχύσουσιν,
1184 531 1344 586 Ὅσοι
1399 535 1476 606 μὴ
1524 536 1615 590 διὰ
1673 537 1760 608 τῆς

1956 536 2121 593 νιιτε.
2181 537 2270 592 24.
2333 538 2472 605 Quia
2536 542 2690 596 multi
2769 573 2815 583 —
2883 552 3146 611 poterunt.
3199 543 3302 612 Qui
3359 563 3472 602 non

165 614 370 682 στενῆς
407 614 606 685 πύλης,
658 616 799 672 ἀλλά
844 620 934 673 διὰ
978 621 1078 693 τῆς
1140 625 1409 693 πλατείας
1466 630 1766 689 ὁδεύουσιν.

176 705 331 759 Ἐκεῖ
359 707 414 760 δὲ
442 709 536 761 καὶ
572 711 703 782 ⁴’περὶ
736 710 838 781 τῆς
874 713 1140 782 πλατείας
1163 718 1445 792 εὑρήσεις.

253 800 381 870 Ἀφ’
419 795 492 857 οὗ
514 833 581 845 -—
602 803 914 874 ἐδίδαξας.
962 808 1164 880 Τίθησι
1229 817 1576 891 παραϐολὴν,
1603 822 1769 891 φόϐον

165 892 565 963 ὲπικρεμῶσαν
609 900 723 961 τοῖς
762 899 1029 970 ἀμελοῦσι
1078 906 1181 976 τῆς
1228 911 1510 983 σωτηρίας
1561 916 1766 972 αὐτῶν.

166 985 405 1040 Πλάττει
426 988 534 1060 γὰρ
569 992 964 1066 οἰκοδεσπότην
992 1000 1113 1053 τινὰ
1140 1003 1463 1075 καθήμενον
1491 1010 1586 1061 καὶ
1631 1011 1769 1065 ὐπο-

161 1077 461 1150 δεχόμενον
490 1084 619 1146 τοὺς
666 1085 856 1154 φίλους
889 1090 1080 1157 αὐτοῦ,
1121 1090 1243 1148 εἶτα
1278 1100 1633 1170 ἐγειρόμενον
1673 1107 1769 1162 καὶ

160 1170 531 1227 ἀποκλείοντα
581 1175 679 1244 τὴν
721 1177 894 1254 θύραν
951 1181 1052 1236 τοῦ
1108 1185 1264 1241 οἴκου
1325 1190 1517 1254 αὐτοῦ,
1551 1196 1647 1248 καὶ
1691 1197 1768 1269 μὴ

163 1264 564 1335 συγχωροῦντα
596 1273 710 1335 τοῖς
743 1271 928 1338 ἄλλοις
952 1276 1245 1335 είσελθείν.
1276 1281 1504 1340 Νοείται
1539 1285 1596 1341 δὲ
1621 1264 1770 1343 alito;

158 1354 438 1426 δεσπότης
473 1359 592 1430 μὲν,
652 1364 849 1428 αὐτός’
883 1361 1035 1431 οἶκος
1065 1369 1145 1432 δὲ,
1173 1372 1205 1442 ἡ
1257 1372 1504 1442 βασιλεία
1536 1377 1647 1433 τῶν
1673 1382 1766 1432 οὐ-

162 1452 371 1521 ρανῶν.
408 1454 514 1507 Καὶ
541 1454 798 1525 δηλοῦται
838 1459 924 1514 διὰ
959 1461 1062 1532 μὲν
1112 1465 1208 1519 τοῦ
1279 1468 1613 1531 καθέζεσθαι
1671 1473 1768 1528 καὶ

157 1541 525 1614 ὑποδέχεσθαι
560 1549 687 1613 τοὺς
725 1552 935 1620 φίλους,
958 1555 1021 1609 τὸ
1043 1556 1339 1628 ἀναμένειν
1371 1561 1503 1633 ἄχρι
1538 1563 1638 1634 τῆς
1671 1567 1768 1620 τοῦ

157 1636 372 1702 κόσμου
397 1641 708 1706 συντελείας
736 1646 829 1698 καὶ
855 1646 1222 1720 ὑποδέχεσθαι
1249 1656 1374 1717 τοὺς
1401 1655 1586 1722 ἀξίους
1613 1659 1727 1732 (45)
1751 1678 1765 1690 ’

154 1728 247 1782 διὰ
283 1728 338 1782 δὲ
375 1731 469 1784 τοῦ
504 1734 809 1806 ἐγερθῆναι
844 1739 941 1793 καὶ
980 1742 1314 1801 ἀποκλεῖσαι
1349 1749 1449 1822 τὴν
1481 1749 1676 1822 θύραν,
1708 1728 1769 1809 τὸ

154 1820 258 1875 τοῦ
299 1824 508 1895 κόσμου
540 1829 715 1894 τέλος.

1876 645 1974 700 per
2002 641 2290 702 angustam
2325 643 2562 704 portam,
2595 635 2693 690 sed
2735 649 2832 708 per
2875 637 3039 692 latam
3077 638 3312 710 plateam
3349 657 3476 713 gra-

1873 724 2122 780 diuntur.
2160 725 2236 780 Ibi
2271 735 2457 782 autem
2489 735 2544 783 et
2578 727 2647 783 de.
2677 729 2857 800 platea
2884 730 3156 788 invenies.

1951 815 2106 872 Vers.
2133 817 2222 873 25.
2249 816 2384 872 Cum
2414 829 2592 876 autem
2611 852 2679 864 —
2719 820 2876 878 νει-ε.
2912 823 2999 879 26.
3032 825 3283 884 docuisti.
3314 827 3474 886 Ponit

1875 925 1972 980 per
1993 906 2314 981 parabolam
2347 913 2600 968 timorem
2637 913 2724 971 bis
2751 915 3161 988 imminentem,
3193 923 3285 992 qui
3311 937 3470 979 suam

1874 1007 2162 1078 negligunt
2215 1009 2475 1065 salutem.
2531 1008 2753 1082 Eilingit
2810 1013 2959 1067 enim
3015 1015 3472 1085 patremfamilias

1875 1098 2184 1166 sedentem,
2206 1117 2448 1174 suosque
2479 1103 2688 1162 amicos
2715 1107 3096 1178 recipientem,
3127 1109 3327 1167 deinde
3352 1129 3474 1167 sur-

1875 1198 2096 1260 gentem
2141 1205 2207 1247 ae
2260 1193 2460 1249 domus
2523 1211 2639 1252 suae
2691 1197 2895 1254 ostium
2951 1201 3321 1267 claudentem,
3373 1219 3478 1258 nec

1876 1281 2001 1339 aliis
2055 1283 2270 1357 ingredi
2333 1288 2774 1358 permitteniem.
2842 1291 2962 1363 Ipse
3021 1309 3152 1366 ergo
3221 1297 3477 1354 Christus

1877 1377 2291 1444 paterfamilias
2326 1381 2656 1454 intelligitur
2701 1403 2716 1439 :
2746 1385 2945 1442 domus
2981 1397 3188 1456 autem,
3243 1406 3471 1464 regnum

1874 1471 2166 1527 etnlorum.
2201 1473 2305 1530 Per
2350 1476 2456 1532 hoc
2512 1494 2666 1550 ergo.
2745 1482 2892 1552 quod
2948 1482 3104 1540 sedet
3157 1494 3213 1541 et
3265 1488 3477 1545 amicos

1875 1566 2088 1637 recipit,
2124 1567 2465 1640 signiﬁcatur
2504 1589 2676 1644 usque
2707 1576 2777 1632 ad
2811 1578 3004 1634 mundi
3031 1583 3475 1638 consummatio-

1875 1673 2002 1712 nem
2038 1671 2391 1730 exspectare,
2447 1674 2501 1720 et
2539 1681 2635 1721 eos
2687 1671 2786 1736 qui
2811 1670 2961 1742 digni
2992 1680 3144 1737 sunt,
3189 1674 3473 1744 recipere;

1877 1767 1973 1820 per
2001 1752 2104 1808 Itoc
2144 1770 2296 1824 vero,
2338 1759 2493 1828 quod
2528 1762 2706 1833 surgit
2731 1773 2785 1819 et
2835 1766 3039 1821 ostium
3081 1766 3307 1836 (laudit,
3346 1768 3474 1826 [luis

1875 1845 2066 1900 mundi
2098 1847 2420 1906 denotatur.

230 1915 296 1966 Ol
342 1915 397 1968 δὲ
445 1915 542 1982 ῐξω
570 1919 828 1988 ἑστῶτες,
872 1920 983 1980 εἷεν
1032 1927 1099 1981 ἂν
1124 1931 1172 1983 oi
1221 1931 1442 1988 ἄπιστοι
1496 1937 1760 2006 Ἰουδαῖοι,

1943 1936 2048 2004 Qui
2099 1949 2288 1997 autem
2355 1944 2492 2000 foris
2546 1957 2717 2010 stant.
2776 1948 2883 2005 dici
2933 1961 3165 2021 possunt
3224 1953 3475 2012 inlidelcs

156 2005 454 2077 ξητοῦντες
502 2012 793 2079 εἰσελθεῖν,
829 2020 923 2072 καὶ
946 2019 1202 2090 λέγοντες
1261 2026 1400 2097 πρὸς
1448 2030 1540 2083 τὶν
1580 2030 1718 2086 Θεὸν
1746 2076 1760 2099 ,

154 2098 268 2189 ὅτι,
297 2098 636 2172 Ἐφάγομεν
669 2104 768 2158 καί
802 2107 1053 2180 ἐπίομεν
1072 2112 1333 2169 ἐνώπιόν
1361 2100 1501 2173 άου.
1531 2121 1765 2189 Θύοντες

153 2188 293 2260 γὰρ,
331 2190 520 2261 ἢσθιον
549 2197 642 2248 καὶ
675 2196 866 2253 ἔπινον
929 2204 1084 2274 παρὰ
1113 2205 1191 2278 τῷ
1217 2209 1333 2280 ναῷ
1354 2223 1368 2237 '
1400 2215 1492 2264 καὶ
1513 2214 1619 2281 ὅτι,
1652 2188 1761 2271 Ἕκ

155 2281 291 2346 ταῖς
317 2289 629 2356 πλατείαις
645 2290 819 2359 ἡμῶν
845 2293 1153 2366 ἐδίδαξας,
1179 2300 1443 2368 πλατείας
1466 2307 1764 2377 ὀνομάζον-

151 2389 248 2439 τες
265 2377 365 2441 τάς
404 2383 750 2452 συναγωγά;,
787 2388 844 2439 ἐν
877 2384 966 2452 αἷς
1006 2393 1033 2443 6
1079 2393 1213 2452 Θεὸς
1248 2394 1531 2450 ἐδίδασκεν
1563 2401 1762 2466 αὐτοὺς

153 2468 245 2523 διὰ
284 2471 393 2524 τῶν
433 2465 678 2557 νομικῶν
712 2481 810 2534 καὶ
869 2485 1232 2554 προφητικῶν
1286 2486 1490 2556 βίϐλων
1526 2491 1764 2564 φθεγγό-

157 2581 345 2634 μενος,
379 2568 584 2634 αἵτινες
621 2572 1138 2642 ὑπανεγινώσκοντο
1167 2579 1378 2647 τούτοις
1405 2586 1464 2637 ὲν
1487 2589 1606 2651 ταῖς
1629 2605 1760 2642 συν-

153 2663 427 2728 ἀγωγαῖς.

232 2747 357 2808 Εἶεν
387 2755 430 2808 δ’
451 2756 519 2811 ἂν
547 2757 655 2825 ἔξω
686 2762 926 2828 ἑστῶτες
956 2768 1052 2819 καὶ
1087 2769 1319 2826 τοιαῦτα
1351 2773 1633 2842 λέγοντες,
1667 2780 1762 2832 καὶ

152 2847 207 2914 al
232 2848 462 2918 ἀμελεῖς
497 2855 703 2921 πιστοὶ,
729 2856 931 2922 οἵτινες
960 2858 1170 2930 ἔφαγον
1204 2863 1300 2918 καὶ
1329 2864 1484 2920 ἔπιον
1514 2868 1752 2924 ἐνώπιον

152 2939 325 3033 aiis-06
356 2942 415 2996 τὸ
448 2945 632 3015 τίμιον
661 2949 829 3003 αὑτοῦ
852 2951 1037 3024 σῶμα,
1058 2955 1153 3008 καὶ
1180 2956 1239 3009 τὸ
1257 2957 1416 3025 ἅγιον
1453 2958 1566 3033 (46)
1591 2964 1759 3018 αὑτοῦ

151 3025 322 3100 αἷμα,
355 3035 451 3088 καὶ
482 3030 558 3090 ὧν
609 3042 668 3092 ὲν
718 3044 840 3106 ταῖς
893 3049 1248 3115 συναγωγαῖς
1281 3048 1512 3118 ἐδίδαξε,
1535 3053 1627 3109 διὰ
1663 3055 1758 3108 τοῦ

155 3125 523 3195 Εὐαγγελέου,
551 3134 646 3184 καὶ
673 3133 762 3187 διὰ
777 3135 883 3189 τῶν
904 3136 1080 3191 ἄλλων
1103 3139 1482 3198 θεοπνεύστων
1502 3146 1754 3218 Γραφῶν.

228 3222 340 3275 Kal
398 3223 802 3291 ἐρεῖ-ἐστέ.
858 3231 1073 3302 ’Ὥσπερ
1123 3237 1385 3302 γινώσκει
1417 3240 1544 3304 τοὺς
1592 3242 1726 3307 γινώ
1786 3256 1827 3312 c

155 3328 390 3378 σιιοντας
451 3317 634 3384 αὐτὸν,
692 3320 836 3376 οὕτω
899 3323 1059 3378 πάλιν
1104 3326 1371 3392 ἑκουσίως
1402 3331 1592 3398 ἀγνοεῖ
1626 3336 1753 3399 τοὺς

151 3407 424 3473 ἑκουσίως
487 3411 821 3479 ἀγνοοῦντας
874 3417 1060 3484 αὐτὸν,
1107 3421 1202 3473 καὶ
1248 3421 1752 3494 ἁποπροσποιείτσι

151 3499 280 3563 τοὺς
316 3500 937 3577 ἀποπροσποιουμένους
965 3510 1130 3564 αὐτόν
1155 3531 1170 3544 ο
1203 3513 1472 3580 ἑκουσίως
1502 3516 1557 3571 δὲ
1590 3520 1754 3574 αὐτὸν

150 3593 469 3662 ἀγνοοῦσιν,
504 3598 565 3650 οὐ
624 3601 786 3671 μόνον
817 3604 868 3655 οί
914 3604 1139 3658 ἄπιστοι
1165 3604 1436 3674 Ἰουδαῖοι,
1467 3611 1604 3666 ἀλλὰ
1663 3619 1756 3667 καὶ

150 3686 202 3738 oi
235 3688 460 3757 ἀμελεῖς
516 3691 732 3744 πιστοί·
769 3696 819 3747 οξ
874 3696 972 3765 μὲν
1034 3696 1604 3770 ὲοελοτυφλὼττοντες
1661 3708 1756 3759 καὶ

152 3779 634 3851 ἐϐελοκωφοῦντες
668 3788 803 3856 πρὸς
837 3787 906 3842 τὰ
936 3789 1196 3861 θαύματα
1225 3793 1320 3846 καὶ
1353 3793 1452 3857 τὰς
1496 3795 1756 3852 διδασκα-

150 3876 276 3938 λίας
318 3878 515 3931 αὐτοῦ·
549 3881 599 3932 oi
633 3880 690 3933 δὲ
720 3883 783 3936 ἐκ
824 3882 1103 3955 ῥᾳθυμίας
1137 3885 1465 3953 ἀθετοῦντες
1491 3890 1590 3955 τὰς
1610 3895 1756 3947 ἐντο-

149 3969 249 4030 λὰς
283 3969 474 4031 αὐτοῦ,
502 3974 682 4025 καίτοι
728 3974 1119 4045 γινώσκοντες,
1147 3977 1230 4030 ὅτι
1257 3981 1283 4032 6
1312 3978 1525 4034 ἀθετῶν
1558 3984 1752 4050 αὐτὰς,

151 4064 325 4117 αὐτον
361 4064 577 4136 ἀθετεῖ..

240 4159 570 4228 Ἀπόστητε
599 4193 667 4202 --
696 4162 961 4230 ἀδικίας.
987 4166 1101 4236 Τῆς
1158 4168 1438 4239 ἁμαρτίας
1463 4187 1474 4200 ·
1513 4174 1620 4237 πᾶς
1650 4177 1758 4246 γὰρ

150 4251 514 4322 ἁμαρτάνων,
545 4253 789 4323 ἀδικεῖῆ
835 4257 998 4326 μόνον
1031 4259 1254 4323 ἑαυτὸν,
1308 4262 1339 4331 ἢ
1389 4265 1486 4316 καὶ
1543 4263 1756 4336 ἕτερον.

235 4457 401 4511 Ἑκεῖ
431 4487 498 4499 --
539 4460 824 4516 ὀδόντων.
863 4463 936 4516 Τὸ
993 4464 1155 4531 ἐκεῖ,
1204 4468 1326 4523 ἀντὶ
1371 4471 1465 4524 τοῦ
1490 4514 1503 4538 ,
1533 4474 1678 4541 τότε,
1701 4478 1758 4530 ὲν

148 4551 348 4619 ἐκείνῳ
392 4549 470 4619 τῷ
497 4551 678 4622 καιρῷ
731 4553 881 4607 ἔσται
910 4557 937 4607 6
970 4554 1249 4627 κλαυῦμδς
1280 4563 1306 4615 6
1337 4561 1754 4636 ἀπαράκλητος,

1868 2028 2068 2094 Judmi.
2102 2046 2417 2104 quaerentes
2454 2039 2683 2105 intrare,
2743 2058 2807 2098 ae
2858 2043 3107 2100 dicentes
3143 2046 3209 2101 ad
3256 2045 3470 2103 Deunt‘.

1870 2120 2205 2182 Comedimus
2236 2147 2301 2183 uc
2325 2131 2548 2187 bibimus
2581 2149 2761 2187 coram
2795 2144 2880 2202 te;
2920 2137 3294 2195 sacriﬁcantes
3325 2140 3472 2196 enirn

1868 2215 2106 2273 edebant
2140 2235 2205 2275 ac
2228 2221 2490 2278 bibebant
2515 2223 2569 2278 in
2614 2226 2850 2296 templo;
2891 2235 2941 2284 et
2977 2231 3030 2283 in
3057 2229 3250 2299 plateis
3284 2235 3474 2289 nostris

1868 2309 2113 2374 docuisti,
2165 2314 2375 2384 plateas
2424 2317 2766 2388 appellantes
2793 2336 3114 2395 synagogas,
3167 2324 3222 2380 in
3276 2326 3478 2397 quibus

1871 2400 2015 2458 Deus
2037 2418 2132 2460 eos
2161 2404 2414 2475 docebat,
2450 2425 2548 2480 per
2582 2411 2782 2485 legales
2812 2428 2878 2468 ac
2912 2416 3268 2485 propltetieos
3308 2418 3477 2474 libros

1868 2495 2121 2566 loquens,
2150 2515 2273 2555 eum
2313 2501 2366 2556 lii
2414 2502 2469 2556 in
2502 2505 2790 2576 synagogis
2827 2506 3168 2579 legebantur.

1945 2778 2181 2834 Possunt
2202 2796 2442 2851 quoque,
2461 2783 2553 2852 qui
2586 2781 2722 2838 foris
2745 2792 2916 2852 stant,
2937 2784 3048 2841 diei
3085 2786 3276 2843 fideles
3305 2790 3478 2861 negli-

1866 2881 2057 2944 gentes
2089 2875 2220 2942 :qui
2254 2875 2618 2930 comederunt
2643 2890 2708 2930 ac
2740 2876 2999 2933 biberunt
3037 2894 3222 2934 coram
3247 2896 3316 2937 eo
3347 2897 3477 2953 pre-

1869 2968 2070 3029 tiosum
2095 2971 2217 3040 ejus
2238 2986 2460 3042 corpus,
2500 2981 2862 3043 sanctumque
2890 2973 3064 3044 ipsius
3096 2977 3418 3050 sanguinem
3458 2997 3473 3033 :

1865 3071 1920 3116 et
1952 3061 2005 3116 in
2041 3078 2278 3133 quorum
2337 3063 2587 3120 ecclesiis
2615 3081 2677 3120 ac
2725 3068 3246 3139 congregationibus
3289 3069 3478 3125 docuit

1865 3169 1962 3223 per
1978 3155 2358 3228 Evangelium,
2373 3157 2616 3229 aliasque
2637 3158 2952 3229 Scripturas
2969 3175 2999 3216 a
3029 3160 3141 3217 Deo
3159 3162 3472 3233 inSpiratas.

1939 3246 2093 3303 Vers.
2127 3249 2218 3305 27.
2251 3249 2320 3303 Et
2349 3251 2483 3304 dicet
2511 3280 2576 3292 --
2598 3252 2740 3310 sitis.
2774 3252 3247 3319 Quemadmodum
3273 3271 3475 3329 cogno-

1861 3342 1965 3395 scit
1983 3352 2381 3413 cognoscentes
2403 3360 2483 3407 se,
2502 3345 2570 3397 ita
2599 3361 2818 3399 rursum
2845 3345 3153 3401 voluntarie
3174 3346 3394 3420 ignorat
3418 3349 3476 3403 il-

1860 3427 1942 3490 los
1963 3436 2054 3505 qui
2084 3436 2391 3493 voluntarie
2422 3437 2600 3507 ipsum
2624 3438 2878 3510 ignorant
2909 3457 2922 3494 :
2949 3455 3013 3498 ac
3038 3442 3298 3512 reprobat
3328 3443 3473 3510 illos,

1860 3529 1949 3600 qtti
1976 3545 2033 3584 se
2059 3530 2374 3600 reprobant.
2402 3528 2722 3588 Voluntarie
2746 3546 2929 3588 autem
2950 3536 3249 3606 reprobant
3272 3537 3473 3608 ipsum,

1861 3635 1970 3676 non
2019 3621 2194 3676 solum
2225 3620 2473 3679 inﬁdeles
2497 3623 2690 3692 Judaei,
2726 3627 2821 3680 sed
2853 3625 3040 3683 ﬁdeles
3087 3628 3252 3682 etiam
3298 3629 3476 3700 negli~

1861 3722 2055 3783 gentes
2084 3714 2193 3769 :illi
2227 3715 2449 3785 quidem
2476 3718 2783 3774 voluntarie
2806 3721 3086 3784 exemeati,
3116 3735 3178 3776 ac
3214 3722 3474 3775 volunta-

1864 3811 1944 3862 rie
1971 3808 2435 3866 obsurdescentes
2458 3812 2524 3865 ad
2551 3811 2816 3867 miracula
2847 3821 2898 3868 et
2928 3813 3208 3869 doctrinas
3243 3815 3419 3886 ipsius
3450 3834 3465 3871 :

1866 3899 1922 3952 1ιὶ
1986 3915 2117 3954 vero
2175 3916 2241 3954 ex
2303 3901 2542 3969 ignavia,
2601 3903 2720 3973 ejus
2776 3912 3048 3975 prmeepta
3113 3915 3467 3977 spernentes,

1863 4007 2179 4061 quanquam
2217 4004 2515 4057 noverunt,
2555 3995 2722 4065 quml,
2773 3997 2867 4068 qui
2907 4012 2970 4052 ea
3009 3999 3242 4066 spernit,
3289 3997 3470 4069 ipsum

1865 4086 2100 4154 spernit.

1940 4176 2094 4234 Vers.
2162 4178 2253 4232 27.
2345 4179 2605 4234 Discedite
2677 4209 2744 4220 -—
2786 4181 3135 4250 injustiliam.
3197 4181 3312 4237 IIoc
3362 4193 3469 4249 est,

1865 4282 2152 4344 peccatum
2182 4292 2196 4339 ;
2233 4274 2548 4344 quicunque
2599 4275 2745 4329 enim
2779 4285 2990 4346 peccat,
3026 4275 3225 4345 injuria
3280 4276 3467 4340 allicit,

1867 4378 1958 4423 aut
1992 4369 2235 4438 seipsum
2269 4377 2505 4432 tantum,
2541 4378 2636 4422 aut
2667 4369 2833 4423 etiam
2865 4369 3126 4423 alterum.

1946 4461 2095 4518 Vers.
2129 4461 2222 4516 28.
2245 4461 2408 4516 lbi—
2431 4463 2686 4517 dentium.
2710 4494 2773 4503 —-
2797 4463 2878 4516 Ibi
2929 4463 3028 4517 hoc
3058 4473 3162 4531 est,
3207 4461 3382 4527 Tunc,
3415 4465 3470 4520 in

1869 4559 1959 4610 illo
2011 4567 2298 4629 tempore,
2357 4558 2458 4610 erit
2512 4557 2687 4627 ﬂetus,
2738 4557 2834 4626 qui
2867 4557 3304 4612 consolationem
3356 4573 3468 4613 non

148 4641 259 4698 Kal
286 4642 612 4712 όβρυγμές
638 4643 761 4698 τῶν
801 4645 1086 4714 ὀδόντων,
1108 4651 1135 4701 6
1153 4626 1226 4714 EE
1265 4626 1543 4725 ἀφορήτου
1591 4626 1756 4713 πόνου

1880 4626 2139 4722 ³οςίρίεῐ,
2174 4662 2221 4704 et
2246 4652 2447 4704 stridor
2491 4626 2754 4716 dentium,
2795 4666 2860 4706 ex
2899 4650 3231 4706 intolerabili
3277 4651 3470 4708 dolore

146 4737 463 4806 γενόμενος.

227 4830 420 4883 ’Ὅταν
446 4861 515 4872 -—
543 4831 682 4896 ἔξω.
742 4833 922 4888 Τοῦτο
981 4839 1423 4909 προηγουμένως
1456 4843 1592 4911 πρὸς
1628 4846 1758 4910 τοὺς

158 4923 458 4989 Ἰουδαίους
517 4926 763 4999 εἴρηται,
797 4929 942 4999 μέγα
993 4932 1333 5002 φρονοῦντας
1364 4935 1458 4988 ἐπὶ
1509 4935 1587 5006 τῷ
1616 4933 1666 4990 εἴ
1702 4956 1758 4992 αι

147 5019 377 5090 σπέρμα
402 5020 497 5073 τοῦ
541 5021 798 5093 Ἀϐραὰμ.
828 5027 921 5076 καὶ
949 5025 1057 5078 τῶν
1087 5027 1264 5082 ἄλλων
1291 5028 1429 5101 (47).

221 5115 332 5169 Kal
380 5116 649 5184 ἥξουσιν
721 5149 769 5158 ...
818 5119 925 5174 τοῦ
980 5123 1148 5177 Θεοῦ.
1181 5124 1410 5189 "Iliona:
1462 5127 1600 5198 πρὸς
1651 5131 1752 5198 τὴν

152 5212 338 5264 πίστιν
367 5210 462 5264 καὶ
495 5213 594 5283 τὴν
651 5215 1019 5286 εὒαρέστησιν
1055 5217 1148 5270 τοῦ
1199 5219 1335 5272 Θεοῦ
1365 5221 1414 5274 οί
1450 5221 1509 5287 ἐξ
1543 5223 1743 5289 ἐθνῶν,

146 5303 262 5358 ἀπὸ
299 5306 408 5358 τῶν
436 5306 728 5378 τεσσάρων
761 5310 946 5378 μερῶν
981 5312 1074 5364 τοῦ
1101 5313 1331 5381 κόσμου,
1357 5315 1629 5388 ἀνατολῆς
1657 5320 1754 5372 καὶ

146 5397 356 5460 δύσεως
385 5401 479 5452 καὶ
498 5400 704 5470 ἄρκτου
732 5403 826 5454 καὶ
855 5405 1229 5474 μεσημϐρίας.
1257 5411 1355 5460 Διά
1377 5409 1476 5480 μὲν
1496 5414 1605 5481 γὰρ
1638 5411 1751 5481 (48)

148 5491 247 5546 τοῦ
283 5493 461 5566 βορρᾶ
485 5497 544 5548 τὸ
575 5497 828 5569 ἀρκτῷον
886 5501 1052 5571 μέρος
1084 5500 1347 5572 δηλοῦται
1374 5521 1385 5533 ’
1443 5503 1531 5558 διὰ
1563 5505 1621 5557 δὲ
1654 5505 1750 5559 τοῦ

1866 4748 2219 4817 ρι·οι·υιιίοιιε.

1936 4842 2092 4897 Vers.
2155 4843 2245 4894 23.
2306 4843 2439 4895 Cum
2499 4872 2568 4882 —
2632 4842 2801 4911 foras.
2865 4840 2979 4898 Hoc
3035 4841 3342 4912 prmsertim
3394 4842 3464 4897 ad

1861 4939 2083 4995 Jndmos
2114 4938 2184 4993 di.
2208 4949 2320 4992 tum
2357 4949 2461 5000 est,
2488 4937 2581 5008 qui
2636 4939 3044 4994 insoleseeliant
3086 4955 3174 5002 eo,
3205 4939 3352 5010 quod
3400 4940 3468 4995 dc

1863 5034 2076 5086 semine
2103 5045 2289 5087 essent
2325 5031 2563 5086 Ain-alue
2591 5047 2654 5087 ac
2689 5040 3038 5088 caeterorum.

1941 5125 2100 5180 \‘ers.
2149 5125 2242 5180 ἐξ).
2293 5123 2363 5178 Ει
2388 5126 2594 5180 venient
2631 5156 2699 5164 —
2737 5124 2855 5184 Dei.
2913 5126 3144 5182 Venicnt
3175 5127 3242 5180 ad
3278 5129 3466 5194 iidem,

1858 5228 1913 5273 et
1945 5229 2001 5273 ut
2022 5219 2132 5274 Deo
2149 5234 2270 5275 sese
2294 5228 2479 5290 gratos
2508 5218 2939 5289 cxhibeant,qui
2960 5234 3024 5274 ex
3051 5221 3305 5291 gentibus
3335 5235 3468 5276 con-

1871 5321 2156 5370 vertentur
2177 5329 2206 5367 a
2232 5321 2467 5382 quatuor
2490 5311 2677 5366 mundi
2703 5308 2974 5383 partibus,
3015 5318 3143 5365 ortu
3160 5321 3214 5367 et
3241 5327 3463 5375 occasu,

1867 5411 2249 5482 septentrione
2284 5423 2349 5462 ac
2396 5406 2654 5462 meridie.
2709 5405 2815 5460 Per
2861 5405 3175 5476 aquilonem
3227 5420 3466 5477 namque

1866 5503 2319 5578 septentrionalis
2362 5517 2486 5572 pars
2515 5500 2882 5570 signiﬁcatur,
2916 5515 3013 5569 per
3043 5509 3291 5554 austrum
3334 5512 3466 5553 vero

1369 5681 1579 5740 Variae
1620 5675 1932 5750 lectiones
1966 5683 2027 5738 et
2067 5681 2259 5736 notae.

225 5835 547 5913 (65)_Antea
586 5842 796 5913 φίλους,
829 5858 977 5900 nunc
1017 5860 1080 5900 ex
1103 5857 1337 5905 correct.
1366 5843 1616 5913 ejusdem
1642 5859 1756 5899 ma-

153 5925 258 6035 Et:
298 5911 521 6035 ιεζξίους.
570 5911 711 5980 Mox,
761 5912 851 5969 διὰ
898 5917 959 5970 τὸ
992 5916 1307 5988 ἐγερθῆναι,
1383 5911 1590 5973 inserto
1654 5919 1756 5971 isto

186 6002 261 6036 ι.
347 6021 361 6037 .

1943 5843 2056 5911 (46)
2103 5841 2319 5910 Τίμιον,
2353 5853 2452 5911 pro
2531 5839 2712 5907 ἀγιον.
2747 5840 2807 5892 Λ.

1939 5915 2053 5983 (i7)
2086 5912 2356 5986 ﬂimirttm
2412 5912 2793 5986 πατρισρχῶν.

1942 5986 2052 6057 (id)
2091 5983 2203 6055 Γάρ
2244 5984 2419 6038 abest.
2451 5983 2516 6039 Α.
