4016 6480
558 397 695 471 10ῡῖ

553 518 812 576 meridies
833 533 846 583 ;

556 613 904 669 fruitionem.

630 707 784 761 Vers.
815 705 905 760 50.
947 701 1012 756 Et
1041 717 1160 756 ecce
1207 733 1275 746 --
1307 701 1488 772 primi.
1523 698 1739 755 Fideles
1763 706 1828 755 e‘x
1856 699 2134 771 gentibus,

545 800 645 870 qui
686 813 833 854 nunc
871 795 1090 867 quidem
1143 795 1406 867 postremi
1467 793 1743 860 videntur,
1802 800 1995 862 utpote
2042 791 2136 861 qui

545 895 749 950 Filium
775 897 1153 963 agnoverunt;
1182 896 1346 946 erunt
1375 900 1558 942 autem
1597 898 1726 943 tunc
1754 885 1938 956 primi,
1967 900 2137 956 prop-

548 999 637 1044 ter
673 987 943 1041 sinceram
981 998 1173 1038 eorum
1211 979 1393 1035 ﬁdem.

636 1079 788 1133 Vers.
828 1076 917 1132 30.
951 1075 1015 1131 Et
1066 1105 1136 1115 —
1177 1071 1452 1144 postremi.
1485 1068 1742 1128 Iniideles
1772 1069 1947 1126 Judaei
1985 1083 2136 1124 nunc

550 1170 774 1243 quidem
809 1170 974 1240 primi
1027 1167 1304 1231 videntur,
1356 1173 1546 1235 utpote
1607 1162 1702 1232 qui
1733 1162 1896 1233 primi
1959 1159 2132 1215 Deum

548 1271 928 1335 agnoverunt;
966 1274 1090 1313 nam
1131 1256 1304 1311 Filius
1331 1273 1478 1312 metu
1509 1251 1728 1326 (inquit)
1756 1253 2136 1326 primogenita:

547 1353 723 1410 Israel
750 1353 771 1384 ⁸
807 1372 819 1405 :
845 1361 975 1406 tunc
1005 1359 1191 1406 autem
1214 1347 1474 1420 postremi
1505 1355 1670 1402 erunt
1703 1355 1926 1417 propter
1941 1360 2134 1401 eorum

548 1446 954 1502 inﬁdelitatem.

617 1539 942 1610 lntelligitur
986 1545 1170 1592 autem
1202 1549 1384 1590 sermo
1417 1541 1474 1589 et
1506 1535 1573 1589 de
1617 1533 1894 1598 ﬁdelibus,
1946 1532 2041 1603 qui
2077 1533 2133 1586 in

546 1632 805 1704 praesenti
839 1631 949 1686 vita
981 1643 1102 1685 esse
1134 1628 1392 1683 videntur
1429 1625 1714 1696 postremi,
1754 1633 1917 1677 erunt
1950 1632 2133 1677 autem

547 1724 704 1796 primi
737 1723 791 1777 in
821 1721 1004 1777 futuro
1027 1720 1249 1785 saeculo,
1284 1728 1340 1775 et
1376 1733 1593 1773 rursum
1627 1731 1658 1773 e
1687 1715 1992 1772 contrario.

540 1841 703 1897 LAP.
772 1840 862 1895 LI.
951 1838 1030 1892 De
1089 1839 1169 1892 his
1226 1837 1336 1906 qui,
1384 1835 1700 1899 suadebant,
1763 1842 1820 1886 ut
1875 1831 2133 1886 secederet

1045 1905 1260 1978 propter
1289 1905 1576 1959 Herodem.

611 2003 781 2058 νει-ε.
821 1991 911 2058 51.
975 1998 1177 2054 Eodem
1201 1999 1288 2053 die
1316 2027 1383 2037 —
1418 1998 1675 2051 occidere.
1731 1996 1958 2061 Audito,
1990 1995 2134 2065 quod

549 2101 812 2172 ejiciendi
877 2107 1068 2155 essent
1097 2085 1269 2160 foras,
1298 2094 1554 2166 quodque
1585 2093 1754 2149 futuri
1789 2099 1977 2147 essent
2032 2106 2132 2162 po-

548 2195 768 2262 stremi,
805 2190 1023 2250 accensi
1048 2197 1179 2246 sunt
1204 2189 1317 2254 ira;
1360 2195 1415 2242 et
1437 2186 1693 2242 simulata
1739 2183 2132 2239 benevolentia

549 2288 784 2345 suadent
821 2285 900 2342 illi
930 2293 992 2340 ut
1026 2292 1187 2339 exeat
1208 2297 1273 2336 ac
1308 2279 1531 2336 secedat
1559 2293 1573 2332 :
1610 2277 1716 2332 hoc
1745 2279 1966 2347 quidem
2000 2292 2138 2346 prue-

545 2390 725 2448 textu,
757 2393 827 2434 ne
856 2378 924 2433 ad
975 2375 1191 2430 Herode
1224 2372 1530 2434 occidatur,
1565 2371 1620 2425 in
1668 2371 1901 2424 veritate
1926 2375 2134 2430 autem,

547 2489 617 2530 ne
651 2485 890 2543 praesens
921 2484 982 2524 ac
1011 2465 1276 2522 miracula
1301 2463 1492 2529 edens,
1518 2460 1859 2533 gloriﬁcetur
1878 2468 1935 2514 et
1959 2467 2135 2514 attra-

548 2568 646 2622 hat
711 2563 948 2619 turbam.

616 2656 778 2714 νοτε.
821 2655 910 2710 52.
954 2652 1024 2707 Et
1051 2654 1127 2706 ait
1178 2680 1249 2690 ——
1297 2664 1659 2703 consummor.
1689 2644 1920 2716 Cognita
1944 2657 2134 2699 eorum

549 2751 817 2815 versutia,
868 2748 1169 2804 clementer
1221 2759 1286 2800 ac
1339 2744 1476 2798 scite
1529 2740 1848 2812 respondet,
1893 2739 2132 2793 dicens:

543 2843 654 2912 Jte,
707 2854 754 2899 et
786 2843 945 2897 dicite
982 2839 1128 2906 vulpi
1157 2837 1259 2906 illi,
1323 2836 1430 2890 hoc
1471 2843 1575 2897 est,
1618 2833 1745 2888 dolo
1801 2843 2135 2900 morumque

546 2937 874 3003 difﬁcultati,
907 2950 1029 3005 qua:
1064 2934 1120 2987 in
1152 2931 1307 2986 vobis
1337 2937 1446 2984 est.
1493 2927 1820 2997 Quanquam
1859 2926 2008 2980 enim
2047 2925 2137 2977 hic

545 3044 730 3085 sermo
764 3025 968 3081 llerodi
997 3023 1214 3078 videtur
1241 3020 1502 3086 attribui,
1551 3019 1618 3074 ad
1645 3019 1791 3088 ipsos
1828 3027 2012 3072 tamen
2047 3031 2137 3071 re-

545 3123 728 3194 spicit.
795 3118 970 3174 Iladie
1028 3131 1159 3170 vero
1217 3123 1273 3169 et
1331 3131 1485 3180 cras,
1543 3115 1643 3168 etsi
1688 3118 2138 3167 enumeratorum

1789 397 2176 461 EUTHYMII
2219 399 2582 462 ZIGABENI

929 515 1239 572 accubitum
1318 519 1503 569 autem
1561 511 1700 569 dicit
1762 514 2011 585 requiem
2073 527 2128 568 ac

2249 515 2441 582 νότου,
2480 517 2542 570 τδ
2606 515 3012 590 μεσημϐρινόν.
3071 514 3383 574 ’Δνάκλισιν
3436 516 3495 572 δὲ
3527 517 3685 588 λέγει
3735 521 3836 592 τὴν

3700 407 3835 474 1008

2243 608 2584 675 ἀνάπαυσιν,
2621 609 2723 680 τὴν
2753 609 3085 665 ἀπόλαυσιν.

2314 701 2423 756 Kal
2449 699 2580 755 ίδοὺ
2600 732 2672 741 -
2691 701 2936 771 πρῶτοι.
2955 705 3017 757 Oi
3035 702 3096 769 ἐξ
3119 704 3288 758 ἐθνῶν
3311 707 3517 772 πιστοὶ,
3537 706 3590 760 οἶ
3612 707 3835 762 δοκοῦσι

2244 794 2344 864 μὲν
2384 793 2605 866 ἔσχατοι
2637 794 2754 863 νῦν,
2774 796 2849 857 ὡς
2884 795 3108 868 ἔσχατοι
3149 799 3243 852 τὸν
3290 799 3421 854 Υίὸν
3451 801 3832 872 -ὲπιγνόντεςσ

2243 885 2458 940 ἔσονται
2515 886 2572 940 δὲ
2631 887 2842 958 πρῶτοι
2890 892 3039 960 τότε,
3069 890 3157 944 διὰ
3189 891 3287 963 τὴν
3325 892 3597 964 εἰλικρινῆ
3653 895 3838 948 πίστιν

2243 980 2445 1036 αὐτῶν.

2311 1075 2428 1130 Kat'
2455 1076 2576 1129 εἰσι
2599 1105 2669 1116 -
2703 1077 2976 1146 ἔσχατοι.
3011 1079 3075 1133 οι
3122 1078 3344 1133 ἄπιστοι
3381 1078 3651 1150 Ἰουδαῖοι,
3676 1084 3727 1137 οἶ
3753 1083 3837 1136 δο-

2241 1159 2398 1220 κοῦσι
2441 1167 2542 1237 μὲν
2594 1168 2807 1239 πρῶτοι
2846 1168 2963 1237 νῦν,
2995 1169 3073 1236 ὡς
3116 1171 3328 1242 πρῶτοι
3378 1172 3470 1225 τὸν
3522 1174 3660 1229 Θεὸν
3718 1178 3835 1227 ὲπι-

2241 1260 2482 1327 γνόντες.
2514 1260 2647 1327 Υιὸς
2662 1261 2794 1330 γὰρ,
2821 1263 2982 1332 φησὶ,
3009 1264 3383 1333 πρωτότοκός
3397 1283 3516 1334 μου
3544 1266 3797 1336 Ἰσραήλ
3817 1281 3833 1295 ⁸

2242 1351 2461 1406 ἔσονται
2493 1353 2549 1406 δὲ
2585 1354 2808 1425 ἔσχατοι
2839 1357 2988 1424 τότε,
3015 1357 3105 1411 διὰ
3159 1357 3260 1431 τὴν
3313 1360 3577 1415 ἀπιστίαν
3627 1361 3833 1417 αὐτῶν.

2312 1525 2537 1580 Νοεῖται
2567 1528 2595 1579 ό
2620 1527 2780 1597 λογος
2802 1527 2912 1585 καὶ
2951 1514 3082 1600 περὶ
3108 1529 3216 1584 τῶν
3243 1531 3595 1596 πιστῶν,τῶν
3614 1533 3840 1586 δοκούν-

2239 1635 2348 1672 των
2382 1620 2482 1689 μὲν
2510 1614 2651 1674 εἶναι
2677 1621 2924 1692 ἐσχάτων
2953 1625 3012 1676 ὲν
3036 1622 3113 1694 τῷ
3139 1623 3367 1696 παρόντι
3396 1622 3522 1694 βίῳ·
3549 1625 3835 1695 ἐσομένων

2240 1711 2296 1764 δὲ
2329 1710 2566 1783 πρώτων
2597 1714 2657 1768 ὲν
2680 1713 2760 1785 τῷ
2797 1714 3053 1787 μέλλοντι
3081 1717 3265 1782 αἰῶνι,
3293 1719 3384 1772 καὶ
3402 1713 3558 1782 αὖθις
3576 1717 3833 1783 haliae.

2241 1828 2399 1884 ΚΕΦ.
2426 1826 2558 1884 NA'.
2623 1829 2763 1898 Περι
2835 1831 2956 1902 τῷν
3013 1814 3312 1887 εἰπόντων
3339 1832 3418 1900 τῷ
3485 1833 3686 1902 Ἰησοῦ
3737 1837 3840 1892 διὰ

2884 1900 3174 1972 Ἥρώδην.

2309 1990 2416 2047 Ἐν
2445 1992 2602 2063 αὐτῇ
2631 1992 2706 2063 τῇ
2729 1995 2919 2064 ἡμέρᾳ
2945 2024 3011 2038 -
3035 1996 3408 2052 ἀποκτεῖναι.
3449 1999 3838 2065 ’Δκούσαντες,

2239 2084 2322 2138 ὅτι
2353 2084 2788 2157 ἐκϐληθήσονται
2820 2086 2947 2153 ἔξω,
2970 2090 3065 2142 καὶ
3084 2091 3165 2144 ὅτι
3192 2092 3410 2146 ἔσονται
3433 2092 3673 2163 ἔσχατοι,
3701 2095 3840 2166 civi)-

2243 2177 2457 2246 φΘησαν
2487 2179 2568 2241 είς
2606 2177 2917 2248 ὀργὴν,κα“ι
2950 2181 3391 2256 ὑποκρινάμενοι
3422 2184 3662 2252 εὔνοιαν,
3695 2204 3839 2256 συμ-

2240 2266 2590 2321 ϐουλεύουσιν
2623 2270 2773 2342 αὐτῷ
2828 2271 3067 2336 ἐξελθεῖν
3121 2275 3217 2329 καὶ⁸
3272 2278 3664 2350 ἀναχωρῇσαι·
3701 2296 3836 2349 πρυ-

2241 2361 2406 2430 φάσει
2444 2360 2566 2431 μὲν,
2609 2362 2696 2416 ἴνα
2757 2363 2834 2435 μὴ
2873 2365 2979 2420 ὑπὸ
3044 2367 3286 2440 Ἡρώδου
3345 2371 3646 2444 ἀναιρεθῇ·
3680 2377 3749 2446 τῇ
3791 2375 3837 2428 δ’

2238 2449 2496 2523 ἀληθείᾳ,
2550 2452 2637 2505 ἵνα
2693 2455 2769 2526 μὴ
2813 2456 3008 2528 παρὼν
3045 2460 3141 2514 καὶ
3176 2459 3432 2533 θαύματα
3471 2465 3659 2531 ποτῶν,
3685 2467 3838 2532 δοξάο

2243 2543 2530 2615 ζηταικκαὶ
2575 2547 2822 2621 ὲφελκύῃ
2866 2551 2959 2604 τὸν
2991 2552 3174 2622 ὄχλον.

2312 2639 2424 2693 Kal
2445 2639 2619 2694 εἶπεν
2650 2673 2720 2683 ——
2747 2644 3105 2713 τελειοῦμαι.
3145 2648 3313 2714 Γνοὺς
3346 2639 3446 2722 τὴν
3486 2657 3835 2727 πανουργίαν

2239 2733 2446 2800 αὐτῶν,
2482 2735 2828 2803 ἀνεξικάκως
2856 2739 2953 2792 καὶ
2979 2741 3199 2809 εὐφυῶς
3231 2745 3594 2816 ἀποκρίνεται
3625 2749 3833 2819 λέγων·

2239 2828 2645 2898 Πορευθέντες
2669 2831 2876 2885 εἴπατε
2911 2831 2988 2901 τῇ
3018 2834 3285 2890 ἀλώπεκι
3315 2840 3522 2912 ταύτῃ,
3555 2844 3835 2908 τουτέστι,

2239 2925 2306 2995 τῇ
2338 2923 2631 2996 δολιότητι,
2675 2929 2741 2997 τῇ
2795 2927 3109 3002 δυστροπίᾳ
3162 2935 3227 3004 τῇ
3260 2935 3318 2986 ἐν
3377 2935 3509 3006 ὑμῖν
3535 2953 3549 2968 ·
3585 2939 3838 2994 τοιοῦτον

2243 3014 2354 3085 γὰρ
2389 3015 2702 3087 ήάλώπηξ.
2736 3018 2797 3072 El
2829 3020 2940 3091 γὰρ
2994 3023 3092 3075 καὶ
3149 3024 3263 3095 (49)
3316 3028 3450 3100 πρὸς
3495 3028 3750 3104 Ἡρώδην
3807 3037 3836 3088 ὁ

2241 3111 2402 3180 λόγος
2437 3111 2810 3168 ἀποτετᾶσθαι
2838 3114 3008 3181 δοκεῖ,
3041 3119 3180 3172 ἀλλά
3215 3137 3278 3188 γε
3309 3122 3447 3193 πρὸς
3479 3124 3679 3190 αὐτοὺς
3709 3130 3834 3200 ὁρᾷ·

545 3216 758 3270 dierum
820 3209 1180 3283 signiﬁcativa
1235 3217 1526 3278 apparent,
1580 3216 1824 3261 attamen
1872 3204 2128 3276 temporis

2249 3202 2315 3255 Τὸ
2341 3202 2397 3256 δὲ
2431 3202 2702 3272 σήμερον
2753 3205 2851 3259 καὶ
2898 3207 3132 3276 αὔριον,
3177 3215 3226 3265 ει
3283 3215 3376 3266 καὶ
3436 3216 3837 3288 ὴριθμημένων

543 3307 857 3378 significant
916 3304 1266 3360 brevitatem.
1335 3301 1586 3356 Solemus
1671 3301 1842 3364 enim,
1910 3298 2130 3368 quando

543 3399 822 3456 modicum
853 3407 1070 3467 tempus
1096 3395 1338 3450 iudicare
1363 3394 1635 3457 volumus,
1655 3392 1810 3446 hodie
1827 3400 1875 3445 et
1905 3407 2024 3444 cras
2046 3389 2132 3444 di-

540 3509 684 3549 cere.
714 3491 978 3546 Similiter
993 3490 1179 3553 etiam,
1206 3487 1350 3558 quod
1377 3486 1508 3541 dicit
1542 3504 1554 3540 :
1583 3485 1761 3539 Tertio
1787 3485 1867 3538 die
1885 3499 2131 3537 consum-

541 3599 677 3646 mor,
715 3581 920 3637 iudicat
952 3594 1012 3635 se
1049 3594 1158 3633 non
1204 3578 1378 3634 multo
1411 3584 1536 3650 post
1587 3575 1941 3631 moriturum.
2000 3574 2126 3628 llaec

537 3679 721 3725 autem
754 3669 912 3734 dixit,
947 3676 1006 3722 ut
1041 3668 1176 3721 iram
1206 3681 1269 3722 ac
1301 3667 1564 3722 invidiam
1600 3681 1791 3722 eorum
1820 3665 2123 3733 mitigaret.

613 3944 773 4000 Vers.
805 3944 896 4000 55.
940 3942 1142 3997 Tamen
1189 3973 1258 3983 —
1307 3944 1610 3998 ambulare.
1669 3941 1907 4009 Quidam
1967 3945 2126 4000 aiunt

537 4038 690 4093 nodie
716 4044 765 4090 et
804 4050 923 4089 cras
958 4048 1083 4090 eum
1136 4034 1320 4089 dicere
1366 4034 1433 4088 de
1459 4034 1653 4089 diebus
1707 4035 1908 4105 quibus
1959 4037 2126 4090 mira-

538 4127 656 4183 cula
686 4125 760 4182 ibi
785 4131 904 4181 erat
934 4124 1205 4189 editurus,
1245 4124 1464 4178 tertium
1503 4139 1635 4180 vero
1664 4141 1812 4190 eum,
1852 4126 1942 4196 qui
2002 4135 2126 4196 post

534 4222 640 4275 hos
677 4228 795 4275 erat
848 4219 1090 4284 futurus,
1123 4218 1180 4272 in
1221 4232 1331 4287 quo
1380 4220 1847 4274 consummandus
1877 4230 2013 4284 erat,
2061 4235 2125 4275 ac

536 4314 638 4367 iter
674 4311 1047 4383 Hierosolyma
1078 4326 1272 4367 versus
1302 4310 1687 4380 inchoaturus,
1719 4321 1777 4366 ut
1802 4313 1856 4367 in
1907 4329 1970 4367 ea
2006 4328 2125 4368 mo-

536 4413 772 4461 rerelur.

608 4497 838 4567 Oportet
874 4514 962 4553 me
994 4499 1158 4553 hodie
1189 4507 1244 4554 et
1280 4513 1423 4565 eras,
1459 4500 1575 4555 sive
1607 4499 1823 4555 modico
1875 4509 2119 4570 tempore

534 4592 753 4661 operari
794 4606 914 4660 quae
963 4592 1094 4658 dixi,
1158 4601 1212 4646 et
1261 4592 1520 4662 perendie
1570 4593 1873 4657 ambulare,
1905 4593 1959 4646 id
2013 4601 2119 4655 est,

533 4684 847 4755 insequenti
871 4685 959 4739 die
987 4685 1219 4739 transire
1247 4701 1276 4739 a
1306 4686 1415 4739 vita
1435 4686 1716 4756 praesenti,
1737 4686 1854 4740 sive
1876 4695 2124 4757 postmo-

533 4777 660 4831 dum
697 4777 867 4832 occidi
901 4794 930 4831 a
966 4777 1140 4843 vobis,
1171 4778 1263 4846 qui
1331 4777 1720 4850 Hierosolymis
1756 4780 2122 4849 principatum

2249 4796 2320 4865 ’ἧς
2353 4797 2636 4867 παρούσηὲ
2670 4799 2839 4872 ζωῆς.

528 4871 757 4926 tenetis.

604 5056 758 5114 Vers.
791 5059 877 5113 55.
900 5059 1037 5124 Quia
1058 5089 1123 5100 —
1147 5060 1548 5132 Hierosolymis.
1573 5065 1788 5120 lronice
1821 5066 1925 5120 hoc
1955 5066 2115 5133 dixit,

2149 4553 2202 4613 D

2239 3295 2463 3366 ἡμερῶν
2495 3298 2817 3367 σημαντικά
2851 3301 3170 3370 φαίνονται,
3225 3305 3342 3358 ἀλλ’
3388 3304 3483 3362 οὖν
3531 3315 3838 3383 συντομίαν

2239 3389 2434 3459 καιροῦ
2467 3390 2909 3462 παραδηλοῦσιν.
2947 3395 3241 3469 Είώθαμεν
3280 3401 3411 3472 γὰρ,
3466 3404 3595 3456 ὃταν
3649 3407 3836 3476 ὀλίγον

2237 3481 2432 3552 καιρόν
2459 3482 2704 3553 ἐμφῆναι
2733 3483 3006 3556 θέλωμεν,
3041 3490 3312 3560 σήμερον
3348 3495 3444 3548 καὶ
3495 3498 3710 3566 αὔριον
3743 3504 3835 3556 λέ-

2236 3589 2375 3642 γειν.
2434 3575 2675 3645 Ὁμοίως
2708 3577 2766 3631 δὲ
2825 3581 2922 3632 καὶ
2954 3579 3017 3634 τὸ
3047 3582 3118 3650 τῇ
3161 3587 3326 3656 τρίτῃ
3362 3591 3723 3662 τελειοῦμαι.
3774 3600 3836 3650 τὸ

2235 3667 2336 3719 οὐκ
2365 3667 2444 3730 εἰς
2468 3669 2694 3738 μακρὰν
2717 3669 3017 3728 ἀποθανεῖν
3038 3677 3200 3730 αὐτὸν
3226 3679 3617 3752 ὑποσημαίνει.
3641 3688 3835 3744 Ταῦτα

2235 3760 2291 3813 δὲ
2321 3755 2465 3827 εἷπε,
2498 3765 3006 3837 παραμυθούμενος
3035 3771 3135 3843 τὴν
3173 3773 3344 3846 ὀργὴν
3377 3778 3471 3832 καὶ
3501 3781 3590 3833 τόν
3631 3782 3834 3851 φθόνον

2232 3853 2438 3910 αὐτῶν.

2304 3949 2482 4017 Πλὴν
2504 3982 2574 3994 -
2594 3953 2981 4020 πορεύεσθαι.
3017 3953 3202 4028 [Τινὲς
3231 3959 3346 4033 (50)
3365 3961 3422 4015 δέ
3446 3981 3600 4033 φασι,
3629 3966 3689 4020 τὸ
3712 3969 3832 4039 σή-

2227 4060 2414 4110 μερον
2447 4043 2546 4098 καὶ
2579 4046 2794 4114 αὔριον
2821 4048 2952 4118 περὶ
2982 4049 3076 4102 δύο
3118 4052 3349 4123 ἡμερῶν
3405 4055 3608 4124 λέγειν,
3643 4061 3701 4114 ἐν
3737 4056 3830 4124 αἷς

2231 4137 2350 4189 ἐκεῖ
2378 4135 2828 4210 Θαυματουργείν
2868 4141 3071 4211 ἔμελλε
3096 4162 3111 4176 ο
3151 4146 3349 4218 τρίτην
3408 4148 3488 4215 δὲ,
3550 4153 3650 4224 τὴν
3702 4155 3830 4224 μετ’

2230 4231 2427 4299 αὐτὰς,
2465 4233 2524 4285 ὲν
2656 4235 3023 4306 τελειωθῆναι
3062 4257 3249 4310 φησιν,
3309 4244 3510 4309 εἴτουν,
3551 4245 3827 4318 ἄρξασθαι

2226 4326 2326 4393 τῆς
2355 4327 2449 4378 ἐπὶ
2478 4327 2713 4383 θάνατον
2743 4332 3000 4402 πορείας,
3033 4336 3131 4388 καὶ
3194 4337 3436 4406 βαδίζειν
3463 4340 3560 4394 ὲπὶ
3611 4345 3681 4398 τὰ
3723 4346 3826 4401 Ἰε-

2231 4419 2555 4493 ροσόλυμα.]

2298 4513 2420 4585 Χρή
2456 4531 2523 4583 με
2563 4517 2807 4586 σήμερον
2841 4520 2936 4573 καὶ
2970 4519 3162 4591 αὔριον
3196 4525 3518 4597 ἐνεργῆσαι,
3640 4525 3820 4604 εἶπον,

2228 4605 2415 4674 ἤγουν,
2457 4609 2546 4660 ἐπ’
2579 4609 2769 4681 ὀλίγον
2797 4616 3016 4686 καιρὸν,
3069 4621 3164 4673 καὶ
3205 4623 3271 4692 τῇ
3303 4621 3544 4696 ἐχομένῃ
3583 4630 3821 4695 πορεύε-

2228 4701 2376 4769 σθαι,
2405 4703 2608 4769 εἵτουν,
2642 4709 2706 4778 τῇ
2735 4709 2939 4781 ἐφεξῆς
2978 4711 3092 4784 (5i)
3135 4714 3321 4786 ἡμέρᾳ
3360 4719 3673 4790 μεταϐῆναι
3705 4727 3819 4780 ἀπὸ

2870 4805 3143 4869 τουτέστι,
3202 4812 3342 4878 μετὰ
3385 4813 3544 4866 τοῦτο
3600 4818 3816 4871 ἀποθα-

2222 4889 2357 4950 νεῖν,
2388 4888 2480 4956 ὐφ’
2515 4889 2670 4958 ὑμῶν
2704 4891 2952 4963 δηλονότι
2982 4898 3092 4952 τῶν
3115 4901 3173 4952 ὲν
3224 4900 3584 4977 Ἰερουσαλὴμ
3612 4909 3816 4980 ἀρχόν-

2219 4996 2348 5034 των.

2297 5078 2427 5170 vqﬂ
2474 5108 2541 5119 ,-
2611 5081 3025 5157 Ἰερουσαλήμ,
3079 5089 3398 5162 Είρωνικῶς
3448 5098 3610 5152 τοῦτο
3666 5099 3809 5170 εἷπε,

529 5149 830 5223 objurgans
874 5151 1200 5220 Jerusalem,
1260 5165 1513 5225 tanquam
1570 5157 1965 5229 prophetarum
2023 5161 2121 5214 ho-

2251 5168 2492 5239 ιασῦρων
2545 5149 3096 5250 τὴνλιερουσαλὴμ,
3147 5149 3250 5247 ’ὡς
3338 5149 3802 5259 προφητοκτόνοεῖ

527 5246 806 5303 mieidam.
837 5249 928 5304 Est
954 5264 1139 5306 autem
1169 5252 1478 5321 bujusmodi
1505 5257 1779 5312 sententia
1798 5261 2073 5313 sermonis
2100 5276 2113 5313 :

524 5335 664 5393 Cum
697 5356 785 5396 me
815 5341 957 5395 dicat
989 5344 1333 5412 prophetam,
1363 5345 1548 5416 utique
1578 5348 1828 5414 occidet;
1860 5350 2114 5421 impossi-

633 5517 655 5550 ⁶
679 5515 845 5573 EXIN].
877 5532 951 5580 tv,
971 5515 1059 5571 2⁸2.

2221 5261 2376 5357 Ἔστι
2406 5262 2463 5316 δὲ
2494 5265 2521 5315 ό
2554 5265 2679 5330 νοῦς
2709 5267 2803 5320 τοῦ
2841 5269 3002 5339 λόγου
3036 5261 3286 5340 τοιοῦτος
3313 5294 3327 5307 ·
3363 5279 3445 5332 ὅτι
3490 5281 3646 5335 Ἐπεὶ
3672 5302 3805 5357 προς

2217 5355 2396 5423 φήτην
2429 5373 2498 5426 με
2526 5357 2699 5427 λέγει,
2743 5363 2965 5428 πάντως
2988 5365 3291 5424 ἀποκτενεῖ
3319 5388 3411 5443 με.
3454 5355 3807 5434 Ἀνένδεκτον

1725 5645 1931 5709 Varia;
1969 5646 2279 5713 lectiones
2315 5661 2374 5713 ct
2412 5662 2601 5716 noue.

593 5830 703 5902 (49)
736 5829 838 5902 Καί
875 5832 1051 5892 abest.
1098 5838 1164 5890 A.

596 5903 706 5968 (50)
739 5901 865 5956 Haec
899 5904 954 5958 in
980 5917 1239 5963 contextu
1271 5911 1430 5968 habet
1482 5913 1542 5983 Β,
1576 5927 1699 5985 post
1744 5916 1939 5989 φθόνον
2002 5923 2104 5974 αὑ-

2183 5851 2558 5933 τῶνᾲεοᾷᾏ
2601 5858 2654 5933 in
2692 5863 2939 5933 margine
2970 5867 3211 5924 exhibet.

2293 5925 2402 5994 (Si!)
2463 5929 2794 5996 ίίορεύεσοαι
2816 5925 2912 5993 hic
2952 5941 3146 6009 repetit
3171 5942 3236 5996 Α.
