4016 6462
194 389 348 454 1609

188 504 336 574 γὰρ,
372 502 494 572 ἦτοι
524 500 824 573 ἀσύνηθες,

189 598 398 662 αὐτῆς.

286 684 696 759 Ἰερουσαλὴμ
727 721 796 732 -
824 692 1190 761 ἠθελήσατε.
1224 693 1413 749 Ταῦτα
1443 697 1538 750 καὶ
1584 698 1611 749 6
1651 699 1805 751 Ματ-

193 779 357 843 θαϊος
385 780 709 852 ἀνέγραψεν
742 785 801 836 ἐν
830 784 906 855 τῷ
933 788 1294 860 πεντηκοστῷ
1317 787 1465 860 ἕκτῳ
1495 790 1802 860 κεφαλαίῳ,

193 875 297 925 καὶ
327 872 606 942 ἀνάγνωθι
643 878 700 927 ὲν
739 877 939 947 ἐκείνῳ
967 878 1070 947 τὴν
1115 879 1382 950 ἐξήγησιν
1417 881 1624 936 αὐτῶν.
1662 880 1802 935 Noe-

195 968 330 1022 σιάν
357 969 417 1024 δὲ
452 971 549 1026 νῦν
570 972 726 1040 λέγει
773 972 837 1026 τὸ
858 972 1068 1045 πλῆθος
1103 973 1213 1027 τῶν
1252 975 1516 1032 νεοσσῶν.

289 1060 446 1116 Ἰδοὺ
477 1093 548 1104 —
575 1062 764 1134 ὑμῶν.
792 1065 1068 1137 Ἕρημος,
1110 1067 1377 1139 δηλονότι,
1409 1066 1598 1131 καθὼς
1633 1085 1806 1138 προσ-

196 1161 410 1230 έθηκεν
453 1159 483 1211 6
515 1157 820 1222 Ματθατος.
861 1159 974 1214 Καὶ
1004 1159 1167 1214 τοῦτο
1199 1159 1257 1214 δὲ
1302 1161 1364 1215 τὺ
1397 1160 1566 1232 ῥητὸν
1603 1161 1805 1231 ἑφεξῆς

195 1253 326 1306 ἐκεῖ
357 1252 785 1322 διηρμήνευται.

275 1344 443 1413 Λέγω
476 1374 546 1389 -—
576 1346 824 1412 Κυρίου.
860 1345 1008 1409 Ἕως
1034 1345 1100 1399 ἂν
1124 1346 1229 1419 ἦξῃ
1266 1347 1294 1399 6
1331 1346 1548 1415 καιρὸς,
1603 1345 1693 1399 ὅτε
1724 1344 1804 1398 ct-

198 1455 348 1508 πητε
381 1438 518 1492 τόδε.
575 1439 688 1492 Καὶ
721 1439 936 1494 τούτων
983 1439 1042 1494 δὲ
1093 1441 1318 1494 πάντων
1375 1438 1693 1502 ἀκολούθως
1744 1439 1805 1491 ὲν

197 1531 404 1602 ἐκείνῳ
435 1530 511 1602 τῷ
541 1532 832 1602 κεφαλαίῳ
863 1533 964 1605 τὴν
1006 1534 1310 1605 ἑρμηνείαν
1345 1533 1626 1604 εὑρήσεις.

495 1743 654 1798 ΚΕΦ.
686 1741 815 1798 NB'.
843 1745 983 1813 Περὶ
1013 1744 1120 1798 τοῦ
1152 1743 1518 1812 ὑδρωπικοῦ.

1178 397 1570 463 (ΤΟΜΜΕΝΤ.
1615 402 1694 461 ΙΝ
1732 404 2014 465 LUCAM’.
2049 432 2116 444 —
2158 408 2319 468 CAP.
2359 405 2515 468 XIV.

893 509 1181 579 προφήτην
1239 510 1606 582 ἀναιρεθῆναι
1642 511 1801 574 ἐκτὸς

1934 518 2017 574 vile
2062 519 2211 574 enim
2262 529 2369 585 est,
2422 518 2538 574 sive
2591 518 2896 586 insuetum,
2939 531 3000 576 ut
3055 520 3320 594 propheta
3368 525 3496 580 alibi

3359 409 3496 477 1010

1904 613 2212 677 occidatur,
2241 626 2406 680 quam
2436 611 2490 666 in
2518 629 2606 666 ea.

1981 709 2136 765 Vers.
2210 709 2301 764 54.
2359 707 2750 762 Jerusalem—
2801 708 3066 763 noluistis.
3132 708 3260 764 Haec
3326 709 3496 764 etiam

1905 803 2125 873 scripsit
2173 798 2460 856 Mattlueus
2489 801 2946 874 quinquagesimo
2977 809 3136 857 sexto
3166 801 3349 873 capite
3383 819 3397 857 :
3440 811 3499 858 et

1906 897 1960 951 in
1993 911 2059 950 eo
2093 895 2211 964 lege
2258 894 2504 964 ipsorum
2565 894 2991 965 expositionem.
3051 893 3249 950 Nidum
3310 903 3498 950 autem

1906 982 2067 1046 vocat
2095 989 2371 1059 pullzzrum
2411 989 2841 1045 multitudinem.

1979 1084 2134 1139 Vers.
2176 1083 2267 1138 35.
2319 1081 2456 1136 Ecce
2485 1113 2554 1123 —
2586 1091 2783 1138 vestra.
2826 1082 3053 1138 Deserta
3082 1080 3360 1146 videlicet,
3386 1078 3499 1135 sic-

1909 1188 1970 1234 ut
2021 1178 2232 1235 addidit
2281 1177 2577 1234 Matthazus
2620 1179 2681 1243 ';
2751 1178 2846 1235 ubi
2903 1177 3067 1233 etiam
3121 1176 3230 1231 hoc
3291 1173 3499 1230 dictum

1907 1279 2310 1343 consequenter
2343 1271 2681 1328 declaratum
2720 1280 2826 1328 est.

1978 1363 2140 1421 Vers.
2213 1365 2304 1420 35.
2366 1366 2496 1419 Dico
2546 1365 2883 1419 —Domini.
2945 1363 3246 1434 Quousque
3319 1358 3504 1415 veniat

1910 1473 2149 1535 tempus,
2221 1478 2349 1518 cum
2403 1463 2510 1518 hoc
2567 1461 2842 1517 dixeritis.
2893 1461 3103 1517 Horum
3159 1468 3345 1514 autem
3380 1471 3502 1510 om-

1911 1559 2064 1612 nium
2119 1557 2173 1611 in
2215 1573 2283 1612 eo
2332 1558 2455 1612 loco
2520 1566 2925 1627 consequenter
2984 1550 3505 1625 interpretationem

1912 1667 2184 1707 invenies.

2329 1766 2485 1821 CAP.
2524 1766 2636 1821 LII.
2687 1766 2761 1821 De
2791 1763 3100 1837 hydropico.

277 1836 387 1890 Καὶ
410 1836 652 1907 ἐγένετο
676 1868 743 1876 -
772 1837 980 1893 αὐτόν.
1014 1839 1126 1893 Καὶ
1157 1833 1696 1909 οὗτοςόΦαρισαῖος,
1729 1837 1805 1900 ὼς

1981 1859 2118 1930 Cap.
2185 1857 2325 1914 XIV.
2388 1858 2545 1913 Vers.
2603 1857 2653 1917 1.
2693 1854 2759 1910 Et
2789 1833 2994 1925 factum
3029 1862 3105 1910 cst
3160 1881 3224 1893 —
3267 1866 3409 1905 cum.
3443 1847 3502 1902 Et

201 1929 498 1999 προφήτην
537 1929 708 1982 αὐτὸν
765 1929 1032 1984 ἐκάλεσεν
1079 1932 1162 1994 εἰς
1206 1929 1478 1996 ἑστίασιν,
1531 1929 1807 1998 ὑπόληψιν

199 2021 302 2075 τοῦ
328 2021 774 2092 μίμβασκαίνειν
833 2021 1185 2092 θηρώμενος.
1241 2018 1429 2075 *Ησαν
1474 2021 1585 2093 γάρ
1617 2022 1711 2074 καὶ
1747 2023 1807 2074 ἐν

201 2117 322 2177 τοῖς
350 2113 674 2185 Φαρισαίοις
700 2113 848 2177 τινὲς
889 2113 948 2179 ἐξ
983 2115 1244 2184 ἡμισείας
1281 2117 1535 2185 πονηροὶ,
1573 2113 1808 2168 καὶτῶν

201 2207 386 2262 ἄλλων
418 2207 838 2281 διαφορώτεροι.
875 2208 1075 2262 Εἵπετο
1105 2207 1161 2260 δὲ
1185 2207 1214 2259 6
1255 2208 1515 2278 Χριστὸς,
1549 2207 1807 2277 ἀφορμὴν

204 2299 490 2353 κάνταῦθα
525 2299 798 2369 ὠφελείας
826 2297 1248 2372 τοῦΦαρισαίου
1282 2301 1376 2353 καὶ
1407 2299 1520 2352 τῶν
1551 2300 1693 2353 κατά
1715 2300 1808 2354 τὸν

204 2387 362 2444 οἷκον
390 2392 560 2444 αὐτοῦ
595 2392 924 2462 ποιούμενος
959 2392 1060 2463 τὴν
1103 2392 1390 2446 ἑστίασιν·
1425 2393 1475 2445 οἱ
1510 2392 1566 2444 δὲ
1623 2393 1808 2445 λοιποὶ

204 2485 498 2554 Φαρισαῖοι
531 2486 887 2557 παρετήρουν
915 2485 1102 2553 αὑτὸν,
1139 2485 1237 2539 ἐάν
1288 2503 1343 2539 τι
1400 2485 1610 2556 ποιήσῃ
1656 2484 1808 2554 παρὰ

206 2575 302 2629 τὸν
326 2578 492 2647 νόμον
531 2579 588 2630 ἐν
611 2577 689 2648 τῷ
718 2577 1003 2646 hasten.

283 2759 394 2814 Kal
419 2757 547 2812 ἰδοὺ
573 2789 640 2801 -
667 2757 879 2814 αὐτοῦ.
902 2753 1013 2811 Ἦν
1036 2758 1349 2826 ἱστάμενος,
1375 2757 1472 2811 καὶ
1492 2757 1568 2828 μὴ
1593 2758 1809 2828 τολμῶν

214 2852 316 2923 μὲν
357 2850 595 2923 ζητῆσαι
625 2850 950 2921 θεραπείαν.
983 2851 1075 2905 διά
1104 2850 1166 2905 τὸ
1189 2850 1473 2905 Σάϐϐατον
1537 2851 1632 2907 καὶ
1680 2853 1809 2915 τοὺς

209 2945 547 3015 Φαρισαίους
569 2957 585 2974 ⁸
613 2943 944 3013 φαινόμενος
998 2943 1056 2996 δὲ
1092 2944 1278 3012 μόνον,
1306 2943 1396 2996 ἵνα
1448 2942 1575 2997 ἰδὼν
1606 2944 1810 2997 οἰκτει-

214 3038 360 3110 ρήσῃ
393 3036 589 3091 τοῦτον
631 3035 728 3107 ἀφ’
758 3035 982 3102 ἑαυτοῦ,
1034 3037 1131 3091 καὶ
1177 3035 1469 3108 ἀπαλλάξῃ
1512 3038 1604 3091 τοῦ
1631 3037 1810 3109 ὓδρω-

211 3146 335 3194 πος.

283 3223 493 3279 KaI—
534 3224 925 3292 Φαρισαίους.
989 3223 1139 3277 Ἐκεῖ
1195 3225 1293 3279 καὶ
1352 3225 1557 3289 αὐτοὺς
1607 3243 1808 3295 συγκε-
1837 3209 1884 3268 C

215 3317 395 3389 κλημέ
404 3333 492 3371 νου
503 3335 549 3380 ς.

286 3409 492 3479 Λέγων
517 3440 579 3450 -
607 3409 960 3478 ἡσύχασαν.
1017 3411 1128 3465 Καὶ
1177 3409 1372 3466 ἄλλοτε
1402 3411 1513 3484 γὰρ
1567 3411 1814 3466 τοιοῦτον

213 3502 592 3574 ἐρωτηθέντες
629 3503 1133 3574 ἑπεστομῖσθησαν.
1184 3504 1323 3558 Οᾶδὲ
1369 3505 1481 3576 γὰρ
1536 3505 1813 3576 ἠδύναντο

212 3598 417 3666 λέγειν,
450 3596 534 3650 ὅτι
566 3594 844 3653 ἐκώλυσεν
881 3598 909 3650 6
946 3597 1115 3667 νόμος
1169 3597 1530 3667 ἀγαθοποιεῑν
1564 3601 1623 3652 ἐν
1671 3597 1815 3652 Σαϐε-

215 3693 384 3766 ϐάτῳ.

287 3783 398 3840 Καὶ
440 3816 511 3828 ——
539 3785 878 3840 ἀπέλυσεν.
914 3813 985 3827 --
1026 3784 1512 3857 Ἐπιλαϐόμενος,
1549 3788 1673 3842 ἀντὶ
1693 3786 1812 3854 τοῦ,

218 3881 333 3951 ἀζαά
343 3898 505 3948 μενος
531 3881 720 3934 αὑτοῦ.

285 3975 392 4030 Καὶ
431 3973 780 4042 ἀποκριθεὶς
805 4002 878 4013 --
911 3974 1221 4028 Σαόϐἁτου
1248 3991 1268 4040 ;
1300 3973 1474 4028 Τοῦτο
1531 3973 1641 4047 γὰρ
1679 3974 1812 4027 ἐπέ.

214 4086 417 4142 τρεπεν
451 4071 478 4122 6
511 4069 697 4138 νόμος.
738 4067 798 4120 Εἰ
833 4065 890 4120 δὲ
912 4067 974 4120 τὸ
996 4067 1196 4135 ἄλογον
1229 4067 1369 4132 ζῶον
1393 4068 1495 4122 οὐκ
1529 4067 1812 4123 ἐκώλυσεν

214 4167 468 4236 ἀνισπᾷν
498 4164 561 4216 ὲκ
585 4161 681 4216 τοῦ
721 4161 998 4225 κινδύνου,
1028 4161 1213 4233 πολλῷ
1239 4162 1445 4230 μᾶλλον
1475 4161 1538 4215 τὸ
1567 4162 1810 4230 λογικὸν,

215 4261 282 4312 δι’
311 4259 340 4312 ὃ
363 4259 459 4312 καὶ
501 4258 561 4311 τὸ
588 4257 810 4326 ἄλογον.
853 4257 919 4309 Ὢ
956 4255 1120 4326 βάθος
1156 4256 1384 4324 σοφίαςῑ
1439 4256 1567 4314 Πῶς
1613 4255 1813 4326 διαφό-

221 4366 330 4422 ρως
361 4353 420 4404 ὲν
443 4350 712 4420 Σαϐϐάτῳ
742 4347 1119 4421 θεραπεύσας,
1161 4347 1459 4420 διαφόρους
1508 4347 1813 4418 ἀπολογίας

219 4444 386 4499 αὑτοῦ
422 4443 748 4513 πεποίηται,
793 4441 888 4496 καὶ
925 4441 1112 4504 πάσας
1160 4441 1629 4514 ἀναντιρῤήτως
1656 4441 1810 4496 διδά-

1913 1955 2001 2009 Iiie
2031 1952 2364 2008 Pharisaaus.
2433 1959 2694 2019 tanquam
2730 1948 3078 2020 prephetam,
3115 1944 3332 2000 vocavit
3376 1957 3505 1997 eum

1909 2050 1977 2103 ad
2043 2046 2385 2108 convivium,
2439 2044 2757 2113 opinionem
2804 2040 2992 2096 venari
3045 2038 3297 2108 cupiens,
3358 2033 3505 2105 quod

1912 2141 2014 2210 ipsi
2079 2156 2191 2194 non
2251 2133 2543 2193 invideret.
2620 2133 2797 2190 Erant
2866 2134 3017 2187 enim
3085 2130 3311 2201 quidam
3365 2128 3509 2181 inter

1910 2234 2222 2289 Pharisaeos
2276 2232 2570 2294 semimali.
2613 2242 2668 2285 et
2718 2228 2810 2300 qui
2867 2227 3082 2284 caeteris
3145 2234 3303 2280 erant
3363 2238 3512 2293 prata

1912 2325 2234 2381 stanliores.
2291 2323 2529 2379 Secutus
2581 2331 2665 2376 est
2721 2332 2906 2374 autem
2963 2327 3020 2374 et
3077 2318 3171 2372 hic
3221 2317 3512 2382 Christus.

1912 2420 2258 2474 occasionem
2311 2417 2599 2482 utilitatis,
2654 2414 2955 2480 Pharisaei,
3012 2413 3222 2468 faciens
3255 2410 3507 2465 imdoum

1912 2512 2035 2581 ejus
2099 2511 2414 2580 prandium.
2468 2509 2664 2563 Caeteri
2730 2523 2861 2562 vero
2926 2506 3294 2562 observabant
3343 2520 3508 2568 eum,

1915 2622 1984 2660 an
2019 2605 2226 2660 faceret
2272 2604 2552 2674 quippiam
2585 2603 2638 2656 in
2691 2601 2956 2667 Sabbato,
2995 2601 3139 2669 quod
3186 2608 3384 2668 praeter
3429 2595 3510 2649 Ie-

1915 2714 2034 2768 gcm
2079 2706 2250 2752 esset.

1992 2788 2145 2845 Vers.
2180 2791 2235 2844 2.
2265 2789 2336 2843 Et
2376 2788 2781 2844 ecce—illum.
2839 2785 2966 2840 Erat
3017 2794 3189 2850 stans,
3244 2798 3350 2837 nec
3409 2797 3510 2835 au-

1915 2881 2055 2936 dens
2127 2890 2316 2951 petere
2373 2878 2713 2934 curationem
2786 2881 3014 2947 propter
3077 2872 3377 2927 Sabbatum
3453 2880 3524 2924 eL

1915 2970 2222 3026 I’liarisaros
2255 2987 2270 3024 :
2307 2969 2484 3024 solum
2520 2975 2705 3022 autem
2752 2973 3003 3035 apparet,
3040 2971 3101 3017 ut
3138 2978 3264 3018 eum
3302 2961 3392 3015 ille
3426 2960 3510 3013 vi-

1916 3060 2108 3122 disset.
2151 3057 2507 3113 miseratione
2548 3063 2866 3110 moveretur
2905 3068 3032 3123 erga
3064 3052 3246 3122 ipsum
3307 3065 3372 3105 ac
3409 3049 3511 3119 hy-

1918 3152 2126 3222 tlropisi
2167 3151 2448 3205 liberaret.

1988 3245 2145 3300 Vers.
2190 3245 2244 3298 '5.
2294 3242 2362 3296 Et
2393 3272 2464 3281 --
2495 3239 2814 3296 l’hariscos.
2852 3239 2957 3307 Qui
3004 3238 3169 3294 etiam
3212 3235 3286 3291 ibi
3347 3235 3534 3290 simul.

1919 3347 2079 3393 erant
2110 3335 2349 3391 invitati.

1989 3431 2144 3487 Yers.
2177 3431 2233 3483 5.
2276 3429 2464 3484 Dictus
2490 3457 2558 3469 ——
2585 3437 2885 3483 tacuerunt.
2929 3426 3108 3480 Euam
3150 3423 3276 3478 alibi
3330 3421 3519 3475 simile.

1917 3526 2048 3595 quid
2104 3521 2424 3594 interrogati
2490 3521 2720 3576 obmutu
2763 3529 2892 3575 runt
2937 3537 2949 3573 :
3005 3533 3186 3589 neque
3241 3516 3386 3571 enim
3431 3515 3514 3568 di-

1919 3630 2045 3671 cere
2102 3624 2382 3685 poterant,
2425 3611 2574 3684 quod
2629 3610 3004 3682 prohibuisset
3040 3610 3126 3664 lex
3181 3607 3511 3664 benefacere

1919 3708 1974 3761 in
2019 3705 2280 3761 Sabbato.

1993 3793 2148 3850 Vers.
2221 3795 2274 3849 4.
2325 3792 2394 3847 Et
2424 3820 2494 3832 -
2523 3791 2747 3848 dimisit.
2806 3789 3210 3862 Apprrhendit,
3254 3789 3360 3843 hoc
3407 3797 3516 3848 est,

1921 3887 2097 3959 tetigit
2135 3902 2281 3942 eum.

1991 3979 2149 4036 νει-ε.
2204 3980 2364 4036 5.151
2427 3978 2745 4047 respondens
2777 4011 2843 4021 —
2877 3978 3121 4034 Sabbati.
3195 3977 3310 4032 lloc
3363 3976 3523 4031 enim.

1917 4077 2003 4130 lex
2041 4073 2408 4145 permittebat.
2454 4072 2661 4139 Quodsi
2723 4071 3039 4126 irrationale
3100 4071 3303 4125 animal
3351 4086 3380 4123 a
3415 4085 3516 4140 pe-

1919 4169 2092 4223 riculo
2129 4166 2345 4221 extrahi
2376 4183 2486 4221 non
2532 4166 2857 4236 prohibebat
2905 4165 2958 4219 in
2996 4163 3262 4230 Sabbato,
3338 4164 3514 4217 multo

1918 4261 2090 4332 magis
2115 4261 2400 4327 rationale,
2431 4259 2588 4330 cujus
2612 4260 2901 4314 commodo
2926 4259 3144 4313 vivebat
3169 4257 3508 4312 irrationale.

1917 4353 1961 4407 Ο
1995 4351 2321 4423 profundam
2349 4351 2708 4420 sapientiam!
2746 4349 3024 4419 quomodo
3057 4347 3225 4403 variis
3250 4347 3516 4418 tempori-

1919 4449 2020 4500 Ιιυε
2078 4443 2318 4499 δειὼιιιο
2377 4443 2630 4497 tribuens
2699 4441 2988 4504 sanitates,
3054 4439 3300 4496 diversis
3340 4441 3407 4497 ad
3461 4440 3513 4495 id

219 4557 385 4598 σκων.
421 4539 505 4591 ὅτι
537 4537 645 4589 ἀπὸ
697 4534 806 4589 τῶν
864 4533 1141 4605 βιωτικῶν
1198 4534 1379 4605 ἔργων
1432 4534 1812 4601 σαϐϐατίζειν,

1934 4555 2057 4594 usus
2119 4544 2206 4591 est
2251 4535 2735 4607 responsionibus,
2796 4535 3167 4605 omnibusque
3225 4535 3515 4590 insolibili-

215 4635 335 4702 1ἤτοι
367 4629 677 4704 σχολάζειν,
710 4629 1010 4684 ἐκέλευσεν
1031 4632 1058 4684 6
1087 4630 1254 4697 νόμος
1281 4647 1296 4662 ο
1327 4630 1390 4683 οὐ
1422 4629 1532 4701 μὴν
1563 4627 1675 4682 ἀπὸ
1704 4628 1816 4682 τῶν

219 4724 633 4794 πνευματικῶν.

287 4816 401 4872 KaI
428 4818 540 4871 οὐκ
577 4847 646 4856 -
673 4815 878 4871 ταῦτα.
910 4817 1164 4886 Φανερᾶς
1197 4815 1366 4886 οὔσης
1394 4817 1495 4886 τῆς
1526 4814 1817 4886 ἀληθείας.

223 5025 379 5083 ΚΕΦ.
431 5022 559 5079 NI".
598 5025 737 5093 "cpt
779 5023 887 5079 τοῦ
914 5024 1001 5150 μή
1045 5024 1294 5095 ἀγαπᾷν
1334 5026 1443 5092 τὰς
1494 5031 1824 5095 aputanti-

281 5130 286 5136 -
933 5111 977 5150 σ
1001 5114 1100 5150 ac.

281 5130 286 5136 -
933 5111 1100 5163 σίας.

295 5191 513 5261 Ἔλεγε
549 5219 622 5232 --
695 5188 1084 5258 ἐξελέγοντο.
1159 5188 1444 5259 Ἑπέχων.
1513 5192 1640 5245 ἀντὶ
1701 5191 1817 5257 τοῦ,

229 5283 577 5369 μεμφόμενος
602 5282 736 5354 (52),
780 5283 917 5336 διότι
945 5282 1041 5346 τὰς
1070 5282 1294 5353 πρώτας
1325 5285 1676 5349 κατακλίσεις
1701 5287 1820 5355 ἔξε-

225 5378 448 5447 λέγοντο
475 5394 488 5409 ο
520 5376 669 5448 ὲώρα
695 5378 805 5448 γὰρ
839 5377 1040 5442 αὐτοὺς
1062 5377 1190 5442 τοὺς
1217 5377 1376 5432 τοῦτο
1409 5377 1702 5444 ποιοῦντας
1723 5399 1818 5451 τη-

227 5489 482 5526 νικαυτα.

393 5588 583 5645 Matth.
627 5605 783 5655 xxm,
812 5588 900 5643 53.

1920 4635 2061 4696 bus,
2093 4631 2331 4692 docens,
2367 4628 2512 4698 quod
2545 4645 2574 4682 a
2607 4627 2990 4698 corporalibus
3035 4627 3301 4698 opel‘ibUs
3344 4627 3515 4699 jube-

1919 4729 2010 4783 bat
2049 4726 2133 4780 lex
2177 4723 2484 4794 quiescere.
2517 4739 2626 4777 non
2661 4740 2690 4778 a
2730 4721 3135 4794 spiritualibus.

1994 4819 2150 4875 Vers.
2200 4820 2255 4875 6.
2294 4819 2363 4873 Et
2424 4834 2527 4872 non
2556 4818 2777 4872 -—Im'c.
2828 4814 2968 4873 Cum
3019 4816 3310 4872 manifesta
3367 4827 3522 4873 esset

1922 4917 2149 4971 veritas.

1923 5032 2079 5088 CAP.
2140 5029 2274 5088 LIII.
2329 5031 2404 5085 De
2449 5047 2554 5084 non
2608 5028 2859 5083 amandi:
2913 5030 3102 5100 prium
3163 5029 3520 5087 accubitibus.

1998 5191 2154 5247 Vers.
2198 5192 2250 5244 7.
2296 5187 2513 5243 Dicebat
2541 5219 2608 5229 -—
2638 5187 2909 5260 eligerent.
2943 5186 3266 5254 Iutendcus,
3317 5188 3369 5242 id
3405 5199 3515 5254 est,

1920 5286 2222 5356 obiurgans
2273 5294 2366 5338 aut
2425 5283 2741 5357 indignans,
2791 5282 2922 5352 quia
2976 5282 3182 5352 primos
3226 5283 3518 5340 accubitus

1920 5380 2194 5453 cligebant
2232 5397 2246 5434 :
2300 5387 2428 5434 tunc
2458 5378 2604 5434 enim
2657 5392 2754 5433 eos
2781 5377 2884 5432 hoc
2917 5375 3096 5433 facere
3129 5377 3367 5433 videbat.

1412 5682 1614 5745 Variae
1651 5683 1962 5749 lectiones
2002 5691 2061 5746 et
2117 5691 2310 5747 notae.

304 5809 418 5882 (52)
450 5809 571 5882 Etsi
604 5809 822 5880 ἐπέχειν
846 5808 1312 5865 Ιιοηοοιιοιὶοιιοηι
1347 5810 1553 5866 habere
1587 5820 1765 5880 potest
1797 5829 1812 5867 :

233 5892 416 5937 tamen
446 5881 533 5950 hic
562 5881 740 5937 aliena
782 5890 885 5950 est,
911 5894 1134 5954 propter
1201 5883 1446 5938 additum
1509 5883 1646 5947 πῶς.
1708 5885 1817 5955 Igi-

1929 5814 2095 5890 tur_l,d
2125 5813 2286 5871 etiam
2347 5804 2675 5880 pchuutaxit
2734 5829 2856 5870 cum
2913 5815 3070 5874 διότι.
3129 5816 3384 5890 Ἑπέχειν
3433 5826 3518 5873 est

1926 5883 1981 5939 It.
2019 5881 2052 5939 I.
2088 5896 2186 5955 pio
2247 5890 2557 5958 προσέχειν.
