4016 6472
501 365 631 431 1011

1747 373 2132 436 EUTHYMII
2175 371 2536 433 ZIGABENI

3640 375 3784 443 1012

565 471 705 531 Ycrs
728 516 741 530 .
779 476 806 526 Ἰ
833 515 846 532 .
902 476 1091 532 Dicam
1141 478 1212 532 ad
1277 496 1386 537 eos.
1417 481 1497 537 Ad
1541 496 1991 554 unumquemque
2028 483 2089 536 il-

2265 485 2475 554 Λέγοων
2502 485 2653 553 πρὸς
2683 486 2927 552 αὐτούς.
2968 486 3109 557 Πρὸς
3138 484 3372 541 ἕκαστον
3404 486 3608 543 αὐτῶν.

499 569 704 626 lorum.

562 664 721 722 Vera.
756 666 809 723 8.
854 665 988 723 Cum
1019 699 1085 710 -—
1118 671 1275 727 Vers.
1324 672 1379 728 9.
1436 680 1628 727 tenere.
1666 671 1972 738 Admonet,
2026 689 2097 729 ne

494 770 554 811 se
598 757 1050 817 bonoratiorlbus
1110 772 1474 833 praeponam,
1524 778 1703 833 neque
1763 773 1892 819 ante
1958 764 2098 819 alios

497 862 623 904 sese
660 850 958 907 collucent.
1011 850 1118 908 Per
1164 850 1480 923 paiabolam
1511 862 1695 909 autem
1748 854 2085 910 admonitio-

494 959 623 999 nem
681 953 1021 1013 contexens,
1080 946 1286 1017 absque
1346 946 1549 1002 invidia
1614 962 1710 1002 eos
1768 946 2095 1018 redarguit;

496 1050 622 1090 nam
687 1027 1003 1107 hujusmodi
1063 1048 1194 1094 sunt
1259 1040 1591 1111 parabolice:
1668 1040 2095 1097 admonitiones.

495 1126 601 1183 Per
640 1130 859 1201 nuptias
891 1146 1023 1186 vero
1057 1147 1221 1188 omne
1252 1134 1543 1204 prandium
1588 1149 1923 1206 omnemque
1984 1150 2101 1191 cm-

498 1236 626 1277 nam
681 1222 1053 1294 signiﬁcavit;
1110 1225 1331 1282 invitari
1389 1227 1538 1283 enim
1580 1228 1648 1283 ad
1696 1229 1921 1300 nuptias
1985 1228 2090 1284 bo-

495 1309 881 1370 norilicentius
926 1314 1240 1379 videbatur,
1290 1331 1454 1388 quam
1515 1316 1583 1373 ad
1633 1318 1953 1388 prandium,
2007 1328 2101 1373 aut

508 1419 729 1460 cmnam
762 1407 970 1462 vocari.

566 1496 734 1555 Vers.
802 1500 900 1557 l0.
965 1500 1070 1557 Sed
1112 1532 1182 1543 --
1223 1513 1430 1558 “cum:
1486 1504 1682 1559 Dilatat
1736 1519 2091 1571 sermonem,

496 1592 794 1647 ostendens
821 1600 877 1648 et
912 1593 1296 1653 confusionem
1332 1596 1400 1652 ab
1459 1597 1795 1668 impudentia
1840 1598 1991 1654 nasci
2047 1607 2103 1653 et

496 1682 723 1755 gloriam
775 1699 806 1739 a
853 1687 1225 1753 verecundia;
1273 1699 1328 1744 et
1361 1689 1618 1760 utrinque
1656 1690 1723 1744 ad
1777 1691 2099 1745 modestiam

496 1774 846 1831 adhortatur.
884 1775 1091 1833 Deinde
1126 1779 1291 1835 infert
1348 1781 1513 1836 etiam
1556 1784 1921 1838 universalcm
1971 1799 2100 1839 sen-

499 1868 792 1924 tentiarum
830 1871 1212 1928 collectionem
1253 1874 1319 1929 ad
1374 1875 1855 1932 conﬁrmationem
1902 1878 2104 1933 adhor-
2135 1856 2175 1910 Β

500 1961 743 2028 talionis,
780 1962 973 2020 dicens
1017 1982 1031 2020 :

572 2054 725 2110 Vcrs.
763 2054 851 2110 Η.
884 2054 1068 2112 Omnis
1114 2060 1251 2113 enim
1280 2088 1351 2098 —
1380 2059 1681 2115 extolletur.
1732 2061 1827 2115 llle
1876 2060 2100 2132 quidem

493 2145 800 2216 d-‘jicictur,
842 2147 929 2203 hic
976 2158 1160 2204 autem
1202 2152 1489 2216 exolletur,
1545 2168 1655 2207 non
1705 2162 1913 2209 tantum
1958 2155 2100 2227 apud

498 2239 751 2296 homines
788 2252 936 2299 recte
964 2244 1299 2313 iudicantes.
1341 2261 1529 2300 verum
1563 2249 1725 2301 etiam
1774 2248 1948 2303 multo
1994 2265 2101 2304 ma-

496 2334 578 2405 gis
605 2334 751 2405 apud
781 2335 974 2391 Deum.

568 2427 725 2484 νει-ε.
760 2427 847 2483 12.
899 2427 1213 2483 Dicebat—
1245 2425 1398 2486 Vers.
1452 2430 1536 2484 Η.
1587 2431 1883 2499 justorum.
1942 2432 2098 2498 Vide,

497 2520 666 2574 tutius
738 2521 991 2577 utilitatis
1059 2532 1470 2591 argumentum.
1540 2522 1867 2578 Convivium
1928 2525 2098 2592 fecit;

496 2619 789 2681 postquam
832 2612 980 2666 enim
1034 2614 1345 2679 admonuit,
1388 2629 1511 2684 quae
1561 2614 1629 2669 ad
1666 2616 1927 2673 invitatos
1979 2633 2101 2672 ma-

496 2706 644 2761 xime
702 2708 1065 2775 pertinerent,
1126 2710 1385 2765 admouet
1445 2712 1611 2764 etiam
1664 2712 1810 2782 quod
1878 2715 2101 2781 expedit

496 2800 855 2856 convivatori.
892 2801 1009 2856 Non
1049 2802 1184 2859 dixit
1221 2814 1400 2858 autem
1441 2821 1454 2856 :
1498 2802 1635 2859 Cum
1695 2805 1917 2877 nuptias
1954 2808 2102 2862 fece-

498 2893 601 2957 ris,
642 2892 739 2948 sed
788 2909 803 2947 :
856 2892 993 2948 Cum
1045 2896 1335 2964 prandium
1395 2897 1576 2967 feceris
1609 2906 1702 2950 aut
1758 2914 1991 2953 cwnam.
2041 2899 2099 2953 In

498 2984 708 3054 nuptiis
741 2985 886 3040 enim
942 2988 1317 3042 necessarium
1355 3001 1440 3045 est
1482 2990 1713 3055 amicos,
1774 3001 1829 3046 et
1880 2991 2096 3057 fratres,

498 3089 553 3132 et
586 3089 867 3150 cognatos,
901 3092 955 3137 et
1002 3082 1213 3139 vicinos
1238 3083 1437 3140 dixites
1470 3085 1704 3141 invitare
1738 3087 1802 3141 ad
1830 3087 2099 3144 honorem

498 3178 839 3246 nuptiarum.

567 3267 802 3335 Quidam
842 3283 1027 3329 tamen
1056 3291 1154 3346 per
1185 3276 1475 3346 prandium
1509 3289 1563 3330 et
1600 3291 1813 3331 cumam
1875 3277 2097 3348 nuptias

501 3361 727 3435 intelligi
762 3364 973 3421 dicunt.
1014 3366 1109 3423 Est
1138 3380 1320 3423 autem
1369 3370 1603 3424 docendi
1655 3386 1775 3424 mos
1821 3386 1929 3424 non
1980 3380 2101 3425 tan-

503 3463 614 3507 tum
653 3456 791 3511 mala
838 3458 1155 3529 prohibere,
1200 3463 1298 3518 sed
1329 3462 1483 3518 utilia
1511 3479 1730 3534 quoque
1758 3463 2046 3519 consulere
2082 3481 2096 3518 :

502 3547 612 3613 illa,
650 3563 720 3603 ne
760 3550 911 3617 fiunt,
943 3553 1061 3608 haec
1093 3570 1243 3617 vero,
1292 3564 1352 3611 ut
1380 3556 1532 3611 fiant.

572 3832 693 3886 Non
728 3843 911 3889 autem
948 3834 1004 3889 in
1034 3837 1424 3891 contumeliam
1450 3837 1727 3901 am'citia’,
1780 3839 2098 3897 fraternita-

503 3925 594 3987 tis,
622 3926 987 3997 cognationis,
1034 3928 1381 3999 aliorumque
1434 3928 1695 3983 similium
1739 3930 1853 3985 haec
1904 3932 2100 3988 admo-

504 4018 648 4082 nuit,
711 4019 807 4074 sed
872 4031 930 4075 ut
985 4021 1130 4091 quod
1191 4022 1389 4077 melius
1430 4032 1513 4078 est
1565 4036 1985 4096 cognoscentes,
2048 4028 2099 4084 id

500 4126 893 4181 praeponamus
928 4132 941 4177 ;
976 4122 1033 4169 et
1067 4130 1137 4170 ne
1166 4115 1562 4187 benignitatem
1595 4118 1678 4173 his
1699 4118 1790 4189 qui
1818 4136 1927 4175 non
1957 4121 2101 4177 indi-

501 4213 649 4277 gent.
686 4208 1065 4277 respOnsionis
1108 4209 1309 4264 intuitu
1349 4212 1673 4266 vendamus.

574 4298 744 4355 Deum
801 4302 947 4356 cnim
983 4304 1203 4373 potius,
1256 4321 1419 4373 quam
1472 4306 1750 4361 hominem
1796 4325 1994 4365 curare
2038 4327 2100 4367 o-

501 4403 708 4462 portet,
756 4404 813 4449 ct
866 4412 895 4451 a
947 4396 1058 4452 Deo
1124 4399 1309 4469 potius
1353 4399 1775 4455 retributionem
1828 4419 2097 4472 quaerere,

502 4504 667 4559 quam
702 4490 769 4544 ab
814 4491 1154 4546 hominibus.
1196 4492 1514 4565 Congruum
1557 4495 1721 4548 etiam
1755 4504 1840 4549 est
1880 4506 1937 4550 ut
1986 4499 2100 4568 spi-

2274 657 2455 710 Ὄταν
2503 688 2573 698 -
2597 654 2899 726 κατέχειν.
2938 656 3223 727 Παραινεζ
3258 655 3335 729 μὴ
3366 656 3639 728 ὲπιπηδᾷν
3664 658 3785 723 τατς

2202 749 2597 820 προτιμήσεσι,
2634 748 2771 821 μηδὲ
2811 748 3140 821 προτάττειν
3170 748 3400 811 ἑαυτοὺς
3441 748 3549 803 τῶν
3581 749 3782 805 ἄλλων.

2203 843 2303 896 Διά
2350 841 2675 912 παραϐολῆς
2724 842 2782 896 δὲ
2828 843 2927 914 τὴν
2966 836 3297 913 παραίνεσιν
3336 842 3664 912 ἔξυφαίνων,
3698 844 3789 897 ἀν-

2204 937 2613 1007 επαχθέστερον
2648 936 2833 991 αὐτῶν
2859 936 3225 991 καθάπτεται.
3290 936 3551 991 Τοιαῦται
3590 936 3701 1007 γὰρ
3735 937 3791 991 αί

2206 1029 2580 1101 παραδολικαὶ
2624 1031 3004 1102 παραινέσεις.
3052 1030 3154 1085 Διά
3211 1030 3323 1084 τῶν
3352 1032 3549 1102 γάμων
3591 1030 3650 1084 δὲ
3684 1031 3792 1083 πᾶν

2203 1125 2431 1196 ἄριστον
2474 1126 2568 1180 καὶ
2596 1129 2703 1181 πᾶν
2738 1126 2958 1180 δεῖπνον
2992 1126 3247 1197 ἐνέφηνε.
3277 1124 3350 1179 To
3375 1124 3664 1180 καλεῖσθαι
3687 1124 3793 1194 γὰρ

2203 1218 2286 1282 είς
2311 1220 2549 1289 γάμους,
2610 1219 2942 1291 τιμιὼτερον
2972 1212 3148 1275 ἐδόκει
3201 1218 3301 1291 τῆς
3357 1221 3440 1283 είς
3491 1216 3792 1290 ἀριστονῆ

2203 1311 2421 1368 δεῖπνον
2457 1312 2726 1384 κλήσεως.

2287 1502 2440 1557 Ἀλλ’
2477 1532 2549 1542 -
2580 1516 2703 1558 σοι.
2735 1500 3007 1556 ῐΙλατύνει
3044 1500 3135 1555 τὸν
3182 1501 3366 1569 λόγον,
3406 1499 3669 1554 δεικνύων
3699 1501 3796 1552 καὶ

2201 1596 2301 1666 τὴν
2327 1595 2437 1648 ἀπὸ
2464 1595 2563 1667 τῆς
2592 1594 2898 1659 αὐθαδείας
2943 1594 3241 1665 αἰσχύνην,
3298 1594 3393 1645 καὶ
3416 1593 3517 1665 τὴν
3561 1593 3668 1646 ἀπὸ
3698 1592 3796 1659 τῆς

2202 1689 2494 1754 εὐλαϐείας
2515 1687 2700 1757 δόξαν,
2726 1691 2817 1742 καὶ
2839 1689 3185 1761 ἑκατέρωθεν
3209 1691 3290 1752 είς
3321 1688 3796 1760 μετριοφροσύνην

2204 1781 2678 1854 προτρεπόμενος.
2744 1776 2882 1836 Εἶτα
2935 1783 3205 1853 ἐπιφέρει
3254 1784 3348 1835 καὶ
3417 1781 3797 1851 γνωμολογίαν

2207 1875 2530 1947 καθολικὴν,
2566 1877 2647 1940 εἰς
2683 1876 2980 1947 βεϐαίωσιν
3008 1875 3109 1947 τῆς
3134 1876 3543 1947 παραινέσεως.
3574 1874 3752 1944 λέγων
3780 1888 3794 1903 ⁸

2279 2067 2407 2120 ’Ὀτι
2439 2063 2559 2131 πᾶς
2589 2096 2659 2107 -—
2687 2064 3101 2133 ὑψωθήσεται.
3145 2064 3204 2117 ’0
3249 2063 3349 2134 μὲν
3391 2062 3799 2134 ταπεινωθήσε-

2205 2179 2317 2225 ται,
2375 2163 2402 2215 ὀ
2459 2160 2513 2213 δὲ
2561 2158 2941 2231 ὑψωθήσεται,
2987 2160 3047 2212 ού
3099 2138 3263 2230 μόνον
3315 2160 3466 2230 παρά
3518 2160 3631 2222 τοῖς
3663 2158 3802 2227 ὀρθά

2207 2252 2502 2323 φρονοῦσιν
2536 2253 2871 2325 ἀνθρώποις,
2930 2252 3067 2307 ἀλλά
3106 2253 3200 2306 καὶ
3253 2252 3360 2323 πρὸ
3407 2253 3614 2307 τούτων
3652 2255 3803 2323 παρὰ

2205 2347 2282 2417 τῷ
2313 2346 2452 2418 Θεῷ.

2281 2443 2496 2510 Ἔλεγε
2527 2471 2597 2480 -
2635 2439 2905 2493 δικαίων.
2942 2441 3087 2511 Ὅρα
3156 2437 3334 2510 πόσης
3366 2437 3479 2509 (55)
3531 2437 3802 2507 ὠφελείας

2207 2534 2471 2588 ὑπόθεσιν
2499 2533 2612 2607 (54)
2650 2537 2748 2603 τὴν
2779 2534 3027 2588 ἑστίασιν
3068 2535 3368 2604 ἐποιήσατο
3389 2549 3402 2563 ⁸
3458 2534 3802 2603 παραινέσας

2207 2629 2315 2699 γὰρ
2348 2630 2418 2682 τὰ
2453 2629 2643 2681 εἰκότα
2676 2631 2791 2690 τοῖς
2846 2628 3237 2699 κεκλημένοις,
3278 2630 3539 2699 παραινεῖ
3590 2630 3689 2681 καὶ
3721 2628 3801 2697 τῷ

2208 2723 2529 2793 κεκληκότι.
2567 2723 2682 2777 Ούκ
2714 2712 2839 2775 εἷλε
2872 2722 2929 2775 δὲ
2966 2722 3073 2789 ὃτι,
3120 2723 3295 2777 ’Ὅταν
3352 2726 3514 2793 ποιῇς
3560 2724 3798 2793 γάμους,

2208 2819 2348 2885 ἀλλ’,
2386 2819 2576 2872 Ὅταν
2606 2815 2788 2887 ποιῇς
2818 2816 3073 2886 ἄριστον
3092 2816 3129 2885 ἧ
3151 2815 3420 2871 δεῖπνον.
3459 2816 3548 2870 Ἐν
3567 2819 3680 2879 τοῖς
3711 2816 3805 2885 γά-

2210 2931 2331 2983 μοις
2367 2914 2501 2984 γὰρ,
2552 2911 2872 2981 ἀναγκαίως
2906 2910 3096 2981 φίλους
3131 2911 3229 2965 καὶ
3263 2910 3530 2978 ἀδελφοὺς
3553 2911 3647 2964 καὶ
3673 2927 3805 2975 συγ-

2207 3013 2384 3078 γενεῖς
2419 3010 2511 3061 καὶ
2537 3008 2791 3077 γείτονας
2823 3005 3117 3071 πλουσίους
3154 3005 3513 3069 συνεκάλουν,
3542 3003 3636 3059 ἐπὶ
3664 3007 3797 3075 τιμῇ

2205 3103 2316 3157 τῶν
2341 3102 2558 3171 γάμων.

2279 3276 2439 3337 Τινὲς
2477 3273 2556 3337 δὲ,
2596 3274 2688 3327 διὰ
2722 3272 2819 3327 τοῦ
2849 3272 3077 3344 ἀρίστου
3117 3272 3212 3324 καὶ
3250 3271 3347 3324 τοῦ
3404 3268 3650 3334 δείπνου,
3703 3267 3799 3321 καὶ

2206 3367 2333 3429 τοὺς
2381 3367 2601 3437 γάμους
2638 3364 2884 3419 νοεῖσθαι
2920 3364 3167 3434 λέγουσι.
3218 3362 3392 3431 Δοχὴν
3418 3360 3473 3414 δὲ
3506 3359 3667 3415 καλεῖ
3697 3359 3796 3428 τὴν

2206 3459 2499 3531 ὑποδοχὴν,
2533 3460 2635 3529 τὴν
2672 3458 2936 3529 εὐωχίαν,
3001 3457 3103 3528 τὴν
3143 3456 3413 3510 ἑστίασιν.
3468 3453 3685 3526 Τρόπος
3740 3454 3795 3507 δὲ

2205 3551 2615 3617 διδασκαλικὸς,
2648 3552 2725 3623 μὴ
2761 3552 2925 3622 μόνον
2949 3549 3187 3605 κωλύειν
3210 3548 3279 3602 τὰ
3309 3547 3516 3617 φαῦλα,
3540 3545 3678 3601 ἀλλὰ
3706 3550 3798 3598 καὶ

2208 3648 2570 3703 ὑποτίθεσθαι
2597 3649 2667 3701 τὰ
2698 3648 2917 3720 χρηστά
2938 3660 2952 3675 ⁶
2988 3640 3126 3712 οἷον,
3163 3647 3254 3715 Μὴ
3304 3644 3449 3699 ποίει
3477 3644 3622 3708 τόδε,
3662 3644 3799 3697 ἀλλὰ

2205 3745 2347 3798 τόδε.

2278 3837 2393 3890 Ούκ
2424 3837 2511 3889 ἐπ’
2534 3835 2733 3907 ἀτιμία
2766 3834 2821 3888 δὲ
2850 3833 3037 3905 φιλίας
3070 3832 3183 3904 (55)
3215 3834 3310 3887 καὶ
3345 3830 3670 3901 συγγενείας
3704 3829 3799 3883 καὶ

2206 3937 2593 4007 ἀδελφότητος,
2638 3936 2732 3989 καὶ
2768 3933 2875 3988 τῶν
2901 3933 3189 3997 τοιούτων,
3230 3931 3407 3986 ταῦτα
3460 3930 3798 4001 παρῄνεσεν,

2204 4031 2322 4085 ἀλλ’
2354 4030 2442 4084 ἵνα
2464 4030 2524 4083 τὸ
2554 4032 2809 4101 κρεῖττον
2837 4028 3066 4092 εἰδότες,
3090 4027 3251 4081 τοῦτο
3279 4025 3666 4096 προτιμῶμεν.
3701 4024 3800 4077 καὶ

2208 4124 2283 4195 μὴ
2316 4126 2428 4187 τοῖς
2461 4124 2739 4177 ἁνενδεέσι
2801 4123 2898 4187 τὰς
2928 4122 3337 4194 φιλοφροσύνας
3385 4120 3799 4191 ἀπεμπολῶμεν

2204 4220 2293 4272 ἐπ’
2321 4218 2743 4273 ἀνταποδόσεσι.

2276 4312 2397 4385 Χρὴ
2432 4313 2538 4383 γὰρ
2572 4312 2705 4366 Θεὸν
2745 4311 3077 4383 Θεραπεύειν
3127 4309 3330 4381 μᾶλλον
3375 4310 3407 4381 ἢ
3445 4308 3795 4380 ἀνθρώπους,

2206 4411 2301 4461 καὶ
2360 4408 2516 4478 παρὰ
2554 4406 2691 4459 Θεοῦ
2726 4407 2915 4477 ζητεῖν
2973 4405 3341 4459 ἀνταπόδοσιν
3391 4402 3502 4474 (56)
3560 4402 3592 4473 ἢ
3645 4403 3798 4471 παρά

2206 4500 2535 4573 ἀνθρώπιον.
2569 4501 2849 4571 Προσήκει
2875 4499 2931 4553 δὲ
2973 4499 3188 4552 καὶτὸν
3225 4495 3600 4569 πνευματικὸν
3648 4496 3798 4548 ἐστι·

504 4583 718 4638 ritualis
744 4586 1065 4641 convivator
1096 4603 1368 4657 pauperes
1394 4598 1686 4652 convocet,
1720 4590 1814 4657 qui
1846 4589 2098 4646 videlicet

2222 4598 2382 4668 itopa
2409 4595 2706 4665 συγκαλεῖν
2737 4598 2867 4657 τοὺς
2906 4595 2963 4649 ἐν
2996 4592 3202 4665 ἀπορίᾳ
3230 4592 3489 4659 γνώσεως
3517 4591 3792 4659 πτωχοὺς,

504 4676 733 4731 scicntia
788 4678 1053 4748 indigent,
1103 4678 1311 4734 debiles
1384 4681 1812 4749 praecordiorum
1869 4682 2103 4738 dissolu-

2204 4690 2299 4743 καὶ
2334 4692 2461 4752 τοὺς
2484 4692 2541 4743 ἐν
2571 4689 2887 4761 παραλύσει
2924 4688 3139 4761 φρενῶν
3168 4689 3513 4759 ἀναπήρους,
3546 4687 3639 4740 καὶ
3669 4688 3795 4748 τοὺς

504 4769 674 4832 tione,
726 4780 781 4824 et
823 4771 914 4841 qui
970 4772 1021 4826 in
1058 4775 1236 4827 activa
1267 4772 1377 4827 vita
1420 4773 1598 4828 claudi
1628 4784 1775 4838 sunt,
1817 4784 1873 4829 et
1906 4775 1997 4845 qui
2047 4776 2098 4829 in

2222 4803 2262 4836 ιν
2290 4787 2357 4855 τῇ
2394 4786 2679 4856 πρακτικῇ
2712 4782 2949 4852 χωλοὺς,
2988 4782 3080 4835 καὶ
3115 4782 3242 4845 τοὺς
3279 4783 3338 4834 ἐν
3370 4784 3436 4851 τῇ
3477 4782 3791 4851 θεωρητικῇ

503 4863 932 4933 contemplativa
984 4866 1114 4920 caeci
1155 4882 1175 4920 :
1210 4882 1335 4920 nam
1370 4868 1462 4937 qui
1496 4866 1631 4921 tales
1664 4883 1771 4921 non
1809 4878 1960 4935 sunt,
2000 4868 2098 4923 hoc

2222 4878 2441 4947 ςυφλούς
2464 4892 2476 4906 ’
2508 4878 2557 4930 oi
2586 4878 2663 4949 μὴ
2692 4877 2928 4947 τοιοῦτοι
2979 4876 3088 4947 γὰρ
3122 4876 3222 4929 ούκ
3245 4874 3791 4930 ὲπιδέονταιτούτου.

505 4954 760 5009 convivio
808 4970 917 5009 non
953 4956 1220 5029 indigent.

576 5046 615 5115 ῒ
671 5046 953 5117 Siquidem
986 5049 1075 5119 qui
1110 5050 1491 5121 pusillanimes
1537 5062 1685 5115 sunt,
1721 5062 1920 5107 vocant
1966 5052 2103 5107 ami-

511 5154 605 5193 cos
652 5149 707 5195 et
749 5141 969 5209 fratres,
1011 5153 1275 5215 cognatos
1308 5160 1372 5201 ac
1400 5147 1611 5201 vicinos
1640 5146 1856 5212 divites,
1907 5148 2101 5202 utcito

2273 5052 2313 5122 ’δ’
2348 5050 2387 5121 -ι-
2431 5051 2584 5104 Ἐπεὶ
2617 5050 2666 5103 oi
2699 5048 2811 5120 (57)
2849 5049 2948 5119 μὲν
2980 5047 3311 5120 μικρόψυχοι
3344 5046 3572 5101 καλοῦσι
3604 5046 3792 5117 φίλους

2204 5146 2297 5199 καὶ
2322 5146 2612 5212 ἀδελφοὺς,
2638 5146 2926 5212 συγγενεῖς
2957 5142 3049 5196 καὶ
3079 5141 3331 5210 γείτονας
3363 5141 3677 5205 πλουσίους,
3705 5138 3790 5192 διὰ

505 5233 573 5286 ab
615 5232 695 5288 eis
744 5235 844 5290 sibi
921 5238 1256 5307 rependatur
1304 5256 1317 5291 :
1364 5240 1456 5310 qui
1516 5256 1647 5295 vero
1713 5256 1912 5311 magno
1970 5249 2098 5295 sunt

2222 5240 2301 5311 ςὴν
2334 5242 2390 5290 ἐν
2424 5238 2500 5307 τῷ
2530 5238 2778 5308 παρευθὺ
2825 5238 3019 5308 χάρινο
3056 5238 3106 5289 oi
3142 5237 3201 5291 δὲ
3253 5222 3623 5307 μεγαλόψυχοι
3657 5233 3789 5288 πολὺ

507 5326 714 5391 animo,
769 5329 931 5402 longe
997 5332 1290 5388 honestius
1333 5349 1396 5389 ac
1454 5333 1911 5390 honorificentius
1961 5349 2100 5405 ope-

2201 5334 2422 5388 κάλλιον
2454 5335 2549 5386 καὶ
2580 5332 2923 5405 ἐνδοξότερον
2954 5332 3309 5402 ἐργάζονται,
3340 5330 3368 5384 ὃ
3390 5329 3590 5395 ἔδειξεν
3616 5331 3645 5383 ὀ
3683 5328 3793 5381 Κύ-

1732 5519 1928 5582 Variaa
1959 5517 2268 5581 lectiones
2305 5524 2364 5578 et
2397 5526 2587 5580 notua.

579 5689 693 5760 (53)
745 5691 1185 5765 Hicncvidetiir
1214 5692 1411 5763 legisse
1436 5692 1763 5748 llentenius.
1808 5690 1947 5765 Ergo
1986 5692 2106 5765 ejus

508 5762 887 5829 interpretatio
914 5764 1208 5817 claudicat.

577 5832 689 5904 (54)
744 5834 1051 5898 ’Υπόθεσι;.
1089 5834 1145 5887 Β.
1188 5832 1343 5888 Male.

578 5904 690 5976 (ἥδ)
755 5905 1029 5972 Παιδείας,
1060 5921 1159 5977 pro
1192 5906 1395 5975 φιλίας.
1434 5906 1499 5960 Α·

2284 5690 2396 5761 (56)
2426 5691 2649 5747 Μᾶλλον

2280 5756 2392 5833 (57)
2433 5764 2547 5819 Hoc
2570 5764 2837 5819 scholium
2868 5772 3065 5818 neuter
3098 5778 3343 5817 meorum
3380 5760 3649 5833 agnoscit.
3681 5756 3788 5813 Le-

2207 5832 2409 5908 guntur
2442 5836 2641 5891 similia
2675 5836 2818 5906 apud
2844 5833 3319 5907 Theophylactum
3354 5851 3406 5905 p.
3438 5832 3566 5887 4'55.
3608 5834 3674 5886 Α.
