4016 6492
252 376 390 442 1012

1215 383 1613 445 COMMENT.
1660 384 1739 444 lN
1786 384 2067 448 LUCAM.
2111 414 2181 426 --
2220 389 2382 451 CAP.
2420 390 2578 451 XIV.

3419 387 3483 453 lu
3496 389 3513 453 l
3526 390 3555 452 Ai

242 510 363 565 ριος
388 493 478 548 διὰ
508 494 635 558 τοὺς
672 492 968 561 ποιοῦντας
998 495 1163 550 τοῦτο
1194 497 1276 564 εἰς
1307 498 1437 562 τοὺς
1456 498 1716 563 ἀσθενεῖς
1743 497 1841 553 καὶ

1964 508 2160 566 'antur,
2216 508 2367 572 quod
2420 501 2830 563 demonstravit
2858 500 3133 558 Dominus
3180 516 3281 574 per
3313 516 3409 559 eos
3461 500 3554 573 qui

240 586 447 653 ἐνδεεῖς
481 589 579 642 καὶ
601 588 949 660 ἀναπήρους,
986 588 1122 660 παρ’
1154 586 1233 646 ὧν
1261 592 1364 646 οὐκ
1396 592 1550 647 ἔστιν
1590 592 1841 648 ἀνταπό-

236 680 409 747 δοσις,
446 675 531 747 οἷς
584 685 613 737 ό
650 684 787 748 Θεὸς
815 687 875 739 ιν
927 685 1008 757 τῷ
1041 686 1299 758 μέλλοντι
1334 688 1498 745 αίῶνι
1538 689 1841 745 ἀποδοῦναι

241 774 441 844 μισθὸν
478 776 879 849 ἐπηγγείλατο.

239 891 403 948 ΚΕΦ.
437 891 585 946 ΝΔύ
615 894 756 963 Περὶ
791 893 911 949 τῶν
944 898 1345 968 καλουμένων
1370 900 1441 955 ἐν
1483 898 1562 966 τῷ
1594 901 1839 967 δείπνῳ.

326 986 629 1053 Ἀκούσας
655 987 725 1043 δέ
767 1006 859 1056 τις
884 1020 949 1034 --
973 994 1270 1061 πολλούς.
1310 994 1628 1065 Ἐξυφαίνει
1657 1013 1841 1066 παρα-

236 1078 407 1149 ΰολὴν
438 1082 843 1151 ἑμφαίνουσαν,
878 1084 961 1137 ὅτι
985 1085 1166 1152 οὐδεὶς
1208 1087 1320 1141 τῶν
1370 1089 1445 1160 μὴ
1492 1089 1844 1161 πειθομένων

236 1174 391 1246 αὐτῷ
412 1175 716 1231 ἀπολαύσει
756 1178 859 1249 τῆς
897 1180 1185 1251 βασιλείας
1239 1184 1337 1237 τοῦ
1383 1183 1547 1240 Θεοῦ.
1596 1185 1710 1241 Καὶ
1744 1187 1846 1242 ἀν-

243 1266 465 1339 θρωπον
522 1269 624 1339 μὶν
668 1272 1091 1347 προσηγόρευσε
1132 1274 1226 1329 τὸν
1259 1276 1396 1330 Θεὸν
1448 1276 1542 1331 καὶ
1596 1278 1841 1350 Πατέρα,

243 1358 316 1423 ῶς
361 1361 754 1436 φιλάνθρωπον
775 1381 791 1397 ·
820 1366 1043 1421 δεῖπνον
1081 1368 1140 1421 δὲ
1175 1369 1351 1440 μέγαν
1376 1370 1514 1443 (58),
1548 1370 1651 1444 τὴν
1680 1372 1845 1427 ἀνέκ-

246 1467 491 1521 φραστον
514 1455 822 1530 ἀπόλαυσιν
858 1458 959 1529 τῆς
991 1460 1281 1530 βασιλείας
1314 1462 1411 1516 τοῦ
1452 1462 1613 1519 Θεοῦ.
1660 1465 1843 1520 Ἀδια-

244 1545 429 1616 φόρως
459 1547 516 1602 δὲ
545 1548 640 1603 νῦν
662 1529 881 1605 δεῖπνον
905 1553 1114 1625 ταύτην
1141 1554 1253 1625 (59)
1280 1552 1458 1613 εἶπεν.
1500 1558 1587 1610 Ἐν
1606 1556 1683 1631 τῷ
1711 1578 1843 1614 πεν-

241 1638 492 1711 τηκοστῷ
524 1640 634 1713 γὰρ
689 1643 896 1716 πρώτῳ
930 1646 1216 1719 κεφαλαίῳ
1247 1647 1342 1700 τοῦ
1391 1649 1533 1704 κατὰ
1559 1651 1843 1705 Ματθαῐον

240 1728 463 1800 ἄριστον
506 1734 679 1805 αὐτὴν
731 1736 1039 1807 ὠνόμασεν.
1104 1739 1403 1795 Ἐκάλεσε
1432 1739 1501 1794 δὲ
1542 1742 1840 1811 πολλοὺς,

241 1822 434 1931 ἤγουν,
461 1826 563 1891 τὰς
590 1828 802 1883 δώδεκα
853 1831 1031 1900 φυλὰς
1075 1830 1172 1886 τοῦ
1227 1832 1471 1904 Ἰσραήλ.
1505 1828 1679 1889 Αὖται
1730 1837 1842 1906 γὰρ
1872 1868 1923 1931 8

242 1917 351 1987 πρὸ
386 1920 602 1975 πάντων
634 1920 744 1977 τῶν
779 1924 954 1980 ἐθνῶν
984 1922 1129 1997 ἦσαν
1160 1927 1511 1999 κεκλημέναι
1590 1931 1671 1993 ὠς
1712 1930 1843 1996 λαὸς

240 2008 526 2083 ἐξαίρετος
555 2014 651 2069 τοῦ
674 2016 839 2074 Θεοῦ.

312 2105 353 2178 τι
397 2106 439 2179 ,ι
472 2109 529 2163 Ὀ
558 2111 669 2165 τῶν
726 2112 868 2168 ὅλων
920 2113 1033 2186 (60)
1080 2116 1432 2187 Δημιουργδς
1486 2118 1582 2171 καὶ
1649 2118 1842 2188 Πατὴρ

236 2194 375 2259 Θεὸς
413 2199 631 2255 δεῖπνον
664 2204 807 2272 μέγα
838 2205 1093 2277 ἐποίησε,
1122 2207 1434 2272 τουτέστιν,
1466 2209 1843 2282 εὑαγγελικὴν

238 2290 582 2364 ⁶εἰκονομίαν,
626 2296 714 2349 ἵνα
778 2297 986 2362 πάντες
1030 2301 1169 2372 πρὸς
1227 2302 1407 2374 αὐτὴν
1440 2304 1840 2375 συνέρχωνται.

240 2386 473 2439 Δεῖπνον
502 2387 558 2441 δὲ
581 2393 758 2456 καλεῖ,
794 2392 895 2446 οὐκ
924 2394 1177 2465 ἄριστον,
1216 2396 1300 2450 ὅτι
1334 2398 1392 2451 ἐν
1417 2397 1675 2467 ἐσχάτοις
1720 2416 1841 2451 και-

240 2481 355 2547 poi;
388 2480 483 2534 καὶ
511 2475 626 2536 οἷον
665 2486 759 2537 ἐπὶ
800 2486 1040 2558 δυσμαῖς
1073 2490 1170 2544 τοῦ
1230 2490 1457 2555 αἰῶνος.
1505 2492 1843 2562 Ἦτοίμασεν

238 2566 331 2625 οὖν
360 2573 781 2648 ἁμαρτημάτων
807 2580 1097 2647 ἀπόθεσιν,
1153 2583 1478 2655 Πνεύματος
1514 2585 1673 2653 ἁγίου
1709 2585 1844 2656 μέθ-

236 2665 374 2735 εξιν,
423 2668 704 2736 υἱοθεσίας
739 2673 923 2743 δόξαν,
962 2676 1252 2744 βασιλείαν
1284 2678 1539 2746 οὐρανῶν
1572 2680 1671 2734 καὶ
1702 2696 1847 2751 προ·-

238 2762 472 2830 φητείας
521 2763 907 2834 Εὑαγγελίων.

308 2856 420 2910 Kal
456 2887 527 2897 —
576 2858 798 2917 πάντα.
822 2863 1021 2918 Δοῦλον
1057 2864 1151 2919 τοῦ
1186 2867 1402 2937 Πατρδς
1437 2868 1632 2923 ἑαυτὸν
1672 2870 1840 2938 λέγει,

241 2945 319 3007 ὡς
351 2948 571 3019 μορφὴν
598 2950 791 3006 δούλου
856 2954 1119 3021 λαϐόντα,
1178 2957 1237 3022 ὃς
1275 2960 1568 3032 ἀπεστάλη
1611 2963 1757 3016 κατά
1785 2964 1844 3015 τὸ

240 3038 590 3109 ἁνορώπινον
622 3046 707 3107 εἰς
747 3047 872 3111 τοὺς
918 3050 1238 3116 Ἰουδαίους,
1270 3053 1460 3107 καλῶν
1519 3055 1723 3117 αὐτοὺς
1756 3058 1842 3120 εξς

239 3134 341 3205 τὴν
375 3137 638 3208 ῥηθεῖσαν
671 3140 1001 3208 ἀπόλαυσιν,
1042 3144 1133 3200 διὰ
1162 3146 1257 3202 τοῦ
1288 3146 1659 3217 Εὐαγγελίου.

307 3402 416 3453 Καὶ
458 3432 527 3442 --
554 3404 801 3472 πάντες.
854 3406 992 3461 Ἀπὸ
1030 3410 1163 3477 μιᾶς
1190 3411 1493 3484 συνθήκης,
1527 3416 1839 3485 τουτέστιν,

238 3493 377 3564 ἅμα,
415 3496 632 3563 κοινῶς.

319 3589 386 3642 '0
424 3588 662 3659 πρῶτος
706 3623 777 3635 -
820 3595 1043 3651 ἐλθεῖν.
1109 3599 1177 3651 Ai
1225 3599 1482 3672 διάφοροι
1532 3603 1844 3674 προφάσεις

236 3682 392 3737 οὐδὲν
431 3684 639 3755 ἱτερον⁸
662 3688 1088 3761 ὑποφαίνουσιν,
1121 3690 1155 3763 ἢ
1192 3694 1261 3748 τὰ
1289 3695 1531 3766 διάφορα
1563 3698 1737 3771 πάθη,
1773 3700 1842 3756 δι’

238 3777 274 3831 ἂ
299 3777 402 3850 τῆς
437 3782 744 3856 εἰρημένης
806 3786 1169 3851 ἀπολαύσεως
1210 3790 1627 3862 ἐστερήθησανο
1673 3796 1701 3848 ὁ
1741 3795 1842 3865 μὲν

239 3876 350 3945 γὲρ
386 3873 523 3945 τῷδε
556 3882 1002 3951 κεκρατημένος,
1046 3881 1237 3953 ἔτερος
1270 3883 1329 3938 δὲ
1348 3884 1510 3956 τῷδε,
1553 3887 1649 3940 καὶ⁹
1680 3888 1844 3953 ἀλλος

244 3968 403 4038 τῷδε,
438 3970 744 4042 παρώσατο
789 3972 905 4047 (61)
933 3974 996 4028 τὸ
1054 3977 1415 4047 Εὐαγγέλιον,
1458 3979 1528 4032 δι’
1561 3974 1624 4033 οὗ
1656 3984 1844 4053 τυχεῖν

238 4062 441 4134 ταύτης
467 4064 619 4136 ἐξῆν,
653 4066 730 4131 ὡς
760 4069 1011 4124 ἐναντίον
1042 4073 1165 4135 ταῖς
1200 4074 1598 4145 προαιρέσεσιν
1636 4076 1840 4132 αὐτῶν.

240 4154 313 4208 Τὸ
354 4158 412 4212 δὲ
449 4158 645 4229 ἐρωτῶ
671 4177 766 4223 σε,
794 4161 888 4215 νῦν
918 4163 1044 4218 ἀντὶ
1064 4164 1181 4230 τοῦ,
1208 4167 1522 4239 παρακαλῶ
1549 4184 1631 4236 σε,
1663 4168 1839 4223 τέθει-

238 4269 328 4305 ται
363 4251 501 4323 (62),
529 4255 717 4320 καθὼς
752 4256 846 4311 καὶ
879 4258 938 4311 ἐν
969 4258 1256 4332 διαφόροις
1286 4260 1477 4326 τόποις
1522 4264 1844 4334 παραδεδώ-

239 4362 307 4398 κα
316 4363 437 4417 μεν.

310 4518 490 4593 [Τινὲς
528 4521 640 4595 (63)
671 4523 727 4577 δὲ
766 4525 936 4596 ἀγρὸν
959 4526 1060 4595 μὲν
1093 4527 1317 4595 λέγουσι
1373 4528 1473 4601 τὴν
1504 4531 1846 4604 φιλοκτημο-

244 4619 412 4692 σύνην
436 4636 451 4653 ·
487 4618 659 4693 ζεύγη
691 4622 750 4676 δὲ
787 4620 951 4693 βοῶν.
980 4624 1083 4693 τὴν
1136 4627 1467 4697 σωματικὴν
1517 4628 1835 4698 φιλεργίανο
1871 4605 1922 4667 D

244 4716 479 4784 γυναῖκα
516 4715 595 4782 δὲ,
631 4718 731 4788 τὴν
772 4718 1137 4791 φιληδονίαν.]

315 4912 423 4967 Kal
450 4944 519 4955 -
550 4913 762 4969 ταῦτα.
812 4913 988 4967 Τοῦτο
1041 4907 1217 4976 εἶπεν,
1256 4915 1355 4986 οὐχ
1382 4914 1457 4979 ὡς
1516 4915 1845 4984 ἀγνοοῦντος

414 5072 607 5129 Matth.
675 5091 810 5141 xxii,
863 5076 920 5130 4.

1948 593 2056 650 hoc
2102 590 2312 651 iaciunt
2340 610 2469 668 erga
2497 594 2747 653 inﬁrmos
2776 605 2832 653 et
2856 595 3169 669 indigentes
3199 611 3264 652 ac
3302 596 3549 661 mutilos,

1948 702 1977 741 a
2016 687 2220 758 quibus
2251 702 2362 743 non
2396 697 2480 745 est
2511 689 2823 752 retributio,
2853 688 3056 759 quibus
3086 687 3231 744 Deus
3258 687 3312 744 in
3372 688 3555 745 futura

1949 784 2057 835 vita
2105 796 2165 836 se
2200 781 2458 837 daturum
2508 797 2633 839 esse
2677 781 2991 838 mercedem
3044 782 3328 854 pollicitus
3374 794 3481 839 est.

2179 897 2337 956 CAP.
2390 899 2527 955 LIV.
2573 899 2649 954 De
2682 901 2921 956 invitatis
2968 900 3043 955 ad
3088 915 3311 956 cauam.

2018 991 2174 1047 Vers.
2210 992 2297 1048 ιδ.
2324 992 2560 1063 Cumque
2607 993 2718 1048 hac
2753 994 2989 1049 audisset
3019 1023 3089 1035 —
3115 992 3274 1049 Vers.
3310 992 3550 1047 l6.mul-

1948 1092 2050 1138 tos.
2092 1082 2416 1148 Parabolam
2469 1083 2764 1149 subinfert,
2816 1093 2877 1142 ut
2924 1085 3203 1149 ostendat,
3254 1083 3401 1155 quod
3435 1084 3555 1139 nul-

1948 1178 2034 1235 lus
2084 1178 2176 1250 qui
2228 1182 2282 1234 ei
2366 1194 2476 1235 non
2538 1177 2835 1244 obedierit,
2910 1178 3127 1235 fruetur
3194 1192 3364 1251 regno
3424 1176 3555 1233 Dei.

1946 1270 2238 1328 llominem
2282 1272 2472 1343 itaque
2514 1274 2731 1329 vocavit
2788 1274 2959 1329 Deum
3022 1282 3079 1329 et
3130 1272 3372 1338 Patrem,
3430 1280 3555 1327 tan-

1946 1382 2112 1438 quam
2171 1366 2478 1422 humanum
2548 1382 2613 1422 ac
2679 1367 2968 1423 hominum
3042 1379 3367 1424 amatorem.
3426 1365 3554 1423 Coe-

1946 1476 2074 1516 nam
2132 1475 2265 1516 vero
2321 1477 2600 1533 magnam,
2646 1461 2979 1520 ineffabilem
3049 1463 3203 1533 regni
3260 1460 3357 1517 Dei
3418 1460 3554 1515 frui-

1948 1556 2176 1621 tionem,
2232 1571 2398 1624 quam
2456 1555 2581 1611 ideo
2621 1570 2841 1614 cenam
2896 1557 3143 1622 vocavit,
3187 1554 3338 1625 quod
3389 1552 3555 1608 linem

1946 1647 2163 1702 nesciat
2221 1646 2367 1716 (p).
2419 1644 2555 1701 Nam
2622 1646 3081 1718 quinquagesimo
3157 1645 3340 1716 primo
3400 1646 3555 1716 juxta

1948 1740 2262 1795 Matthacum
2294 1744 2477 1810 capite
2507 1740 2800 1810 prandium
2843 1738 3147 1810 appellavit
3190 1738 3231 1793 ⁸.
3279 1738 3349 1793 Et
3397 1755 3555 1793 voca-

1948 1836 2019 1888 vit
2063 1833 2280 1899 multos,
2313 1842 2444 1904 puta
2473 1832 2765 1890 duodecim
2801 1832 2975 1889 tribus
3002 1830 3206 1897 Israel;
3243 1832 3375 1903 ipsa:
3407 1832 3569 1886 enim

1948 1938 2077 1983 ante
2122 1941 2319 1983 omnes
2359 1936 2552 1999 gentes
2588 1934 2798 1983 vocatae
2839 1934 3023 1993 erant,
3074 1935 3264 1997 utpote
3318 1925 3561 1996 populus

1944 2038 1971 2074 a
2010 2019 2122 2076 Deo
2151 2020 2383 2075 electus.

2014 2113 2055 2184 ἰ-
2094 2113 2491 2170 Universorum
2526 2109 2759 2170 Creator
2797 2120 2853 2166 et
2884 2111 3047 2166 Pater
3097 2110 3242 2166 Deus
3293 2124 3567 2182 magnam-

1944 2206 2073 2262 fccit
2109 2222 2347 2270 ccenam,
2385 2206 2486 2261 hoc
2518 2213 2605 2261 est
2643 2204 3121 2275 dispensationem
3148 2203 3560 2273 evangelicam,

1945 2302 2011 2357 ad
2052 2316 2218 2372 quam
2276 2314 2473 2355 omnes
2510 2298 2903 2355 convenirent.
2939 2297 3170 2353 Coenam
3218 2307 3407 2352 autem
3462 2313 3557 2350 vo-

1945 2404 2055 2459 cat,
2089 2410 2201 2449 non
2252 2394 2573 2465 prandium,
2610 2391 2742 2462 quia
2777 2391 2831 2445 in
2870 2391 3168 2461 postremis
3212 2390 3559 2461 temporibus

1947 2498 2003 2542 et
2033 2487 2103 2542 ad
2143 2501 2431 2558 vesperam
2495 2485 2707 2542 szeculi.
2765 2483 2985 2540 Paravit
3024 2497 3158 2555 ergo
3203 2494 3559 2554 peccatorum

1947 2577 2381 2649 depositionem,‘
2450 2576 2691 2647 Spiritus
2782 2576 2957 2631 sancti
3027 2574 3560 2645 participationem,

1947 2667 2266 2735 adoptionis
2312 2666 2686 2737 splendorem,
2734 2681 2970 2737 regnum
3017 2666 3285 2723 cwlorum
3332 2680 3398 2722 ac
3470 2682 3557 2720 va-

1950 2760 2136 2815 ticinia
2177 2759 2628 2830 Evangeliorum.

2023 2850 2177 2908 \‘ers.
2220 2852 2301 2907 l7.
2344 2850 2509 2905 Et—
2541 2852 2747 2914 omnia,
2798 2849 3031 2905 Servum
3082 2847 3263 2905 Patris
3317 2850 3453 2906 dicit
3498 2865 3557 2905 sc

1948 2947 2157 3016 ipsum,
2200 2960 2266 3000 eo
2345 2945 2494 3014 quod
2568 2943 2715 2999 servi
2749 2942 2986 3001 formam
3044 2943 3382 3014 acceperit;
3447 2960 3557 2999 non

1948 3052 2134 3096 tamen
2163 3039 2490 3109 simpliciter
2532 3053 2782 3103 servum,
2828 3036 2924 3092 sed
2973 3052 3098 3092 cum
3138 3034 3397 3099 articulo,
3444 3050 3551 3091 ser—

1948 3150 2077 3189 vum
2130 3134 2309 3199 illum,
2348 3133 2441 3203 qui
2500 3131 2808 3187 secundum
2873 3127 3280 3189 humanitatem
3347 3130 3413 3184 ad
3460 3128 3557 3184 Ju-

1868 3250 1911 3306 ε
1945 3231 2093 3285 deos
2149 3228 2351 3283 missus
2400 3238 2506 3293 est,
2560 3236 2621 3280 ut
2674 3242 2772 3280 eos
2828 3227 2894 3279 ad
2961 3224 3283 3296 praedictam
3338 3223 3567 3279 fruitios

1948 3340 2076 3380 nem
2134 3331 2357 3379 vocaret
2399 3337 2498 3391 per
2550 3318 2913 3390 Evangelium

2020 3418 2182 3473 Vers.
2246 3417 2335 3473 {8.
2397 3416 2467 3471 Et
2513 3444 2583 3455 ——
2622 3431 2825 3469 omnes.
2901 3413 3041 3467 Ἀπὸ
3098 3415 3254 3484 μιᾶς,
3307 3415 3376 3468 ab
3428 3429 3556 3473 una,

1949 3519 2105 3580 puta,
2165 3508 2419 3579 pactione
2471 3506 2559 3561 vel
2613 3506 2866 3561 findere:
2911 3506 3015 3561 hoc
3045 3516 3152 3572 est,
3187 3507 3241 3560 in
3296 3523 3467 3561 unum
3504 3516 3559 3561 et

1948 3602 2320 3660 communiter
2366 3603 2491 3673 (nos
2531 3600 2693 3655 simul
2740 3599 3055 3668 vertimus).

2019 3700 2173 3755 Vcrs.
2223 3698 2309 3751 18.
2348 3696 2562 3752 Primus
2606 3726 2677 3735 --
2712 3694 2867 3749 Vers.
2919 3694 3012 3750 20.
3052 3694 3263 3749 venire.
3318 3693 3559 3748 Diversae

1948 3796 2336 3849 excusationes
2390 3791 2529 3846 nihil
2604 3792 2750 3846 aliud
2823 3791 3093 3854 indicant,
3157 3806 3321 3862 quam
3376 3791 3558 3846 varios

1948 3884 2121 3939 animi
2174 3885 2397 3940 morbos
2434 3893 2496 3939 et
2536 3883 2883 3944 atl'ectioncs.
2944 3894 3175 3955 propter
3224 3900 3363 3955 quas
3410 3884 3558 3939 dicta

1953 3978 2216 4033 iruitione
2274 3976 2474 4047 privati
2517 3986 2688 4043 sunt;
2730 3992 2857 4030 nam
2904 3976 2994 4032 hic
3033 3976 3258 4047 Quidem
3304 3977 3409 4033 ista
3462 3977 3559 4032 de-

1952 4084 2156 4135 tentus,
2182 4072 2322 4126 alter
2363 4079 2547 4127 autem
2584 4072 2696 4135 illa,
2734 4070 2933 4125 tertius
2984 4085 3116 4125 vero
3175 4070 3305 4133 alia,
3371 4068 3559 4123 Evan-

1950 4164 2158 4235 gelium
2211 4162 2536 4232 repulerunt
2568 4161 2685 4234 (q),
2731 4176 2830 4231 per
2870 4160 3019 4231 quod
3075 4162 3221 4216 hanc
3268 4162 3561 4232 Oportebat

1948 4257 2168 4328 assequi
2202 4255 2546 4320 fruitionem,
2586 4265 2845 4326 tauquam
2898 4254 3199 4325 propositis
3235 4264 3290 4308 et
3334 4255 3561 4309 electio-

1948 4352 2113 4408 nibus
2147 4352 2263 4408 suis
2294 4348 2659 4405 contrarium.
2697 4348 2763 4403 Et
2795 4349 2883 4403 hic
2914 4347 3127 4420 ἐρωτῶ,
3160 4363 3272 4402 non
3325 4347 3556 4402 interro-

1949 4465 2015 4519 ga
2058 4447 2354 4519 signiﬁcat,
2389 4445 2486 4500 sed
2534 4445 2766 4499 obsecro.

2020 4537 2101 4610 ﬁ-
2126 4537 2387 4593 Nonnulli
2424 4552 2557 4592 vero
2586 4552 2777 4608 agrum
2808 4536 3033 4608 quidem
3057 4536 3276 4602 dicunt,
3310 4537 3553 4593 studium

1949 4632 2404 4706 possessionum;
2434 4631 2564 4703 juga
2642 4632 2809 4686 boum
2889 4640 3113 4696 autem,
3170 4631 3556 4686 strenuitatem

1949 4726 2335 4798 corporalem;
2407 4725 2697 4781 mulierem
2754 4739 2907 4793 vero,
2979 4726 3410 4796 propensionem
3491 4726 3556 4778 ad

1950 4820 2281 4888 voluptates.

2027 4912 2187 4968 Vers.
2241 4912 2331 4967 21.
2371 4909 2439 4965 Et
2478 4939 2545 4953 --
2578 4912 2710 4965 lucc.
2752 4911 2881 4965 Hiec
2924 4909 3088 4975 dixit,
3126 4925 3240 4965 non
3281 4908 3425 4981 quod
3460 4924 3556 4980 pa-

1452 5166 1654 5228 Varim
1706 5166 2019 5228 lectiones
2063 5172 2125 5227 et
2154 5172 2347 5227 nolaa.

328 5340 433 5410 :58)
463 5342 543 5398 Ita
569 5342 742 5399 codex
770 5342 840 5405 A,
873 5340 1040 5397 etiam
1075 5340 1130 5396 in
1166 5352 1338 5397 textu.

339 5412 429 5485 {59)
456 5414 570 5485 Τῂν
598 5415 925 5469 ἀπόλαυσιν.

315 5482 427 5557 (69)
464 5482 577 5541 Nec
610 5486 717 5541 hoc
745 5487 853 5541 mei
879 5487 1101 5542 codices
1134 5497 1463 5556 agnoscunt.
1499 5487 1712 5543 Similia
1746 5489 1840 5542 ha-

243 5554 333 5615 bet
383 5554 688 5630 'l‘heophyl.
725 5574 778 5630 p.
808 5557 1020 5614 456.A.

315 5721 393 5791 (ρ)
451 5717 624 5784 Quam
668 5749 737 5759 --
779 5718 1003 5773 nesciat.
1060 5716 1248 5772 Redde
1284 5718 1458 5791 7:7Sine
1541 5720 1845 5775 discrimine

243 5790 414 5845 ante."
436 5808 639 5847 caenam
655 5807 773 5845 eam
789 5806 927 5844 nunc
943 5790 1257 5862 appellavit.
1281 5790 1412 5845 Nam
1433 5802 1487 5846 ut
1510 5807 1631 5845 mox
1660 5792 1840 5845 docet.

242 5865 368 5919 alibi
424 5865 638 5918 vocavit
674 5849 1159 5933 prandium'Etgo
1200 5862 1516 5934 ἀξιαφόρως
1574 5879 1706 5918 usus
1758 5872 1843 5915 cst

251 5934 516 5992 vocabulo
561 5936 780 5990 δείπνου
815 5944 870 5992 et
920 5932 1171 6006 aptatos,
1231 5932 1416 6003 Forte,
1457 5935 1586 6007 quia
1637 5934 1836 6000 reddit,

2029 5344 2141 5414 (61)
2165 5341 2535 5414 ίΠαρὼσαντοᾷ.
2570 5339 2630 5394 Β.

2026 5411 2138 5487 (62)
2162 5413 2439 5487 Interpres
2473 5412 2561 5465 hic
2589 5413 2841 5487 quaedam
2870 5411 3077 5487 omisit.

2028 5481 2141 5558 (65)
2186 5481 2676 5555 ιιεείζιιιοτιιυοῖη
2744 5483 3012 5557 margine.
3083 5481 3393 5538 Ucutenius
3444 5499 3555 5537 non

1951 5561 2138 5615 habet.

1957 5720 2099 5788 quod
2150 5719 2307 5787 ﬁnem
2339 5719 2566 5772 nesciat.
2628 5718 2840 5772 invenit
2868 5716 3224 5786 ἀδιάφθορον.

2029 5798 2103 5859 (q)
2135 5790 2476 5861 chuleruut.
2529 5789 2695 5860 Magis
2722 5790 3074 5857 perspicuum
3127 5788 3255 5854 erit,
3299 5788 3347 5844 si
3396 5804 3552 5858 repu-

1957 5863 2131 5918 lrruut
2166 5873 2403 5933 ponatur
2435 5871 2558 5934 post
2586 5862 2925 5933 ['ruitioncm.
