4016 6472
528 342 667 408 1015

1766 343 2153 407 EUTHYMII
2225 343 2591 405 ZlGABENI

3676 344 3808 413 1016

527 472 611 516 ter
675 463 1077 517 recusationem
1141 462 1361 518 illorum
1417 462 1715 535 ignoraret,
1758 465 1853 519 sed
1895 474 2103 535 pr0ptel

2225 463 2314 516 τοῦ
2352 464 2567 533 Πατρός
2602 463 2700 532 τὴν
2762 463 3096 533 παραίτησιν
3146 463 3348 531 αὐτῶν,
3392 464 3529 518 ἀλλά
3588 465 3681 520 διὰ
3716 469 3810 537 τὴν

524 554 798 625 parabolae
821 557 1275 626 consequentiam
1312 572 1326 609 :
1363 555 1533 611 moris
1565 556 1711 611 enim
1750 556 1815 611 iis
1867 566 1973 623 est,
2023 556 2113 627 qui

523 645 591 700 ad
624 649 926 703 vocandum
963 649 1175 720 aliquos
1223 648 1410 705 emissi
1457 660 1607 716 sunt,
1656 650 1860 705 reverti
1920 665 1984 705 ac
2031 666 2114 706 re-

524 739 779 795 nuntiare
815 742 882 796 de
928 740 1055 796 illis.

595 823 751 889 vers.
792 834 884 890 2i.
926 834 1071 890 Tunc
1105 864 1173 876 --
1196 843 1316 889 huc.
1350 834 1453 901 Qui
1490 846 1907 897 recusaverunt.
1950 845 2114 891 erant

521 922 816 991 pontiﬁces
856 935 912 981 et
950 926 1157 983 Scriba:
1185 941 1251 980 ac
1290 926 1575 993 Pharisrei,
1606 938 1660 983 et
1695 928 1898 998 quique
1946 928 2116 984 hono-

520 1016 755 1072 ratiores
787 1018 970 1088 populi
996 1035 1027 1071 -:
1080 1018 1136 1072 hi
1163 1035 1315 1083 vero,
1362 1021 1454 1089 qui
1514 1020 1635 1075 loco
1671 1020 1888 1076 illorum
1920 1020 2114 1077 ‘intro—

517 1106 663 1162 ducti
693 1118 841 1170 sunt,
874 1124 1197 1167 communes
1223 1120 1277 1166 et
1307 1110 1501 1181 abjecti
1539 1126 1603 1167 ac
1629 1111 1828 1181 plebeii
1856 1129 1871 1178 ;
1904 1113 1995 1183 qui
2026 1114 2115 1184 ju-

516 1200 771 1255 dicantur
806 1217 837 1256 a
878 1202 1160 1273 prioribus
1214 1219 1488 1275 pauperes
1544 1220 1608 1260 ac
1644 1205 1875 1279 debiles,
1933 1205 2111 1263 claudi

514 1302 571 1348 et
606 1293 759 1359 caeci,
802 1298 995 1366 utpote
1026 1296 1372 1367 incompositi
1404 1304 1465 1353 et
1502 1296 1734 1362 indocti,
1795 1297 1887 1368 qui
1926 1299 2113 1369 potius

512 1383 735 1441 Christo
768 1387 988 1443 docenti
1041 1389 1390 1445 obedierunt.
1433 1390 1531 1445 Vel
1578 1391 1742 1445 etiam
1790 1391 1860 1446 de
1901 1390 1967 1445 iis
2017 1391 2110 1461 qui

514 1477 869 1535 sensibilihus
901 1481 1216 1552 hujusmodi
1249 1482 1633 1539 aﬁ'ectionibus
1659 1494 1822 1540 erant
1858 1484 2110 1552 obnoxii,

512 1566 755 1640 intellige
788 1590 801 1626 :
842 1571 937 1641 qui
970 1572 1039 1627 ab
1066 1573 1147 1629 eis
1179 1574 1417 1643 liberati,
1451 1592 1549 1646 per
1605 1577 1767 1632 ﬁdem
1810 1576 2108 1632 introducti

513 1672 644 1717 sunt
670 1663 738 1717 ad
772 1663 973 1720 dictam
1005 1664 1349 1723 l'ruitionem.

584 1846 662 1918 Ἠ·
713 1848 876 1905 Pater
908 1848 1075 1921 igitur
1115 1850 1269 1905 misit
1301 1849 1497 1906 Filium
1527 1895 1541 1918 ,
1582 1852 1754 1908 Filius
1800 1870 1930 1910 vero
1974 1869 2106 1925 apo-

512 1939 705 1996 stolos.
762 1941 912 1996 Dixit
958 1942 1162 1997 enim:
1214 1941 1383 1999 Sicuti
1447 1961 1528 1998 me
1591 1947 1783 2002 misisti
1839 1949 1894 2001 in
1954 1964 2107 2003 mun-

512 2034 661 2101 dum,
698 2050 791 2105 ego
821 2035 982 2089 etiam
1001 2051 1088 2089 eos
1118 2035 1241 2089 misi
1261 2037 1314 2090 in
1341 2030 1598 2091 ntundum
1627 2040 1669 2094 ’.

583 2228 742 2282 Vers.
807 2228 897 2284 22.
929 2228 994 2283 Et
1038 2232 1331 2287 ait—est.
1368 2230 1658 2286 llumanus
1710 2246 1775 2286 ac
1834 2232 2107 2303 benignus

513 2334 696 2373 sermo
726 2328 831 2383 est,
871 2335 1176 2391 suggerens
1214 2320 1380 2376 etiam
1411 2320 1480 2376 de
1512 2321 1795 2392 gentibus.

582 2411 739 2467 Vers.
782 2412 876 2466 25.
914 2412 1168 2484 Dixitque
1221 2444 1291 2455 ——
1325 2416 1549 2469 intrare.
1609 2413 1718 2470 Vite
1758 2426 1891 2472 sunt
1948 2419 2107 2473 babi-

512 2503 749 2558 tationes
799 2504 1070 2576 gentium,
1137 2514 1330 2576 utpote
1395 2521 1507 2561 non
1581 2507 1810 2562 munitae
1876 2509 1994 2581 lege
2045 2527 2110 2567 ac

510 2596 695 2651 divina
753 2598 1031 2662 custodia,
1080 2614 1180 2653 seu
1247 2600 1585 2663 visitatione,
1636 2601 1778 2656 sicut
1844 2602 2109 2659 habitatio

508 2687 861 2757 Judazorum;
915 2692 999 2747 vel
1041 2702 1298 2763 tanquam
1330 2710 1359 2747 a
1416 2694 1761 2751 damonibns
1814 2702 2111 2756 conculca-

510 2793 599 2838 tae.
671 2783 935 2840 Similiter
995 2795 1053 2840 et
1137 2802 1327 2857 sepes,
1413 2796 1671 2858 tanquam
1761 2804 2106 2861 peccatorum

508 2876 683 2946 spinis
724 2880 984 2946 stipatae;
1037 2880 1123 2935 vel
1162 2891 1424 2952 tanquam
1462 2881 1753 2938 circuitum
1805 2885 1928 2957 igne
1991 2890 2106 2960 dig-

505 2986 638 3024 num
671 2971 960 3027 habentes.

580 3062 714 3134 Cogi
747 3080 877 3121 vero
899 3065 1065 3137 jussit
1106 3084 1222 3132 eos,
1262 3074 1355 3142 qui
1401 3089 1468 3129 ex
1501 3078 1759 3148 gentibus
1785 3087 1965 3144 erant,
1993 3092 2104 3132 non

2223 552 2549 606 ἀκολουθίαν
2579 552 2679 623 τῆς
2719 553 3056 624 παραϐολῆς.
3095 553 3207 608 Καὶ
3238 553 3346 625 γὰρ
3378 553 3498 618 έθος
3523 558 3642 619 τοῖς
3673 559 3808 611 ἀποο

2226 646 2604 715 στελλομένοις
2634 649 2715 711 εἰς
2753 647 2813 701 τὸ
2847 646 3076 701 καλέσαι
3110 648 3287 712 τινὰς,
3318 649 3692 721 ὑποστρέφειν
3716 652 3807 704 καὶ

2220 739 2594 808 ἀπαγγέλλειν
2628 740 2761 811 περὶ
2795 740 3002 795 αὐτῶν.

2297 833 2436 885 Τότε
2480 860 2549 871 —-
2581 825 2718 886 ὧδε.
2785 833 3015 885 Ἐκεῖνοι
3079 832 3177 903 μὲν
3232 834 3282 887 οἱ
3337 833 3810 905 παραιτησάμενοι

2218 920 2359 997 ἦσαν
2392 927 2443 980 οἱ
2478 926 2762 997 ἀρχιερεῖς
2790 926 2887 979 καὶ
2943 924 3304 997 Γραμματεῖς
3353 928 3449 982 καὶ
3495 928 3807 1000 Φαρισαῖοι,

2222 1020 2316 1073 καὶ
2342 1019 2459 1072 ὅσοι
2482 1019 2809 1089 τιμιώτεροι
2853 1018 2947 1071 τοῦ
2978 1017 3264 1089 πλήθους’
3295 1014 3445 1076 οὗτοι
3489 1022 3569 1086 δὲ,
3604 1023 3657 1074 οἰ
3694 1021 3808 1074 ἀντ’

2217 1107 2445 1161 ἐκείνων
2475 1105 2846 1176 εἰσαγόμενοι,
2880 1106 3021 1160 εἰσὶν
3054 1108 3103 1161 οἰ
3133 1109 3299 1163 κοινοὶ
3325 1109 3420 1164 καὶ
3441 1110 3688 1178 ἀγελαῖοι
3714 1108 3811 1161 καὶ

2216 1198 2506 1270 δημώδεις,
2541 1200 2754 1269 πτωχοὶ
2802 1199 2897 1253 καὶ
2932 1200 3208 1272 ἀνάπηροι
3240 1203 3334 1256 καὶ
3378 1202 3541 1274 χωλοί
3584 1204 3681 1257 καὶ
3708 1219 3802 1255 τυ-

2219 1294 2342 1364 φλοὶ
2373 1291 2661 1355 δοκοῦντες
2684 1291 3055 1357 έκείνοις,,ὡς
3113 1294 3351 1364 ἀμαθεῖς
3394 1295 3487 1349 καὶ
3527 1293 3798 1355 ἀσύνετα,

2214 1387 2413 1448 οἵτινες
2455 1383 2660 1455 μᾶλλον
2692 1383 2974 1439 ἐπείθοντο
3002 1384 3407 1456 διδάσκοντιτῴ
3456 1384 3703 1457 Χριστῷ.
3741 1383 3800 1435 Ἡ

2216 1482 2311 1535 καὶ
2336 1478 2466 1551 περὶ
2499 1479 2610 1531 τῶν
2638 1478 3028 1549 κατεχομένων
3060 1480 3326 1541 τοιούτοις
3354 1478 3584 1533 πάθεσιν
3615 1476 3802 1545 αἰσθη-

2213 1577 2327 1639 τοῖς
2360 1572 2521 1628 τοῦτο
2554 1577 2750 1645 νόησον
2776 1588 2790 1604 ⁸
2821 1572 2876 1644 ἢ,
2909 1572 2983 1635 οῖ,
3012 1571 3221 1628 τούτων
3250 1572 3677 1640 ἀπαλλαγέντες,
3711 1566 3801 1621 διά

2215 1668 2451 1733 πίστεως
2495 1668 2837 1739 εἰσήχθησαν
2896 1668 2977 1729 εἰς
3033 1665 3133 1735 τὴν
3195 1664 3599 1735 προρρηθεῖσαν
3667 1658 3803 1715 ἀπό-

2214 1762 2423 1818 λαυσιν.

2282 1856 2377 1930 [⁸0
2410 1857 2513 1930 μὲν
2548 1856 2660 1931 (64)
2693 1855 2787 1910 οὖν
2816 1852 3009 1924 Πατὴρ
3045 1850 3335 1908 ἀπέστειλε
3374 1849 3465 1903 τὸν
3499 1849 3623 1903 Υἰόν
3649 1863 3666 1881 ·
3692 1848 3721 1901 ό
3744 1845 3804 1900 δὲ

2212 1952 2341 2015 Υἰὸς
2369 1953 2496 2015 τοὺς
2533 1949 2891 2012 ἀποστόλους.
2930 1946 3141 2016 Εἶρηκε
3168 1944 3277 2014 γάρ
3301 1960 3313 1974 °
3342 1943 3425 1997 ὅτι
3451 1941 3653 2008 Καθὼς
3695 1940 3805 2009 ἐμὲ

2210 2041 2582 2109 ἀπέστειλας
2614 2044 2701 2107 εἰς
2730 2040 2839 2093 τόν
2869 2040 3126 2107 κόσμον,
3149 2034 3313 2105 κάγὼ
3334 2034 3663 2090 ἀπέστειλα
3692 2033 3805 2087 αὑ·

2212 2135 2355 2202 τοὺς
2385 2137 2475 2199 εὶς
2516 2136 2624 2188 τόν
2652 2129 2944 2204 mimicam]

2281 2229 2389 2284 Καὶ
2421 2223 2594 2282 εἶπεν
2620 2256 2692 2268 --
2741 2226 2898 2281 ἐστι.
2942 2223 3337 2294 Φιλάνθρωπος
3371 2224 3400 2276 ὀ
3451 2221 3630 2290 λόγος,
3664 2219 3807 2274 ὑπο-

2215 2324 2545 2393 μιμνήσκων
2573 2322 2671 2375 κα).
2698 2320 2832 2389 περί
2862 2318 2975 2373 τῶν
3000 2318 3195 2376 ἐθνῶν.

2281 2412 2393 2467 Καὶ
2417 2408 2588 2467 εἶπεν
2622 2441 2689 2454 ι·-
2714 2410 3039 2466 εἰσελθεῖν.
3080 2408 3221 2463 ’0δοί
3253 2410 3390 2463 εἰσιν
3432 2409 3485 2461 αἰ
3529 2405 3802 2461 κατοικίαι

2212 2507 2320 2561 τῶν
2348 2504 2542 2566 ἐθνῶν,
2581 2504 2657 2569 ὡς
2716 2505 2793 2576 μὴ
2835 2504 3247 2575 τετειχισμέναι
3305 2502 3384 2575 τῷ
3430 2503 3581 2573 νόμῳ
3607 2499 3711 2555 καὶ
3736 2503 3805 2571 τῇ

2213 2600 2489 2669 ἐπισκοπῇ
2523 2596 2618 2650 τοῦ
2643 2598 2806 2662 Θεοῦ,
2833 2596 3092 2667 καθάπερ
3125 2598 3157 2667 ἡ
3199 2596 3310 2650 τῶν
3369 2594 3665 2661 Ἰουδαίων,
3710 2593 3809 2645 καὶ

2212 2692 2288 2755 ὡς
2328 2688 2868 2760 καταπεπατημέναι
2897 2691 3013 2753 τοῖς
3060 2688 3315 2758 δαίμοσιν
3344 2704 3355 2717 ·
3383 2687 3586 2759 ὁμοίως
3615 2686 3671 2741 δὲ
3705 2685 3807 2739 καὶ

2214 2783 2486 2855 φραγμοὶ,
2526 2785 2602 2847 ὡς
2629 2783 3021 2854 πεφραγμέναι
3054 2785 3173 2848 ταῖς
3196 2782 3467 2845 ἀκάνθαις
3490 2784 3592 2853 τῆς
3619 2780 3808 2853 ἀμαρ-

2211 2881 2353 2945 τίας,
2384 2881 2474 2932 καί
2500 2879 2576 2943 ὡς
2613 2878 2788 2949 πυρὸς
2812 2878 2963 2945 ἀξιον
2993 2895 3059 2931 πε
3071 2877 3284 2948 ρίὅολον
3314 2877 3566 2948 ἔχουσαι.

2299 3070 2636 3140 Ἀναγκάσαι
2668 3068 2727 3123 δὲ
2774 3068 2903 3131 τοὺς
2958 3068 3017 3135 ἐξ
3068 3066 3239 3122 ἐθνῶν
3302 3066 3609 3135 ἐκέλευσεν,
3649 3066 3713 3119 ού
3744 3066 3808 3121 τὸ

507 3157 654 3225 quod
688 3157 1011 3214 violentiam
1054 3160 1246 3217 inferri
1319 3170 1667 3239 praeceperit,
1713 3170 1810 3225 sed
1843 3170 2099 3226 subindi-

2225 3164 2499 3228 Ξιάζεσθαι
2561 3161 2989 3234 παραγγέλλων,
3040 3159 3162 3215 ἀλλ’
3217 3158 3523 3229 ὑποδηλῶν,
3559 3160 3643 3213 ὅτι
3687 3160 3803 3231 χρὴ

507 3264 665 3313 cans,
702 3251 849 3320 quod
883 3252 1355 3312 vehementiorem
1383 3276 1447 3315 ac
1474 3264 1915 3318 constantiorem
1941 3264 2104 3319 adhi-

508 3341 625 3396 beri
656 3343 1105 3413 prazdicationem
1142 3349 1226 3405 eis
1258 3363 1534 3421 oporteat,
1592 3363 1784 3425 utpote
1825 3354 2045 3413 fortiter
2074 3373 2105 3412 a

507 3437 851 3496 daemonibus
866 3442 1130 3510 detentis,
1152 3455 1205 3502 et
1233 3448 1286 3501 in
1305 3449 1594 3519 profundis
1622 3452 1828 3508 erroris
1855 3454 2107 3509 tenebris

506 3531 931 3588 dormientibus.

580 3621 736 3677 Vers.
772 3623 866 3679 23.
903 3625 965 3680 Ut
993 3655 1063 3667 -—
1095 3645 1233 3682 mea.
1270 3629 1398 3685 Vult
1418 3633 1564 3688 cnim
1586 3651 1780 3692 omnes
1806 3636 2101 3705 introduci,

504 3721 731 3783 propter
770 3714 1071 3771 immensas
1098 3733 1211 3773 sua:
1236 3720 1501 3777 bonitatis
1522 3724 1765 3781 divitias.

582 3807 734 3862 Vers.
772 3808 863 3863 24.
911 3808 1038 3864 Dico
1077 3830 1400 3870 —comam.
1456 3817 1526 3873 Ut
1572 3821 1666 3889 qui
1722 3822 2104 3880 inobedientes

506 3899 531 3951 Γ
532 3906 752 3963 uerunt,
781 3914 845 3953 ac
876 3901 1219 3957 vocationem
1270 3905 1385 3960 sive
1407 3910 1853 3977 praedicationem
1879 3930 2105 3985 spreve-

506 3999 654 4046 runt.
701 3990 785 4047 0b
826 3992 976 4049 hunc
1022 4011 1154 4067 ergo
1178 4013 1496 4055 sermonem
1523 4010 1636 4057 tota
1667 4007 1925 4075 parabola
1952 4024 2102 4065 com-

502 4085 680 4154 posita
739 4096 843 4153 est,
894 4092 1365 4159 quemadmodum
1423 4096 1476 4149 in
1521 4099 1796 4170 principio
1848 4104 1967 4173 ejus
2018 4104 2103 4160 di-

501 4191 707 4231 leus.

574 4268 730 4325 Vers.
782 4274 872 4327 25.
914 4274 1073 4329 Ibant
1124 4307 1191 4317 —
1248 4280 1423 4334 multi.
1484 4283 1604 4339 Alio
1646 4284 1903 4342 videlicet
1954 4298 2096 4344 tem-

500 4374 657 4429 pore.

575 4451 730 4510 Vers.
759 4455 850 4509 25.
878 4457 942 4511 Et
970 4475 1246 4516 conversus
1286 4493 1354 4504 —
1390 4465 1537 4522 Vers.
1580 4468 1672 4523 26.
1704 4487 1814 4527 esse
1869 4475 2096 4547 discipu-

503 4546 609 4602 lus.
645 4548 868 4614 Sciens,
912 4550 1064 4621 ipsos
1108 4558 1327 4625 quidem
1364 4562 1519 4631 sequi
1581 4564 1739 4630 velle,
1763 4581 1890 4623 cum
1914 4546 2096 4626 tamen

500 4641 740 4695 vinculis
771 4643 1032 4700 amicitiae
1062 4648 1127 4702 ad
1154 4649 1470 4719 hujusmodi
1500 4670 1765 4725 personas
1791 4662 2100 4719 retineren-

503 4740 613 4794 tur,
647 4732 942 4789 manifeste
974 4747 1331 4807 protestatur,
1362 4745 1507 4813 quod
1542 4747 1792 4818 quisquis
1814 4752 1881 4806 ad
1914 4768 1973 4807 se
2002 4768 2100 4822 per

503 4824 665 4879 ﬁdem
692 4826 865 4892 venit,
900 4844 1004 4883 nec
1052 4833 1344 4901 przetliclas
1392 4837 1509 4891 odit
1556 4855 1838 4909 personas,
1874 4859 1998 4898 cum
2028 4846 2095 4900 ad

500 4914 859 4971 dilectionem
896 4934 1023 4990 erga
1055 4921 1223 4978 Deum
1267 4926 1371 4983 sibi
1412 4928 1615 4985 fuerint
1679 4932 2094 5005 impedimento,

501 5014 555 5058 et
592 5008 658 5061 ad
708 5008 813 5063 iter
842 5011 911 5066 ad
942 5012 1219 5070 Christum
1248 5037 1260 5074 :
1286 5020 1371 5074 vel
1403 5024 1546 5092 quod
1571 5022 1819 5081 inﬁdeles
1850 5027 1978 5095 sint,
2009 5032 2096 5083 vel

498 5102 645 5167 quod
681 5105 958 5161 mundana
1010 5110 1251 5177 sapiant,
1289 5128 1399 5168 non
1442 5127 1627 5185 potest
1653 5118 1828 5189 ipsius
1858 5135 1981 5175 esse
2017 5122 2097 5176 di-

501 5195 765 5264 scipulus.
806 5198 1093 5270 Siquidem
1128 5206 1219 5275 qui
1247 5206 1355 5261 illis
1403 5210 1612 5277 obedit,
1646 5212 1867 5267 Christo
1900 5213 2093 5268 inobe-

501 5288 659 5343 diens
686 5300 806 5354 est;
831 5293 1171 5369 illi'namque
1203 5303 1497 5359 carnaliter
1525 5320 1649 5360 eum
1675 5308 1858 5363 vivere
1883 5309 2088 5375 volunt,

499 5382 617 5451 ipse
643 5400 771 5439 vero
799 5388 1160 5458 spiritualiter
1188 5410 1315 5449 eum
1349 5402 1660 5455 conversari
1692 5402 1872 5457 docet.
1900 5402 2084 5458 Hono-

600 5524 623 5553 ‘
666 5519 821 5579 Joan.
883 5541 1014 5591 xvn,
1062 5529 1144 5583 l8.

2123 4518 2175 4578 D

2210 3255 2615 3327 συντονώτερον
2670 3256 2730 3307 ὲν
2782 3252 2997 3317 τούτοις
3044 3252 3107 3306 τδ
3163 3253 3430 3323 κήρυγμα
3476 3254 3651 3306 ποιεῖν
3705 3253 3806 3305 καὶ

2208 3346 2641 3419 ὲπιμονώτερον,
2672 3346 2748 3411 ῶς
2778 3344 3023 3417 ἰσχυρῶς
3048 3342 3155 3398 ὑπὸ
3185 3344 3292 3397 τῶν
3324 3344 3600 3416 δαιμόνων
3633 3362 3806 3399 κατε·

2210 3441 2483 3512 χομένοις,
2513 3441 2609 3494 καὶ
2634 3439 2742 3493 ὑπὸ
2768 3437 2928 3507 βαθεῖ
2961 3438 3142 3503 σκότῳ
3173 3440 3276 3510 τῆς
3334 3439 3554 3510 ἀπάτης
3603 3438 3804 3493 καθεύ-

2206 3533 2411 3587 δουσιν.

2282 3629 2420 3684 Ἵνα
2453 3658 2524 3668 -
2554 3644 2697 3698 μου.
2739 3625 3002 3689 Βούλεται
3050 3634 3161 3697 γάρ
3221 3625 3432 3690 πάντας
3477 3624 3802 3696 εἰσαχθῆναι

2207 3723 2297 3779 διά
2328 3724 2423 3777 τὸν
2450 3722 2685 3794 ἄπειρον
2713 3721 2950 3776 πλοῦτον
2970 3720 3073 3791 τῆς
3106 3720 3275 3775 αὐτοῦ
3306 3718 3666 3791 ἀγαθότητος.

2280 3813 2445 3885 Λέγω
2471 3844 2541 3855 ——
2570 3814 2849 3869 δείπνου.
2893 3810 2981 3877 Ὠς
3015 3811 3438 3883 ἀπειθησάντων
3469 3811 3564 3865 καὶ
3588 3809 3803 3877 ἐξουδε-

2207 3910 2500 3964 νωσάντων
2523 3909 2624 3982 τὴν
2653 3908 2873 3979 κλῆσιν,
2897 3909 3043 3980 ἦτοι,
3061 3906 3123 3960 τὸ
3146 3907 3436 3979 κήρυγμα.
3468 3906 3566 3960 Διά
3597 3905 3792 3959 τοῦτον

2206 4003 2300 4059 οὖν
2337 4002 2613 4071 τὸνλόγον
2666 4003 2700 4073 ἡ
2738 4002 2833 4073 ὅλη
2876 3999 3170 4074 παραϐολὴ
3194 3998 3479 4069 συνετέθη,
3511 3997 3699 4063 καθὼς
3733 4000 3799 4053 ὲν

2206 4100 2350 4171 ἀρχῇ
2380 4095 2588 4165 ταύτης
2621 4094 2952 4167 εἰρήκαμεν.

2274 4286 2763 4355 Συνεπορεύοντο
2793 4313 2863 4325 —-
2912 4285 3153 4339 πολλοὶ.
3199 4283 3288 4337 Ἐν
3343 4282 3517 4354 ἑτέρῳ
3550 4282 3797 4354 δηλονότι

2201 4381 2403 4453 καιρῷ.

2272 4476 2383 4532 Kal
2414 4474 2707 4545 στραφεὶς
2732 4473 2851 4546 (65)
2881 4502 2952 4514 -—
2972 4476 3249 4544 μαθητὴς
3291 4471 3465 4531 εἶναι.
3504 4473 3672 4536 Εἰδὼς
3700 4472 3794 4526 αὐ-

2202 4570 2334 4633 τοὺς
2359 4568 2622 4631 θέλοντας
2661 4566 2763 4639 μὲν
2797 4567 3122 4621 ἀκολουθεῖν
3174 4568 3347 4640 αὐτῷ,
3389 4566 3792 4638 κατεχομένους

2200 4662 2258 4715 δὲ
2279 4662 2393 4726 τοῖς
2424 4661 2651 4732 δεσμοῖς
2703 4660 2804 4731 τῆς
2860 4660 3002 4733 πρὸς
3052 4660 3122 4714 τά
3163 4660 3479 4732 δηλωθέντα
3519 4661 3791 4731 πρόσωπα

2203 4753 2463 4825 σχέσεως,
2531 4752 2975 4826 διαμαρτύρεται
3035 4754 3314 4825 φανερῶς,
3371 4754 3453 4807 ὅτι
3482 4754 3637 4817 ὅστις
3681 4754 3790 4807 τῶν

2199 4848 2287 4903 διὰ
2318 4850 2554 4913 πίστεως
2582 4849 2899 4920 ἐρχομένων
2935 4846 3072 4921 πρὸς
3128 4849 3294 4902 αὐτὸν
3323 4848 3383 4903 οὐ
3424 4850 3577 4919 μισεῖ
3605 4849 3671 4902 τά
3704 4851 3786 4902 εξ·

2204 4943 2418 5014 ρημένα
2447 4941 2740 5013 πρόσωπα,
2796 4942 2929 4996 ὅταν
2969 4940 3312 5012 ὲμποδίζωσι
3365 4941 3505 5013 πρὸς
3562 4940 3663 5011 τὴν
3708 4945 3788 5006 εις

2195 5036 2331 5089 Θεὸν
2357 5036 2581 5105 ἀγάπην
2610 5036 2705 5089 καὶ
2732 5034 2871 5108 πρὸς
2920 5035 3017 5106 τὴν
3065 5035 3209 5089 κατά
3240 5036 3480 5107 Χριστὸν
3532 5036 3785 5105 πορείαν,

2196 5129 2478 5199 ῆάπιστοι
2514 5129 2689 5196 ὄντες,
2721 5126 2754 5199 ἦ
2790 5128 3034 5199 κοσμικά
3068 5126 3416 5198 φρονοῦντες,
3466 5128 3528 5182 οὐ
3558 5125 3781 5181 δύναται

2194 5219 2360 5273 αὐτοῦ
2422 5218 2676 5290 μαθητὴς
2726 5215 2889 5273 εῖναι.
2973 5218 3313 5290 Πειθόμενος
3361 5221 3470 5289 γὰρ
3525 5218 3783 5282 ἐκείνοις,

2194 5311 2485 5383 ἀπειθήσει
2543 5311 2712 5383 αὐτῷ,
2754 5311 2889 5365 διότι
2934 5310 3091 5365 αὐτοὶ
3148 5311 3248 5382 μὲν
3312 5310 3593 5381 σαρκικῶς
3631 5309 3784 5381 βιοῦν

2197 5404 2359 5458 αὐτὸν
2389 5404 2658 5470 θέλουσιν,
2695 5402 2859 5466 αὐτὸς
2888 5403 2945 5456 δὲ
3000 5400 3391 5473 πνευματικῶς
3426 5399 3592 5454 αὑτὸν
3631 5398 3781 5453 πολι-

1674 5607 1870 5668 νειτίεο
1914 5607 2234 5673 lectiones
2278 5616 2339 5671 et
2384 5618 2572 5673 notae.

496 5763 836 5904 J8Elti;is)c.llleec
866 5776 1097 5839 uterque
1158 5770 1211 5825 in
1272 5774 1534 5845 margine.
1597 5774 1900 5833 Hent‘n'us
1956 5793 2066 5833 non

499 5846 508 5859 '
704 5852 714 5889 ι
749 5877 762 5891 .

499 5846 762 5891 ἊΩΙΙΟΞΟΙΙ.

2251 5780 2361 5850 (65)
2388 5780 2651 5853 Στραφεὶς
2697 5797 2804 5839 non
2840 5784 3109 5855 expressit
3135 5780 3452 5841 chtenius.
