4016 6486
294 404 432 475 1017

1257 413 1654 476 COMMENT.
1703 413 1786 473 1N
1830 412 2116 475 LUCAM.
2160 436 2230 447 --·
2269 407 2430 472 CAP.
2466 406 2630 470 XIV.

3463 400 3601 467 1018

286 524 541 577 τεύεσθαι
576 523 845 580 διδάσκει.
887 526 1161 599 Τιμητέον
1214 536 1315 598 μέν
1369 527 1466 580 καὶ
1520 526 1738 598 πατέρα
1795 525 1890 578 καὶ

2012 524 2152 577 ἐιηδὶ
2209 520 2485 592 siquidem
2538 525 2669 573 sunt
2716 524 2873 587 pater
2911 522 2963 571 et
2989 523 3187 581 mater,
3211 530 3405 571 verum
3454 515 3604 573 Deus

293 616 507 689 μητέρα
552 619 666 688 (66)
696 637 710 652 ’
748 621 1123 692 προτιμητέον
1147 621 1201 674 δὲ
1244 622 1425 675 αὐτῶν
1448 622 1540 674 τὸν
1565 621 1722 675 Θεόν.

358 710 456 763 Διὰ
487 709 599 762 τῶν
647 714 1041 782 γνησιωτέρων
1089 713 1145 765 δὲ
1180 714 1291 765 πᾶν
1329 713 1633 782 πρόσωπον
1666 713 1893 779 ἀγαπη-

286 802 377 854 τδν
406 803 681 873 ἐμφήνας,
729 805 985 873 ἐπήγαγε
1025 805 1123 857 καὶ
1165 804 1227 857 τὸ
1280 804 1490 873 μεῖξον,
1541 804 1625 856 ὅτι
1663 803 1759 856 καὶ
1789 801 1891 872 τὴν

290 892 487 947 ἑαυτοῦ
554 894 756 967 ψυχὴν,
815 897 1094 960 τουτέστι,
1148 898 1243 950 καὶ
1294 898 1354 949 τὸ
1406 894 1602 949 ἑαυτοῦ
1650 894 1891 961 Θέλημα,

288 984 419 1037 ὅταν
451 986 694 1038 ἐναντίον
748 989 834 1059 εῖη
873 986 953 1055 τῷ
1010 986 1279 1058 θελήματι
1328 986 1425 1040 τοῦ
1467 983 1628 1040 Θεοῦ.
1659 986 1753 1038 Δεῖ
1783 985 1892 1055 γὰρ

288 1077 380 1130 τὸν
424 1076 603 1149 ἀληθῆ
638 1078 888 1151 μαθητὴν
934 1079 1029 1133 τοῦ
1084 1079 1350 1151 Χριστοῦ,
1384 1078 1764 1148 ἁφιλόσαρκον
1797 1076 1893 1131 καὶ

289 1170 629 1243 ἁφιλόψυχον
661 1175 719 1226 έν
753 1176 865 1238 τοῖς
894 1176 1301 1244 πνευματικοῖς
1332 1172 1547 1241 ἀγῶσιν
1586 1172 1884 1244 ὑπάρχειν.

361 1453 468 1506 Καὶ
497 1452 669 1519 ὅστις
689 1482 762 1495 -
785 1471 907 1523 μου
955 1453 1258 1522 μαθητής.
1284 1453 1477 1517 Ὅστις
1535 1452 1597 1506 οὐ
1623 1451 1895 1523 βαστάζει

286 1545 385 1600 ἐπὶ
442 1546 667 1616 μνήμης
698 1546 790 1599 τὸν
832 1547 1066 1601 θάνατον
1114 1546 1309 1600 αὐτοῦ.
1343 1546 1447 1600 Διὰ
1496 1544 1595 1602 τοῦ
1652 1545 1894 1615 σταυροῦ

285 1638 397 1706 γὰρ
427 1637 519 1689 τὸν
543 1637 779 1690 θάνατον
811 1637 1077 1709 ἐδήλωσε,
1104 1637 1242 1692 διότι
1284 1638 1408 1692 τότε
1440 1637 1685 1692 Θανάτου
1716 1636 1895 1709 ὄργα-

288 1746 378 1782 νον
411 1724 479 1799 ἦν
506 1731 534 1783 ὁ
584 1730 863 1800 σταυρὸς,
890 1731 966 1795 ὠς
1005 1732 1098 1785 καὶ
1153 1734 1213 1784 ὲν
1263 1731 1341 1801 τῷ
1382 1730 1696 1801 τριακοστῷ
1726 1730 1896 1800 τρίτῳ

287 1822 572 1892 κεφαλαίῳ
614 1824 708 1877 τοῦ
742 1824 889 1877 κατὰ
914 1825 1200 1878 Ματθαῖον
1368 1799 1896 1887 λέλεκταιξὊστις

287 1914 351 1967 οὐ
390 1914 653 1985 βαστάζει
684 1917 785 1988 τὴν
832 1918 1108 1988 νέκρωσιν
1134 1916 1328 1983 αὑτοῦ,
1366 1917 1515 1986 λέγω
1550 1917 1639 1988 δὴ,
1672 1917 1772 1987 τὴν
1797 1916 1897 1985 τῆς

290 2012 495 2079 σαρκὸς
526 2010 719 2075 αὐτοῦ,
752 2012 849 2082 τὴν
890 2012 1010 2065 καθ’
1033 2013 1258 2084 ἡδονήν.
1292 2013 1448 2065 Ἐπεὶ
1471 2012 1577 2081 δὲή
1605 2009 1898 2082 ἀποτροπὴ

287 2099 383 2152 τοῦ
421 2100 545 2153 καθ’
604 2102 799 2175 ἡδονὴν
839 2102 980 2173 βίου,
1035 2104 1242 2173 τρόπον
1304 2103 1429 2156 τινὰ
1490 2101 1779 2173 προτροπή
1813 2102 1899 2164 τίς

292 2196 448 2247 ἐστιν
482 2196 857 2271 είςνεπίπονον
890 2197 1204 2262 πολιτείαν,
1239 2196 1661 2267 παραμυθεῖται
1694 2194 1790 2248 καὶ
1820 2194 1899 2247 δι-

287 2286 481 2339 δάσκει
516 2288 606 2341 διὰ
641 2290 1125 2361 παραδείγματος,
1149 2293 1233 2344 ὅτι
1263 2293 1369 2362 χρὴ
1412 2292 1505 2344 τὸν
1565 2290 1899 2361 βουλόμενον

290 2374 432 2432 εἶναι
471 2380 723 2452 μαθητὴν
757 2381 947 2447 αὑτοῦ,
1000 2384 1565 2453 προπαρασκευάζειν
1594 2382 1788 2436 ἑαυτὸν
1819 2384 1900 2442 είς

291 2471 577 2543 ὑπομονὴν⁵
626 2476 829 2537 παντὸς
871 2475 1209 2546 πειρασμοῦ.
1274 2476 1600 2547 Γέγραπται
1631 2477 1780 2545 γάρ’
1827 2478 1900 2529 El

289 2565 603 2635 προσέρχῃ
622 2566 945 2621 δουλεύειν
964 2568 1186 2635 Κυρίῳ,
1209 2569 1538 2637 smmum
1552 2585 1583 2622 τ
1590 2567 1667 2635 ἦν
1684 2568 1902 2637 ψυχήν

289 2673 408 2713 σου
438 2660 526 2725 είς
566 2660 925 2730 πειρασμόκ.
1710 2650 1713 2651 ν

363 2774 523 2851 ΚΕΦ.
559 2772 689 2828 NE’.
722 2774 1048 2842 Παραϐολὴ
1096 2774 1230 2844 περὶ
1269 2774 1597 2844 οἰκοδομῆς
1638 2776 1897 2844 πύργου.

368 2867 466 2933 Τίς
510 2867 622 2937 γὰρ
654 2895 721 2907 ——
756 2866 1099 2920 ἐκτελέσαι.
1145 2868 1359 2937 Ὥσπερ
1390 2871 1416 2920 ὀ
1457 2867 1629 2921 θέλων
1685 2869 1900 2939 πύργον

292 2957 554 3029 αἰσθητὸν
618 2957 1008 3028 οίκοδομῆσαι,
1064 2959 1277 3027 ὀφείλει
1333 2959 1556 3030 πρῶτον
1626 2963 1902 3032 μετρῆσαι

288 3051 391 3122 τὴν
429 3053 485 3103 ὲν
512 3054 763 3121 χρήμασι
792 3052 1051 3123 δαπάνην
1078 3066 1091 3079 ⁶
1128 3053 1276 3107 οὕτω
1309 3058 1403 3107 καὶ
1424 3058 1451 3107 ὀ
1478 3055 1649 3107 θέλων
1688 3054 1902 3125 πύργον

294 3144 488 3213 νοητὸν
522 3142 905 3214 οίκοδομῆσαι.
954 3143 1101 3212 λέγω
1162 3144 1250 3216 δὴ,
1309 3145 1593 3217 σύμπηξιν
1660 3146 1899 3216 ἀρετῶν,

1998 616 2149 687 prior
2183 613 2291 669 illis
2326 613 2380 667 in
2419 612 2630 666 honore
2651 608 2939 665 habendus
2971 617 3078 666 est.

2068 708 2173 763 Per
2200 705 2632 779 propinquiores
2664 712 2847 758 autem
2880 716 3148 773 personas
3201 714 3421 756 omnem
3463 697 3605 753 dile-

1995 812 2139 859 ctam
2177 817 2468 875 personam
2499 798 2849 873 signiﬁcavit.
2878 798 3107 852 Addidit
3132 806 3187 851 et
3217 794 3367 867 quod
3424 794 3604 870 majus

1997 906 2129 953 est:
2194 896 2375 951 adhuc
2434 905 2621 949 autem
2690 900 2746 948 et
2789 891 3030 945 animam
3092 905 3271 952 suam,
3330 888 3435 943 hoc
3482 897 3603 952 est,

1998 1004 2154 1043 suam
2228 1003 2449 1059 quoque
2516 986 2691 1057 ipsius
2754 983 3120 1048 voluntatem,
3212 983 3306 1036 ubi
3402 980 3607 1035 divina:

1998 1079 2468 1136 fueritcontraria
2500 1077 2797 1133 voluntati.
2837 1076 3072 1145 Oportet
3106 1074 3255 1129 enim
3276 1088 3408 1127 vere
3440 1071 3605 1125 Chri-

1998 1175 2069 1231 sti
2146 1172 2484 1243 discipulum
2552 1172 2607 1226 in
2663 1169 3051 1242 spiritualibus
3096 1165 3521 1229 certaminibus,
3576 1180 3607 1218 a

2001 1270 2189 1325 carnis
2247 1274 2305 1321 et
2343 1266 2542 1321 animae
2598 1264 2715 1320 sive
2773 1255 3076 1317 voluntatis
3130 1274 3318 1314 amore
3385 1258 3607 1329 penitus

1998 1363 2185 1418 avelli.

2071 1454 2230 1510 Vers.
2266 1453 2358 1509 27.
2388 1450 2456 1507 Et
2480 1452 2718 1522 quisquis
2749 1480 2817 1491 —
2836 1465 2981 1503 meus
3009 1446 3326 1517 discipulus.
3345 1444 3612 1516 Quisquis

2000 1564 2109 1603 non
2146 1546 2353 1615 bajulat
2388 1544 2442 1601 iu
2474 1544 2744 1599 memoria
2774 1550 3009 1597 mortem
3043 1555 3233 1606 suam;
3267 1555 3367 1610 per
3389 1552 3610 1593 crucem

2000 1642 2150 1697 enim
2192 1649 2429 1694 mortem
2466 1638 2829 1709 signiﬁcavit,
2862 1625 3001 1706 quia.
3019 1644 3151 1690 tunc
3171 1634 3371 1688 mortis
3397 1633 3613 1687 instru-

2002 1745 2249 1789 mentum
2307 1741 2427 1787 erat
2462 1732 2798 1795 crux,sicut
2876 1731 3041 1787 etiam
3095 1729 3379 1786 tricesimo
3443 1726 3613 1781 tertio

1997 1828 2153 1898 juxta
2187 1826 2491 1891 Mattheuln
2526 1826 2705 1895 capite
2734 1826 2943 1880 dictum
2966 1832 3071 1879 est.
3095 1822 3358 1892 Quisquis
3385 1835 3495 1874 non
3518 1818 3615 1873 ba-

1932 1897 1972 1951 B
1999 1897 2137 1991 iulat
2192 1922 2273 1974 sui
2313 1918 2819 1981 mortiﬁcationem,
2848 1936 2849 1939 η
2878 1932 2999 1971 eam
3054 1915 3332 1973 videlicet.
3382 1927 3503 1982 quae
3530 1920 3616 1966 est

2004 2014 2190 2069 carnis
2239 2026 2353 2066 sua:
2405 2012 2676 2067 adversus
2702 2010 3036 2079 voluptates.
3062 2008 3201 2073 Quia
3229 2020 3364 2062 vero
3402 2004 3616 2059 aversio

2003 2107 2131 2161 vita:
2169 2123 2197 2159 a
2244 2104 2623 2173 voluptatibus
2666 2102 3078 2173 quodammodo
3122 2099 3417 2155 conversio
3463 2111 3616 2166 quae-

2003 2201 2129 2255 dam
2163 2208 2248 2254 est
2282 2198 2349 2253 ad
2376 2197 2706 2252 laboriosam
2747 2193 3249 2255 conversationem,
3293 2190 3617 2245 consolatur

2004 2302 2059 2347 et
2088 2293 2253 2347 docet
2316 2306 2413 2360 per
2468 2288 2806 2359 exemplum,
2864 2287 3011 2358 quod
3069 2292 3321 2355 oporteat
3344 2298 3471 2337 eum
3521 2282 3615 2352 qui

2004 2386 2121 2440 vult
2169 2385 2293 2454 ejus
2355 2399 2478 2439 esse
2541 2381 2878 2453 discipulus,
2927 2391 3239 2449 praeparare
3271 2376 3517 2444 seipsum
3546 2371 3614 2427 ad

2005 2476 2359 2531 tolerantiam
2394 2476 2576 2528 omnis
2610 2472 2956 2529 tentationis.
3005 2469 3286 2539 Scriptum
3334 2474 3420 2520 est
3463 2464 3613 2518 enim

2006 2570 2392 2633 Siacccsseris,
2423 2578 2478 2621 ut
2518 2569 2716 2623 servias
2758 2566 3010 2628 Domino,
3062 2577 3311 2632 praepara
3374 2560 3617 2612 animum

2006 2674 2155 2717 tuam
2216 2663 2287 2717 ad
2318 2663 2665 2716 tentationem
2696 2661 2762 2714 ¹⁰.

2146 2779 2306 2833 CAP.
2337 2776 2447 2831 LV.
2476 2776 2747 2830 Parabola
2788 2775 2852 2828 de
2881 2771 3237 2840 mdiﬁcationc
3276 2768 3470 2826 turris.

2079 2872 2235 2926 νει-ε.
2268 2870 2357 2924 28.
2394 2869 2523 2947 Quis
2576 2869 2715 2938 enim
2768 2896 2839 2906 ——
2872 2863 3030 2919 Vers.
3093 2863 3184 2918 30.
3220 2875 3615 2915 consummare.

2005 2965 2162 3020 Sicut
2222 2965 2267 3018 is
2296 2966 2388 3035 qui
2425 2962 2618 3016 turrim
2654 2958 2975 3015 scnsibilem
3002 2956 3153 3025 cupit
3182 2953 3479 3015 adiﬁcare,
3517 2952 3615 3005 de-

2005 3060 2097 3114 bet
2135 3058 2377 3129 primum
2433 3064 2691 3126 sumptus
2754 3052 3121 3123 pecuniarum
3159 3063 3455 3103 numerare
3489 3060 3504 3099 :
3535 3046 3611 3101 ita

2004 3166 2226 3221 quoque
2251 3149 2444 3204 volens
2470 3147 2665 3201 turrim
2698 3142 3129 3199 intellectualem
3164 3140 3459 3203 :rdiiicare,
3480 3148 3615 3209 puta

293 3239 500 3306 ὀφείλει
535 3238 752 3309 πρῶτον
812 3241 1088 3311 μετρῆσαι
1110 3240 1211 3311 τὴν
1262 3243 1319 3294 ὲν
1361 3242 1696 3309 πειρασμοῖς
1741 3240 1896 3311 διάρ-

2012 3243 2275 3297 virtutum
2311 3239 2776 3310 compactionem,
2820 3237 2983 3289 debet
3014 3233 3195 3288 metiri
3227 3235 3467 3303 primum
3503 3229 3622 3286 sul-

293 3348 471 3395 κειαν,
509 3331 597 3383 ἵνα
635 3333 1290 3403 προπαρασκευασμένος
1317 3331 1431 3403 (68)
1456 3330 1554 3395 ῶν,
1592 3332 1723 3403 ῥᾷον
1754 3332 1898 3404 φέρῃ

292 3424 517 3488 τούτους
543 3423 1019 3495 προσπίπτοντας.
1049 3420 1186 3479 Εἶτα
1235 3426 1329 3478 καὶ
1361 3425 1429 3479 δι’
1470 3425 1666 3498 ἑτέρου
1714 3443 1899 3498 παρα-

288 3518 587 3587 δείγματος
624 3519 888 3590 διεγείρει
920 3518 1060 3591 πρδς
1087 3519 1412 3592 καρτερίαν.

365 3614 441 3667 Ἦ
472 3613 561 3678 τίς
596 3643 666 3653 —
696 3614 791 3667 ἐπ’
818 3613 1049 3680 αὑτόν;
1112 3614 1354 3686 Ὁμοίως
1404 3614 1589 3680 πάλιν,
1652 3613 1844 3687 ὥσπερ
1872 3619 1901 3670 ὁ

294 3705 573 3775 βασιλεὺς,
600 3708 629 3760 ὀ
656 3707 1029 3777 πορευόμενος
1052 3708 1133 3771 είς
1165 3707 1408 3776 πόλεμον
1436 3750 1451 3776 ,
1496 3708 1707 3777 ὀφείλει
1759 3727 1901 3780 προ-

291 3798 731 3854 δουλεύσασθαι·
770 3800 914 3855 οὕτω
943 3801 1041 3855 καὶ
1072 3792 1233 3866 οὗτος
1294 3800 1505 3872 ὀφείλει
1558 3801 1902 3873 προδουλεύ-

293 3891 513 3955 σασθαι,
564 3894 612 3944 εξ
641 3891 869 3947 δύναται
915 3894 1059 3962 μετὰ
1090 3880 1203 3946 τῶν
1258 3892 1461 3961 ὀλίγων
1505 3892 1742 3947 ἐντολῶν
1800 3893 1899 3946 τοῦ

292 3983 633 4051 Εὑαγγελίου
661 3983 1320 4056 ἁντιπαρατάξασθαιτῷ
1354 3985 1594 4056 Σατανᾷ,
1646 3983 1724 4055 τῷ
1758 3986 1901 4055 μετὰ

292 4072 511 4126 πολλῶν
542 4074 822 4145 δαιμόνων
883 4075 980 4128 καὶ
1029 4075 1298 4147 μηχανῶν
1358 4076 1452 4130 καὶ⁵
1510 4074 1708 4129 παθῶν
1738 4078 1899 4147 ἐρχο-

296 4167 444 4240 μένῳ
470 4170 556 4221 ἐπ’
595 4170 783 4223 αὐτόν.

358 4262 431 4314 Et
446 4260 515 4314 δὲ
529 4260 690 4330 μήγε
708 4291 775 4305 -—
794 4259 867 4316 τὰ
884 4262 1404 4333 πρόςείρήνην.-
1420 4263 1665 4333 Ἐρωτᾷ,
1694 4265 1865 4337 ἦγουν
1885 4305 1900 4331 ,

290 4354 631 4424 παρακαλεῖ,
668 4356 907 4409 αίτεῖται
942 4356 1057 4429 (69)
1101 4357 1171 4411 τὰ
1214 4358 1356 4430 πρὸς
1412 4360 1666 4430 είρήνην.
1710 4358 1902 4414 Ταῦτα

289 4448 346 4501 δὲ
384 4446 755 4519 προσέθηκεν,
820 4452 882 4505 οὺ
928 4452 1218 4524 παραινῶν
1264 4456 1377 4518 τοῖς
1442 4455 1519 4527 μὴ
1570 4453 1903 4525 δυναμένοις

2006 3336 2327 3399 ﬁcicntiam,
2350 3350 2514 3405 quam
2541 3332 2711 3387 habet
2744 3331 2811 3385 ad
2833 3330 3195 3391 tentationes,
3231 3335 3291 3381 ut
3321 3340 3607 3396 praepara—

2008 3440 2097 3485 tus
2124 3430 2263 3485 l'erat
2288 3426 2506 3483 facilius
2530 3468 2544 3491 ,
2574 3442 2701 3481 cum
2744 3422 3067 3479 inciderint.
3094 3420 3301 3477 lleinde
3322 3420 3377 3473 in
3400 3419 3506 3473 alio
3521 3433 3617 3472 ex-

2018 3523 2209 3592 emplo
2253 3522 2318 3575 ad
2356 3521 2711 3576 tolerantiam
2742 3517 2967 3573 excitat.

2078 3616 2239 3672 Vers.
2275 3618 2365 3671 51.
2388 3616 2491 3669 Aut
2514 3615 2892 3686 quis—contra
2912 3628 2984 3665 se.
3018 3609 3141 3665 Pari
3175 3623 3396 3679 quoque
3427 3605 3615 3673 modo,

2007 3710 2473 3782 quemadmodum
2504 3725 2600 3763 rex
2631 3706 2700 3761 ad
2736 3705 2992 3775 prmlium
3030 3702 3414 3773 proﬁciscens.
3444 3699 3615 3755 debet

2009 3805 2247 3877 primum
2282 3804 2623 3867 consultare,
2671 3801 2747 3855 ita
2783 3807 2840 3854 et
2867 3799 2955 3853 hic
2996 3798 3238 3868 primum
3298 3794 3620 3850 consultare

2007 3897 2193 3957 debet,
2244 3912 2315 3949 an
2353 3894 2530 3966 possit
2564 3909 2690 3948 cum
2742 3890 2935 3961 paucis
2984 3888 3264 3959 Evangelii
3323 3883 3621 3958 praeceptis

2008 3992 2265 4046 resistere
2290 3989 2534 4053 Satana:,
2567 3986 2654 4043 cui
2691 4002 2819 4041 cum
2856 3984 3048 4040 multis
3079 3982 3369 4037 dannoniis
3400 3990 3456 4037 et
3508 3994 3623 4035 ma-

2007 4084 2187 4139 chinis
2220 4100 2284 4139 ac
2307 4081 2701 4139 all‘ectionibus
2730 4079 2889 4135 venit
2910 4086 3105 4137 contra
3146 4090 3231 4131 se.

2077 4275 2235 4331 Vers.
2256 4272 2347 4328 δε.
2387 4270 2571 4341 Aliqui
2590 4300 2662 4311 -—
2688 4285 2807 4337 qua:
2832 4268 2982 4340 pacis
3007 4274 3150 4321 sunt.
3169 4264 3408 4320 Rursum
3435 4265 3621 4335 ἐρωτᾷ

2008 4362 2283 4437 signiﬁcat
2352 4371 2604 4432 precatur
2634 4368 2729 4415 aut
2778 4360 2932 4429 petit.
2970 4358 3099 4414 Haec
3147 4364 3334 4413 autem
3378 4358 3616 4424 addidit,

2006 4470 2119 4511 non
2175 4454 2482 4509 adhortans
2514 4461 2573 4507 ut
2605 4450 2700 4522 qui
2749 4466 2861 4504 non
2889 4449 3111 4521 possint
3162 4462 3483 4510 occurrere,
3519 4463 3616 4517 pa-

292 4541 582 4611 ἀπαντᾷν,
626 4542 937 4615 εἰρηνεύειν
990 4546 1131 4614 μετὰ
1185 4544 1282 4599 τοῦ
1334 4547 1588 4601 Σατανᾶ’
1635 4547 1754 4611 πῶς
1787 4548 1896 4620 γὰρ

2012 4564 2128 4605 cem
2160 4546 2349 4601 ineant
2377 4560 2499 4600 cum
2526 4544 2760 4600 Satana:
2785 4558 3026 4613 quonam
3052 4542 3199 4595 enim
3222 4540 3387 4595 modo
3417 4540 3469 4594 id
3500 4540 3616 4594 ﬁeri

289 4633 387 4687 τοῦ
421 4634 877 4706 ἀνθρωποκτόνου
924 4638 1021 4691 καὶ
1052 4638 1439 4711 ψυχολέθρου;
1472 4640 1614 4695 ἀλλὰ
1656 4645 1725 4714 τῇ
1764 4614 1896 4697 ἀκοζ

2012 4649 2213 4712 potest,
2248 4654 2375 4694 cum
2408 4638 2500 4694 ille
2530 4638 2786 4692 homines
2814 4644 3031 4701 enecet,
3060 4650 3124 4689 ac
3144 4633 3342 4704 perdat
3366 4633 3620 4687 animas?

289 4726 484 4798 λουθίᾳ
540 4726 637 4782 τοῦ
694 4729 1154 4801 παραδείγματος
1210 4734 1513 4804 ἐχρήσατο,
1580 4734 1765 4799 καθὼς
1799 4737 1897 4790 καὶ

288 4819 552 4889 ἀνωτέρω
580 4822 910 4891 πεποίηκεν.
943 4823 1098 4894 Ἀμα
1126 4823 1184 4877 δὲ
1215 4826 1311 4879 κα).
1343 4826 1425 4889 είς
1458 4826 1738 4898 ἐντροπὴν
1784 4827 1895 4881 τῶν

292 4912 435 4984 μετὰ
460 4912 522 4965 τὸ
554 4915 967 4986 μαθητευθῆναι
996 4918 1411 4989 χαυνουμένων.
1454 4920 1565 4973 Καὶ
1598 4919 1895 4990 τοῦτοξγάρ

290 5008 479 5076 σχῆμα
513 5007 697 5076 λόγου,
725 5010 995 5081 διεγεῖρον
1034 5014 1115 5075 είς
1145 5012 1458 5085 εὐανδρίαν,
1489 5012 1628 5067 καθὸ
1655 5014 1750 5067 καὶ
1780 5014 1893 5085 (70)

288 5099 473 5167 λέγειν
508 5100 806 5172 εἰώθαμεν,
867 5105 951 5157 ὅτι
1006 5108 1259 5177 κρεῖττον
1306 5106 1381 5177 μὴ
1420 5107 1694 5179 ἄρξασθαι
1738 5107 1896 5162 τοῦδε

288 5191 386 5245 τοῦ
424 5193 778 5265 πράγματος,
810 5194 844 5269 ἠ
879 5197 1196 5269 ἀρξάμενον
1224 5200 1301 5270 μὴ
1330 5198 1649 5257 τελειῶσαι.

402 5463 617 5522 “Eccli.
651 5481 712 5533 ιι,
758 5466 814 5525 1.

2007 4733 2115 4789 Sed
2164 4733 2399 4804 exempli
2454 4734 2853 4803 consequentia
2904 4744 3036 4784 usus
3069 4738 3177 4789 est,
3229 4728 3380 4782 sicut
3444 4726 3614 4781 etiam

2008 4824 2142 4882 fecit
2189 4825 2451 4897 superius
2486 4842 2499 4877 :
2537 4824 2703 4879 simul
2732 4823 2899 4878 etiam
2933 4822 2999 4875 ad
3019 4818 3401 4876 confusionem
3421 4833 3616 4872 eorum

2005 4921 2098 4992 qui
2123 4930 2415 4993 postquam
2448 4919 2577 4975 facti
2618 4917 3045 4989 suntdiscipuli,
3071 4915 3447 4971 emolliuntur.
3477 4916 3612 4969 Nam

2008 5024 2063 5070 et
2090 5006 2180 5069 hic
2212 5023 2296 5069 est
2322 5014 2521 5069 modus
2548 5012 2809 5083 loquendi
2876 5011 2944 5066 ad
2968 5011 3405 5083 generositatem
3459 5010 3614 5064 exci-

2008 5118 2156 5171 tans,
2178 5123 2288 5177 quo
2319 5107 2504 5163 dicere
2536 5106 2782 5161 solemus
2816 5123 2829 5160 :
2881 5103 3078 5159 Melius
3101 5104 3313 5159 esthoc
3364 5103 3445 5158 vel
3483 5102 3613 5157 illud

2009 5202 2226 5258 facinus
2245 5217 2355 5256 non
2399 5201 2684 5267 inchoare,
2706 5213 2872 5272 quam
2905 5213 3017 5254 non
3061 5196 3357 5270 perficere,
3393 5205 3617 5267 postea-

2010 5307 2174 5364 quam
2208 5291 2583 5347 inchoaveris.

1506 5541 1711 5605 Varias
1746 5540 2057 5606 lectiones
2103 5550 2165 5607 et
2209 5552 2404 5609 noue.

367 5710 482 5793 (99)
528 5711 649 5793 ,δεῖ
672 5711 1010 5793 sive???
1042 5713 1255 5793 ξαὶτὴν
1291 5716 1527 5793 μητέρα.
1560 5720 1626 5793 A-

362 5782 478 5855 (67)
528 5782 632 5837 Τοῦ
670 5783 1129 5856 κατὸιΜατθαῖον
1175 5782 1301 5843 cum
1354 5782 1656 5856 Hehtenio,
1696 5804 1755 5843 re
1810 5791 1886 5845 ita

289 5853 621 5981 ggétulante,
654 5855 859 5911 addidi.
897 5853 974 5910 lta
1003 5871 1151 5913 enim
1171 5860 1427 5931 exposuit
1456 5862 1521 5918 ad
1543 5853 1735 5918 Matth.
1772 5878 1885 5931 xvi,

2074 5720 2190 5789 (68)
2217 5720 2293 5776 Ita
2336 5730 2591 5792 uterque,
2629 5733 2730 5790 pro
2780 5719 3450 5791 προπαρεσκευασμένος.

2072 5793 2182 5860 (69)
2202 5794 2371 5847 Αἰτεῖ.
2400 5791 2467 5847 Α.

2071 5864 2181 5933 (70)
2233 5865 2339 5919 Καί
2372 5865 2576 5921 omittit
2607 5862 2672 5919 A.
