4016 6484
468 319 611 387 1019

1717 317 2110 383 EUTHYMII
2148 320 2538 383 ZIGABENI-

3610 319 3758 385 ιοεο

533 436 842 492 Praesertim
897 449 1022 491 cum
1077 433 1168 489 hic
1213 432 1286 490 sit
1343 440 1526 490 sermo
1551 431 1620 488 de
1662 447 1752 497 eo,
1791 432 1885 503 qui
1931 445 2060 487 vere

2238 435 2452 500 Ἄλλως
2484 452 2541 490 τε
2573 434 2670 491 καὶ
2695 435 2822 508 περὶ
2849 436 2944 492 τοῦ
2990 435 3227 507 ἀληθοῦς
3287 434 3535 507 μαθητοῦ
3587 435 3682 492 νῦν
3725 439 3759 491 6

463 527 771 599 discipulus
801 525 903 589 est.
925 534 1021 581 aut
1052 539 1175 581 esse
1197 525 1371 596 cupit.
1406 523 1512 592 Qui
1540 525 1688 580 enim
1719 539 1827 580 non
1851 538 2061 580 renun-

462 621 582 685 tiat,
617 619 788 675 veluti
814 618 1001 675 docuit
1021 617 1299 688 Christus,
1328 635 1436 674 non
1461 627 1547 675 est
1570 634 1700 676 vere
1725 618 2060 690 discipulus:

463 714 558 783 qui
591 722 775 767 autem
809 727 918 768 non
955 721 1041 770 est
1070 729 1200 769 vere
1233 713 1552 784 discipulus,
1594 713 1689 768 sed
1731 727 1931 768 noiuen
1981 710 2064 788 fe-

472 822 604 862 rens
627 805 903 875 discipuli,
929 823 1096 878 opera
1127 822 1265 862 vero
1291 806 1525 874 habens,
1552 823 1673 876 qua:
1699 821 1809 861 non
1834 818 2064 875 respon-

462 902 632 959 deant
665 903 814 975 illius
844 905 1127 974 operibus.
1164 919 1353 973 pacem
1375 903 1503 959 iacit
1542 918 1667 958 cum
1699 899 2065 971 Satana,per«

462 997 738 1069 petrando
768 997 999 1068 qure;illi
1031 1004 1180 1067 grata
1206 1005 1358 1052 sunt.

421 1127 425 1132 .
537 1090 691 1146 Vers.
725 1091 816 1145 55.
844 1089 932 1144 Ita
971 1120 1042 1134 -—
1068 1093 1389 1162 discipulus.
1431 1121 1502 1132 ——
1539 1089 1650 1156 Ita,
1693 1089 1840 1146 sicut
1897 1105 2064 1162 supe-

461 1183 581 1239 rius
617 1193 969 1254 protestatus
991 1192 1098 1245 cst.
1132 1185 1324 1241 dicens
1352 1200 1368 1239 :
1399 1183 1456 1238 Si
1497 1185 1620 1255 quis
1643 1200 1752 1240 non
1778 1183 1908 1241 facit
1947 1183 2066 1239 ha-c

460 1281 517 1329 et
545 1274 658 1338 illa.
683 1291 793 1331 non
838 1285 1020 1345 potest
1047 1291 1202 1331 meus
1224 1290 1348 1330 esse
1378 1275 1704 1349 discipulus.

531 1363 690 1421 Vers.
725 1367 813 1422 54.
846 1365 1002 1431 Bona.
1052 1383 1139 1421 res
1169 1376 1245 1421 est
1296 1367 1401 1422 sal.
1456 1366 1639 1423 Salem
1703 1381 1851 1422 nunc
1911 1374 2068 1421 vocat

460 1463 650 1527 aptum
685 1456 752 1510 ab
778 1456 1088 1512 docendum
1118 1471 1457 1512 sermonem.
1519 1457 1722 1513 Scribit
1773 1465 1960 1510 autem
2012 1463 2068 1509 et

463 1552 678 1607 Marcus
737 1551 884 1607 circa
951 1551 1113 1606 linem
1171 1553 1419 1607 vicesimi
1465 1551 1686 1622 septimi
1747 1550 1942 1622 capitis
1982 1547 2078 1622 sui

462 1643 744 1715 Evangelii
784 1663 798 1701 :
839 1643 988 1699 Bona
1029 1661 1110 1700 res
1137 1654 1214 1700 est
1255 1645 1339 1700 sal
1370 1647 1412 1678 ”
1444 1663 1458 1713 ;
1487 1655 1542 1700 et
1567 1644 1638 1700 ibi
1670 1659 1852 1714 qumre
1901 1642 2067 1712 hujus

466 1741 902 1795 enarrationem.

536 1832 693 1888 Vers.
743 1833 832 1887 54.
865 1830 1018 1898 Quod
1048 1833 1092 1887 si
1128 1861 1201 1871 -——
1254 1830 1582 1886 condietur?
1644 1828 1847 1884 Eodem
1889 1829 2064 1899 capite

463 1925 632 1980 etiam
666 1925 736 1979 de
759 1926 866 1980 hoc
904 1927 1114 1981 dictum
1147 1933 1252 1979 est.

531 2016 691 2073 Vers.
717 2019 805 2075 35.
853 2015 1040 2089 Neque
1073 2047 1142 2057 —
1169 2025 1269 2072 est.
1302 2015 1529 2070 Terram
1557 2030 1706 2070 nunc
1729 2016 1863 2072 dicit
1898 2016 2064 2072 disci-

459 2111 640 2184 pulos,
679 2121 870 2184 utpote
898 2113 1271 2184 impinguatos
1305 2128 1370 2167 ac
1402 2105 1966 2179 commodoaﬂ'ectos;
2000 2111 2065 2166 li-

457 2217 606 2258 mum
641 2214 820 2259 aulem
847 2203 1121 2264 doctores,
1149 2213 1209 2258 ut
1243 2205 1664 2274 impinguantes
1695 2210 1749 2257 et
1772 2200 2066 2256 commodo

461 2295 788 2352 allicientes.
848 2296 991 2352 Dicit
1024 2312 1156 2368 ergo
1195 2315 1208 2352 :
1244 2296 1302 2350 Si
1355 2313 1537 2351 sermo
1573 2305 1735 2366 aptus
1765 2295 1832 2349 ad
1862 2294 2068 2349 docen-

456 2391 592 2445 dum
661 2391 850 2462 pravis
902 2392 1259 2463 dogmatibus
1318 2399 1742 2461 corrumpatur;
1777 2403 1958 2460 neque
1997 2388 2067 2443 iis

456 2484 550 2554 qui
607 2484 851 2550 discunt,
912 2485 1257 2540 conveniens
1286 2494 1384 2540 aut
1440 2484 1588 2540 utilis
1628 2491 1754 2539 est:
1787 2496 1968 2554 neque
2001 2482 2068 2536 iis

457 2577 561 2646 qui
597 2576 820 2632 docent.

535 2667 692 2725 Vers.
725 2670 818 2728 35.
855 2668 1031 2724 Foras
1056 2671 1346 2742 proﬁciunt
1371 2671 1546 2726 illum.
1568 2670 1852 2742 Tanquam
1900 2667 2069 2723 inuti-

468 2763 600 2819 lens.

536 2853 696 2910 Vers.
762 2856 852 2912 35.
887 2856 990 2924 Qui
1039 2860 1197 2914 habet
1229 2891 1297 2900 --
1330 2860 1543 2915 audiat.
1579 2857 1697 2914 Hoc
1746 2857 2070 2928 frequenter

457 2949 796 3008 declaratum
818 2959 924 3007 est.

527 3042 682 3099 CAP.
708 3043 823 3099 XV.
849 3043 1007 3101 Vers.
1040 3045 1087 3100 i.
1115 3045 1620 3118 Appropinquabant
1640 3053 1887 3099 autem—
1908 3043 2065 3102 Vers.

2167 528 2344 598 λόγος.
2388 529 2446 584 Ὀ
2474 529 2585 600 γὰρ
2605 529 2682 603 μὴ
2711 531 3179 601 ἀποτασσόμενος,
3215 529 3292 593 ὡς
3317 531 3345 583 δ
3375 529 3612 601 Χριστὸς
3641 529 3759 583 ιδι-

2166 623 2349 691 δαξεν,
2381 625 2485 680 οὐκ
2523 624 2674 679 ἔστιν
2707 624 2930 697 ἀληθῶς
2968 623 3222 696 μαθητής
3247 640 3262 655 ⁶
3310 620 3412 697 [μὴ
3449 620 3525 677 ὢν
3549 620 3666 694 (71)
3694 622 3758 676 δὶ

2166 716 2387 788 ἀληθῶς
2417 717 2720 792 μαθητὴς,]
2748 717 2868 774 ἀλλ’
2910 717 3083 788 ὄνομα
3131 717 3232 789 μιν
3258 714 3500 788 μαθητοῦ
3547 714 3758 787 φέρων,

2169 809 2307 880 ἔργα
2363 810 2420 864 δὲ
2469 811 2719 874 ἀνοίκεια
2767 812 3136 881 κεκτημένος,
3181 808 3457 881 είρηνεύει
3511 807 3600 863 διὰ
3645 807 3759 861 τῶν

2169 900 2350 974 ἔργων
2376 903 2514 975 μετὰ
2543 903 2638 958 τοῦ
2672 904 2912 972 Σατανᾶ,
2946 902 3014 958 τὰ
3050 901 3180 973 φίλα
3217 901 3397 975 τούτῳ
3422 900 3762 974 διαπραττό-

2173 1018 2356 1072 μενος.

2237 1095 2522 1164 Οὕτως-
2533 1095 2834 1166 μαθητής.
2863 1123 2937 1136 --
2972 1094 3196 1162 Οὕτως,
3243 1094 3320 1158 ὡς
3358 1097 3621 1170 ἀνωτέρω
3649 1096 3764 1152 διε-

2174 1188 2514 1260 μαρτύρατο,
2543 1189 2629 1256 λέγ
2644 1206 2720 1243 ων
2744 1205 2757 1219 ·
2787 1188 2859 1244 Et
2883 1206 2974 1254 τις
2997 1191 3072 1243 οὐ
3096 1188 3260 1243 ποιεῖ
3284 1188 3426 1245 τάδε
3462 1191 3560 1245 καὶ
3591 1189 3757 1256 τάδε,

2168 1284 2242 1337 οὐ
2272 1281 2527 1336 δύναταί
2555 1300 2677 1351 μου
2718 1281 2995 1350 μαθητὴς
3024 1278 3201 1338 εἶναι.

2239 1375 2445 1430 Καλὸν
2471 1375 2538 1430 τὸ
2561 1374 2738 1442 ἅλας.
2791 1375 2968 1440 "Aid;
3014 1375 3174 1429 καλεῖ
3223 1376 3345 1445 νῦν,
3375 1378 3467 1431 τὸν
3502 1377 3762 1432 διδασκα⁹

2169 1469 2320 1522 itbe
2345 1467 2523 1537 λόγον.
2555 1467 2806 1540 Ἔγραψε
2839 1467 2897 1523 δὲ
2926 1467 3019 1523 καὶ
3054 1471 3083 1523 ὁ
3122 1470 3354 1541 Μάρκος
3384 1471 3520 1542 πρὸς
3558 1470 3637 1541 τῷ
3668 1469 3759 1522 τέ-

2170 1563 2253 1617 λει
2284 1562 2378 1617 τοῦ
2407 1561 2658 1617 εἰκοστοῦ
2684 1563 2919 1633 ἑϐδόμου
2971 1562 3274 1633 κεφαλαίου
3317 1562 3505 1630 αὑτοῦ,
3542 1564 3625 1616 δτι
3654 1579 3760 1616 κα-

2169 1658 2286 1712 λὸν
2313 1655 2378 1711 τὸ
2401 1656 2581 1726 ἅλας,
2633 1657 2730 1712 καὶ
2769 1657 3015 1730 ζήτησον
3064 1657 3184 1711 έκεῖ
3232 1657 3333 1728 τὴν
3391 1657 3582 1710 τούτου
3629 1657 3761 1725 ἑξή-

2094 1790 2143 1853 B
2171 1768 2354 1823 γησιν.

2252 1846 2481 1900 Ἐὰν-
2509 1844 2915 1915 ἀρτυθήσεται
2931 1862 2954 1912 ;
2997 1845 3085 1897 Ἐν
3111 1842 3310 1915 ικείνῳ
3340 1844 3439 1898 καὶ
3479 1842 3608 1915 περὶ
3631 1839 3763 1896 τού-

2167 1957 2260 1994 του
2289 1941 2564 1998 λέλεκται.

2244 2034 2396 2089 Οὔτε
2421 2066 2485 2076 -
2515 2037 2707 2093 ἐστιν.
2734 2036 2846 2106 Γῆν
2893 2036 2995 2111 μὲν
3033 2036 3185 2105 λέγει
3227 2035 3355 2100 τοὺς
3384 2031 3655 2106 μαθητὰς.
3687 2030 3763 2094 ὡς

2169 2129 2556 2201 πιαινομένους
2583 2131 2677 2185 καὶ
2707 2131 3133 2202 ὠφελουμένους
3159 2148 3175 2163 ο
3233 2128 3476 2199 κοπρίαν
3521 2125 3600 2189 δὲ,
3632 2125 3764 2189 τοὺς

2167 2222 2555 2290 διδασκάλους,
2586 2225 2663 2290 ὡς
2688 2225 3009 2289 πιαίνοντας
3050 2228 3149 2280 καὶ
3193 2204 3570 2294 ὠφελοῦντας.
3593 2219 3765 2289 Φησὶν

2167 2314 2286 2386 οὖν,
2320 2319 2405 2374 ὅτι
2448 2320 2577 2373 Ἐὰν
2602 2321 2630 2374 ὁ
2657 2319 3046 2383 διδασκαλικὸς
3074 2319 3233 2387 λόγος
3264 2314 3599 2388 παραφθαρῇ
3632 2312 3763 2380 δόγ-

2174 2429 2308 2485 μασι
2337 2413 2621 2483 πονηροῖς,
2665 2392 2793 2466 οῡτέ
2829 2413 2911 2477 είς
2939 2416 3071 2476 τοὺς
3124 2409 3504 2482 μανθάνοντας
3535 2404 3766 2468 εὔθετός

2171 2508 2344 2572 ἐστιν,
2379 2505 2548 2577 ῆγουν
2578 2505 2886 2578 εὔχρηστος
2909 2545 2922 2572 ,
2957 2503 3084 2560 οὗτε
3126 2507 3206 2569 είς
3234 2500 3765 2568 τοὺς-διδάσκοντας.

2247 2671 2409 2740 Ἐξω
2430 2673 2787 2739 βάλλουσιν
2817 2675 2990 2730 αὐτό.
3039 2675 3126 2739 Ὠς
3175 2671 3481 2746 ἀνωφελές.

2256 2840 2324 2896 Ὀ
2349 2841 2508 2912 ἔχων
2555 2872 2631 2890 -ν-
2686 2840 2977 2898 ditaverat.
3028 2842 3205 2898 Τοῦτο
3253 2841 3521 2906 πολλάκις
3578 2840 3769 2912 ἡρμη-

2171 2936 2360 3008 νεύθη.

2244 3026 2444 3086 Ἦσαν
2472 3030 2542 3085 δὲ
2564 3031 2902 3102 ἐγγίζοντες
2937 3063 3007 3072 -
3036 3031 3265 3098 αὐτοῖς.
3299 3031 3411 3086 Καὶ
3451 3033 3510 3085 ὲν
3541 3028 3620 3103 τῷ
3644 3047 3772 3085 τεσ-

459 3136 513 3191 2.
553 3137 683 3191 illis.
717 3136 894 3193 Etiam
929 3139 1149 3195 decimo
1181 3150 1380 3210 quarto
1409 3138 1562 3210 juxta
1602 3135 1918 3193 Matthaaum
1977 3154 2066 3192 ca-

2189 3127 2664 3200 ιαρεσκαιδεκάτῳ
2695 3127 2986 3199 κεφαλαίῳ
3012 3127 3110 3181 τοῦ
3138 3129 3280 3182 κατὰ
3306 3127 3586 3181 Ματθαίον
3608 3124 3767 3180 εἷπον

457 3230 571 3301 pite
597 3230 859 3287 dixerunt
889 3231 1178 3303 discipulis
1200 3232 1324 3302 ejus
1353 3250 1365 3286 :
1406 3229 1590 3296 Quare
1615 3247 1734 3284 cum
1767 3229 2066 3299 publicanis

456 3333 506 3378 ct
534 3323 902 3394 peccatoribus
923 3325 1097 3380 cibum
1133 3327 1273 3394 capit
1299 3325 1555 3395 magister
1590 3331 1762 3377 vester
1789 3322 1832 3353 "
1861 3323 1886 3376 2’

621 3439 780 3497 CAP.
828 3439 963 3497 LVI.
1016 3441 1287 3496 l’arabola
1321 3441 1385 3496 de
1432 3448 1643 3495 centum
1677 3438 1896 3494 ovibus.

532 3533 691 3590 Vers.
754 3534 809 3590 5.
852 3535 999 3590 Dixit
1041 3537 1294 3591 —-Vers.
1349 3535 1402 3591 ι.
1454 3552 1596 3590 eam.
1649 3531 1966 3587 Parabolice
2005 3546 2067 3585 os

463 3631 574 3687 ilLis
601 3631 865 3690 oceludit.
892 3633 1120 3700 docens,
1164 3633 1309 3702 quod
1350 3648 1460 3688 non
1487 3641 1711 3703 promer
1754 3631 1932 3700 justos
1966 3630 2068 3684 hu-

463 3723 783 3780 manitatem
809 3725 1129 3796 assumpsit.
1164 3726 1259 3780 sed
1295 3732 1520 3796 propter
1546 3733 1886 3793 peccatores.
1913 3720 2066 3776 Hanc

467 3826 654 3871 autem
704 3817 1018 3888 parabolam
1085 3819 1306 3890 scripsit
1352 3827 1409 3872 et
1457 3815 1748 3870 Matthmus
1785 3813 2066 3869 tricesimo

468 3921 667 3965 octavo
703 3911 788 3966 sui
817 3909 1099 3983 Evangelii
1126 3911 1327 3982 capite,
1365 3919 1420 3966 et
1451 3909 1525 3964 ibi
1576 3909 1694 3982 lege
1742 3909 1864 3980 ejus
1905 3922 2067 3961 enar-

470 4004 766 4069 rationem,
806 4021 928 4076 qnze
969 4006 1198 4078 pulchre
1228 4005 1406 4077 posita
1439 4012 1544 4060 est.

546 4093 700 4150 Vers.
731 4096 783 4151 5.
828 4096 1064 4169 Cumque
1122 4100 1379 4153 invenerit
1419 4126 1487 4139 η-
1520 4097 1782 4167 gaudens.
1825 4094 2068 4152 Evidens

468 4186 688 4256 signum
722 4188 1037 4244 dilectionis
1067 4199 1150 4245 est
1192 4205 1257 4246 ac
1292 4189 1678 4261 providentiae,
1703 4204 1866 4258 quam
1898 4186 2068 4242 liabe-

468 4278 563 4332 bzit
588 4295 714 4350 erga
739 4294 914 4351 genus
938 4291 1213 4336 nostrum.

540 4368 699 4426 Vers.
735 4372 787 4425 6.
820 4375 891 4426 Et
924 4375 1131 4429 veniens
1159 4392 1390 4445 —quam
1417 4374 1777 4444 perdix/eram.
1832 4373 2066 4428 Domum

463 4460 586 4529 ejus
620 4461 860 4535 intellige
892 4465 1091 4520 cmlum
1122 4484 1135 4520 :
1162 4465 1266 4531 Qui
1298 4467 1534 4529 habitas.
1576 4467 1776 4539 inquit,
1812 4467 1866 4522 in
1919 4467 2065 4522 caelis

469 4557 534 4612 ".
590 4558 810 4613 Amicos
848 4571 1033 4613 autem
1089 4576 1153 4614 ac
1185 4561 1396 4615 vicinos
1432 4561 1564 4616 dicit
1611 4560 1836 4632 angelos
1878 4579 1891 4616 :
1925 4563 2064 4616 ami-

465 4664 584 4714 cos,
662 4659 923 4722 tanquam
957 4668 1020 4708 ea
1043 4653 1355 4725 diligentes,
1397 4669 1517 4724 qua:
1546 4654 1637 4709 ille
1661 4654 1839 4724 diligit
1870 4671 1882 4684 ο
1933 4653 2067 4709 vici-

465 4757 568 4796 nos
605 4751 864 4813 tanquam
898 4745 975 4801 illi
1007 4747 1367 4817 propinquos.
1402 4746 1526 4802 llaec
1557 4757 1742 4803 autem
1772 4763 1872 4819 per
1905 4762 2067 4818 para-

466 4833 645 4888 bolam
699 4850 849 4891 nunc
873 4838 1162 4908 signiﬁcat,
1215 4839 1537 4903 ostendens.
1563 4841 1714 4911 quod
1757 4840 1813 4897 in
1850 4841 1942 4896 tali
1983 4842 2068 4895 in-

467 4928 730 4983 ventione
754 4930 919 4983 etiam
943 4932 1122 5002 angeli
1153 4931 1245 4988 Dei
1271 4933 1644 5007 congaudent,
1669 4941 1861 5007 utpote
1884 4945 1941 4991 et
1961 4935 2066 5006 ipsi

468 5015 694 5087 benigni
726 5034 853 5090 erga
884 5019 1158 5078 homines.

548 5109 761 5168 Vers.7.
792 5111 925 5180 Dico
971 5144 1044 5156 --
1086 5118 1420 5186 poenitentia.
1453 5152 1524 5166 —-
1552 5123 1682 5187 Ita;
1742 5121 2067 5189 quomodo?

469 5201 626 5260 Sicut
664 5207 852 5262 docuit
901 5211 1180 5280 parabola.
1234 5211 1492 5270 Perditur
1541 5215 1725 5286 itaque
1780 5215 2067 5270 rationalis

465 5297 606 5364 ovis,
631 5314 755 5354 cum
789 5315 818 5354 a
846 5301 1046 5358 divinis
1078 5306 1370 5376 praeceptis
1410 5305 1573 5379 longe
1617 5318 1906 5380 separatur
1934 5325 1948 5363 :
1983 5310 2069 5363 in-

467 5391 692 5448 venitur
728 5402 940 5461 autem,
969 5412 1094 5453 eum
1126 5415 1227 5470 per
1255 5401 1642 5472 paenitentiam
1686 5403 1980 5474 resipiscit,
2009 5414 2066 5460 et

578 5556 622 5589 “
665 5554 834 5612 Marc.
865 5573 942 5625 Ix,
968 5558 1056 5614 50.

2171 3221 2283 3283 τοῖς
2321 3218 2599 3290 μαθηταῖς
2618 3219 2788 3274 αὑτοῦ
2808 3237 2824 3252 ο
2852 3220 3016 3274 Διατί
3034 3218 3189 3289 μετὰ
3211 3217 3330 3273 τῶν
3349 3217 3627 3274 τελωνῶν
3665 3216 3766 3272 καί

2169 3311 2539 3382 ἁμαρτωλῶν
2558 3313 2745 3370 ἐσθίει
2765 3316 2797 3369 ό
2815 3312 3188 3378 διδάσκαλος
3209 3311 3411 3383 dudm;

2169 3433 2329 3488 ΚΕΦ.
2355 3433 2501 3500 NG’.
2529 3433 2664 3501 Περὶ
2699 3431 2820 3487 τῶν
2844 3431 3062 3487 ἑκατὸν
3083 3429 3394 3500 προϐάτων
3429 3427 3768 3498 παραϐολή.

2241 3521 2394 3580 Elite
2412 3555 2482 3566 -—
2504 3526 2660 3580 αὐτό
2677 3543 2698 3592 ;
2728 3525 3129 3596 Παραόολικῶς
3161 3524 3358 3589 αὐτοὺς
3394 3521 3763 3594 ἑπιστομίζει,

2169 3621 2464 3686 διδάσκων,
2495 3621 2579 3674 ὅτι
2623 3618 3076 3692 ἔνηνθρώπησεν,
3107 3622 3170 3674 οὐ
3203 3619 3291 3672 διὰ
3331 3617 3455 3680 τοὺς
3499 3617 3762 3681 δικαίους,

2169 3717 2305 3772 ἀλλὰ
2345 3716 2431 3769 διὰ
2452 3714 2578 3778 τοὺς
2603 3714 2991 3785 ἁμαρτωλούς.
3013 3713 3300 3784 Ταύτηνδὲ
3317 3714 3415 3785 τὴν
3447 3710 3768 3785 παραϐολὴν

2171 3809 2452 3881 ἀνέγραψε
2492 3811 2587 3863 καὶ
2626 3810 2655 3863 ὁ
2692 3809 2977 3873 Ματθαῖος
3010 3811 3067 3862 ὲν
3111 3808 3192 3880 τῷ
3239 3809 3550 3880 τριακοστῷ
3597 3805 3767 3874 ὀγδόῳ

2172 3905 2461 3975 κεφαλαίῳ
2496 3903 2686 3970 αὐτοῦ,
2731 3905 2824 3958 καὶ
2850 3904 3129 3974 ἀνάγνωθι
3163 3902 3262 3976 τὴν
3292 3902 3555 3974 ἐξήγησιν
3598 3899 3769 3970 αὐτῆς

2172 4001 2230 4053 ὲν
2257 3999 2454 4072 ἐκείνῳ
2487 3995 2546 4054 εὖ
2568 3997 2822 4070 ἔχουσαν.

2243 4091 2353 4147 Kal
2380 4091 2575 4161 εὑρὼν
2590 4123 2660 4132 -
2677 4093 2922 4162 χαίρων.
2944 4091 3316 4163 Ἐμφαντικδν
3338 4088 3498 4144 τοῦτο
3521 4088 3617 4158 τῆς
3640 4086 3771 4156 ἀγά-

2173 4207 2285 4259 πης
2317 4187 2412 4243 καὶ
2438 4189 2792 4259 κηδεμονίας,
2825 4189 2895 4259 ἣν
2931 4187 3044 4259 ἔχει
3071 4188 3202 4259 περὶ
3233 4187 3291 4240 τὸ
3325 4187 3483 4255 γένος
3510 4182 3692 4254 ἡμῶν.

2244 4369 2355 4424 Καί
2395 4369 2592 4425 ἐλθὼν
2618 4401 2691 4411 --
2719 4371 3065 4435 ἀπολωλός.
3103 4368 3269 4424 Οἶκον
3303 4371 3404 4443 μὲν
3450 4371 3619 4427 αὑτοῦ
3653 4373 3762 4427 νόει

2172 4465 2264 4518 τὸν
2291 4465 2520 4536 οὐρανόν
2540 4483 2553 4498 ·
2602 4465 2666 4519 '0
2683 4463 3118 4535 κατοικῶνγὰρ,
3154 4467 3339 4535 φησὶν,
3368 4465 3762 4534 cremarat}-

2175 4557 2362 4628 φίλους
2386 4558 2443 4609 δὲ
2468 4559 2561 4610 καὶ
2583 4559 2856 4626 γείτονας,
2881 4557 3008 4620 τοὺς
3034 4557 3322 4626 ἀγγέλους.
3347 4559 3538 4622 Φίλους
3558 4558 3763 4628 μὲν,ὠς

2168 4650 2486 4720 φιλοῦντας,
2517 4649 2552 4704 ἃ
2583 4649 2758 4718 φιλεῖ·
2787 4650 3036 4718 γείτονας
3075 4650 3132 4702 δὲ
3180 4651 3256 4712 ὡς
3286 4652 3450 4720 ἐγγὺς
3478 4652 3636 4716 ὄντας
3664 4653 3762 4705 αὐ·

2174 4744 2291 4798 τοῦ.
2316 4744 2504 4798 Ταῦτα
2535 4743 2590 4798 δὲ
2623 4743 2719 4798 νῦν
2759 4743 3131 4814 ἐσχημάτισεν
3160 4747 3193 4816 ὴ
3223 4745 3532 4816 παραδολὴ,
3563 4746 3762 4817 ἐμφαί-

2169 4856 2357 4905 νουσα,
2395 4839 2476 4893 ὄτι
2521 4839 2615 4894 ἐπὶ
2661 4841 2728 4912 τῇ
2773 4837 3003 4911 τοιαύτῃ
3059 4838 3274 4910 εὑρέσει
3333 4839 3427 4891 καὶ
3448 4840 3495 4891 oi
3545 4837 3762 4907 ἄγγελοι

2174 4933 2542 5007 συγχαίρουσι
2565 4935 2645 5006 τῷ
2683 4932 2824 5006 Θεῷ,
2856 4933 2932 4998 ὡς
2966 4933 3062 4987 καὶ
3100 4932 3259 4986 αὐτοὶ
3300 4931 3692 5005 φιλάνθρωποι.

2245 5117 2412 5189 Λέγω
2438 5117 3145 5188 -μετανοίας.-οῦτω,
3171 5115 3318 5183 πῶς;
3365 5113 3452 5178 Ὠς
3485 5113 3762 5180 ὑπέδειξεν

2173 5215 2206 5283 ἡ
2243 5211 2553 5282 παραὸολή.
2604 5211 2932 5264 ’Λπόλλυται
2966 5210 3067 5280 μὲν
3090 5205 3185 5263 οὖν
3215 5207 3275 5272 τὺ
3306 5209 3523 5276 λογικὸν
3554 5207 3763 5277 πρόϐα-

2179 5324 2294 5374 τον,
2333 5307 2528 5378 πόρῤω
2561 5305 2669 5359 τῶν
2702 5304 2933 5360 ἐντολῶν
2958 5304 3052 5359 τοῦ
3083 5303 3220 5358 Θεοῦ
3251 5303 3536 5372 γινόμενον
3557 5317 3569 5328 ·
3603 5300 3758 5371 εὑρί-

2177 5419 2366 5457 σκεται
2404 5401 2483 5468 δὲ,
2524 5401 2822 5473 μετανοοῦν
2857 5400 2952 5454 καὶ
2993 5399 3147 5462 tm;
3179 5400 3360 5452 αὐτῶν
3392 5395 3763 5451 ἀποκαθιστά-

1172 5562 1216 5593 ¹¹
1249 5561 1442 5620 Matth.
1486 5577 1564 5632 ιι,
1597 5564 1685 5620 Η.
1766 5566 1832 5596 ¹¹⁶
1860 5565 2004 5621 Psal.
2036 5581 2098 5631 ιι,
2129 5567 2181 5620 4.

1723 5713 1931 5778 Varim
1965 5714 2274 5778 lectiones
2322 5725 2384 5778 et
2418 5725 2606 5778 noue.

543 5878 655 5950 (7|)
692 5878 903 5942 Inclusa
942 5856 1159 5956 absunt,
1192 5886 1269 5956 A;
1304 5885 1710 5944 cxcideruutob
1735 5887 1934 5956 duplex
1953 5885 2221 5951 μαθητήςο
