4016 6466
465 348 607 415 1023

1720 348 2107 409 EUTHYMII
2149 348 2510 411 ZlGABENl

3607 340 3740 405 1024

452 458 733 513 humanus
778 467 881 521 est,
926 456 1065 511 duos
1099 463 1285 511 autem
1334 454 1478 511 filios
1526 453 1672 524 ejus,
1700 469 1921 509 omnem
1951 457 2042 525 ju-

2172 456 2241 509 :-.io
2270 455 2327 509 δὲ
2357 455 2519 517 υἱοὺς
2545 452 2734 518 αὐτοῦ,
2762 453 2941 508 πάντα
2966 454 3177 510 δίκαιον
3210 456 3301 510 καὶ
3334 456 3511 512 πάντα
3559 457 3742 526 ἁμαρο

450 556 626 613 stum,
652 559 983 613 omnemque
1011 552 1381 614 peccatorem;
1411 552 1494 597 est
1517 542 1662 597 enim
1693 550 1748 597 et
1770 542 2047 612 justorum

450 640 611 696 Pater
643 650 698 695 et
728 648 1104 709 peccatorum,
1138 649 1331 710 utpote
1362 654 1462 710 per
1496 638 1697 695 lavacri
1750 654 2016 709 regenera
2036 668 2048 680 -

451 734 654 787 tionem
681 733 749 787 ab
767 733 886 801 ipso
909 732 1314 802 adoptatorum,
1336 732 1402 786 de
1427 731 1678 787 fidelibus
1697 733 1841 787 enim
1867 746 2051 786 sermo

444 829 554 874 est.
591 819 873 875 Juniorem
917 836 1048 874 vero
1092 818 1398 874 nominavit
1427 828 1803 888 peccatorem,
1850 828 1911 874 ut
1950 820 2047 890 qui

447 906 735 974 pueriliter
767 909 909 977 sapit
963 906 1230 977 facileque
1265 906 1517 962 fallitur:
1572 909 1664 977 qui
1700 908 1869 962 etiam
1905 908 2043 963 sub-

447 1000 671 1051 stantia:
711 1007 923 1069 partem
949 1014 1072 1068 qua:
1109 998 1214 1053 sibi
1250 999 1606 1061 obveniebat,
1656 999 1855 1070 petivit
1891 1017 1904 1054 :
1941 1000 2048 1056 hoc

448 1099 533 1145 est
562 1091 793 1145 libi-rum
814 1091 1127 1156 arbitrium,
1160 1090 1305 1161 quod
1334 1090 1384 1145 ei
1407 1106 1474 1145 ex
1496 1100 1693 1144 natura
1717 1090 2047 1147 debebatur.

445 1180 708 1251 Quisquis
741 1183 889 1238 enim
924 1182 1215 1252 pueriliter
1248 1180 1411 1251 sapit,
1466 1181 1698 1236 liberum
1748 1182 1928 1252 poscit
1963 1195 2051 1234 ar-

452 1273 699 1329 bitrium.

524 1364 1023 1435 Autobtingentem
1058 1365 1385 1420 substantiae
1405 1373 1619 1435 partem
1643 1364 1775 1419 dicit
1804 1364 2046 1420 debitam

451 1470 517 1510 ex
546 1456 821 1526 baptismo
850 1456 1102 1527 gratiam.
1138 1455 1325 1510 Cuivis
1355 1456 1507 1509 enim
1550 1454 1828 1525 baptizata
1857 1453 2048 1520 divina

453 1546 616 1601 datur
664 1548 858 1616 gratia.
920 1546 1243 1603 Substantia
1284 1554 1468 1601 autem
1520 1546 1639 1599 sive
1677 1545 1881 1601 divitia:
1929 1546 2047 1614 Dei,

452 1648 578 1692 sunt
619 1639 970 1707 charismata,
1024 1640 1079 1694 id
1135 1646 1244 1705 est,
1308 1638 1451 1694 dona
1491 1652 1614 1709 qua;
1676 1637 1873 1693 dividit
1918 1636 2052 1692 fide-

452 1728 618 1787 libus.

2158 547 2351 603 τωλόν.
2387 548 2543 601 Ἔστι
2585 546 2691 617 γὰρ
2724 546 2917 617 Πατὴρ
2958 548 3050 600 καὶ
3080 547 3188 600 τῶν
3230 550 3456 604 δικαίων
3493 550 3589 603 καὶ
3635 549 3743 601 τῶν

2157 638 2526 710 ἁμαρτωλῶν,
2556 637 2631 700 ὡς
2659 635 3083 707 υίοθετηθέντων
3121 637 3269 709 αὐτῷ
3292 640 3379 693 διὰ
3400 639 3491 693 τδῡ
3514 638 3742 709 λουτροῦ

2158 730 2257 800 τῆς
2292 730 2737 799 ἀναγεννήσεως’
2765 728 3025 797 περὶτῶν
3074 730 3281 783 πιστῶν
3320 732 3426 802 γὰρ
3475 732 3505 784 ὸ
3558 730 3739 798 λόγος.

2158 822 2445 892 Νεώτερον
2481 822 2539 875 δὶ
2589 820 2850 891 ὀνομάζει
2882 821 2974 875 τὸν
3024 823 3379 893 ἁμαρτωλὸν,
3426 823 3503 889 ὡς
3552 823 3743 893 νηπιό-

2159 931 2331 987 φρονα
2365 917 2459 969 καὶ
2491 913 2920 985 εὐεξαπάτητον,
2979 913 3037 978 ὃς
3093 916 3188 969 καὶ
3237 917 3469 988 ιζήτησε
3511 919 3573 970 τὸ
3625 917 3743 968 ἔπι-

2160 1006 2359 1061 σάλλον
2392 1008 2558 1077 μέρος
2590 1005 2691 1075 τῆς
2724 1005 2937 1071 οὐσίας,
2963 1006 3106 1077 ἢτοι,
3153 1007 3215 1060 τὸ
3242 1008 3306 1061 ὲκ
3334 1009 3547 1077 φύσεως
3598 1009 3752 1077 ὀφει-

2155 1099 2381 1169 λόμενον
2416 1098 2783 1164 αὐτεξούσιον.
2820 1099 2935 1162 Πᾶς
2977 1099 3086 1171 γὰρ
3120 1099 3431 1170 νηπιόφρων
3484 1099 3638 1171 ζητεῖ
3690 1100 3752 1155 τδ

2160 1190 2536 1258 αὐτεξούσιον.

2235 1362 2306 1417 Ἦ
2329 1360 2627 1416 ἐπιϐάλλον
2662 1362 2831 1433 μέρος
2872 1361 3065 1425 οὐσίας
3108 1360 3280 1429 λέγει,
3313 1361 3373 1413 τδ
3419 1362 3483 1414 ὲκ
3521 1359 3616 1414 τοῦ
3652 1359 3753 1431 βαο

2159 1450 2465 1521 πτίσματος
2495 1450 2946 1523 χρεωστούμενον
2985 1451 3257 1524 χάρισμα.
3296 1451 3465 1505 Παντὶ
3503 1452 3618 1520 γὰρ
3655 1449 3756 1520 βα-

2148 1543 2450 1604 ·πτισθέντι
2490 1544 2738 1615 χάρισμα
2771 1542 2928 1596 Θεῖον
2975 1543 3201 1598 δίδοται.
3248 1543 3422 1597 Οὐσία
3452 1542 3531 1605 δὲ,
3587 1542 3708 1613 ἦτοι
3738 1579 3754 1604 ,

2163 1638 2397 1698 πλοῦτος
2464 1635 2643 1700 Θεοῦ,
2679 1635 2750 1688 τὰ
2819 1634 3138 1707 χαρίσματα
3170 1678 3185 1702 ,
3237 1634 3275 1689 ἃ.
3334 1634 3580 1705 διανέμει
3645 1635 3757 1695 τοῖς

2159 1730 2374 1790 πιστοῖς
2395 1728 2533 1797 (75).

520 1820 558 1891 -ι-
594 1821 714 1877 Non
748 1824 875 1892 quia
908 1832 1153 1893 tempore
1177 1822 1385 1891 junior,
1418 1824 1515 1879 sed
1536 1824 1666 1895 quia
1693 1839 1862 1879 sensu
1894 1823 2169 1895 indigens,
2203 1832 2500 1892 menteque
2535 1823 2882 1877 inconstans.

520 1912 562 1977 ψ
595 1916 669 1968 Ac
698 1916 728 1968 fi
762 1916 1015 1970 dideret:
1065 1916 1220 1979 Nolo,
1266 1925 1458 1987 urgeat
1484 1932 1572 1971 me
1614 1915 1895 1971 serviendi
1941 1916 2292 1980 necessitas;
2358 1917 2593 1970 liberum
2662 1925 2747 1970 est
2802 1914 2950 1968 enim
2977 1913 3110 1968 mihi
3134 1912 3446 1967 arbitrium.
3505 1911 3564 1966 Si
3594 1910 3741 1990 volo,

451 2008 735 2062 modestus
772 2023 892 2062 sum
928 2025 943 2077 ;
990 2010 1034 2064 si
1072 2010 1223 2076 nolo,
1270 2013 1387 2081 cogi
1423 2025 1659 2080 nequeo.
1704 2009 1868 2066 Pater
1912 2026 2043 2082 ergo
2082 2010 2315 2067 candide
2354 2009 2624 2079 impertiit
2659 2027 2673 2075 ;

2752 2007 2869 2068 vult
2899 2007 3048 2061 enim
3106 2006 3370 2061 Dominus
3410 2014 3471 2059 ut
3500 2003 3604 2059 sibi
3649 2018 3755 2057 vo—

451 2102 689 2157 luntarie
726 2107 1022 2158 serviatur.
1084 2104 1291 2159 Deinde
1339 2120 1566 2175 peregre
1604 2105 1885 2177 profectus
1936 2115 2038 2159 est.
2082 2105 2203 2170 Quo
2236 2106 2259 2157 ?
2297 2102 2418 2158 Non
2481 2118 2511 2157 a
2583 2103 2704 2157 loco
2737 2102 2802 2157 ad
2836 2101 3038 2165 locum,
3073 2100 3168 2155 sed
3210 2108 3392 2155 mente
3440 2098 3694 2153 discessit
3724 2113 3755 2150 a

453 2193 567 2248 Deo
607 2201 662 2249 et
714 2193 858 2249 Dcus
893 2196 961 2249 ab
1001 2196 1133 2251 illo:
1190 2210 1415 2266 prapter
1455 2196 1602 2266 quod
1654 2198 1819 2251 etiam
1871 2198 2008 2252 facta
2055 2208 2139 2252 est
2164 2196 2239 2251 illi
2272 2195 2444 2250 fames
2493 2192 2690 2256 valida,
2741 2207 2854 2247 non
2892 2192 3066 2247 fames
3117 2190 3276 2261 panis
3331 2196 3386 2243 et
3423 2204 3597 2259 aquae,
3662 2187 3757 2243 sed

452 2287 628 2345 fames
670 2288 928 2342 audiendi
982 2288 1133 2343 verbi
1182 2289 1319 2355 Dei;
1368 2290 1492 2359 quia
1534 2289 1708 2345 fames
1758 2289 2027 2344 bonorum
2062 2291 2361 2345 vehemens
2386 2296 2494 2343 est.

524 2378 683 2434 Vers.
722 2380 811 2435 Η.
847 2378 916 2433 Et
950 2409 1021 2422 —-
1049 2383 1431 2436 substantiam.
1484 2381 1748 2437 Liberum
1794 2383 2049 2437 videlicet

2226 2381 2430 2437 Καὶ-ρ-
2460 2379 2627 2445 βίον.
2678 2380 2889 2447 Ἤγουν
2943 2375 3334 2443 αὐτεξουσίους
3373 2374 3573 2437 αὐτοὺς
3618 2374 3756 2427 ἀπέ-

450 2470 741 2525 arbitrium
799 2470 905 2525 illis
970 2472 1603 2536 divisit;substantiam
1663 2488 1901 2542 namque
1962 2483 2057 2529 aut

453 2560 744 2618 facultates
778 2563 901 2616 filiis
927 2563 1173 2617 dividere
1201 2564 1338 2618 nihil
1360 2565 1508 2619 aliud
1534 2576 1641 2630 est,
1692 2582 1855 2634 quam
1878 2567 2054 2620 libero

451 2656 678 2712 arbitrio
733 2656 855 2709 illos
910 2655 1228 2723 relinquere
1277 2672 1291 2707 :
1359 2656 1641 2710 neminem
1703 2658 1852 2712 enim
1912 2658 2059 2728 cogit

452 2748 618 2811 Deus,
645 2746 739 2816 qui
781 2745 882 2815 ipsi
914 2747 1051 2800 nolit
1079 2746 1327 2802 obedire.

523 2836 632 2891 Aut
671 2838 837 2890 etiam
901 2836 1092 2891 divisit
1128 2837 1210 2891 eis
1256 2838 1621 2908 congruentia
1675 2838 1843 2905 dona,
1889 2849 2058 2910 prout

453 2929 659 2985 dictum
690 2936 795 2983 est.

528 3025 681 3079 Vcrs.
710 3026 793 3079 l3.
834 3027 905 3078 Et
928 3054 991 3063 -
1018 3024 1381 3097 longinquam.
1422 3026 1619 3082 Senior
1652 3028 1873 3097 quidem
1911 3029 2058 3099 apud

452 3126 665 3186 patrem
693 3115 977 3180 remansit,
1015 3127 1275 3187 tanquam
1326 3119 1569 3188 prudens
1606 3137 1620 3173 ε
1667 3121 1857 3189 junior
1900 3136 2056 3188 vero,

455 3209 807 3279 congregatis
833 3211 1114 3277 omnibus,
1169 3220 1324 3281 puta,
1367 3213 1544 3268 libero
1585 3214 1839 3274 arbitrio.
1875 3229 1939 3269 ac
1962 3215 2055 3271 Dci

455 3296 628 3362 dono,
667 3298 755 3352 vel
792 3300 1055 3354 omnibus
1084 3301 1201 3355 suis
1239 3301 1638 3366 voluntatibus,
1673 3303 1850 3370 idest,
1882 3304 2061 3358 domi-

454 3404 557 3444 nus
600 3390 817 3444 illorum
866 3393 1226 3453 constitutus,
1267 3408 1497 3463 peregre
1539 3394 1822 3462 profectus
1860 3404 1942 3450 est
1987 3397 2058 3451 ad

456 3479 768 3551 peccatum,
798 3484 945 3553 quod
979 3499 1008 3537 a
1041 3484 1153 3538 Deo
1184 3484 1344 3556 longe
1373 3496 1697 3555 separatur:
1726 3487 1887 3558 longe
1909 3490 2059 3544 enim

457 3572 595 3625 fiunt
632 3586 662 3623 a
699 3572 829 3637 Deo,
870 3573 969 3640 qui
1000 3582 1273 3642 peccant:
1326 3589 1436 3627 non
1492 3575 1596 3630 loci
1650 3574 2055 3644 segregatione,

456 3664 559 3719 sed
584 3664 824 3721 virtutis.

2164 2475 2315 2527 λυσε.
2348 2473 2421 2526 Τὸ
2448 2474 2558 2541 γὰρ
2590 2471 2788 2525 διελεῖν
2843 2469 2935 2524 τὸν
2987 2468 3123 2540 βίον,
3165 2467 3362 2528 εῖτουν,
3392 2467 3492 2537 τὴν
3544 2466 3754 2532 οὐσίαν,

2166 2570 2277 2631 τοῖς
2311 2567 2472 2630 υἱοῖς,
2500 2564 2657 2618 οὐδὲν
2687 2564 2875 2633 ἕτερον
2898 2562 3125 2632 ὲστιν,ἢ
3158 2560 3218 2614 τὸ
3242 2559 3629 2623 αὐτεξουσίως
3656 2560 3756 2612 αὐ-

2163 2660 2290 2721 τοὺς
2331 2656 2625 2712 ἀπολῦσαι.
2658 2655 2867 2709 Οὐδένα
2922 2655 3033 2725 γὰρ
3073 2656 3101 2707 ὁ
3144 2652 3279 2717 Θεὸς
3332 2651 3627 2722 ἀναγκάζει
3683 2652 3756 2723 μὴ

2167 2751 2497 2821 βουλόμενον
2528 2750 2853 2821 πειθαρχεῖν
2877 2746 3047 2819 αὐτῷ.

2242 2844 2313 2896 ’Ἡ
2351 2848 2442 2896 καὶ
2471 2842 2668 2896 διεῖλεν
2706 2841 2891 2903 αὐτοῖς
2924 2840 2992 2893 τὰ
3030 2840 3380 2911 προσήκοντα
3416 2840 3730 2909 χαρίσματα

2167 2934 2352 2999 καθὼς
2380 2938 2627 3009 εἴρηται.

2235 3029 2451 3082 Καὶ-
2479 3030 2741 3098 μακράν.
2791 3028 2850 3082 Ὀ
2890 3027 2991 3098 μὶν
3037 3026 3409 3100 πρεσϐύτερος
3455 3026 3753 3098 παρέμεινε

2169 3118 2280 3191 (76)
2323 3120 2399 3189 τῷ
2447 3122 2639 3188 πατρὶ,
2683 3120 2759 3183 ὡς
2795 3120 3060 3191 φρόνιμος
3084 3136 3096 3150 ·
3130 3120 3158 3171 ό
3188 3119 3244 3172 δὲ
3288 3118 3548 3191 νεώτερος
3584 3136 3750 3172 συνα-

2168 3210 2354 3280 γαγὼν
2388 3210 2631 3276 ἅπαντα,
2663 3212 2727 3264 τό
2763 3228 2823 3264 τε
2852 3209 3203 3275 αὐτεξούσιον
3255 3212 3348 3263 καὶ
3386 3211 3445 3263 τὸ
3482 3212 3623 3264 θεῖον
3658 3211 3754 3279 χά-

2172 3319 2366 3373 ρισμα,
2414 3302 2448 3374 ἢ
2504 3302 2723 3357 ἅπαντα
2775 3304 2845 3357 τὰ
2898 3303 3094 3356 ἑαυτοῦ
3146 3302 3445 3373 θελήματα,
3487 3304 3751 3363 τουτέστι,

2168 3396 2361 3467 κύριος
2393 3397 2577 3450 αὐτῶν
2615 3397 2920 3464 καταστὰς,
2952 3397 3308 3467 ἀπεδήμησεν
3336 3400 3415 3460 είς
3441 3397 3537 3468 τὴν
3568 3399 3753 3468 ἁμαρ-

2167 3490 2311 3555 τίαν,
2352 3491 2453 3563 τὴν
2487 3492 2709 3562 μακρὰν
2764 3489 2861 3544 τοῦ
2914 3490 3050 3543 Θεοῦ
3076 3491 3358 3561 κειμένην.
3394 3492 3589 3563 Πόρρω
3642 3494 3752 3561 γὰρ

2167 3582 2262 3638 τοῦ
2286 3582 2423 3636 Θεοῦ
2456 3581 2701 3652 γίνονται
2728 3583 2778 3636 οἱ
2809 3583 3243 3654 ἁμαρτάνοντες,
3274 3584 3376 3637 οὐκ
3404 3584 3749 3655 ἀναχωρήσει

2164 3678 2354 3741 τόπου,
2388 3678 2504 3729 ἀλλ’
2529 3677 2880 3748 ἀναχωρήσει
2933 3677 3032 3747 τῆς
3055 3677 3279 3748 ἀρετῆς.

528 3781 681 3835 Vers.
716 3782 801 3836 l5.
827 3782 901 3835 Ac
925 3782 999 3835 ibi
1023 3800 1295 3837 —-—suam.
1345 3782 1608 3853 Corrupit
1640 3783 1873 3848 donum,
1906 3784 2049 3854 quod

2235 3770 2347 3825 Καὶ
2372 3771 2504 3825 ἐκεῖ
2531 3801 2599 3812 -
2629 3770 2839 3825 αὑτοῦ.
2872 3769 3159 3841 Διέφθειρε
3202 3773 3262 3823 τὸ
3292 3773 3355 3825 ὲκ
3401 3771 3494 3825 τοῦ
3550 3771 3749 3842 βαπτί-

456 3886 485 3926 a
524 3872 797 3942 baptismo
828 3889 1169 3945 susceperat,
1193 3884 1321 3945 puta
1353 3876 1550 3931 animae
1584 3876 1949 3943 nobilitatem,
1988 3875 2056 3930 ad

454 3966 692 4021 virtutes
757 3967 1146 4038 aptitudincm.
1200 3966 1327 4023 Haec
1358 3968 1505 4023 enim
1537 3978 1594 4022 et
1646 3969 1846 4024 similia
1905 3979 2061 4024 erant

453 4056 576 4125 ejus
608 4059 920 4114 substantia
961 4074 1025 4113 ac
1066 4057 1291 4113 divitias.

529 4149 685 4204 Vers.
743 4150 831 4207 l5.
906 4150 1131 4204 Viventio
1180 4181 1249 4193 —
1319 4152 1609 4207 luxuriose.
1666 4151 2057 4224 Prodigaliter,

455 4243 914 4313 intemperanter,
950 4242 1265 4305 libidinose,
1298 4243 1531 4299 lascive.

529 4331 685 4386 Vers.
741 4330 833 4387 14.
894 4330 1128 4402 Cumque
1189 4332 1369 4386 omnia
1428 4335 1858 4401 consumpsisset.
1916 4335 2054 4389 Cum

454 4425 769 4494 abjecisset,
807 4434 903 4480 aut
948 4426 1271 4496 respuisset,
1336 4441 1679 4499 quacunque
1739 4429 1975 4484 habebat
2026 4443 2056 4482 a

456 4517 569 4572 Deo
609 4516 775 4573 bona.

530 4606 686 4661 Vere.
720 4608 829 4662 -14.
883 4605 1063 4661 Facta
1119 4618 1193 4663 est
1244 4638 1315 4651 -
1363 4609 1482 4667 illa.
1528 4608 1631 4665 Ubi
1674 4610 1819 4665 enim
1881 4611 2054 4666 divini

456 4698 670 4753 timoris
701 4698 1040 4754 frumentum
1082 4716 1188 4755 non
1233 4701 1457 4767 seritur,
1496 4702 1568 4755 ibi
1627 4702 1803 4759 fames
1848 4702 2050 4769 valida,

454 4806 563 4845 non
592 4793 766 4861 panis,
799 4792 895 4847 sed
925 4793 1146 4849 virtutis
1174 4812 1189 4862 ;
1254 4795 1341 4849 ubi
1375 4794 1640 4851 fertilitas
1678 4795 1861 4850 omnis
1896 4795 2049 4861 mali,

454 4886 527 4940 ibi
562 4886 823 4940 sterilitas
852 4888 1034 4941 omnis
1065 4887 1214 4943 boni.

525 4978 683 5033 Vers.
724 4978 811 5031 Η.
844 4977 913 5032 Et
944 5008 1007 5019 —-
1040 4996 1212 5048 egere.
1244 4980 1410 5035 Fame
1462 4982 1661 5051 premi,
1713 4980 1928 5051 dilapso
1977 4981 2048 5036 ab

451 5086 518 5126 eo
541 5070 691 5126 omni
728 5069 896 5137 bono,
934 5072 1160 5142 solaque
1198 5074 1599 5130 incontinentia
1625 5074 1906 5129 derelicta.

533 5247 692 5306 νει-ε.
725 5250 811 5307 l5.
845 5250 914 5306 Et
940 5285 1005 5295 —
1028 5254 1195 5309 illius.
1228 5254 1385 5311 Cives
1430 5257 1675 5329 regionis
1708 5257 1876 5323 illius,
1914 5271 2042 5329 puta

451 5342 684 5409 peccati,
728 5354 856 5399 sunt
886 5345 1186 5403 dtemones.
1216 5347 1521 5404 Distractus
1558 5366 1689 5423 ergo
1717 5367 1746 5405 a
1782 5361 1962 5421 patre,
2007 5368 2041 5407 o

449 5448 701 5505 magnam
732 5438 1065 5495 dementiam
1096 5444 1107 5497 ι
1140 5442 1367 5499 adhaesit
1395 5443 1616 5499 inimico
1649 5462 1661 5498 :
1693 5456 1749 5499 et
1797 5446 1889 5515 qui
1933 5462 2045 5500 non

2161 3879 2368 3932 σματος
2396 3862 2667 3933 χάρισμα,
2694 3864 2795 3932 τὴν
2828 3862 2928 3932 τῆς
2958 3862 3140 3932 ψυχῆς
3169 3862 3473 3930 εὐγένειαν,
3494 3863 3591 3932 τὴν
3617 3863 3750 3934 πρὸς

2160 3956 2363 4026 ἀρετὰς
2412 3955 2856 4025 ἐπιτηδειότητα.
2892 3954 3082 4009 Ταῦτα
3122 3955 3233 4027 γὰρ
3275 3957 3370 4009 καὶ
3415 3957 3485 4010 τὰ
3528 3957 3751 4011 τοιαῦτα

2159 4044 2303 4119 ἦσαν
2336 4047 2499 4103 οὐσία
2529 4050 2623 4102 καὶ
2656 4048 2888 4109 πλοῦτος
2919 4048 3111 4107 αὐτοῦ.

2230 4140 2364 4195 Ζῶν
2392 4169 2460 4180 -
2480 4140 2751 4210 ἀσώτως.
2790 4142 3077 4214 Ἀφειδῶς,
3095 4143 3355 4217 ἀκρατῶς
3371 4184 3385 4209 ,
3406 4145 3721 4208 ἀκολάστως

2230 4328 2711 4397 Δαπανήσαντος
2746 4330 2816 4385 δὲ
2845 4332 3034 4387 αὐτοῦ
3087 4332 3306 4387 πάντα.
3355 4332 3746 4397 Ἀποσαλόντος

2159 4422 2357 4487 πάντα,
2386 4424 2487 4477 ὅσα
2513 4418 2660 4495 εῖχεν
2684 4426 2748 4478 ὲκ
2768 4425 2929 4493 Θεοῦ,
2960 4426 3161 4493 ἀγαθά.

2241 4608 2518 4677 Ἐγένετο
2538 4640 2607 4650 -
2638 4609 2907 4677 ἐκείνην.
2937 4609 3112 4663 Ὅπου
3152 4608 3259 4681 γὰρ
3291 4614 3318 4663 ὸ
3343 4609 3439 4664 τοῦ
3466 4608 3613 4663 θείου
3648 4612 3745 4678 φό-

2156 4700 2254 4754 ϐου
2288 4704 2434 4763 σῖτος
2472 4702 2534 4755 οὐ
2586 4705 2941 4771 γεωργεῖται,
2988 4704 3108 4756 ἐκεῖ
3188 4703 3347 4774 λιμὸς
3376 4704 3619 4775 ἰσχυρὸς,
3646 4706 3743 4759 οὐκ

2154 4793 2343 4865 ἄρτου,
2401 4793 2515 4846 ἀλλ’
2548 4794 2750 4865 ἀρετῆς
2778 4810 2791 4825 '
2833 4797 2969 4849 ὅπου
3017 4795 3243 4867 εὐφορία
3295 4798 3494 4862 παντὸς
3550 4799 3741 4861 κακοῦ,

2156 4886 2275 4939 ἐκεῖ
2308 4885 2513 4956 ἀφορία
2541 4886 2744 4950 παντὸς
2772 4887 2965 4943 καλοῦ.

2229 4978 2335 5033 Καὶ
2370 5009 2438 5020 -
2465 4981 2875 5047 ὑστερεῖσθαι.
2900 4982 3165 5037 Πένεσθαι
3186 5023 3202 5049 ,
3225 4982 3573 5056 διαῤῥυέντος
3599 4984 3743 5055 αὐτῷ

2155 5072 2357 5135 παντὸς
2387 5072 2619 5140 ἀγαθοῦ,
2645 5076 2739 5127 καὶ
2772 5075 2943 5147 μόνης
2974 5075 3396 5148 ὑπολειφθείσης
3444 5077 3545 5147 τῆς
3573 5078 3742 5149 ἂκρα·

2158 5166 2281 5229 σίας
2316 5167 2451 5239 (77).

2231 5262 2337 5315 Καὶ
2374 5291 2436 5300 -
2463 5261 2726 5331 ἐκείνης.
2767 5264 2989 5319 [loli-cat
3029 5264 3128 5336 τῆς
3153 5265 3335 5335 χώρας
3364 5262 3602 5333 ἐκείνης,
3625 5265 3740 5335 ἢτοι

2158 5356 2255 5425 τῆς
2303 5355 2617 5426 ἁμαρτίας,
2678 5357 2729 5409 οἱ
2778 5356 3067 5422 δαίμονεςυ
3126 5358 3461 5429 ὰπορραγεὶς
3510 5354 3604 5410 οῦν
3647 5354 3738 5410 τοῦ

2158 5448 2394 5519 πατρὸς,
2442 5446 2487 5501 ὣ
2512 5446 2712 5520 πολλῆς
2740 5449 2960 5514 ἀνοίαςί
2996 5448 3260 5522 ἐκολλήθη
3298 5448 3373 5521 τῷ
3405 5449 3608 5521 ἐχθρῷ,
3644 5449 3737 5503 καὶ

1657 5630 1865 5691 Varite
1901 5630 2210 5693 lectiones
2248 5638 2311 5694 et
2344 5638 2534 5694 notua.

671 5792 802 5868 Post
833 5794 948 5868 hrec
978 5794 1087 5848 duo
1111 5796 1324 5850 scholia
1351 5813 1380 5851 e
1417 5798 1662 5868 margine
1691 5798 1773 5854 sui
1831 5800 2038 5857 codicis

454 5863 661 5922 addidit
695 5863 1015 5933 chtcnius,
1050 5884 1285 5937 quorum
1319 5870 1469 5924 nulla
1501 5863 1717 5942 τέμει-ὼ
1742 5872 1988 5943 vestigia.

2220 5802 2333 5868 (76)
2366 5803 2672 5871 Παρέμενε.
2714 5803 2780 5855 Α.

2220 5874 2331 5946 (77)
2362 5873 2474 5943 Τῆς
2498 5874 2861 5947 ἀκαθαρσίας.
2890 5875 2955 5930 Α.
