4016 6494
303 419 447 485 1025

1290 418 1687 482 COMMENT.
1730 418 1817 484 IN
1855 422 2134 486 LUCAM.
2169 447 2239 462 -
2278 421 2445 488 CAP.
2487 426 2616 490 XV.

3476 424 3610 490 1020

301 535 378 607 μὴ
406 532 778 606 ἀνασχόμενος
821 532 1140 606 πειθαρχεῖν
1184 531 1266 606 τῷ
1324 533 1697 607 φιλανθρώπῳ
1746 534 1900 607 Θεῷ,

2029 535 2349 594 mstinuerat
2379 554 2576 609 parere
2599 539 2710 596 Deo
2733 538 3159 610 humanissimo,
3180 545 3412 603 servivit
3437 546 3597 604 inbu-

295 631 546 686 ἐδούλευε
571 629 648 700 τῷ
681 627 1061 700 μισανθρὼπῳ
1092 628 1333 699 δαίμονι.

376 725 484 778 Kal
517 751 591 764 -
618 720 889 792 χοίρους.
935 721 1122 786 Οὕτως
1171 723 1220 774 οί
1274 722 1530 793 δαίμονες
1571 722 1897 794 ἀμείϐονται

296 818 424 879 τοὺς
454 816 833 885 κολλωμένους
869 814 1078 876 αὐτοῖς.
1114 813 1280 884 Δηλοῖ
1319 814 1374 866 δὲ
1416 814 1444 865 6
1477 814 1664 883 λόγος,
1706 815 1806 887 τὴν
1845 819 1897 869 ὲ.

299 913 505 982 σχάτην
534 908 627 963 τοῦ
646 907 830 962 ἀθλίου
855 907 1123 970 δουλείαν,
1157 909 1589 979 ὲπιταττομένου
1615 909 1680 961 τὰ
1704 909 1899 980 ἀτιμό-

296 1019 460 1055 τατα.
489 1001 589 1053 Διὰ
615 999 776 1052 τοῦτο
806 1000 917 1069 γὰρ
948 998 1042 1050 καὶ
1088 996 1350 1050 πλατύνει
1380 999 1480 1071 τὴν
1513 999 1832 1070 παραϐολὴν
1869 999 1898 1052 6

297 1093 555 1165 Χριστὸς,
591 1095 685 1146 καὶ
709 1090 1068 1161 λεπτομεριῖκ
1101 1091 1446 1162 ἐκτραγῳδεῖ
1477 1091 1547 1144 τά
1596 1091 1700 1161 τῆς
1750 1107 1896 1162 συμ-

299 1189 496 1258 φορᾶς,
531 1187 620 1239 ἵνα
659 1185 927 1257 μάθωμεν
976 1178 1066 1237 οἷα
1097 1183 1406 1254 πάσχουσιν
1442 1185 1491 1236 ol
1558 1183 1898 1254 ἀποφοιτῶν-

298 1298 392 1344 τες
414 1279 523 1332 τῶν
554 1277 787 1332 ἐντολῶν
818 1275 912 1330 τοῦ
945 1275 1105 1339 Θεοῦ,
1135 1276 1230 1329 καὶ
1267 1275 1633 1347 πορευόμενοι
1664 1277 1806 1330 κατὰ
1835 1276 1897 1329 τὸ

303 1370 436 1423 [διον
462 1367 701 1438 θέλημα.

374 1453 500 1510 Εἶεν
531 1456 575 1509 δ’
597 1456 662 1510 ἂν
687 1456 848 1529 ἀγροὶ
892 1457 992 1527 μὲν
1022 1456 1118 1510 τοῦ
1150 1456 1411 1528 δαίμονος
1441 1457 1500 1511 al
1529 1456 1761 1528 ἀσεμνοι
1783 1457 1898 1510 δια-

297 1550 507 1620 τριϐαίο
555 1553 732 1621 χοῖροι
780 1549 859 1616 δὲ,
890 1553 938 1602 οί
971 1550 1244 1622 φιλήδονοι
1276 1551 1374 1604 καὶ
1415 1550 1780 1623 βορϐορώδεις
1809 1550 1900 1603 λο-

298 1643 514 1711 γισμοὶ,
553 1641 645 1704 οὒς
693 1643 721 1703 _6
771 1641 1127 1712 ταλαίπωρος
1185 1644 1412 1714 τρέφειν
1460 1645 1554 1696 καὶ
1613 1643 1899 1714 περιέπειν

299 1733 731 1805 προσετέτακτο.

371 1829 483 1882 Kal
510 1855 580 1867 —-
611 1827 822 1897 χοῖροι.
872 1829 1120 1900 Κεράτια
1153 1829 1295 1882 κατά
1331 1827 1643 1898 ἀναγωγὴν,
1683 1828 1738 1881 al
1777 1827 1900 1896 ήδο-

2003 627 2330 683 manissimo
2349 630 2611 684 daemoni.

2068 720 2234 775 ‘Vers.
2280 722 2368 776 15.
2411 723 2578 793 Atque
2614 752 2684 765 -
2711 739 2923 793 porcos.
2966 724 3048 781 ita
3097 727 3382 786 daemones
3412 746 3598 788 remu-

1999 823 2201 868 nerant
2242 829 2360 878 eos,
2407 817 2500 885 qui
2535 817 2641 872 sibi
2693 818 3002 877 adhaerent.
3068 819 3362 892 Signiﬁcat
3419 835 3608 882 autetn

2001 916 2187 956 sermo
2220 911 2526 972 extremam
2559 906 2746 961 miseri
2801 909 3154 976 servitutem,
3198 913 3287 968 cui
3333 915 3610 986 indiguis-

2001 996 2138 1050 sima
2167 996 2578 1066 praecipiuntur.
2620 999 2918 1070 Propterea
2944 1004 3093 1058 enim
3121 1006 3316 1061 dilatat
3343 1001 3605 1064 Christus

2001 1089 2340 1158 parabolam,
2360 1098 2416 1143 et
2436 1090 2744 1146 minutatim
2765 1095 3087 1164 ampliﬁcat,
3136 1113 3260 1167 qua:
3285 1099 3615 1158 calamitatis

1998 1187 2160 1232 erant
2190 1195 2203 1231 :
2239 1187 2298 1233 ut
2335 1179 2617 1236 discamus
2667 1184 2855 1252 qualia
2904 1187 3189 1255 patiantur
3219 1187 3257 1242 ii
3291 1191 3384 1260 qui
3440 1207 3472 1245 a
3513 1191 3613 1248 Dei

2001 1273 2290 1341 praeceptis
2349 1274 2640 1340 recedunt,
2682 1282 2739 1331 et
2769 1276 2887 1332 suis
2935 1277 3313 1338 voluntatibus
3351 1281 3615 1353 gradiun-

2003 1372 2113 1419 ιυτ.

2065 1455 2256 1514 Potest
2285 1473 2506 1529 quoque
2539 1459 2666 1514 villa
2713 1460 2986 1518 daemonis
3029 1462 3138 1517 dici
3194 1463 3424 1537 indigna
3469 1481 3614 1522 con-

2003 1552 2296 1620 versatio;
2356 1553 2507 1623 porci
2564 1568 2736 1620 vero,
2808 1556 3124 1626 voluptates
3188 1573 3253 1613 ac
3321 1559 3616 1617 lutulentae

2001 1644 2384 1714 c0gitationes,
2431 1659 2570 1714 quas
2615 1645 2786 1700 miser
2819 1661 3050 1716 pascere
3086 1664 3151 1704 ac
3196 1648 3393 1706 fovere
3424 1652 3618 1722 jussus

2001 1743 2105 1790 est.

2085 1827 2244 1882 Vers.
2276 1827 2365 1884 16.
2407 1829 2479 1884 Et
2513 1857 2582 1872 --
2612 1832 2781 1900 porci.
2806 1831 3054 1902 Siliqua,
3103 1833 3260 1902 juxta
3301 1849 3616 1906 anagogen,

300 1923 412 1984 ναὶ,
441 1915 529 1983 αἷς
557 1923 605 1974 ol
631 1921 963 1990 δηλωθέντες
1000 1923 1255 1992 λογισμοὶ
1303 1924 1621 1993 τρέφονται.
1683 1921 1899 1989 Ὠσπερ

2029 1920 2330 1989 voluptates
2407 1931 2560 1987 sunt,
2599 1924 2841 1994 ~quibus
2913 1925 3189 1994 prmdictaa
3255 1927 3620 1997 cogitationes

301 2015 412 2085 γὰρ
439 2015 624 2066 ἐκεῖνα
648 2013 1034 2083 γλυκαίνουσιν
1063 2016 1156 2066 ἐπὶ
1181 2013 1358 2084 βραχὺ
1389 2016 1486 2086 τήν
1517 2011 1730 2083 γεῦσιν,
1779 2006 1901 2065 εἶτα

300 2108 598 2177 στύφουσιν
629 2107 722 2161 ἐπὶ
760 2107 966 2160 πλεῖον·
1000 2107 1143 2160 οὕτω
1168 2108 1262 2162 καὶ
1294 2099 1454 2162 αὗται
1486 2107 1548 2159 τὸ
1582 2105 1684 2177 μὲν
1707 2104 1903 2176 ήδύνον

298 2203 518 2272 πρῶτον
569 2202 662 2254 καὶ
722 2201 1060 2273 πρόσκαιρον
1113 2200 1320 2271 ἔχουσι·
1382 2200 1445 2254 τὸ
1467 2200 1524 2253 δὲ
1585 2203 1902 2268 πικραῖνον,

303 2293 430 2347 bats
443 2312 530 2364 ρον
558 2295 651 2347 καὶ
691 2295 935 2349 αἰώνιον.

376 2485 487 2542 Kal
535 2484 743 2551 οὐδεὶς
795 2482 993 2538 ἐδίδου
1045 2480 1228 2548 αὐτῷ.
1286 2481 1476 2546 Οὐδεὶς
1530 2481 1703 2536 ἐδίδου
1757 2480 1904 2553 αὑτῷ

301 2579 652 2650 κορεσθῆναι.
686 2576 931 2630 Τοιοῦτοι
959 2576 1069 2647 γὰρ
1097 2579 1146 2629 ol
1173 2577 1448 2646 δαίμονες,
1483 2576 1583 2629 οὐκ
1618 2575 1748 2628 ἐῶσί
1782 2593 1904 2629 τινα

305 2673 633 2743 κορεσθῆναι
673 2671 1010 2740 φιληδονίας,
1043 2672 1132 2726 ἴνα
1174 2670 1251 2741 μὴ
1299 2671 1439 2740 ταχὺ
1473 2670 1754 2742 παύσηται
1805 2670 1904 2741 τῆς

304 2766 605 2837 ἁμαρτίας,
651 2766 736 2818 ἀεὶ
770 2765 957 2835 δὲτὴν
1011 2764 1192 2836 ὄρεξιν
1245 2763 1553 2834 ἐρεθίζουσι
1604 2752 1700 2816 καὶ
1753 2765 1904 2817 ἁπο-

304 2863 624 2931 κὰμνουσαν
651 2860 1055 2930 ἀνεγείρουσιν.

374 2957 480 3020 Εἰς
495 2955 714 3008 ἑαυτὸν
730 2952 797 3005 δὲ
826 2951 1039 3006 ἐλθών.
1075 2950 1303 3004 Ἑαυτοῦ
1335 2951 1651 3020 γενόμενος,
1677 2949 1704 3003 ὅ
1728 2951 1902 3014 ἐστιν,

306 3048 612 3118 ἀνανήψας,
649 3047 725 3109 ὡς
759 3045 872 3117 (78)
907 3046 969 3098 ὲκ
1023 3045 1199 3114 μέθης
1225 3045 1320 3097 καὶ
1370 3043 1576 3116 κάρου·
1631 3044 1904 3111 ἀφυπνισε

303 3140 414 3209 γὰρ
437 3141 598 3193 αὑτὸν
630 3141 664 3210 ή
705 3138 1075 3192 κακοπάθεια.

376 3231 526 3288 Elite
555 3263 623 3274 --
647 3232 1019 3301 ἀπόλλυμαι.
1055 3229 1321 3294 Μισθίους
1369 3231 1468 3301 μὲν
1494 3230 1603 3283 νόει
1636 3229 1746 3299 (79)
1789 3245 1904 3310 μοι⁹

301 3328 430 3390 τοὺς
470 3325 550 3379 ἔτι
583 3325 1064 3395 κατηχουμένους,
1119 3325 1215 3377 καὶ
1251 3324 1420 3394 μήπω
1457 3323 1547 3376 διὰ
1578 3322 1672 3374 τοῦ
1708 3322 1905 3391 βαπτί-

307 3436 516 3490 σματος
539 3416 979 3486 υίοθετηθέντας,
1007 3411 1087 3480 οἷς
1116 3416 1308 3487 μισθὸς
1326 3417 1424 3487 τῆς
1449 3418 1685 3480 πίστεως
1706 3417 1908 3471 δίδοται

308 3516 342 3581 ή
381 3511 663 3564 υἱοθεσίαο
722 3509 924 3580 ἄρτους
973 3509 1052 3572 δὲ,
1082 3510 1181 3572 τὰς
1227 3508 1535 3578 θρεΜικὰς
1571 3508 1681 3560 τῶν
1719 3507 1908 3578 ψυχῶν

306 3602 688 3664 διδασκαλίας.
725 3602 895 3670 Φησὶν
927 3598 1021 3654 οἷν
1050 3604 1114 3655 ὲκ
1138 3601 1335 3671 βάθους
1367 3601 1619 3671 καρδίας
1657 3601 1723 3653 Ὢ
1747 3602 1903 3653 πόσοι

309 3695 515 3767 μίσθιοι
563 3695 658 3748 τοῦ
724 3695 932 3765 πατρός
992 3712 1093 3765 μου
1140 3694 1202 3747 οὐ
1251 3694 1415 3765 μόνον
1464 3693 1647 3764 ἔχουσι
1697 3693 1905 3765 τροφὴν

304 3789 570 3860 ψυχικὴν,
588 3788 724 3841 ἀλλά
754 3790 848 3840 καὶ
877 3788 1092 3857 τρυφήν
1111 3805 1124 3818 ·
1152 3786 1316 3840 τοῦτο
1345 3786 1452 3858 γὰρ
1471 3785 1532 3839 τὸ
1555 3785 1906 3858 περισσεύειν

309 3881 606 3952 σημαίνει·
643 3879 754 3948 ἐγὼ
781 3880 838 3933 δὲ
871 3882 898 3933 ὁ
942 3881 1078 3942 υίὸς,
1117 3879 1264 3950 λιμῷ
1317 3879 1652 3950 ἀπόλλυμαι.
1715 3877 1906 3932 Ταῦτα

308 3975 406 4027 καὶ
461 3974 529 4026 τὰ
587 3972 714 4042 ἑξῆς
767 3971 1158 4041 παραϐολικῶς
1205 3970 1564 4041 διηγούμενος
1608 3971 1635 4022 6
1686 3970 1902 4041 Σωτὴρ,

311 4060 487 4114 τύπον
520 4063 654 4130 ἡμῖν
690 4059 980 4130 μετανοίας
1011 4059 1250 4130 ἀληθοῦς
1290 4060 1684 4131 παραδίδωσιν.

392 4153 693 4218 Ἀναστὰς
722 4183 793 4193 —
809 4171 954 4222 μου.
995 4153 1268 4219 Ἀναστὰς
1329 4154 1438 4208 ἀπὸ
1469 4155 1563 4208 τοῦ
1603 4154 1901 4226 πτώματος

300 4245 408 4317 ’τῆς
439 4247 716 4319 ἁμαρτίας
745 4245 880 4318 (80).

388 4427 496 4483 Kal
528 4425 641 4496 ἐρῶ
667 4456 741 4467 —-
768 4427 1058 4496 οὐρανόν.
1106 4426 1196 4490 Ὦς
1224 4428 1574 4500 προτιμήσας
1614 4428 1783 4483 αὑτοῦ
1809 4428 1908 4502 τὴν

309 4517 438 4588 γῆν,
471 4518 591 4586 ήτοι
625 4516 734 4569 τῶν
769 4515 1040 4587 οὐρανίων
1072 4517 1298 4586 ἀγαθῶν
1330 4521 1399 4571 τά
1436 4520 1625 4589 γήϊνα.

2005 2015 2351 2069 nutriuntur.
2387 2013 2867 2079 Quemadmodum
2900 2017 3048 2072 enim
3089 2017 3309 2087 siliquae
3340 2019 3410 2074 ad
3451 2019 3620 2076 breve

2005 2106 2246 2176 spatium
2303 2108 2487 2178 gustui
2546 2109 2894 2169 dulcescunt.
2951 2109 3153 2166 deinde
3209 2119 3268 2165 ut
3316 2113 3616 2183 plurimum

2005 2199 2393 2269 constringunt
2420 2217 2432 2253 :
2456 2200 2528 2254 ita
2562 2209 2619 2254 et
2659 2201 2715 2254 in
2743 2202 2848 2264 his,
2876 2202 3026 2270 quod
3047 2218 3217 2257 suave
3237 2211 3344 2266 est,
3374 2202 3617 2273 primum

2006 2301 2061 2350 et
2092 2293 2161 2349 ad
2193 2303 2410 2364 tempus
2443 2293 2672 2360 habent,
2695 2295 2844 2364 quod
2870 2307 3058 2350 autem
3093 2311 3347 2350 amarum
3372 2305 3430 2352 et
3458 2312 3620 2353 acer-

2005 2384 2161 2449 bum,
2198 2385 2476 2456 posterius
2507 2395 2591 2440 est
2623 2401 2688 2440 ac
2726 2397 3019 2442 attentum.

2075 2479 2236 2534 'Vers.
2269 2478 2354 2532 16.
2377 2477 2488 2532 Nec
2506 2479 2787 2550 quisquam
2807 2478 2889 2532 illi
2915 2479 3101 2536 dabat.
3126 2479 3320 2534 Nullus
3347 2480 3422 2535 illi
3446 2480 3613 2537 dabat

2009 2570 2081 2626 ad
2130 2571 2444 2626 satietatem
2484 2588 2500 2637 ;
2551 2570 2870 2639 hujusmodi
2925 2570 3076 2625 enim
3118 2572 3400 2627 daemones
3444 2573 3621 2628 nemi-

2007 2681 2136 2721 nem
2161 2665 2352 2720 sinunt
2385 2664 2574 2720 satiari
2600 2665 3001 2735 voluptatibus,
3026 2679 3098 2719 ne
3125 2665 3292 2720 citius
3325 2681 3356 2719 a
3387 2676 3624 2736 peccato

2007 2761 2258 2829 quiescat
2289 2777 2303 2813 :
2341 2774 2563 2829 semper
2586 2759 2732 2813 enim
2749 2758 2997 2814 excitant
3020 2759 3337 2830 appetitum
3368 2775 3434 2816 ac
3464 2759 3624 2816 defa-

2011 2852 2329 2924 tigationem
2371 2852 2666 2908 suscitant.
3526 2917 3528 2922 _

2079 2944 2237 2999 Vera.
2288 2944 2377 2999 17.
2433 2941 2504 2996 In
2564 2958 2621 2996 se
2667 2951 2847 2996 autem
2902 2959 3168 2998 reversus.
3228 2941 3328 2997 Sui
3387 2958 3618 3016 compos

2009 3036 2305 3093 effectus:
2385 3037 2492 3092 hoc
2551 3046 2659 3104 est,
2741 3048 3001 3107 tanquam
3075 3037 3472 3110 expergiscens
3551 3036 3626 3091 ab

2007 3131 2294 3192 ebrietate,
2319 3129 2583 3200 gravique
2612 3144 2839 3193 somno,
2867 3137 2923 3182 et
2943 3128 3299 3198 resipiscens.

2083 3223 2240 3279 Vers.
2275 3222 2365 3276 17.
2417 3221 2568 3274 Dixit
2605 3248 2676 3261 —
2709 3237 2887 3292 pereo.
2927 3219 3302 3275 Mercenarios
3349 3219 3624 3289 intelligi-

2012 3334 2136 3373 mus
2157 3332 2254 3374 eos
2282 3317 2374 3387 qui
2407 3317 2590 3370 adhuc
2627 3325 2758 3370 sunt
2807 3314 3223 3374 catechumeni.
3269 3322 3325 3368 et
3375 3313 3624 3367 nondum

2012 3427 2110 3482 per
2134 3411 2469 3481 baptismum
2503 3409 2770 3479 adoptati,
2807 3409 3010 3478 quibus
3032 3422 3248 3463 merces
3275 3405 3403 3462 ﬁdei
3440 3407 3624 3472 datur,

2013 3512 2143 3574 puta
2199 3502 2471 3574 adoptio;
2525 3517 2696 3570 panes
2753 3516 2906 3566 vero,
2965 3500 3249 3554 doctrinas
3305 3500 3625 3552 animarum

2012 3597 2326 3651 nutritivas.
2392 3595 2534 3649 Dicit
2580 3609 2710 3664 ergo
2758 3595 2828 3648 ab
2879 3593 3080 3647 intimo
3145 3592 3376 3647 cordis:
3423 3590 3627 3661 Oquot

2010 3686 2339 3743 mercenarii
2405 3687 2583 3757 patris
2634 3685 2742 3740 mei
2794 3700 2906 3739 nou
2959 3683 3125 3738 modo
3174 3684 3360 3752 cibum
3413 3684 3627 3738 habent

2011 3779 2350 3842 animarum,
2397 3779 2494 3834 sed
2544 3787 2601 3832 et
2655 3776 2935 3833 delicias!
3021 3773 3079 3828 Id
3138 3774 3288 3828 enim
3349 3775 3628 3846 signiﬁcat

2011 3874 2305 3928 abundare.
2341 3871 2452 3943 Ego
2481 3881 2670 3926 autem
2705 3869 2800 3940 qui
2855 3867 3002 3922 illius
3043 3883 3189 3931 sum,
3235 3865 3382 3921 fame
3428 3882 3621 3936 pereo.

2011 3965 2139 4021 Haec
2168 3972 2225 4018 et
2251 3978 2314 4018 ea
2343 3978 2466 4033 qua:
2491 3970 2829 4032 sequuntur,
2881 3958 3195 4030 parabolice
3230 3972 3468 4012 narrans
3504 3958 3627 4012 Sal-

2008 4068 2186 4124 vator,
2227 4072 2374 4114 verae
2402 4057 2750 4127 pmnitentia:
2791 4053 3027 4125 ﬁguram
3054 4049 3217 4106 nobis
3263 4048 3450 4105 tradit.

2082 4149 2240 4204 Vers.
2288 4149 2375 4204 18.
2421 4145 2657 4218 Surgam
2707 4174 2780 4186 —-
2830 4161 3029 4199 meum.
3099 4139 3346 4214 Surgeus
3414 4155 3446 4194 a
3489 4156 3627 4197 casu

2015 4243 2256 4314 peccati.

2092 4335 2133 4406 αι·
2164 4334 2412 4390 Honeste
2449 4349 2516 4389 eo
2541 4341 2789 4388 revertar
2829 4330 2976 4387 unde
3016 4330 3161 4385 male
3199 4328 3368 4384 exivi.

2084 4428 2246 4484 Vers.
2271 4425 2357 4480 18.
2389 4423 2686 4493 Dicamque
2731 4451 2804 4463 —
2825 4421 3037 4476 caelum.
3065 4419 3404 4490 Prteponens
3434 4417 3625 4473 videli-

2009 4528 2098 4576 cet
2129 4518 2206 4572 illi
2241 4527 2468 4581 terram,
2502 4515 2620 4570 sive
2651 4514 2811 4570 bonis
2834 4513 3158 4569 coelestibus
3192 4521 3437 4569 terrena.

364 4608 617 4681 fTimeo
658 4610 807 4664 enim
864 4609 1196 4665 ﬁrmamenti
1251 4624 1560 4682 aspectum,
1617 4624 1882 4686 tanquam
1913 4613 2492 4673 accusatorisvocem.

383 4707 495 4763 Kal
528 4708 788 4763 ἐνώπιον
815 4723 952 4762 σου.
983 4710 1270 4774 Τουτέστι,
1304 4713 1400 4765 καὶ
1428 4713 1509 4776 είς
1541 4714 1622 4780 σὲ,
1649 4715 1724 4780 ὡς
1778 4731 1912 4786 προ-

311 4805 556 4873 τιμήσας
581 4802 676 4856 τοῦ
709 4804 804 4857 σοῦ
839 4804 1150 4874 θελήματος
1174 4804 1234 4856 τὸ
1269 4806 1424 4875 ἐμόν.

2096 4715 2256 4770 Vers.
2287 4713 2375 4767 18.
2407 4711 2476 4766 Et
2500 4727 2683 4765 coram
2713 4720 2786 4765 te.
2811 4707 2927 4764 Hoc
2943 4716 3028 4764 est
3061 4707 3116 4761 in
3154 4715 3229 4773 ιο,
3253 4714 3312 4759 ut
3333 4702 3428 4774 qui
3471 4711 3620 4763 tuam

2021 4807 2368 4863 voluntatem
2398 4803 2695 4876 posthabui
2719 4818 2878 4858 metu.

388 4896 428 4966 τ
456 4897 661 4952 Vereor
690 4907 796 4953 tuae
840 4897 1148 4954 divinitatis
1183 4900 1358 4954 lucem
1400 4900 1601 4956 iutueri
1638 4918 1651 4956 :
1707 4903 1962 4958 sordidos
1983 4903 2132 4956 enim
2165 4901 2344 4956 habeo
2375 4902 2625 4971 corporis
2652 4908 2708 4955 et
2736 4898 2938 4952 animae
2963 4897 3172 4954 oculos.

388 4989 501 5044 Kal
532 5017 597 5029 --
626 5007 763 5045 σου.
819 4992 906 5055 Ὠς
945 4990 1180 5056 ἀναξίως
1225 4993 1472 5046 τοιούτου
1513 4995 1716 5066 πατρὸς
1752 4995 1909 5049 πολι·
1943 5001 1988 5057 D

315 5100 373 5136 τε
383 5084 675 5153 υσάμενος.

388 5178 664 5244 Ποίησον
712 5205 781 5216 -
829 5194 970 5233 σου.
1028 5179 1182 5232 Ἐπεὶ
1215 5179 1314 5249 τῆς
1363 5179 1591 5251 πρώτης
1644 5179 1909 5246 ἐξέπεσον

317 5269 545 5333 τάξεως,
578 5267 812 5332 ἀξίωσόν
847 5287 915 5340 με
950 5270 1047 5339 τῆς
1084 5271 1368 5342 δευτέρας,
1402 5273 1562 5343 μόνον
1599 5272 1674 5344 μὴ
1714 5289 1915 5325 παντε-

315 5359 424 5424 λῶς
441 5360 755 5432 ἀπορῤίψῃς
785 5377 873 5432 με.
900 5363 1290 5434 Δυσωπητικδς
1312 5365 1341 5416 6
1359 5364 1537 5434 λόγος,
1558 5366 1654 5418 καὶ
1681 5365 1912 5437 καρδίας

319 5446 594 5526 πατρικῆς
625 5453 764 5506 ἀπτό
771 5470 956 5525 μενος.

2108 4994 2266 5050 Vcrs.
2309 4993 2401 5052 19.
2437 4992 2646 5049 Nec—
2673 5007 2814 5048 tuus.
2857 4991 2999 5059 Quia
3046 4992 3139 5046 tali
3185 5001 3344 5062 patre
3380 4990 3624 5063 indigne

2021 5096 2382 5142 οοηνθτεειυε
2414 5101 2562 5141 sum.

2089 5179 2249 5235 νει-ε.
2312 5177 2401 5232 19.
2455 5176 2565 5230 Fac
2607 5206 2673 5218 -—
2711 5177 2836 5230 tuis.
2889 5175 2968 5231 Ex
3019 5190 3129 5247 quo
3187 5174 3367 5247 primo
3428 5173 3624 5229 ordine

2021 5272 2221 5336 excidi,
2245 5272 2474 5342 dignare
2493 5286 2581 5326 me
2601 5271 2688 5326 vel
2714 5271 2959 5327 secundo
2983 5286 2998 5324 :
3047 5279 3283 5336 tantum,
3306 5283 3378 5323 ne
3401 5268 3625 5339 penitus

2021 5365 2253 5435 abjicias
2286 5380 2397 5421 me.
2424 5364 2720 5421 Placabilis
2745 5371 2834 5419 est
2865 5379 3072 5430 sermo,
3108 5373 3165 5419 et
3201 5378 3302 5420 cor
3345 5361 3626 5434 attingens

2022 5469 2339 5529 paternum.

1481 5615 1685 5678 Variae
1729 5616 2035 5680 lectiones
2079 5622 2142 5678 et
2187 5622 2383 5679 nota.

392 5779 505 5850 (78)
540 5773 630 5843 Ὠς
669 5779 848 5835 abest.
885 5779 952 5834 A.

393 5851 504 5922 (79)
539 5850 786 5922 IXoobpsv
821 5854 1041 5907 videtur
1087 5851 1363 5908 invenisse
1397 5851 1726 5907 Hentanius.

394 5920 506 5995 (80)
542 5920 638 5980 llic
669 5922 1004 5997 etdeiuCcps
1039 5923 1350 5980 lientenius
1393 5940 1463 5980 ex
1520 5926 1766 5996 margine
1819 5926 1905 5981 sui

2016 5781 2226 5836 codicis
2279 5779 2529 5835 breviora
2554 5779 2737 5834 crucis
2787 5779 2944 5852 signo
2995 5777 3318 5845 inculcavit,
3373 5792 3498 5849 quae
3556 5777 3614 5831 in

2017 5863 2214 5909 ncutro
2232 5867 2481 5908 meorum
2509 5852 2790 5922 leguntur.
2821 5920 2824 5922 γ
