4016 6468
441 364 575 434 1031
1680 370 2071 435 EUTHYMII
2100 374 2480 439 'ZIGABENI
3602 382 3749 449 1032

508 480 680 538 Nobis
703 490 1025 538 autemnon
1045 490 1131 538 est
1189 482 1411 538 curiose
1470 483 1856 548 scrutandum,
1913 483 2019 555 qui:

2229 489 2395 562 Ἡμῖν
2442 491 2500 545 δὲ
2551 491 2613 567 οὐ
2666 494 3124 565 περιεργαστέον,
3165 495 3249 560 τίς
3294 497 3444 550 ἐστιν
3475 498 3747 570 όέριφος,

432 573 505 627 sit
532 572 749 639 haedus,
784 583 876 628 aut
908 573 1000 644 qui
1027 573 1144 629 sint
1172 574 1371 631 amici:
1403 590 1527 629 nam
1556 575 1881 646 periculosa:
1905 588 2019 630 sum

2145 585 2236 639 καὶ
2265 586 2411 649 τίνες
2437 585 2490 639 oi
2534 585 2699 655 φίλοι.
2733 587 3075 661 Ἐπισφαλὴς
3108 589 3219 663 γὰρ
3259 591 3292 657 ὴ
3324 591 3384 643 ἐν
3422 593 3532 656 τοῖς
3570 595 3751 649 τοιούο

432 665 487 719 in
517 667 716 721 talibus
775 666 1007 721 subtiles
1074 667 1415 736 quaestiones
1473 682 1538 721 ac
1593 667 2019 738 disputationes,

2145 696 2254 743 τοις
2305 679 2658 751 λεπτολογία,
2690 681 3201 757 καθὼςπολλαχοῦ
3246 682 3356 739 τῶν
3410 686 3746 757 παραϐολῶν

431 758 577 813 sicut
612 759 665 812 in
695 759 883 813 multis
913 759 1187 829 parabolis
1216 761 1509 830 protestati
1534 776 1748 815 sumus.

503 854 660 909 Vers.
701 853 791 908 50.
831 851 934 908 Sed
994 870 1113 909 cum
1167 884 1239 899 -—
1294 855 1626 924 saginatum.
1675 853 1852 908 Etiam
1915 855 2034 911 litec

431 944 681 1015 ejusdem
743 955 874 999 sunt
939 947 1371 1015 consequentur,
1432 957 1487 1001 et
1539 946 1796 1001 similiter
1855 946 2031 1005 eﬂivta

430 1047 578 1092 sunt.
614 1037 710 1091 Dei
736 1053 866 1093 vero
898 1039 1263 1093 substantiam
1297 1038 1430 1094 dicit
1468 1039 1610 1094 dona
1639 1038 1725 1093 vel
1776 1040 2029 1111 gratiam,

430 1132 601 1185 veluti
630 1132 887 1202 superius
922 1131 1289 1203 signiﬁcatum
1317 1140 1435 1188 est:
1471 1130 1792 1188 meretrices
1820 1141 2029 1197 autem,

429 1224 771 1294 voluptatum
806 1240 1044 1280 amores.

504 1315 667 1373 Vers.
712 1318 803 1373 5|.
844 1320 917 1373 Ac
943 1318 1033 1372 ille
1058 1347 1128 1359 ——
1161 1335 1235 1376 es.
1302 1317 1596 1389 Nunquam
1629 1333 1660 1374 a
1725 1335 1813 1375 me
1844 1318 2030 1375 disce-

427 1408 636 1475 dendo,
670 1410 766 1464 sed
800 1411 1058 1465 mandata
1099 1425 1221 1465 mea
1263 1426 1489 1482 semper
1530 1412 1833 1481 implendo.

504 1502 655 1557 Vcrs.
692 1503 782 1557 51.
817 1502 883 1556 Ει
923 1532 984 1542 -
1019 1513 1166 1558 sunt.
1197 1503 1335 1559 Cum
1352 1502 1501 1559 enim
1541 1504 1665 1559 tatis
1705 1504 1812 1568 sis,
1842 1504 2027 1559 omnia

428 1612 551 1651 mea
585 1597 936 1652 hacreditario
961 1596 1088 1665 jure
1120 1598 1427 1668 possidebis
1454 1616 1470 1665 ;
1499 1598 1820 1668 hujnsmodi
1867 1614 2029 1653 nam-

426 1705 533 1759 que
573 1689 668 1743 ﬁlii
705 1692 761 1743 in
780 1691 1161 1745 itaireditatem
1190 1692 1474 1759 accipiunt
1502 1707 1738 1763 regnum
1768 1690 1945 1747 Patris
1975 1700 2029 1746 et

428 1778 547 1832 Dei.
581 1778 659 1833 Ne
686 1796 817 1851 ergo
850 1781 1108 1842 tristeris,
1141 1796 1271 1835 nam
1303 1784 1356 1834 in
1387 1782 1540 1835 nullo
1582 1780 1816 1836 aﬂ'ectus
1851 1798 1911 1836 es
1935 1782 2025 1835 in-

419 1871 590 1940 juria.
625 1872 690 1925 Et
724 1872 796 1925 ita
832 1881 1120 1927 mansuete
1154 1872 1308 1926 illum
1361 1873 1699 1937 consolatus,
1763 1874 2026 1944 deinceps
2059 1854 2101 1907 Β

422 1960 589 2015 etiam
602 1961 669 2015 de
689 1962 771 2014 lii.
790 1955 1102 2031 respondet,
1118 1979 1241 2032 quae
1263 1964 1315 2015 in
1334 1962 1556 2017 fratrem
1578 1964 1852 2034 ejusfaeta
1872 1976 2023 2021 sunt.

500 2051 653 2108 Vers.
685 2055 772 2107 ’52.
804 2052 1352 2109 Lwtari—inventus
1383 2062 1481 2108 est.
1540 2056 1789 2111 Osrendit
1828 2071 2028 2110 neces-

420 2146 623 2202 Sariam
649 2146 820 2202 fuisse
839 2148 1080 2202 laetitiam
1105 2158 1160 2201 et
1180 2148 1460 2219 gaudium.
1481 2148 1618 2214 Quis
1636 2149 1783 2203 cnim
1807 2189 1820 2213 ,
1854 2165 2026 2221 quum

421 2249 703 2293 mortuum
753 2240 958 2294 viderit
1012 2239 1283 2295 revixisse
1338 2255 1449 2294 nou
1499 2241 1764 2297 limatur?
1814 2252 1870 2296 et
1902 2244 2027 2312 quis

422 2329 516 2384 ubi
550 2330 623 2393 id,
649 2330 793 2399 quod
845 2333 1104 2399 perierat,
1159 2333 1456 2399 invenerit,
1494 2348 1602 2388 non
1639 2335 1891 2405 gaudet?
1940 2335 2028 2389 \‘i-

421 2422 575 2489 disti,
612 2422 1079 2492 quemadmodum
1111 2433 1163 2478 et
1186 2424 1409 2494 quando
1454 2440 1684 2497 peregre
1744 2426 2025 2497 profectus

419 2524 507 2567 est
536 2515 816 2584 patienter
850 2517 1119 2571 sustinuit
1168 2527 1223 2572 et
1265 2532 1598 2573 conversum
1633 2534 1904 2574 nnmenso
1929 2534 2027 2575 ex-

418 2607 827 2676 ccpitgaudio:
864 2623 963 2662 nec
1006 2608 1184 2663 solum
1221 2610 1545 2664 subStantiae
1586 2612 1857 2668 rationem
1911 2628 2022 2669 non

420 2699 666 2768 repetiit,
696 2700 794 2754 sed
835 2709 889 2755 et
917 2701 1076 2755 donis
1110 2701 1264 2755 illum
1305 2703 1565 2772 dignatus
1621 2714 1727 2771 est,
1780 2720 1883 2761 nec
1933 2721 2026 2762 so-

421 2790 535 2845 lum
568 2806 677 2846 non
706 2793 1085 2863 exprobravit,
1112 2794 1208 2848 sed
1242 2794 1474 2864 insuper
1501 2810 1602 2865 pro
1618 2810 1686 2851 eo
1714 2799 2022 2869 respondit.

500 2880 637 2936 Vere
663 2899 856 2955 magna
887 2893 991 2946 est,
1039 2886 1293 2951 Domine,
1360 2888 1676 2957 benignitas
1732 2900 1868 2956 tua,
1922 2907 2024 2949 nec

420 2975 568 3030 ullus
602 2977 880 3047 explicare
917 2976 1354 3034 suﬁicictst'rmo
1391 2980 1459 3035 ad
1514 2982 1814 3053 gratiarum
1848 2987 2021 3041 actio-

418 3084 544 3123 nem
577 3068 745 3123 illius.
784 3068 1001 3124 Utinam
1019 3081 1202 3126 autem
1229 3082 1285 3127 et
1310 3088 1432 3138 nos,
1468 3076 1561 3145 qui
1583 3078 1865 3146 aequaliter
1895 3096 2022 3135 cum

417 3161 643 3230 prouigo
676 3175 868 3213 sumus
898 3177 1129 3234 peregre
1166 3163 1421 3233 profecti,
1476 3182 1543 3222 ac
1597 3169 1820 3224 divitias
1888 3185 2023 3225 con-

2135 772 2645 843 διεμαρτυράμεθα.

2210 871 2353 924 Ὅτε
2374 870 2443 925 δὲ
2471 903 2541 912 -
2563 874 2871 930 σιτευτόν.
2903 874 3014 929 Καὶ
3034 874 3210 931 ταῦτα
3246 878 3345 948 τῆς
3374 878 3543 948 αὐτῆς
3599 879 3743 931 εἰσιν

2134 965 2495 1031 ἀκολουθίας,
2530 967 2627 1019 καὶ
2671 965 2874 1037 ὁμοίως
2926 970 3435 1043 ἐσχηματίσθησαν.
3468 971 3593 1024 Βίον
3637 971 3741 1041 μὲν

2134 1057 2230 1111 οὖν
2257 1056 2373 1131 (85)
2399 1058 2495 1113 τοῦ
2524 1058 2663 1112 Θεοῦ
2697 1059 2846 1129 λέγει
2875 1060 2938 1113 τὸ
2966 1062 3242 1133 χάρισμα,
3265 1062 3449 1127 καθὼς
3479 1064 3739 1137 ἀνωτέρω

2132 1153 2433 1225 δεδήλωται
2457 1170 2469 1183 ·
2508 1154 2715 1227 πόρνας
2744 1155 2823 1223 δὲ,
2848 1155 2951 1220 τὰς
2982 1156 3321 1228 φιληδονίας.

2218 1322 2282 1376 '0
2306 1321 2376 1375 δὲ
2402 1318 2577 1377 εἶπεν
2604 1352 2672 1362 -
2704 1318 2778 1377 εἴ.
2805 1321 3079 1376 ossam:
3118 1337 3223 1392 μου
3252 1319 3589 1391 ἀποφοιτῶν,
3613 1319 3733 1376 ἀλλ’

2130 1415 2217 1469 ἀεὶ
2245 1415 2345 1479 τὰς
2372 1416 2595 1481 ἐντολάς
2623 1435 2727 1488 μου
2755 1417 3004 1487 πληρῶν.

2202 1508 2314 1564 Καὶ
2363 1541 2436 1551 -
2466 1511 2623 1566 ἐστι.
2673 1511 2931 1575 Τοιοῦτος
2995 1512 3105 1581 γὰρ
3155 1510 3252 1574 ὣν,
3285 1510 3463 1564 πάντα
3514 1507 3583 1563 τὰ
3623 1506 3738 1579 ἐμὰ

2130 1604 2590 1677 κληρονομήσεις.
2628 1606 2691 1657 Οί
2741 1604 2973 1658 τοιοῦτοι
3011 1604 3031 1677 [
3071 1606 3182 1675 γὰρ
3236 1602 3349 1676 (86)
3397 1604 3505 1656 υἱοὶ
3535 1602 3740 1670 κληρο-

2130 1699 2362 1770 νομοῦσι
2419 1698 2519 1768 τὴν
2572 1696 2855 1768 βασιλείαν
2915 1695 3010 1749 τοῦ
3063 1695 3277 1767 Πατρδς
3332 1695 3427 1749 καὶ
3456 1693 3737 1764 Θεοῦ.Μὴ

2130 1795 2306 1849 λυποῦ
2338 1792 2545 1859 τοίνυν,
2570 1792 2726 1845 οὐδὲν
2776 1790 2888 1863 γὰρ
2924 1791 3216 1861 ἠδικήθης.
3243 1789 3431 1853 Οὕτως
3473 1787 3735 1851 ἐπιεικῶς

2136 1889 2539 1961 παρηγορήσας
2573 1888 2760 1951 αὐτὸν,
2780 1887 3135 1954 ἀπολογεῖται
3193 1885 3384 1937 λοιπὸν
3445 1884 3539 1936 καὶ
3592 1883 3734 1955 ὑπὲρ

2134 1981 2245 2034 τῶν
2283 1979 2673 2051 γεγενημένων
2708 1980 2787 2041 είς
2827 1978 2919 2031 τὸν
2950 1975 3182 2045 ἀδελφὸν
3219 1974 3409 2029 αὐτοῦ.

2210 2072 2648 2143 Εὑφρανθῆναι
2703 2102 2775 2112 -—
2831 2073 2932 2126 καί
2967 2070 3207 2139 εὑρέθη.
3238 2069 3523 2121 Δείκνυσιν
3557 2068 3734 2133 ἀναγ-

2136 2168 2302 2221 καίαν
2380 2167 2481 2238 τὴν
2533 2165 2879 2237 εὐφροσύνην
2919 2163 3015 2217 καὶ
3066 2164 3264 2235 χαράν.
3314 2161 3410 2225 Τίς
3466 2161 3575 2231 γὰρ
3610 2158 3735 2212 ἰδὼν

2133 2261 2331 2330 νεκρὸν
2358 2259 2733 2329 ἀναζὴσαντα,
2762 2258 2863 2311 οὐκ
2894 2256 3271 2328 εὐφραίνεται,
3295 2256 3389 2309 καὶ
3420 2253 3501 2317 τίς
3522 2252 3736 2306 τδάπο-

2135 2353 2302 2417 λωλὺς
2336 2352 2535 2423 εὑρὼν,
2563 2353 2623 2405 οὐ
2659 2348 3078 2423 χαίρειςΕἷδες,
3118 2349 3238 2413 πῶς
3294 2349 3393 2401 καὶ
3446 2345 3735 2415 ἀποδημή-

2136 2462 2330 2511 σαντος
2355 2445 2760 2518 ὲμακροθύμει,
2800 2445 2895 2499 καὶ
2953 2444 3365 2514 ἐπιστρέψαντα
3415 2438 3729 2511 περιχαρῶς

2136 2539 2463 2606 ὑπεδέξατο.
2489 2540 2601 2593 Καὶ
2641 2540 2704 2592 οὐ
2766 2540 2926 2609 μόνον
2983 2538 3085 2590 οὐκ
3114 2538 3368 2608 ἀπῄτησε
3397 2533 3577 2603 δίκην,
3594 2530 3731 2584 ἀλλὰ

2134 2635 2230 2687 καὶ
2260 2633 2501 2705 χαρίτων
2531 2633 2756 2706 ἠξίωσε.
2788 2633 2902 2687 Καὶ
2943 2634 3004 2687 οὐ
3053 2633 3217 2703 μόνον
3269 2628 3380 2684 οὐδ’
3424 2626 3727 2693 ὠνείδισεν,

2133 2728 2271 2782 ἀλλὰ
2304 2728 2402 2783 καὶ
2440 2729 2997 2800 ὑπεραπελογήσατο.

2208 2904 2418 2967 Ὄντως
2452 2902 2687 2975 μεγάλη,
2716 2904 2985 2971 Δέσποτα,
3006 2903 3037 2974 ἡ
3071 2898 3452 2971 φιλανθρωπία
3498 2893 3729 2961 σουριιίὶ⁵

2131 2997 2312 3060 οὐδεὶς
2367 2998 2660 3069 ἐξαρκέσει
2714 2998 2875 3065 λόγος
2930 2998 3068 3068 πρὸς
3123 2996 3478 3067 εὐχαριστίαν
3533 2992 3723 3065 αὐτῆς.

2131 3091 2229 3162 Eii]
2256 3091 2315 3145 δὲ
2360 3092 2457 3146 καὶ
2509 3093 2827 3163 ἡμᾶς,τοὺς
2862 3092 3057 3162 ἐπίσης
3090 3091 3168 3162 τῷ
3197 3089 3393 3158 ἀσώτῳ
3444 3086 3741 3157 ἀποδημή-

2131 3203 2334 3249 σαντας
2373 3186 2486 3257 (87)
2520 3188 2616 3241 καὶ
2644 3187 3146 3257 διασκορπίσαντας
3200 3183 3291 3236 τὸν
3326 3181 3576 3245 πλοῦτον,
3602 3180 3724 3247 ἴσην

414 3256 773 3323 sumpsimus,
801 3256 1063 3324 aequalem
1093 3272 1219 3310 cum
1258 3274 1324 3312 eo
1360 3262 1781 3317 conversionem
1809 3265 2009 3320 demon

2145 3278 2283 3349 ιὺτῷ
2307 3280 2403 3333 καὶ
2432 3256 2531 3351 την
2563 3280 2907 3352 ἐπιστροφὴν
2939 3277 3305 3344 ἐνδείξασθαι,
3334 3277 3427 3330 καὶ
3457 3276 3557 3345 τῆς
3600 3272 3720 3341 ἴσης

414 3356 674 3411 stremus,
706 3358 757 3400 et
800 3349 993 3419 aequali
1029 3349 1371 3420 benignitate
1402 3352 1554 3424 digni
1590 3356 1915 3415 babeamur.

659 3437 813 3493 CAP.
847 3438 1031 3495 LVlll.
1061 3442 1137 3495 De
1163 3444 1529 3512 dispensatore
1561 3446 1767 3514 iniquo.

485 3530 626 3601 Cap.
652 3528 792 3585 XVI.
822 3533 981 3587 Vers.
1027 3533 1079 3587 1.
1129 3533 1353 3590 Dicebat
1389 3548 1573 3591 autem
1597 3568 1668 3579 —
1689 3540 1824 3593 bona
1845 3538 2021 3595 illius.

412 3622 679 3678 Parabula
718 3626 836 3680 haec
869 3626 1205 3683 Clirisrianis
1268 3630 1536 3686 attributa
1600 3642 1706 3698 est,
1762 3636 1854 3705 qui
1909 3652 2018 3691 non

412 3717 608 3769 volunt
646 3716 875 3770 omnino
897 3722 1283 3787 possessiones
1311 3738 1376 3777 ac
1402 3725 1672 3793 pecunias
1719 3726 2014 3799 despicere

417 3811 728 3863 admonens
762 3809 910 3873 illos,
949 3816 1085 3867 utin
1130 3830 1407 3886 pauperes
1439 3818 1553 3874 sint
1574 3820 1835 3877 beneﬁci.
1862 3821 2017 3879 Dicta

304 3910 311 3917 ‘
411 3910 498 3956 est
528 3911 714 3958 autem
755 3905 822 3957 ad
858 3904 1181 3977 discipulos,
1236 3912 1364 3981 quia
1390 3922 1444 3967 et
1499 3913 1554 3969 hi
1592 3926 1721 3971 sunt
1787 3916 2016 3989 dispen-

410 4009 468 4047 83
478 4005 647 4048 ιοισεε.

482 4087 870 4159 Repraesentat
924 4095 1095 4151 etiam
1174 4097 1457 4155 hominem
1527 4101 1782 4169 divitem,
1847 4113 2009 4175 puta,

408 4178 583 4235 Deum
609 4182 935 4246 humanum.
956 4187 1584 4262 nulloqueindigentem
1608 4210 1623 4246 :
1659 4208 2015 4251 meonomum

408 4288 564 4340 vero,
594 4274 710 4329 sive
746 4276 1211 4347 dispensatorem,
1244 4299 1491 4352 omnem,
1516 4286 1607 4357 qui
1640 4288 1890 4358 possidet
1920 4290 2009 4345 di-

409 4365 573 4420 vitias
607 4384 619 4421 :
656 4370 794 4424 tales
824 4374 972 4426 enim
995 4389 1107 4427 non
1137 4384 1265 4430 sunt
1288 4377 1525 4445 domini,
1570 4382 1669 4435 sed
1725 4382 2011 4453 dispenso:

405 4467 575 4514 tores.
614 4461 756 4517 Dicit
788 4480 1023 4535 namque
1052 4467 1198 4521 Deus
1234 4467 1452 4523 :Meum
1483 4480 1798 4542 estaurum,
1834 4494 2007 4534 meum

2122 3372 2429 3443 ἀξιωθῆναι
2455 3374 2897 3446 φιλανθρωπίας.

2232 3468 2546 3524 ΚΕΦ.ΝΗ¹.
2568 3469 2707 3537 Περὶ
2730 3468 2837 3523 τοῦ
2868 3468 3187 3537 οἰκονόμου
3214 3466 3324 3536 τῆς
3360 3464 3623 3532 ἀδικίας.

2195 3567 2411 3636 Ἔλεγε
2444 3563 2514 3617 δὲ
2562 3594 2633 3605 --
2678 3564 3035 3632 ὑπάρχοντα
3074 3562 3283 3619 αὑτοῦ.
3317 3561 3381 3614 'H
3436 3556 3717 3631 παραδολὴ

2120 3657 2263 3728 αὕτη
2295 3658 2436 3729 πρὸς
2493 3657 2624 3720 τοὺς
2670 3655 3038 3727 Χριστιανοὺς
3094 3654 3452 3719 ἀποτέταται,
3486 3650 3612 3714 τοὺς
3644 3650 3717 3721 μὴ

2121 3751 2489 3823 βουλομένους
2532 3751 2712 3822 πάντη
2747 3750 2856 3803 τῶν
2896 3748 3203 3819 χρημάτων
3265 3748 3565 3818 ὑπερορςῖν,
3597 3761 3715 3801 νου-

2119 3842 2353 3898 θετοῦσα
2384 3843 2636 3909 τούτους,
2661 3844 2747 3897 ἵνα
2779 3844 2885 3897 κᾶν
2926 3842 3265 3914 εὐεργετῶσι
3296 3843 3423 3905 τοὺς
3451 3842 3710 3912 πένητας.

2116 3936 2352 4009 Εἴρηται
2391 3937 2451 3992 δὲ
2488 3938 2629 4001 ποὺς
2659 3938 2789 4001 τοὺς
2822 3935 3097 4009 μαθητὰς,
3136 3935 3272 3990 διότι
3311 3934 3423 4007 (88)
3475 3933 3714 4006 μαθηταὶ

2115 4035 2211 4087 καὶ
2239 4025 2412 4090 οὗτοι.

2187 4127 2300 4181 Καὶ
2331 4126 2622 4196 ἄνθρωπον
2652 4126 2751 4198 μὲν
2780 4124 3037 4180 πλούσιον
3078 4126 3359 4197 ἐμφαίνει,
3396 4125 3489 4179 τὸν
3522 4124 3711 4195 φιλάν-

2115 4219 2337 4291 θρωπον
2363 4222 2458 4274 καὶ
2503 4220 2727 4292 ἀνενδεῆ
2767 4219 2902 4274 Θεόν
2924 4237 2939 4253 ο
2974 4220 3261 4291 οἰκονόμον
3294 4220 3373 4286 δὲ,
3409 4219 3588 4272 πάντα
3618 4222 3710 4272 τὸν

2114 4314 2461 4385 κεκτημένον
2490 4314 2755 4368 πλοῦτον·
2784 4315 2835 4369 οί
2870 4315 3106 4368 τοιοῦτοι
3139 4316 3246 4385 γὰρ
3278 4314 3340 4368 οὐ
3376 4312 3709 4385 κύριοι,ἀλ).⁹

2112 4406 2391 4476 οἰκονόμοι
2451 4406 2583 4461 εἰσί.
2626 4406 2769 4476 Φησὶ
2822 4407 2933 4477 γὰρ
2964 4408 2991 4459 ό
3020 4406 3191 4469 Geo,“
3230 4406 3410 4476 Ἐμὸν
3461 4407 3595 4461 ἐστι
3642 4406 3707 4460 τὸ

2110 4497 2395 4565 χρυσίον,
2415 4498 2515 4551 καί
2544 4498 2693 4567 ἐμόν
2736 4497 2871 4551 ἐστι
2910 4500 2977 4551 τὸ
3003 4498 3311 4569 ἀργύριον.
3352 4497 3622 4569 Διεδλήθη
3650 4498 3707 4551 δὲ

401 4557 478 4601 est
505 4562 786 4620 argentum
829 4555 891 4608 ⁸³.
939 4556 1166 4613 Delatus
1220 4570 1307 4614 est
1362 4570 1549 4617 autem
1614 4568 1761 4637 apud
1830 4566 2001 4629 Deum

2145 4555 2189 4659 ip
2215 4588 2336 4660 Θεῷ
2424 4555 2589 4654 κακὸς
2607 4592 2895 4662 οἰκονόμος
2920 4555 3347 4662 ὑπὸ-τῆςνκακῆς
3369 4555 3702 4661 οίκονόμίας,

404 4645 582 4697 malus
616 4646 968 4716 dispensator
995 4652 1137 4705 mala
1156 4654 1610 4724 dispensatione,
1643 4634 1825 4732 utqui
1853 4666 1972 4719 dis-
2037 4634 2082 4690 θ

400 4738 627 4805 siparet,
672 4757 792 4811 quae
862 4743 958 4798 Dei
1013 4755 1195 4814 erant,
1233 4750 1287 4803 in
1316 4766 1379 4805 ea
1400 4768 1521 4822 quae
1573 4770 1680 4811 non
1738 4759 2007 4829 oportuit,

400 4845 503 4885 nec
528 4833 803 4901 superﬂua
864 4840 1201 4909 pauperibus
1238 4842 1621 4904 distribueret.

472 5008 629 5065 Vers.
659 5013 712 5067 2.
755 5016 823 5070 Et
846 5024 1051 5077 vocavit
1079 5056 1150 5068 —
1199 5028 1623 5100 dispensationis
1671 5046 1801 5095 tuae.
1868 5040 2000 5099 Ηωο

397 5094 475 5150 illi
516 5115 613 5168 per
640 5104 852 5161 divinas
888 5108 1027 5164 dixit
1061 5094 1395 5187 Scripturas,

397 5202 524 5246 cent
552 5194 790 5265 judicio,
825 5212 881 5255 et
913 5204 983 5259 de
1012 5208 1324 5268 redditione
1356 5218 1605 5275 rationis.

508 5376 551 5408 “
578 5378 758 5449 Aggaei
802 5396 862 5447 it,
892 5386 947 5441 9.

2113 4683 2189 4747 ὼς
2244 4683 2659 4756 διασκορπίζων
2710 4686 2784 4740 τὰ
2818 4686 2911 4741 τοῦ
2947 4686 3106 4754 Θεοῦ,
3140 4691 3221 4752 εἰς
3255 4688 3414 4742 ἃούκ
3453 4688 3582 4757 ἔδει,
3612 4690 3705 4740 καὶ

2112 4778 2190 4851 μὴ
2217 4779 2495 4852 διανέμων
2537 4782 2604 4837 τὰ
2630 4786 2867 4855 περιττὰ
2894 4787 3007 4848 τοῖς
3034 4786 3252 4855 πένησι.

2170 5046 2282 5100 Καὶ
2315 5045 2610 5115 φωνήσας
2649 5079 2720 5090 -—
2770 5052 3117 5122 οἰκονομίας
3165 5068 3307 5109 σου.
3350 5049 3516 5109 Εἶπεν
3552 5057 3698 5128 αὐτῷ

1435 5138 1557 5192 quae
1588 5127 1657 5182 de
1681 5128 1871 5186 futuro
1902 5132 2001 5187 do-

2145 5142 2279 5194 αὔτα
2312 5142 2403 5197 διὰ
2435 5142 2545 5198 τῶν
2584 5144 2749 5200 Θείων
2800 5147 3057 5218 Γραφῶν,
3090 5147 3149 5201 αῖ
3199 5149 3515 5207 διδάσκουσι
3569 5154 3699 5223 περὶ

2101 5233 2202 5305 τῆς
2226 5232 2535 5307 μελλούσης
2563 5238 2803 5310 κρίσεως
2838 5242 2935 5296 καὶ
2963 5242 3304 5309 λογοθεσίας.

1607 5497 1801 5560 Variae
1846 5501 2155 5569 lectiones
2187 5517 2246 5572 et
2279 5518 2473 5574 notua.

467 5640 580 5710 (85)
610 5643 716 5696 06v
752 5645 913 5702 abest
927 5648 997 5705 Α.

466 5711 597 5793 (86)¹
622 5721 751 5798 Qua:
781 5719 865 5774 bis
897 5720 1066 5790 signis
1103 5721 1193 5798 Γ]
1219 5725 1564 5795 inclusimus.
1595 5750 1658 5791 ea
1703 5754 1767 5793 ex
1800 5739 1990 5797 codice

396 5779 460 5836 Β.
485 5779 820 5843 exeiderant.

462 5850 581 5927 (87)
617 5860 693 5912 tta
717 5866 928 5918 correxi
968 5881 1073 5937 pro
1129 5867 1612 5947 ἐπιδημήσαντας,
1674 5878 1789 5938 Nec
1819 5882 1980 5938 aliter

2101 5672 2409 5732 Hentenius

2173 5748 2288 5834 (δε)
2315 5748 2682 5834 Hoc_prorsus
2718 5768 2959 5834 alienum
2993 5773 3098 5819 est.
3125 5766 3195 5821 Ex
3235 5767 3508 5830 [lente-nio
3530 5777 3693 5834 colli-

2100 5832 2215 5886 gas,
2255 5823 2545 5893 legendum
2576 5842 2699 5886 esse
2714 5833 2993 5906 οἰκονόμοι
3026 5850 3124 5893 aut
3166 5823 3457 5916 διοικηταί.
