4016 6480
255 386 398 454 i033

1244 377 1631 442 COMMENT.
1680 376 1759 436 IN
1803 370 2088 437 LUCAM.
2123 400 2192 411 —
2227 378 2384 438 CAP.
2409 377 2567 438 XVI.

3410 381 3543 444 103i

319 510 404 562 Οὺ
437 507 545 578 γὰρ
585 534 654 546 --
689 499 1048 568 οἰκονομεῖν.
1103 497 1210 551 Τοῦ
1257 499 1492 552 θανάτου
1522 498 1646 550 ὅσον
1702 493 1843 546 057m

2035 491 2191 550 Vera.
2225 494 2279 547 2.
2320 493 2501 563 Neque
2526 497 2663 549 enim
2689 523 2758 536 —
2789 495 3114 564 dispensare.
3136 494 3306 550 Morte
3343 513 3542 569 propc-

253 597 676 673 μετακινοῦντός
712 614 772 650 σε

325 690 474 747 Ehe
518 690 586 744 δὲ
618 719 688 730 --
718 688 1107 757 αἰσχύνομαι.
1144 683 1300 737 Μετά
1336 683 1427 735 τὸν
1475 681 1706 736 θάνατον
1738 679 1846 748 γὰρ

249 782 596 856 ἐργάσασθαι
624 781 726 834 οὐκ
757 779 932 850 ἰσχύει
967 795 1075 840 τις.
1112 776 1412 846 Ἐργασίας
1444 773 1552 845 γὰρ
1593 776 1619 826 ὁ
1655 772 1846 843 παρὼν

250 877 444 948 καιρός
472 888 485 901 ⁶
518 877 546 928 6
575 874 633 928 δὲ
676 872 912 943 μέλλων,
953 870 1391 934 ἀνταποδόσεως,
1421 869 1516 921 καὶ
1551 868 1607 920 τὸ
1666 885 1847 937 παραυ

248 968 440 1024 καλεῖν
471 967 753 1037 ἀνόνητον.

325 1063 564 1132 Ἔγνωθδ
617 1060 676 1114 τί
709 1056 968 1126 ποιήσω.
1028 1055 1211 1125 Ἔγνω
1264 1055 1425 1109 τοῦτο
1511 1055 1844 1119 συνετισθεὶς

250 1153 359 1207 ὑπὸ
388 1154 497 1206 τῶν
532 1150 792 1224 Γραφῶν.

321 1246 456 1300 Ἵνα
487 1243 636 1298 ὅταν
658 1275 731 1284 -—
751 1243 957 1310 οἴκους
973 1240 1194 1298 αὐτῶν.
1222 1237 1402 1311 Οὗτοι,
1428 1244 1559 1314 περὶ
1581 1235 1656 1296 ὧν
1681 1243 1843 1312 ἔγνω,

243 1338 526 1389 τουτέστιν
561 1339 606 1390 οἱ
639 1337 876 1408 ῥηθῆναι
908 1337 1219 1407 μέλλοντες.

322 1433 428 1485 Καὶ
450 1431 1031 1500 προσκαλεσάμενος
1069 1460 1138 1470 —
1168 1429 1562 1500 ὀγδοήκοντα.
1611 1431 1708 1494 Τίς
1745 1432 1845 1495 μὲν

241 1522 588 1593 ὀχρεώστης
633 1522 730 1574 τοῦ
766 1524 973 1587 ἐλαίου,
1007 1525 1102 1576 καὶ
1164 1523 1249 1586 τίς
1287 1525 1316 1573 ὁ
1369 1524 1462 1576 τοῦ
1525 1528 1693 1587 σίτου,
1751 1526 1845 1575 καὶ

242 1616 514 1668 διατίάνά
546 1614 742 1667 ἑκατὸν
768 1612 1024 1682 ὤφειλον,
1068 1613 1161 1666 καὶ
1215 1612 1269 1665 τί
1330 1615 1391 1666 τὸ
1448 1613 1687 1682 γράμμα
1750 1616 1845 1666 τοῦ

246 1707 468 1776 χρέους,
497 1706 592 1759 καὶ
647 1706 786 1759 διατί
816 1707 844 1759 6
881 1708 980 1776 μὲν
1020 1706 1367 1774 πεντήκοντα
1431 1705 1697 1774 ἔγραψεν,
1726 1709 1754 1759 ὁ
1787 1707 1844 1759 δὲ

242 1801 601 1870 ὀγδοήκοντα,
637 1801 731 1852 καὶ
763 1799 832 1852 τὰ
879 1797 1108 1852 τοιαῦτα
1138 1798 1236 1867 τῆς
1264 1802 1638 1870 προκειμένης
1668 1818 1844 1869 παρα·
1877 1836 1915 1896 Β

243 1891 428 1962 βολῆς,
479 1893 735 1962 περιττὸν
792 1891 1094 1958 ἐξετάζειν.
1146 1893 1224 1943 Δι’
1274 1892 1429 1945 οὐδὲν
1481 1893 1589 1960 γὰρ
1655 1893 1845 1963 ἕτερον

243 1984 720 2053 συνεπλάσθησαν,
767 1984 924 2054 ἢῖνα
990 1982 1175 2054 δειχθῇ
1247 1984 1429 2053 μόνον,
1481 1984 1562 2036 ὅτι
1599 1984 1629 2035 6
1661 1983 1846 2054 ῥηθείς

240 2076 549 2143 οἰκονόμος,
582 2075 688 2138 ἕως
752 2074 864 2146 εἶχε
920 2075 1115 2144 καιρὸν
1168 2074 1507 2144 οἰκονομίας,
1561 2078 1847 2145 φρονίμως

239 2172 353 2232 τοῖς
384 2167 478 2221 τοῦ
516 2168 785 2222 δεσπότου
818 2166 1148 2238 πράγμασιν
1182 2170 1263 2230 εἰς
1294 2169 1356 2220 τὸ
1385 2170 1588 2221 οἰκεῖον
1637 2170 1848 2240 συμφέ-

243 2278 338 2330 ρον
371 2261 746 2331 ἀπεχρήσατο,
771 2264 863 2312 καὶ
892 2259 964 2312 δι’
996 2258 1178 2311 αὐτῶν
1219 2260 1298 2323 εἰς
1348 2260 1408 2314 τὸ
1444 2259 1636 2330 μέλλον
1673 2277 1847 2330 σωτη-

244 2353 371 2421 ρίαν
405 2351 583 2422 ἑαυτῷ
604 2352 1059 2423 περιεποιήσατο,
1091 2353 1166 2416 ὡς
1200 2351 1450 2406 ἐντεῦθεν
1493 2353 1687 2423 μαθεῖν
1719 2355 1846 2420 τοὺς

241 2444 468 2515 ἔχοντας
505 2443 759 2508 πλοῦτον,
786 2445 870 2498 ὅτι
901 2444 1008 2515 χρὴ
1040 2445 1291 2508 τούτους,
1314 2445 1643 2515 οἰκονόμους
1675 2447 1843 2500 αὑτοῦ

243 2537 648 2601 καταστάντας,
697 2536 802 2599 ἕως
863 2538 1049 2608 ἔχουσι
1113 2537 1306 2606 καιρὸν
1341 2539 1509 2610 ζωῆς,
1562 2543 1846 2612 φρονίμως

239 2633 355 2692 τοῖς
390 2628 485 2683 τοῦ
518 2627 655 2682 Θεοῦ
705 2629 1032 2700 πράγμασιν
1073 2632 1152 2692 είς
1206 2633 1268 2683 τὸ
1318 2633 1520 2686 οἰκεῖον
1563 2638 1845 2706 συμφέρον

243 2721 816 2792 ἁποχρήσασθαι,κα“ι
857 2720 926 2773 δι’
986 2721 1174 2774 ἀὐτῶν
1232 2722 1660 2792 εὐεργετοῦντας
1718 2730 1846 2792 τοὺς

244 2813 512 2885 πένητας,
545 2815 625 2877 εἰς
663 2814 723 2866 τὸ
760 2814 956 2884 μέλλον
1007 2815 1287 2885 σωτηρίαν
1320 2817 1538 2881 ἑαυτοῖς
1579 2836 1845 2890 πραγμαι-

243 2906 566 2961 τεύσασθαι.
616 2907 788 2970 licito;
822 2908 921 2978 μὲν
947 2907 1044 2962 οὖν
1073 2903 1143 2978 ἦν
1187 2911 1386 2980 μέτρον
1415 2910 1597 2964 ἐλαίου
1620 2929 1635 2942 ·
1682 2913 1845 2983 κόρος

239 2999 320 3060 δὲ,
345 3001 545 3070 μέτρον
583 3000 758 3053 σίτου.

313 3095 422 3147 Kal
470 3093 778 3163 ἐπῄνεσεν
805 3125 877 3136 --
905 3097 1207 3165 φρονίμως
1254 3099 1526 3164 ἐποίησε.
1579 3100 1652 3152 Τὸ
1692 3099 1844 3170 ἑξῆς,

1953 585 2175 639 modum
2213 597 2265 639 te
2293 586 2682 642 transferente.

2034 673 2189 731 Vers.
2225 678 2277 730 5.
2313 679 2400 730 Ait
2431 688 2609 732 autem
2670 710 2736 719 --
2795 681 3061 732 erubesco.
3126 678 3256 734 Post
3312 691 3542 738 mortem

1953 769 2099 824 enim
2137 785 2299 826 nemo
2330 772 2532 841 poterit
2562 773 2776 842 operari
2815 791 2826 825 :
2863 787 2992 826 nam
3033 788 3276 842 pnesens
3329 785 3546 846 tempus

1950 861 2287 931 operationis
2321 872 2424 926 est,
2459 863 2704 918 futurum
2741 880 2869 919 vero
2922 865 3322 932 retributionis,
3357 877 3412 922 et
3453 868 3546 922 de-

1953 956 2166 1025 precari
2194 959 2301 1009 erit
2320 956 2555 1011 .inutile.

2026 1045 2187 1101 Vers.
2239 1050 2292 1103 4.
2346 1047 2490 1115 Scio,
2537 1049 2665 1119 quid
2693 1050 2916 1120 faciam.
2943 1049 3205 1107 Eruditus
3233 1069 3262 1107 a
3293 1053 3547 1125 Scriptu-

1950 1140 2045 1193 ris.

2024 1233 2176 1287 Vers.
2209 1232 2258 1285 4.
2294 1234 2356 1290 Ut
2387 1251 2503 1286 cum
2529 1263 2601 1273 —-
2626 1240 2807 1289 domos
2838 1253 2986 1292 suas.
3025 1237 3114 1303 lli,
3157 1255 3296 1309 quos
3324 1239 3460 1304 scio,
3494 1250 3549 1292 ιι

1950 1341 2086 1394 quos
2117 1341 2263 1380 nunc
2289 1328 2537 1381 dicturus
2561 1336 2664 1383 est.

2029 1417 2183 1470 Vers.
2214 1419 2266 1472 5.
2303 1416 2371 1470 Et
2403 1419 2662 1472 advocato
2693 1416 2925 1474 —\’ers.
2960 1419 3014 1474 7.
3040 1423 3346 1492 Octoginta.
3381 1405 3546 1488 Quisi

1950 1525 2074 1562 nam
2108 1510 2326 1565 debitor
2358 1511 2432 1565 sit
2468 1511 2596 1574 olei,
2629 1520 2687 1565 et
2739 1513 2863 1582 quis
2915 1514 3108 1580 tritici,
3147 1516 3340 1586 quisve
3372 1532 3515 1570 unus

1949 1603 2186 1672 quisque
2253 1603 2492 1668 debitor,
2527 1615 2733 1674 etqua:
2784 1607 2969 1660 cautio
2998 1607 3193 1670 debiti,
3262 1619 3319 1662 et
3374 1625 3544 1677 quare.

1952 1697 2099 1766 prior
2122 1697 2339 1766 scripsit
2359 1699 2777 1770 quinquaginta,
2799 1701 3068 1770 posterior
3090 1717 3219 1756 vero
3235 1705 3537 1773 octoginta,

1949 1803 2016 1841 ac
2046 1787 2268 1850 similia,
2299 1804 2422 1858 qua:
2456 1789 2511 1843 in
2545 1791 2804 1860 przesenti
2849 1793 3201 1860 reperiuntur
3260 1796 3544 1863 parabola,

1952 1881 2293 1949 superﬂuum
2323 1891 2407 1938 est
2431 1883 2715 1954 inquirere
2749 1902 2760 1937 :
2799 1885 3075 1955 siquidem
3108 1887 3175 1941 ad
3209 1887 3344 1941 nihil
3399 1889 3545 1944 aliud

1948 1971 2128 2026 ellicta
2157 1982 2304 2038 sunt,
2341 1989 2505 2044 quam
2563 1985 2622 2029 ut
2676 1977 3001 2031 ostendatur
3039 1979 3184 2046 quod
3219 1980 3400 2036 dictus
3431 1982 3549 2035 dis-

1950 2076 2236 2134 pensator,
2273 2066 2402 2120 dum
2462 2067 2896 2136 dispensationis
2925 2081 3142 2141 tempus
3170 2072 3379 2140 habuit,
3411 2092 3544 2145 pru-

1951 2161 2145 2211 denter
2171 2159 2380 2212 domiui
2420 2161 2586 2214 rebus
2621 2160 2685 2214 ad
2716 2178 2876 2215 suum
2927 2165 3279 2219 commodum
3340 2171 3545 2222 abusus

1947 2261 2054 2316 est,
2077 2259 2134 2305 et
2158 2266 2256 2320 per
2283 2266 2380 2306 eas
2403 2253 2453 2306 in
2474 2251 2722 2308 futurum
2754 2269 2909 2308 suam
2931 2257 3162 2311 salutem
3196 2261 3510 2327 procuravit
3534 2283 3543 2313 :

1951 2351 2010 2394 ut
2046 2341 2173 2396 hinc
2204 2342 2443 2408 discant,
2467 2344 2557 2413 qui
2591 2343 2797 2400 habuit
2839 2347 3081 2414 divitias,
3114 2352 3261 2418 quod
3291 2361 3544 2420 oporteat

1946 2447 2066 2493 eos,
2095 2449 2220 2487 cum
2251 2435 2466 2489 illarum
2503 2435 2910 2505 dispensatores
2933 2441 3221 2494 constituti
3249 2441 3380 2505 sint,
3417 2443 3546 2497 dum

1950 2526 2077 2582 vita:
2117 2537 2334 2596 tempus
2367 2528 2596 2594 habent,
2631 2530 2932 2598 prudenter
2981 2531 3076 2586 Dei
3102 2534 3266 2590 rebus
3298 2535 3366 2590 ad
3385 2551 3546 2590 suum

1949 2618 2102 2672 abuti
2129 2619 2482 2672 commodum
2527 2636 2541 2672 :
2573 2629 2627 2673 et
2667 2636 2764 2689 per
2796 2621 2938 2687 illas,
2975 2625 3312 2694 pauperibus
3367 2627 3542 2682 bene-

1951 2709 2224 2774 faciendo,
2263 2714 2316 2765 in
2356 2711 2604 2766 futurum
2633 2714 2867 2769 salutem
2899 2715 3001 2771 sibi
3035 2720 3350 2788 acquirere.
3381 2722 3547 2778 Batus

1950 2803 2135 2873 itaque
2169 2819 2427 2858 mensura
2455 2816 2575 2860 erat
2602 2806 2733 2870 olei,
2763 2824 2930 2863 corus
2983 2827 3112 2866 vero
3165 2813 3333 2869 tritici
3387 2833 3548 2872 mei:-

1950 2908 2072 2946 Slll'il
2085 2933 2096 2946 .

2029 3082 2184 3138 Vers.
2228 3084 2280 3138 8.
2314 3084 2380 3138 Et
2412 3086 2655 3141 laudavit
2679 3090 3064 3157 —prudenter
3110 3095 3341 3156 fecisset.
3405 3099 3546 3164 Quid

241 3185 320 3248 ὡς
358 3185 540 3255 δῆλον,
573 3189 688 3250 τοῖς
717 3189 1022 3258 ἀκροαταῖς
1067 3191 1254 3261 ἀφῆκε
1305 3190 1747 3261 συλλογίζεσθαι.
1779 3195 1843 3246 Εἰ

1962 3175 2244 3231 manifeste
2295 3189 2698 3248 consequatur,
2755 3183 3100 3239 auditoribus
3127 3187 3353 3258 reliquit
3401 3196 3548 3261 cogi-

243 3281 356 3350 γὰρ
385 3280 413 3332 6
448 3279 786 3351 ἠδικημένος
821 3282 1092 3355 δεσπότης
1151 3282 1388 3354 ἐπῄνεσε
1429 3286 1522 3339 τὸν
1555 3288 1842 3358 οἰκονόμον

245 3373 348 3441 τῆς
384 3372 622 3438 ἀδικίας,
653 3373 824 3444 ἧγουν
860 3375 952 3427 τὸν
995 3377 1095 3446 τὴν
1131 3379 1341 3431 οἰκείαν
1391 3382 1672 3450 σωτηρίαν
1695 3383 1843 3435 οἱκο-

243 3467 563 3535 νομήσαντα
595 3465 653 3531 ἐξ
695 3467 934 3532 ἀδικίας,
961 3469 1142 3540 πολλῷ
1181 3472 1383 3542 μᾶλλον
1413 3476 1441 3526 6
1480 3473 1841 3545 ἀδικούμενος

241 3557 380 3620 Θεὸς
426 3560 707 3613 ἐπαινέσει
735 3562 824 3613 τὸν
873 3563 1162 3633 οἰκονόμον
1197 3565 1296 3636 τῆς
1329 3565 1704 3637 δικαιοσύνης.
1747 3571 1840 3622 Δι-

243 3651 514 3724 καιοσύνη
545 3653 675 3723 γὰρ,
705 3653 768 3707 τὶ
805 3657 875 3707 τὰ
916 3658 1151 3727 περιττά
1175 3661 1290 3722 τοῖς
1344 3659 1544 3731 πένησι
1583 3662 1841 3734 διανέμε-

243 3743 396 3800 σθαι.

319 3987 448 4042 Ὀτι
475 4020 544 4032 -
570 3989 804 4044 ἑαυτῶν
829 3992 952 4045 εισι
964 4009 1020 4046 ν.
1048 3993 1212 4057 Υἰους
1248 3995 1345 4065 μὲν
1365 3995 1460 4049 τοῦ
1485 3997 1683 4062 αἰῶνος
1713 4000 1838 4053 τού-

240 4097 337 4133 του
392 4083 550 4135 καλεῖ
604 4084 732 4147 τοὺς
789 4087 869 4154 τῷ
912 4087 1103 4157 κόσμῳ
1164 4091 1842 4159 προσκειμένουςάἰῶνα

243 4175 354 4245 γὰρ
386 4176 609 4242 νῦν,τδν
636 4179 848 4248 ,κόσμον
881 4182 1074 4235 τοῦτον
1105 4182 1416 4254 ὠνόμασεν.
1452 4186 1616 4251 Υἰοὺς
1657 4191 1840 4258 φωτὸς

241 4268 390 4335 λέγει
429 4271 555 4333 τοὺς
588 4271 681 4323 τοῦ
724 4272 932 4344 κόσμου
987 4277 1413 4347 ἀποστήσαντας
1447 4281 1698 4345 ἑαυτούς.
1727 4283 1840 4337 Καί

246 4379 434 4431 φησιν,
466 4366 547 4418 ὅτι
587 4360 736 4420 οὗτοι
764 4369 1171 4441 φρονιμώτεροί
1201 4374 1343 4426 εἰσιν
1398 4376 1649 4442 ἐκείνων,
1697 4379 1840 4433 κατά

242 4455 402 4509 τοῦτο
441 4456 497 4510 δὲ
533 4459 712 4528 μόνον,
745 4461 880 4514 καθὸ
905 4463 1252 4533 φροντίζουσι
1284 4467 1378 4520 τοῦ
1423 4469 1737 4536 μέλλοντος,
1761 4475 1839 4537 ὡς

1956 3267 2204 3322 tandum.
2235 3267 2370 3323 Nam
2412 3271 2456 3325 si
2502 3271 2767 3327 Dominus
2813 3275 3080 3344 injustitia
3143 3279 3376 3337 affectus
3429 3284 3548 3337 lau-

1952 3359 2103 3413 davit
2143 3359 2394 3429 iniquum
2426 3361 2892 3431 dispensatorem,
2940 3368 3032 3435 qui
3080 3369 3332 3426 videlicet
3391 3391 3545 3429 suam

1953 3454 2125 3524 ipsius
2150 3453 2383 3508 salutem
2413 3470 2477 3508 ex
2539 3456 2803 3525 iniustitia
2859 3472 3253 3528 procuraverat
3306 3481 3322 3518 :
3375 3469 3548 3520 multo

1951 3549 2122 3618 magis
2147 3547 2312 3609 Deus,
2333 3547 2425 3618 qui
2449 3547 2501 3600 in
2535 3549 2688 3603 nullo
2721 3548 2990 3618 iniustitia
3013 3551 3273 3617 allii-itur,
3302 3558 3549 3614 laudabit

1947 3643 2159 3712 justum
2187 3641 2304 3696 sive
2351 3640 2581 3710 iustitia:
2633 3641 3089 3712 dispensatorem,
3142 3649 3232 3716 qui
3296 3649 3548 3706 νίιΙι-Ι.ςοι

1951 3750 2106 3790 suam
2143 3735 2315 3802 ipsius
2373 3735 2605 3789 salutem
2638 3749 2701 3788 ex
2751 3735 2962 3804 justitia
3002 3737 3405 3808 dispensaverit
3438 3759 3454 3801 ;
3491 3746 3544 3799 id

1951 3827 2098 3882 enim
2135 3827 2562 3898 habetjustitia,
2594 3837 2653 3881 ut
2679 3829 2952 3898 superﬂua
3010 3834 3346 3903 pauperibus
3403 3837 3545 3892 divi-

1951 3921 2171 3976 dantur.

2023 4011 2181 4067 Vers.
2217 4011 2267 4066 8.
2306 4013 2450 4078 Quia
2481 4043 2542 4053 --
2575 4031 2674 4067 sua
2727 4025 2869 4070 sunt.
2923 4015 3093 4073 Filios
3147 4017 3311 4089 hujus
3362 4025 3544 4078 seculi

1953 4102 2110 4164 dicit,
2146 4103 2354 4157 mundo
2407 4103 2793 4170 adhaerentes;
2841 4105 3103 4160 saeculum
3140 4109 3288 4162 enim
3373 4126 3543 4176 nunc,

1949 4197 2219 4250 mundum
2248 4196 2584 4265 appellavit;
2634 4196 2774 4251 ﬁlios
2833 4206 3016 4253 autem
3044 4199 3184 4254 lucis
3230 4213 3391 4256 vocat
3451 4221 3546 4258 eos

1949 4291 2042 4362 qui
2099 4305 2158 4345 se
2199 4291 2345 4360 ipsos
2381 4305 2412 4342 a
2455 4289 2664 4343 mundo
2699 4300 3114 4357 separaverunt.
3171 4291 3236 4346 Et
3259 4295 3388 4350 dicit
3424 4296 3546 4351 illos

1951 4384 2333 4456 prudentiores
2357 4397 2482 4438 esse
2523 4383 2642 4436 istis
2676 4384 2730 4436 in
2762 4383 2866 4438 hoc
2905 4385 3042 4451 solo,
3085 4388 3230 4456 quod
3261 4388 3328 4442 de
3361 4388 3547 4444 futuro

1950 4478 2057 4532 illis
2087 4492 2218 4531 cura
2266 4484 2370 4539 est,
2423 4474 2566 4528 sicut
2598 4475 2731 4530 dicti
2800 4475 3203 4546 dispensatoris
3234 4482 3542 4549 exemplum

244 4548 412 4615 ἔδειξε
473 4551 534 4604 τὸ
597 4553 950 4625 παράδειγμα
1034 4556 1126 4611 τοῦ
1189 4559 1451 4630 ῥηθέντος
1523 4564 1835 4636 οἰκονόμου.

1962 4567 2369 4623 .lemonstravit.
2399 4567 2736 4621 Exhortatur
2761 4577 2946 4623 autem
2983 4585 3165 4625 sermo
3200 4587 3318 4635 eos,
3351 4573 3441 4642 qui
3471 4576 3538 4628 de

256 4639 428 4710 ’Υπὲρ
445 4643 572 4706 τοὺς
590 4646 740 4709 υἱοὺς
762 4646 818 4699 δὲ
835 4647 930 4701 τοῦ
949 4651 1131 4718 φωτὸς
1161 4654 1290 4717 τοὺς
1316 4656 1398 4718 εἰς
1411 4656 1512 4729 τὴν
1527 4661 1724 4729 γενεὰν
1736 4666 1835 4733 τὴν

1948 4665 2139 4719 futuro
2181 4661 2526 4732 negligentes
2550 4671 2701 4716 sunt.

246 4737 481 4800 ἑαυτῶν,
525 4741 696 4809 ἦγουν
750 4742 878 4803 τοὺς
931 4745 995 4796 ἐκ
1051 4745 1154 4815 τῆς
1210 4751 1404 4817 γενεᾶς
1463 4753 1565 4824 τῆς
1625 4756 1836 4814 ἑαυτῶν
1867 4763 2019 4824 υἱοὺς
2072 4756 2252 4828 φωτὸς
2300 4755 2648 4824 γενομένους.
2719 4755 3004 4827 Ἐντρέπει
3053 4758 3110 4811 δὲ
3155 4757 3184 4809 ὁ
3226 4758 3386 4829 λόγος
3418 4763 3541 4825 τοὺς

243 4828 588 4897 ἀμελοῦντας
636 4832 730 4885 τοῦ
829 4835 1136 4905 μέλλοντος.

323 4921 496 4990 Κάγὼ
533 4923 680 4992 ὑμῖν
711 4954 779 4967 -—
832 4927 903 4980 ἐκ
961 4930 1068 4985 τοῦ
1113 4934 1368 5002 μαμωνᾶ
1433 4937 1543 5008 τῆς
1581 4942 1841 5012 ἀδικίας.

255 5016 530 5084 Μαμωνᾶ.
561 5019 673 5090 (89)
704 5023 804 5090 μὲν
823 5023 851 5076 6
877 5022 1108 5101 πλοῦτος
1125 5026 1344 5095 λέγεται
1363 5032 1495 5101 παρ’
1529 5032 1804 5106 Ἑϐραίοις
1829 5056 1843 5070 ·

259 5108 375 5175 Τῆς
413 5108 646 5178 ἀδικίας
679 5113 736 5164 δὲ
766 5113 954 5168 τοῦτον
984 5111 1160 5181 εἶπεν,
1191 5117 1266 5180 ὡς
1296 5120 1354 5184 ἐξ
1394 5123 1606 5188 ἀδικίας
1641 5127 1848 5198 θησαυ-

253 5202 511 5269 ρισθέντα
541 5207 639 5276 τῆς
673 5209 737 5260 ἐκ
768 5209 861 5262 τοῦ
897 5211 972 5281 μὴ
1028 5213 1447 5285 διαμερίζεσθαι
1477 5219 1544 5270 τὰ
1600 5223 1838 5290 περιττὰ

247 5296 444 5349 τούτου
474 5301 587 5362 τοῖς
619 5300 868 5373 πένησιν.
929 5304 1102 5368 Ἐπεὶ,
1160 5311 1348 5376 φησίν,
1405 5309 1536 5380 ἄχρι
1591 5310 1686 5363 τοῦ
1745 5312 1842 5366 νῦν

244 5389 434 5452 κακῶς
458 5391 873 5465 ᾠκονομήσατε,
893 5399 989 5449 καὶ
1017 5400 1086 5451 τὰ
1115 5400 1136 5449 ὲ
1147 5416 1459 5468 μπιπιστευ
1470 5400 1606 5470 μένα
1641 5419 1714 5472 μα
1725 5421 1840 5471 μω-

245 5485 344 5538 νᾶν
378 5485 595 5552 ἀδικίας
627 5491 1025 5563 κατεστήσατε,
1048 5491 1153 5545 κάν
1201 5493 1331 5562 γοῦν
1380 5493 1480 5563 ὀψέ
1516 5510 1645 5546 ποτε
1679 5496 1839 5566 ποιή-

2027 4938 2184 4995 Vers.
2220 4939 2272 4992 9.
2306 4933 2376 4992 Et
2437 4952 2531 5006 ego
2563 4934 2709 4988 vobis
2741 4963 2812 4973 ——
2867 4937 2930 4988 de
2981 4936 3162 5007 iniquo
3210 4955 3541 4995 manantem.

1949 5033 2256 5088 Mammona
2281 5030 2425 5099 apud
2453 5028 2710 5083 Hebraeos
2739 5027 2940 5082 divitia:
2975 5030 3247 5087 dicuntur.
3290 5035 3542 5104 iniquum

1947 5142 2130 5189 autem
2161 5132 2323 5195 dixit,
2351 5132 2467 5184 sive
2503 5128 2837 5200 Iniquitutis.
2875 5131 3020 5199 quod
3047 5146 3110 5183 ex
3141 5130 3426 5199 iniquitate
3456 5147 3540 5184 re-

1945 5225 2245 5286 condatur,
2271 5238 2389 5292 qua:
2412 5225 2465 5275 in
2491 5221 2595 5276 hoc
2626 5236 2731 5285 CSt,
2756 5221 2881 5291 quia
2913 5221 3186 5292 superﬂua
3211 5223 3542 5292 pauperibus

1946 5333 2056 5370 non
2087 5315 2432 5370 dividuntur.
2473 5313 2608 5368 Cum
2653 5329 2807 5384 ergo,
2847 5315 3045 5382 inquit,
3094 5315 3360 5368 hactenus
3396 5317 3539 5369 male

1951 5409 2426 5478 dispensaveritis,
2475 5417 2530 5462 et
2588 5400 2952 5462 'concreuitas
3011 5409 3170 5462 vobis
3233 5408 3539 5478 iniquitatis

1954 5502 2175 5555 divitias
2207 5500 2347 5555 male
2375 5501 2748 5571 expendcritis
2783 5519 2794 5555 :
2829 5502 2912 5558 vel
2945 5503 3166 5558 tandem
3199 5518 3324 5558 sero
3377 5502 3539 5557 facite

1449 5697 1643 5758 Varia:
1689 5698 1999 5761 lectiones
2038 5708 2097 5763 et
2134 5709 2321 5764 noue.

317 5858 426 5930 (89)
464 5858 763 5914 llentenius
789 5863 987 5931 duplici
1023 5882 1105 5934 μμ
1137 5865 1326 5918 edidit.
1391 5865 1502 5935 ligo
1559 5866 1790 5938 simplici
1835 5870 2030 5939 reperi.

572 5960 842 6018 νΛτιιιιῐ..
899 5961 1014 6014 (in.
1057 5959 1150 6020 CX
1169 5960 1324 6015 XIX.

3141 5963 3170 5987 ἢ

3138 5994 3170 6024 0

3182 5964 3214 6024 3
