4016 6470
513 350 652 417 illi-5

1766 356 2151 420 EUTHYMII
2195 356 2560 417 ZlGABENl

3677 370 3807 436 1036

508 471 661 526 vobis
696 472 765 526 ah
821 471 953 544 ipsis
1006 475 1214 530 amicos
1275 488 1569 546 pauperes,
1624 472 1690 528 ad
1727 472 2073 528 imitationcn

2219 489 2338 524 me
2374 475 2590 535 éxutoi’,
2624 474 2816 541 φίλους
2849 473 2909 539 ἐξ
2947 477 3116 531 αὐτοῦ
3170 480 3294 545 τοὺς
3355 482 3615 554 πένητας,
3667 492 3805 544 κατὰ

505 568 670 624 modo
695 569 857 624 dicta:
891 570 1186 640 parabolae.

576 662 728 717 Vers.
765 661 818 717 9.
863 662 927 720 Ut
977 679 1098 718 cum
1162 694 1232 704 —
1288 661 1660 718 tabernacula.
1699 660 1770 718 Ut
1822 677 1947 718 eum
2005 677 2104 731 per

2213 564 2453 633 μίμησιν
2491 564 2591 633 τῆς
2621 565 2721 636 ήδη
2750 566 3017 638 ρηὒεξσης
3047 569 3385 643 παραϐολῆς.

2283 659 2416 710 Ἵνα
2481 656 2630 710 ὅταν
2662 687 2731 698 --
2770 658 3032 728 σκηνάς.
3090 663 3230 727 Ἰνα,
3285 665 3415 718 ὅταν
3461 683 3540 737 τῳ
3587 668 3804 740 θανάτῳ

501 758 731 804 mortem
755 749 885 806 hinc
909 751 1363 824 demigraveritis,
1399 761 1714 824 prmparent
1741 753 1895 808 vobis
1916 753 2039 808 locu
2051 770 2073 807 ιι

2219 751 2541 822 μεταστῆτε,
2576 754 2940 822 παράσχωσιν
2981 754 3112 824 ὑμῖν
3133 755 3300 810 τόπον
3340 759 3420 822 εἰς
3443 761 3540 824 τὰς
3581 760 3808 825 αίωνίας

499 840 565 898 ad
614 855 824 916 ,αξιοι-ηε
873 845 1250 912 tabernaculo,
1317 847 1420 918 ipsi
1503 847 1660 919 prius
1720 847 1966 918 hospites
2030 847 2073 902 ib

2219 845 2442 914 σκηνὰς,
2470 843 2726 916 πρόξενοι
2750 847 2946 899 τούτου
2972 849 3275 919 γινόμενοι.

499 937 626 994 tacti
655 937 751 1008 (r).

567 1029 723 1086 Vers.
767 1032 854 1088 10.
891 1033 995 1099 Qui
1023 1033 1201 1103 ﬁdelis
1243 1064 1312 1074 —
1342 1035 1560 1106 iniquus
1586 1042 1684 1090 est.
1745 1034 1852 1102 Qui
1919 1035 2098 1090 ildelis

495 1135 580 1180 est
616 1126 670 1181 in
706 1128 956 1193 minimo,
989 1131 1156 1185 etiam
1189 1131 1391 1204 dignus
1413 1143 1520 1189 est.
1581 1131 1725 1187 Dicit
1773 1139 1959 1186 autem
1999 1131 2070 1185 mi

493 1218 728 1284 nimum,
781 1228 1033 1277 terrenas
1062 1222 1307 1292 divitias,
1351 1225 1585 1280 multum
1613 1235 1767 1290 vero,
1811 1223 2094 1280 celestes.

567 1403 722 1461 Vers.
755 1405 844 1462 11.
895 1407 955 1463 Si
981 1422 1104 1480 ergo
1140 1436 1210 1450 —-
1241 1412 1445 1484 fuistis.
1485 1410 1625 1468 Male
1688 1410 1947 1468 videlicet
1977 1411 2094 1466 dis-

492 1500 797 1567 pensando.

567 1590 717 1646 \‘ers.
750 1593 834 1646 tt.
869 1592 1021 1660 Quod
1048 1625 1114 1634 —
1144 1600 1319 1653 credet
1354 1601 1380 1655 .’
1416 1598 1584 1655 Veras
1607 1600 1759 1672 regni
1819 1598 1914 1655 Dei
1947 1600 2094 1656 divi-

490 1681 615 1738 tias.

562 1777 719 1834 Vers.
751 1782 841 1835 η.
880 1780 948 1834 Et
979 1785 1025 1836 si
1059 1814 1128 1823 —
1157 1785 1304 1839 dabit
1330 1787 1356 1839 .9
1415 1784 1683 1842 Similiter
1739 1797 1797 1843 et
1840 1787 2083 1844 alienum

2294 1026 2355 1080 '0
2376 1027 2882 1096 πιστὸς-ἄδικός
2909 1029 3104 1086 ἐστιν.
3126 1031 3185 1086 Ὀ
3216 1034 3406 1099 πιστὸς
3427 1034 3484 1087 ἐν
3513 1034 3809 1107 ὀλίγῳ,καὶ

2205 1117 2405 1171 πολλοῦ
2447 1118 2600 1184 ἄξιός
2632 1122 2802 1171 ἐστιν·
2829 1121 2931 1174 ὁδὲ
2955 1121 3011 1173 ἐν
3028 1119 3196 1194 ὀλίγῳ
3237 1121 3442 1190 ἄδικος,
3475 1125 3571 1178 καὶ
3609 1124 3806 1176 πολλοῦ

2203 1209 2421 1276 ἀνάξιός
2477 1214 2620 1268 ἐστι.
2665 1217 2833 1283 Λέγει
2883 1215 2941 1268 δὲ
2975 1214 3260 1285 ἐλάχιστον
3311 1217 3413 1287 μὲν
3472 1217 3566 1271 τὸν
3619 1220 3807 1287 γήῖνον

2204 1301 2459 1367 πλοῦτον,
2492 1305 2660 1359 πολὺν
2693 1305 2750 1359 δὲ
2777 1307 2870 1359 τὸν
2891 1306 3169 1379 οὑρᾴνιον.

2267 1394 2338 1448 El
2369 1390 2484 1450 οὖν
2523 1427 2596 1436 -
2626 1398 2942 1454 ἐγένεσθε·
2999 1397 3089 1464 Ὣς
3136 1403 3325 1464 κακῶς
3370 1403 3802 1476 οἰκονομοῦντες.

2274 1583 2350 1639 Τὸ
2374 1616 2442 1626 -—-
2476 1589 2793 1641 πιστεύσει
2821 1606 2841 1654 ;
2895 1589 2999 1642 Τὴν
3029 1590 3285 1662 ἀληθινὸν
3315 1591 3546 1646 πλοῦτον
3575 1597 3676 1667 τῆς
3706 1595 3798 1665 βα-

2200 1677 2410 1743 σιλείας
2439 1680 2534 1733 τοῦ
2562 1680 2726 1740 Θεοῦ.

2269 1773 2378 1827 Καὶ
2413 1775 2556 1827 εί-
2583 1772 2763 1828 δώσει
2777 1791 2797 1840 ;
2843 1773 3083 1845 Ὁμοίως
3124 1778 3408 1850 ἀλλότριον
3457 1781 3556 1851 μὲν
3604 1782 3803 1853 ὀνομά-

485 1873 734 1928 nominat
771 1885 1022 1932 terrenas
1049 1877 1291 1936 divitias.
1328 1879 1528 1951 quippe
1562 1895 1684 1956 qua:
1746 1881 1893 1952 apud
1931 1881 2073 1936 illum

2219 1869 2277 1925 Ῑει
2304 1867 2396 1920 τὸν
2423 1869 2610 1940 γήϊνον
2646 1867 2900 1932 πλοῦτον,
2938 1869 3015 1933 ὡς
3050 1872 3126 1942 μὴ
3170 1872 3564 1944 παραμένοντα
3601 1874 3683 1946 τῷ
3711 1894 3801 1928 κε·

484 1982 591 2021 non
623 1981 1006 2038 permaneant,
1033 1973 1126 2042 qui
1164 1973 1312 2043 ipsas
1345 1982 1433 2030 est
1465 1982 1755 2031 assecutus
1792 1993 1806 2030 :
1836 1985 2084 2031 nostrum

480 2071 668 2115 autem
697 2060 975 2128 cmlestes,
1011 2071 1218 2133 utqme
1271 2065 1417 2134 apud
1486 2065 1640 2120 illum
1698 2077 2083 2137 permaneant,

479 2154 571 2224 qui
606 2155 755 2224 ipsas
793 2155 1015 2225 accipit.

547 2231 708 2302 Vers.
742 2247 830 2301 15.
857 2246 1054 2302 Nullus
1080 2279 1152 2288 —
1202 2259 1521 2309 contemnet.
1561 2251 1688 2306 llaec
1717 2250 1885 2308 etiam
1949 2251 2087 2309 dixit

476 2335 671 2404 quinto
702 2336 884 2406 capite
913 2335 1195 2408 Evangelii
1253 2339 1559 2394 secundum
1613 2338 1979 2395 Matthmum:
2030 2352 2086 2397 et

479 2429 532 2480 in
563 2443 630 2483 eo
679 2427 804 2498 lege
850 2427 983 2484 dicti
1037 2429 1186 2485 illius
1247 2431 1707 2486 enarrationem:
1751 2430 1925 2487 Nemo
1990 2449 2084 2502 po—

476 2530 573 2576 test
597 2521 802 2576 duobus
821 2521 1054 2577 dominis
1085 2524 1284 2579 servire
1320 2523 1378 2578 “.

545 2615 706 2670 Vers.
763 2615 850 2670 13.
924 2615 1045 2670 Non
1111 2619 1326 2688 potestis
1371 2648 1442 2657 —
1489 2635 1823 2674 mammonae.
1869 2622 2084 2678 Conse-

474 2718 711 2777 quenter
758 2709 833 2764 ibi
863 2720 920 2764 et
955 2710 1024 2764 de
1066 2712 1172 2765 hoc
1211 2712 1420 2765 dictum
1475 2722 1580 2776 est,
1625 2721 1681 2766 et
1733 2714 1859 2767 data
1903 2715 2080 2770 inter-

476 2810 740 2869 pretatto.

552 2892 703 2948 Vcrs.
737 2894 824 2949 H.
849 2892 1147 2946 Audiebant
1172 2923 1241 2935 --
1265 2894 1441 2947 illum.
1477 2894 1899 2966 Vilipendebant
1927 2914 2078 2967 eum,

473 2985 573 3056 ipsi
620 2984 755 3039 viles
792 3000 855 3040 ac
890 2986 1226 3040 detestandi.

546 3078 698 3132 Vcrs.
729 3078 816 3132 15.
853 3076 916 3130 Et
949 3079 1414 3134 ait—hominibus.
1449 3077 1552 3145 Qui
1596 3095 1694 3137 vos
1729 3096 1875 3152 Ipsos
1899 3080 2078 3151 iustos

471 3171 695 3242 putatis.

544 3263 700 3319 \‘ers.
749 3265 836 3320 15.
872 3263 1012 3319 Deus
1061 3273 1242 3320 autem
1285 3294 1348 3304 —
1377 3273 1574 3321 vestra.
1626 3263 1876 3324 Peccatis
1911 3267 2075 3339 plena

469 3369 525 3414 et
558 3359 912 3416 exsecranda.

543 3451 698 3508 Vers.
736 3452 824 3507 15.
853 3452 1003 3518 Quod
1030 3483 1103 3493 —-
1124 3452 1252 3509 Deo.
1292 3454 1603 3525 Siquidem,
1637 3453 1838 3525 inquit,
1876 3455 2074 3510 ctiam-

469 3547 516 3601 εἰ
573 3548 628 3600 in
685 3546 794 3602 alio
842 3547 997 3602 nullo
1053 3547 1417 3618 deliqueritis,
1471 3563 1638 3619 quam
1688 3549 1836 3620 quod
1883 3565 2070 3604 coram

470 3639 791 3695 hominibus
827 3640 1142 3696 sublimiter
1187 3655 1384 3712 sapere
1427 3640 1719 3709 videmini,
1769 3642 1824 3696 id
1859 3641 2071 3697 abomi-

465 3734 618 3789 uatio
654 3743 740 3789 est
762 3747 948 3789 coram
979 3733 1112 3799 Deo,
1142 3749 1205 3789 ac
1231 3735 1592 3790 detestandos
1619 3736 1751 3790 facit
1776 3727 2068 3805 superbos.

537 3827 694 3883 γει-ε.
741 3826 827 3880 16.
881 3825 991 3881 Lex
1017 3856 1092 3866 —-
1125 3825 1421 3882 Joannem.
1464 3828 1579 3884 Lex
1613 3828 1983 3899 prophetandi
2015 3838 2071 3883 et

467 3919 773 3989 prophctre,
806 3918 902 3989 qui
946 3919 1206 3976 videlicet
1239 3921 1307 3977 de
1356 3937 1445 3977 me
1475 3921 2072 3994 pr0phctaverunt,us-

466 4027 572 4081 que
607 4011 674 4066 ad
705 4010 971 4067 Joannem
1012 4014 1489 4084 prophetaverunt
1515 4017 1593 4082 ”;
1643 4031 1769 4069 nam
1816 4017 1921 4072 hoc
1963 4016 2061 4071 atl-

465 4105 607 4160 didit
655 4103 972 4162 Mattheus.
1022 4105 1264 4163 Posthac
1308 4118 1492 4164 autem
1543 4125 1724 4181 neque
1757 4109 1840 4163 lex
1891 4127 2068 4180 neque

465 4201 769 4271 prophetis,
810 4201 907 4256 sed
939 4202 1112 4272 quid?

539 4292 693 4350 νει-ε.
746 4293 833 4349 16.
875 4295 954 4348 Ab
989 4325 1059 4335 --
1088 4297 1468 4350 annuntiatur.
1505 4296 1625 4352 Non
1661 4298 1899 4352 obscure
1934 4313 2066 4369 pro-

465 4388 748 4458 pbctatur,
819 4389 918 4443 sed
987 4390 1168 4460 palam
1249 4390 1616 4446 annuntiatur
1667 4409 1682 4446 :
1729 4391 1847 4462 ipse
1919 4394 2066 4445 enim

463 4481 706 4536 Joannes
751 4482 889 4537 illud
926 4486 1166 4554 primum
1215 4484 1590 4549 annuntiavit,
1627 4483 1872 4538 dicens:
1918 4482 2067 4536 Resi-

2195 1959 2477 2030 κτημένῳ’
2507 1959 2782 2030 ἡμέτερον
2813 1959 2926 2031 (90)
2962 1961 3042 2026 δὲ,
3081 1961 3175 2016 τὸν
3207 1962 3480 2034 οὐράνιον,
3515 1963 3593 2028 ὡς
3622 1981 3800 2035 παρα-

2195 2052 2430 2122 μένοντα
2454 2053 2532 2122 τῷ
2561 2052 2852 2117 ἀξιωθέντι
2889 2056 3081 2108 αὐτοῦ.

2264 2256 2477 2323 Οὐδεὶς
2508 2286 2580 2295 -
2601 2256 3074 2326 καταφρονήσει.
3109 2257 3296 2313 Ταῦτα
3330 2254 3453 2314 εἷπε
3502 2262 3596 2315 καὶ
3631 2263 3692 2316 ἐν
3719 2261 3798 2327 τῷ

2189 2347 2430 2420 πέμπτῳ
2458 2349 2747 2420 κεφαλαίῳ
2778 2349 2873 2403 τοῦ
2897 2352 3038 2405 κατὰ
3074 2351 3380 2421 Ματθαῖον,
3402 2354 3497 2408 καὶ
3519 2355 3796 2424 ἀνάγνωθι

2190 2442 2247 2492 ἐν
2279 2441 2474 2511 ἐκείνῳ
2497 2443 2596 2512 τὴν
2637 2441 2898 2513 ἐξήγησιν
2949 2443 3064 2497 τοῦ’
3093 2442 3305 2512 οὐδεὶς
3349 2443 3602 2502 δύναται
3651 2447 3794 2502 δυσὶ

2188 2529 2422 2597 κυρίοις
2452 2529 2803 2586 δουλεύειν.

2263 2619 2346 2682 οὐ
2374 2618 2644 2676 δύνασθε
2659 2650 2732 2661 —-
2742 2621 3018 2692 μαμωνᾶ.
3046 2623 3384 2690 Ἀκολούθως
3407 2627 3525 2682 his!
3546 2628 3642 2682 καὶ
3666 2629 3797 2695 περὶ

2186 2708 2378 2762 τούτου
2416 2711 2656 2781 εἴρηται,
2686 2715 2783 2766 καὶ
2820 2715 3189 2785 ἡρμήνευται.

2265 2897 2536 2951 Ἤκουον
2567 2928 2637 2937 —
2671 2899 2882 2954 αὐτόν.
2923 2898 3251 2969 Ἐφαύλιξον
3293 2901 3480 2968 αὐτὸν,
3513 2903 3564 2956 oi
3595 2903 3793 2970 φαῦλοι

2185 2990 2283 3043 καὶ
2315 2993 2720 3046 κατάπτυστοι.

2256 3081 2366 3137 Καὶ
2399 3078 2575 3136 εἶπεν
2593 3111 2664 3123 —-
2680 3083 3036 3153 ἀνθρώπων.
3075 3086 3140 3140 Oi
3163 3086 3408 3152 δικαίους
3424 3088 3655 3154 ἑαυτοὺς
3679 3090 3792 3143 οἱὸ-

2104 3201 2149 3260 C
2190 3191 2362 3247 μενοι.

2266 3267 2322 3321 '0
2352 3268 2414 3322 δὲ
2446 3270 2587 3336 Θεὸς
2621 3299 2689 3310 --
2711 3268 2901 3340 ὑμῶν.
2945 3269 3308 3344 Ἀμαρτωλὰς
3337 3272 3508 3339 οὔσας
3538 3275 3636 3330 καὶ
3667 3276 3784 3347 βδεο

2181 3361 2371 3433 λυράς.

2252 3455 2384 3507 Ὅτι
2425 3486 2493 3495 -
2524 3455 2631 3509 τοῦ
2656 3457 2829 3515 Θεοῦ.
2864 3458 2976 3512 Καὶ
3008 3459 3117 3529 γάρ
3149 3475 3342 3531 φησιν·
3371 3461 3432 3513 Εἰ
3463 3461 3559 3515 καὶ
3615 3463 3783 3530 μηδὲν

2177 3547 2365 3616 ἕτερον
2400 3549 2770 3618 ἡμαρτάνετε,
2800 3548 2914 3622 (9|)
2949 3551 3066 3619 ήέν
3110 3551 3424 3622 ἀνθρώποις
3472 3552 3781 3623 ὑψηλοφρο-

2179 3638 2316 3710 σύνη
2352 3639 2591 3710 βδελυρά
2612 3642 2733 3694 ἐστι
2763 3641 2842 3701 τῷ
2864 3639 3006 3709 Θεῷ,
3033 3646 3129 3697 καὶ
3153 3642 3448 3714 βδελυροὺς
3488 3649 3635 3698 ποιεί
3658 3648 3782 3710 τοὺς

2175 3731 2494 3802 οἰηματίας.

2262 3825 2324 3878 '0
2369 3828 2552 3896 νόμος
2579 3857 2650 3866 -
2692 3827 2992 3884 Ἰωάννου.
3044 3830 3103 3883 ’0
3132 3830 3297 3900 νόμος
3325 3829 3422 3883 τοῦ
3463 3832 3776 3902 προφητεύ-

2177 3935 2280 3984 ειν,
2330 3919 2428 3971 καὶ
2451 3921 2500 3972 oi
2543 3921 2830 3992 προφῆται
2875 3923 2926 3974 οἱ
2982 3922 3455 3995 προφητεύοντες,
3509 3922 3776 3993 δηλονότι,

2174 4013 2307 4082 περὶ
2354 4013 2512 4085 ἐμοῦ,
2569 4015 2769 4086 μέχρις
2818 4014 3075 4071 Ἰωάννου
3119 4018 3556 4088 προεφήτευσαν.
3607 4016 3777 4070 Τοῦτο

2173 4105 2283 4175 γὰρ
2311 4107 2657 4178 προσέθηκεν
2679 4110 2706 4161 ὁ
2733 4108 3036 4174 Ματθαῖος.
3065 4109 3175 4164 Τοῦ
3199 4109 3392 4165 λοιποῦ
3437 4110 3495 4164 δὲ
3531 4110 3653 4164 οὔτε
3686 4110 3774 4164 v6-

2175 4218 2274 4269 μος
2315 4199 2440 4253 οὒτε
2490 4205 2793 4274 προφῆται,
2829 4202 2965 4257 ἀλλὰ
2988 4204 3064 4272 τί;

2253 4288 2391 4346 ’Ἀπὸ
2423 4323 2494 4332 --
2552 4294 3025 4365 εὐαγγελίζεται.
3062 4297 3263 4351 Οὐκέτι
3297 4296 3590 4360 σκοτεινῶς
3637 4313 3774 4365 προ-

2171 4387 2495 4457 φητεύεται,
2524 4387 2661 4442 ἀλλὰ
2690 4389 2943 4462 φανερῶς
2975 4389 3439 4459 καταγγέλλεται.
3458 4391 3632 4453 Αὐτὸς
3663 4394 3772 4461 γάρ

2173 4483 2199 4531 ὁ
2234 4480 2492 4552 Ἰωάννης
2522 4479 2742 4551 πρῶτος
2780 4483 2952 4554 αὐτὴν
2988 4481 3407 4555 εὐηγγελίσατο,
3439 4477 3636 4550 λέγων·
3662 4485 3774 4535 Με-

466 4577 673 4640 piscite,
722 4577 888 4630 instat
927 4579 1065 4631 enim
1117 4595 1338 4650 regnum
1385 4578 1639 4632 caelorum
1692 4577 1755 4630 ¹⁶.
1793 4578 2064 4649 liegnum,

2219 4571 2461 4638 ανοεῐτε,
2492 4571 2703 4642 ἤγγικε
2750 4574 2859 4643 γὰρ
2903 4576 2940 4644 ἡ
2987 4574 3286 4639 ,βασιλεία
3319 4571 3438 4626 τῶν
3473 4572 3770 4640 οὐρανῶν.

466 4685 595 4724 τοι-ο
633 4669 728 4724 Dei
762 4685 912 4725 nunc
947 4671 1080 4725 dicit
1115 4671 1301 4737 ﬁdem,
1337 4687 1461 4742 quae
1507 4671 1561 4725 in
1612 4670 1792 4741 ipsum
1843 4683 1944 4736 est,
1984 4680 2068 4725 ut-

2170 4664 2462 4717 Βασιλείαν
2494 4663 2549 4717 δὲ
2575 4665 2671 4718 τοῦ
2711 4666 2848 4719 Θεοῦ
2875 4667 3026 4736 λέγει
3055 4666 3171 4735 νῦν,
3208 4668 3308 4737 τὴν
3351 4669 3433 4730 είς
3464 4667 3629 4720 αὑτὸν
3687 4667 3773 4715 πί-

463 4771 592 4830 pote
647 4763 1017 4818 arrhabonem
1079 4764 1230 4834 regni
1279 4765 1570 4830 coelorum,
1610 4763 1726 4818 sive
1787 4762 2066 4817 fruitionis

2219 4780 2303 4823 τιν,
2337 4761 2412 4824 ὡς
2443 4759 2612 4815 οὖσαν
2645 4763 2946 4833 ἀρραϐῶνα
2979 4763 3081 4833 τῆς
3119 4761 3394 4833 βαειλείας
3429 4762 3539 4815 τῶν
3591 4762 3726 4825 οὐρα
3749 4791 3770 4799 -

463 4854 772 4908 caelestium
811 4855 1116 4910 bonorum.

539 4947 693 5002 Vers.
758 4948 845 5002 16.
905 4947 973 5002 Et
1013 4979 1082 4988 -—
1116 4951 1218 5002 vim
1275 4951 1426 5018 facit.
1466 4947 1658 5004 Omnis
1712 4949 1932 5020 sapiens
1992 4951 2060 5004 ad

571 5132 609 5163 ιλ
649 5129 842 5183 Matth.
878 5130 1042 5186 νιὲι.
1177 5132 1220 5162 ’⁸
1247 5132 1442 5187 Matth.
1510 5148 1588 5196 χι,
1625 5133 1714 5186 l5.

2166 4855 2291 4919 νῶν,
2322 4856 2440 4925 ἦτοι
2491 4857 2589 4923 τῆς
2629 4855 2988 4917 ἀπολαύσεως
3045 4855 3154 4908 τῶν
3197 4856 3469 4926 οὐρανίων
3523 4854 3768 4922 ἀγαθῶν.

2234 4948 2340 5002 Καὶ
2398 4977 2446 4989 α
2500 4943 2796 5013 βιάζεται.
2841 4950 2951 5013 Πᾶς
3000 4948 3222 5012 συνετὸς
3257 4951 3340 5014 εἰς
3384 4948 3555 5019 αὐτὴν
3594 4948 3767 5019 βιάζει

1831 5134 1872 5164 ³⁸
1897 5133 2084 5188 Matth.
2120 5149 2183 5200 lt,
2224 5135 2277 5187 “2.

1659 5303 1858 5364 Vatia:
1893 5302 2197 5365 lectiones
2231 5311 2288 5364 et
2324 5312 2514 5364 notae.

533 5467 644 5556 (90)
685 5467 740 5554 In
784 5479 932 5552 textu
966 5471 1170 5556 habth
1211 5474 1504 5556 δμέτερον.
1544 5471 1931 5556 Nihilominus
1965 5486 2045 5532 ta-

463 5556 584 5614 men
616 5542 902 5614 ἡμέτερον
922 5542 974 5594 in
1002 5542 1590 5614 explicatione—locum
1629 5547 1815 5600 habet.
1871 5545 2050 5602 Theo-

461 5612 821 5687 phyluetusin
843 5613 1000 5668 editis
1029 5612 1087 5668 in
1116 5626 1265 5671 textu
1297 5632 1349 5671 e'.
1376 5620 1428 5671 in
1459 5617 1686 5672 sclioliis
1717 5617 1881 5671 habet
1912 5620 2052 5687 ὴμέ-

461 5701 638 5753 τερον.
693 5682 814 5738 Vid.
886 5702 940 5754 p.
997 5687 1126 5742 455.
1189 5688 1250 5742 Β.
1330 5689 1387 5745 Ε.
1450 5688 1580 5744 456.
1634 5682 2060 5746 A.Tcrtulliani

532 5847 601 5910 (ν)
653 5841 765 5898 Ιυδὶ
799 5877 866 5886 ——
894 5849 1021 5925 facti
1043 5849 1249 5903 Τούτου
1273 5849 1508 5925 Ifel'ertur
1529 5855 1593 5908 al
1622 5855 1811 5909 τόπον.
1851 5857 2058 5925 Πρόξε-

463 5930 544 5977 an;
575 5932 700 5970 vero
729 5935 837 5972 non
873 5933 951 5974 est
984 5923 1182 5992 hospes
1212 5924 1384 5992 prior,
1414 5925 1509 5980 sed
1552 5927 1597 5982 is
1639 5929 1732 5997 qui
1771 5923 1910 5983 aliis
1935 5930 2036 5982 ati-

2158 5493 2365 5539 meum,
2412 5496 2439 5532 a
2489 5477 2799 5537 Sabaticrio
2834 5489 3110 5546 notatum,
3138 5478 3306 5533 etiam
3345 5479 3412 5534 ad
3447 5477 3742 5550 interprets

2161 5552 2344 5604 tiones
2417 5552 2801 5608 referendum.

2236 5623 2349 5694 (9i)
2394 5622 2798 5696 Ἦμαρτάνετο.
2855 5624 2917 5679 Β.

2170 5859 2328 5935 cujus
2369 5861 2446 5914 rei
2477 5871 2670 5917 auctor
2699 5861 2990 5935 etadjutor
3006 5873 3110 5919 est.
3138 5861 3327 5919 Redde
3349 5879 3363 5918 :
3389 5861 3522 5932 Ejus
3542 5865 3619 5918 rei
3635 5863 3757 5935 [acti

2151 5930 2448 5999 adjutores.
