  <div class='ocr_page' id='page_1' title='image "/cluster/home/n/w/nwhite01/storage/ocr_20150623/129/ien.35556001660034/519.png"; bbox 0 0 4016 6466; ppageno 0'>
   <div class='ocr_carea' id='block_1_1' title="bbox 519 370 660 435">
    <p class='ocr_par' dir='ltr' id='par_1_1' title="bbox 519 370 660 435">
     <span class='ocr_line' id='line_1_1' title="bbox 519 370 660 435; baseline -0.014 0"><span class='ocrx_word' id='word_1_1' title='bbox 519 370 660 435; x_wconf 61' lang='lat'>1039</span> 
     </span>
    </p>
   </div>
   <div class='ocr_carea' id='block_1_2' title="bbox 1756 375 2539 438">
    <p class='ocr_par' dir='ltr' id='par_1_2' title="bbox 1756 375 2539 438">
     <span class='ocr_line' id='line_1_2' title="bbox 1756 375 2539 438; baseline 0.005 -5"><span class='ocrx_word' id='word_1_2' title='bbox 1756 375 2136 436; x_wconf 79' lang='lat' dir='ltr'><strong>EUTHYMH</strong></span> <span class='ocrx_word' id='word_1_3' title='bbox 2179 377 2539 438; x_wconf 72' lang='lat' dir='ltr'><strong>ZlGABENl</strong></span> 
     </span>
    </p>
   </div>
   <div class='ocr_carea' id='block_1_3' title="bbox 3661 379 3795 446">
    <p class='ocr_par' dir='ltr' id='par_1_3' title="bbox 3661 379 3795 446">
     <span class='ocr_line' id='line_1_3' title="bbox 3661 379 3795 446; baseline 0.007 -4"><span class='ocrx_word' id='word_1_4' title='bbox 3661 379 3795 446; x_wconf 58' lang='lat'><strong>10$;-</strong></span> 
     </span>
    </p>
   </div>
   <div class='ocr_carea' id='block_1_4' title="bbox 510 485 2098 565">
    <p class='ocr_par' dir='ltr' id='par_1_4' title="bbox 510 485 2092 562">
     <span class='ocr_line' id='line_1_4' title="bbox 510 485 2092 562; baseline 0.006 -25"><span class='ocrx_word' id='word_1_5' title='bbox 510 489 729 555; x_wconf 74' lang='lat' dir='ltr'><strong>januam</strong></span> <span class='ocrx_word' id='word_1_6' title='bbox 788 502 942 541; x_wconf 82' lang='lat' dir='ltr'><strong>suam</strong></span> <span class='ocrx_word' id='word_1_7' title='bbox 989 486 1264 555; x_wconf 71' lang='lat' dir='ltr'><strong>iacentem</strong></span> <span class='ocrx_word' id='word_1_8' title='bbox 1302 489 1313 539; x_wconf 88' lang='lat'><strong>!</strong></span> <span class='ocrx_word' id='word_1_9' title='bbox 1358 485 1420 542; x_wconf 78' lang='lat' dir='ltr'><strong>Et</strong></span> <span class='ocrx_word' id='word_1_10' title='bbox 1479 503 1696 542; x_wconf 83' lang='lat' dir='ltr'><strong>rursum</strong></span> <span class='ocrx_word' id='word_1_11' title='bbox 1732 506 1764 544; x_wconf 91' lang='grc' dir='ltr'><strong>ο</strong></span> <span class='ocrx_word' id='word_1_12' title='bbox 1815 494 2092 562; x_wconf 82' lang='lat' dir='ltr'><strong>egregiam</strong></span> 
     </span>
    </p>
   </div>
   <div class='ocr_carea' id='block_1_5' title="bbox 2215 485 3800 565">
    <p class='ocr_par' dir='ltr' id='par_1_5' title="bbox 2215 489 3800 565">
     <span class='ocr_line' id='line_1_5' title="bbox 2215 489 3800 565; baseline 0 -19"><span class='ocrx_word' id='word_1_13' title='bbox 2215 494 2296 563; x_wconf 66' lang='grc' dir='ltr'>’.ἧς</span> <span class='ocrx_word' id='word_1_14' title='bbox 2329 494 2588 565; x_wconf 80' lang='grc' dir='ltr'><strong>ἀνδρείας</strong></span> <span class='ocrx_word' id='word_1_15' title='bbox 2617 492 2729 562; x_wconf 63' lang='grc'>(94)</span> <span class='ocrx_word' id='word_1_16' title='bbox 2763 491 2856 546; x_wconf 68' lang='grc' dir='ltr'><strong>καὶ</strong></span> <span class='ocrx_word' id='word_1_17' title='bbox 2889 493 3195 563; x_wconf 80' lang='grc' dir='ltr'><strong>ὑπομονῆς,</strong></span> <span class='ocrx_word' id='word_1_18' title='bbox 3259 489 3341 546; x_wconf 80' lang='grc' dir='ltr'>ὅτι</span> <span class='ocrx_word' id='word_1_19' title='bbox 3387 491 3599 546; x_wconf 79' lang='grc' dir='ltr'>ἐκείνου</span> <span class='ocrx_word' id='word_1_20' title='bbox 3629 492 3800 558; x_wconf 78' lang='grc' dir='ltr'>οὕτως</span> 
     </span>
    </p>
   </div>
   <div class='ocr_carea' id='block_1_6' title="bbox 511 579 2094 649">
    <p class='ocr_par' dir='ltr' id='par_1_6' title="bbox 511 579 2094 649">
     <span class='ocr_line' id='line_1_6' title="bbox 511 579 2094 649; baseline 0.003 -19"><span class='ocrx_word' id='word_1_21' title='bbox 511 580 887 634; x_wconf 67' lang='lat' dir='ltr'><strong>fortitudinem</strong></span> <span class='ocrx_word' id='word_1_22' title='bbox 922 597 984 633; x_wconf 88' lang='lat' dir='ltr'><strong>ac</strong></span> <span class='ocrx_word' id='word_1_23' title='bbox 1013 579 1382 640; x_wconf 83' lang='lat' dir='ltr'><strong>tolerantiam,</strong></span> <span class='ocrx_word' id='word_1_24' title='bbox 1414 580 1582 649; x_wconf 86' lang='lat' dir='ltr'><strong>quod,</strong></span> <span class='ocrx_word' id='word_1_25' title='bbox 1626 595 1750 633; x_wconf 83' lang='lat' dir='ltr'><strong>eum</strong></span> <span class='ocrx_word' id='word_1_26' title='bbox 1783 581 1872 634; x_wconf 85' lang='lat' dir='ltr'><strong>ille</strong></span> <span class='ocrx_word' id='word_1_27' title='bbox 1918 583 1988 634; x_wconf 85' lang='lat' dir='ltr'><strong>ita</strong></span> <span class='ocrx_word' id='word_1_28' title='bbox 2036 599 2094 635; x_wconf 77' lang='lat' dir='ltr'><strong>se</strong></span> 
     </span>
    </p>
   </div>
   <div class='ocr_carea' id='block_1_7' title="bbox 513 671 2094 745">
    <p class='ocr_par' dir='ltr' id='par_1_7' title="bbox 513 671 2094 745">
     <span class='ocr_line' id='line_1_7' title="bbox 513 671 2094 745; baseline 0.002 -20"><span class='ocrx_word' id='word_1_29' title='bbox 513 673 763 737; x_wconf 79' lang='lat' dir='ltr'><strong>haberet,</strong></span> <span class='ocrx_word' id='word_1_30' title='bbox 808 674 893 727; x_wconf 89' lang='lat' dir='ltr'><strong>hic</strong></span> <span class='ocrx_word' id='word_1_31' title='bbox 920 674 991 727; x_wconf 88' lang='lat' dir='ltr'><strong>ita</strong></span> <span class='ocrx_word' id='word_1_32' title='bbox 1041 671 1276 726; x_wconf 73' lang='lat' dir='ltr'><strong>aﬂ‘cctus</strong></span> <span class='ocrx_word' id='word_1_33' title='bbox 1323 688 1431 728; x_wconf 91' lang='lat' dir='ltr'><strong>non</strong></span> <span class='ocrx_word' id='word_1_34' title='bbox 1488 674 1858 737; x_wconf 82' lang='lat' dir='ltr'><strong>malediceret,</strong></span> <span class='ocrx_word' id='word_1_35' title='bbox 1919 691 2094 745; x_wconf 82' lang='lat' dir='ltr'><strong>neque</strong></span> 
     </span>
    </p>
   </div>
   <div class='ocr_carea' id='block_1_8' title="bbox 514 776 902 820">
    <p class='ocr_par' dir='ltr' id='par_1_8' title="bbox 514 776 902 820">
     <span class='ocr_line' id='line_1_8' title="bbox 514 776 902 820; baseline 0 -2"><span class='ocrx_word' id='word_1_36' title='bbox 514 776 902 820; x_wconf 83' lang='lat' dir='ltr'><strong>Inurmuraret.</strong></span> 
     </span>
    </p>
   </div>
   <div class='ocr_carea' id='block_1_9' title="bbox 581 857 2098 930">
    <p class='ocr_par' dir='ltr' id='par_1_9' title="bbox 581 857 2098 930">
     <span class='ocr_line' id='line_1_9' title="bbox 581 857 2098 930; baseline 0.001 -20"><span class='ocrx_word' id='word_1_37' title='bbox 581 858 735 912; x_wconf 69' lang='grc' dir='ltr'>νει-ε.</span> <span class='ocrx_word' id='word_1_38' title='bbox 764 859 854 911; x_wconf 80' lang='grc'><strong>22.</strong></span> <span class='ocrx_word' id='word_1_39' title='bbox 910 858 1113 913; x_wconf 80' lang='lat' dir='ltr'><strong>Accidit</strong></span> <span class='ocrx_word' id='word_1_40' title='bbox 1154 889 1223 899; x_wconf 93' lang='lat'><strong>—</strong></span> <span class='ocrx_word' id='word_1_41' title='bbox 1274 859 1520 913; x_wconf 79' lang='lat' dir='ltr'><strong>Abralue.</strong></span> <span class='ocrx_word' id='word_1_42' title='bbox 1569 857 1638 913; x_wconf 89' lang='lat' dir='ltr'><strong>Ut</strong></span> <span class='ocrx_word' id='word_1_43' title='bbox 1691 860 1961 930; x_wconf 81' lang='lat' dir='ltr'><strong>hospitem</strong></span> <span class='ocrx_word' id='word_1_44' title='bbox 1994 859 2098 912; x_wconf 78' lang='lat' dir='ltr'><strong>La-</strong></span> 
     </span>
    </p>
   </div>
   <div class='ocr_carea' id='block_1_10' title="bbox 508 952 2093 1022">
    <p class='ocr_par' dir='ltr' id='par_1_10' title="bbox 508 952 2093 1022">
     <span class='ocr_line' id='line_1_10' title="bbox 508 952 2093 1022; baseline 0.003 -18"><span class='ocrx_word' id='word_1_45' title='bbox 508 967 692 1005; x_wconf 86' lang='lat' dir='ltr'><strong>zarum</strong></span> <span class='ocrx_word' id='word_1_46' title='bbox 737 952 878 1017; x_wconf 75' lang='lat' dir='ltr'><strong>apud</strong></span> <span class='ocrx_word' id='word_1_47' title='bbox 931 953 1253 1022; x_wconf 79' lang='lat' dir='ltr'><strong>hospitalem</strong></span> <span class='ocrx_word' id='word_1_48' title='bbox 1299 952 1576 1007; x_wconf 77' lang='lat' dir='ltr'><strong>Abraham</strong></span> <span class='ocrx_word' id='word_1_49' title='bbox 1631 953 1866 1008; x_wconf 84' lang='lat' dir='ltr'><strong>intuitus</strong></span> <span class='ocrx_word' id='word_1_50' title='bbox 1921 953 2093 1014; x_wconf 83' lang='lat' dir='ltr'><strong>dives.</strong></span> 
     </span>
    </p>
   </div>
   <div class='ocr_carea' id='block_1_11' title="bbox 506 1046 2098 1115">
    <p class='ocr_par' dir='ltr' id='par_1_11' title="bbox 506 1046 2098 1115">
     <span class='ocr_line' id='line_1_11' title="bbox 506 1046 2098 1115; baseline 0.001 -15"><span class='ocrx_word' id='word_1_51' title='bbox 506 1062 633 1100; x_wconf 70' lang='lat' dir='ltr'><strong>«:sor</strong></span> <span class='ocrx_word' id='word_1_52' title='bbox 667 1046 981 1115; x_wconf 61' lang='lat' dir='ltr'><strong>hospitum.</strong></span> <span class='ocrx_word' id='word_1_53' title='bbox 1019 1048 1247 1101; x_wconf 78' lang='lat' dir='ltr'><strong>haberet</strong></span> <span class='ocrx_word' id='word_1_54' title='bbox 1285 1047 1390 1102; x_wconf 90' lang='lat' dir='ltr'><strong>hoc</strong></span> <span class='ocrx_word' id='word_1_55' title='bbox 1417 1047 1482 1101; x_wconf 88' lang='lat' dir='ltr'><strong>ad</strong></span> <span class='ocrx_word' id='word_1_56' title='bbox 1519 1046 1953 1102; x_wconf 82' lang='lat' dir='ltr'><strong>conlutationem</strong></span> <span class='ocrx_word' id='word_1_57' title='bbox 1986 1063 2098 1102; x_wconf 75' lang='lat' dir='ltr'><strong>suae</strong></span> 
     </span>
    </p>
   </div>
   <div class='ocr_carea' id='block_1_12' title="bbox 512 1138 2097 1213">
    <p class='ocr_par' dir='ltr' id='par_1_12' title="bbox 512 1138 2097 1213">
     <span class='ocr_line' id='line_1_12' title="bbox 512 1138 2097 1213; baseline 0.003 -21"><span class='ocrx_word' id='word_1_58' title='bbox 512 1140 986 1210; x_wconf 85' lang='lat' dir='ltr'><strong>iubospitalitatis.</strong></span> <span class='ocrx_word' id='word_1_59' title='bbox 1026 1138 1268 1196; x_wconf 78' lang='lat' dir='ltr'><strong>Observa</strong></span> <span class='ocrx_word' id='word_1_60' title='bbox 1315 1145 1500 1207; x_wconf 88' lang='lat' dir='ltr'><strong>etiam,</strong></span> <span class='ocrx_word' id='word_1_61' title='bbox 1553 1144 1696 1213; x_wconf 90' lang='lat' dir='ltr'><strong>quod</strong></span> <span class='ocrx_word' id='word_1_62' title='bbox 1748 1153 2097 1212; x_wconf 83' lang='lat' dir='ltr'><strong>peccatorum</strong></span> 
     </span>
    </p>
   </div>
   <div class='ocr_carea' id='block_1_13' title="bbox 506 1231 2095 1304">
    <p class='ocr_par' dir='ltr' id='par_1_13' title="bbox 506 1231 2095 1304">
     <span class='ocr_line' id='line_1_13' title="bbox 506 1231 2095 1304; baseline 0.003 -20"><span class='ocrx_word' id='word_1_63' title='bbox 506 1232 704 1286; x_wconf 69' lang='lat' dir='ltr'><strong>anima:</strong></span> <span class='ocrx_word' id='word_1_64' title='bbox 733 1231 969 1286; x_wconf 82' lang='lat' dir='ltr'><strong>violente</strong></span> <span class='ocrx_word' id='word_1_65' title='bbox 995 1246 1060 1286; x_wconf 90' lang='lat' dir='ltr'><strong>ac</strong></span> <span class='ocrx_word' id='word_1_66' title='bbox 1089 1237 1228 1287; x_wconf 88' lang='lat' dir='ltr'><strong>dure</strong></span> <span class='ocrx_word' id='word_1_67' title='bbox 1264 1243 1594 1302; x_wconf 87' lang='lat' dir='ltr'><strong>repetuntur</strong></span> <span class='ocrx_word' id='word_1_68' title='bbox 1623 1253 1636 1287; x_wconf 91' lang='lat'><strong>:</strong></span> <span class='ocrx_word' id='word_1_69' title='bbox 1671 1231 1863 1296; x_wconf 75' lang='lat' dir='ltr'><strong>Stulte,</strong></span> <span class='ocrx_word' id='word_1_70' title='bbox 1895 1235 2095 1304; x_wconf 90' lang='lat' dir='ltr'><strong>inquil,</strong></span> 
     </span>
    </p>
   </div>
   <div class='ocr_carea' id='block_1_14' title="bbox 504 1325 2098 1396">
    <p class='ocr_par' dir='ltr' id='par_1_14' title="bbox 504 1325 2098 1396">
     <span class='ocr_line' id='line_1_14' title="bbox 504 1325 2098 1396; baseline 0.003 -21"><span class='ocrx_word' id='word_1_71' title='bbox 504 1325 604 1376; x_wconf 80' lang='lat' dir='ltr'><strong>hac</strong></span> <span class='ocrx_word' id='word_1_72' title='bbox 656 1334 804 1377; x_wconf 80' lang='lat' dir='ltr'><strong>nocte</strong></span> <span class='ocrx_word' id='word_1_73' title='bbox 855 1333 1094 1394; x_wconf 78' lang='lat' dir='ltr'><strong>repetunt</strong></span> <span class='ocrx_word' id='word_1_74' title='bbox 1147 1326 1384 1379; x_wconf 77' lang='lat' dir='ltr'><strong>animant</strong></span> <span class='ocrx_word' id='word_1_75' title='bbox 1426 1336 1573 1379; x_wconf 83' lang='lat' dir='ltr'><strong>tuam</strong></span> <span class='ocrx_word' id='word_1_76' title='bbox 1639 1344 1671 1380; x_wconf 90' lang='lat' dir='ltr'><strong>a</strong></span> <span class='ocrx_word' id='word_1_77' title='bbox 1715 1328 1870 1393; x_wconf 70' lang='lat' dir='ltr'><strong>re&quot;;</strong></span> <span class='ocrx_word' id='word_1_78' title='bbox 1918 1327 2098 1396; x_wconf 86' lang='lat' dir='ltr'><strong>justo-</strong></span> 
     </span>
    </p>
   </div>
   <div class='ocr_carea' id='block_1_15' title="bbox 507 1419 2098 1490">
    <p class='ocr_par' dir='ltr' id='par_1_15' title="bbox 507 1419 2098 1490">
     <span class='ocr_line' id='line_1_15' title="bbox 507 1419 2098 1490; baseline 0.004 -21"><span class='ocrx_word' id='word_1_79' title='bbox 507 1433 625 1470; x_wconf 91' lang='lat' dir='ltr'><strong>rum</strong></span> <span class='ocrx_word' id='word_1_80' title='bbox 665 1432 796 1472; x_wconf 80' lang='lat' dir='ltr'><strong>vero</strong></span> <span class='ocrx_word' id='word_1_81' title='bbox 843 1419 932 1489; x_wconf 89' lang='lat' dir='ltr'><strong>pie</strong></span> <span class='ocrx_word' id='word_1_82' title='bbox 965 1434 1030 1474; x_wconf 88' lang='lat' dir='ltr'><strong>ac</strong></span> <span class='ocrx_word' id='word_1_83' title='bbox 1074 1429 1393 1473; x_wconf 84' lang='lat' dir='ltr'><strong>reverenter</strong></span> <span class='ocrx_word' id='word_1_84' title='bbox 1440 1420 1508 1474; x_wconf 89' lang='lat' dir='ltr'><strong>ab</strong></span> <span class='ocrx_word' id='word_1_85' title='bbox 1538 1420 1768 1490; x_wconf 79' lang='lat' dir='ltr'><strong>angelis,</strong></span> <span class='ocrx_word' id='word_1_86' title='bbox 1834 1431 2098 1490; x_wconf 88' lang='lat' dir='ltr'><strong>tanquam</strong></span> 
     </span>
    </p>
   </div>
   <div class='ocr_carea' id='block_1_16' title="bbox 505 1507 1264 1573">
    <p class='ocr_par' dir='ltr' id='par_1_16' title="bbox 505 1507 1264 1573">
     <span class='ocr_line' id='line_1_16' title="bbox 505 1507 1264 1573; baseline 0 -11"><span class='ocrx_word' id='word_1_87' title='bbox 505 1507 856 1573; x_wconf 79' lang='lat' dir='ltr'><strong>satellitibus,</strong></span> <span class='ocrx_word' id='word_1_88' title='bbox 891 1509 1264 1564; x_wconf 86' lang='lat' dir='ltr'><strong>abducuntur.</strong></span> 
     </span>
    </p>
   </div>
   <div class='ocr_carea' id='block_1_17' title="bbox 576 1598 2096 1668">
    <p class='ocr_par' dir='ltr' id='par_1_17' title="bbox 576 1598 2096 1668">
     <span class='ocr_line' id='line_1_17' title="bbox 576 1598 2096 1668; baseline 0.003 -16"><span class='ocrx_word' id='word_1_89' title='bbox 576 1598 731 1654; x_wconf 86' lang='lat' dir='ltr'><strong>Vers.</strong></span> <span class='ocrx_word' id='word_1_90' title='bbox 760 1599 854 1654; x_wconf 88' lang='grc'><strong>22.</strong></span> <span class='ocrx_word' id='word_1_91' title='bbox 885 1602 1129 1654; x_wconf 75' lang='lat' dir='ltr'><strong>Mortuus</strong></span> <span class='ocrx_word' id='word_1_92' title='bbox 1164 1609 1239 1653; x_wconf 77' lang='lat' dir='ltr'><strong>est</strong></span> <span class='ocrx_word' id='word_1_93' title='bbox 1289 1630 1354 1644; x_wconf 92' lang='lat'><strong>-</strong></span> <span class='ocrx_word' id='word_1_94' title='bbox 1407 1600 1640 1668; x_wconf 75' lang='lat' dir='ltr'><strong>sepultus</strong></span> <span class='ocrx_word' id='word_1_95' title='bbox 1671 1612 1764 1655; x_wconf 80' lang='lat' dir='ltr'><strong>est.</strong></span> <span class='ocrx_word' id='word_1_96' title='bbox 1811 1601 1887 1656; x_wconf 87' lang='lat' dir='ltr'><strong>De</strong></span> <span class='ocrx_word' id='word_1_97' title='bbox 1943 1618 2096 1656; x_wconf 80' lang='lat' dir='ltr'><strong>nien-</strong></span> 
     </span>
    </p>
   </div>
   <div class='ocr_carea' id='block_1_18' title="bbox 504 1692 2101 1764">
    <p class='ocr_par' dir='ltr' id='par_1_18' title="bbox 504 1692 2101 1764">
     <span class='ocr_line' id='line_1_18' title="bbox 504 1692 2101 1764; baseline 0.004 -18"><span class='ocrx_word' id='word_1_98' title='bbox 504 1692 630 1747; x_wconf 89' lang='lat' dir='ltr'><strong>dico</strong></span> <span class='ocrx_word' id='word_1_99' title='bbox 657 1707 767 1746; x_wconf 92' lang='lat' dir='ltr'><strong>non</strong></span> <span class='ocrx_word' id='word_1_100' title='bbox 800 1692 962 1759; x_wconf 81' lang='lat' dir='ltr'><strong>dixit,</strong></span> <span class='ocrx_word' id='word_1_101' title='bbox 987 1692 1135 1763; x_wconf 86' lang='lat' dir='ltr'><strong>quod</strong></span> <span class='ocrx_word' id='word_1_102' title='bbox 1162 1693 1413 1764; x_wconf 88' lang='lat' dir='ltr'><strong>sepultus</strong></span> <span class='ocrx_word' id='word_1_103' title='bbox 1437 1695 1529 1759; x_wconf 82' lang='lat' dir='ltr'><strong>sit,</strong></span> <span class='ocrx_word' id='word_1_104' title='bbox 1553 1710 1620 1749; x_wconf 90' lang='lat' dir='ltr'><strong>eo</strong></span> <span class='ocrx_word' id='word_1_105' title='bbox 1644 1696 1790 1764; x_wconf 85' lang='lat' dir='ltr'><strong>quod</strong></span> <span class='ocrx_word' id='word_1_106' title='bbox 1814 1695 1923 1752; x_wconf 84' lang='lat' dir='ltr'><strong>vile</strong></span> <span class='ocrx_word' id='word_1_107' title='bbox 1951 1708 2101 1752; x_wconf 86' lang='lat' dir='ltr'><strong>esset</strong></span> 
     </span>
    </p>
   </div>
   <div class='ocr_carea' id='block_1_19' title="bbox 505 1784 2102 1858">
    <p class='ocr_par' dir='ltr' id='par_1_19' title="bbox 505 1784 2102 1858">
     <span class='ocr_line' id='line_1_19' title="bbox 505 1784 2102 1858; baseline 0.003 -20"><span class='ocrx_word' id='word_1_108' title='bbox 505 1784 765 1854; x_wconf 81' lang='lat' dir='ltr'><strong>pauperis</strong></span> <span class='ocrx_word' id='word_1_109' title='bbox 795 1784 1139 1854; x_wconf 76' lang='lat' dir='ltr'><strong>sepulcrum,</strong></span> <span class='ocrx_word' id='word_1_110' title='bbox 1171 1785 1238 1839; x_wconf 89' lang='lat' dir='ltr'><strong>de</strong></span> <span class='ocrx_word' id='word_1_111' title='bbox 1288 1785 1464 1840; x_wconf 86' lang='lat' dir='ltr'><strong>divite</strong></span> <span class='ocrx_word' id='word_1_112' title='bbox 1500 1801 1631 1841; x_wconf 79' lang='lat' dir='ltr'><strong>vero</strong></span> <span class='ocrx_word' id='word_1_113' title='bbox 1680 1788 1940 1851; x_wconf 78' lang='lat' dir='ltr'><strong>maxime,</strong></span> <span class='ocrx_word' id='word_1_114' title='bbox 1975 1803 2102 1858; x_wconf 91' lang='lat' dir='ltr'><strong>pro-</strong></span> 
     </span>
    </p>
   </div>
   <div class='ocr_carea' id='block_1_20' title="bbox 506 1869 1596 1949">
    <p class='ocr_par' dir='ltr' id='par_1_20' title="bbox 506 1869 1596 1949">
     <span class='ocr_line' id='line_1_20' title="bbox 506 1869 1596 1949; baseline 0.004 -19"><span class='ocrx_word' id='word_1_115' title='bbox 506 1887 626 1946; x_wconf 86' lang='lat' dir='ltr'><strong>pter</strong></span> <span class='ocrx_word' id='word_1_116' title='bbox 668 1869 1072 1947; x_wconf 84' lang='lat' dir='ltr'><strong>pretiositatem</strong></span> <span class='ocrx_word' id='word_1_117' title='bbox 1109 1879 1348 1949; x_wconf 81' lang='lat' dir='ltr'><strong>sepulcri</strong></span> <span class='ocrx_word' id='word_1_118' title='bbox 1388 1878 1596 1934; x_wconf 86' lang='lat' dir='ltr'><strong>divitis.</strong></span> 
     </span>
    </p>
   </div>
   <div class='ocr_carea' id='block_1_21' title="bbox 577 1967 2099 2042">
    <p class='ocr_par' dir='ltr' id='par_1_21' title="bbox 577 1967 2099 2042">
     <span class='ocr_line' id='line_1_21' title="bbox 577 1967 2099 2042; baseline 0.007 -21"><span class='ocrx_word' id='word_1_119' title='bbox 577 1967 734 2024; x_wconf 82' lang='lat' dir='ltr'><strong>Vers.</strong></span> <span class='ocrx_word' id='word_1_120' title='bbox 761 1969 851 2024; x_wconf 80' lang='grc'><strong>25.</strong></span> <span class='ocrx_word' id='word_1_121' title='bbox 880 1969 1124 2039; x_wconf 77' lang='lat' dir='ltr'><strong>Atquein</strong></span> <span class='ocrx_word' id='word_1_122' title='bbox 1155 2001 1223 2011; x_wconf 89' lang='lat'><strong><em>—</em></strong></span> <span class='ocrx_word' id='word_1_123' title='bbox 1249 1973 1370 2026; x_wconf 73' lang='lat' dir='ltr'><strong>sinu</strong></span> <span class='ocrx_word' id='word_1_124' title='bbox 1392 1972 1528 2042; x_wconf 78' lang='lat' dir='ltr'><strong>ejus.</strong></span> <span class='ocrx_word' id='word_1_125' title='bbox 1559 1972 1838 2029; x_wconf 87' lang='lat' dir='ltr'><strong>lnl&#39;eruum</strong></span> <span class='ocrx_word' id='word_1_126' title='bbox 1862 1974 1995 2031; x_wconf 90' lang='lat' dir='ltr'><strong>dicit</strong></span> <span class='ocrx_word' id='word_1_127' title='bbox 2021 1975 2099 2032; x_wconf 86' lang='lat' dir='ltr'><strong>lo-</strong></span> 
     </span>
    </p>
   </div>
   <div class='ocr_carea' id='block_1_22' title="bbox 503 2059 2096 2133">
    <p class='ocr_par' dir='ltr' id='par_1_22' title="bbox 503 2059 2096 2133">
     <span class='ocr_line' id='line_1_22' title="bbox 503 2059 2096 2133; baseline 0.004 -19"><span class='ocrx_word' id='word_1_128' title='bbox 503 2076 628 2115; x_wconf 80' lang='lat' dir='ltr'><strong>eum</strong></span> <span class='ocrx_word' id='word_1_129' title='bbox 658 2059 943 2130; x_wconf 88' lang='lat' dir='ltr'><strong>supplicii.</strong></span> <span class='ocrx_word' id='word_1_130' title='bbox 975 2061 1053 2115; x_wconf 74' lang='lat' dir='ltr'><strong>Ex</strong></span> <span class='ocrx_word' id='word_1_131' title='bbox 1090 2063 1193 2117; x_wconf 90' lang='lat' dir='ltr'><strong>hac</strong></span> <span class='ocrx_word' id='word_1_132' title='bbox 1247 2072 1434 2118; x_wconf 87' lang='lat' dir='ltr'><strong>autem</strong></span> <span class='ocrx_word' id='word_1_133' title='bbox 1485 2064 1746 2133; x_wconf 76' lang='lat' dir='ltr'><strong>parabola</strong></span> <span class='ocrx_word' id='word_1_134' title='bbox 1809 2066 2096 2132; x_wconf 83' lang='lat' dir='ltr'><strong>discimus,</strong></span> 
     </span>
    </p>
   </div>
   <div class='ocr_carea' id='block_1_23' title="bbox 503 2153 2103 2226">
    <p class='ocr_par' dir='ltr' id='par_1_23' title="bbox 503 2153 2103 2226">
     <span class='ocr_line' id='line_1_23' title="bbox 503 2153 2103 2226; baseline 0.004 -19"><span class='ocrx_word' id='word_1_135' title='bbox 503 2153 649 2223; x_wconf 89' lang='lat' dir='ltr'><strong>quod</strong></span> <span class='ocrx_word' id='word_1_136' title='bbox 679 2153 732 2207; x_wconf 85' lang='lat' dir='ltr'><strong>in</strong></span> <span class='ocrx_word' id='word_1_137' title='bbox 763 2153 949 2208; x_wconf 82' lang='lat' dir='ltr'><strong>futuro</strong></span> <span class='ocrx_word' id='word_1_138' title='bbox 979 2157 1185 2210; x_wconf 68' lang='lat' dir='ltr'><strong>saeculo</strong></span> <span class='ocrx_word' id='word_1_139' title='bbox 1209 2170 1315 2208; x_wconf 90' lang='lat' dir='ltr'><strong>non</strong></span> <span class='ocrx_word' id='word_1_140' title='bbox 1365 2156 1539 2211; x_wconf 87' lang='lat' dir='ltr'><strong>solum</strong></span> <span class='ocrx_word' id='word_1_141' title='bbox 1575 2167 1889 2226; x_wconf 83' lang='lat' dir='ltr'><strong>peccatores</strong></span> <span class='ocrx_word' id='word_1_142' title='bbox 1916 2157 2103 2214; x_wconf 86' lang='lat' dir='ltr'><strong>vident</strong></span> 
     </span>
    </p>
   </div>
   <div class='ocr_carea' id='block_1_24' title="bbox 500 2246 2102 2319">
    <p class='ocr_par' dir='ltr' id='par_1_24' title="bbox 500 2246 2102 2319">
     <span class='ocr_line' id='line_1_24' title="bbox 500 2246 2102 2319; baseline 0.004 -20"><span class='ocrx_word' id='word_1_143' title='bbox 500 2246 682 2315; x_wconf 78' lang='lat' dir='ltr'><strong>justus</strong></span> <span class='ocrx_word' id='word_1_144' title='bbox 721 2255 777 2301; x_wconf 90' lang='lat' dir='ltr'><strong>et</strong></span> <span class='ocrx_word' id='word_1_145' title='bbox 824 2247 959 2318; x_wconf 79' lang='lat' dir='ltr'><strong>justi</strong></span> <span class='ocrx_word' id='word_1_146' title='bbox 1008 2259 1349 2314; x_wconf 86' lang='lat' dir='ltr'><strong>peceatores,</strong></span> <span class='ocrx_word' id='word_1_147' title='bbox 1408 2250 1501 2305; x_wconf 84' lang='lat' dir='ltr'><strong>sed</strong></span> <span class='ocrx_word' id='word_1_148' title='bbox 1551 2257 1608 2303; x_wconf 88' lang='lat' dir='ltr'><strong>et</strong></span> <span class='ocrx_word' id='word_1_149' title='bbox 1656 2260 2004 2319; x_wconf 85' lang='lat' dir='ltr'><strong>agnoscunt:</strong></span> <span class='ocrx_word' id='word_1_150' title='bbox 2047 2261 2102 2307; x_wconf 86' lang='lat' dir='ltr'><strong>et</strong></span> 
     </span>
    </p>
   </div>
   <div class='ocr_carea' id='block_1_25' title="bbox 507 2338 2094 2409">
    <p class='ocr_par' dir='ltr' id='par_1_25' title="bbox 507 2338 2094 2409">
     <span class='ocr_line' id='line_1_25' title="bbox 507 2338 2094 2409; baseline 0.004 -17"><span class='ocrx_word' id='word_1_151' title='bbox 507 2349 822 2409; x_wconf 84' lang='lat' dir='ltr'><strong>peccatores</strong></span> <span class='ocrx_word' id='word_1_152' title='bbox 889 2338 1112 2409; x_wconf 88' lang='lat' dir='ltr'><strong>quidem</strong></span> <span class='ocrx_word' id='word_1_153' title='bbox 1173 2341 1449 2409; x_wconf 90' lang='lat' dir='ltr'><strong>justorum</strong></span> <span class='ocrx_word' id='word_1_154' title='bbox 1520 2342 1705 2396; x_wconf 82' lang='lat' dir='ltr'><strong>vident</strong></span> <span class='ocrx_word' id='word_1_155' title='bbox 1775 2341 2094 2408; x_wconf 79' lang='lat' dir='ltr'><strong>fruitiones,</strong></span> 
     </span>
    </p>
   </div>
   <div class='ocr_carea' id='block_1_26' title="bbox 504 2432 2101 2506">
    <p class='ocr_par' dir='ltr' id='par_1_26' title="bbox 504 2432 2101 2506">
     <span class='ocr_line' id='line_1_26' title="bbox 504 2432 2101 2506; baseline 0.003 -21"><span class='ocrx_word' id='word_1_156' title='bbox 504 2449 615 2502; x_wconf 86' lang='lat' dir='ltr'><strong>quo</strong></span> <span class='ocrx_word' id='word_1_157' title='bbox 681 2433 858 2504; x_wconf 79' lang='lat' dir='ltr'><strong>magis</strong></span> <span class='ocrx_word' id='word_1_158' title='bbox 934 2432 1163 2488; x_wconf 85' lang='lat' dir='ltr'><strong>doleant</strong></span> <span class='ocrx_word' id='word_1_159' title='bbox 1228 2434 1502 2496; x_wconf 85' lang='lat' dir='ltr'><strong>videntes,</strong></span> <span class='ocrx_word' id='word_1_160' title='bbox 1567 2435 1769 2505; x_wconf 85' lang='lat' dir='ltr'><strong>quibus</strong></span> <span class='ocrx_word' id='word_1_161' title='bbox 1820 2436 1933 2490; x_wconf 90' lang='lat' dir='ltr'><strong>sint</strong></span> <span class='ocrx_word' id='word_1_162' title='bbox 1983 2435 2101 2506; x_wconf 88' lang='lat' dir='ltr'><strong>pri-</strong></span> 
     </span>
    </p>
   </div>
   <div class='ocr_carea' id='block_1_27' title="bbox 505 2526 2101 2599">
    <p class='ocr_par' dir='ltr' id='par_1_27' title="bbox 505 2526 2101 2599">
     <span class='ocr_line' id='line_1_27' title="bbox 505 2526 2101 2599; baseline 0.002 -18"><span class='ocrx_word' id='word_1_163' title='bbox 505 2528 612 2582; x_wconf 77' lang='lat' dir='ltr'><strong>vati</strong></span> <span class='ocrx_word' id='word_1_164' title='bbox 669 2527 874 2582; x_wconf 81' lang='lat' dir='ltr'><strong>bonis:</strong></span> <span class='ocrx_word' id='word_1_165' title='bbox 941 2526 1076 2596; x_wconf 80' lang='lat' dir='ltr'><strong>justi</strong></span> <span class='ocrx_word' id='word_1_166' title='bbox 1114 2542 1247 2583; x_wconf 85' lang='lat' dir='ltr'><strong>vero</strong></span> <span class='ocrx_word' id='word_1_167' title='bbox 1326 2537 1681 2599; x_wconf 83' lang='lat' dir='ltr'><strong>peccatorum</strong></span> <span class='ocrx_word' id='word_1_168' title='bbox 1753 2529 1941 2584; x_wconf 83' lang='lat' dir='ltr'><strong>vident</strong></span> <span class='ocrx_word' id='word_1_169' title='bbox 1969 2546 2101 2596; x_wconf 91' lang='lat' dir='ltr'><strong>sup-</strong></span> 
     </span>
    </p>
   </div>
   <div class='ocr_carea' id='block_1_28' title="bbox 506 2619 2101 2692">
    <p class='ocr_par' dir='ltr' id='par_1_28' title="bbox 506 2619 2101 2692">
     <span class='ocr_line' id='line_1_28' title="bbox 506 2619 2101 2692; baseline 0 -18"><span class='ocrx_word' id='word_1_170' title='bbox 506 2619 690 2692; x_wconf 87' lang='lat' dir='ltr'><strong>plicia,</strong></span> <span class='ocrx_word' id='word_1_171' title='bbox 741 2635 852 2690; x_wconf 90' lang='lat' dir='ltr'><strong>quo</strong></span> <span class='ocrx_word' id='word_1_172' title='bbox 913 2621 1152 2691; x_wconf 84' lang='lat' dir='ltr'><strong>amplius</strong></span> <span class='ocrx_word' id='word_1_173' title='bbox 1222 2621 1497 2691; x_wconf 82' lang='lat' dir='ltr'><strong>gaudeant.</strong></span> <span class='ocrx_word' id='word_1_174' title='bbox 1554 2620 1852 2687; x_wconf 80' lang='lat' dir='ltr'><strong>intuentes,</strong></span> <span class='ocrx_word' id='word_1_175' title='bbox 1897 2632 2101 2692; x_wconf 86' lang='lat' dir='ltr'><strong>quanta</strong></span> 
     </span>
    </p>
   </div>
   <div class='ocr_carea' id='block_1_29' title="bbox 503 2711 2099 2784">
    <p class='ocr_par' dir='ltr' id='par_1_29' title="bbox 503 2711 2099 2784">
     <span class='ocr_line' id='line_1_29' title="bbox 503 2711 2099 2784; baseline 0.001 -17"><span class='ocrx_word' id='word_1_176' title='bbox 503 2712 822 2784; x_wconf 78' lang='lat' dir='ltr'><strong>etTugerunt</strong></span> <span class='ocrx_word' id='word_1_177' title='bbox 863 2723 1160 2768; x_wconf 85' lang='lat' dir='ltr'><strong>tormenta.</strong></span> <span class='ocrx_word' id='word_1_178' title='bbox 1194 2711 1516 2783; x_wconf 77' lang='lat' dir='ltr'><strong>Agnoscunt</strong></span> <span class='ocrx_word' id='word_1_179' title='bbox 1536 2725 1722 2768; x_wconf 88' lang='lat' dir='ltr'><strong>autem</strong></span> <span class='ocrx_word' id='word_1_180' title='bbox 1753 2729 1811 2767; x_wconf 89' lang='lat' dir='ltr'><strong>se</strong></span> <span class='ocrx_word' id='word_1_181' title='bbox 1842 2713 2099 2777; x_wconf 85' lang='lat' dir='ltr'><strong>invicem,</strong></span> 
     </span>
    </p>
   </div>
   <div class='ocr_carea' id='block_1_30' title="bbox 506 2806 2102 2876">
    <p class='ocr_par' dir='ltr' id='par_1_30' title="bbox 506 2806 2102 2876">
     <span class='ocr_line' id='line_1_30' title="bbox 506 2806 2102 2876; baseline 0.003 -18"><span class='ocrx_word' id='word_1_182' title='bbox 506 2808 792 2872; x_wconf 86' lang='lat' dir='ltr'><strong>utsciaut,</strong></span> <span class='ocrx_word' id='word_1_183' title='bbox 863 2807 1008 2861; x_wconf 78' lang='lat' dir='ltr'><strong>inter</strong></span> <span class='ocrx_word' id='word_1_184' title='bbox 1057 2822 1195 2876; x_wconf 89' lang='lat' dir='ltr'><strong>quos</strong></span> <span class='ocrx_word' id='word_1_185' title='bbox 1254 2818 1384 2862; x_wconf 89' lang='lat' dir='ltr'><strong>sunt</strong></span> <span class='ocrx_word' id='word_1_186' title='bbox 1447 2806 1525 2873; x_wconf 92' lang='lat' dir='ltr'><strong>bi,</strong></span> <span class='ocrx_word' id='word_1_187' title='bbox 1594 2806 1661 2862; x_wconf 85' lang='lat' dir='ltr'><strong>de</strong></span> <span class='ocrx_word' id='word_1_188' title='bbox 1723 2807 1921 2876; x_wconf 86' lang='lat' dir='ltr'><strong>quibus</strong></span> <span class='ocrx_word' id='word_1_189' title='bbox 1975 2817 2102 2863; x_wconf 90' lang='lat' dir='ltr'><strong>ante</strong></span> 
     </span>
    </p>
   </div>
   <div class='ocr_carea' id='block_1_31' title="bbox 505 2895 2101 2969">
    <p class='ocr_par' dir='ltr' id='par_1_31' title="bbox 505 2895 2101 2969">
     <span class='ocr_line' id='line_1_31' title="bbox 505 2895 2101 2969; baseline 0 -17"><span class='ocrx_word' id='word_1_190' title='bbox 505 2909 734 2952; x_wconf 89' lang='lat' dir='ltr'><strong>mortem</strong></span> <span class='ocrx_word' id='word_1_191' title='bbox 791 2895 1138 2969; x_wconf 79' lang='lat' dir='ltr'><strong>ignorabant.</strong></span> <span class='ocrx_word' id='word_1_192' title='bbox 1199 2897 1353 2951; x_wconf 88' lang='lat' dir='ltr'><strong>Tunc</strong></span> <span class='ocrx_word' id='word_1_193' title='bbox 1404 2908 1585 2952; x_wconf 88' lang='lat' dir='ltr'><strong>autem</strong></span> <span class='ocrx_word' id='word_1_194' title='bbox 1646 2897 1813 2950; x_wconf 89' lang='lat' dir='ltr'><strong>Deum</strong></span> <span class='ocrx_word' id='word_1_195' title='bbox 1864 2913 1974 2952; x_wconf 89' lang='lat' dir='ltr'><strong>non</strong></span> <span class='ocrx_word' id='word_1_196' title='bbox 2003 2897 2101 2953; x_wconf 88' lang='lat' dir='ltr'><strong>ob-</strong></span> 
     </span>
    </p>
   </div>
   <div class='ocr_carea' id='block_1_32' title="bbox 505 2986 2100 3058">
    <p class='ocr_par' dir='ltr' id='par_1_32' title="bbox 505 2986 2100 3058">
     <span class='ocr_line' id='line_1_32' title="bbox 505 2986 2100 3058; baseline 0.001 -16"><span class='ocrx_word' id='word_1_197' title='bbox 505 2996 725 3042; x_wconf 87' lang='lat' dir='ltr'><strong>secrant</strong></span> <span class='ocrx_word' id='word_1_198' title='bbox 774 2986 862 3040; x_wconf 88' lang='lat' dir='ltr'><strong>isti</strong></span> <span class='ocrx_word' id='word_1_199' title='bbox 901 3001 998 3056; x_wconf 90' lang='lat' dir='ltr'><strong>pro</strong></span> <span class='ocrx_word' id='word_1_200' title='bbox 1040 2987 1448 3057; x_wconf 76' lang='lat' dir='ltr'><strong>p-ceatoribus,</strong></span> <span class='ocrx_word' id='word_1_201' title='bbox 1485 2989 1750 3055; x_wconf 84' lang='lat' dir='ltr'><strong>scientes,</strong></span> <span class='ocrx_word' id='word_1_202' title='bbox 1792 2987 1939 3058; x_wconf 89' lang='lat' dir='ltr'><strong>quod</strong></span> <span class='ocrx_word' id='word_1_203' title='bbox 1974 3003 2100 3043; x_wconf 89' lang='lat' dir='ltr'><strong>cum</strong></span> 
     </span>
    </p>
   </div>
   <div class='ocr_carea' id='block_1_33' title="bbox 504 3078 2104 3151">
    <p class='ocr_par' dir='ltr' id='par_1_33' title="bbox 504 3078 2104 3151">
     <span class='ocr_line' id='line_1_33' title="bbox 504 3078 2104 3151; baseline 0.002 -19"><span class='ocrx_word' id='word_1_204' title='bbox 504 3078 724 3132; x_wconf 84' lang='lat' dir='ltr'><strong>diabolo</strong></span> <span class='ocrx_word' id='word_1_205' title='bbox 765 3089 819 3132; x_wconf 90' lang='lat' dir='ltr'><strong>et</strong></span> <span class='ocrx_word' id='word_1_206' title='bbox 849 3078 1065 3149; x_wconf 80' lang='lat' dir='ltr'><strong>angelis</strong></span> <span class='ocrx_word' id='word_1_207' title='bbox 1098 3078 1216 3147; x_wconf 82' lang='lat' dir='ltr'><strong>ejus</strong></span> <span class='ocrx_word' id='word_1_208' title='bbox 1242 3079 1590 3134; x_wconf 80' lang='lat' dir='ltr'><strong>condemnati</strong></span> <span class='ocrx_word' id='word_1_209' title='bbox 1616 3090 1759 3133; x_wconf 91' lang='lat' dir='ltr'><strong>sunt.</strong></span> <span class='ocrx_word' id='word_1_210' title='bbox 1789 3079 1856 3135; x_wconf 85' lang='lat' dir='ltr'><strong>Et</strong></span> <span class='ocrx_word' id='word_1_211' title='bbox 1911 3096 2104 3151; x_wconf 82' lang='lat' dir='ltr'><strong>queui-</strong></span> 
     </span>
    </p>
   </div>
   <div class='ocr_carea' id='block_1_34' title="bbox 2200 584 3801 657">
    <p class='ocr_par' dir='ltr' id='par_1_34' title="bbox 2200 584 3801 657">
     <span class='ocr_line' id='line_1_34' title="bbox 2200 584 3801 657; baseline 0.002 -20"><span class='ocrx_word' id='word_1_212' title='bbox 2200 586 2438 655; x_wconf 76' lang='grc' dir='ltr'>ἔχοντος,</span> <span class='ocrx_word' id='word_1_213' title='bbox 2469 586 2630 650; x_wconf 79' lang='grc' dir='ltr'>αὐτὸς</span> <span class='ocrx_word' id='word_1_214' title='bbox 2661 584 2834 648; x_wconf 74' lang='grc' dir='ltr'>οὕτως</span> <span class='ocrx_word' id='word_1_215' title='bbox 2875 585 3013 656; x_wconf 80' lang='grc' dir='ltr'><strong>ἔχων</strong></span> <span class='ocrx_word' id='word_1_216' title='bbox 3068 588 3168 640; x_wconf 82' lang='grc' dir='ltr'>οὑκ</span> <span class='ocrx_word' id='word_1_217' title='bbox 3202 585 3629 657; x_wconf 72' lang='grc' dir='ltr'>ἐϐλασφήμησεν</span> <span class='ocrx_word' id='word_1_218' title='bbox 3692 584 3801 641; x_wconf 71' lang='grc' dir='ltr'><strong>οὐδ’</strong></span> 
     </span>
    </p>
   </div>
   <div class='ocr_carea' id='block_1_35' title="bbox 2202 680 2551 748">
    <p class='ocr_par' dir='ltr' id='par_1_35' title="bbox 2202 680 2551 748">
     <span class='ocr_line' id='line_1_35' title="bbox 2202 680 2551 748; baseline 0.003 -19"><span class='ocrx_word' id='word_1_219' title='bbox 2202 680 2505 748; x_wconf 82' lang='grc' dir='ltr'>ὲγόγγυσεν</span> <span class='ocrx_word' id='word_1_220' title='bbox 2539 680 2551 730; x_wconf 88' lang='lat'>!</span> 
     </span>
    </p>
   </div>
   <div class='ocr_carea' id='block_1_36' title="bbox 2285 857 3804 932">
    <p class='ocr_par' dir='ltr' id='par_1_36' title="bbox 2285 857 3804 932">
     <span class='ocr_line' id='line_1_36' title="bbox 2285 857 3804 932; baseline 0.001 -20"><span class='ocrx_word' id='word_1_221' title='bbox 2285 861 2554 931; x_wconf 78' lang='grc' dir='ltr'><strong>Ἐγένετο</strong></span> <span class='ocrx_word' id='word_1_222' title='bbox 2605 889 2674 902; x_wconf 81' lang='lat'><strong><em>—</em></strong></span> <span class='ocrx_word' id='word_1_223' title='bbox 2719 857 3002 930; x_wconf 76' lang='grc' dir='ltr'><strong>Ἀϐραάμ.</strong></span> <span class='ocrx_word' id='word_1_224' title='bbox 3048 859 3164 913; x_wconf 83' lang='grc' dir='ltr'>Ἵνα</span> <span class='ocrx_word' id='word_1_225' title='bbox 3210 861 3303 916; x_wconf 82' lang='grc' dir='ltr'>τὸν</span> <span class='ocrx_word' id='word_1_226' title='bbox 3349 861 3497 927; x_wconf 79' lang='grc' dir='ltr'>ξένον</span> <span class='ocrx_word' id='word_1_227' title='bbox 3544 860 3804 932; x_wconf 78' lang='grc' dir='ltr'>Λάζαρον</span> 
     </span>
    </p>
   </div>
   <div class='ocr_carea' id='block_1_37' title="bbox 2202 953 3803 1026">
    <p class='ocr_par' dir='ltr' id='par_1_37' title="bbox 2202 953 3803 1026">
     <span class='ocr_line' id='line_1_37' title="bbox 2202 953 3803 1026; baseline 0.002 -20"><span class='ocrx_word' id='word_1_228' title='bbox 2202 954 2356 1025; x_wconf 81' lang='grc' dir='ltr'>παρά</span> <span class='ocrx_word' id='word_1_229' title='bbox 2387 955 2465 1024; x_wconf 81' lang='grc' dir='ltr'><strong>τῷ</strong></span> <span class='ocrx_word' id='word_1_230' title='bbox 2500 953 2764 1025; x_wconf 77' lang='grc' dir='ltr'>φιλοξένῳ</span> <span class='ocrx_word' id='word_1_231' title='bbox 2809 953 3065 1025; x_wconf 79' lang='grc' dir='ltr'><strong>’Δϐραάμ</strong></span> <span class='ocrx_word' id='word_1_232' title='bbox 3099 953 3222 1007; x_wconf 76' lang='grc' dir='ltr'><strong>ἰδὼν</strong></span> <span class='ocrx_word' id='word_1_233' title='bbox 3259 957 3287 1008; x_wconf 89' lang='grc' dir='ltr'>ὁ</span> <span class='ocrx_word' id='word_1_234' title='bbox 3325 955 3605 1026; x_wconf 81' lang='grc' dir='ltr'>μισόξενος</span> <span class='ocrx_word' id='word_1_235' title='bbox 3634 957 3803 1010; x_wconf 84' lang='grc' dir='ltr'>πλού-</span> 
     </span>
    </p>
   </div>
   <div class='ocr_carea' id='block_1_38' title="bbox 2203 1045 3804 1118">
    <p class='ocr_par' dir='ltr' id='par_1_38' title="bbox 2203 1045 3804 1118">
     <span class='ocr_line' id='line_1_38' title="bbox 2203 1045 3804 1118; baseline 0.001 -18"><span class='ocrx_word' id='word_1_236' title='bbox 2203 1064 2316 1110; x_wconf 79' lang='grc' dir='ltr'>σιος</span> <span class='ocrx_word' id='word_1_237' title='bbox 2352 1045 2575 1115; x_wconf 74' lang='grc' dir='ltr'>ἔλεγχον</span> <span class='ocrx_word' id='word_1_238' title='bbox 2619 1046 2737 1115; x_wconf 73' lang='grc' dir='ltr'>ἔχοι</span> <span class='ocrx_word' id='word_1_239' title='bbox 2774 1045 2933 1100; x_wconf 79' lang='grc' dir='ltr'>τοῦτο</span> <span class='ocrx_word' id='word_1_240' title='bbox 2959 1045 3073 1118; x_wconf 79' lang='grc'>(95)</span> <span class='ocrx_word' id='word_1_241' title='bbox 3111 1047 3214 1116; x_wconf 83' lang='grc' dir='ltr'>τῆς</span> <span class='ocrx_word' id='word_1_242' title='bbox 3255 1048 3565 1117; x_wconf 78' lang='grc' dir='ltr'>μισοξενίας</span> <span class='ocrx_word' id='word_1_243' title='bbox 3615 1049 3804 1102; x_wconf 81' lang='grc' dir='ltr'>αὑτοῦ.</span> 
     </span>
    </p>
   </div>
   <div class='ocr_carea' id='block_1_39' title="bbox 2206 1136 3808 1209">
    <p class='ocr_par' dir='ltr' id='par_1_39' title="bbox 2206 1136 3808 1209">
     <span class='ocr_line' id='line_1_39' title="bbox 2206 1136 3808 1209; baseline 0.001 -19"><span class='ocrx_word' id='word_1_244' title='bbox 2206 1139 2607 1208; x_wconf 73' lang='grc' dir='ltr'>Παρατήρηαον</span> <span class='ocrx_word' id='word_1_245' title='bbox 2642 1136 2718 1202; x_wconf 78' lang='grc' dir='ltr'><strong>δὲ,</strong></span> <span class='ocrx_word' id='word_1_246' title='bbox 2755 1137 2974 1189; x_wconf 80' lang='grc' dir='ltr'>ὅτιτῶν</span> <span class='ocrx_word' id='word_1_247' title='bbox 3009 1138 3355 1209; x_wconf 81' lang='grc' dir='ltr'>ἁμαρτωλῶν</span> <span class='ocrx_word' id='word_1_248' title='bbox 3406 1141 3502 1208; x_wconf 78' lang='grc' dir='ltr'><strong>μὲν</strong></span> <span class='ocrx_word' id='word_1_249' title='bbox 3548 1140 3600 1194; x_wconf 79' lang='lat' dir='ltr'><strong>ai</strong></span> <span class='ocrx_word' id='word_1_250' title='bbox 3637 1138 3808 1208; x_wconf 68' lang='grc' dir='ltr'>ψυχαὶ</span> 
     </span>
    </p>
   </div>
   <div class='ocr_carea' id='block_1_40' title="bbox 2203 1228 3806 1302">
    <p class='ocr_par' dir='ltr' id='par_1_40' title="bbox 2203 1228 3806 1302">
     <span class='ocr_line' id='line_1_40' title="bbox 2203 1228 3806 1302; baseline -0.002 -18"><span class='ocrx_word' id='word_1_251' title='bbox 2203 1230 2495 1298; x_wconf 77' lang='grc' dir='ltr'>ἀποτόμως</span> <span class='ocrx_word' id='word_1_252' title='bbox 2522 1228 2906 1284; x_wconf 75' lang='grc' dir='ltr'><strong>ἀπαιτοῦνται·</strong></span> <span class='ocrx_word' id='word_1_253' title='bbox 2937 1231 3166 1298; x_wconf 61' lang='grc' dir='ltr'><strong>Ἀφρον</strong></span> <span class='ocrx_word' id='word_1_254' title='bbox 3194 1233 3322 1300; x_wconf 86' lang='grc' dir='ltr'>γὰρ,</span> <span class='ocrx_word' id='word_1_255' title='bbox 3345 1232 3500 1302; x_wconf 68' lang='grc' dir='ltr'>φησι,</span> <span class='ocrx_word' id='word_1_256' title='bbox 3525 1233 3710 1298; x_wconf 74' lang='grc' dir='ltr'>ταύτῃ</span> <span class='ocrx_word' id='word_1_257' title='bbox 3733 1230 3806 1298; x_wconf 70' lang='grc' dir='ltr'>τῇ</span> 
     </span>
    </p>
   </div>
   <div class='ocr_carea' id='block_1_41' title="bbox 2203 1320 3807 1398">
    <p class='ocr_par' dir='ltr' id='par_1_41' title="bbox 2203 1320 3807 1398">
     <span class='ocr_line' id='line_1_41' title="bbox 2203 1320 3807 1398; baseline 0 -24"><span class='ocrx_word' id='word_1_258' title='bbox 2203 1322 2374 1375; x_wconf 79' lang='grc' dir='ltr'>νυκτὶ</span> <span class='ocrx_word' id='word_1_259' title='bbox 2403 1320 2517 1388; x_wconf 80' lang='grc' dir='ltr'><strong>τὴν</strong></span> <span class='ocrx_word' id='word_1_260' title='bbox 2550 1321 2766 1390; x_wconf 72' lang='grc' dir='ltr'><strong>ψυχήν</strong></span> <span class='ocrx_word' id='word_1_261' title='bbox 2793 1337 2910 1374; x_wconf 83' lang='grc' dir='ltr'><strong>σου</strong></span> <span class='ocrx_word' id='word_1_262' title='bbox 2937 1321 3317 1398; x_wconf 66' lang='grc' dir='ltr'>ᾀπιιιτοῐισιν</span> <span class='ocrx_word' id='word_1_263' title='bbox 3363 1324 3481 1376; x_wconf 79' lang='grc' dir='ltr'><strong>ἀπὸ</strong></span> <span class='ocrx_word' id='word_1_264' title='bbox 3524 1324 3662 1377; x_wconf 64' lang='grc' dir='ltr'><strong>σεῦ·</strong></span> <span class='ocrx_word' id='word_1_265' title='bbox 3698 1324 3807 1375; x_wconf 81' lang='grc' dir='ltr'><strong>τῶν</strong></span> 
     </span>
    </p>
   </div>
   <div class='ocr_carea' id='block_1_42' title="bbox 2203 1412 3808 1485">
    <p class='ocr_par' dir='ltr' id='par_1_42' title="bbox 2203 1412 3808 1485">
     <span class='ocr_line' id='line_1_42' title="bbox 2203 1412 3808 1485; baseline 0.002 -19"><span class='ocrx_word' id='word_1_266' title='bbox 2203 1413 2428 1466; x_wconf 81' lang='grc' dir='ltr'>δικαίων</span> <span class='ocrx_word' id='word_1_267' title='bbox 2462 1413 2540 1476; x_wconf 80' lang='grc' dir='ltr'>δὲ,</span> <span class='ocrx_word' id='word_1_268' title='bbox 2576 1412 2822 1477; x_wconf 76' lang='grc' dir='ltr'>εὐλαϐῶς</span> <span class='ocrx_word' id='word_1_269' title='bbox 2859 1415 3192 1482; x_wconf 70' lang='grc' dir='ltr'><strong>ἀπάγονται,</strong></span> <span class='ocrx_word' id='word_1_270' title='bbox 3235 1415 3342 1467; x_wconf 78' lang='grc' dir='ltr'><strong>ὑπὸ</strong></span> <span class='ocrx_word' id='word_1_271' title='bbox 3396 1416 3504 1468; x_wconf 75' lang='grc' dir='ltr'><strong>τῶν</strong></span> <span class='ocrx_word' id='word_1_272' title='bbox 3557 1417 3808 1485; x_wconf 72' lang='grc' dir='ltr'>ἀγγέλων</span> 
     </span>
    </p>
   </div>
   <div class='ocr_carea' id='block_1_43' title="bbox 2204 1506 2700 1579">
    <p class='ocr_par' dir='ltr' id='par_1_43' title="bbox 2204 1506 2700 1579">
     <span class='ocr_line' id='line_1_43' title="bbox 2204 1506 2700 1579; baseline 0.002 -19"><span class='ocrx_word' id='word_1_273' title='bbox 2204 1506 2700 1579; x_wconf 68' lang='grc' dir='ltr'>δορυφορούμεναι.</span> 
     </span>
    </p>
   </div>
   <div class='ocr_carea' id='block_1_44' title="bbox 2287 1601 3808 1676">
    <p class='ocr_par' dir='ltr' id='par_1_44' title="bbox 2287 1601 3808 1676">
     <span class='ocr_line' id='line_1_44' title="bbox 2287 1601 3808 1676; baseline 0 -20"><span class='ocrx_word' id='word_1_274' title='bbox 2287 1602 2581 1657; x_wconf 83' lang='grc' dir='ltr'><strong>Ἀπέθανε</strong></span> <span class='ocrx_word' id='word_1_275' title='bbox 2617 1630 2688 1641; x_wconf 89' lang='grc'><strong><em>-</em></strong></span> <span class='ocrx_word' id='word_1_276' title='bbox 2724 1601 2938 1672; x_wconf 72' lang='grc' dir='ltr'><strong>ἐτάφη.</strong></span> <span class='ocrx_word' id='word_1_277' title='bbox 2981 1601 3104 1656; x_wconf 69' lang='grc' dir='ltr'><strong>Ἐπὶ</strong></span> <span class='ocrx_word' id='word_1_278' title='bbox 3145 1603 3237 1656; x_wconf 81' lang='grc' dir='ltr'><strong>τοῦ</strong></span> <span class='ocrx_word' id='word_1_279' title='bbox 3294 1603 3511 1674; x_wconf 75' lang='grc' dir='ltr'>πτωχοῦ</span> <span class='ocrx_word' id='word_1_280' title='bbox 3557 1606 3681 1676; x_wconf 85' lang='grc' dir='ltr'>μὲν,</span> <span class='ocrx_word' id='word_1_281' title='bbox 3710 1608 3808 1658; x_wconf 79' lang='grc' dir='ltr'>οὐκ</span> 
     </span>
    </p>
   </div>
   <div class='ocr_carea' id='block_1_45' title="bbox 2206 1684 3808 1764">
    <p class='ocr_par' dir='ltr' id='par_1_45' title="bbox 2206 1684 3808 1764">
     <span class='ocr_line' id='line_1_45' title="bbox 2206 1684 3808 1764; baseline 0.002 -21"><span class='ocrx_word' id='word_1_282' title='bbox 2206 1684 2384 1758; x_wconf 74' lang='grc' dir='ltr'>εἶπεν,</span> <span class='ocrx_word' id='word_1_283' title='bbox 2407 1691 2489 1744; x_wconf 85' lang='grc' dir='ltr'>ὅτι</span> <span class='ocrx_word' id='word_1_284' title='bbox 2519 1689 2716 1761; x_wconf 78' lang='grc' dir='ltr'>ἐτάφη,</span> <span class='ocrx_word' id='word_1_285' title='bbox 2738 1690 2829 1743; x_wconf 73' lang='grc' dir='ltr'><strong>διὰ</strong></span> <span class='ocrx_word' id='word_1_286' title='bbox 2855 1692 2916 1742; x_wconf 79' lang='grc' dir='ltr'>τὸ</span> <span class='ocrx_word' id='word_1_287' title='bbox 2933 1690 3282 1762; x_wconf 79' lang='grc' dir='ltr'>ἀτημέλητον</span> <span class='ocrx_word' id='word_1_288' title='bbox 3317 1691 3415 1761; x_wconf 73' lang='grc' dir='ltr'>τῆς</span> <span class='ocrx_word' id='word_1_289' title='bbox 3449 1694 3555 1745; x_wconf 84' lang='grc' dir='ltr'><strong>τῶν</strong></span> <span class='ocrx_word' id='word_1_290' title='bbox 3577 1697 3808 1764; x_wconf 83' lang='grc' dir='ltr'>πτωχῶν</span> 
     </span>
    </p>
   </div>
   <div class='ocr_carea' id='block_1_46' title="bbox 2205 1781 3809 1856">
    <p class='ocr_par' dir='ltr' id='par_1_46' title="bbox 2205 1781 3809 1856">
     <span class='ocr_line' id='line_1_46' title="bbox 2205 1781 3809 1856; baseline 0.001 -20"><span class='ocrx_word' id='word_1_291' title='bbox 2205 1786 2402 1856; x_wconf 80' lang='grc' dir='ltr'><strong>ταφῆς·</strong></span> <span class='ocrx_word' id='word_1_292' title='bbox 2451 1783 2549 1836; x_wconf 73' lang='grc' dir='ltr'><strong>ἐπὶ</strong></span> <span class='ocrx_word' id='word_1_293' title='bbox 2578 1781 2674 1837; x_wconf 84' lang='grc' dir='ltr'><strong>τοῦ</strong></span> <span class='ocrx_word' id='word_1_294' title='bbox 2701 1785 2962 1836; x_wconf 79' lang='grc' dir='ltr'><strong>πλουσίου</strong></span> <span class='ocrx_word' id='word_1_295' title='bbox 2991 1783 3072 1847; x_wconf 84' lang='grc' dir='ltr'>δὲ,</span> <span class='ocrx_word' id='word_1_296' title='bbox 3104 1783 3200 1837; x_wconf 76' lang='grc' dir='ltr'>καὶ</span> <span class='ocrx_word' id='word_1_297' title='bbox 3240 1783 3408 1854; x_wconf 82' lang='grc' dir='ltr'>μάλα,</span> <span class='ocrx_word' id='word_1_298' title='bbox 3442 1785 3528 1838; x_wconf 81' lang='grc' dir='ltr'>διὰ</span> <span class='ocrx_word' id='word_1_299' title='bbox 3552 1786 3614 1840; x_wconf 80' lang='grc' dir='ltr'>τὸ</span> <span class='ocrx_word' id='word_1_300' title='bbox 3638 1787 3809 1839; x_wconf 81' lang='grc' dir='ltr'>πολυ-</span> 
     </span>
    </p>
   </div>
   <div class='ocr_carea' id='block_1_47' title="bbox 2134 1858 3158 1948">
    <p class='ocr_par' dir='ltr' id='par_1_47' title="bbox 2134 1858 3158 1948">
     <span class='ocr_line' id='line_1_47' title="bbox 2134 1858 3158 1948; baseline -0.001 -18"><span class='ocrx_word' id='word_1_301' title='bbox 2134 1858 2174 1911; x_wconf 70' lang='lat' dir='ltr'><strong>n</strong></span> <span class='ocrx_word' id='word_1_302' title='bbox 2203 1876 2357 1939; x_wconf 77' lang='grc' dir='ltr'>τελὲς</span> <span class='ocrx_word' id='word_1_303' title='bbox 2385 1876 2487 1948; x_wconf 82' lang='grc' dir='ltr'>τῆς</span> <span class='ocrx_word' id='word_1_304' title='bbox 2511 1877 2618 1931; x_wconf 87' lang='grc' dir='ltr'><strong>τῶν</strong></span> <span class='ocrx_word' id='word_1_305' title='bbox 2651 1875 2930 1929; x_wconf 81' lang='grc' dir='ltr'>πλουσίων</span> <span class='ocrx_word' id='word_1_306' title='bbox 2957 1876 3158 1946; x_wconf 77' lang='grc' dir='ltr'>ταφῆς.</span> 
     </span>
    </p>
   </div>
   <div class='ocr_carea' id='block_1_48' title="bbox 2281 1968 3811 2041">
    <p class='ocr_par' dir='ltr' id='par_1_48' title="bbox 2281 1968 3811 2041">
     <span class='ocr_line' id='line_1_48' title="bbox 2281 1968 3811 2041; baseline 0 -17"><span class='ocrx_word' id='word_1_307' title='bbox 2281 1970 2396 2024; x_wconf 79' lang='grc' dir='ltr'><strong>Καὶ</strong></span> <span class='ocrx_word' id='word_1_308' title='bbox 2425 1970 2858 2036; x_wconf 59' lang='grc' dir='ltr'>ἐφ’-κόλποις</span> <span class='ocrx_word' id='word_1_309' title='bbox 2904 1968 3114 2025; x_wconf 79' lang='grc' dir='ltr'>αὑτοῦ.</span> <span class='ocrx_word' id='word_1_310' title='bbox 3160 1969 3332 2041; x_wconf 73' lang='grc' dir='ltr'>’ᾼδην</span> <span class='ocrx_word' id='word_1_311' title='bbox 3376 1970 3543 2038; x_wconf 78' lang='grc' dir='ltr'>λέγει,</span> <span class='ocrx_word' id='word_1_312' title='bbox 3577 1971 3670 2024; x_wconf 76' lang='grc' dir='ltr'><strong>τὸν</strong></span> <span class='ocrx_word' id='word_1_313' title='bbox 3722 1973 3811 2024; x_wconf 82' lang='grc' dir='ltr'>τό-</span> 
     </span>
    </p>
   </div>
   <div class='ocr_carea' id='block_1_49' title="bbox 2207 2062 3808 2135">
    <p class='ocr_par' dir='ltr' id='par_1_49' title="bbox 2207 2062 3808 2135">
     <span class='ocr_line' id='line_1_49' title="bbox 2207 2062 3808 2135; baseline 0 -19"><span class='ocrx_word' id='word_1_314' title='bbox 2207 2082 2309 2118; x_wconf 84' lang='grc' dir='ltr'><strong>πον</strong></span> <span class='ocrx_word' id='word_1_315' title='bbox 2356 2064 2457 2134; x_wconf 86' lang='grc' dir='ltr'>τῆς</span> <span class='ocrx_word' id='word_1_316' title='bbox 2506 2062 2808 2127; x_wconf 80' lang='grc' dir='ltr'><strong>κολάσεως.</strong></span> <span class='ocrx_word' id='word_1_317' title='bbox 2859 2064 2953 2117; x_wconf 83' lang='grc' dir='ltr'>Ἐκ</span> <span class='ocrx_word' id='word_1_318' title='bbox 2989 2064 3087 2132; x_wconf 79' lang='grc' dir='ltr'>τῆς</span> <span class='ocrx_word' id='word_1_319' title='bbox 3132 2063 3449 2135; x_wconf 78' lang='grc' dir='ltr'>παραϐολῆς</span> <span class='ocrx_word' id='word_1_320' title='bbox 3492 2065 3551 2116; x_wconf 79' lang='grc' dir='ltr'><strong>δὲ</strong></span> <span class='ocrx_word' id='word_1_321' title='bbox 3600 2067 3808 2135; x_wconf 66' lang='grc' dir='ltr'>ταύτης</span> 
     </span>
    </p>
   </div>
   <div class='ocr_carea' id='block_1_50' title="bbox 2209 2157 3809 2228">
    <p class='ocr_par' dir='ltr' id='par_1_50' title="bbox 2209 2157 3809 2228">
     <span class='ocr_line' id='line_1_50' title="bbox 2209 2157 3809 2228; baseline -0.004 -16"><span class='ocrx_word' id='word_1_322' title='bbox 2209 2157 2574 2228; x_wconf 77' lang='grc' dir='ltr'>μανθάνομεν,</span> <span class='ocrx_word' id='word_1_323' title='bbox 2597 2158 2690 2210; x_wconf 80' lang='grc' dir='ltr'><strong>καὶ</strong></span> <span class='ocrx_word' id='word_1_324' title='bbox 2721 2159 2802 2211; x_wconf 83' lang='grc' dir='ltr'>ὅτι</span> <span class='ocrx_word' id='word_1_325' title='bbox 2823 2160 2884 2210; x_wconf 82' lang='grc' dir='ltr'>ἐν</span> <span class='ocrx_word' id='word_1_326' title='bbox 2910 2158 2986 2226; x_wconf 80' lang='grc' dir='ltr'>τῷ</span> <span class='ocrx_word' id='word_1_327' title='bbox 3028 2157 3276 2228; x_wconf 82' lang='grc' dir='ltr'>μέλλοντι</span> <span class='ocrx_word' id='word_1_328' title='bbox 3329 2158 3486 2210; x_wconf 81' lang='grc' dir='ltr'>αίῶνι</span> <span class='ocrx_word' id='word_1_329' title='bbox 3526 2158 3589 2209; x_wconf 84' lang='grc' dir='ltr'>οὐ</span> <span class='ocrx_word' id='word_1_330' title='bbox 3645 2157 3809 2225; x_wconf 83' lang='grc' dir='ltr'>μόνον</span> 
     </span>
    </p>
   </div>
   <div class='ocr_carea' id='block_1_51' title="bbox 2205 2237 3809 2319">
    <p class='ocr_par' dir='ltr' id='par_1_51' title="bbox 2205 2237 3809 2319">
     <span class='ocr_line' id='line_1_51' title="bbox 2205 2237 3809 2319; baseline -0.001 -19"><span class='ocrx_word' id='word_1_331' title='bbox 2205 2237 2374 2315; x_wconf 76' lang='grc' dir='ltr'>ὁρῶσι</span> <span class='ocrx_word' id='word_1_332' title='bbox 2404 2249 2498 2301; x_wconf 81' lang='grc' dir='ltr'>καὶ</span> <span class='ocrx_word' id='word_1_333' title='bbox 2516 2249 2568 2300; x_wconf 74' lang='grc' dir='ltr'><strong>οι</strong></span> <span class='ocrx_word' id='word_1_334' title='bbox 2605 2247 2923 2319; x_wconf 59' lang='grc' dir='ltr'><strong>ἁμαρτωλοὶ⁵</strong></span> <span class='ocrx_word' id='word_1_335' title='bbox 2951 2249 3075 2307; x_wconf 78' lang='grc' dir='ltr'>τοὺς</span> <span class='ocrx_word' id='word_1_336' title='bbox 3101 2247 3366 2310; x_wconf 76' lang='grc' dir='ltr'><strong>δικαίους,</strong></span> <span class='ocrx_word' id='word_1_337' title='bbox 3403 2247 3492 2298; x_wconf 78' lang='grc' dir='ltr'><strong>καὶ</strong></span> <span class='ocrx_word' id='word_1_338' title='bbox 3536 2249 3585 2299; x_wconf 81' lang='grc' dir='ltr'>οἱ</span> <span class='ocrx_word' id='word_1_339' title='bbox 3609 2245 3809 2300; x_wconf 86' lang='grc' dir='ltr'>δίκαιοι</span> 
     </span>
    </p>
   </div>
   <div class='ocr_carea' id='block_1_52' title="bbox 2203 2341 3804 2412">
    <p class='ocr_par' dir='ltr' id='par_1_52' title="bbox 2203 2341 3804 2412">
     <span class='ocr_line' id='line_1_52' title="bbox 2203 2341 3804 2412; baseline -0.001 -18"><span class='ocrx_word' id='word_1_340' title='bbox 2203 2343 2332 2405; x_wconf 82' lang='grc' dir='ltr'>τοὺς</span> <span class='ocrx_word' id='word_1_341' title='bbox 2384 2341 2767 2412; x_wconf 82' lang='grc' dir='ltr'>ἁμαρτωλοὺς,</span> <span class='ocrx_word' id='word_1_342' title='bbox 2819 2341 2956 2394; x_wconf 82' lang='grc' dir='ltr'>ἀλλά</span> <span class='ocrx_word' id='word_1_343' title='bbox 3019 2342 3110 2393; x_wconf 75' lang='grc' dir='ltr'>καὶ</span> <span class='ocrx_word' id='word_1_344' title='bbox 3169 2341 3518 2410; x_wconf 71' lang='grc' dir='ltr'>γνωρίζουσι.</span> <span class='ocrx_word' id='word_1_345' title='bbox 3602 2341 3715 2394; x_wconf 70' lang='grc' dir='ltr'><strong>Καὶ</strong></span> <span class='ocrx_word' id='word_1_346' title='bbox 3756 2343 3804 2392; x_wconf 75' lang='grc' dir='ltr'>οξ</span> 
     </span>
    </p>
   </div>
   <div class='ocr_carea' id='block_1_53' title="bbox 2206 2415 3810 2505">
    <p class='ocr_par' dir='ltr' id='par_1_53' title="bbox 2206 2415 3810 2505">
     <span class='ocr_line' id='line_1_53' title="bbox 2206 2415 3810 2505; baseline 0 -19"><span class='ocrx_word' id='word_1_347' title='bbox 2206 2435 2530 2505; x_wconf 75' lang='grc' dir='ltr'>ἁμαρτωλοὶ</span> <span class='ocrx_word' id='word_1_348' title='bbox 2561 2434 2663 2504; x_wconf 79' lang='grc' dir='ltr'><strong>μὲν</strong></span> <span class='ocrx_word' id='word_1_349' title='bbox 2688 2434 2860 2504; x_wconf 82' lang='grc' dir='ltr'>ὁρῶσι</span> <span class='ocrx_word' id='word_1_350' title='bbox 2891 2434 2988 2496; x_wconf 86' lang='grc' dir='ltr'>τάς</span> <span class='ocrx_word' id='word_1_351' title='bbox 3036 2415 3144 2487; x_wconf 86' lang='grc' dir='ltr'><strong>τῶν</strong></span> <span class='ocrx_word' id='word_1_352' title='bbox 3181 2433 3404 2486; x_wconf 86' lang='grc' dir='ltr'>δικαίων</span> <span class='ocrx_word' id='word_1_353' title='bbox 3445 2432 3810 2499; x_wconf 80' lang='grc' dir='ltr'>ἀπολαύσεις,</span> 
     </span>
    </p>
   </div>
   <div class='ocr_carea' id='block_1_54' title="bbox 2208 2524 3809 2600">
    <p class='ocr_par' dir='ltr' id='par_1_54' title="bbox 2208 2524 3809 2600">
     <span class='ocr_line' id='line_1_54' title="bbox 2208 2524 3809 2600; baseline -0.001 -20"><span class='ocrx_word' id='word_1_354' title='bbox 2208 2528 2294 2582; x_wconf 82' lang='grc' dir='ltr'><strong>ἵνα</strong></span> <span class='ocrx_word' id='word_1_355' title='bbox 2322 2528 2524 2600; x_wconf 83' lang='grc' dir='ltr'>μᾶλλον</span> <span class='ocrx_word' id='word_1_356' title='bbox 2564 2527 2847 2591; x_wconf 81' lang='grc' dir='ltr'><strong>ἀνιῶνται,</strong></span> <span class='ocrx_word' id='word_1_357' title='bbox 2886 2526 3203 2596; x_wconf 82' lang='grc' dir='ltr'>βλέποντες,</span> <span class='ocrx_word' id='word_1_358' title='bbox 3245 2526 3375 2580; x_wconf 76' lang='grc' dir='ltr'>οἴων</span> <span class='ocrx_word' id='word_1_359' title='bbox 3408 2524 3626 2592; x_wconf 81' lang='grc' dir='ltr'>ἀγαθῶν</span> <span class='ocrx_word' id='word_1_360' title='bbox 3658 2527 3809 2578; x_wconf 79' lang='grc' dir='ltr'>ἐστε-</span> 
     </span>
    </p>
   </div>
   <div class='ocr_carea' id='block_1_55' title="bbox 2207 2617 3802 2693">
    <p class='ocr_par' dir='ltr' id='par_1_55' title="bbox 2207 2617 3802 2693">
     <span class='ocr_line' id='line_1_55' title="bbox 2207 2617 3802 2693; baseline -0.004 -19"><span class='ocrx_word' id='word_1_361' title='bbox 2207 2620 2479 2693; x_wconf 69' lang='grc' dir='ltr'>ρήθησαν*</span> <span class='ocrx_word' id='word_1_362' title='bbox 2543 2621 2594 2673; x_wconf 84' lang='grc' dir='ltr'>οῑ</span> <span class='ocrx_word' id='word_1_363' title='bbox 2638 2621 2839 2676; x_wconf 82' lang='grc' dir='ltr'>δίκαιοι</span> <span class='ocrx_word' id='word_1_364' title='bbox 2866 2620 2943 2685; x_wconf 77' lang='grc' dir='ltr'><strong>δὲ,</strong></span> <span class='ocrx_word' id='word_1_365' title='bbox 2979 2619 3147 2690; x_wconf 80' lang='grc' dir='ltr'>ὁρῶσι</span> <span class='ocrx_word' id='word_1_366' title='bbox 3174 2621 3275 2683; x_wconf 84' lang='grc' dir='ltr'>τάς</span> <span class='ocrx_word' id='word_1_367' title='bbox 3307 2620 3414 2673; x_wconf 87' lang='grc' dir='ltr'><strong>τῶν</strong></span> <span class='ocrx_word' id='word_1_368' title='bbox 3461 2617 3802 2688; x_wconf 58' lang='grc' dir='ltr'>ἁμαρτωλῶν</span> 
     </span>
    </p>
   </div>
   <div class='ocr_carea' id='block_1_56' title="bbox 2207 2704 3801 2781">
    <p class='ocr_par' dir='ltr' id='par_1_56' title="bbox 2207 2704 3801 2781">
     <span class='ocr_line' id='line_1_56' title="bbox 2207 2704 3801 2781; baseline -0.002 -14"><span class='ocrx_word' id='word_1_369' title='bbox 2207 2713 2480 2778; x_wconf 80' lang='grc' dir='ltr'>κολάσεις,</span> <span class='ocrx_word' id='word_1_370' title='bbox 2524 2712 2611 2765; x_wconf 77' lang='grc' dir='ltr'>ἵνα</span> <span class='ocrx_word' id='word_1_371' title='bbox 2641 2714 2843 2781; x_wconf 84' lang='grc' dir='ltr'>μᾶλλον</span> <span class='ocrx_word' id='word_1_372' title='bbox 2896 2713 3157 2781; x_wconf 77' lang='grc' dir='ltr'>χαίρωσι,</span> <span class='ocrx_word' id='word_1_373' title='bbox 3206 2711 3499 2779; x_wconf 79' lang='grc' dir='ltr'>βλέποντες</span> <span class='ocrx_word' id='word_1_374' title='bbox 3552 2704 3641 2761; x_wconf 77' lang='grc' dir='ltr'>οἷα</span> <span class='ocrx_word' id='word_1_375' title='bbox 3688 2713 3801 2779; x_wconf 81' lang='lat' dir='ltr'><strong>(9U)</strong></span> 
     </span>
    </p>
   </div>
   <div class='ocr_carea' id='block_1_57' title="bbox 2208 2806 3810 2878">
    <p class='ocr_par' dir='ltr' id='par_1_57' title="bbox 2208 2806 3810 2878">
     <span class='ocr_line' id='line_1_57' title="bbox 2208 2806 3810 2878; baseline -0.004 -14"><span class='ocrx_word' id='word_1_376' title='bbox 2208 2808 2422 2878; x_wconf 84' lang='grc' dir='ltr'>βάσανα</span> <span class='ocrx_word' id='word_1_377' title='bbox 2449 2808 2726 2877; x_wconf 71' lang='grc' dir='ltr'>διέφυγον.</span> <span class='ocrx_word' id='word_1_378' title='bbox 2757 2807 3095 2877; x_wconf 73' lang='grc' dir='ltr'>ι’νωρίζουσι</span> <span class='ocrx_word' id='word_1_379' title='bbox 3122 2807 3177 2858; x_wconf 84' lang='grc' dir='ltr'>δὲ</span> <span class='ocrx_word' id='word_1_380' title='bbox 3213 2807 3504 2876; x_wconf 75' lang='grc' dir='ltr'>ἀλλήλους,</span> <span class='ocrx_word' id='word_1_381' title='bbox 3546 2807 3632 2858; x_wconf 83' lang='grc' dir='ltr'><strong>ἵνα</strong></span> <span class='ocrx_word' id='word_1_382' title='bbox 3662 2806 3810 2873; x_wconf 69' lang='grc' dir='ltr'>γνῶν-</span> 
     </span>
    </p>
   </div>
   <div class='ocr_carea' id='block_1_58' title="bbox 2208 2894 3800 2971">
    <p class='ocr_par' dir='ltr' id='par_1_58' title="bbox 2208 2894 3800 2971">
     <span class='ocr_line' id='line_1_58' title="bbox 2208 2894 3800 2971; baseline -0.006 -12"><span class='ocrx_word' id='word_1_383' title='bbox 2208 2924 2294 2959; x_wconf 89' lang='grc' dir='ltr'><strong>σιν</strong></span> <span class='ocrx_word' id='word_1_384' title='bbox 2333 2906 2391 2956; x_wconf 80' lang='grc' dir='ltr'>ὲν</span> <span class='ocrx_word' id='word_1_385' title='bbox 2428 2903 2604 2966; x_wconf 82' lang='grc' dir='ltr'>ποίοις</span> <span class='ocrx_word' id='word_1_386' title='bbox 2639 2903 2777 2954; x_wconf 73' lang='grc' dir='ltr'>εἰσὶν</span> <span class='ocrx_word' id='word_1_387' title='bbox 2824 2898 2994 2964; x_wconf 72' lang='grc' dir='ltr'>οὗτοι,</span> <span class='ocrx_word' id='word_1_388' title='bbox 3032 2902 3162 2970; x_wconf 76' lang='grc' dir='ltr'>περὶ</span> <span class='ocrx_word' id='word_1_389' title='bbox 3194 2894 3266 2954; x_wconf 81' lang='grc' dir='ltr'>ὧν</span> <span class='ocrx_word' id='word_1_390' title='bbox 3304 2902 3532 2969; x_wconf 75' lang='grc' dir='ltr'>ἠγνόουν</span> <span class='ocrx_word' id='word_1_391' title='bbox 3572 2899 3678 2971; x_wconf 73' lang='grc' dir='ltr'>πρὸ</span> <span class='ocrx_word' id='word_1_392' title='bbox 3707 2901 3800 2951; x_wconf 73' lang='grc' dir='ltr'>τοιί</span> 
     </span>
    </p>
   </div>
   <div class='ocr_carea' id='block_1_59' title="bbox 2207 2991 3802 3065">
    <p class='ocr_par' dir='ltr' id='par_1_59' title="bbox 2207 2991 3802 3065">
     <span class='ocr_line' id='line_1_59' title="bbox 2207 2991 3802 3065; baseline -0.007 -13"><span class='ocrx_word' id='word_1_393' title='bbox 2207 2997 2530 3053; x_wconf 82' lang='grc' dir='ltr'>ἀποθανεῖν’</span> <span class='ocrx_word' id='word_1_394' title='bbox 2558 2995 2619 3048; x_wconf 85' lang='grc' dir='ltr'>οὑ</span> <span class='ocrx_word' id='word_1_395' title='bbox 2671 2992 3054 3065; x_wconf 70' lang='grc' dir='ltr'>παρακαλοῦσι</span> <span class='ocrx_word' id='word_1_396' title='bbox 3085 2995 3141 3045; x_wconf 81' lang='grc' dir='ltr'>δὲ</span> <span class='ocrx_word' id='word_1_397' title='bbox 3175 2993 3292 3046; x_wconf 61' lang='grc' dir='ltr'>τότε</span> <span class='ocrx_word' id='word_1_398' title='bbox 3332 2994 3422 3045; x_wconf 80' lang='grc' dir='ltr'>τὸν</span> <span class='ocrx_word' id='word_1_399' title='bbox 3459 2991 3589 3045; x_wconf 83' lang='grc' dir='ltr'>Θεὸν</span> <span class='ocrx_word' id='word_1_400' title='bbox 3623 2995 3670 3046; x_wconf 81' lang='grc' dir='ltr'>οἱ</span> <span class='ocrx_word' id='word_1_401' title='bbox 3720 2993 3802 3044; x_wconf 77' lang='grc' dir='ltr'><strong>δὲ-</strong></span> 
     </span>
    </p>
   </div>
   <div class='ocr_carea' id='block_1_60' title="bbox 2208 3082 3798 3158">
    <p class='ocr_par' dir='ltr' id='par_1_60' title="bbox 2208 3082 3798 3158">
     <span class='ocr_line' id='line_1_60' title="bbox 2208 3082 3798 3158; baseline -0.008 -12"><span class='ocrx_word' id='word_1_402' title='bbox 2208 3109 2353 3146; x_wconf 70' lang='grc' dir='ltr'>κκιοι</span> <span class='ocrx_word' id='word_1_403' title='bbox 2391 3091 2529 3158; x_wconf 74' lang='grc' dir='ltr'>ὑπὲρ</span> <span class='ocrx_word' id='word_1_404' title='bbox 2578 3087 2690 3140; x_wconf 85' lang='grc' dir='ltr'><strong>τῶν</strong></span> <span class='ocrx_word' id='word_1_405' title='bbox 2751 3085 3120 3157; x_wconf 75' lang='grc' dir='ltr'>ἁμαρτωλῶν,</span> <span class='ocrx_word' id='word_1_406' title='bbox 3172 3082 3559 3151; x_wconf 71' lang='grc' dir='ltr'>γινώσκοντες,</span> <span class='ocrx_word' id='word_1_407' title='bbox 3591 3086 3672 3137; x_wconf 80' lang='grc' dir='ltr'>ὅτι</span> <span class='ocrx_word' id='word_1_408' title='bbox 3722 3088 3798 3154; x_wconf 49' lang='grc' dir='ltr'>τιξ-</span> 
     </span>
    </p>
   </div>
   <div class='ocr_carea' id='block_1_61' title="bbox 507 3167 2098 3270">
    <p class='ocr_par' dir='ltr' id='par_1_61' title="bbox 507 3167 2094 3242">
     <span class='ocr_line' id='line_1_61' title="bbox 507 3167 2094 3242; baseline 0.004 -20"><span class='ocrx_word' id='word_1_409' title='bbox 507 3167 800 3224; x_wconf 85' lang='lat' dir='ltr'><strong>admodum</strong></span> <span class='ocrx_word' id='word_1_410' title='bbox 861 3183 958 3238; x_wconf 88' lang='lat' dir='ltr'><strong>pro</strong></span> <span class='ocrx_word' id='word_1_411' title='bbox 1000 3167 1346 3225; x_wconf 72' lang='lat' dir='ltr'><strong>dmmonibus</strong></span> <span class='ocrx_word' id='word_1_412' title='bbox 1391 3172 1702 3242; x_wconf 80' lang='lat' dir='ltr'><strong>supplicare</strong></span> <span class='ocrx_word' id='word_1_413' title='bbox 1750 3188 1952 3228; x_wconf 82' lang='lat' dir='ltr'><strong>vanum</strong></span> <span class='ocrx_word' id='word_1_414' title='bbox 1996 3189 2094 3228; x_wconf 65' lang='lat' dir='ltr'><strong>es&#39;</strong></span> 
     </span>
    </p>
   </div>
   <div class='ocr_carea' id='block_1_62' title="bbox 2215 3167 3776 3270">
    <p class='ocr_par' dir='ltr' id='par_1_62' title="bbox 2215 3176 3776 3254">
     <span class='ocr_line' id='line_1_62' title="bbox 2215 3176 3776 3254; baseline -0.008 -15"><span class='ocrx_word' id='word_1_415' title='bbox 2215 3185 2436 3254; x_wconf 67' lang='grc' dir='ltr'>διαϐόλῳ</span> <span class='ocrx_word' id='word_1_416' title='bbox 2488 3182 2732 3243; x_wconf 76' lang='grc' dir='ltr'>καὶτοῖς</span> <span class='ocrx_word' id='word_1_417' title='bbox 2763 3178 3017 3248; x_wconf 80' lang='grc' dir='ltr'>ἀγγέλοις</span> <span class='ocrx_word' id='word_1_418' title='bbox 3063 3178 3228 3230; x_wconf 71' lang='grc' dir='ltr'>αὑτοῦ</span> <span class='ocrx_word' id='word_1_419' title='bbox 3289 3176 3776 3244; x_wconf 64' lang='grc' dir='ltr'>συγκατεδικάσὺτς</span> 
     </span>
    </p>
   </div>
   <div class='ocr_carea' id='block_1_63' title="bbox 507 3261 2096 3332">
    <p class='ocr_par' dir='ltr' id='par_1_63' title="bbox 507 3261 2096 3332">
     <span class='ocr_line' id='line_1_63' title="bbox 507 3261 2096 3332; baseline 0.004 -18"><span class='ocrx_word' id='word_1_420' title='bbox 507 3270 591 3316; x_wconf 78' lang='lat' dir='ltr'><strong>se:</strong></span> <span class='ocrx_word' id='word_1_421' title='bbox 632 3268 686 3315; x_wconf 88' lang='lat' dir='ltr'><strong>et</strong></span> <span class='ocrx_word' id='word_1_422' title='bbox 735 3261 972 3314; x_wconf 88' lang='lat' dir='ltr'><strong>inutile:</strong></span> <span class='ocrx_word' id='word_1_423' title='bbox 1007 3262 1080 3315; x_wconf 88' lang='lat' dir='ltr'><strong>ita</strong></span> <span class='ocrx_word' id='word_1_424' title='bbox 1128 3276 1346 3332; x_wconf 87' lang='lat' dir='ltr'><strong>quoque</strong></span> <span class='ocrx_word' id='word_1_425' title='bbox 1395 3271 1450 3316; x_wconf 91' lang='lat' dir='ltr'><strong>et</strong></span> <span class='ocrx_word' id='word_1_426' title='bbox 1492 3279 1592 3332; x_wconf 89' lang='lat' dir='ltr'><strong>pro</strong></span> <span class='ocrx_word' id='word_1_427' title='bbox 1643 3264 1726 3317; x_wconf 91' lang='lat' dir='ltr'><strong>bis</strong></span> <span class='ocrx_word' id='word_1_428' title='bbox 1775 3264 1916 3318; x_wconf 91' lang='lat' dir='ltr'><strong>sicut</strong></span> <span class='ocrx_word' id='word_1_429' title='bbox 1962 3265 2096 3320; x_wconf 81' lang='lat' dir='ltr'><strong>dixit</strong></span> 
     </span>
    </p>
   </div>
   <div class='ocr_carea' id='block_1_64' title="bbox 505 3339 2099 3424">
    <p class='ocr_par' dir='ltr' id='par_1_64' title="bbox 505 3339 2099 3424">
     <span class='ocr_line' id='line_1_64' title="bbox 505 3339 2099 3424; baseline 0.001 -18"><span class='ocrx_word' id='word_1_430' title='bbox 505 3350 805 3423; x_wconf 68' lang='lat' dir='ltr'><strong>Gregorius</strong></span> <span class='ocrx_word' id='word_1_431' title='bbox 857 3351 1131 3420; x_wconf 79' lang='lat' dir='ltr'><strong>Dialogus.</strong></span> <span class='ocrx_word' id='word_1_432' title='bbox 1187 3339 1308 3407; x_wconf 70' lang='lat' dir='ltr'><strong>Non</strong></span> <span class='ocrx_word' id='word_1_433' title='bbox 1349 3353 1537 3409; x_wconf 87' lang='lat' dir='ltr'><strong>dolent</strong></span> <span class='ocrx_word' id='word_1_434' title='bbox 1567 3364 1750 3409; x_wconf 87' lang='lat' dir='ltr'><strong>autem</strong></span> <span class='ocrx_word' id='word_1_435' title='bbox 1783 3370 2099 3424; x_wconf 86' lang='lat' dir='ltr'><strong>quanquam</strong></span> 
     </span>
    </p>
   </div>
   <div class='ocr_carea' id='block_1_65' title="bbox 505 3446 2095 3517">
    <p class='ocr_par' dir='ltr' id='par_1_65' title="bbox 505 3446 2095 3517">
     <span class='ocr_line' id='line_1_65' title="bbox 505 3446 2095 3517; baseline -0.001 -17"><span class='ocrx_word' id='word_1_436' title='bbox 505 3447 910 3516; x_wconf 81' lang='lat' dir='ltr'><strong>eompatienles</strong></span> <span class='ocrx_word' id='word_1_437' title='bbox 954 3446 1102 3500; x_wconf 90' lang='lat' dir='ltr'><strong>sint:</strong></span> <span class='ocrx_word' id='word_1_438' title='bbox 1140 3456 1270 3500; x_wconf 89' lang='lat' dir='ltr'><strong>tunc</strong></span> <span class='ocrx_word' id='word_1_439' title='bbox 1316 3447 1463 3500; x_wconf 90' lang='lat' dir='ltr'><strong>enim</strong></span> <span class='ocrx_word' id='word_1_440' title='bbox 1515 3447 1654 3517; x_wconf 79' lang='lat' dir='ltr'><strong>fugit</strong></span> <span class='ocrx_word' id='word_1_441' title='bbox 1698 3446 1767 3500; x_wconf 88' lang='lat' dir='ltr'><strong>ab</strong></span> <span class='ocrx_word' id='word_1_442' title='bbox 1803 3447 1883 3500; x_wconf 84' lang='lat' dir='ltr'><strong>eis</strong></span> <span class='ocrx_word' id='word_1_443' title='bbox 1921 3447 2095 3512; x_wconf 81' lang='lat' dir='ltr'><strong>dolor,</strong></span> 
     </span>
    </p>
   </div>
   <div class='ocr_carea' id='block_1_66' title="bbox 505 3536 1680 3607">
    <p class='ocr_par' dir='ltr' id='par_1_66' title="bbox 505 3536 1680 3607">
     <span class='ocr_line' id='line_1_66' title="bbox 505 3536 1680 3607; baseline 0.002 -17"><span class='ocrx_word' id='word_1_444' title='bbox 505 3553 708 3592; x_wconf 70' lang='lat' dir='ltr'><strong>mwror</strong></span> <span class='ocrx_word' id='word_1_445' title='bbox 743 3553 803 3591; x_wconf 84' lang='lat' dir='ltr'><strong>ac</strong></span> <span class='ocrx_word' id='word_1_446' title='bbox 832 3536 1089 3607; x_wconf 77' lang='lat' dir='ltr'><strong>gemitus,</strong></span> <span class='ocrx_word' id='word_1_447' title='bbox 1126 3546 1182 3590; x_wconf 93' lang='lat' dir='ltr'><strong>ut</strong></span> <span class='ocrx_word' id='word_1_448' title='bbox 1219 3551 1354 3606; x_wconf 89' lang='lat' dir='ltr'><strong>pure</strong></span> <span class='ocrx_word' id='word_1_449' title='bbox 1407 3537 1680 3592; x_wconf 67' lang='lat' dir='ltr'><strong>laetentur.</strong></span> 
     </span>
    </p>
   </div>
   <div class='ocr_carea' id='block_1_67' title="bbox 576 3809 2100 3884">
    <p class='ocr_par' dir='ltr' id='par_1_67' title="bbox 576 3809 2100 3884">
     <span class='ocr_line' id='line_1_67' title="bbox 576 3809 2100 3884; baseline 0.005 -20"><span class='ocrx_word' id='word_1_450' title='bbox 576 3810 756 3884; x_wconf 45' lang='lat' dir='ltr'><strong>illam</strong></span> <span class='ocrx_word' id='word_1_451' title='bbox 786 3809 1005 3881; x_wconf 81' lang='lat' dir='ltr'><strong>quidem</strong></span> <span class='ocrx_word' id='word_1_452' title='bbox 1034 3809 1168 3865; x_wconf 91' lang='lat' dir='ltr'><strong>dicit</strong></span> <span class='ocrx_word' id='word_1_453' title='bbox 1203 3809 1500 3882; x_wconf 81' lang='lat' dir='ltr'><strong>Gregorius</strong></span> <span class='ocrx_word' id='word_1_454' title='bbox 1533 3810 1808 3884; x_wconf 83' lang='lat' dir='ltr'><strong>Dialogus.</strong></span> <span class='ocrx_word' id='word_1_455' title='bbox 1837 3815 1943 3870; x_wconf 82' lang='lat' dir='ltr'><strong>Alii</strong></span> <span class='ocrx_word' id='word_1_456' title='bbox 1972 3833 2100 3872; x_wconf 88' lang='lat' dir='ltr'><strong>vero</strong></span> 
     </span>
    </p>
   </div>
   <div class='ocr_carea' id='block_1_68' title="bbox 509 3905 2100 3979">
    <p class='ocr_par' dir='ltr' id='par_1_68' title="bbox 509 3905 2100 3979">
     <span class='ocr_line' id='line_1_68' title="bbox 509 3905 2100 3979; baseline 0.003 -19"><span class='ocrx_word' id='word_1_457' title='bbox 509 3905 931 3968; x_wconf 84' lang='lat' dir='ltr'><strong>l’atresdlcunl,</strong></span> <span class='ocrx_word' id='word_1_458' title='bbox 983 3919 1162 3974; x_wconf 84' lang='lat' dir='ltr'><strong>neque</strong></span> <span class='ocrx_word' id='word_1_459' title='bbox 1189 3919 1218 3957; x_wconf 89' lang='lat' dir='ltr'><strong>a</strong></span> <span class='ocrx_word' id='word_1_460' title='bbox 1261 3905 1644 3974; x_wconf 71' lang='lat' dir='ltr'><strong>peccatoribus</strong></span> <span class='ocrx_word' id='word_1_461' title='bbox 1677 3908 1849 3962; x_wconf 81' lang='lat' dir='ltr'><strong>videri</strong></span> <span class='ocrx_word' id='word_1_462' title='bbox 1895 3909 2100 3979; x_wconf 71' lang='lat' dir='ltr'><strong>iustos,</strong></span> 
     </span>
    </p>
   </div>
   <div class='ocr_carea' id='block_1_69' title="bbox 506 3998 2102 4070">
    <p class='ocr_par' dir='ltr' id='par_1_69' title="bbox 506 3998 2102 4070">
     <span class='ocr_line' id='line_1_69' title="bbox 506 3998 2102 4070; baseline 0.001 -16"><span class='ocrx_word' id='word_1_463' title='bbox 506 4015 685 4069; x_wconf 85' lang='lat' dir='ltr'><strong>neque</strong></span> <span class='ocrx_word' id='word_1_464' title='bbox 714 3999 921 4070; x_wconf 80' lang='lat' dir='ltr'><strong>ajustis</strong></span> <span class='ocrx_word' id='word_1_465' title='bbox 957 4005 1300 4068; x_wconf 83' lang='lat' dir='ltr'><strong>peceatores:</strong></span> <span class='ocrx_word' id='word_1_466' title='bbox 1338 3999 1411 4052; x_wconf 91' lang='lat' dir='ltr'><strong>illi</strong></span> <span class='ocrx_word' id='word_1_467' title='bbox 1447 3998 1718 4068; x_wconf 85' lang='lat' dir='ltr'><strong>siquidem</strong></span> <span class='ocrx_word' id='word_1_468' title='bbox 1769 4000 1823 4054; x_wconf 90' lang='lat' dir='ltr'><strong>in</strong></span> <span class='ocrx_word' id='word_1_469' title='bbox 1855 4001 1976 4056; x_wconf 88' lang='lat' dir='ltr'><strong>luce</strong></span> <span class='ocrx_word' id='word_1_470' title='bbox 2009 4002 2102 4056; x_wconf 88' lang='lat' dir='ltr'><strong>de-</strong></span> 
     </span>
    </p>
   </div>
   <div class='ocr_carea' id='block_1_70' title="bbox 505 4092 2091 4164">
    <p class='ocr_par' dir='ltr' id='par_1_70' title="bbox 505 4092 2091 4164">
     <span class='ocr_line' id='line_1_70' title="bbox 505 4092 2091 4164; baseline 0.001 -17"><span class='ocrx_word' id='word_1_471' title='bbox 505 4103 658 4164; x_wconf 78' lang='lat' dir='ltr'><strong>gunt,</strong></span> <span class='ocrx_word' id='word_1_472' title='bbox 704 4093 757 4146; x_wconf 92' lang='lat' dir='ltr'><strong>hi</strong></span> <span class='ocrx_word' id='word_1_473' title='bbox 794 4102 975 4146; x_wconf 88' lang='lat' dir='ltr'><strong>autem</strong></span> <span class='ocrx_word' id='word_1_474' title='bbox 1009 4094 1062 4146; x_wconf 91' lang='lat' dir='ltr'><strong>in</strong></span> <span class='ocrx_word' id='word_1_475' title='bbox 1102 4092 1347 4147; x_wconf 87' lang='lat' dir='ltr'><strong>tenebris</strong></span> <span class='ocrx_word' id='word_1_476' title='bbox 1375 4109 1389 4158; x_wconf 88' lang='lat'><strong>;</strong></span> <span class='ocrx_word' id='word_1_477' title='bbox 1424 4092 1584 4164; x_wconf 86' lang='lat' dir='ltr'><strong>longe</strong></span> <span class='ocrx_word' id='word_1_478' title='bbox 1615 4105 1797 4148; x_wconf 87' lang='lat' dir='ltr'><strong>autem</strong></span> <span class='ocrx_word' id='word_1_479' title='bbox 1827 4096 2036 4149; x_wconf 50' lang='lat' dir='ltr'><strong>distant</strong></span> <span class='ocrx_word' id='word_1_480' title='bbox 2059 4110 2091 4149; x_wconf 90' lang='lat' dir='ltr'><strong>a</strong></span> 
     </span>
    </p>
   </div>
   <div class='ocr_carea' id='block_1_71' title="bbox 505 4183 2101 4252">
    <p class='ocr_par' dir='ltr' id='par_1_71' title="bbox 505 4183 2101 4252">
     <span class='ocr_line' id='line_1_71' title="bbox 505 4183 2101 4252; baseline 0.001 -12"><span class='ocrx_word' id='word_1_481' title='bbox 505 4201 563 4240; x_wconf 87' lang='lat' dir='ltr'><strong>se</strong></span> <span class='ocrx_word' id='word_1_482' title='bbox 596 4186 829 4240; x_wconf 81' lang='lat' dir='ltr'><strong>invicem</strong></span> <span class='ocrx_word' id='word_1_483' title='bbox 879 4184 967 4237; x_wconf 76' lang='lat' dir='ltr'><strong>lux</strong></span> <span class='ocrx_word' id='word_1_484' title='bbox 1015 4194 1068 4238; x_wconf 87' lang='lat' dir='ltr'><strong>et</strong></span> <span class='ocrx_word' id='word_1_485' title='bbox 1097 4185 1356 4239; x_wconf 71' lang='lat' dir='ltr'><strong>tenebras.</strong></span> <span class='ocrx_word' id='word_1_486' title='bbox 1390 4183 1685 4252; x_wconf 67' lang='lat' dir='ltr'><strong>Prseterea,</strong></span> <span class='ocrx_word' id='word_1_487' title='bbox 1715 4202 1838 4241; x_wconf 85' lang='lat' dir='ltr'><strong>eum</strong></span> <span class='ocrx_word' id='word_1_488' title='bbox 1868 4187 1942 4239; x_wconf 93' lang='lat' dir='ltr'><strong>illi</strong></span> <span class='ocrx_word' id='word_1_489' title='bbox 1990 4188 2101 4242; x_wconf 88' lang='lat' dir='ltr'><strong>sint</strong></span> 
     </span>
    </p>
   </div>
   <div class='ocr_carea' id='block_1_72' title="bbox 506 4276 2099 4350">
    <p class='ocr_par' dir='ltr' id='par_1_72' title="bbox 506 4276 2099 4350">
     <span class='ocr_line' id='line_1_72' title="bbox 506 4276 2099 4350; baseline 0.002 -19"><span class='ocrx_word' id='word_1_490' title='bbox 506 4278 733 4331; x_wconf 89' lang='lat' dir='ltr'><strong>omnino</strong></span> <span class='ocrx_word' id='word_1_491' title='bbox 753 4279 862 4342; x_wconf 77' lang='lat' dir='ltr'><strong>lux,</strong></span> <span class='ocrx_word' id='word_1_492' title='bbox 885 4292 1229 4347; x_wconf 87' lang='lat' dir='ltr'><strong>nequaquam</strong></span> <span class='ocrx_word' id='word_1_493' title='bbox 1255 4276 1568 4347; x_wconf 88' lang='lat' dir='ltr'><strong>cupiuutad</strong></span> <span class='ocrx_word' id='word_1_494' title='bbox 1601 4279 1855 4333; x_wconf 80' lang='lat' dir='ltr'><strong>tenebras</strong></span> <span class='ocrx_word' id='word_1_495' title='bbox 1873 4282 2099 4350; x_wconf 56' lang='lat' dir='ltr'><strong>pres-pi-</strong></span> 
     </span>
    </p>
   </div>
   <div class='ocr_carea' id='block_1_73' title="bbox 502 4370 2102 4443">
    <p class='ocr_par' dir='ltr' id='par_1_73' title="bbox 502 4370 2102 4443">
     <span class='ocr_line' id='line_1_73' title="bbox 502 4370 2102 4443; baseline -0.001 -16"><span class='ocrx_word' id='word_1_496' title='bbox 502 4384 648 4436; x_wconf 81' lang='lat' dir='ltr'><strong>cere;</strong></span> <span class='ocrx_word' id='word_1_497' title='bbox 682 4370 736 4424; x_wconf 93' lang='lat' dir='ltr'><strong>hi</strong></span> <span class='ocrx_word' id='word_1_498' title='bbox 763 4385 912 4433; x_wconf 84' lang='lat' dir='ltr'><strong>vero,</strong></span> <span class='ocrx_word' id='word_1_499' title='bbox 943 4386 1066 4424; x_wconf 90' lang='lat' dir='ltr'><strong>eum</strong></span> <span class='ocrx_word' id='word_1_500' title='bbox 1082 4374 1306 4424; x_wconf 84' lang='lat' dir='ltr'><strong>omnino</strong></span> <span class='ocrx_word' id='word_1_501' title='bbox 1327 4372 1714 4439; x_wconf 74' lang='lat' dir='ltr'><strong>sint_teuebr:e,</strong></span> <span class='ocrx_word' id='word_1_502' title='bbox 1746 4387 1852 4425; x_wconf 88' lang='lat' dir='ltr'><strong>non</strong></span> <span class='ocrx_word' id='word_1_503' title='bbox 1873 4382 2102 4443; x_wconf 80' lang='lat' dir='ltr'><strong>possunt</strong></span> 
     </span>
    </p>
   </div>
   <div class='ocr_carea' id='block_1_74' title="bbox 505 4460 2101 4534">
    <p class='ocr_par' dir='ltr' id='par_1_74' title="bbox 505 4460 2101 4534">
     <span class='ocr_line' id='line_1_74' title="bbox 505 4460 2101 4534; baseline 0.001 -17"><span class='ocrx_word' id='word_1_504' title='bbox 505 4465 682 4519; x_wconf 85' lang='lat' dir='ltr'><strong>lucem</strong></span> <span class='ocrx_word' id='word_1_505' title='bbox 715 4463 987 4532; x_wconf 70' lang='lat' dir='ltr'><strong>aSpicere.</strong></span> <span class='ocrx_word' id='word_1_506' title='bbox 1019 4460 1160 4516; x_wconf 81' lang='lat' dir='ltr'><strong>Nam</strong></span> <span class='ocrx_word' id='word_1_507' title='bbox 1203 4472 1259 4518; x_wconf 88' lang='lat' dir='ltr'><strong>et</strong></span> <span class='ocrx_word' id='word_1_508' title='bbox 1287 4464 1675 4534; x_wconf 84' lang='lat' dir='ltr'><strong>peccatoribus</strong></span> <span class='ocrx_word' id='word_1_509' title='bbox 1706 4463 1917 4519; x_wconf 91' lang='lat' dir='ltr'><strong>doloris</strong></span> <span class='ocrx_word' id='word_1_510' title='bbox 1953 4475 2101 4520; x_wconf 88' lang='lat' dir='ltr'><strong>esset</strong></span> 
     </span>
    </p>
   </div>
   <div class='ocr_carea' id='block_1_75' title="bbox 2208 3267 3800 3344">
    <p class='ocr_par' dir='ltr' id='par_1_75' title="bbox 2208 3267 3800 3344">
     <span class='ocr_line' id='line_1_75' title="bbox 2208 3267 3800 3344; baseline -0.009 -13"><span class='ocrx_word' id='word_1_511' title='bbox 2208 3294 2305 3332; x_wconf 87' lang='grc' dir='ltr'><strong>σαν</strong></span> <span class='ocrx_word' id='word_1_512' title='bbox 2335 3275 2469 3344; x_wconf 83' lang='grc'>(97).</span> <span class='ocrx_word' id='word_1_513' title='bbox 2502 3273 2613 3325; x_wconf 70' lang='grc' dir='ltr'><strong>Καὶ</strong></span> <span class='ocrx_word' id='word_1_514' title='bbox 2632 3270 2824 3340; x_wconf 74' lang='grc' dir='ltr'>ὥσπερ</span> <span class='ocrx_word' id='word_1_515' title='bbox 2852 3269 2913 3322; x_wconf 84' lang='grc' dir='ltr'>τὸ</span> <span class='ocrx_word' id='word_1_516' title='bbox 2943 3268 3085 3337; x_wconf 86' lang='grc' dir='ltr'>ὑπὲρ</span> <span class='ocrx_word' id='word_1_517' title='bbox 3110 3269 3217 3320; x_wconf 85' lang='grc' dir='ltr'><strong>τῶν</strong></span> <span class='ocrx_word' id='word_1_518' title='bbox 3237 3267 3506 3338; x_wconf 74' lang='grc' dir='ltr'>δαιμόνων</span> <span class='ocrx_word' id='word_1_519' title='bbox 3536 3268 3800 3320; x_wconf 63' lang='grc' dir='ltr'>ἱκετεύειν</span> 
     </span>
    </p>
   </div>
   <div class='ocr_carea' id='block_1_76' title="bbox 2209 3360 3796 3439">
    <p class='ocr_par' dir='ltr' id='par_1_76' title="bbox 2209 3360 3796 3439">
     <span class='ocr_line' id='line_1_76' title="bbox 2209 3360 3796 3439; baseline -0.007 -16"><span class='ocrx_word' id='word_1_520' title='bbox 2209 3365 2442 3439; x_wconf 82' lang='grc' dir='ltr'>μάταιόν</span> <span class='ocrx_word' id='word_1_521' title='bbox 2487 3365 2604 3416; x_wconf 81' lang='grc' dir='ltr'>ἐστι</span> <span class='ocrx_word' id='word_1_522' title='bbox 2643 3363 2738 3415; x_wconf 73' lang='grc' dir='ltr'><strong>καὶ</strong></span> <span class='ocrx_word' id='word_1_523' title='bbox 2791 3361 3186 3432; x_wconf 83' lang='grc' dir='ltr'>ἀπρόσδεκτον,</span> <span class='ocrx_word' id='word_1_524' title='bbox 3233 3360 3375 3413; x_wconf 79' lang='grc' dir='ltr'>οὕτω</span> <span class='ocrx_word' id='word_1_525' title='bbox 3424 3361 3516 3412; x_wconf 82' lang='grc' dir='ltr'>καὶ</span> <span class='ocrx_word' id='word_1_526' title='bbox 3554 3360 3613 3412; x_wconf 84' lang='grc' dir='ltr'>τὸ</span> <span class='ocrx_word' id='word_1_527' title='bbox 3660 3362 3796 3427; x_wconf 71' lang='grc' dir='ltr'>ιπὲς.</span> 
     </span>
    </p>
   </div>
   <div class='ocr_carea' id='block_1_77' title="bbox 2203 3451 3798 3524">
    <p class='ocr_par' dir='ltr' id='par_1_77' title="bbox 2203 3451 3798 3524">
     <span class='ocr_line' id='line_1_77' title="bbox 2203 3451 3798 3524; baseline -0.006 -12"><span class='ocrx_word' id='word_1_528' title='bbox 2203 3459 2430 3521; x_wconf 82' lang='grc' dir='ltr'>τούτων,</span> <span class='ocrx_word' id='word_1_529' title='bbox 2465 3457 2539 3520; x_wconf 83' lang='grc' dir='ltr'>ὼς</span> <span class='ocrx_word' id='word_1_530' title='bbox 2571 3451 2690 3508; x_wconf 81' lang='grc' dir='ltr'>εἷπε</span> <span class='ocrx_word' id='word_1_531' title='bbox 2726 3454 3031 3524; x_wconf 79' lang='grc' dir='ltr'>Γρηγόριος</span> <span class='ocrx_word' id='word_1_532' title='bbox 3063 3456 3089 3506; x_wconf 82' lang='grc' dir='ltr'><strong>ό</strong></span> <span class='ocrx_word' id='word_1_533' title='bbox 3119 3452 3397 3520; x_wconf 69' lang='grc' dir='ltr'>Διάλογος·</span> <span class='ocrx_word' id='word_1_534' title='bbox 3435 3453 3534 3505; x_wconf 72' lang='grc' dir='ltr'>οὐκ</span> <span class='ocrx_word' id='word_1_535' title='bbox 3571 3451 3798 3519; x_wconf 83' lang='grc' dir='ltr'>ἀλγοῦσι</span> 
     </span>
    </p>
   </div>
   <div class='ocr_carea' id='block_1_78' title="bbox 2202 3544 3796 3617">
    <p class='ocr_par' dir='ltr' id='par_1_78' title="bbox 2202 3544 3796 3617">
     <span class='ocr_line' id='line_1_78' title="bbox 2202 3544 3796 3617; baseline -0.004 -13"><span class='ocrx_word' id='word_1_536' title='bbox 2202 3551 2282 3614; x_wconf 83' lang='grc' dir='ltr'><strong>δὲ,</strong></span> <span class='ocrx_word' id='word_1_537' title='bbox 2345 3551 2526 3602; x_wconf 78' lang='grc' dir='ltr'>καίτοι</span> <span class='ocrx_word' id='word_1_538' title='bbox 2579 3547 2888 3617; x_wconf 77' lang='grc' dir='ltr'>συμπαθεῖς</span> <span class='ocrx_word' id='word_1_539' title='bbox 2964 3545 3134 3608; x_wconf 73' lang='grc' dir='ltr'>ὄντες.</span> <span class='ocrx_word' id='word_1_540' title='bbox 3203 3544 3435 3612; x_wconf 73' lang='grc' dir='ltr'>Ἀπέὸρα</span> <span class='ocrx_word' id='word_1_541' title='bbox 3506 3547 3613 3614; x_wconf 81' lang='grc' dir='ltr'>γὰρ</span> <span class='ocrx_word' id='word_1_542' title='bbox 3675 3548 3796 3598; x_wconf 76' lang='grc' dir='ltr'>τότε</span> 
     </span>
    </p>
   </div>
   <div class='ocr_carea' id='block_1_79' title="bbox 2205 3633 3797 3707">
    <p class='ocr_par' dir='ltr' id='par_1_79' title="bbox 2205 3633 3797 3707">
     <span class='ocr_line' id='line_1_79' title="bbox 2205 3633 3797 3707; baseline -0.003 -16"><span class='ocrx_word' id='word_1_543' title='bbox 2205 3639 2299 3691; x_wconf 82' lang='grc' dir='ltr'><strong>ἀπ’</strong></span> <span class='ocrx_word' id='word_1_544' title='bbox 2333 3638 2516 3691; x_wconf 78' lang='grc' dir='ltr'>αὐτῶν</span> <span class='ocrx_word' id='word_1_545' title='bbox 2541 3636 2724 3707; x_wconf 84' lang='grc' dir='ltr'><strong>ὀδύνη,</strong></span> <span class='ocrx_word' id='word_1_546' title='bbox 2751 3636 2843 3687; x_wconf 76' lang='grc' dir='ltr'>καὶ</span> <span class='ocrx_word' id='word_1_547' title='bbox 2860 3635 3030 3704; x_wconf 84' lang='grc' dir='ltr'>λύπη,</span> <span class='ocrx_word' id='word_1_548' title='bbox 3055 3635 3149 3686; x_wconf 72' lang='grc' dir='ltr'>καὶ</span> <span class='ocrx_word' id='word_1_549' title='bbox 3175 3633 3503 3705; x_wconf 79' lang='grc' dir='ltr'>στεναγμὸς,</span> <span class='ocrx_word' id='word_1_550' title='bbox 3527 3635 3797 3686; x_wconf 50' lang='lat' dir='ltr'><strong>Mutis-</strong></span> 
     </span>
    </p>
   </div>
   <div class='ocr_carea' id='block_1_80' title="bbox 2209 3731 2764 3803">
    <p class='ocr_par' dir='ltr' id='par_1_80' title="bbox 2209 3731 2764 3803">
     <span class='ocr_line' id='line_1_80' title="bbox 2209 3731 2764 3803; baseline 0.002 -20"><span class='ocrx_word' id='word_1_551' title='bbox 2209 3733 2314 3803; x_wconf 72' lang='grc' dir='ltr'><strong>ρῶς</strong></span> <span class='ocrx_word' id='word_1_552' title='bbox 2339 3731 2764 3800; x_wconf 61' lang='grc' dir='ltr'>εὐφραίνωνται.</span> 
     </span>
    </p>
   </div>
   <div class='ocr_carea' id='block_1_81' title="bbox 2276 3818 3798 3898">
    <p class='ocr_par' dir='ltr' id='par_1_81' title="bbox 2276 3818 3798 3898">
     <span class='ocr_line' id='line_1_81' title="bbox 2276 3818 3798 3898; baseline -0.004 -21"><span class='ocrx_word' id='word_1_553' title='bbox 2276 3825 2486 3898; x_wconf 54' lang='grc' dir='ltr'>(Ταῦτα</span> <span class='ocrx_word' id='word_1_554' title='bbox 2517 3823 2627 3892; x_wconf 80' lang='lat'><strong>(98)</strong></span> <span class='ocrx_word' id='word_1_555' title='bbox 2661 3823 2760 3893; x_wconf 77' lang='grc' dir='ltr'><strong>μέν</strong></span> <span class='ocrx_word' id='word_1_556' title='bbox 2788 3839 2921 3893; x_wconf 73' lang='grc' dir='ltr'>φησι</span> <span class='ocrx_word' id='word_1_557' title='bbox 2947 3821 3289 3892; x_wconf 84' lang='grc' dir='ltr'>Γρηγόριοςό</span> <span class='ocrx_word' id='word_1_558' title='bbox 3320 3819 3593 3888; x_wconf 74' lang='grc' dir='ltr'>Διάλογοςο</span> <span class='ocrx_word' id='word_1_559' title='bbox 3620 3818 3798 3889; x_wconf 68' lang='grc' dir='ltr'>ἕτεροι</span> 
     </span>
    </p>
   </div>
   <div class='ocr_carea' id='block_1_82' title="bbox 2202 3913 3796 3987">
    <p class='ocr_par' dir='ltr' id='par_1_82' title="bbox 2202 3913 3796 3987">
     <span class='ocr_line' id='line_1_82' title="bbox 2202 3913 3796 3987; baseline -0.003 -17"><span class='ocrx_word' id='word_1_560' title='bbox 2291 3918 2530 3986; x_wconf 79' lang='grc' dir='ltr'>ιίατέρες</span> <span class='ocrx_word' id='word_1_561' title='bbox 2558 3915 2802 3984; x_wconf 82' lang='grc' dir='ltr'>λέγουσι,</span> <span class='ocrx_word' id='word_1_562' title='bbox 2841 3916 2982 3987; x_wconf 79' lang='grc' dir='ltr'>μήτε</span> <span class='ocrx_word' id='word_1_563' title='bbox 3024 3914 3128 3966; x_wconf 81' lang='grc' dir='ltr'>ὑπὸ</span> <span class='ocrx_word' id='word_1_564' title='bbox 3158 3914 3267 3966; x_wconf 86' lang='grc' dir='ltr'><strong>τῶν</strong></span> <span class='ocrx_word' id='word_1_565' title='bbox 3297 3913 3640 3984; x_wconf 80' lang='grc' dir='ltr'>ἁμαρτωλῶν</span> <span class='ocrx_word' id='word_1_566' title='bbox 3667 3914 3796 3983; x_wconf 76' lang='grc' dir='ltr'><strong>ὁρᾶ-</strong></span> 
     </span>
    </p>
   </div>
   <div class='ocr_carea' id='block_1_83' title="bbox 2207 4007 3799 4078">
    <p class='ocr_par' dir='ltr' id='par_1_83' title="bbox 2207 4007 3799 4078">
     <span class='ocr_line' id='line_1_83' title="bbox 2207 4007 3799 4078; baseline -0.003 -16"><span class='ocrx_word' id='word_1_567' title='bbox 2207 4018 2329 4062; x_wconf 71' lang='grc' dir='ltr'>σθαι</span> <span class='ocrx_word' id='word_1_568' title='bbox 2351 4013 2475 4074; x_wconf 73' lang='grc' dir='ltr'>τοὺς</span> <span class='ocrx_word' id='word_1_569' title='bbox 2504 4010 2766 4073; x_wconf 78' lang='grc' dir='ltr'>δικαίους,</span> <span class='ocrx_word' id='word_1_570' title='bbox 2791 4011 2929 4078; x_wconf 81' lang='grc' dir='ltr'>μήτε</span> <span class='ocrx_word' id='word_1_571' title='bbox 2956 4007 3060 4059; x_wconf 78' lang='grc' dir='ltr'>ὑπὸ</span> <span class='ocrx_word' id='word_1_572' title='bbox 3086 4007 3192 4058; x_wconf 88' lang='grc' dir='ltr'><strong>τῶν</strong></span> <span class='ocrx_word' id='word_1_573' title='bbox 3214 4007 3438 4059; x_wconf 82' lang='grc' dir='ltr'>δικαίων</span> <span class='ocrx_word' id='word_1_574' title='bbox 3465 4007 3588 4068; x_wconf 77' lang='grc' dir='ltr'>τοὺς</span> <span class='ocrx_word' id='word_1_575' title='bbox 3616 4007 3799 4076; x_wconf 76' lang='grc' dir='ltr'>ἀμαρ-</span> 
     </span>
    </p>
   </div>
   <div class='ocr_carea' id='block_1_84' title="bbox 2203 4096 3794 4172">
    <p class='ocr_par' dir='ltr' id='par_1_84' title="bbox 2203 4096 3794 4172">
     <span class='ocr_line' id='line_1_84' title="bbox 2203 4096 3794 4172; baseline -0.004 -17"><span class='ocrx_word' id='word_1_576' title='bbox 2203 4103 2430 4165; x_wconf 76' lang='grc' dir='ltr'>τωλούς.</span> <span class='ocrx_word' id='word_1_577' title='bbox 2462 4104 2525 4154; x_wconf 79' lang='grc' dir='ltr'><strong>Οἱ</strong></span> <span class='ocrx_word' id='word_1_578' title='bbox 2561 4103 2659 4172; x_wconf 83' lang='grc' dir='ltr'><strong>μὲν</strong></span> <span class='ocrx_word' id='word_1_579' title='bbox 2681 4103 2789 4172; x_wconf 76' lang='grc' dir='ltr'><strong>γὰρ</strong></span> <span class='ocrx_word' id='word_1_580' title='bbox 2821 4103 2878 4153; x_wconf 80' lang='grc' dir='ltr'>ὲν</span> <span class='ocrx_word' id='word_1_581' title='bbox 2913 4100 2992 4171; x_wconf 81' lang='grc' dir='ltr'>τῷ</span> <span class='ocrx_word' id='word_1_582' title='bbox 3028 4101 3188 4168; x_wconf 71' lang='grc' dir='ltr'>φωτίο</span> <span class='ocrx_word' id='word_1_583' title='bbox 3236 4101 3282 4152; x_wconf 79' lang='lat' dir='ltr'><strong>cl</strong></span> <span class='ocrx_word' id='word_1_584' title='bbox 3312 4100 3368 4150; x_wconf 81' lang='grc' dir='ltr'><strong>δὲ</strong></span> <span class='ocrx_word' id='word_1_585' title='bbox 3408 4101 3466 4151; x_wconf 78' lang='grc' dir='ltr'>ὲν</span> <span class='ocrx_word' id='word_1_586' title='bbox 3485 4096 3562 4168; x_wconf 82' lang='grc' dir='ltr'>τῷ</span> <span class='ocrx_word' id='word_1_587' title='bbox 3593 4098 3794 4168; x_wconf 58' lang='grc' dir='ltr'>σκότίιν</span> 
     </span>
    </p>
   </div>
   <div class='ocr_carea' id='block_1_85' title="bbox 2204 4192 3800 4270">
    <p class='ocr_par' dir='ltr' id='par_1_85' title="bbox 2204 4192 3800 4270">
     <span class='ocr_line' id='line_1_85' title="bbox 2204 4192 3800 4270; baseline -0.004 -20"><span class='ocrx_word' id='word_1_588' title='bbox 2204 4200 2396 4270; x_wconf 62' lang='grc' dir='ltr'>ποῤῥω</span> <span class='ocrx_word' id='word_1_589' title='bbox 2423 4196 2478 4249; x_wconf 77' lang='grc' dir='ltr'>δὲ</span> <span class='ocrx_word' id='word_1_590' title='bbox 2516 4196 2764 4266; x_wconf 73' lang='grc' dir='ltr'>ἀλλήλων</span> <span class='ocrx_word' id='word_1_591' title='bbox 2793 4196 2852 4246; x_wconf 69' lang='grc' dir='ltr'>τὸ</span> <span class='ocrx_word' id='word_1_592' title='bbox 2878 4195 2990 4264; x_wconf 69' lang='grc' dir='ltr'><strong>φῶς</strong></span> <span class='ocrx_word' id='word_1_593' title='bbox 3020 4199 3112 4246; x_wconf 73' lang='grc' dir='ltr'>καὶ</span> <span class='ocrx_word' id='word_1_594' title='bbox 3150 4194 3210 4245; x_wconf 78' lang='grc' dir='ltr'>τὸ</span> <span class='ocrx_word' id='word_1_595' title='bbox 3242 4192 3448 4255; x_wconf 79' lang='grc' dir='ltr'>σκότος.</span> <span class='ocrx_word' id='word_1_596' title='bbox 3489 4193 3597 4245; x_wconf 72' lang='grc' dir='ltr'><strong>Καὶ</strong></span> <span class='ocrx_word' id='word_1_597' title='bbox 3621 4194 3669 4244; x_wconf 77' lang='grc' dir='ltr'>οἱ</span> <span class='ocrx_word' id='word_1_598' title='bbox 3695 4197 3800 4262; x_wconf 79' lang='grc' dir='ltr'><strong>μὲν</strong></span> 
     </span>
    </p>
   </div>
   <div class='ocr_carea' id='block_1_86' title="bbox 2201 4286 3796 4358">
    <p class='ocr_par' dir='ltr' id='par_1_86' title="bbox 2201 4286 3796 4358">
     <span class='ocr_line' id='line_1_86' title="bbox 2201 4286 3796 4358; baseline -0.003 -16"><span class='ocrx_word' id='word_1_599' title='bbox 2201 4290 2312 4342; x_wconf 83' lang='grc' dir='ltr'>ὃλοι</span> <span class='ocrx_word' id='word_1_600' title='bbox 2339 4288 2451 4358; x_wconf 81' lang='grc' dir='ltr'><strong>φῶς</strong></span> <span class='ocrx_word' id='word_1_601' title='bbox 2484 4288 2659 4353; x_wconf 69' lang='grc' dir='ltr'>ὄντες,</span> <span class='ocrx_word' id='word_1_602' title='bbox 2688 4290 2788 4341; x_wconf 75' lang='grc' dir='ltr'>οὐκ</span> <span class='ocrx_word' id='word_1_603' title='bbox 2814 4289 2879 4340; x_wconf 85' lang='grc' dir='ltr'>ἂν</span> <span class='ocrx_word' id='word_1_604' title='bbox 2905 4287 3182 4358; x_wconf 72' lang='grc' dir='ltr'>βούλοινιο</span> <span class='ocrx_word' id='word_1_605' title='bbox 3217 4286 3430 4339; x_wconf 83' lang='grc' dir='ltr'>ἀπιδεῖν</span> <span class='ocrx_word' id='word_1_606' title='bbox 3472 4288 3551 4349; x_wconf 79' lang='lat' dir='ltr'><strong>el;</strong></span> <span class='ocrx_word' id='word_1_607' title='bbox 3581 4287 3641 4338; x_wconf 78' lang='grc' dir='ltr'><strong>τὸ</strong></span> <span class='ocrx_word' id='word_1_608' title='bbox 3667 4288 3796 4339; x_wconf 80' lang='grc' dir='ltr'>σκό-</span> 
     </span>
    </p>
   </div>
   <div class='ocr_carea' id='block_1_87' title="bbox 2202 4379 3800 4451">
    <p class='ocr_par' dir='ltr' id='par_1_87' title="bbox 2202 4379 3800 4451">
     <span class='ocr_line' id='line_1_87' title="bbox 2202 4379 3800 4451; baseline -0.003 -15"><span class='ocrx_word' id='word_1_609' title='bbox 2202 4400 2312 4446; x_wconf 76' lang='grc' dir='ltr'>τος’</span> <span class='ocrx_word' id='word_1_610' title='bbox 2341 4385 2389 4435; x_wconf 82' lang='lat' dir='ltr'><strong>oi</strong></span> <span class='ocrx_word' id='word_1_611' title='bbox 2422 4382 2480 4434; x_wconf 77' lang='grc' dir='ltr'><strong>δὲ</strong></span> <span class='ocrx_word' id='word_1_612' title='bbox 2512 4382 2621 4435; x_wconf 78' lang='grc' dir='ltr'>ὅλοι</span> <span class='ocrx_word' id='word_1_613' title='bbox 2674 4383 2864 4444; x_wconf 81' lang='grc' dir='ltr'>σκότος</span> <span class='ocrx_word' id='word_1_614' title='bbox 2915 4381 3278 4451; x_wconf 59' lang='grc' dir='ltr'>ὑπάρλοντες,</span> <span class='ocrx_word' id='word_1_615' title='bbox 3320 4381 3420 4433; x_wconf 76' lang='grc' dir='ltr'>οὐκ</span> <span class='ocrx_word' id='word_1_616' title='bbox 3454 4379 3518 4433; x_wconf 83' lang='grc' dir='ltr'>ἂν</span> <span class='ocrx_word' id='word_1_617' title='bbox 3549 4380 3731 4433; x_wconf 82' lang='grc' dir='ltr'>δύναιν</span> <span class='ocrx_word' id='word_1_618' title='bbox 3771 4398 3800 4432; x_wconf 88' lang='grc' dir='ltr'><strong>ο</strong></span> 
     </span>
    </p>
   </div>
   <div class='ocr_carea' id='block_1_88' title="bbox 2204 4470 3796 4543">
    <p class='ocr_par' dir='ltr' id='par_1_88' title="bbox 2204 4470 3796 4543">
     <span class='ocr_line' id='line_1_88' title="bbox 2204 4470 3796 4543; baseline -0.001 -16"><span class='ocrx_word' id='word_1_619' title='bbox 2204 4476 2414 4528; x_wconf 85' lang='grc' dir='ltr'>ἀπιδεῖν</span> <span class='ocrx_word' id='word_1_620' title='bbox 2446 4478 2525 4540; x_wconf 85' lang='grc' dir='ltr'><strong>εἰς</strong></span> <span class='ocrx_word' id='word_1_621' title='bbox 2555 4476 2616 4527; x_wconf 78' lang='grc' dir='ltr'>τὸ</span> <span class='ocrx_word' id='word_1_622' title='bbox 2643 4475 2780 4543; x_wconf 71' lang='grc' dir='ltr'>φῶς.</span> <span class='ocrx_word' id='word_1_623' title='bbox 2817 4470 2894 4526; x_wconf 82' lang='grc' dir='ltr'>Ἥ</span> <span class='ocrx_word' id='word_1_624' title='bbox 2921 4477 3030 4543; x_wconf 77' lang='grc' dir='ltr'><strong>γὰρ</strong></span> <span class='ocrx_word' id='word_1_625' title='bbox 3067 4476 3130 4527; x_wconf 81' lang='grc' dir='ltr'>ἂν</span> <span class='ocrx_word' id='word_1_626' title='bbox 3161 4474 3250 4526; x_wconf 72' lang='grc' dir='ltr'>καὶ</span> <span class='ocrx_word' id='word_1_627' title='bbox 3281 4475 3330 4526; x_wconf 79' lang='grc' dir='ltr'>οἱ</span> <span class='ocrx_word' id='word_1_628' title='bbox 3353 4473 3668 4543; x_wconf 76' lang='grc' dir='ltr'>ἁμαρτωλοὶ</span> <span class='ocrx_word' id='word_1_629' title='bbox 3698 4475 3796 4543; x_wconf 77' lang='grc' dir='ltr'>τῆς</span> 
     </span>
    </p>
   </div>
   <div class='ocr_carea' id='block_1_89' title="bbox 504 4554 2098 4643">
    <p class='ocr_par' dir='ltr' id='par_1_89' title="bbox 504 4554 2098 4629">
     <span class='ocr_line' id='line_1_89' title="bbox 504 4554 2098 4629; baseline -0.001 -19"><span class='ocrx_word' id='word_1_630' title='bbox 504 4555 807 4611; x_wconf 85' lang='lat' dir='ltr'><strong>consolatio</strong></span> <span class='ocrx_word' id='word_1_631' title='bbox 843 4554 934 4608; x_wconf 83' lang='lat' dir='ltr'><strong>lux</strong></span> <span class='ocrx_word' id='word_1_632' title='bbox 965 4554 1102 4625; x_wconf 89' lang='lat' dir='ltr'><strong>ipsa,</strong></span> <span class='ocrx_word' id='word_1_633' title='bbox 1141 4554 1381 4626; x_wconf 82' lang='lat' dir='ltr'><strong>etjustis</strong></span> <span class='ocrx_word' id='word_1_634' title='bbox 1414 4555 1864 4611; x_wconf 89' lang='lat' dir='ltr'><strong>imminutionem</strong></span> <span class='ocrx_word' id='word_1_635' title='bbox 1907 4558 2098 4629; x_wconf 79' lang='lat' dir='ltr'><strong>volup-</strong></span> 
     </span>
    </p>
   </div>
   <div class='ocr_carea' id='block_1_90' title="bbox 2215 4554 3796 4643">
    <p class='ocr_par' dir='ltr' id='par_1_90' title="bbox 2215 4564 3796 4637">
     <span class='ocr_line' id='line_1_90' title="bbox 2215 4564 3796 4637; baseline -0.001 -19"><span class='ocrx_word' id='word_1_636' title='bbox 2215 4566 2397 4636; x_wconf 64' lang='grc' dir='ltr'>ὗδύνης</span> <span class='ocrx_word' id='word_1_637' title='bbox 2434 4568 2784 4637; x_wconf 78' lang='grc' dir='ltr'>παράκλησιν</span> <span class='ocrx_word' id='word_1_638' title='bbox 2822 4566 3052 4636; x_wconf 77' lang='grc' dir='ltr'>ἔμελλον</span> <span class='ocrx_word' id='word_1_639' title='bbox 3081 4564 3227 4634; x_wconf 75' lang='grc' dir='ltr'>ἔχειν</span> <span class='ocrx_word' id='word_1_640' title='bbox 3259 4570 3321 4616; x_wconf 84' lang='grc' dir='ltr'>τὸ</span> <span class='ocrx_word' id='word_1_641' title='bbox 3362 4565 3509 4634; x_wconf 45' lang='lat' dir='ltr'><strong>redi,”</strong></span> <span class='ocrx_word' id='word_1_642' title='bbox 3538 4567 3691 4617; x_wconf 85' lang='grc' dir='ltr'>καὶοί</span> <span class='ocrx_word' id='word_1_643' title='bbox 3714 4565 3796 4616; x_wconf 76' lang='grc' dir='ltr'>δι-</span> 
     </span>
    </p>
   </div>
   <div class='ocr_carea' id='block_1_91' title="bbox 507 4648 2100 4722">
    <p class='ocr_par' dir='ltr' id='par_1_91' title="bbox 507 4648 2100 4722">
     <span class='ocr_line' id='line_1_91' title="bbox 507 4648 2100 4722; baseline 0.002 -20"><span class='ocrx_word' id='word_1_644' title='bbox 507 4649 634 4703; x_wconf 89' lang='lat' dir='ltr'><strong>tatis</strong></span> <span class='ocrx_word' id='word_1_645' title='bbox 668 4648 930 4702; x_wconf 71' lang='lat' dir='ltr'><strong>allen-ent</strong></span> <span class='ocrx_word' id='word_1_646' title='bbox 959 4648 1222 4704; x_wconf 61' lang='lat' dir='ltr'><strong>tenebra.</strong></span> <span class='ocrx_word' id='word_1_647' title='bbox 1250 4648 1453 4704; x_wconf 87' lang='lat' dir='ltr'><strong>Dicunt</strong></span> <span class='ocrx_word' id='word_1_648' title='bbox 1486 4649 1690 4720; x_wconf 87' lang='lat' dir='ltr'><strong>itaque,</strong></span> <span class='ocrx_word' id='word_1_649' title='bbox 1724 4649 1778 4703; x_wconf 90' lang='lat' dir='ltr'><strong>in</strong></span> <span class='ocrx_word' id='word_1_650' title='bbox 1808 4652 1911 4705; x_wconf 84' lang='lat' dir='ltr'><strong>hac</strong></span> <span class='ocrx_word' id='word_1_651' title='bbox 1938 4668 2100 4722; x_wconf 88' lang='lat' dir='ltr'><strong>para-</strong></span> 
     </span>
    </p>
   </div>
   <div class='ocr_carea' id='block_1_92' title="bbox 503 4741 2099 4812">
    <p class='ocr_par' dir='ltr' id='par_1_92' title="bbox 503 4741 2099 4812">
     <span class='ocr_line' id='line_1_92' title="bbox 503 4741 2099 4812; baseline 0.001 -17"><span class='ocrx_word' id='word_1_652' title='bbox 503 4742 623 4796; x_wconf 87' lang='lat' dir='ltr'><strong>bola</strong></span> <span class='ocrx_word' id='word_1_653' title='bbox 651 4744 882 4812; x_wconf 88' lang='lat' dir='ltr'><strong>proponi</strong></span> <span class='ocrx_word' id='word_1_654' title='bbox 920 4741 1026 4797; x_wconf 90' lang='lat' dir='ltr'><strong>hoc</strong></span> <span class='ocrx_word' id='word_1_655' title='bbox 1060 4741 1179 4812; x_wconf 84' lang='lat' dir='ltr'><strong>lege</strong></span> <span class='ocrx_word' id='word_1_656' title='bbox 1223 4741 1555 4812; x_wconf 84' lang='lat' dir='ltr'><strong>parabolica,</strong></span> <span class='ocrx_word' id='word_1_657' title='bbox 1591 4751 1646 4797; x_wconf 91' lang='lat' dir='ltr'><strong>et</strong></span> <span class='ocrx_word' id='word_1_658' title='bbox 1701 4752 1760 4797; x_wconf 87' lang='lat' dir='ltr'><strong>ut</strong></span> <span class='ocrx_word' id='word_1_659' title='bbox 1805 4745 2099 4798; x_wconf 87' lang='lat' dir='ltr'><strong>terribilior</strong></span> 
     </span>
    </p>
   </div>
   <div class='ocr_carea' id='block_1_93' title="bbox 501 4833 2094 4907">
    <p class='ocr_par' dir='ltr' id='par_1_93' title="bbox 501 4833 2094 4907">
     <span class='ocr_line' id='line_1_93' title="bbox 501 4833 2094 4907; baseline 0.002 -19"><span class='ocrx_word' id='word_1_660' title='bbox 501 4849 567 4890; x_wconf 88' lang='lat' dir='ltr'><strong>ac</strong></span> <span class='ocrx_word' id='word_1_661' title='bbox 588 4833 758 4905; x_wconf 85' lang='lat' dir='ltr'><strong>magis</strong></span> <span class='ocrx_word' id='word_1_662' title='bbox 777 4833 1162 4904; x_wconf 88' lang='lat' dir='ltr'><strong>persuadibilis</strong></span> <span class='ocrx_word' id='word_1_663' title='bbox 1189 4836 1346 4889; x_wconf 87' lang='lat' dir='ltr'><strong>tleret</strong></span> <span class='ocrx_word' id='word_1_664' title='bbox 1377 4851 1583 4890; x_wconf 90' lang='lat' dir='ltr'><strong>sermo.</strong></span> <span class='ocrx_word' id='word_1_665' title='bbox 1619 4835 1853 4907; x_wconf 91' lang='lat' dir='ltr'><strong>Oportet</strong></span> <span class='ocrx_word' id='word_1_666' title='bbox 1906 4848 2094 4892; x_wconf 88' lang='lat' dir='ltr'><strong>autem</strong></span> 
     </span>
    </p>
   </div>
   <div class='ocr_carea' id='block_1_94' title="bbox 501 4925 2096 4996">
    <p class='ocr_par' dir='ltr' id='par_1_94' title="bbox 501 4925 2096 4996">
     <span class='ocr_line' id='line_1_94' title="bbox 501 4925 2096 4996; baseline 0.002 -15"><span class='ocrx_word' id='word_1_667' title='bbox 501 4937 558 4982; x_wconf 90' lang='lat' dir='ltr'><strong>et</strong></span> <span class='ocrx_word' id='word_1_668' title='bbox 603 4925 720 4982; x_wconf 68' lang='lat' dir='ltr'><strong>haec</strong></span> <span class='ocrx_word' id='word_1_669' title='bbox 746 4936 801 4982; x_wconf 89' lang='lat' dir='ltr'><strong>et</strong></span> <span class='ocrx_word' id='word_1_670' title='bbox 834 4926 923 4980; x_wconf 86' lang='lat' dir='ltr'><strong>illa</strong></span> <span class='ocrx_word' id='word_1_671' title='bbox 943 4927 1107 4994; x_wconf 89' lang='lat' dir='ltr'><strong>seire;</strong></span> <span class='ocrx_word' id='word_1_672' title='bbox 1142 4937 1465 4982; x_wconf 88' lang='lat' dir='ltr'><strong>sanctorum</strong></span> <span class='ocrx_word' id='word_1_673' title='bbox 1498 4928 1648 4983; x_wconf 88' lang='lat' dir='ltr'><strong>enim</strong></span> <span class='ocrx_word' id='word_1_674' title='bbox 1677 4939 1828 4996; x_wconf 84' lang='lat' dir='ltr'><strong>sunt,</strong></span> <span class='ocrx_word' id='word_1_675' title='bbox 1875 4940 1925 4985; x_wconf 91' lang='lat' dir='ltr'><strong>ct</strong></span> <span class='ocrx_word' id='word_1_676' title='bbox 1954 4931 2096 4984; x_wconf 87' lang='lat' dir='ltr'><strong>nihil</strong></span> 
     </span>
    </p>
   </div>
   <div class='ocr_carea' id='block_1_95' title="bbox 500 5019 1015 5090">
    <p class='ocr_par' dir='ltr' id='par_1_95' title="bbox 500 5019 1015 5090">
     <span class='ocr_line' id='line_1_95' title="bbox 500 5019 1015 5090; baseline 0.002 -17"><span class='ocrx_word' id='word_1_677' title='bbox 500 5020 759 5090; x_wconf 87' lang='lat' dir='ltr'><strong>pietatem</strong></span> <span class='ocrx_word' id='word_1_678' title='bbox 781 5019 1015 5074; x_wconf 71' lang='lat' dir='ltr'><strong>laedunt.</strong></span> 
     </span>
    </p>
   </div>
   <div class='ocr_carea' id='block_1_96' title="bbox 571 5110 2093 5186">
    <p class='ocr_par' dir='ltr' id='par_1_96' title="bbox 571 5110 2093 5186">
     <span class='ocr_line' id='line_1_96' title="bbox 571 5110 2093 5186; baseline 0.003 -20"><span class='ocrx_word' id='word_1_679' title='bbox 571 5110 726 5168; x_wconf 84' lang='lat' dir='ltr'><strong>Vers.</strong></span> <span class='ocrx_word' id='word_1_680' title='bbox 749 5112 839 5166; x_wconf 66' lang='grc'><strong>24.</strong></span> <span class='ocrx_word' id='word_1_681' title='bbox 865 5111 931 5165; x_wconf 83' lang='lat' dir='ltr'><strong>Et</strong></span> <span class='ocrx_word' id='word_1_682' title='bbox 960 5114 1073 5180; x_wconf 79' lang='lat' dir='ltr'><strong>ipse</strong></span> <span class='ocrx_word' id='word_1_683' title='bbox 1104 5144 1173 5152; x_wconf 89' lang='lat'><strong>——</strong></span> <span class='ocrx_word' id='word_1_684' title='bbox 1201 5113 1322 5167; x_wconf 83' lang='lat' dir='ltr'><strong>hac.</strong></span> <span class='ocrx_word' id='word_1_685' title='bbox 1348 5110 1505 5181; x_wconf 79' lang='lat' dir='ltr'><strong>Vide,</strong></span> <span class='ocrx_word' id='word_1_686' title='bbox 1537 5124 1802 5183; x_wconf 89' lang='lat' dir='ltr'><strong>quantum</strong></span> <span class='ocrx_word' id='word_1_687' title='bbox 1822 5131 1947 5170; x_wconf 90' lang='lat' dir='ltr'><strong>cum</strong></span> <span class='ocrx_word' id='word_1_688' title='bbox 1969 5133 2093 5186; x_wconf 84' lang='lat' dir='ltr'><strong>sap-</strong></span> 
     </span>
    </p>
   </div>
   <div class='ocr_carea' id='block_1_97' title="bbox 500 5204 2098 5278">
    <p class='ocr_par' dir='ltr' id='par_1_97' title="bbox 500 5204 2098 5278">
     <span class='ocr_line' id='line_1_97' title="bbox 500 5204 2098 5278; baseline 0.008 -26"><span class='ocrx_word' id='word_1_689' title='bbox 500 5219 592 5258; x_wconf 67' lang='lat' dir='ltr'><strong>ere</strong></span> <span class='ocrx_word' id='word_1_690' title='bbox 626 5204 757 5260; x_wconf 77' lang='lat' dir='ltr'><strong>fecit</strong></span> <span class='ocrx_word' id='word_1_691' title='bbox 786 5205 1066 5260; x_wconf 89' lang='lat' dir='ltr'><strong>cruciatus</strong></span> <span class='ocrx_word' id='word_1_692' title='bbox 1095 5224 1106 5260; x_wconf 93' lang='lat'>:</span> <span class='ocrx_word' id='word_1_693' title='bbox 1153 5221 1317 5277; x_wconf 84' lang='lat' dir='ltr'><strong>quem</strong></span> <span class='ocrx_word' id='word_1_694' title='bbox 1337 5206 1484 5261; x_wconf 86' lang='lat' dir='ltr'><strong>enim</strong></span> <span class='ocrx_word' id='word_1_695' title='bbox 1506 5223 1680 5277; x_wconf 84' lang='lat' dir='ltr'><strong>prope</strong></span> <span class='ocrx_word' id='word_1_696' title='bbox 1700 5207 1978 5278; x_wconf 87' lang='lat' dir='ltr'><strong>jacentem</strong></span> <span class='ocrx_word' id='word_1_697' title='bbox 1999 5210 2098 5264; x_wconf 88' lang='lat' dir='ltr'><strong>de-</strong></span> 
     </span>
    </p>
   </div>
   <div class='ocr_carea' id='block_1_98' title="bbox 499 5299 2104 5367">
    <p class='ocr_par' dir='ltr' id='par_1_98' title="bbox 499 5299 2104 5367">
     <span class='ocr_line' id='line_1_98' title="bbox 499 5299 2104 5367; baseline 0.004 -16"><span class='ocrx_word' id='word_1_698' title='bbox 499 5309 773 5367; x_wconf 61' lang='lat' dir='ltr'><strong>spexerat,</strong></span> <span class='ocrx_word' id='word_1_699' title='bbox 808 5299 956 5353; x_wconf 89' lang='lat' dir='ltr'><strong>hunc</strong></span> <span class='ocrx_word' id='word_1_700' title='bbox 985 5301 1203 5355; x_wconf 88' lang='lat' dir='ltr'><strong>eminus</strong></span> <span class='ocrx_word' id='word_1_701' title='bbox 1239 5314 1398 5356; x_wconf 86' lang='lat' dir='ltr'><strong>acute</strong></span> <span class='ocrx_word' id='word_1_702' title='bbox 1439 5302 1605 5357; x_wconf 86' lang='lat' dir='ltr'><strong>videt.</strong></span> <span class='ocrx_word' id='word_1_703' title='bbox 1634 5302 1748 5357; x_wconf 85' lang='lat' dir='ltr'><strong>Nec</strong></span> <span class='ocrx_word' id='word_1_704' title='bbox 1779 5312 1965 5358; x_wconf 88' lang='lat' dir='ltr'><strong>tamen</strong></span> <span class='ocrx_word' id='word_1_705' title='bbox 1999 5302 2104 5358; x_wconf 81' lang='lat' dir='ltr'><strong>La—</strong></span> 
     </span>
    </p>
   </div>
   <div class='ocr_carea' id='block_1_99' title="bbox 609 5431 1142 5499">
    <p class='ocr_par' dir='ltr' id='par_1_99' title="bbox 609 5431 1142 5499">
     <span class='ocr_line' id='line_1_99' title="bbox 609 5431 1142 5499; baseline 0.004 -14"><span class='ocrx_word' id='word_1_706' title='bbox 609 5433 650 5463; x_wconf 81' lang='lat'>&quot;</span> <span class='ocrx_word' id='word_1_707' title='bbox 685 5431 883 5488; x_wconf 77' lang='lat' dir='ltr'><strong>Lucas.</strong></span> <span class='ocrx_word' id='word_1_708' title='bbox 918 5450 1013 5499; x_wconf 76' lang='grc' dir='ltr'>ιιι,</span> <span class='ocrx_word' id='word_1_709' title='bbox 1052 5435 1142 5488; x_wconf 80' lang='grc'><strong>20.</strong></span> 
     </span>
    </p>
   </div>
   <div class='ocr_carea' id='block_1_100' title="bbox 2209 4658 3795 4732">
    <p class='ocr_par' dir='ltr' id='par_1_100' title="bbox 2209 4658 3795 4732">
     <span class='ocr_line' id='line_1_100' title="bbox 2209 4658 3795 4732; baseline 0.002 -21"><span class='ocrx_word' id='word_1_710' title='bbox 2209 4677 2378 4725; x_wconf 87' lang='grc' dir='ltr'>καιοι,</span> <span class='ocrx_word' id='word_1_711' title='bbox 2409 4661 2506 4732; x_wconf 77' lang='grc' dir='ltr'>τῆς</span> <span class='ocrx_word' id='word_1_712' title='bbox 2550 4660 2748 4730; x_wconf 71' lang='grc' dir='ltr'>ἡδονῆς</span> <span class='ocrx_word' id='word_1_713' title='bbox 2779 4658 2969 4729; x_wconf 77' lang='grc' dir='ltr'>ὕφεσιν</span> <span class='ocrx_word' id='word_1_714' title='bbox 3003 4661 3062 4711; x_wconf 87' lang='grc' dir='ltr'>τὸ</span> <span class='ocrx_word' id='word_1_715' title='bbox 3094 4658 3303 4722; x_wconf 80' lang='grc' dir='ltr'>σκότος·</span> <span class='ocrx_word' id='word_1_716' title='bbox 3340 4660 3437 4730; x_wconf 81' lang='grc' dir='ltr'>τὴν</span> <span class='ocrx_word' id='word_1_717' title='bbox 3477 4661 3658 4729; x_wconf 81' lang='grc' dir='ltr'>μέντοι</span> <span class='ocrx_word' id='word_1_718' title='bbox 3692 4679 3795 4714; x_wconf 83' lang='grc' dir='ltr'>πα-</span> 
     </span>
    </p>
   </div>
   <div class='ocr_carea' id='block_1_101' title="bbox 2213 4751 3795 4825">
    <p class='ocr_par' dir='ltr' id='par_1_101' title="bbox 2213 4751 3795 4825">
     <span class='ocr_line' id='line_1_101' title="bbox 2213 4751 3795 4825; baseline 0 -21"><span class='ocrx_word' id='word_1_719' title='bbox 2213 4753 2448 4824; x_wconf 74' lang='grc' dir='ltr'>ραδολὴν</span> <span class='ocrx_word' id='word_1_720' title='bbox 2477 4753 2775 4805; x_wconf 68' lang='grc' dir='ltr'>ὑποὺέσθαι</span> <span class='ocrx_word' id='word_1_721' title='bbox 2800 4751 2982 4816; x_wconf 80' lang='grc' dir='ltr'>τοῦτο,</span> <span class='ocrx_word' id='word_1_722' title='bbox 3002 4756 3143 4804; x_wconf 84' lang='grc' dir='ltr'><strong>κατά</strong></span> <span class='ocrx_word' id='word_1_723' title='bbox 3175 4753 3550 4825; x_wconf 75' lang='grc' dir='ltr'>παραδολικὴν</span> <span class='ocrx_word' id='word_1_724' title='bbox 3571 4754 3795 4806; x_wconf 72' lang='grc' dir='ltr'>αὐτονο-</span> 
     </span>
    </p>
   </div>
   <div class='ocr_carea' id='block_1_102' title="bbox 2209 4841 3798 4914">
    <p class='ocr_par' dir='ltr' id='par_1_102' title="bbox 2209 4841 3798 4914">
     <span class='ocr_line' id='line_1_102' title="bbox 2209 4841 3798 4914; baseline 0.002 -21"><span class='ocrx_word' id='word_1_725' title='bbox 2209 4842 2358 4911; x_wconf 82' lang='grc' dir='ltr'>μίαν,</span> <span class='ocrx_word' id='word_1_726' title='bbox 2419 4842 2514 4895; x_wconf 80' lang='grc' dir='ltr'>καὶ</span> <span class='ocrx_word' id='word_1_727' title='bbox 2539 4843 2626 4895; x_wconf 82' lang='grc' dir='ltr'>ἵνα</span> <span class='ocrx_word' id='word_1_728' title='bbox 2659 4841 3034 4913; x_wconf 74' lang='grc' dir='ltr'>φοόερώτερος</span> <span class='ocrx_word' id='word_1_729' title='bbox 3069 4845 3161 4895; x_wconf 78' lang='grc' dir='ltr'>καὶ</span> <span class='ocrx_word' id='word_1_730' title='bbox 3192 4843 3561 4914; x_wconf 80' lang='grc' dir='ltr'>πιθανώτερος</span> <span class='ocrx_word' id='word_1_731' title='bbox 3587 4846 3614 4896; x_wconf 87' lang='grc' dir='ltr'>ὁ</span> <span class='ocrx_word' id='word_1_732' title='bbox 3641 4845 3798 4912; x_wconf 80' lang='grc' dir='ltr'>λόγος</span> 
     </span>
    </p>
   </div>
   <div class='ocr_carea' id='block_1_103' title="bbox 2204 4933 3792 5006">
    <p class='ocr_par' dir='ltr' id='par_1_103' title="bbox 2204 4933 3792 5006">
     <span class='ocr_line' id='line_1_103' title="bbox 2204 4933 3792 5006; baseline 0.001 -18"><span class='ocrx_word' id='word_1_733' title='bbox 2204 4935 2449 5006; x_wconf 78' lang='grc' dir='ltr'>γένηται.</span> <span class='ocrx_word' id='word_1_734' title='bbox 2477 4934 2597 5006; x_wconf 69' lang='grc' dir='ltr'><strong>Χρὴ</strong></span> <span class='ocrx_word' id='word_1_735' title='bbox 2622 4935 2678 4987; x_wconf 83' lang='grc' dir='ltr'><strong>δὲ</strong></span> <span class='ocrx_word' id='word_1_736' title='bbox 2708 4933 2997 4988; x_wconf 77' lang='grc' dir='ltr'>καὶταῦτα</span> <span class='ocrx_word' id='word_1_737' title='bbox 3025 4936 3252 4987; x_wconf 86' lang='grc' dir='ltr'>κάκεῖνα</span> <span class='ocrx_word' id='word_1_738' title='bbox 3279 4935 3590 5003; x_wconf 74' lang='grc' dir='ltr'>γινώσκεινο</span> <span class='ocrx_word' id='word_1_739' title='bbox 3622 4938 3792 5003; x_wconf 78' lang='grc' dir='ltr'>ἁγίων</span> 
     </span>
    </p>
   </div>
   <div class='ocr_carea' id='block_1_104' title="bbox 2204 5026 3616 5102">
    <p class='ocr_par' dir='ltr' id='par_1_104' title="bbox 2204 5026 3616 5102">
     <span class='ocr_line' id='line_1_104' title="bbox 2204 5026 3616 5102; baseline 0.001 -22"><span class='ocrx_word' id='word_1_740' title='bbox 2204 5030 2310 5101; x_wconf 77' lang='grc' dir='ltr'><strong>γάρ</strong></span> <span class='ocrx_word' id='word_1_741' title='bbox 2349 5029 2476 5094; x_wconf 80' lang='grc' dir='ltr'>εἰσι,</span> <span class='ocrx_word' id='word_1_742' title='bbox 2509 5028 2604 5080; x_wconf 67' lang='grc' dir='ltr'>καὶ.</span> <span class='ocrx_word' id='word_1_743' title='bbox 2641 5026 2793 5079; x_wconf 81' lang='grc' dir='ltr'>οὐδὲν</span> <span class='ocrx_word' id='word_1_744' title='bbox 2823 5030 2890 5098; x_wconf 82' lang='grc' dir='ltr'>τῇ</span> <span class='ocrx_word' id='word_1_745' title='bbox 2923 5027 3180 5098; x_wconf 74' lang='grc' dir='ltr'>εὐσεϐείᾳ</span> <span class='ocrx_word' id='word_1_746' title='bbox 3216 5027 3616 5102; x_wconf 76' lang='grc' dir='ltr'>λυμαίνονται.]</span> 
     </span>
    </p>
   </div>
   <div class='ocr_carea' id='block_1_105' title="bbox 2275 5117 3791 5191">
    <p class='ocr_par' dir='ltr' id='par_1_105' title="bbox 2275 5117 3791 5191">
     <span class='ocr_line' id='line_1_105' title="bbox 2275 5117 3791 5191; baseline 0.001 -19"><span class='ocrx_word' id='word_1_747' title='bbox 2275 5117 2382 5172; x_wconf 77' lang='grc' dir='ltr'><strong>Καὶ</strong></span> <span class='ocrx_word' id='word_1_748' title='bbox 2424 5117 2611 5181; x_wconf 80' lang='grc' dir='ltr'>αὐτὸς</span> <span class='ocrx_word' id='word_1_749' title='bbox 2646 5148 2703 5158; x_wconf 94' lang='lat'><strong>--</strong></span> <span class='ocrx_word' id='word_1_750' title='bbox 2737 5117 2948 5185; x_wconf 74' lang='grc' dir='ltr'>ταύτῃ.</span> <span class='ocrx_word' id='word_1_751' title='bbox 2978 5119 3140 5189; x_wconf 72' lang='grc' dir='ltr'>Ὅρα,</span> <span class='ocrx_word' id='word_1_752' title='bbox 3176 5120 3336 5172; x_wconf 88' lang='grc' dir='ltr'>πόσον</span> <span class='ocrx_word' id='word_1_753' title='bbox 3372 5121 3534 5173; x_wconf 74' lang='grc' dir='ltr'>αὑτὸν</span> <span class='ocrx_word' id='word_1_754' title='bbox 3566 5121 3791 5191; x_wconf 75' lang='grc' dir='ltr'><strong>ἡβάσα-</strong></span> 
     </span>
    </p>
   </div>
   <div class='ocr_carea' id='block_1_106' title="bbox 2207 5212 3791 5288">
    <p class='ocr_par' dir='ltr' id='par_1_106' title="bbox 2207 5212 3791 5288">
     <span class='ocr_line' id='line_1_106' title="bbox 2207 5212 3791 5288; baseline 0.003 -24"><span class='ocrx_word' id='word_1_755' title='bbox 2207 5230 2292 5275; x_wconf 75' lang='grc' dir='ltr'><strong>νος</strong></span> <span class='ocrx_word' id='word_1_756' title='bbox 2321 5212 2710 5281; x_wconf 82' lang='grc' dir='ltr'>ἐσωφρόνισεν.</span> <span class='ocrx_word' id='word_1_757' title='bbox 2752 5214 2850 5263; x_wconf 86' lang='grc' dir='ltr'>Ὃν</span> <span class='ocrx_word' id='word_1_758' title='bbox 2879 5215 2986 5282; x_wconf 79' lang='grc' dir='ltr'>γὰρ</span> <span class='ocrx_word' id='word_1_759' title='bbox 3018 5215 3185 5281; x_wconf 80' lang='grc' dir='ltr'>ἐγγὺς</span> <span class='ocrx_word' id='word_1_760' title='bbox 3222 5214 3474 5285; x_wconf 80' lang='grc' dir='ltr'>κείμενον</span> <span class='ocrx_word' id='word_1_761' title='bbox 3504 5217 3791 5288; x_wconf 81' lang='grc' dir='ltr'>παρεῶρα,</span> 
     </span>
    </p>
   </div>
   <div class='ocr_carea' id='block_1_107' title="bbox 2210 5306 3792 5380">
    <p class='ocr_par' dir='ltr' id='par_1_107' title="bbox 2210 5306 3792 5380">
     <span class='ocr_line' id='line_1_107' title="bbox 2210 5306 3792 5380; baseline 0.003 -21"><span class='ocrx_word' id='word_1_762' title='bbox 2210 5306 2399 5359; x_wconf 78' lang='grc' dir='ltr'>τοῦτον</span> <span class='ocrx_word' id='word_1_763' title='bbox 2431 5307 2718 5380; x_wconf 66' lang='grc' dir='ltr'>πόρρωθεν</span> <span class='ocrx_word' id='word_1_764' title='bbox 2765 5307 2930 5372; x_wconf 77' lang='grc' dir='ltr'>ὀξέως</span> <span class='ocrx_word' id='word_1_765' title='bbox 2963 5310 3083 5377; x_wconf 71' lang='grc' dir='ltr'><strong>ὁρᾷ.</strong></span> <span class='ocrx_word' id='word_1_766' title='bbox 3130 5309 3202 5360; x_wconf 79' lang='grc' dir='ltr'><strong>Οὐ</strong></span> <span class='ocrx_word' id='word_1_767' title='bbox 3238 5310 3582 5380; x_wconf 77' lang='grc' dir='ltr'>παρεκάλεσε</span> <span class='ocrx_word' id='word_1_768' title='bbox 3616 5311 3673 5363; x_wconf 76' lang='grc' dir='ltr'><strong>δὲ</strong></span> <span class='ocrx_word' id='word_1_769' title='bbox 3702 5311 3792 5364; x_wconf 82' lang='grc' dir='ltr'>τὸν</span> 
     </span>
    </p>
   </div>
   <div class='ocr_carea' id='block_1_108' title="bbox 1700 5508 2599 5576">
    <p class='ocr_par' dir='ltr' id='par_1_108' title="bbox 1700 5508 2599 5576">
     <span class='ocr_line' id='line_1_108' title="bbox 1700 5508 2599 5576; baseline 0.009 -8"><span class='ocrx_word' id='word_1_770' title='bbox 1700 5508 1898 5568; x_wconf 71' lang='lat' dir='ltr'><strong>Variae</strong></span> <span class='ocrx_word' id='word_1_771' title='bbox 1945 5508 2254 5572; x_wconf 82' lang='lat' dir='ltr'><strong>lectiones</strong></span> <span class='ocrx_word' id='word_1_772' title='bbox 2301 5521 2363 5574; x_wconf 87' lang='lat' dir='ltr'><strong>et</strong></span> <span class='ocrx_word' id='word_1_773' title='bbox 2401 5521 2599 5576; x_wconf 80' lang='lat' dir='ltr'><strong>notae.</strong></span> 
     </span>
    </p>
   </div>
   <div class='ocr_carea' id='block_1_109' title="bbox 573 5677 1070 5746">
    <p class='ocr_par' dir='ltr' id='par_1_109' title="bbox 573 5677 1070 5746">
     <span class='ocr_line' id='line_1_109' title="bbox 573 5677 1070 5746; baseline 0.006 -15"><span class='ocrx_word' id='word_1_774' title='bbox 573 5677 684 5745; x_wconf 71' lang='lat' dir='ltr'><strong>(9i)</strong></span> <span class='ocrx_word' id='word_1_775' title='bbox 725 5678 972 5746; x_wconf 79' lang='grc' dir='ltr'>Ἀνδρίας</span> <span class='ocrx_word' id='word_1_776' title='bbox 1002 5678 1070 5734; x_wconf 84' lang='grc' dir='ltr'><strong>Α.</strong></span> 
     </span>
    </p>
   </div>
   <div class='ocr_carea' id='block_1_110' title="bbox 576 5749 2091 5818">
    <p class='ocr_par' dir='ltr' id='par_1_110' title="bbox 576 5749 2091 5818">
     <span class='ocr_line' id='line_1_110' title="bbox 576 5749 2091 5818; baseline 0.004 -17"><span class='ocrx_word' id='word_1_777' title='bbox 576 5749 686 5817; x_wconf 68' lang='grc'>(95)</span> <span class='ocrx_word' id='word_1_778' title='bbox 749 5750 921 5800; x_wconf 72' lang='grc' dir='ltr'>Τοῦτο</span> <span class='ocrx_word' id='word_1_779' title='bbox 990 5750 1262 5818; x_wconf 71' lang='lat' dir='ltr'><strong>expressit</strong></span> <span class='ocrx_word' id='word_1_780' title='bbox 1321 5751 1485 5805; x_wconf 84' lang='lat' dir='ltr'><strong>etiam</strong></span> <span class='ocrx_word' id='word_1_781' title='bbox 1537 5752 1862 5809; x_wconf 84' lang='lat' dir='ltr'><strong>llentcuius.</strong></span> <span class='ocrx_word' id='word_1_782' title='bbox 1916 5756 2091 5809; x_wconf 80' lang='grc' dir='ltr'>Τοῦτο</span> 
     </span>
    </p>
   </div>
   <div class='ocr_carea' id='block_1_111' title="bbox 500 5820 2094 5883">
    <p class='ocr_par' dir='ltr' id='par_1_111' title="bbox 500 5820 2094 5883">
     <span class='ocr_line' id='line_1_111' title="bbox 500 5820 2094 5883; baseline 0.006 -13"><span class='ocrx_word' id='word_1_783' title='bbox 500 5820 755 5873; x_wconf 85' lang='lat' dir='ltr'><strong>nimirum</strong></span> <span class='ocrx_word' id='word_1_784' title='bbox 793 5821 852 5872; x_wconf 68' lang='grc' dir='ltr'>τὸ</span> <span class='ocrx_word' id='word_1_785' title='bbox 889 5821 1032 5874; x_wconf 70' lang='grc' dir='ltr'>ἰδεῖν.</span> <span class='ocrx_word' id='word_1_786' title='bbox 1074 5821 1128 5873; x_wconf 90' lang='lat' dir='ltr'><strong>ln</strong></span> <span class='ocrx_word' id='word_1_787' title='bbox 1170 5832 1405 5876; x_wconf 80' lang='lat' dir='ltr'><strong>mentem</strong></span> <span class='ocrx_word' id='word_1_788' title='bbox 1454 5833 1632 5877; x_wconf 87' lang='lat' dir='ltr'><strong>tamen</strong></span> <span class='ocrx_word' id='word_1_789' title='bbox 1671 5826 1924 5883; x_wconf 75' lang='lat' dir='ltr'><strong>veniebat</strong></span> <span class='ocrx_word' id='word_1_790' title='bbox 1973 5828 2094 5881; x_wconf 80' lang='grc' dir='ltr'>τοῦ·</span> 
     </span>
    </p>
   </div>
   <div class='ocr_carea' id='block_1_112' title="bbox 504 5890 1222 5962">
    <p class='ocr_par' dir='ltr' id='par_1_112' title="bbox 504 5890 1222 5962">
     <span class='ocr_line' id='line_1_112' title="bbox 504 5890 1222 5962; baseline 0.011 -24"><span class='ocrx_word' id='word_1_791' title='bbox 504 5905 615 5957; x_wconf 71' lang='grc' dir='ltr'>τον,</span> <span class='ocrx_word' id='word_1_792' title='bbox 649 5890 697 5944; x_wconf 63' lang='grc' dir='ltr'><strong>ιιι</strong></span> <span class='ocrx_word' id='word_1_793' title='bbox 733 5896 918 5945; x_wconf 68' lang='grc' dir='ltr'>ρξῑτίν</span> <span class='ocrx_word' id='word_1_794' title='bbox 952 5893 1222 5962; x_wconf 65' lang='grc' dir='ltr'>Λάζαρον.</span> 
     </span>
    </p>
   </div>
   <div class='ocr_carea' id='block_1_113' title="bbox 2271 5685 3792 5767">
    <p class='ocr_par' dir='ltr' id='par_1_113' title="bbox 2271 5685 3792 5767">
     <span class='ocr_line' id='line_1_113' title="bbox 2271 5685 3792 5767; baseline 0.008 -28"><span class='ocrx_word' id='word_1_795' title='bbox 2271 5685 2382 5754; x_wconf 76' lang='grc' dir='ltr'>(Οιί)</span> <span class='ocrx_word' id='word_1_796' title='bbox 2412 5685 2600 5767; x_wconf 69' lang='lat' dir='ltr'><strong>Forte,</strong></span> <span class='ocrx_word' id='word_1_797' title='bbox 2626 5688 2744 5741; x_wconf 80' lang='grc' dir='ltr'>οἵαν</span> <span class='ocrx_word' id='word_1_798' title='bbox 2769 5686 3024 5757; x_wconf 83' lang='grc' dir='ltr'>βασανον.</span> <span class='ocrx_word' id='word_1_799' title='bbox 3057 5692 3130 5747; x_wconf 81' lang='lat' dir='ltr'><strong>Ita</strong></span> <span class='ocrx_word' id='word_1_800' title='bbox 3151 5706 3292 5746; x_wconf 76' lang='lat' dir='ltr'><strong>mox.</strong></span> <span class='ocrx_word' id='word_1_801' title='bbox 3321 5689 3453 5748; x_wconf 78' lang='lat' dir='ltr'><strong>Nam</strong></span> <span class='ocrx_word' id='word_1_802' title='bbox 3479 5695 3546 5749; x_wconf 76' lang='grc' dir='ltr'>τὰ</span> <span class='ocrx_word' id='word_1_803' title='bbox 3579 5695 3792 5767; x_wconf 56' lang='lat' dir='ltr'><strong>ﬁgimus</strong></span> 
     </span>
    </p>
   </div>
   <div class='ocr_carea' id='block_1_114' title="bbox 2201 5760 2788 5830">
    <p class='ocr_par' dir='ltr' id='par_1_114' title="bbox 2201 5760 2788 5830">
     <span class='ocr_line' id='line_1_114' title="bbox 2201 5760 2788 5830; baseline 0.012 -21"><span class='ocrx_word' id='word_1_804' title='bbox 2201 5772 2309 5810; x_wconf 87' lang='lat' dir='ltr'><strong>non</strong></span> <span class='ocrx_word' id='word_1_805' title='bbox 2343 5760 2570 5830; x_wconf 85' lang='lat' dir='ltr'><strong>memini</strong></span> <span class='ocrx_word' id='word_1_806' title='bbox 2589 5761 2788 5830; x_wconf 79' lang='lat' dir='ltr'><strong>legere.</strong></span> 
     </span>
    </p>
   </div>
   <div class='ocr_carea' id='block_1_115' title="bbox 2278 5829 2999 5906">
    <p class='ocr_par' dir='ltr' id='par_1_115' title="bbox 2278 5829 2999 5906">
     <span class='ocr_line' id='line_1_115' title="bbox 2278 5829 2999 5906; baseline 0.015 -27"><span class='ocrx_word' id='word_1_807' title='bbox 2278 5829 2390 5906; x_wconf 52' lang='lat'><strong>(9?)</strong></span> <span class='ocrx_word' id='word_1_808' title='bbox 2426 5829 2902 5906; x_wconf 61' lang='grc' dir='ltr'>κατεδικάσθησαν</span> <span class='ocrx_word' id='word_1_809' title='bbox 2933 5832 2999 5889; x_wconf 86' lang='grc' dir='ltr'><strong>Δ.</strong></span> 
     </span>
    </p>
   </div>
   <div class='ocr_carea' id='block_1_116' title="bbox 2279 5900 3186 5978">
    <p class='ocr_par' dir='ltr' id='par_1_116' title="bbox 2279 5900 3186 5978">
     <span class='ocr_line' id='line_1_116' title="bbox 2279 5900 3186 5978; baseline 0.013 -26"><span class='ocrx_word' id='word_1_810' title='bbox 2279 5900 2391 5970; x_wconf 76' lang='lat'><strong>(98)</strong></span> <span class='ocrx_word' id='word_1_811' title='bbox 2425 5901 2549 5957; x_wconf 67' lang='lat' dir='ltr'><strong>Haec</strong></span> <span class='ocrx_word' id='word_1_812' title='bbox 2577 5900 2804 5975; x_wconf 78' lang='lat' dir='ltr'><strong>uterque</strong></span> <span class='ocrx_word' id='word_1_813' title='bbox 2836 5905 2889 5960; x_wconf 86' lang='lat' dir='ltr'><strong>in</strong></span> <span class='ocrx_word' id='word_1_814' title='bbox 2921 5906 3186 5978; x_wconf 84' lang='lat' dir='ltr'><strong>margine.</strong></span> 
     </span>
    </p>
   </div>
  </div>
