4016 6504
280 398 433 463 18H

1320 396 1710 459 COMMENT.
1760 399 1841 459 ΙΝ
1888 399 2169 461 LUCAM.
2213 426 2278 436 —
2317 403 2477 462 CAP.
2516 401 2669 464 XVI.

3452 403 3594 466 10$?

270 512 563 581 Λάζαρον,
597 507 1025 580 ὑπολαμϐάνων,
1072 508 1156 562 ὅτι
1200 512 1533 580 μνησικακεῖ
1574 510 1746 582 αύτῷ·
1792 512 1872 563 τὸη

1992 528 2174 568 tarum
2192 512 2607 586 deprecabatur,
2627 516 3015 587 suspicabatur
3032 532 3291 586 namque,
3310 517 3455 587 quod
3477 533 3595 569 inn-

278 601 550 674 '.\6paap.
578 602 635 655 δὲ
659 602 932 670 ἱκέτευσε,
959 602 1198 673 νομίζων
1228 602 1311 658 ὅτι
1333 604 1520 672 ἀγνοεῖ
1548 606 1619 659 τά
1647 603 1767 657 κατ’
1793 604 1891 658 αύ-

1994 605 2170 661 lorum
2200 607 2305 677 ipsi
2328 606 2687 670 indictorum,
2712 610 2979 666 adversus
2996 625 3055 667 se
3081 626 3291 665 memor
3309 617 3476 665 esset:
3499 608 3594 663 sed

264 696 395 752 τόν.
432 696 646 765 Ὠσπερ
695 695 752 749 δὲ
781 695 859 761 τῷ
910 694 1151 768 Λαζάρῳ
1188 696 1476 770 πρότερον,
1512 698 1571 749 ἐν
1616 697 1872 759 τοσούτοις

1992 699 2271 755 Abraham
2324 701 2600 766 obsecrat,
2647 703 2924 774 opinatus,
2976 704 3123 773 quod
3179 703 3326 759 hunc
3375 702 3592 766 lateret,

260 789 395 855 ὄντι
446 790 639 851 κακοῖς
690 788 982 861 προσθήκη
1024 790 1323 863 συμφορῶν
1351 786 1439 861 ἦν,
1472 790 1533 843 τὸ
1555 789 1776 861 βλέπειν
1796 790 1872 843 τοι

1992 806 2111 861 qua:
2133 792 2277 846 circa
2304 793 2738 862 seeontigerant.
2766 791 3238 860 Quemadmodum
3270 798 3452 845 autem
3484 787 3591 843 La-

264 877 540 931 πλούσιον
568 880 625 931 ἐν
657 881 936 944 τοσούτοις
968 880 1219 949 ἀγαθοῖςο
1248 881 1392 936 οὕτω
1434 882 1529 936 καὶ⁸
1546 880 1626 953 τῷ
1645 880 1887 953 πλουσίῳ

268 970 377 1025 νῦν
437 973 496 1024 ὲν
518 972 799 1037 τοσούτοις
821 973 937 1027 δντι
992 974 1210 1038 δεινοῖς,
1262 974 1555 1045 προσθήκη
1602 973 1886 1044 τιμωριῶν

265 1065 418 1127 ἐστι,
450 1064 510 1117 τὸ
542 1064 765 1135 βλέπειν
792 1065 884 1120 τὸν
916 1066 1174 1138 Λάζαρον
1203 1069 1262 1121 ἐν
1296 1067 1579 1132 τοσούτοις
1624 1067 1880 1138 ἀγαθοῖς.

354 1243 501 1301 Eius
523 1277 592 1288 --
613 1248 933 1305 ὀδυνᾶσαι.
970 1250 1087 1305 Οὐκ
1105 1250 1357 1318 ὀνειδίζει
1387 1252 1565 1323 τούτῳ
1586 1251 1686 1323 τήν
1709 1252 1884 1305 ἀπαν-

262 1339 299 1391 θ
309 1339 551 1408 ρωπίαν,
597 1340 714 1393 ἀλλ’
742 1342 1005 1406 ἐπιεικῶς
1031 1342 1142 1415 (99)
1161 1344 1544 1416 ἀποκρίνεται·
1570 1344 1881 1413 γέγραπται

264 1436 409 1499 γὰρ.
440 1433 520 1485 ὅτι
563 1434 779 1503 Ψυχὴν
828 1436 1356 1505 τεταπεινωμένην
1386 1435 1465 1509 (1)
1488 1435 1576 1505 μὴ
1616 1450 1879 1505 προστα-

267 1524 499 1593 ιῖάξῃςο
538 1526 633 1579 καὶ
666 1527 857 1581 τέκνον
887 1527 1149 1598 ὀνομάζει
1182 1528 1398 1592 τοῦτον,
1420 1529 1497 1592 ὼς
1529 1528 1881 1599 πατριάρχης

273 1615 451 1668 αὐτοῦ
508 1616 604 1671 καὶ
628 1616 703 1681 ὡς
730 1619 1072 1691 πρεσϐύτης.
1103 1621 1218 1675 Οὐκ
1250 1616 1373 1675 εἶπε
1402 1622 1480 1689 δὲ,
1502 1622 1586 1675 δτι
1620 1620 1876 1686 Ἔλαϐες,

264 1709 389 1760 ἀλλ’
418 1710 499 1761 ὅτι
534 1710 837 1773 Ἀπέλαϐες
872 1713 942 1766 τὰ
966 1713 1149 1781 ἀγαθά
1180 1732 1274 1768 σου
1304 1715 1363 1769 ὲν
1385 1716 1453 1786 τῇ
1480 1714 1597 1786 ζωῇ
1624 1731 1742 1780 σου,
1782 1713 1877 1767 καὶ

267 1800 527 1871 Λάζαρος
564 1803 767 1872 ὁμοίως
795 1804 865 1859 τὰ
896 1806 1062 1861 κακά.
1111 1806 1185 1860 Τὸ
1210 1807 1317 1879 γὰρ
1346 1805 1755 1877 ἀπολαμϐάνειν
1783 1804 1877 1858 ἐπὶ

272 1892 390 1944 τῶν
416 1896 895 1966 χρεωστουμένων
918 1898 1205 1966 τάττεται,
1232 1899 1328 1952 καὶ
1356 1895 1616 1969 δηλοῦται
1655 1897 1874 1961 πάντως

264 1985 548 2052 ἐντεῦθεν,
582 1987 662 2043 ὅτι
696 1990 789 2043 καὶ
823 1990 852 2041 6
886 1991 1167 2054 πλούσιος,
1193 1992 1243 2044 εί
1280 1991 1377 2045 καὶ
1410 1989 1740 2062 ἁμαρτωλὸς
1780 1984 1872 2059 ἦν,

266 2078 428 2147 ὅμως
455 2074 571 2148 εἶχέ
607 2097 732 2134 τινα
764 2080 991 2153 ἀρετὴν,
1034 2082 1178 2152 ὑπὲρ
1204 2077 1271 2154 ἧς
1288 2078 1531 2136 ὰπέλαϐε
1564 2079 1675 2146 ζῶν
1702 2079 1784 2134 ἔτι
1804 2079 1874 2133 τὰ

264 2170 601 2241 ὀφειλόμενα
623 2173 828 2241 ἀγαθά·
863 2175 957 2228 καὶ
979 2176 1007 2229 6
1039 2174 1315 2243 Λάζαρος,
1343 2175 1393 2227 εί
1423 2174 1518 2227 καὶ
1544 2173 1754 2235 δίκαιος
1781 2167 1875 2243 ἦν,

262 2262 422 2329 ὅμως
450 2254 567 2330 εἶχέ
618 2278 741 2315 τινα
812 2264 1038 2326 κακίαν,
1090 2262 1141 2315 δί
1170 2264 1238 2334 ἢν
1272 2262 1371 2316 καὶ
1420 2262 1585 2323 αὐτὸς
1629 2261 1874 2316 ἀπέλαϐε

266 2354 382 2418 ξεν
432 2352 511 2408 ἔτι
570 2354 641 2408 τὰ
673 2354 1006 2426 ὀφειλόμενα
1042 2353 1213 2407 κακά.
1254 2354 1378 2408 Τῶν
1417 2352 1725 2425 ἀνθρώπων
1765 2354 1875 2424 γὰρ

265 2449 450 2513 οὐδεὶς
494 2449 726 2521 ἄμοιρος
755 2448 981 2517 ἀρετῆς,
1008 2447 1119 2502 οὐδ’
1144 2449 1173 2501 6
1194 2446 1337 2500 πάνυ
1372 2448 1633 2517 πονηρόςο
1660 2446 1753 2501 καὶ
1781 2446 1876 2499 ού-

264 2541 382 2602 Bel;
430 2541 660 2612 ἄμοιρος
716 2539 936 2605 κακίας,
984 2538 1095 2593 οὐδ’
1129 2540 1159 2593 6
1205 2537 1349 2592 πάνυ
1381 2536 1607 2607 ἁγαθός.
1641 2536 1738 2590 Διὸ
1777 2536 1872 2589 καὶ

264 2631 696 2702 τελευτήσαντες
726 2630 995 2700 ἀπῆλθον,
1022 2630 1049 2683 6
1080 2629 1179 2699 μὲν
1209 2628 1453 2700 ἄκρατον
1481 2627 1621 2698 ἔχων
1642 2630 1742 2699 τὴν
1769 2644 1871 2681 κα-

268 2723 415 2776 κίαν·
454 2725 483 2776 ὁ
504 2724 561 2775 δὲ
589 2723 830 2779 ἄκρατον
855 2720 1198 2793 κεκτημένος
1228 2722 1329 2794 τήν
1360 2722 1583 2792 ἀρετήν.

339 2816 448 2871 Καὶ
469 2816 567 2871 ἐπὶ
598 2847 667 2857 -—
689 2816 1043 2885 διαπερῶσι.
1071 2816 1276 2886 Χάσμα
1306 2815 1450 2887 μέγα
1473 2814 1650 2883 λέγει,
1666 2814 1726 2873 τδ
1747 2815 1871 2869 ἁνε-

268 2910 593 2983 πιχείρητον
640 2911 978 2984 πρόσταγμα
1014 2909 1109 2963 τοῦ
1144 2908 1306 2964 Θεοῦ·
1356 2908 1432 2972 ὡς
1463 2908 1620 2978 δίκην
1651 2907 1869 2978 χάσμα-

266 3019 358 3065 τος
391 3002 618 3056 κωλύων
643 3003 742 3074 τήν
765 3003 1051 3071 ἐπιμιξίαν
1074 3004 1282 3057 τούτων
1305 3000 1600 3057 κάκείνων.

340 3181 489 3242 Eius
514 3217 586 3229 —
614 3187 820 3257 πάτερ.
860 3188 1174 3259 Παρακαλῶ
1217 3204 1296 3243 σε,

340 3374 468 3428 Ἵνα
514 3403 584 3417 -ν-
627 3372 936 3439 βασάνου.
980 3373 1295 3444 Ἀποτυχὼν
1331 3374 1429 3443 τῆς
1478 3374 1620 3445 ὑπὲρ
1672 3371 1868 3426 ἑαυτ.ὖ

266 3464 527 3538 δεήσεως,
558 3464 701 3535 ὑπὲρ
729 3465 840 3518 τῶν
872 3464 1120 3533 ἀδελφῶν
1145 3464 1407 3529 δυσωπεῖ,
1450 3466 1756 3536 ἐμφαίνων,
1787 3463 1872 3518 ὅτι

268 3559 459 3628 ὥσπερ
487 3558 651 3622 αὐτὸς
671 3558 779 3630 πρὸ
798 3558 893 3613 τοῦ
924 3558 1248 3624 ἀποθανεῖν,
1288 3558 1431 3612 οὕτω
1454 3561 1550 3612 καὶ
1583 3559 1739 3612 αὐτοὶ
1769 3558 1869 3629 λῆ-

274 3670 363 3723 ρον
392 3651 653 3723 ἡγοῦνται
690 3651 793 3715 τὰς
816 3653 876 3706 ὲν
902 3654 1021 3715 ταῖς
1051 3652 1304 3723 Γραφαῖς
1342 3651 1575 3715 ἀπειλὰς
1619 3651 1728 3704 τῶν
1775 3650 1868 3705 τοῦ

274 3745 565 3813 μέλλοντος
604 3744 802 3808 αἰῶνος
865 3744 1165 3810 κολάσεων,
1208 3744 1302 3797 καὶ
1339 3742 1427 3797 διὰ
1467 3743 1647 3807 τοῦτο,
1701 3743 1870 3815 μόνην

270 3842 369 3910 τήν
399 3837 713 3909 φιληδονίαν
750 3837 1171 3908 μεταδιώκουσι.

342 3930 515 4000 Λέγει
538 3961 609 3971 ——
641 3930 975 4001 προφήτας.
1005 3931 1119 3995 Τὰς
1184 3931 1489 3993 Μωσαῖκας
1521 3928 1738 4000 βίϐλους
1776 3930 1869 3984 καὶ

273 4028 368 4089 τὶς
405 4026 775 4097 προφητικάς.
800 4025 878 4079 Ού
906 4024 1018 4095 γὰρ
1038 4023 1187 4079 οὕτω
1208 4024 1274 4078 σὺ
1304 4023 1446 4098 κήδῃ
1464 4022 1573 4077 τῶν
1599 4022 1865 4092 ἀδελφῶν,

276 4120 349 4182 ὡς
402 4119 430 4172 6
460 4119 696 4188 ποιήσας
731 4118 929 4181 αὐτοὺς
958 4117 1118 4184 Θεὸς,
1154 4116 1214 4181 δς
1234 4118 1331 4171 καλ⁵
1375 4115 1604 4189 μυρίους
1638 4115 1873 4185 ἐπέστη-

275 4226 364 4262 σεν
394 4210 579 4274 αὐτοῖς
601 4209 980 4274 διδασκάλους.

370 4300 842 4357 ’Δκουσάτωσαν
911 4298 1133 4359 αὐτῶν.
1207 4300 1655 4371 ’Υποτιθεμένων
1736 4297 1855 4369 βίον

274 4394 553 4464 ἐκάρετον.

354 4489 407 4540 Ὁ
446 4487 515 4542 δὲ
542 4517 614 4529 -
650 4488 930 4558 Ἀϐραάμ.
975 4488 1090 4542 Ούκ
1112 4486 1404 4542 ἀκούουσιν
1444 4489 1625 4542 αὐτῶν

1990 897 2141 948 zaro,
2183 898 2312 939 cum
2348 883 2404 938 in
2454 891 2535 938 tot
2586 885 2747 941 malis
2778 885 3005 955 positus
3035 881 3592 949 esset,calamitatum

1985 985 2106 1032 erat
2142 985 2496 1048 augmentum
2530 977 2730 1033 intueri
2776 976 3003 1033 divitem
3037 978 3092 1031 in
3132 985 3213 1031 tot
3244 974 3405 1031 bonis
3447 991 3462 1028 :
3516 972 3591 1028 ita

1987 1082 2136 1123 nunc
2169 1068 2350 1135 diviti,
2396 1068 2451 1123 in
2486 1070 2653 1124 tantis
2684 1069 2903 1141 degenti
2940 1068 3180 1125 miseriis
3211 1066 3417 1123 additio
3467 1078 3597 1135 sup-

1987 1156 2276 1231 pliciorum
2311 1170 2417 1225 est,
2440 1161 2629 1218 videre
2660 1160 2931 1217 Lazarum
2959 1162 3013 1216 in
3036 1161 3205 1216 tantis
3230 1160 3409 1215 bonis.

2058 1254 2212 1309 Vers.
2248 1253 2338 1309 25.
2372 1253 2905 1309 Dixit—cruciaris.
2962 1252 3427 1309 lnhumanitatem
3468 1251 3594 1308 huic

1983 1360 2094 1400 non
2129 1345 2487 1417 improperat,
2515 1345 2610 1401 sed
2635 1354 2923 1403 mansuete
2945 1345 3267 1416 respondet.
3309 1344 3591 1411 Scriptum

1983 1437 2227 1493 estenim
2248 1457 2260 1493 :
2279 1437 2527 1494 Animam
2546 1439 2885 1494 humiliatam
2903 1456 2967 1493 ne
2982 1436 3341 1493 turbaveris“.
3370 1436 3430 1490 Et
3451 1436 3592 1491 hunc

1982 1530 2239 1587 nominat
2272 1531 2464 1596 filium,
2522 1542 2713 1602 utpote
2765 1531 3100 1603 patriarcha,
3146 1546 3245 1586 seu
3279 1530 3591 1600 progenitor

1982 1622 2176 1692 ipsius,
2197 1630 2251 1676 ct
2271 1629 2527 1693 tanquam
2565 1637 2756 1678 senex.
2799 1622 2917 1677 Non
2960 1620 3100 1677 dixit
3136 1630 3318 1676 autem
3362 1639 3372 1675 :
3424 1619 3591 1675 Acce-

1979 1713 2106 1784 pisti
2149 1714 2294 1770 bona
2329 1723 2441 1779 tua,
2469 1715 2564 1770 sed
2600 1714 2899 1785 Recepisti.
2926 1712 3062 1769 Nam
3120 1714 3367 1784 recipere
3414 1718 3490 1770 ob
3526 1728 3589 1766 ea

1980 1802 2222 1871 ponitur,
2247 1819 2368 1873 qua:
2396 1804 2694 1862 debentur:
2732 1812 2790 1860 et
2821 1804 2951 1860 hinc
2981 1803 3211 1860 omnino
3243 1801 3589 1875 significatur

1982 1893 2129 1964 quod
2186 1904 2243 1950 et
2299 1894 2453 1951 dives
2509 1910 2822 1967 quanquam
2850 1904 3107 1967 peccator
3158 1904 3300 1961 erat,
3348 1893 3587 1963 aliquam

1984 1994 2168 2042 tamen
2199 1987 2440 2042 habebat
2471 1988 2757 2052 virtutem,
2790 2002 2893 2057 pro
2917 2003 3024 2058 qua
3066 1988 3211 2042 bona
3240 1985 3425 2042 debita
3487 1984 3587 2039 ad-

1985 2080 2091 2135 huc
2108 2082 2302 2137 vivens
2331 2090 2638 2153 receperat;
2665 2091 2721 2137 et
2742 2080 3009 2146 Lazarus,
3047 2094 3364 2150 quanquam
3403 2078 3589 2150 justus

1982 2180 2121 2239 erat,
2151 2171 2371 2243 aliquod
2415 2181 2599 2227 tamen
2626 2172 2822 2227 vitium
2861 2170 3121 2235 habebat,
3159 2177 3389 2242 propter
3440 2168 3585 2238 quod

1982 2266 2163 2322 adhuc
2182 2265 2372 2322 vivens
2390 2264 2574 2322 debita
2592 2265 2735 2321 mala
2761 2274 3073 2336 receperat.
3095 2264 3379 2334 Siquidem
3402 2262 3587 2317 nullus

1984 2356 2270 2413 hominum
2298 2372 2496 2429 expers
2531 2366 2618 2413 est
2667 2356 2911 2423 virtutis,
2957 2364 3053 2411 aut
3096 2355 3324 2411 omnino
3357 2354 3533 2410 malus
3565 2370 3582 2408 :

1980 2450 2274 2521 nullusque
2300 2466 2496 2521 expers
2522 2458 2606 2505 est
2636 2450 2893 2514 vitii,raut
2920 2448 3146 2505 omnino
3179 2448 3387 2511 bonus;
3427 2447 3582 2502 ideo-

1979 2556 2087 2612 que
2142 2542 2254 2611 jam
2285 2542 2594 2597 morientes
2639 2540 3044 2605 discesserunt,
3081 2539 3173 2594 ille
3217 2538 3440 2610 quidem
3472 2552 3587 2593 me-

1980 2650 2097 2689 ram
2132 2633 2345 2690 habens
2400 2635 2693 2701 malitiam,
2737 2634 2829 2689 hic
2885 2642 3069 2689 autem
3119 2646 3314 2703 puram
3376 2630 3585 2686 habens

1981 2728 2264 2784 virtutem.

2050 2819 2203 2875 Vers.
2247 2818 2338 2875 26.
2372 2819 2442 2874 Et
2503 2836 2662 2889 super
2694 2848 2759 2861 —
2789 2822 3182 2872 transcendere.
3218 2814 3440 2870 Hiatum
3471 2830 3583 2870 ma-

1975 2927 2143 2983 gnum
2162 2911 2317 2977 dicit,
2342 2910 2718 2967 ﬁrmissimum
2738 2910 2831 2965 Dei
2856 2919 3214 2981 praeceptum,
3235 2919 3490 2978 tanquam
3512 2907 3583 2962 ad

1977 3002 2197 3058 modum
2217 3002 2401 3057 hiatus
2423 3002 2725 3073 prohibens
2755 3002 2953 3056 horum
3009 3009 3065 3054 et
3091 2999 3307 3054 illorum
3340 3000 3579 3053 commi-

1976 3095 2234 3150 suonenn

1891 3218 1939 3282 ρ
2048 3186 2203 3243 Vers.
2234 3186 2325 3242 27.
2358 3186 2446 3239 Ait
2479 3215 2551 3227 —-
2590 3195 2765 3256 pater.
2792 3183 2968 3241 Etiam
3006 3185 3093 3241 hic
3118 3184 3342 3255 ponitur
3364 3184 3576 3254 ἐρωτῶ,

1979 3296 2079 3352 pro
2095 3279 2357 3336 Obsecro.

2052 3374 2205 3432 Vere.
2235 3374 2327 3428 27.
2359 3372 2423 3429 Ut
2449 3403 2512 3414 --
2541 3374 2698 3431 Vers.
2724 3369 2820 3426 28.
2859 3369 3245 3426 Cruciatus.—
3278 3369 3575 3440 ltepulsam

1978 3482 2172 3540 passus
2198 3467 2254 3522 in
2282 3481 2368 3531 eo,
2399 3465 2543 3536 quod
2567 3480 2664 3533 pro
2688 3480 2748 3520 se
2779 3463 2993 3527 orabat,
3039 3478 3137 3533 pro
3155 3461 3419 3518 fratribus
3443 3476 3575 3531 sup‘

1975 3562 2162 3630 plicat,
2190 3559 2484 3616 insinuans
2514 3558 2662 3629 quod
2707 3558 2853 3612 sicut
2912 3556 3031 3627 ipse
3056 3563 3185 3610 ante
3212 3564 3471 3621 mortem,
3498 3554 3573 3609 ita

1979 3663 2032 3710 et
2064 3654 2142 3710 illi
2172 3669 2274 3725 pro
2297 3652 2497 3708 fabulis
2544 3651 2756 3708 ducunt
2792 3649 2993 3716 minas,
3028 3664 3151 3719 quae
3179 3648 3236 3703 in
3271 3646 3575 3717 Scripturis

1980 3748 2254 3804 habentur
2269 3748 2337 3803 de
2354 3744 2523 3801 futuri
2544 3744 2726 3801 saeculi
2747 3740 3057 3813 suppliciis,
3084 3752 3141 3797 et
3161 3748 3456 3811 propterea
3484 3754 3573 3794 so-

1978 3843 2084 3897 lam
2118 3841 2503 3911 voluptuosam
2539 3838 2704 3893 vitam
2736 3836 3124 3907 insequuntur.

2050 3934 2205 3991 Vers.
2243 3934 2335 3991 29.
2359 3933 2497 3988 Dicit
2524 3961 2597 3973 —
2628 3932 2935 4001 praphetas.
2987 3928 3258 3984 Mosaicos
3291 3927 3461 3982 libros
3504 3942 3570 3982 ac

1979 4025 2312 4099 prophetias:
2348 4038 2530 4095 neque
2552 4023 2699 4078 enim
2736 4022 2809 4077 ita
2848 4020 2948 4076 tibi
2995 4036 3143 4076 cura:
3196 4028 3327 4075 sunt
3351 4019 3571 4083 fratres,

1978 4131 2037 4178 ut
2059 4121 2192 4183 Deo.
2221 4120 2314 4190 qui
2342 4117 2470 4174 fecit
2496 4117 2641 4183 illos,
2657 4126 2713 4172 et
2750 4123 3041 4171 sexcentos
3062 4113 3142 4169 eis
3163 4112 3413 4169 adhibuit
3435 4126 3573 4183 pra:-

1978 4220 2249 4281 ceptores.

2050 4305 2205 4361 Vers.
2234 4302 2325 4358 29.
2364 4300 2599 4355 Audiam
2629 4299 2768 4353 illos.
2806 4327 2876 4338 -—-
2910 4296 3047 4351 Cum
3087 4295 3254 4350 vitam
3303 4294 3573 4350 suadeant

1978 4399 2164 4455 virtuti
2198 4396 2560 4452 conformem.

2046 4485 2207 4542 Vers.
2249 4484 2341 4541 50.
2374 4484 2441 4537 At
2470 4482 2630 4537 ille—
2657 4480 2954 4534 Abraham.
2995 4477 3116 4532 Non
3149 4477 3381 4534 audiunt
3424 4478 3569 4533 illos.

354 4581 519 4637 Ἀλλ’
558 4608 625 4621 —-
652 4581 1133 4651 μετανοήσουσι.
1168 4580 1302 4645 Ταῖς
1334 4580 1543 4652 βίϐλοις
1601 4581 1702 4651 μὲν
1736 4581 1864 4636 ἀπι-

2045 4582 2198 4638 Vers.
2222 4581 2315 4635 ‘50.
2350 4577 2453 4633 Sed
2479 4606 2548 4619 —-
2579 4573 2890 4643 resipiscent
2958 4569 3140 4625 Libris
3171 4570 3392 4641 quidem
3454 4586 3572 4625 non

281 4677 511 4739 στοῢσιν,
552 4675 628 4739 ὡς
659 4675 814 4745 παρὰ
845 4674 1066 4740 ζώντων
1097 4674 1456 4745 γραφείσαις,
1504 4676 1671 4746 μήπω
1721 4674 1863 4727 θεα-

281 4770 525 4839 σαμένων
553 4771 623 4824 τὰ
650 4768 745 4822 τοῦ
782 4770 1077 4840 μέλλοντος
1120 4769 1324 4832 αἰῶνος
1351 4786 1363 4799 ·

280 4861 486 4932 νεκρῶν
532 4862 777 4934 πορευθῇ
822 4863 959 4935 πρὸς
1027 4863 1255 4928 αὐτοὺς,
1316 4862 1731 4927 πιστεύσουσιν,
1789 4861 1865 4924 ὡς

284 4955 435 5008 ἰδόντι
460 4954 662 5010 πάντα.

342 5044 489 5102 Eine
546 5075 618 5087 --
662 5047 1122 5115 πεισθήσονται.
1178 5049 1288 5102 Καὶ
1332 5049 1381 5101 oi
1443 5048 1689 5102 Ἰουδαῖοι
1727 5050 1861 5118 γὰρ,

283 5140 463 5212 ἐπειδὴ
494 5140 776 5205 Μωῦσέως
818 5141 916 5194 καὶ
974 5140 1081 5194 τῶν
1142 5140 1444 5211 προφητῶν
1492 5142 1593 5195 οὐκ
1637 5143 1858 5213 ἤκουον.

282 5233 395 5285 οὐδὲ
432 5236 546 5297 τοῖς
578 5236 644 5287 ὲκ
692 5233 908 5304 νεκρῶν
943 5235 1245 5291 ἁναστάσιν
1300 5234 1640 5305 ἐπείσθησαν
1662 5276 1676 5298 ,
1724 5235 1862 5288 ἀλλὰ

285 5319 371 5372 καὶ
395 5318 484 5373 τὸν
525 5321 756 5389 ἀδελφὸν
814 5322 1048 5399 Μάρθας
1093 5324 1189 5378 καὶ
1212 5325 1434 5397 Μαρίας
1489 5325 1767 5396 Λάζαρον,
1800 5327 1861 5377 ἐκ

385 5506 428 5537 ¹⁰
492 5504 659 5563 Eccli.
717 5523 790 5569 tv,
831 5505 886 5563 3.

1967 4676 2171 4731 habent
2204 4672 2389 4738 fidem,
2424 4677 2616 4740 utpote
2647 4666 2869 4736 scriptis
2928 4665 2997 4720 ab
3052 4664 3137 4718 his
3160 4662 3251 4733 qui
3284 4662 3568 4725 vivebant,

1417 4769 1514 4823 ὲάν
1546 4787 1629 4832 τις
1663 4767 1719 4821 δὲ
1752 4768 1865 4823 ἀπὸ
1965 4777 2020 4823 et
2043 4766 2278 4821 necdum
2303 4778 2366 4819 ea
2394 4762 2661 4826 viderant,
2684 4774 2806 4830 quae
2832 4757 2887 4811 in
2910 4755 3095 4811 futuro
3116 4765 3246 4811 sunt
3270 4754 3500 4811 saaculo:
3526 4757 3569 4810 si

1965 4860 2285 4928 quisautcm
2326 4871 2391 4909 ex
2450 4852 2679 4908 mortuis
2707 4850 2832 4905 ierit
2868 4849 2937 4905 ad
2974 4848 3121 4911 illos,
3162 4847 3412 4913 credent,
3439 4856 3570 4902 tan-

1968 4969 2129 5023 quam
2153 4952 2225 5017 ei,
2267 4949 2359 5019 qui
2389 4947 2586 5003 viderit
2620 4945 2895 5000 universa.

2046 5045 2202 5099 Vers.
2250 5044 2337 5096 51.
2369 5040 2799 5094 Ait—credent.
2854 5033 3136 5105 Siquidem
3191 5033 3386 5094 Judaei,
3444 5033 3569 5103 quia

1973 5137 2175 5192 Mosen)
2201 5146 2257 5191 et
2291 5134 2583 5205 prOpbetas
2607 5147 2715 5186 non
2758 5129 3074 5197 audiebant,
3104 5141 3282 5195 neque
3324 5128 3388 5181 iis
3414 5128 3505 5197 qui
3542 5144 3569 5180 a

1973 5230 2201 5286 mortuis
2233 5236 2665 5293 resurrcxerant,
2691 5224 3008 5280 credebant:
3038 5223 3168 5292 quin
3198 5232 3251 5276 et
3281 5221 3568 5284 Lazarum,

1972 5325 2195 5380 Martha:
2218 5333 2272 5378 ct
2295 5322 2477 5377 Maria:
2502 5320 2752 5385 fratrem,
2775 5317 2868 5389 qui
2899 5332 2928 5372 a
2962 5315 3197 5370 mortuis
3228 5323 3567 5377 surrexerat,

1424 5578 1621 5638 Varia)
1670 5576 1976 5639 lectiones
2010 5584 2067 5635 et
2112 5582 2297 5636 nota).

348 5747 488 5819 (99)_
516 5746 956 5819 ’Λποκρύπτεται
994 5748 1055 5819 Β.

357 5815 431 5887 (l)
569 5817 606 5869 ι.
644 5818 842 5886 legitur
891 5818 1118 5891 καρδίαν
1182 5819 1668 5891 παρωργισμένην.
1711 5818 1864 5873 llunc

288 5894 455 5959 ipsum
483 5889 664 5945 locum
709 5899 948 5945 traCtans
980 5887 1218 5947 Joannes
1265 5887 1623 5962 'Xiphilinus“
1652 5891 1849 5946 eodem

1977 5746 2373 5871 liiUquldllldal.
2403 5742 2538 5800 Vide
2568 5741 2868 5798 editionem
2897 5751 3141 5798 nostram
3178 5739 3563 5811 Mosquenscm

1977 5834 2093 5871 nae.
2140 5857 2169 5870 -
2212 5857 2225 5870 .

1974 5834 2093 5889 pag.
2137 5834 2225 5871 zu.
