4016 6472
517 327 647 390 ἷοί3
1746 339 2126 400 EUTHYMII
2170 343 2340 405 ZIGA
2354 348 2533 408 BENI
3640 362 3770 426 10H

502 456 549 493 et
584 444 651 497 de
684 444 862 510 rebus,
894 446 1264 517 quainferno
1295 457 1475 515 erant,
1516 449 1867 519 loquebatur,
1910 453 2054 519 potiu

2163 503 2165 511 .
2198 462 2409 527 νεκρῶν
2434 464 2750 521 ἀναστάντα
2775 470 2869 524 καλ⁵
2903 469 3032 541 περὶ
3064 472 3170 525 τῶν
3197 473 3252 527 ἐν
3284 473 3357 544 τῷ
3389 474 3490 547 ᾅδῃ
3524 476 3767 545 λέγοντα,

499 536 750 592 occidere
776 539 1054 593 volebant.

2198 554 2403 619 μᾶλλον
2428 557 2640 610 ἀνελεῖν
2670 559 2977 617 ἐϐούλοντο.

568 646 718 705 CAP.
745 646 913 703 XVII.
955 650 1113 707 Vers.
1149 653 1199 705 l.
1237 651 1322 705 Ait
1340 654 1646 709 --veniunt.
1686 654 1802 711 Hoc
1825 667 1930 722 est,
1989 674 2054 714 ne

2262 643 2409 702 Εἶπε
2459 681 2531 691 -
2567 653 2827 723 ἔρχεται.
2881 656 3227 715 ’Λνένδεκτόν
3275 661 3441 728 ἐστιν,
3482 663 3641 718 νῶστε
3698 669 3770 737 μὴ

495 750 648 790 cesse
686 747 791 801 est,
834 750 894 794 ut
920 743 1165 798 veniant.
1198 743 1338 799 Dixit
1376 746 1521 800 enim
1551 749 1831 804 tricesimo
1855 752 2050 821 septim

2192 738 2388 804 ἐλθεῖν,
2444 744 2635 813 ἤγουν,
2680 748 2983 815 ἀναγκαῖόν
3030 753 3181 805 ἔστιν
3229 753 3425 810 ἐλθεῖν.
3460 758 3602 826 Ἔφη
3650 758 3763 825 γὰρ

494 830 655 883 etiam
683 832 837 900 juxta
870 832 1182 889 Matthmum
1217 839 1397 908 capite
1429 838 1553 894 εγω
1584 851 1778 896 mundo
1811 844 1876 896 ab
1924 844 2054 912 oﬂ’en

2192 833 2288 886 καὶ¹
2341 835 2401 886 ὲν
2437 836 2515 905 τῷ
2547 841 2864 910 τριακοστῷ
2900 842 3143 913 ἑόδόμῳ.
3172 845 3454 917 κεφαλαίῳ
3485 848 3580 901 τοῦ
3630 850 3769 902 κατὰ

492 920 711 976 dicatis:
734 941 939 979 necesse
960 937 1037 979 est
1051 928 1213 992 enim,
1232 940 1288 983 ut
1306 932 1519 984 veniant
1539 932 1869 1001 offendicula,
1889 950 2054 988 verum

2188 924 2497 979 Ματθαῖον·
2531 930 2615 981 ὅτι
2649 932 2795 985 Οὐαὶ
2840 932 2918 998 τῷ
2942 935 3148 1004 κόσμῳ
3174 936 3291 991 ἀπὸ
3331 937 3449 992 τῶν
3499 943 3768 995 σκανδά-

492 1019 669 1065 tamen
731 1030 807 1067 me
863 1015 1066 1071 homini
1106 1018 1227 1084 illi,
1277 1037 1371 1089 per
1424 1039 1577 1092 quem
1628 1024 1763 1077 venit
1807 1025 2054 1093 oﬂ'endicu

2185 1014 2331 1065 λων.
2374 1015 2624 1084 Ἀνάγκη
2669 1019 2779 1086 γάρ
2815 1022 2988 1074 ἐστιν
3043 1022 3245 1077 ἐλθεῖν
3271 1026 3342 1077 τὰ
3401 1026 3723 1081 σκάνδαλα
3751 1046 3763 1059 ’

491 1102 599 1156 lum
623 1106 666 1135 ¹¹
691 1121 704 1168 ;
732 1107 857 1160 etin
884 1124 955 1163 eo
981 1109 1101 1182 lege
1123 1111 1661 1184 interpretationem,
1701 1132 1823 1186 quae
1854 1118 2054 1187 pulchri

2186 1104 2355 1171 πλὴν
2388 1109 2522 1161 οὐαὶ
2551 1107 2631 1174 τῷ
2665 1112 2955 1180 ἀνθρώπῳ
2989 1114 3221 1180 ἐκείνῳ,
3280 1117 3353 1170 δι’
3384 1115 3454 1174 οὗ
3488 1121 3552 1173 τὸ
3574 1121 3767 1173 σκάν-

489 1198 665 1265 posita
690 1209 800 1255 est.

554 1364 711 1418 'v’ers.
746 1365 802 1423 2.
829 1366 1265 1437 Expedit—istis.
1297 1371 1373 1427 lbi
1398 1373 1565 1429 etiam
1588 1375 1704 1430 haec
1743 1376 1907 1446 paulo
1942 1387 2070 1433 ante

482 1453 625 1509 dicta
656 1466 784 1511 sunt
804 1467 855 1513 et
887 1470 1074 1531 aperte
1098 1464 1398 1520 declarata.

554 1545 707 1603 Vers.
747 1551 801 1606 5.
838 1550 1029 1608 Cavete
1061 1555 1203 1610 vobis
1224 1557 1373 1626 ipsis.
1400 1558 1622 1627 Cavete,
1659 1577 1729 1617 ne
1764 1579 1874 1633 quo
1908 1566 2072 1621 modo

480 1641 732 1709 cuiquam
789 1643 907 1698 sitis
939 1645 1292 1712 oﬁendiculo,
1327 1662 1422 1706 aut
1456 1668 1487 1706 a
1523 1669 1799 1725 quoquam
1820 1657 2062 1715 offendi-

479 1731 661 1787 cnlum
691 1735 998 1804 patiamini.

555 1824 706 1878 Vers.
742 1826 796 1881 5.
861 1826 1011 1893 Quod
1057 1831 1103 1884 si
1157 1861 1227 1872 -—
1260 1833 1433 1887 illum.
1482 1837 1750 1897 Fraterne
1789 1842 1943 1897 illum
1984 1843 2070 1898 in-
2102 1808 2146 1863 Β

475 1931 668 1987 crepa,
697 1927 754 1972 et
796 1936 951 1976 more
975 1923 1116 1993 ejus,
1149 1925 1241 1994 qui
1269 1928 1514 1998 corrigit.

550 2007 701 2065 Vers.
740 2011 795 2067 5.
833 2012 902 2067 Et
921 2014 991 2068 sit
1029 2045 1101 2055 -
1147 2016 1253 2072 illi.
1289 2016 1622 2076 Puenitentia
1670 2024 1819 2079 enim
1848 2042 2063 2097 prome«

477 2108 651 2165 retur,
690 2112 749 2157 ut
778 2106 994 2161 veniam
1029 2106 1310 2180 impetret.

551 2192 704 2250 Vers.
734 2196 790 2252 4.
821 2196 889 2251 Et
913 2199 958 2252 si
981 2229 1054 2246 -τ-
1092 2203 1327 2258 remittes
1351 2204 1455 2260 illi.
1489 2205 1718 2278 Oportet
1758 2209 1907 2265 enim
1940 2226 2061 2276 nos,

472 2288 563 2357 qui
603 2289 804 2344 inﬁrmi
848 2305 1041 2347 sumus
1087 2303 1143 2348 et
1177 2295 1568 2356 aﬂ-‘ectionibus
1601 2302 1899 2369 vincimur,
1935 2320 2065 2358 con-

472 2382 659 2436 «tolere
716 2382 805 2437 his
859 2384 953 2455 qui
1014 2387 1266 2443 similiter
1304 2389 1487 2446 allecti
1543 2402 1691 2449 sunt.
1735 2395 1835 2450 Hic
1879 2406 2061 2451 autem

472 2471 698 2542 Septies,
733 2472 876 2529 idem
909 2476 1177 2548 signiﬁcat
1200 2482 1346 2549 quod
1379 2480 1756 2553 Frequenter;
1798 2488 1900 2543 hoc
1934 2498 2057 2543 est:

469 2563 695 2629 Quoties
727 2567 781 2620 in
802 2567 889 2622 die
912 2579 1036 2638 post
1059 2581 1346 2639 peccatum
1373 2576 1695 2644 paenituerit
1720 2593 1866 2641 eum,
1897 2581 2060 2636 toties

470 2660 691 2716 remitte
728 2661 846 2731 illi;
879 2672 935 2718 et
986 2665 1059 2719 ita
1104 2666 1247 2720 idem
1292 2667 1522 2734 indicat,
1559 2672 1704 2739 quod
1749 2670 2058 2745 Septuagies

465 2754 678 2821 septies.
712 2754 882 2810 Aliter
905 2757 1070 2812 etiam
1105 2757 1345 2827 :Septies
1369 2762 1589 2833 quidem
1623 2764 1690 2819 de
1724 2781 2059 2837 unoquoque

467 2845 557 2897 die
588 2844 797 2901 dictum
818 2858 924 2912 est,
961 2847 1276 2923 Septuagies
1300 2855 1489 2921 septies
1533 2864 1740 2923 autem,
1772 2857 1840 2913 de
1877 2861 2055 2914 omni-

468 2938 570 2991 lms
596 2936 787 2993 simul.

539 3028 696 3085 Vers.
730 3031 782 3086 5.
815 3030 882 3086 Et
912 3062 983 3078 --
1010 3033 1185 3103 ﬁdem.
1222 3036 1451 3109 Appone
1485 3040 1561 3105 ei,
1592 3056 1753 3112 quam
1785 3043 2053 3102 habemus

2182 1195 2377 1252 δαλον
2405 1200 2664 1269 ἔρχεται.
2694 1204 2803 1257 Καὶ
2833 1206 3110 1273 ἀνάγνωθι
3144 1208 3202 1261 ἐν
3236 1210 3432 1281 ἐκείνῳ
3455 1211 3553 1281 τὴν
3586 1212 3765 1281 ἑρμη-

2179 1291 2353 1357 νείαν,
2389 1290 2447 1346 εὗ
2485 1294 2741 1364 ἔχουσαν.

2250 1386 2576 1439 Λυσιτελεῖ
2598 1417 2671 1429 -—-
2698 1389 2944 1444 τούτων.
3013 1390 3166 1444 Ἐκεῖ
3206 1393 3303 1445 καὶ
3333 1393 3507 1446 ταῦτα
3540 1394 3765 1465 εἴρηται

2180 1476 2381 1546 μικρὸν
2410 1478 2706 1549 ἀνωτέρω,
2737 1482 2831 1534 καὶ
2856 1481 3045 1550 σαφῶς
3073 1483 3490 1555 διηρμήνευται.

2193 1624 2207 1642 ⁸
2248 1569 2586 1639 Προσέχετε
2631 1571 2891 1639 ἑαυτοῖς.
2946 1576 3273 1646 Προσέχετε,
3333 1580 3543 1648 μήποτε
3598 1596 3765 1631 σκαν-

2174 1655 2435 1727 δαλίσητέ
2471 1660 2715 1731 τινας,ἢ
2750 1662 3192 1733 σκανδαλισθῆτε
3228 1665 3332 1718 ὑπό
3356 1683 3538 1719 τινων.

2259 1844 2397 1900 Ἐὰν
2422 1846 2491 1900 δὲ
2514 1875 2584 1889 —
2604 1848 2785 1916 αὐτῷ.
2828 1849 3163 1923 Ἐπῖπληξον
3206 1853 3514 1925 ἀδελφικῶς
3546 1874 3605 1910 τε
3661 1875 3758 1911 και

2170 1937 2562 2008 διορθωτικῶς.

2242 2034 2350 2087 Kal
2383 2034 2492 2087 ἐὰν
2516 2066 2589 2075 -
2619 2032 2803 2101 αὐτῷ.
2869 2036 2935 2090 Ἦ
2974 2038 3236 2107 μετάνοια
3273 2039 3383 2112 γὰρ
3436 2040 3564 2106 ἀξία
3620 2060 3758 2111 συγ-

2169 2123 2417 2198 γνώμης-

2238 2222 2347 2275 Καὶ
2396 2221 2505 2275 ἐὰν
2537 2252 2606 2262 -
2640 2222 2901 2291 ἀφήσεις
2949 2223 3129 2291 αὐτῷ.
3181 2228 3278 2281 Δεῖ
3319 2228 3429 2297 γὰρ
3464 2229 3654 2299 ἡμᾶς,
3692 2232 3755 2282 ἐν

2165 2313 2476 2375 ἀσθενείαις
2506 2314 2670 2377 ὄντας
2708 2316 2808 2369 καὶ
2848 2318 3208 2387 ἡττωμένους
3238 2320 3451 2386 παθῶν,
3500 2323 3751 2393 ἐπικάμ-

2164 2408 2401 2461 πτεσθαι
2460 2410 2577 2471 τοῖς
2635 2410 2838 2479 ὁμοίως
2896 2410 3205 2481 πάσχουσι.
3243 2402 3317 2466 Τδ
3366 2414 3421 2466 δὲ
3464 2412 3752 2482 Ἐπτάκις

2165 2501 2425 2566 ἐνταῦθα,
2482 2502 2542 2556 τὸ
2592 2503 2866 2567 Πολλάκις
2918 2504 3091 2575 δηλοῖ,
3152 2506 3456 2570 τουτέστιν,
3522 2507 3749 2571 Ὁσάκις

2161 2596 2263 2664 τῆς
2327 2594 2548 2664 ἡμέρας
2620 2596 2955 2667 ἁμαρτήσας
3011 2601 3362 2673 μετανοήσῃ,
3416 2602 3746 2666 τοσαυτάκις

2162 2685 2301 2755 ἄφες
2332 2686 2508 2757 αὐτῷ.
2528 2688 2654 2741 Καὶ
2691 2688 2835 2743 οὓτω
2861 2691 3079 2762 συνᾴδει
3102 2692 3164 2745 τὸ
3204 2692 3746 2763 Ἐὄδομηκοντὰκις

2159 2778 2332 2835 ἑπτά.
2391 2779 2605 2843 uno;
2645 2797 2727 2847 τε,
2782 2782 2842 2835 τὸ
2876 2782 2977 2853 μὲν
3010 2784 3278 2852 ἑπτᾶκις,
3324 2786 3410 2855 ἐφ’
3466 2786 3744 2855 Ἐκάστης

2159 2871 2376 2941 ἡμέρας
2436 2871 2691 2944 εἴρηται·
2757 2874 2820 2928 τὸ
2865 2875 2924 2929 δὲ
2971 2876 3508 2948 Ἑϐδομηκοντὰκις
3548 2878 3742 2943 ἑπτὰ,

2160 2964 2297 3035 πρὸς
2327 2966 2533 3029 πάσας.

2228 3057 2340 3111 Kal
2374 3088 2444 3097 —
2474 3058 2705 3113 πίστιν.
2742 3058 3011 3130 Πρόσθες,
3109 3060 3330 3131 ἔχομεν,
3380 3060 3481 3127 τὴν
3516 3060 3741 3113 λείπου-

463 3120 810 3177 deﬁcientem
841 3140 855 3177 :
892 3125 1008 3180 sive
1044 3128 1244 3195 perﬁce
1276 3129 1331 3182 in
1364 3131 1523 3184 nobis
1557 3132 1717 3187 ﬁdem
1749 3150 1869 3204 quae
1909 3146 1965 3192 et
1997 3140 2049 3191 in

2163 3168 2283 3216 σαν,
2320 3151 2492 3221 ἦγουν
2539 3120 2834 3207 τελείωσον
2879 3120 3182 3224 ἡμῶνητὴν
3234 3154 3420 3207 πίστιν
3459 3154 3559 3221 τὴν
3601 3153 3740 3221 πρὸς

465 3222 517 3269 te
535 3223 640 3269 est.
666 3214 825 3271 Fides
856 3217 1126 3285 siquidem
1146 3221 1341 3290 partim
1368 3236 1397 3275 a
1422 3224 1579 3278 nobis
1601 3225 1881 3283 inducitur
1899 3230 2056 3298 juxta

465 3307 537 3370 id,
562 3308 707 3377 quod
726 3308 928 3364 dicitur
959 3328 972 3364 :
1010 3309 1170 3366 Fides
1195 3323 1287 3367 tua
1306 3324 1355 3368 te
1382 3317 1588 3370 salvam
1611 3320 1731 3388 fecit
1758 3323 1801 3352 "
1820 3338 1834 3386 ;
1854 3326 2049 3392 partim

464 3417 593 3457 vero
620 3419 649 3456 a
675 3404 786 3458 Deo
815 3406 997 3462 datur.
1026 3407 1120 3461 Ait
1152 3408 1299 3462 enim
1326 3414 1611 3480 apostolus
1638 3414 1839 3470 Paulus
1871 3434 1885 3470 :
1944 3417 2052 3474 Alii

458 3494 665 3557 quidem
689 3512 782 3565 per
798 3495 1057 3567 Spiritum
1078 3500 1241 3553 datur
1259 3518 1432 3557 sermo
1448 3506 1745 3573 sapientiae;
1769 3508 1867 3561 alii
1882 3526 2051 3564 sermo

458 3590 692 3645 :cientiae
734 3592 1020 3647 secundum
1050 3596 1290 3650 eumdem
1318 3594 1605 3664 Spiritum;
1642 3602 1743 3654 alii
1775 3619 1891 3656 vero
1920 3605 2050 3673 ﬁdes

459 3700 551 3747 per
578 3684 815 3737 eumdem
849 3685 1113 3755 Spiritum
1162 3688 1230 3741 ".
1278 3689 1394 3746 Hoc
1423 3706 1556 3762 ergo
1588 3694 1827 3751 scientes
1854 3703 2051 3768 petunt

457 3792 577 3828 eam
615 3776 797 3839 Iidem,
840 3792 962 3846 quae
989 3794 1020 3832 τι
1059 3778 1169 3834 Deo
1203 3780 1385 3847 datur,
1426 3800 1589 3853 quam
1627 3788 1791 3842 etiam
1816 3806 2046 3862 accepe-

458 3874 586 3915 runt
625 3873 748 3933 post
778 3868 1268 3935 superventionem
1305 3870 1543 3942 Spiritus
1569 3878 1743 3931 sancti
1775 3880 1830 3933 in
1864 3885 2048 3951 specie

459 3955 754 4022 ignitarum
789 3956 1120 4028 linguarum.
1146 3961 1269 4016 Ideo
1295 3963 1613 4036 priusquam
1636 3968 1777 4025 hanc
1800 3976 2048 4045 accepis-

456 4054 601 4107 sent,
628 4048 1065 4112 exprobrabatur
1106 4051 1235 4118 illis,
1261 4055 1407 4123 quod
1448 4058 1636 4128 pusilli
1677 4074 1863 4118 essent
1900 4063 2044 4123 ﬁde:

458 4135 762 4204 imperfecti
803 4139 951 4193 enim
978 4141 1045 4196 ad
1070 4142 1231 4197 ﬁdem
1255 4155 1415 4201 erant
1444 4164 1457 4201 :
1487 4149 1671 4206 addita
1702 4170 1834 4209 vero
1871 4172 1897 4209 a
1932 4155 2046 4211 Deo

456 4230 608 4294 ﬁdes,
630 4230 897 4299 perfect-io
921 4243 1039 4288 erat
1058 4245 1114 4291 et
1141 4237 1485 4297 conﬁrmatio
1506 4242 1631 4299 ﬁdei
1655 4247 1807 4315 prius
1855 4249 2040 4307 illatte.

452 4630 690 4686 acutam,
720 4623 1107 4684 vehementem
1152 4646 1218 4685 ac
1266 4630 1588 4700 ferventem,
1634 4638 1778 4692 sicut
1807 4651 1891 4695 est
1922 4659 2044 4712 gra-

454 4730 584 4767 num
614 4715 821 4786 sinapis
878 4721 1026 4785 (nam
1051 4722 1203 4799 illud
1245 4724 1366 4779 talis
1391 4736 1476 4780 est
1514 4729 1815 4802 qualitatis)
1850 4749 2039 4790 move-

451 4808 584 4861 retis
614 4824 745 4864 sane
778 4819 834 4865 ct
869 4814 1118 4880 arbores,
1151 4817 1379 4889 illasque
1418 4819 1475 4874 in
1505 4837 1657 4878 mare
1692 4825 2036 4895 plantaretis.

451 4897 566 4954 lloc
619 4910 802 4957 autem
842 4903 999 4967 dixit,
1034 4906 1262 4963 laudans
1292 4910 1587 4981 perfectam
1622 4915 1806 4984 ﬁdem,
1832 4929 1888 4974 et
1919 4938 2033 4974 ma-

448 5008 609 5062 gnam
666 4996 787 5065 ejus
836 4998 1151 5067 signiﬁcans
1200 5005 1523 5072 potentiam.
1563 5005 1706 5063 Dixit
1738 5020 1921 5067 autem
1963 5014 2031 5068 dc

453 5087 558 5139 lide
596 5095 651 5141 et
680 5102 848 5157 grano
883 5091 1089 5163 sinapis
1140 5094 1306 5150 etiam
1340 5097 1620 5156 tricesimo
1650 5103 1845 5173 quinto
1879 5108 2030 5176 juxta

454 5176 765 5234 Matthmum
791 5183 992 5252 capite,
1030 5187 1135 5242 alio
1166 5198 1347 5249 tamen
1373 5192 1676 5249 intellectu.

552 5455 592 5484 "
655 5455 844 5512 Matth.
908 5475 1060 5525 xvm,
1128 5462 1177 5516 7.
1289 5466 1332 5496 “
1361 5465 1550 5522 Matth.
1578 5484 1652 5534 Ix,
1688 5470 1774 5523 Ἡ.

2159 3246 2239 3300 σέ.
2274 3246 2388 3315 Τῆς
2418 3246 2659 3310 πίστεως
2683 3246 2794 3318 γὰρ
2822 3246 2883 3299 τὸ
2915 3247 3013 3317 μὲν
3042 3245 3172 3315 παρ’
3218 3246 3377 3316 ἡμῶν
3434 3245 3737 3313 εἰσάγεται,

2155 3340 2292 3394 καθὸ
2323 3341 2567 3409 λέγεται,
2599 3342 2660 3395 τό
2682 3356 2695 3370 '
2731 3342 2795 3395 Ἠ
2828 3343 3040 3407 πίστις
3091 3354 3208 3394 σου
3256 3338 3493 3393 σέσωκέ
3524 3356 3632 3393 σε’
3678 3341 3737 3391 τὸ

2154 3436 2232 3499 δὲ,
2278 3437 2430 3507 παρὰ
2468 3435 2564 3488 τοῦ
2613 3434 2751 3488 Θεοῦ
2782 3435 3007 3489 δίδοται.
3052 3435 3192 3503 Φησὶ
3232 3426 3341 3505 γὰρ
3370 3436 3397 3487 ὁ
3432 3432 3737 3495 ἀπόστολος

2156 3529 2368 3591 Παῦλος
2393 3544 2407 3558 ·
2467 3521 2542 3598 ⁷ῼ
2595 3525 2711 3597 μὲν
2757 3526 2856 3581 διὰ
2918 3528 3026 3582 τοῦ
3075 3528 3422 3597 Πνεύματος
3510 3526 3736 3580 δίδοται

2153 3623 2338 3689 λόγος
2368 3620 2591 3687 σοφίας
2613 3636 2627 3650 ·
2663 3620 2836 3686 ἄλλῳ
2873 3619 2943 3675 δὲ
2993 3622 3178 3691 λόγος
3231 3618 3532 3690 γνώσεως,
3585 3622 3736 3675 κατὰ

2152 3714 2218 3767 τὸ
2247 3713 2396 3765 αὐτὸ
2437 3712 2683 3781 Πνεῦμα
2705 3729 2721 3743 ο
2770 3711 2949 3781 ἑτέρῳ
2984 3713 3053 3766 δὲ
3107 3715 3334 3779 πίστις.
3367 3715 3438 3767 ἐν
3466 3712 3545 3775 τῷ
3575 3712 3736 3777 αὐτῷ

2154 3809 2481 3875 Πνεὺματι.
2529 3806 2702 3860 Τοῦτο
2745 3803 2839 3861 οῦν
2874 3807 3099 3881 εἰδότες,
3132 3805 3347 3860 αἰτοῦσι
3385 3806 3483 3876 τὴν
3520 3808 3583 3859 ἐκ
3639 3805 3732 3859 τοῦ

2152 3900 2290 3954 Θεοῦ
2345 3903 2637 3971 διδομένην
2696 3902 2905 3966 πῖστιν,
2964 3902 3031 3971 ἣν
3055 3903 3151 3953 καὶ
3196 3900 3390 3953 ἔλαϐον
3450 3899 3589 3970 μετὰ
3634 3901 3734 3967 τὴν

2152 3995 2211 4047 ἐν
2264 3992 2398 4046 εἴδει
2436 3994 2685 4063 πυρίνων
2739 3992 3006 4061 γλωσσῶν
3046 3992 3397 4061 ὲπιφοίτησιν
3422 3992 3515 4043 τοῦ
3576 3993 3733 4059 ἁγίου

2153 4084 2507 4167 Πνεῦματος·ι
2555 4085 2645 4136 Διὸ
2703 4082 2813 4154 πρὸ
2873 4083 2972 4136 τοῦ
3016 4083 3225 4153 ταύτην
3284 4081 3494 4148 λαϐεῖν,
3554 4083 3733 4150 ὀλιγο-

2151 4179 2376 4233 πιστίαν
2428 4179 2795 4245 ὠνειδίζοντο,
2853 4184 2951 4233 καὶ
2979 4179 3192 4242 ἀτελεῖς
3250 4174 3392 4250 ἦσαν
3450 4179 3585 4248 πρὶς
3630 4180 3731 4249 τὴν

2152 4274 2359 4328 πίστιν.
2407 4274 2567 4327 Ἐστι
2624 4273 2679 4325 δὲ
2733 4275 2765 4340 ἡ
2799 4274 2952 4345 παρὰ
2996 4272 3091 4325 τοῦ
3140 4272 3278 4325 Θεοῦ
3323 4274 3726 4343 προστιθεμένη

2080 4359 2083 4362 ⁴
2151 4368 2359 4431 πίστις,
2412 4368 2698 4430 τελείωσις
2744 4367 2845 4436 τῆς
2916 4367 3434 4438 προεισενεχθεισης
3493 4367 3730 4427 πίστεως

2068 4496 2125 4557 D
2149 4463 2243 4515 καὶ
2270 4460 2586 4530 βεϐαίωσις.

535 4525 685 4585 Vers.
726 4529 779 4586 6.
824 4532 915 4587 Ait
959 4563 1030 4574 -—
1074 4536 1237 4592 vobis.
1274 4537 1331 4594 Si
1385 4541 1669 4599 haberetis
1705 4545 1867 4602 Iidem
1902 4550 2040 4606 adeo

2222 4551 2370 4610 Εἶπε
2400 4583 2469 4594 -
2499 4553 2661 4625 ὑμῖν.
2728 4551 2792 4606 Ei
2853 4551 3001 4622 ἔχετε
3036 4552 3114 4623 (2)
3163 4552 3371 4615 πίστιν,
3426 4552 3570 4605 οὕτω
3613 4554 3728 4622 δρι-

2150 4651 2332 4719 μεῖαν,
2360 4647 2455 4700 καὶ
2508 4647 2775 4719 σφοδρὰν,
2822 4647 2917 4699 καὶ
2962 4646 3196 4718 Θερμὴν,
3229 4647 3305 4708 ὡς
3334 4646 3532 4699 κόκκον
3579 4648 3729 4699 σινά-

2148 4759 2315 4804 πεως
2362 4740 2623 4810 τοιαύτης
2672 4759 2784 4811 γαρ
2814 4743 3105 4809 ποιότητος
3150 4735 3309 4802 οὗτος
3386 4743 3725 4810 μετεκινεῖτε

2143 4839 2211 4892 ἂν
2260 4838 2355 4890 καὶ
2405 4836 2473 4889 τὰ
2508 4835 2725 4907 δένδρα,
2778 4836 2872 4889 καὶ
2901 4838 2967 4906 τῇ
3022 4834 3270 4907 Θαλάσσῃ
3326 4834 3498 4887 ταῦτα
3537 4837 3725 4901 ὲνεφυ-

2141 4929 2355 4984 τεὺετε.
2404 4927 2578 4981 Τοῦτο
2604 4929 2661 4981 δὲ
2705 4924 2881 4985 εἶπεν.
2920 4927 3165 4979 ἐπαινῶν
3197 4926 3299 4997 τὴν
3368 4926 3586 4978 τελείαν
3634 4925 3721 4977 πί-

2146 5042 2262 5077 στιν
2286 5066 2300 5088 ,
2334 5024 2427 5075 καὶ
2461 5021 2638 5092 δηλῶν
2689 5020 2750 5074 τὸ
2784 5020 3229 5091 μεγαλοδύναμον
3275 5019 3472 5088 αὐτῆς.
3517 5018 3719 5089 Εἵρηκε

2144 5117 2201 5170 δὲ
2252 5117 2380 5183 περὶ
2429 5117 2667 5177 πίστεως
2697 5114 2792 5167 καὶ
2833 5113 3033 5167 κόκκου
3086 5112 3359 5175 σινάπεως
3404 5113 3497 5164 καὶ
3552 5114 3609 5164 ὲν
3644 5114 3723 5182 τῷ

2086 5218 2089 5219 ⁷
2142 5206 2453 5278 τριακοστῷ
2500 5206 2735 5275 πέμπτῳ
2779 5205 3059 5278 κεφαλαίῳ
3088 5204 3182 5257 τοῦ
3233 5203 3373 5258 κατὰ
3422 5205 3723 5271 Ματοαῖον,

2145 5299 2285 5369 πλὴν
2313 5298 2435 5351 καθ’
2467 5299 2663 5369 ἑτέραν
2689 5299 2871 5353 ἔννοια

1892 5476 1934 5505 ’³
1974 5477 2141 5533 lCor.
2171 5496 2267 5545 xu,
2300 5481 2332 5534 8

1640 5650 1841 5719 Vat-ite
1872 5651 2177 5720 lectiones
2221 5665 2281 5719 ct
2330 5667 2521 5723 notae.

513 5828 589 5897 (Ξ)
620 5830 828 5902 Eilis-ra.
866 5834 924 5887 Α.
958 5836 1028 5890 lla
1058 5838 1386 5900 dissentiunt
1414 5848 1575 5903 etiam
1620 5867 1671 5905 ιιι
1730 5864 2010 5909 contextu.
