4016 6494
232 422 382 489 10-15

1174 424 1563 485 COMMENT.
1610 423 1690 483 ΙΝ
1735 422 2014 484 LUCAM.
2061 445 2125 454 —
2168 420 2325 479 CAP.
2370 419 2556 480 XVII.

3382 420 3519 485 lli-ili

314 539 406 601 Τίς
452 567 513 577 -
540 537 986 606 πεποιήκαμεν.
1038 536 1137 589 Διά
1170 537 1278 589 τῶν
1320 536 1708 609 προλαϐόντων
1755 535 1831 587 λό-

2011 534 2167 590 Vers.
2230 533 2281 587 7.
2343 532 2471 599 Quis
2498 561 2571 574 --
2604 533 2754 589 Vers.
2804 532 2888 588 10.
2925 531 3191 589 Fecimus.
3231 533 3521 607 Postquam

230 648 351 701 γων
400 632 484 693 είς
512 628 888 699 ἀγαθοεργίαν
912 630 990 701 (ὅ)
1027 616 1355 700 παραθήξας
1384 631 1511 692 τοὺς
1547 628 1822 699 μαθητὰς,

228 722 335 777 νῦν
360 722 450 776 διὰ
481 722 583 775 τοῦ
608 722 1054 792 παραδείγματος
1089 723 1283 775 τούτου
1318 724 1577 793 κατασπᾷ
1598 722 1658 774 τὸ
1688 739 1826 791 παρ-

228 817 506 885 επόμενον
564 814 741 887 ταύτῃ
792 815 967 878 πάθος
1024 816 1125 883 τῆς
1204 816 1460 886 οἰήσεως.
1520 814 1822 876 διδάσκων,

227 909 340 975 ὅτι,
369 907 563 981 ὥσπερ
624 908 803 972 οὐδεὶς
852 908 945 961 τὸν
1000 906 1415 978 ἁροτριῶνταῆ
1468 906 1827 976 ποιμαίνοντα

226 1000 421 1054 δοῦλον
448 1002 637 1068 αὐτοῦ,
673 1002 766 1056 καὶ
796 1000 856 1066 ἐξ
886 999 1060 1071 ἀγροῦ
1093 1000 1428 1062 εἰσελθόντα,
1461 1000 1631 1069 τιμῆς
1658 998 1824 1063 ἀξιοῖ,

224 1092 322 1146 διὰ
351 1093 444 1147 τὸν
484 1092 727 1147 τοιοῦτον
759 1092 949 1156 κόπον,
1002 1091 1138 1145 ἀλλὰ
1172 1092 1334 1145 πάλιν
1383 1090 1691 1153 ἐπιτάττει,
1728 1088 1826 1141 καὶ

224 1187 334 1257 τὴν
390 1186 899 1257 προσεφειλομένην
949 1186 1178 1240 ἁπαιτεί
1234 1184 1508 1250 δουλείαν,
1562 1185 1659 1237 καὶ
1715 1184 1824 1238 οὐδ’

222 1276 408 1341 οὕτως
439 1279 589 1343 αὐτῷ
622 1281 781 1351 χάριν
816 1280 954 1351 ἔχει’
1012 1282 1105 1333 τὸν
1144 1280 1310 1334 αὐτὸν
1340 1280 1450 1351 ἄρα
1497 1279 1701 1349 τρόπον
1732 1279 1825 1332 καὶ

223 1374 255 1424 ό
284 1372 443 1437 Θεός.
482 1374 648 1427 Ὥστε
687 1375 829 1428 κατὰ
852 1378 947 1428 τδν
971 1373 1070 1427 τοῦ
1104 1371 1318 1429 δικαίου
1344 1372 1527 1443 λόγον,
1560 1375 1675 1436 τοῖς
1724 1372 1826 1443 μὶν

230 1466 311 1536 μὴ
343 1465 614 1537 πληροῦσι
638 1467 705 1520 τὰ
738 1468 1193 1538 προστεταγμένα
1220 1467 1472 1529 κίνδυνος
1503 1466 1821 1520 ἀπόκειται·

223 1558 349 1621 τοῖς
382 1558 439 1610 δὲ
495 1559 803 1629 πληροῦσιν
852 1558 1034 1625 αὐτὰ,
1089 1560 1253 1629 χάρις
1286 1559 1542 1629 οὐδεμία.
1602 1559 1712 1611 Καὶ
1763 1558 1825 1611 οὐ

227 1651 340 1719 χρὴ
372 1650 461 1703 διὰ
488 1650 646 1705 τοῦτο
698 1653 842 1721 μέγα
877 1655 1124 1723 φρονεῖν,
1182 1653 1320 1718 ὅπερ
1373 1652 1560 1714 καλῶς
1595 1649 1751 1715 εἰδὼς
1799 1651 1827 1702 ὁ

226 1738 534 1802 ἀπόστολος
559 1741 990 1809 Παῦλοςέλεγεν
1012 1743 1117 1808 ὅτι,
1165 1742 1308 1796 Ἐὰν
1336 1740 1824 1812 εὐαγγελίζωμαι,

224 1832 347 1885 οὐκ
398 1832 535 1887 ἔστι
604 1851 703 1902 μοι
754 1834 1073 1905 καύχημα·
1109 1835 1346 1904 ἀνάγκη
1389 1834 1499 1905 γάρ
1544 1853 1646 1906 μοι
1696 1836 1827 1890 ἐπι-

1936 626 2379 699 praecedentibus
2435 625 2785 681 sermonibus
2831 627 2899 681 ad
2961 626 3089 681 boni
3144 628 3522 698 Operationem

1936 718 2235 789 discipulos
2261 719 2531 773 exacuit:
2564 715 2673 774 hoc
2705 733 2855 774 nunc
2892 718 3167 788 exemplo,
3208 720 3525 789 iactationis

1936 809 2216 875 allectum,
2275 812 2367 883 qui
2410 812 2553 869 hanc
2599 812 2980 883 consequitur,
3030 812 3241 876 avellit,
3294 812 3523 877 docens,

1935 903 2081 973 quod
2126 904 2268 960 sicut
2314 904 2498 960 nullus
2531 918 2752 961 servum
2799 920 2961 960 suum
3004 915 3250 960 arantein
3292 917 3389 960 aut
3431 925 3529 978 pa—

1936 1006 2204 1061 scentem,
2228 1007 2284 1052 et
2302 1014 2365 1053 ex
2390 1013 2521 1069 agro
2544 998 2769 1054 domum
2798 1008 3192 1060 revertentem,
3228 1001 3437 1056 honore
3452 1001 3531 1055 di-

1936 1104 2103 1158 gnum
2145 1089 2297 1143 ducit
2351 1090 2421 1146 ob
2477 1089 2791 1163 huiusmodi
2854 1090 3123 1155 laborem,
3163 1092 3259 1149 sed
3306 1108 3525 1149 rursum

1930 1181 2109 1252 jubet,
2143 1196 2207 1235 ae
2248 1181 2488 1237 debitam
2525 1180 2708 1239 ulline
2746 1182 2917 1253 exigit
2962 1183 3309 1249 servitutem,
3339 1194 3395 1239 et
3424 1200 3529 1239 nec

1938 1273 2016 1327 sie
2061 1273 2135 1326 illi
2170 1274 2402 1343 gratiam
2425 1273 2629 1341 habet;
2662 1272 2732 1327 ad
2792 1273 3052 1329 eumdem
3101 1290 3235 1330 sane
3303 1277 3527 1332 modum

1938 1372 1994 1417 et
2035 1361 2199 1418 Deus.
2267 1363 2455 1435 Itaque
2494 1365 2799 1421 secundum
2826 1365 3061 1437 justitite
3100 1382 3413 1423 sermonem
3447 1370 3529 1424 bis

1936 1456 2027 1527 qui
2061 1465 2337 1528 praecepta
2363 1472 2477 1512 non
2523 1454 2850 1528 adimplent,
2895 1458 3204 1530 perieulum
3238 1460 3526 1516 imminet:

1938 1549 2054 1620 ipsa
2095 1564 2226 1605 vero
2258 1550 2631 1621 implentibus,
2662 1552 2835 1623 gratia
2883 1553 3054 1618 nulla,
3086 1569 3190 1609 nec
3230 1564 3528 1626 propterea

1937 1642 2125 1698 extolli
2172 1650 2413 1714 oportet.
2444 1642 2603 1709 Quod
2632 1643 2775 1700 bene
2804 1644 2989 1699 sciens
3014 1643 3218 1701 Paulus
3250 1646 3532 1715 apostolus

1938 1728 2157 1785 dicebat
2183 1746 2199 1784 :
2231 1729 2291 1785 Si
2318 1730 2675 1803 Evangelium
2709 1734 2960 1801 pradico,
2989 1751 3090 1788 non
3120 1745 3219 1800 est,
3247 1738 3385 1813 quod
3412 1738 3532 1790 inde

1936 1822 2174 1893 glorier;
2252 1825 2535 1880 necessitas
2587 1826 2853 1893 siquidem
2908 1828 3039 1881 milii
3101 1828 3403 1882 incumbit!
3454 1845 3534 1885 me

229 1938 423 1976 κειται
449 1938 463 1952 ·
495 1923 633 1977 οὐαί
669 1923 784 1993 γάρ
832 1942 933 1995 μοι
984 1925 1181 1991 ἐστιν,
1213 1926 1324 1980 ἐὰν
1369 1926 1457 1995 μὴ
1518 1928 1831 2005 εὐαγγελί-

1952 1918 2076 1968 mim
2116 1914 2246 1969 mihi
2278 1923 2375 1982 est,
2413 1917 2462 1971 si
2512 1914 2867 1989 Evangelium
2919 1935 3022 1983 non
3056 1921 3418 1989 predicavcro
3446 1922 3530 1972 ’δε

226 2013 430 2083 Caput.
491 2015 643 2085 Πλὴν
677 2017 883 2087 ἀγαθὸς
919 2017 995 2072 ὢν
1047 2020 1077 2071 ὁ
1111 2019 1267 2084 Θεὸς,
1316 2020 1411 2072 καὶ
1450 2022 1562 2082 τοῖς
1596 2019 1830 2087 δούλοις,

228 2107 309 2169 ὡς
338 2107 597 2176 μισθίοις,
627 2110 1026 2181 προσφέρεται,
1053 2111 1149 2164 καὶ
1187 2112 1289 2182 τὴν
1338 2111 1590 2165 δουλείαν
1642 2112 1827 2166 αὐτῶν

234 2197 417 2269 μισθῷ
448 2199 765 2269 ἀμείϐεται,
795 2201 893 2255 καὶ
929 2200 1030 2273 τὴν
1060 2202 1424 2275 ὀφειλομένην
1449 2204 1736 2275 λατρείαν,
1755 2203 1831 2269 ὡς

234 2290 574 2362 κατόρθωμα
598 2292 839 2364 δέχεται,
875 2294 973 2349 καὶ
1000 2298 1141 2367 γέρα
1177 2296 1395 2350 δίδωσιν
1425 2297 1832 2368 ὑπερϐαίνοντα

226 2382 362 2446 τοὺς
416 2384 723 2456 καμάτους.
790 2385 941 2459 Νικᾷ
995 2385 1105 2458 γὰρ
1146 2389 1181 2460 ἡ
1230 2388 1508 2460 άγαθότης
1543 2388 1711 2443 αὐτοῦ
1770 2389 1833 2443 τὸ

227 2473 465 2536 δίκαιον.

485 2591 646 2647 ΚΕΦ.
681 2591 739 2647 ε’
764 2632 778 2649 .
806 2592 950 2663 Περι
982 2593 1103 2650 τῶν
1134 2594 1282 2650 δέκα
1319 2596 1580 2667 λεπρῶν.

309 2682 422 2736 Kal
450 2682 692 2752 ἐγένετο
720 2714 794 2727 -
837 2686 1055 2753 λεπροὶ
1095 2686 1333 2756 ἄνδρες.
1382 2689 1447 2741 0t
1492 2688 1651 2742 ἐννέα
1704 2689 1829 2761 μιν,

246 2774 498 2829 ’Σουδαῖοι
521 2772 685 2848 ἦσαν·
718 2778 748 2831 ὁ
772 2778 829 2833 δὲ
852 2774 933 2843 εἷς
958 2780 1336 2853 Σαμαρείτης.
1379 2780 1445 2835 Ἠ
1481 2783 1741 2836 κοινωνία
1771 2782 1832 2837 δὲ

233 2856 333 2937 τῆς
365 2869 522 2923 νόσου
557 2871 679 2925 τότε
711 2872 1071 2944 συνήθροισεν
1103 2874 1327 2939 αὐτοὺς,
1359 2874 1727 2941 ἀκούσαντας,
1746 2876 1830 2930 ὅτι

231 2957 510 3029 διέρχεται
535 2962 563 3014 ό
592 2961 852 3032 Χριστός.

308 3047 379 3102 Oi
410 3049 692 3119 ἔστησαν
717 3054 1046 3123 πόρῤωθεν.
1088 3054 1177 3119 Ὧς
1212 3056 1539 3127 ἀκάθαρτοι.

306 3140 417 3197 Kal
448 3174 519 3185 —
556 3143 738 3215 ἡμᾶς.
804 3145 1124 3214 Ἐπιστάτα,
1162 3148 1308 3222 ἦτοι,
1364 3149 1544 3223 Κύριε
1592 3152 1628 3227 ἢ
1685 3153 1831 3210 διδάο

236 3234 428 3291 σκαλε.

308 3327 419 3383 Kal
452 3327 597 3383 ἰδὼν
634 3359 706 3372 -
753 3329 1005 3402 ἱερεῦσι.
1062 3331 1242 3405 Μήπω
1285 3334 1593 3409 καθαρίσας
1632 3339 1835 3404 αὐτοὺς

238 3420 448 3491 πέμπει
482 3423 1075 3497 ἐμφανισθησομένους
1104 3431 1219 3491 τοῖς
1264 3428 1529 3499 ἱερεῦσιν,
1564 3432 1641 3494 ὡς
1674 3432 1733 3485 ἐν
1754 3433 1834 3505 τῷ

237 3508 569 3577 πορεύεσθαι
599 3512 899 3583 μέλλοντας
951 3516 1377 3593 καθᾳρισθῆναι.
1427 3520 1599 3576 Τοῦτο
1629 3522 1688 3576 δὲ
1737 3540 1834 3577 πε-

237 3602 461 3673 ποίηκε,
492 3606 809 3677 δοκιμάζων
834 3609 935 3680 τὴν
966 3609 1155 3665 πίστιν
1177 3612 1382 3669 αὐτῶν.
1408 3614 1471 3667 Ol
1515 3614 1574 3674 δὲ
1608 3617 1839 3670 πιστεύ-

240 3712 456 3760 σαντες,
482 3696 566 3751 ὃτι
593 3697 818 3753 δύναται
848 3703 1260 3773 πορευομένους
1281 3704 1481 3767 αὐτοὺς
1503 3706 1834 3780 καθαρίσαι,

238 3790 585 3855 αδιστάκτως
629 3792 901 3860 ἐϐάδιζον.
966 3796 1385 3865 Ἐνεφανίζοντο
1413 3799 1471 3853 δὲ
1502 3803 1617 3864 τοῖς
1652 3801 1836 3871 ἱερεῦ-

243 3899 327 3932 σιν
356 3883 406 3935 οί
436 3883 889 3955 καθαρισθέντες,
923 3886 1033 3940 ῐναο
1057 3890 1192 3958 παρ’
1243 3890 1426 3943 αὐτῶν
1477 3891 1831 3960 ὀωμασθῶσι

242 3972 494 4043 καθαροὶ,
528 3977 622 4028 καὶ
652 3975 848 4030 λοιπὸν
877 3979 1298 4049 προσενέγκωσι
1326 3982 1545 4047 θυσίαν,
1577 3986 1723 4037 κατὰ
1744 3984 1836 4037 τὸν

239 4066 428 4135 νόμον.

317 4156 423 4213 Kal
451 4157 696 4228 ἐγένετο
718 4159 922 4215 -τόν
957 4162 1129 4217 Θεόν.
1174 4164 1369 4234 Μέγαν
1400 4168 1503 4235 μὲν
1546 4170 1653 4241 γάρ
1690 4188 1839 4236 τινα,

242 4252 337 4305 καὶ
400 4252 883 4325 μεγαλοδύναμον,
914 4254 1006 4310 τὸν
1054 4256 1297 4328 Χριστὸν
1342 4263 1634 4316 ἐπίστευον
1669 4261 1836 4328 εἶναι,

242 4345 396 4399 οὖπω
420 4347 478 4400 δὲ
504 4348 600 4401 καὶ
630 4348 794 4415 φύσει
818 4349 973 4410 Θεόν.

314 4438 422 4493 Kal
456 4437 685 4497 ἔπεσεν
730 4472 802 4483 --
842 4448 1027 4513 αὐτῷ.
1063 4449 1445 4521 Καθαρισθεὶς
1498 4451 1630 4524 γὰρ,
1667 4454 1841 4525 ἐπλη·

246 4533 420 4587 σεασε.

1935 2005 2194 2062 Attamen
2255 2022 2383 2063 cum
2430 2006 2612 2065 bonus
2658 2013 2731 2065 sit
2781 2008 2953 2074 Deus,
3010 2012 3210 2077 servis,
3270 2022 3530 2084 tanquam

1936 2099 2318 2167 mercenariis,
2350 2101 2543 2168 utitur,
2574 2110 2634 2158 et
2661 2104 2990 2160 servitutem
3032 2104 3253 2160 illorum
3278 2107 3534 2162 mercede

1934 2191 2189 2261 rependit
2215 2209 2229 2247 :
2265 2208 2330 2249 ac
2359 2193 2608 2250 debitum
2632 2195 2984 2266 obsequium,
3011 2206 3275 2268 tanquam
3315 2199 3535 2255 facinus

1934 2284 2236 2356 egregium,
2267 2286 2522 2358 suscipit,
2557 2295 2612 2342 et
2646 2289 2932 2358 praemium
2973 2289 3186 2357 tribuit,
3213 2291 3360 2361 quod
3388 2292 3537 2347 labo-

1936 2390 2027 2431 res
2049 2376 2215 2432 etiam
2248 2378 2501 2436 excedat.
2536 2377 2723 2436 Vincit
2761 2395 3002 2452 namque
3054 2384 3274 2439 bonitas
3313 2382 3434 2455 ejus
3457 2385 3534 2452 id,

1934 2468 2080 2538 quod
2116 2469 2327 2540 justum
2350 2480 2437 2527 est
2459 2478 2514 2528 et
2548 2488 2785 2552 aequum.

2295 2586 2450 2645 CAP.
2484 2589 2598 2645 LX.
2623 2589 2700 2645 De
2727 2592 2904 2651 decem
2937 2591 3177 2669 leprosis.

2006 2678 2164 2735 Vers.
2192 2680 2279 2735 11.
2310 2681 2378 2736 Ει
2434 2684 2639 2756 factum
2657 2683 3005 2744 est—Vers.
3045 2685 3129 2742 l2.
3158 2686 3396 2759 Leprosi.
3424 2688 3536 2745 No-

1935 2784 2057 2826 vem
2081 2772 2305 2843 quidem
2334 2784 2496 2830 erant
2520 2773 2722 2844 Judaei,
2745 2793 2890 2833 unus
2911 2787 3095 2835 autem
3110 2778 3536 2848 Samaritanus;

1934 2864 2113 2919 morbi
2156 2880 2289 2922 vero
2340 2871 2771 2925 communicatio
2817 2879 2949 2929 tunc
2990 2886 3087 2927 eos
3166 2870 3534 2940 adunaverat,

1934 2957 2127 3013 audito
2170 2959 2318 3029 quod
2351 2962 2734 3030 pertransireL
2752 2961 3038 3019 Christus.

2005 3047 2161 3108 Vers.
2192 3051 2277 3107 12.
2310 3050 2413 3117 Qui
2433 3062 2689 3109 steterunt
2707 3054 2910 3124 procul.
2934 3052 3218 3127 Tanquam
3242 3056 3536 3115 immundi.

2007 3139 2168 3198 Vers.
2216 3143 2305 3199 i3.
2349 3143 2418 3199 Et
2461 3174 2534 3186 -—
2572 3148 2761 3203 nostri.
2789 3145 3113 3215 Ἐπιστάτα,
3152 3148 3265 3206 hoc
3296 3161 3403 3219 est,
3436 3153 3539 3208 do-

1859 3265 1902 3323 c
1936 3235 2107 3304 mine,
2138 3247 2441 3309 praeceptor
2467 3247 2567 3294 aut
2596 3240 2877 3310 magister.

2015 3324 2171 3383 Vers.
2206 3326 2294 3382 H.
2332 3326 2473 3393 Quos
2504 3337 2565 3384 ut
2596 3329 2729 3385 vidit
2759 3359 2836 3371 —
2862 3332 3248 3390 sacerdotibus.
3282 3334 3537 3390 Nondum

1939 3418 2227 3473 mundavit
2271 3434 2389 3483 eos,
2422 3420 2519 3475 sed
2557 3421 2725 3475 mittit
2767 3422 3148 3477 sacerdotibus
3178 3424 3539 3481 manifestan-

1940 3510 2062 3576 dos,
2118 3521 2179 3566 ut
2229 3512 2372 3566 inter
2425 3512 2669 3569 eundum
2720 3514 3140 3573 mundarentur.
3189 3516 3302 3574 Hoc
3352 3529 3539 3576 autem

1940 3604 2072 3660 fecit
2129 3605 2375 3675 probans
2427 3605 2590 3662 fidem
2642 3607 2884 3667 illorum.
2934 3606 3013 3663 illi
3064 3625 3196 3667 vero
3238 3612 3539 3679 credendo,

1940 3698 2087 3769 quod
2118 3697 2302 3753 eundo
2330 3706 2522 3769 posset
2570 3699 2693 3755 illos
2723 3701 3015 3768 mundare,
3057 3702 3214 3760 ibant
3260 3721 3373 3761 non
3398 3707 3545 3778 diju-

1942 3791 2191 3847 dicantes
2217 3792 2285 3848 de
2315 3792 2439 3862 ejus
2473 3799 2768 3863 praecepto.
2809 3792 3310 3853 Manifestabantur
3352 3808 3543 3856 autem

1941 3884 2342 3949 sacerdotibus,
2377 3886 2472 3957 qui
2517 3885 2765 3941 mundati
2821 3895 3001 3953 erant,
3034 3897 3092 3943 ut
3124 3890 3191 3943 ab
3223 3889 3329 3945 illis
3351 3894 3542 3949 mundi

1941 3977 2303 4046 dicerentur;
2344 3988 2399 4035 et
2454 3988 2586 4034 tunc
2621 3976 2777 4049 juxta
2828 3980 3004 4052 legem
3047 3981 3285 4043 hostiam
3338 3984 3542 4041 odere-

1944 4072 2096 4128 baut.

2016 4165 2171 4220 Vers.
2211 4165 2299 4221 14.
2334 4165 2401 4220 Et
2423 4168 2619 4221 accidit
2669 4195 2739 4209 —
2778 4165 2913 4223 Vers
2949 4168 3036 4223 15.
3074 4168 3263 4225 Deum.
3290 4169 3546 4244 Magnum

1942 4260 2237 4328 quemdam
2270 4274 2335 4313 ae
2386 4275 2596 4328 magna:
2644 4260 2906 4332 potentia:
2939 4262 3175 4319 credens
3222 4279 3346 4320 esse
3378 4265 3542 4322 Chri-

1945 4360 2113 4417 stum,
2148 4352 2395 4406 nondum
2440 4362 2623 4409 tamen
2665 4363 2861 4409 natura
2895 4354 3089 4411 Deum.

2019 4445 2177 4502 Vers.
2212 4446 2302 4502 16.
2330 4448 2397 4500 Ει
2429 4448 2656 4518 procidit
2685 4479 2753 4489 —
2782 4448 2885 4507 illi.
2908 4447 3047 4508 Cum
3071 4452 3217 4507 enim
3245 4452 3545 4511 mundatus

1948 4551 2117 4602 esset,
2144 4540 2256 4609 jam
2290 4540 2790 4611 apprOpinquabat.

314 4624 424 4679 Kal
476 4628 817 4695 αὐτὸς-ό
874 4630 1223 4701 ἀλλογενὴς
1278 4629 1481 4702 οὗτος.
1551 4637 1831 4693 Ἐντεῦθεν

2020 4630 2172 4684 Vt-rs.
2208 4631 2293 4686 16.
2332 4630 2396 4684 Et
2424 4632 2508 4685 hic
2536 4660 2606 4671 -—
2637 4631 2768 4685 Vers
2803 4632 2887 4687 18.
2919 4631 3021 4687 llic
3049 4633 3372 4704 alienigena.
3407 4632 3548 4691 Hine

248 4719 469 4786 ἔδειξεν,
525 4722 610 4775 ὅτι
654 4722 1160 4796 εὐγνωμονέστεροι
1202 4727 1317 4780 τῶν
1381 4728 1655 4785 Ἰουδαίων
1702 4734 1831 4789 είσὶκ

1952 4723 2209 4785 ostendit.
2264 4724 2411 4795 quod
2474 4725 2648 4797 magis
2694 4725 2834 4797 grati
2896 4734 3029 4781 sunt
3080 4726 3337 4798 gentiles,
3380 4744 3544 4783 (tuam

248 4814 297 4865 οἱ
326 4811 385 4877 ἐξ
419 4812 613 4868 ἐθνῶν.
661 4815 896 4870 Ἐκεῖνοι
944 4819 1050 4888 γὰρ
1096 4820 1302 4875 αὐτίκα
1354 4822 1455 4893 τῆς
1517 4825 1831 4901 εὐεργεσίας

1952 4815 2115 4873 Ιιιάιρὶ
2143 4835 2155 4870 :
2204 4817 2258 4872 hi
2292 4820 2438 4870 enim
2472 4818 2801 4874 beneﬁcium
2829 4819 3097 4874 continuo
3128 4820 3393 4875 oblivioni
3430 4832 3544 4876 tra-

247 4903 415 4975 λήθην
464 4906 746 4973 λαϐόντες,
794 4910 1083 4981 ἀχάριστοι
1128 4914 1225 4967 καὶ
1286 4918 1418 4985 περὶ
1463 4916 1558 4969 {iw
1610 4919 1838 4993 Πατέρα

250 5003 341 5051 καί
372 5000 503 5068 περὶ
526 5001 622 5053 τὸν
654 5001 787 5056 Υἱδν
818 5005 1121 5075 ἐφάνησαν.

315 5089 423 5142 Kal
449 5084 623 5145 εἶπεν
648 5122 720 5135 -—
743 5092 983 5149 σέσωκέ
1026 5112 1125 5150 σε.
1188 5098 1301 5151 Καὶ
1342 5084 1783 5171 μὴν-κάκείνους
1810 5104 1844 5175 ἡ

249 5180 431 5245 πίστις
466 5183 653 5237 αὐτῶν
710 5185 980 5240 σέσωκεν.
1036 5188 1204 5243 Ἀλλά
1244 5194 1431 5245 πιστοὶ
1461 5193 1562 5265 μὲν
1605 5195 1655 5247 ol
1680 5195 1838 5262 δέκα,

251 5272 407 5341 μόνος
426 5273 483 5327 δὲ
518 5270 676 5340 οὗτος
704 5277 1033 5350 εὐγνώμων.

328 5365 760 5439 Ἐπερωτηθεις
788 5401 859 5411 -
897 5373 1005 5429 τοῦ
1041 5375 1217 5433 Θεοῦ.
1286 5378 1509 5451 Ἐπειδὴ
1570 5380 1841 5446 πολλάκις

250 5457 619 5528 ἑδίδαξεν,ὂτι
650 5462 891 5533 ἦγγικεν
944 5468 979 5538 ἡ
1025 5466 1278 5539 βασιλεία
1330 5470 1425 5525 τοῦ
1483 5470 1644 5536 Θεοῦ,
1709 5474 1839 5545 περὶ

350 5643 395 5677 ’⁸
424 5642 443 5697 1
475 5642 602 5700 Cor.
639 5661 717 5711 Ix,
747 5646 835 5701 16.

1942 4909 2157 4973 dentes,
2194 4910 2387 4981 ingrati
2417 4918 2472 4963 et
2510 4925 2638 4981 erga
2674 4908 2888 4964 Patrem
2908 4922 2963 4964 et
2987 4924 3115 4981 erga
3154 4910 3352 4966 Filium
3376 4930 3547 4985 appa-

1947 5004 2166 5058 rebant.

2016 5095 2173 5171 Vers.
2212 5096 2298 5152 19.
2326 5099 2395 5151 Et
2423 5098 2503 5153 ait
2545 5128 2614 5140 -—
2653 5107 2703 5152 te
2747 5098 2956 5155 salvum
2985 5100 3132 5171 fecit.
3167 5098 3333 5171 Atqui
3371 5102 3543 5158 etiam

1940 5190 2067 5247 illos
2108 5190 2245 5247 fides
2267 5206 2459 5247 eorum
2494 5190 2677 5247 salvos
2709 5190 2967 5247 ell'ecerat
2996 5193 3013 5248 ξ
3058 5192 3156 5248 sed
3198 5191 3387 5249 ﬁdeles
3419 5196 3548 5264 qui-

1950 5284 2074 5340 dem
2111 5284 2303 5340 decem
2361 5284 2605 5351 fuerunt,
2651 5284 2802 5340 solus
2835 5294 3020 5341 autem
3072 5285 3163 5341 hic
3190 5296 3379 5357 gratus
3414 5287 3541 5343 fuit.

2025 5375 2175 5432 Vers.
2206 5375 2296 5432 30.
2330 5376 2893 5448 Interrogatus—Dei.
2918 5376 3059 5445 Quia
3090 5377 3413 5450 frequenter
3442 5381 3534 5435 do-

1950 5480 2162 5537 cuerat,
2190 5470 2397 5527 instare
2416 5486 2643 5545 regnum
2676 5470 2771 5528 Dei
2791 5470 2997 5544 deipso
3014 5471 3123 5529 hoc
3147 5472 3370 5540 dicens;
3396 5489 3546 5529 nunc

1412 5738 1614 5804 Varias
1658 5739 1962 5807 lectiones
2007 5750 2066 5805 et
2108 5751 2298 5806 notae.

318 5920 395 5991 (5)
460 5919 856 5993 ’Δγαθοεργίας
885 5922 951 5975 Α.

2030 5920 2109 5986 (Al)
2140 5916 2660 5987 Φωνηοησομινους.
2706 5916 2767 5972 Β.
2801 5917 2911 5975 Sic.
