4016 6498
185 414 344 480 1057

1209 419 1603 481 COMMENT.
1649 420 1731 480 IN
1770 419 2052 480 LUCAM.
2089 443 2155 455 --
2196 419 2356 478 CAP.
2399 419 2564 479 XIX.

3357 425 3502 490 1058

181 531 405 592 κακίας
453 530 533 592 si;
586 529 812 600 ἀρετήν.
864 530 957 584 Διὸ
989 530 1084 584 καὶ
1115 533 1273 585 καλεῖ
1305 533 1491 596 αὑτὸν,
1523 533 1639 606 (29.)
1705 534 1798 586 καὶ

1929 530 2176 600 acileque
2202 546 2230 584 a
2262 531 2398 585 vitio
2430 531 2750 586 mutabilem
2782 547 2906 588 esse
2938 532 3006 588 ad
3050 533 3308 590 virtutem
3344 553 3356 588 :
3386 538 3506 592 ἕλει.

183 626 398 675 ἄπεισι
431 621 719 693 κερδήσων
753 622 940 678 αὐτόν.

268 710 384 764 Kal
405 740 478 751 —-
501 713 749 782 χαίρων.
773 714 1021 786 Χαίρων,
1046 716 1108 769 οὐ
1137 716 1319 786 μόνον,
1346 716 1428 769 ὅτι
1448 713 1590 770 εἶδεν
1615 717 1802 780 αὐτὸν,

181 802 272 866 ὡς
336 805 563 874 ἐξῄτει·
625 805 744 859 ἀλλ’
805 807 887 860 ὅτι
956 808 1053 861 καὶ
1127 809 1334 880 ἐκλήθη
1397 810 1531 874 παρ’
1594 807 1802 872 αὑτοῦ.

183 896 295 949 καὶ¹
346 897 429 948 ὃτι
484 897 782 964 ὑπεδέξατο
832 900 1017 964 αὐτὸν,
1064 902 1140 965 ὥς
1192 902 1293 956 οὐκ
1327 903 1394 956 ἄν
1437 917 1568 955 ποτε
1623 917 1803 972 προσ-

180 988 428 1057 εδόκησε
461 989 603 1059 (23).

1905 627 2069 679 etiam
2100 633 2261 680 vocat
2296 637 2352 680 et
2375 627 2614 687 accedit,
2651 636 2702 678 ut
2745 626 2894 681 illum
2950 627 3283 684 lucrifaciat.

1983 717 2142 770 Vers.
2193 717 2247 771 6.
2309 715 2767 789 Et—gaudens.
2837 719 3099 774 Gaudens
3153 738 3265 777 non
3325 725 3505 780 solum

1905 809 2053 878 quod
2077 825 2203 862 eum
2233 809 2465 865 vidisset
2498 853 2511 875 ,
2543 819 2603 865 nt
2644 821 2954 882 aptaverat,
3013 814 3109 868 sed
3176 817 3318 885 quod
3343 819 3507 872 etiam

1907 904 1976 956 ab
2016 902 2110 956 illo
2144 913 2373 957 vocatus
2395 913 2574 966 esset,
2609 904 2793 975 quodq
2817 921 2869 960 te
2904 907 3083 976 ipsum
3140 909 3504 980 suscepisset,

1906 995 2053 1066 quod
2086 1012 2369 1067 nunquam
2400 997 2516 1052 fore
2550 1010 2891 1069 speraverat.

263 1078 309 1150 -ι-
345 1079 501 1138 Unde
534 1094 591 1140 et
622 1087 805 1142 statim
837 1088 1159 1144 misericors
1205 1087 1385 1143 iactus
1447 1095 1533 1142 est
1585 1100 1889 1157 pauperum
1922 1101 1985 1141 ac
2018 1087 2236 1155 pietatis
2269 1096 2504 1142 amator.

265 1175 387 1230 Kal
436 1208 509 1218 —
555 1180 926 1238 καταλῦσαι.
990 1183 1369 1256 Καταχθῆναι,
1433 1183 1548 1256 (εδ)
1596 1185 1799 1252 μεῖναι.

1972 1184 2134 1238 Veis.
2167 1185 2220 1238 7.
2255 1182 2326 1236 Et
2361 1215 2429 1225 —
2451 1185 2840 1242 diversaturus.
2880 1185 3172 1244 Mansurus
3192 1202 3258 1242 ac
3291 1187 3514 1242 recitbi-

196 1270 562 1340 Ἀμαρτωλοὶ
625 1273 683 1326 δὲ
723 1275 772 1327 οῖ
808 1274 1041 1330 τελῶναι
1079 1279 1248 1331 πᾶσιν
1283 1278 1529 1343 ἐδόκουν,
1584 1278 1673 1332 διὰ
1705 1278 1800 1340 τὰς

1929 1291 2080 1330 urus.
2140 1273 2426 1331 Publicani
2476 1277 2624 1331 enim
2695 1279 2838 1348 apud
2901 1293 3095 1334 omnes
3159 1279 3517 1336 habebantur

189 1362 526 1428 πλεονεξίας
564 1366 659 1419 καὶ
695 1368 913 1432 ἀδικίας
966 1371 1173 1424 αὐτῶν.
1224 1371 1576 1442 Ἐμέμφοντο
1618 1373 1800 1427 τοίνυν

1929 1381 2222 1426 »οεροιοτοε
2259 1380 2483 1441 propter
2513 1386 2668 1425 suam
2697 1371 2983 1425 avaritiam
3043 1387 3105 1427 ac
3159 1372 3508 1442 iniustitiam.

182 1455 272 1524 τῷ
318 1457 559 1527 Χριστῷ,
589 1459 847 1532 καθάπερ
880 1461 976 1516 καὶ
1012 1464 1106 1515 ἐπὶ
1137 1463 1408 1534 Ματθαῖῳ
1444 1463 1523 1534 τῷ
1560 1463 1763 1536 τελώνῃ
1784 1499 1799 1525 ,

1933 1463 2341 1535 indignabantur
2374 1479 2506 1534 ergo
2543 1463 2788 1528 Christo,
2851 1464 3322 1533 quemadmodum
3345 1467 3518 1520 etiam

185 1552 294 1599 καὶ
353 1549 445 1601 ἐπὶ
514 1551 781 1616 τοιούτοις
842 1553 1024 1618 ἀλλοις
1088 1555 1402 1626 διαφόρως·
1441 1557 1671 1626 ἠγνόουν
1742 1556 1800 1608 δὲ

1929 1562 2136 1622 ποριοι·
2177 1552 2495 1608 Matthmum
2525 1553 2899 1622 publicanum,
2936 1570 3000 1608 ac
3019 1555 3159 1609 alios
3193 1556 3508 1626 hujuswodi

184 1640 290 1694 τὸν
329 1643 550 1711 τρόπον,
586 1645 709 1699 καθ’
738 1646 797 1699 ὃν
823 1647 1037 1712 τούτοις
1064 1650 1562 1720 συνανεστρὲφετο.
1589 1647 1681 1702 Διὸ
1707 1650 1796 1701 καὶ

1929 1647 2083 1702 tariis
2109 1646 2164 1699 in
2196 1646 2359 1701 locis.
2392 1645 2727 1717 lgnorabant
2763 1656 2948 1700 autem
3009 1647 3236 1700 modum
3290 1658 3345 1715 et
3379 1662 3512 1700 cau—

186 1734 469 1805 παρεώρα
529 1737 755 1802 τούτους
808 1739 974 1801 αὐτὸς
1032 1740 1126 1794 ἐπὶ
1179 1741 1446 1805 τοιούτοις
1503 1742 1800 1812 πράγμασι

1929 1756 2052 1806 tam,
2093 1739 2165 1793 ob
2190 1750 2354 1809 quam
2389 1738 2646 1793 Christus
2704 1755 2829 1792 cum
2878 1739 2987 1793 illis
3047 1748 3508 1795 convcrsaretur:

191 1828 752 1900 σκανδαλιζομένους.
801 1831 924 1904 Χρὴ
964 1833 1074 1905 γὰρ
1117 1832 1211 1888 τοῦ
1251 1834 1454 1906 μικροῦ
1493 1836 1798 1889 σκανδάλου

1933 1833 2041 1886 deo
2069 1832 2237 1886 etiam
2271 1830 2375 1885 hos
2417 1833 2534 1902 ipse
2560 1830 2926 1899 despiciebat,
2960 1846 3087 1884 cum
3149 1841 3373 1900 propter
3409 1830 3513 1882 hu-

189 1897 593 1994 καταφρονεῖν,
636 1925 768 1979 ἔνθα
804 1897 1308 2000 ’σωτηρῖα
1355 1897 1465 1984 τινὶ
1513 1929 1800 2001 προσγίνε-

1933 1924 2146 1978 usmodi
2173 1937 2260 1978 res
2285 1923 2728 1978 oﬂ‘entlerentur.
2773 1922 3009 1993 Oportet
3046 1927 3193 1976 enim
3230 1922 3510 1976 modicum

191 2033 315 2081 ται,
347 2017 443 2070 καὶ
470 2017 548 2088 μὴ
575 2018 664 2073 διὰ
688 2019 750 2072 τὸ
785 2020 983 2092 μικρὸν
1009 2022 1267 2077 ἀπόλλειν
1291 2023 1405 2095 (25)
1437 2022 1497 2078 τὸ
1529 2024 1694 2095 μέγα.

272 2299 521 2362 Σταθεὶς
557 2328 626 2339 —
662 2299 1065 2368 τετραπλοῦν.
1103 2301 1168 2354 ’Ὠ
1200 2303 1424 2372 ταχείας
1463 2303 1800 2376 μεταϐολῆςι

193 2396 224 2445 ὁ
254 2393 620 2463 φιλάργυρος,
648 2393 1012 2463 εύμετάδοτος
1039 2407 1053 2423 ⁸
1076 2397 1105 2448 ό
1134 2393 1494 2462 ἀδικώτατος,
1526 2397 1802 2453 δικαιότα-

2867 2015 2963 2070 ubi
3019 2016 3261 2085 cuipiam
3315 2028 3520 2085 magna

1907 2109 2057 2165 salus
2091 2109 2325 2174 accedit,
2381 2124 2486 2165 nec
2545 2118 2774 2179 propter
2803 2123 2919 2163 rem
2951 2107 3227 2162 modicam
3254 2121 3513 2178 magnum

1906 2204 2139 2274 perdere
2163 2204 2622 2258 emolumentum.

1981 2298 2139 2351 Vers.
2172 2297 2225 2350 8.
2263 2294 2430 2350 Stans
2454 2325 2523 2333 -——
2553 2294 2942 2365 quadruplum.
2978 2291 3024 2348 Ο
3061 2293 3307 2348 velocem
3334 2299 3514 2345 muta-

1909 2390 2116 2444 tionem
2146 2390 2161 2444 ι
2199 2403 2399 2443 avarus
2423 2387 2602 2442 factus
2633 2395 2718 2441 est
2746 2385 2992 2440 liberalis
3021 2405 3036 2451 ,
3088 2383 3514 2453 injustissimus,

1907 2016 2306 2072 oﬂ'endiculum
2379 2017 2769 2084 parviducere,

196 2501 314 2547 τος.
357 2485 420 2538 Ὢ
475 2484 869 2538 αὐτοδιδάκτου
914 2486 1238 2557 σωτηρίαςῐ
1288 2486 1445 2541 οὔπω
1489 2489 1597 2559 γὰρ
1629 2489 1800 2560 ἔμαθέ

1931 2481 2268 2536 ustissimus.
2299 2479 2343 2533 Ο
2373 2478 2635 2541 salutem,
2658 2494 2822 2546 quam
2864 2492 2986 2532 sese
3017 2477 3136 2546 ipse
3199 2476 3464 2530 docuerat
3499 2477 3511 2527 ι

196 2592 253 2627 τι
292 2573 449 2645 παρά
481 2573 751 2644 Χριστοῦ.
788 2575 871 2628 Τὰ
904 2575 1004 2645 μὲν
1037 2572 1133 2630 οὖν
1171 2577 1344 2648 ἡμίση
1377 2579 1488 2630 τῶν
1523 2579 1805 2651 ὑπαρχόν-

194 2687 310 2721 των
357 2669 560 2722 δέδωκε
602 2671 714 2732 τοῖς
765 2673 1005 2740 πτωχοῖς
1036 2671 1120 2734 εἰς
1164 2670 1453 2726 εὐποιΐαν·
1509 2673 1578 2726 τὰ
1626 2673 1801 2746 ἡμίση

207 2763 268 2812 δὲ
303 2763 752 2832 παρακατέσχεν,
780 2763 882 2831 οὐχ
913 2761 1056 2815 ὥστε
1079 2763 1248 2834 ἔχειν,
1280 2764 1396 2818 ἀλλ’
1427 2762 1572 2819 ὥστε
1605 2767 1676 2818 δι’
1704 2767 1803 2820 αὺ-

198 2853 316 2906 τῶν
358 2853 706 2907 ἀποτιννύειν
749 2854 1131 2925 τετραπλάσια
1168 2855 1276 2908 τῶν
1317 2857 1383 2909 ἐκ
1432 2857 1802 2926 συκοφαντίας

201 2947 602 3018 πορισθέντων.
646 2945 916 3000 Ἐνταῦθα
941 2948 1052 3018 γὰρ
1073 2948 1135 3001 τὸ
1176 2948 1707 3020 Ἐσυκοςράντησα,
1740 2951 1802 3004 οὐ

199 3043 264 3094 τὸ
297 3042 570 3112 ματαίως,
601 3041 983 3112 Κατηγόρησα
1013 3043 1294 3112 σημαίνει,
1327 3042 1468 3097 ἀλλά
1498 3043 1676 3096 τὸἘκ
1703 3060 1802 3096 συ-

201 3135 504 3202 κοφαντίας
539 3135 637 3186 καὶ
680 3133 898 3196 ἀδικίας
941 3134 1289 3204 ἐκτησάμην.
1323 3134 1718 3206 Τετραπλάσια
1747 3136 1803 3188 δὲ

1907 2592 2090 2646 neque
2124 2575 2273 2630 enim
2339 2574 2525 2628 adhuc
2553 2589 2583 2626 a
2611 2571 2835 2626 Christo
2866 2570 3176 2625 didicerat:
3225 2567 3523 2622 dimidium

1906 2666 2180 2722 bonorum
2213 2665 2364 2720 dedit
2407 2664 2749 2734 pauperibus
2809 2663 2863 2716 in
2923 2659 3296 2724 beneficium;
3351 2657 3518 2712 diuti-

1907 2762 2060 2816 dium
2091 2774 2222 2813 vero
2252 2758 2503 2821 retinuit,
2526 2773 2639 2811 non
2671 2767 2732 2810 ut
2781 2753 3116 2824 possideret,
3157 2751 3258 2806 sed
3283 2765 3394 2819 quo
3417 2765 3517 2819 per

1907 2851 1959 2905 id
1986 2849 2300 2904 exsolveret
2323 2848 2378 2900 in
2411 2847 2806 2917 quadruplum,
2838 2846 2989 2898 lucra
3025 2841 3220 2897 fraude
3255 2840 3514 2912 quaesita.

1905 2942 2060 3011 Quod
2086 2942 2232 2995 enim
2259 2940 2364 2993 hoc
2393 2939 2447 2992 in
2475 2939 2596 2993 loco
2624 2938 2864 2993 habetur
2898 2935 3349 3004 ἐσυκοφάντησα,
3400 2947 3510 2985 non

1908 3034 2184 3108 significat
2223 3047 2367 3087 vane
2407 3041 2504 3086 aut
2539 3031 2707 3086 stulte
2741 3029 3113 3085 calumniatus
3183 3041 3329 3088 sum,
3391 3025 3511 3086 sed,

1907 3127 2285 3198 Exinjustitia
2346 3136 2399 3182 et
2454 3124 2733 3179 calumnia
2771 3121 3063 3192 acquisivi.
3130 3119 3511 3188 Quadruplum

200 3227 500 3282 am6i6wot
546 3226 688 3280 κατά
723 3227 815 3279 τὸν
865 3227 1054 3298 νόμον,
1110 3230 1200 3281 τὸν
1250 3228 1500 3300 τέσσαρα
1546 3232 1798 3300 πρόόατα

1929 3231 2094 3276 tutem
2129 3221 2329 3283 reddit,
2368 3219 2678 3273 secundum
2713 3216 2910 3286 legem,
2958 3229 3081 3285 quae
3110 3207 3351 3286 quatuor
3381 3227 3517 3266 oves

201 3322 328 3374 ἀντὶ
366 3322 484 3384 ἐνὸς
521 3321 763 3374 ἐκτίσειν
798 3319 1118 3375 κελεύοντα.

289 3415 639 3485 ’Δκούσωμεν
669 3415 717 3467 οῖ
746 3412 1087 3478 ἀδικοῦντες,
1121 3415 1219 3468 καὶ⁵
1245 3414 1277 3486 ἢ
1310 3416 1453 3470 αὐτά
1483 3417 1554 3470 τά
1586 3418 1645 3486 ἐξ
1685 3418 1801 3471 ἀδι-

205 3511 330 3573 κίας
352 3512 464 3572 τοῖς
486 3506 826 3576 ἀδικηθεῖσιν
851 3507 1325 3578 ἀντιστρέψωμεν,
1360 3509 1394 3580 ἢ
1419 3510 1680 3582 τοιαύτην
1710 3511 1804 3565 ea-

213 3602 451 3676 ραπείαν
481 3603 592 3665 τοῖς
623 3601 927 3672 ἀδικήμασι
952 3601 1442 3673 προσενέγκωμεν.

276 3789 428 3847 Εϊπε
463 3820 536 3831 -
567 3788 828 3858 ἐγένετο.
866 3792 1032 3843 Οικον
1063 3789 1238 3859 λέγει,
1278 3793 1404 3855 τοὺς
1439 3794 1496 3846 ὲν
1528 3794 1606 3866 τῷ
1644 3797 1802 3870 οἴκῳ.

207 3887 481 3958 Σήμερον,
519 3883 706 3953 φησὶν,
737 3882 958 3951 ἐγένετο
991 3882 1262 3954 σωτηρία,
1293 3886 1666 3960 ἀπελαθείσης
1701 3891 1802 3962 ήδη

208 3980 308 4049 τῆς
355 3975 658 4043 ἀπωλείας,
710 3977 811 4046 τῆς
862 3976 1185 4048 ὲνοικούσης
1233 3979 1298 4031 ὲκ
1346 3978 1660 4047 πλεονεξίας
1711 3988 1805 4040 καὶ

207 4072 446 4136 ἀδικίας.

281 4165 500 4220 Καθότι
533 4194 604 4204 -
634 4162 788 4218 ἐστι.
825 4163 998 4216 Τοῦτο
1023 4163 1112 4219 διὰ
1142 4165 1270 4230 τοὺς
1300 4167 1692 4236 γογγύζοντας,
1723 4173 1806 4226 ὅτι

211 4259 361 4332 παρά
386 4256 702 4329 ἁμαρτωλῷ
729 4257 884 4327 ἀνδρὶ
911 4259 1130 4330 εἰσῆλθε
1157 4259 1484 4316 καταλῦσαι·
1510 4264 1647 4334 φησὶ
1663 4269 1801 4338 γάρ·

210 4358 484 4425 Σήμερον
530 4352 798 4420 σωτηρία
836 4349 915 4416 τῷ
961 4352 1108 4418 οἴκῳ
1141 4355 1350 4421 τούτῳ.
1387 4357 1501 4412 Καὶ
1534 4360 1645 4431 γὰρ
1697 4362 1804 4414 ἔδει

211 4449 450 4515 σωθῆναι
504 4447 597 4501 τὸν
650 4447 945 4516 Ζακχαῖον,
981 4445 1116 4500 διότι
1151 4449 1246 4500 καὶ
1284 4450 1449 4514 αὐτὸς
1499 4453 1564 4505 ὲκ
1611 4454 1805 4521 γένους

212 4541 303 4594 τού
369 4541 625 4612 Ἀϐραάμ
679 4544 819 4595 ἐστι.
881 4539 1045 4610 Δηλοῖ
1082 4539 1138 4593 δὲ
1187 4543 1248 4594 τὸ
1301 4544 1671 4616 ἐπαγόμενον,
1720 4550 1801 4602 ὃτι

1910 3314 1980 3368 ob
2015 3329 2179 3367 unam
2215 3311 2489 3366 sublatam
2525 3306 3008 3375 exsolvijubcbat.

1980 3405 2306 3468 Audiamus,
2340 3402 2433 3471 qui
2473 3399 2730 3469 injuriam
2762 3398 3017 3461 facimus,
3054 3405 3110 3450 et
3158 3395 3243 3449 vel
3276 3411 3339 3449 ea
3391 3407 3514 3463 qua:

1910 3497 2115 3568 injuste
2175 3506 2327 3565 parta
2367 3503 2518 3557 sunt,
2573 3491 2788 3545 allectis
2845 3490 3046 3558 injuria
3097 3488 3507 3542 restituamus:

1908 3590 1997 3645 vel
2027 3588 2262 3642 similem
2308 3586 2584 3640 medelam
2618 3583 2863 3652 illis,qui
2913 3582 3175 3652 injuriam
3228 3580 3508 3650 irrogave-

1908 3691 2057 3748 runt,
2079 3681 2378 3736 oﬂeramus
2405 3681 2499 3750 (υ).

1981 3777 2139 3832 Vers.
2173 3776 2227 3829 9.
2256 3772 2407 3826 Dixit
2432 3803 2502 3812 —
2529 3772 2769 3842 contigit.
2805 3770 3036 3826 Domum
3104 3767 3239 3822 dicit
3289 3781 3386 3821 eos
3418 3765 3509 3835 qui

1909 3872 1964 3926 in
1993 3872 2157 3926 domo
2189 3878 2369 3924 erant.
2403 3867 2604 3932 llodie,
2633 3866 2836 3935 inquit,
2865 3864 3016 3918 salus
3049 3861 3298 3931 contigit,
3332 3861 3510 3930 ejecta

1907 3966 2018 4038 iam
2041 3965 2376 4036 perditione,
2409 3976 2531 4032 qua:
2555 3961 2611 4014 in
2645 3973 2707 4014 ea
2741 3958 3057 4014 morabatur
3106 3965 3332 4026 propter
3385 3967 3514 4006 ava-

1910 4062 2091 4115 ritiam
2112 4068 2168 4114 et
2187 4057 2539 4128 iniustitiam.

1981 4154 2136 4210 Vers.
2166 4153 2217 4206 9.
2245 4149 2325 4203 Eo
2356 4149 2496 4214 quod
2525 4178 2594 4190 -—
2627 4157 2723 4202 est.
2763 4143 2878 4199 lloc
2911 4150 3136 4214 propter
3188 4155 3285 4195 eos
3350 4137 3519 4203 dixit,

1907 4251 2000 4321 qui
2023 4247 2449 4303 murmurabant
2519 4239 2668 4312 quod
2723 4241 3007 4303 intrasset,
3057 4234 3203 4304 apud
3259 4240 3516 4303 peccato-

1910 4359 2023 4398 rem
2069 4342 2246 4396 virum
2303 4341 2704 4396 diversaturus.
2755 4333 2843 4388 Ait
2895 4345 3072 4402 ergo;
3138 4326 3309 4380 Hodie
3363 4324 3514 4381 salus

1909 4439 2090 4492 domui
2131 4438 2254 4490 huic
2289 4435 2556 4504 contigit;
2618 4428 2916 4500 oportebat
2975 4421 3254 4493 siquidem
3298 4419 3515 4475 salvum

1910 4528 2030 4583 ﬁeri
2060 4523 2554 4594 Zacchteum,quia
2589 4531 2646 4576 et
2667 4522 2786 4591 ipse
2818 4533 2884 4572 ex
2916 4529 3118 4588 genere
3147 4521 3233 4566 est
3254 4509 3515 4564 Abrahae.

215 4602 646 4706 προηγουμένως
702 4632 790 4686 διὰ
853 4602 982 4697 τοὺς
1063 4602 1800 4716 Ἀὅραμιαίουςιὲνηνδρὼ

1929 4618 2202 4694 Signiﬁcat
2261 4628 2448 4673 autem
2505 4615 2768 4670 inductus
2822 4612 2917 4665 hic
2963 4621 3169 4670 sermo,
3203 4602 3353 4674 quod
3385 4615 3515 4672 pro-

214 4750 289 4803 πη
297 4748 353 4784 σε
361 4750 386 4783 ν
398 4771 413 4787 .

282 4902 462 4962 Ἦλθε
490 4934 558 4946 --
590 4902 930 4968 ἀπολωλός.
968 4903 1044 4956 Τὸ
1072 4902 1356 4969 ἀπολωλὸς
1386 4907 1452 4959 ὲκ
1475 4908 1666 4976 γένους
1711 4911 1807 4965 τοῦ

1913 4723 2034 4788 pter
2081 4729 2179 4770 eos
2230 4712 2580 4784 potissimum
2637 4704 3042 4762 humanitatem
3117 4696 3515 4768 assumpserit,

1913 4810 2008 4880 qtti
2029 4809 2100 4863 ab
2125 4806 2403 4863 Abraham
2429 4801 2864 4860 descendebant.

1987 4917 2147 4972 Vera.
2191 4914 2279 4970 l0.
2316 4912 2463 4969 Venit
2498 4941 2567 4951 —
2607 4913 2746 4983 quod
2795 4907 2977 4977 periit.
3039 4900 3195 4968 Quod
3222 4899 3408 4972 periit,
3443 4910 3517 4952 es

223 4998 492 5071 ’Λϐραάμη
546 4999 671 5051 οὐκ
706 4995 1071 5066 ἀπεστάλην
1110 4999 1242 5068 γὰρ,
1293 5000 1482 5070 φησὶν,
1511 5004 1678 5072 εἰμὴ
1723 5008 1800 5074 εις

1929 5026 2118 5082 genere
2148 5010 2406 5064 Abrahae.
2452 5006 2537 5060 Ait
2591 5004 2740 5058 enim
2772 5019 2784 5054 :
2820 5000 2941 5056 Non
2977 5013 3115 5056 sum,
3164 4995 3375 5059 missus,
3412 4990 3518 5044 nisi:

215 5093 567 5162 τὰπρόϐατα
592 5091 665 5144 τὰ
697 5090 1063 5160 ἀπολωλότα
1088 5091 1262 5146 οἴκου
1298 5093 1414 5163 (26)
1451 5091 1733 5166 Ἀϐραάμ,

285 5189 552 5257 Ζακχαῖος
603 5184 660 5237 δέ
693 5186 812 5253 εἰμι
853 5183 1009 5253 κάγὼ
1045 5185 1246 5258 μικρὸς
1293 5186 1393 5260 τὴν
1445 5188 1666 5258 ἠλικίαν
1703 5191 1804 5264 τὴν

289 5336 330 5367 ³¹
365 5334 540 5392 Exod.
578 5349 713 5397 un,
749 5335 802 5391 l.
870 5331 916 5365 ³³
937 5332 1134 5391 Matth.
1166 5351 1254 5405 xv,
1281 5337 1370 5393 24.

1919 5105 1990 5157 ad
2016 5120 2131 5157 oves
2162 5103 2397 5171 perditas
2421 5101 2609 5154 domus
2641 5095 2813 5152 Israel
2833 5096 2898 5150 ³³.

1993 5193 2104 5267 Ego
2167 5209 2298 5249 vero
2331 5202 2388 5248 et
2439 5191 2739 5246 Zacchmus
2793 5203 2915 5242 sum
2980 5193 3191 5240 statura
3243 5177 3508 5251 spiritual;

1443 5407 1655 5470 Varia)
1692 5407 2001 5472 lectiones
2035 5415 2095 5472 et
2126 5415 2316 5473 notat.

289 5577 400 5649 (aa)
429 5578 602 5633 Αὐτόν
637 5579 842 5634 omittit
871 5579 932 5632 Β.

290 5652 402 5734 (ῥό)
433 5650 609 5705 Etiam
639 5651 726 5705 hic
752 5650 953 5721 adjecit
1023 5649 1299 5721 interpres
1330 5650 1623 5720 schollum,
1659 5652 1806 5724 quod

225 5740 323 5779 met
357 5737 468 5793 non,
492 5734 832 5793 agnoscam;

294 5794 402 5867 (:24)
438 5792 559 5858 Quo
585 5809 751 5848 sensu
794 5793 1242 5864 κατάγεσθαιεδι
1302 5795 1501 5852 det'erti
1526 5806 1579 5851 et
1639 5813 1814 5849 κατα-

1923 5581 2153 5653 γώγιον,
2186 5580 2566 5634 deversorium.

1993 5642 2104 5721 (‘25)
2141 5653 2293 5708 llane
2317 5653 2546 5705 formam
2575 5650 2744 5705 codex
2772 5660 3006 5719 uterque
3050 5642 3328 5715 exprimit.

1989 5727 2101 5795 ('16)
2146 5726 2240 5779 Ἐκ
2276 5725 2489 5792 γένους.
2524 5737 2624 5791 pro
2671 5723 2841 5775 οἴκου.
2879 5723 2939 5775 Α.

291 5957 357 6024 (υ)
383 5955 495 6012 Illis
525 5989 592 5998 --
623 5957 923 6024 oﬂi’ranms.
947 5955 1152 6025 lii-dde,
1180 5958 1390 6027 injuriis
1410 5956 1784 6010 ndmet‘mmus

1929 5970 2101 6019 ‘t‘Pl't‘S
2143 5952 2258 6006 lum
2290 5951 2592 6022 ἀδικήματι
2622 5950 2836 6004 videtur
2871 5949 3065 6019 legisse
3085 5947 3400 6012 ἀδικήσασι.
