  <div class='ocr_page' id='page_1' title='image "/cluster/home/n/w/nwhite01/storage/ocr_20150623/129/ien.35556001660034/530.png"; bbox 0 0 4016 6496; ppageno 0'>
   <div class='ocr_carea' id='block_1_1' title="bbox 176 436 323 501">
    <p class='ocr_par' dir='ltr' id='par_1_1' title="bbox 176 436 323 501">
     <span class='ocr_line' id='line_1_1' title="bbox 176 436 323 501; baseline 0.014 -3"><span class='ocrx_word' id='word_1_1' title='bbox 176 436 323 501; x_wconf 75' lang='grc' dir='ltr'><strong>ΙΟΪΙ</strong></span> 
     </span>
    </p>
   </div>
   <div class='ocr_carea' id='block_1_2' title="bbox 1122 436 2495 501">
    <p class='ocr_par' dir='ltr' id='par_1_2' title="bbox 1122 436 2495 501">
     <span class='ocr_line' id='line_1_2' title="bbox 1122 436 2495 501; baseline 0.001 -6"><span class='ocrx_word' id='word_1_2' title='bbox 1122 436 1515 496; x_wconf 77' lang='lat' dir='ltr'><strong>CUMMENT.</strong></span> <span class='ocrx_word' id='word_1_3' title='bbox 1558 437 1639 495; x_wconf 85' lang='grc' dir='ltr'><strong>ΙΝ</strong></span> <span class='ocrx_word' id='word_1_4' title='bbox 1693 438 1977 501; x_wconf 77' lang='lat' dir='ltr'><strong>LUCAM.</strong></span> <span class='ocrx_word' id='word_1_5' title='bbox 2022 464 2090 477; x_wconf 77' lang='grc' dir='ltr'><strong>-ο</strong></span> <span class='ocrx_word' id='word_1_6' title='bbox 2130 439 2289 499; x_wconf 68' lang='lat' dir='ltr'><strong>CAP.</strong></span> <span class='ocrx_word' id='word_1_7' title='bbox 2334 439 2495 499; x_wconf 81' lang='lat' dir='ltr'><strong>XIX.</strong></span> 
     </span>
    </p>
   </div>
   <div class='ocr_carea' id='block_1_3' title="bbox 3324 436 3468 501">
    <p class='ocr_par' dir='ltr' id='par_1_3' title="bbox 3324 436 3468 501">
     <span class='ocr_line' id='line_1_3' title="bbox 3324 436 3468 501; baseline 0 0"><span class='ocrx_word' id='word_1_8' title='bbox 3324 436 3468 501; x_wconf 68' lang='lat'><strong>10.2</strong></span> 
     </span>
    </p>
   </div>
   <div class='ocr_carea' id='block_1_4' title="bbox 169 544 1781 619">
    <p class='ocr_par' dir='ltr' id='par_1_4' title="bbox 169 544 1769 619">
     <span class='ocr_line' id='line_1_4' title="bbox 169 544 1769 619; baseline -0.003 -19"><span class='ocrx_word' id='word_1_9' title='bbox 169 549 389 619; x_wconf 74' lang='grc' dir='ltr'>πολλῆς</span> <span class='ocrx_word' id='word_1_10' title='bbox 443 546 535 600; x_wconf 78' lang='grc' dir='ltr'><strong>καὶ</strong></span> <span class='ocrx_word' id='word_1_11' title='bbox 584 546 767 617; x_wconf 79' lang='grc' dir='ltr'>δόξης,</span> <span class='ocrx_word' id='word_1_12' title='bbox 819 546 915 599; x_wconf 70' lang='grc' dir='ltr'>καὶ</span> <span class='ocrx_word' id='word_1_13' title='bbox 973 545 1184 599; x_wconf 82' lang='grc' dir='ltr'>καθίσει</span> <span class='ocrx_word' id='word_1_14' title='bbox 1234 547 1326 598; x_wconf 76' lang='grc' dir='ltr'><strong>ἐπὶ</strong></span> <span class='ocrx_word' id='word_1_15' title='bbox 1373 545 1564 615; x_wconf 85' lang='grc' dir='ltr'>θρόνου</span> <span class='ocrx_word' id='word_1_16' title='bbox 1613 544 1769 612; x_wconf 81' lang='grc' dir='ltr'>δόξης</span> 
     </span>
    </p>
   </div>
   <div class='ocr_carea' id='block_1_5' title="bbox 1907 544 3467 619">
    <p class='ocr_par' dir='ltr' id='par_1_5' title="bbox 1909 548 3467 619">
     <span class='ocr_line' id='line_1_5' title="bbox 1909 548 3467 619; baseline 0.005 -19"><span class='ocrx_word' id='word_1_17' title='bbox 1909 555 2017 601; x_wconf 86' lang='lat' dir='ltr'><strong>tate</strong></span> <span class='ocrx_word' id='word_1_18' title='bbox 2072 562 2269 617; x_wconf 71' lang='lat' dir='ltr'><strong>iiiagna</strong></span> <span class='ocrx_word' id='word_1_19' title='bbox 2326 549 2603 618; x_wconf 87' lang='lat' dir='ltr'><strong>etglona,</strong></span> <span class='ocrx_word' id='word_1_20' title='bbox 2669 548 2992 619; x_wconf 80' lang='lat' dir='ltr'><strong>sedebitquc</strong></span> <span class='ocrx_word' id='word_1_21' title='bbox 3049 563 3218 619; x_wconf 85' lang='lat' dir='ltr'><strong>super</strong></span> <span class='ocrx_word' id='word_1_22' title='bbox 3276 553 3467 608; x_wconf 82' lang='lat' dir='ltr'><strong>sedem</strong></span> 
     </span>
    </p>
   </div>
   <div class='ocr_carea' id='block_1_6' title="bbox 212 640 370 694">
    <p class='ocr_par' dir='ltr' id='par_1_6' title="bbox 212 640 370 694">
     <span class='ocr_line' id='line_1_6' title="bbox 212 640 370 694; baseline 0.006 -1"><span class='ocrx_word' id='word_1_23' title='bbox 212 640 370 694; x_wconf 80' lang='grc' dir='ltr'>ὐτοῦ.</span> 
     </span>
    </p>
   </div>
   <div class='ocr_carea' id='block_1_7' title="bbox 167 658 1770 802">
    <p class='ocr_par' dir='ltr' id='par_1_7' title="bbox 167 658 1770 802">
     <span class='ocr_line' id='line_1_7' title="bbox 167 658 1770 802; baseline -0.01 -13"><span class='ocrx_word' id='word_1_24' title='bbox 167 658 370 802; x_wconf 46' lang='lat'><strong>“(3)</strong></span> <span class='ocrx_word' id='word_1_25' title='bbox 396 727 542 784; x_wconf 78' lang='grc' dir='ltr'>Εἶπε</span> <span class='ocrx_word' id='word_1_26' title='bbox 573 763 643 773; x_wconf 87' lang='grc'><strong><em>-</em></strong></span> <span class='ocrx_word' id='word_1_27' title='bbox 670 731 1283 800; x_wconf 61' lang='grc' dir='ltr'>διεπραγματεύσατο.</span> <span class='ocrx_word' id='word_1_28' title='bbox 1310 728 1445 781; x_wconf 83' lang='grc' dir='ltr'><strong>Τότε</strong></span> <span class='ocrx_word' id='word_1_29' title='bbox 1476 728 1583 798; x_wconf 72' lang='grc' dir='ltr'><strong>γὰρ</strong></span> <span class='ocrx_word' id='word_1_30' title='bbox 1611 727 1770 797; x_wconf 83' lang='grc' dir='ltr'>λογο.</span> 
     </span>
    </p>
   </div>
   <div class='ocr_carea' id='block_1_8' title="bbox 168 821 1573 893">
    <p class='ocr_par' dir='ltr' id='par_1_8' title="bbox 168 821 1573 893">
     <span class='ocr_line' id='line_1_8' title="bbox 168 821 1573 893; baseline -0.001 -18"><span class='ocrx_word' id='word_1_31' title='bbox 168 821 355 875; x_wconf 83' lang='grc' dir='ltr'>θετῶν</span> <span class='ocrx_word' id='word_1_32' title='bbox 390 823 660 876; x_wconf 73' lang='grc' dir='ltr'>ἀποδώσει</span> <span class='ocrx_word' id='word_1_33' title='bbox 689 824 905 893; x_wconf 75' lang='grc' dir='ltr'>ἑκάστῳ</span> <span class='ocrx_word' id='word_1_34' title='bbox 941 823 1084 874; x_wconf 76' lang='grc' dir='ltr'>κατὰ</span> <span class='ocrx_word' id='word_1_35' title='bbox 1112 821 1180 874; x_wconf 78' lang='grc' dir='ltr'>τὰ</span> <span class='ocrx_word' id='word_1_36' title='bbox 1217 821 1354 890; x_wconf 82' lang='grc' dir='ltr'>ἔργα</span> <span class='ocrx_word' id='word_1_37' title='bbox 1383 821 1573 873; x_wconf 81' lang='grc' dir='ltr'>αὑτοῦ.</span> 
     </span>
    </p>
   </div>
   <div class='ocr_carea' id='block_1_9' title="bbox 246 1001 1770 1075">
    <p class='ocr_par' dir='ltr' id='par_1_9' title="bbox 246 1001 1770 1075">
     <span class='ocr_line' id='line_1_9' title="bbox 246 1001 1770 1075; baseline -0.001 -18"><span class='ocrx_word' id='word_1_38' title='bbox 246 1006 620 1075; x_wconf 80' lang='grc' dir='ltr'>Παρεγένετο</span> <span class='ocrx_word' id='word_1_39' title='bbox 644 1037 711 1047; x_wconf 95' lang='grc'><strong><em>-</em></strong></span> <span class='ocrx_word' id='word_1_40' title='bbox 746 1001 929 1074; x_wconf 79' lang='grc' dir='ltr'>μνᾶς.</span> <span class='ocrx_word' id='word_1_41' title='bbox 962 1004 1062 1058; x_wconf 81' lang='grc' dir='ltr'><strong>Διὰ</strong></span> <span class='ocrx_word' id='word_1_42' title='bbox 1118 1003 1217 1073; x_wconf 78' lang='grc' dir='ltr'>τῆς</span> <span class='ocrx_word' id='word_1_43' title='bbox 1253 1002 1479 1065; x_wconf 78' lang='grc' dir='ltr'>δεκάδος</span> <span class='ocrx_word' id='word_1_44' title='bbox 1538 1003 1599 1055; x_wconf 72' lang='grc' dir='ltr'>τὸ</span> <span class='ocrx_word' id='word_1_45' title='bbox 1636 1003 1770 1056; x_wconf 77' lang='grc' dir='ltr'>πολὺ</span> 
     </span>
    </p>
   </div>
   <div class='ocr_carea' id='block_1_10' title="bbox 168 1096 834 1169">
    <p class='ocr_par' dir='ltr' id='par_1_10' title="bbox 168 1096 834 1169">
     <span class='ocr_line' id='line_1_10' title="bbox 168 1096 834 1169; baseline 0.006 -21"><span class='ocrx_word' id='word_1_46' title='bbox 168 1096 268 1149; x_wconf 80' lang='grc' dir='ltr'>τοῦ</span> <span class='ocrx_word' id='word_1_47' title='bbox 309 1100 535 1169; x_wconf 78' lang='grc' dir='ltr'><strong>κέρδους</strong></span> <span class='ocrx_word' id='word_1_48' title='bbox 563 1099 662 1169; x_wconf 83' lang='grc' dir='ltr'><strong>ὲσή</strong></span> <span class='ocrx_word' id='word_1_49' title='bbox 673 1114 834 1167; x_wconf 79' lang='grc' dir='ltr'>μανε.</span> 
     </span>
    </p>
   </div>
   <div class='ocr_carea' id='block_1_11' title="bbox 249 1278 1774 1354">
    <p class='ocr_par' dir='ltr' id='par_1_11' title="bbox 249 1278 1774 1354">
     <span class='ocr_line' id='line_1_11' title="bbox 249 1278 1774 1354; baseline -0.001 -17"><span class='ocrx_word' id='word_1_50' title='bbox 249 1284 361 1337; x_wconf 81' lang='lat' dir='ltr'><strong>Kal</strong></span> <span class='ocrx_word' id='word_1_51' title='bbox 392 1278 522 1336; x_wconf 77' lang='grc' dir='ltr'>εἷπε</span> <span class='ocrx_word' id='word_1_52' title='bbox 557 1311 626 1321; x_wconf 94' lang='grc'><strong><em>-</em></strong></span> <span class='ocrx_word' id='word_1_53' title='bbox 646 1282 881 1350; x_wconf 69' lang='grc' dir='ltr'>ἐγένου.</span> <span class='ocrx_word' id='word_1_54' title='bbox 910 1278 983 1335; x_wconf 79' lang='grc' dir='ltr'><strong>Εὖ</strong></span> <span class='ocrx_word' id='word_1_55' title='bbox 1009 1298 1113 1348; x_wconf 88' lang='grc' dir='ltr'>σοι,</span> <span class='ocrx_word' id='word_1_56' title='bbox 1146 1282 1227 1334; x_wconf 85' lang='grc' dir='ltr'>ὅτι</span> <span class='ocrx_word' id='word_1_57' title='bbox 1256 1282 1315 1333; x_wconf 79' lang='grc' dir='ltr'>ὲν</span> <span class='ocrx_word' id='word_1_58' title='bbox 1340 1283 1440 1353; x_wconf 78' lang='grc' dir='ltr'><strong>μιᾷ</strong></span> <span class='ocrx_word' id='word_1_59' title='bbox 1469 1283 1581 1354; x_wconf 85' lang='grc' dir='ltr'><strong>μνᾷ</strong></span> <span class='ocrx_word' id='word_1_60' title='bbox 1604 1299 1774 1336; x_wconf 77' lang='grc' dir='ltr'>σπου-</span> 
     </span>
    </p>
   </div>
   <div class='ocr_carea' id='block_1_12' title="bbox 169 1376 576 1444">
    <p class='ocr_par' dir='ltr' id='par_1_12' title="bbox 169 1376 576 1444">
     <span class='ocr_line' id='line_1_12' title="bbox 169 1376 576 1444; baseline 0.002 -16"><span class='ocrx_word' id='word_1_61' title='bbox 169 1376 333 1439; x_wconf 82' lang='grc' dir='ltr'>δαῖος</span> <span class='ocrx_word' id='word_1_62' title='bbox 366 1376 576 1444; x_wconf 75' lang='grc' dir='ltr'>ἐγένου.</span> 
     </span>
    </p>
   </div>
   <div class='ocr_carea' id='block_1_13' title="bbox 254 1554 1773 1626">
    <p class='ocr_par' dir='ltr' id='par_1_13' title="bbox 254 1554 1773 1626">
     <span class='ocr_line' id='line_1_13' title="bbox 254 1554 1773 1626; baseline -0.003 -14"><span class='ocrx_word' id='word_1_63' title='bbox 254 1557 406 1612; x_wconf 86' lang='grc' dir='ltr'>Ἰσθι</span> <span class='ocrx_word' id='word_1_64' title='bbox 433 1556 728 1621; x_wconf 74' lang='grc' dir='ltr'><strong>ἐξουσίαν</strong></span> <span class='ocrx_word' id='word_1_65' title='bbox 783 1556 942 1625; x_wconf 74' lang='grc' dir='ltr'><strong>ἔχων</strong></span> <span class='ocrx_word' id='word_1_66' title='bbox 968 1587 1039 1598; x_wconf 93' lang='grc'><strong><em>-</em></strong></span> <span class='ocrx_word' id='word_1_67' title='bbox 1068 1557 1329 1612; x_wconf 72' lang='grc' dir='ltr'>πόλεων.</span> <span class='ocrx_word' id='word_1_68' title='bbox 1359 1555 1461 1608; x_wconf 86' lang='grc' dir='ltr'><strong>Διὰ</strong></span> <span class='ocrx_word' id='word_1_69' title='bbox 1493 1555 1591 1626; x_wconf 85' lang='grc' dir='ltr'>τῆς</span> <span class='ocrx_word' id='word_1_70' title='bbox 1619 1554 1773 1621; x_wconf 73' lang='grc' dir='ltr'>ἐξου-</span> 
     </span>
    </p>
   </div>
   <div class='ocr_carea' id='block_1_14' title="bbox 172 1648 1776 1721">
    <p class='ocr_par' dir='ltr' id='par_1_14' title="bbox 172 1648 1776 1721">
     <span class='ocr_line' id='line_1_14' title="bbox 172 1648 1776 1721; baseline -0.001 -19"><span class='ocrx_word' id='word_1_71' title='bbox 172 1650 305 1713; x_wconf 87' lang='grc' dir='ltr'>σίας</span> <span class='ocrx_word' id='word_1_72' title='bbox 330 1649 440 1702; x_wconf 83' lang='grc' dir='ltr'><strong>τῶν</strong></span> <span class='ocrx_word' id='word_1_73' title='bbox 488 1650 623 1703; x_wconf 82' lang='grc' dir='ltr'>δέκα</span> <span class='ocrx_word' id='word_1_74' title='bbox 668 1650 878 1703; x_wconf 83' lang='grc' dir='ltr'>πόλεων</span> <span class='ocrx_word' id='word_1_75' title='bbox 911 1650 973 1703; x_wconf 85' lang='grc' dir='ltr'>τὸ</span> <span class='ocrx_word' id='word_1_76' title='bbox 1005 1651 1144 1703; x_wconf 81' lang='grc' dir='ltr'>πολὺ</span> <span class='ocrx_word' id='word_1_77' title='bbox 1185 1650 1284 1721; x_wconf 85' lang='grc' dir='ltr'>τῆς</span> <span class='ocrx_word' id='word_1_78' title='bbox 1339 1649 1509 1719; x_wconf 78' lang='grc' dir='ltr'>τιμῆς</span> <span class='ocrx_word' id='word_1_79' title='bbox 1564 1648 1661 1701; x_wconf 77' lang='grc' dir='ltr'>καὶ</span> <span class='ocrx_word' id='word_1_80' title='bbox 1712 1648 1776 1701; x_wconf 76' lang='grc' dir='ltr'><strong>τὸ</strong></span> 
     </span>
    </p>
   </div>
   <div class='ocr_carea' id='block_1_15' title="bbox 169 1743 1198 1815">
    <p class='ocr_par' dir='ltr' id='par_1_15' title="bbox 169 1743 1198 1815">
     <span class='ocr_line' id='line_1_15' title="bbox 169 1743 1198 1815; baseline 0.003 -20"><span class='ocrx_word' id='word_1_81' title='bbox 169 1743 415 1812; x_wconf 78' lang='grc' dir='ltr'>μέγεθος</span> <span class='ocrx_word' id='word_1_82' title='bbox 446 1743 549 1813; x_wconf 83' lang='grc' dir='ltr'>τῆς</span> <span class='ocrx_word' id='word_1_83' title='bbox 583 1743 913 1815; x_wconf 77' lang='grc' dir='ltr'><strong>εὐεργεσίας</strong></span> <span class='ocrx_word' id='word_1_84' title='bbox 942 1743 1198 1814; x_wconf 73' lang='grc' dir='ltr'>ἐνέφηνε.</span> 
     </span>
    </p>
   </div>
   <div class='ocr_carea' id='block_1_16' title="bbox 248 1832 1849 1942">
    <p class='ocr_par' dir='ltr' id='par_1_16' title="bbox 248 1832 1849 1942">
     <span class='ocr_line' id='line_1_16' title="bbox 248 1832 1849 1942; baseline 0.006 -56"><span class='ocrx_word' id='word_1_85' title='bbox 248 1835 360 1887; x_wconf 84' lang='lat' dir='ltr'><strong>Kal</strong></span> <span class='ocrx_word' id='word_1_86' title='bbox 385 1832 575 1904; x_wconf 71' lang='grc' dir='ltr'>ἦλθεν</span> <span class='ocrx_word' id='word_1_87' title='bbox 612 1868 681 1878; x_wconf 89' lang='grc'><strong>--</strong></span> <span class='ocrx_word' id='word_1_88' title='bbox 715 1836 975 1889; x_wconf 74' lang='grc' dir='ltr'>πόλεων.</span> <span class='ocrx_word' id='word_1_89' title='bbox 1023 1835 1329 1904; x_wconf 84' lang='grc' dir='ltr'>Ἀναλόγως</span> <span class='ocrx_word' id='word_1_90' title='bbox 1353 1835 1431 1906; x_wconf 78' lang='grc' dir='ltr'>τῷ</span> <span class='ocrx_word' id='word_1_91' title='bbox 1462 1835 1648 1905; x_wconf 83' lang='grc' dir='ltr'>μέτρῳ</span> <span class='ocrx_word' id='word_1_92' title='bbox 1673 1833 1774 1901; x_wconf 79' lang='grc' dir='ltr'><strong>τῆς</strong></span> <span class='ocrx_word' id='word_1_93' title='bbox 1799 1881 1849 1942; x_wconf 75' lang='grc' dir='ltr'><strong>Β</strong></span> 
     </span>
    </p>
   </div>
   <div class='ocr_carea' id='block_1_17' title="bbox 168 1926 1770 1999">
    <p class='ocr_par' dir='ltr' id='par_1_17' title="bbox 168 1926 1770 1999">
     <span class='ocr_line' id='line_1_17' title="bbox 168 1926 1770 1999; baseline 0.002 -22"><span class='ocrx_word' id='word_1_94' title='bbox 168 1927 413 1980; x_wconf 80' lang='grc' dir='ltr'><strong>ἑκάστου</strong></span> <span class='ocrx_word' id='word_1_95' title='bbox 442 1927 679 1998; x_wconf 82' lang='grc' dir='ltr'><strong>σπουδῆς</strong></span> <span class='ocrx_word' id='word_1_96' title='bbox 714 1926 923 1981; x_wconf 79' lang='grc' dir='ltr'>καὶτοῦ</span> <span class='ocrx_word' id='word_1_97' title='bbox 949 1926 1174 1998; x_wconf 63' lang='grc' dir='ltr'>κέρδους</span> <span class='ocrx_word' id='word_1_98' title='bbox 1204 1932 1650 1999; x_wconf 82' lang='grc' dir='ltr'>παραμετρεῖται</span> <span class='ocrx_word' id='word_1_99' title='bbox 1674 1926 1770 1985; x_wconf 76' lang='grc' dir='ltr'><strong>καὶ</strong></span> 
     </span>
    </p>
   </div>
   <div class='ocr_carea' id='block_1_18' title="bbox 169 2018 945 2089">
    <p class='ocr_par' dir='ltr' id='par_1_18' title="bbox 169 2018 945 2089">
     <span class='ocr_line' id='line_1_18' title="bbox 169 2018 945 2089; baseline 0.006 -21"><span class='ocrx_word' id='word_1_100' title='bbox 169 2018 206 2087; x_wconf 80' lang='grc' dir='ltr'><strong>ἡ</strong></span> <span class='ocrx_word' id='word_1_101' title='bbox 242 2018 383 2088; x_wconf 75' lang='grc' dir='ltr'>τιμὴ</span> <span class='ocrx_word' id='word_1_102' title='bbox 413 2020 508 2071; x_wconf 66' lang='grc' dir='ltr'>καὶ</span> <span class='ocrx_word' id='word_1_103' title='bbox 534 2020 849 2089; x_wconf 79' lang='grc' dir='ltr'>εὐεργεσία.</span> <span class='ocrx_word' id='word_1_104' title='bbox 944 2018 945 2023; x_wconf 51' lang='grc'><em>“</em></span> 
     </span>
    </p>
   </div>
   <div class='ocr_carea' id='block_1_19' title="bbox 248 2108 1771 2184">
    <p class='ocr_par' dir='ltr' id='par_1_19' title="bbox 248 2108 1771 2184">
     <span class='ocr_line' id='line_1_19' title="bbox 248 2108 1771 2184; baseline 0.003 -21"><span class='ocrx_word' id='word_1_105' title='bbox 248 2111 363 2163; x_wconf 80' lang='grc' dir='ltr'><strong>Καὶ</strong></span> <span class='ocrx_word' id='word_1_106' title='bbox 415 2109 616 2179; x_wconf 77' lang='grc' dir='ltr'>ἕτερος</span> <span class='ocrx_word' id='word_1_107' title='bbox 678 2140 752 2151; x_wconf 91' lang='lat'><strong>--</strong></span> <span class='ocrx_word' id='word_1_108' title='bbox 801 2108 1125 2178; x_wconf 81' lang='grc' dir='ltr'>σουδαρίῳ.</span> <span class='ocrx_word' id='word_1_109' title='bbox 1182 2109 1475 2180; x_wconf 65' lang='grc' dir='ltr'>Σουδὰριον</span> <span class='ocrx_word' id='word_1_110' title='bbox 1511 2112 1648 2184; x_wconf 76' lang='grc'>(52),</span> <span class='ocrx_word' id='word_1_111' title='bbox 1711 2114 1771 2167; x_wconf 81' lang='grc' dir='ltr'>τὸ</span> 
     </span>
    </p>
   </div>
   <div class='ocr_carea' id='block_1_20' title="bbox 174 2202 1767 2274">
    <p class='ocr_par' dir='ltr' id='par_1_20' title="bbox 174 2202 1767 2274">
     <span class='ocr_line' id='line_1_20' title="bbox 174 2202 1767 2274; baseline 0.002 -20"><span class='ocrx_word' id='word_1_112' title='bbox 174 2202 312 2271; x_wconf 77' lang='grc' dir='ltr'>παρ’</span> <span class='ocrx_word' id='word_1_113' title='bbox 346 2205 477 2273; x_wconf 76' lang='grc' dir='ltr'>ἡμῖν</span> <span class='ocrx_word' id='word_1_114' title='bbox 510 2203 705 2274; x_wconf 72' lang='grc' dir='ltr'>μικρὸν</span> <span class='ocrx_word' id='word_1_115' title='bbox 738 2202 1039 2271; x_wconf 62' lang='grc' dir='ltr'><strong>ειῡςικιόλιον⁹</strong></span> <span class='ocrx_word' id='word_1_116' title='bbox 1073 2202 1440 2271; x_wconf 76' lang='grc' dir='ltr'>ἁναγωγικῶς</span> <span class='ocrx_word' id='word_1_117' title='bbox 1466 2203 1610 2256; x_wconf 82' lang='grc' dir='ltr'>δὲτὸ</span> <span class='ocrx_word' id='word_1_118' title='bbox 1635 2223 1767 2257; x_wconf 74' lang='grc' dir='ltr'>σου·</span> 
     </span>
    </p>
   </div>
   <div class='ocr_carea' id='block_1_21' title="bbox 174 2293 1381 2364">
    <p class='ocr_par' dir='ltr' id='par_1_21' title="bbox 174 2293 1381 2364">
     <span class='ocr_line' id='line_1_21' title="bbox 174 2293 1381 2364; baseline 0.002 -18"><span class='ocrx_word' id='word_1_119' title='bbox 174 2293 370 2363; x_wconf 84' lang='grc' dir='ltr'>δὰριον</span> <span class='ocrx_word' id='word_1_120' title='bbox 398 2293 655 2357; x_wconf 74' lang='grc' dir='ltr'>ἐνταῦθα,</span> <span class='ocrx_word' id='word_1_121' title='bbox 688 2296 722 2363; x_wconf 82' lang='grc' dir='ltr'><strong>ἡ</strong></span> <span class='ocrx_word' id='word_1_122' title='bbox 752 2293 923 2363; x_wconf 81' lang='grc' dir='ltr'><strong>ἀργία</strong></span> <span class='ocrx_word' id='word_1_123' title='bbox 952 2296 1047 2347; x_wconf 76' lang='grc' dir='ltr'><strong>καὶ</strong></span> <span class='ocrx_word' id='word_1_124' title='bbox 1079 2294 1381 2364; x_wconf 83' lang='grc' dir='ltr'>ἁχρηστία.</span> 
     </span>
    </p>
   </div>
   <div class='ocr_carea' id='block_1_22' title="bbox 264 2385 1775 2459">
    <p class='ocr_par' dir='ltr' id='par_1_22' title="bbox 264 2385 1775 2459">
     <span class='ocr_line' id='line_1_22' title="bbox 264 2385 1775 2459; baseline 0.005 -24"><span class='ocrx_word' id='word_1_125' title='bbox 264 2385 642 2453; x_wconf 67' lang='grc' dir='ltr'><strong>Ἑφοὸούμην</strong></span> <span class='ocrx_word' id='word_1_126' title='bbox 672 2414 744 2424; x_wconf 93' lang='grc'><strong><em>-</em></strong></span> <span class='ocrx_word' id='word_1_127' title='bbox 772 2386 1083 2453; x_wconf 76' lang='grc' dir='ltr'>ἔσπειρας.</span> <span class='ocrx_word' id='word_1_128' title='bbox 1141 2385 1304 2456; x_wconf 81' lang='grc' dir='ltr'>ᾯετο</span> <span class='ocrx_word' id='word_1_129' title='bbox 1350 2387 1483 2457; x_wconf 87' lang='grc' dir='ltr'>γὰρ,</span> <span class='ocrx_word' id='word_1_130' title='bbox 1516 2387 1599 2440; x_wconf 88' lang='grc' dir='ltr'>ὄτι</span> <span class='ocrx_word' id='word_1_131' title='bbox 1636 2389 1775 2459; x_wconf 83' lang='grc' dir='ltr'>μόνη</span> 
     </span>
    </p>
   </div>
   <div class='ocr_carea' id='block_1_23' title="bbox 178 2476 1775 2548">
    <p class='ocr_par' dir='ltr' id='par_1_23' title="bbox 178 2476 1775 2548">
     <span class='ocr_line' id='line_1_23' title="bbox 178 2476 1775 2548; baseline 0.003 -21"><span class='ocrx_word' id='word_1_132' title='bbox 178 2478 213 2546; x_wconf 79' lang='grc' dir='ltr'><strong>ἡ</strong></span> <span class='ocrx_word' id='word_1_133' title='bbox 254 2477 460 2547; x_wconf 78' lang='grc' dir='ltr'>σπουδὴ</span> <span class='ocrx_word' id='word_1_134' title='bbox 492 2476 603 2529; x_wconf 85' lang='grc' dir='ltr'><strong>τῶν</strong></span> <span class='ocrx_word' id='word_1_135' title='bbox 656 2478 1141 2547; x_wconf 74' lang='grc' dir='ltr'>ἐμπορευομένων,</span> <span class='ocrx_word' id='word_1_136' title='bbox 1188 2478 1318 2530; x_wconf 78' lang='grc' dir='ltr'>ἄνευ</span> <span class='ocrx_word' id='word_1_137' title='bbox 1366 2478 1468 2548; x_wconf 78' lang='grc' dir='ltr'>τῆς</span> <span class='ocrx_word' id='word_1_138' title='bbox 1513 2480 1579 2531; x_wconf 79' lang='grc' dir='ltr'>ἐκ</span> <span class='ocrx_word' id='word_1_139' title='bbox 1636 2479 1775 2533; x_wconf 78' lang='grc' dir='ltr'>Θεοῦ</span> 
     </span>
    </p>
   </div>
   <div class='ocr_carea' id='block_1_24' title="bbox 179 2569 1774 2643">
    <p class='ocr_par' dir='ltr' id='par_1_24' title="bbox 179 2569 1774 2643">
     <span class='ocr_line' id='line_1_24' title="bbox 179 2569 1774 2643; baseline 0.004 -23"><span class='ocrx_word' id='word_1_140' title='bbox 179 2569 461 2639; x_wconf 78' lang='grc' dir='ltr'>βοηθείας,</span> <span class='ocrx_word' id='word_1_141' title='bbox 515 2570 777 2640; x_wconf 76' lang='grc' dir='ltr'>κατορθοῖ</span> <span class='ocrx_word' id='word_1_142' title='bbox 809 2571 873 2624; x_wconf 79' lang='grc' dir='ltr'>τὸ</span> <span class='ocrx_word' id='word_1_143' title='bbox 924 2572 1055 2634; x_wconf 83' lang='grc' dir='ltr'>πᾶν,</span> <span class='ocrx_word' id='word_1_144' title='bbox 1092 2572 1186 2623; x_wconf 78' lang='grc' dir='ltr'><strong>καὶ</strong></span> <span class='ocrx_word' id='word_1_145' title='bbox 1216 2571 1299 2624; x_wconf 83' lang='grc' dir='ltr'><strong>ὅτι</strong></span> <span class='ocrx_word' id='word_1_146' title='bbox 1352 2572 1627 2643; x_wconf 85' lang='grc' dir='ltr'>αὐστηρὸς</span> <span class='ocrx_word' id='word_1_147' title='bbox 1676 2572 1774 2641; x_wconf 82' lang='grc' dir='ltr'><strong>ὢν,</strong></span> 
     </span>
    </p>
   </div>
   <div class='ocr_carea' id='block_1_25' title="bbox 177 2666 1779 2739">
    <p class='ocr_par' dir='ltr' id='par_1_25' title="bbox 177 2666 1779 2739">
     <span class='ocr_line' id='line_1_25' title="bbox 177 2666 1779 2739; baseline 0.003 -23"><span class='ocrx_word' id='word_1_148' title='bbox 177 2667 407 2717; x_wconf 83' lang='grc' dir='ltr'>ἀπαιτεῖ</span> <span class='ocrx_word' id='word_1_149' title='bbox 452 2666 520 2718; x_wconf 67' lang='grc' dir='ltr'><strong>τὰ</strong></span> <span class='ocrx_word' id='word_1_150' title='bbox 570 2666 782 2739; x_wconf 73' lang='grc' dir='ltr'>ἑτέροις</span> <span class='ocrx_word' id='word_1_151' title='bbox 819 2668 1210 2737; x_wconf 82' lang='grc' dir='ltr'>ὲπικτηθέντα,</span> <span class='ocrx_word' id='word_1_152' title='bbox 1241 2669 1319 2729; x_wconf 84' lang='grc' dir='ltr'>είς</span> <span class='ocrx_word' id='word_1_153' title='bbox 1347 2667 1384 2720; x_wconf 77' lang='grc' dir='ltr'>ἃ</span> <span class='ocrx_word' id='word_1_154' title='bbox 1417 2669 1581 2731; x_wconf 77' lang='grc' dir='ltr'>αὐτὸς</span> <span class='ocrx_word' id='word_1_155' title='bbox 1621 2666 1779 2721; x_wconf 75' lang='grc' dir='ltr'>οὐδέν</span> 
     </span>
    </p>
   </div>
   <div class='ocr_carea' id='block_1_26' title="bbox 179 2761 1781 2833">
    <p class='ocr_par' dir='ltr' id='par_1_26' title="bbox 179 2761 1781 2833">
     <span class='ocr_line' id='line_1_26' title="bbox 179 2761 1781 2833; baseline 0.003 -22"><span class='ocrx_word' id='word_1_156' title='bbox 179 2774 232 2811; x_wconf 85' lang='grc' dir='ltr'><strong>τι</strong></span> <span class='ocrx_word' id='word_1_157' title='bbox 271 2761 609 2831; x_wconf 84' lang='grc' dir='ltr'>συνήργησε.</span> <span class='ocrx_word' id='word_1_158' title='bbox 638 2761 858 2830; x_wconf 78' lang='grc' dir='ltr'>Ταύτην</span> <span class='ocrx_word' id='word_1_159' title='bbox 900 2761 956 2813; x_wconf 77' lang='grc' dir='ltr'>δὲ</span> <span class='ocrx_word' id='word_1_160' title='bbox 991 2761 1090 2832; x_wconf 83' lang='grc' dir='ltr'>τὴν</span> <span class='ocrx_word' id='word_1_161' title='bbox 1136 2762 1439 2829; x_wconf 85' lang='grc' dir='ltr'>ἀπολογίαν</span> <span class='ocrx_word' id='word_1_162' title='bbox 1473 2764 1781 2833; x_wconf 76' lang='grc' dir='ltr'>ἐσχημάτι-</span> 
     </span>
    </p>
   </div>
   <div class='ocr_carea' id='block_1_27' title="bbox 183 2852 1778 2923">
    <p class='ocr_par' dir='ltr' id='par_1_27' title="bbox 183 2852 1778 2923">
     <span class='ocr_line' id='line_1_27' title="bbox 183 2852 1778 2923; baseline 0.004 -21"><span class='ocrx_word' id='word_1_163' title='bbox 183 2868 279 2904; x_wconf 74' lang='grc' dir='ltr'><strong>σεν</strong></span> <span class='ocrx_word' id='word_1_164' title='bbox 306 2853 355 2922; x_wconf 58' lang='grc' dir='ltr'>η’</span> <span class='ocrx_word' id='word_1_165' title='bbox 382 2852 691 2923; x_wconf 70' lang='grc' dir='ltr'>παραδώὴ,</span> <span class='ocrx_word' id='word_1_166' title='bbox 741 2854 913 2919; x_wconf 81' lang='grc' dir='ltr'>δεῖξαι</span> <span class='ocrx_word' id='word_1_167' title='bbox 955 2852 1282 2923; x_wconf 79' lang='grc' dir='ltr'><strong>βουλομένη,</strong></span> <span class='ocrx_word' id='word_1_168' title='bbox 1336 2855 1419 2907; x_wconf 83' lang='grc' dir='ltr'><strong>ὅτι</strong></span> <span class='ocrx_word' id='word_1_169' title='bbox 1457 2855 1569 2922; x_wconf 75' lang='grc'><strong>(55)</strong></span> <span class='ocrx_word' id='word_1_170' title='bbox 1621 2856 1778 2909; x_wconf 78' lang='grc' dir='ltr'>οὐδὲν</span> 
     </span>
    </p>
   </div>
   <div class='ocr_carea' id='block_1_28' title="bbox 181 2944 1777 3016">
    <p class='ocr_par' dir='ltr' id='par_1_28' title="bbox 181 2944 1777 3016">
     <span class='ocr_line' id='line_1_28' title="bbox 181 2944 1777 3016; baseline 0.004 -21"><span class='ocrx_word' id='word_1_171' title='bbox 181 2946 233 2996; x_wconf 78' lang='grc' dir='ltr'>οἱ</span> <span class='ocrx_word' id='word_1_172' title='bbox 285 2944 521 2999; x_wconf 84' lang='grc' dir='ltr'>τοιοῦτοι</span> <span class='ocrx_word' id='word_1_173' title='bbox 555 2944 782 3014; x_wconf 79' lang='grc' dir='ltr'>εὔλογον</span> <span class='ocrx_word' id='word_1_174' title='bbox 838 2947 949 3016; x_wconf 71' lang='grc'><strong>(54)</strong></span> <span class='ocrx_word' id='word_1_175' title='bbox 988 2946 1451 3015; x_wconf 76' lang='grc' dir='ltr'>ἀπολογήσασθαι</span> <span class='ocrx_word' id='word_1_176' title='bbox 1493 2948 1777 3013; x_wconf 82' lang='grc' dir='ltr'>δύνανται,</span> 
     </span>
    </p>
   </div>
   <div class='ocr_carea' id='block_1_29' title="bbox 186 3035 1776 3111">
    <p class='ocr_par' dir='ltr' id='par_1_29' title="bbox 186 3035 1776 3111">
     <span class='ocr_line' id='line_1_29' title="bbox 186 3035 1776 3111; baseline 0.005 -25"><span class='ocrx_word' id='word_1_177' title='bbox 186 3035 282 3087; x_wconf 75' lang='grc' dir='ltr'>καὶ</span> <span class='ocrx_word' id='word_1_178' title='bbox 298 3038 400 3101; x_wconf 84' lang='grc' dir='ltr'>ὅτι,</span> <span class='ocrx_word' id='word_1_179' title='bbox 414 3038 513 3089; x_wconf 86' lang='grc' dir='ltr'>ὅσα</span> <span class='ocrx_word' id='word_1_180' title='bbox 535 3037 599 3090; x_wconf 76' lang='grc' dir='ltr'><strong>ἂν</strong></span> <span class='ocrx_word' id='word_1_181' title='bbox 620 3038 1094 3107; x_wconf 74' lang='grc' dir='ltr'>ἀπολογήσωνται,</span> <span class='ocrx_word' id='word_1_182' title='bbox 1117 3038 1240 3090; x_wconf 80' lang='grc' dir='ltr'>κατ’</span> <span class='ocrx_word' id='word_1_183' title='bbox 1258 3040 1441 3092; x_wconf 85' lang='grc' dir='ltr'>αὐτῶν</span> <span class='ocrx_word' id='word_1_184' title='bbox 1461 3040 1641 3092; x_wconf 73' lang='grc' dir='ltr'>πάντα</span> <span class='ocrx_word' id='word_1_185' title='bbox 1661 3040 1776 3111; x_wconf 73' lang='lat'><strong>(55)</strong></span> 
     </span>
    </p>
   </div>
   <div class='ocr_carea' id='block_1_30' title="bbox 187 3128 1369 3201">
    <p class='ocr_par' dir='ltr' id='par_1_30' title="bbox 187 3128 1369 3201">
     <span class='ocr_line' id='line_1_30' title="bbox 187 3128 1369 3201; baseline 0.005 -23"><span class='ocrx_word' id='word_1_186' title='bbox 187 3128 721 3199; x_wconf 71' lang='grc' dir='ltr'>περιτραπήσονται,</span> <span class='ocrx_word' id='word_1_187' title='bbox 758 3134 849 3182; x_wconf 78' lang='grc' dir='ltr'>καὶ</span> <span class='ocrx_word' id='word_1_188' title='bbox 872 3129 1037 3183; x_wconf 75' lang='grc' dir='ltr'>ἄκουε</span> <span class='ocrx_word' id='word_1_189' title='bbox 1074 3131 1183 3182; x_wconf 84' lang='grc' dir='ltr'>τῶν</span> <span class='ocrx_word' id='word_1_190' title='bbox 1218 3130 1369 3201; x_wconf 82' lang='grc' dir='ltr'>έξῆς.</span> 
     </span>
    </p>
   </div>
   <div class='ocr_carea' id='block_1_31' title="bbox 258 3220 1370 3290">
    <p class='ocr_par' dir='ltr' id='par_1_31' title="bbox 258 3220 1370 3290">
     <span class='ocr_line' id='line_1_31' title="bbox 258 3220 1370 3290; baseline 0.004 -17"><span class='ocrx_word' id='word_1_191' title='bbox 258 3220 432 3289; x_wconf 81' lang='grc' dir='ltr'><strong>Λέγει</strong></span> <span class='ocrx_word' id='word_1_192' title='bbox 461 3249 529 3261; x_wconf 78' lang='lat'><strong>-</strong></span> <span class='ocrx_word' id='word_1_193' title='bbox 561 3220 768 3276; x_wconf 78' lang='grc' dir='ltr'>δοῦλε.</span> <span class='ocrx_word' id='word_1_194' title='bbox 793 3220 890 3274; x_wconf 83' lang='grc' dir='ltr'>Ἐκ</span> <span class='ocrx_word' id='word_1_195' title='bbox 913 3221 1020 3273; x_wconf 85' lang='grc' dir='ltr'><strong>τῶν</strong></span> <span class='ocrx_word' id='word_1_196' title='bbox 1046 3221 1222 3290; x_wconf 83' lang='grc' dir='ltr'>λόγων</span> <span class='ocrx_word' id='word_1_197' title='bbox 1252 3239 1370 3278; x_wconf 88' lang='grc' dir='ltr'>σου.</span> 
     </span>
    </p>
   </div>
   <div class='ocr_carea' id='block_1_32' title="bbox 262 3309 1782 3385">
    <p class='ocr_par' dir='ltr' id='par_1_32' title="bbox 262 3309 1782 3385">
     <span class='ocr_line' id='line_1_32' title="bbox 262 3309 1782 3385; baseline 0.005 -22"><span class='ocrx_word' id='word_1_198' title='bbox 262 3312 466 3383; x_wconf 82' lang='grc' dir='ltr'>’ᾙδεις</span> <span class='ocrx_word' id='word_1_199' title='bbox 516 3341 589 3352; x_wconf 91' lang='lat'><strong>-—</strong></span> <span class='ocrx_word' id='word_1_200' title='bbox 647 3312 989 3381; x_wconf 77' lang='grc' dir='ltr'>τράπεζαν;</span> <span class='ocrx_word' id='word_1_201' title='bbox 1028 3315 1150 3366; x_wconf 84' lang='grc' dir='ltr'>Ἐπὶ</span> <span class='ocrx_word' id='word_1_202' title='bbox 1210 3313 1571 3385; x_wconf 78' lang='grc' dir='ltr'><strong>τραπεζίτας.</strong></span> <span class='ocrx_word' id='word_1_203' title='bbox 1619 3309 1782 3371; x_wconf 66' lang='grc' dir='ltr'>Οὗτοι</span> 
     </span>
    </p>
   </div>
   <div class='ocr_carea' id='block_1_33' title="bbox 185 3399 1781 3479">
    <p class='ocr_par' dir='ltr' id='par_1_33' title="bbox 185 3399 1781 3479">
     <span class='ocr_line' id='line_1_33' title="bbox 185 3399 1781 3479; baseline 0.006 -25"><span class='ocrx_word' id='word_1_204' title='bbox 185 3402 231 3454; x_wconf 77' lang='grc' dir='ltr'>δ’</span> <span class='ocrx_word' id='word_1_205' title='bbox 260 3401 327 3456; x_wconf 80' lang='grc' dir='ltr'><strong>ἂν</strong></span> <span class='ocrx_word' id='word_1_206' title='bbox 361 3399 471 3458; x_wconf 75' lang='grc' dir='ltr'>εἷεν</span> <span class='ocrx_word' id='word_1_207' title='bbox 495 3407 542 3458; x_wconf 91' lang='grc' dir='ltr'>οἱ</span> <span class='ocrx_word' id='word_1_208' title='bbox 572 3407 864 3476; x_wconf 79' lang='grc' dir='ltr'>δυνάμενοι</span> <span class='ocrx_word' id='word_1_209' title='bbox 904 3407 1203 3479; x_wconf 70' lang='grc' dir='ltr'>διακρίνειν</span> <span class='ocrx_word' id='word_1_210' title='bbox 1234 3408 1295 3460; x_wconf 80' lang='grc' dir='ltr'><strong>τὸ</strong></span> <span class='ocrx_word' id='word_1_211' title='bbox 1326 3408 1490 3461; x_wconf 74' lang='grc' dir='ltr'>καλὸν</span> <span class='ocrx_word' id='word_1_212' title='bbox 1540 3408 1652 3462; x_wconf 79' lang='grc' dir='ltr'><strong>ἀπὸ</strong></span> <span class='ocrx_word' id='word_1_213' title='bbox 1683 3410 1781 3463; x_wconf 80' lang='grc' dir='ltr'>τοῦ</span> 
     </span>
    </p>
   </div>
   <div class='ocr_carea' id='block_1_34' title="bbox 189 3494 1782 3569">
    <p class='ocr_par' dir='ltr' id='par_1_34' title="bbox 189 3494 1782 3569">
     <span class='ocr_line' id='line_1_34' title="bbox 189 3494 1782 3569; baseline 0.006 -23"><span class='ocrx_word' id='word_1_214' title='bbox 189 3494 385 3549; x_wconf 75' lang='grc' dir='ltr'>κακοῦ.</span> <span class='ocrx_word' id='word_1_215' title='bbox 412 3496 577 3563; x_wconf 84' lang='grc' dir='ltr'>Λέγει</span> <span class='ocrx_word' id='word_1_216' title='bbox 600 3498 800 3564; x_wconf 81' lang='grc' dir='ltr'>τοίνυν,</span> <span class='ocrx_word' id='word_1_217' title='bbox 824 3499 905 3551; x_wconf 84' lang='grc' dir='ltr'>ὅτι</span> <span class='ocrx_word' id='word_1_218' title='bbox 931 3498 1084 3553; x_wconf 82' lang='grc' dir='ltr'>Ἐπεὶ</span> <span class='ocrx_word' id='word_1_219' title='bbox 1105 3501 1346 3553; x_wconf 84' lang='grc' dir='ltr'>τοιοῦτόν</span> <span class='ocrx_word' id='word_1_220' title='bbox 1369 3517 1437 3569; x_wconf 88' lang='grc' dir='ltr'>με</span> <span class='ocrx_word' id='word_1_221' title='bbox 1463 3501 1782 3569; x_wconf 75' lang='grc' dir='ltr'>ἐγίνωσκες,</span> 
     </span>
    </p>
   </div>
   <div class='ocr_carea' id='block_1_35' title="bbox 189 3588 1782 3662">
    <p class='ocr_par' dir='ltr' id='par_1_35' title="bbox 189 3588 1782 3662">
     <span class='ocr_line' id='line_1_35' title="bbox 189 3588 1782 3662; baseline 0.006 -24"><span class='ocrx_word' id='word_1_222' title='bbox 189 3588 373 3640; x_wconf 78' lang='grc' dir='ltr'>καίτοι·</span> <span class='ocrx_word' id='word_1_223' title='bbox 398 3588 473 3660; x_wconf 82' lang='grc' dir='ltr'><strong>μὴ</strong></span> <span class='ocrx_word' id='word_1_224' title='bbox 502 3590 746 3643; x_wconf 78' lang='grc' dir='ltr'>τοιοῦτον</span> <span class='ocrx_word' id='word_1_225' title='bbox 772 3591 922 3659; x_wconf 76' lang='grc' dir='ltr'>ὅντα,</span> <span class='ocrx_word' id='word_1_226' title='bbox 951 3592 1095 3645; x_wconf 79' lang='grc' dir='ltr'>διατι</span> <span class='ocrx_word' id='word_1_227' title='bbox 1128 3593 1189 3645; x_wconf 81' lang='grc' dir='ltr'><strong>οὐ</strong></span> <span class='ocrx_word' id='word_1_228' title='bbox 1237 3592 1443 3662; x_wconf 77' lang='grc' dir='ltr'>μᾶλλον</span> <span class='ocrx_word' id='word_1_229' title='bbox 1473 3594 1782 3648; x_wconf 79' lang='grc' dir='ltr'>κατεϐάλου</span> 
     </span>
    </p>
   </div>
   <div class='ocr_carea' id='block_1_36' title="bbox 189 3678 1783 3755">
    <p class='ocr_par' dir='ltr' id='par_1_36' title="bbox 189 3678 1783 3755">
     <span class='ocr_line' id='line_1_36' title="bbox 189 3678 1783 3755; baseline 0.006 -25"><span class='ocrx_word' id='word_1_230' title='bbox 189 3680 253 3730; x_wconf 79' lang='grc' dir='ltr'><strong>τὸ</strong></span> <span class='ocrx_word' id='word_1_231' title='bbox 274 3678 428 3732; x_wconf 81' lang='grc' dir='ltr'>δοθέν</span> <span class='ocrx_word' id='word_1_232' title='bbox 462 3697 544 3733; x_wconf 89' lang='grc' dir='ltr'><strong>σοι</strong></span> <span class='ocrx_word' id='word_1_233' title='bbox 579 3682 827 3753; x_wconf 82' lang='grc' dir='ltr'>χάρισμά</span> <span class='ocrx_word' id='word_1_234' title='bbox 857 3700 960 3753; x_wconf 86' lang='grc' dir='ltr'>μου</span> <span class='ocrx_word' id='word_1_235' title='bbox 1005 3684 1100 3737; x_wconf 75' lang='grc' dir='ltr'><strong>ἐπὶ</strong></span> <span class='ocrx_word' id='word_1_236' title='bbox 1129 3682 1507 3755; x_wconf 72' lang='grc' dir='ltr'>τραπεζίταςς</span> <span class='ocrx_word' id='word_1_237' title='bbox 1538 3684 1646 3738; x_wconf 81' lang='grc' dir='ltr'>ἔδει</span> <span class='ocrx_word' id='word_1_238' title='bbox 1674 3687 1783 3754; x_wconf 83' lang='grc' dir='ltr'>γάρ</span> 
     </span>
    </p>
   </div>
   <div class='ocr_carea' id='block_1_37' title="bbox 191 3767 1784 3845">
    <p class='ocr_par' dir='ltr' id='par_1_37' title="bbox 191 3767 1784 3845">
     <span class='ocr_line' id='line_1_37' title="bbox 191 3767 1784 3845; baseline 0.006 -27"><span class='ocrx_word' id='word_1_239' title='bbox 191 3783 252 3818; x_wconf 86' lang='grc' dir='ltr'><strong>σε</strong></span> <span class='ocrx_word' id='word_1_240' title='bbox 288 3767 395 3823; x_wconf 73' lang='grc' dir='ltr'>πᾶν</span> <span class='ocrx_word' id='word_1_241' title='bbox 442 3768 504 3821; x_wconf 84' lang='grc' dir='ltr'><strong>τὸ</strong></span> <span class='ocrx_word' id='word_1_242' title='bbox 546 3770 637 3822; x_wconf 86' lang='grc' dir='ltr'><strong>σὸν</strong></span> <span class='ocrx_word' id='word_1_243' title='bbox 692 3774 944 3843; x_wconf 71' lang='grc' dir='ltr'>ποιῆσαι,</span> <span class='ocrx_word' id='word_1_244' title='bbox 988 3772 1049 3825; x_wconf 86' lang='grc' dir='ltr'><strong>τὸ</strong></span> <span class='ocrx_word' id='word_1_245' title='bbox 1079 3772 1137 3825; x_wconf 84' lang='grc' dir='ltr'>δὲ</span> <span class='ocrx_word' id='word_1_246' title='bbox 1168 3773 1355 3827; x_wconf 77' lang='grc' dir='ltr'>λοιπὸν</span> <span class='ocrx_word' id='word_1_247' title='bbox 1387 3776 1515 3845; x_wconf 78' lang='grc' dir='ltr'>ἐμοὶ</span> <span class='ocrx_word' id='word_1_248' title='bbox 1555 3776 1784 3828; x_wconf 86' lang='grc' dir='ltr'>καταλι-</span> 
     </span>
    </p>
   </div>
   <div class='ocr_carea' id='block_1_38' title="bbox 191 3858 1780 3935">
    <p class='ocr_par' dir='ltr' id='par_1_38' title="bbox 191 3858 1780 3935">
     <span class='ocr_line' id='line_1_38' title="bbox 191 3858 1780 3935; baseline 0.007 -26"><span class='ocrx_word' id='word_1_249' title='bbox 191 3858 333 3921; x_wconf 84' lang='grc' dir='ltr'>πεῖν,</span> <span class='ocrx_word' id='word_1_250' title='bbox 368 3859 429 3911; x_wconf 84' lang='grc' dir='ltr'><strong>τδ</strong></span> <span class='ocrx_word' id='word_1_251' title='bbox 458 3860 847 3933; x_wconf 81' lang='grc' dir='ltr'>εὐχερέστερον</span> <span class='ocrx_word' id='word_1_252' title='bbox 875 3864 1012 3927; x_wconf 87' lang='grc' dir='ltr'>τέως</span> <span class='ocrx_word' id='word_1_253' title='bbox 1032 3864 1460 3935; x_wconf 69' lang='grc' dir='ltr'>διαπράξασθαι,</span> <span class='ocrx_word' id='word_1_254' title='bbox 1483 3867 1544 3919; x_wconf 77' lang='grc' dir='ltr'><strong>τὸ</strong></span> <span class='ocrx_word' id='word_1_255' title='bbox 1564 3867 1623 3918; x_wconf 83' lang='grc' dir='ltr'>δὲ</span> <span class='ocrx_word' id='word_1_256' title='bbox 1649 3866 1780 3921; x_wconf 80' lang='grc' dir='ltr'>δυσ-</span> 
     </span>
    </p>
   </div>
   <div class='ocr_carea' id='block_1_39' title="bbox 190 3950 1781 4033">
    <p class='ocr_par' dir='ltr' id='par_1_39' title="bbox 190 3950 1781 4033">
     <span class='ocr_line' id='line_1_39' title="bbox 190 3950 1781 4033; baseline 0.008 -30"><span class='ocrx_word' id='word_1_257' title='bbox 190 3950 519 4023; x_wconf 88' lang='grc' dir='ltr'>χερέστερον</span> <span class='ocrx_word' id='word_1_258' title='bbox 539 3954 667 4023; x_wconf 71' lang='grc' dir='ltr'>ἐμοὶ</span> <span class='ocrx_word' id='word_1_259' title='bbox 686 3955 1009 4026; x_wconf 71' lang='grc' dir='ltr'>ἐπιτρέψαι,</span> <span class='ocrx_word' id='word_1_260' title='bbox 1044 3956 1191 4026; x_wconf 79' lang='grc' dir='ltr'>λέγω</span> <span class='ocrx_word' id='word_1_261' title='bbox 1211 3958 1298 4029; x_wconf 81' lang='grc' dir='ltr'><strong>δὴ,</strong></span> <span class='ocrx_word' id='word_1_262' title='bbox 1334 3960 1429 4029; x_wconf 80' lang='grc' dir='ltr'>τὴν</span> <span class='ocrx_word' id='word_1_263' title='bbox 1452 3959 1781 4033; x_wconf 81' lang='grc' dir='ltr'>ἀπαίτησιν.</span> 
     </span>
    </p>
   </div>
   <div class='ocr_carea' id='block_1_40' title="bbox 268 4138 1785 4215">
    <p class='ocr_par' dir='ltr' id='par_1_40' title="bbox 268 4138 1785 4215">
     <span class='ocr_line' id='line_1_40' title="bbox 268 4138 1785 4215; baseline 0.004 -23"><span class='ocrx_word' id='word_1_264' title='bbox 268 4138 380 4194; x_wconf 83' lang='lat' dir='ltr'><strong>Kal</strong></span> <span class='ocrx_word' id='word_1_265' title='bbox 410 4140 527 4212; x_wconf 78' lang='grc' dir='ltr'><strong>ἐγὼ</strong></span> <span class='ocrx_word' id='word_1_266' title='bbox 554 4170 622 4181; x_wconf 95' lang='grc'><strong><em>-</em></strong></span> <span class='ocrx_word' id='word_1_267' title='bbox 644 4144 811 4199; x_wconf 85' lang='grc' dir='ltr'>αὑτό.</span> <span class='ocrx_word' id='word_1_268' title='bbox 850 4143 1188 4214; x_wconf 80' lang='grc' dir='ltr'>Είσέπραξα,</span> <span class='ocrx_word' id='word_1_269' title='bbox 1242 4143 1525 4215; x_wconf 75' lang='grc' dir='ltr'>ἀπῄτησα.</span> <span class='ocrx_word' id='word_1_270' title='bbox 1560 4145 1785 4199; x_wconf 87' lang='grc' dir='ltr'>Δάνειον</span> 
     </span>
    </p>
   </div>
   <div class='ocr_carea' id='block_1_41' title="bbox 197 4227 1779 4304">
    <p class='ocr_par' dir='ltr' id='par_1_41' title="bbox 197 4227 1779 4304">
     <span class='ocr_line' id='line_1_41' title="bbox 197 4227 1779 4304; baseline 0.004 -21"><span class='ocrx_word' id='word_1_271' title='bbox 197 4230 299 4301; x_wconf 80' lang='grc' dir='ltr'><strong>μὲν</strong></span> <span class='ocrx_word' id='word_1_272' title='bbox 327 4227 442 4301; x_wconf 80' lang='grc' dir='ltr'>οὖν,</span> <span class='ocrx_word' id='word_1_273' title='bbox 478 4235 511 4304; x_wconf 77' lang='grc' dir='ltr'>ἡ</span> <span class='ocrx_word' id='word_1_274' title='bbox 543 4234 886 4291; x_wconf 85' lang='grc' dir='ltr'>διδασκαλία·</span> <span class='ocrx_word' id='word_1_275' title='bbox 947 4237 1107 4299; x_wconf 84' lang='grc' dir='ltr'>τόκος</span> <span class='ocrx_word' id='word_1_276' title='bbox 1135 4236 1194 4288; x_wconf 79' lang='grc' dir='ltr'><strong>δὲ</strong></span> <span class='ocrx_word' id='word_1_277' title='bbox 1241 4237 1489 4289; x_wconf 87' lang='grc' dir='ltr'>τοιούτου</span> <span class='ocrx_word' id='word_1_278' title='bbox 1542 4236 1779 4303; x_wconf 84' lang='grc' dir='ltr'>δανείου,</span> 
     </span>
    </p>
   </div>
   <div class='ocr_carea' id='block_1_42' title="bbox 195 4325 1783 4400">
    <p class='ocr_par' dir='ltr' id='par_1_42' title="bbox 195 4325 1783 4400">
     <span class='ocr_line' id='line_1_42' title="bbox 195 4325 1783 4400; baseline 0.004 -24"><span class='ocrx_word' id='word_1_279' title='bbox 195 4326 253 4378; x_wconf 82' lang='lat' dir='ltr'><strong>al</strong></span> <span class='ocrx_word' id='word_1_280' title='bbox 288 4327 350 4378; x_wconf 81' lang='grc' dir='ltr'>ὲκ</span> <span class='ocrx_word' id='word_1_281' title='bbox 379 4325 729 4393; x_wconf 83' lang='grc' dir='ltr'>διδασκαλίας</span> <span class='ocrx_word' id='word_1_282' title='bbox 778 4327 990 4400; x_wconf 84' lang='grc' dir='ltr'>ἀρεταί.</span> <span class='ocrx_word' id='word_1_283' title='bbox 1022 4328 1191 4382; x_wconf 81' lang='grc' dir='ltr'>Τόκον</span> <span class='ocrx_word' id='word_1_284' title='bbox 1221 4327 1299 4393; x_wconf 83' lang='grc' dir='ltr'>δὲ,</span> <span class='ocrx_word' id='word_1_285' title='bbox 1330 4326 1430 4398; x_wconf 77' lang='grc' dir='ltr'>τὴν</span> <span class='ocrx_word' id='word_1_286' title='bbox 1464 4328 1783 4398; x_wconf 81' lang='grc' dir='ltr'>ὲπικερδίαν</span> 
     </span>
    </p>
   </div>
   <div class='ocr_carea' id='block_1_43' title="bbox 196 4414 1510 4493">
    <p class='ocr_par' dir='ltr' id='par_1_43' title="bbox 196 4414 1510 4493">
     <span class='ocr_line' id='line_1_43' title="bbox 196 4414 1510 4493; baseline 0.005 -25"><span class='ocrx_word' id='word_1_287' title='bbox 196 4414 377 4479; x_wconf 60' lang='lat' dir='ltr'><strong>ante,</strong></span> <span class='ocrx_word' id='word_1_288' title='bbox 408 4417 717 4490; x_wconf 83' lang='grc' dir='ltr'>ὠνόμασεν,</span> <span class='ocrx_word' id='word_1_289' title='bbox 747 4423 815 4493; x_wconf 74' lang='grc' dir='ltr'>τῇ</span> <span class='ocrx_word' id='word_1_290' title='bbox 851 4419 1113 4493; x_wconf 74' lang='grc' dir='ltr'>συνηθείᾳ</span> <span class='ocrx_word' id='word_1_291' title='bbox 1142 4419 1510 4491; x_wconf 85' lang='grc' dir='ltr'>χρησάμενος.</span> 
     </span>
    </p>
   </div>
   <div class='ocr_carea' id='block_1_44' title="bbox 264 4603 1779 4679">
    <p class='ocr_par' dir='ltr' id='par_1_44' title="bbox 264 4603 1779 4679">
     <span class='ocr_line' id='line_1_44' title="bbox 264 4603 1779 4679; baseline 0 -20"><span class='ocrx_word' id='word_1_292' title='bbox 264 4608 372 4667; x_wconf 78' lang='grc' dir='ltr'><strong>Καὶ</strong></span> <span class='ocrx_word' id='word_1_293' title='bbox 408 4606 532 4673; x_wconf 85' lang='grc' dir='ltr'>τοῖς</span> <span class='ocrx_word' id='word_1_294' title='bbox 577 4608 967 4675; x_wconf 78' lang='grc' dir='ltr'>παρεστῶσιν</span> <span class='ocrx_word' id='word_1_295' title='bbox 1020 4603 1172 4662; x_wconf 76' lang='grc' dir='ltr'>εἷπε.</span> <span class='ocrx_word' id='word_1_296' title='bbox 1230 4607 1354 4670; x_wconf 81' lang='grc' dir='ltr'>Τοῖς</span> <span class='ocrx_word' id='word_1_297' title='bbox 1410 4606 1779 4679; x_wconf 75' lang='grc' dir='ltr'>ὑπηρετοῦσιν</span> 
     </span>
    </p>
   </div>
   <div class='ocr_carea' id='block_1_45' title="bbox 196 4698 474 4766">
    <p class='ocr_par' dir='ltr' id='par_1_45' title="bbox 196 4698 474 4766">
     <span class='ocr_line' id='line_1_45' title="bbox 196 4698 474 4766; baseline 0 -15"><span class='ocrx_word' id='word_1_298' title='bbox 196 4698 474 4766; x_wconf 82' lang='grc' dir='ltr'>ἀγγέλοις.</span> 
     </span>
    </p>
   </div>
   <div class='ocr_carea' id='block_1_46' title="bbox 271 4786 1783 4863">
    <p class='ocr_par' dir='ltr' id='par_1_46' title="bbox 271 4786 1783 4863">
     <span class='ocr_line' id='line_1_46' title="bbox 271 4786 1783 4863; baseline 0 -20"><span class='ocrx_word' id='word_1_299' title='bbox 271 4792 547 4859; x_wconf 70' lang='grc' dir='ltr'>Ἀρατει-</span> <span class='ocrx_word' id='word_1_300' title='bbox 601 4794 819 4859; x_wconf 73' lang='grc' dir='ltr'>ἔχοντι.</span> <span class='ocrx_word' id='word_1_301' title='bbox 851 4794 1057 4863; x_wconf 81' lang='grc' dir='ltr'>Ἀρατε</span> <span class='ocrx_word' id='word_1_302' title='bbox 1112 4790 1208 4843; x_wconf 83' lang='grc' dir='ltr'>ἀπ’</span> <span class='ocrx_word' id='word_1_303' title='bbox 1238 4786 1407 4841; x_wconf 79' lang='grc' dir='ltr'>αὐτοῦ</span> <span class='ocrx_word' id='word_1_304' title='bbox 1441 4789 1503 4842; x_wconf 78' lang='grc' dir='ltr'>τὸ</span> <span class='ocrx_word' id='word_1_305' title='bbox 1532 4789 1783 4860; x_wconf 78' lang='grc' dir='ltr'>χάρισμα</span> 
     </span>
    </p>
   </div>
   <div class='ocr_carea' id='block_1_47' title="bbox 199 4881 1782 4954">
    <p class='ocr_par' dir='ltr' id='par_1_47' title="bbox 199 4881 1782 4954">
     <span class='ocr_line' id='line_1_47' title="bbox 199 4881 1782 4954; baseline 0.001 -21"><span class='ocrx_word' id='word_1_306' title='bbox 199 4882 299 4951; x_wconf 82' lang='grc' dir='ltr'>τῆς</span> <span class='ocrx_word' id='word_1_307' title='bbox 324 4881 698 4949; x_wconf 65' lang='grc' dir='ltr'>δςδασκαλίας,</span> <span class='ocrx_word' id='word_1_308' title='bbox 724 4885 820 4938; x_wconf 70' lang='grc' dir='ltr'>καὶ</span> <span class='ocrx_word' id='word_1_309' title='bbox 841 4885 959 4938; x_wconf 88' lang='grc' dir='ltr'>δότε</span> <span class='ocrx_word' id='word_1_310' title='bbox 990 4883 1123 4938; x_wconf 81' lang='grc' dir='ltr'>αὐτὸ</span> <span class='ocrx_word' id='word_1_311' title='bbox 1152 4884 1232 4945; x_wconf 85' lang='grc' dir='ltr'>εἰς</span> <span class='ocrx_word' id='word_1_312' title='bbox 1261 4883 1587 4954; x_wconf 80' lang='grc' dir='ltr'>προσθήκην</span> <span class='ocrx_word' id='word_1_313' title='bbox 1608 4883 1782 4953; x_wconf 80' lang='grc' dir='ltr'>τιμῆς</span> 
     </span>
    </p>
   </div>
   <div class='ocr_carea' id='block_1_48' title="bbox 200 4974 962 5048">
    <p class='ocr_par' dir='ltr' id='par_1_48' title="bbox 200 4974 962 5048">
     <span class='ocr_line' id='line_1_48' title="bbox 200 4974 962 5048; baseline 0.007 -21"><span class='ocrx_word' id='word_1_314' title='bbox 200 4974 275 5045; x_wconf 78' lang='grc' dir='ltr'>τῷ</span> <span class='ocrx_word' id='word_1_315' title='bbox 299 4974 477 5044; x_wconf 82' lang='grc' dir='ltr'>ἔχοντι</span> <span class='ocrx_word' id='word_1_316' title='bbox 513 4977 611 5039; x_wconf 77' lang='grc' dir='ltr'><strong>τὰς</strong></span> <span class='ocrx_word' id='word_1_317' title='bbox 640 4977 770 5030; x_wconf 84' lang='grc' dir='ltr'>δέκα</span> <span class='ocrx_word' id='word_1_318' title='bbox 801 4979 962 5048; x_wconf 80' lang='grc' dir='ltr'>μνᾶς.</span> 
     </span>
    </p>
   </div>
   <div class='ocr_carea' id='block_1_49' title="bbox 269 5067 1565 5141">
    <p class='ocr_par' dir='ltr' id='par_1_49' title="bbox 269 5067 1565 5141">
     <span class='ocr_line' id='line_1_49' title="bbox 269 5067 1565 5141; baseline -0.001 -20"><span class='ocrx_word' id='word_1_319' title='bbox 269 5070 377 5121; x_wconf 82' lang='grc' dir='ltr'><strong>Καὶ</strong></span> <span class='ocrx_word' id='word_1_320' title='bbox 401 5067 574 5123; x_wconf 80' lang='grc' dir='ltr'>εἷπον</span> <span class='ocrx_word' id='word_1_321' title='bbox 595 5099 661 5110; x_wconf 88' lang='grc'><strong><em>--</em></strong></span> <span class='ocrx_word' id='word_1_322' title='bbox 680 5069 859 5140; x_wconf 85' lang='grc' dir='ltr'>μνᾶς.</span> <span class='ocrx_word' id='word_1_323' title='bbox 885 5071 1042 5141; x_wconf 85' lang='grc' dir='ltr'>Ἔχει</span> <span class='ocrx_word' id='word_1_324' title='bbox 1069 5067 1347 5139; x_wconf 75' lang='grc' dir='ltr'>ἀρκοῦσαν</span> <span class='ocrx_word' id='word_1_325' title='bbox 1373 5067 1565 5139; x_wconf 78' lang='grc' dir='ltr'>τιμήν.</span> 
     </span>
    </p>
   </div>
   <div class='ocr_carea' id='block_1_50' title="bbox 272 5260 1787 5333">
    <p class='ocr_par' dir='ltr' id='par_1_50' title="bbox 272 5260 1787 5333">
     <span class='ocr_line' id='line_1_50' title="bbox 272 5260 1787 5333; baseline -0.001 -19"><span class='ocrx_word' id='word_1_326' title='bbox 272 5261 434 5329; x_wconf 76' lang='grc' dir='ltr'>Λέγω</span> <span class='ocrx_word' id='word_1_327' title='bbox 482 5292 549 5302; x_wconf 91' lang='grc'><strong><em>-</em></strong></span> <span class='ocrx_word' id='word_1_328' title='bbox 578 5262 1150 5331; x_wconf 73' lang='grc' dir='ltr'>περισσευθήὰεται.</span> <span class='ocrx_word' id='word_1_329' title='bbox 1196 5261 1262 5319; x_wconf 86' lang='lat' dir='ltr'><strong>Ol</strong></span> <span class='ocrx_word' id='word_1_330' title='bbox 1293 5262 1393 5333; x_wconf 77' lang='grc' dir='ltr'><strong>μὲν</strong></span> <span class='ocrx_word' id='word_1_331' title='bbox 1434 5260 1787 5332; x_wconf 83' lang='grc' dir='ltr'>παρεστῶτες</span> 
     </span>
    </p>
   </div>
   <div class='ocr_carea' id='block_1_51' title="bbox 205 5350 1785 5427">
    <p class='ocr_par' dir='ltr' id='par_1_51' title="bbox 205 5350 1785 5427">
     <span class='ocr_line' id='line_1_51' title="bbox 205 5350 1785 5427; baseline 0 -20"><span class='ocrx_word' id='word_1_332' title='bbox 205 5350 381 5422; x_wconf 74' lang='grc' dir='ltr'>εἷπον,</span> <span class='ocrx_word' id='word_1_333' title='bbox 416 5355 497 5409; x_wconf 82' lang='grc' dir='ltr'>ὅτι</span> <span class='ocrx_word' id='word_1_334' title='bbox 546 5356 701 5425; x_wconf 83' lang='grc' dir='ltr'>Ἔχει</span> <span class='ocrx_word' id='word_1_335' title='bbox 732 5356 1013 5427; x_wconf 77' lang='grc' dir='ltr'>ἀρκοῦσαν</span> <span class='ocrx_word' id='word_1_336' title='bbox 1065 5355 1255 5426; x_wconf 80' lang='grc' dir='ltr'>τιμήν·</span> <span class='ocrx_word' id='word_1_337' title='bbox 1288 5353 1455 5419; x_wconf 79' lang='grc' dir='ltr'>αὐτὸς</span> <span class='ocrx_word' id='word_1_338' title='bbox 1486 5354 1545 5407; x_wconf 85' lang='grc' dir='ltr'><strong>δέ</strong></span> <span class='ocrx_word' id='word_1_339' title='bbox 1595 5371 1785 5426; x_wconf 85' lang='grc' dir='ltr'>φησιν,</span> 
     </span>
    </p>
   </div>
   <div class='ocr_carea' id='block_1_52' title="bbox 1874 637 2234 707">
    <p class='ocr_par' dir='ltr' id='par_1_52' title="bbox 1874 637 2234 707">
     <span class='ocr_line' id='line_1_52' title="bbox 1874 637 2234 707; baseline 0.014 -18"><span class='ocrx_word' id='word_1_340' title='bbox 1874 637 2059 707; x_wconf 65' lang='lat' dir='ltr'><strong>gloria:</strong></span> <span class='ocrx_word' id='word_1_341' title='bbox 2099 655 2234 693; x_wconf 67' lang='lat' dir='ltr'><strong>suae.</strong></span> 
     </span>
    </p>
   </div>
   <div class='ocr_carea' id='block_1_53' title="bbox 1952 729 3469 803">
    <p class='ocr_par' dir='ltr' id='par_1_53' title="bbox 1952 729 3469 803">
     <span class='ocr_line' id='line_1_53' title="bbox 1952 729 3469 803; baseline 0.005 -21"><span class='ocrx_word' id='word_1_342' title='bbox 1952 729 2105 784; x_wconf 87' lang='lat' dir='ltr'><strong>Vers.</strong></span> <span class='ocrx_word' id='word_1_343' title='bbox 2172 731 2255 784; x_wconf 85' lang='grc'><strong>15.</strong></span> <span class='ocrx_word' id='word_1_344' title='bbox 2310 729 2588 801; x_wconf 80' lang='lat' dir='ltr'><strong>Jussitque</strong></span> <span class='ocrx_word' id='word_1_345' title='bbox 2641 764 2712 772; x_wconf 95' lang='lat'><strong><em>—</em></strong></span> <span class='ocrx_word' id='word_1_346' title='bbox 2772 735 3073 803; x_wconf 81' lang='lat' dir='ltr'><strong>negotiatus</strong></span> <span class='ocrx_word' id='word_1_347' title='bbox 3133 745 3287 789; x_wconf 82' lang='lat' dir='ltr'><strong>esset.</strong></span> <span class='ocrx_word' id='word_1_348' title='bbox 3330 732 3469 790; x_wconf 82' lang='lat' dir='ltr'><strong>Nam</strong></span> 
     </span>
    </p>
   </div>
   <div class='ocr_carea' id='block_1_54' title="bbox 1878 824 3469 897">
    <p class='ocr_par' dir='ltr' id='par_1_54' title="bbox 1878 824 3469 897">
     <span class='ocr_line' id='line_1_54' title="bbox 1878 824 3469 897; baseline 0.004 -21"><span class='ocrx_word' id='word_1_349' title='bbox 1878 831 2009 876; x_wconf 88' lang='lat' dir='ltr'><strong>tunc</strong></span> <span class='ocrx_word' id='word_1_350' title='bbox 2032 824 2298 878; x_wconf 80' lang='lat' dir='ltr'><strong>rationem</strong></span> <span class='ocrx_word' id='word_1_351' title='bbox 2318 838 2530 893; x_wconf 87' lang='lat' dir='ltr'><strong>ponens</strong></span> <span class='ocrx_word' id='word_1_352' title='bbox 2564 825 2759 879; x_wconf 77' lang='lat' dir='ltr'><strong>reddet</strong></span> <span class='ocrx_word' id='word_1_353' title='bbox 2786 826 3088 894; x_wconf 87' lang='lat' dir='ltr'><strong>unicuique</strong></span> <span class='ocrx_word' id='word_1_354' title='bbox 3114 826 3272 895; x_wconf 79' lang='lat' dir='ltr'><strong>juxta</strong></span> <span class='ocrx_word' id='word_1_355' title='bbox 3299 842 3469 897; x_wconf 78' lang='lat' dir='ltr'><strong>Opera</strong></span> 
     </span>
    </p>
   </div>
   <div class='ocr_carea' id='block_1_55' title="bbox 1874 929 1994 967">
    <p class='ocr_par' dir='ltr' id='par_1_55' title="bbox 1874 929 1994 967">
     <span class='ocr_line' id='line_1_55' title="bbox 1874 929 1994 967; baseline 0 0"><span class='ocrx_word' id='word_1_356' title='bbox 1874 929 1994 967; x_wconf 88' lang='lat' dir='ltr'><strong>sua.</strong></span> 
     </span>
    </p>
   </div>
   <div class='ocr_carea' id='block_1_56' title="bbox 1947 1006 3475 1071">
    <p class='ocr_par' dir='ltr' id='par_1_56' title="bbox 1947 1006 3475 1071">
     <span class='ocr_line' id='line_1_56' title="bbox 1947 1006 3475 1071; baseline 0.002 -10"><span class='ocrx_word' id='word_1_357' title='bbox 1947 1006 2105 1061; x_wconf 85' lang='lat' dir='ltr'><strong>Vers.</strong></span> <span class='ocrx_word' id='word_1_358' title='bbox 2142 1007 2226 1061; x_wconf 86' lang='grc'><strong>16.</strong></span> <span class='ocrx_word' id='word_1_359' title='bbox 2269 1007 2423 1062; x_wconf 85' lang='lat' dir='ltr'><strong>Venit</strong></span> <span class='ocrx_word' id='word_1_360' title='bbox 2458 1039 2528 1047; x_wconf 96' lang='lat'><strong>—</strong></span> <span class='ocrx_word' id='word_1_361' title='bbox 2557 1009 2759 1065; x_wconf 79' lang='lat' dir='ltr'><strong>minas.</strong></span> <span class='ocrx_word' id='word_1_362' title='bbox 2790 1008 2896 1063; x_wconf 78' lang='lat' dir='ltr'><strong>Per</strong></span> <span class='ocrx_word' id='word_1_363' title='bbox 2924 1010 3215 1071; x_wconf 89' lang='lat' dir='ltr'><strong>denarium</strong></span> <span class='ocrx_word' id='word_1_364' title='bbox 3274 1028 3475 1066; x_wconf 73' lang='lat' dir='ltr'><strong>nume-</strong></span> 
     </span>
    </p>
   </div>
   <div class='ocr_carea' id='block_1_57' title="bbox 1876 1098 3469 1172">
    <p class='ocr_par' dir='ltr' id='par_1_57' title="bbox 1876 1098 3469 1172">
     <span class='ocr_line' id='line_1_57' title="bbox 1876 1098 3469 1172; baseline 0.006 -24"><span class='ocrx_word' id='word_1_365' title='bbox 1876 1112 1996 1149; x_wconf 78' lang='lat' dir='ltr'><strong>rum</strong></span> <span class='ocrx_word' id='word_1_366' title='bbox 2036 1098 2203 1150; x_wconf 81' lang='lat' dir='ltr'><strong>etiam</strong></span> <span class='ocrx_word' id='word_1_367' title='bbox 2240 1098 2329 1153; x_wconf 90' lang='lat' dir='ltr'><strong>hic</strong></span> <span class='ocrx_word' id='word_1_368' title='bbox 2397 1100 2835 1164; x_wconf 86' lang='lat' dir='ltr'><strong>multitudinem,</strong></span> <span class='ocrx_word' id='word_1_369' title='bbox 2872 1100 2987 1155; x_wconf 83' lang='lat' dir='ltr'><strong>sive</strong></span> <span class='ocrx_word' id='word_1_370' title='bbox 3033 1102 3469 1172; x_wconf 90' lang='lat' dir='ltr'><strong>magnitudinem</strong></span> 
     </span>
    </p>
   </div>
   <div class='ocr_carea' id='block_1_58' title="bbox 1877 1187 2393 1255">
    <p class='ocr_par' dir='ltr' id='par_1_58' title="bbox 1877 1187 2393 1255">
     <span class='ocr_line' id='line_1_58' title="bbox 1877 1187 2393 1255; baseline 0.01 -17"><span class='ocrx_word' id='word_1_371' title='bbox 1877 1187 2015 1241; x_wconf 88' lang='lat' dir='ltr'><strong>lucri</strong></span> <span class='ocrx_word' id='word_1_372' title='bbox 2035 1189 2393 1255; x_wconf 78' lang='lat' dir='ltr'><strong>signiﬁcavit.</strong></span> 
     </span>
    </p>
   </div>
   <div class='ocr_carea' id='block_1_59' title="bbox 1950 1278 3473 1353">
    <p class='ocr_par' dir='ltr' id='par_1_59' title="bbox 1950 1278 3473 1353">
     <span class='ocr_line' id='line_1_59' title="bbox 1950 1278 3473 1353; baseline 0.005 -22"><span class='ocrx_word' id='word_1_373' title='bbox 1950 1278 2105 1333; x_wconf 78' lang='lat' dir='ltr'><strong>V’ers.</strong></span> <span class='ocrx_word' id='word_1_374' title='bbox 2147 1281 2233 1335; x_wconf 83' lang='lat' dir='ltr'><strong>l7.</strong></span> <span class='ocrx_word' id='word_1_375' title='bbox 2268 1281 2337 1334; x_wconf 82' lang='lat' dir='ltr'><strong>Et</strong></span> <span class='ocrx_word' id='word_1_376' title='bbox 2367 1284 2443 1335; x_wconf 92' lang='lat' dir='ltr'><strong>ait</strong></span> <span class='ocrx_word' id='word_1_377' title='bbox 2471 1311 2542 1321; x_wconf 89' lang='lat'><strong>—-</strong></span> <span class='ocrx_word' id='word_1_378' title='bbox 2576 1282 2744 1353; x_wconf 80' lang='lat' dir='ltr'><strong>fuisti.</strong></span> <span class='ocrx_word' id='word_1_379' title='bbox 2776 1281 2925 1336; x_wconf 83' lang='lat' dir='ltr'><strong>Bene</strong></span> <span class='ocrx_word' id='word_1_380' title='bbox 2942 1283 3224 1351; x_wconf 77' lang='lat' dir='ltr'><strong>precantis</strong></span> <span class='ocrx_word' id='word_1_381' title='bbox 3246 1292 3352 1349; x_wconf 90' lang='lat' dir='ltr'><strong>est,</strong></span> <span class='ocrx_word' id='word_1_382' title='bbox 3386 1286 3473 1338; x_wconf 85' lang='lat' dir='ltr'><strong>vel</strong></span> 
     </span>
    </p>
   </div>
   <div class='ocr_carea' id='block_1_60' title="bbox 1874 1370 3473 1444">
    <p class='ocr_par' dir='ltr' id='par_1_60' title="bbox 1874 1370 3473 1444">
     <span class='ocr_line' id='line_1_60' title="bbox 1874 1370 3473 1444; baseline 0.003 -22"><span class='ocrx_word' id='word_1_383' title='bbox 1874 1370 2169 1435; x_wconf 75' lang='lat' dir='ltr'><strong>laudantis,</strong></span> <span class='ocrx_word' id='word_1_384' title='bbox 2229 1373 2569 1426; x_wconf 90' lang='lat' dir='ltr'><strong>contrarium</strong></span> <span class='ocrx_word' id='word_1_385' title='bbox 2625 1374 2738 1429; x_wconf 71' lang='lat' dir='ltr'><strong>Var.</strong></span> <span class='ocrx_word' id='word_1_386' title='bbox 2807 1372 2955 1428; x_wconf 86' lang='lat' dir='ltr'><strong>Bene</strong></span> <span class='ocrx_word' id='word_1_387' title='bbox 2984 1374 3081 1429; x_wconf 91' lang='lat' dir='ltr'><strong>tibi</strong></span> <span class='ocrx_word' id='word_1_388' title='bbox 3110 1375 3205 1437; x_wconf 90' lang='lat' dir='ltr'><strong>sit,</strong></span> <span class='ocrx_word' id='word_1_389' title='bbox 3266 1376 3392 1444; x_wconf 84' lang='lat' dir='ltr'><strong>quia</strong></span> <span class='ocrx_word' id='word_1_390' title='bbox 3418 1376 3473 1427; x_wconf 91' lang='lat' dir='ltr'><strong>in</strong></span> 
     </span>
    </p>
   </div>
   <div class='ocr_carea' id='block_1_61' title="bbox 1877 1463 2653 1530">
    <p class='ocr_par' dir='ltr' id='par_1_61' title="bbox 1877 1463 2653 1530">
     <span class='ocr_line' id='line_1_61' title="bbox 1877 1463 2653 1530; baseline 0.001 -16"><span class='ocrx_word' id='word_1_391' title='bbox 1877 1476 1986 1515; x_wconf 89' lang='lat' dir='ltr'><strong>una</strong></span> <span class='ocrx_word' id='word_1_392' title='bbox 2023 1463 2171 1515; x_wconf 88' lang='lat' dir='ltr'><strong>mina</strong></span> <span class='ocrx_word' id='word_1_393' title='bbox 2213 1463 2452 1530; x_wconf 80' lang='lat' dir='ltr'><strong>diligens</strong></span> <span class='ocrx_word' id='word_1_394' title='bbox 2473 1464 2653 1517; x_wconf 77' lang='lat' dir='ltr'><strong>fuisti.</strong></span> 
     </span>
    </p>
   </div>
   <div class='ocr_carea' id='block_1_62' title="bbox 1949 1552 3475 1626">
    <p class='ocr_par' dir='ltr' id='par_1_62' title="bbox 1949 1552 3475 1626">
     <span class='ocr_line' id='line_1_62' title="bbox 1949 1552 3475 1626; baseline 0.003 -19"><span class='ocrx_word' id='word_1_395' title='bbox 1949 1552 2101 1607; x_wconf 74' lang='lat' dir='ltr'><strong>Vers.</strong></span> <span class='ocrx_word' id='word_1_396' title='bbox 2136 1554 2221 1607; x_wconf 83' lang='lat' dir='ltr'><strong>l7.</strong></span> <span class='ocrx_word' id='word_1_397' title='bbox 2254 1555 2463 1608; x_wconf 82' lang='lat' dir='ltr'><strong>Habeto</strong></span> <span class='ocrx_word' id='word_1_398' title='bbox 2496 1563 2815 1621; x_wconf 79' lang='lat' dir='ltr'><strong>potestatem</strong></span> <span class='ocrx_word' id='word_1_399' title='bbox 2846 1584 2917 1595; x_wconf 92' lang='lat'><strong><em>—</em></strong></span> <span class='ocrx_word' id='word_1_400' title='bbox 2945 1555 3210 1609; x_wconf 79' lang='lat' dir='ltr'><strong>civitates.</strong></span> <span class='ocrx_word' id='word_1_401' title='bbox 3243 1555 3347 1610; x_wconf 90' lang='lat' dir='ltr'><strong>Per</strong></span> <span class='ocrx_word' id='word_1_402' title='bbox 3379 1572 3475 1626; x_wconf 90' lang='lat' dir='ltr'><strong>po-</strong></span> 
     </span>
    </p>
   </div>
   <div class='ocr_carea' id='block_1_63' title="bbox 1876 1646 3474 1714">
    <p class='ocr_par' dir='ltr' id='par_1_63' title="bbox 1876 1646 3474 1714">
     <span class='ocr_line' id='line_1_63' title="bbox 1876 1646 3474 1714; baseline 0.004 -18"><span class='ocrx_word' id='word_1_403' title='bbox 1876 1652 2129 1697; x_wconf 85' lang='lat' dir='ltr'><strong>testatem</strong></span> <span class='ocrx_word' id='word_1_404' title='bbox 2157 1660 2327 1714; x_wconf 87' lang='lat' dir='ltr'><strong>super</strong></span> <span class='ocrx_word' id='word_1_405' title='bbox 2391 1646 2584 1701; x_wconf 86' lang='lat' dir='ltr'><strong>decem</strong></span> <span class='ocrx_word' id='word_1_406' title='bbox 2630 1646 2907 1710; x_wconf 81' lang='lat' dir='ltr'><strong>civitates,</strong></span> <span class='ocrx_word' id='word_1_407' title='bbox 2957 1648 3170 1700; x_wconf 85' lang='lat' dir='ltr'><strong>variam</strong></span> <span class='ocrx_word' id='word_1_408' title='bbox 3218 1647 3474 1703; x_wconf 86' lang='lat' dir='ltr'><strong>benetlcii</strong></span> 
     </span>
    </p>
   </div>
   <div class='ocr_carea' id='block_1_64' title="bbox 1876 1737 3153 1807">
    <p class='ocr_par' dir='ltr' id='par_1_64' title="bbox 1876 1737 3153 1807">
     <span class='ocr_line' id='line_1_64' title="bbox 1876 1737 3153 1807; baseline 0.004 -19"><span class='ocrx_word' id='word_1_409' title='bbox 1876 1737 2313 1807; x_wconf 84' lang='lat' dir='ltr'><strong>magnitudinem</strong></span> <span class='ocrx_word' id='word_1_410' title='bbox 2337 1753 2403 1793; x_wconf 90' lang='lat' dir='ltr'><strong>ac</strong></span> <span class='ocrx_word' id='word_1_411' title='bbox 2426 1739 2691 1792; x_wconf 86' lang='lat' dir='ltr'><strong>honorem</strong></span> <span class='ocrx_word' id='word_1_412' title='bbox 2725 1738 3153 1793; x_wconf 83' lang='lat' dir='ltr'><strong>demonstravit.</strong></span> 
     </span>
    </p>
   </div>
   <div class='ocr_carea' id='block_1_65' title="bbox 1949 1825 3477 1888">
    <p class='ocr_par' dir='ltr' id='par_1_65' title="bbox 1949 1825 3477 1888">
     <span class='ocr_line' id='line_1_65' title="bbox 1949 1825 3477 1888; baseline 0.002 -5"><span class='ocrx_word' id='word_1_413' title='bbox 1949 1825 2104 1883; x_wconf 79' lang='lat' dir='ltr'><strong>Vers.</strong></span> <span class='ocrx_word' id='word_1_414' title='bbox 2141 1831 2228 1884; x_wconf 88' lang='grc'>18.</span> <span class='ocrx_word' id='word_1_415' title='bbox 2283 1829 2352 1884; x_wconf 83' lang='lat' dir='ltr'><strong>Et</strong></span> <span class='ocrx_word' id='word_1_416' title='bbox 2389 1832 2528 1885; x_wconf 82' lang='lat' dir='ltr'><strong>venit</strong></span> <span class='ocrx_word' id='word_1_417' title='bbox 2566 1862 2631 1874; x_wconf 89' lang='lat'><strong><em>—</em></strong></span> <span class='ocrx_word' id='word_1_418' title='bbox 2661 1831 2819 1885; x_wconf 85' lang='lat' dir='ltr'><strong>Vers.</strong></span> <span class='ocrx_word' id='word_1_419' title='bbox 2882 1830 2969 1884; x_wconf 88' lang='grc'>19.</span> <span class='ocrx_word' id='word_1_420' title='bbox 3010 1829 3288 1887; x_wconf 81' lang='lat' dir='ltr'><strong>Civitates.</strong></span> <span class='ocrx_word' id='word_1_421' title='bbox 3342 1833 3477 1888; x_wconf 87' lang='lat' dir='ltr'><strong>Cor-</strong></span> 
     </span>
    </p>
   </div>
   <div class='ocr_carea' id='block_1_66' title="bbox 1877 1921 3478 1993">
    <p class='ocr_par' dir='ltr' id='par_1_66' title="bbox 1877 1921 3478 1993">
     <span class='ocr_line' id='line_1_66' title="bbox 1877 1921 3478 1993; baseline 0.002 -18"><span class='ocrx_word' id='word_1_422' title='bbox 1877 1921 2129 1975; x_wconf 79' lang='lat' dir='ltr'><strong>formiter</strong></span> <span class='ocrx_word' id='word_1_423' title='bbox 2156 1922 2223 1976; x_wconf 87' lang='lat' dir='ltr'><strong>ad</strong></span> <span class='ocrx_word' id='word_1_424' title='bbox 2250 1938 2568 1976; x_wconf 84' lang='lat' dir='ltr'><strong>mensuram</strong></span> <span class='ocrx_word' id='word_1_425' title='bbox 2606 1922 2775 1977; x_wconf 91' lang='lat' dir='ltr'><strong>studii</strong></span> <span class='ocrx_word' id='word_1_426' title='bbox 2824 1924 3094 1993; x_wconf 85' lang='lat' dir='ltr'><strong>cujusque</strong></span> <span class='ocrx_word' id='word_1_427' title='bbox 3118 1932 3478 1979; x_wconf 87' lang='lat' dir='ltr'><strong>mensuratur</strong></span> 
     </span>
    </p>
   </div>
   <div class='ocr_carea' id='block_1_67' title="bbox 1876 2014 2616 2070">
    <p class='ocr_par' dir='ltr' id='par_1_67' title="bbox 1876 2014 2616 2070">
     <span class='ocr_line' id='line_1_67' title="bbox 1876 2014 2616 2070; baseline 0.003 -3"><span class='ocrx_word' id='word_1_428' title='bbox 1876 2021 1932 2067; x_wconf 87' lang='lat' dir='ltr'><strong>et</strong></span> <span class='ocrx_word' id='word_1_429' title='bbox 1968 2014 2143 2067; x_wconf 86' lang='lat' dir='ltr'><strong>honor</strong></span> <span class='ocrx_word' id='word_1_430' title='bbox 2166 2030 2230 2068; x_wconf 88' lang='lat' dir='ltr'><strong>ac</strong></span> <span class='ocrx_word' id='word_1_431' title='bbox 2262 2015 2616 2070; x_wconf 81' lang='lat' dir='ltr'><strong>beneﬁcium.</strong></span> 
     </span>
    </p>
   </div>
   <div class='ocr_carea' id='block_1_68' title="bbox 1948 2104 3480 2178">
    <p class='ocr_par' dir='ltr' id='par_1_68' title="bbox 1948 2104 3480 2178">
     <span class='ocr_line' id='line_1_68' title="bbox 1948 2104 3480 2178; baseline 0.002 -19"><span class='ocrx_word' id='word_1_432' title='bbox 1948 2105 2104 2160; x_wconf 69' lang='grc' dir='ltr'>νει-ε..</span> <span class='ocrx_word' id='word_1_433' title='bbox 2138 2104 2228 2158; x_wconf 86' lang='grc'>20.</span> <span class='ocrx_word' id='word_1_434' title='bbox 2263 2104 2332 2158; x_wconf 88' lang='lat' dir='ltr'><strong>Et</strong></span> <span class='ocrx_word' id='word_1_435' title='bbox 2392 2106 2536 2159; x_wconf 84' lang='lat' dir='ltr'><strong>alius</strong></span> <span class='ocrx_word' id='word_1_436' title='bbox 2562 2137 2631 2147; x_wconf 81' lang='lat'><strong>—-</strong></span> <span class='ocrx_word' id='word_1_437' title='bbox 2657 2104 2901 2161; x_wconf 82' lang='lat' dir='ltr'><strong>sudario.</strong></span> <span class='ocrx_word' id='word_1_438' title='bbox 2940 2105 3237 2162; x_wconf 89' lang='lat' dir='ltr'><strong>Sudarium</strong></span> <span class='ocrx_word' id='word_1_439' title='bbox 3276 2123 3480 2178; x_wconf 85' lang='lat' dir='ltr'><strong>anago-</strong></span> 
     </span>
    </p>
   </div>
   <div class='ocr_carea' id='block_1_69' title="bbox 1877 2196 3478 2269">
    <p class='ocr_par' dir='ltr' id='par_1_69' title="bbox 1877 2196 3478 2269">
     <span class='ocr_line' id='line_1_69' title="bbox 1877 2196 3478 2269; baseline 0.003 -21"><span class='ocrx_word' id='word_1_440' title='bbox 1877 2196 1997 2265; x_wconf 84' lang='lat' dir='ltr'><strong>gice</strong></span> <span class='ocrx_word' id='word_1_441' title='bbox 2027 2197 2198 2252; x_wconf 87' lang='lat' dir='ltr'><strong>otium</strong></span> <span class='ocrx_word' id='word_1_442' title='bbox 2231 2213 2297 2252; x_wconf 87' lang='lat' dir='ltr'><strong>ac</strong></span> <span class='ocrx_word' id='word_1_443' title='bbox 2329 2198 2622 2269; x_wconf 88' lang='lat' dir='ltr'><strong>segnitiem</strong></span> <span class='ocrx_word' id='word_1_444' title='bbox 2658 2208 2714 2253; x_wconf 90' lang='lat' dir='ltr'><strong>et</strong></span> <span class='ocrx_word' id='word_1_445' title='bbox 2744 2198 3097 2253; x_wconf 87' lang='lat' dir='ltr'><strong>inutilitatem</strong></span> <span class='ocrx_word' id='word_1_446' title='bbox 3123 2200 3229 2253; x_wconf 88' lang='lat' dir='ltr'><strong>hoc</strong></span> <span class='ocrx_word' id='word_1_447' title='bbox 3254 2200 3309 2253; x_wconf 88' lang='lat' dir='ltr'><strong>in</strong></span> <span class='ocrx_word' id='word_1_448' title='bbox 3352 2203 3478 2256; x_wconf 90' lang='lat' dir='ltr'><strong>loco</strong></span> 
     </span>
    </p>
   </div>
   <div class='ocr_carea' id='block_1_70' title="bbox 1878 2288 2243 2343">
    <p class='ocr_par' dir='ltr' id='par_1_70' title="bbox 1878 2288 2243 2343">
     <span class='ocr_line' id='line_1_70' title="bbox 1878 2288 2243 2343; baseline 0.003 -1"><span class='ocrx_word' id='word_1_449' title='bbox 1878 2288 2243 2343; x_wconf 88' lang='lat' dir='ltr'><strong>demonstrat.</strong></span> 
     </span>
    </p>
   </div>
   <div class='ocr_carea' id='block_1_71' title="bbox 1956 2376 3480 2446">
    <p class='ocr_par' dir='ltr' id='par_1_71' title="bbox 1956 2376 3480 2446">
     <span class='ocr_line' id='line_1_71' title="bbox 1956 2376 3480 2446; baseline 0.003 -16"><span class='ocrx_word' id='word_1_450' title='bbox 1956 2376 2111 2432; x_wconf 85' lang='lat' dir='ltr'><strong>Vers.</strong></span> <span class='ocrx_word' id='word_1_451' title='bbox 2151 2379 2242 2432; x_wconf 81' lang='grc'><strong>21.</strong></span> <span class='ocrx_word' id='word_1_452' title='bbox 2283 2379 2647 2433; x_wconf 83' lang='lat' dir='ltr'><strong>Timebant—</strong></span> <span class='ocrx_word' id='word_1_453' title='bbox 2676 2383 2983 2436; x_wconf 86' lang='lat' dir='ltr'><strong>seminasti.</strong></span> <span class='ocrx_word' id='word_1_454' title='bbox 3018 2380 3258 2436; x_wconf 83' lang='lat' dir='ltr'><strong>Putabat</strong></span> <span class='ocrx_word' id='word_1_455' title='bbox 3304 2384 3480 2446; x_wconf 89' lang='lat' dir='ltr'><strong>enim,</strong></span> 
     </span>
    </p>
   </div>
   <div class='ocr_carea' id='block_1_72' title="bbox 1879 2470 3476 2543">
    <p class='ocr_par' dir='ltr' id='par_1_72' title="bbox 1879 2470 3476 2543">
     <span class='ocr_line' id='line_1_72' title="bbox 1879 2470 3476 2543; baseline 0.003 -20"><span class='ocrx_word' id='word_1_456' title='bbox 1879 2470 2025 2538; x_wconf 83' lang='lat' dir='ltr'><strong>quod</strong></span> <span class='ocrx_word' id='word_1_457' title='bbox 2083 2470 2197 2524; x_wconf 88' lang='lat' dir='ltr'><strong>sola</strong></span> <span class='ocrx_word' id='word_1_458' title='bbox 2287 2472 2689 2541; x_wconf 84' lang='lat' dir='ltr'><strong>negotiantium</strong></span> <span class='ocrx_word' id='word_1_459' title='bbox 2761 2474 3046 2543; x_wconf 87' lang='lat' dir='ltr'><strong>diligentia</strong></span> <span class='ocrx_word' id='word_1_460' title='bbox 3102 2475 3313 2543; x_wconf 86' lang='lat' dir='ltr'><strong>absque</strong></span> <span class='ocrx_word' id='word_1_461' title='bbox 3379 2474 3476 2529; x_wconf 84' lang='lat' dir='ltr'><strong>Dci</strong></span> 
     </span>
    </p>
   </div>
   <div class='ocr_carea' id='block_1_73' title="bbox 1880 2561 3479 2631">
    <p class='ocr_par' dir='ltr' id='par_1_73' title="bbox 1880 2561 3479 2631">
     <span class='ocr_line' id='line_1_73' title="bbox 1880 2561 3479 2631; baseline 0.003 -15"><span class='ocrx_word' id='word_1_462' title='bbox 1880 2561 2080 2616; x_wconf 83' lang='lat' dir='ltr'><strong>auxilio</strong></span> <span class='ocrx_word' id='word_1_463' title='bbox 2127 2570 2303 2616; x_wconf 88' lang='lat' dir='ltr'><strong>totum</strong></span> <span class='ocrx_word' id='word_1_464' title='bbox 2371 2562 2660 2618; x_wconf 81' lang='lat' dir='ltr'><strong>eﬂiceret:</strong></span> <span class='ocrx_word' id='word_1_465' title='bbox 2714 2572 2771 2617; x_wconf 91' lang='lat' dir='ltr'><strong>et</strong></span> <span class='ocrx_word' id='word_1_466' title='bbox 2821 2580 2947 2618; x_wconf 88' lang='lat' dir='ltr'><strong>cum</strong></span> <span class='ocrx_word' id='word_1_467' title='bbox 2998 2573 3147 2619; x_wconf 81' lang='lat' dir='ltr'><strong>esset</strong></span> <span class='ocrx_word' id='word_1_468' title='bbox 3201 2576 3479 2631; x_wconf 85' lang='lat' dir='ltr'><strong>austerus,</strong></span> 
     </span>
    </p>
   </div>
   <div class='ocr_carea' id='block_1_74' title="bbox 1880 2653 3481 2725">
    <p class='ocr_par' dir='ltr' id='par_1_74' title="bbox 1880 2653 3481 2725">
     <span class='ocr_line' id='line_1_74' title="bbox 1880 2653 3481 2725; baseline 0.004 -18"><span class='ocrx_word' id='word_1_469' title='bbox 1880 2662 2159 2725; x_wconf 87' lang='lat' dir='ltr'><strong>repeteret</strong></span> <span class='ocrx_word' id='word_1_470' title='bbox 2177 2657 2245 2707; x_wconf 88' lang='lat' dir='ltr'><strong>ab</strong></span> <span class='ocrx_word' id='word_1_471' title='bbox 2280 2653 2404 2709; x_wconf 89' lang='lat' dir='ltr'><strong>aliis</strong></span> <span class='ocrx_word' id='word_1_472' title='bbox 2435 2655 2607 2720; x_wconf 90' lang='lat' dir='ltr'><strong>lucra,</strong></span> <span class='ocrx_word' id='word_1_473' title='bbox 2651 2657 2704 2709; x_wconf 89' lang='lat' dir='ltr'><strong>in</strong></span> <span class='ocrx_word' id='word_1_474' title='bbox 2736 2672 2857 2725; x_wconf 69' lang='lat' dir='ltr'><strong>qua:</strong></span> <span class='ocrx_word' id='word_1_475' title='bbox 2888 2657 3009 2725; x_wconf 89' lang='lat' dir='ltr'><strong>ipse</strong></span> <span class='ocrx_word' id='word_1_476' title='bbox 3043 2655 3182 2710; x_wconf 87' lang='lat' dir='ltr'><strong>nihil</strong></span> <span class='ocrx_word' id='word_1_477' title='bbox 3225 2659 3481 2713; x_wconf 86' lang='lat' dir='ltr'><strong>contule-</strong></span> 
     </span>
    </p>
   </div>
   <div class='ocr_carea' id='block_1_75' title="bbox 1880 2745 3485 2819">
    <p class='ocr_par' dir='ltr' id='par_1_75' title="bbox 1880 2745 3485 2819">
     <span class='ocr_line' id='line_1_75' title="bbox 1880 2745 3485 2819; baseline 0.001 -17"><span class='ocrx_word' id='word_1_478' title='bbox 1880 2755 1985 2802; x_wconf 84' lang='lat' dir='ltr'><strong>rat.</strong></span> <span class='ocrx_word' id='word_1_479' title='bbox 2013 2745 2163 2800; x_wconf 88' lang='lat' dir='ltr'><strong>Hanc</strong></span> <span class='ocrx_word' id='word_1_480' title='bbox 2192 2755 2376 2800; x_wconf 87' lang='lat' dir='ltr'><strong>autem</strong></span> <span class='ocrx_word' id='word_1_481' title='bbox 2409 2749 2829 2817; x_wconf 90' lang='lat' dir='ltr'><strong>responsionem</strong></span> <span class='ocrx_word' id='word_1_482' title='bbox 2890 2748 3143 2819; x_wconf 82' lang='lat' dir='ltr'><strong>ﬁguravit</strong></span> <span class='ocrx_word' id='word_1_483' title='bbox 3199 2749 3485 2818; x_wconf 86' lang='lat' dir='ltr'><strong>parabola,</strong></span> 
     </span>
    </p>
   </div>
   <div class='ocr_carea' id='block_1_76' title="bbox 1882 2840 3483 2913">
    <p class='ocr_par' dir='ltr' id='par_1_76' title="bbox 1882 2840 3483 2913">
     <span class='ocr_line' id='line_1_76' title="bbox 1882 2840 3483 2913; baseline 0.003 -20"><span class='ocrx_word' id='word_1_484' title='bbox 1882 2840 2075 2895; x_wconf 86' lang='lat' dir='ltr'><strong>volens</strong></span> <span class='ocrx_word' id='word_1_485' title='bbox 2104 2841 2424 2907; x_wconf 91' lang='lat' dir='ltr'><strong>ostendere,</strong></span> <span class='ocrx_word' id='word_1_486' title='bbox 2456 2841 2604 2911; x_wconf 90' lang='lat' dir='ltr'><strong>quod</strong></span> <span class='ocrx_word' id='word_1_487' title='bbox 2650 2842 2786 2896; x_wconf 90' lang='lat' dir='ltr'><strong>tales</strong></span> <span class='ocrx_word' id='word_1_488' title='bbox 2808 2842 2947 2896; x_wconf 86' lang='lat' dir='ltr'><strong>nihil</strong></span> <span class='ocrx_word' id='word_1_489' title='bbox 2974 2842 3298 2896; x_wconf 87' lang='lat' dir='ltr'><strong>rationabile</strong></span> <span class='ocrx_word' id='word_1_490' title='bbox 3354 2858 3483 2913; x_wconf 89' lang='lat' dir='ltr'><strong>pos-</strong></span> 
     </span>
    </p>
   </div>
   <div class='ocr_carea' id='block_1_77' title="bbox 1884 2932 3483 3005">
    <p class='ocr_par' dir='ltr' id='par_1_77' title="bbox 1884 2932 3483 3005">
     <span class='ocr_line' id='line_1_77' title="bbox 1884 2932 3483 3005; baseline 0 -17"><span class='ocrx_word' id='word_1_491' title='bbox 1884 2934 1998 2988; x_wconf 90' lang='lat' dir='ltr'><strong>sint</strong></span> <span class='ocrx_word' id='word_1_492' title='bbox 2055 2932 2419 3002; x_wconf 90' lang='lat' dir='ltr'><strong>respondere,</strong></span> <span class='ocrx_word' id='word_1_493' title='bbox 2506 2933 2605 2989; x_wconf 90' lang='lat' dir='ltr'><strong>sed</strong></span> <span class='ocrx_word' id='word_1_494' title='bbox 2669 2950 3014 3005; x_wconf 70' lang='lat' dir='ltr'><strong>quaecunque</strong></span> <span class='ocrx_word' id='word_1_495' title='bbox 3073 2935 3483 3004; x_wconf 86' lang='lat' dir='ltr'><strong>responderint,</strong></span> 
     </span>
    </p>
   </div>
   <div class='ocr_carea' id='block_1_78' title="bbox 1882 3025 3484 3097">
    <p class='ocr_par' dir='ltr' id='par_1_78' title="bbox 1882 3025 3484 3097">
     <span class='ocr_line' id='line_1_78' title="bbox 1882 3025 3484 3097; baseline 0.001 -17"><span class='ocrx_word' id='word_1_496' title='bbox 1882 3034 2075 3080; x_wconf 89' lang='lat' dir='ltr'><strong>contra</strong></span> <span class='ocrx_word' id='word_1_497' title='bbox 2103 3042 2162 3081; x_wconf 91' lang='lat' dir='ltr'><strong>se</strong></span> <span class='ocrx_word' id='word_1_498' title='bbox 2193 3025 2343 3096; x_wconf 90' lang='lat' dir='ltr'><strong>ipsos</strong></span> <span class='ocrx_word' id='word_1_499' title='bbox 2364 3037 2756 3082; x_wconf 84' lang='lat' dir='ltr'><strong>convertentur</strong></span> <span class='ocrx_word' id='word_1_500' title='bbox 2793 3045 2808 3095; x_wconf 89' lang='lat'><strong>;</strong></span> <span class='ocrx_word' id='word_1_501' title='bbox 2860 3043 2988 3081; x_wconf 88' lang='lat' dir='ltr'><strong>nam</strong></span> <span class='ocrx_word' id='word_1_502' title='bbox 3045 3028 3194 3095; x_wconf 90' lang='lat' dir='ltr'><strong>audi,</strong></span> <span class='ocrx_word' id='word_1_503' title='bbox 3222 3042 3346 3097; x_wconf 82' lang='lat' dir='ltr'><strong>quae</strong></span> <span class='ocrx_word' id='word_1_504' title='bbox 3396 3042 3484 3082; x_wconf 88' lang='lat' dir='ltr'><strong>se-</strong></span> 
     </span>
    </p>
   </div>
   <div class='ocr_carea' id='block_1_79' title="bbox 1884 3127 2155 3188">
    <p class='ocr_par' dir='ltr' id='par_1_79' title="bbox 1884 3127 2155 3188">
     <span class='ocr_line' id='line_1_79' title="bbox 1884 3127 2155 3188; baseline 0 -16"><span class='ocrx_word' id='word_1_505' title='bbox 1884 3127 2155 3188; x_wconf 80' lang='lat' dir='ltr'><strong>quumnr.</strong></span> 
     </span>
    </p>
   </div>
   <div class='ocr_carea' id='block_1_80' title="bbox 1808 3209 3155 3280">
    <p class='ocr_par' dir='ltr' id='par_1_80' title="bbox 1808 3209 3155 3280">
     <span class='ocr_line' id='line_1_80' title="bbox 1808 3209 3155 3280; baseline 0.003 -16"><span class='ocrx_word' id='word_1_506' title='bbox 1808 3220 1854 3280; x_wconf 72' lang='grc' dir='ltr'><strong>ο</strong></span> <span class='ocrx_word' id='word_1_507' title='bbox 1961 3209 2116 3265; x_wconf 84' lang='lat' dir='ltr'><strong>Vers.</strong></span> <span class='ocrx_word' id='word_1_508' title='bbox 2148 3211 2241 3265; x_wconf 86' lang='grc'><strong>22.</strong></span> <span class='ocrx_word' id='word_1_509' title='bbox 2284 3210 2371 3264; x_wconf 81' lang='lat' dir='ltr'><strong>Ait</strong></span> <span class='ocrx_word' id='word_1_510' title='bbox 2394 3240 2464 3251; x_wconf 90' lang='lat'><strong>-—-</strong></span> <span class='ocrx_word' id='word_1_511' title='bbox 2502 3227 2669 3265; x_wconf 80' lang='lat' dir='ltr'><strong>serve.</strong></span> <span class='ocrx_word' id='word_1_512' title='bbox 2698 3211 2777 3265; x_wconf 81' lang='lat' dir='ltr'><strong>Ex</strong></span> <span class='ocrx_word' id='word_1_513' title='bbox 2808 3211 2994 3267; x_wconf 80' lang='lat' dir='ltr'><strong>verbis</strong></span> <span class='ocrx_word' id='word_1_514' title='bbox 3026 3213 3155 3268; x_wconf 86' lang='lat' dir='ltr'><strong>tuis.</strong></span> 
     </span>
    </p>
   </div>
   <div class='ocr_carea' id='block_1_81' title="bbox 1961 3301 3487 3366">
    <p class='ocr_par' dir='ltr' id='par_1_81' title="bbox 1961 3301 3487 3366">
     <span class='ocr_line' id='line_1_81' title="bbox 1961 3301 3487 3366; baseline 0.006 -9"><span class='ocrx_word' id='word_1_515' title='bbox 1961 3301 2119 3357; x_wconf 85' lang='lat' dir='ltr'><strong>Vers.</strong></span> <span class='ocrx_word' id='word_1_516' title='bbox 2153 3303 2244 3356; x_wconf 87' lang='grc'><strong>22.</strong></span> <span class='ocrx_word' id='word_1_517' title='bbox 2270 3302 2481 3359; x_wconf 82' lang='lat' dir='ltr'><strong>Sciebas</strong></span> <span class='ocrx_word' id='word_1_518' title='bbox 2510 3302 2743 3359; x_wconf 81' lang='lat' dir='ltr'><strong>——Vers.</strong></span> <span class='ocrx_word' id='word_1_519' title='bbox 2781 3306 2871 3358; x_wconf 77' lang='grc'>25.</span> <span class='ocrx_word' id='word_1_520' title='bbox 2908 3305 3152 3360; x_wconf 74' lang='lat' dir='ltr'><strong>Mensam</strong></span> <span class='ocrx_word' id='word_1_521' title='bbox 3177 3309 3204 3362; x_wconf 71' lang='lat'><strong>.9</strong></span> <span class='ocrx_word' id='word_1_522' title='bbox 3232 3309 3315 3365; x_wconf 78' lang='lat' dir='ltr'><strong>Ad</strong></span> <span class='ocrx_word' id='word_1_523' title='bbox 3332 3326 3487 3366; x_wconf 88' lang='lat' dir='ltr'><strong>men-</strong></span> 
     </span>
    </p>
   </div>
   <div class='ocr_carea' id='block_1_82' title="bbox 1888 3394 3481 3469">
    <p class='ocr_par' dir='ltr' id='par_1_82' title="bbox 1888 3394 3481 3469">
     <span class='ocr_line' id='line_1_82' title="bbox 1888 3394 3481 3469; baseline 0.006 -20"><span class='ocrx_word' id='word_1_524' title='bbox 1888 3395 2098 3460; x_wconf 89' lang='lat' dir='ltr'><strong>sarios;</strong></span> <span class='ocrx_word' id='word_1_525' title='bbox 2135 3394 2187 3449; x_wconf 88' lang='lat' dir='ltr'><strong>hi</strong></span> <span class='ocrx_word' id='word_1_526' title='bbox 2214 3395 2326 3450; x_wconf 83' lang='lat' dir='ltr'><strong>dici</strong></span> <span class='ocrx_word' id='word_1_527' title='bbox 2358 3406 2611 3466; x_wconf 89' lang='lat' dir='ltr'><strong>possunt,</strong></span> <span class='ocrx_word' id='word_1_528' title='bbox 2644 3398 2740 3467; x_wconf 90' lang='lat' dir='ltr'><strong>qui</strong></span> <span class='ocrx_word' id='word_1_529' title='bbox 2774 3407 2983 3453; x_wconf 89' lang='lat' dir='ltr'><strong>norunt</strong></span> <span class='ocrx_word' id='word_1_530' title='bbox 3012 3398 3323 3469; x_wconf 88' lang='lat' dir='ltr'><strong>dijudicare</strong></span> <span class='ocrx_word' id='word_1_531' title='bbox 3381 3403 3481 3458; x_wconf 87' lang='lat' dir='ltr'><strong>bo-</strong></span> 
     </span>
    </p>
   </div>
   <div class='ocr_carea' id='block_1_83' title="bbox 1886 3489 3487 3565">
    <p class='ocr_par' dir='ltr' id='par_1_83' title="bbox 1886 3489 3487 3565">
     <span class='ocr_line' id='line_1_83' title="bbox 1886 3489 3487 3565; baseline 0.006 -24"><span class='ocrx_word' id='word_1_532' title='bbox 1886 3504 2019 3542; x_wconf 88' lang='lat' dir='ltr'><strong>num</strong></span> <span class='ocrx_word' id='word_1_533' title='bbox 2064 3504 2094 3541; x_wconf 86' lang='lat' dir='ltr'><strong>a</strong></span> <span class='ocrx_word' id='word_1_534' title='bbox 2127 3489 2291 3542; x_wconf 88' lang='lat' dir='ltr'><strong>malo.</strong></span> <span class='ocrx_word' id='word_1_535' title='bbox 2327 3490 2420 3543; x_wconf 69' lang='grc' dir='ltr'>Αίι</span> <span class='ocrx_word' id='word_1_536' title='bbox 2443 3505 2615 3561; x_wconf 81' lang='lat' dir='ltr'><strong>ergo:</strong></span> <span class='ocrx_word' id='word_1_537' title='bbox 2654 3490 2792 3545; x_wconf 85' lang='lat' dir='ltr'><strong>Cum</strong></span> <span class='ocrx_word' id='word_1_538' title='bbox 2822 3492 2986 3545; x_wconf 89' lang='lat' dir='ltr'><strong>talem</strong></span> <span class='ocrx_word' id='word_1_539' title='bbox 3045 3508 3135 3547; x_wconf 85' lang='lat' dir='ltr'><strong>me</strong></span> <span class='ocrx_word' id='word_1_540' title='bbox 3185 3509 3487 3565; x_wconf 88' lang='lat' dir='ltr'><strong>cognosce—</strong></span> 
     </span>
    </p>
   </div>
   <div class='ocr_carea' id='block_1_84' title="bbox 1889 3581 3488 3657">
    <p class='ocr_par' dir='ltr' id='par_1_84' title="bbox 1889 3581 3488 3657">
     <span class='ocr_line' id='line_1_84' title="bbox 1889 3581 3488 3657; baseline 0.006 -23"><span class='ocrx_word' id='word_1_541' title='bbox 1889 3597 2001 3645; x_wconf 89' lang='lat' dir='ltr'><strong>res,</strong></span> <span class='ocrx_word' id='word_1_542' title='bbox 2030 3597 2347 3651; x_wconf 73' lang='lat' dir='ltr'><strong>quznnquam</strong></span> <span class='ocrx_word' id='word_1_543' title='bbox 2400 3581 2526 3636; x_wconf 91' lang='lat' dir='ltr'><strong>talis</strong></span> <span class='ocrx_word' id='word_1_544' title='bbox 2557 3598 2668 3635; x_wconf 91' lang='lat' dir='ltr'><strong>non</strong></span> <span class='ocrx_word' id='word_1_545' title='bbox 2722 3597 2924 3647; x_wconf 90' lang='lat' dir='ltr'><strong>essem,</strong></span> <span class='ocrx_word' id='word_1_546' title='bbox 2964 3600 3134 3653; x_wconf 89' lang='lat' dir='ltr'><strong>quare</strong></span> <span class='ocrx_word' id='word_1_547' title='bbox 3166 3602 3276 3641; x_wconf 86' lang='lat' dir='ltr'><strong>non</strong></span> <span class='ocrx_word' id='word_1_548' title='bbox 3303 3590 3488 3657; x_wconf 86' lang='lat' dir='ltr'><strong>potius</strong></span> 
     </span>
    </p>
   </div>
   <div class='ocr_carea' id='block_1_85' title="bbox 1887 3676 3482 3747">
    <p class='ocr_par' dir='ltr' id='par_1_85' title="bbox 1887 3676 3482 3747">
     <span class='ocr_line' id='line_1_85' title="bbox 1887 3676 3482 3747; baseline 0.004 -18"><span class='ocrx_word' id='word_1_549' title='bbox 1887 3677 2188 3744; x_wconf 62' lang='lat' dir='ltr'><strong>exposuisti</strong></span> <span class='ocrx_word' id='word_1_550' title='bbox 2222 3676 2411 3729; x_wconf 88' lang='lat' dir='ltr'><strong>datum</strong></span> <span class='ocrx_word' id='word_1_551' title='bbox 2438 3676 2537 3730; x_wconf 88' lang='lat' dir='ltr'><strong>tibi</strong></span> <span class='ocrx_word' id='word_1_552' title='bbox 2570 3679 2778 3731; x_wconf 91' lang='lat' dir='ltr'><strong>donum</strong></span> <span class='ocrx_word' id='word_1_553' title='bbox 2806 3692 2992 3731; x_wconf 89' lang='lat' dir='ltr'><strong>meum</strong></span> <span class='ocrx_word' id='word_1_554' title='bbox 3027 3678 3097 3733; x_wconf 86' lang='lat' dir='ltr'><strong>ad</strong></span> <span class='ocrx_word' id='word_1_555' title='bbox 3136 3681 3482 3747; x_wconf 87' lang='lat' dir='ltr'><strong>mensarios;</strong></span> 
     </span>
    </p>
   </div>
   <div class='ocr_carea' id='block_1_86' title="bbox 1887 3769 3484 3843">
    <p class='ocr_par' dir='ltr' id='par_1_86' title="bbox 1887 3769 3484 3843">
     <span class='ocr_line' id='line_1_86' title="bbox 1887 3769 3484 3843; baseline 0.003 -18"><span class='ocrx_word' id='word_1_556' title='bbox 1887 3771 2180 3840; x_wconf 83' lang='lat' dir='ltr'><strong>Oportebat</strong></span> <span class='ocrx_word' id='word_1_557' title='bbox 2207 3785 2381 3833; x_wconf 81' lang='lat' dir='ltr'><strong>enim,</strong></span> <span class='ocrx_word' id='word_1_558' title='bbox 2403 3769 2550 3839; x_wconf 82' lang='lat' dir='ltr'><strong>quod</strong></span> <span class='ocrx_word' id='word_1_559' title='bbox 2580 3770 2634 3822; x_wconf 91' lang='lat' dir='ltr'><strong>in</strong></span> <span class='ocrx_word' id='word_1_560' title='bbox 2667 3778 2720 3823; x_wconf 90' lang='lat' dir='ltr'><strong>te</strong></span> <span class='ocrx_word' id='word_1_561' title='bbox 2779 3780 2921 3835; x_wconf 83' lang='lat' dir='ltr'><strong>erat,</strong></span> <span class='ocrx_word' id='word_1_562' title='bbox 2971 3770 3176 3837; x_wconf 77' lang='lat' dir='ltr'><strong>facere,</strong></span> <span class='ocrx_word' id='word_1_563' title='bbox 3210 3773 3484 3843; x_wconf 90' lang='lat' dir='ltr'><strong>reliquum</strong></span> 
     </span>
    </p>
   </div>
   <div class='ocr_carea' id='block_1_87' title="bbox 1888 3861 3484 3936">
    <p class='ocr_par' dir='ltr' id='par_1_87' title="bbox 1888 3861 3484 3936">
     <span class='ocr_line' id='line_1_87' title="bbox 1888 3861 3484 3936; baseline 0.003 -18"><span class='ocrx_word' id='word_1_564' title='bbox 1888 3879 2020 3918; x_wconf 87' lang='lat' dir='ltr'><strong>vero</strong></span> <span class='ocrx_word' id='word_1_565' title='bbox 2052 3863 2189 3917; x_wconf 89' lang='lat' dir='ltr'><strong>mihi</strong></span> <span class='ocrx_word' id='word_1_566' title='bbox 2234 3864 2590 3932; x_wconf 86' lang='lat' dir='ltr'><strong>relinquere:</strong></span> <span class='ocrx_word' id='word_1_567' title='bbox 2661 3861 2877 3917; x_wconf 80' lang='lat' dir='ltr'><strong>eﬂicere</strong></span> <span class='ocrx_word' id='word_1_568' title='bbox 2940 3864 3166 3918; x_wconf 89' lang='lat' dir='ltr'><strong>interim</strong></span> <span class='ocrx_word' id='word_1_569' title='bbox 3223 3866 3278 3920; x_wconf 90' lang='lat' dir='ltr'><strong>id</strong></span> <span class='ocrx_word' id='word_1_570' title='bbox 3336 3869 3484 3936; x_wconf 89' lang='lat' dir='ltr'><strong>quod</strong></span> 
     </span>
    </p>
   </div>
   <div class='ocr_carea' id='block_1_88' title="bbox 1887 3953 3485 4027">
    <p class='ocr_par' dir='ltr' id='par_1_88' title="bbox 1887 3953 3485 4027">
     <span class='ocr_line' id='line_1_88' title="bbox 1887 3953 3485 4027; baseline 0.002 -17"><span class='ocrx_word' id='word_1_571' title='bbox 1887 3964 2004 4010; x_wconf 89' lang='lat' dir='ltr'><strong>erat</strong></span> <span class='ocrx_word' id='word_1_572' title='bbox 2050 3955 2287 4019; x_wconf 78' lang='lat' dir='ltr'><strong>facilius,</strong></span> <span class='ocrx_word' id='word_1_573' title='bbox 2354 3954 2498 4023; x_wconf 88' lang='lat' dir='ltr'><strong>quod</strong></span> <span class='ocrx_word' id='word_1_574' title='bbox 2566 3962 2752 4007; x_wconf 87' lang='lat' dir='ltr'><strong>autem</strong></span> <span class='ocrx_word' id='word_1_575' title='bbox 2803 3953 3108 4023; x_wconf 80' lang='lat' dir='ltr'><strong>diﬂicilius,</strong></span> <span class='ocrx_word' id='word_1_576' title='bbox 3159 3956 3297 4010; x_wconf 88' lang='lat' dir='ltr'><strong>mihi</strong></span> <span class='ocrx_word' id='word_1_577' title='bbox 3354 3974 3485 4027; x_wconf 90' lang='lat' dir='ltr'><strong>per-</strong></span> 
     </span>
    </p>
   </div>
   <div class='ocr_carea' id='block_1_89' title="bbox 1886 4046 2894 4116">
    <p class='ocr_par' dir='ltr' id='par_1_89' title="bbox 1886 4046 2894 4116">
     <span class='ocr_line' id='line_1_89' title="bbox 1886 4046 2894 4116; baseline -0.002 -14"><span class='ocrx_word' id='word_1_578' title='bbox 1886 4049 2126 4111; x_wconf 84' lang='lat' dir='ltr'><strong>mittere,</strong></span> <span class='ocrx_word' id='word_1_579' title='bbox 2162 4048 2286 4102; x_wconf 91' lang='lat' dir='ltr'><strong>dico</strong></span> <span class='ocrx_word' id='word_1_580' title='bbox 2314 4061 2447 4102; x_wconf 88' lang='lat' dir='ltr'><strong>sane</strong></span> <span class='ocrx_word' id='word_1_581' title='bbox 2480 4046 2894 4116; x_wconf 87' lang='lat' dir='ltr'><strong>repetitionem.</strong></span> 
     </span>
    </p>
   </div>
   <div class='ocr_carea' id='block_1_90' title="bbox 1962 4137 3479 4210">
    <p class='ocr_par' dir='ltr' id='par_1_90' title="bbox 1962 4137 3479 4210">
     <span class='ocr_line' id='line_1_90' title="bbox 1962 4137 3479 4210; baseline 0.002 -15"><span class='ocrx_word' id='word_1_582' title='bbox 1962 4140 2115 4196; x_wconf 81' lang='lat' dir='ltr'><strong>Vers.</strong></span> <span class='ocrx_word' id='word_1_583' title='bbox 2177 4140 2271 4195; x_wconf 79' lang='grc'>25.</span> <span class='ocrx_word' id='word_1_584' title='bbox 2318 4137 2388 4194; x_wconf 83' lang='lat' dir='ltr'><strong>Et</strong></span> <span class='ocrx_word' id='word_1_585' title='bbox 2428 4156 2520 4210; x_wconf 82' lang='lat' dir='ltr'><strong>ego</strong></span> <span class='ocrx_word' id='word_1_586' title='bbox 2549 4172 2619 4181; x_wconf 93' lang='lat'><strong>-</strong></span> <span class='ocrx_word' id='word_1_587' title='bbox 2654 4138 2829 4193; x_wconf 78' lang='lat' dir='ltr'><strong>illaut.</strong></span> <span class='ocrx_word' id='word_1_588' title='bbox 2860 4168 2931 4179; x_wconf 89' lang='lat'><strong>—-</strong></span> <span class='ocrx_word' id='word_1_589' title='bbox 2959 4138 3317 4208; x_wconf 81' lang='lat' dir='ltr'><strong>Repetiissem.</strong></span> <span class='ocrx_word' id='word_1_590' title='bbox 3368 4143 3479 4199; x_wconf 71' lang='lat' dir='ltr'><strong>liu-</strong></span> 
     </span>
    </p>
   </div>
   <div class='ocr_carea' id='block_1_91' title="bbox 1885 4232 3486 4304">
    <p class='ocr_par' dir='ltr' id='par_1_91' title="bbox 1885 4232 3486 4304">
     <span class='ocr_line' id='line_1_91' title="bbox 1885 4232 3486 4304; baseline -0.001 -15"><span class='ocrx_word' id='word_1_591' title='bbox 1885 4244 2039 4289; x_wconf 89' lang='lat' dir='ltr'><strong>tuum</strong></span> <span class='ocrx_word' id='word_1_592' title='bbox 2064 4248 2195 4304; x_wconf 89' lang='lat' dir='ltr'><strong>ergo</strong></span> <span class='ocrx_word' id='word_1_593' title='bbox 2216 4232 2561 4287; x_wconf 87' lang='lat' dir='ltr'><strong>estdoctrina</strong></span> <span class='ocrx_word' id='word_1_594' title='bbox 2582 4248 2598 4284; x_wconf 93' lang='lat'><strong>:</strong></span> <span class='ocrx_word' id='word_1_595' title='bbox 2627 4246 2791 4285; x_wconf 91' lang='lat' dir='ltr'><strong>usura</strong></span> <span class='ocrx_word' id='word_1_596' title='bbox 2805 4247 2936 4286; x_wconf 86' lang='lat' dir='ltr'><strong>vero</strong></span> <span class='ocrx_word' id='word_1_597' title='bbox 2948 4233 3264 4303; x_wconf 87' lang='lat' dir='ltr'><strong>hnjusmodi</strong></span> <span class='ocrx_word' id='word_1_598' title='bbox 3285 4237 3486 4303; x_wconf 87' lang='lat' dir='ltr'><strong>mutui,</strong></span> 
     </span>
    </p>
   </div>
   <div class='ocr_carea' id='block_1_92' title="bbox 1884 4325 3486 4394">
    <p class='ocr_par' dir='ltr' id='par_1_92' title="bbox 1884 4325 3486 4394">
     <span class='ocr_line' id='line_1_92' title="bbox 1884 4325 3486 4394; baseline 0.001 -12"><span class='ocrx_word' id='word_1_599' title='bbox 1884 4329 2121 4382; x_wconf 79' lang='lat' dir='ltr'><strong>virtutes</strong></span> <span class='ocrx_word' id='word_1_600' title='bbox 2167 4336 2321 4392; x_wconf 87' lang='lat' dir='ltr'><strong>sunt,</strong></span> <span class='ocrx_word' id='word_1_601' title='bbox 2350 4340 2473 4394; x_wconf 72' lang='lat' dir='ltr'><strong>qua:</strong></span> <span class='ocrx_word' id='word_1_602' title='bbox 2496 4340 2565 4379; x_wconf 79' lang='lat' dir='ltr'><strong>ex</strong></span> <span class='ocrx_word' id='word_1_603' title='bbox 2622 4325 2873 4379; x_wconf 87' lang='lat' dir='ltr'><strong>doctrina</strong></span> <span class='ocrx_word' id='word_1_604' title='bbox 2932 4327 3207 4380; x_wconf 90' lang='lat' dir='ltr'><strong>oriuntur.</strong></span> <span class='ocrx_word' id='word_1_605' title='bbox 3245 4326 3486 4383; x_wconf 86' lang='lat' dir='ltr'><strong>Lucrum</strong></span> 
     </span>
    </p>
   </div>
   <div class='ocr_carea' id='block_1_93' title="bbox 1885 4415 3483 4487">
    <p class='ocr_par' dir='ltr' id='par_1_93' title="bbox 1885 4415 3483 4487">
     <span class='ocr_line' id='line_1_93' title="bbox 1885 4415 3483 4487; baseline 0 -14"><span class='ocrx_word' id='word_1_606' title='bbox 1885 4428 2069 4473; x_wconf 90' lang='lat' dir='ltr'><strong>autem</strong></span> <span class='ocrx_word' id='word_1_607' title='bbox 2096 4416 2478 4487; x_wconf 85' lang='lat' dir='ltr'><strong>qualecunque</strong></span> <span class='ocrx_word' id='word_1_608' title='bbox 2533 4415 2843 4471; x_wconf 85' lang='lat' dir='ltr'><strong>nominavit</strong></span> <span class='ocrx_word' id='word_1_609' title='bbox 2902 4432 3150 4483; x_wconf 87' lang='lat' dir='ltr'><strong>usuram,</strong></span> <span class='ocrx_word' id='word_1_610' title='bbox 3203 4422 3483 4477; x_wconf 89' lang='lat' dir='ltr'><strong>communi</strong></span> 
     </span>
    </p>
   </div>
   <div class='ocr_carea' id='block_1_94' title="bbox 1888 4511 2464 4568">
    <p class='ocr_par' dir='ltr' id='par_1_94' title="bbox 1888 4511 2464 4568">
     <span class='ocr_line' id='line_1_94' title="bbox 1888 4511 2464 4568; baseline -0.005 -3"><span class='ocrx_word' id='word_1_611' title='bbox 1888 4527 2021 4568; x_wconf 87' lang='lat' dir='ltr'><strong>usus</strong></span> <span class='ocrx_word' id='word_1_612' title='bbox 2042 4511 2464 4566; x_wconf 87' lang='lat' dir='ltr'><strong>consuetudine.</strong></span> 
     </span>
    </p>
   </div>
   <div class='ocr_carea' id='block_1_95' title="bbox 1960 4600 3483 4659">
    <p class='ocr_par' dir='ltr' id='par_1_95' title="bbox 1960 4600 3483 4659">
     <span class='ocr_line' id='line_1_95' title="bbox 1960 4600 3483 4659; baseline -0.001 0"><span class='ocrx_word' id='word_1_613' title='bbox 1960 4603 2121 4659; x_wconf 81' lang='lat' dir='ltr'><strong>Vers.</strong></span> <span class='ocrx_word' id='word_1_614' title='bbox 2178 4603 2273 4657; x_wconf 71' lang='grc'>24.</span> <span class='ocrx_word' id='word_1_615' title='bbox 2330 4601 2399 4656; x_wconf 85' lang='lat' dir='ltr'><strong>Et</strong></span> <span class='ocrx_word' id='word_1_616' title='bbox 2457 4603 2762 4656; x_wconf 81' lang='lat' dir='ltr'><strong>astantibus</strong></span> <span class='ocrx_word' id='word_1_617' title='bbox 2815 4602 2976 4656; x_wconf 74' lang='lat' dir='ltr'><strong>dixit.</strong></span> <span class='ocrx_word' id='word_1_618' title='bbox 3036 4600 3483 4658; x_wconf 78' lang='lat' dir='ltr'><strong>Ministrantibus</strong></span> 
     </span>
    </p>
   </div>
   <div class='ocr_carea' id='block_1_96' title="bbox 1885 4698 2402 4768">
    <p class='ocr_par' dir='ltr' id='par_1_96' title="bbox 1885 4698 2402 4768">
     <span class='ocr_line' id='line_1_96' title="bbox 1885 4698 2402 4768; baseline -0.006 -15"><span class='ocrx_word' id='word_1_619' title='bbox 1885 4698 2141 4754; x_wconf 88' lang='lat' dir='ltr'><strong>videlicet</strong></span> <span class='ocrx_word' id='word_1_620' title='bbox 2172 4698 2402 4768; x_wconf 75' lang='lat' dir='ltr'><strong>angelis.</strong></span> 
     </span>
    </p>
   </div>
   <div class='ocr_carea' id='block_1_97' title="bbox 1960 4787 3482 4861">
    <p class='ocr_par' dir='ltr' id='par_1_97' title="bbox 1960 4787 3482 4861">
     <span class='ocr_line' id='line_1_97' title="bbox 1960 4787 3482 4861; baseline 0.001 -18"><span class='ocrx_word' id='word_1_621' title='bbox 1960 4787 2118 4845; x_wconf 81' lang='lat' dir='ltr'><strong>Vers.</strong></span> <span class='ocrx_word' id='word_1_622' title='bbox 2150 4791 2241 4844; x_wconf 73' lang='grc'><strong>24.</strong></span> <span class='ocrx_word' id='word_1_623' title='bbox 2278 4789 2467 4844; x_wconf 85' lang='lat' dir='ltr'><strong>Tollite</strong></span> <span class='ocrx_word' id='word_1_624' title='bbox 2488 4819 2551 4829; x_wconf 88' lang='lat'><strong>-—</strong></span> <span class='ocrx_word' id='word_1_625' title='bbox 2577 4789 2667 4858; x_wconf 86' lang='lat' dir='ltr'><strong>qui</strong></span> <span class='ocrx_word' id='word_1_626' title='bbox 2696 4788 2873 4842; x_wconf 84' lang='lat' dir='ltr'><strong>habet.</strong></span> <span class='ocrx_word' id='word_1_627' title='bbox 2907 4787 3106 4843; x_wconf 82' lang='lat' dir='ltr'><strong>Tollite</strong></span> <span class='ocrx_word' id='word_1_628' title='bbox 3137 4789 3207 4844; x_wconf 90' lang='lat' dir='ltr'><strong>ab</strong></span> <span class='ocrx_word' id='word_1_629' title='bbox 3237 4805 3304 4844; x_wconf 90' lang='lat' dir='ltr'><strong>eo</strong></span> <span class='ocrx_word' id='word_1_630' title='bbox 3360 4806 3482 4861; x_wconf 87' lang='lat' dir='ltr'><strong>gra-</strong></span> 
     </span>
    </p>
   </div>
   <div class='ocr_carea' id='block_1_98' title="bbox 1890 4882 3481 4948">
    <p class='ocr_par' dir='ltr' id='par_1_98' title="bbox 1890 4882 3481 4948">
     <span class='ocr_line' id='line_1_98' title="bbox 1890 4882 3481 4948; baseline 0 -9"><span class='ocrx_word' id='word_1_631' title='bbox 1890 4885 2022 4939; x_wconf 88' lang='lat' dir='ltr'><strong>tiam</strong></span> <span class='ocrx_word' id='word_1_632' title='bbox 2052 4884 2317 4948; x_wconf 87' lang='lat' dir='ltr'><strong>docendi,</strong></span> <span class='ocrx_word' id='word_1_633' title='bbox 2347 4893 2404 4939; x_wconf 85' lang='lat' dir='ltr'><strong>et</strong></span> <span class='ocrx_word' id='word_1_634' title='bbox 2434 4883 2563 4938; x_wconf 88' lang='lat' dir='ltr'><strong>date</strong></span> <span class='ocrx_word' id='word_1_635' title='bbox 2588 4884 2738 4936; x_wconf 82' lang='lat' dir='ltr'><strong>illam</strong></span> <span class='ocrx_word' id='word_1_636' title='bbox 2766 4882 2834 4936; x_wconf 89' lang='lat' dir='ltr'><strong>ad</strong></span> <span class='ocrx_word' id='word_1_637' title='bbox 2889 4883 3267 4940; x_wconf 86' lang='lat' dir='ltr'><strong>accessionem</strong></span> <span class='ocrx_word' id='word_1_638' title='bbox 3300 4884 3481 4940; x_wconf 84' lang='lat' dir='ltr'><strong>bono-</strong></span> 
     </span>
    </p>
   </div>
   <div class='ocr_carea' id='block_1_99' title="bbox 1889 4960 2824 5048">
    <p class='ocr_par' dir='ltr' id='par_1_99' title="bbox 1889 4960 2824 5048">
     <span class='ocr_line' id='line_1_99' title="bbox 1889 4960 2824 5048; baseline -0.001 -17"><span class='ocrx_word' id='word_1_639' title='bbox 1889 4978 1966 5034; x_wconf 90' lang='lat' dir='ltr'><strong>ris</strong></span> <span class='ocrx_word' id='word_1_640' title='bbox 1991 4978 2064 5044; x_wconf 91' lang='lat' dir='ltr'><strong>ei,</strong></span> <span class='ocrx_word' id='word_1_641' title='bbox 2096 4960 2191 5048; x_wconf 86' lang='lat' dir='ltr'><strong>qui</strong></span> <span class='ocrx_word' id='word_1_642' title='bbox 2215 4979 2406 5033; x_wconf 89' lang='lat' dir='ltr'><strong>decem</strong></span> <span class='ocrx_word' id='word_1_643' title='bbox 2427 4977 2603 5031; x_wconf 84' lang='lat' dir='ltr'><strong>minas</strong></span> <span class='ocrx_word' id='word_1_644' title='bbox 2636 4977 2824 5031; x_wconf 83' lang='lat' dir='ltr'><strong>habet.</strong></span> 
     </span>
    </p>
   </div>
   <div class='ocr_carea' id='block_1_100' title="bbox 1964 5069 3487 5135">
    <p class='ocr_par' dir='ltr' id='par_1_100' title="bbox 1964 5069 3487 5135">
     <span class='ocr_line' id='line_1_100' title="bbox 1964 5069 3487 5135; baseline -0.001 -8"><span class='ocrx_word' id='word_1_645' title='bbox 1964 5074 2118 5128; x_wconf 81' lang='lat' dir='ltr'><strong>Vers.</strong></span> <span class='ocrx_word' id='word_1_646' title='bbox 2150 5072 2240 5135; x_wconf 86' lang='grc'>25,</span> <span class='ocrx_word' id='word_1_647' title='bbox 2276 5070 2345 5125; x_wconf 86' lang='lat' dir='ltr'><strong>Et</strong></span> <span class='ocrx_word' id='word_1_648' title='bbox 2375 5071 2624 5125; x_wconf 73' lang='lat' dir='ltr'><strong>dixerunt</strong></span> <span class='ocrx_word' id='word_1_649' title='bbox 2650 5101 2718 5111; x_wconf 93' lang='lat'><strong>--</strong></span> <span class='ocrx_word' id='word_1_650' title='bbox 2752 5071 2949 5123; x_wconf 83' lang='lat' dir='ltr'><strong>minas.</strong></span> <span class='ocrx_word' id='word_1_651' title='bbox 2979 5069 3159 5126; x_wconf 82' lang='lat' dir='ltr'><strong>Habet</strong></span> <span class='ocrx_word' id='word_1_652' title='bbox 3209 5071 3487 5127; x_wconf 81' lang='lat' dir='ltr'><strong>suﬂicien-</strong></span> 
     </span>
    </p>
   </div>
   <div class='ocr_carea' id='block_1_101' title="bbox 1892 5167 2311 5220">
    <p class='ocr_par' dir='ltr' id='par_1_101' title="bbox 1892 5167 2311 5220">
     <span class='ocr_line' id='line_1_101' title="bbox 1892 5167 2311 5220; baseline -0.01 0"><span class='ocrx_word' id='word_1_653' title='bbox 1892 5176 1999 5220; x_wconf 91' lang='lat' dir='ltr'><strong>tem</strong></span> <span class='ocrx_word' id='word_1_654' title='bbox 2020 5167 2311 5219; x_wconf 87' lang='lat' dir='ltr'><strong>honorem.</strong></span> 
     </span>
    </p>
   </div>
   <div class='ocr_carea' id='block_1_102' title="bbox 1968 5253 3482 5322">
    <p class='ocr_par' dir='ltr' id='par_1_102' title="bbox 1968 5253 3482 5322">
     <span class='ocr_line' id='line_1_102' title="bbox 1968 5253 3482 5322; baseline -0.003 -7"><span class='ocrx_word' id='word_1_655' title='bbox 1968 5258 2119 5315; x_wconf 82' lang='lat' dir='ltr'><strong>Vers.</strong></span> <span class='ocrx_word' id='word_1_656' title='bbox 2179 5255 2271 5311; x_wconf 85' lang='grc'>26.</span> <span class='ocrx_word' id='word_1_657' title='bbox 2326 5255 2458 5311; x_wconf 84' lang='lat' dir='ltr'><strong>Dico</strong></span> <span class='ocrx_word' id='word_1_658' title='bbox 2504 5286 2571 5298; x_wconf 92' lang='lat'><strong>—</strong></span> <span class='ocrx_word' id='word_1_659' title='bbox 2624 5254 2942 5311; x_wconf 75' lang='lat' dir='ltr'><strong>abundabit.</strong></span> <span class='ocrx_word' id='word_1_660' title='bbox 3022 5253 3127 5321; x_wconf 86' lang='lat' dir='ltr'><strong>Qui</strong></span> <span class='ocrx_word' id='word_1_661' title='bbox 3202 5258 3482 5322; x_wconf 81' lang='lat' dir='ltr'><strong>astabant,</strong></span> 
     </span>
    </p>
   </div>
   <div class='ocr_carea' id='block_1_103' title="bbox 1893 5347 3489 5421">
    <p class='ocr_par' dir='ltr' id='par_1_103' title="bbox 1893 5347 3489 5421">
     <span class='ocr_line' id='line_1_103' title="bbox 1893 5347 3489 5421; baseline -0.001 -14"><span class='ocrx_word' id='word_1_662' title='bbox 1893 5352 2153 5407; x_wconf 73' lang='lat' dir='ltr'><strong>dixerunt</strong></span> <span class='ocrx_word' id='word_1_663' title='bbox 2185 5369 2200 5404; x_wconf 89' lang='lat'><strong>:</strong></span> <span class='ocrx_word' id='word_1_664' title='bbox 2232 5348 2408 5404; x_wconf 82' lang='lat' dir='ltr'><strong>[labet</strong></span> <span class='ocrx_word' id='word_1_665' title='bbox 2436 5347 2803 5405; x_wconf 62' lang='lat' dir='ltr'><strong>subicientem</strong></span> <span class='ocrx_word' id='word_1_666' title='bbox 2838 5348 3109 5404; x_wconf 89' lang='lat' dir='ltr'><strong>honorem</strong></span> <span class='ocrx_word' id='word_1_667' title='bbox 3183 5348 3305 5421; x_wconf 69' lang='lat' dir='ltr'><strong>Ipse</strong></span> <span class='ocrx_word' id='word_1_668' title='bbox 3355 5365 3489 5405; x_wconf 78' lang='lat' dir='ltr'><strong>vero</strong></span> 
     </span>
    </p>
   </div>
   <div class='ocr_carea' id='block_1_104' title="bbox 1394 5532 2292 5597">
    <p class='ocr_par' dir='ltr' id='par_1_104' title="bbox 1394 5532 2292 5597">
     <span class='ocr_line' id='line_1_104' title="bbox 1394 5532 2292 5597; baseline -0.001 -1"><span class='ocrx_word' id='word_1_669' title='bbox 1394 5532 1604 5597; x_wconf 66' lang='lat' dir='ltr'><strong>Variae</strong></span> <span class='ocrx_word' id='word_1_670' title='bbox 1642 5533 1954 5597; x_wconf 87' lang='lat' dir='ltr'><strong>lectiones</strong></span> <span class='ocrx_word' id='word_1_671' title='bbox 2000 5540 2061 5596; x_wconf 89' lang='lat' dir='ltr'><strong>et</strong></span> <span class='ocrx_word' id='word_1_672' title='bbox 2096 5540 2292 5597; x_wconf 75' lang='lat' dir='ltr'><strong>nouae.</strong></span> 
     </span>
    </p>
   </div>
   <div class='ocr_carea' id='block_1_105' title="bbox 275 5698 1793 5783">
    <p class='ocr_par' dir='ltr' id='par_1_105' title="bbox 275 5698 1793 5783">
     <span class='ocr_line' id='line_1_105' title="bbox 275 5698 1793 5783; baseline -0.009 -17"><span class='ocrx_word' id='word_1_673' title='bbox 275 5710 391 5783; x_wconf 79' lang='lat' dir='ltr'><strong>(5i)</strong></span> <span class='ocrx_word' id='word_1_674' title='bbox 421 5708 554 5783; x_wconf 72' lang='lat' dir='ltr'><strong>Kal,</strong></span> <span class='ocrx_word' id='word_1_675' title='bbox 587 5704 732 5777; x_wconf 85' lang='lat' dir='ltr'><strong>quod</strong></span> <span class='ocrx_word' id='word_1_676' title='bbox 768 5704 1040 5783; x_wconf 84' lang='lat' dir='ltr'><strong>editiones</strong></span> <span class='ocrx_word' id='word_1_677' title='bbox 1066 5700 1291 5761; x_wconf 87' lang='lat' dir='ltr'><strong>habent,</strong></span> <span class='ocrx_word' id='word_1_678' title='bbox 1340 5698 1596 5783; x_wconf 72' lang='lat' dir='ltr'><strong>quodque</strong></span> <span class='ocrx_word' id='word_1_679' title='bbox 1644 5699 1793 5752; x_wconf 84' lang='lat' dir='ltr'><strong>Hen-</strong></span> 
     </span>
    </p>
   </div>
   <div class='ocr_carea' id='block_1_106' title="bbox 209 5770 1603 5843">
    <p class='ocr_par' dir='ltr' id='par_1_106' title="bbox 209 5770 1603 5843">
     <span class='ocr_line' id='line_1_106' title="bbox 209 5770 1603 5843; baseline -0.014 0"><span class='ocrx_word' id='word_1_680' title='bbox 209 5770 387 5843; x_wconf 71' lang='lat' dir='ltr'><strong>tenius</strong></span> <span class='ocrx_word' id='word_1_681' title='bbox 419 5770 580 5834; x_wconf 83' lang='lat' dir='ltr'><strong>etiam</strong></span> <span class='ocrx_word' id='word_1_682' title='bbox 605 5770 875 5834; x_wconf 68' lang='lat' dir='ltr'><strong>servavit,</strong></span> <span class='ocrx_word' id='word_1_683' title='bbox 906 5782 1103 5843; x_wconf 85' lang='lat' dir='ltr'><strong>neuter</strong></span> <span class='ocrx_word' id='word_1_684' title='bbox 1134 5787 1381 5826; x_wconf 86' lang='lat' dir='ltr'><strong>meorum</strong></span> <span class='ocrx_word' id='word_1_685' title='bbox 1416 5770 1603 5824; x_wconf 83' lang='lat' dir='ltr'><strong>habet.</strong></span> 
     </span>
    </p>
   </div>
   <div class='ocr_carea' id='block_1_107' title="bbox 275 5842 1025 5925">
    <p class='ocr_par' dir='ltr' id='par_1_107' title="bbox 275 5842 1025 5925">
     <span class='ocr_line' id='line_1_107' title="bbox 275 5842 1025 5925; baseline -0.015 -20"><span class='ocrx_word' id='word_1_686' title='bbox 275 5854 384 5922; x_wconf 69' lang='lat'><strong>(3‘2)</strong></span> <span class='ocrx_word' id='word_1_687' title='bbox 416 5852 701 5925; x_wconf 73' lang='grc' dir='ltr'>Σουδὰριον</span> <span class='ocrx_word' id='word_1_688' title='bbox 732 5844 937 5925; x_wconf 68' lang='lat' dir='ltr'><strong>omittit</strong></span> 
     </span>
    </p>
   </div>
   <div class='ocr_carea' id='block_1_108' title="bbox 275 5912 1789 5986">
    <p class='ocr_par' dir='ltr' id='par_1_108' title="bbox 275 5912 1789 5986">
     <span class='ocr_line' id='line_1_108' title="bbox 275 5912 1789 5986; baseline -0.009 -4"><span class='ocrx_word' id='word_1_689' title='bbox 275 5912 384 5986; x_wconf 53' lang='lat' dir='ltr'><strong>l3?)</strong></span> <span class='ocrx_word' id='word_1_690' title='bbox 438 5924 559 5976; x_wconf 75' lang='grc' dir='ltr'>Ὅτι</span> <span class='ocrx_word' id='word_1_691' title='bbox 587 5912 633 5973; x_wconf 81' lang='grc' dir='ltr'>οἱ</span> <span class='ocrx_word' id='word_1_692' title='bbox 656 5917 890 5972; x_wconf 80' lang='grc' dir='ltr'>το.οὖτοι</span> <span class='ocrx_word' id='word_1_693' title='bbox 917 5915 1071 5968; x_wconf 70' lang='grc' dir='ltr'>οὐδὲν</span> <span class='ocrx_word' id='word_1_694' title='bbox 1118 5914 1305 5985; x_wconf 80' lang='grc' dir='ltr'>ἓτερον</span> <span class='ocrx_word' id='word_1_695' title='bbox 1338 5912 1789 5982; x_wconf 55' lang='grc' dir='ltr'>ἁπι-ῗιηῖῃῖχῖίκιι</span> 
     </span>
    </p>
   </div>
   <div class='ocr_carea' id='block_1_109' title="bbox 1900 5698 2583 5770">
    <p class='ocr_par' dir='ltr' id='par_1_109' title="bbox 1900 5698 2583 5770">
     <span class='ocr_line' id='line_1_109' title="bbox 1900 5698 2583 5770; baseline 0.003 -19"><span class='ocrx_word' id='word_1_696' title='bbox 1900 5701 2106 5770; x_wconf 76' lang='grc' dir='ltr'>δυνηθή</span> <span class='ocrx_word' id='word_1_697' title='bbox 2120 5716 2323 5763; x_wconf 63' lang='grc' dir='ltr'>ξονται,</span> <span class='ocrx_word' id='word_1_698' title='bbox 2354 5698 2450 5751; x_wconf 79' lang='grc' dir='ltr'><strong>καὶ</strong></span> <span class='ocrx_word' id='word_1_699' title='bbox 2476 5699 2583 5753; x_wconf 82' lang='grc' dir='ltr'>ὅτι.</span> 
     </span>
    </p>
   </div>
   <div class='ocr_carea' id='block_1_110' title="bbox 1972 5768 2781 5841">
    <p class='ocr_par' dir='ltr' id='par_1_110' title="bbox 1972 5768 2781 5841">
     <span class='ocr_line' id='line_1_110' title="bbox 1972 5768 2781 5841; baseline -0.002 -16"><span class='ocrx_word' id='word_1_700' title='bbox 1972 5768 2103 5839; x_wconf 65' lang='lat' dir='ltr'><strong>(Ei/tt</strong></span> <span class='ocrx_word' id='word_1_701' title='bbox 2165 5768 2706 5841; x_wconf 66' lang='grc' dir='ltr'>Ἀπνιλογ-ςθήσεσθαι</span> <span class='ocrx_word' id='word_1_702' title='bbox 2742 5770 2781 5824; x_wconf 78' lang='grc' dir='ltr'><strong>Δ</strong></span> 
     </span>
    </p>
   </div>
   <div class='ocr_carea' id='block_1_111' title="bbox 1978 5842 2775 5913">
    <p class='ocr_par' dir='ltr' id='par_1_111' title="bbox 1978 5842 2775 5913">
     <span class='ocr_line' id='line_1_111' title="bbox 1978 5842 2775 5913; baseline -0.003 -18"><span class='ocrx_word' id='word_1_703' title='bbox 1978 5844 2087 5910; x_wconf 56' lang='lat'><strong>{55;</strong></span> <span class='ocrx_word' id='word_1_704' title='bbox 2141 5844 2674 5913; x_wconf 65' lang='grc' dir='ltr'>[Ιαρειτραπῄσονται</span> <span class='ocrx_word' id='word_1_705' title='bbox 2709 5842 2775 5893; x_wconf 73' lang='grc' dir='ltr'>Α.</span> 
     </span>
    </p>
   </div>
  </div>
