4016 6478
549 355 690 419 1063

1825 346 2203 416 EUTIIYMII
2276 345 2639 416 ZIGABENI

3691 355 3820 420 ιῡςι

536 470 648 523 ait:
680 465 841 524 Omni
875 468 1117 522 studium
1145 482 1209 522 ac
1237 467 1572 540 diligentiam
1604 466 1854 532 habenti,
1912 467 2119 522 tlﬂblttll

2243 468 2317 521 ὅτι
2383 469 2555 524 Παντὶ
2589 469 2668 540 τῷ
2699 469 2875 541 ἔχοντι
2933 468 3170 539 σπουδήν
3225 485 3281 520 τε
3329 466 3420 520 καὶ
3480 467 3820 537 ἐπιμέλειαν,

540 563 740 626 honor,
772 560 941 616 etiam
973 559 1346 615 abundantior
1376 573 1538 629 quam
1595 558 1670 612 illi
1705 557 1984 612 convenit.

612 747 770 804 Vers.
791 747 882 802 26.
904 746 978 801 Ab
1015 777 1087 789 —
1111 749 1176 801 ab
1232 764 1312 801 eo.
1367 745 1450 800 Ab
1489 762 1557 801 eo
1590 745 1682 817 qui
1715 745 1959 802 studium
2019 761 2129 800 non

543 844 711 898 habet
735 858 800 897 ac
834 841 1198 912 diligentiam,
1225 852 1283 894 ut
1314 841 1524 895 dictum
1557 849 1664 906 est,
1694 840 1864 894 etiam
1897 840 1950 894 id
1983 838 2130 908 quod

537 936 720 998 habet,
750 933 925 1004 gratia
954 934 1208 989 videlicet
1238 932 1498 997 docendi,
1523 932 1830 998 auferetur,
1868 942 2128 1001 tanquam

531 1029 602 1081 ab
629 1027 855 1097 illo,qui
880 1044 943 1082 ea
968 1042 1078 1081 non
1112 1026 1308 1080 utitur.

604 1118 711 1173 Sed
775 1133 945 1185 quare
1003 1118 1072 1172 de
1129 1117 1263 1173 solis
1319 1116 1492 1172 tribus
1526 1115 1701 1172 servis
1732 1114 1891 1177 dixit,
1921 1113 2131 1168 relictis

531 1211 788 1266 cteterisl
817 1209 956 1276 Quia
987 1225 1057 1264 ex
1087 1211 1174 1264 his
1201 1211 1362 1266 facile
1391 1219 1477 1264 est
1509 1209 1677 1263 etiam
1712 1209 1780 1262 de
1835 1208 1961 1262 aliis
1995 1222 2131 1260 con-

524 1304 771 1371 jcctare;
805 1312 1077 1373 quotquot
1103 1303 1249 1356 enim
1311 1300 1569 1373 negntiati
1616 1309 1768 1364 sunt,
1814 1298 2131 1354 conformes

528 1390 597 1448 ad
657 1393 874 1448 lucrum
932 1402 1298 1464 susceperunt
1368 1395 1648 1460 honores;
1683 1401 1954 1463 quotquot
1999 1407 2132 1446 vero

529 1486 702 1541 otiosa
762 1501 827 1540 ac
879 1485 1089 1540 inutilia
1126 1495 1486 1541 servaverunt
1543 1488 1711 1552 dona,
1743 1483 1941 1540 similia
2004 1500 2130 1539 cum

531 1578 799 1648 praedicm
826 1577 971 1647 passi
1004 1586 1156 1632 sunt.

608 1670 964 1741 Sexagesima
995 1681 1179 1725 autem
1214 1671 1369 1740 juxta
1399 1670 1713 1726 Matthazum
1773 1672 1975 1742 capite,
2002 1687 2128 1726 cum

526 1762 762 1816 similem
785 1762 1014 1816 dixisset
1036 1763 1372 1832 parabolam,
1403 1764 1460 1817 in
1493 1764 1599 1818 line
1633 1765 1842 1819 addidit
1887 1783 1900 1818 :
1947 1764 2014 1818 Et
2043 1766 2128 1816 in-

528 1853 709 1906 utilem
737 1865 945 1907 servum
981 1855 1156 1924 ejicite
1177 1856 1230 1908 in
1255 1856 1494 1910 tenebras
1531 1859 1838 1918 exteriores.
1901 1857 1973 1909 ibi
2029 1858 2128 1910 erit

526 1947 684 2016 ﬂetus
711 1955 758 1999 et
785 1947 983 2000 stridor
1021 1947 1260 2002 dentium
1289 1949 1331 1980 ³⁷
1357 1965 1373 2016 ;
1405 1959 1461 2005 et
1489 1949 1560 2004 ibi
1623 1947 1820 2004 horum
1853 1951 2126 2004 dictorum

528 2039 1047 2109 interpretationem
1079 2039 1266 2112 legito.

585 2207 742 2262 Vers.
797 2207 883 2263 27.
950 2207 1329 2262 Verumtamen
1395 2239 1468 2250 —
1504 2227 1606 2264 me.
1668 2210 1792 2266 Haec
1826 2211 2006 2266 caedes
2033 2219 2126 2266 aut

525 2301 778 2372 designat
817 2301 1151 2372 supplicium
1202 2300 1518 2356 Judaaorum
1573 2302 1630 2355 in
1663 2302 1850 2358 futuro
1897 2305 2121 2369 saeculo,

522 2403 624 2447 aut
650 2395 1029 2448 omnimodam
1063 2409 1257 2447 eorum
1286 2395 1706 2449 subversionein
1739 2396 1842 2450 sub
1911 2395 2125 2465 Vespa-

519 2486 682 2540 siano
723 2496 778 2540 et
813 2483 960 2540 Tito.

599 2577 755 2633 Vers.
814 2577 906 2633 28.
979 2576 1049 2631 Et
1112 2608 1181 2620 -—-
1245 2578 1637 2650 Hierosolyma.
1701 2579 1996 2637 Festinans
2053 2582 2121 2636 ad

527 2671 844 2741 passionem
868 2679 921 2725 et
945 2686 1189 2725 crucem.

943 2784 1097 2840 CAP.
1127 2785 1361 2842 vaul.
1393 2786 1466 2841 De
1494 2787 1660 2856 pullo.

603 2886 752 2932 Vers.
773 2879 866 2934 29.
892 2877 1045 2932 Et—
1061 2878 1216 2935 Vers.
1233 2880 1320 2936 3f.
1347 2881 1690 2936 Necessarias
1711 2891 1808 2936 est.
1829 2881 1895 2936 Et
1916 2883 2019 2938 hoc
2043 2883 2125 2937 in-

526 2971 715 3026 venies
735 2972 1153 3043 quadragesimo
1169 2975 1360 3043 quinto
1377 2975 1530 3044 juxta
1559 2974 1873 3029 Matthzeum
1910 2975 2112 3046 capite,

525 3065 581 3117 in
619 3080 726 3134 quo
761 3075 871 3119 tnta
903 3066 1067 3134 hujus
1094 3070 1368 3122 enarratio
1395 3069 1461 3122 ad
1489 3070 1713 3124 verbum
1740 3073 1989 3139 exposita
2011 3079 2114 3124 est.

602 3153 754 3210 Vers.
790 3157 877 3211 32.
915 3158 1168 3212 Abierant
1194 3190 1262 3202 -—
1295 3157 1448 3214 Vers.
1501 3161 1590 3215 55.
1618 3163 1823 3217 Iesum.
1847 3159 1922 3216 lbi
1949 3161 2115 3216 etiam
2146 3167 2189 3226 c

517 3246 591 3304 de
618 3247 926 3303 hisdictutn
951 3261 1058 3305 est.

601 3343 752 3398 Vers.
793 3344 882 3399 55.
924 3343 989 3398 Ει
1021 3371 1088 3384 —-
1112 3344 1266 3401 Vers.
1297 3345 1385 3400 36.
1438 3345 1556 3402 Via.
1588 3348 1716 3405 Haec
1737 3351 2122 3406 substernebat

523 3435 758 3504 plurima
790 3437 972 3500 turba,
1015 3437 1158 3491 sicut
1197 3439 1334 3493 dixit
1373 3440 1702 3510 Mattheus;
1735 3457 1864 3497 nam
1906 3453 1962 3498 et
2011 3444 2118 3497 ista

516 3544 743 3598 quoque
782 3530 1031 3586 invenies
1051 3531 1244 3586 eodem
1275 3533 1477 3603 capite.

599 3620 747 3675 Vers.
774 3623 862 3677 37.
894 3621 1132 3693 Cumque
1145 3624 1266 3692 jam
1297 3627 1776 3698 appropinquasset
1805 3627 2117 3685 virtutibus.

526 3711 600 3767 lic
648 3714 951 3779 miraculis,
1010 3731 1132 3786 qua:
1186 3718 1305 3786 ipso
1355 3727 1604 3788 tempore
1652 3720 1927 3777 viderant.
1990 3721 2117 3775 Erat

517 3805 666 3858 enim
705 3807 1050 3873 miraculum,
1087 3807 1154 3862 de
1193 3809 1340 3878 pullo
1375 3808 1633 3880 illiusque
1674 3813 1920 3868 dominis
1955 3831 2105 3886 pra:-

519 3897 706 3951 dicere
747 3915 762 3951 :
800 3907 857 3952 et
898 3914 1021 3952 cum
1072 3899 1188 3970 ipse
1228 3910 1372 3955 esset
1425 3903 1750 3972 indomitus,
1795 3907 1933 3964 adeo
1963 3926 2117 3964 com-

521 3991 697 4060 posite
759 4005 824 4045 ac
870 3991 1116 4046 modeste
1166 3993 1446 4059 incedere,
1503 3998 1718 4052 turbam
1767 3999 1836 4055 ad
1898 4012 2112 4057 tantum

519 4083 668 4138 illius
712 4084 978 4138 honorem
1026 4089 1252 4152 attrahi,
1291 4104 1355 4143 ac
1402 4090 1714 4158 hujusmodi
1758 4090 1992 4148 faustam
2043 4095 2112 4150 de

515 4189 583 4228 eo
607 4173 794 4228 ellerri
816 4175 1270 4232 acclamationem
1297 4188 1352 4233 et
1385 4181 1607 4236 similia.

595 4265 749 4322 Vers.
799 4267 891 4322 58.
935 4269 1174 4324 Dicentes
1207 4301 1279 4311 —-
1310 4272 1543 4327 Domini.
1588 4274 1879 4331 )latthzeus
1923 4289 2109 4335 autem

515 4358 678 4420 dixit.
703 4359 850 4428 quod
890 4362 1083 4426 turbas,
1116 4380 1234 4434 quae
1265 4367 1648 4435 przecedcbant
1678 4379 1734 4424 et
1758 4386 1880 4440 qua:
1913 4387 2110 4444 seque-

518 4453 737 4515 bantur,
785 4453 1100 4509 clamabant
1150 4457 1401 4514 dicentes
1449 4460 1552 4514 hoc
1626 4461 1708 4527 ³⁸;
1759 4472 1810 4518 et
1869 4463 1942 4520 ibi
1987 4467 2108 4538 lege

517 4551 685 4624 totam
733 4547 1143 4602 enarrationem
1194 4550 1410 4604 illorum
1458 4553 1755 4607 verborum
1813 4572 1986 4626 usque
2036 4561 2104 4614 ad

516 4650 641 4688 eum
686 4637 864 4690 locum
913 4656 927 4692 ;
975 4636 1208 4710 Cumque
1247 4642 1494 4696 intrasset
1544 4643 1656 4714 ipse
1711 4645 2106 4721 Hierosolyma,

509 4738 778 4781 commota
830 4739 905 4783 est
931 4732 1176 4785 universa
1213 4734 1400 4790 civitas
1430 4737 1474 4768 ³⁸

589 4814 854 4874 Vers.58.
889 4820 1104 4874 Pax—
1145 4825 1386 4882 excelsis.
1430 4828 1490 4882 ln
1534 4846 1599 4885 ea
1647 4831 2106 4902 interpretatione

512 4908 676 4962 etiam
712 4910 829 4966 haec
858 4925 1109 4969 enarrata
1148 4929 1300 4972 sunt.
1335 4921 1595 4977 Videntes
1627 4927 1776 4980 enim
1815 4927 2099 4999 discipuli,

513 5001 705 5055 turbas
749 5002 864 5058 haec
909 5006 1194 5075 facientes,
1244 5021 1299 5065 et
1343 5012 1415 5067 ita
1456 5015 1783 5084 clamantes,
1831 5019 1997 5073 simul
2037 5036 2102 5075 ac

513 5092 769 5149 similiter
831 5098 1298 5171 vociferabantur,
1366 5122 1474 5162 una
1545 5125 1671 5164 cum
1739 5111 1820 5166 eis
1873 5113 2100 5169 numine

512 5184 678 5240 afﬂati

590 5277 744 5334 Vers.
787 5283 877 5338 59.
916 5284 984 5339 Et
1022 5291 1240 5358 quidam
1284 5322 1357 5333 —
1402 5295 1558 5352 Vers.
1606 5299 1697 5357 40.
1751 5299 2091 5356 Clamabunt.

581 5369 723 5442 Lege
765 5388 1168 5448 consequenter
1217 5387 1478 5455 prtedicto
1533 5392 1713 5461 capite
1769 5393 1912 5447 illius
1962 5395 2096 5450 dicti

622 5558 666 5589 ³⁷
706 5558 898 5617 Matth.
970 5581 1097 5632 xw,
1154 5570 1242 5626 50.

2233 561 2526 631 δοθήσεται
2580 560 2716 631 τιμὴ
2746 562 2840 615 καὶ
2877 561 3245 628 πεοισσοτέρα
3276 559 3370 628 τῆς
3423 557 3819 628 ἐπιϐαλλούσης

2235 652 2408 723 αὐτῷ.

2307 744 2453 798 Ἀπὸ
2508 773 2577 783 —
2633 744 2735 798 ἀπ’
2796 743 3004 797 αὑτοῦ.
3054 743 3187 796 Ἀπδ
3217 743 3273 796 δὲ
3330 743 3423 796 τοῦ
3482 743 3556 814 μὴ
3606 742 3818 811 ἔχοντος

2237 839 2475 910 σπουδήν
2503 856 2563 890 τε
2596 839 2693 892 καὶ.
2745 839 3089 908 ἐπιμέλειαν,
3121 837 3196 900 ὡς
3241 840 3481 908 εἴρηται,
3523 839 3615 890 καὶ
3646 838 3673 889 ὃ
3702 838 3815 907 ἔχει

2234 933 2483 1004 χάρισμα
2518 930 2893 995 διδασκαλίας,
2957 930 3417 1001 ἀφαιρεθήσεται,
3471 925 3556 984 οἷα
3587 932 3663 1002 μὴ
3687 947 3820 999 χρη-

2236 1025 2476 1094 σαμένου
2511 1024 2682 1093 αὐτῷ.

2319 1117 2482 1171 Ἀλλὰ
2513 1119 2607 1172 καὶ
2668 1117 2781 1188 (56)
2814 1116 2958 1170 διατί
3007 1116 3138 1184 περὶ
3193 1117 3372 1186 μόνων
3421 1115 3588 1186 τριῶν
3620 1114 3821 1168 δούλων

2233 1207 2428 1270 εἰπὼν,
2461 1211 2589 1272 τοὺς
2630 1207 2826 1271 ἄλλους
2887 1208 3068 1277 ἀφῆκε
3093 1226 3107 1272 ;
3133 1207 3277 1259 Διότι
3310 1207 3532 1277 εὐχερές
3581 1209 3729 1260 ἐστιν
3762 1208 3822 1259 ἐκ

2232 1305 2442 1358 τούτων
2501 1306 2598 1358 καὶ
2639 1304 2767 1374 περὶ
2825 1303 3053 1357 ἐκείνων
3090 1303 3304 1372 μαθεῖν,
3369 1303 3526 1357 Ὅσοι
3563 1303 3662 1372 μὲν
3717 1301 3825 1370 γὰρ

2233 1398 2800 1469 ἐπραγματεύσαντο,
2821 1397 3101 1465 ἀναλόγως
3124 1395 3199 1466 τῷ
3228 1396 3408 1466 κέρδει
3427 1395 3692 1465 λήψονται
3722 1397 3814 1455 τὰς

2232 1491 2420 1561 τιμάςο
2453 1492 2567 1544 ὅσοι
2600 1491 2655 1544 δὲ
2675 1491 2844 1561 ἀργὸν
2868 1493 2962 1543 καὶ
2983 1491 3256 1561 ἄχρηστον
3279 1489 3435 1558 ἔσχον
3464 1489 3522 1541 τὸ
3552 1490 3819 1559 χάρισμα,

2231 1584 2301 1636 τὰ
2336 1584 2497 1653 ὃμοια
2533 1583 2609 1652 τῷ
2643 1582 2938 1653 δηλωθέντι
2969 1583 3270 1659 πείσονται.

2304 1677 2396 1730 Ἐν
2429 1677 2484 1731 δὲ
2512 1678 2590 1747 τῷ
2612 1677 2896 1746 ἑξηκοστῷ
2925 1678 3210 1745 κεφαλαῖῳ
3238 1675 3331 1729 τοῦ
3364 1675 3506 1729 κατὰ
3538 1676 3818 1729 Ματθαίον

2234 1770 2554 1842 παραϐολὴν
2594 1770 2856 1841 τοιαύτην
2887 1769 3082 1833 εἰπὼν,
3119 1770 3210 1822 ἐπὶ
3238 1768 3426 1830 τέλους
3450 1767 3816 1838 προσέθηκεν,

2231 1865 2316 1917 ὅτι
2341 1863 2446 1917 Καὶ
2467 1864 2572 1916 τὸν
2590 1863 2838 1932 ἀχρεῖον
2852 1863 3080 1917 δοῦλον
3099 1861 3387 1916 ἐκϐάλετε
3401 1863 3489 1926 εις
3508 1862 3573 1914 τὸ
3595 1860 3820 1921 σκότος

2232 1957 2296 2012 τὸ
2317 1955 2650 2025 ἐξώτερον.
2695 1956 2857 2010 Ἑκεῖ
2877 1957 3048 2010 ἔσται
3071 1959 3104 2010 ό
3126 1954 3438 2023 κλαυθμὸς
3479 1955 3580 2008 καὶ
3614 1957 3647 2008 ό
3668 1953 3790 2020 ,βρυ
3807 1979 3822 1990 ·

2227 2051 2378 2119 τμὸς
2393 2049 2514 2102 τῶν
2535 2047 2822 2102 ὀδόντων.
2843 2048 2950 2102 Καὶ
2965 2048 3243 2118 ἀνάγνωθι
3267 2048 3383 2099 ἐκεῖ
3402 2047 3499 2118 τὴν
3513 2046 3621 2100 τῶν
3641 2043 3820 2116 ῥητῶν

2227 2143 2438 2195 τούτων
2468 2141 2788 2213 ἑρμηνείαν.

2303 2235 2481 2302 Πλὴν
2505 2263 2571 2275 -—
2621 2252 2764 2303 μου.
2811 2235 2874 2286 Ἡ
2911 2234 3245 2303 κατασφαγὴ
3285 2232 3423 2301 αῦτη
3455 2233 3486 2303 ἢ
3519 2233 3616 2304 τὴν
3655 2233 3712 2284 ὲν
3739 2230 3817 2299 τῷ

2231 2329 2481 2398 μέλλοντι
2515 2326 2674 2377 αἰῶνι
2701 2325 2926 2378 κόλασιν
2977 2325 3086 2377 τῶν
3113 2323 3389 2377 Ἰουδαίων
3425 2323 3748 2393 παραδηλοῖ,
3781 2324 3813 2390 ῆ

2227 2421 2328 2491 τὴν
2361 2420 2420 2472 ὲν
2450 2420 2563 2481 τοῖς
2592 2417 2809 2488 χρόνοις
2867 2415 3286 2469 Οὐεσπασιανοῦ
3316 2417 3411 2469 καὶ
3444 2415 3604 2470 Τίτου
3639 2433 3819 2468 πανωο

2226 2511 2447 2582 λεθρίαν
2481 2508 2682 2562 αὐτῶν.

2299 2603 2411 2659 Kal
2438 2633 2508 2643 —
2540 2601 2955 2671 Ἰεροσόλυμα.
2997 2601 3253 2656 Σπεύδων
3285 2604 3375 2655 ἐπὶ
3419 2603 3487 2652 τὰ
3545 2602 3693 2671 πάθη
3721 2599 3819 2654 καὶ

2226 2699 2318 2751 τὸν
2347 2696 2606 2766 σταυρόν.

2589 2821 2750 2875 ΚΕΦ.
2782 2820 2909 2876 ΞΗν.
2945 2822 3084 2890 Περὶ
3117 2821 3223 2876 τοῦ
3247 2820 3476 2876 πώλου.

2299 2913 2412 2970 Kal
2452 2946 2511 2956 --
2546 2916 2757 2985 χρείαν
2803 2916 2946 2985 ἔχει.
2993 2915 3167 2969 Τοῦτο
3207 2917 3265 2968 τὸ
3294 2916 3589 2983 κεφάλαιον
3617 2930 3819 2966 τεσσα-

2230 3007 2494 3079 ρακοστὸν
2531 3008 2784 3076 πέμπτον
2838 3008 3094 3078 εὑρήσεις
3127 3011 3182 3060 ἐν
3213 3007 3290 3078 τῷ
3338 3008 3477 3062 κατὰ
3511 3008 3815 3072 Ματθαῶν,

2224 3107 2284 3158 ιν
2308 3097 2353 3172 ᾧ
2385 3103 2535 3155 πᾶσα
2567 3104 2707 3155 κατὰ
2736 3102 2950 3171 λόγονή
2984 3101 3246 3172 ἐξήγησις
3280 3100 3526 3168 ἐξετέθη.

2306 3198 2696 3262 Ἀπελθόντες
2738 3225 2804 3238 --
2849 3193 3109 3263 ’Ῐησοῦνκ
3185 3193 3275 3246 Ἐν
3317 3194 3512 3263 ἐκείνῳ
3562 3193 3818 3262 καὶπερὶ

2222 3293 2430 3345 τούτων
2459 3291 2696 3362 ἐρρήθη.

2290 3385 2400 3439 Καὶ
2443 3414 2514 3424 —
2542 3381 2680 3448 ὀδῷ.
2727 3380 3172 3454 ’Υπεστρώννυον
3227 3379 3401 3434 ταῦτα
3479 3381 3508 3432 ὁ
3557 3379 3814 3441 πλεῖστος

2220 3477 2400 3548 ὄχλος,
2457 3476 2534 3540 ὡς
2566 3473 2688 3530 εῐπε
2722 3476 3028 3538 λίατθαῖος.
3098 3473 3186 3528 Ἐν
3217 3475 3413 3545 ἐκείνῳ
3461 3473 3515 3526 δὲ
3548 3474 3638 3527 καὶ
3678 3474 3810 3543 περὶ

2219 3567 2428 3622 τούτων
2458 3569 2736 3640 εὑρήσεις.

2303 3661 2681 3732 Ἐγγίζογτος
2740 3660 2809 3714 δὲ
2864 3659 3053 3714 αὐτοῦ
3083 3659 3199 3728 ἤδη
3231 3689 3302 3699 -
3343 3657 3673 3728 δυνάμεων.
3711 3651 3814 3711 Ὦν

2218 3753 2360 3811 εἶδον
2386 3757 2686 3826 θαυμάτων
2731 3756 2788 3809 ἐν
2832 3753 2908 3825 τῷ
2935 3753 3056 3808 τότε
3086 3753 3283 3824 καιρῷ.
3331 3752 3529 3822 Θαῦμα
3580 3754 3711 3823 γὰρ,
3749 3752 3808 3803 τὸ

2221 3851 2507 3922 προειπεῖν
2544 3849 2676 3919 περὶ
2737 3845 2833 3900 τοῦ
2874 3845 3060 3900 πώλου
3093 3846 3319 3901 καὶτῶν
3365 3845 3571 3916 κυρίων
3613 3843 3800 3907 αὐτοῦ,

2216 3944 2276 3998 τὸ
2334 3943 2542 4015 βαίνειν
2591 3941 2754 3996 αὐτὸν
2825 3942 3126 4006 εὐτάκτως,
3193 3936 3509 4009 ἀδάμαστον
3538 3937 3688 3998 ὄντα,
3748 3936 3807 3987 τὸ

2218 4037 2616 4110 συγκινηθῆναι
2642 4038 2735 4090 τὸν
2764 4035 2923 4107 ὄχλον
2951 4037 3030 4098 el;
3061 4033 3338 4104 τοσαύτην
3363 4032 3532 4102 τιμὴν
3583 4031 3680 4084 καὶ
3704 4047 3804 4101 τη-

2213 4130 2482 4200 λικαύτην
2514 4131 2796 4202 εὐφημίαν
2819 4127 3011 4194 αὐτοῦ,
3045 4128 3139 4182 καὶ
3171 4129 3237 4179 τὰ
3268 4124 3519 4179 τοιαῦτα.

2285 4292 2581 4362 Λέγοντες
2610 4322 2679 4333 —-
2711 4293 2959 4361 Κυρίου.
3007 4291 3067 4345 '0
3098 4290 3153 4344 δὲ
3198 4291 3479 4353 Ματθαίος
3517 4285 3694 4342 εἶπενο
3720 4289 3802 4341 ὅτι

2214 4385 2264 4436 οἱ
2291 4383 2439 4454 ὄχλοι
2462 4384 2510 4437 οἱ
2543 4385 2877 4455 προάγοντες
2909 4385 3006 4437 καὶ
3026 4384 3076 4436 οἱ
3111 4381 3539 4443 ἀκολουθοῦντες
3567 4380 3803 4451 ἔκραζον

2214 4477 2466 4544 λέγοντες
2493 4477 2672 4531 τοῦτο.
2717 4476 2828 4529 Καὶ
2862 4473 3140 4541 ἀνάγνωθι
3170 4474 3290 4527 ἐκεῖ
3319 4474 3418 4543 τὴν
3441 4474 3569 4543 ὃλην
3602 4472 3800 4541 ἐξήγη-

2215 4583 2298 4618 σιν
2329 4565 2442 4618 τῶν
2469 4566 2652 4635 ῥητῶν
2692 4565 2922 4632 τούτων,
2950 4567 3077 4638 ἄχρι
3107 4565 3222 4618 τοῦ·
3262 4567 3372 4619 Καὶ
3413 4566 3801 4628 εἰσελθόντος

2211 4658 2401 4714 αὐτοῦ
2429 4661 2520 4725 εὶς
2575 4659 2980 4731 Ἱεροσόλυμα,
3017 4660 3268 4727 ἐσείσθη
3308 4657 3478 4714 πᾶσα
3519 4661 3558 4728 ἡ
3598 4662 3798 4724 πόλις.

2275 4843 2502 4912 Εἰρήνη
2525 4870 2595 4883 --
2620 4843 2928 4911 ὑψίστοις.
2978 4843 3067 4896 Ἑν
3105 4845 3288 4915 ἐκείνῃ
3315 4847 3381 4916 τῇ
3410 4844 3670 4916 ἐξηγήσει
3704 4847 3800 4899 καὶ

2214 4937 2390 4990 ταῦτα
2439 4937 2948 5008 διηρμηνεύθησαν.
2986 4936 3290 5001 Βλέποντες
3324 4947 3432 5009 γάρ
3469 4940 3517 4992 οἱ
3552 4939 3798 5010 μαθηταὶ

2211 5029 2338 5092 τοὺς
2383 5027 2576 5099 ὄχλους
2605 5029 2750 5084 οῦτω
2804 5030 3098 5096 ποιοῦντας
3147 5034 3241 5084 καὶ
3292 5031 3435 5085 οὓτω
3465 5031 3792 5102 κράζοντας,

2213 5121 2644 5193 συνηγάλλοντο,
2699 5123 2797 5176 καὶ
2824 5123 3028 5196 ὁμοίως
3078 5124 3272 5190 ἐϐόων,
3307 5126 3795 5190 συνενθουσιῶντες

2209 5229 2242 5264 α
2251 5214 2277 5265 ὑ
2285 5214 2420 5282 τοῖς,
2516 5278 2528 5285 ἐ

2290 5307 2401 5360 Καί
2441 5324 2602 5374 τινες
2650 5340 2722 5350 --
2764 5312 3178 5380 κεκράξονται.
3235 5304 3536 5380 ’Ᾱνάγνιυοι
3595 5314 3654 5364 ὲν
3719 5315 3794 5380 τῷ

2205 5396 2502 5466 δηλωθέντι
2539 5405 2823 5476 κεφαλαίῳ
2870 5405 3181 5470 ἀκολούθως
3229 5411 3325 5475 τὴν
3354 5405 3654 5473 ἑρμηνείαν
3678 5403 3794 5456 τοῦ·

1358 5573 1404 5604 ³⁸
1432 5564 1623 5630 Matth.
1662 5594 1773 5643 ut,
1799 5580 1851 5635 9.
1966 5581 2012 5616 ’τ
2065 5581 2203 5637 Ibid.
2242 5584 2329 5640 10.

1710 5736 1913 5798 Varia!
1959 5738 2266 5802 lectiones
2301 5753 2362 5805 et
2405 5753 2593 5808 notae.

579 5823 691 5890 (56)
751 5823 860 5878 Καί
892 5828 1094 5882 omittit
1125 5830 1180 5881 ll.
