4016 6456
496 384 624 451 1οη

559 501 712 555 Vcrs.
744 497 798 554 9.
834 497 967 553 Cum
991 521 1058 533 -ν
1091 492 1248 548 Vers.
1278 493 1336 547 11
1359 533 1371 548 .
1437 501 1611 547 erunt.
1649 491 1728 547 lbi
1781 491 1945 546 etiam
1997 491 2062 545 de
2093 498 2138 554 Α

487 591 573 648 his
602 591 805 647 dictum
841 599 944 645 est.

558 685 714 741 Vers.
771 683 859 739 12.
919 683 1106 738 Verum
1141 693 1261 739 ante
1293 710 1360 722 -—
1384 694 1579 734 meum.
1615 675 1879 730 Similiter
1904 685 1959 730 et
1991 676 2056 728 ilc

487 776 599 834 his.

558 869 710 924 Vers.
745 868 832 923 15.
866 867 1144 940 Continget
1173 897 1241 911 -——
1267 866 1649 921 testimonium.
1699 863 1760 917 In
1796 867 2067 932 protesta-

488 961 714 1027 tionem,
745 960 800 1015 in
837 960 1277 1032 redargutionem
1303 975 1496 1013 eorum
1521 957 1611 1026 qui
1640 971 1749 1009 non
1809 953 2064 1009 credide-

487 1061 638 1118 runt,
668 1068 736 1107 ne
766 1052 952 1111 dicere
984 1053 1199 1122 possint
1229 1053 1285 1106 in
1323 1050 1410 1106 die
1437 1047 1654 1120 judicii,
1689 1046 1834 1116 quod
1870 1043 2068 1114 praedi-

484 1143 753 1198 cationem
805 1158 914 1196 non
963 1142 1254 1197 audierim.
1338 1141 1448 1194 Aut
1510 1138 1834 1208 contingent
1883 1134 2062 1198 vobis,

483 1250 603 1307 quae
642 1235 708 1288 ab
749 1235 860 1288 illis
892 1233 1204 1288 inferentur
1231 1232 1287 1286 in
1325 1230 1572 1300 martyrii
1603 1228 1852 1300 gloriam.
1903 1223 2062 1293 (Nam

483 1326 656 1381 Graeci
684 1325 883 1390 dicunt
917 1344 929 1379 :
997 1324 1273 1394 Continget
1306 1324 1446 1377 vobis
1511 1323 1592 1384 είς
1624 1319 1928 1392 μαρτύριον
1961 1357 1976 1383 ,
2011 1315 2063 1370 id

483 1429 568 1474 cst
596 1421 649 1472 in
681 1420 1000 1489 martyrium
1027 1426 1121 1471 aut
1149 1417 1205 1470 in
1229 1415 1633 1482 testimonium.)

559 1510 719 1566 Vera.
766 1510 848 1563 14.
874 1508 1526 1580 Habeto—defensionem.
1561 1504 1641 1576 -Η-
1672 1503 1867 1557 Ponite
1899 1500 2064 1556 corda

483 1613 690 1664 vestra,
724 1601 862 1667 loco,
915 1601 1251 1672 componite,
1288 1597 1638 1670 persuadete,
1671 1605 1766 1650 aut
1795 1593 1981 1666 ponite
2010 1593 2064 1646 in

483 1693 743 1748 cordibus
785 1692 1006 1748 vestris.

553 1784 707 1838 Vers.
739 1784 823 1838 15.
864 1783 975 1856 Ego
1012 1815 1083 1824 —
1121 1783 1280 1837 voﬁis.
1317 1781 1390 1837 Os
1435 1779 1676 1852 appellat
1709 1777 1874 1833 verba
1911 1794 1927 1843 ;
1975 1791 2065 1832 sa-

484 1877 740 1946 pientiam
772 1869 901 1930 vero
929 1876 1336 1944 intelligentiam
1368 1874 1444 1943 (π)
1475 1874 1790 1928 verborum.

557 1965 714 2024 Vcrs.
750 1965 834 2020 16.
858 1964 1418 2021 Trndemini.—Vers.
1452 1965 1536 2018 l7.
1571 1977 1766 2015 meum.
1800 1955 2064 2012 Pratdicto

481 2057 659 2128 capite
686 2059 849 2113 etiam
882 2059 951 2114 de
1014 2059 1100 2113 his
1130 2056 1400 2112 invenies.

560 2150 712 2203 Vers.
751 2151 836 2215 18.
883 2149 953 2204 Et
1014 2148 1562 2218 capillus—pereat.
1623 2144 1690 2199 Et
1727 2158 1860 2197 rere
1907 2139 2064 2194 multi

483 2245 718 2306 ﬁdelium
747 2247 800 2299 in
837 2246 1018 2316 ignem
1044 2240 1252 2313 iniecti,
1283 2255 1356 2294 ne
1401 2238 1629 2308 capillos
1667 2235 1888 2306 quidem
1942 2250 2066 2304 per-

482 2341 761 2405 diderunt.
796 2335 1148 2392 Manifestum
1178 2346 1306 2402 ergo
1332 2339 1435 2393 est,
1467 2329 1612 2398 quod
1642 2326 1684 2380 si
1744 2327 1903 2396 cujus
1938 2339 2066 2396 pars

482 2436 662 2504 aliqua
695 2428 946 2499 corporis
977 2433 1257 2498 amputata
1310 2422 1404 2487 sit,
1440 2421 1546 2474 hoc
1593 2417 1776 2474 divina
1831 2415 2065 2486 permis-

493 2528 651 2580 sione
683 2520 985 2578 sustinuit:
1020 2516 1288 2588 siquidem
1307 2513 1586 2569 interdum
1633 2508 1911 2580 propriam
1975 2523 2066 2563 os-

485 2617 742 2674 tendebat
763 2613 1085 2685 potentiam,
1103 2609 1433 2679 quandoque
1455 2615 1637 2661 autem
1659 2602 1811 2659 carni
1838 2602 2066 2673 permit-

485 2713 652 2777 tvbat,
686 2719 744 2765 ut
772 2711 924 2780 juxta
948 2713 1200 2760 naturam
1237 2709 1542 2773 pateretur.
1577 2698 1714 2752 (lum
1744 2711 1876 2767 ergo
1907 2695 2065 2750 dirc-

482 2807 554 2860 rit
587 2823 600 2858 :
631 2801 700 2856 Et
727 2798 953 2870 capillus
979 2799 1043 2852 de
1063 2796 1233 2865 capite
1264 2802 1436 2848 vestro
1498 2805 1602 2844 non
1620 2796 1823 2856 pereat,
1863 2784 2066 2858 signili'

482 2895 652 2958 cavit,
683 2891 828 2963 quod
859 2889 1208 2958 omnipotens
1245 2894 1413 2948 esset,
1453 2882 1710 2953 quodque
1755 2877 1862 2933 illis
1891 2878 2065 2932 auxil-

483 2987 734 3046 liaretur,
759 2988 822 3035 ac
854 2977 1188 3034 alacritatem
1221 2973 1560 3030 immitteret.

558 3096 710 3153 Vers.
743 3095 829 3150 l9.
869 3091 972 3146 Per
1003 3121 1070 3131 -—
1098 3098 1317 3144 vestras.
1342 3117 1412 3127 ——
1447 3085 1734 3148 Possidete,
1761 3083 1877 3138 sire
1943 3095 2063 3135 ser-

1728 377 2108 441 EUTIIYMII
2162 378 2522 441 ZIGABENI

3611 377 3745 442 1072

2270 495 2425 546 Οταν
2461 519 2532 529 -
2559 489 2748 544 ἔσται.
2801 489 2952 542 Ἐκεῖ
2980 488 3076 544 καὶ
3115 485 3242 560 περὶ
3277 492 3480 541 τούτων
3511 490 3746 562 ἐρρήθη.

2244 675 2362 744 Πρὸ
2401 675 2470 728 δὲ
2493 705 2560 714 -
2589 689 2732 743 μου.
2781 671 3024 743 Ὁμοίως
3054 674 3149 726 καὶ
3180 674 3310 744 περὶ
3338 671 3568 726 τούτων.

2251 859 2639 929 Ἆπυόήσεται
2673 889 2741 900 —
2768 858 3120 928 μαρτύριον.
3152 860 3245 923 El;
3278 858 3495 930 ἔλεγχον
3523 856 3631 910 τῶν
3665 855 3742 928 μὴ

2169 955 2602 1014 πιστευσάντων,
2655 955 2742 1007 ἵνα
2781 953 2856 1019 μὴ
2912 953 3177 1008 δύνωνται
3220 952 3404 1020 λέγειν
3435 936 3511 1004 ’ἐν
3560 952 3741 1023 ἡμέρᾳ

2168 1048 2407 1119 κρίσεως
2466 1049 2549 1101 ὅτι
2590 1047 2706 1099 Οὐκ
2747 1045 3066 1116 ἠκούσαμεν
3109 1044 3204 1098 τοῦ
3255 1045 3630 1116 κηρύγματος.
3673 1042 3739 1095 Ἦ

2169 1139 2509 1211 ἀποϐήσεται
2561 1139 2690 1208 ὑμῖν
2723 1140 2794 1191 τὰ
2847 1139 2978 1210 παρ’
3028 1139 3252 1191 ἐκείνων
3304 1137 3620 1208 ὲπαγόμενα
3661 1137 3741 1200 εἰς

2173 1230 2527 1302 μαρτυρικὴν
2561 1227 2741 1293 δόξαν.

2238 1490 2426 1546 Θέσθε
2449 1521 2515 1532 -
2544 1487 3022 1558 ἀπολογηθῆναι.
3047 1487 3216 1542 Θέσθε
3258 1487 3368 1559 (41)
3393 1487 3490 1550 τὰς
3513 1489 3740 1557 καρδίας

2169 1581 2343 1651 ὑμῶν,
2377 1582 2496 1635 ἀντὶ
2518 1581 2636 1647 τοῦ,
2675 1580 2951 1646 διάθεσθε,
2998 1581 3244 1648 πείσατε,
3282 1580 3316 1650 ἢ
3349 1577 3505 1632 θέσθε
3536 1580 3617 1642 είς
3643 1578 3741 1641 τὰς

2167 1673 2393 1744 καρδίας
2433 1672 2609 1745 ὑμῶν.

2263 1767 2404 1838 Ἐγὼ
2434 1798 2504 1809 -
2530 1766 2699 1836 ὑμῖν.
2734 1767 2916 1838 Στόμα
2951 1766 3052 1836 μὲν
3117 1765 3262 1834 λέγει
3340 1765 3464 1828 τοὺς
3509 1762 3738 1832 λόγους,

2097 1839 2140 1895 Β
2171 1861 2363 1931 σοφίαν
2396 1860 2451 1913 δὲ
2472 1860 2570 1923 τὰς
2609 1858 2822 1923 ἑννοίας
2862 1859 2970 1910 τῶν
3009 1858 3203 1926 λόγων.

2236 1951 2742 2021 Παραδοθήσεσθε
2765 1980 2837 1993 -
2878 1968 3020 2020 μου.
3091 1949 3181 2004 Ἐν
3204 1947 3280 2020 τῷ
3314 1949 3535 2020 ῥηθέντι
3573 1965 3744 2019 κεφαδ

2166 2045 2302 2115 λαίῳ
2323 2045 2418 2098 καὶ
2448 2047 2579 2116 περὶ
2605 2042 2817 2097 τούτων
2851 2043 3135 2114 εὑρήσεις.

2238 2137 2350 2192 Kul
2381 2138 2514 2207 θρὶξ
2557 2136 2975 2205 -ἀπόληττιμ
3033 2136 3145 2190 Καὶ
3208 2135 3379 2199 ὅντως
3406 2135 3594 2189 πολλοῖ¹
3633 2135 3744 2188 τῶν

2167 2232 2396 2295 πιστῶν,
2439 2232 2518 2294 είς
2541 2230 2652 2303 πῦρ
2683 2229 3072 2301 ἐμϐληθέντες,
3101 2229 3220 2282 οὐδὲ
3239 2229 3401 2299 τρίχα
3428 2229 3743 2285 ἀπώλεσαν.

2167 2325 2330 2380 Ὅθεν
2361 2325 2595 2397 φανερδν
2619 2325 2725 2391 ὅτι,
2767 2325 2865 2377 καὶ
2912 2323 2965 2376 el'
2993 2340 3078 2386 τις
3108 2322 3359 2394 ἀφῃρέθη
3406 2341 3458 2376 τι
3503 2323 3598 2376 ’τοῦ
3639 2326 3745 2377 σῶ-

2170 2433 2361 2488 ματος,
2398 2416 2542 2469 κατὰ
2566 2414 2920 2486 συγχώρησιν
2951 2407 3088 2466 Θεοῦ
3139 2415 3296 2468 τοῦτο
3358 2414 3575 2478 πάντως
3614 2414 3745 2467 ὑπέρ

2168 2526 2269 2579 στη
2289 2549 2304 2572 ,
2339 2508 2469 2561 ποτὲ
2493 2507 2591 2578 μὲν
2621 2507 2728 2578 γὰρ
2750 2505 2850 2578 τὴν
2870 2505 3081 2559 οίκείαν
3119 2506 3463 2560 ἐπεδείκνυτο
3488 2505 3741 2575 δύναμιν,

2167 2602 2299 2655 ποτὲ
2328 2601 2384 2654 δὲ
2416 2599 2714 2671 συνεχώρει
2748 2602 2813 2671 τῇ
2857 2601 3025 2668 σαρκὶ
3071 2599 3307 2669 πάσχειν
3361 2601 3506 2654 κατὰ
3554 2599 3742 2668 φύσιν.

2166 2695 2350 2748 Εἰπὼν
2391 2687 2484 2747 οὖν
2536 2694 2618 2747 ὅτι
2651 2691 2759 2747 Kal
2784 2691 2916 2759 θρὶξ
2941 2692 3008 2745 ἐκ
3038 2690 3148 2760 τῆς
3171 2690 3442 2761 κεφαλῆς
3473 2690 3642 2761 ὑμῶν
3668 2692 3743 2746 οὐ

2161 2785 2245 2854 μὴ
2277 2785 2599 2852 ἀπόληται,
2634 2783 2902 2854 ἐδήλωσεν
2930 2783 3013 2836 ὅτι
3049 2800 3110 2835 τε
3171 2782 3579 2852 παντοδύναμός
3603 2785 3742 2848 ἐστι,

2167 2883 2260 2934 καὶ
2286 2882 2369 2933 ὄτι
2394 2877 2749 2949 ἀντιλήψεται
2781 2878 3006 2943 τούτων,
3042 2877 3137 2931 καὶ
3193 2877 3504 2948 προθυμίαν
3559 2878 3746 2940 αὐτοῖς

2166 2969 2444 3023 ἐνέϐαλεν.

2254 3062 2359 3116 Ἐν
2404 3091 2471 3101 -
2505 3059 2690 3131 ὑμῶν.
2737 3060 3084 3130 Κτήσαονθε,
3127 3061 3248 3132 ἦτοι
3301 3057 3514 3113 σώσατέ
3542 3074 3558 3089 ο
3606 3060 3654 3111 εἰ
3687 3058 3746 3112 δὲ

485 3197 608 3242 vate
635 3203 650 3252 ;
674 3184 820 3254 quod
851 3184 895 3238 si
928 3182 1160 3242 animas,
1185 3177 1413 3234 omnino
1445 3187 1501 3231 et
1523 3172 2062 3245 corpora.Scriptum

2174 3155 2267 3218 τὰς
2299 3153 2496 3226 ψυχὰς,
2531 3155 2754 3218 πάντως
2784 3158 2880 3208 καὶ
2912 3153 2983 3207 τὰ
3014 3153 3266 3224 σώματα.
3293 3152 3608 3223 Γέγραπται
3635 3152 3744 3222 γὰρ

483 3290 572 3334 cst
597 3278 743 3333 enim
771 3275 1031 3345 praedicto
1077 3272 1256 3342 capite
1294 3287 1305 3322 :
1337 3268 1629 3333 Quiautem
1659 3265 2066 3337 perseveraverit

481 3386 643 3441 usque
666 3370 720 3423 in
749 3368 927 3437 ﬁnem,
961 3366 1044 3419 hic
1071 3363 1247 3418 salvus
1283 3363 1382 3416 erit
1403 3362 1471 3415 δ’.

556 3459 714 3516 Vers.
747 3459 837 3514 20.
877 3457 1091 3512 Cum—
1122 3455 1254 3524 ejus.
1301 3451 1587 3505 Mattliaeus
1613 3464 1742 3503 vero
1794 3446 2057 3517 pracdicto

484 3553 664 3624 capite
691 3551 836 3606 aliud
859 3547 1321 3619 scripsitsignum
1368 3544 1558 3598 dicens
1595 3558 1608 3595 :
1658 3539 1792 3595 Cum
1833 3538 2068 3594 videritis

484 3644 932 3698 abominationem
964 3640 1032 3705 ³³,
1082 3646 1137 3692 et
1165 3647 1361 3692 ca'tera
1388 3651 1402 3688 :
1432 3635 1548 3706 lege
1599 3648 1726 3704 ergo
1766 3639 1934 3686 totam
1987 3630 2069 3683 di-

486 3747 702 3790 ctorum
736 3733 954 3787 illorum
987 3727 1419 3784 enarrationem.

559 3923 714 3979 Vers.
744 3921 835 3976 21.
881 3919 1113 3973 Tunc—
1137 3923 1359 3968 montes.
1422 3910 1483 3964 ln
1519 3909 1611 3964 illo
1649 3907 1815 3963 etiam
1867 3904 1936 3961 de
1981 3905 2068 3960 bis

636 4015 729 4068 ito.

656 4029 729 4068 ιο.

483 4029 713 4164 qualis.
749 4105 840 4158 2|.
882 4099 1348 4154 lit—discedant.
1373 4095 1615 4151 Rursum
1633 4092 1779 4149 idem
1811 4091 1954 4148 dicit
1998 4090 2067 4145 ad

485 4201 957 4258 conﬁrmationem
995 4191 1289 4248 sermonis.

557 4298 711 4353 V'ers'.
750 4292 840 4346 2|.
879 4289 946 4343 Et
978 4317 1047 4327 —
1076 4301 1213 4340 eam.
1251 4283 1363 4339 Hoc
1405 4279 1876 4353 praetermiserunt
1929 4274 2066 4329 Mat-

487 4396 662 4449 tbacus
686 4401 740 4444 et
772 4386 1004 4440 Marcus.
1035 4383 1176 4436 sicut
1213 4389 1270 4433 et
1303 4378 1389 4432 hic
1413 4376 1580 4441 aliud,
1620 4375 1768 4442 quod
1800 4371 1872 4425 illi
1916 4369 2070 4425 dixe-

487 4492 633 4542 runt.
680 4489 810 4552 puta
850 4495 861 4530 :
903 4475 1006 4543 Qui
1030 4475 1086 4527 in
1132 4480 1286 4536 tecto,
1326 4486 1429 4523 non
1486 4464 1762 4521 descendat
1816 4471 1871 4515 ut
1914 4459 2064 4514 tollat

2169 3248 2227 3300 ὲν
2261 3248 2339 3318 τῷ
2365 3248 2754 3318 προειρημένῳ
2808 3247 3130 3316 κεφαλαίῳ·
3173 3248 3256 3300 ὅτι
3308 3245 3362 3299 Ὁ
3415 3245 3746 3314 ὑπομείνας

2167 3344 2256 3408 εἷς
2278 3339 2471 3406 τέλος,
2507 3334 2686 3403 οὗτος
2723 3339 3087 3407 σωθήσεται.

2241 3431 2429 3484 Ὅταν
2480 3457 2550 3470 -
2595 3427 2809 3497 αὐτῆς.
2875 3429 2936 3482 '0
2975 3428 3032 3480 δὲ
3086 3426 3367 3491 Ματθαῐος
3426 3428 3484 3479 ὲν
3513 3426 3593 3497 τῷ
3642 3426 3743 3498 ἢδη

2167 3523 2411 3594 λεχθέντι
2447 3520 2732 3591 κεφαλαίῳ
2761 3522 2950 3591 ἕτερον
2997 3518 3308 3588 ἀναγράφει
3355 3520 3603 3589 σημεῖον,
3653 3518 3742 3570 λέο

2167 3635 2280 3686 γων
2314 3617 2395 3668 ὅτι
2443 3615 2630 3668 Ὅταν
2689 3613 2858 3683 ἴδητε
2899 3612 2961 3666 τὸ
2995 3611 3318 3681 βδέλυγμα
3353 3610 3460 3679 τῆς
3509 3611 3740 3681 ἐρημώ-

2169 3722 2345 3773 σεως,
2375 3707 2467 3760 καὶ
2497 3707 2568 3761 τὰ
2597 3705 2728 3776 ἑξῆς
2764 3722 2777 3734 ·
2816 3705 2913 3759 καὶ
2942 3703 3217 3774 ἀνάγνωθι
3244 3703 3342 3775 τὴν
3365 3702 3493 3774 ὃλην
3540 3702 3743 3774 ἐξήγη-

2170 3816 2254 3854 σιν
2275 3798 2383 3852 τῶν
2417 3797 2597 3869 ῥητῶν
2626 3797 2874 3852 ἐκείνων.

2245 3896 2382 3947 Τότε
2404 3920 2476 3932 -
2502 3891 2630 3961 ὅρη.
2704 3891 2795 3945 Ἐν
2834 3890 3034 3962 ἐκείνῳ
3063 3891 3159 3944 καὶ
3217 3892 3348 3961 περὶ
3389 3889 3596 3945 τούτων
3629 3890 3743 3963 (42)

2170 3987 2428 4059 ζήτησον.

2240 4081 2440 4137 Kul—
2484 4081 2955 4150 ἐκχωρείτωσαν.
2992 4079 3066 4134 Τὸ
3108 4080 3242 4133 αὐτὸ
3273 4076 3423 4147 λέγει
3467 4075 3634 4132 πάλιν
3664 4079 3744 4140 είς

2171 4175 2463 4246 βεϐαίωσιν
2489 4173 2583 4227 τοῦ
2617 4174 2803 4242 λόγου.

2239 4273 2351 4325 Kal
2390 4300 2460 4310 —
2508 4268 2724 4337 αὐτήν.
2775 4267 2948 4320 Τοῦτο
2989 4266 3265 4338 παρέλιπε
3315 4263 3596 4327 Ματθαῖος
3651 4262 3744 4316 καὶ

2168 4365 2416 4434 Μᾶρκος,
2456 4361 2646 4432 ὥσπερ
2695 4361 2789 4414 καὶ
2815 4353 2995 4426 οὗτος,
3031 4359 3059 4413 ὃ
3112 4355 3267 4412 εἷπον
3325 4359 3543 4420 ἐκεῖνοι,
3603 4356 3747 4422 λέγω

2170 4457 2234 4528 δὴ
2255 4456 2334 4524 τὸ,
2381 4457 2434 4508 Ὀ
2472 4455 2571 4508 ἐπὶ
2619 4454 2726 4509 τοῦ
2755 4453 3023 4524 δώματος
3050 4451 3136 4521 μὴ
3161 4451 3578 4516 καταϐαινέτω,
3610 4442 3745 4518 ἆραι

683 4529 810 4552 Γ---
856 4529 859 4530 ν
907 4529 944 4543 η
1272 4529 1283 4536 ,

483 4578 771 4647 quidquam
801 4571 864 4624 de
895 4571 1050 4622 domo
1084 4581 1182 4619 sua
1211 4579 1228 4618 :
1254 4571 1300 4616 et
1324 4563 1413 4632 qui
1444 4560 1496 4612 in
1520 4572 1675 4629 agro,
1708 4571 1808 4608 non
1833 4560 2063 4606 reverta-

2174 4552 2244 4604 τὰ
2273 4551 2341 4603 ἐκ
2399 4547 2512 4617 τῆς
2546 4549 2739 4613 οἰκίας
2789 4547 2999 4611 αὑτοῦ,
3037 4544 3138 4599 καὶ
3177 4545 3208 4597 ὁ
3248 4545 3319 4599 ἐν
3361 4543 3441 4609 τῷ
3463 4540 3742 4612 ἀγρῷ,μὴ

477 4670 564 4720 lar
603 4675 658 4717 ut
691 4662 842 4715 tollat
874 4657 1175 4713 vestimenta
1208 4667 1303 4707 sua
1331 4651 1398 4703 “.

555 4759 706 4810 Vors.
766 4754 856 4807 ‘32.
920 4750 1357 4814 Quia—erunt.
1421 4741 1691 4799 Videlicet
1756 4735 2056 4793 Dominicze

481 4852 665 4904 audis.

553 4942 710 4997 ἵετε.
741 4940 836 4993 2:2.
871 4939 933 4994 Ut
978 4966 1026 4977 τ
1050 4936 1244 5002 scripta
1269 4939 1410 4985 sunt.
1446 4929 1519 4985 Ut
1540 4927 1919 4997 compleantur
1949 4939 2067 4976 om-

485 5040 596 5101 nia,
624 5051 744 5104 qua:
772 5035 824 5086 in
862 5032 1014 5086 libris
1064 5028 1322 5094 Danielis,
1351 5026 1700 5092 aliorumque
1766 5017 2068 5091 prOpheta-

486 5145 604 5182 rum
635 5131 700 5179 dc
735 5124 898 5195 hujus
931 5119 1427 5190 Hierosolymorum
1458 5109 1869 5184 expugnatione
1921 5107 2061 5163 scri-

483 5227 842 5365 “2:33.23.
896 5306 985 5361 Va:
1030 5334 1101 5346 --
1132 5303 1335 5356 diebus.
1383 5298 1542 5371 Apud
1588 5296 1908 5352 Mattliatum
1960 5292 2065 5348 hoc

486 5406 653 5462 etiam
695 5405 844 5459 dicto
871 5400 1051 5472 capite
1093 5396 1506 5453 manifestatum
1535 5401 1640 5448 est.

592 5520 636 5552 ⁸¹
667 5517 856 5572 Matth.
897 5531 1040 5579 XXIV,
1079 5513 1164 5566 15.
1276 5513 1319 5543 ⁸³
1350 5510 1487 5568 Ibid.
1514 5506 1602 5562 15.

2171 4637 2586 4708 ἐπιστρεψάτω
2610 4638 2802 4691 ὀπίσω
2830 4630 2966 4705 ἆραι
3002 4636 3072 4689 τὰ
3094 4635 3291 4704 latina
3317 4633 3524 4688 αὐτοῦ.

2244 4731 2376 4783 Ὀτι
2397 4758 2466 4770 -—
2497 4731 2636 4783 εἱσι.
2667 4729 2779 4798 Τῆς
2807 4727 2902 4781 τοῦ
2932 4724 3270 4780 Δεσποτικοῦ
3307 4724 3498 4795 φόνου.

2249 4915 2358 4972 Τοῦ
2408 4947 2479 4957 -
2537 4913 2935 4986 γεγῬαμμένα.
3017 4914 3191 4984 Ὑπὲρ
3246 4910 3341 4966 τοῦ
3393 4909 3745 4982 πληρωθῆναι

2174 5013 2353 5066 πάντα
2376 5013 2445 5066 τὰ
2468 5011 2524 5064 ὲν
2570 5013 2692 5074 ταῖς
2756 5009 2963 5079 βίϐλοις
3014 5008 3107 5061 τοῦ
3161 5024 3220 5060 τε
3269 5003 3469 5074 Δανιὴλ
3499 5002 3594 5055 καὶ
3636 5001 3746 5054 τῶν

2170 5103 2344 5156 ἄλλων
2386 5101 2680 5173 προφητῶν
2725 5099 2857 5170 περὶ
2899 5101 2997 5170 τῆς
3046 5098 3304 5168 τοιαύτης
3355 5095 3611 5158 ἁλώσεως
3648 5093 3744 5162 τῆς

2182 5195 2543 5266 Ἰερουσαλὴμ
2571 5193 2956 5264 γεγραμμένα.

2248 5287 2395 5343 Οὐαὶ
2433 5315 2485 5327 νν
2542 5285 2791 5356 ἡμέρας.
2827 5284 2987 5357 Παρὰ
3029 5283 3107 5356 τῷ
3160 5281 3423 5353 Ματθαίῳ
3458 5282 3552 5336 καὶ
3591 5277 3746 5334 τοῦτο

2173 5382 2574 5450 σεσαφήνισται
2612 5381 2670 5432 ὲν
2713 5378 2906 5450 ἐκείνῳ
2931 5375 3009 5449 τῷ
3049 5373 3352 5446 κεφαλαίῳ.

1713 5504 1760 5538 ⁸⁸
1793 5502 1932 5559 Ibid.
1963 5503 2049 5568 17,
2087 5498 2218 5563 .18;
2250 5497 2416 5551 Marc.
2454 5495 2673 5564 xtlt,l5,
2704 5495 2791 5552 16.

1681 5597 1889 5661 Varias
1928 5594 2238 5658 lectiones
2276 5598 2340 5653 et
2371 5598 2564 5653 noue.

555 5717 664 5787 (ll)
697 5715 807 5772 Hoc
843 5713 1050 5787 scbolio
1087 5707 1584 5766 caretllentenius.
1628 5704 1794 5779 Igitur
1829 5716 2048 5758 versum

490 5792 508 5844 l
536 5795 552 5844 ἱ
577 5786 735 5843 οιί15
761 5786 1061 5856 conjunxit.

559 5885 634 5954 (x)
662 5881 1104 5950 Intelligcntiam,
1126 5873 1485 5932 Scntcmiam,

2235 5697 2348 5771 (42)
2379 5695 2582 5752 Τούτου
2603 5694 2668 5753 Β.
