4016 6496
296 405 433 475 1073

1247 404 1613 466 COMMENT
1679 408 1761 467 IN
1803 406 2081 466 LUCAM.
2120 432 2186 443 -
2216 408 2375 469 CAP.
2404 408 2601 469 XXII.

3426 410 3568 479 1074

370 521 585 573 Ἔσται
610 546 682 558 --
706 513 922 571 ἐθνῶν.
988 514 1162 585 Φησὶν
1189 518 1216 570 δ
1248 517 1533 581 Ματθαῖος
1560 518 1641 571 ὄτι
1673 520 1889 573 Ἔσται

2066 519 2223 575 Vers.
2256 518 2349 575 εδ.
2378 520 2494 574 Erit
2520 550 2590 562 —
2617 538 2671 576 ν.
2700 520 2790 576 2i.
2818 522 3075 593 gentium.
3105 521 3556 583 DieitMnttbaaus

291 616 427 669 τότε
464 612 671 679 θλίψις
690 609 954 679 μεγάλη,
999 610 1096 663 οἵα
1125 611 1198 663 οὐ
1257 612 1510 680 γέγονεν
1551 612 1653 666 ἀπ’
1689 612 1885 680 ἀρχῆς

2018 613 2134 682 [ιιοά
2160 612 2280 666 Erit
2319 623 2443 667 tunc
2478 613 2687 685 afﬂictio
2717 632 2913 685 magna
2950 616 3121 687 qualis
3141 634 3241 672 non
3262 619 3413 689 {uita
3443 622 3586 691 prin-

292 706 397 761 τοῦ
416 706 531 777 (45)
551 706 786 773 κόσμου
814 702 926 769 ἕως
965 704 1071 758 τοῦ
1102 706 1240 769 νῦν,
1260 705 1390 757 οὐδ’
1421 708 1492 759 οὐ
1512 704 1597 773 μὴ
1621 704 1883 774 γένηται.

309 799 448 852 Ἀπὸ
480 798 614 866 γοῦν
645 798 744 866 τῆς
798 799 981 850 ἐκεῖσε
1030 799 1289 870 κειμένης
1326 802 1631 871 ἑρμηνείας
1657 801 1889 867 διαγνω·

297 894 591 959 σθήσονται
624 893 719 945 καὶ
749 892 953 946 ταῦτα.

368 985 479 1039 Καὶ
508 985 680 1039 ἔσται
723 1014 791 1024 -
838 986 1352 1053 σαλευθήσονται.
1408 986 1597 1043 Ταῦτα
1631 991 1758 1061 περὶ
1791 990 1889 1060 τῆς

299 1078 557 1148 δευτέρας
596 1077 760 1131 αὑτοῦ
797 1080 1103 1149 παρουσίας
1142 1080 1295 1149 φησί.
1324 1082 1569 1150 Ζήτησον
1603 1083 1659 1137 δὲ
1688 1084 1891 1153 ὁμοίως

299 1171 448 1240 παρὰ
465 1170 544 1241 τῷ
574 1171 841 1241 Ματθαίῳ
870 1172 969 1239 τὴν
1000 1170 1261 1242 ἐξήγησιν
1301 1174 1413 1225 τοῦ·
1443 1173 1675 1241 Εὐθέως
1691 1173 1760 1227 δὲ
1776 1175 1889 1246 (44)

289 1262 441 1331 μετὰ
488 1262 605 1330 τὴν
632 1264 845 1330 θλίψιν
908 1261 1028 1316 τῶν
1061 1262 1300 1332 ἡμερῶν
1332 1265 1603 1329 ἐκείνων,
1642 1270 1676 1321 ό
1718 1267 1893 1335 ἣλιος

295 1353 790 1421 σκοτισθήσεται,
818 1356 916 1407 καὶ
945 1355 982 1423 ἡ
1011 1355 1253 1423 σελήνη
1276 1357 1349 1410 οὐ
1369 1356 1548 1411 δώσει
1576 1358 1642 1413 τὸ
1671 1358 1893 1429 φέγγος

298 1447 512 1513 αὐτῆς,
553 1447 651 1501 καὶ
683 1449 740 1500 ol
778 1447 1033 1515 ἀστέρες
1080 1448 1416 1503 πεσοῦνται
1464 1450 1584 1502 ἀπὸ
1628 1451 1736 1505 τοῦ
1788 1453 1895 1505 οὐ·

292 1538 508 1607 ραν-οὓ.
544 1540 635 1592 καὶ
664 1540 763 1610 τὴν
794 1538 889 1592 τοῦ
920 1538 1118 1609 ἑφεξῆς
1142 1539 1337 1611 ρητοῦο
1372 1540 1466 1594 καὶ
1500 1541 1756 1611 εὑρήσεις
1799 1544 1894 1595 καὶ

300 1637 428 1702 περὶ
449 1632 675 1688 τούτων.

370 1724 475 1777 Kal
517 1724 650 1776 τότε
686 1754 749 1763 -—-
776 1724 1039 1793 πολλῆς.
1076 1725 1247 1778 Πάλιν
1282 1726 1401 1778 ἐκεῖ
1452 1724 1686 1793 καθεξῆς
1759 1725 1893 1779 ἀνά-

300 1816 470 1883 γνωθι
504 1816 602 1880 τὰς
651 1817 966 1887 ἐξηγήσεις,
1006 1818 1313 1885 ἀναγκαίας
1372 1812 1539 1880 οὔσας
1585 1817 1716 1889 ἄχρι
1752 1818 1845 1871 τοῦ
1878 1834 1890 1845 '

313 1908 450 1964 Ἀπὸ
478 1908 545 1962 δὲ
572 1907 678 1975 τῆς
700 1909 903 1976 συκῆς
927 1908 1150 1979 μάθετε
1172 1912 1287 1979 τὴν
1326 1911 1701 1979 παραϐολήν.

385 2000 749 2069 Ἀρχομένων
774 2001 841 2054 δὲ
873 2003 1104 2057 τούτων
1133 2005 1407 2074 γίνεσθαι
1435 2034 1505 2043 —
1531 2004 1699 2058 Θεοῦ.
1732 1999 1898 2067 Αὖθις

302 2095 420 2145 ἐκεῖ
447 2095 547 2164 τὴν
580 2094 859 2148 ἐπίλοιπον
882 2094 1145 2165 ἐξήγησιν
1175 2096 1554 2157 ἀναγνωστέον
1600 2096 1728 2165 ἄχρι
1775 2093 1895 2148 τοῦθ

313 2185 492 2252 Ἀμὴν
522 2185 675 2252 ,λέγω
728 2185 889 2253 ὑμῖν,
925 2187 997 2239 οὐ
1021 2183 1108 2254 μὴ
1134 2183 1405 2252 παρέλθῃ
1432 2183 1471 2249 ή
1526 2184 1704 2254 γενεὰ
1720 2183 1894 2249 αὕτη,

299 2275 409 2339 ἕως
436 2274 646 2342 ἂνίίδ)
668 2276 869 2330 πάντα
905 2276 1093 2330 ταῦτα
1136 2274 1377 2345 γένηται
1413 2292 1425 2303 ·
1455 2278 1514 2327 ὲν
1556 2274 1742 2347 ἐκείνῃ
1782 2274 1896 2343 γὰρ

298 2367 793 2438 ἐμνημονεύθησάν
814 2385 872 2421 τε
900 2370 994 2422 καὶ
1023 2368 1478 2439 ἡρμηνεύθησαν,
1511 2368 1585 2431 ὼς
1620 2367 1787 2429 εἰκός.

386 2556 402 2578 ’
428 2556 603 2625 Αμὴν
627 2586 701 2597 ——
742 2559 1151 2626 παρέλθωσιν.
1202 2556 1350 2610 Ἐκεῖ
1379 2556 1473 2607 καὶ
1522 2558 1653 2627 περὶ
1682 2556 1894 2610 τούτων

300 2650 528 2721 ιρῤήοη-

373 2741 708 2811 Προσέχετε
766 2772 835 2783 --
891 2743 1187 2810 γίνεσθαι.
1261 2743 1350 2795 Ἐν
1408 2743 1487 2815 τῷ
1538 2741 1898 2813 πεντηκοστῷ

302 2832 471 2902 ὀγδόῳ
501 2834 780 2904 κεφαλαίῳ
830 2833 927 2887 τοῦ
976 2833 1119 2887 κατά
1178 2834 1461 2887 Ματθαῖον
1510 2836 1751 2906 ζήτησον
1798 2836 1897 2905 τὴν

303 2926 601 2996 ἑρμηνείαν
631 2925 722 2979 τοῦ
752 2940 764 2953 ⁸
805 2926 1163 2996 Γρηγορεῖτε
1206 2922 1341 2993 οὖν,
1393 2927 1481 2981 ὅτι
1526 2930 1638 2982 οὐκ
1693 2928 1897 2984 οἴδατε

303 3021 442 3085 ,ποίᾳ
468 3017 589 3087 ὥρᾳ
632 3021 662 3072 d
712 3018 928 3085 Κύριος
959 3016 1126 3083 ὑμῶν
1188 3018 1430 3087 ἔρχεται
1468 3035 1480 3046 ·
1514 3021 1571 3073 ὲν
1612 3022 1750 3092 αὐτῇ
1788 3021 1897 3093 γὰρ

301 3111 473 3165 ταῦτα
516 3111 737 3181 μνήμης
766 3110 860 3163 καὶ
906 3108 1211 3173 ἐπιλύσεως
1238 3114 1599 3179 τετυχήκασι.
1642 3113 1895 3181 Σημειω-

1990 705 2126 773 cipio
2157 706 2343 759 mundi
2376 706 2448 758 ad
2480 707 2575 759 hoc
2610 723 2772 777 usque
2804 717 3026 777 tempus,
3058 727 3221 777 neque
3243 711 3332 779 ﬁet
3360 714 3405 744 "
3447 727 3462 778 ;
3514 729 3581 768 ex

1994 798 2459 868 interpretatione
2488 813 2643 869 ergo,
2663 814 2785 869 quae
2812 800 2885 856 ibi
2918 802 3097 872 posita
3120 812 3224 868 est,
3254 803 3421 858 etiam
3469 803 3585 861 hac

1989 899 2408 960 cognoscentur.

2062 981 2220 1036 Vers.
2246 982 2340 1039 25.
2375 982 2444 1037 Et
2464 994 2619 1040 erunt
2652 1015 2721 1025 —
2741 986 2900 1041 Vers.
2929 984 3021 1040 26.
3065 986 3437 1042 movebuntur.
3459 985 3587 1043 Hac

1992 1072 2060 1129 de
2087 1075 2331 1131 secundo
2354 1080 2590 1132 adventu
2616 1093 2717 1133 suo
2740 1077 2893 1133 dicit.
2929 1076 3133 1143 Quaere
3166 1088 3351 1133 autem
3389 1081 3587 1135 simili-

1997 1172 2079 1218 ter
2095 1166 2239 1235 apud
2275 1164 2590 1221 Mattlneum
2612 1167 2740 1222 dicti
2771 1167 2917 1221 illius
2944 1168 3350 1223 enarrationem
3383 1187 3395 1223 :
3458 1168 3587 1225 Sta-

1995 1259 2088 1310 tim
2118 1267 2296 1310 autem
2322 1268 2435 1325 post
2458 1259 2790 1328 afﬂictionem
2814 1260 3019 1313 dierum
3056 1259 3267 1313 illorum
3292 1261 3372 1315 sol
3405 1262 3588 1316 obscu-

1996 1350 2224 1415 rabitur,
2248 1358 2295 1403 et
2324 1350 2449 1403 luna
2470 1366 2572 1403 non
2604 1351 2754 1405 dabit
2772 1351 3100 1421 splendorem
3135 1369 3311 1413 suum.
3345 1364 3388 1406 et
3423 1353 3590 1407 stella:

1995 1446 2182 1497 cadent
2205 1442 2271 1498 de
2287 1443 2411 1498 caelo
2431 1444 2500 1509 ",
2524 1458 2587 1499 ac
2608 1444 2737 1499 dicti
2774 1445 3058 1515 sequentis
3086 1464 3101 1513 ;
3135 1455 3191 1501 et
3220 1445 3288 1501 de
3317 1445 3403 1501 his
3420 1446 3585 1502 etiam

1996 1552 2270 1591 Invenies.

2071 1725 2229 1779 Vers.
2258 1726 2350 1780 27.
2386 1724 2452 1777 Et
2480 1734 2603 1777 tunc
2632 1754 2701 1763 —-
2727 1741 2946 1794 magna.
3002 1723 3213 1779 Rursus
3255 1724 3329 1779 ibi
3362 1740 3461 1779 suo
3503 1741 3595 1779 or-

2002 1816 2130 1870 dine
2171 1817 2286 1885 lege
2317 1816 2721 1877 enarrationes.
2748 1830 2871 1884 qua:
2898 1814 3228 1870 necessariae
3260 1826 3391 1871 sunt
3421 1832 3594 1887 usque

2004 1910 2073 1962 ibi
2098 1927 2111 1961 :
2144 1908 2182 1961 Α
2207 1909 2312 1978 ficu
2339 1918 2520 1963 autem
2541 1908 2728 1962 discite
2758 1908 3162 1976 parabolnm".

2075 2001 2227 2055 Vers.
2269 1999 2361 2055 28.
2402 2000 2499 2054 llis
2547 2010 2727 2054 autent
2777 2001 2892 2069 ﬁeri
2942 2001 3311 2070 incipientibus
3344 2031 3407 2043 -ο
3438 2003 3594 2059 Vers.

2002 2094 2093 2147 3i.
2130 2092 2249 2147 Dei.
2288 2092 2507 2147 Rursus
2532 2093 2604 2147 ibi
2652 2093 2864 2161 reliqua
2913 2093 3193 2147 enarratio
3238 2094 3466 2165 legenda
3514 2084 3650 2148 est-

2001 2201 2176 2255 usque
2200 2185 2307 2245 ibi:
2343 2185 2527 2243 Amen,
2566 2186 2683 2238 dico
2710 2187 2872 2251 vobis,
2905 2202 3237 2256 nequaquam
3304 2188 3597 2254 prwteribit

2001 2277 2271 2346 generatio
2300 2276 2429 2334 hac.
2467 2276 2630 2329 donec
2663 2276 2843 2330 omnia
2886 2277 2985 2330 ista
3004 2276 3138 2344 ﬁant
3168 2277 3213 2310 "
3242 2296 3253 2332 :
3291 2278 3430 2333 inea
3450 2278 3597 2335 enim

2000 2376 2058 2421 et
2090 2366 2285 2421 horum
2311 2366 2449 2422 facta
2477 2375 2562 2421 est
2595 2367 2825 2431 mentio,
2878 2376 2934 2422 et
2959 2368 3082 2422 data
3130 2369 3595 2440 interpretatatio,

2002 2474 2061 2511 ιιι
2094 2474 2193 2526 par
2222 2467 2363 2513 erat.

2075 2548 2231 2605 Vers.
2283 2549 2373 2602 52.
2423 2550 2585 2603 Amen
2620 2550 2877 2606 —Vers.
2928 2552 3018 2606 53.
3067 2555 3441 2622 mtuet-ibunt.
3504 2556 3587 2611 Ibi

2000 2641 2165 2695 etiam
2205 2642 2272 2695 de
2305 2642 2393 2697 his
2417 2643 2623 2697 dictum
2656 2654 2759 2699 est.

2073 2735 2230 2790 Vers.
2291 2739 2381 2792 54.
2437 2738 2805 2792 Attendite—
2845 2737 3001 2792 νει-ε.
3040 2737 3131 2793 56.
3190 2755 3306 2809 (ματ
3364 2750 3587 2797 ventura

1999 2837 2141 2882 sunt.
2172 2830 2645 2899 Quinquagesimo
2684 2840 2879 2885 octavo
2920 2830 3200 2901 Evangelii
3251 2832 3412 2903 juxta
3457 2833 3598 2890 Mat-

2003 2922 2204 2976 tbaaum
2249 2923 2432 2992 capite
2458 2938 2643 2993 quare
2672 2922 3081 2977 enarrationem
3113 2924 3255 2995 ejus,
3279 2926 3425 2996 quod
3458 2929 3597 2982 dici-

2002 3026 2089 3070 tur
2125 3035 2137 3069 :
2182 3015 2410 3087 Vigilate
2438 3033 2579 3087 ergo,
2599 3019 2725 3087 quia
2754 3018 2991 3083 nescitis,
3024 3035 3149 3088 qua
3173 3019 3302 3073 Itora
3328 3019 3593 3075 Dominus

2001 3116 2173 3161 vester
2200 3117 2450 3162 venturus
2477 3109 2545 3161 sit
2563 3109 2608 3139 "
2643 3126 2658 3175 ;
2696 3125 2823 3163 nam
2865 3110 2918 3163 in
2954 3125 3020 3164 eo
3040 3111 3205 3164 etiam
3240 3111 3307 3166 de
3342 3111 3430 3167 his
3456 3112 3593 3167 facta

302 3205 423 3256 τέον
450 3203 508 3256 δὲ
558 3204 639 3253 ὅτι
669 3202 731 3254 ού
774 3202 935 3270 μόνον
960 3202 994 3272 ἡ
1034 3201 1196 3271 μέθη,
1242 3201 1378 3255 ἀλλά
1414 3203 1507 3255 καὶ
1534 3203 1591 3257 αἱ
1627 3204 1892 3274 μέριμναι

2018 3210 2089 3256 est
2128 3202 2360 3264 mentio.
2396 3202 2635 3271 dataque
2659 3204 2957 3258 enarratio.
2991 3204 3333 3275 Signamlum
3384 3216 3469 3260 est
3499 3221 3597 3261 at»

304 3292 397 3345 τοῦ
428 3291 546 3362 βίου
572 3291 898 3362 βαπτίζουσι
928 3293 1027 3361 τὴν
1054 3290 1257 3363 ψυχὴν,
1284 3292 1380 3345 καὶ
1428 3294 1897 3359 καταποντίζουσι

306 3383 398 3435 τὸν
441 3382 585 3434 νοῦν.

378 3474 487 3528 Καὶ
511 3504 582 3514 -
604 3473 943 3542 ἀνθρώπου.
971 3475 1328 3547 Παραστῆναι
1379 3478 1459 3549 τῷ
1496 3478 1721 3551 Χριστῷ
1757 3479 1898 3550 μετά

302 3565 410 3617 τῶν
437 3566 706 3633 ἀγγέλων.

374 3652 487 3711 Ἦν
517 3689 576 3699 -
604 3657 931 3713 διδάσκων.
978 3660 1057 3713 Δι’
1106 3660 1378 3730 ὠφέλειαν
1429 3662 1540 3716 τῶν
1567 3662 1747 3718 ἐκεῖσε
1784 3663 1896 3735 (46)

306 3766 426 3803 owe
437 3751 735 3820 ρχομένων.

380 3844 489 3907 Τὰς
519 3840 594 3893 δὲ’
621 3844 846 3908 νύκτας
864 3873 933 3883 -
974 3844 1245 3899 Ἐλαιῶν.
1270 3845 1370 3899 Διά
1400 3848 1461 3899 τὸ
1482 3847 1897 3918 ἀπερίσπαστον

304 3935 396 3987 καῖ
420 3934 731 4003 ἐπιτήδειον
760 3936 840 3999 είς
868 3936 1179 4006 προσευχήν
1202 3952 1216 3967 '
1264 3938 1363 4008 οὐχ
1394 3933 1562 4007 ⁴ἧττον
1601 3939 1657 3993 δὲ
1704 3942 1794 3993 καὶ
1816 3942 1896 4003 είς

307 4026 723 4097 μυστικωτέραν
747 4028 1097 4083 διδασκαλίαν
1124 4029 1233 4082 τῶν
1259 4030 1521 4101 μαθητῶν
1558 4047 1573 4063 ο
1600 4030 1762 4103 δῆλον
1784 4033 1893 4105 γὰρ

301 4121 386 4174 ὃτι
420 4120 539 4193 μετ’
574 4119 756 4175 αὐτῶν
790 4122 1052 4193 ἐξήρχετο
1084 4124 1205 4177 ἐκεῖ
1238 4124 1333 4178 καὶ
1364 4123 1640 4197 ηὐλίζετο.

370 4303 484 4357 Καὶ
512 4302 632 4370 πᾶς
651 4334 719 4346 -
734 4305 941 4360 αὐτοῦ.
973 4303 1037 4359 El
1061 4309 1089 4359 ὁ
1109 4306 1237 4372 λαὸς
1268 4309 1476 4372 ἐκεῖνος
1497 4308 1670 4373 οὕτως
1692 4312 1891 4378 ιποίει,

304 4396 488 4467 πολλῷ
520 4396 725 4465 μᾶλλον
766 4399 914 4469 ἡμᾶς
944 4398 1071 4471 χρὴ,
1100 4399 1193 4453 τὸν
1250 4403 1583 4471 οἰκειότερον
1613 4403 1765 4468 λαὸν,
1794 4406 1895 4477 ὀρ..

302 4488 511 4559 θρίζειν
543 4488 680 4559 πρὸς
714 4491 878 4544 αὐτὸν
911 4493 969 4545 ὲν
993 4493 1072 4565 τῷ
1117 4492 1248 4565 ῐερῷ
1284 4494 1377 4547 ἐπὶ
1420 4496 1498 4567 τῷ
1530 4495 1757 4551 ἀκούειν
1793 4498 1891 4551 αὐ-

2007 3302 2137 3356 tem,
2166 3290 2312 3361 quod
2340 3306 2451 3346 non
2481 3292 2593 3347 sola
2630 3292 2889 3359 ebrietas,
2938 3294 3033 3349 sed
3067 3303 3123 3349 et
3154 3310 3301 3349 curae
3362 3297 3592 3351 smcula-

2005 3401 2093 3439 res
2119 3383 2357 3438 animam
2400 3384 2716 3447 absorbent,
2746 3396 3096 3456 mentemque
3125 3388 3477 3456 demergunt.

2075 3480 2231 3536 Vers.
2274 3478 2365 3534 36.
2408 3478 2472 3532 Et
2499 3509 2572 3522 -—
2604 3479 2852 3534 hominis.
2880 3485 3071 3535 Astare
3094 3480 3320 3536 Christo
3339 3498 3464 3536 cum
3486 3498 3588 3536 an-

2002 3572 2153 3643 geiis.

2076 3664 2236 3719 Vers.
2268 3663 2360 3718 37.
2394 3661 2842 3719 Erat—docens.
2879 3662 3113 3733 Propter
3148 3678 3345 3718 eorum
3381 3663 3592 3718 utilita-

2003 3766 2133 3820 tem,
2168 3756 2263 3826 qui
2297 3756 2424 3811 illuc
2448 3756 2872 3812 concurrebant.

2071 3846 2228 3903 Vcrs.
2264 3847 2353 3902 57.
2402 3846 2656 3901 Noctibus
2686 3863 2893 3901 uero—
2924 3845 3221 3903 Oliuarum.
3275 3845 3354 3901 Ne
3403 3856 3593 3902 mente

1998 3939 2417 4003 distraheretur,
2456 3946 2512 3992 et
2536 3938 2662 4008 quia
2695 3946 2855 4008 aptus
2893 3946 3010 3992 erat
3033 3938 3101 3991 ad
3126 3936 3461 4007 precandum
3490 3951 3593 3991 nec

1998 4033 2181 4088 minus
2209 4046 2429 4101 quoque
2457 4030 2529 4087 ob
2565 4031 2921 4085 secretiorem
2953 4028 3351 4100 discipulorum
3387 4029 3595 4084 instru-

1995 4125 2234 4182 ctionem
2264 4140 2279 4190 ;
2306 4138 2434 4177 nam
2468 4121 2821 4175 manifestum
2844 4129 2948 4187 est,
2983 4122 3128 4191 quod
3172 4121 3301 4176 illuc
3327 4136 3455 4176 cum
3500 4121 3587 4177 eis

1994 4219 2181 4274 exibat
2222 4227 2278 4272 et
2311 4215 2766 4271 conversabatur.

2066 4311 2222 4367 νει-ε.
2253 4310 2344 4365 58.
2375 4308 2659 4379 Omnisque
2685 4337 2757 4349 —
2795 4306 2967 4361 illum.
3016 4304 3071 4360 Si
3104 4306 3339 4378 populus
3360 4307 3452 4363 ille
3486 4309 3591 4365 hoc

1994 4407 2255 4470 faciebat,
2300 4404 2473 4459 multo
2500 4402 2674 4473 magis
2700 4417 2819 4467 nos,
2854 4401 2945 4472 qui
2967 4402 3390 4475 populusimagis
3414 4404 3487 4459 illi
3511 4404 3592 4459 fa—

1997 4498 2229 4554 miliaris
2261 4510 2455 4552 sumus
2487 4501 2708 4566 oportet
2738 4494 2982 4549 diluculo
3012 4495 3206 4550 venire
3250 4497 3316 4551 ad
3346 4509 3496 4556 eum.
3527 4505 3588 4549 ut

300 4579 421 4643 τοῦ,
450 4580 540 4635 διά
563 4581 674 4635 τῶν
704 4581 867 4636 θείων
889 4583 1125 4655 Γραφῶν
1146 4583 1518 4653 διδάσκοντος,
1548 4589 1644 4642 καὶ
1679 4588 1756 4660 μὴ
1792 4588 1891 4659 μύ-

2023 4607 2055 4644 η
2084 4588 2286 4658 templo
2323 4585 2613 4642 audiamus
2643 4584 2795 4639 illum
2833 4600 2931 4655 per
2994 4582 3313 4654 Scripturas
3363 4592 3587 4639 sanctas

305 4692 395 4729 νον
424 4674 670 4742 ἀκούειν,
701 4675 841 4731 ἀλλά
870 4676 969 4731 καὶ
998 4676 1319 4731 ὑπακούειν.

623 4940 781 4992 ΚΕΦ.
818 4939 957 5007 OG’.
998 4941 1139 5008 Περὶ
1167 4938 1276 4994 τοῦ
1303 4939 1544 5009 Πάσχα.

376 5067 698 5145 ’ῌτγιζε-
730 5070 967 5140 Πάσχα.
1009 5071 1205 5143 Ἐορτὴ
1235 5072 1344 5127 τῶν
1369 5070 1627 5143 Ἀζύμων
1665 5072 1887 5140 ἐλέγετο

301 5162 397 5215 καὶ
429 5162 465 5230 ὴ
502 5162 596 5214 τοῦ
634 5162 824 5231 Πάσχα
858 5162 1042 5232 ἑορτὴ,
1070 5163 1205 5216 διότι
1240 5163 1382 5217 κατά
1445 5164 1506 5216 τὸ
1554 5163 1748 5233 Πάσχα
1774 5165 1886 5225 τοῖς

302 5251 398 5305 τοῦ
426 5252 601 5323 ἀμνοῦ
627 5254 822 5325 κρέασι
856 5256 949 5307 καὶ
981 5256 1169 5326 ἄζυμα
1193 5254 1505 5327 συνήσθιον.
1531 5255 1736 5308 Λοιπὸν
1766 5253 1881 5319 οὖν,

408 5432 456 5465 ⁸⁸
482 5430 859 5495 Matth.xxnv,
909 5432 1001 5487 2i.
1114 5432 1160 5465 '°
1221 5432 1358 5488 Ibid.
1420 5434 1511 5491 29.

1625 5433 1668 5465 "
1693 5432 1831 5490 Ibid.
1869 5431 1959 5489 29.

1994 4686 2285 4740 docentem
2320 4696 2338 4746 ;
2381 4695 2485 4735 nec
2510 4678 2690 4734 solum
2754 4688 2815 4733 ut
2847 4678 3157 4741 audiamus,
3182 4678 3470 4733 sed'etiam
3528 4689 3584 4734 ut

1993 4778 2339 4834 obediamus.

2387 4940 2539 4998 CAP.
2577 4938 2811 4995 LXXVI.
2847 4937 2923 4992 De
2965 4936 3196 4992 Pascha.

2067 5078 2198 5149 Cap.
2255 5073 2620 5131 XXII.'Vers.
2681 5072 2753 5126 1..
2777 5070 3326 5141 Appropinquavit—
3353 5068 3582 5124 Pascha.

1996 5170 2220 5227 Festum
2254 5167 2577 5237 Azymorutn
2600 5163 2769 5220 etiam
2805 5162 3098 5217 dicebatur
3135 5162 3315 5229 ipsum
3357 5160 3584 5215 Pascha:

1996 5263 2218 5326 festum,
2255 5258 2383 5329 quia
2430 5256 2487 5310 in
2538 5252 2751 5310 Pascha
2798 5254 3058 5311 carnibus
3116 5252 3239 5324 agni
3277 5260 3333 5307 et
3381 5252 3583 5321 azymis

2073 5431 2123 5467 ⁸⁸
2141 5430 2279 5488 Ibid.
2314 5428 2406 5485 34.
2518 5430 2563 5464 ⁸³
2596 5428 2733 5484 Ibid.
2776 5427 2867 5482 42.

1542 5591 1737 5655 Varite
1765 5591 2076 5656 lectiones
2114 5599 2178 5655 et
2204 5595 2397 5653 notae.

302 5757 501 5885 ὼμσῐζ)
542 5756 652 5811 Τοῦ
687 5766 885 5815 neuter
915 5759 1165 5831 agnoscit
1191 5759 1248 5817 in
1278 5768 1541 5820 contextu
1572 5761 1719 5835 apud
1749 5759 1889 5819 Mat-

365 5845 444 5882 aeu
511 5868 525 5883 .

365 5845 525 5883 auum.

378 5898 489 5970 (44)
523 5898 590 5954 At
622 5900 775 5958 abem
800 5902 863 5956 A.

2073 5758 2186 5829 (‘5)
2224 5760 2324 5810 'Av
2357 5758 2561 5829 omittit
2596 5756 2656 5814 Β.

2076 5830 2185 5902 (ιδ)
2230 5829 2381 5883 Ἐκεῖ
2414 5828 2472 5884 Β.
