4016 6500
472 343 610 407 1οἹ9

466 456 593 526 gelii
644 455 826 527 capite
873 474 885 510 :

463 548 754 620 quisquam
779 550 954 620 major
972 550 1197 604 essetin
1217 564 1390 620 regno
1419 549 1706 613 ccelorum,
1748 551 1839 606 hic
1862 560 2048 607 autem

462 639 668 715 alia'de
706 654 871 695 causa
915 640 1222 706 contentio,
1266 642 1385 696 sive
1434 641 1725 711 inquisitio
1754 641 1901 697 inter
1949 658 2048 698 eos

462 732 655 787 incidit
690 749 706 799 ;
740 732 854 801 jam
884 732 1032 786 enim
1068 733 1336 788 certiores
1370 731 1501 787 facti
1526 733 1593 788 de
1634 744 1813 791 morte
1874 735 2051 806 magi-

458 825 581 886 szri,
613 824 987 901 inquirebant,
1007 825 1128 895 quis
1163 840 1353 879 eorum
1381 824 1666 882 videretur
1696 841 1817 883 esse
1850 828 2047 899 major,

463 928 522 969 ut
546 925 870 971 ceterorum
904 917 1071 973 ﬁeret.
1088 916 1367 986 magister.

527 1097 684 1153 Vers.
718 1097 809 1155 25.
850 1098 921 1153 At
950 1093 1042 1153 ille
1068 1126 1140 1140 -—
1170 1100 1267 1155 eis.
1306 1098 1476 1155 Docet
1503 1113 1661 1164 sane,
1702 1099 1848 1171 quod
1880 1099 1927 1158 is
1953 1100 2050 1171 qui

456 1187 858 1257 pra-ponendus
911 1198 1083 1255 esset,
1134 1204 1248 1245 non
1287 1188 1511 1245 deberet
1574 1189 1870 1256 dominari,
1922 1198 2049 1244 tan-

454 1295 614 1348 quam
639 1279 938 1348 dominus;
968 1297 1097 1336 nam
1125 1282 1182 1337 id
1208 1296 1363 1353 reges
1400 1290 1563 1338 terra}
1606 1282 1820 1340 faciunt
1860 1282 2041 1337 inﬂati

454 1373 783 1443 principatu,
846 1384 903 1429 et
929 1373 1059 1429 elati
1108 1384 1333 1445 propter
1361 1389 1459 1431 eos
1508 1375 1711 1447 quibus
1753 1376 2047 1432 dominan-

455 1474 565 1520 tur.

528 1556 685 1613 Vere.
714 1559 806 1613 25.
848 1558 920 1613 Et
957 1561 1049 1631 qui
1072 1591 1142 1602 —
1166 1570 1441 1616 uocantur.
1484 1559 1769 1632 Tanquam
1810 1560 2045 1633 judicatt

452 1653 710 1719 majores,
740 1662 835 1706 aut
866 1653 1033 1707 etiam
1065 1663 1323 1724 tanquam
1354 1654 1542 1725 gloriae
1570 1654 1779 1725 cupidi.

518 1744 675 1800 Vers.
708 1745 798 1799 26.
835 1744 933 1800 Vos
964 1776 1031 1789 α-
1058 1748 1149 1818 qui
1181 1749 1473 1803 ministrat.
1508 1747 1669 1805 Fiant
1688 1756 1837 1814 ἠως,
1865 1762 2043 1819 quan-

1723 346 2109 409 EUTHYMII
2149 348 2513 413 ZIGABENI

943 456 1041 513 sed
1106 464 1241 512 tunc
1295 457 1518 527 quidem
1606 457 1675 514 de
1734 460 1840 514 hoc
1907 469 2045 526 erat,

2165 461 2310 532 λαίων
2354 460 2545 517 αὐτοῦ.
2598 460 2763 517 Ἀλλά
2816 463 2937 517 τότε
2994 463 3095 535 μὲν
3148 460 3279 536 περὶ
3317 463 3435 529 τοῦ,
3489 464 3585 529 Τίς
3632 463 3741 531 ἆρα

3608 348 3744 417 1080

2156 555 2371 625 μείζων
2392 554 2565 609 ἐστὶν
2595 554 2667 608 ἐν
2688 554 2762 623 τῇ
2788 556 3072 623 βασιλείᾳ
3088 556 3205 611 τῶν
3223 556 3497 625 οὐρανῶν
3519 574 3537 622 ;
3572 556 3664 608 νῦν
3690 556 3743 609 δέ

2163 648 2285 702 καθ’
2320 648 2516 719 ἑτέραν
2563 648 2745 702 αἰτίαν
2782 650 2814 719 ἠ
2855 649 3159 719 φιλονεικία
3208 650 3419 713 τούτοις
3456 650 3739 713 ἐνέπεσεν,

2159 739 2338 791 είτουν
2369 742 2401 809 ἡ
2450 739 2700 806 ἐξέτασις
2731 755 2743 771 ⁸
2787 739 3306 812 πληροφορηθέντες
3340 744 3451 812 γὰρ
3481 742 3583 812 ἤδη
3616 744 3744 811 περὶ

2158 831 2261 902 τῆς
2282 832 2378 887 τοῦ
2416 833 2745 889 διδασκάλου
2780 835 3062 905 τελευτῆς.
3096 834 3397 905 ἐζήτησαν,
3429 837 3515 898 τίς
3558 836 3621 901 ἐξ
3645 835 3744 885 αὑ-

2160 923 2270 976 τῶν
2299 924 2451 977 δοκεῖ
2478 922 2619 978 εἶναι
2655 924 2881 996 μείζων,
2917 925 3007 979 ἴνα
3034 927 3353 990 διδάσκαλος
3373 928 3603 997 γένηται
3634 924 3743 978 τῶν

2156 1013 2334 1070 ἄλλων
2361 1029 2376 1046 ⁸

2242 1107 2305 1161 '0
2336 1107 2485 1163 δὲ-
2514 1108 2736 1164 αὐτῶν.
2763 1108 3017 1162 Διδάσκει
3064 1108 3251 1162 λοιπὸν
3299 1108 3373 1167 ὡς
3405 1108 3433 1161 δ
3462 1107 3744 1177 προεστα-

2159 1219 2250 1256 ναι
2301 1202 2508 1256 τούτων
2560 1202 2772 1271 μέλλων
2825 1204 2924 1255 οὐκ
3001 1202 3210 1272 ὀφείλει
3263 1203 3607 1272 κυριαρχείν,
3669 1200 3744 1262 ὡς

2156 1294 2430 1366 δεσπότης
2454 1312 2467 1327 ο
2492 1295 2653 1349 τοῦτο
2675 1296 2785 1368 γὰρ
2806 1297 2854 1349 οί
2880 1295 3127 1367 βασιλεῖς
3156 1296 3267 1349 τῶν
3296 1295 3468 1349 ἐθνῶν
3501 1293 3739 1354 ποιοῦσι,

2155 1390 2533 1457 τετυφωμένοι
2580 1389 2701 1453 ταῖς
2748 1390 2947 1460 ἀρχαῖς
2984 1388 3088 1441 καὶ
3137 1389 3602 1458 κατεπαιρόμενοι
3634 1383 3743 1436 τῶν

2156 1482 2506 1552 ἀρχομένων.

2227 1573 2337 1628 Kal
2373 1576 2428 1627 οὶ
2458 1603 2526 1613 -
2574 1572 2926 1627 καλοῦνται.
2970 1571 3056 1634 Ὠς
3091 1570 3371 1631 δοκοῦντες
3404 1565 3678 1639 μείζονες,
3706 1568 3736 1637 ἢ

2154 1666 2249 1719 καὶ
2279 1667 2356 1730 ὡς
2383 1664 2670 1733 φιλόδοξοι.

2238 1761 2438 1829 Ὑμεῖς
2463 1783 2533 1798 -·
2564 1756 2880 1811 διακονῶν.
2940 1754 3191 1809 Γενέσθω
3225 1752 3422 1817 ταῦτα,
3470 1754 3597 1806 ὅσον
3649 1750 3740 1804 ἐπὶ

454 1848 569 1892 tum
615 1838 682 1892 ad
732 1838 901 1892 animi
953 1840 1303 1896 modestiam.
1355 1839 1643 1898 Juniorent
1687 1854 1872 1898 autem
1916 1841 2045 1897 dicit

2165 1852 2621 1927 μετριοφροσύνῃ.
2654 1851 2943 1919 Νεώτερον
2974 1850 3029 1902 δὲ
3059 1848 3209 1917 λέγει
3238 1846 3329 1901 τὸν
3360 1845 3611 1916 ἔσχατον.

452 1940 813 2000 postremum.

526 2020 683 2077 Vers.
725 2022 816 2076 27.
872 2021 999 2077 Uter
1034 2052 1105 2063 —
1141 2026 1230 2092 qui
1274 2025 1562 2077 ministrat.
1622 2023 1694 2078 Se
1749 2024 1926 2094 ipsum
1986 2022 2043 2079 in

448 2114 761 2181 exemplum
788 2112 1060 2168 sermonis
1084 2114 1309 2184 prabet.
1335 2115 1472 2171 Cum
1509 2116 1654 2170 enim
1682 2116 1784 2186 ipsi
1817 2130 2041 2171 accum-

448 2202 668 2268 bercnt,
720 2213 977 2273 tanquam
1012 2205 1249 2274 majores
1303 2207 1373 2261 ab
1416 2222 1482 2262 eo
1517 2206 1710 2270 habiti,
1752 2206 1842 2261 ille
1883 2206 2047 2262 mini-

448 2295 677 2362 strabat,
711 2296 867 2364 quasi
897 2304 1237 2365 postremum
1272 2312 1331 2354 se
1358 2299 1541 2370 ipsum
1564 2300 1794 2366 ducens,
1828 2315 1951 2356 cum
1984 2308 2043 2356 ct

448 2386 618 2456 pedes
642 2401 832 2442 eorum
867 2390 1095 2446 lavaret.

526 2478 682 2537 Vers.
724 2482 814 2538 28.
862 2481 960 2538 Vos
988 2512 1057 2523 —-
1091 2483 1248 2539 Vers.
1281 2482 1374 2540 29.
1431 2500 1673 2555 regnum.
1703 2514 1771 2524 —
1809 2476 2039 2554 Dispono

445 2576 594 2630 vobis
650 2594 892 2647 regnum,
948 2578 1054 2635 IlOC
1109 2588 1217 2644 est,
1275 2579 1558 2649 promitto.
1605 2578 1855 2649 Regnum
1912 2592 2041 2633 vero

447 2669 675 2724 cmleste
719 2670 995 2743 intelligit,
1028 2673 1187 2742 cujus
1231 2687 1327 2741 spe
1380 2672 1684 2726 roborabat
1719 2686 1816 2726 eos
1873 2671 2040 2726 etiam

448 2761 516 2816 ad
548 2750 977 2831 magnitudinem
1009 2779 1072 2819 ac
1095 2763 1464 2819 tolerantiam.

519 2854 677 2909 Vera.
703 2856 791 2911 30.
823 2856 885 2912 Ut
915 2887 985 2897 —
1015 2873 1252 2911 mensam
1282 2875 1474 2913 meam.
1512 2857 1754 2913 Mensam
1786 2858 2047 2914 videlicet

2235 2021 2424 2086 Tt'c—
2454 2017 2778 2071 διακονῶν.
2834 2015 3059 2070 Ἑαυτὸν
3111 2015 3297 2079 αὐτοῖς
3342 2013 3560 2068 δίδωσιν
3608 2013 3739 2065 ὑπό·

2155 2113 2358 2182 δειγμα
2404 2110 2499 2164 τοῦ
2552 2110 2735 2179 λόγου.
2775 2109 2997 2162 Τούτων
3053 2107 3164 2179 γὰρ
3210 2106 3611 2178 ἀνακειμένων,
3666 2103 3740 2164 ὡς

2158 2202 2424 2273 μειζόνων
2476 2203 2567 2255 ὑπ’
2604 2200 2775 2256 αὑτοῦ
2822 2198 3152 2269 κριθέντων,
3189 2188 3347 2260 οὗτος
3393 2196 3737 2266 διηκόνησεν,

2152 2298 2230 2359 ὡς
2263 2296 2493 2364 ἔσχατον
2525 2294 2722 2347 ἐαυτὸν
2757 2290 3140 2362 λογισάμενος,
3174 2291 3263 2343 ὅτε
3298 2288 3451 2358 ενιψε
3480 2288 3605 2350 τοὺς
3636 2285 3737 2339 πύ-

2154 2388 2251 2444 δας
2286 2386 2490 2439 αὐτῶν.

2237 2479 2426 2549 Ὑμεῖς
2461 2508 2533 2520 ~—
2566 2476 2921 2543 βασιλείαν.
2975 2475 3313 2542 Διατίθεμαι
3374 2470 3518 2541 ὑμῖν
3552 2470 3736 2535 ,Βασι-

2152 2575 2348 2638 λείαν,
2392 2573 2514 2627 ἀντὶ
2545 2570 2663 2635 τοῦ,
2736 2568 3161 2639 ἐπαγγέλλομαι
3181 2583 3197 2597 °
3246 2564 3525 2637 βασιλείαν
3556 2562 3611 2615 δὲ
3642 2562 3737 2614 οὐ·

2154 2668 2362 2741 ράνιον,
2411 2659 2475 2733 ἧς
2526 2666 2644 2727 ταῖς
2682 2662 2865 2716 ἐλπίσι
2906 2661 3182 2729 διανευροῖ
3222 2658 3442 2719 τούτους
3486 2655 3566 2708 ἐτι
3600 2654 3737 2726 πρὸς

2150 2758 2419 2829 εὐψυχίαν
2447 2755 2541 2809 καὶ
2571 2755 2875 2826 ὑπομονήν.

2224 2853 2349 2904 Ἵνα
2378 2849 2761 2918 -τραπέζης
2801 2866 2943 2917 μου.
2995 2850 3106 2919 Τῆς
3159 2843 3445 2917 βασιλικῆς
3493 2839 3734 2911 ἐκείνης,

448 2947 601 3002 illam
646 2949 851 3018 regiam
913 2963 977 3003 ac
1025 2950 1323 3005 caelestem.
1384 2950 1621 3006 Possunt
1686 2959 1869 3007 autem
1931 2950 2042 3005 dici

2165 2942 2252 3013 τῆς
2280 2941 2555 3010 οὐρανίου.
2599 2936 2724 2993 Εἶεν
2760 2940 2803 2992 δ’
2859 2939 2926 2994 ἂν
2976 2938 3227 3008 τράπεζα
3277 2934 3375 3007 μιν
3424 2932 3493 2987 τὰ
3539 2929 3738 2986 αἰώνια

447 3054 660 3105 mensa,
693 3040 835 3094 bona
860 3051 1064 3097 aeterna
1092 3049 1147 3097 et
1187 3042 1511 3107 ineffabilia,
1534 3060 1659 3114 qua
1686 3043 2042 3115 diligentibus

2165 3036 2247 3088 καὶ
2275 3033 2573 3105 ἀπόρρητα
2603 3032 2808 3101 ἀγαθὰ,
2837 3032 2906 3086 τὰ
2930 3028 3317 3101 ἡτοιμασμένα
3345 3028 3451 3089 τοῖς
3478 3026 3735 3115 ἀγαπῶσι

449 3129 624 3185 Deum
672 3140 975 3200 praeparata
1024 3141 1174 3199 sunt,
1228 3132 1387 3189 cibus
1444 3149 1577 3190 vero
1602 3149 1667 3191 ac
1701 3114 1907 3207 'potus,
1959 3142 2045 3191 est

451 3219 657 3242 ..ΜΨ
703 3223 745 3242 .ν

2165 3126 2247 3179 τὸν
2303 3125 2475 3179 Θεὸν·
2536 3124 2743 3196 βρῶσις
2770 3123 2828 3177 δέ
2860 3124 2958 3179 καὶ
3008 3122 3167 3186 πόσις
3208 3121 3242 3193 ὴ
3303 3118 3605 3179 ἀπόλαυσις
3635 3114 3737 3168 αὒ-

448 3219 663 3279 ilorum
700 3223 911 3278 l‘ruitio.

2165 3220 2283 3274 τῶν.

522 3311 678 3369 Vers.
715 3314 909 3370 '50..Et
936 3344 1003 3357 —-
1035 3314 1230 3371 Israel.
1267 3315 1381 3372 lioc
1423 3318 1589 3373 etiam
1642 3317 1753 3373 illis
1798 3316 2045 3388 promisit

2224 3316 2335 3370 Kal
2368 3345 2437 3356 —-
2470 3314 2748 3386 Ἰσραήλ.
2782 3314 2959 3368 Τοῦτο
3009 3313 3280 3385 ὑπέσχετο
3327 3312 3513 3375 αὐτοῖς
3550 3311 3647 3365 καὶ
3675 3311 3737 3365 ἐν

450 3406 873 3477 quadragesimo
934 3409 1116 3478 primo
1161 3408 1450 3480 Evangelii
1517 3412 1674 3479 juxta
1732 3409 2045 3465 Matthzeum

2165 3408 2229 3480 τῷ
2257 3409 2687 3480 τεσσαρακοστῷ
2732 3408 2937 3480 πρώτῳ
2984 3407 3269 3479 κεφαλαίῳ
3298 3405 3392 3460 τοῦ
3416 3405 3557 3459 κατά
3582 3405 3740 3458 Ματ-

450 3497 652 3567 capite,
687 3498 779 3553 ubi
827 3501 1095 3570 scriptum
1144 3512 1231 3556 est
1267 3500 1470 3557 :Jesus
1515 3511 1699 3557 autem
1733 3503 1871 3558 dixit
1914 3503 1996 3557 eis
2031 3518 2045 3555 :

2165 3503 2327 3565 iaiov,
2364 3503 2495 3556 ἔνθα
2544 3503 2863 3573 γέγραπται
2901 3505 2961 3557 τό
2984 3520 2996 3535 ·
3044 3504 3071 3556 ὁ
3100 3502 3156 3555 δὲ
3203 3500 3415 3572 Ἰησοῦς
3447 3494 3601 3553 εἶπεν
3638 3498 3739 3551 αύ-

448 3590 618 3643 Amen
650 3590 765 3644 dico
794 3592 957 3657 vobis,
989 3593 1129 3661 quod
1158 3610 1246 3648 vos
1280 3595 1370 3663 qui
1406 3596 1571 3649 secuti
1601 3597 1723 3649 estis
1765 3612 1846 3650 me
1868 3600 1943 3663 το,
1991 3606 2045 3652 et

2165 3600 2263 3660 τοῖς
2292 3613 2306 3627 °
2347 3596 2537 3666 Ἀμὴν
2570 3596 2728 3666 λέγω
2768 3596 2932 3665 ὑμῖν,
2963 3596 3053 3649 ὅτι
3082 3594 3253 3663 ὑμεῖς
3296 3596 3351 3648 οι
3399 3589 3738 3654 ἀκολουθήο

449 3689 646 3735 caetera
685 3699 699 3735 :
737 3682 807 3737 ibi
842 3696 974 3754 ergo
1006 3683 1124 3754 lege
1151 3686 1345 3740 horum
1380 3685 1912 3756 interpretationem.

2165 3691 2375 3756 γαντές
2406 3708 2531 3759 μοι,
2559 3690 2630 3744 ἐν
2671 3690 2745 3757 τῇ
2778 3689 3232 3757 παλιγγενεσία,
3272 3688 3421 3741 ὅταν
3443 3686 3663 3751 καθίσῃ
3705 3684 3742 3735 ό

452 3776 589 3840 Υἱὸς
643 3774 749 3829 τοῦ
806 3775 1126 3845 ἀνθρώπου
1174 3780 1273 3833 ἐπὶ
1333 3782 1552 3850 θρόνου
1598 3782 1789 3851 δόξης
1833 3784 2044 3851 αὐτοῦ,
2087 3788 2416 3841 καθίσεσθε
2489 3787 2589 3841 καὶ
2639 3786 2811 3856 ὑμεῖς
2855 3787 2948 3838 ἐπὶ
2995 3784 3225 3839 δώδεκα
3292 3785 3566 3853 θρόνους,
3613 3782 3741 3849 κρί-

450 3883 670 3935 νοντες
718 3870 830 3937 τὰς
876 3869 1106 3925 δώδεκα
1161 3872 1366 3943 φυλὰς
1424 3875 1532 3930 τοῦ
1594 3876 1848 3946 Ἰσραήλ
1876 3892 1894 3910 ο
1925 3879 2022 3933 καὶ
2057 3879 2336 3949 ἀνάγνωθι
2371 3882 2469 3950 τὴν
2492 3879 2699 3933 τούτων
2723 3880 3008 3949 ἐξήγησιν.

646 3987 800 4045 CAP.
834 3987 1123 4044 LXXVIII.
1154 3990 1232 4045 De
1259 3994 1583 4061 expetitionc
1614 3991 1863 4050 Satauw.

524 4081 683 4140 Vera.
727 4084 817 4138 51.
843 4082 991 4137 Dixit
1029 4112 1098 4124 —
1127 4085 1385 4140 triticum.
1418 4085 1494 4140 Illi
1544 4088 1693 4142 enim
1751 4089 1920 4144 moris
1968 4097 2053 4150 est

456 4182 869 4249 praestantiores
932 4192 1191 4250 expetere
1238 4182 1307 4237 ad
1354 4185 1692 4254 palaestram,
1733 4184 1878 4239 sicut
1924 4184 2037 4239 lob.

450 4273 707 4327 Cribrare
734 4287 888 4337 vero,
927 4271 981 4326 ἰ]
1023 4282 1131 4336 est,
1168 4275 1415 4338 turbare,
1454 4289 1700 4340 movere,
1736 4276 2045 4332 concitare.

451 4364 707 4420 Cribrum
739 4364 1038 4434 siquidem,
1063 4365 1213 4433 quod
1242 4364 1589 4434 frequentius
1612 4368 1890 4434 κόσκικον,
1931 4369 2049 4423 sive

454 4457 793 4526 σινιατήριον
832 4456 907 4528 (y)
944 4465 1191 4520 vocatur,
1228 4471 1258 4509 a
1300 4456 1630 4525 quibusdam
1663 4458 1830 4512 etiam
1877 4460 2047 4513 σινίον

455 4548 677 4613 dicitur,
704 4563 733 4602 a
764 4564 871 4617 quo
897 4549 1121 4603 verbum
1152 4550 1378 4614 σινιάζω
1406 4551 1613 4611 cribro.
1649 4551 1735 4607 vel
1767 4555 2048 4610 concutio.

2228 3998 2388 4049 ΚΕΦ.
2428 3994 2557 4049 OH’.
2593 3994 2727 4063 Hepl
2758 3992 2866 4061 τῆς
2888 3993 3251 4063 ἐξαιτήσεως
3277 3991 3382 4046 τοῦ
3410 3990 3666 4045 Σατανᾶ.

2225 4083 2376 4140 Eine
2405 4116 2470 4126 —
2500 4085 2701 4141 σῖτον.
2743 4084 2907 4148 Ἐθος
2948 4086 3058 4154 γὰρ
3096 4083 3247 4154 αὑτῷ
3280 4082 3407 4145 τοὺς
3437 4080 3740 4149 δοκιμωτὲ-

2157 4194 2283 4248 ρους
2317 4178 2651 4244 ἐξαιτεῖσθαι
2705 4178 2845 4248 πρὸς
2878 4176 3077 4245 πάλην;
3118 4175 3194 4238 ὡς
3224 4176 3313 4228 τὸν
3351 4173 3491 4229 Ίώὸ.
3520 4174 3735 4227 Evr-ld-

2151 4286 2255 4325 σαι
2308 4272 2387 4338 δὲ,
2441 4272 2564 4323 ἀντὶ
2602 4271 2722 4334 τοῦ,
2775 4271 2885 4341 (55)
2954 4269 3277 4341 θορυὸἦσαι,
3336 4267 3595 4335 κυκῆσαι,
3638 4283 3737 4319 τα-

2160 4362 2341 4435 ράξαι.
2396 4363 2572 4415 Σινίον
2610 4363 2725 4431 (54)
2759 4362 2868 4433 γὰρ
2894 4363 3041 4432 παρὰ
3072 4379 3183 4415 τισι
3235 4362 3481 4414 καλεῖται
3514 4358 3574 4412 τὸ
3606 4357 3734 4428 παρ’

2158 4454 2292 4524 ἡμῖν
2330 4453 2605 4518 κόσκινον,
2663 4454 2720 4506 ἐν
2750 4448 2794 4523 ᾧ
2833 4456 2861 4507 ὁ
2901 4455 3047 4517 σῖτος
3078 4453 3204 4523 τῇδε
3234 4453 3459 4506 κάκεῖσε
3499 4467 3737 4520 μεταφε-

2158 4548 2391 4617 ρόμενος
2430 4548 2795 4619 ταράσσεται.
2828 4547 3094 4619 Προλέγει
3134 4546 3192 4600 δὲ
3242 4547 3428 4609 αὐτοῖς
3479 4543 3736 4612 περὶτοῦ

454 4646 590 4695 Nam
637 4641 691 4695 in
738 4641 921 4697 cribro
966 4642 1204 4697 triticum
1241 4643 1571 4699 transfertur
1631 4654 1689 4700 et
1734 4647 2045 4703 concutitur

2165 4634 2451 4702 μέλλοντος
2499 4638 2830 4709 πειρασμοῦ,
2856 4637 2967 4703 ὅτε,
3019 4635 3224 4699 πάντες
3279 4635 3518 4705 ἀφέντες
3549 4633 3733 4698 αὑτὸν,

458 4748 525 4787 ac
588 4733 973 4790 confunditur.
1036 4735 1293 4789 Praedicit
1349 4745 1534 4791 autem
1598 4738 1681 4793 eis
1746 4740 1815 4795 de
1868 4738 2051 4795 futura
2154 4724 2379 4794 ἔφυγον·

458 4828 781 4893 Ientatione,
818 4827 1039 4895 quando
1071 4843 1266 4884 omnes
1300 4829 1491 4886 relicto
1520 4845 1588 4885 eo
1623 4831 1903 4905 fugerunt.

528 4913 690 4971 Vers.
711 4916 1109 4985 32.Ego-—-tua.
1130 4917 1359 4988 Rogavi,
1383 4919 1588 4991 inquit.
1610 4922 1827 4978 Patrem
1858 4938 2045 4978 meum

455 5011 712 5076 tanquam
739 5006 927 5069 homo,
956 5023 1027 5061 ne
1062 5008 1261 5076 perdas
1295 5011 1521 5066 tandem
1554 5011 1625 5082 (z)
1664 5012 1828 5068 ﬁdem
1860 5022 2035 5080 tuam,

454 5110 621 5165 quam
653 5097 707 5152 in
734 5113 821 5155 me
848 5098 1042 5167 habes,
1068 5100 1121 5154 in
1158 5108 1405 5173 tempore
1438 5105 1773 5176 negationis.

564 5272 611 5305 ⁷⁸
636 5272 831 5329 Matth.
861 5290 975 5341 ιιι,
1025 5275 1116 5331 28.

2238 4914 2386 4985 Ἐγὼ
2419 4948 2488 4957 ——
2522 4931 2663 4972 σου.
2708 4918 2970 4989 Ἐδεήθην
3001 4917 3098 4972 τοῦ
3129 4918 3346 4989 Πατρός
3378 4935 3505 4988 μου,
3548 4915 3735 4987 φησιν,

2154 5009 2229 5072 ὼς
2287 5008 2598 5079 ἅνθρωπος,
2633 5009 2721 5061 ἵνα
2758 5009 2833 5079 μὴ
2878 5008 3062 5063 τέλεον
3113 5008 3393 5081 ἀπολέσῃς
3421 5008 3522 5077 τὴν
3551 5006 3737 5060 πίστιν

2157 5120 2269 5165 σου,
2314 5102 2413 5172 τὴν
2450 5102 2531 5164 είς
2560 5101 2686 5172 ἐμὲ,
2726 5104 2785 5154 ἐν
2812 5101 2888 5172 τῷ
2924 5102 3105 5173 καιρῷ
3138 5101 3236 5173 τῆς
3268 5103 3577 5171 ἀρνήσεως.

1663 5348 1865 5410 νοτίδι
1902 5349 2209 5413 lectiones
2249 5357 2309 5413 et
2338 5356 2531 5414 notua.

529 5508 645 5585 (ᾗῇ)
679 5508 960 5585 Chrysost.
987 5519 1120 5566 tom.
1154 5507 1289 5577 VIII,
1325 5526 1382 5581 p.
1449 5508 1574 5577 785,
1621 5509 1685 5564 D.
1724 5511 2049 5585 θορυϐῆσαι,

456 5580 713 5652 ταράξαι,
739 5580 1022 5651 πειρᾶσαι.

531 5764 605 5835 (gi
636 5762 757 5819 Sive
788 5763 1184 5830 σινιατήριον.
1213 5772 1322 5817 etc.
1358 5763 1457 5820 llic
1502 5764 1752 5835 quadam
1788 5766 1853 5822 dc
1918 5765 2032 5821 suis

460 5837 676 5893 videtur
700 5834 976 5892 addidisse
1009 5836 1310 5905 interpres.

2232 5515 2346 5586 (54)
2376 5515 2513 5571 Vide
2536 5515 2903 5571 Wetsteninm
2925 5517 2991 5573 ad
3026 5518 3082 5572 h.
3150 5518 3186 5571 l.
3235 5519 3399 5570 σινῐοι
3460 5530 3573 5571 non
3632 5514 3734 5587 legi

2157 5586 2285 5642 alibi
2327 5587 2577 5640 κόσκινον
2612 5587 2775 5641 habet
2802 5588 2978 5656 I’lato,
3013 5606 3067 5658 p.
3102 5588 3228 5657 διο,
3261 5589 3384 5644 584.

2220 5767 2290 5841 (z)
2325 5769 2576 5825 Tandem.
2614 5770 2811 5827 Τέλεον
2836 5780 2918 5827 est
2959 5788 3197 5840 prorsus.
