4016 6472
193 384 333 451 1081

1173 396 1561 459 COMMENT.
1604 399 1687 460 1N
1730 399 2084 464 LUCAM.-—
2121 405 2281 469 CAP.
2323 410 2520 475 XX”.

3339 411 3479 478 1082

269 501 382 555 Kal
431 531 496 543 —
538 516 680 558 σου.
747 502 1138 576 Ἑπιστρένίιας.
1205 510 1347 579 μετὰ
1396 511 1495 581 τὴν
1551 514 1743 583 ἀρνησι

1860 557 1869 564 .
1960 517 2118 573 Vers.
2154 520 2243 575 32.
2278 524 2392 596 Ego
2414 556 2479 567 —
2510 537 2649 584 tuos.
2681 560 2747 573 —-
2776 529 3115 594 Conversus,
3158 539 3282 599 post
3310 545 3479 603 nega-
3528 570 3533 573 -

186 590 456 663 δηλονότι,
488 593 578 648 διὰ
610 594 893 666 κλαυθμοῦ
922 599 1143 669 πικροῦ,
1184 602 1462 655 τουτέστιν
1490 607 1779 657 ἀποκατα-

1887 610 2089 665 tionem
2119 615 2393 681 videlicet,
2434 636 2531 689 per
2564 621 2749 675 [letum
2778 638 3026 675 amarum
3061 640 3076 687 ;
3126 623 3231 677 hoc
3257 632 3366 687 est,
3418 625 3473 679 in

189 684 328 744 στὰς
384 684 547 736 πάλιν
606 687 686 747 είς
726 687 827 755 τὴν
882 689 1107 759 πρώτην
1163 692 1344 756 τάξιν.
1399 695 1743 764 Ἀδελφοὺςὸ

1882 701 2173 769 pristinum
2216 706 2397 761 locum
2434 684 2623 764 denuo
2670 712 2973 765 restitutus.
3018 712 3239 766 Fratres
3287 721 3471 767 autem

183 774 356 827 αὑτοῦ
408 792 546 842 φησι
586 779 713 836 τοὺς
770 779 966 840 ἄλλους
996 783 1355 848 ἀποστόλους,
1383 784 1417 854 ἢ
1455 785 1583 847 τοὺς
1645 786 1772 855 μέλα

182 861 380 923 λοντας
409 862 477 914 δι’
516 862 686 916 αὑτοῦ
722 866 1030 921 πιστεύειν.

270 952 326 1005 ’0
358 953 426 1007 δὲ
456 986 525 997 -
554 959 942 1024 πορεύεσθαι.
983 962 1155 1026 Ἔδει,
1204 964 1436 1019 τοιαῦτα
1479 968 1633 1038 παρά
1673 971 1773 1040 τῆς

1882 792 2004 859 ejus
2032 794 2167 848 dicit
2194 798 2436 866 reliquos
2462 804 2760 869 apostolos,
2801 813 2895 857 aut
2928 806 3065 867 illos,
3110 806 3202 873 qui
3239 820 3337 873 per
3376 821 3474 860 eos

1879 891 2039 936 erant
2067 886 2350 941 credituri.

1954 971 2107 1029 Vers.
2144 976 2233 1031 55.
2266 986 2331 1033 At
2363 981 2451 1035 ille
2476 1012 2545 1023 —
2569 985 2667 1038 ire.
2712 984 3038 1055 Oportebat.
3073 1004 3197 1042 cum
3242 989 3357 1041 hanc
3401 989 3469 1041 ab

178 1045 582 1114 αύτοαληθείας
614 1051 947 1117 ἀκούσαντα,
988 1056 1143 1124 ἰσχὺν
1184 1058 1406 1126 αίτῆσαι
1436 1064 1569 1132 παρ’
1602 1059 1743 1116 αὐτοί

1875 1060 1991 1132 ipsa
2017 1066 2247 1124 veritate
2274 1073 2539 1137 audisset.
2570 1077 2947 1133 fortitudinem
2999 1092 3167 1149 atque
3197 1081 3460 1135 auxilium

179 1139 281 1188 καὶ
310 1137 563 1207 βοήθειαν
583 1158 597 1171 ο
632 1143 660 1194 ὁ
691 1143 747 1197 δὲ
778 1145 979 1211 μᾶλλον
1012 1146 1117 1200 ὑπὸ
1137 1138 1501 1219 ’θερμότητος
1531 1153 1770 1208 ἀντιτεί-

176 1245 286 1292 νει,
317 1231 484 1299 μηδὲν
510 1233 756 1287 τοιοῦτον
784 1238 998 1293 παθεῖν.

267 1313 332 1365 '0
386 1315 666 1386 δέ-με,
718 1320 971 1391 Σήμερον
1029 1319 1172 1388 sine,
1228 1326 1319 1379 διὰ
1366 1328 1426 1380 τὸ
1475 1325 1617 1385 εἶναι
1664 1332 1766 1402 τὴν

1873 1156 1942 1210 ab
1971 1172 2038 1211 eo
2064 1168 2249 1228 petere
2280 1182 2293 1217 :
2325 1174 2381 1219 at
2414 1166 2505 1220 ille
2531 1185 2642 1237 pra:
2665 1170 2877 1227 fervore
2907 1172 3234 1228 contradicit
3259 1173 3465 1242 potius,

1872 1262 2154 1316 asserens,
2188 1270 2247 1309 se
2276 1256 2414 1311 nihil
2459 1260 2563 1315 tale
2595 1278 2913 1331 passurum.

1947 1339 2098 1397 Vers.
2130 1345 2220 1401 δι.
2256 1346 2376 1417 Ipse
2409 1367 2526 1405 vero
2554 1384 2621 1395 --
2651 1372 2751 1412 me.
2774 1353 2966 1421 llodie,
2999 1356 3196 1425 inquit,
3232 1370 3298 1409 eo
3321 1354 3463 1425 quod

169 1404 445 1459 ἐπιοῦσαν
505 1408 681 1463 νύκτα
732 1416 831 1481 τῆς
888 1416 1102 1485 ἡμέρας
1154 1417 1393 1489 ἐκείνης.
1444 1422 1653 1491 Γράφει
1705 1425 1743 1477 ὀὶ

2289 1404 2299 1417 .
2775 1404 2966 1421 --η---ι
3000 1404 3196 1425 --ντ---υ
3238 1404 3293 1409 π
3325 1404 3463 1425 την

1868 1432 2109 1492 instabat
2156 1456 2264 1495 nox
2328 1443 2435 1497 diei
2486 1446 2648 1500 illius.
2704 1448 2907 1502 Scribit
2962 1458 3146 1503 autem
3179 1447 3465 1500 Mattlneus

167 1498 457 1587 Ματθαῖος
491 1502 549 1553 ὲν
601 1502 678 1572 τῷ
738 1505 1020 1577 ἑξηκοστῷ
1066 1512 1317 1581 τετάρτῳ
1351 1516 1633 1587 κεφαλαίῳ
1666 1519 1762 1572 αύ-

164 1586 271 1639 τοῦ
313 1605 325 1618 ·
358 1591 439 1643 ὅτι
471 1590 575 1662 ἔφη
622 1594 773 1666 αύτῷ
806 1599 834 1648 ὁ
880 1598 1091 1666 Ἰησοῦς
1138 1616 1149 1627 ·
1198 1602 1408 1671 Ἀμὴν,
1441 1586 1756 1673 λέγωνσοι,

163 1680 264 1733 ὅτι
316 1681 387 1733 ἐν
413 1685 600 1756 ταύτῃ
642 1686 719 1757 τῇ
750 1688 946 1759 νυκτί,
965 1690 1107 1758 πρὶν
1136 1693 1431 1762 ἀλέκτορα
1458 1698 1759 1765 φωνῆσαι,

160 1773 298 1841 τρίς
337 1775 665 1846 ἀπαρνήσῃ
703 1796 777 1848 με
808 1798 821 1811 ·
856 1782 950 1835 καὶ
1005 1785 1282 1853 ἀνάγνωθι
1335 1790 1453 1841 ἐκεῖ
1494 1790 1608 1860 (55)
1658 1790 1760 1861 τὴν

160 1862 459 1933 ἐξήγησιν.

236 1956 351 2009 Καὶ
406 1954 576 2011 εἶπεν
624 1990 696 2001 -—
746 1964 1015 2031 οὐδενός.
1056 1968 1231 2036 Ἀτερ
1268 1969 1404 2042 (56),
1447 1972 1570 2026 ἀντὶ
1634 1976 1753 2037 τοῦ,

156 2047 360 2116 χωρίς.
432 2051 542 2103 Καὶ
599 2053 707 2122 μὴν
767 2056 868 2110 οὐκ
917 2059 1289 2129 ἐμνημόνευσε
1351 2064 1473 2117 τότε
1560 2066 1756 2135 βαλαν-

154 2136 283 2227 τίου
321 2138 457 2208 (57),
524 2143 664 2214 πλὴν
718 2146 795 2216 τῷ
848 2149 1036 2218 χρυσῷ
1086 2153 1181 2204 καὶ
1238 2153 1317 2224 τῷ
1370 2155 1603 2227 ἀργύρῳ
1658 2159 1754 2211 καὶ

152 2226 323 2281 τοῦτο
357 2234 805 2304 συνεπεδήλωσεν
830 2239 966 2308 (58).
1007 2243 1222 2297 Ἐκεῖνα
1259 2246 1367 2317 γὰρ
1400 2246 1545 2316 ἔχειν
1576 2226 1753 2303 κωλύ-

155 2332 289 2383 σας,
327 2320 593 2391 πρόδηλον
631 2336 649 2353 ⁸
681 2327 762 2378 ὅτι
812 2329 908 2380 καὶ
928 2330 1087 2383 τοῦτο
1129 2333 1442 2388 κεκώλυκεν
1492 2339 1636 2403 ἐπεὶ,
1676 2339 1749 2410 μὴ

150 2407 319 2472 ὄντος
341 2411 656 2484 θησαυροῦ,
690 2420 948 2488 περιττὸν
978 2423 1087 2491 ἄρα
1118 2427 1176 2477 τὸ
1210 2407 1746 2498 θησαυροφυλάκιον.

150 2498 238 2570 Τῇ
273 2505 427 2573 πήρᾳ
484 2505 585 2575 μὲν
637 2509 745 2580 γὰρ
791 2511 905 2581 (59)
952 2513 1042 2566 τὸν
1091 2517 1258 2585 ἄρτον
1314 2521 1636 2577 ἐνέϐαλλον·
1669 2525 1749 2596 τῷ

149 2596 444 2667 φασκολίῳ
497 2598 553 2651 δὲ
620 2602 711 2653 τὸν
758 2603 981 2672 χαλκὸν,
1026 2608 1145 2661 ἦτοι
1195 2611 1321 2674 τοὺς
1357 2614 1615 2677 ὀϐολούςδ
1666 2620 1745 2690 τῷ

148 2684 434 2779 βαλαντίῳ
464 2689 575 2759 (60)
610 2692 663 2745 δὲ
705 2694 798 2746 τὸν
823 2698 1026 2766 χρυσὸν
1063 2702 1157 2753 καί
1183 2702 1273 2756 τὸν
1305 2704 1569 2779 ἄργυρον,
1617 2684 1745 2765 To;

142 2776 383 2849 στέρησιν
420 2781 534 2851 (61)
565 2783 623 2836 δὲ
653 2784 805 2852 λέγει
837 2788 936 2858 τὴν
972 2790 1207 2850 ἔνδειαν.

220 2938 412 3040 Είπεν
431 2974 497 2984 -
523 2943 745 3040 σήραν.
777 2947 878 3020 ['0
904 2951 1017 3023 (ΒΞ)
1041 2954 1201 3024 ἔχων
1219 2959 1563 3023 βαλάντιον
1596 2969 1739 3040 (63),

140 3034 399 3134 τουτέστι
453 3037 677 3108 γνῶσιν,
728 3040 943 3111 ἀράτω.
1005 3047 1101 3101 καί
1155 3051 1379 3120 πήραν,
1437 3034 1612 3127 ἦγουιί
1646 3034 1743 3134 θη.

142 3124 356 3194 σαυρὸν
387 3129 637 3197 ἀρετῶν·
688 3132 990 3202 ἀναγκαῖον
1040 3139 1148 3210 γὰρ
1211 3142 1291 3213 τῷ
1350 3124 1641 3222 γνωστικῷ
1698 3124 1741 3208 ’ὁ

141 3221 386 3280 πλοῦτος
435 3223 545 3276 τῶν
594 3226 833 3297 ἀρετῶν.
907 3229 969 3286 Ὀ
1013 3232 1069 3285 δὲ
1129 3233 1205 3306 μὴ
1246 3235 1387 3308 ιχων
1448 3221 1740 3316 ἀμφότερα

138 3312 490 3376 πωλησάτω
544 3314 610 3369 τὸ
650 3318 888 3386 ιμάτιον
934 3322 1144 3389 αὑτοῦ,
1184 3327 1470 3381 τουτέστιν
1535 3312 1739 3387 ἐκδότω

137 3406 207 3456 τὸ
252 3405 411 3473 σῶμα
447 3410 560 3471 τοῖς
610 3410 791 3473 πόνοις
841 3412 951 3465 τῶν
1001 3416 1235 3485 ἀρετῶν,
1298 3420 1392 3473 καὶ
1438 3425 1739 3493 κτησάσοω

138 3498 387 3567 πύλεμον
421 3502 557 3571 πρὸς
580 3503 648 3556 τὰ
680 3505 828 3580 πάθη
863 3507 1114 3573 καὶτοὺς
1148 3512 1462 3588 δαίμονας.)

219 3592 355 3644 Τότε
392 3593 490 3661 μὲν
536 3595 853 3664 ἀναγκαίως
905 3600 1089 3663 αὐτοῖς
1140 3604 1379 3673 ἐπέθηκε
1430 3609 1531 3679 τὴν
1559 3612 1736 3680 ἀκτη-

144 3683 415 3755 μοσύνην,
473 3686 559 3739 ἵνα
614 3690 1043 3760 κατορθώσωσιν
1077 3695 1281 3763 αὐτήν·
1316 3698 1439 3749 ἐπεὶ
1474 3699 1531 3752 δὲ
1574 3700 1736 3756 τοῦτο

140 3776 398 3842 γέγονεν,
440 3778 672 3846 ἀφαιρεῖ
701 3779 798 3831 νῦν
828 3780 928 3850 τὴν
955 3782 1206 3856 ἀνάγκην
1255 3788 1350 3841 καὶ
1407 3797 1737 3865 παραχωρεῖ

83 3861 87 3864 ’
138 3865 362 3929 τούτοις
413 3866 558 3937 ἔχειν
610 3870 705 3922 καλ⁵
737 3870 853 3941 (64)
908 3871 1200 3943 βαλάντιον
1251 3883 1345 3933 καὶ
1403 3861 1609 3955 πήραν,
1644 3861 1733 3941 in

140 3959 291 4027 φανῇ
306 3957 513 4011 τούτων
533 3962 564 4029 η
589 3961 780 4030 ἀρετὴ,
800 3964 969 4035 χωρὶς
986 3966 1231 4041 ἀνάγκης
1252 3971 1730 4043 ἀκτημονούντων.

137 4054 255 4105 Καὶ
291 4052 557 4123 πρότερον
595 4056 703 4125 μὲν,
739 4058 902 4123 αὐτὸς
954 4060 1312 4127 διεδάσταξεν
1364 4069 1589 4137 αὐτοὺς,
1628 4074 1731 4129 οὐκ

134 4142 248 4195 ὲῶν
276 4159 423 4205 τινος
451 4144 724 4213 ὑστερεῖν,
754 4147 842 4200 διὰ
862 4147 959 4220 τὴν
982 4148 1271 4208 ἀσθένειαν
1303 4158 1486 4213 αὐτῶν
1523 4175 1538 4191 ·
1569 4162 1732 4216 ὕστε-

138 4252 236 4306 ρον
286 4233 345 4287 δὲ
399 4235 625 4299 τούτους
679 4238 865 4308 ἀφῆκε
920 4240 1138 4312 βοηθεῖν
1195 4246 1436 4315 ἑαυτοῖς,
1498 4252 1576 4319 ὡς

137 4327 537 4399 στεῤῥοτέρους
586 4334 992 4402 γεγενημένους
1030 4351 1043 4364 ·
1090 4336 1252 4415 τοῦτο
1312 4340 1420 4410 γὰρ
1467 4342 1740 4413 δηλοῦται-

138 4422 236 4472 καὶ
276 4418 389 4487 (65)
422 4418 509 4472 διὰ
561 4421 656 4473 τοῦ
710 4421 998 4492 βαλαντίου
1034 4425 1148 4498 (66)
1203 4430 1300 4483 καὶ
1358 4434 1458 4503 τῆς
1518 4436 1726 4507 πήρας.

1788 1848 1837 1907 Β

1866 1529 2207 1597 sexagesimo
2259 1545 2453 1602 quarto
2497 1538 2695 1606 capite,
2736 1540 2881 1609 quod
2937 1539 3133 1593 dixerit
3171 1537 3245 1591 illi
3281 1537 3460 1592 Jesus:

1867 1617 1995 1671 Dico
2016 1622 2129 1686 tibi,
2166 1622 2341 1689 Petro,
2375 1630 2515 1695 quod
2548 1630 2600 1683 in
2638 1631 2739 1683 hac
2770 1641 2936 1692 nocte.
2962 1632 3275 1702 priusquam
3289 1631 3464 1703 gallus

1864 1722 2046 1781 canat,
2077 1724 2155 1769 ter
2193 1733 2273 1771 me
2308 1720 2593 1787 abneqabis
2622 1724 2689 1789 7';
2724 1724 2926 1795 ibilege
2954 1725 3390 1781 enarrationem.

1934 1973 2086 2028 Vers.
2128 1974 2220 2028 55.
2264 1974 2329 2027 Et
2382 1976 2513 2029 dixit
2582 2006 2654 2017 —
2712 1977 2865 2032 nihil.
2932 1978 3036 2048 (1-1-
3093 1980 3286 2050 ’Δτερ,
3341 1980 3461 2037 loco

1856 2065 2028 2135 χωρὶς
2058 2081 2156 2119 seu
2188 2068 2302 2119 sine
2332 2068 2372 2132 .)
2398 2068 2565 2137 Atqui
2633 2078 2765 2124 tunc
2817 2070 2886 2123 de
2934 2070 3130 2124 loculis
3168 2072 3316 2127 nulla
3375 2085 3461 2128 est

1856 2154 1998 2208 facta
2020 2157 2246 2209 mentio.
2284 2156 2483 2210 Verum
2520 2172 2619 2226 per
2658 2174 2853 2212 aurum
2895 2168 2948 2212 et
2978 2170 3266 2230 argentum
3290 2162 3455 2217 etiam

1857 2246 1961 2299 hoc
2007 2245 2170 2299 simul
2202 2247 2402 2300 innuit.
2463 2247 2601 2303 Cum
2646 2250 2794 2304 enim
2838 2250 2927 2303 illa
2956 2251 3239 2319 possidere
3271 2262 3453 2309 vetas-

1854 2347 1960 2403 sot,
2016 2338 2392 2401 manifestum,
2447 2342 2592 2409 quod
2649 2351 2707 2396 et
2760 2342 2864 2397 hoc
2912 2342 3305 2413 prohibuerit:
3358 2346 3450 2401 ubi

1852 2443 2089 2498 namque
2146 2445 2256 2483 non
2320 2439 2406 2484 est
2470 2432 2787 2497 thesaurus,
2854 2435 3058 2501 utique.
3106 2433 3453 2505 superﬂuum

1850 2531 1934 2576 est
1999 2522 2238 2575 thesauri
2323 2523 2731 2592 repositorium.
2816 2523 2874 2578 ln
2926 2541 3112 2594 peram
3178 2527 3451 2596 siquidem

1851 2627 2046 2680 panem
2086 2612 2452 2667 immittebant
2507 2631 2520 2667 :
2575 2614 2629 2666 in
2683 2617 3026 2684 marsupium
3076 2629 3208 2677 vero
3271 2616 3453 2671 coria-

1852 2719 2030 2765 ceum,
2061 2705 2204 2772 quod
2240 2706 2551 2772 φασκώλιον
2569 2714 2788 2769 vocant,
2814 2722 2911 2770 aes,
2945 2708 3063 2762 sive
3091 2708 3319 2771 obolos.
3360 2724 3452 2763 re-

1850 2799 2149 2866 ponebant;
2196 2798 2248 2850 in
2296 2799 2502 2852 loculos
2532 2810 2746 2862 autem,
2783 2815 2982 2854 aurum
3033 2808 3090 2855 et
3137 2810 3448 2872 argentum.

1857 2885 2185 2955 ’Υστέρησιν
2229 2898 2412 2942 autem
2448 2898 2607 2943 vocat
2624 2888 2883 2960 defectum
2929 2890 3233 2960 (inopiam).

1917 2978 2077 3033 Vers.
2124 2977 2215 3032 56.
2272 2978 2414 3033 Dicit
2446 2997 2747 3049 —peram.
2806 2982 2952 3050 ’τρυε
3019 2982 3170 3037 habet
3224 2982 3445 3045 loculos.

1846 3068 1950 3124 hoc
1989 3080 2093 3135 est,
2131 3071 2439 3137 scientiam,
2472 3072 2625 3127 tollat
2661 3082 2712 3127 et
2778 3091 2989 3142 peram,
3016 3076 3335 3131 thesaurum
3367 3076 3451 3132 vi-

1767 3187 1810 3243 ο
1844 3163 2044 3219 delicet
2070 3164 2504 3230 virtutum;nam
2533 3166 2755 3222 habenti
2787 3168 3072 3224 scientiam
3123 3168 3448 3225 necessariae

1847 3268 1975 3311 sunt
2005 3267 2058 3311 et
2076 3256 2338 3310 virtutum
2375 3256 2604 3313 divitiae.
2631 3259 2734 3325 Qui
2764 3276 2893 3331 ergo
2916 3276 3025 3315 non
3043 3261 3209 3316 habet
3234 3272 3449 3317 utrum-

1844 3363 1972 3416 que.
2041 3348 2234 3401 vendat
2276 3348 2511 3402 tunicam
2546 3364 2721 3414 suam,
2779 3351 2834 3407 id
2874 3360 2976 3413 est,
3020 3359 3258 3420 exponat
3323 3367 3451 3406 cor-

1842 3455 1946 3510 pus
1976 3439 2256 3494 laboribus
2288 3440 2580 3504 virtutum,
2622 3450 2678 3494 et
2698 3450 2838 3494 emat
2864 3441 3125 3511 gladium,
3178 3444 3283 3500 hoc
3336 3452 3444 3509 est,

1843 3534 2062 3589 dimicet
2086 3533 2347 3587 adversus
2368 3532 2687 3588 affectiones
2717 3543 2773 3588 et
2802 3531 3104 3589 daemones.

1914 3625 2069 3677 Tunc.
2096 3624 2321 3693 quidem
2341 3625 2659 3680 necessario
2671 3634 2972 3695 egestatem
2987 3626 3067 3681 eis
3085 3625 3366 3697 imposuit.
3383 3633 3446 3683 ut

1840 3716 1907 3771 ad
1934 3716 2079 3770 illam
2120 3715 2542 3786 accingerentur
2572 3732 2587 3779 ;
2632 3725 2920 3787 postquam
2949 3733 3082 3772 vero
3110 3718 3216 3772 hoc
3258 3726 3439 3775 actum

1838 3817 1942 3873 est,
1975 3808 2155 3861 aufert
2205 3825 2352 3863 nunc
2382 3809 2812 3875 necessitatem,
2834 3820 2891 3864 et
2941 3812 3213 3880 permittit
3245 3811 3329 3866 eis
3383 3823 3437 3867 ut

1835 3900 2047 3957 loculos
2083 3901 2325 3955 habeant
2353 3909 2407 3955 et
2437 3915 2650 3971 peram,
2690 3916 2800 3970 quo
2832 3901 3009 3957 virtus
3039 3917 3231 3957 eorum
3272 3919 3441 3973 appa-

1836 3994 2072 4064 reat,qui
2094 3994 2241 4048 nulla
2259 4003 2491 4064 cogente
2520 3994 2852 4048 necessitate
2875 3996 3437 4066 sectanturinOpiam;

1834 4096 1891 4141 et
1920 4087 2155 4155 primum
2184 4086 2403 4157 quidem
2464 4086 2585 4155 ipse
2616 4087 2838 4141 tenebat
2867 4086 3011 4151 illos,
3084 4103 3193 4142 nou
3243 4088 3441 4144 sinens

1835 4182 1895 4229 ut
1919 4175 2101 4245 aliquo
2139 4183 2384 4246 egerent,
2428 4185 2655 4245 propter
2724 4191 2914 4230 eorum
2967 4176 3436 4244 imbecillitatem;

1833 4267 2185 4337 postmodum
2218 4283 2350 4322 vero
2400 4268 2615 4322 dimisit
2641 4268 2811 4339 ipsos.
2841 4278 2899 4324 ut
2926 4268 3028 4324 sibi
3080 4269 3216 4339 ipsis
3245 4279 3436 4326 essent

1832 4359 2063 4426 auxilio,
2124 4359 2284 4428 quasi
2316 4359 2429 4430 jam
2473 4361 2818 4416 robustiores
2849 4361 3078 4417 effectos
3108 4378 3123 4417 :
3154 4378 3282 4417 nam
3328 4364 3433 4419 hoc

1833 4465 1930 4519 per
1959 4449 2166 4505 loculos
2198 4466 2260 4505 ac
2291 4465 2476 4521 peram
2510 4451 2874 4522 signiﬁcatur.
2910 4454 3049 4507 Cum
3074 4446 3205 4522 ergo
3236 4453 3431 4543 prohi-

132 4509 250 4562 Καὶ
280 4509 369 4561 ὅτε
418 4509 516 4579 μὲν
552 4509 833 4565 ἐκώλυσεν
873 4514 1071 4578 αὐτοὺς
1104 4516 1251 4587 ἔχειν
1285 4518 1592 4591 βαλάντιον,
1632 4527 1727 4579 καὶ

1860 4542 1953 4596 iuit
1981 4542 2304 4597 eoshabere
2338 4543 2547 4598 loculos
2579 4551 2635 4598 et
2661 4558 2847 4614 peram
2907 4560 2971 4599 ac
3018 4546 3241 4609 similia,
3296 4525 3431 4601 tunc

133 4604 348 4671 πήραν,
401 4601 497 4653 καὶ⁸
543 4605 611 4655 τὰ
656 4602 907 4672 τοιαῦτα,
960 4607 1080 4660 τότε
1127 4610 1343 4676 οὐδενὸς
1391 4614 1722 4688 ὑστέρησαν,

1828 4633 1981 4687 nullo
2041 4634 2426 4705 indiguerunt,
2461 4642 2524 4689 ut
2577 4635 2696 4705 ejus
2725 4639 3030 4706 potentiam
3069 4654 3135 4692 ac
3194 4639 3426 4708 gratiam

132 4694 225 4746 ἵνα
259 4691 431 4758 γνῶσι
467 4690 565 4762 τὴν
596 4693 761 4747 αὑτοῦ
793 4694 1031 4767 δύναμιν
1061 4701 1156 4753 καὶ
1179 4704 1339 4773 χάριν
1364 4720 1376 4734 ·
1408 4704 1499 4759 ὅτε
1524 4708 1579 4760 δὲ
1616 4726 1725 4763 πα-

1860 4690 2194 4797 εηοςοετεηῖ
2219 4744 2235 4793 ;
2269 4728 2493 4798 quando
2510 4745 2638 4784 vero
2657 4730 2914 4799 permisit
2932 4738 2995 4784 ut
3023 4730 3116 4784 illa
3136 4730 3427 4798 haberent,

131 4781 454 4855 ρεχώρησεν
488 4783 636 4853 ἔχειν
670 4786 835 4853 αὐτὰ,
867 4790 988 4844 τότε
1020 4784 1114 4844 καὶ
1145 4795 1441 4851 ἐπείνασαν
1474 4797 1588 4870 (67)
1627 4802 1724 4855 καὶ

1860 4781 1956 4871 Inc
1980 4825 2033 4871 et
2072 4781 2389 4873 esurierimt
2436 4830 2493 4873 et
2525 4819 2786 4875 sitierunt
2816 4829 2872 4874 et
2916 4820 3225 4874 nuditatem
3276 4819 3425 4891 passi

130 4876 403 4945 ὲδίψησαν
430 4877 527 4929 καὶ
563 4880 1007 4951 ὲγυμνήτευσαν,
1056 4886 1145 4939 ἵνα
1175 4890 1395 4963 γνωσθῇ
1430 4894 1642 4949 τούτων
1688 4898 1722 4967 ή

133 4970 439 5041 στεῤῥότης
473 4972 566 5024 καὶ
610 4976 905 5047 καρτερία.

243 5102 291 5134 ⁷³
348 5102 541 5160 Matth.
599 5122 748 5175 xxvt,
800 5109 891 5166 54.

1814 4918 1974 4974 isunt,
2003 4918 2062 4963 ut
2089 4910 2334 4981 ipsorum
2386 4910 2651 4967 fortitudo
2695 4926 2762 4967 ac
2814 4912 3100 4968 tolerantia
3123 4925 3426 4984 cognosca-

1818 5008 1938 5057 tur.

1342 5189 1542 5253 Variis
1576 5191 1890 5259 lectiones
1934 5206 1997 5261 et
2026 5208 2220 5265 notas.

204 5345 320 5417 (55)
343 5348 456 5419 Τὴν
485 5351 604 5403 ἐκεῖ
639 5351 698 5406 Β.

343 5419 602 5494 ῥιιλᾶτερ
634 5424 699 5476 ad
729 5424 897 5494 χωρίς
925 5424 1127 5482 omittit
1183 5426 1512 5488 Hentenius.

226 5488 317 5552 57)
343 5488 583 5544 Βαλλαντ
594 5493 668 5543 ἔου
702 5488 765 5549 Α.

342 5561 421 5634 Et}
433 5577 548 5627 μ’πα
558 5562 863 5634 ρεδήλωσεν
904 5566 967 5621 Β.

197 5627 313 5700 (59)
342 5629 455 5700 Γάρ
501 5627 702 5686 omittit
725 5636 791 5690 Α.

351 5696 591 5755 Βαλλαντ
602 5703 664 5771 ίῳ
692 5704 758 5759 Α.

130 5770 314 5895 [0122533)
347 5771 427 5827 Ab
458 5770 754 5845 ὑστέρησιν
777 5778 843 5835 ad
874 5778 1034 5836 linem
1068 5782 1261 5839 scholii
1287 5783 1491 5843 omittit
1553 5785 1704 5845 lien-

2038 5368 2176 5445 ilaze
2200 5380 2429 5445 uterque
2456 5373 2510 5428 in
2549 5375 2814 5445 margine.

1923 5437 2013 5499 63)
2051 5437 2377 5496 Βαλλάντιον
2408 5445 2475 5499 Α.
2534 5453 2536 5456 ’

1916 5507 2006 5577 64)
2043 5509 2150 5562 Καί
2179 5513 2386 5568 omittit
2415 5514 2473 5569 Β.
2510 5514 2837 5571 Βαλλάντιον
2869 5516 3035 5571 habet
3064 5516 3129 5571 Α.

1916 5512 2006 5577 64)
2043 5512 2150 5562 Καί
2179 5513 2386 5568 omittit
2415 5514 2429 5565 Ι

1892 5512 2007 5719 ἓϐὅ)
2039 5580 2149 5633 Καί
2185 5582 2341 5637 abest
2370 5584 2429 5639 Β.

1914 5648 2005 5717 66)
2037 5649 2370 5707 Βαλλαντίου

2037 5649 2370 5729 βαλλαντίου
2418 5654 2497 5729 ΔΑ,
2528 5670 2691 5729 atque
2721 5658 2793 5715 ita
2839 5665 3156 5716 constanter
3186 5656 3408 5715 dissen-

1820 5715 1962 5772 tiunt
1989 5715 2043 5773 in
2066 5720 2172 5777 hoc
2201 5715 2491 5781 vocabulo.

1890 5788 2005 5863 (67)
2048 5792 2377 5867 Ἐπείνησαν
2418 5796 2485 5853 Α.
