4016 6484
134 398 300 466 1089

129 514 318 576 δαῖοι,
363 509 438 582 μὴ
492 507 753 579 φέροντες
793 505 865 560 τά
922 505 1314 576 ἀνυπέρϐλητα
1348 503 1521 567 δεινὰ,
1567 501 1638 553 τά

131 604 264 657 ἀπδ
294 603 396 672 τῆς
431 600 748 671 πολιορκίας
781 597 890 652 τῶν
928 598 1252 668 Ῥωμαίων,
1287 595 1502 650 καὶτοῦ
1529 594 1742 665 λοιμοῦ,

133 695 247 747 καὶ
282 696 382 762 τῆς
408 691 674 761 ἐμφυλίου
704 690 970 751 στάσεως.

220 787 352 838 Ὀτι
382 787 534 838 εί-
575 783 859 852 γένηται;
917 781 981 835 Εἰ
1009 783 1067 836 ὲν
1118 784 1242 853 ἐμοὶ
1270 783 1348 854 τῷ
1395 781 1540 852 ζωὴν
1589 780 1742 833 θείαν

130 876 329 944 ἔχοντι
359 875 534 928 ταῦτα
566 874 815 927 ποιοῦσιν
848 877 896 927 οἱ
937 874 1226 944 Ῥωμαῖοι,
1283 871 1739 942 παρορμηθέντες

129 967 258 1019 ὑπὸ
292 967 400 1018 τῶν
444 965 734 1032 Ἰουδαίων,
767 967 824 1017 ὲν
849 965 1002 1034 ὑμῖν,
1037 967 1152 1027 τοῖς
1177 965 1450 1031 νέκρωσιν
1479 963 1540 1027 ἐξ
1563 964 1742 1033 ἀμαρ-

127 1060 271 1122 τίας
305 1057 687 1128 κεκτημένοις,
725 1057 778 1109 τί
808 1058 1034 1126 γένηται
1059 1059 1189 1126 παρ’
1216 1055 1431 1123 αύτῶν;

218 1151 485 1218 Ἥγοντο
537 1175 608 1190 --
659 1145 1010 1216 ἀριστερῶν.
1076 1147 1135 1200 '0
1193 1147 1249 1200 δὲ
1305 1147 1588 1210 Ματθαῖος
1649 1147 1743 1199 καὶ

128 1242 342 1310 ἕτερον
387 1242 622 1311 ἔγραφε,
654 1241 748 1294 καὶ
783 1240 1059 1309 ἀνάγνωθι
1101 1241 1354 1307 κάκεῖνα,
1390 1243 1487 1293 καὶ
1521 1239 1741 1302 πάντως

140 1334 423 1404 εὑρήσεις
476 1336 574 1388 καὶ
607 1334 736 1404 περὶ
769 1333 996 1386 τούτων.
1048 1334 1136 1386 Ἐν
1163 1332 1240 1402 τῷ
1267 1332 1408 1386 κατά
1462 1333 1740 1386 Ματθαῖον

128 1424 257 1491 γὰρ
294 1425 361 1478 τά
390 1424 521 1493 περὶ
558 1425 668 1476 τῶν
704 1423 1050 1476 Δεσποτικῶν
1097 1425 1448 1494 παθημάτων
1511 1425 1738 1492 ἀπαρα-

129 1514 388 1576 λείπτως
411 1514 504 1566 καὶ
530 1513 774 1584 ἀκριϐῶς
803 1513 926 1566 καθ’
958 1512 1151 1584 εἱρμὸν
1183 1512 1628 1584 ἡρμηνεύθησαν.

228 1697 298 1750 '0
329 1696 398 1750 δὲ
435 1696 670 1763 Ἰησοῦς
702 1725 771 1734 -
790 1694 943 1763 ἄφες
975 1695 1201 1760 αὐτοῖς.
1229 1694 1403 1764 ’Υπὲρ
1433 1694 1543 1747 τῶν
1572 1711 1738 1747 σταυ-

130 1790 442 1862 ρωσάντων
497 1789 770 1843 Ἰουδαίων
795 1788 1264 1858 προσευξάμενος,
1301 1787 1377 1850 ὡς
1425 1787 1733 1857 ἄνθρωπος,

1093 397 1482 459 COMMENT.
1527 397 1606 456 IN
1653 395 1932 456 LUCAM.
1972 422 2042 433 --
2081 400 2237 460 CAP.
2284 402 2510 463 ΧΧῐΙῐ..

3302 411 3441 477 l090

1688 520 1745 552 τε
1775 501 1822 560 Δ
1849 502 2020 557 Judaei
2057 547 2070 570 ,
2104 522 2212 560 non
2249 507 2492 564 ferentes
2522 510 2768 578 pericula
2816 512 3106 572 innumera
3154 532 3217 572 ac
3272 528 3440 577 vehe-

1845 596 2207 652 meritissima.

1916 779 2073 835 Vers.
2102 781 2196 837 31.
2244 781 2308 837 Si
2361 785 2504 838 enim
2529 815 2602 830 —-
2625 787 2715 854 ﬁ.t
2739 790 2770 843 Ξ
2812 786 2868 844 Si
2907 790 2962 843 in
3012 805 3119 858 me,
3148 791 3240 861 qui
3269 800 3436 847 vitam

1846 869 2023 925 habeo
2055 872 2317 940 divinam,
2351 875 2469 930 hrec
2515 877 2725 932 faciunt
2758 878 2986 936 Romani
3032 899 3060 936 a
3091 874 3293 938 ludatis
3344 903 3436 939 ru-

1842 961 2052 1031 stigati;
2087 964 2140 1017 in
2191 966 2367 1022 vobis.
2393 968 2485 1037 qui
2522 980 2757 1024 mortem
2794 974 2951 1027 vobis
2990 991 3055 1028 ex
3088 989 3312 1046 peccato
3340 993 3436 1046 pa-

1845 1052 2026 1115 rastis,
2073 1055 2201 1123 quid
2243 1057 2312 1109 ab
2346 1057 2456 1110 illis
2480 1057 2620 1114 licet?

1915 1138 2072 1195 Vers.
2126 1143 2218 1197 52.
2281 1142 2631 1200 Ducebantur
2684 1179 2749 1190 -—
2797 1147 2954 1206 Vers.
3021 1151 3112 1208 3'5.
3186 1159 3435 1221 sinistris.

1847 1228 2134 1286 Matthaeus
2181 1234 2285 1288 alia
2317 1251 2536 1306 quoque
2567 1240 2790 1310 scripsit
2818 1259 2832 1305 ;
2870 1243 2963 1296 illa
2992 1245 3108 1316 lege
3153 1259 3210 1305 et
3241 1266 3433 1322 aperte

1843 1321 1910 1375 de
1951 1323 2036 1378 his
2092 1324 2255 1379 etiam
2307 1328 2582 1386 invenies.
2637 1331 2776 1387 Nam
2837 1335 2888 1388 in
2936 1337 3233 1409 Evangelio
3278 1321 3435 1414 iuxta

1845 1413 2157 1470 Matthaaum
2222 1417 2290 1473 de
2351 1420 2566 1476 Domini
2637 1423 3026 1483 amictionibus
3091 1433 3242 1488 nullo
3285 1413 3437 1506 prae-

1844 1507 2121 1571 termisso,
2179 1523 2391 1578 suaque
2445 1510 2591 1565 serie
2637 1527 2882 1569 omnium
2925 1527 3115 1571 exacte
3175 1521 3296 1576 data
3352 1533 3438 1578 est

1843 1593 2249 1663 interpretatio.

1917 1683 2070 1739 Vers.
2135 1687 2227 1741 54.
2290 1687 2444 1742 Iesus
2505 1701 2688 1748 autem
2736 1725 2804 1735 —
2847 1699 3058 1753 remitte
3131 1701 3258 1758 illis.
3329 1706 3436 1762 Pro

1842 1777 2264 1834 crueinxoribus
2351 1782 2561 1841 Juda-is
2628 1803 2826 1850 orans.
2909 1802 3164 1861 tanquam
3232 1796 3434 1864 homo,

131 1881 396 1946 ὑπέδειξε
432 1883 546 1944 τοῖς
580 1880 892 1949 ἀνθρώποις
935 1879 1107 1932 τύπον
1158 1880 1259 1949 τῆς
1312 1881 1394 1944 εἰς
1452 1881 1578 1942 τοὺς
1608 1879 1726 1932 ἀδι-

1842 1869 2237 1936 compassiunis
2324 1874 2555 1929 formam
2638 1879 2961 1937 hominibus
3016 1885 3433 1959 demonstravit,

129 1976 423 2044 κήσαντας
453 1972 824 2043 συμπαθείας.

226 2142 555 2212 Ἦπόρησαν
609 2142 668 2195 δέ
729 2157 900 2206 τινες,
931 2141 1034 2206 ὅτι,
1087 2141 1184 2195 ὲάν
1211 2141 1409 2212 ἀφείθη
1464 2143 1648 2207 αὐτοῖς
1698 2145 1731 2213 ἡ

133 2234 418 2305 ἁμαρτία,
447 2233 564 2296 πῶς
598 2233 668 2288 δι’
699 2232 868 2304 αὐτὴν
922 2232 1152 2302 ὕστερον
1187 2233 1570 2305 παρεδόθησαν
1621 2239 1737 2296 τοῖς

150 2326 455 2395 Ῥωμαίοις
487 2327 567 2388 είς
605 2323 1020 2395 πανωλεθρίανς
1044 2325 1192 2394 Πρὸς
1226 2325 1320 2389 οὓς
1361 2325 1621 2396 λέγομεν,
1651 2328 1733 2380 ὅτι

135 2413 244 2481 οὐχ
279 2410 421 2481 ὑπὲρ
477 2411 696 2464 πάντων
731 2413 764 2482 ἡ
803 2412 1084 2483 προσευχὴ
1121 2413 1373 2481 γέγονεν,
1423 2414 1540 2466 ἀλλ’
1594 2416 1734 2486 ὑπὲρ

137 2504 328 2571 μόνων
360 2503 470 2554 τῶν
521 2504 839 2574 περαιτέρω
880 2504 1048 2574 μηδέν
1100 2522 1154 2558 τι
1188 2509 1728 2576 κακουργησάντωνο

133 2596 256 2647 ὅσοι
315 2595 371 2646 δὲ
432 2595 572 2662 μετὰ
613 2593 794 2658 τοῦτο,
835 2595 934 2647 τοῦ
978 2595 1132 2666 ἡλίου
1185 2587 1586 2663 σκοτισθέντος,
1634 2601 1732 2653 καὶ

133 2686 234 2740 τοῦ
289 2687 791 2757 καταπετάσματος
844 2689 1179 2758 σχισθέντος,
1213 2691 1313 2746 καὶ
1355 2691 1455 2762 τῆς
1494 2694 1595 2762 γῆς
1629 2711 1735 2748 σει.

136 2778 502 2849 σθείσης,καὶ
533 2778 641 2833 τῶν
674 2781 893 2850 πετρῶν
925 2780 1272 2850 σχισθεισῶν,
1303 2784 1398 2836 καὶ
1424 2784 1531 2835 τῶν
1555 2785 1732 2840 ἄλλων

137 2868 399 2938 σημείων
435 2867 545 2922 τῶν
581 2870 723 2922 κατὰ
755 2869 855 2940 τὴν
894 2871 1196 2923 ἀνάστασιν
1234 2871 1400 2924 αὑτοῦ
1449 2872 1732 2926 τελεσθέν-

132 2977 270 3024 των,
338 2961 666 3030 προσέθεντο
706 2964 773 3032 τῇ
835 2963 1094 3033 πονηρίᾳ,
1153 2963 1248 3016 καὶ
1304 2966 1519 3034 τυχηρά
1558 2966 1731 3019 ταῦτα

134 3052 511 3119 λογισάμενοι,
578 3052 868 3124 κακοήθως
917 3053 1372 3122 ὲσυκοφάντησαν
1426 3054 1524 3125 τὴν
1577 3056 1730 3108 θείαν

133 3142 462 3210 ἀνάστασιν,
496 3144 593 3214 οὐχ
637 3143 778 3213 ὑπὲρ
812 3141 1019 3196 τούτων
1069 3143 1417 3214 προσηύξατο
1442 3161 1456 3176 ⁸
1510 3144 1592 3198 διὸ
1635 3147 1728 3200 καὶ

133 3229 286 3289 οὗτοι
318 3237 533 3297 πάντως
570 3236 946 3308 παρεδόθησαν
977 3238 1088 3300 τοῖς
1113 3237 1351 3308 ἐχθροῖς.

218 3329 301 3382 Οὐ
334 3329 445 3397 γὰρ
473 3357 545 3367 —
570 3327 835 3381 ποιοῦσι.
873 3327 966 3398 Τῷ
997 3327 1183 3399 φθόνῳ
1218 3329 1536 3398 μεθύοντες.
1568 3333 1726 3396 Τινὲς

135 3419 196 3472 δέ
253 3436 439 3489 φασιν
474 3419 548 3481 ὡς
600 3419 700 3489 οὐχ
756 3419 904 3490 ὑπὲρ
938 3420 1048 3472 τῶν
1094 3421 1389 3486 Ἰουδαίων,
1441 3423 1553 3476 ἀλλ’
1586 3425 1726 3495 ὑπὲρ

135 3508 246 3561 τῶν
278 3510 745 3579 ὑπηρετησάντων
775 3513 840 3580 τῇ
880 3509 1189 3579 σταυρώσει
1219 3511 1386 3564 αὑτοῦ
1429 3512 1725 3583 Ῥωμαίων

139 3599 488 3669 στρατιωτῶν
537 3601 637 3669 τὴν
696 3599 1009 3671 προσευχὴν
1058 3598 1568 3672 ἐποιήσατοοοῦτοι
1615 3607 1724 3678 γὰρ

138 3691 487 3745 παντάπασιν
525 3692 784 3762 ἠγνόουν,
819 3693 919 3745 ὅσα
951 3692 1087 3763 περὶ
1113 3695 1279 3747 αὐτοῦ
1325 3697 1725 3770 προανεφώνη-

141 3800 234 3835 σεν
260 3784 288 3837 ὀ
319 3783 484 3854 νόμος
514 3785 611 3837 καὶ
643 3784 694 3836 oi
726 3784 1032 3854 προφῆται.

210 3874 498 3946 Θεώρησον
563 3875 618 3928 δὲ
670 3873 752 3928 ὅτι
796 3875 972 3929 ὀπίσω
1021 3877 1121 3946 μὲν
1174 3879 1422 3944 εἰπόντος
1456 3897 1471 3913 ο
1531 3882 1729 3951 Πάτερ

135 3983 273 4034 μου,
307 3969 356 4018 εὶ
384 3964 595 4036 oi:_(80)
625 3964 875 4019 δύναται
893 3965 1068 4020 τοῦτο
1095 3967 1162 4020 τὸ
1185 3968 1478 4038 ποτήριον
1497 3977 1722 4040 παρελ-

140 4055 267 4110 θεῖν
295 4056 394 4110 ἀπ’
419 4054 590 4124 ἐμοῦ,
634 4053 940 4124 γενηθήτω
970 4055 1037 4108 τὸ
1067 4055 1300 4124 θέλημά
1330 4072 1481 4112 σου’
1517 4059 1722 4132 θελητὴ

140 4149 216 4219 τῷ
254 4149 423 4218 [Ιατρὶ
473 4148 726 4217 φαίνεται
771 4149 804 4217 ἡ
842 4146 1028 4217 σφαγὴ
1053 4146 1147 4199 τοῦ
1176 4147 1334 4201 Υίοῦ⁶
1378 4150 1617 4206 ἐνταῦθα
1663 4154 1723 4207 δὲ

144 4239 415 4306 λέγοντος·
475 4236 688 4304 Πάτερ,
746 4236 897 4306 ἄφες
927 4236 1157 4304 αὐτοῖς,
1182 4238 1484 4310 ’ἀθέλητοςο
1519 4241 1580 4295 ού
1611 4243 1720 4313 γὰρ

143 4329 208 4382 ἂν
242 4327 649 4397 ἐξεμειλίσσετο
691 4327 792 4399 τὴν
821 4327 1038 4380 ἐκείνου
1080 4327 1222 4381 κατά
1266 4328 1378 4381 τῶν
1414 4332 1721 4399 μιαιφόνων

143 4419 327 4490 ὀργήν.
364 4417 429 4470 Τί
463 4413 558 4470 οὖν
588 4419 740 4471 ἐστιν
773 4417 988 4484 είπείν;
1046 4419 1172 4471 Ὀτι
1205 4418 1330 4472 καθ’
1381 4420 1584 4493 ἑαυτὴν
1618 4423 1718 4493 μὲν

1840 1974 2005 2028 quam
2047 1976 2178 2034 erga
2236 1964 2356 2021 illos
2391 1966 2595 2024 habere
2629 1981 2872 2041 oportet.
2907 1975 3000 2045 qui
3051 1978 3198 2048 ipsos
3231 1981 3432 2053 injuria

1840 2050 2144 2109 adicerent.

1914 2143 2310 2208 Dubitavcrunt
2342 2161 2526 2208 autem
2577 2155 2824 2224 quidam,
2866 2169 3084 2230 sumpta
3139 2161 3269 2218 hinc
3333 2179 3432 2222 oc-

1839 2237 2083 2292 casione.
2120 2238 2177 2293 Si
2245 2242 2394 2295 enim
2469 2246 2760 2302 remissum
2822 2260 2938 2304 erat
2995 2252 3078 2307 eis
3123 2264 3430 2324 peccatum,

1839 2329 2115 2396 quomodo
2146 2335 2498 2400 postmodum
2540 2337 2807 2394 Romanis
2841 2342 2911 2396 ob
2942 2343 3072 2399 illud
3116 2346 3184 2400 ad
3253 2347 3428 2404 inter-

1838 2419 2129 2476 necionem
2156 2423 2356 2488 .traditi
2405 2437 2536 2481 sunt
2573 2429 2595 2481 ?
2619 2429 2831 2495 Quibus
2857 2449 2962 2488 nos
2994 2437 3251 2503 dicimus,
3278 2445 3426 2510 quod

1837 2526 1948 2565 non
1984 2529 2085 2582 pro
2122 2516 2384 2571 omnibus
2421 2523 2666 2588 precatio
2702 2523 2844 2578 facta
2893 2537 3000 2594 est,
3032 2531 3128 2584 sed
3170 2548 3270 2601 pro
3340 2535 3430 2589 bis

1835 2599 2099 2658 dunxatat
2180 2605 2274 2674 qui
2327 2606 2464 2660 nihil
2553 2609 2681 2663 mali
2747 2612 3012 2683 deinceps
3061 2599 3429 2686 perpetraturi

1836 2704 2012 2748 erant.
2055 2693 2160 2761 Qui
2208 2713 2341 2752 vero
2397 2715 2518 2753 cum
2551 2701 2632 2755 sol
2665 2702 3082 2770 obscuraretur,
3119 2720 3177 2762 et
3243 2712 3424 2765 velum

1834 2785 2198 2853 scinderetur,
2266 2798 2521 2858 terraque
2603 2803 3063 2862 commoveretur,
3127 2812 3195 2852 ac
3257 2810 3425 2868 pctrze

1833 2874 2195 2939 (inderentur,
2239 2882 2468 2951 'aliaque
2528 2882 2680 2953 signa
2715 2884 2768 2937 in
2852 2888 3254 2944 resurrectione
3305 2893 3426 2960 ejus

1834 2965 2051 3034 ﬁerent,
2089 2971 2352 3026 malitiam
2385 2973 2740 3041 addiderunt,
2783 2986 2840 3032 et
2869 2978 3097 3034 fortuita
3134 2982 3250 3036 inec
3301 2998 3424 3037 esse

1832 3057 2154 3128 cogitantes,
2183 3060 2383 3117 divinae
2408 3065 2794 3119 resurrectioni
2820 3068 3148 3124 calumniam
3183 3072 3424 3143 maligue

1832 3153 2199 3202 struxerunt:
2246 3165 2356 3203 non
2415 3166 2513 3221 pro
2577 3151 2660 3206 his
2714 3155 2910 3220 oravit,
2966 3156 3088 3211 ideo
3145 3159 3308 3212 etiam
3367 3161 3425 3214 hi

1831 3238 2057 3293 omnino
2092 3240 2273 3295 traditi
2306 3252 2436 3296 sunt
2467 3243 2725 3298 inimicis.

1898 3329 2050 3386 Vers.
2089 3333 2180 3388 54.
2215 3333 2339 3386 Non
2364 3337 2504 3390 enim
2541 3366 2611 3376 —
2643 3338 2873 3408 faciunt.
2911 3340 3117 3396 Invidia
3169 3343 3426 3402 videlicet

1828 3426 2140 3482 temulenti.
2187 3426 2420 3494 Quidam
2456 3445 2584 3484 vero
2617 3433 2830 3500 dicunt,
2857 3443 3002 3505 quod
3053 3453 3164 3493 nou
3196 3455 3294 3510 pro
3327 3441 3425 3498 Ju-

1827 3516 1988 3582 daeis,
2036 3518 2133 3572 sed
2191 3534 2290 3588 pro
2342 3519 2602 3576 Romanis
2659 3525 2946 3594 militibus,
3007 3531 3098 3599 qui
3141 3531 3196 3586 in
3239 3536 3424 3589 cruci-

1827 3606 2024 3661 ﬁxione
2085 3609 2615 3672 subministrabant.
2683 3616 2986 3671 orationem
3067 3620 3297 3688 iecerit;
3365 3623 3422 3676 hi

1826 3696 1974 3750 enim
2031 3697 2374 3767 ignorabant,
2429 3715 2549 3769 quas
2598 3702 2668 3757 de
2719 3704 2841 3775 ipso
2887 3705 2971 3761 lex
3021 3723 3086 3763 ac
3142 3711 3424 3782 prophetas

1824 3787 2213 3855 prwdixerant.

1896 3878 2195 3934 Considera
2234 3890 2438 3947 autem,
2485 3882 2628 3952 quod
2651 3884 2885 3940 dicendo
2943 3887 3003 3942 in
3056 3891 3419 3958 prteccdenti-

1823 3969 1930 4026 bus
1975 3989 1987 4024 :
2023 3970 2184 4025 Pater
2226 3974 2315 4038 mi,
2357 3974 2404 4026 si
2435 3989 2536 4026 non
2566 3985 2732 4041 potest
2765 3977 2860 4029 Itoc
2917 3981 3159 4042 poculum
3193 3985 3426 4038 transire

1824 4080 1857 4117 a
1891 4080 1992 4126 me,
2019 4064 2115 4133 ﬁat
2149 4065 2390 4120 voluntas
2423 4077 2513 4120 tua
2550 4068 2618 4132 ",
2680 4069 2894 4123 videtur
2941 4073 3117 4127 caedes
3173 4073 3293 4128 Filii
3326 4091 3417 4130 se-

1823 4157 2061 4210 cundum
2096 4159 2273 4212 Patris
2308 4161 2426 4213 ﬁeri
2469 4161 2849 4226 voluntatem;
2890 4179 3036 4219 nunc
3080 4182 3232 4231 vero,
3292 4185 3417 4224 cum

1824 4249 1967 4303 dicat
2010 4269 2022 4302 :
2067 4250 2249 4317 Pater,
2303 4254 2512 4304 remitte
2555 4254 2683 4319 illis,
2735 4256 2949 4309 videtur
3009 4271 3198 4313 contra
3266 4261 3416 4316 illius

1826 4340 1940 4394 lieri
1981 4341 2320 4397 voluntatem
2359 4359 2374 4406 ;
2416 4359 2597 4412 neque
2661 4345 2808 4398 enim
2864 4347 3000 4402 alias
3049 4349 3186 4403 iram
3241 4352 3418 4420 ipsius

1822 4434 2120 4504 mitigaret,
2183 4449 2346 4503 quam
2398 4445 2588 4488 contra
2619 4435 2924 4492 homicidas
2974 4439 3227 4495 habebat.
3264 4443 3412 4508 Quid

144 4513 397 4582 ἀθέλητος
414 4507 504 4582 ἦν,
561 4510 650 4563 διὰ
679 4510 736 4564 δὲ
765 4511 864 4582 τὴν
894 4509 1172 4582 ἡμετέραν
1197 4513 1470 4584 σωτηρίαν
1489 4512 1714 4585 θελητή.

1842 4540 1950 4595 :rgo
1983 4525 2274 4579 dicendum
2307 4525 2430 4580 est?
2458 4524 2612 4592 Quod
2660 4528 2712 4581 in
2765 4545 2825 4583 se
2865 4529 3087 4599 quidem
3153 4534 3411 4588 involuu-

150 4603 414 4672 Καθάπερ
446 4603 663 4664 καὶτὰς
694 4602 964 4672 ἀριστέως
995 4602 1210 4672 πληγὰς
1242 4604 1368 4658 καθ’
1395 4605 1592 4668 ἑαυτὰς
1619 4606 1722 4677 μὲν

147 4695 318 4766 ἀηδεῖς
359 4694 663 4763 ἡγούμεθα,
696 4694 786 4748 διὰ
815 4695 872 4748 δὲ
917 4694 1018 4766 τὴν
1061 4696 1204 4749 κατὰ
1241 4695 1350 4750 τῶν
1395 4697 1604 4769 ἐχθρῶν
1627 4700 1720 4753 ἀν-

144 4788 454 4860 δραγαθίαν,
490 4787 694 4859 ἡδείας.

212 5068 676 5138 Διαμεριζόμενοι
721 5100 793 5111 --
841 5069 1096 5138 θεωρῶν.
1161 5072 1250 5125 Ἑν
1299 5073 1376 5144 τῷ
1419 5074 1719 5147 προδιαλη-

149 5162 324 5232 φθέντι
369 5160 650 5229 κεφαλαίῳ
695 5162 791 5214 τοῦ
848 5163 992 5215 κατὰ
1036 5163 1319 5217 Ματθαῖον
1351 5165 1586 5236 ζήτησον
1618 5168 1718 5238 τὴν

151 5251 397 5322 ἐξήγησιν
429 5251 546 5304 τοῦ·
617 5252 1084 5320 Σταυρώσαντες
1129 5255 1198 5308 δὲ
1225 5257 1434 5324 αὐτὸν,
1467 5258 1718 5329 διεμερί·

150 5358 323 5398 σαντο
369 5344 440 5398 τὰ
492 5343 691 5414 ἱμάτια
749 5345 977 5412 αὑτοῦ,
1033 5345 1377 5414 βάλλοντες
1436 5350 1670 5420 κλῆρον
1698 5369 1712 5384 ·

153 5435 269 5489 ενθα
289 5435 473 5498 λύσεις
499 5437 895 5508 ἀνεγράφησαν
925 5438 1214 5509 χαρίεσσαι
1242 5438 1354 5511 (8i)
1379 5442 1714 5514 ζητημάτων

154 5528 452 5596 ἀξιολόγων.

248 5619 288 5650 ⁸³
315 5618 505 5675 Matth.
537 5635 688 5686 xxxi,
716 5619 807 5675 ιε.
917 5620 964 5653 ⁸³
992 5619 1183 5679 Matth.
1213 5637 1383 5689 xxvn,
1415 5623 1505 5679 55.

1827 4618 1963 4673 taria
2002 4627 2139 4683 erat,
2176 4627 2399 4688 propter
2455 4630 2698 4673 nostram
2766 4629 2949 4675 tamen
3003 4625 3234 4678 salutem
3295 4640 3416 4682 erat

1830 4711 2155 4764 voluntaria.
2190 4708 2658 4776 Quemadmodum
2709 4722 2765 4764 et
2813 4714 3022 4766 strenui
3070 4715 3261 4771 militis
3301 4717 3417 4786 pla-

1824 4817 1940 4872 gas,
1976 4804 2032 4856 in
2064 4817 2123 4857 se
2156 4802 2532 4859 consideratus
2582 4807 2810 4860 acerbas
2857 4808 3132 4875 ducimus,
3191 4826 3416 4881 ρτοριιι·

1825 4899 2209 4955 strenuitatem
2239 4909 2420 4955 tamen
2452 4917 2616 4970 quam
2644 4903 2908 4958 adversus
2941 4905 3195 4962 inimicos
3225 4918 3414 4962 osten-

1826 4991 1927 5053 dit,
1979 4989 2211 5045 dicimus
2237 5006 2358 5046 esse
2389 5007 2608 5047 suaves.

1898 5081 2054 5139 Vers.
2120 5083 2188 5138 δι
2212 5123 2226 5137 .

1825 5174 2091 5230 Prtedicto
2124 5174 2397 5246 Evangelii
2443 5177 2598 5245 juxta
2631 5175 2946 5232 Matthzeum
3003 5180 3181 5249 capite
3220 5196 3408 5250 quaere

1824 5265 1954 5321 dicti
2007 5267 2154 5322 illius
2187 5267 2691 5336 interpretationem
2739 5288 2752 5324 :
2801 5271 3039 5342 Cumque
3107 5273 3409 5342 cruriﬁxis-

1822 5367 1934 5411 seut
1993 5375 2133 5424 eum,
2187 5359 2473 5412 diviserunt
2513 5362 2820 5413 vestimenta
2861 5362 2977 5430 ejus
3029 5374 3221 5416 sortem
3279 5365 3410 5417 mit-

1823 5462 1987 5505 tentes
2017 5451 2087 5516 ⁸³,
2149 5452 2242 5506 ubi
2307 5452 2550 5522 pulchrae
2592 5453 2732 5509 datae
2783 5464 2913 5510 sunt
2950 5456 3276 5524 solutiones,
3337 5458 3408 5516 ad

1822 5543 2152 5614 quaestiones
2183 5559 2303 5614 quae
2334 5545 2748 5616 responsionem
2783 5559 3089 5604 merentur.

2307 5083 2603 5137 Dividentes
2665 5113 2734 5124 —
2779 5085 2940 5141 Vers.
2991 5087 3091 5142 35.
3147 5099 3410 5156 spectans.

1327 5744 1525 5808 Varias
1581 5745 1887 5813 lectiones
1915 5757 1977 5812 et
2009 5757 2203 5813 notua.

223 5846 321 5917 (80)
378 5845 452 5900 Ού
482 5847 685 5902 omittit
717 5846 775 5906 Β.

1903 5853 2014 5924 (81)
2049 5853 2312 5924 Χαρίεσαι
2346 5855 2512 5912 codex
2544 5867 2792 5928 uterque.
