4016 6470
563 391 705 458 1095

1796 374 2183 440 EUTHYMII
2223 373 2584 436 ZIGABENI

3683 373 3815 439 1036

630 505 783 560 "ers.
814 503 902 559 η.
944 500 1009 554 Et
1053 531 1084 542 -
1147 499 1398 568 selpsum.
1429 495 1508 551 Ad
1536 510 1697 552 suum
1739 493 2125 550 diversorium.

2307 490 2415 545 Kal
2472 518 2545 530 —
2596 488 2838 545 ἑαυτόν.
2906 489 3049 560 Πρὸς
3111 490 3210 562 τὴν
3273 487 3468 544 ἐαυτοῦ
3517 488 3814 560 διαγωγήν.

555 598 689 653 Nam
729 606 784 649 et
806 595 1045 650 Joannes
1066 591 1133 646 de
1163 592 1327 644 Petro
1357 605 1423 644 ac
1475 587 1659 658 seipso
1717 587 1828 641 ait:
1881 585 2134 640 Abierant

554 704 679 760 ergo
703 701 886 740 rursus
916 684 986 737 ad
1023 684 1222 753 seipsos
1253 680 1499 748 discipuli
1528 679 1597 731 ".

618 874 770 927 Vers.
800 872 887 926 12.
922 870 1206 923 Admirans
1257 864 1397 935 quod
1427 863 1626 932 factum
1678 869 1812 915 erat.
1871 857 2139 913 lntellexit

555 966 700 1020 enim
729 980 837 1018 non
868 979 989 1017 esse
1017 958 1442 1029 transpositum,
1467 955 1738 1024 siquidem
1764 953 1965 1021 alioqui
1997 951 2136 1004 iuis~

555 1066 635 1112 set
666 1072 790 1110 cum
826 1053 1237 1108 linteaminibus
1257 1051 1671 1118 transpositam.
1717 1045 1955 1114 Apparet
1982 1056 2134 1112 ergo,

555 1150 697 1217 quod
733 1146 894 1200 tertio
921 1145 1127 1198 venerit
1164 1143 1360 1196 Petrus
1392 1140 1458 1193 ad
1503 1146 1918 1192 monumentum
1951 1152 1964 1187 :
2019 1137 2135 1205 pri-

556 1255 706 1295 mum
739 1238 956 1308 quidem
991 1240 1159 1297 solus,
1186 1233 1535 1304 postmodum
1565 1244 1697 1284 vero
1747 1242 1872 1282 cum
1901 1226 2137 1294 Joanne,

555 1343 719 1404 prout
742 1331 856 1397 ipse
883 1329 1122 1383 Joannes
1149 1325 1386 1393 scripsit.
1431 1323 1565 1377 Cum
1590 1331 1774 1376 autem
1798 1321 2003 1374 reversi
2034 1334 2123 1373 es-

557 1433 701 1484 sent,
738 1436 928 1474 rursus
945 1427 1167 1473 coactus
1187 1425 1271 1470 est
1297 1416 1445 1470 solus
1476 1429 1700 1469 currere
1731 1432 1744 1467 :
1776 1426 1954 1480 neque
1976 1411 2123 1464 enim

557 1513 706 1568 hunc
736 1511 1006 1566 sustinere
1047 1507 1300 1576 permisit
1332 1505 1533 1559 amoris
1562 1503 1932 1565 vehementia,
1952 1503 2134 1554 inten-

556 1620 786 1673 sumque
808 1602 1166 1662 desiderium,
1221 1612 1329 1668 quo
1356 1595 1678 1668 praeceptori
1727 1597 1936 1663 primus
1991 1595 2136 1648 inter

555 1697 691 1751 alios
713 1692 1009 1763 discipulos
1032 1692 1254 1761 optabat
1274 1703 1586 1751 occurrere,
1617 1696 1672 1742 et
1688 1685 1991 1757 negationis
2011 1701 2136 1757 per-

556 1792 757 1844 laetam
786 1787 1039 1853 accipere
1067 1783 1283 1836 veniam
1307 1800 1319 1834 :
1353 1777 1568 1850 quando
1592 1778 1756 1833 etiam
1783 1779 2039 1847 apparuit
2060 1778 2135 1832 illi

555 1879 844 1938 Dominus,
876 1875 1041 1930 veluti
1066 1875 1120 1928 in
1145 1871 1506 1943 sequentibus
1538 1869 1904 1923 inveniemus.
1967 1868 2134 1924 Trina

556 1986 688 2043 ergo
719 1971 838 2024 vice
864 1967 933 2023 ad
972 1967 1288 2037 sepulcrum
1322 1963 1612 2030 accedens,
1664 1960 1866 2017 trinam
1921 1963 2136 2019 curavit

555 2063 924 2137 negationem.

893 2179 1050 2235 CAP.
1107 2173 1401 2231 LXXXIII.
1447 2173 1526 2230 De
1572 2174 1791 2245 Cleopa.

627 2269 787 2324 Vers.
838 2270 927 2326 13.
964 2269 1036 2324 Et
1088 2285 1203 2324 ecce
1238 2297 1307 2307 ——
1337 2265 1619 2319 Emtuuus.
1695 2263 1902 2320 Ultimo
1953 2261 2136 2334 capite

553 2361 836 2432 Evangelii
870 2362 1178 2418 secundum
1211 2360 1451 2414 Marcum
1487 2373 1694 2428 quzere,
1748 2359 1837 2412 ubi
1871 2359 2093 2427 ponitur
2114 2372 2133 2410 :

555 2451 683 2508 Post
705 2454 814 2507 lucc
862 2463 1040 2508 autem
1067 2452 1267 2506 duobus
1300 2467 1364 2506 sa:
1387 2451 1513 2520 ipsis
1549 2449 1963 2512 ambulantibus,
2033 2465 2135 2518 ap-

554 2545 735 2614 paruit
761 2546 817 2596 in
839 2543 949 2596 alia
1007 2545 1180 2615 forma
1219 2546 1464 2598 euntibus
1523 2558 1614 2594 rus
1657 2542 1726 2605 ",
1783 2550 1838 2595 et
1895 2549 2133 2596 extera:

553 2648 610 2692 et
662 2637 777 2707 lege
809 2637 1025 2691 illorum
1096 2633 1815 2691 enarrationem.Conducit
1859 2633 2005 2686 enim
2065 2630 2134 2685 ad

555 2729 834 2798 proposita
867 2730 1027 2784 Lucae
1057 2729 1240 2783 verba.
1289 2728 1434 2782 Dixit
1469 2735 1675 2789 autem,
1707 2742 1770 2779 ex
1823 2725 1930 2779 illis
1953 2766 1967 2790 ,
2026 2727 2130 2779 hoc

553 2827 636 2874 est
659 2818 1004 2889 simpliciter,
1040 2834 1105 2872 ex
1131 2817 1386 2873 omnibus
1416 2817 1546 2870 illis.

624 3006 780 3061 Vers.
822 3005 910 3059 H.
939 3003 1008 3057 Et
1036 3034 1105 3044 -—
1139 3005 1242 3058 his.
1284 3003 1360 3057 De
1402 3018 1568 3058 cruce
1603 3002 1883 3072 signisque
1907 3002 2135 3070 horren-

553 3097 658 3161 dis,
691 3112 812 3166 quae
846 3105 977 3150 tunc
1018 3095 1159 3149 facta
1189 3095 1453 3157 erant,de
1513 3096 1767 3162 sepulcro
1801 3102 1858 3147 et
1895 3092 1981 3146 his
2006 3109 2130 3166 qua!

551 3207 579 3243 a
615 3187 935 3242 mulieribus
973 3187 1286 3240 renuntiata
1337 3186 1576 3251 fuerant,
1638 3200 1702 3238 ac
1755 3185 1824 3239 de
1885 3200 2130 3238 resurre-
2162 3176 2204 3232 C

550 3282 733 3335 ctione
764 3278 1003 3333 Domini.

623 3371 774 3424 Vers.
810 3369 892 3424 15.
924 3367 992 3420 Et
1017 3397 1084 3409 —-
1110 3367 1234 3420 illis.
1263 3365 1732 3435 Conquisitionem
1767 3377 1927 3421 vocat
1976 3368 2135 3422 int-a-

551 3461 755 3531 ginem,
786 3468 914 3528 puta
947 3475 961 3510 z
987 3457 1295 3522 Quomodo,
1329 3471 1452 3509 cum
1477 3456 1595 3509 talis
1624 3465 1791 3518 esset,
1818 3457 2130 3524 liujusmodi

549 3568 743 3622 passus
770 3551 900 3604 est?
934 3559 990 3604 et
1015 3548 1313 3616 quomodo,
1349 3563 1476 3602 cum
1516 3556 1767 3603 mortuus
1786 3564 1849 3602 ac
1881 3550 2131 3619 sepultus

547 3653 711 3706 esset,
747 3639 1072 3694 resurrexit?

621 3733 774 3787 Veis.
816 3733 902 3783 16.
942 3729 1094 3785 Oculi
1123 3745 1246 3782 vero
1273 3758 1344 3766 —
1377 3745 1517 3782 eum.
1550 3729 1613 3783 In
1643 3729 1747 3784 hoc
1769 3731 1947 3788 solum
1977 3742 2132 3787 tene-

550 3825 777 3887 bantur,
816 3837 886 3876 ne
919 3838 1044 3876 eum
1082 3830 1468 3891 agnoscerent.

628 3918 780 3972 Vers.
807 3916 894 3968 17.
925 3915 1074 3967 Dixit
1095 3943 1162 3954 —
1188 3917 1360 3968 tristes
1381 3917 1407 3969 .’
1443 3914 1719 3971 Confertis
1752 3916 1868 3972 sive
1895 3908 2134 3988 obiicitis

547 4019 602 4063 et
621 4009 919 4079 inquiritis.

620 4099 774 4152 Vers.
806 4100 890 4150 l8.
925 4097 1262 4166 Respondens
1290 4125 1357 4137 σ-
1390 4097 1574 4152 diebus
1612 4098 1768 4154 illis?
1795 4090 2032 4168 Cognito
2065 4113 2132 4152 ex

547 4203 683 4242 voce
715 4198 770 4241 et
801 4187 990 4242 habitu
1027 4191 1171 4258 quod
1199 4197 1254 4242 et
1289 4188 1408 4258 ipse
1453 4187 1674 4243 Judaeus
1707 4200 1872 4254 esset,
1926 4191 2132 4260 impro-

549 4293 769 4350 perant,
799 4297 906 4335 non
935 4283 1079 4352 quod
1112 4282 1263 4336 solus
1289 4283 1804 4352 ipse-diversaretur
1828 4283 2133 4355 Hierosoly-

548 4377 676 4437 mis,
707 4375 799 4428 sed
827 4373 972 4442 quod
1007 4373 1158 4427 solus
1191 4375 1465 4444 ignoraret
1499 4388 1620 4444 qua:
1647 4367 1898 4436 omnibus
1921 4376 1994 4431 ibi
2047 4379 2132 4430 di-

550 4468 900 4522 versantibus
927 4478 1058 4520 nota
1088 4477 1245 4520 erant
1285 4483 1300 4519 :
1341 4477 1392 4522 et
1424 4468 1758 4537 increpando
1783 4469 1973 4525 dicunt
2007 4487 2023 4527 ;
2051 4468 2132 4525 Tu

2241 581 2382 651 Φησὶ
2444 582 2557 652 γὰρ
2636 573 2734 634 καὶ
2810 582 3064 652 Ἰωάννης
3130 581 3260 651 περί
3316 597 3376 634 τε
3437 581 3646 650 Πέτρου
3726 581 3816 635 καὶ

2242 674 2436 727 ἐαυτοῦ
2467 691 2481 705 ο
2539 675 2848 745 Ἀπῆλθον
2899 670 3006 730 οὖν
3039 673 3226 729 πάλιν
3264 674 3413 743 πρὸς
3455 674 3709 740 ἑαυτοὺς
3761 678 3816 728 ol

2234 770 2394 837 μαθη
2403 768 2517 821 ταί.

2315 859 2635 930 Θαυμάζων
2688 859 2758 913 τὸ
2827 862 3094 930 γεγονός.
3154 861 3364 929 Συνῆκε
3433 861 3540 932 γὰρ
3604 863 3689 914 ὅτι
3751 867 3812 913 οὐ

2244 955 2510 1024 μετετέθη
2533 969 2550 986 ⁸
2599 949 2633 1025 ἦ
2665 954 2775 1024 γὰρ
2807 953 2873 1007 ἂν
2909 955 3048 1025 μετά
3082 955 3188 1008 τῶν
3247 955 3468 1009 ὀθονίων
3529 953 3815 1026 μετετέθη.

2239 1048 2496 1102 Φαίνεται
2567 1049 2749 1101 τοίνυν
2806 1047 2891 1100 ὅτι
2951 1049 3018 1100 ἐκ
3070 1047 3253 1118 τρίτου
3307 1048 3548 1116 ἀπῆλθεν
3605 1048 3700 1100 ἐπὶ
3760 1048 3819 1098 τὸ

2243 1142 2511 1210 μνημεῖον
2541 1139 2570 1192 ό
2619 1139 2870 1209 Πέτρος·
2921 1138 3018 1193 νῦν
3069 1139 3168 1208 μὲν
3232 1139 3430 1208 μόνος,
3475 1138 3704 1210 ὕστερον
3760 1139 3816 1191 δέ

2243 1233 2383 1302 μετά
2409 1231 2504 1284 τοῦ
2551 1231 2819 1296 Ἰωάννου,
2852 1232 2933 1295 ὠς
2977 1231 3141 1295 αὐτὸς
3181 1234 3209 1284 ό
3257 1229 3508 1299 Ἰωάννης
3555 1231 3819 1301 ἔγραψεν.

2253 1321 2690 1377 Ἐπανελθόντων
2747 1322 2825 1390 δὲ,
2873 1323 3048 1393 μόνος.
3089 1317 3248 1385 αὖθις
3301 1322 3621 1393 ἠναγκάσθη
3687 1322 3819 1392 δρα-

2243 1417 2366 1484 μεῖν
2413 1427 2427 1442 ⁸
2480 1415 2544 1468 οὐ
2572 1417 2683 1486 γὰρ
2716 1415 2804 1468 εἷα
2852 1414 3043 1468 τοῦτον
3089 1415 3388 1485 δπςμένειν
3428 1417 3461 1486 ἡ
3517 1415 3819 1484 σφοδρότης

2237 1505 2333 1560 τοῦ
2366 1506 2616 1576 φίλτρου,
2648 1508 2744 1560 καὶ
2777 1507 2839 1559 τὸ
2867 1507 2988 1561 λίαν
3022 1506 3308 1577 βούλεσθαι
3343 1508 3447 1578 πρὸ
3484 1507 3587 1560 τῶν
3638 1505 3818 1559 ἄλλων

2236 1599 2502 1671 μαθητῶν
2553 1601 2798 1672 ἐντυχεῖν
2843 1601 2922 1670 τῷ
2980 1601 3288 1671 διδασκάλῳ
3342 1600 3434 1653 καὶ
3487 1597 3817 1666 συγγνώμην

2236 1685 2336 1760 τῆς
2387 1691 2675 1762 ἀρνήσεως
2724 1691 3106 1763 ἐντελεστέραν
3140 1691 3344 1754 λαϐεῖν,
3389 1692 3478 1743 ὅτε
3509 1691 3604 1743 καὶ
3657 1686 3814 1757 ὤφθη

2241 1783 2394 1852 αὑτῷ
2432 1787 2460 1836 ὁ
2487 1783 2716 1855 Κύριος.
2748 1784 2825 1849 ὡς
2855 1784 3138 1854 προϊόντες
3169 1784 3499 1854 εὑρήσομεν.
3563 1783 3695 1852 Τρὶς
3723 1775 3822 1833 οὖν

2239 1875 2526 1942 ἀπελθὼν,
2577 1877 2638 1930 τὸ
2683 1876 2949 1949 τριπλοῦν
3009 1874 3306 1932 κάντεῦθεν
3376 1874 3476 1944 τῆς
3533 1875 3821 1944 ἀρνήσεως

2239 1967 2601 2040 ἐθεράπευσε.

2575 2174 2732 2230 ΚΕΦ.
2775 2174 2901 2229 1H".
2928 2174 3066 2243 Περὶ
3099 2172 3206 2229 τοῦ
3254 2169 3483 2228 Κλοπᾶ.

2311 2270 2419 2325 Kal
2497 2267 2628 2325 ίδοὺ
2681 2299 2749 2308 -
2806 2267 3126 2338 Ἐμμαοῦς.
3213 2266 3303 2320 Ἐν
3362 2266 3439 2338 τῷ
3521 2265 3825 2336 τελευταίῳ

2237 2363 2516 2431 χεφαλαίρ
2581 2360 2677 2414 τοῦ
2727 2361 2866 2414 κατὰ
2917 2360 3139 2430 Μάρδων
3197 2360 3432 2429 ζήτησον
3492 2359 3554 2411 τό
3603 2377 3617 2391 ι
3654 2357 3823 2413 Μετὰ

2237 2453 2305 2507 δὲ
2342 2454 2531 2509 ταῦτα
2571 2453 2758 2508 δυσίν
2810 2453 2881 2518 ἐξ
2936 2451 3140 2508 αὐτῶν
3187 2449 3624 2522 περιπατοῦσιν
3672 2452 3824 2520 esca-

2237 2545 2463 2616 νερώθη
2545 2546 2617 2600 ἐν
2679 2545 2855 2614 ἑτέρᾳ
2923 2542 3153 2614 μορφῇ,
3243 2544 3666 2612 πορευομένοις
3729 2545 3824 2608 εὶς

2237 2641 2447 2708 ἀγρὸν,
2477 2639 2573 2690 καὶ
2616 2637 2688 2690 τά
2729 2637 2858 2708 ἑξῆς
2887 2652 2904 2669 ο
2954 2636 3052 2691 καὶ
3081 2635 3358 2704 ἀνάγνωθι
3418 2636 3516 2707 τὴν
3557 2635 3823 2707 ἐξήγησιν

2237 2729 2443 2794 αὐτῶν,
2483 2729 2936 2799 χρησιμεύουσαν
2970 2729 3054 2791 είς
3083 2728 3152 2782 τά
3185 2727 3524 2798 προκείμενα
3561 2726 3699 2797 ρητά
3721 2725 3822 2779 τοῦ

2236 2823 2440 2876 Δουκᾶ.
2493 2822 2595 2886 Ἐξ
2635 2821 2834 2878 αὐτῶν
2876 2821 2933 2874 δὲ
2969 2816 3124 2875 εἶπεν
3153 2820 3366 2888 ἀπλῶς,
3396 2822 3564 2890 ἡγουν
3608 2820 3673 2872 ἐκ
3703 2818 3819 2872 τῶν

2236 2919 2371 2972 ὅλων
2400 2917 2685 2988 μαθητῶν.

2305 3009 2418 3063 Kal
2450 3036 2526 3049 -—
2547 3011 2797 3064 τούτων.
2836 3008 2975 3079 Περί
3010 3026 3071 3062 τε
3103 3008 3200 3062 τοῦ
3249 3007 3506 3079 σταυροῦ,
3566 3008 3660 3060 καὶ
3707 3005 3823 3059 τῶν

2235 3100 2538 3172 τηνικαῦτα
2573 3101 2826 3172 φοϐερῶν
2861 3102 3130 3172 σημείων,
3178 3102 3275 3154 καὶ
3325 3101 3427 3171 τῆς
3478 3100 3676 3169 ταφῆς,
3720 3099 3823 3152 καὶ

2237 3195 2344 3246 τῶν
2403 3195 2873 3263 ἀπαγγελθέντων
2921 3193 3029 3247 ὑπὸ
3057 3193 3168 3246 τῶν
3223 3193 3498 3262 γυναικῶν
3561 3190 3826 3261 περὶτῆς

2237 3288 2593 3350 ἀναστάσεως
2627 3287 2722 3340 τοῦ
2761 3287 2994 3356 Κυρίου.

2312 3381 2769 3446 Καί-αὺτοῖς.
2832 3375 3140 3452 Συζήτησιν
3193 3379 3344 3447 λέγει
3394 3379 3492 3450 τὴν
3547 3377 3825 3442 ἐξέτασιν,

2238 3469 2371 3532 οἷον,
2410 3476 2551 3536 πῶς,
2587 3474 2833 3537 τοιοῦτος
2867 3472 2965 3538 ὢν,
3001 3471 3226 3526 τοιαῦτα
3245 3473 3518 3540 πέπονθες
3569 3472 3662 3524 καὶ
3701 3469 3825 3534 πῶς

2237 3565 2529 3618 ἀποθανὼν
2555 3566 2754 3635 ἀνέστη
2775 3581 2790 3632 ;

2316 3739 2382 3790 Ol
2409 3735 2478 3789 δὲ
2496 3728 2794 3804 ὃφθαάμοί
2825 3764 2895 3773 -
2916 3734 3125 3790 αὐτόν.
3168 3731 3533 3802 Ἐκρατοῦντο
3562 3733 3644 3798 είς
3662 3732 3828 3788 τοῦτο

2242 3829 2422 3898 μόνον,
2445 3828 2506 3879 τὸ
2543 3829 2619 3896 μὴ
2650 3826 2946 3894 ἐπιγνῶναι
2971 3824 3158 3879 αὐτόν.

2311 3914 2459 3974 Eius
2487 3948 2557 3958 -—-
2583 3917 2933 3988 σκυθρωποί
2951 3934 2972 3982 ;
3028 3916 3431 3982 Ἀπιὸάλλετε,
3476 3917 3644 3986 ἤγουν
3674 3917 3828 3970 ἀντι-

2237 4011 2452 4065 τιθέατε
2480 4009 2594 4081 (85)
2629 4011 2660 4082 ἢ
2695 4009 3004 4074 ἐξετάζετε.

2332 4103 2705 4170 ’Δποκριθεὶς
2731 4133 2804 4144 -
2835 4102 3083 4173 ἡμέραις
3130 4104 3418 4168 causam;
3469 4101 3604 4156 ’Λπό
3630 4119 3689 4156 τε
3723 4107 3823 4174 τῆς

2241 4198 2422 4267 φωνῆς
2482 4200 2578 4250 καὶ
2621 4198 2720 4266 τῆς
2787 4197 2977 4265 στολῆς
3011 4195 3252 4264 γνόντες,
3304 4195 3386 4248 ὅτι
3425 4194 3674 4257 Ἰουδαῖος
3727 4195 3822 4247 καὶ

2239 4290 2401 4353 αὑτός
2427 4290 2597 4353 ἐστιν,
2624 4288 3002 4354 ὀνειδίζουσιν,
3033 4287 3132 4358 οὐχ
3151 4287 3227 4351 ὼς
3254 4289 3414 4356 μόνον
3443 4286 3820 4355 παροικοῦντα

2238 4385 2306 4452 τῇ
2359 4381 2468 4451 (86)
2509 4380 2890 4451 Ἰερουσαλὴμ,
2933 4379 3146 4440 ἀλλ’ὡς
3199 4379 3360 4446 μόνον
3397 4375 3698 4445 ἀγνοοῦντα
3749 4379 3818 4430 τὰ

2245 4476 2381 4527 πᾶσι
2409 4474 2525 4535 τοῖς
2577 4472 2936 4540 παροικοῦσιν
2969 4472 3312 4540 ἐγνωσμένα,
3359 4469 3450 4524 καί
3499 4487 3663 4538 ςέασιν
3695 4471 3816 4521 ἐπι-

553 4561 712 4614 solus
729 4575 795 4612 ex
822 4558 1083 4613 omnibus
1112 4560 1204 4627 qui
1232 4557 1628 4631 Hierosolymis
1650 4560 1922 4627 habitant,
1955 4562 2134 4617 diver-

2249 4563 2579 4634 ττληκτικῶςο
2611 4563 2682 4616 Σὺ
2709 4563 2873 4633 μόνος
2913 4565 2977 4617 ἐκ
3014 4563 3236 4617 πάντων
3265 4561 3374 4615 τῶν
3409 4564 3816 4633 παροικούντων

553 4653 687 4706 saris
728 4651 781 4704 in
812 4651 1118 4705 Jerusalem
1148 4651 1429 4721 ignorans,
1473 4668 1595 4722 qua:
1636 4652 1692 4706 iu
1726 4669 1790 4708 ea
1831 4654 1974 4710 iacta
2002 4665 2133 4712 sunt

551 4738 636 4792 nis
661 4737 899 4790 diebus?

620 4825 777 4880 Vers.
803 4827 887 4880 19.
920 4824 988 4878 Et
1023 4855 1095 4864 —
1124 4843 1260 4896 quin.
1289 4827 1653 4899 lgnoranliam
1681 4829 1852 4902 ﬁngit,
1887 4833 2129 4888 utetiam

549 4935 615 4972 ex
652 4934 749 4972 ore
803 4918 1016 4972 illorum
1053 4919 1239 4973 audiat
1267 4935 1386 4988 qua:
1413 4937 1441 4973 a
1473 4922 1639 4975 corde
1699 4937 1891 4977 eorum
1933 4941 2133 4996 cogno-

549 5012 758 5076 scebat,
781 5023 835 5066 et
867 5012 937 5065 ita
964 5012 1219 5081 obiurget
1253 5028 1316 5068 ac
1354 5013 1599 5084 increpet
1627 5014 1766 5070 illos.

619 5195 778 5252 γει-δ.
831 5197 917 5251 19.
967 5199 1033 5252 At
1088 5199 1171 5252 illi
1209 5202 1518 5270 -populo.
1573 5203 1761 5258 Virum
1803 5200 2124 5278 prophetam

550 5290 701 5346 illum
752 5291 921 5346 fuisse
954 5294 1350 5362 opinabantur,
1405 5297 1728 5367 imperfecta
1761 5303 1941 5357 adhuc
1997 5303 2124 5358 ﬁde.

655 5469 701 5503 "
726 5468 883 5525 Joan.
908 5489 998 5540 xx,
1033 5475 1120 5529 10.
1231 5479 1276 5511 ⁸⁸
1303 5478 1471 5536 Marc.
1508 5497 1627 5553 xw,
1681 5482 1767 5537 12.

2235 4659 2301 4727 τῇ
2352 4654 2711 4725 Ἰερουσαλὴμ
2768 4657 3056 4724 παροικεῖς
3116 4653 3493 4726 Ἰερουσαλὴμ,
3553 4657 3631 4723 μὴ
3655 4655 3815 4716 γινώ-

2238 4763 2384 4801 σκων
2413 4749 2482 4800 τὰ
2509 4747 2779 4816 γενόμενα
2801 4746 2909 4817 (87)
2942 4749 2999 4799 ἐν
3027 4748 3149 4809 ταῖς
3177 4745 3413 4817 ἡμέραις
3442 4746 3670 4809 ταύταις
3692 4765 3722 4814 ;-

2308 4839 2423 4893 Kal
2473 4869 2541 4878 -—
2584 4838 2768 4901 acia;
2827 4838 3212 4908 Προσποιείται
3257 4836 3522 4905 ἄγνοιαν,
3581 4829 3668 4892 ἵνα
3722 4840 3813 4893 καὶ

2233 4932 2323 4986 διά
2375 4931 2646 5000 στόματος
2701 4931 2883 4984 αὐτῶν
2927 4931 3140 5004 ἀκούσῃ
3185 4930 3222 4985 ἀ
3266 4931 3354 4984 διά
3426 4931 3526 5000 τῆς
3581 4933 3812 5002 καρδίας

2239 5024 2425 5078 αὐτῶν
2460 5025 2750 5092 ἐγίνωσκε,
2783 5026 2877 5081 καὶ
2921 5023 3095 5088 οὕτως
3125 5024 3382 5094 ὀνειδίσῃ,
3413 5031 3505 5078 καὶ
3539 5026 3812 5097 ἐπιπλήξῃ

2237 5119 2445 5181 αὐτοῖς.

2313 5213 2377 5262 Ol
2405 5207 2473 5260 δὲ
2525 5239 2592 5251 —-
2643 5207 2821 5262 λαοῦ.
2865 5208 3072 5279 ’Λνδρα
3126 5209 3414 5279 προφήτην
3465 5207 3629 5258 αὐτὸν
3673 5203 3811 5258 εἶναι

2240 5299 2648 5368 ὑπελάμϐανον,
2705 5301 2874 5370 ἀτελῆ
2949 5301 3132 5353 πίστιν
3193 5301 3272 5353 ἐτι
3324 5299 3566 5364 ἐτοντες.
3608 5299 3810 5368 Ἔργον

1745 5603 1949 5666 Variae
2013 5603 2314 5667 lectiones
2343 5613 2404 5666 et
2438 5612 2628 5666 note).

619 5782 732 5868 ςζςδδ
773 5785 850 5840 lta
879 5795 1129 5868 uterque,
1162 5804 1258 5859 pro
1289 5789 1621 5868 ἀντιτίθετε.
1671 5795 1842 5868 Vulgo
1911 5807 2121 5852 tantum

549 5855 759 5909 τιθέασι
801 5866 994 5914 notant
1018 5855 1398 5918 Grammatici.

2305 5797 2415 5864 (86)
2447 5799 2559 5864 Τήν
2594 5801 2656 5850 Α.

2311 5871 2424 5938 (87)
2477 5871 2495 5920 ι
2521 5873 2739 5938 ινώμενα
2768 5865 2829 5920 Β.
