  <div class='ocr_page' id='page_1' title='image "/cluster/home/n/w/nwhite01/storage/ocr_20150623/129/ien.35556001660034/548.png"; bbox 0 0 4016 6504; ppageno 0'>
   <div class='ocr_carea' id='block_1_1' title="bbox 234 489 374 556">
    <p class='ocr_par' dir='ltr' id='par_1_1' title="bbox 234 489 374 556">
     <span class='ocr_line' id='line_1_1' title="bbox 234 489 374 556; baseline -0.014 0"><span class='ocrx_word' id='word_1_1' title='bbox 234 489 374 556; x_wconf 78' lang='grc'><strong>1097</strong></span> 
     </span>
    </p>
   </div>
   <div class='ocr_carea' id='block_1_2' title="bbox 1163 485 2004 549">
    <p class='ocr_par' dir='ltr' id='par_1_2' title="bbox 1163 485 2004 549">
     <span class='ocr_line' id='line_1_2' title="bbox 1163 485 2004 549; baseline 0.004 -3"><span class='ocrx_word' id='word_1_2' title='bbox 1163 486 1552 547; x_wconf 79' lang='lat' dir='ltr'><strong>COMMENT.</strong></span> <span class='ocrx_word' id='word_1_3' title='bbox 1596 485 1675 545; x_wconf 84' lang='lat' dir='ltr'><strong>IN</strong></span> <span class='ocrx_word' id='word_1_4' title='bbox 1721 486 2004 549; x_wconf 77' lang='lat' dir='ltr'><strong>LUCAM.</strong></span> 
     </span>
    </p>
   </div>
   <div class='ocr_carea' id='block_1_3' title="bbox 2150 488 3522 555">
    <p class='ocr_par' dir='ltr' id='par_1_3' title="bbox 2150 488 3522 555">
     <span class='ocr_line' id='line_1_3' title="bbox 2150 488 3522 555; baseline 0.006 -8"><span class='ocrx_word' id='word_1_5' title='bbox 2150 488 2309 549; x_wconf 70' lang='lat' dir='ltr'><strong>CAP.</strong></span> <span class='ocrx_word' id='word_1_6' title='bbox 2352 489 2564 550; x_wconf 78' lang='lat' dir='ltr'><strong>XXIV.</strong></span> <span class='ocrx_word' id='word_1_7' title='bbox 3383 490 3522 555; x_wconf 66' lang='lat'><strong>1003</strong></span> 
     </span>
    </p>
   </div>
   <div class='ocr_carea' id='block_1_4' title="bbox 235 607 1816 683">
    <p class='ocr_par' dir='ltr' id='par_1_4' title="bbox 235 608 1816 683">
     <span class='ocr_line' id='line_1_4' title="bbox 235 608 1816 683; baseline -0.003 -16"><span class='ocrx_word' id='word_1_8' title='bbox 235 615 331 683; x_wconf 77' lang='grc' dir='ltr'>μὲν</span> <span class='ocrx_word' id='word_1_9' title='bbox 395 609 487 666; x_wconf 72' lang='grc' dir='ltr'>οὖν</span> <span class='ocrx_word' id='word_1_10' title='bbox 544 611 651 664; x_wconf 86' lang='grc' dir='ltr'>νόει</span> <span class='ocrx_word' id='word_1_11' title='bbox 718 610 783 663; x_wconf 68' lang='grc' dir='ltr'>τὰ</span> <span class='ocrx_word' id='word_1_12' title='bbox 841 611 1089 681; x_wconf 78' lang='grc' dir='ltr'>σημεῖα,</span> <span class='ocrx_word' id='word_1_13' title='bbox 1148 608 1308 677; x_wconf 88' lang='grc' dir='ltr'>λόγον</span> <span class='ocrx_word' id='word_1_14' title='bbox 1386 610 1443 663; x_wconf 76' lang='grc' dir='ltr'>δὲ</span> <span class='ocrx_word' id='word_1_15' title='bbox 1510 610 1609 673; x_wconf 79' lang='grc' dir='ltr'><strong>τὰς</strong></span> <span class='ocrx_word' id='word_1_16' title='bbox 1682 609 1816 662; x_wconf 87' lang='grc' dir='ltr'>διδα·</span> 
     </span>
    </p>
   </div>
   <div class='ocr_carea' id='block_1_5' title="bbox 1959 607 3516 683">
    <p class='ocr_par' dir='ltr' id='par_1_5' title="bbox 1959 607 3516 681">
     <span class='ocr_line' id='line_1_5' title="bbox 1959 607 3516 681; baseline 0.001 -18"><span class='ocrx_word' id='word_1_17' title='bbox 1959 611 2045 665; x_wconf 55' lang='grc' dir='ltr'><strong>Ῥω·</strong></span> <span class='ocrx_word' id='word_1_18' title='bbox 2112 627 2251 681; x_wconf 82' lang='lat' dir='ltr'><strong>opus</strong></span> <span class='ocrx_word' id='word_1_19' title='bbox 2286 612 2469 681; x_wconf 81' lang='lat' dir='ltr'><strong>itaque</strong></span> <span class='ocrx_word' id='word_1_20' title='bbox 2517 611 2673 680; x_wconf 73' lang='lat' dir='ltr'><strong>signa</strong></span> <span class='ocrx_word' id='word_1_21' title='bbox 2722 607 2967 677; x_wconf 85' lang='lat' dir='ltr'><strong>intellige</strong></span> <span class='ocrx_word' id='word_1_22' title='bbox 3003 627 3015 663; x_wconf 88' lang='grc' dir='ltr'><strong>ι</strong></span> <span class='ocrx_word' id='word_1_23' title='bbox 3047 622 3146 678; x_wconf 82' lang='lat' dir='ltr'><strong>per</strong></span> <span class='ocrx_word' id='word_1_24' title='bbox 3202 622 3516 665; x_wconf 86' lang='lat' dir='ltr'><strong>sermonem</strong></span> 
     </span>
    </p>
   </div>
   <div class='ocr_carea' id='block_1_6' title="bbox 232 705 483 767">
    <p class='ocr_par' dir='ltr' id='par_1_6' title="bbox 232 705 483 767">
     <span class='ocr_line' id='line_1_6' title="bbox 232 705 483 767; baseline 0.004 -10"><span class='ocrx_word' id='word_1_25' title='bbox 232 705 483 767; x_wconf 58' lang='grc' dir='ltr'>σιαλίας.</span> 
     </span>
    </p>
   </div>
   <div class='ocr_carea' id='block_1_7' title="bbox 302 796 1581 870">
    <p class='ocr_par' dir='ltr' id='par_1_7' title="bbox 302 796 1581 870">
     <span class='ocr_line' id='line_1_7' title="bbox 302 796 1581 870; baseline 0.001 -19"><span class='ocrx_word' id='word_1_26' title='bbox 302 798 495 865; x_wconf 71' lang='grc' dir='ltr'>Ὅπως</span> <span class='ocrx_word' id='word_1_27' title='bbox 529 827 598 837; x_wconf 86' lang='lat'><strong>-—</strong></span> <span class='ocrx_word' id='word_1_28' title='bbox 624 799 833 854; x_wconf 78' lang='grc' dir='ltr'>αὐτόν.</span> <span class='ocrx_word' id='word_1_29' title='bbox 874 796 967 861; x_wconf 86' lang='grc' dir='ltr'><strong>Είς</strong></span> <span class='ocrx_word' id='word_1_30' title='bbox 997 796 1302 870; x_wconf 78' lang='grc' dir='ltr'><strong>καταδίκην</strong></span> <span class='ocrx_word' id='word_1_31' title='bbox 1324 797 1581 854; x_wconf 80' lang='grc' dir='ltr'>θανάτου.</span> 
     </span>
    </p>
   </div>
   <div class='ocr_carea' id='block_1_8' title="bbox 313 978 1830 1051">
    <p class='ocr_par' dir='ltr' id='par_1_8' title="bbox 313 978 1830 1051">
     <span class='ocr_line' id='line_1_8' title="bbox 313 978 1830 1051; baseline -0.001 -15"><span class='ocrx_word' id='word_1_32' title='bbox 313 979 507 1051; x_wconf 77' lang='grc' dir='ltr'>Ἡμεῖς</span> <span class='ocrx_word' id='word_1_33' title='bbox 554 1011 623 1024; x_wconf 92' lang='grc'><strong>-</strong></span> <span class='ocrx_word' id='word_1_34' title='bbox 703 980 982 1049; x_wconf 71' lang='grc' dir='ltr'>Ἰσραήλ.</span> <span class='ocrx_word' id='word_1_35' title='bbox 1048 980 1386 1049; x_wconf 78' lang='grc' dir='ltr'>Ἥλπίζομεν</span> <span class='ocrx_word' id='word_1_36' title='bbox 1449 981 1615 1035; x_wconf 82' lang='grc' dir='ltr'>αὑτὸν</span> <span class='ocrx_word' id='word_1_37' title='bbox 1693 978 1830 1035; x_wconf 70' lang='grc' dir='ltr'>εἶναι</span> 
     </span>
    </p>
   </div>
   <div class='ocr_carea' id='block_1_9' title="bbox 238 1070 1832 1145">
    <p class='ocr_par' dir='ltr' id='par_1_9' title="bbox 238 1070 1832 1145">
     <span class='ocr_line' id='line_1_9' title="bbox 238 1070 1832 1145; baseline 0.001 -19"><span class='ocrx_word' id='word_1_38' title='bbox 238 1074 325 1127; x_wconf 69' lang='grc' dir='ltr'><strong>ιον</strong></span> <span class='ocrx_word' id='word_1_39' title='bbox 385 1070 490 1124; x_wconf 82' lang='grc' dir='ltr'><strong>ὑπὸ</strong></span> <span class='ocrx_word' id='word_1_40' title='bbox 538 1071 651 1124; x_wconf 83' lang='grc' dir='ltr'>τῶν</span> <span class='ocrx_word' id='word_1_41' title='bbox 704 1071 941 1142; x_wconf 78' lang='grc' dir='ltr'>Γραφῶν</span> <span class='ocrx_word' id='word_1_42' title='bbox 996 1070 1508 1141; x_wconf 81' lang='grc' dir='ltr'>καταγγελλόμενον</span> <span class='ocrx_word' id='word_1_43' title='bbox 1547 1072 1832 1145; x_wconf 79' lang='grc' dir='ltr'><strong>λυτρωτὴν</strong></span> 
     </span>
    </p>
   </div>
   <div class='ocr_carea' id='block_1_10' title="bbox 238 1164 1829 1236">
    <p class='ocr_par' dir='ltr' id='par_1_10' title="bbox 238 1164 1829 1236">
     <span class='ocr_line' id='line_1_10' title="bbox 238 1164 1829 1236; baseline 0.002 -18"><span class='ocrx_word' id='word_1_44' title='bbox 238 1164 434 1235; x_wconf 68' lang='grc' dir='ltr'>ἡμῶν·</span> <span class='ocrx_word' id='word_1_45' title='bbox 514 1165 611 1219; x_wconf 80' lang='grc' dir='ltr'>νῦν</span> <span class='ocrx_word' id='word_1_46' title='bbox 679 1166 737 1219; x_wconf 83' lang='grc' dir='ltr'><strong>δέ</strong></span> <span class='ocrx_word' id='word_1_47' title='bbox 814 1164 989 1230; x_wconf 72' lang='grc' dir='ltr'>οὕτως</span> <span class='ocrx_word' id='word_1_48' title='bbox 1077 1165 1424 1221; x_wconf 72' lang='grc' dir='ltr'><strong>ἀποθανόντα</strong></span> <span class='ocrx_word' id='word_1_49' title='bbox 1511 1166 1829 1236; x_wconf 80' lang='grc' dir='ltr'>ἀπηλπίσα-</span> 
     </span>
    </p>
   </div>
   <div class='ocr_carea' id='block_1_11' title="bbox 235 1256 566 1328">
    <p class='ocr_par' dir='ltr' id='par_1_11' title="bbox 235 1256 566 1328">
     <span class='ocr_line' id='line_1_11' title="bbox 235 1256 566 1328; baseline 0 -1"><span class='ocrx_word' id='word_1_50' title='bbox 235 1275 338 1327; x_wconf 82' lang='grc' dir='ltr'>μεν</span> <span class='ocrx_word' id='word_1_51' title='bbox 402 1256 566 1328; x_wconf 80' lang='grc' dir='ltr'><strong>(88)ο</strong></span> 
     </span>
    </p>
   </div>
   <div class='ocr_carea' id='block_1_12' title="bbox 322 1348 1829 1418">
    <p class='ocr_par' dir='ltr' id='par_1_12' title="bbox 322 1348 1829 1418">
     <span class='ocr_line' id='line_1_12' title="bbox 322 1348 1829 1418; baseline 0 -15"><span class='ocrx_word' id='word_1_52' title='bbox 322 1348 502 1403; x_wconf 67' lang='grc' dir='ltr'>Ἀλλά</span> <span class='ocrx_word' id='word_1_53' title='bbox 533 1366 601 1418; x_wconf 78' lang='grc' dir='ltr'>τε</span> <span class='ocrx_word' id='word_1_54' title='bbox 630 1378 697 1390; x_wconf 91' lang='grc'><strong><em>-</em></strong></span> <span class='ocrx_word' id='word_1_55' title='bbox 718 1348 978 1417; x_wconf 75' lang='grc' dir='ltr'>ἐγένετο.</span> <span class='ocrx_word' id='word_1_56' title='bbox 996 1378 1066 1390; x_wconf 93' lang='grc'><strong><em>-</em></strong></span> <span class='ocrx_word' id='word_1_57' title='bbox 1096 1350 1221 1404; x_wconf 85' lang='grc' dir='ltr'><strong>Σὺν</strong></span> <span class='ocrx_word' id='word_1_58' title='bbox 1254 1348 1408 1406; x_wconf 74' lang='grc' dir='ltr'>πᾶσι</span> <span class='ocrx_word' id='word_1_59' title='bbox 1432 1350 1829 1418; x_wconf 75' lang='grc' dir='ltr'>τούτοις-,ἀντὶ</span> 
     </span>
    </p>
   </div>
   <div class='ocr_carea' id='block_1_13' title="bbox 229 1439 1226 1510">
    <p class='ocr_par' dir='ltr' id='par_1_13' title="bbox 229 1439 1226 1510">
     <span class='ocr_line' id='line_1_13' title="bbox 229 1439 1226 1510; baseline 0.003 -16"><span class='ocrx_word' id='word_1_60' title='bbox 229 1439 345 1503; x_wconf 76' lang='grc' dir='ltr'><strong>τοῦ,</strong></span> <span class='ocrx_word' id='word_1_61' title='bbox 376 1440 603 1493; x_wconf 83' lang='grc' dir='ltr'>Πάντων</span> <span class='ocrx_word' id='word_1_62' title='bbox 642 1440 854 1492; x_wconf 84' lang='grc' dir='ltr'>τούτων</span> <span class='ocrx_word' id='word_1_63' title='bbox 892 1440 1226 1510; x_wconf 80' lang='grc' dir='ltr'><strong>γενομένων.</strong></span> 
     </span>
    </p>
   </div>
   <div class='ocr_carea' id='block_1_14' title="bbox 320 1528 1826 1605">
    <p class='ocr_par' dir='ltr' id='par_1_14' title="bbox 320 1528 1826 1605">
     <span class='ocr_line' id='line_1_14' title="bbox 320 1528 1826 1605; baseline 0.001 -20"><span class='ocrx_word' id='word_1_64' title='bbox 320 1530 511 1585; x_wconf 71' lang='grc' dir='ltr'>Ἀλλὰ</span> <span class='ocrx_word' id='word_1_65' title='bbox 561 1530 755 1585; x_wconf 84' lang='grc' dir='ltr'>καί-</span> <span class='ocrx_word' id='word_1_66' title='bbox 812 1528 943 1599; x_wconf 78' lang='grc' dir='ltr'><strong>ζῇν.</strong></span> <span class='ocrx_word' id='word_1_67' title='bbox 1009 1532 1279 1597; x_wconf 81' lang='grc' dir='ltr'>Γυναῖκές</span> <span class='ocrx_word' id='word_1_68' title='bbox 1329 1551 1473 1598; x_wconf 85' lang='grc' dir='ltr'>τινες</span> <span class='ocrx_word' id='word_1_69' title='bbox 1530 1535 1589 1602; x_wconf 78' lang='grc' dir='ltr'>ἐξ</span> <span class='ocrx_word' id='word_1_70' title='bbox 1644 1535 1826 1605; x_wconf 79' lang='grc' dir='ltr'>ἡμῶν,</span> 
     </span>
    </p>
   </div>
   <div class='ocr_carea' id='block_1_15' title="bbox 226 1623 1828 1695">
    <p class='ocr_par' dir='ltr' id='par_1_15' title="bbox 226 1623 1828 1695">
     <span class='ocr_line' id='line_1_15' title="bbox 226 1623 1828 1695; baseline 0.003 -20"><span class='ocrx_word' id='word_1_71' title='bbox 226 1623 396 1694; x_wconf 76' lang='grc' dir='ltr'>ῆγουν</span> <span class='ocrx_word' id='word_1_72' title='bbox 423 1624 715 1695; x_wconf 78' lang='grc' dir='ltr'>ἡμέτεραι,</span> <span class='ocrx_word' id='word_1_73' title='bbox 779 1623 915 1693; x_wconf 80' lang='grc' dir='ltr'><strong>ἢὼς</strong></span> <span class='ocrx_word' id='word_1_74' title='bbox 958 1624 1122 1694; x_wconf 76' lang='grc' dir='ltr'>ἡμεῖς</span> <span class='ocrx_word' id='word_1_75' title='bbox 1169 1626 1381 1681; x_wconf 88' lang='grc' dir='ltr'>πισταί.</span> <span class='ocrx_word' id='word_1_76' title='bbox 1414 1626 1582 1695; x_wconf 77' lang='grc' dir='ltr'>Λέγει</span> <span class='ocrx_word' id='word_1_77' title='bbox 1619 1626 1674 1679; x_wconf 84' lang='grc' dir='ltr'>δὲ</span> <span class='ocrx_word' id='word_1_78' title='bbox 1726 1627 1828 1691; x_wconf 79' lang='grc' dir='ltr'><strong>τὰς</strong></span> 
     </span>
    </p>
   </div>
   <div class='ocr_carea' id='block_1_16' title="bbox 228 1716 1825 1790">
    <p class='ocr_par' dir='ltr' id='par_1_16' title="bbox 228 1716 1825 1790">
     <span class='ocr_line' id='line_1_16' title="bbox 228 1716 1825 1790; baseline 0.004 -22"><span class='ocrx_word' id='word_1_79' title='bbox 228 1719 362 1787; x_wconf 76' lang='grc' dir='ltr'>περὶ</span> <span class='ocrx_word' id='word_1_80' title='bbox 382 1716 605 1787; x_wconf 77' lang='grc' dir='ltr'>Μαρίαν</span> <span class='ocrx_word' id='word_1_81' title='bbox 634 1720 733 1788; x_wconf 84' lang='grc' dir='ltr'><strong>τὴν</strong></span> <span class='ocrx_word' id='word_1_82' title='bbox 762 1716 1158 1789; x_wconf 81' lang='grc' dir='ltr'>Μαγδαληνήν.</span> <span class='ocrx_word' id='word_1_83' title='bbox 1194 1718 1532 1789; x_wconf 78' lang='grc' dir='ltr'>Ἐξέστησαν</span> <span class='ocrx_word' id='word_1_84' title='bbox 1559 1719 1618 1773; x_wconf 88' lang='grc' dir='ltr'><strong>δέ</strong></span> <span class='ocrx_word' id='word_1_85' title='bbox 1654 1720 1825 1790; x_wconf 75' lang='grc' dir='ltr'><strong>ἡμᾶς,</strong></span> 
     </span>
    </p>
   </div>
   <div class='ocr_carea' id='block_1_17' title="bbox 224 1809 1068 1881">
    <p class='ocr_par' dir='ltr' id='par_1_17' title="bbox 224 1809 1068 1881">
     <span class='ocr_line' id='line_1_17' title="bbox 224 1809 1068 1881; baseline 0.005 -20"><span class='ocrx_word' id='word_1_86' title='bbox 224 1809 301 1872; x_wconf 80' lang='grc' dir='ltr'><strong>ὡς</strong></span> <span class='ocrx_word' id='word_1_87' title='bbox 332 1809 542 1863; x_wconf 80' lang='grc' dir='ltr'><strong>ἄπιστα</strong></span> <span class='ocrx_word' id='word_1_88' title='bbox 573 1809 1068 1881; x_wconf 75' lang='grc' dir='ltr'>διισχυριζόμεναι.</span> 
     </span>
    </p>
   </div>
   <div class='ocr_carea' id='block_1_18' title="bbox 1938 706 2438 772">
    <p class='ocr_par' dir='ltr' id='par_1_18' title="bbox 1938 706 2438 772">
     <span class='ocr_line' id='line_1_18' title="bbox 1938 706 2438 772; baseline 0.002 -15"><span class='ocrx_word' id='word_1_89' title='bbox 1938 719 2091 772; x_wconf 87' lang='lat' dir='ltr'><strong>vero,</strong></span> <span class='ocrx_word' id='word_1_90' title='bbox 2134 706 2438 760; x_wconf 73' lang='lat' dir='ltr'><strong>doctrinas.</strong></span> 
     </span>
    </p>
   </div>
   <div class='ocr_carea' id='block_1_19' title="bbox 2012 794 3522 868">
    <p class='ocr_par' dir='ltr' id='par_1_19' title="bbox 2012 794 3522 868">
     <span class='ocr_line' id='line_1_19' title="bbox 2012 794 3522 868; baseline -0.001 -19"><span class='ocrx_word' id='word_1_91' title='bbox 2012 795 2166 853; x_wconf 82' lang='lat' dir='ltr'><strong>Vers.</strong></span> <span class='ocrx_word' id='word_1_92' title='bbox 2221 798 2312 853; x_wconf 70' lang='grc' dir='ltr'><strong>ΞΟ.</strong></span> <span class='ocrx_word' id='word_1_93' title='bbox 2341 795 2612 863; x_wconf 84' lang='lat' dir='ltr'><strong>Quomodo</strong></span> <span class='ocrx_word' id='word_1_94' title='bbox 2639 825 2708 835; x_wconf 82' lang='lat'><strong>—-</strong></span> <span class='ocrx_word' id='word_1_95' title='bbox 2736 812 2878 849; x_wconf 83' lang='lat' dir='ltr'><strong>eum.</strong></span> <span class='ocrx_word' id='word_1_96' title='bbox 2924 794 3036 850; x_wconf 91' lang='lat' dir='ltr'><strong>lloc</strong></span> <span class='ocrx_word' id='word_1_97' title='bbox 3064 796 3117 849; x_wconf 91' lang='lat' dir='ltr'><strong>in</strong></span> <span class='ocrx_word' id='word_1_98' title='bbox 3144 796 3265 850; x_wconf 87' lang='lat' dir='ltr'><strong>luco</strong></span> <span class='ocrx_word' id='word_1_99' title='bbox 3324 796 3522 868; x_wconf 74' lang='grc' dir='ltr'>κρῖμα,</span> 
     </span>
    </p>
   </div>
   <div class='ocr_carea' id='block_1_20' title="bbox 1929 890 3113 963">
    <p class='ocr_par' dir='ltr' id='par_1_20' title="bbox 1929 890 3113 963">
     <span class='ocr_line' id='line_1_20' title="bbox 1929 890 3113 963; baseline -0.004 -16"><span class='ocrx_word' id='word_1_100' title='bbox 1929 893 2219 961; x_wconf 78' lang='lat' dir='ltr'><strong>judicium,</strong></span> <span class='ocrx_word' id='word_1_101' title='bbox 2242 893 2460 962; x_wconf 90' lang='lat' dir='ltr'><strong>capitur</strong></span> <span class='ocrx_word' id='word_1_102' title='bbox 2490 907 2587 963; x_wconf 88' lang='lat' dir='ltr'><strong>pro</strong></span> <span class='ocrx_word' id='word_1_103' title='bbox 2619 890 3113 945; x_wconf 87' lang='lat' dir='ltr'><strong>Condemnatione.</strong></span> 
     </span>
    </p>
   </div>
   <div class='ocr_carea' id='block_1_21' title="bbox 2007 965 3526 1053">
    <p class='ocr_par' dir='ltr' id='par_1_21' title="bbox 2007 965 3526 1053">
     <span class='ocr_line' id='line_1_21' title="bbox 2007 965 3526 1053; baseline -0.001 -13"><span class='ocrx_word' id='word_1_104' title='bbox 2007 985 2163 1040; x_wconf 82' lang='lat' dir='ltr'><strong>Vers.</strong></span> <span class='ocrx_word' id='word_1_105' title='bbox 2194 985 2283 1039; x_wconf 76' lang='lat'><strong>2|.</strong></span> <span class='ocrx_word' id='word_1_106' title='bbox 2320 984 2430 1039; x_wconf 74' lang='lat' dir='ltr'><strong>Nos</strong></span> <span class='ocrx_word' id='word_1_107' title='bbox 2455 1015 2522 1025; x_wconf 58' lang='grc' dir='ltr'><strong>-κ</strong></span> <span class='ocrx_word' id='word_1_108' title='bbox 2550 982 2744 1038; x_wconf 80' lang='lat' dir='ltr'><strong>Israel.</strong></span> <span class='ocrx_word' id='word_1_109' title='bbox 2772 965 3163 1053; x_wconf 26' lang='lat' dir='ltr'><strong>Sperabamus‘,</strong></span> <span class='ocrx_word' id='word_1_110' title='bbox 3223 984 3369 1052; x_wconf 86' lang='lat' dir='ltr'><strong>quod</strong></span> <span class='ocrx_word' id='word_1_111' title='bbox 3406 984 3526 1052; x_wconf 87' lang='lat' dir='ltr'><strong>ipse</strong></span> 
     </span>
    </p>
   </div>
   <div class='ocr_carea' id='block_1_22' title="bbox 1934 1076 3525 1147">
    <p class='ocr_par' dir='ltr' id='par_1_22' title="bbox 1934 1076 3525 1147">
     <span class='ocr_line' id='line_1_22' title="bbox 1934 1076 3525 1147; baseline -0.001 -16"><span class='ocrx_word' id='word_1_112' title='bbox 1934 1085 2081 1131; x_wconf 84' lang='lat' dir='ltr'><strong>esset</strong></span> <span class='ocrx_word' id='word_1_113' title='bbox 2158 1079 2473 1147; x_wconf 71' lang='lat' dir='ltr'><strong>redemptor</strong></span> <span class='ocrx_word' id='word_1_114' title='bbox 2518 1092 2702 1131; x_wconf 83' lang='lat' dir='ltr'><strong>noster</strong></span> <span class='ocrx_word' id='word_1_115' title='bbox 2734 1077 2826 1147; x_wconf 78' lang='lat' dir='ltr'><strong>qui</strong></span> <span class='ocrx_word' id='word_1_116' title='bbox 2888 1076 3186 1145; x_wconf 68' lang='lat' dir='ltr'><strong>Scripturis</strong></span> <span class='ocrx_word' id='word_1_117' title='bbox 3230 1078 3525 1129; x_wconf 82' lang='lat' dir='ltr'><strong>annuntia-</strong></span> 
     </span>
    </p>
   </div>
   <div class='ocr_carea' id='block_1_23' title="bbox 1936 1168 2783 1225">
    <p class='ocr_par' dir='ltr' id='par_1_23' title="bbox 1936 1168 2783 1225">
     <span class='ocr_line' id='line_1_23' title="bbox 1936 1168 2783 1225; baseline -0.011 0"><span class='ocrx_word' id='word_1_118' title='bbox 1936 1171 2119 1225; x_wconf 89' lang='lat' dir='ltr'><strong>batur.</strong></span> <span class='ocrx_word' id='word_1_119' title='bbox 2764 1168 2783 1182; x_wconf 93' lang='lat'><em>’</em></span> 
     </span>
    </p>
   </div>
   <div class='ocr_carea' id='block_1_24' title="bbox 2004 1339 3528 1413">
    <p class='ocr_par' dir='ltr' id='par_1_24' title="bbox 2004 1339 3528 1413">
     <span class='ocr_line' id='line_1_24' title="bbox 2004 1339 3528 1413; baseline -0.005 -14"><span class='ocrx_word' id='word_1_120' title='bbox 2004 1344 2158 1400; x_wconf 81' lang='lat' dir='ltr'><strong>Vcrs.</strong></span> <span class='ocrx_word' id='word_1_121' title='bbox 2190 1344 2281 1398; x_wconf 69' lang='grc'><strong>21.</strong></span> <span class='ocrx_word' id='word_1_122' title='bbox 2316 1345 2473 1413; x_wconf 77' lang='lat' dir='ltr'><strong>Atqui</strong></span> <span class='ocrx_word' id='word_1_123' title='bbox 2504 1343 2732 1410; x_wconf 51' lang='grc' dir='ltr'>ἐείσατο</span> <span class='ocrx_word' id='word_1_124' title='bbox 2768 1342 3129 1397; x_wconf 61' lang='lat' dir='ltr'><strong>sunt—Cum</strong></span> <span class='ocrx_word' id='word_1_125' title='bbox 3165 1341 3244 1393; x_wconf 83' lang='lat' dir='ltr'><strong>his</strong></span> <span class='ocrx_word' id='word_1_126' title='bbox 3271 1339 3528 1403; x_wconf 80' lang='lat' dir='ltr'><strong>omnibus,</strong></span> 
     </span>
    </p>
   </div>
   <div class='ocr_carea' id='block_1_25' title="bbox 1933 1435 2815 1502">
    <p class='ocr_par' dir='ltr' id='par_1_25' title="bbox 1933 1435 2815 1502">
     <span class='ocr_line' id='line_1_25' title="bbox 1933 1435 2815 1502; baseline -0.005 -11"><span class='ocrx_word' id='word_1_127' title='bbox 1933 1438 2041 1492; x_wconf 83' lang='lat' dir='ltr'><strong>hoc</strong></span> <span class='ocrx_word' id='word_1_128' title='bbox 2067 1446 2174 1502; x_wconf 84' lang='lat' dir='ltr'><strong>est,</strong></span> <span class='ocrx_word' id='word_1_129' title='bbox 2206 1435 2367 1491; x_wconf 79' lang='lat' dir='ltr'><strong>factis</strong></span> <span class='ocrx_word' id='word_1_130' title='bbox 2410 1436 2498 1490; x_wconf 82' lang='lat' dir='ltr'><strong>bis</strong></span> <span class='ocrx_word' id='word_1_131' title='bbox 2537 1435 2815 1489; x_wconf 88' lang='lat' dir='ltr'><strong>omnibus.</strong></span> 
     </span>
    </p>
   </div>
   <div class='ocr_carea' id='block_1_26' title="bbox 2011 1522 3530 1607">
    <p class='ocr_par' dir='ltr' id='par_1_26' title="bbox 2011 1522 3530 1607">
     <span class='ocr_line' id='line_1_26' title="bbox 2011 1522 3530 1607; baseline -0.003 -27"><span class='ocrx_word' id='word_1_132' title='bbox 2011 1529 2165 1585; x_wconf 83' lang='lat' dir='ltr'><strong>Vers.</strong></span> <span class='ocrx_word' id='word_1_133' title='bbox 2206 1528 2300 1582; x_wconf 68' lang='lat'><strong>22.</strong></span> <span class='ocrx_word' id='word_1_134' title='bbox 2368 1528 2471 1583; x_wconf 86' lang='lat' dir='ltr'><strong>Sed</strong></span> <span class='ocrx_word' id='word_1_135' title='bbox 2503 1540 2623 1583; x_wconf 87' lang='lat' dir='ltr'><strong>et—</strong></span> <span class='ocrx_word' id='word_1_136' title='bbox 2654 1528 2811 1584; x_wconf 81' lang='lat' dir='ltr'><strong>Vers.</strong></span> <span class='ocrx_word' id='word_1_137' title='bbox 2866 1526 2959 1581; x_wconf 78' lang='lat'><strong>2&#39;5.</strong></span> <span class='ocrx_word' id='word_1_138' title='bbox 3033 1527 3221 1579; x_wconf 71' lang='lat' dir='ltr'><strong>vivere.</strong></span> <span class='ocrx_word' id='word_1_139' title='bbox 3275 1522 3530 1607; x_wconf 78' lang='lat' dir='ltr'><strong>Mulieres</strong></span> 
     </span>
    </p>
   </div>
   <div class='ocr_carea' id='block_1_27' title="bbox 1931 1616 3530 1692">
    <p class='ocr_par' dir='ltr' id='par_1_27' title="bbox 1931 1616 3530 1692">
     <span class='ocr_line' id='line_1_27' title="bbox 1931 1616 3530 1692; baseline -0.004 -16"><span class='ocrx_word' id='word_1_140' title='bbox 1931 1621 2179 1692; x_wconf 58' lang='lat' dir='ltr'><strong>quaedam</strong></span> <span class='ocrx_word' id='word_1_141' title='bbox 2220 1637 2287 1675; x_wconf 78' lang='lat' dir='ltr'><strong>ex</strong></span> <span class='ocrx_word' id='word_1_142' title='bbox 2322 1621 2501 1685; x_wconf 87' lang='lat' dir='ltr'><strong>nobis,</strong></span> <span class='ocrx_word' id='word_1_143' title='bbox 2535 1621 2652 1675; x_wconf 85' lang='lat' dir='ltr'><strong>sive</strong></span> <span class='ocrx_word' id='word_1_144' title='bbox 2705 1628 2926 1685; x_wconf 57' lang='lat' dir='ltr'><strong>nostra},</strong></span> <span class='ocrx_word' id='word_1_145' title='bbox 2977 1626 3071 1672; x_wconf 89' lang='lat' dir='ltr'><strong>aut</strong></span> <span class='ocrx_word' id='word_1_146' title='bbox 3113 1616 3326 1679; x_wconf 82' lang='lat' dir='ltr'><strong>ﬁdeles.</strong></span> <span class='ocrx_word' id='word_1_147' title='bbox 3389 1616 3530 1670; x_wconf 77' lang='lat' dir='ltr'><strong>sient</strong></span> 
     </span>
    </p>
   </div>
   <div class='ocr_carea' id='block_1_28' title="bbox 1930 1709 3529 1783">
    <p class='ocr_par' dir='ltr' id='par_1_28' title="bbox 1930 1709 3529 1783">
     <span class='ocr_line' id='line_1_28' title="bbox 1930 1709 3529 1783; baseline -0.004 -15"><span class='ocrx_word' id='word_1_148' title='bbox 1930 1723 1987 1768; x_wconf 91' lang='lat' dir='ltr'><strong>et</strong></span> <span class='ocrx_word' id='word_1_149' title='bbox 2018 1729 2138 1768; x_wconf 90' lang='lat' dir='ltr'><strong>nos.</strong></span> <span class='ocrx_word' id='word_1_150' title='bbox 2160 1714 2303 1767; x_wconf 82' lang='lat' dir='ltr'><strong>Dicit</strong></span> <span class='ocrx_word' id='word_1_151' title='bbox 2323 1725 2505 1769; x_wconf 87' lang='lat' dir='ltr'><strong>autem</strong></span> <span class='ocrx_word' id='word_1_152' title='bbox 2537 1713 2677 1780; x_wconf 87' lang='lat' dir='ltr'><strong>illas,</strong></span> <span class='ocrx_word' id='word_1_153' title='bbox 2707 1729 2826 1783; x_wconf 65' lang='lat' dir='ltr'><strong>qum</strong></span> <span class='ocrx_word' id='word_1_154' title='bbox 2853 1727 2977 1767; x_wconf 91' lang='lat' dir='ltr'><strong>cum</strong></span> <span class='ocrx_word' id='word_1_155' title='bbox 3013 1709 3181 1765; x_wconf 77' lang='lat' dir='ltr'><strong>Maria</strong></span> <span class='ocrx_word' id='word_1_156' title='bbox 3209 1709 3529 1780; x_wconf 84' lang='lat' dir='ltr'><strong>Magdalene</strong></span> 
     </span>
    </p>
   </div>
   <div class='ocr_carea' id='block_1_29' title="bbox 1929 1803 3530 1877">
    <p class='ocr_par' dir='ltr' id='par_1_29' title="bbox 1929 1803 3530 1877">
     <span class='ocr_line' id='line_1_29' title="bbox 1929 1803 3530 1877; baseline -0.004 -16"><span class='ocrx_word' id='word_1_157' title='bbox 1929 1818 2108 1871; x_wconf 88' lang='lat' dir='ltr'><strong>erant,</strong></span> <span class='ocrx_word' id='word_1_158' title='bbox 2141 1815 2197 1861; x_wconf 82' lang='lat' dir='ltr'><strong>et</strong></span> <span class='ocrx_word' id='word_1_159' title='bbox 2222 1807 2398 1877; x_wconf 85' lang='lat' dir='ltr'><strong>ipsam</strong></span> <span class='ocrx_word' id='word_1_160' title='bbox 2442 1806 2821 1876; x_wconf 54' lang='lat' dir='ltr'><strong>Mog-lalenen.</strong></span> <span class='ocrx_word' id='word_1_161' title='bbox 2853 1804 3154 1869; x_wconf 86' lang='lat' dir='ltr'><strong>Attonitos,</strong></span> <span class='ocrx_word' id='word_1_162' title='bbox 3190 1803 3390 1873; x_wconf 84' lang='lat' dir='ltr'><strong>inquit,</strong></span> <span class='ocrx_word' id='word_1_163' title='bbox 3428 1818 3530 1856; x_wconf 82' lang='lat' dir='ltr'><strong>nos</strong></span> 
     </span>
    </p>
   </div>
   <div class='ocr_carea' id='block_1_30' title="bbox 1930 1898 3335 1967">
    <p class='ocr_par' dir='ltr' id='par_1_30' title="bbox 1930 1898 3335 1967">
     <span class='ocr_line' id='line_1_30' title="bbox 1930 1898 3335 1967; baseline -0.004 -14"><span class='ocrx_word' id='word_1_164' title='bbox 1930 1900 2311 1964; x_wconf 82' lang='lat' dir='ltr'><strong>reddiderunt,</strong></span> <span class='ocrx_word' id='word_1_165' title='bbox 2337 1905 2525 1967; x_wconf 86' lang='lat' dir='ltr'><strong>utpote</strong></span> <span class='ocrx_word' id='word_1_166' title='bbox 2546 1898 2888 1953; x_wconf 84' lang='lat' dir='ltr'><strong>incredibilia</strong></span> <span class='ocrx_word' id='word_1_167' title='bbox 2925 1906 3335 1951; x_wconf 70' lang='lat' dir='ltr'><strong>asseverantes.</strong></span> 
     </span>
    </p>
   </div>
   <div class='ocr_carea' id='block_1_31' title="bbox 299 1963 1816 2061">
    <p class='ocr_par' dir='ltr' id='par_1_31' title="bbox 299 1989 1816 2061">
     <span class='ocr_line' id='line_1_31' title="bbox 299 1989 1816 2061; baseline 0 -16"><span class='ocrx_word' id='word_1_168' title='bbox 299 1992 409 2045; x_wconf 88' lang='lat' dir='ltr'><strong>Kal</strong></span> <span class='ocrx_word' id='word_1_169' title='bbox 464 2020 535 2030; x_wconf 94' lang='lat'><strong><em>—</em></strong></span> <span class='ocrx_word' id='word_1_170' title='bbox 585 1990 905 2060; x_wconf 78' lang='grc' dir='ltr'>μνημεῖον.</span> <span class='ocrx_word' id='word_1_171' title='bbox 967 1989 1176 2061; x_wconf 84' lang='grc' dir='ltr'><strong>Πέτρος</strong></span> <span class='ocrx_word' id='word_1_172' title='bbox 1235 1991 1328 2045; x_wconf 75' lang='grc' dir='ltr'><strong>καὶ</strong></span> <span class='ocrx_word' id='word_1_173' title='bbox 1402 1990 1683 2061; x_wconf 66' lang='grc' dir='ltr'>Ἰωάννης,</span> <span class='ocrx_word' id='word_1_174' title='bbox 1749 1994 1816 2055; x_wconf 77' lang='grc' dir='ltr'><strong>ὡς</strong></span> 
     </span>
    </p>
   </div>
   <div class='ocr_carea' id='block_1_32' title="bbox 1959 1963 3529 2061">
    <p class='ocr_par' dir='ltr' id='par_1_32' title="bbox 2002 1987 3529 2047">
     <span class='ocr_line' id='line_1_32' title="bbox 2002 1987 3529 2047; baseline -0.003 0"><span class='ocrx_word' id='word_1_175' title='bbox 2002 1993 2155 2047; x_wconf 85' lang='lat' dir='ltr'><strong>Vers.</strong></span> <span class='ocrx_word' id='word_1_176' title='bbox 2184 1993 2276 2047; x_wconf 71' lang='lat'><strong>‘24.</strong></span> <span class='ocrx_word' id='word_1_177' title='bbox 2313 1991 2379 2045; x_wconf 85' lang='lat' dir='ltr'><strong>Et</strong></span> <span class='ocrx_word' id='word_1_178' title='bbox 2408 2024 2475 2034; x_wconf 75' lang='grc' dir='ltr'>-ι</span> <span class='ocrx_word' id='word_1_179' title='bbox 2515 2000 2935 2046; x_wconf 76' lang='lat' dir='ltr'><strong>monumentum.</strong></span> <span class='ocrx_word' id='word_1_180' title='bbox 2966 1990 3165 2044; x_wconf 83' lang='lat' dir='ltr'><strong>Petrus</strong></span> <span class='ocrx_word' id='word_1_181' title='bbox 3197 1987 3451 2043; x_wconf 72' lang='lat' dir='ltr'><strong>videlicet</strong></span> <span class='ocrx_word' id='word_1_182' title='bbox 3477 1998 3529 2042; x_wconf 88' lang='lat' dir='ltr'><strong>et</strong></span> 
     </span>
    </p>
   </div>
   <div class='ocr_carea' id='block_1_33' title="bbox 226 2082 675 2152">
    <p class='ocr_par' dir='ltr' id='par_1_33' title="bbox 226 2082 675 2152">
     <span class='ocr_line' id='line_1_33' title="bbox 226 2082 675 2152; baseline 0.002 -19"><span class='ocrx_word' id='word_1_183' title='bbox 226 2082 675 2152; x_wconf 71' lang='grc' dir='ltr'><strong>προειρήκαμεν.</strong></span> 
     </span>
    </p>
   </div>
   <div class='ocr_carea' id='block_1_34' title="bbox 296 2153 1823 2247">
    <p class='ocr_par' dir='ltr' id='par_1_34' title="bbox 296 2153 1823 2247">
     <span class='ocr_line' id='line_1_34' title="bbox 296 2153 1823 2247; baseline 0.001 -20"><span class='ocrx_word' id='word_1_184' title='bbox 296 2169 741 2227; x_wconf 76' lang='grc' dir='ltr'>Καί-είὸον.-</span> <span class='ocrx_word' id='word_1_185' title='bbox 779 2153 981 2239; x_wconf 65' lang='grc' dir='ltr'>Ε’ὗρον</span> <span class='ocrx_word' id='word_1_186' title='bbox 1007 2171 1181 2237; x_wconf 83' lang='grc' dir='ltr'>οὕτω,</span> <span class='ocrx_word' id='word_1_187' title='bbox 1210 2172 1506 2239; x_wconf 76' lang='grc' dir='ltr'>τουτέστιν,</span> <span class='ocrx_word' id='word_1_188' title='bbox 1525 2174 1637 2244; x_wconf 75' lang='grc' dir='ltr'><strong>Οὐχ</strong></span> <span class='ocrx_word' id='word_1_189' title='bbox 1665 2170 1823 2247; x_wconf 76' lang='grc' dir='ltr'>εὗρον</span> 
     </span>
    </p>
   </div>
   <div class='ocr_carea' id='block_1_35' title="bbox 224 2262 698 2334">
    <p class='ocr_par' dir='ltr' id='par_1_35' title="bbox 224 2262 698 2334">
     <span class='ocr_line' id='line_1_35' title="bbox 224 2262 698 2334; baseline 0 -16"><span class='ocrx_word' id='word_1_190' title='bbox 224 2266 283 2318; x_wconf 66' lang='grc' dir='ltr'>τὸ</span> <span class='ocrx_word' id='word_1_191' title='bbox 313 2266 476 2334; x_wconf 84' lang='grc' dir='ltr'>σῶμα</span> <span class='ocrx_word' id='word_1_192' title='bbox 506 2262 698 2318; x_wconf 83' lang='grc' dir='ltr'>αὑτοῦ.</span> 
     </span>
    </p>
   </div>
   <div class='ocr_carea' id='block_1_36' title="bbox 290 2354 1821 2431">
    <p class='ocr_par' dir='ltr' id='par_1_36' title="bbox 290 2354 1821 2431">
     <span class='ocr_line' id='line_1_36' title="bbox 290 2354 1821 2431; baseline 0.003 -22"><span class='ocrx_word' id='word_1_193' title='bbox 290 2355 403 2410; x_wconf 83' lang='lat' dir='ltr'><strong>Kal</strong></span> <span class='ocrx_word' id='word_1_194' title='bbox 450 2384 520 2395; x_wconf 89' lang='lat'><strong><em>—</em></strong></span> <span class='ocrx_word' id='word_1_195' title='bbox 583 2354 906 2425; x_wconf 73' lang='grc' dir='ltr'>προφῆται.</span> <span class='ocrx_word' id='word_1_196' title='bbox 974 2355 1265 2427; x_wconf 82' lang='grc' dir='ltr'>Ἀνοήτους</span> <span class='ocrx_word' id='word_1_197' title='bbox 1314 2356 1413 2427; x_wconf 84' lang='grc' dir='ltr'>μὲν</span> <span class='ocrx_word' id='word_1_198' title='bbox 1458 2356 1656 2421; x_wconf 81' lang='grc' dir='ltr'>αὐτοὺς</span> <span class='ocrx_word' id='word_1_199' title='bbox 1705 2358 1821 2431; x_wconf 86' lang='grc'><strong>(89)</strong></span> 
     </span>
    </p>
   </div>
   <div class='ocr_carea' id='block_1_37' title="bbox 231 2444 1817 2517">
    <p class='ocr_par' dir='ltr' id='par_1_37' title="bbox 231 2444 1817 2517">
     <span class='ocr_line' id='line_1_37' title="bbox 231 2444 1817 2517; baseline 0.003 -19"><span class='ocrx_word' id='word_1_200' title='bbox 231 2444 486 2513; x_wconf 82' lang='grc' dir='ltr'>ὠνόμασε</span> <span class='ocrx_word' id='word_1_201' title='bbox 511 2486 527 2511; x_wconf 82' lang='grc'><em>,</em></span> <span class='ocrx_word' id='word_1_202' title='bbox 563 2444 848 2517; x_wconf 80' lang='grc' dir='ltr'>διεγείρων</span> <span class='ocrx_word' id='word_1_203' title='bbox 882 2446 1067 2517; x_wconf 76' lang='grc' dir='ltr'>ἠρέμα</span> <span class='ocrx_word' id='word_1_204' title='bbox 1104 2448 1241 2517; x_wconf 81' lang='grc' dir='ltr'>πρὸς</span> <span class='ocrx_word' id='word_1_205' title='bbox 1277 2448 1577 2516; x_wconf 80' lang='grc' dir='ltr'>ἐπίγνωσιν</span> <span class='ocrx_word' id='word_1_206' title='bbox 1607 2449 1775 2503; x_wconf 83' lang='grc' dir='ltr'>αὐτοῦ</span> <span class='ocrx_word' id='word_1_207' title='bbox 1803 2466 1817 2481; x_wconf 76' lang='grc'><strong><em>⁸</em></strong></span> 
     </span>
    </p>
   </div>
   <div class='ocr_carea' id='block_1_38' title="bbox 230 2535 1821 2609">
    <p class='ocr_par' dir='ltr' id='par_1_38' title="bbox 230 2535 1821 2609">
     <span class='ocr_line' id='line_1_38' title="bbox 230 2535 1821 2609; baseline 0.003 -19"><span class='ocrx_word' id='word_1_208' title='bbox 230 2535 449 2606; x_wconf 83' lang='grc' dir='ltr'><strong>βραδεῖς</strong></span> <span class='ocrx_word' id='word_1_209' title='bbox 489 2538 545 2591; x_wconf 83' lang='grc' dir='ltr'><strong>δέ</strong></span> <span class='ocrx_word' id='word_1_210' title='bbox 580 2541 646 2609; x_wconf 77' lang='grc' dir='ltr'><strong>τῇ</strong></span> <span class='ocrx_word' id='word_1_211' title='bbox 680 2536 879 2608; x_wconf 80' lang='grc' dir='ltr'>καρδίᾳ</span> <span class='ocrx_word' id='word_1_212' title='bbox 901 2579 916 2603; x_wconf 85' lang='grc'><em>,</em></span> <span class='ocrx_word' id='word_1_213' title='bbox 950 2538 1025 2601; x_wconf 83' lang='grc' dir='ltr'>ὡς</span> <span class='ocrx_word' id='word_1_214' title='bbox 1054 2537 1300 2608; x_wconf 80' lang='grc' dir='ltr'>νωθροὺς</span> <span class='ocrx_word' id='word_1_215' title='bbox 1337 2541 1418 2600; x_wconf 84' lang='grc' dir='ltr'><strong>είς</strong></span> <span class='ocrx_word' id='word_1_216' title='bbox 1448 2540 1509 2591; x_wconf 75' lang='grc' dir='ltr'>τὸ</span> <span class='ocrx_word' id='word_1_217' title='bbox 1539 2540 1821 2595; x_wconf 78' lang='grc' dir='ltr'>πιστεύειν</span> 
     </span>
    </p>
   </div>
   <div class='ocr_carea' id='block_1_39' title="bbox 226 2622 1823 2703">
    <p class='ocr_par' dir='ltr' id='par_1_39' title="bbox 226 2622 1823 2703">
     <span class='ocr_line' id='line_1_39' title="bbox 226 2622 1823 2703; baseline 0.006 -26"><span class='ocrx_word' id='word_1_218' title='bbox 226 2628 323 2679; x_wconf 79' lang='grc' dir='ltr'><strong>ἐπὶ</strong></span> <span class='ocrx_word' id='word_1_219' title='bbox 350 2628 539 2694; x_wconf 82' lang='grc' dir='ltr'>πᾶσιν,</span> <span class='ocrx_word' id='word_1_220' title='bbox 561 2622 642 2692; x_wconf 83' lang='grc' dir='ltr'><strong>οἷς</strong></span> <span class='ocrx_word' id='word_1_221' title='bbox 669 2628 937 2700; x_wconf 75' lang='grc' dir='ltr'>ἐλάλησαν</span> <span class='ocrx_word' id='word_1_222' title='bbox 969 2631 1016 2683; x_wconf 88' lang='lat' dir='ltr'><strong>oi</strong></span> <span class='ocrx_word' id='word_1_223' title='bbox 1054 2631 1331 2701; x_wconf 84' lang='grc' dir='ltr'>προφῆται</span> <span class='ocrx_word' id='word_1_224' title='bbox 1361 2631 1490 2703; x_wconf 87' lang='grc' dir='ltr'>περί</span> <span class='ocrx_word' id='word_1_225' title='bbox 1519 2649 1579 2685; x_wconf 84' lang='grc' dir='ltr'><strong>τε</strong></span> <span class='ocrx_word' id='word_1_226' title='bbox 1605 2633 1700 2687; x_wconf 81' lang='grc' dir='ltr'>τοῦ</span> <span class='ocrx_word' id='word_1_227' title='bbox 1725 2632 1823 2686; x_wconf 81' lang='grc' dir='ltr'><strong>Θα-</strong></span> 
     </span>
    </p>
   </div>
   <div class='ocr_carea' id='block_1_40' title="bbox 230 2718 1211 2790">
    <p class='ocr_par' dir='ltr' id='par_1_40' title="bbox 230 2718 1211 2790">
     <span class='ocr_line' id='line_1_40' title="bbox 230 2718 1211 2790; baseline 0.006 -20"><span class='ocrx_word' id='word_1_228' title='bbox 230 2718 392 2771; x_wconf 84' lang='grc' dir='ltr'>νάτου</span> <span class='ocrx_word' id='word_1_229' title='bbox 417 2720 627 2790; x_wconf 76' lang='grc' dir='ltr'>καὶτῆς</span> <span class='ocrx_word' id='word_1_230' title='bbox 649 2722 1000 2785; x_wconf 82' lang='grc' dir='ltr'>ἀναστάσεως</span> <span class='ocrx_word' id='word_1_231' title='bbox 1023 2722 1211 2776; x_wconf 80' lang='grc' dir='ltr'>αὐτοῦ.</span> 
     </span>
    </p>
   </div>
   <div class='ocr_carea' id='block_1_41' title="bbox 298 2811 1815 2887">
    <p class='ocr_par' dir='ltr' id='par_1_41' title="bbox 298 2811 1815 2887">
     <span class='ocr_line' id='line_1_41' title="bbox 298 2811 1815 2887; baseline 0.007 -25"><span class='ocrx_word' id='word_1_232' title='bbox 298 2811 447 2880; x_wconf 83' lang='grc' dir='ltr'><strong>Οὐχί</strong></span> <span class='ocrx_word' id='word_1_233' title='bbox 473 2840 548 2852; x_wconf 91' lang='grc'><strong>-</strong></span> <span class='ocrx_word' id='word_1_234' title='bbox 568 2811 757 2866; x_wconf 83' lang='grc' dir='ltr'>αὑτοῦ</span> <span class='ocrx_word' id='word_1_235' title='bbox 780 2827 799 2876; x_wconf 89' lang='grc'><strong><em>;</em></strong></span> <span class='ocrx_word' id='word_1_236' title='bbox 825 2813 1036 2878; x_wconf 83' lang='grc' dir='ltr'>Ταῦτα,</span> <span class='ocrx_word' id='word_1_237' title='bbox 1063 2812 1099 2867; x_wconf 78' lang='grc' dir='ltr'>ἃ</span> <span class='ocrx_word' id='word_1_238' title='bbox 1127 2812 1403 2884; x_wconf 76' lang='grc' dir='ltr'>ἐλάλησαν</span> <span class='ocrx_word' id='word_1_239' title='bbox 1432 2814 1480 2867; x_wconf 73' lang='grc' dir='ltr'>οἱ</span> <span class='ocrx_word' id='word_1_240' title='bbox 1511 2816 1815 2887; x_wconf 75' lang='grc' dir='ltr'>προφῆται.</span> 
     </span>
    </p>
   </div>
   <div class='ocr_carea' id='block_1_42' title="bbox 231 2902 1818 2980">
    <p class='ocr_par' dir='ltr' id='par_1_42' title="bbox 231 2902 1818 2980">
     <span class='ocr_line' id='line_1_42' title="bbox 231 2902 1818 2980; baseline 0.003 -22"><span class='ocrx_word' id='word_1_241' title='bbox 231 2902 403 2968; x_wconf 67' lang='grc' dir='ltr'>Δέξαν</span> <span class='ocrx_word' id='word_1_242' title='bbox 430 2902 487 2955; x_wconf 86' lang='grc' dir='ltr'><strong>δέ</strong></span> <span class='ocrx_word' id='word_1_243' title='bbox 518 2903 708 2970; x_wconf 82' lang='grc' dir='ltr'>αὐτοῦ,</span> <span class='ocrx_word' id='word_1_244' title='bbox 733 2905 835 2975; x_wconf 77' lang='grc' dir='ltr'><strong>τὴν</strong></span> <span class='ocrx_word' id='word_1_245' title='bbox 860 2905 957 2976; x_wconf 85' lang='grc' dir='ltr'>τῆς</span> <span class='ocrx_word' id='word_1_246' title='bbox 988 2905 1267 2977; x_wconf 82' lang='grc' dir='ltr'>Θεότητος.</span> <span class='ocrx_word' id='word_1_247' title='bbox 1292 2907 1429 2961; x_wconf 83' lang='grc' dir='ltr'>Κατ’</span> <span class='ocrx_word' id='word_1_248' title='bbox 1458 2908 1736 2980; x_wconf 80' lang='grc' dir='ltr'>ἐρώτησιν</span> <span class='ocrx_word' id='word_1_249' title='bbox 1760 2908 1818 2963; x_wconf 82' lang='grc' dir='ltr'>δὲ</span> 
     </span>
    </p>
   </div>
   <div class='ocr_carea' id='block_1_43' title="bbox 279 3011 457 3063">
    <p class='ocr_par' dir='ltr' id='par_1_43' title="bbox 279 3011 457 3063">
     <span class='ocr_line' id='line_1_43' title="bbox 279 3011 457 3063; baseline 0.011 -16"><span class='ocrx_word' id='word_1_250' title='bbox 279 3011 457 3063; x_wconf 71' lang='grc' dir='ltr'>Λογος.</span> 
     </span>
    </p>
   </div>
   <div class='ocr_carea' id='block_1_44' title="bbox 293 3175 1815 3250">
    <p class='ocr_par' dir='ltr' id='par_1_44' title="bbox 293 3175 1815 3250">
     <span class='ocr_line' id='line_1_44' title="bbox 293 3175 1815 3250; baseline 0.004 -21"><span class='ocrx_word' id='word_1_251' title='bbox 293 3175 407 3230; x_wconf 82' lang='lat' dir='ltr'><strong>Kal</strong></span> <span class='ocrx_word' id='word_1_252' title='bbox 439 3206 512 3218; x_wconf 89' lang='lat'><strong><em>—</em></strong></span> <span class='ocrx_word' id='word_1_253' title='bbox 540 3175 780 3232; x_wconf 78' lang='grc' dir='ltr'>ἑαυτοῦ.</span> <span class='ocrx_word' id='word_1_254' title='bbox 842 3176 975 3232; x_wconf 82' lang='grc' dir='ltr'>’Δπδ</span> <span class='ocrx_word' id='word_1_255' title='bbox 1008 3178 1321 3244; x_wconf 80' lang='grc' dir='ltr'>Μωῦσέως,</span> <span class='ocrx_word' id='word_1_256' title='bbox 1364 3181 1533 3250; x_wconf 70' lang='grc' dir='ltr'>ἦγουν</span> <span class='ocrx_word' id='word_1_257' title='bbox 1563 3181 1671 3234; x_wconf 84' lang='grc' dir='ltr'><strong>ἀπὸ</strong></span> <span class='ocrx_word' id='word_1_258' title='bbox 1706 3182 1815 3235; x_wconf 86' lang='grc' dir='ltr'>τῶν</span> 
     </span>
    </p>
   </div>
   <div class='ocr_carea' id='block_1_45' title="bbox 230 3267 793 3342">
    <p class='ocr_par' dir='ltr' id='par_1_45' title="bbox 230 3267 793 3342">
     <span class='ocr_line' id='line_1_45' title="bbox 230 3267 793 3342; baseline 0.007 -20"><span class='ocrx_word' id='word_1_259' title='bbox 230 3267 542 3322; x_wconf 78' lang='grc' dir='ltr'>Μωσαῖκῶν</span> <span class='ocrx_word' id='word_1_260' title='bbox 572 3270 793 3342; x_wconf 73' lang='grc' dir='ltr'>βίϐλων.</span> 
     </span>
    </p>
   </div>
   <div class='ocr_carea' id='block_1_46' title="bbox 294 3361 1506 3434">
    <p class='ocr_par' dir='ltr' id='par_1_46' title="bbox 294 3361 1506 3434">
     <span class='ocr_line' id='line_1_46' title="bbox 294 3361 1506 3434; baseline 0.004 -21"><span class='ocrx_word' id='word_1_261' title='bbox 294 3361 401 3414; x_wconf 85' lang='lat' dir='ltr'><strong>Kal</strong></span> <span class='ocrx_word' id='word_1_262' title='bbox 432 3389 499 3400; x_wconf 92' lang='lat'><strong>—</strong></span> <span class='ocrx_word' id='word_1_263' title='bbox 527 3361 912 3430; x_wconf 71' lang='grc' dir='ltr'>ἐπορεύοντο.</span> <span class='ocrx_word' id='word_1_264' title='bbox 947 3361 1130 3415; x_wconf 86' lang='grc' dir='ltr'>Ὅπου</span> <span class='ocrx_word' id='word_1_265' title='bbox 1160 3363 1506 3434; x_wconf 85' lang='grc' dir='ltr'>ἐπορεύοντο.</span> 
     </span>
    </p>
   </div>
   <div class='ocr_carea' id='block_1_47' title="bbox 291 3453 1819 3533">
    <p class='ocr_par' dir='ltr' id='par_1_47' title="bbox 291 3453 1819 3533">
     <span class='ocr_line' id='line_1_47' title="bbox 291 3453 1819 3533; baseline 0.005 -27"><span class='ocrx_word' id='word_1_266' title='bbox 291 3453 511 3507; x_wconf 82' lang='grc' dir='ltr'>Καί-</span> <span class='ocrx_word' id='word_1_267' title='bbox 548 3455 931 3521; x_wconf 80' lang='grc' dir='ltr'>πορεύεσθαι.</span> <span class='ocrx_word' id='word_1_268' title='bbox 996 3455 1431 3526; x_wconf 74' lang='grc' dir='ltr'>Ἐσχηματίζετο</span> <span class='ocrx_word' id='word_1_269' title='bbox 1479 3460 1819 3533; x_wconf 73' lang='grc' dir='ltr'>πορρωτέρω</span> 
     </span>
    </p>
   </div>
   <div class='ocr_carea' id='block_1_48' title="bbox 223 3551 1348 3625">
    <p class='ocr_par' dir='ltr' id='par_1_48' title="bbox 223 3551 1348 3625">
     <span class='ocr_line' id='line_1_48' title="bbox 223 3551 1348 3625; baseline 0.005 -22"><span class='ocrx_word' id='word_1_270' title='bbox 223 3551 579 3622; x_wconf 81' lang='grc' dir='ltr'>πορεύεσθαι,</span> <span class='ocrx_word' id='word_1_271' title='bbox 611 3552 687 3615; x_wconf 83' lang='grc' dir='ltr'><strong>ὡς</strong></span> <span class='ocrx_word' id='word_1_272' title='bbox 716 3552 903 3617; x_wconf 80' lang='grc' dir='ltr'>ἁπλῶς</span> <span class='ocrx_word' id='word_1_273' title='bbox 941 3554 1348 3625; x_wconf 74' lang='grc' dir='ltr'>συνοδοιπόρος.</span> 
     </span>
    </p>
   </div>
   <div class='ocr_carea' id='block_1_49' title="bbox 294 3644 1443 3715">
    <p class='ocr_par' dir='ltr' id='par_1_49' title="bbox 294 3644 1443 3715">
     <span class='ocr_line' id='line_1_49' title="bbox 294 3644 1443 3715; baseline 0.005 -18"><span class='ocrx_word' id='word_1_274' title='bbox 294 3644 404 3698; x_wconf 84' lang='lat' dir='ltr'><strong>Kal</strong></span> <span class='ocrx_word' id='word_1_275' title='bbox 432 3676 500 3686; x_wconf 95' lang='lat'><strong>—</strong></span> <span class='ocrx_word' id='word_1_276' title='bbox 529 3645 740 3715; x_wconf 71' lang='grc' dir='ltr'>ἡμέρα.</span> <span class='ocrx_word' id='word_1_277' title='bbox 779 3645 1031 3701; x_wconf 84' lang='grc' dir='ltr'>Ἔκλινεν</span> <span class='ocrx_word' id='word_1_278' title='bbox 1062 3648 1141 3711; x_wconf 87' lang='grc' dir='ltr'>είς</span> <span class='ocrx_word' id='word_1_279' title='bbox 1174 3646 1236 3698; x_wconf 79' lang='grc' dir='ltr'>τὸ</span> <span class='ocrx_word' id='word_1_280' title='bbox 1261 3644 1443 3703; x_wconf 84' lang='grc' dir='ltr'>δῦναι.</span> 
     </span>
    </p>
   </div>
   <div class='ocr_carea' id='block_1_50' title="bbox 291 3820 1816 3895">
    <p class='ocr_par' dir='ltr' id='par_1_50' title="bbox 291 3820 1816 3895">
     <span class='ocr_line' id='line_1_50' title="bbox 291 3820 1816 3895; baseline -0.001 -18"><span class='ocrx_word' id='word_1_281' title='bbox 291 3824 397 3877; x_wconf 85' lang='lat' dir='ltr'><strong><em>Kal</em></strong></span> <span class='ocrx_word' id='word_1_282' title='bbox 430 3853 500 3863; x_wconf 89' lang='lat'>—</span> <span class='ocrx_word' id='word_1_283' title='bbox 524 3826 730 3879; x_wconf 82' lang='grc' dir='ltr'>αὐτόν.</span> <span class='ocrx_word' id='word_1_284' title='bbox 774 3825 1014 3878; x_wconf 80' lang='grc' dir='ltr'>Ἰδόντων</span> <span class='ocrx_word' id='word_1_285' title='bbox 1045 3825 1143 3894; x_wconf 81' lang='grc' dir='ltr'>τὴν</span> <span class='ocrx_word' id='word_1_286' title='bbox 1168 3824 1377 3895; x_wconf 75' lang='grc' dir='ltr'>συνήῢη</span> <span class='ocrx_word' id='word_1_287' title='bbox 1411 3825 1504 3878; x_wconf 81' lang='grc' dir='ltr'>καὶ</span> <span class='ocrx_word' id='word_1_288' title='bbox 1536 3820 1816 3893; x_wconf 85' lang='grc' dir='ltr'>γνώριμον</span> 
     </span>
    </p>
   </div>
   <div class='ocr_carea' id='block_1_51' title="bbox 221 3912 1815 3985">
    <p class='ocr_par' dir='ltr' id='par_1_51' title="bbox 221 3912 1815 3985">
     <span class='ocr_line' id='line_1_51' title="bbox 221 3912 1815 3985; baseline 0.001 -22"><span class='ocrx_word' id='word_1_289' title='bbox 221 3912 479 3980; x_wconf 75' lang='grc' dir='ltr'>εὐλογίαν</span> <span class='ocrx_word' id='word_1_290' title='bbox 522 3913 616 3967; x_wconf 77' lang='grc' dir='ltr'>τοῦ</span> <span class='ocrx_word' id='word_1_291' title='bbox 648 3914 839 3985; x_wconf 77' lang='grc' dir='ltr'>ἄρτου.</span> <span class='ocrx_word' id='word_1_292' title='bbox 873 3915 1010 3968; x_wconf 81' lang='grc' dir='ltr'>Τότε</span> <span class='ocrx_word' id='word_1_293' title='bbox 1057 3914 1167 3985; x_wconf 85' lang='grc' dir='ltr'><strong>γὰρ</strong></span> <span class='ocrx_word' id='word_1_294' title='bbox 1203 3913 1668 3984; x_wconf 81' lang='grc' dir='ltr'>συνεχωρήθησαν</span> <span class='ocrx_word' id='word_1_295' title='bbox 1692 3916 1815 3967; x_wconf 78' lang='grc' dir='ltr'>ἐπιο</span> 
     </span>
    </p>
   </div>
   <div class='ocr_carea' id='block_1_52' title="bbox 217 4005 643 4071">
    <p class='ocr_par' dir='ltr' id='par_1_52' title="bbox 217 4005 643 4071">
     <span class='ocr_line' id='line_1_52' title="bbox 217 4005 643 4071; baseline 0.014 -17"><span class='ocrx_word' id='word_1_296' title='bbox 217 4005 426 4071; x_wconf 75' lang='grc' dir='ltr'>γνῶναι</span> <span class='ocrx_word' id='word_1_297' title='bbox 456 4005 643 4060; x_wconf 77' lang='grc' dir='ltr'>αὐτόν.</span> 
     </span>
    </p>
   </div>
   <div class='ocr_carea' id='block_1_53' title="bbox 290 4096 1814 4170">
    <p class='ocr_par' dir='ltr' id='par_1_53' title="bbox 290 4096 1814 4170">
     <span class='ocr_line' id='line_1_53' title="bbox 290 4096 1814 4170; baseline 0.002 -21"><span class='ocrx_word' id='word_1_298' title='bbox 290 4096 400 4150; x_wconf 86' lang='lat' dir='ltr'><strong>Kal</strong></span> <span class='ocrx_word' id='word_1_299' title='bbox 423 4128 492 4138; x_wconf 96' lang='lat'><strong><em>—</em></strong></span> <span class='ocrx_word' id='word_1_300' title='bbox 520 4097 741 4153; x_wconf 80' lang='grc' dir='ltr'>αὐτῶν.</span> <span class='ocrx_word' id='word_1_301' title='bbox 780 4099 898 4154; x_wconf 82' lang='grc' dir='ltr'>Ἵνα</span> <span class='ocrx_word' id='word_1_302' title='bbox 934 4098 1009 4170; x_wconf 85' lang='grc' dir='ltr'>μὴ</span> <span class='ocrx_word' id='word_1_303' title='bbox 1046 4098 1385 4170; x_wconf 84' lang='grc' dir='ltr'>βραδύνωσιν</span> <span class='ocrx_word' id='word_1_304' title='bbox 1407 4097 1487 4152; x_wconf 80' lang='grc' dir='ltr'><strong>ἐτι</strong></span> <span class='ocrx_word' id='word_1_305' title='bbox 1509 4139 1524 4164; x_wconf 87' lang='grc'>,</span> <span class='ocrx_word' id='word_1_306' title='bbox 1553 4098 1689 4151; x_wconf 82' lang='grc' dir='ltr'>ἀλλὰ</span> <span class='ocrx_word' id='word_1_307' title='bbox 1715 4098 1814 4152; x_wconf 83' lang='grc' dir='ltr'><strong>τά·</strong></span> 
     </span>
    </p>
   </div>
   <div class='ocr_carea' id='block_1_54' title="bbox 213 4178 1812 4263">
    <p class='ocr_par' dir='ltr' id='par_1_54' title="bbox 213 4178 1812 4263">
     <span class='ocr_line' id='line_1_54' title="bbox 213 4178 1812 4263; baseline 0.014 -23"><span class='ocrx_word' id='word_1_308' title='bbox 213 4206 333 4259; x_wconf 85' lang='grc' dir='ltr'>χιον</span> <span class='ocrx_word' id='word_1_309' title='bbox 363 4190 778 4261; x_wconf 77' lang='grc' dir='ltr'>ὑποστρέψωσιν</span> <span class='ocrx_word' id='word_1_310' title='bbox 814 4194 895 4255; x_wconf 79' lang='grc' dir='ltr'><strong>είς</strong></span> <span class='ocrx_word' id='word_1_311' title='bbox 924 4194 1051 4257; x_wconf 80' lang='grc' dir='ltr'>τοὺς</span> <span class='ocrx_word' id='word_1_312' title='bbox 1083 4178 1338 4263; x_wconf 75' lang='grc' dir='ltr'>μαθητάς</span> <span class='ocrx_word' id='word_1_313' title='bbox 1361 4207 1377 4223; x_wconf 80' lang='grc'>⁸</span> <span class='ocrx_word' id='word_1_314' title='bbox 1412 4191 1671 4245; x_wconf 65' lang='grc' dir='ltr'><strong>ὲδοῦλετο</strong></span> <span class='ocrx_word' id='word_1_315' title='bbox 1701 4194 1812 4262; x_wconf 67' lang='grc' dir='ltr'><strong>γὰρ</strong></span> 
     </span>
    </p>
   </div>
   <div class='ocr_carea' id='block_1_55' title="bbox 220 4281 1433 4357">
    <p class='ocr_par' dir='ltr' id='par_1_55' title="bbox 220 4281 1433 4357">
     <span class='ocr_line' id='line_1_55' title="bbox 220 4281 1433 4357; baseline 0.003 -23"><span class='ocrx_word' id='word_1_316' title='bbox 220 4281 540 4353; x_wconf 81' lang='grc' dir='ltr'>αὐθημερὸν</span> <span class='ocrx_word' id='word_1_317' title='bbox 574 4284 983 4357; x_wconf 81' lang='grc' dir='ltr'>ἐμφανισθῆναι</span> <span class='ocrx_word' id='word_1_318' title='bbox 1022 4288 1190 4339; x_wconf 82' lang='grc' dir='ltr'>πᾶσιν</span> <span class='ocrx_word' id='word_1_319' title='bbox 1224 4286 1433 4349; x_wconf 82' lang='grc' dir='ltr'>αὐτοῖς.</span> 
     </span>
    </p>
   </div>
   <div class='ocr_carea' id='block_1_56' title="bbox 290 4376 1810 4450">
    <p class='ocr_par' dir='ltr' id='par_1_56' title="bbox 290 4376 1810 4450">
     <span class='ocr_line' id='line_1_56' title="bbox 290 4376 1810 4450; baseline 0.001 -21"><span class='ocrx_word' id='word_1_320' title='bbox 290 4376 400 4429; x_wconf 85' lang='lat' dir='ltr'><strong><em>Kal</em></strong></span> <span class='ocrx_word' id='word_1_321' title='bbox 428 4406 499 4414; x_wconf 98' lang='lat'><strong><em>—</em></strong></span> <span class='ocrx_word' id='word_1_322' title='bbox 531 4376 823 4447; x_wconf 48' lang='lat' dir='ltr'><strong>Pragoéc;</strong></span> <span class='ocrx_word' id='word_1_323' title='bbox 885 4379 1170 4449; x_wconf 83' lang='grc' dir='ltr'>Καιομὲνη</span> <span class='ocrx_word' id='word_1_324' title='bbox 1197 4418 1211 4444; x_wconf 85' lang='grc'><strong><em>,</em></strong></span> <span class='ocrx_word' id='word_1_325' title='bbox 1266 4380 1439 4450; x_wconf 77' lang='grc' dir='ltr'>ῆγουν</span> <span class='ocrx_word' id='word_1_326' title='bbox 1488 4378 1769 4448; x_wconf 80' lang='grc' dir='ltr'>σφύζουσα</span> <span class='ocrx_word' id='word_1_327' title='bbox 1794 4419 1810 4443; x_wconf 87' lang='grc'><em>,</em></span> 
     </span>
    </p>
   </div>
   <div class='ocr_carea' id='block_1_57' title="bbox 220 4468 557 4540">
    <p class='ocr_par' dir='ltr' id='par_1_57' title="bbox 220 4468 557 4540">
     <span class='ocr_line' id='line_1_57' title="bbox 220 4468 557 4540; baseline 0.006 -19"><span class='ocrx_word' id='word_1_328' title='bbox 220 4468 557 4540; x_wconf 79' lang='grc' dir='ltr'>παλλομένη.</span> 
     </span>
    </p>
   </div>
   <div class='ocr_carea' id='block_1_58' title="bbox 291 4562 1809 4640">
    <p class='ocr_par' dir='ltr' id='par_1_58' title="bbox 291 4562 1809 4640">
     <span class='ocr_line' id='line_1_58' title="bbox 291 4562 1809 4640; baseline 0.005 -26"><span class='ocrx_word' id='word_1_329' title='bbox 291 4563 399 4615; x_wconf 83' lang='lat' dir='ltr'><strong>Kal</strong></span> <span class='ocrx_word' id='word_1_330' title='bbox 431 4592 501 4600; x_wconf 95' lang='lat'>—</span> <span class='ocrx_word' id='word_1_331' title='bbox 542 4562 955 4633; x_wconf 68' lang='grc' dir='ltr'>Ἰερουσαλήμ.</span> <span class='ocrx_word' id='word_1_332' title='bbox 1003 4564 1336 4633; x_wconf 79' lang='grc' dir='ltr'>Ἀνέστησαν</span> <span class='ocrx_word' id='word_1_333' title='bbox 1367 4566 1508 4636; x_wconf 79' lang='grc' dir='ltr'>αὐτῇ</span> <span class='ocrx_word' id='word_1_334' title='bbox 1537 4570 1603 4639; x_wconf 84' lang='grc' dir='ltr'>τῇ</span> <span class='ocrx_word' id='word_1_335' title='bbox 1651 4567 1772 4640; x_wconf 80' lang='grc' dir='ltr'><strong>ὥρᾳ</strong></span> <span class='ocrx_word' id='word_1_336' title='bbox 1794 4605 1809 4633; x_wconf 92' lang='grc'><strong><em>,</em></strong></span> 
     </span>
    </p>
   </div>
   <div class='ocr_carea' id='block_1_59' title="bbox 1932 2083 2677 2153">
    <p class='ocr_par' dir='ltr' id='par_1_59' title="bbox 1932 2083 2677 2153">
     <span class='ocr_line' id='line_1_59' title="bbox 1932 2083 2677 2153; baseline -0.001 -15"><span class='ocrx_word' id='word_1_337' title='bbox 1932 2083 2192 2146; x_wconf 83' lang='lat' dir='ltr'><strong>Joannes,</strong></span> <span class='ocrx_word' id='word_1_338' title='bbox 2218 2094 2273 2137; x_wconf 85' lang='lat' dir='ltr'><strong>ut</strong></span> <span class='ocrx_word' id='word_1_339' title='bbox 2306 2085 2677 2153; x_wconf 68' lang='lat' dir='ltr'><strong>prmdiximus.</strong></span> 
     </span>
    </p>
   </div>
   <div class='ocr_carea' id='block_1_60' title="bbox 2003 2172 3529 2239">
    <p class='ocr_par' dir='ltr' id='par_1_60' title="bbox 2003 2172 3529 2239">
     <span class='ocr_line' id='line_1_60' title="bbox 2003 2172 3529 2239; baseline -0.003 -9"><span class='ocrx_word' id='word_1_340' title='bbox 2003 2176 2159 2230; x_wconf 63' lang='grc' dir='ltr'>Ἶρι-ε.</span> <span class='ocrx_word' id='word_1_341' title='bbox 2212 2176 2303 2230; x_wconf 74' lang='grc'><strong>24.</strong></span> <span class='ocrx_word' id='word_1_342' title='bbox 2359 2174 2517 2228; x_wconf 85' lang='lat' dir='ltr'><strong>Et—</strong></span> <span class='ocrx_word' id='word_1_343' title='bbox 2557 2178 2902 2230; x_wconf 85' lang='lat' dir='ltr'><strong>viderunt.--</strong></span> <span class='ocrx_word' id='word_1_344' title='bbox 2924 2174 3007 2230; x_wconf 85' lang='lat' dir='ltr'><strong>Ita</strong></span> <span class='ocrx_word' id='word_1_345' title='bbox 3044 2176 3377 2239; x_wconf 75' lang='lat' dir='ltr'><strong>invenerunt,</strong></span> <span class='ocrx_word' id='word_1_346' title='bbox 3426 2172 3529 2227; x_wconf 88' lang='lat' dir='ltr'><strong>boc</strong></span> 
     </span>
    </p>
   </div>
   <div class='ocr_carea' id='block_1_61' title="bbox 1931 2259 2952 2338">
    <p class='ocr_par' dir='ltr' id='par_1_61' title="bbox 1931 2259 2952 2338">
     <span class='ocr_line' id='line_1_61' title="bbox 1931 2259 2952 2338; baseline -0.001 -16"><span class='ocrx_word' id='word_1_347' title='bbox 1931 2277 2037 2329; x_wconf 75' lang='lat' dir='ltr'><strong>est,</strong></span> <span class='ocrx_word' id='word_1_348' title='bbox 2057 2259 2173 2322; x_wconf 78' lang='lat' dir='ltr'><strong>Non</strong></span> <span class='ocrx_word' id='word_1_349' title='bbox 2212 2268 2547 2322; x_wconf 85' lang='lat' dir='ltr'><strong>invenerunt</strong></span> <span class='ocrx_word' id='word_1_350' title='bbox 2580 2284 2783 2338; x_wconf 84' lang='lat' dir='ltr'><strong>corpus</strong></span> <span class='ocrx_word' id='word_1_351' title='bbox 2809 2268 2952 2338; x_wconf 83' lang='lat' dir='ltr'><strong>ejus.</strong></span> 
     </span>
    </p>
   </div>
   <div class='ocr_carea' id='block_1_62' title="bbox 2002 2358 3520 2430">
    <p class='ocr_par' dir='ltr' id='par_1_62' title="bbox 2002 2358 3520 2430">
     <span class='ocr_line' id='line_1_62' title="bbox 2002 2358 3520 2430; baseline 0 -19"><span class='ocrx_word' id='word_1_352' title='bbox 2002 2359 2157 2413; x_wconf 87' lang='lat' dir='ltr'><strong>Vers.</strong></span> <span class='ocrx_word' id='word_1_353' title='bbox 2187 2359 2277 2414; x_wconf 76' lang='lat'><strong>25.</strong></span> <span class='ocrx_word' id='word_1_354' title='bbox 2313 2358 2382 2413; x_wconf 87' lang='lat' dir='ltr'><strong>Et</strong></span> <span class='ocrx_word' id='word_1_355' title='bbox 2416 2390 2481 2401; x_wconf 88' lang='lat'><em>-</em></span> <span class='ocrx_word' id='word_1_356' title='bbox 2512 2362 2798 2430; x_wconf 67' lang='lat' dir='ltr'><strong>propheta.</strong></span> <span class='ocrx_word' id='word_1_357' title='bbox 2837 2361 3153 2415; x_wconf 88' lang='lat' dir='ltr'><strong>lnsensatos</strong></span> <span class='ocrx_word' id='word_1_358' title='bbox 3210 2359 3331 2414; x_wconf 86' lang='lat' dir='ltr'><strong>illos</strong></span> <span class='ocrx_word' id='word_1_359' title='bbox 3368 2358 3520 2422; x_wconf 71' lang='lat' dir='ltr'><strong>dixit</strong></span> 
     </span>
    </p>
   </div>
   <div class='ocr_carea' id='block_1_63' title="bbox 1932 2450 3527 2523">
    <p class='ocr_par' dir='ltr' id='par_1_63' title="bbox 1932 2450 3527 2523">
     <span class='ocr_line' id='line_1_63' title="bbox 1932 2450 3527 2523; baseline 0 -20"><span class='ocrx_word' id='word_1_360' title='bbox 1932 2450 2095 2505; x_wconf 90' lang='lat' dir='ltr'><strong>tacite</strong></span> <span class='ocrx_word' id='word_1_361' title='bbox 2127 2451 2196 2505; x_wconf 88' lang='lat' dir='ltr'><strong>ad</strong></span> <span class='ocrx_word' id='word_1_362' title='bbox 2239 2452 2326 2505; x_wconf 91' lang='lat' dir='ltr'><strong>sui</strong></span> <span class='ocrx_word' id='word_1_363' title='bbox 2380 2454 2756 2523; x_wconf 81' lang='lat' dir='ltr'><strong>cognitionem</strong></span> <span class='ocrx_word' id='word_1_364' title='bbox 2813 2453 3112 2518; x_wconf 80' lang='lat' dir='ltr'><strong>excitans;</strong></span> <span class='ocrx_word' id='word_1_365' title='bbox 3171 2451 3360 2506; x_wconf 88' lang='lat' dir='ltr'><strong>tardos</strong></span> <span class='ocrx_word' id='word_1_366' title='bbox 3394 2467 3527 2503; x_wconf 72' lang='lat' dir='ltr'><strong>vero</strong></span> 
     </span>
    </p>
   </div>
   <div class='ocr_carea' id='block_1_64' title="bbox 1931 2544 3527 2613">
    <p class='ocr_par' dir='ltr' id='par_1_64' title="bbox 1931 2544 3527 2613">
     <span class='ocr_line' id='line_1_64' title="bbox 1931 2544 3527 2613; baseline -0.001 -15"><span class='ocrx_word' id='word_1_367' title='bbox 1931 2544 2117 2606; x_wconf 87' lang='lat' dir='ltr'><strong>corde,</strong></span> <span class='ocrx_word' id='word_1_368' title='bbox 2181 2553 2373 2613; x_wconf 82' lang='lat' dir='ltr'><strong>utpote</strong></span> <span class='ocrx_word' id='word_1_369' title='bbox 2463 2544 2650 2599; x_wconf 86' lang='lat' dir='ltr'><strong>tardos</strong></span> <span class='ocrx_word' id='word_1_370' title='bbox 2705 2544 2772 2598; x_wconf 92' lang='lat' dir='ltr'><strong>ad</strong></span> <span class='ocrx_word' id='word_1_371' title='bbox 2857 2544 3196 2598; x_wconf 83' lang='lat' dir='ltr'><strong>credendqu</strong></span> <span class='ocrx_word' id='word_1_372' title='bbox 3270 2558 3333 2597; x_wconf 84' lang='lat' dir='ltr'><strong>ea</strong></span> <span class='ocrx_word' id='word_1_373' title='bbox 3406 2558 3527 2612; x_wconf 75' lang='lat' dir='ltr'><strong>qua:</strong></span> 
     </span>
    </p>
   </div>
   <div class='ocr_carea' id='block_1_65' title="bbox 1930 2636 3523 2706">
    <p class='ocr_par' dir='ltr' id='par_1_65' title="bbox 1930 2636 3523 2706">
     <span class='ocr_line' id='line_1_65' title="bbox 1930 2636 3523 2706; baseline 0.001 -19"><span class='ocrx_word' id='word_1_374' title='bbox 1930 2636 2213 2706; x_wconf 73' lang='lat' dir='ltr'><strong>propheta:</strong></span> <span class='ocrx_word' id='word_1_375' title='bbox 2269 2636 2438 2690; x_wconf 87' lang='lat' dir='ltr'><strong>locuti</strong></span> <span class='ocrx_word' id='word_1_376' title='bbox 2514 2636 2738 2692; x_wconf 77' lang='lat' dir='ltr'><strong>fuerant</strong></span> <span class='ocrx_word' id='word_1_377' title='bbox 2800 2637 2868 2692; x_wconf 91' lang='lat' dir='ltr'><strong>de</strong></span> <span class='ocrx_word' id='word_1_378' title='bbox 2931 2647 3107 2691; x_wconf 90' lang='lat' dir='ltr'><strong>morte</strong></span> <span class='ocrx_word' id='word_1_379' title='bbox 3161 2646 3217 2691; x_wconf 93' lang='lat' dir='ltr'><strong>et</strong></span> <span class='ocrx_word' id='word_1_380' title='bbox 3272 2652 3523 2691; x_wconf 79' lang='lat' dir='ltr'><strong>resurre-</strong></span> 
     </span>
    </p>
   </div>
   <div class='ocr_carea' id='block_1_66' title="bbox 1930 2728 2349 2799">
    <p class='ocr_par' dir='ltr' id='par_1_66' title="bbox 1930 2728 2349 2799">
     <span class='ocr_line' id='line_1_66' title="bbox 1930 2728 2349 2799; baseline 0.002 -17"><span class='ocrx_word' id='word_1_381' title='bbox 1930 2729 2114 2783; x_wconf 88' lang='lat' dir='ltr'><strong>ctione</strong></span> <span class='ocrx_word' id='word_1_382' title='bbox 2155 2728 2349 2799; x_wconf 87' lang='lat' dir='ltr'><strong>ipsius.</strong></span> 
     </span>
    </p>
   </div>
   <div class='ocr_carea' id='block_1_67' title="bbox 2000 2818 3525 2889">
    <p class='ocr_par' dir='ltr' id='par_1_67' title="bbox 2000 2818 3525 2889">
     <span class='ocr_line' id='line_1_67' title="bbox 2000 2818 3525 2889; baseline -0.001 -14"><span class='ocrx_word' id='word_1_383' title='bbox 2000 2820 2154 2875; x_wconf 80' lang='lat' dir='ltr'><strong>Vers.</strong></span> <span class='ocrx_word' id='word_1_384' title='bbox 2203 2819 2297 2875; x_wconf 72' lang='grc'><strong>26.</strong></span> <span class='ocrx_word' id='word_1_385' title='bbox 2341 2819 2823 2876; x_wconf 77' lang='lat' dir='ltr'><strong>Nonne—suam.</strong></span> <span class='ocrx_word' id='word_1_386' title='bbox 2879 2819 3027 2885; x_wconf 73' lang='lat' dir='ltr'><strong>llazc,</strong></span> <span class='ocrx_word' id='word_1_387' title='bbox 3096 2834 3217 2889; x_wconf 84' lang='lat' dir='ltr'><strong>quae</strong></span> <span class='ocrx_word' id='word_1_388' title='bbox 3263 2818 3525 2873; x_wconf 71' lang='lat' dir='ltr'><strong>videlicet</strong></span> 
     </span>
    </p>
   </div>
   <div class='ocr_carea' id='block_1_68' title="bbox 1926 2910 3525 2982">
    <p class='ocr_par' dir='ltr' id='par_1_68' title="bbox 1926 2910 3525 2982">
     <span class='ocr_line' id='line_1_68' title="bbox 1926 2910 3525 2982; baseline 0 -19"><span class='ocrx_word' id='word_1_389' title='bbox 1926 2910 2095 2965; x_wconf 87' lang='lat' dir='ltr'><strong>locuti</strong></span> <span class='ocrx_word' id='word_1_390' title='bbox 2131 2910 2353 2967; x_wconf 78' lang='lat' dir='ltr'><strong>fuerant</strong></span> <span class='ocrx_word' id='word_1_391' title='bbox 2380 2913 2689 2982; x_wconf 71' lang='lat' dir='ltr'><strong>prophetae.</strong></span> <span class='ocrx_word' id='word_1_392' title='bbox 2725 2910 2970 2967; x_wconf 87' lang='lat' dir='ltr'><strong>Gloriam</strong></span> <span class='ocrx_word' id='word_1_393' title='bbox 3003 2926 3183 2973; x_wconf 87' lang='lat' dir='ltr'><strong>suam.</strong></span> <span class='ocrx_word' id='word_1_394' title='bbox 3219 2925 3342 2980; x_wconf 65' lang='lat' dir='ltr'><strong>quae</strong></span> <span class='ocrx_word' id='word_1_395' title='bbox 3372 2911 3525 2964; x_wconf 81' lang='lat' dir='ltr'><strong>vide-</strong></span> 
     </span>
    </p>
   </div>
   <div class='ocr_carea' id='block_1_69' title="bbox 1930 3003 3525 3075">
    <p class='ocr_par' dir='ltr' id='par_1_69' title="bbox 1930 3003 3525 3075">
     <span class='ocr_line' id='line_1_69' title="bbox 1930 3003 3525 3075; baseline 0.001 -19"><span class='ocrx_word' id='word_1_396' title='bbox 1930 3003 2055 3057; x_wconf 88' lang='lat' dir='ltr'><strong>licet</strong></span> <span class='ocrx_word' id='word_1_397' title='bbox 2085 3018 2197 3058; x_wconf 72' lang='lat' dir='ltr'><strong>suae</strong></span> <span class='ocrx_word' id='word_1_398' title='bbox 2224 3012 2347 3059; x_wconf 89' lang='lat' dir='ltr'><strong>erat</strong></span> <span class='ocrx_word' id='word_1_399' title='bbox 2374 3004 2699 3060; x_wconf 81' lang='lat' dir='ltr'><strong>divinitatis.</strong></span> <span class='ocrx_word' id='word_1_400' title='bbox 2729 3004 2830 3059; x_wconf 80' lang='lat' dir='ltr'><strong>Est</strong></span> <span class='ocrx_word' id='word_1_401' title='bbox 2858 3013 3042 3059; x_wconf 89' lang='lat' dir='ltr'><strong>autem</strong></span> <span class='ocrx_word' id='word_1_402' title='bbox 3064 3004 3525 3075; x_wconf 84' lang='lat' dir='ltr'><strong>interrogatorius</strong></span> 
     </span>
    </p>
   </div>
   <div class='ocr_carea' id='block_1_70' title="bbox 1927 3109 2131 3151">
    <p class='ocr_par' dir='ltr' id='par_1_70' title="bbox 1927 3109 2131 3151">
     <span class='ocr_line' id='line_1_70' title="bbox 1927 3109 2131 3151; baseline -0.005 -2"><span class='ocrx_word' id='word_1_403' title='bbox 1927 3109 2131 3151; x_wconf 88' lang='lat' dir='ltr'><strong>sermo.</strong></span> 
     </span>
    </p>
   </div>
   <div class='ocr_carea' id='block_1_71' title="bbox 2004 3185 3513 3256">
    <p class='ocr_par' dir='ltr' id='par_1_71' title="bbox 2004 3185 3513 3256">
     <span class='ocr_line' id='line_1_71' title="bbox 2004 3185 3513 3256; baseline -0.001 -14"><span class='ocrx_word' id='word_1_404' title='bbox 2004 3187 2160 3242; x_wconf 83' lang='lat' dir='ltr'><strong>Vers.</strong></span> <span class='ocrx_word' id='word_1_405' title='bbox 2221 3188 2315 3243; x_wconf 59' lang='lat' dir='ltr'><strong>Q7.</strong></span> <span class='ocrx_word' id='word_1_406' title='bbox 2366 3185 2435 3241; x_wconf 84' lang='lat' dir='ltr'><strong>Et</strong></span> <span class='ocrx_word' id='word_1_407' title='bbox 2468 3218 2535 3227; x_wconf 93' lang='lat'><strong>—-</strong></span> <span class='ocrx_word' id='word_1_408' title='bbox 2563 3188 2699 3256; x_wconf 81' lang='lat' dir='ltr'><strong>ipso.</strong></span> <span class='ocrx_word' id='word_1_409' title='bbox 2736 3190 2780 3242; x_wconf 82' lang='lat' dir='ltr'><strong>A</strong></span> <span class='ocrx_word' id='word_1_410' title='bbox 2818 3187 2968 3245; x_wconf 69' lang='lat' dir='ltr'><strong>More</strong></span> <span class='ocrx_word' id='word_1_411' title='bbox 3018 3188 3137 3244; x_wconf 84' lang='lat' dir='ltr'><strong>sive</strong></span> <span class='ocrx_word' id='word_1_412' title='bbox 3169 3204 3201 3244; x_wconf 83' lang='lat' dir='ltr'><strong>a</strong></span> <span class='ocrx_word' id='word_1_413' title='bbox 3254 3187 3513 3245; x_wconf 78' lang='lat' dir='ltr'><strong>Mosaicis</strong></span> 
     </span>
    </p>
   </div>
   <div class='ocr_carea' id='block_1_72' title="bbox 1925 3279 2105 3336">
    <p class='ocr_par' dir='ltr' id='par_1_72' title="bbox 1925 3279 2105 3336">
     <span class='ocr_line' id='line_1_72' title="bbox 1925 3279 2105 3336; baseline 0.006 -2"><span class='ocrx_word' id='word_1_414' title='bbox 1925 3279 2105 3336; x_wconf 86' lang='lat' dir='ltr'><strong>libris.</strong></span> 
     </span>
    </p>
   </div>
   <div class='ocr_carea' id='block_1_73' title="bbox 1998 3374 3032 3442">
    <p class='ocr_par' dir='ltr' id='par_1_73' title="bbox 1998 3374 3032 3442">
     <span class='ocr_line' id='line_1_73' title="bbox 1998 3374 3032 3442; baseline 0.001 -13"><span class='ocrx_word' id='word_1_415' title='bbox 1998 3374 2155 3429; x_wconf 84' lang='lat' dir='ltr'><strong>Vers.</strong></span> <span class='ocrx_word' id='word_1_416' title='bbox 2190 3376 2281 3430; x_wconf 78' lang='lat'><strong>28.</strong></span> <span class='ocrx_word' id='word_1_417' title='bbox 2310 3374 2377 3430; x_wconf 83' lang='lat' dir='ltr'><strong>Et</strong></span> <span class='ocrx_word' id='word_1_418' title='bbox 2413 3406 2483 3416; x_wconf 89' lang='lat'><strong>——</strong></span> <span class='ocrx_word' id='word_1_419' title='bbox 2506 3376 2679 3431; x_wconf 82' lang='lat' dir='ltr'><strong>ibant.</strong></span> <span class='ocrx_word' id='word_1_420' title='bbox 2709 3376 2830 3442; x_wconf 84' lang='lat' dir='ltr'><strong>Quo</strong></span> <span class='ocrx_word' id='word_1_421' title='bbox 2857 3375 3032 3430; x_wconf 84' lang='lat' dir='ltr'><strong>ibant.</strong></span> 
     </span>
    </p>
   </div>
   <div class='ocr_carea' id='block_1_74' title="bbox 1996 3466 3516 3539">
    <p class='ocr_par' dir='ltr' id='par_1_74' title="bbox 1996 3466 3516 3539">
     <span class='ocr_line' id='line_1_74' title="bbox 1996 3466 3516 3539; baseline -0.001 -17"><span class='ocrx_word' id='word_1_422' title='bbox 1996 3468 2155 3523; x_wconf 84' lang='lat' dir='ltr'><strong>Vers.</strong></span> <span class='ocrx_word' id='word_1_423' title='bbox 2200 3468 2291 3523; x_wconf 70' lang='lat'><strong>28.</strong></span> <span class='ocrx_word' id='word_1_424' title='bbox 2327 3467 2397 3521; x_wconf 87' lang='lat' dir='ltr'><strong>Et</strong></span> <span class='ocrx_word' id='word_1_425' title='bbox 2427 3495 2497 3508; x_wconf 85' lang='lat'><em>--</em></span> <span class='ocrx_word' id='word_1_426' title='bbox 2532 3469 2634 3523; x_wconf 86' lang='lat' dir='ltr'><strong>ire.</strong></span> <span class='ocrx_word' id='word_1_427' title='bbox 2669 3468 2999 3535; x_wconf 85' lang='lat' dir='ltr'><strong>Simulabat,</strong></span> <span class='ocrx_word' id='word_1_428' title='bbox 3042 3483 3102 3523; x_wconf 88' lang='lat' dir='ltr'><strong>se</strong></span> <span class='ocrx_word' id='word_1_429' title='bbox 3136 3466 3356 3539; x_wconf 80' lang='lat' dir='ltr'><strong>longius</strong></span> <span class='ocrx_word' id='word_1_430' title='bbox 3412 3466 3516 3533; x_wconf 87' lang='lat' dir='ltr'><strong>ire,</strong></span> 
     </span>
    </p>
   </div>
   <div class='ocr_carea' id='block_1_75' title="bbox 1924 3560 3190 3631">
    <p class='ocr_par' dir='ltr' id='par_1_75' title="bbox 1924 3560 3190 3631">
     <span class='ocr_line' id='line_1_75' title="bbox 1924 3560 3190 3631; baseline 0 -16"><span class='ocrx_word' id='word_1_431' title='bbox 1924 3570 2183 3628; x_wconf 85' lang='lat' dir='ltr'><strong>tanquam</strong></span> <span class='ocrx_word' id='word_1_432' title='bbox 2226 3561 2467 3631; x_wconf 88' lang='lat' dir='ltr'><strong>vulgaris</strong></span> <span class='ocrx_word' id='word_1_433' title='bbox 2500 3576 2685 3615; x_wconf 88' lang='lat' dir='ltr'><strong>comes</strong></span> <span class='ocrx_word' id='word_1_434' title='bbox 2713 3560 2910 3616; x_wconf 80' lang='lat' dir='ltr'><strong>fuisset</strong></span> <span class='ocrx_word' id='word_1_435' title='bbox 2953 3560 3190 3615; x_wconf 87' lang='lat' dir='ltr'><strong>itineris.</strong></span> 
     </span>
    </p>
   </div>
   <div class='ocr_carea' id='block_1_76' title="bbox 1993 3650 3520 3711">
    <p class='ocr_par' dir='ltr' id='par_1_76' title="bbox 1993 3650 3520 3711">
     <span class='ocr_line' id='line_1_76' title="bbox 1993 3650 3520 3711; baseline 0.003 -5"><span class='ocrx_word' id='word_1_436' title='bbox 1993 3652 2150 3707; x_wconf 85' lang='lat' dir='ltr'><strong>Vers.</strong></span> <span class='ocrx_word' id='word_1_437' title='bbox 2200 3652 2291 3707; x_wconf 71' lang='lat'><strong>29.</strong></span> <span class='ocrx_word' id='word_1_438' title='bbox 2346 3650 2416 3706; x_wconf 89' lang='lat' dir='ltr'><strong>Et</strong></span> <span class='ocrx_word' id='word_1_439' title='bbox 2459 3682 2528 3692; x_wconf 89' lang='lat'><strong>—</strong></span> <span class='ocrx_word' id='word_1_440' title='bbox 2571 3654 2703 3709; x_wconf 73' lang='lat' dir='ltr'><strong>dies.</strong></span> <span class='ocrx_word' id='word_1_441' title='bbox 2774 3653 3077 3710; x_wconf 88' lang='lat' dir='ltr'><strong>lnclinatus</strong></span> <span class='ocrx_word' id='word_1_442' title='bbox 3130 3662 3213 3709; x_wconf 91' lang='lat' dir='ltr'><strong>est</strong></span> <span class='ocrx_word' id='word_1_443' title='bbox 3251 3653 3319 3709; x_wconf 87' lang='lat' dir='ltr'><strong>ad</strong></span> <span class='ocrx_word' id='word_1_444' title='bbox 3360 3669 3520 3711; x_wconf 83' lang='lat' dir='ltr'><strong>occa-</strong></span> 
     </span>
    </p>
   </div>
   <div class='ocr_carea' id='block_1_77' title="bbox 1920 3762 2064 3801">
    <p class='ocr_par' dir='ltr' id='par_1_77' title="bbox 1920 3762 2064 3801">
     <span class='ocr_line' id='line_1_77' title="bbox 1920 3762 2064 3801; baseline 0.007 -1"><span class='ocrx_word' id='word_1_445' title='bbox 1920 3762 2064 3801; x_wconf 69' lang='lat' dir='ltr'><strong>Slllll.</strong></span> 
     </span>
    </p>
   </div>
   <div class='ocr_carea' id='block_1_78' title="bbox 1996 3838 3519 3896">
    <p class='ocr_par' dir='ltr' id='par_1_78' title="bbox 1996 3838 3519 3896">
     <span class='ocr_line' id='line_1_78' title="bbox 1996 3838 3519 3896; baseline 0.001 -2"><span class='ocrx_word' id='word_1_446' title='bbox 1996 3840 2145 3894; x_wconf 82' lang='lat' dir='ltr'><strong>Vers.</strong></span> <span class='ocrx_word' id='word_1_447' title='bbox 2180 3839 2272 3895; x_wconf 69' lang='grc' dir='ltr'>ει).</span> <span class='ocrx_word' id='word_1_448' title='bbox 2317 3839 2383 3894; x_wconf 86' lang='lat' dir='ltr'><strong>Et</strong></span> <span class='ocrx_word' id='word_1_449' title='bbox 2423 3869 2493 3879; x_wconf 92' lang='lat'><strong>-—</strong></span> <span class='ocrx_word' id='word_1_450' title='bbox 2525 3840 2684 3895; x_wconf 83' lang='lat' dir='ltr'><strong>Vers.</strong></span> <span class='ocrx_word' id='word_1_451' title='bbox 2719 3841 2811 3896; x_wconf 79' lang='grc'><strong>51.</strong></span> <span class='ocrx_word' id='word_1_452' title='bbox 2857 3856 2998 3894; x_wconf 79' lang='lat' dir='ltr'><strong>eum.</strong></span> <span class='ocrx_word' id='word_1_453' title='bbox 3052 3838 3193 3894; x_wconf 89' lang='lat' dir='ltr'><strong>Cum</strong></span> <span class='ocrx_word' id='word_1_454' title='bbox 3246 3839 3519 3895; x_wconf 82' lang='lat' dir='ltr'><strong>vidissent</strong></span> 
     </span>
    </p>
   </div>
   <div class='ocr_carea' id='block_1_79' title="bbox 1918 3932 3515 4005">
    <p class='ocr_par' dir='ltr' id='par_1_79' title="bbox 1918 3932 3515 4005">
     <span class='ocr_line' id='line_1_79' title="bbox 1918 3932 3515 4005; baseline 0 -18"><span class='ocrx_word' id='word_1_455' title='bbox 1918 3943 2194 3988; x_wconf 89' lang='lat' dir='ltr'><strong>assuetam</strong></span> <span class='ocrx_word' id='word_1_456' title='bbox 2230 3948 2292 3988; x_wconf 91' lang='lat' dir='ltr'><strong>ac</strong></span> <span class='ocrx_word' id='word_1_457' title='bbox 2323 3934 2602 4005; x_wconf 75' lang='lat' dir='ltr'><strong>cognitam</strong></span> <span class='ocrx_word' id='word_1_458' title='bbox 2657 3934 2821 4005; x_wconf 86' lang='lat' dir='ltr'><strong>panis</strong></span> <span class='ocrx_word' id='word_1_459' title='bbox 2844 3932 3337 3999; x_wconf 86' lang='lat' dir='ltr'><strong>benedictionem;</strong></span> <span class='ocrx_word' id='word_1_460' title='bbox 3384 3947 3515 3988; x_wconf 87' lang='lat' dir='ltr'><strong>nam</strong></span> 
     </span>
    </p>
   </div>
   <div class='ocr_carea' id='block_1_80' title="bbox 1921 4026 3228 4096">
    <p class='ocr_par' dir='ltr' id='par_1_80' title="bbox 1921 4026 3228 4096">
     <span class='ocr_line' id='line_1_80' title="bbox 1921 4026 3228 4096; baseline 0 -16"><span class='ocrx_word' id='word_1_461' title='bbox 1921 4036 2054 4080; x_wconf 92' lang='lat' dir='ltr'><strong>tunc</strong></span> <span class='ocrx_word' id='word_1_462' title='bbox 2085 4026 2340 4096; x_wconf 88' lang='lat' dir='ltr'><strong>permissi</strong></span> <span class='ocrx_word' id='word_1_463' title='bbox 2382 4035 2533 4088; x_wconf 80' lang='lat' dir='ltr'><strong>sunt.</strong></span> <span class='ocrx_word' id='word_1_464' title='bbox 2578 4035 2641 4080; x_wconf 88' lang='lat' dir='ltr'><strong>ut</strong></span> <span class='ocrx_word' id='word_1_465' title='bbox 2664 4041 2792 4080; x_wconf 91' lang='lat' dir='ltr'><strong>eum</strong></span> <span class='ocrx_word' id='word_1_466' title='bbox 2828 4032 3228 4096; x_wconf 83' lang='lat' dir='ltr'><strong>agnoscerent.</strong></span> 
     </span>
    </p>
   </div>
   <div class='ocr_carea' id='block_1_81' title="bbox 2018 4114 3513 4185">
    <p class='ocr_par' dir='ltr' id='par_1_81' title="bbox 2018 4114 3513 4185">
     <span class='ocr_line' id='line_1_81' title="bbox 2018 4114 3513 4185; baseline -0.004 -12"><span class='ocrx_word' id='word_1_467' title='bbox 2018 4118 2175 4173; x_wconf 80' lang='lat' dir='ltr'><strong>Vers.</strong></span> <span class='ocrx_word' id='word_1_468' title='bbox 2224 4119 2313 4172; x_wconf 82' lang='lat' dir='ltr'><strong>5t.</strong></span> <span class='ocrx_word' id='word_1_469' title='bbox 2344 4118 2410 4171; x_wconf 86' lang='lat' dir='ltr'><strong>Et</strong></span> <span class='ocrx_word' id='word_1_470' title='bbox 2467 4147 2539 4157; x_wconf 92' lang='lat'><strong>—-</strong></span> <span class='ocrx_word' id='word_1_471' title='bbox 2563 4118 2800 4171; x_wconf 86' lang='lat' dir='ltr'><strong>illorum.</strong></span> <span class='ocrx_word' id='word_1_472' title='bbox 2835 4116 2913 4172; x_wconf 85' lang='lat' dir='ltr'><strong>Ne</strong></span> <span class='ocrx_word' id='word_1_473' title='bbox 2946 4117 3181 4185; x_wconf 85' lang='lat' dir='ltr'><strong>amplius</strong></span> <span class='ocrx_word' id='word_1_474' title='bbox 3208 4114 3513 4177; x_wconf 82' lang='lat' dir='ltr'><strong>tardarent,</strong></span> 
     </span>
    </p>
   </div>
   <div class='ocr_carea' id='block_1_82' title="bbox 1918 4206 3515 4279">
    <p class='ocr_par' dir='ltr' id='par_1_82' title="bbox 1918 4206 3515 4279">
     <span class='ocr_line' id='line_1_82' title="bbox 1918 4206 3515 4279; baseline -0.003 -15"><span class='ocrx_word' id='word_1_475' title='bbox 1918 4209 2013 4264; x_wconf 70' lang='lat' dir='ltr'><strong>sed</strong></span> <span class='ocrx_word' id='word_1_476' title='bbox 2072 4209 2235 4264; x_wconf 90' lang='lat' dir='ltr'><strong>citius</strong></span> <span class='ocrx_word' id='word_1_477' title='bbox 2286 4210 2352 4264; x_wconf 87' lang='lat' dir='ltr'><strong>ad</strong></span> <span class='ocrx_word' id='word_1_478' title='bbox 2412 4209 2713 4279; x_wconf 90' lang='lat' dir='ltr'><strong>discipulos</strong></span> <span class='ocrx_word' id='word_1_479' title='bbox 2770 4216 3183 4262; x_wconf 83' lang='lat' dir='ltr'><strong>reverterentur</strong></span> <span class='ocrx_word' id='word_1_480' title='bbox 3241 4206 3515 4260; x_wconf 89' lang='lat' dir='ltr'><strong>:volebat</strong></span> 
     </span>
    </p>
   </div>
   <div class='ocr_carea' id='block_1_83' title="bbox 1917 4299 3298 4371">
    <p class='ocr_par' dir='ltr' id='par_1_83' title="bbox 1917 4299 3298 4371">
     <span class='ocr_line' id='line_1_83' title="bbox 1917 4299 3298 4371; baseline -0.004 -14"><span class='ocrx_word' id='word_1_481' title='bbox 1917 4316 2155 4371; x_wconf 80' lang='lat' dir='ltr'><strong>namque</strong></span> <span class='ocrx_word' id='word_1_482' title='bbox 2186 4302 2379 4355; x_wconf 89' lang='lat' dir='ltr'><strong>eodem</strong></span> <span class='ocrx_word' id='word_1_483' title='bbox 2407 4301 2495 4355; x_wconf 87' lang='lat' dir='ltr'><strong>die</strong></span> <span class='ocrx_word' id='word_1_484' title='bbox 2526 4299 2783 4355; x_wconf 87' lang='lat' dir='ltr'><strong>omnibus</strong></span> <span class='ocrx_word' id='word_1_485' title='bbox 2812 4299 2974 4354; x_wconf 93' lang='lat' dir='ltr'><strong>simul</strong></span> <span class='ocrx_word' id='word_1_486' title='bbox 3009 4310 3298 4367; x_wconf 88' lang='lat' dir='ltr'><strong>apparere.</strong></span> 
     </span>
    </p>
   </div>
   <div class='ocr_carea' id='block_1_84' title="bbox 1986 4389 3516 4461">
    <p class='ocr_par' dir='ltr' id='par_1_84' title="bbox 1986 4389 3516 4461">
     <span class='ocr_line' id='line_1_84' title="bbox 1986 4389 3516 4461; baseline -0.003 -13"><span class='ocrx_word' id='word_1_487' title='bbox 1986 4393 2146 4449; x_wconf 85' lang='lat' dir='ltr'><strong>Vers.</strong></span> <span class='ocrx_word' id='word_1_488' title='bbox 2205 4394 2297 4447; x_wconf 75' lang='lat'><strong>39..</strong></span> <span class='ocrx_word' id='word_1_489' title='bbox 2334 4391 2402 4446; x_wconf 87' lang='lat' dir='ltr'><strong>Et</strong></span> <span class='ocrx_word' id='word_1_490' title='bbox 2430 4423 2498 4432; x_wconf 92' lang='lat'><strong>—</strong></span> <span class='ocrx_word' id='word_1_491' title='bbox 2530 4391 2861 4461; x_wconf 79' lang='lat' dir='ltr'><strong>Scripturas.</strong></span> <span class='ocrx_word' id='word_1_492' title='bbox 2887 4389 3316 4457; x_wconf 85' lang='lat' dir='ltr'><strong>incendebatur,</strong></span> <span class='ocrx_word' id='word_1_493' title='bbox 3353 4389 3516 4445; x_wconf 54' lang='lat' dir='ltr'><strong>sane.</strong></span> 
     </span>
    </p>
   </div>
   <div class='ocr_carea' id='block_1_85' title="bbox 1914 4486 2931 4556">
    <p class='ocr_par' dir='ltr' id='par_1_85' title="bbox 1914 4486 2931 4556">
     <span class='ocr_line' id='line_1_85' title="bbox 1914 4486 2931 4556; baseline -0.002 -15"><span class='ocrx_word' id='word_1_494' title='bbox 1914 4487 2009 4541; x_wconf 89' lang='lat' dir='ltr'><strong>bat</strong></span> <span class='ocrx_word' id='word_1_495' title='bbox 2035 4486 2165 4556; x_wconf 76' lang='grc' dir='ltr'><strong>(ὺὸ),</strong></span> <span class='ocrx_word' id='word_1_496' title='bbox 2199 4486 2526 4541; x_wconf 87' lang='lat' dir='ltr'><strong>movebatur</strong></span> <span class='ocrx_word' id='word_1_497' title='bbox 2552 4502 2616 4541; x_wconf 90' lang='lat' dir='ltr'><strong>ac</strong></span> <span class='ocrx_word' id='word_1_498' title='bbox 2655 4486 2931 4541; x_wconf 84' lang='lat' dir='ltr'><strong>vibrabat.</strong></span> 
     </span>
    </p>
   </div>
   <div class='ocr_carea' id='block_1_86' title="bbox 1988 4578 3512 4635">
    <p class='ocr_par' dir='ltr' id='par_1_86' title="bbox 1988 4578 3512 4635">
     <span class='ocr_line' id='line_1_86' title="bbox 1988 4578 3512 4635; baseline -0.001 -2"><span class='ocrx_word' id='word_1_499' title='bbox 1988 4580 2144 4635; x_wconf 87' lang='lat' dir='ltr'><strong>Vers.</strong></span> <span class='ocrx_word' id='word_1_500' title='bbox 2181 4580 2272 4635; x_wconf 79' lang='grc'><strong>55.</strong></span> <span class='ocrx_word' id='word_1_501' title='bbox 2307 4578 2379 4632; x_wconf 86' lang='lat' dir='ltr'><strong>Et</strong></span> <span class='ocrx_word' id='word_1_502' title='bbox 2408 4610 2481 4620; x_wconf 93' lang='lat'><strong>—</strong></span> <span class='ocrx_word' id='word_1_503' title='bbox 2532 4578 2853 4634; x_wconf 77' lang='lat' dir='ltr'><strong>Jerusalem.</strong></span> <span class='ocrx_word' id='word_1_504' title='bbox 2910 4578 3288 4632; x_wconf 76' lang='lat' dir='ltr'><strong>Surrexerunt</strong></span> <span class='ocrx_word' id='word_1_505' title='bbox 3321 4578 3512 4632; x_wconf 86' lang='lat' dir='ltr'><strong>eadem</strong></span> 
     </span>
    </p>
   </div>
   <div class='ocr_carea' id='block_1_87' title="bbox 217 4655 1816 4744">
    <p class='ocr_par' dir='ltr' id='par_1_87' title="bbox 217 4655 1809 4735">
     <span class='ocr_line' id='line_1_87' title="bbox 217 4655 1809 4735; baseline 0.006 -28"><span class='ocrx_word' id='word_1_506' title='bbox 217 4655 281 4709; x_wconf 79' lang='grc' dir='ltr'>οὐ</span> <span class='ocrx_word' id='word_1_507' title='bbox 331 4655 439 4725; x_wconf 84' lang='grc' dir='ltr'>μὴν</span> <span class='ocrx_word' id='word_1_508' title='bbox 474 4658 612 4729; x_wconf 75' lang='grc' dir='ltr'>αὐτῇ</span> <span class='ocrx_word' id='word_1_509' title='bbox 656 4660 721 4728; x_wconf 82' lang='grc' dir='ltr'>τῇ</span> <span class='ocrx_word' id='word_1_510' title='bbox 771 4658 892 4730; x_wconf 79' lang='grc' dir='ltr'>ὥρᾳ</span> <span class='ocrx_word' id='word_1_511' title='bbox 947 4659 1337 4730; x_wconf 79' lang='grc' dir='ltr'>ὑπέστρεψαν·</span> <span class='ocrx_word' id='word_1_512' title='bbox 1384 4660 1653 4730; x_wconf 77' lang='grc' dir='ltr'>ἐξήκοντα</span> <span class='ocrx_word' id='word_1_513' title='bbox 1701 4664 1809 4735; x_wconf 81' lang='grc' dir='ltr'><strong>γὰρ</strong></span> 
     </span>
    </p>
   </div>
   <div class='ocr_carea' id='block_1_88' title="bbox 1959 4655 3511 4744">
    <p class='ocr_par' dir='ltr' id='par_1_88' title="bbox 1959 4670 3511 4737">
     <span class='ocr_line' id='line_1_88' title="bbox 1959 4670 3511 4737; baseline -0.003 -10"><span class='ocrx_word' id='word_1_514' title='bbox 1959 4688 2076 4736; x_wconf 90' lang='lat' dir='ltr'><strong>ora,</strong></span> <span class='ocrx_word' id='word_1_515' title='bbox 2107 4688 2218 4727; x_wconf 93' lang='lat' dir='ltr'><strong>non</strong></span> <span class='ocrx_word' id='word_1_516' title='bbox 2261 4682 2445 4727; x_wconf 89' lang='lat' dir='ltr'><strong>tamen</strong></span> <span class='ocrx_word' id='word_1_517' title='bbox 2481 4672 2691 4728; x_wconf 88' lang='lat' dir='ltr'><strong>reversi</strong></span> <span class='ocrx_word' id='word_1_518' title='bbox 2723 4680 2854 4727; x_wconf 89' lang='lat' dir='ltr'><strong>sunt</strong></span> <span class='ocrx_word' id='word_1_519' title='bbox 2909 4670 3104 4725; x_wconf 87' lang='lat' dir='ltr'><strong>eadem</strong></span> <span class='ocrx_word' id='word_1_520' title='bbox 3142 4670 3313 4737; x_wconf 87' lang='lat' dir='ltr'><strong>hora;</strong></span> <span class='ocrx_word' id='word_1_521' title='bbox 3384 4685 3511 4724; x_wconf 91' lang='lat' dir='ltr'><strong>nam</strong></span> 
     </span>
    </p>
   </div>
   <div class='ocr_carea' id='block_1_89' title="bbox 219 4746 1808 4825">
    <p class='ocr_par' dir='ltr' id='par_1_89' title="bbox 219 4746 1808 4825">
     <span class='ocr_line' id='line_1_89' title="bbox 219 4746 1808 4825; baseline 0.005 -24"><span class='ocrx_word' id='word_1_522' title='bbox 219 4749 453 4803; x_wconf 84' lang='grc' dir='ltr'>σταδίων</span> <span class='ocrx_word' id='word_1_523' title='bbox 485 4746 552 4820; x_wconf 85' lang='grc' dir='ltr'>ἦν</span> <span class='ocrx_word' id='word_1_524' title='bbox 589 4752 621 4821; x_wconf 78' lang='grc' dir='ltr'>ἡ</span> <span class='ocrx_word' id='word_1_525' title='bbox 662 4753 801 4816; x_wconf 83' lang='grc' dir='ltr'>ὁδός.</span> <span class='ocrx_word' id='word_1_526' title='bbox 851 4754 1011 4817; x_wconf 72' lang='grc' dir='ltr'>Εἰκὸς</span> <span class='ocrx_word' id='word_1_527' title='bbox 1044 4753 1101 4807; x_wconf 83' lang='grc' dir='ltr'>δὲ</span> <span class='ocrx_word' id='word_1_528' title='bbox 1122 4794 1137 4817; x_wconf 87' lang='grc'><em>,</em></span> <span class='ocrx_word' id='word_1_529' title='bbox 1172 4753 1457 4815; x_wconf 82' lang='grc' dir='ltr'>κλίναντος</span> <span class='ocrx_word' id='word_1_530' title='bbox 1504 4754 1598 4806; x_wconf 84' lang='grc' dir='ltr'>τοῦ</span> <span class='ocrx_word' id='word_1_531' title='bbox 1630 4755 1808 4825; x_wconf 82' lang='grc' dir='ltr'>ἡλίου,</span> 
     </span>
    </p>
   </div>
   <div class='ocr_carea' id='block_1_90' title="bbox 218 4843 1812 4919">
    <p class='ocr_par' dir='ltr' id='par_1_90' title="bbox 218 4843 1812 4919">
     <span class='ocr_line' id='line_1_90' title="bbox 218 4843 1812 4919; baseline 0.006 -25"><span class='ocrx_word' id='word_1_532' title='bbox 218 4843 453 4913; x_wconf 82' lang='grc' dir='ltr'>δραμεῖν</span> <span class='ocrx_word' id='word_1_533' title='bbox 490 4845 687 4910; x_wconf 81' lang='grc' dir='ltr'>αὐτοὺς</span> <span class='ocrx_word' id='word_1_534' title='bbox 732 4847 840 4899; x_wconf 83' lang='grc' dir='ltr'><strong>ὑπὸ</strong></span> <span class='ocrx_word' id='word_1_535' title='bbox 881 4847 1250 4917; x_wconf 84' lang='grc' dir='ltr'>περιχαρείας</span> <span class='ocrx_word' id='word_1_536' title='bbox 1280 4847 1402 4900; x_wconf 84' lang='grc' dir='ltr'>ὅλον</span> <span class='ocrx_word' id='word_1_537' title='bbox 1441 4848 1503 4901; x_wconf 76' lang='grc' dir='ltr'>τὸ</span> <span class='ocrx_word' id='word_1_538' title='bbox 1530 4847 1812 4919; x_wconf 82' lang='grc' dir='ltr'>διάστημα</span> 
     </span>
    </p>
   </div>
   <div class='ocr_carea' id='block_1_91' title="bbox 224 4935 1811 5010">
    <p class='ocr_par' dir='ltr' id='par_1_91' title="bbox 224 4935 1811 5010">
     <span class='ocr_line' id='line_1_91' title="bbox 224 4935 1811 5010; baseline 0.004 -24"><span class='ocrx_word' id='word_1_539' title='bbox 224 4936 391 5005; x_wconf 83' lang='grc' dir='ltr'>μέχρι</span> <span class='ocrx_word' id='word_1_540' title='bbox 422 4935 523 5005; x_wconf 88' lang='grc' dir='ltr'><strong>τῆς</strong></span> <span class='ocrx_word' id='word_1_541' title='bbox 548 4939 767 5002; x_wconf 81' lang='grc' dir='ltr'>νυκτὸς,</span> <span class='ocrx_word' id='word_1_542' title='bbox 804 4940 884 5002; x_wconf 82' lang='grc' dir='ltr'><strong>είς</strong></span> <span class='ocrx_word' id='word_1_543' title='bbox 912 4938 1056 4991; x_wconf 83' lang='grc' dir='ltr'><strong>ὀκτὼ</strong></span> <span class='ocrx_word' id='word_1_544' title='bbox 1087 4938 1182 4990; x_wconf 79' lang='grc' dir='ltr'><strong>καὶ</strong></span> <span class='ocrx_word' id='word_1_545' title='bbox 1210 4938 1381 5010; x_wconf 72' lang='grc' dir='ltr'>ἥμισυ</span> <span class='ocrx_word' id='word_1_546' title='bbox 1417 4938 1573 5008; x_wconf 88' lang='grc' dir='ltr'>μίλια</span> <span class='ocrx_word' id='word_1_547' title='bbox 1597 4956 1811 5009; x_wconf 84' lang='grc' dir='ltr'>συμπο-</span> 
     </span>
    </p>
   </div>
   <div class='ocr_carea' id='block_1_92' title="bbox 221 5028 1204 5103">
    <p class='ocr_par' dir='ltr' id='par_1_92' title="bbox 221 5028 1204 5103">
     <span class='ocr_line' id='line_1_92' title="bbox 221 5028 1204 5103; baseline 0.005 -25"><span class='ocrx_word' id='word_1_548' title='bbox 221 5044 315 5079; x_wconf 69' lang='grc' dir='ltr'><strong>σου</strong></span> <span class='ocrx_word' id='word_1_549' title='bbox 325 5028 503 5088; x_wconf 80' lang='grc' dir='ltr'>μένων</span> <span class='ocrx_word' id='word_1_550' title='bbox 526 5029 634 5083; x_wconf 85' lang='grc' dir='ltr'><strong>τῶν</strong></span> <span class='ocrx_word' id='word_1_551' title='bbox 659 5029 925 5103; x_wconf 81' lang='grc' dir='ltr'>ἐξήκοντα</span> <span class='ocrx_word' id='word_1_552' title='bbox 952 5031 1204 5085; x_wconf 86' lang='grc' dir='ltr'>σταδίων.</span> 
     </span>
    </p>
   </div>
   <div class='ocr_carea' id='block_1_93' title="bbox 286 5227 1803 5311">
    <p class='ocr_par' dir='ltr' id='par_1_93' title="bbox 286 5227 1803 5311">
     <span class='ocr_line' id='line_1_93' title="bbox 286 5227 1803 5311; baseline 0.001 -28"><span class='ocrx_word' id='word_1_553' title='bbox 286 5228 395 5284; x_wconf 84' lang='lat' dir='ltr'><strong>Kal</strong></span> <span class='ocrx_word' id='word_1_554' title='bbox 432 5261 501 5270; x_wconf 92' lang='lat'><strong><em>—</em></strong></span> <span class='ocrx_word' id='word_1_555' title='bbox 550 5231 777 5297; x_wconf 79' lang='grc' dir='ltr'>αὐτοῖς.</span> <span class='ocrx_word' id='word_1_556' title='bbox 824 5234 928 5287; x_wconf 79' lang='grc' dir='ltr'><strong>Σὺν</strong></span> <span class='ocrx_word' id='word_1_557' title='bbox 973 5232 1160 5295; x_wconf 81' lang='grc' dir='ltr'>αὐτοῖς</span> <span class='ocrx_word' id='word_1_558' title='bbox 1209 5227 1373 5304; x_wconf 79' lang='grc' dir='ltr'>ἦσαν,</span> <span class='ocrx_word' id='word_1_559' title='bbox 1505 5246 1650 5292; x_wconf 79' lang='grc' dir='ltr'>τινες</span> <span class='ocrx_word' id='word_1_560' title='bbox 1692 5229 1803 5284; x_wconf 78' lang='grc' dir='ltr'><strong>τῶν</strong></span> 
     </span>
    </p>
   </div>
   <div class='ocr_carea' id='block_1_94' title="bbox 1918 4763 3507 4836">
    <p class='ocr_par' dir='ltr' id='par_1_94' title="bbox 1918 4763 3507 4836">
     <span class='ocr_line' id='line_1_94' title="bbox 1918 4763 3507 4836; baseline -0.003 -15"><span class='ocrx_word' id='word_1_561' title='bbox 1918 4776 2039 4821; x_wconf 85' lang='lat' dir='ltr'><strong>erat</strong></span> <span class='ocrx_word' id='word_1_562' title='bbox 2067 4764 2151 4819; x_wconf 87' lang='lat' dir='ltr'><strong>via</strong></span> <span class='ocrx_word' id='word_1_563' title='bbox 2183 4766 2462 4836; x_wconf 76' lang='lat' dir='ltr'><strong>sexaginta</strong></span> <span class='ocrx_word' id='word_1_564' title='bbox 2499 4765 2820 4819; x_wconf 88' lang='lat' dir='ltr'><strong>stadiorum.</strong></span> <span class='ocrx_word' id='word_1_565' title='bbox 2849 4763 3163 4818; x_wconf 80' lang='lat' dir='ltr'><strong>Verisimile</strong></span> <span class='ocrx_word' id='word_1_566' title='bbox 3185 4772 3270 4818; x_wconf 89' lang='lat' dir='ltr'><strong>est</strong></span> <span class='ocrx_word' id='word_1_567' title='bbox 3303 4774 3507 4827; x_wconf 86' lang='lat' dir='ltr'><strong>autem,</strong></span> 
     </span>
    </p>
   </div>
   <div class='ocr_carea' id='block_1_95' title="bbox 1919 4855 3512 4929">
    <p class='ocr_par' dir='ltr' id='par_1_95' title="bbox 1919 4855 3512 4929">
     <span class='ocr_line' id='line_1_95' title="bbox 1919 4855 3512 4929; baseline -0.002 -15"><span class='ocrx_word' id='word_1_568' title='bbox 1919 4860 2064 4929; x_wconf 90' lang='lat' dir='ltr'><strong>quod</strong></span> <span class='ocrx_word' id='word_1_569' title='bbox 2106 4860 2422 4914; x_wconf 84' lang='lat' dir='ltr'><strong>declinante</strong></span> <span class='ocrx_word' id='word_1_570' title='bbox 2446 4858 2561 4913; x_wconf 90' lang='lat' dir='ltr'><strong>sole</strong></span> <span class='ocrx_word' id='word_1_571' title='bbox 2582 4855 2937 4912; x_wconf 90' lang='lat' dir='ltr'><strong>cucurrerint</strong></span> <span class='ocrx_word' id='word_1_572' title='bbox 2968 4871 3079 4927; x_wconf 66' lang='lat' dir='ltr'><strong>pra:</strong></span> <span class='ocrx_word' id='word_1_573' title='bbox 3110 4855 3284 4911; x_wconf 90' lang='lat' dir='ltr'><strong>nimio</strong></span> <span class='ocrx_word' id='word_1_574' title='bbox 3314 4857 3512 4928; x_wconf 84' lang='lat' dir='ltr'><strong>gaudio</strong></span> 
     </span>
    </p>
   </div>
   <div class='ocr_carea' id='block_1_96' title="bbox 1921 4949 3509 5019">
    <p class='ocr_par' dir='ltr' id='par_1_96' title="bbox 1921 4949 3509 5019">
     <span class='ocr_line' id='line_1_96' title="bbox 1921 4949 3509 5019; baseline -0.002 -13"><span class='ocrx_word' id='word_1_575' title='bbox 1921 4960 2096 5007; x_wconf 88' lang='lat' dir='ltr'><strong>totum</strong></span> <span class='ocrx_word' id='word_1_576' title='bbox 2129 4951 2479 5007; x_wconf 84' lang='lat' dir='ltr'><strong>intervallum</strong></span> <span class='ocrx_word' id='word_1_577' title='bbox 2511 4951 2579 5006; x_wconf 89' lang='lat' dir='ltr'><strong>ad</strong></span> <span class='ocrx_word' id='word_1_578' title='bbox 2620 4959 2840 5015; x_wconf 84' lang='lat' dir='ltr'><strong>noctem</strong></span> <span class='ocrx_word' id='word_1_579' title='bbox 2870 4962 3069 5019; x_wconf 87' lang='lat' dir='ltr'><strong>usque,</strong></span> <span class='ocrx_word' id='word_1_580' title='bbox 3104 4959 3312 5019; x_wconf 89' lang='lat' dir='ltr'><strong>septem</strong></span> <span class='ocrx_word' id='word_1_581' title='bbox 3355 4949 3509 5004; x_wconf 86' lang='lat' dir='ltr'><strong>vide-</strong></span> 
     </span>
    </p>
   </div>
   <div class='ocr_carea' id='block_1_97' title="bbox 1915 5038 3508 5113">
    <p class='ocr_par' dir='ltr' id='par_1_97' title="bbox 1915 5038 3508 5113">
     <span class='ocr_line' id='line_1_97' title="bbox 1915 5038 3508 5113; baseline -0.003 -15"><span class='ocrx_word' id='word_1_582' title='bbox 1915 5044 2047 5099; x_wconf 89' lang='lat' dir='ltr'><strong>licet</strong></span> <span class='ocrx_word' id='word_1_583' title='bbox 2073 5044 2245 5099; x_wconf 89' lang='lat' dir='ltr'><strong>millia</strong></span> <span class='ocrx_word' id='word_1_584' title='bbox 2279 5051 2336 5098; x_wconf 91' lang='lat' dir='ltr'><strong>et</strong></span> <span class='ocrx_word' id='word_1_585' title='bbox 2368 5042 2659 5098; x_wconf 86' lang='lat' dir='ltr'><strong>dimidium</strong></span> <span class='ocrx_word' id='word_1_586' title='bbox 2687 5080 2704 5108; x_wconf 88' lang='lat'><strong><em>,</em></strong></span> <span class='ocrx_word' id='word_1_587' title='bbox 2733 5056 2856 5113; x_wconf 69' lang='lat' dir='ltr'><strong>qua</strong></span> <span class='ocrx_word' id='word_1_588' title='bbox 2911 5040 2967 5095; x_wconf 91' lang='lat' dir='ltr'><strong>in</strong></span> <span class='ocrx_word' id='word_1_589' title='bbox 3016 5038 3296 5111; x_wconf 64' lang='lat' dir='ltr'><strong>praedictis</strong></span> <span class='ocrx_word' id='word_1_590' title='bbox 3350 5050 3508 5095; x_wconf 84' lang='lat' dir='ltr'><strong>erant</strong></span> 
     </span>
    </p>
   </div>
   <div class='ocr_carea' id='block_1_98' title="bbox 1916 5140 2132 5195">
    <p class='ocr_par' dir='ltr' id='par_1_98' title="bbox 1916 5140 2132 5195">
     <span class='ocr_line' id='line_1_98' title="bbox 1916 5140 2132 5195; baseline -0.009 0"><span class='ocrx_word' id='word_1_591' title='bbox 1916 5140 2132 5195; x_wconf 87' lang='lat' dir='ltr'><strong>stadiis.</strong></span> 
     </span>
    </p>
   </div>
   <div class='ocr_carea' id='block_1_99' title="bbox 1986 5230 3502 5304">
    <p class='ocr_par' dir='ltr' id='par_1_99' title="bbox 1986 5230 3502 5304">
     <span class='ocr_line' id='line_1_99' title="bbox 1986 5230 3502 5304; baseline -0.001 -15"><span class='ocrx_word' id='word_1_592' title='bbox 1986 5234 2149 5290; x_wconf 79' lang='lat' dir='ltr'><strong>Vers.</strong></span> <span class='ocrx_word' id='word_1_593' title='bbox 2175 5234 2266 5291; x_wconf 78' lang='lat'><strong>55.</strong></span> <span class='ocrx_word' id='word_1_594' title='bbox 2306 5231 2378 5289; x_wconf 82' lang='lat' dir='ltr'><strong>Et</strong></span> <span class='ocrx_word' id='word_1_595' title='bbox 2409 5234 2631 5291; x_wconf 77' lang='lat' dir='ltr'><strong>—itlis.</strong></span> <span class='ocrx_word' id='word_1_596' title='bbox 2663 5232 2927 5300; x_wconf 76' lang='lat' dir='ltr'><strong>Quicum</strong></span> <span class='ocrx_word' id='word_1_597' title='bbox 2970 5230 3078 5290; x_wconf 85' lang='lat' dir='ltr'><strong>illis</strong></span> <span class='ocrx_word' id='word_1_598' title='bbox 3130 5242 3309 5300; x_wconf 86' lang='lat' dir='ltr'><strong>erant,</strong></span> <span class='ocrx_word' id='word_1_599' title='bbox 3352 5242 3502 5304; x_wconf 77' lang='lat' dir='ltr'><strong>puta,</strong></span> 
     </span>
    </p>
   </div>
   <div class='ocr_carea' id='block_1_100' title="bbox 1412 5414 2297 5479">
    <p class='ocr_par' dir='ltr' id='par_1_100' title="bbox 1412 5414 2297 5479">
     <span class='ocr_line' id='line_1_100' title="bbox 1412 5414 2297 5479; baseline 0.005 -4"><span class='ocrx_word' id='word_1_600' title='bbox 1412 5415 1621 5476; x_wconf 67' lang='lat' dir='ltr'><strong>Varius</strong></span> <span class='ocrx_word' id='word_1_601' title='bbox 1662 5414 1973 5479; x_wconf 88' lang='lat' dir='ltr'><strong>lectiones</strong></span> <span class='ocrx_word' id='word_1_602' title='bbox 2013 5420 2075 5478; x_wconf 87' lang='lat' dir='ltr'><strong>et</strong></span> <span class='ocrx_word' id='word_1_603' title='bbox 2105 5422 2297 5479; x_wconf 65' lang='lat' dir='ltr'><strong>notae.</strong></span> 
     </span>
    </p>
   </div>
   <div class='ocr_carea' id='block_1_101' title="bbox 287 5574 1801 5651">
    <p class='ocr_par' dir='ltr' id='par_1_101' title="bbox 287 5574 1801 5651">
     <span class='ocr_line' id='line_1_101' title="bbox 287 5574 1801 5651; baseline 0.003 -22"><span class='ocrx_word' id='word_1_604' title='bbox 287 5574 397 5647; x_wconf 87' lang='lat'><strong>(88)</strong></span> <span class='ocrx_word' id='word_1_605' title='bbox 420 5576 547 5651; x_wconf 59' lang='grc' dir='ltr'><strong>Νῦν</strong></span> <span class='ocrx_word' id='word_1_606' title='bbox 572 5577 639 5651; x_wconf 71' lang='grc' dir='ltr'>δὲ</span> <span class='ocrx_word' id='word_1_607' title='bbox 656 5610 727 5651; x_wconf 58' lang='grc' dir='ltr'><strong>έ-</strong></span> <span class='ocrx_word' id='word_1_608' title='bbox 754 5579 1214 5651; x_wconf 65' lang='grc' dir='ltr'>ἀξζηλπίσαμεγ.</span> <span class='ocrx_word' id='word_1_609' title='bbox 1247 5578 1373 5634; x_wconf 69' lang='lat' dir='ltr'><strong>llaec</strong></span> <span class='ocrx_word' id='word_1_610' title='bbox 1394 5578 1672 5651; x_wconf 88' lang='lat' dir='ltr'><strong>interpres</strong></span> <span class='ocrx_word' id='word_1_611' title='bbox 1691 5594 1801 5633; x_wconf 88' lang='lat' dir='ltr'><strong>non</strong></span> 
     </span>
    </p>
   </div>
   <div class='ocr_carea' id='block_1_102' title="bbox 217 5647 1798 5720">
    <p class='ocr_par' dir='ltr' id='par_1_102' title="bbox 217 5647 1798 5720">
     <span class='ocr_line' id='line_1_102' title="bbox 217 5647 1798 5720; baseline 0.003 -20"><span class='ocrx_word' id='word_1_612' title='bbox 217 5647 480 5720; x_wconf 71' lang='lat' dir='ltr'><strong>agnuscit.</strong></span> <span class='ocrx_word' id='word_1_613' title='bbox 513 5648 697 5720; x_wconf 78' lang='lat' dir='ltr'><strong>lletlde</strong></span> <span class='ocrx_word' id='word_1_614' title='bbox 731 5668 741 5701; x_wconf 93' lang='lat'>:</span> <span class='ocrx_word' id='word_1_615' title='bbox 783 5648 940 5720; x_wconf 69' lang='lat' dir='ltr'><strong>Nunc</strong></span> <span class='ocrx_word' id='word_1_616' title='bbox 978 5665 1098 5720; x_wconf 82' lang='lat' dir='ltr'><strong>vero</strong></span> <span class='ocrx_word' id='word_1_617' title='bbox 1128 5651 1202 5703; x_wconf 85' lang='lat' dir='ltr'><strong>ita</strong></span> <span class='ocrx_word' id='word_1_618' title='bbox 1236 5660 1504 5703; x_wconf 86' lang='lat' dir='ltr'><strong>mortuum</strong></span> <span class='ocrx_word' id='word_1_619' title='bbox 1547 5647 1798 5720; x_wconf 68' lang='lat' dir='ltr'><strong>despera-</strong></span> 
     </span>
    </p>
   </div>
   <div class='ocr_carea' id='block_1_103' title="bbox 219 5718 1804 5790">
    <p class='ocr_par' dir='ltr' id='par_1_103' title="bbox 219 5718 1804 5790">
     <span class='ocr_line' id='line_1_103' title="bbox 219 5718 1804 5790; baseline 0.002 -20"><span class='ocrx_word' id='word_1_620' title='bbox 219 5735 361 5772; x_wconf 78' lang='lat' dir='ltr'><strong>mus.</strong></span> <span class='ocrx_word' id='word_1_621' title='bbox 398 5718 661 5789; x_wconf 79' lang='lat' dir='ltr'><strong>lutelbge,</strong></span> <span class='ocrx_word' id='word_1_622' title='bbox 694 5720 859 5774; x_wconf 71' lang='grc' dir='ltr'>αὑτὸν</span> <span class='ocrx_word' id='word_1_623' title='bbox 882 5718 1023 5774; x_wconf 78' lang='grc' dir='ltr'>εἶναι</span> <span class='ocrx_word' id='word_1_624' title='bbox 1082 5719 1385 5790; x_wconf 79' lang='grc' dir='ltr'>λυτρωτὴν.</span> <span class='ocrx_word' id='word_1_625' title='bbox 1426 5721 1607 5776; x_wconf 88' lang='lat' dir='ltr'><strong>Possit</strong></span> <span class='ocrx_word' id='word_1_626' title='bbox 1639 5718 1804 5777; x_wconf 88' lang='lat' dir='ltr'><strong>etiam</strong></span> 
     </span>
    </p>
   </div>
   <div class='ocr_carea' id='block_1_104' title="bbox 292 5873 1083 5943">
    <p class='ocr_par' dir='ltr' id='par_1_104' title="bbox 292 5873 1083 5943">
     <span class='ocr_line' id='line_1_104' title="bbox 292 5873 1083 5943; baseline 0.006 -18"><span class='ocrx_word' id='word_1_627' title='bbox 292 5873 399 5943; x_wconf 68' lang='grc' dir='ltr'><strong>(Ιώ)</strong></span> <span class='ocrx_word' id='word_1_628' title='bbox 436 5874 698 5931; x_wconf 78' lang='lat' dir='ltr'><strong>Salicbat.</strong></span> <span class='ocrx_word' id='word_1_629' title='bbox 728 5885 835 5929; x_wconf 87' lang='lat' dir='ltr'><strong>etc.</strong></span> <span class='ocrx_word' id='word_1_630' title='bbox 868 5875 1083 5930; x_wconf 87' lang='lat' dir='ltr'><strong>Omisso</strong></span> 
     </span>
    </p>
   </div>
   <div class='ocr_carea' id='block_1_105' title="bbox 220 5946 1798 6019">
    <p class='ocr_par' dir='ltr' id='par_1_105' title="bbox 220 5946 1798 6019">
     <span class='ocr_line' id='line_1_105' title="bbox 220 5946 1798 6019; baseline 0.003 -19"><span class='ocrx_word' id='word_1_631' title='bbox 220 5947 436 6000; x_wconf 74' lang='lat' dir='ltr'><strong>duobus</strong></span> <span class='ocrx_word' id='word_1_632' title='bbox 467 5946 743 6000; x_wconf 74' lang='lat' dir='ltr'><strong>vocabulis</strong></span> <span class='ocrx_word' id='word_1_633' title='bbox 775 5948 1013 6001; x_wconf 78' lang='lat' dir='ltr'><strong>reddidit</strong></span> <span class='ocrx_word' id='word_1_634' title='bbox 1036 5946 1169 6001; x_wconf 83' lang='lat' dir='ltr'><strong>tria.</strong></span> <span class='ocrx_word' id='word_1_635' title='bbox 1206 5948 1478 6004; x_wconf 68' lang='lat' dir='ltr'><strong>Caeterum</strong></span> <span class='ocrx_word' id='word_1_636' title='bbox 1505 5946 1798 6019; x_wconf 72' lang='lat' dir='ltr'><strong>utrumipic</strong></span> 
     </span>
    </p>
   </div>
   <div class='ocr_carea' id='block_1_106' title="bbox 538 6042 1266 6106">
    <p class='ocr_par' dir='ltr' id='par_1_106' title="bbox 538 6042 1266 6106">
     <span class='ocr_line' id='line_1_106' title="bbox 538 6042 1266 6106; baseline 0.007 -6"><span class='ocrx_word' id='word_1_637' title='bbox 538 6042 809 6105; x_wconf 67' lang='grc' dir='ltr'>Ριιτιειιιι..</span> <span class='ocrx_word' id='word_1_638' title='bbox 855 6045 971 6105; x_wconf 77' lang='lat' dir='ltr'><strong>Gn.</strong></span> <span class='ocrx_word' id='word_1_639' title='bbox 1008 6044 1266 6106; x_wconf 78' lang='lat' dir='ltr'><strong>CXXIX.</strong></span> 
     </span>
    </p>
   </div>
   <div class='ocr_carea' id='block_1_107' title="bbox 1913 5577 3504 5642">
    <p class='ocr_par' dir='ltr' id='par_1_107' title="bbox 1913 5577 3504 5642">
     <span class='ocr_line' id='line_1_107' title="bbox 1913 5577 3504 5642; baseline -0.002 -8"><span class='ocrx_word' id='word_1_640' title='bbox 1913 5580 2075 5635; x_wconf 90' lang='lat' dir='ltr'><strong>alicui</strong></span> <span class='ocrx_word' id='word_1_641' title='bbox 2142 5581 2197 5635; x_wconf 90' lang='lat' dir='ltr'><strong>in</strong></span> <span class='ocrx_word' id='word_1_642' title='bbox 2246 5590 2486 5635; x_wconf 88' lang='lat' dir='ltr'><strong>mentem</strong></span> <span class='ocrx_word' id='word_1_643' title='bbox 2536 5581 2726 5635; x_wconf 86' lang='lat' dir='ltr'><strong>venire</strong></span> <span class='ocrx_word' id='word_1_644' title='bbox 2782 5578 3150 5642; x_wconf 79' lang='grc' dir='ltr'>ἀποθανόντος</span> <span class='ocrx_word' id='word_1_645' title='bbox 3224 5577 3504 5633; x_wconf 85' lang='lat' dir='ltr'><strong>intellecto</strong></span> 
     </span>
    </p>
   </div>
   <div class='ocr_carea' id='block_1_108' title="bbox 1915 5650 3202 5720">
    <p class='ocr_par' dir='ltr' id='par_1_108' title="bbox 1915 5650 3202 5720">
     <span class='ocr_line' id='line_1_108' title="bbox 1915 5650 3202 5720; baseline -0.001 -16"><span class='ocrx_word' id='word_1_646' title='bbox 1915 5652 2110 5714; x_wconf 81' lang='grc' dir='ltr'>αὐτοῦ,</span> <span class='ocrx_word' id='word_1_647' title='bbox 2146 5650 2308 5705; x_wconf 76' lang='lat' dir='ltr'><strong>Nunc</strong></span> <span class='ocrx_word' id='word_1_648' title='bbox 2353 5667 2476 5706; x_wconf 85' lang='lat' dir='ltr'><strong>vero</strong></span> <span class='ocrx_word' id='word_1_649' title='bbox 2497 5653 2572 5705; x_wconf 87' lang='lat' dir='ltr'><strong>ita</strong></span> <span class='ocrx_word' id='word_1_650' title='bbox 2601 5663 2809 5705; x_wconf 85' lang='lat' dir='ltr'><strong>mortuo</strong></span> <span class='ocrx_word' id='word_1_651' title='bbox 2839 5652 3202 5720; x_wconf 71' lang='lat' dir='ltr'><strong>desperamur.</strong></span> 
     </span>
    </p>
   </div>
   <div class='ocr_carea' id='block_1_109' title="bbox 1990 5722 2682 5796">
    <p class='ocr_par' dir='ltr' id='par_1_109' title="bbox 1990 5722 2682 5796">
     <span class='ocr_line' id='line_1_109' title="bbox 1990 5722 2682 5796; baseline 0.003 -22"><span class='ocrx_word' id='word_1_652' title='bbox 1990 5723 2101 5796; x_wconf 69' lang='lat' dir='ltr'><strong>(se)</strong></span> <span class='ocrx_word' id='word_1_653' title='bbox 2157 5722 2368 5787; x_wconf 77' lang='grc' dir='ltr'>Δὺτούς</span> <span class='ocrx_word' id='word_1_654' title='bbox 2416 5724 2590 5779; x_wconf 88' lang='lat' dir='ltr'><strong>abest.</strong></span> <span class='ocrx_word' id='word_1_655' title='bbox 2616 5722 2682 5776; x_wconf 83' lang='lat' dir='ltr'><strong>A.</strong></span> 
     </span>
    </p>
   </div>
   <div class='ocr_carea' id='block_1_110' title="bbox 1138 5877 1816 5949">
    <p class='ocr_par' dir='ltr' id='par_1_110' title="bbox 1138 5877 1793 5949">
     <span class='ocr_line' id='line_1_110' title="bbox 1138 5877 1793 5949; baseline 0.006 -20"><span class='ocrx_word' id='word_1_656' title='bbox 1138 5877 1332 5947; x_wconf 73' lang='grc' dir='ltr'>ἤγουν,</span> <span class='ocrx_word' id='word_1_657' title='bbox 1390 5878 1663 5949; x_wconf 88' lang='lat' dir='ltr'><strong>interpres</strong></span> <span class='ocrx_word' id='word_1_658' title='bbox 1696 5895 1793 5948; x_wconf 83' lang='lat' dir='ltr'><strong>pro</strong></span> 
     </span>
    </p>
   </div>
   <div class='ocr_carea' id='block_1_111' title="bbox 1959 5877 3499 5949">
    <p class='ocr_par' dir='ltr' id='par_1_111' title="bbox 1959 5878 3499 5949">
     <span class='ocr_line' id='line_1_111' title="bbox 1959 5878 3499 5949; baseline 0 -15"><span class='ocrx_word' id='word_1_659' title='bbox 1959 5881 2151 5949; x_wconf 72' lang='grc' dir='ltr'>ρύζειν,</span> <span class='ocrx_word' id='word_1_660' title='bbox 2193 5884 2491 5937; x_wconf 52' lang='lat' dir='ltr'><strong>rubro-91&#39;.</strong></span> <span class='ocrx_word' id='word_1_661' title='bbox 2518 5884 2583 5939; x_wconf 70' lang='lat' dir='ltr'><strong>(lc</strong></span> <span class='ocrx_word' id='word_1_662' title='bbox 2620 5890 2768 5937; x_wconf 84' lang='lat' dir='ltr'><strong>IllOlll</strong></span> <span class='ocrx_word' id='word_1_663' title='bbox 2806 5888 2861 5934; x_wconf 81' lang='lat' dir='ltr'><strong>et</strong></span> <span class='ocrx_word' id='word_1_664' title='bbox 2922 5878 3085 5947; x_wconf 81' lang='lat' dir='ltr'><strong>pulsu</strong></span> <span class='ocrx_word' id='word_1_665' title='bbox 3129 5880 3311 5933; x_wconf 65' lang='lat' dir='ltr'><strong>cordis</strong></span> <span class='ocrx_word' id='word_1_666' title='bbox 3368 5882 3499 5934; x_wconf 68' lang='lat' dir='ltr'><strong>«ii</strong></span> 
     </span>
    </p>
   </div>
   <div class='ocr_carea' id='block_1_112' title="bbox 1910 5965 2017 6006">
    <p class='ocr_par' dir='ltr' id='par_1_112' title="bbox 1910 5965 2017 6006">
     <span class='ocr_line' id='line_1_112' title="bbox 1910 5965 2017 6006; baseline -0.019 0"><span class='ocrx_word' id='word_1_667' title='bbox 1910 5965 2017 6006; x_wconf 85' lang='lat' dir='ltr'><strong>tur.</strong></span> 
     </span>
    </p>
   </div>
   <div class='ocr_carea' id='block_1_113' title="bbox 3106 6042 3179 6103">
    <p class='ocr_par' dir='ltr' id='par_1_113' title="bbox 3106 6042 3179 6103">
     <span class='ocr_line' id='line_1_113' title="bbox 3106 6042 3179 6103; baseline 0 0"><span class='ocrx_word' id='word_1_668' title='bbox 3106 6042 3179 6103; x_wconf 82' lang='grc'><strong>35</strong></span> 
     </span>
    </p>
   </div>
  </div>
