4016 6470
545 351 685 421 illi

1776 374 2157 435 EUTHYMII
2201 377 2567 442 ZIGABENI

3673 381 3810 447 1112

614 469 769 527 Vers.
810 472 859 529 Ι.
889 474 955 530 Et
994 475 1134 534 Deus
1162 491 1279 538 erat
1318 484 1564 544 Verbum.
1620 489 1758 543 Cum
1809 486 1973 544 Verbi
2012 505 2112 544 no-

2287 492 2397 546 Καὶ
2453 496 2599 560 Θεὸς
2634 490 2710 566 ἦν
2754 499 2787 551 ό
2810 496 3022 566 Λόγος.
3053 498 3412 571 Χρησάμενος
3443 496 3521 569 τῷ
3579 498 3804 569 ὀνόματι

539 567 690 623 mine
721 584 856 625 usus
894 570 1087 629 fuisset
1126 579 1195 633 ad
1230 580 1538 640 docendum
1574 585 1631 639 in
1660 600 1899 655 superna
1954 603 2122 654 gene-

540 660 749 714 ratione
766 660 1306 736 intemporalitatem,
1331 674 1741 746 aﬂectuumque
1794 679 2119 742 carentiain,

537 762 692 807 curat
726 752 986 826 deinceps
1020 773 1083 814 ac
1112 762 1249 815 tollit
1287 764 1549 820 damnum
1576 768 1725 837 quod
1749 768 1817 822 ad
1868 768 1971 823 hoc
2024 786 2122 821 no-

537 859 661 897 men
690 845 947 918 subrepit
980 862 1151 921 :puta
1212 870 1280 909 ne
1332 857 1458 926 quis
1494 859 1857 928 blasphemet,
1924 870 2123 930 putans

534 933 641 987 tale
670 936 902 991 verbum
922 953 1047 993 esse
1078 942 1239 1010 quale
1262 954 1513 1000 nostrum
1544 957 1649 1010 est,
1681 948 1799 1003 sive
1839 950 2119 1002 internum

533 1024 649 1079 sive
685 1026 737 1079 id
774 1029 917 1098 quod
949 1030 1281 1099 proferimus
1311 1051 1326 1101 ;
1352 1052 1531 1107 neque
1555 1038 1702 1093 enim
1742 1038 1846 1093 tale
1874 1048 1976 1101 est,
2025 1039 2119 1094 sed

533 1117 915 1184 substantiale,
966 1122 1211 1193 ejusdem
1262 1142 1386 1181 cum
1442 1127 1603 1183 Patre
1658 1138 1867 1184 natum
1921 1145 1985 1185 ac
2036 1129 2119 1183 di-

530 1210 776 1279 gnitatis.

605 1299 762 1357 νει-ε.
802 1304 857 1357 2.
889 1305 1087 1359 Ηοε-
1111 1307 1301 1363 Deum.
1325 1307 1466 1365 Cum
1510 1310 1743 1369 dixisset
1790 1316 1936 1383 quod
1970 1332 2119 1371 scm-

531 1406 629 1460 per
658 1404 798 1460 erat,
851 1398 1109 1467 quodque
1158 1414 1189 1453 a
1222 1397 1383 1457 Patre
1442 1402 1835 1474 inseparabile,
1871 1417 1924 1461 et
1972 1408 2119 1476 quod

534 1480 678 1536 Deus
700 1494 867 1539 erat:
924 1486 1077 1541 brevi
1135 1488 1496 1562 mirandoque
1537 1492 1722 1561 modo,
1785 1494 2116 1565 theologiam

529 1589 693 1640 quam
724 1574 792 1629 de
823 1576 928 1633 hoc
943 1580 1224 1649 exposuit,
1263 1581 1318 1636 in
1352 1596 1623 1639 summam
1668 1585 1908 1657 redigit:
1964 1602 2117 1641 com-

530 1664 792 1731 pendium
857 1666 1055 1722 divina:
1116 1671 1183 1725 de
1243 1684 1310 1726 eo
1364 1673 1695 1745 cognitionis
1741 1676 1901 1731 nobis
1969 1692 2113 1747 prie-

528 1759 688 1811 bens.

2224 583 2319 637 τοῦ
2353 585 2532 654 Λόγου
2565 587 2701 657 πρὸς
2743 587 3098 644 διδασκαλίαν
3137 592 3231 644 τοῦ
3264 591 3496 662 ἀχρόνου
3543 590 3639 645 καὶ
3672 593 3809 644 ἀπα·

2225 675 2353 739 θοῦς
2378 677 2500 748 ιτῆς
2547 678 2867 749 ὑπερφυοῦς
2926 680 3254 750 γεννήσεως,
3292 680 3483 734 λοιπὸν
3520 680 3807 749 θεραπεύει

2223 772 2324 839 τὴν
2360 769 2715 839 ὑφέρπουσαν
2745 768 2823 839 τῷ
2850 770 3078 839 ὀνόματι
3102 769 3326 840 βλάϐην,
3358 771 3445 823 ἵνα
3476 770 3550 838 μὴ
3570 769 3806 840 βλασφη-

2228 862 2382 935 μήσῃ
2415 880 2496 923 τις
2525 902 2539 925 ο
2569 861 2844 933 [θεόμενος
2878 861 2955 933 (7)
2986 863 3068 915 ὅτι
3103 861 3255 931 λόγος
3304 860 3471 932 ἐστὶν]
3496 858 3604 923 οἷος
3624 863 3655 915 ό
3680 865 3811 931 ὴμέ-

2224 968 2403 1021 τερος,
2423 952 2727 1016 ἐνδιάθετος
2749 953 2781 1023 ἢ
2803 952 3137 1024 προφορικός
3152 968 3164 979 ·
3192 955 3253 1005 οὐ
3278 953 3383 1020 γάρ
3404 955 3519 1005 ἐστι
3542 953 3805 1015 τοιοῦτος,

2223 1047 2341 1100 ἀλλ’
2382 1046 2770 1111 ὲνυπόστατος,
2812 1046 2911 1115 τῆς
2945 1047 3117 1116 αὐτῆς
3148 1045 3227 1115 τῷ
3269 1047 3439 1116 [la-.92
3475 1046 3686 1115 φύσεως
3716 1049 3811 1099 καὶ

2224 1139 2409 1206 ἀξίας.

2295 1314 2736 1385 Οὗτος-Θεόν.
2763 1316 2948 1370 Εἰπὼν
2976 1318 3056 1376 ὅτι
3086 1317 3173 1369 ἀεὶ
3189 1311 3277 1386 ἦν,
3304 1317 3397 1369 καὶ
3418 1317 3499 1368 ὅτι
3519 1314 3812 1385 ἐχώριστος

2222 1408 2315 1463 τοῦ
2380 1408 2595 1479 Πατρδς
2623 1403 2715 1478 ἦν,
2754 1408 2849 1461 καὶ
2878 1408 2962 1459 ὅτι
2993 1405 3125 1468 Θεὸς
3158 1399 3248 1476 ἦν,
3295 1400 3799 1472 ἁνεκετραλαιώσατι

2224 1503 2503 1571 συντόμως
2532 1498 2665 1571 ὁμοῦ
2703 1500 2798 1553 καὶ
2830 1497 3176 1568 θαυμασίως,
3199 1497 3266 1568 ἢν
3296 1495 3511 1560 ἐξέθετο
3532 1493 3661 1565 περὶ
3682 1492 3800 1546 τοῦ-

2215 1612 2317 1665 ετου
2351 1593 2633 1663 θεολογίαν
2669 1593 2769 1663 (8),
2821 1592 3044 1661 σύνοψιν
3073 1591 3208 1661 ἡμῖν
3247 1586 3523 1657 θεολογίας
3557 1588 3691 1658 περὶ
3712 1583 3801 1639 τοῦ

2224 1683 2354 1740 Υίοῦ
2382 1703 2535 1757 παρα
2544 1686 2832 1757 σχόμενος.

599 1849 927 1908 Dicentibus
953 1864 1172 1920 autem,
1198 1857 1342 1928 quod
1390 1858 1572 1915 omnis
1609 1859 1753 1916 ﬁlius
1812 1870 1963 1931 patre
2020 1876 2114 1931 po-

2297 1866 2440 1934 Πρὸς
2477 1864 2533 1919 δὲ
2566 1865 2690 1927 τοὺς
2726 1863 2986 1933 λέγοντας
3022 1865 3105 1919 δτι
3142 1865 3255 1927 Πᾶς
3299 1862 3413 1928 υίὸς
3442 1862 3668 1935 ὖστερός
3692 1863 3810 1917 tm

527 1944 729 1998 sterior
778 1956 903 2010 est,
941 1950 1444 2019 respondebimus:
1478 1952 1614 2008 Cum
1658 1953 1862 2021 dicitis,
1929 1957 2120 2014 Omnis

528 2033 693 2097 ﬁlius,
732 2035 842 2106 jam
876 2037 936 2093 id
961 2039 1108 2109 quod
1148 2041 1413 2111 quaeritur
1449 2042 1800 2101 dissolvistis.
1838 2044 1895 2100 Si
1918 2046 2118 2115 luidcm

529 2127 620 2182 Dci
664 2128 857 2198 Filius,
886 2147 995 2186 non
1031 2142 1112 2189 est
1145 2134 1288 2204 talis,
1318 2136 1495 2207 qualis
1515 2146 1599 2193 est
1620 2141 1802 2195 omnis
1830 2138 1995 2207 illius,
2020 2141 2116 2196 sed

524 2234 652 2274 vere
675 2223 1126 2290 superuaturalis.

593 2313 863 2367 Prteterea
904 2316 1255 2371 contentiose
1304 2319 1685 2375 asserentibus
1729 2336 1856 2376 cum
1893 2337 1985 2392 qui
2041 2323 2111 2378 ab

526 2404 711 2474 aliquo
742 2414 851 2470 est,
872 2420 1103 2462 necesse
1124 2409 1355 2463 omnino
1390 2425 1514 2467 esse
1548 2422 1605 2467 ut
1640 2414 1713 2467 sit
1742 2414 2017 2484 posterior
2047 2432 2114 2472 eo

523 2514 552 2552 a
591 2514 702 2569 quo
732 2508 839 2565 est,
866 2502 1309 2571 respondendum
1330 2515 1435 2569 est,
1464 2507 1610 2577 quod
1631 2508 1734 2563 etsi
1763 2508 1868 2565 hoc
1898 2510 2105 2575 dicant,

522 2591 655 2646 solis
690 2600 871 2647 tamen
906 2592 1092 2648 radius
1126 2609 1250 2650 cum
1282 2597 1351 2650 ab
1371 2596 1492 2667 ipso
1526 2599 1619 2663 sit,
1652 2615 1761 2654 non
1803 2612 1887 2656 est
1919 2616 1986 2657 eo
2017 2618 2115 2672 po-

522 2681 765 2747 sterior;
821 2697 1104 2753 nunquam
1132 2684 1279 2739 enim
1340 2687 1419 2742 sol
1448 2687 1571 2744 sine
1624 2691 1777 2746 radio
1840 2694 2108 2763 apparuit.

520 2774 679 2840 Quod
712 2773 833 2829 siin
862 2776 1254 2834 sensilibusita
1290 2790 1398 2848 est,
1429 2782 1691 2851 quidnam
1723 2785 1910 2842 dicere
1960 2788 2117 2859 quis-

521 2866 671 2935 piam
703 2867 907 2937 poterit
933 2868 1002 2924 de
1031 2870 1117 2925 bis
1145 2887 1268 2942 qua:
1305 2873 1517 2943 majora
1543 2885 1695 2940 sunt,
1721 2894 1886 2949 quam
1918 2888 1975 2935 ut
2003 2881 2114 2937 dici

519 2959 775 3029 possint?
803 2961 879 3015 Ex
908 2977 1018 3031 quo
1050 2973 1235 3019 autem
1288 2967 1456 3023 Deum
1508 2968 1691 3040 ipsum
1732 2987 1859 3028 esse
1912 2976 2113 3045 pradio

524 3053 693 3114 cavit.
736 3053 829 3109 dat
889 3056 1051 3109 etiam
1086 3057 1139 3112 ei
1171 3059 1471 3118 divinitatis
1519 3062 1773 3135 insigne:
1823 3066 1946 3121 dico
1978 3084 2113 3124 sane

2221 1954 2313 2008 τοῦ
2346 1954 2575 2023 πατρὸς,
2602 1952 2837 2025 ἐροῦμεν
2857 1954 2939 2008 ὅτι
2963 1952 3086 2020 Πᾶς
3111 1952 3240 2020 υίὸς
3259 1953 3524 2020 εἰπόντες,
3548 1952 3803 2007 λελῦκατι

2221 2048 2283 2102 τὸ
2315 2045 2671 2118 ζητούμενον.
2715 2046 2774 2100 Ὀ
2813 2047 2920 2117 γὰρ
2936 2046 3063 2109 Υἱὸς
3090 2045 3183 2099 τοῦ
3207 2044 3340 2099 Θεοῦ
3361 2044 3459 2099 οὐκ
3488 2044 3605 2100 ἐστι
3632 2044 3801 2100 τοιοῦ-

2222 2157 2315 2203 τος
2342 2134 2454 2203 οἷος
2491 2140 2599 2203 πᾶς
2632 2138 2769 2204 υίδς,
2802 2138 2917 2194 ἀλλ’
2945 2138 3115 2201 ὅντως
3151 2137 3459 2209 ὑπερφυής.

2293 2329 2418 2383 Ἔτι
2450 2326 2507 2381 δὲ
2532 2324 2668 2397 πρὸς
2692 2326 2821 2387 τοὺς
2869 2322 3333 2394 φιλονεικοῦντας,
3358 2322 3439 2375 ὅτι
3468 2321 3541 2374 Τὸ
3578 2320 3642 2374 ἐκ
3666 2336 3801 2381 τινος

2219 2418 2437 2489 ἀνάγκη
2465 2418 2686 2482 πάντως
2720 2411 2863 2470 εἷναι
2898 2414 3128 2484 ὕστερον
3168 2413 3263 2467 τοῦ
3306 2413 3365 2480 ἐξ
3387 2406 3448 2467 οὗ
3472 2412 3642 2476 ἔστιν,
3668 2415 3797 2465 ἁπο-

2218 2514 2476 2584 λογητέον
2506 2514 2591 2566 ὄτι
2626 2512 2737 2564 Καὶ
2763 2510 2870 2581 μὴν
2903 2509 2964 2562 τὸ
2993 2508 3338 2577 ἀπαύγασμα
3378 2505 3472 2559 τοῦ
3523 2504 3702 2576 ἡλίου,
3742 2504 3798 2568 ἐξ

2220 2604 2384 2661 αὐτοῦ
2422 2604 2499 2677 (9)
2529 2603 2611 2669 ὃν,
2638 2604 2740 2657 οὐκ
2780 2601 2927 2655 ἐστιν
2950 2598 3176 2670 ὕστερον
3198 2596 3393 2652 αὐτοῦ’
3418 2597 3672 2651 οὐδέποτε
3693 2593 3800 2665 γὰρ

2216 2702 2369 2773 ἥλιος
2396 2702 2571 2770 ἐφάνη
2600 2698 2770 2769 χωρὶς
2796 2696 3254 2764 ἀπαυγάσματος.
3276 2694 3338 2746 El
3358 2692 3402 2745 δ’
3434 2692 3526 2745 ἐπὶ
3563 2690 3670 2743 τῶν
3713 2690 3795 2739 αἱ-

2221 2793 2435 2865 σθητῶν
2474 2792 2651 2855 τοῦτο,
2676 2791 2729 2843 τί
2767 2790 2836 2845 ἄν
2866 2800 2950 2851 τις
2997 2788 3144 2841 είποι
3180 2786 3307 2856 περὶ
3354 2783 3462 2837 τῶν
3510 2782 3647 2851 ὑπὲρ
3691 2778 3799 2851 (l0)

2218 2889 2407 2956 λόγονς
2453 2886 2607 2938 Ἐπεὶ
2641 2883 2695 2936 δὲ
2728 2883 2861 2935 Θεὸν
2888 2879 3049 2934 αὐτὸν
3084 2875 3387 2949 ἀνεκήρυξε
3421 2875 3560 2947 (Η),
3590 2874 3798 2926 δίδωσιν

2219 2980 2371 3050 αὐτῷ
2427 2978 2521 3031 καὶ
2554 2976 2615 3029 τὸ
2647 2978 2939 3044 γνώρισμα
2996 2973 3095 3039 τῆς
3152 2969 3429 3037 θεότητος,
3468 2964 3611 3033 λέγω
3636 2964 3700 3033 δὴ
3740 2962 3801 3014 τὸ

2217 3070 2611 3143 δημιουργικόν
2633 3084 2647 3099 ·
2683 3067 2814 3121 Θεοί
2849 3066 2974 3136 γὰρ,
3000 3065 3182 3133 φησιν,
3210 3061 3267 3114 οἳ
3295 3061 3403 3115 τόν
3425 3058 3684 3125 οὐρανὸν·
3704 3054 3799 3108 καὶ

520 3146 747 3202 creandi
783 3150 1083 3219 potentiam
1117 3170 1129 3206 :
1162 3153 1249 3208 Dii
1288 3156 1457 3223 enim,
1503 3158 1706 3228 inquit,
1740 3162 1828 3231 qui
1860 3162 2113 3216 metumet

2226 3164 2334 3230 τὴν
2356 3160 2473 3230 γῆν
2501 3162 2611 3214 οὐκ
2642 3159 2961 3223 ἐποίησαν,
2986 3153 3432 3209 ἀπολέσθωσαν
3452 3168 3463 3181 ⁸
3493 3150 3583 3203 ῖνα
3616 3148 3689 3218 μὴ
3720 3163 3800 3198 νο-

520 3245 722 3291 terram
747 3254 851 3291 non
873 3240 1127 3309 fecerunt.
1165 3255 1385 3312 pereant
1409 3244 1464 3304 ⁵.
1494 3247 1551 3303 id
1575 3259 1781 3316 autem,
1821 3266 1889 3307 ne
1954 3260 2114 3323 pute-

518 3335 603 3385 ter
636 3328 798 3386 Patre
832 3333 1011 3388 minor
1036 3348 1179 3391 esse.

596 3422 750 3477 Vers.
788 3424 841 3478 '5.
889 3423 1174 3481 Omnia—
1210 3430 1412 3500 factum
1443 3441 1542 3489 est.
1578 3432 1717 3489 Cum
1780 3438 1965 3491 omnia
2015 3454 2114 3508 per

520 3515 699 3585 ipsum
730 3515 871 3570 facta
899 3518 1131 3574 dixisset
1161 3539 1174 3574 :
1200 3536 1271 3576 ne
1309 3532 1594 3592 putaretur
1619 3526 1673 3581 id
1722 3527 1791 3583 de
1836 3529 2115 3584 sensibili-

520 3611 627 3665 bus
656 3617 872 3663 tantum
908 3610 1134 3677 dixisse,
1172 3614 1417 3670 subdidit
1449 3635 1464 3672 :
1492 3619 1561 3673 Ει
1590 3621 1704 3674 sine
1756 3623 1867 3691 ipso
1910 3625 2113 3695 factum

520 3711 596 3755 est
621 3701 755 3755 nihil
775 3703 917 3769 quod
940 3705 1145 3774 factum
1181 3717 1277 3772 est,
1317 3708 1422 3764 hoc
1449 3721 1556 3777 est,
1589 3712 1729 3767 nihil
1747 3730 1939 3769 eorum
1994 3732 2115 3785 quae

521 3792 666 3847 facta
696 3802 852 3861 sunt,
903 3795 1021 3852 sive
1047 3799 1314 3855 sensibile
1335 3800 1427 3865 sit,
1458 3803 1573 3858 sive
1618 3804 1976 3877 inlelligibile.
2012 3808 2116 3861 Ex-

521 3884 765 3940 eluditur
797 3895 981 3945 autem
1036 3887 1275 3960 Spiritus
1336 3902 1563 3948 sanctus
1593 3911 1608 3953 :
1647 3912 1827 3967 neque
1851 3898 1997 3953 enim
2031 3898 2114 3954 fa-

521 3985 644 4031 ctus
672 3986 782 4045 est,
823 3987 881 4033 ut
915 3978 1061 4035 inter
1101 3982 1206 4037 alia
1257 3988 1787 4056 comprehendatur,
1834 3990 1929 4045 sed
1971 3990 2115 4046 infe-

519 4078 643 4137 ctus
672 4078 765 4125 aut
798 4072 1099 4140 increatus,
1135 4076 1283 4133 sicut
1333 4090 1391 4135 et
1446 4074 1619 4137 Filius
1664 4093 1719 4138 et
1760 4083 1945 4139 Pater.
1984 4085 2111 4141 Sola

520 4178 758 4234 namque
782 4164 966 4222 divina
985 4167 1224 4226 Trinitas
1250 4171 1451 4228 infecta
1480 4176 1598 4229 sive
1623 4175 1863 4231 increata
1893 4188 1999 4232 est.

590 4255 728 4312 Cum
747 4269 931 4314 autem
959 4260 1415 4321 demonstraverit
1439 4266 1633 4322 Filium
1665 4278 1967 4325 creatorem
1996 4288 2113 4332 om-

522 4350 608 4404 nis
648 4351 885 4407 visibilis
914 4354 1390 4423 atqueinvisibilis
1420 4369 1707 4427 creaturae,
1738 4377 1849 4417 non
1881 4364 2115 4423 exclusit

523 4440 734 4494 Patrum
770 4457 798 4495 a
832 4444 1055 4499 creandi
1092 4446 1378 4517 dignitate,
1415 4450 1513 4505 sed
1548 4450 1740 4507 docuit
1765 4461 1978 4508 tantum
2024 4454 2114 4509 Fi-

2222 3255 2445 3328 μισθείη
2472 3252 2565 3307 τοῦ
2599 3250 2811 3322 Πατρδς
2843 3251 3103 3302 ἐλάττων.

2290 3428 2500 3483 Πάντα
2522 3455 2597 3464 —
2625 3425 2894 3495 γέγονεν.
2924 3417 3178 3491 Εἱρηκὼς
3225 3417 3307 3471 ὅτι
3344 3414 3545 3470 Πάντα
3576 3414 3652 3467 δι’
3697 3412 3776 3466 αὑ

2220 3522 2326 3576 τοῦ
2358 3520 2617 3590 ἐγένετο,
2655 3518 2741 3571 ῐνα
2785 3516 2859 3586 μὴ
2910 3514 3038 3586 δόξῃ
3071 3514 3202 3583 περὶ
3259 3511 3436 3581 μόνων
3468 3509 3654 3577 λέγειν
3691 3508 3801 3560 τῶν

2221 3611 2521 3683 αἰσθητῶν,
2551 3611 2835 3678 ἐπήγαγεν
2860 3608 2940 3660 ὅτι
2970 3606 3078 3660 Kal
3124 3604 3303 3674 χωρὶς
3335 3599 3521 3657 αὐτοῦ
3566 3597 3803 3668 ἐγένετο

2218 3705 2478 3770 οὐδὲὲν,
2522 3702 2554 3757 ὃ
2612 3701 2847 3771 γέγονε,
2904 3698 3183 3752 τουτέστιν
3236 3696 3386 3749 οὐδὲν
3417 3692 3528 3746 τῶν
3577 3688 3804 3759 γενομέ-

2220 3820 2349 3863 νων,
2382 3799 2481 3852 κᾶν
2514 3796 2771 3865 αἰσθητὸν
2811 3793 2921 3863 εἴη,
2973 3793 3078 3846 κᾶν
3119 3790 3330 3861 νοητόν.
3420 3785 3793 3857 ’Υπεξῄρηται

2217 3894 2362 3950 δὲτὸ
2392 3890 2622 3961 Πνεῦμα
2649 3888 2711 3941 τὸ
2747 3889 2926 3955 ἆγιον.
2969 3884 3143 3939 Τοῦτο
3182 3885 3291 3953 γὰρ
3339 3882 3399 3935 οὐ
3440 3880 3663 3948 γέγονεν
3712 3877 3801 3929 ἵνα

2221 3990 2314 4042 καὶ
2345 3982 2870 4056 συμπαραληφθείη,
2903 3979 3022 4033 ἀλλ’
3052 3975 3317 4047 ἀγένητόν
3357 3972 3465 4045 (12)
3520 3973 3685 4035 ἐστιν,
3724 3972 3803 4023 εἰ·-

2219 4095 2350 4133 τουν
2377 4078 2656 4140 ἀκτιστον,
2692 4074 2882 4145 ὥσπερ
2914 4072 3009 4127 καὶ
3033 4074 3061 4125 ό
3088 4070 3214 4134 Υἱὸς
3243 4067 3334 4123 καὶ
3359 4070 3385 4120 ὁ
3411 4065 3622 4136 Πατήρ.
3647 4063 3801 4130 Μόνη

2220 4174 2329 4244 γὰρ
2362 4174 2393 4241 ἠ
2422 4171 2543 4224 θεία
2569 4169 2741 4241 Τριάς
2769 4167 2883 4235 (15)
2917 4166 3204 4235 ἀγένητος,
3246 4163 3415 4233 ἤγουν
3445 4159 3725 4219 ἀκτιστος.

2305 4260 2620 4328 ’Δποδείξας
2643 4263 2701 4316 δὲ
2742 4259 2835 4313 τὸν
2881 4258 3009 4312 Υίὸν
3063 4254 3393 4327 δημιουργὸν
3438 4251 3617 4319 πάσης
3646 4251 3783 4316 ὁρα-

2218 4360 2379 4429 τικῆς
2408 4357 2519 4427 (14)
2561 4355 2656 4408 καὶ
2686 4355 2920 4424 ἀοράτου
2969 4350 3222 4412 κτίσεως,
3277 4348 3378 4400 οὐκ
3432 4342 3654 4408 ἐξέϐαλε
3707 4340 3801 4393 τὸν

2221 4451 2445 4522 Πατέρα
2483 4448 2579 4501 τοῦ
2611 4444 3014 4517 δημιουργικοῦ
3076 4442 3411 4511 ἀξιώματος,
3453 4438 3587 4492 ἀλλά
3640 4436 3800 4505 μόνον

518 4533 652 4586 lium
684 4547 804 4588 esse
840 4544 1147 4592 creatorem
1193 4539 1340 4595 sicut
1370 4550 1424 4595 et
1451 4542 1671 4599 Patrem
1698 4561 1712 4610 ;
1740 4545 1796 4600 id
1823 4546 1973 4601 enim
2016 4549 2111 4603 tri-

2226 4543 2465 4607 ἐδίδαξεν
2492 4543 2576 4595 ὅτι
2611 4542 2703 4593 καὶ
2735 4540 2762 4591 ό
2795 4539 2923 4601 Υἱὸς
2966 4534 3303 4605 δημιουργός
3336 4534 3504 4591 ἐστιν,
3550 4528 3739 4596 ὥσπερ
3770 4528 3799 4580 ό

521 4625 623 4679 bus
652 4642 946 4683 oommune
990 4640 1097 4699 est,
1119 4646 1245 4688 cum
1283 4634 1355 4689 sit
1392 4634 1709 4696 Divinitatis
1765 4641 2005 4715 insigne,
2056 4654 2116 4700 ut

518 4718 843 4785 prtedictum
882 4730 988 4784 est,

592 4809 723 4865 Ideo
753 4828 973 4883 quoque
1007 4815 1063 4871 in
1092 4817 1278 4875 divina
1320 4820 1603 4895 Scriptura
1659 4830 1884 4885 creandi
1926 4839 2115 4902 poten-

521 4904 593 4956 tia
612 4907 943 4977 quandoque
978 4910 1045 4966 de
1079 4912 1239 4971 Patre
1273 4918 1500 4984 dicitur,
1534 4922 1865 4993 quandoque
1903 4924 1972 4979 de
2021 4924 2114 4979 Fi-

516 4995 611 5061 lio,
650 4996 927 5054 interdum
960 5018 1089 5059 vero
1123 5006 1191 5061 de
1227 5007 1435 5079 Spiritu
1466 5022 1689 5076 sancto.
1720 5024 1989 5085 tanquam
2026 5016 2109 5071 vi-

516 5086 717 5144 delicet
754 5091 915 5148 Patre
953 5095 1202 5167 volente,
1233 5101 1371 5159 Filio
1410 5114 1594 5161 autem
1651 5119 1947 5177 operante,
1985 5108 2108 5179 Spi-

621 5251 640 5283 ⁶
672 5248 882 5312 Jcrem.
915 5272 971 5327 x,
1008 5258 1101 5317 il.

2219 4634 2651 4708 Πατήροκοινδν
2683 4633 2795 4703 γὰρ
2833 4630 2995 4684 τοῦτο
3048 4629 3158 4683 τῶν
3224 4625 3413 4697 τριῶν,
3470 4623 3592 4676 ἐπεὶ
3639 4618 3799 4674 τοῦτο

2215 4733 2506 4805 γνώρισμά
2536 4734 2653 4786 ἐστι
2683 4730 2960 4798 θεότητος,
2989 4728 3063 4791 ὡς
3091 4727 3441 4797 προείρηται.

2286 4827 2378 4880 Διὸ
2432 4826 2527 4879 καὶ
2559 4826 2709 4895 παρὰ
2742 4827 2807 4894 τῇ
2841 4822 2961 4893 θείᾳ
3000 4822 3191 4891 Γραφῇ
3253 4817 3384 4872 ποτὲ
3447 4815 3547 4887 μὲν
3593 4811 3655 4865 τὸ
3704 4811 3795 4879 δη-

2216 4919 2541 4993 μιουργικὸν
2574 4921 2667 4971 ἐπὶ
2700 4916 2820 4990 [τοῦ
2853 4915 3069 4985 Πατρδς
3128 4913 3240 4983 (ιῦ)
3288 4911 3541 4977 λέγεται,
3580 4905 3708 4960 ποτὲ
3737 4904 3795 4959 δὲ

2215 5014 2309 5066 ἐπὶ
2329 5011 2424 5065 τοῦ
2456 5010 2619 5075 Υἱοῦ,
2677 5011 2810 5064 ποτε
2838 5010 2894 5063 δὲ
2929 5006 3044 5079 ἐπὶ]
3078 5006 3171 5059 τοῦ
3233 5007 3390 5073 ἁγίου
3438 5000 3789 5069 Πνεύματκ⁹

2216 5100 2307 5159 οἷα
2338 5104 2433 5158 τοῦ
2469 5104 2567 5175 μὲν
2606 5104 2819 5174 Πατρδς
2840 5100 3216 5165 εὐδοκοῦντος,
3252 5096 3345 5151 τοῦ
3380 5097 3434 5150 δὲ
3482 5091 3611 5147 Υιοῦ
3638 5095 3793 5163 ὶνερο

1716 5334 1917 5399 νει-ἰῶ
1963 5336 2272 5402 lectiones
2320 5346 2382 5403 et
2428 5344 2622 5401 notua.

586 5502 662 5569 (7)
702 5498 848 5556 Loco
882 5502 1078 5578 borum
1140 5514 1374 5578 quatuor
1406 5506 1833 5578 Avocabulorum
1865 5508 2102 5578 spatium

517 5583 763 5649 vacuum.
777 5574 945 5649 cst_in
977 5574 1101 5649 cod.
1131 5575 1193 5649 AA;
1213 5579 1366 5649 AAnte
1394 5575 1419 5628 ό
1448 5578 1724 5649 ἡμέτερος
1780 5574 1988 5647 autem,
2035 5581 2106 5635 le-

520 5639 667 5716 gitur
710 5638 845 5716 οξος.
873 5646 937 5699 Et
959 5641 1072 5709 οἷος
1099 5647 1316 5713 quidem
1360 5638 1567 5716 recepi.

585 5712 664 5777 (8)
683 5714 1013 5837 Aeacioyla,
1057 5712 1181 5773 cum
1219 5718 1399 5787 spatio
1428 5712 1603 5775 vacuo
1632 5722 1866 5778 duarum
1895 5722 2103 5779 littera-

587 5800 633 5834 ΠΙ
677 5828 688 5837 ,
730 5826 739 5836 .

516 5795 633 5834 rum
677 5795 739 5837 Α.

586 5851 657 5924 (9)
694 5852 815 5923 Ἤν,
851 5875 946 5927 pro
979 5858 1037 5912 ὃν
1068 5861 1130 5913 Α.

2426 5512 2531 5565 Τὸν
2558 5512 2709 5567 addit
2764 5511 2823 5565 Β.

2456 5583 2731 5653 Ἐκήρυξε
2791 5584 2855 5639 Α.

2276 5582 2392 5720 (Ηζ
2456 5583 2731 5653 Ἐκήρυξε
2791 5584 2855 5639 Α.

2301 5652 2365 5705 12
2435 5654 2757 5724 Ἀγέννητον
2821 5657 2884 5708 Α.

2280 5724 2394 5793 (15)
2449 5726 2777 5793 Ἀγέννητος
2840 5726 2879 5777 Α
2893 5767 2905 5779 .

2280 5795 2393 5861 (Η)
2424 5795 2821 5864 Corrigendum
2853 5798 3080 5864 ὁρατῆς.

2277 5866 2387 5937 (t5)
2422 5865 2637 5921 lnclu:a
2674 5869 2877 5921 omittit
2909 5872 2969 5923 Α.

2278 5510 2367 5577 (10

2371 5510 2392 5720 ξ
