4016 6472
539 444 682 507 1115

1806 455 2192 518 ΕυΤΗΥΜΙΙ
2234 458 2600 520 ZIGABENI

3668 469 3795 535 1116

533 561 699 615 licam
757 564 1223 633 prmdimtionem,
1277 582 1440 636 quam
1497 567 1816 627 hominibus
1874 575 2100 629 adduxit

2229 575 2326 629 τοῦ
2355 574 2716 646 Εὐάγγελίου,
2765 578 2793 632 ὃ
2820 578 3066 651 ἐπήγαγε
3099 583 3211 644 τοῖς
3248 580 3577 652 ἀνθρώποις,
3610 587 3795 650 ὠςαῐ.

532 664 724 723 utpote
772 672 990 712 causam
1027 660 1149 714 vita:
1183 660 1481 732 spiritualis
1508 679 1569 717 ac
1603 667 1931 736 cognitionis
1959 671 2116 725 lueis.

604 749 762 803 Vcrs.
796 749 848 801 5.
888 749 956 803 Et
989 751 1080 805 lux
1115 783 1178 796 --
1207 758 1731 824 comprehenderunt.
1767 759 1967 816 Lucem
1998 765 2120 834 qui-

534 841 656 893 dem
690 852 848 895 vocat
881 844 1348 912 pnedicationem,
1382 853 1605 918 prbpter
1640 850 1842 908 dictam
1871 870 2115 925 causam,

529 940 584 985 et
640 942 867 1002 propter
920 938 1210 992 veritatem
1265 955 1278 992 :
1344 941 1598 997 tenebras
1658 931 1787 1016 vero
1845 963 2112 1016 errorem,

530 1034 756 1093 propter
830 1025 1142 1100 falsitatem.
1211 1030 1348 1086 Dicit
1417 1049 1546 1103 ergo
1609 1053 1622 1089 :
1681 1013 2000 1096 i’iaedicatio
2062 1042 2117 1096 in

532 1129 724 1169 errore
754 1116 920 1184 lucet,
961 1131 1016 1175 et
1049 1137 1204 1175 error
1237 1139 1356 1177 eam
1391 1141 1499 1178 non
1542 1131 1978 1198 comprehcndit.

600 1205 899 1277 Gregorius
933 1224 1115 1267 autem
1153 1213 1463 1288 Tlieologus
1495 1219 1703 1274 dictum
1748 1225 1976 1280 verbum
2013 1228 2115 1283 ali-

526 1299 610 1348 ter
638 1295 906 1371 intelligit.
937 1319 1191 1360 sermone
1218 1322 1379 1378 quem
1413 1309 1543 1364 facit
1569 1311 1622 1365 in
1653 1325 1841 1370 sancta
1875 1317 2112 1379 lumina.

528 1384 731 1444 Verum
766 1403 945 1461 potest
976 1405 1031 1450 et
1081 1398 1223 1454 hanc
1251 1413 1306 1455 et
1345 1401 1490 1458 illam
1546 1408 1795 1478 recipere
1833 1411 2113 1490 interpre-

527 1480 815 1540 talioni-ni.

592 1572 731 1628 Cum
764 1590 895 1646 ergo
919 1578 1187 1638 hactenus
1218 1589 1553 1660 evangelista
1592 1591 1661 1647 de
1681 1593 1804 1649 Filii
1825 1597 2112 1657 divinitate

519 1667 854 1734 east-ruerit,
893 1686 1306 1745 consequenter
1342 1681 1471 1736 hinc
1509 1683 1862 1758 Evangelium
1913 1707 2111 1764 aggre-

524 1756 696 1812 ditur.

595 1871 749 1928 Vers.
781 1875 834 1929 6.
875 1859 996 1932 Fuit
1044 1912 1112 1922 —
1138 1883 1389 1941 Ioannes.
1417 1889 1593 1947 Lucas
1629 1905 1812 1952 autem
1837 1901 2059 1972 scripsit
2094 1925 2110 1962 :
2148 1935 2187 1991 Β
2216 1956 2232 1979 ,

595 1971 742 1991 “dum
797 1976 866 1991 μ,
1551 1979 1570 1991 -
1844 1987 1878 1991 -
1955 1989 1964 1991 -

524 1959 744 2021 Factum
792 1976 866 2019 est
917 1969 1130 2024 verbum
1189 1973 1284 2028 Dei
1332 1993 1488 2048 super

527 2051 697 2120 ﬁlium
730 2057 787 2109 in
847 2059 1056 2117 deserto
1090 2065 1132 2097 “
1161 2105 1177 2121 .

595 2145 754 2202 Vera.
785 2150 835 2206 7.
878 2152 981 2208 Hic
1011 2187 1074 2198 -—
1103 2157 1239 2213 luce.
1274 2161 1388 2217 Lux
1423 2165 1745 2239 intelligitur
1777 2168 1882 2228 hoc
1908 2175 1962 2230 in
1990 2177 2111 2233 loco

519 2235 773 2296 Christus
826 2255 1048 2317 propter
1086 2265 1308 2307 causam
1363 2258 1517 2326 prius
1574 2235 1867 2322 redditam.
1921 2268 2112 2326 Perbi-

525 2329 644 2384 buit
712 2346 896 2390 autem
952 2338 1200 2398 Joannes
1266 2349 1640 2407 testimonium
1701 2357 1769 2411 de
1821 2361 2110 2419 divinitate

519 2423 714 2491 ipsius,
746 2431 892 2500 sicut
943 2433 997 2485 in
1048 2442 1408 2504 sequentibus
1458 2447 1692 2512 patebit.
1725 2449 1863 2504 Cum
1916 2465 2105 2510 autem

516 2515 773 2579 Christus
805 2521 972 2593 hujus
1004 2528 1322 2587 testimonio
1352 2550 1461 2591 non
1493 2547 1700 2607 egeret,
1745 2544 2104 2616 subiungitur

519 2608 684 2662 etiam
723 2626 890 2676 causa
931 2620 1260 2676 testimonii.
1295 2625 1638 2684 Addit'enim
1676 2650 1712 2694 ε,

595 2698 751 2757 Vers.
794 2705 873 2763 _7.
931 2707 994 2763 Ut
1050 2739 1121 2750 —
1185 2712 1361 2777 illum.
1430 2715 1902 2784 Quemadmodum
1958 2729 2104 2782 enim

519 2809 689 2849 carne
729 2799 961 2855 vestitus
1013 2813 1119 2867 est.
1181 2821 1252 2861 ne
1306 2810 1453 2865 nuda
1505 2814 1796 2871 divinitate
1855 2824 2104 2890 apposita

516 2901 711 2942 omnes
749 2892 1008 2958 perderet
1042 2914 1055 2948 :
1100 2898 1172 2951 ita
1198 2915 1417 2970 quoque
1454 2907 1771 2964 testimonio
1814 2928 1952 2976 usus
1999 2893 2106 2974 est:

520 2989 580 3032 ut
616 2980 790 3037 Juda‘i
839 2988 1055 3062 cognati
1107 2987 1337 3047 Joannis
1402 3012 1590 3052 vocem
1630 3003 1952 3070 audientes,
2010 3024 2106 3077 per

517 3087 637 3126 eam
693 3077 985 3134 crederent
1037 3083 1254 3138 facilius
1303 3087 1358 3140 in
1405 3104 1530 3145 eum
1577 3094 1646 3148 de
1680 3111 1789 3164 quo
1850 3099 2107 3168 testifica-

523 3164 722 3226 batur.
768 3170 955 3227 omnia
986 3174 1263 3244 siquidem
1310 3181 1379 3235 ad
1409 3182 1697 3243 hominum
1730 3164 1961 3245 salutem
1991 3192 2106 3246 dis.

517 3258 724 3326 posuit.

585 3346 828 3405 Joannes
865 3353 1046 3425 itaque
1099 3361 1474 3420 testimonium
1526 3371 1826 3438 perhibuit,
1878 3385 1934 3431 ut
1980 3394 2103 3434 om-

520 3456 618 3494 nes
679 3444 989 3516 crederent,
1049 3464 1159 3504 non
1214 3469 1409 3510 omnes
1462 3468 1641 3515 tamen
1700 3467 2100 3528 crediderunt:

515 3532 648 3588 ﬁdes
676 3535 820 3590 enim
854 3554 963 3593 non
1002 3551 1087 3596 est
1126 3555 1335 3612 coacta,
1380 3552 1475 3605 sed
1515 3553 1841 3623 voluntaria.

1535 1979 1793 2039 Joannem
1833 1987 1878 2041 Ζ
1881 1989 2113 2047 cellaria:

516 3718 780 3777 declarat.
818 3723 1006 3795 Neque
1045 3731 1193 3785 enim
1240 3735 1487 3810 venitlut
1533 3740 1744 3799 luceret
1775 3763 1788 3799 :
1824 3749 2104 3812 noni‘erat

516 3816 787 3885 siquidem
821 3819 937 3889 ipse
983 3825 1096 3889 lux,
1130 3829 1225 3882 sed
1261 3840 1320 3883 ut
1363 3834 1745 3891 testimonium
1785 3844 2104 3911 perhiberet

515 3910 585 3961 de
617 3908 760 3966 luce.
803 3911 977 3980 Simul
1006 3935 1226 3990 quoque
1279 3939 1348 3978 ne
1384 3938 1608 3995 putaret
1663 3908 1936 4004 quispiam
1973 3936 2099 3994 éum

516 4003 610 4072 qui
644 4007 1028 4076 testimonium
1065 4014 1295 4086 ferebat,
1348 4021 1614 4087 majorem
1657 4041 1722 4081 ac
1770 4003 1874 4084 fide
1891 4032 2099 4107 dignio-

518 4112 632 4151 rem
664 4113 730 4152 eo
759 4103 827 4162 de
863 4121 973 4173 quo
1014 4105 1296 4164 ferebatur
1337 4116 1740 4186 testimonium,
1774 4133 1830 4177 nt
1863 4103 2104 4194 plerum-

517 4205 625 4259 que
666 4191 808 4249 solet
836 4199 1111 4254 accidere.
1142 4200 1345 4259 Verum
1377 4209 1504 4276 quia
1541 4225 1735 4268 recens
1768 4227 1890 4272 erat
1929 4218 2100 4276 Joan-

517 4285 603 4338 nis
654 4289 1051 4359 testimoninm,
1096 4311 1164 4351 ne
1199 4298 1394 4355 similis
1425 4306 1687 4372 quaedam
1707 4310 1944 4367 oriretur
1978 4332 2101 4372 sus-

513 4375 660 4445 picio
691 4387 748 4432 et
779 4380 848 4434 de
886 4399 950 4437 eo
985 4385 1054 4439 de
1083 4404 1193 4456 quo
1227 4391 1503 4451 ferebatur
1551 4401 1951 4470 testimonium,
1981 4409 2058 4463 ait
2085 4429 2098 4464 :

585 4469 742 4528 Vers.
793 4474 846 4529 9.
899 4476 1031 4533 Erat
1063 4510 1136 4519 —
1186 4487 1464 4544 mundum.
1502 4491 1739 4564 semper
1769 4508 1912 4563 erat,
1941 4502 2095 4571 juxta

513 4576 683 4639 supra
729 4569 970 4643 positum
1019 4576 1444 4646 reconditiorem
1491 4582 1830 4643 intellectum
1877 4569 2096 4663 :siqni—

2221 682 2336 720 τιον
2369 668 2464 720 καὶ
2497 666 2641 737 ζωῆς
2673 671 3057 738 πνευματικῆς
3100 672 3194 724 καὶ
3224 675 3401 740 φωτὸς
3425 677 3700 742 γνώσεως.

2295 756 2404 809 Kal
2440 755 2503 808 τὸ
2524 756 2650 825 φῶς
2670 788 2738 798 -
2759 758 3067 814 κατέλαϐε.
3095 763 3213 823 Φῶς
3265 765 3361 832 μὲν
3381 761 3613 819 ἐνταῦθα
3645 767 3795 819 καλεί

2220 846 2283 898 τὸ
2337 848 2606 918 κήρυγμα
2648 849 2738 902 διά
2770 867 2825 902 τε
2865 851 2962 921 τὴν
3001 851 3259 920 ῥηθεῖσαν
3308 855 3510 919 αἰτίαν,
3572 857 3666 908 καὶ
3712 859 3795 911 διὰ

2221 937 2321 1009 τὴν
2348 939 2612 1008 ἀλήθειαν
2633 956 2646 971 ⁸
2679 943 2903 995 σκοτίαν
2933 944 2987 998 δὲ
3052 945 3147 1016 τὴν
3187 946 3396 1016 πλάνην
3430 949 3517 1001 διὰ
3576 949 3635 1001 τὸ
3668 949 3797 1016 ψεῦ-

2219 1030 2327 1093 δος.
2362 1031 2527 1099 Λέγει
2560 1033 2692 1100 γοῦν
2725 1035 2808 1086 ὅτι
2832 1036 2904 1086 Τὸ
2937 1038 3202 1107 κήρυγμα
3229 1039 3287 1090 ὲν
3324 1042 3389 1110 τῇ
3441 1039 3614 1110 πλάνῃ
3659 1041 3796 1110 λάμ-

2222 1139 2334 1186 πει,
2367 1124 2463 1176 καὶ
2497 1126 2529 1195 ὴ
2571 1125 2748 1197 πλάνη
2778 1127 2838 1179 οὐ
2871 1129 3219 1198 περιεγένετο
3247 1131 3408 1184 αὑτοῦ
3444 1132 3580 1202 (2i).

2302 1217 2364 1268 ὐ
2391 1216 2448 1270 δὲ
2483 1218 2746 1290 Θεολόγος
2790 1221 3094 1293 Γρηγόριος
3129 1225 3330 1295 ἐτέρωε
3365 1226 3421 1277 τὸ
3469 1228 3633 1297 ῥητὸν
3683 1227 3799 1291 ἐξε-

2217 1307 2418 1364 λάϐετο
2466 1315 2524 1364 ὲν
2564 1313 2642 1383 τῷ
2677 1316 2758 1378 είς
2788 1318 2856 1370 τὰ
2892 1317 3027 1385 ἅγια.
3082 1318 3235 1386 φῶτα
3282 1319 3444 1388 λόγῳ,
3493 1320 3796 1389 δυνάμενον

2218 1405 2313 1455 καὶ
2363 1405 2572 1477 ταύτην
2637 1408 2901 1481 κάκείνην
2955 1410 3303 1476 ἐπιδέξασθαι
3355 1411 3468 1482 (2'2)
3528 1412 3625 1482 τὴν
3667 1413 3796 1482 ἐξήι

2215 1510 2400 1563 γησιν.

2289 1587 2471 1659 Μέχρι
2495 1588 2552 1642 δὲ
2588 1589 2783 1643 τούτου
2824 1591 3130 1662 διαλεχθεὶς
3165 1595 3193 1646 ὁ
3223 1594 3622 1665 εὐαγγελιστὴς
3666 1597 3793 1666 περὶ

2209 1669 2315 1750 ῗτῆς
2344 1682 2439 1734 τοῦ
2469 1682 2597 1735 Υἱοῦ
2623 1683 2899 1755 θεότητος,
2933 1685 3181 1740 ἐντεῦθεν
3221 1688 3407 1740 λοιπὸν
3440 1689 3668 1758 ἄρχεται
3703 1691 3792 1741 τοῦ

2215 1773 2571 1842 Εὐαγγελίου.

2303 1866 2575 1936 Ἐγένετο
2612 1869 2989 1939 -“1ωάννης.
3034 1872 3095 1925 '0
3151 1873 3210 1924 δὲ
3252 1874 3468 1936 Λουκᾶς
3513 1873 3790 1944 ἔγραψεν

2235 1944 2490 2026 Ε’γένετο
2521 1961 2689 2031 ῥῆμα
2723 1965 2872 2019 Θεοῦ
2910 1966 3007 2019 ἐπὶ
3059 1965 3347 2034 Ἰωάννην
3381 1967 3484 2020 τὸν
3539 1968 3647 2022 τοῦ
3679 1971 3790 2022 Ζα-

2215 2052 2434 2119 χαρίου
2465 2056 2602 2108 υίὸν
2639 2057 2710 2110 ἐν
2737 2057 2810 2125 τῇ
2833 2057 3052 2127 ἐρήμῳ.

2289 2140 2480 2210 Οὗτος
2523 2180 2596 2189 -
2657 2151 2874 2218 φωτός.
2938 2152 3058 2216 Φῶς
3108 2151 3203 2205 νῦν
3245 2153 3272 2206 ὀ
3314 2153 3549 2226 Χριστὸς
3593 2158 3790 2209 νοεῐτῑι

2213 2237 2357 2288 κατὰ
2379 2236 2479 2300 τὴν
2513 2241 3036 2316 προαποδεδομένην
3072 2246 3273 2300 αίτίαν.
3324 2246 3706 2317 Ἐμαρτύρησε
3733 2248 3785 2300 δὲ

2211 2331 2238 2382 ὁ
2275 2331 2523 2404 Ἰωάννης
2555 2335 2810 2406 περὶτῆς
2852 2338 3106 2407 θεότητος
3162 2339 3346 2404 αὐτοῦ,
3401 2341 3476 2403 ὡς
3509 2345 3786 2411 προϊόντες

2211 2423 2547 2495 εὑρήσομεν.
2594 2427 2744 2482 Ἑπεί
2773 2430 2828 2482 δὲ
2865 2432 2967 2484 οὐκ
2999 2433 3169 2485 ἐδεῖτο
3224 2436 3320 2502 τῆς
3351 2433 3540 2487 τούτπυ
3586 2454 3788 2505 μαρτυ-

2214 2515 2335 2585 ρίας
2389 2521 2417 2570 ὀ
2454 2519 2714 2590 Χριστὸς,
2766 2523 3010 2578 τέθειται
3043 2528 3138 2579 καὶ
3177 2529 3208 2597 ἡ
3247 2528 3394 2580 αἰτία
3425 2531 3519 2598 τῆς
3580 2547 3782 2600 μαρτυσ

2212 2608 2354 2678 ρίας.
2383 2610 2663 2682 Ἐπήγαγε
2687 2617 2796 2686 γάρ
2825 2633 2841 2649 ·

2284 2702 2419 2758 Ἵνα
2451 2735 2518 2746 --
2543 2709 2755 2764 αὑτοῦ.
2794 2711 3010 2784 Ὠσπερ
3046 2713 3156 2783 γὰρ
3190 2717 3368 2786 σάρκα
3410 2717 3782 2786 περιεϐάλετο,

2211 2792 2299 2847 ἵνα
2338 2796 2411 2866 μὴ
2441 2803 2625 2871 γυμνῇ
2660 2804 2725 2873 τῇ
2761 2805 2981 2874 θεότητι
3018 2807 3345 2877 προσϐαλὼν
3390 2807 3503 2882 (23)
3547 2812 3784 2884 ἀπολέσῃ

2211 2885 2422 2949 πάντας
2445 2903 2460 2918 ο
2488 2888 2633 2942 οὕτω
2658 2894 2753 2944 καὶ
2779 2895 3018 2966 μάρτυρι
3053 2901 3349 2969 ἐχρήσατο,
3388 2900 3495 2963 ἵνα.
3525 2901 3626 2971 τῆς
3658 2918 3784 2969 συγ-

2208 2980 2402 3046 γενοῦς
2432 2982 2728 3050 ἀκούοντες
2755 2989 2805 3041 οί
2861 2992 2982 3044 τότε
3040 2996 3246 3065 φωνῆς,
3294 2994 3662 3066 εὐκολώτερον
3699 3015 3782 3049 πι-

2211 3074 2484 3128 στεύσωσι
2511 3076 2581 3130 δι’
2621 3079 2794 3149 αὐτῆς
2825 3083 2904 3144 είς
2942 3082 3038 3135 τὸν
3095 3085 3564 3156 μαρτυρούμενον.
3603 3089 3783 3143 Πάντα

2209 3167 2318 3237 γάρ
2346 3168 2486 3238 πρὸς
2518 3172 2795 3234 σωτηρίαν
2821 3173 2932 3227 τῶν
2965 3174 3272 3246 ἀνθρώπων
3302 3178 3651 3250 ᾠκονομεῖτο.

2280 3376 2534 3450 Ἰωάννης
2575 3381 2676 3452 μὲν
2707 3382 2803 3437 οὖν
2861 3387 3270 3461 ἐμαρτύρησεν,
3314 3390 3398 3443 ίνα
3442 3391 3642 3455 πάντες
3695 3411 3782 3447 πι-

2206 3471 2508 3535 στεύσωσιν
2537 3492 2550 3506 ο
2576 3478 2638 3528 οὐ
2671 3479 2877 3543 πάντες
2939 3482 2995 3536 δὲ
3046 3485 3402 3540 ἐπίστευσαν·
3434 3487 3533 3539 οὐκ
3561 3489 3624 3540 ὲκ
3663 3485 3783 3556 βίας

2203 3563 2313 3636 γάρ
2345 3567 2376 3636 ἡ
2419 3565 2625 3636 πίστις,
2654 3571 2771 3624 ἀλλ’
2795 3575 2860 3626 ἐκ
2895 3578 3294 3648 προαιρέσεως.

2278 3660 2402 3713 Οὐκ
2429 3690 2499 3700 -
2526 3663 2743 3731 φωτός.
2775 3696 2847 3708 --
2878 3669 3000 3721 Ἔτι
3030 3671 3319 3740 σαφηνίζει
3342 3673 3440 3744 τὴν
3475 3674 3656 3729 αἰτίαν
3686 3682 3784 3748 τῆς

2204 3750 2537 3824 ἀποστολῆς,
2568 3755 2650 3809 ὅτι
2676 3753 2840 3828 ἦλθεν
2891 3761 2986 3830 οὐχ
3025 3761 3111 3815 iv:
3145 3769 3355 3836 φωτίσῃ
3382 3781 3396 3796 ο
3437 3768 3535 3820 οὐκ
3564 3763 3634 3838 ἦν
3674 3773 3783 3842 γάρ

2203 3843 2410 3907 ἐκεῖνος
2444 3845 2506 3899 τὺ
2533 3847 2648 3915 φῶς
2670 3864 2685 3879 ο
2728 3852 2845 3904 ἀλλ’
2875 3853 2975 3906 ἵνα
2990 3855 3347 3926 μαρτυρήσῃ
3379 3859 3509 3928 περὶ
3541 3862 3646 3914 τοῦ
3665 3881 3782 3932 φω-

2200 3937 2304 4002 τός
2334 3952 2347 3966 ·
2398 3937 2517 4010 ἅμα
2549 3940 2605 3994 δὲ
2641 3943 2737 3995 καὶ
2770 3944 2856 3997 ἵνα
2887 3946 2960 4017 μὴ
2989 3948 3192 4020 νομίσῃ
3216 3967 3297 4012 τις
3323 3951 3402 4005 ὅτι
3433 3955 3459 4006 ὁ
3485 3959 3784 4025 μαρτυρῶν

2207 4031 2413 4099 μείζων
2449 4035 2545 4088 καὶ
2569 4034 3023 4109 ἀξιοπιστότερος
3051 4036 3119 4111 ἦν
3153 4042 3248 4095 τοῦ
3303 4049 3782 4118 μαρτυρουμένου,

2203 4121 2278 4186 ὡς
2312 4123 2404 4176 ἐπὶ
2433 4126 2646 4179 πολλῶν
2671 4129 2833 4183 εἴωθε
2865 4132 3211 4206 συμὸαίνειν.
3247 4136 3400 4190 Ἐπεὶ
3449 4139 3505 4192 δὲ
3535 4143 3784 4211 «postpa-

2199 4231 2292 4278 τος
2324 4211 2392 4286 ἦν
2420 4219 2451 4288 ή
2480 4219 2572 4272 τοῦ
2602 4221 2854 4277 Ἰωάννου
2885 4228 3186 4298 μαρτυρία,
3223 4229 3310 4283 ἵνα
3341 4231 3415 4301 μὴ
3446 4235 3669 4304 τοιαύτη
3696 4253 3781 4300 τις

2200 4310 2427 4364 ὑπόνοια
2490 4315 2586 4368 καὶ
2629 4319 2758 4389 περὶ
2805 4319 2901 4373 τοῦ
2968 4326 3431 4396 μαρτυρουμένου
3483 4332 3782 4401 παρεμπὲτ

2201 4419 2284 4456 σοι
2312 4403 2448 4477 (24),
2475 4408 2664 4478 φησιν’

2274 4493 2394 4551 Ἦν
2433 4504 2782 4572 -κόσμον,
2813 4500 2923 4560 Ἦν
2988 4508 3098 4574 ἀεὶ,
3147 4512 3291 4564 κατὰ
3332 4513 3432 4583 τὴν
3470 4516 3782 4572 ἐκτεθεῑσαν

2202 4591 2461 4663 ἀνωτέρω
2497 4593 2795 4665 θεολογίαν.
2832 4599 2922 4664 Ὠς
2953 4601 3052 4669 μὲν
3079 4600 3172 4655 οὖν
3197 4603 3330 4669 Θεὸς
3379 4602 3447 4679 ἦν
3479 4609 3593 4662 ἀεί·
3623 4611 3696 4672 ὡς
3723 4611 3781 4666 δὲ

513 4654 638 4710 dem
683 4667 940 4729 tanquam
979 4663 1122 4720 Deus
1155 4682 1375 4741 semper
1408 4684 1524 4738 erat
1559 4695 1575 4733 :
1621 4687 1880 4751 tanquam
1929 4685 2097 4744 homo

2213 4654 2487 4756 ’ἂνθρωπος
2522 4654 2748 4761 ἤρξατο,
2781 4690 2875 4744 τοῦ
2902 4654 3070 4751 εἰναι.

508 4762 640 4802 vero
667 4765 788 4806 esse
815 4753 1038 4824 incepit.

508 4930 806 5002 illuminat,
831 4943 1107 5007 quomodo
1143 4956 1220 5001 tot
1251 4951 1428 5006 relicti
1461 4967 1592 5012 sunt
1623 4976 1733 5014 non
1765 4963 2101 5023 illuminati?

512 5026 657 5081 Sane
686 5032 832 5098 quod
861 5035 926 5087 ad
958 5036 1134 5105 ipsum
1181 5045 1401 5109 attinet,
1435 5065 1629 5106 omnes
1662 5053 1935 5113 illuminat
1961 5078 1975 5115 :
2004 5063 2099 5132 qui

508 5126 689 5171 autem
727 5135 838 5174 non
891 5123 1184 5184 iliuminati
1237 5149 1481 5204 manent,
1546 5156 1573 5194 a
1607 5146 1826 5215 propria
1861 5149 1962 5204 hoc
1996 5167 2094 5222 pa-

510 5205 720 5270 tiuntur
765 5213 1090 5284 voluntate;
1123 5236 1246 5276 nam
1283 5225 1420 5282 lucis
1452 5231 1802 5302 beneficium,

504 5298 676 5357 solem
717 5305 930 5376 attinet,
965 5324 1134 5382 super
1159 5329 1355 5375 omnes
1385 5320 1711 5393 simpliciter
1743 5298 2087 5389 diffunditur.

613 5487 815 5546 “Luc.
854 5508 935 5562 ιιι,
983 5498 1038 5555 2.

2273 4880 2337 4935 ΕΞ
2370 4880 2427 4934 δὲ
2456 4884 2683 4951 φωτίζει
2721 4884 2904 4939 πάντα
2941 4886 3231 4959 ἄνθρωπον
3253 4890 3549 4961 ἐρχόμενον
3577 4897 3655 4959 είς
3688 4897 3778 4949 τὸν

2200 4973 2429 5042 κόσμον,
2476 4975 2593 5038 πῶς
2635 4978 2884 5032 τοσοῦτοι
2913 4981 3296 5052 μεμενήκασιν
3338 4984 3669 5054 ἀφώτιστοις
3703 4991 3775 5042 Τὸ

2204 5064 2304 5135 μὲν
2334 5069 2414 5128 εἰς
2447 5067 2612 5121 αὑτὸν
2643 5063 2799 5140 ἧκον,
2844 5072 3056 5136 πάντας
3097 5075 3363 5142 φωτίζει·
3387 5079 3447 5131 ‘ol
3494 5078 3549 5131 δὲ
3584 5082 3776 5149 μένονο

2199 5174 2285 5220 τες
2319 5157 2622 5227 άφώτιστοι
2671 5165 2826 5235 παρὰ
2864 5164 2963 5235 τὴν
2995 5167 3206 5221 ἑαυτῶν
3254 5171 3580 5241 προαίρεσιν
3616 5172 3772 5225 τοῦτο

1839 5242 1986 5308 quod
2023 5244 2091 5298 ad
2194 5251 2519 5322 πάτχουσιν.
2559 5250 2623 5307 Ἦ
2650 5256 2750 5324 μὲν
2790 5257 2898 5327 γὰρ
2923 5259 3017 5312 τοῦ
3043 5260 3219 5331 φωτὸς
3239 5264 3395 5334 χάρις
3444 5264 3595 5336 ήλίου
3619 5264 3774 5335 δίκην

2200 5343 2295 5394 ἐπὶ
2331 5345 2536 5409 πάντας
2577 5348 2767 5412 ἁπλῶς
2819 5351 3158 5424 ἐκκέχυται·
3186 5357 3236 5408 οἱ
3281 5357 3337 5410 δὲ
3402 5357 3476 5427 μὴ
3532 5357 3771 5420 θέλοντες

1706 5630 1906 5695 Variae
1934 5635 2240 5702 lectiones
2275 5647 2338 5704 et
2376 5654 2566 5709 notae.

591 5799 703 5873 (2|)
742 5803 919 5860 Αὐτοῦ
971 5809 1127 5869 abest
1175 5814 1241 5870 Α.

587 5874 702 5943 (ἳῇ)
743 5879 1148 5945 Ἑπιδιίξασοαι
1187 5886 1252 5939 Α.

587 5945 700 6019 ('23)
759 5949 1033 6021 lntcrpres
1086 5960 1348 6026 apposita.
1405 5960 1774 6032 Προτϐά).λειν
1813 5970 1936 6039 τινί,
2002 5985 2080 6029 cst

2196 5850 2463 5904 apparere
2487 5836 2674 5901 alicui,
2703 5843 3145 5914 appropinquare
3177 5847 3242 5900 ad
3295 5845 3554 5916 aliquem.
3593 5846 3759 5902 RlaLm

2194 5922 2344 5972 ergo.
2382 5921 2705 5976 conspectus.

2266 5979 2378 6045 (Ἡ)
2416 5980 2454 6030 ll
2470 5983 2732 6049 rga-1.5.59:
2781 5985 2843 6037 Α.
