4016 6506
299 475 433 542 ιιει

1239 472 1627 534 COMMENT.
1676 473 1752 533 lN
1795 471 2179 533 JOANNEM.
2217 497 2281 506 -·
2324 472 2482 533 CAP.
2527 472 2570 531 l.

3436 469 3572 534 1122

293 589 552 661 θαυμάζῃ
581 588 742 642 τοῦτο
776 589 953 653 πλέον,
989 589 1062 652 ὡς
1105 589 1526 661 ὑπερϐαλόντως
1561 589 1877 658 θαυμασιώ-

1991 589 2359 644 excellentiori
2391 591 2552 645 modo
2584 589 2754 661 magis
2788 589 3194 646 admirandum.
3232 589 3356 659 quia
3390 600 3445 644 et
3471 590 3576 646 huc

293 698 489 752 τερονο
529 683 654 734 ἐπεὶ
699 682 793 735 καὶ
848 682 1010 736 τοῦτο
1044 684 1218 736 αἴτιον
1277 683 1512 737 ἐκείνου.
1569 685 1676 736 Καὶ
1710 684 1816 753 γὰρ
1850 685 1878 735 6

295 773 422 835 Υίδς
446 774 540 825 τοῦ
579 774 715 826 Θεοῦ
744 775 1037 844 ἄνθρωπος
1085 773 1327 843 ἐγένετο,
1359 775 1447 830 ἵνα
1489 778 1536 828 oi
1594 776 1876 846 ἄνθρωποι

291 864 401 917 uici.
429 863 523 916 τοῦ
555 862 690 917 Θεοῦ
721 865 1009 934 γένωνται.

365 951 538 1007 Ὅταν
569 955 626 1008 δὲ
655 957 894 1031 ἀκούσῃς
949 958 1032 1010 ὅτι
1107 959 1166 1011 '0
1208 960 1398 1030 Λόγος
1426 959 1583 1029 σὰρξ
1614 961 1873 1029 ἐγένετο,

293 1042 368 1112 μὴ
401 1043 709 1115 μεταϐολὴν
752 1048 851 1114 τῆς
904 1048 1060 1112 θείας
1123 1048 1315 1111 οὐσίας
1367 1053 1633 1124 ἐννοήσῃς
1661 1071 1673 1083 ·
1710 1054 1876 1105 ἀναλ-

291 1133 513 1198 λοίωτος
547 1137 654 1207 γὰρ
698 1137 839 1208 αὕτη
886 1143 980 1192 κκὶ
1020 1142 1242 1214 ἀπαθής
1268 1157 1284 1176 ο
1326 1143 1445 1196 ἀλλ’
1480 1145 1562 1197 ὅτι
1597 1147 1624 1198 6
1675 1147 1870 1214 Λόγος,

287 1226 362 1277 ὢν
390 1227 418 1280 ὃ
445 1222 533 1297 ἦν,
565 1230 757 1296 γέγονε
794 1233 888 1284 καὶ
909 1232 937 1284 ὃ
967 1233 1066 1286 οὐκ
1091 1230 1182 1305 ἦν,
1216 1235 1360 1305 ἦτοι,
1394 1237 1577 1305 μένων
1600 1239 1756 1306 Θεὸς,
1782 1242 1875 1308 γέ-

286 1335 410 1386 γονε
438 1322 528 1374 καὶ
553 1322 650 1376 ἄνθ
661 1342 845 1394 ρωπος
874 1326 1016 1378 κατᾶ
1049 1327 1360 1397 πρῦσληψιν
1389 1330 1613 1400 σαρκὸς,
1661 1331 1877 1402 ἐψυχω-

289 1413 458 1484 μένης
484 1414 728 1485 δηλονότι
755 1416 902 1488 ψυχῇ
933 1418 1129 1489 λογικῇ
1175 1420 1270 1472 καὶ
1301 1423 1486 1492 νοερᾷ.

361 1505 518 1558 Κατὰ
548 1509 697 1578 τρεῖς
726 1507 783 1561 δὲ
824 1510 1064 1579 τρόπους
1101 1512 1162 1564 τὸ
1197 1511 1258 1564 ὃν
1286 1514 1500 1581 γίνεται
1529 1530 1544 1544 ⁸
1599 1514 1725 1569 καθ’
1779 1517 1876 1570 ἕνα

290 1594 412 1664 μὲν,
447 1599 576 1651 ὅταν
615 1602 646 1668 ὴ
681 1599 775 1652 τοῦ
806 1601 962 1666 ὄ,τος
1002 1602 1168 1670 φύσις
1200 1607 1281 1669 είς
1303 1606 1402 1678 τὴν
1441 1605 1536 1660 τοῦ
1568 1609 1871 1677 γενομένου

289 1690 635 1762 μεταϐληθῇ,
678 1692 804 1745 καθ’
847 1692 907 1746 6v
954 1696 1016 1747 τὸ
1071 1696 1214 1765 γάλα
1255 1697 1473 1765 γίνεται
1509 1701 1692 1768 τυρὸς,
1729 1703 1822 1754 καὶ
1848 1703 1876 1755 6

288 1781 459 1850 πηλὸς
493 1782 805 1853 ὄστρακον·
853 1787 974 1840 καθ’
1034 1788 1224 1862 ἕτερον
1277 1790 1358 1856 δὲ,
1392 1791 1522 1844 ὅταν
1557 1793 1655 1862 τῆς
1708 1793 1875 1864 οὔσης

283 1872 472 1937 οὐσίας
496 1875 814 1949 σωζομένης
837 1880 1220 1952 ἀμεταϐλήτου
1250 1884 1624 1954 προσγένηταί
1656 1903 1708 1938 τι
1735 1887 1875 1940 κατὰ

284 1965 656 2036 συμϐεϐηκὸς,
700 1970 825 2023 καθ’
857 1970 915 2025 ὃν
944 1974 971 2024 6
996 1973 1197 2042 χαλκὸς
1227 1975 1443 2040 γίνεται
1475 1976 1727 2047 ἀνδριὰς,
1776 1979 1872 2031 καλ⁸

283 2058 310 2103 ὁ
335 2057 624 2130 ἄνθρωπος
655 2061 867 2128 δίκαιος
893 2065 925 2135 ἢ
960 2065 1169 2132 ἄδικος,
1189 2070 1284 2120 καὶ
1329 2068 1398 2122 τὰ
1435 2070 1661 2122 τοιαῦτα
1685 2084 1697 2099 ·
1730 2073 1874 2125 κατὰ

282 2149 374 2202 τὸν
407 2150 596 2220 τρίτον
623 2152 700 2218 δὲ,
732 2153 865 2209 ὅταν
887 2195 900 2221 ,
934 2158 1033 2225 τῆς
1070 2156 1240 2228 οὔσης
1271 2160 1380 2227 (56)
1400 2161 1592 2227 οὐσίας
1624 2163 1876 2233 σωζομέ-

282 2255 382 2308 νης
415 2241 828 2315 ἀμεταϐλήτου,
862 2245 957 2298 καὶ
991 2247 1128 2317 ἄλλη
1151 2249 1312 2304 οὐσία
1363 2253 1716 2325 προσληφθῇ,
1748 2254 1872 2308 καθ’

281 2331 342 2383 ὃν
378 2333 406 2385 6
468 2335 778 2406 στρατηγὸς
832 2339 1053 2405 γίνεται
1119 2342 1494 2413 ὡπλισμένος.
1547 2345 1692 2398 Ἀλλ’
1745 2345 1872 2400 οὔτε

282 2426 428 2479 κατὰ
447 2427 541 2481 τὸν
573 2427 794 2498 πρῶτον
825 2431 1035 2501 τρόπον
1061 2433 1088 2484 6
1121 2433 1295 2501 Λόγος
1331 2434 1471 2506 σὰρξ
1506 2436 1729 2503 ἐγένετο
1755 2451 1770 2466 ⁸
1809 2437 1871 2491 οὐ

284 2519 397 2590 γὰρ
425 2521 456 2591 ἡ
491 2519 656 2590 φύσις
711 2523 1028 2597 μετεϐλήθη
1057 2542 1074 2557 ο
1115 2524 1242 2579 οὔτε
1280 2528 1424 2580 κατὰ
1453 2529 1546 2580 τὸν
1566 2528 1824 2600 δεύτερον
1855 2546 1870 2562 ο

283 2611 345 2661 οὗ
385 2609 493 2682 γὰρ
523 2613 554 2682 ή
587 2615 1005 2686 προσγενομένη
1045 2615 1182 2688 σὰρξ
1224 2617 1600 2689 συμϐεϐηκὸς,
1628 2620 1742 2672 ἀλλ’
1776 2622 1873 2676 οὺ-

287 2700 380 2755 σία
407 2703 505 2757 καὶ
533 2704 672 2776 αύτή
699 2722 712 2736 ·
772 2705 968 2761 λοιπὸν
998 2704 1096 2762 οὖν
1145 2709 1290 2764 κατὰ
1319 2710 1410 2764 τὸν
1449 2712 1637 2782 τρίτον
1670 2715 1873 2785 τρόπον

286 2795 394 2866 χρὴ
416 2797 558 2851 νοεῖν
588 2798 648 2850 τὸ
686 2799 876 2871 ῥητόν.
897 2799 1066 2871 Δίκην
1098 2801 1206 2874 γὰρ
1233 2802 1549 2875 στρατηγοῦ
1572 2805 1670 2878 τὴν
1694 2809 1876 2876 σάρκα

287 2889 671 2958 περιθέμενος,
724 2891 820 2945 τὸν
856 2892 1126 2964 πολέμιον
1171 2896 1274 2966 τῆς
1321 2896 1604 2969 ἡμετέρας
1653 2897 1875 2967 φύσεως

285 2981 727 3054 κατεπολέμησε.

355 3069 632 3146 Ἐγένετο
657 3077 713 3131 δὲ
749 3075 926 3143 εἶπεν,
970 3081 1214 3151 ἀναιρῶν
1238 3082 1338 3152 τὴν
1365 3082 1724 3155 βλασφημίαν
1765 3085 1876 3139 τῶν

284 3164 598 3237 ληρούντων
657 3171 741 3223 ὅτι
790 3169 929 3242 σὰρξ
967 3173 1304 3245 ἐφαντάσθη.
1351 3176 1720 3247 Χρησάμενος
1767 3179 1875 3253 γὰρ

1985 680 2126 735 illius
2158 697 2320 736 causa
2349 691 2454 736 est.
2491 682 2572 736 Ad
2611 683 2713 737 hoc
2738 682 3005 752 siquidem
3059 682 3152 737 Dei
3196 681 3367 738 Filtus
3412 683 3576 740 homo

1982 772 2159 827 factus
2185 783 2290 839 est,
2324 783 2382 828 ut
2417 775 2668 828 homines
2694 772 2784 827 ﬁlii
2815 775 2908 828 Dei
2939 774 3157 828 ﬁerent.

2053 960 2188 1013 Cum
2238 975 2366 1013 vero
2396 959 2657 1022 audieris,
2707 957 2936 1012 Verbum
2979 974 3106 1011 caro
3139 961 3341 1026 factum
3377 970 3473 1020 est,
3508 975 3579 1014 ne

1979 1053 2490 1106 transmutationem
2533 1051 2731 1105 divinae
2797 1060 3049 1104 essentne.
3121 1052 3410 1121 intelligas.
3458 1051 3577 1120 Ipsa

1979 1145 2180 1197 ctenim
2216 1143 2574 1198 immutabilis
2628 1152 2713 1197 est
2762 1158 2825 1196 ac
2874 1143 3217 1212 impatibilis.
3268 1142 3378 1196 Sed
3433 1144 3578 1213 quod

1986 1235 2225 1288 Verbum
2255 1251 2590 1305 permanens
2612 1235 2754 1304 quod
2789 1243 2924 1295 erat,
2950 1235 3151 1288 factum
3180 1244 3264 1289 est
3291 1237 3435 1302 quod
3466 1251 3576 1288 non

1979 1334 2096 1380 erat
2127 1345 2140 1381 :
2169 1327 2283 1381 sive
2314 1342 2542 1380 manens
2563 1327 2727 1390 Deus,
2757 1325 2935 1380 factus
2968 1337 3053 1380 est
3080 1327 3246 1380 homo
3266 1341 3366 1396 per
3393 1327 3580 1381 carnis

1980 1424 2437 1489 assumptionem,
2481 1422 2756 1475 animatus
2785 1422 3057 1477 videlicet.

2050 1511 2251 1567 Tribus
2278 1522 2460 1568 autem
2487 1507 2662 1569 inodis
2689 1515 2738 1568 itl
2764 1515 2907 1584 quod
2931 1515 3042 1584 jam
3069 1523 3173 1577 est,
3202 1514 3315 1568 ﬁeri
3335 1515 3534 1569 d'citur
3563 1531 3576 1565 :

1982 1619 2093 1658 uno
2125 1605 2345 1674 quidem
2382 1605 2544 1659 modo
2574 1614 2762 1658 natura
2789 1606 2910 1675 ejus
2946 1606 3091 1674 qttod
3119 1615 3224 1670 est,
3265 1608 3316 1658 in
3363 1607 3413 1659 id
3439 1608 3582 1675 quod

1982 1696 2041 1749 [it
2087 1706 2513 1763 lransmutalur,
2550 1697 2704 1766 juxta
2752 1713 2913 1766 quem
2953 1698 3174 1751 modum
3225 1699 3306 1752 lac
3345 1697 3582 1752 ellicitttr

1979 1803 2197 1852 caseus,
2232 1797 2287 1843 et
2321 1789 2496 1843 lutum
2521 1788 2754 1842 edicitur
2790 1798 2949 1843 testa.
2980 1790 3169 1842 Altero
3198 1806 3331 1844 vero
3354 1792 3577 1859 quando

1983 1893 2246 1936 manente
2308 1882 2431 1950 ejus
2493 1882 2637 1951 quod
2714 1893 2833 1937 erat
2891 1881 3206 1936 substantia
3271 1883 3579 1947 immutata,

1981 1973 2127 2028 aliud
2167 1990 2264 2043 per
2325 1972 2582 2028 accidens
2632 1959 2866 2027 edicitur
2903 1991 2917 2027 :
2955 1973 3109 2043 juxta
3149 1989 3312 2043 quem
3355 1972 3578 2028 modum

1975 2080 2050 2118 aes
2070 2065 2524 2129 eﬂiciturstatua,
2565 2075 2619 2119 et
2645 2065 2808 2118 homo
2829 2065 3258 2133 eﬂiciturjustus
3299 2066 3380 2120 vel
3427 2066 3579 2136 inju-

1986 2165 2125 2223 stus,
2150 2156 2364 2226 aliaque
2382 2156 2601 2211 similia.
2627 2155 2814 2210 Tertio
2833 2171 2962 2210 vero
2986 2157 3172 2219 modo,
3191 2160 3408 2225 quando
3426 2160 3577 2212 salva

1979 2261 2041 2300 ac
2072 2245 2358 2300 immutata
2394 2249 2557 2300 unius
2585 2249 2652 2317 (ε)
2689 2249 3018 2311 substantia,
3045 2249 3147 2301 alia
3182 2263 3399 2318 quoque
3426 2249 3578 2304 addi-

1979 2346 2066 2390 tur
2091 2337 2398 2392 substantia
2433 2357 2446 2392 :
2485 2351 2540 2392 et
2561 2340 2665 2393 hoc
2683 2340 2846 2393 modo
2873 2339 3028 2394 miles
3046 2338 3282 2394 eﬂicitur
3306 2349 3571 2396 armatus.

1977 2429 2162 2485 Primo
2184 2445 2315 2501 ergo
2341 2432 2502 2485 modo
2531 2446 2637 2485 non
2672 2441 2757 2485 est
2783 2429 3016 2486 Verbum
3048 2433 3254 2486 factum
3286 2447 3437 2494 cato.
3462 2449 3573 2487 non

1978 2521 2126 2577 enim
2152 2529 2344 2575 natura
2365 2530 2569 2575 mutata
2595 2529 2714 2589 est;
2742 2537 2921 2590 neque
2992 2524 3253 2588 secundo,
3291 2539 3400 2578 non
3429 2527 3575 2578 enim

1977 2629 2077 2683 per
2103 2613 2358 2668 accidens
2387 2627 2516 2666 caro
2562 2612 2704 2666 facta
2738 2622 2842 2678 est,
2893 2613 2986 2668 sed
3023 2613 3138 2684 ipsa
3174 2630 3396 2684 quoque
3446 2615 3576 2669 sub—

1978 2707 2197 2760 stantia.
2223 2705 2412 2759 Restat
2434 2705 2598 2776 igitur
2623 2714 2680 2758 ut
2703 2704 2844 2773 quod
2874 2705 3086 2759 dictum
3114 2715 3200 2759 εει
3229 2710 3395 2760 tertio
3415 2708 3577 2761 modo

1980 2795 2336 2865 intelligatur.
2381 2791 2516 2847 Nam
2561 2809 2712 2848 more
2757 2793 2945 2849 militis
2976 2797 3098 2864 (α),
3134 2810 3300 2850 carne
3350 2798 3579 2851 vestitus

1988 2887 2192 2943 bellum
2225 2893 2298 2958 (ε)
2330 2896 2579 2940 nostrum
2615 2885 2836 2940 devicit.

2057 3073 2204 3128 Dixit
2237 3081 2421 3127 autem
2457 3070 2681 3126 Factum
2714 3080 2811 3136 est,
2846 3079 2906 3125 ut
2934 3069 3331 3140 blasphemiam
3361 3071 3576 3126 tolleret

1983 3167 2307 3237 nugantiunt
2359 3179 2425 3219 ac
2475 3164 2802 3228 dicentium,
2861 3163 3008 3232 quod
3045 3177 3171 3216 caro
3210 3162 3568 3233 imaginatum

284 3260 350 3328 τῇ
387 3257 552 3325 λέξει,
601 3263 666 3332 τῇ
707 3261 1009 3332 Ἐγένετο,
1047 3264 1382 3320 ἐϐεϐαίωσεν
1415 3268 1497 3322 ὅτι
1555 3272 1697 3325 κατὰ
1747 3249 1875 3344 ἁλήν-

1991 3263 2067 3309 εει
2124 3253 2391 3309 Verbum.
2433 3252 2576 3308 Usus
2614 3253 2760 3306 enim
2803 3251 2909 3306 hoc
2958 3251 3147 3313 verbo.
3193 3249 3417 3305 Factum
3473 3263 3571 3314 εει,

285 3351 459 3416 θειαν,
481 3352 577 3405 καὶ
595 3353 654 3406 ού
672 3357 813 3408 κατὰ
838 3358 1144 3426 φαντασίαν
1164 3358 1611 3431 ὲνηνθρώπησεν.
1631 3363 1744 3417 Ἰνα
1763 3365 1876 3436 (37)

283 3443 340 3496 δὲ
382 3444 458 3516 μὴ
488 3446 796 3518 μεταϐολήν
827 3466 949 3502 τινα
1005 3450 1100 3521 τῆς
1131 3451 1286 3516 θείας
1334 3452 1527 3519 οὐσίας
1581 3457 1873 3530 ἐννοήσῃς,

290 3538 459 3608 φησί·

362 3633 472 3686 Καί
500 3633 857 3701 ἐσκήνωσεν
886 3636 957 3689 ἐν
990 3635 1157 3704 ἡμῖν.
1196 3638 1542 3712 Ἐσκήνωσεν
1573 3643 1631 3695 ὲν
1661 3646 1725 3714 τῇ
1750 3647 1879 3715 ἠμε-

288 3725 427 3794 τέρᾳ
458 3726 646 3796 σαρκὶ,
676 3727 732 3777 ὲν
787 3728 853 3796 τῇ
904 3731 1164 3794 συγγενεῖ
1197 3729 1376 3800 ἡμῶν,
1415 3732 1473 3783 ὲν
1517 3734 1583 3802 τῇ
1626 3733 1684 3797 ἐξ
1723 3736 1878 3803 ἡμῶν

289 3817 730 3889 προσληφθείσῃ.
757 3819 816 3870 Εί
851 3821 961 3890 γὰρ
993 3821 1258 3891 ἕτεροντὸ
1282 3825 1538 3892 σκηνοῦν,
1571 3828 1662 3879 καὶ
1693 3829 1880 3898 ἕτερον

290 3910 322 3978 ἡ
354 3910 552 3981 σκηνὴ.
587 3909 775 3980 ἕτερος
813 3910 1032 3982 ἔμεινεν
1059 3915 1086 3966 6
1126 3913 1304 3982 Λόγος
1337 3917 1491 3987 παρὰ
1547 3919 1645 3987 τὴν
1675 3921 1876 3991 σάρκα,

1985 3347 2328 3401 continuavit
2350 3345 2495 3415 quod
2520 3361 2644 3398 vere
2658 3354 2712 3399 et
2732 3358 2837 3399 non
2863 3342 3211 3414 phantastice
3230 3342 3577 3399 incarnatum

1982 3451 2090 3496 est.
2115 3439 2316 3494 Verum
2343 3454 2413 3493 ne
2439 3437 2640 3494 divina":
2674 3436 2997 3492 substantiae
3024 3435 3387 3491 mutationem
3417 3437 3581 3492 intel-

1981 3535 2139 3604 ligas,
2173 3533 2309 3587 dicit

2055 3626 2211 3679 Vers.
2267 3625 2357 3678 14.
2421 3621 2485 3675 Ει
2535 3622 2799 3675 habitavit
2847 3621 2903 3674 in
2955 3621 3124 3674 nobis.
3175 3618 3456 3675 Habitavit
3520 3617 3577 3672 in

1982 3702 2383 3779 nostra'carne,
2418 3717 2473 3769 in
2504 3731 2566 3770 ea
2601 3731 2722 3783 qua:
2749 3716 2902 3769 nobis
2930 3714 3237 3784 propinqua
3267 3723 3372 3778 est,
3411 3714 3466 3766 in
3513 3727 3579 3766 ea

1982 3825 2103 3879 qua:
2133 3825 2162 3863 a
2199 3807 2356 3864 nobis
2387 3820 2668 3877 assumpta
2701 3817 2806 3861 est.
2841 3806 2998 3871 Quod
3027 3807 3071 3859 si
3105 3805 3250 3861 aliud
3290 3814 3376 3860 est
3406 3805 3452 3860 is
3483 3804 3578 3872 qui

1985 3903 2219 3969 habitat,
2280 3911 2334 3956 et
2395 3899 2544 3954 aliud
2607 3900 2917 3956 habitatio:
2971 3897 3208 3953 Verbum
3271 3897 3581 3952 secundum

289 4006 432 4059 κατᾶ
453 4003 552 4074 τὴν
579 4005 770 4058 οὐσίαν
798 4010 891 4059 καὶ
915 4008 1097 4076 φύσιν.
1137 4010 1291 4063 Κατὰ
1315 4011 1424 4082 γὰρ
1446 4013 1546 4082 τὴν
1580 4016 1877 4085 συνάφειαν

1991 3995 2352 4051 substantiam
2414 4003 2470 4048 et
2532 3975 2788 4046 naturam
2842 3991 2992 4044 aliud
3052 3989 3257 4044 mansit
3309 4005 3340 4043 a
3393 4001 3580 4043 carne.

290 4100 386 4152 καὶ
417 4098 614 4152 ἕνωσιν
636 4099 695 4151 ἓν
723 4101 870 4152 ἐστιν
900 4102 927 4153 6
965 4101 1289 4170 προσλαϐὼν
1311 4104 1506 4172 Λόγος,
1538 4107 1632 4158 καὶ
1655 4109 1686 4178 ἡ
1714 4126 1883 4179 προσ-

291 4189 567 4260 ληφθεῖσα
600 4191 761 4262 σ’ἂρξ,
797 4193 1125 4262 σωζομένων
1155 4197 1250 4247 καὶ
1283 4196 1397 4266 (58)
1432 4198 1573 4268 μετὰ
1613 4201 1712 4264 τὴν
1747 4202 1883 4254 ἐνω-

295 4303 381 4338 σιν
417 4288 710 4355 ἀτρέπτων
738 4286 833 4340 καὶ
863 4286 1190 4356 ἀσυγχύτων
1211 4286 1319 4340 τῶν
1345 4288 1439 4341 δύο
1469 4288 1686 4358 φύσεων
1709 4295 1883 4365 ἀπορο

295 4378 500 4448 Mans.

365 4469 474 4523 Καὶ
506 4499 574 4509 --
596 4470 805 4526 αὐτοῦ.
833 4471 944 4542 Τὴν
973 4471 1132 4537 δόξαν
1156 4471 1251 4526 τοῦ
1287 4473 1486 4542 Λόγου,
1516 4475 1614 4547 τὴν
1650 4477 1884 4547 δύναμιν

294 4561 392 4631 τῆς
427 4561 704 4633 θεότητο·,
762 4562 849 4614 διὰ
909 4563 1012 4634 τῆς
1054 4565 1257 4635 σαρκὸς
1301 4567 1602 4637 λάμψασαν
1658 4570 1733 4632 ὼς
1792 4571 1881 4623 διὰ

298 4655 829 4726 παραπετάσματος.
863 4656 958 4719 Τίς
1017 4657 1073 4710 δὲ
1129 4653 1198 4728 ἦν
1229 4657 1410 4730 uim};
1442 4660 1522 4712 Τὰ
1557 4662 1762 4733 ἄπειρα
1791 4665 1886 4715 καὶ

297 4743 521 4797 ποικίλα
576 4744 930 4818 θαύματα,ή
989 4748 1389 4820 ὑπέρλαμπρος
1455 4751 1549 4803 καὶ
1596 4753 1881 4824 ὑπερφυὴς

299 4837 734 4907 μεταμόρφωσις
766 4842 858 4891 καὶ
886 4842 1029 4893 κατὰ
1053 4841 1144 4892 τὸν
1171 4842 1358 4910 καιρὸν
1380 4841 1479 4910 τῆς
1504 4844 1886 4915 σταυρώσεως,

296 4929 324 4980 6
354 4929 502 4996 παρὰ
524 4930 685 4997 φύσιν
712 4930 1004 4999 σκοτισρὸς
1022 4932 1115 4984 τοῦ
1141 4932 1316 5001 ἡλίου,
1345 4936 1405 4986 τὸ
1429 4935 1662 5005 φοϐερὸν
1683 4938 1888 5008 σχίσμα

298 5022 392 5074 τοῦ
425 5027 942 5095 καταπετάσματος,
976 5029 1003 5079 ὁ
1036 5028 1266 5098 φρικτὺς
1303 5029 1490 5092 κλόνος
1525 5030 1624 5099 τῆς
1657 5033 1784 5098 γῆς,
1821 5033 1888 5086 τὰ

299 5115 575 5185 σχίσματα
602 5118 710 5169 τῶν
743 5120 983 5188 πετρῶν,
1019 5122 1076 5172 αἱ
1136 5121 1244 5172 τῶν
1301 5122 1592 5190 μνημείων
1626 5122 1884 5189 ἀνοίξεις,

299 5209 358 5260 αἱ
389 5208 498 5260 τῶν
525 5211 736 5280 νεκρῶν
779 5212 1048 5282 ὲγέρσεις,
1083 5214 1176 5266 καὶ
1203 5215 1262 5266 τό
1295 5214 1598 5284 κεφάλαιον
1643 5217 1885 5284 πάντων,

1973 4083 2118 4137 Nam
2164 4083 2468 4136 secundum
2502 4080 2967 4150 conjunctionem
3008 4089 3065 4134 et
3095 4080 3379 4141 unionem,
3412 4094 3582 4132 unum

1987 4186 2072 4230 est
2101 4174 2341 4229 Verbum
2360 4173 2695 4244 suscipiens,
2741 4186 2986 4241 caroque
3037 4179 3315 4240 suscepta,
3352 4174 3586 4224 servatis

1985 4271 2146 4325 etiam
2208 4277 2330 4338 post
2391 4268 2675 4333 unionem,
2723 4266 3026 4321 immutatis
3056 4274 3224 4336 atque
3276 4263 3587 4318 inconfusis

1990 4359 2209 4415 duabus
2253 4359 2606 4414 ineﬂ'ahiliter
2634 4360 2862 4413 naturis.

2016 4501 2026 4539 t
2063 4478 2220 4534 Vers.
2290 4480 2378 4535 l4.
2435 4478 2506 4532 Et
2533 4507 2601 4518 —
2629 4477 2762 4547 ejus.
2804 4474 3044 4531 Gloriam
3087 4471 3275 4536 Verbi,
3304 4471 3586 4527 .virtutem

1990 4572 2318 4637 divinitatis,
2358 4588 2480 4642 quae
2514 4587 2611 4642 per
2653 4585 2879 4626 carnem
2931 4577 3190 4637 tanquam
3248 4582 3344 4636 per
3408 4567 3584 4619 velum

1992 4663 2187 4716 illuxit.
2227 4662 2358 4728 Quae
2390 4673 2571 4716 autem
2605 4669 2722 4715 erat
2753 4659 2889 4713 illa?
2932 4667 3082 4712 certe
3116 4671 3392 4724 nunquam
3425 4666 3586 4708 antea

1988 4754 2103 4807 visa
2141 4753 2402 4821 variaque
2424 4751 2709 4815 miracula,
2734 4747 3018 4817 perlucida
3050 4761 3113 4799 ac
3142 4745 3586 4814 superuaturalts

1989 4845 2424 4910 transformatio,
2471 4853 2528 4898 ει
2580 4852 2830 4911 tempore
2879 4838 3165 4893 Passionis
3209 4837 3344 4906 solis
3392 4845 3591 4904 printer

1987 4944 2242 4989 naturam
2275 4933 2608 4995 obscuratio,
2635 4929 2999 4985 formidabilis
3024 4928 3126 4982 veli
3154 4924 3375 4987 scissio.
3405 4925 3592 4979 horri-

1989 5028 2116 5082 bilis
2137 5038 2293 5081 terra:
2311 5037 2514 5090 motus,
2536 5035 2814 5096 petrarum
2836 5023 3162 5083 scissiones,
3199 5025 3592 5073 monumento-

1999 5133 2118 5173 rum
2147 5119 2482 5189 apertiones,
2506 5126 2845 5171 mortuorum
2876 5113 3262 5168 suscitationes
3292 5127 3306 5164 :
3333 5108 3593 5180 quodque

1998 5211 2245 5265 omnium
2274 5219 2434 5281 caput
2463 5221 2568 5276 est,
2600 5207 2904 5264 mirabilior
2928 5221 3093 5278 quam
3116 5203 3223 5260 dici
3242 5211 3337 5258 aut
3368 5200 3594 5271 cogitati

1537 5382 1737 5443 Variae
1779 5381 2085 5444 lectiones
2121 5386 2184 5442 et
2223 5387 2415 5442 noue.

377 5545 487 5614 ('56)
512 5545 691 5613 Οῦσης
743 5549 898 5601 ahest
950 5548 1015 5600 A.

379 5616 491 5687 (37)
521 5618 590 5670 at
639 5619 796 5672 abest
848 5623 914 5672 Α.

379 5776 448 5849 (ε)
478 5773 664 5849 quius.
692 5776 796 5829 Pro
821 5776 983 5846 οῠσητ
1017 5775 1230 5830 \idetur
1258 5777 1452 5849 legisse
1526 5785 1671 5847 μιᾶς.

381 5848 455 5924 (τί)
495 5846 581 5901 liis
620 5849 779 5924 habet
811 5851 978 5924 miles.
1008 5849 1110 5924 δυσί
1161 5852 1226 5924 in
1257 5846 1570 5906 Graecorum
1614 5861 1698 5908 cst
1723 5869 1892 5924 στρα-

308 5918 508 5987 τιώτης
543 5959 556 5982 ,
591 5921 682 5972 sed
719 5923 1039 5989 στρατηγὲλη
1087 5920 1208 5973 belli
1244 5937 1372 5975 ειμι).

2073 5547 2184 5620 (58)
2231 5547 2343 5602 Καὶ
2376 5545 2551 5600 abest.
2582 5544 2648 5598 A.

2001 5854 2020 5904 Ι
2079 5781 2147 5849 (ε)
2178 5779 2409 5836 Bellum.
2445 5777 2680 5836 Videtur
2711 5775 2910 5850 legisse
2934 5776 3061 5829 πολε
3073 5791 3191 5847 μον.
3222 5772 3324 5830 Mei
3384 5772 3593 5830 habent

2019 5863 2224 5904 toslent.

2019 5863 2224 5907 toslem.
