  <div class='ocr_page' id='page_1' title='image "/cluster/home/n/w/nwhite01/storage/ocr_20150623/129/ien.35556001660034/562.png"; bbox 0 0 4010 6504; ppageno 0'>
   <div class='ocr_carea' id='block_1_1' title="bbox 302 423 445 486">
    <p class='ocr_par' dir='ltr' id='par_1_1' title="bbox 302 423 445 486">
     <span class='ocr_line' id='line_1_1' title="bbox 302 423 445 486; baseline 0.007 -2"><span class='ocrx_word' id='word_1_1' title='bbox 302 423 445 486; x_wconf 68' lang='grc'><strong>1125</strong></span> 
     </span>
    </p>
   </div>
   <div class='ocr_carea' id='block_1_2' title="bbox 1249 428 2581 500">
    <p class='ocr_par' dir='ltr' id='par_1_2' title="bbox 1249 428 2581 500">
     <span class='ocr_line' id='line_1_2' title="bbox 1249 428 2581 500; baseline 0.008 -12"><span class='ocrx_word' id='word_1_2' title='bbox 1249 428 1635 500; x_wconf 82' lang='lat' dir='ltr'><strong>COMMENT.</strong></span> <span class='ocrx_word' id='word_1_3' title='bbox 1682 431 1765 493; x_wconf 87' lang='grc' dir='ltr'>ΙΝ</span> <span class='ocrx_word' id='word_1_4' title='bbox 1802 430 2184 496; x_wconf 77' lang='grc' dir='ltr'><strong>ΙΟΛΝΝΕΜ.</strong></span> <span class='ocrx_word' id='word_1_5' title='bbox 2228 462 2290 475; x_wconf 81' lang='lat'><strong>--</strong></span> <span class='ocrx_word' id='word_1_6' title='bbox 2332 436 2492 499; x_wconf 85' lang='lat' dir='ltr'><strong>CAP.</strong></span> <span class='ocrx_word' id='word_1_7' title='bbox 2534 439 2581 498; x_wconf 93' lang='grc' dir='ltr'><strong>Ι.</strong></span> 
     </span>
    </p>
   </div>
   <div class='ocr_carea' id='block_1_3' title="bbox 3461 445 3604 511">
    <p class='ocr_par' dir='ltr' id='par_1_3' title="bbox 3461 445 3604 511">
     <span class='ocr_line' id='line_1_3' title="bbox 3461 445 3604 511; baseline 0.007 -1"><span class='ocrx_word' id='word_1_8' title='bbox 3461 445 3604 511; x_wconf 76' lang='lat'><strong>“‘25</strong></span> 
     </span>
    </p>
   </div>
   <div class='ocr_carea' id='block_1_4' title="bbox 300 534 1879 632">
    <p class='ocr_par' dir='ltr' id='par_1_4' title="bbox 300 534 1879 609">
     <span class='ocr_line' id='line_1_4' title="bbox 300 534 1879 609; baseline 0.006 -23"><span class='ocrx_word' id='word_1_9' title='bbox 300 534 573 606; x_wconf 71' lang='grc' dir='ltr'>ἐδόθησαν</span> <span class='ocrx_word' id='word_1_10' title='bbox 611 538 729 600; x_wconf 77' lang='grc' dir='ltr'>τοῖς</span> <span class='ocrx_word' id='word_1_11' title='bbox 764 535 1019 603; x_wconf 76' lang='grc' dir='ltr'>λαϐοῦσι,</span> <span class='ocrx_word' id='word_1_12' title='bbox 1063 539 1432 609; x_wconf 74' lang='grc' dir='ltr'><strong>χαριζομένου</strong></span> <span class='ocrx_word' id='word_1_13' title='bbox 1469 543 1565 596; x_wconf 92' lang='grc' dir='ltr'><strong>τοῦ</strong></span> <span class='ocrx_word' id='word_1_14' title='bbox 1599 542 1736 597; x_wconf 75' lang='grc' dir='ltr'>Θεοῦ</span> <span class='ocrx_word' id='word_1_15' title='bbox 1769 546 1879 598; x_wconf 79' lang='grc' dir='ltr'>τούι</span> 
     </span>
    </p>
   </div>
   <div class='ocr_carea' id='block_1_5' title="bbox 1997 534 3604 632">
    <p class='ocr_par' dir='ltr' id='par_1_5' title="bbox 2002 550 3604 632">
     <span class='ocr_line' id='line_1_5' title="bbox 2002 550 3604 632; baseline 0.014 -33"><span class='ocrx_word' id='word_1_16' title='bbox 2002 556 2303 617; x_wconf 86' lang='lat' dir='ltr'><strong>utrumque</strong></span> <span class='ocrx_word' id='word_1_17' title='bbox 2345 566 2397 621; x_wconf 74' lang='lat' dir='ltr'><strong>gi</strong></span> <span class='ocrx_word' id='word_1_18' title='bbox 2418 552 2523 605; x_wconf 86' lang='lat' dir='ltr'><strong>atis</strong></span> <span class='ocrx_word' id='word_1_19' title='bbox 2546 550 3169 621; x_wconf 76' lang='lat' dir='ltr'><strong>accipieiitihusdatnm</strong></span> <span class='ocrx_word' id='word_1_20' title='bbox 3193 567 3297 624; x_wconf 79' lang='lat' dir='ltr'><strong>est,</strong></span> <span class='ocrx_word' id='word_1_21' title='bbox 3328 560 3438 615; x_wconf 85' lang='lat' dir='ltr'><strong>Deo</strong></span> <span class='ocrx_word' id='word_1_22' title='bbox 3469 564 3604 632; x_wconf 85' lang='lat' dir='ltr'><strong>ipsis</strong></span> 
     </span>
    </p>
   </div>
   <div class='ocr_carea' id='block_1_6' title="bbox 296 626 1895 705">
    <p class='ocr_par' dir='ltr' id='par_1_6' title="bbox 296 626 1895 705">
     <span class='ocr_line' id='line_1_6' title="bbox 296 626 1895 705; baseline 0.009 -30"><span class='ocrx_word' id='word_1_23' title='bbox 296 640 414 687; x_wconf 83' lang='grc' dir='ltr'>τοις</span> <span class='ocrx_word' id='word_1_24' title='bbox 430 626 498 677; x_wconf 78' lang='grc' dir='ltr'><strong>δι’</strong></span> <span class='ocrx_word' id='word_1_25' title='bbox 515 627 668 679; x_wconf 79' lang='grc' dir='ltr'>ἔλεον</span> <span class='ocrx_word' id='word_1_26' title='bbox 686 630 906 694; x_wconf 74' lang='grc' dir='ltr'>οἰκεῖον,</span> <span class='ocrx_word' id='word_1_27' title='bbox 923 629 1024 682; x_wconf 76' lang='grc' dir='ltr'>οὐκ</span> <span class='ocrx_word' id='word_1_28' title='bbox 1039 629 1411 700; x_wconf 78' lang='grc' dir='ltr'>ἀμειϐομένου</span> <span class='ocrx_word' id='word_1_29' title='bbox 1429 632 1655 696; x_wconf 79' lang='grc' dir='ltr'><strong>τούτους</strong></span> <span class='ocrx_word' id='word_1_30' title='bbox 1676 634 1763 688; x_wconf 78' lang='grc' dir='ltr'><strong>διὰ</strong></span> <span class='ocrx_word' id='word_1_31' title='bbox 1782 634 1895 705; x_wconf 68' lang='grc'><strong>(42)</strong></span> 
     </span>
    </p>
   </div>
   <div class='ocr_carea' id='block_1_7' title="bbox 296 718 1155 789">
    <p class='ocr_par' dir='ltr' id='par_1_7' title="bbox 296 718 1155 789">
     <span class='ocr_line' id='line_1_7' title="bbox 296 718 1155 789; baseline 0.007 -21"><span class='ocrx_word' id='word_1_32' title='bbox 296 718 581 785; x_wconf 74' lang='grc' dir='ltr'>προλασού</span> <span class='ocrx_word' id='word_1_33' title='bbox 593 736 689 781; x_wconf 87' lang='grc' dir='ltr'><strong>σας</strong></span> <span class='ocrx_word' id='word_1_34' title='bbox 720 720 923 789; x_wconf 76' lang='grc' dir='ltr'>ἀρετὰς</span> <span class='ocrx_word' id='word_1_35' title='bbox 953 721 1155 775; x_wconf 77' lang='grc' dir='ltr'>αὐτῶν.</span> 
     </span>
    </p>
   </div>
   <div class='ocr_carea' id='block_1_8' title="bbox 370 810 1895 887">
    <p class='ocr_par' dir='ltr' id='par_1_8' title="bbox 370 810 1895 887">
     <span class='ocr_line' id='line_1_8' title="bbox 370 810 1895 887; baseline 0.009 -26"><span class='ocrx_word' id='word_1_36' title='bbox 370 810 589 881; x_wconf 80' lang='grc' dir='ltr'>Ὥσπερ</span> <span class='ocrx_word' id='word_1_37' title='bbox 619 810 677 863; x_wconf 81' lang='grc' dir='ltr'>δὲ</span> <span class='ocrx_word' id='word_1_38' title='bbox 738 810 974 882; x_wconf 80' lang='grc' dir='ltr'><strong>διαθήκη</strong></span> <span class='ocrx_word' id='word_1_39' title='bbox 1024 814 1119 865; x_wconf 75' lang='grc' dir='ltr'><strong>καὶ</strong></span> <span class='ocrx_word' id='word_1_40' title='bbox 1178 812 1412 887; x_wconf 74' lang='grc' dir='ltr'>διαθήκη</span> <span class='ocrx_word' id='word_1_41' title='bbox 1457 816 1735 886; x_wconf 68' lang='grc' dir='ltr'>λέγονται,</span> <span class='ocrx_word' id='word_1_42' title='bbox 1800 822 1895 874; x_wconf 77' lang='grc' dir='ltr'>καὶ</span> 
     </span>
    </p>
   </div>
   <div class='ocr_carea' id='block_1_9' title="bbox 292 898 1895 978">
    <p class='ocr_par' dir='ltr' id='par_1_9' title="bbox 292 898 1895 978">
     <span class='ocr_line' id='line_1_9' title="bbox 292 898 1895 978; baseline 0.011 -30"><span class='ocrx_word' id='word_1_43' title='bbox 292 898 469 965; x_wconf 83' lang='grc' dir='ltr'>νόμος</span> <span class='ocrx_word' id='word_1_44' title='bbox 503 902 597 951; x_wconf 70' lang='grc' dir='ltr'>καὶ</span> <span class='ocrx_word' id='word_1_45' title='bbox 630 902 813 971; x_wconf 81' lang='grc' dir='ltr'>νόμος,</span> <span class='ocrx_word' id='word_1_46' title='bbox 848 904 944 955; x_wconf 84' lang='grc' dir='ltr'>καὶ</span> <span class='ocrx_word' id='word_1_47' title='bbox 978 903 1152 957; x_wconf 76' lang='grc' dir='ltr'>πολλὰ</span> <span class='ocrx_word' id='word_1_48' title='bbox 1186 907 1417 959; x_wconf 85' lang='grc' dir='ltr'>τοιαῦτα</span> <span class='ocrx_word' id='word_1_49' title='bbox 1464 908 1706 978; x_wconf 84' lang='grc' dir='ltr'>ὀνόματα</span> <span class='ocrx_word' id='word_1_50' title='bbox 1735 912 1895 965; x_wconf 81' lang='grc' dir='ltr'>κοινὰ</span> 
     </span>
    </p>
   </div>
   <div class='ocr_carea' id='block_1_10' title="bbox 289 990 1894 1075">
    <p class='ocr_par' dir='ltr' id='par_1_10' title="bbox 289 990 1894 1075">
     <span class='ocr_line' id='line_1_10' title="bbox 289 990 1894 1075; baseline 0.012 -34"><span class='ocrx_word' id='word_1_51' title='bbox 289 990 519 1059; x_wconf 72' lang='grc' dir='ltr'>ἔχουσιν</span> <span class='ocrx_word' id='word_1_52' title='bbox 549 1009 563 1021; x_wconf 90' lang='grc'><strong>·</strong></span> <span class='ocrx_word' id='word_1_53' title='bbox 597 992 741 1047; x_wconf 80' lang='grc' dir='ltr'>οὕτω</span> <span class='ocrx_word' id='word_1_54' title='bbox 770 996 862 1049; x_wconf 72' lang='grc' dir='ltr'>καὶ</span> <span class='ocrx_word' id='word_1_55' title='bbox 891 996 1055 1068; x_wconf 87' lang='grc' dir='ltr'>χάρις</span> <span class='ocrx_word' id='word_1_56' title='bbox 1099 995 1213 1069; x_wconf 67' lang='grc'><strong>(45)</strong></span> <span class='ocrx_word' id='word_1_57' title='bbox 1265 999 1361 1053; x_wconf 79' lang='grc' dir='ltr'>καὶ</span> <span class='ocrx_word' id='word_1_58' title='bbox 1393 1002 1555 1073; x_wconf 86' lang='grc' dir='ltr'>χάρις</span> <span class='ocrx_word' id='word_1_59' title='bbox 1595 1004 1894 1075; x_wconf 78' lang='grc' dir='ltr'>ὀνομάζον-</span> 
     </span>
    </p>
   </div>
   <div class='ocr_carea' id='block_1_11' title="bbox 288 1099 409 1137">
    <p class='ocr_par' dir='ltr' id='par_1_11' title="bbox 288 1099 409 1137">
     <span class='ocr_line' id='line_1_11' title="bbox 288 1099 409 1137; baseline 0.041 -5"><span class='ocrx_word' id='word_1_60' title='bbox 288 1099 409 1137; x_wconf 82' lang='grc' dir='ltr'>ται.</span> 
     </span>
    </p>
   </div>
   <div class='ocr_carea' id='block_1_12' title="bbox 381 1172 1893 1258">
    <p class='ocr_par' dir='ltr' id='par_1_12' title="bbox 381 1172 1893 1258">
     <span class='ocr_line' id='line_1_12' title="bbox 381 1172 1893 1258; baseline 0.011 -32"><span class='ocrx_word' id='word_1_61' title='bbox 381 1172 732 1246; x_wconf 85' lang='grc' dir='ltr'>Ὀμωνύμως</span> <span class='ocrx_word' id='word_1_62' title='bbox 780 1178 838 1231; x_wconf 82' lang='grc' dir='ltr'>δὲ</span> <span class='ocrx_word' id='word_1_63' title='bbox 882 1180 1088 1246; x_wconf 85' lang='grc' dir='ltr'>πάντα,</span> <span class='ocrx_word' id='word_1_64' title='bbox 1152 1184 1249 1237; x_wconf 69' lang='grc' dir='ltr'>καὶ</span> <span class='ocrx_word' id='word_1_65' title='bbox 1294 1185 1354 1239; x_wconf 84' lang='grc' dir='ltr'><strong>ού</strong></span> <span class='ocrx_word' id='word_1_66' title='bbox 1411 1188 1771 1258; x_wconf 84' lang='grc' dir='ltr'><strong>συνωνύμως.</strong></span> <span class='ocrx_word' id='word_1_67' title='bbox 1808 1189 1893 1243; x_wconf 82' lang='grc' dir='ltr'><strong>Τὰ</strong></span> 
     </span>
    </p>
   </div>
   <div class='ocr_carea' id='block_1_13' title="bbox 288 1263 1890 1350">
    <p class='ocr_par' dir='ltr' id='par_1_13' title="bbox 288 1263 1890 1350">
     <span class='ocr_line' id='line_1_13' title="bbox 288 1263 1890 1350; baseline 0.011 -34"><span class='ocrx_word' id='word_1_68' title='bbox 288 1263 520 1336; x_wconf 72' lang='grc' dir='ltr'>ἐκείνης</span> <span class='ocrx_word' id='word_1_69' title='bbox 546 1270 646 1336; x_wconf 82' lang='grc' dir='ltr'>μὲν</span> <span class='ocrx_word' id='word_1_70' title='bbox 667 1270 773 1340; x_wconf 83' lang='grc' dir='ltr'><strong>γάρ</strong></span> <span class='ocrx_word' id='word_1_71' title='bbox 794 1274 1154 1343; x_wconf 84' lang='grc' dir='ltr'>στοιχείωσις,</span> <span class='ocrx_word' id='word_1_72' title='bbox 1179 1277 1248 1331; x_wconf 84' lang='grc' dir='ltr'>τὰ</span> <span class='ocrx_word' id='word_1_73' title='bbox 1274 1278 1480 1350; x_wconf 84' lang='grc' dir='ltr'><strong>ταύτης</strong></span> <span class='ocrx_word' id='word_1_74' title='bbox 1508 1279 1567 1333; x_wconf 83' lang='grc' dir='ltr'>δὲ</span> <span class='ocrx_word' id='word_1_75' title='bbox 1583 1279 1890 1344; x_wconf 77' lang='grc' dir='ltr'>τελείωσιςο</span> 
     </span>
    </p>
   </div>
   <div class='ocr_carea' id='block_1_14' title="bbox 288 1358 1886 1446">
    <p class='ocr_par' dir='ltr' id='par_1_14' title="bbox 288 1358 1886 1446">
     <span class='ocr_line' id='line_1_14' title="bbox 288 1358 1886 1446; baseline 0.013 -37"><span class='ocrx_word' id='word_1_76' title='bbox 288 1358 533 1414; x_wconf 72' lang='grc' dir='ltr'>κάκεῖνα</span> <span class='ocrx_word' id='word_1_77' title='bbox 567 1363 669 1431; x_wconf 87' lang='grc' dir='ltr'>μὲν</span> <span class='ocrx_word' id='word_1_78' title='bbox 695 1365 858 1419; x_wconf 81' lang='grc' dir='ltr'>παισὶ</span> <span class='ocrx_word' id='word_1_79' title='bbox 886 1371 1241 1440; x_wconf 81' lang='grc' dir='ltr'>προσήκοντα</span> <span class='ocrx_word' id='word_1_80' title='bbox 1262 1411 1278 1438; x_wconf 94' lang='grc'><strong>,</strong></span> <span class='ocrx_word' id='word_1_81' title='bbox 1302 1371 1481 1427; x_wconf 86' lang='grc' dir='ltr'>ταῦτα</span> <span class='ocrx_word' id='word_1_82' title='bbox 1506 1372 1565 1428; x_wconf 84' lang='grc' dir='ltr'>δὲ</span> <span class='ocrx_word' id='word_1_83' title='bbox 1597 1374 1886 1446; x_wconf 73' lang='grc' dir='ltr'>ἀνδράσιν.</span> 
     </span>
    </p>
   </div>
   <div class='ocr_carea' id='block_1_15' title="bbox 367 1637 1888 1720">
    <p class='ocr_par' dir='ltr' id='par_1_15' title="bbox 367 1637 1888 1720">
     <span class='ocr_line' id='line_1_15' title="bbox 367 1637 1888 1720; baseline 0.016 -32"><span class='ocrx_word' id='word_1_84' title='bbox 367 1637 440 1689; x_wconf 86' lang='grc' dir='ltr'><strong>’Ἠ</strong></span> <span class='ocrx_word' id='word_1_85' title='bbox 470 1638 656 1693; x_wconf 75' lang='grc' dir='ltr'>ἐκεῖνα</span> <span class='ocrx_word' id='word_1_86' title='bbox 691 1641 795 1711; x_wconf 86' lang='grc' dir='ltr'>μὲν</span> <span class='ocrx_word' id='word_1_87' title='bbox 832 1643 1083 1715; x_wconf 75' lang='grc' dir='ltr'>ἀνδράσι,</span> <span class='ocrx_word' id='word_1_88' title='bbox 1122 1647 1298 1702; x_wconf 87' lang='grc' dir='ltr'>ταῦτα</span> <span class='ocrx_word' id='word_1_89' title='bbox 1342 1648 1398 1703; x_wconf 71' lang='grc' dir='ltr'>δὲ</span> <span class='ocrx_word' id='word_1_90' title='bbox 1436 1651 1715 1720; x_wconf 80' lang='grc' dir='ltr'>ἀγγέλοις.</span> <span class='ocrx_word' id='word_1_91' title='bbox 1753 1651 1888 1713; x_wconf 74' lang='grc' dir='ltr'>Εἶτα</span> 
     </span>
    </p>
   </div>
   <div class='ocr_carea' id='block_1_16' title="bbox 221 1728 1887 1820">
    <p class='ocr_par' dir='ltr' id='par_1_16' title="bbox 221 1728 1887 1820">
     <span class='ocr_line' id='line_1_16' title="bbox 221 1728 1887 1820; baseline 0.014 -41"><span class='ocrx_word' id='word_1_92' title='bbox 221 1776 233 1798; x_wconf 59' lang='grc'><strong>,</strong></span> <span class='ocrx_word' id='word_1_93' title='bbox 284 1728 536 1783; x_wconf 82' lang='grc' dir='ltr'>δεικνύει</span> <span class='ocrx_word' id='word_1_94' title='bbox 559 1733 619 1785; x_wconf 89' lang='grc' dir='ltr'>τὸ</span> <span class='ocrx_word' id='word_1_95' title='bbox 645 1733 908 1806; x_wconf 81' lang='grc' dir='ltr'>διάφορον</span> <span class='ocrx_word' id='word_1_96' title='bbox 941 1738 1125 1793; x_wconf 85' lang='grc' dir='ltr'>αὐτῶν</span> <span class='ocrx_word' id='word_1_97' title='bbox 1184 1741 1297 1794; x_wconf 82' lang='grc' dir='ltr'><strong>ἀπὸ</strong></span> <span class='ocrx_word' id='word_1_98' title='bbox 1326 1742 1437 1796; x_wconf 86' lang='grc' dir='ltr'>τῶν</span> <span class='ocrx_word' id='word_1_99' title='bbox 1475 1744 1887 1820; x_wconf 79' lang='grc' dir='ltr'>διακονησαμέ-</span> 
     </span>
    </p>
   </div>
   <div class='ocr_carea' id='block_1_17' title="bbox 284 1824 639 1887">
    <p class='ocr_par' dir='ltr' id='par_1_17' title="bbox 284 1824 639 1887">
     <span class='ocr_line' id='line_1_17' title="bbox 284 1824 639 1887; baseline 0.025 -16"><span class='ocrx_word' id='word_1_100' title='bbox 284 1838 401 1874; x_wconf 83' lang='grc' dir='ltr'><strong>νων</strong></span> <span class='ocrx_word' id='word_1_101' title='bbox 432 1824 639 1887; x_wconf 81' lang='grc' dir='ltr'>αὐτοῖς.</span> 
     </span>
    </p>
   </div>
   <div class='ocr_carea' id='block_1_18' title="bbox 2008 641 3604 725">
    <p class='ocr_par' dir='ltr' id='par_1_18' title="bbox 2008 641 3604 725">
     <span class='ocr_line' id='line_1_18' title="bbox 2008 641 3604 725; baseline 0.014 -35"><span class='ocrx_word' id='word_1_102' title='bbox 2008 641 2227 708; x_wconf 89' lang='lat' dir='ltr'><strong>propria</strong></span> <span class='ocrx_word' id='word_1_103' title='bbox 2259 657 2353 694; x_wconf 83' lang='lat' dir='ltr'><strong>sua</strong></span> <span class='ocrx_word' id='word_1_104' title='bbox 2387 644 2765 698; x_wconf 89' lang='lat' dir='ltr'><strong>misericordia</strong></span> <span class='ocrx_word' id='word_1_105' title='bbox 2800 648 3164 716; x_wconf 66' lang='lat' dir='ltr'><strong>gratificante,</strong></span> <span class='ocrx_word' id='word_1_106' title='bbox 3199 666 3309 704; x_wconf 88' lang='lat' dir='ltr'><strong>non</strong></span> <span class='ocrx_word' id='word_1_107' title='bbox 3352 654 3422 708; x_wconf 83' lang='lat' dir='ltr'><strong>ob</strong></span> <span class='ocrx_word' id='word_1_108' title='bbox 3458 674 3604 725; x_wconf 80' lang='lat' dir='ltr'><strong>pm:-</strong></span> 
     </span>
    </p>
   </div>
   <div class='ocr_carea' id='block_1_19' title="bbox 2006 730 3171 808">
    <p class='ocr_par' dir='ltr' id='par_1_19' title="bbox 2006 730 3171 808">
     <span class='ocr_line' id='line_1_19' title="bbox 2006 730 3171 808; baseline 0.009 -24"><span class='ocrx_word' id='word_1_109' title='bbox 2006 730 2265 785; x_wconf 88' lang='lat' dir='ltr'><strong>cedentes</strong></span> <span class='ocrx_word' id='word_1_110' title='bbox 2298 734 2514 788; x_wconf 84' lang='lat' dir='ltr'><strong>illorum</strong></span> <span class='ocrx_word' id='word_1_111' title='bbox 2552 738 2780 791; x_wconf 81' lang='lat' dir='ltr'><strong>virtutes</strong></span> <span class='ocrx_word' id='word_1_112' title='bbox 2815 741 3171 808; x_wconf 75' lang='lat' dir='ltr'><strong>rependente.</strong></span> 
     </span>
    </p>
   </div>
   <div class='ocr_carea' id='block_1_20' title="bbox 2076 822 3601 905">
    <p class='ocr_par' dir='ltr' id='par_1_20' title="bbox 2076 822 3601 905">
     <span class='ocr_line' id='line_1_20' title="bbox 2076 822 3601 905; baseline 0.012 -29"><span class='ocrx_word' id='word_1_113' title='bbox 2076 822 2546 888; x_wconf 81' lang='lat' dir='ltr'><strong>Quemadmodum</strong></span> <span class='ocrx_word' id='word_1_114' title='bbox 2588 840 2769 883; x_wconf 85' lang='lat' dir='ltr'><strong>autem</strong></span> <span class='ocrx_word' id='word_1_115' title='bbox 2802 831 3059 886; x_wconf 79' lang='lat' dir='ltr'><strong>dicunt-ur</strong></span> <span class='ocrx_word' id='word_1_116' title='bbox 3096 833 3179 887; x_wconf 75' lang='lat' dir='ltr'><strong>lex</strong></span> <span class='ocrx_word' id='word_1_117' title='bbox 3216 845 3269 887; x_wconf 91' lang='lat' dir='ltr'><strong>et</strong></span> <span class='ocrx_word' id='word_1_118' title='bbox 3302 837 3410 905; x_wconf 72' lang='lat' dir='ltr'><strong>lex,</strong></span> <span class='ocrx_word' id='word_1_119' title='bbox 3435 848 3601 894; x_wconf 78' lang='lat' dir='ltr'><strong>testa-</strong></span> 
     </span>
    </p>
   </div>
   <div class='ocr_carea' id='block_1_21' title="bbox 2006 924 3600 993">
    <p class='ocr_par' dir='ltr' id='par_1_21' title="bbox 2006 924 3600 993">
     <span class='ocr_line' id='line_1_21' title="bbox 2006 924 3600 993; baseline 0.014 -27"><span class='ocrx_word' id='word_1_120' title='bbox 2006 924 2254 970; x_wconf 76' lang='lat' dir='ltr'><strong>mentum</strong></span> <span class='ocrx_word' id='word_1_121' title='bbox 2307 934 2369 971; x_wconf 88' lang='lat' dir='ltr'><strong>ac</strong></span> <span class='ocrx_word' id='word_1_122' title='bbox 2414 928 2832 987; x_wconf 74' lang='lat' dir='ltr'><strong>testamentum,</strong></span> <span class='ocrx_word' id='word_1_123' title='bbox 2886 925 3169 993; x_wconf 83' lang='lat' dir='ltr'><strong>multaque</strong></span> <span class='ocrx_word' id='word_1_124' title='bbox 3221 929 3323 982; x_wconf 79' lang='lat' dir='ltr'><strong>alia</strong></span> <span class='ocrx_word' id='word_1_125' title='bbox 3376 934 3600 988; x_wconf 76' lang='lat' dir='ltr'><strong>numina</strong></span> 
     </span>
    </p>
   </div>
   <div class='ocr_carea' id='block_1_22' title="bbox 2004 1006 3599 1092">
    <p class='ocr_par' dir='ltr' id='par_1_22' title="bbox 2004 1006 3599 1092">
     <span class='ocr_line' id='line_1_22' title="bbox 2004 1006 3599 1092; baseline 0.012 -33"><span class='ocrx_word' id='word_1_126' title='bbox 2004 1006 2213 1063; x_wconf 96' lang='lat' dir='ltr'><strong>habent</strong></span> <span class='ocrx_word' id='word_1_127' title='bbox 2269 1014 2631 1067; x_wconf 88' lang='lat' dir='ltr'><strong>communia:</strong></span> <span class='ocrx_word' id='word_1_128' title='bbox 2687 1014 2760 1068; x_wconf 88' lang='lat' dir='ltr'><strong>ita</strong></span> <span class='ocrx_word' id='word_1_129' title='bbox 2812 1030 3031 1085; x_wconf 87' lang='lat' dir='ltr'><strong>quoque</strong></span> <span class='ocrx_word' id='word_1_130' title='bbox 3083 1020 3257 1089; x_wconf 78' lang='lat' dir='ltr'><strong>gratia</strong></span> <span class='ocrx_word' id='word_1_131' title='bbox 3311 1033 3367 1076; x_wconf 89' lang='lat' dir='ltr'><strong>ct</strong></span> <span class='ocrx_word' id='word_1_132' title='bbox 3424 1028 3599 1092; x_wconf 79' lang='lat' dir='ltr'><strong>giatia</strong></span> 
     </span>
    </p>
   </div>
   <div class='ocr_carea' id='block_1_23' title="bbox 2004 1100 2382 1157">
    <p class='ocr_par' dir='ltr' id='par_1_23' title="bbox 2004 1100 2382 1157">
     <span class='ocr_line' id='line_1_23' title="bbox 2004 1100 2382 1157; baseline 0.019 -7"><span class='ocrx_word' id='word_1_133' title='bbox 2004 1100 2382 1157; x_wconf 82' lang='lat' dir='ltr'><strong>nominantur.</strong></span> 
     </span>
    </p>
   </div>
   <div class='ocr_carea' id='block_1_24' title="bbox 2075 1189 3598 1275">
    <p class='ocr_par' dir='ltr' id='par_1_24' title="bbox 2075 1189 3598 1275">
     <span class='ocr_line' id='line_1_24' title="bbox 2075 1189 3598 1275; baseline 0.013 -32"><span class='ocrx_word' id='word_1_134' title='bbox 2075 1189 2202 1247; x_wconf 69' lang='lat' dir='ltr'><strong>Haec</strong></span> <span class='ocrx_word' id='word_1_135' title='bbox 2232 1205 2413 1249; x_wconf 84' lang='lat' dir='ltr'><strong>autem</strong></span> <span class='ocrx_word' id='word_1_136' title='bbox 2456 1197 2732 1266; x_wconf 60' lang='lat' dir='ltr'><strong>requivo‘ca</strong></span> <span class='ocrx_word' id='word_1_137' title='bbox 2773 1208 2928 1267; x_wconf 86' lang='lat' dir='ltr'><strong>sunt,</strong></span> <span class='ocrx_word' id='word_1_138' title='bbox 2962 1216 3071 1254; x_wconf 89' lang='lat' dir='ltr'><strong>non</strong></span> <span class='ocrx_word' id='word_1_139' title='bbox 3114 1218 3410 1275; x_wconf 73' lang='lat' dir='ltr'><strong>synonyma</strong></span> <span class='ocrx_word' id='word_1_140' title='bbox 3452 1227 3463 1260; x_wconf 91' lang='lat'>:</span> <span class='ocrx_word' id='word_1_141' title='bbox 3510 1209 3598 1263; x_wconf 88' lang='lat' dir='ltr'><strong>illa</strong></span> 
     </span>
    </p>
   </div>
   <div class='ocr_carea' id='block_1_25' title="bbox 2002 1278 3598 1364">
    <p class='ocr_par' dir='ltr' id='par_1_25' title="bbox 2002 1278 3598 1364">
     <span class='ocr_line' id='line_1_25' title="bbox 2002 1278 3598 1364; baseline 0.014 -33"><span class='ocrx_word' id='word_1_142' title='bbox 2002 1278 2276 1349; x_wconf 83' lang='lat' dir='ltr'><strong>siquidem</strong></span> <span class='ocrx_word' id='word_1_143' title='bbox 2323 1299 2445 1352; x_wconf 64' lang='lat' dir='ltr'><strong>quae</strong></span> <span class='ocrx_word' id='word_1_144' title='bbox 2483 1287 2688 1340; x_wconf 82' lang='lat' dir='ltr'><strong>veteris</strong></span> <span class='ocrx_word' id='word_1_145' title='bbox 2736 1298 2889 1353; x_wconf 90' lang='lat' dir='ltr'><strong>sunt,</strong></span> <span class='ocrx_word' id='word_1_146' title='bbox 2937 1293 3131 1346; x_wconf 86' lang='lat' dir='ltr'><strong>rudem</strong></span> <span class='ocrx_word' id='word_1_147' title='bbox 3183 1298 3598 1364; x_wconf 73' lang='lat' dir='ltr'><strong>expressionem</strong></span> 
     </span>
    </p>
   </div>
   <div class='ocr_carea' id='block_1_26' title="bbox 2000 1370 3599 1455">
    <p class='ocr_par' dir='ltr' id='par_1_26' title="bbox 2000 1370 3599 1455">
     <span class='ocr_line' id='line_1_26' title="bbox 2000 1370 3599 1455; baseline 0.012 -30"><span class='ocrx_word' id='word_1_148' title='bbox 2000 1370 2267 1428; x_wconf 78' lang='lat' dir='ltr'><strong>duntaxat</strong></span> <span class='ocrx_word' id='word_1_149' title='bbox 2287 1376 2597 1446; x_wconf 84' lang='lat' dir='ltr'><strong>signiﬁcant</strong></span> <span class='ocrx_word' id='word_1_150' title='bbox 2617 1390 2671 1433; x_wconf 91' lang='lat' dir='ltr'><strong>et</strong></span> <span class='ocrx_word' id='word_1_151' title='bbox 2690 1379 3075 1452; x_wconf 80' lang='lat' dir='ltr'><strong>imitationem,</strong></span> <span class='ocrx_word' id='word_1_152' title='bbox 3100 1400 3220 1453; x_wconf 67' lang='lat' dir='ltr'><strong>qua:</strong></span> <span class='ocrx_word' id='word_1_153' title='bbox 3243 1397 3426 1441; x_wconf 76' lang='lat' dir='ltr'><strong>autem</strong></span> <span class='ocrx_word' id='word_1_154' title='bbox 3452 1392 3599 1455; x_wconf 83' lang='lat' dir='ltr'><strong>novi,</strong></span> 
     </span>
    </p>
   </div>
   <div class='ocr_carea' id='block_1_27' title="bbox 1999 1465 3596 1551">
    <p class='ocr_par' dir='ltr' id='par_1_27' title="bbox 1999 1465 3596 1551">
     <span class='ocr_line' id='line_1_27' title="bbox 1999 1465 3596 1551; baseline 0.013 -33"><span class='ocrx_word' id='word_1_155' title='bbox 1999 1465 2395 1534; x_wconf 82' lang='lat' dir='ltr'><strong>perfectionem</strong></span> <span class='ocrx_word' id='word_1_156' title='bbox 2427 1484 2440 1523; x_wconf 94' lang='lat'><strong>:</strong></span> <span class='ocrx_word' id='word_1_157' title='bbox 2480 1480 2534 1525; x_wconf 89' lang='lat' dir='ltr'><strong>et</strong></span> <span class='ocrx_word' id='word_1_158' title='bbox 2563 1471 2655 1526; x_wconf 85' lang='lat' dir='ltr'><strong>illa</strong></span> <span class='ocrx_word' id='word_1_159' title='bbox 2687 1488 2820 1528; x_wconf 86' lang='lat' dir='ltr'><strong>sane</strong></span> <span class='ocrx_word' id='word_1_160' title='bbox 2848 1475 3104 1531; x_wconf 83' lang='lat' dir='ltr'><strong>omnibus</strong></span> <span class='ocrx_word' id='word_1_161' title='bbox 3145 1478 3206 1549; x_wconf 76' lang='grc'><strong>(1)</strong></span> <span class='ocrx_word' id='word_1_162' title='bbox 3236 1485 3596 1551; x_wconf 86' lang='lat' dir='ltr'><strong>conveniunt,</strong></span> 
     </span>
    </p>
   </div>
   <div class='ocr_carea' id='block_1_28' title="bbox 1999 1556 2679 1619">
    <p class='ocr_par' dir='ltr' id='par_1_28' title="bbox 1999 1556 2679 1619">
     <span class='ocr_line' id='line_1_28' title="bbox 1999 1556 2679 1619; baseline 0.012 -8"><span class='ocrx_word' id='word_1_163' title='bbox 1999 1556 2117 1614; x_wconf 65' lang='lat' dir='ltr'><strong>haec</strong></span> <span class='ocrx_word' id='word_1_164' title='bbox 2147 1572 2328 1614; x_wconf 86' lang='lat' dir='ltr'><strong>autem</strong></span> <span class='ocrx_word' id='word_1_165' title='bbox 2363 1561 2497 1617; x_wconf 88' lang='lat' dir='ltr'><strong>solis</strong></span> <span class='ocrx_word' id='word_1_166' title='bbox 2528 1564 2679 1619; x_wconf 81' lang='lat' dir='ltr'><strong>viris.</strong></span> 
     </span>
    </p>
   </div>
   <div class='ocr_carea' id='block_1_29' title="bbox 2069 1649 3597 1731">
    <p class='ocr_par' dir='ltr' id='par_1_29' title="bbox 2069 1649 3597 1731">
     <span class='ocr_line' id='line_1_29' title="bbox 2069 1649 3597 1731; baseline 0.01 -28"><span class='ocrx_word' id='word_1_167' title='bbox 2069 1649 2165 1703; x_wconf 81' lang='lat' dir='ltr'><strong>Vel</strong></span> <span class='ocrx_word' id='word_1_168' title='bbox 2197 1652 2379 1720; x_wconf 86' lang='lat' dir='ltr'><strong>potius</strong></span> <span class='ocrx_word' id='word_1_169' title='bbox 2416 1654 2504 1708; x_wconf 88' lang='lat' dir='ltr'><strong>illa</strong></span> <span class='ocrx_word' id='word_1_170' title='bbox 2545 1656 2697 1720; x_wconf 81' lang='lat' dir='ltr'><strong>viris,</strong></span> <span class='ocrx_word' id='word_1_171' title='bbox 2750 1660 2850 1712; x_wconf 90' lang='lat' dir='ltr'><strong>ista</strong></span> <span class='ocrx_word' id='word_1_172' title='bbox 2898 1674 3030 1713; x_wconf 81' lang='lat' dir='ltr'><strong>vero</strong></span> <span class='ocrx_word' id='word_1_173' title='bbox 3060 1662 3291 1731; x_wconf 81' lang='lat' dir='ltr'><strong>angelis.</strong></span> <span class='ocrx_word' id='word_1_174' title='bbox 3328 1663 3597 1721; x_wconf 69' lang='lat' dir='ltr'><strong>Dilieren-</strong></span> 
     </span>
    </p>
   </div>
   <div class='ocr_carea' id='block_1_30' title="bbox 1997 1740 3592 1823">
    <p class='ocr_par' dir='ltr' id='par_1_30' title="bbox 1997 1740 3592 1823">
     <span class='ocr_line' id='line_1_30' title="bbox 1997 1740 3592 1823; baseline 0.011 -28"><span class='ocrx_word' id='word_1_175' title='bbox 1997 1740 2127 1795; x_wconf 73' lang='lat' dir='ltr'><strong>tiam</strong></span> <span class='ocrx_word' id='word_1_176' title='bbox 2159 1758 2562 1813; x_wconf 78' lang='lat' dir='ltr'><strong>consequenter</strong></span> <span class='ocrx_word' id='word_1_177' title='bbox 2611 1748 2856 1820; x_wconf 89' lang='lat' dir='ltr'><strong>ipsorum</strong></span> <span class='ocrx_word' id='word_1_178' title='bbox 2891 1751 2959 1807; x_wconf 85' lang='lat' dir='ltr'><strong>ab</strong></span> <span class='ocrx_word' id='word_1_179' title='bbox 2992 1752 3076 1806; x_wconf 91' lang='lat' dir='ltr'><strong>his</strong></span> <span class='ocrx_word' id='word_1_180' title='bbox 3119 1755 3209 1823; x_wconf 91' lang='lat' dir='ltr'><strong>qui</strong></span> <span class='ocrx_word' id='word_1_181' title='bbox 3247 1770 3309 1808; x_wconf 83' lang='lat' dir='ltr'><strong>ea</strong></span> <span class='ocrx_word' id='word_1_182' title='bbox 3360 1757 3592 1813; x_wconf 62' lang='lat' dir='ltr'><strong>admitti.</strong></span> 
     </span>
    </p>
   </div>
   <div class='ocr_carea' id='block_1_31' title="bbox 1996 1839 2604 1894">
    <p class='ocr_par' dir='ltr' id='par_1_31' title="bbox 1996 1839 2604 1894">
     <span class='ocr_line' id='line_1_31' title="bbox 1996 1839 2604 1894; baseline 0.013 -8"><span class='ocrx_word' id='word_1_183' title='bbox 1996 1842 2308 1889; x_wconf 78' lang='lat' dir='ltr'><strong>straverunt</strong></span> <span class='ocrx_word' id='word_1_184' title='bbox 2340 1839 2604 1894; x_wconf 86' lang='lat' dir='ltr'><strong>ostendit.</strong></span> 
     </span>
    </p>
   </div>
   <div class='ocr_carea' id='block_1_32' title="bbox 361 1911 1879 2004">
    <p class='ocr_par' dir='ltr' id='par_1_32' title="bbox 361 1914 1879 2000">
     <span class='ocr_line' id='line_1_32' title="bbox 361 1914 1879 2000; baseline 0.013 -34"><span class='ocrx_word' id='word_1_185' title='bbox 361 1914 495 1968; x_wconf 80' lang='grc' dir='ltr'><strong>Ὅτι</strong></span> <span class='ocrx_word' id='word_1_186' title='bbox 521 1946 589 1954; x_wconf 94' lang='grc'><strong>--</strong></span> <span class='ocrx_word' id='word_1_187' title='bbox 618 1918 875 1985; x_wconf 77' lang='grc' dir='ltr'>ἐγένετο.</span> <span class='ocrx_word' id='word_1_188' title='bbox 926 1922 985 1974; x_wconf 92' lang='grc' dir='ltr'>Ὁ</span> <span class='ocrx_word' id='word_1_189' title='bbox 1024 1922 1189 1991; x_wconf 83' lang='grc' dir='ltr'>νόμος</span> <span class='ocrx_word' id='word_1_190' title='bbox 1239 1927 1362 1993; x_wconf 85' lang='grc' dir='ltr'>μὲν,</span> <span class='ocrx_word' id='word_1_191' title='bbox 1403 1927 1581 1982; x_wconf 81' lang='grc' dir='ltr'>εῐτουν</span> <span class='ocrx_word' id='word_1_192' title='bbox 1613 1932 1644 2000; x_wconf 79' lang='grc' dir='ltr'>ἡ</span> <span class='ocrx_word' id='word_1_193' title='bbox 1676 1932 1879 1986; x_wconf 81' lang='grc' dir='ltr'>παλαιὰ</span> 
     </span>
    </p>
   </div>
   <div class='ocr_carea' id='block_1_33' title="bbox 1997 1911 3592 2004">
    <p class='ocr_par' dir='ltr' id='par_1_33' title="bbox 2063 1922 3592 2004">
     <span class='ocr_line' id='line_1_33' title="bbox 2063 1922 3592 2004; baseline 0.013 -28"><span class='ocrx_word' id='word_1_194' title='bbox 2063 1922 2219 1980; x_wconf 76' lang='lat' dir='ltr'><strong>Vers.</strong></span> <span class='ocrx_word' id='word_1_195' title='bbox 2258 1927 2338 1979; x_wconf 85' lang='lat' dir='ltr'><strong>l7.</strong></span> <span class='ocrx_word' id='word_1_196' title='bbox 2364 1929 2698 2001; x_wconf 79' lang='lat' dir='ltr'><strong>Quia—fuit.</strong></span> <span class='ocrx_word' id='word_1_197' title='bbox 2740 1932 2848 1987; x_wconf 75' lang='lat' dir='ltr'><strong>Lex</strong></span> <span class='ocrx_word' id='word_1_198' title='bbox 2872 1934 3118 2004; x_wconf 85' lang='lat' dir='ltr'><strong>quidem,</strong></span> <span class='ocrx_word' id='word_1_199' title='bbox 3149 1937 3263 1991; x_wconf 85' lang='lat' dir='ltr'><strong>sive</strong></span> <span class='ocrx_word' id='word_1_200' title='bbox 3299 1947 3459 1994; x_wconf 81' lang='lat' dir='ltr'><strong>vetus</strong></span> <span class='ocrx_word' id='word_1_201' title='bbox 3487 1937 3592 1995; x_wconf 82' lang='lat' dir='ltr'><strong>Tc-</strong></span> 
     </span>
    </p>
   </div>
   <div class='ocr_carea' id='block_1_34' title="bbox 284 2007 1885 2090">
    <p class='ocr_par' dir='ltr' id='par_1_34' title="bbox 284 2007 1885 2090">
     <span class='ocr_line' id='line_1_34' title="bbox 284 2007 1885 2090; baseline 0.012 -33"><span class='ocrx_word' id='word_1_202' title='bbox 284 2007 540 2077; x_wconf 78' lang='grc' dir='ltr'>Διαθήκη</span> <span class='ocrx_word' id='word_1_203' title='bbox 569 2009 655 2063; x_wconf 75' lang='grc' dir='ltr'>διὰ</span> <span class='ocrx_word' id='word_1_204' title='bbox 712 2012 994 2075; x_wconf 79' lang='grc' dir='ltr'>Μωῦσὲως</span> <span class='ocrx_word' id='word_1_205' title='bbox 1053 2015 1538 2087; x_wconf 72' lang='grc' dir='ltr'>μεσολαδήσαντος</span> <span class='ocrx_word' id='word_1_206' title='bbox 1581 2019 1738 2090; x_wconf 81' lang='grc' dir='ltr'>ἐδόθη</span> <span class='ocrx_word' id='word_1_207' title='bbox 1769 2026 1885 2087; x_wconf 83' lang='grc' dir='ltr'>τοῖς</span> 
     </span>
    </p>
   </div>
   <div class='ocr_carea' id='block_1_35' title="bbox 296 2098 1884 2185">
    <p class='ocr_par' dir='ltr' id='par_1_35' title="bbox 296 2098 1884 2185">
     <span class='ocr_line' id='line_1_35' title="bbox 296 2098 1884 2185; baseline 0.013 -36"><span class='ocrx_word' id='word_1_208' title='bbox 296 2098 685 2171; x_wconf 72' lang='grc' dir='ltr'>Ἐἦμαίοις⁹ἠ</span> <span class='ocrx_word' id='word_1_209' title='bbox 738 2104 900 2173; x_wconf 84' lang='grc' dir='ltr'>χάρις</span> <span class='ocrx_word' id='word_1_210' title='bbox 956 2104 1034 2169; x_wconf 81' lang='grc' dir='ltr'>δὲ,</span> <span class='ocrx_word' id='word_1_211' title='bbox 1072 2107 1244 2177; x_wconf 67' lang='grc' dir='ltr'>ἦγουν</span> <span class='ocrx_word' id='word_1_212' title='bbox 1305 2110 1337 2178; x_wconf 83' lang='grc' dir='ltr'>ὴ</span> <span class='ocrx_word' id='word_1_213' title='bbox 1389 2112 1511 2175; x_wconf 80' lang='grc' dir='ltr'>νέα,</span> <span class='ocrx_word' id='word_1_214' title='bbox 1571 2113 1660 2166; x_wconf 83' lang='grc' dir='ltr'><strong>διὰ</strong></span> <span class='ocrx_word' id='word_1_215' title='bbox 1704 2115 1884 2185; x_wconf 83' lang='grc' dir='ltr'>Ἰησοῦ</span> 
     </span>
    </p>
   </div>
   <div class='ocr_carea' id='block_1_36' title="bbox 284 2191 1881 2277">
    <p class='ocr_par' dir='ltr' id='par_1_36' title="bbox 284 2191 1881 2277">
     <span class='ocr_line' id='line_1_36' title="bbox 284 2191 1881 2277; baseline 0.013 -36"><span class='ocrx_word' id='word_1_216' title='bbox 284 2191 533 2262; x_wconf 82' lang='grc' dir='ltr'>Χριστοῦ</span> <span class='ocrx_word' id='word_1_217' title='bbox 589 2196 831 2263; x_wconf 77' lang='grc' dir='ltr'>ἐγένετο,</span> <span class='ocrx_word' id='word_1_218' title='bbox 874 2197 1091 2262; x_wconf 72' lang='grc' dir='ltr'>οὐδενὸς</span> <span class='ocrx_word' id='word_1_219' title='bbox 1137 2202 1330 2271; x_wconf 84' lang='grc' dir='ltr'>ἐτέρου</span> <span class='ocrx_word' id='word_1_220' title='bbox 1376 2204 1881 2277; x_wconf 75' lang='grc' dir='ltr'>μεσολαϐήσαντος.</span> 
     </span>
    </p>
   </div>
   <div class='ocr_carea' id='block_1_37' title="bbox 286 2285 1884 2367">
    <p class='ocr_par' dir='ltr' id='par_1_37' title="bbox 286 2285 1884 2367">
     <span class='ocr_line' id='line_1_37' title="bbox 286 2285 1884 2367; baseline 0.013 -32"><span class='ocrx_word' id='word_1_221' title='bbox 286 2285 403 2337; x_wconf 75' lang='grc' dir='ltr'><strong>Καὶ</strong></span> <span class='ocrx_word' id='word_1_222' title='bbox 428 2286 672 2355; x_wconf 82' lang='grc' dir='ltr'>Μωῦσῆς</span> <span class='ocrx_word' id='word_1_223' title='bbox 707 2289 806 2358; x_wconf 86' lang='grc' dir='ltr'>μὲν</span> <span class='ocrx_word' id='word_1_224' title='bbox 855 2289 1041 2354; x_wconf 84' lang='grc' dir='ltr'>δοῦλος</span> <span class='ocrx_word' id='word_1_225' title='bbox 1099 2289 1189 2363; x_wconf 83' lang='grc' dir='ltr'>ἦν,</span> <span class='ocrx_word' id='word_1_226' title='bbox 1252 2295 1349 2348; x_wconf 78' lang='grc' dir='ltr'>καὶ</span> <span class='ocrx_word' id='word_1_227' title='bbox 1393 2295 1531 2367; x_wconf 84' lang='grc' dir='ltr'>ὅπερ</span> <span class='ocrx_word' id='word_1_228' title='bbox 1590 2299 1787 2353; x_wconf 79' lang='grc' dir='ltr'>ἐλαϐεν</span> <span class='ocrx_word' id='word_1_229' title='bbox 1819 2303 1884 2355; x_wconf 80' lang='grc' dir='ltr'>ὲκ</span> 
     </span>
    </p>
   </div>
   <div class='ocr_carea' id='block_1_38' title="bbox 282 2375 1884 2462">
    <p class='ocr_par' dir='ltr' id='par_1_38' title="bbox 282 2375 1884 2462">
     <span class='ocr_line' id='line_1_38' title="bbox 282 2375 1884 2462; baseline 0.012 -35"><span class='ocrx_word' id='word_1_230' title='bbox 282 2375 449 2443; x_wconf 80' lang='grc' dir='ltr'>Θεοῦ,</span> <span class='ocrx_word' id='word_1_231' title='bbox 480 2379 642 2433; x_wconf 90' lang='grc' dir='ltr'>τοῦτο</span> <span class='ocrx_word' id='word_1_232' title='bbox 670 2381 836 2435; x_wconf 66' lang='grc' dir='ltr'>ἔδωκε</span> <span class='ocrx_word' id='word_1_233' title='bbox 861 2398 873 2410; x_wconf 94' lang='grc'><strong>·</strong></span> <span class='ocrx_word' id='word_1_234' title='bbox 922 2385 1165 2453; x_wconf 83' lang='grc' dir='ltr'>Χριστὸς</span> <span class='ocrx_word' id='word_1_235' title='bbox 1216 2388 1273 2440; x_wconf 78' lang='grc' dir='ltr'>δὲ</span> <span class='ocrx_word' id='word_1_236' title='bbox 1333 2392 1619 2460; x_wconf 81' lang='grc' dir='ltr'><strong>Δεσπότης</strong></span> <span class='ocrx_word' id='word_1_237' title='bbox 1662 2387 1751 2462; x_wconf 85' lang='grc' dir='ltr'>ἦν,</span> <span class='ocrx_word' id='word_1_238' title='bbox 1785 2395 1884 2447; x_wconf 79' lang='grc' dir='ltr'>καὶ</span> 
     </span>
    </p>
   </div>
   <div class='ocr_carea' id='block_1_39' title="bbox 283 2470 1882 2545">
    <p class='ocr_par' dir='ltr' id='par_1_39' title="bbox 283 2470 1882 2545">
     <span class='ocr_line' id='line_1_39' title="bbox 283 2470 1882 2545; baseline 0.013 -24"><span class='ocrx_word' id='word_1_239' title='bbox 283 2470 453 2533; x_wconf 76' lang='grc' dir='ltr'>αὐτὸς</span> <span class='ocrx_word' id='word_1_240' title='bbox 488 2472 715 2543; x_wconf 77' lang='grc' dir='ltr'>ἐποίησε</span> <span class='ocrx_word' id='word_1_241' title='bbox 754 2473 852 2545; x_wconf 77' lang='grc' dir='ltr'><strong>τὴν</strong></span> <span class='ocrx_word' id='word_1_242' title='bbox 898 2476 1024 2529; x_wconf 75' lang='grc' dir='ltr'>νέαν</span> <span class='ocrx_word' id='word_1_243' title='bbox 1050 2476 1125 2540; x_wconf 83' lang='grc' dir='ltr'>ὡς</span> <span class='ocrx_word' id='word_1_244' title='bbox 1162 2479 1316 2542; x_wconf 84' lang='grc' dir='ltr'>Θεός.</span> <span class='ocrx_word' id='word_1_245' title='bbox 1360 2483 1526 2534; x_wconf 83' lang='grc' dir='ltr'>Ὅσον</span> <span class='ocrx_word' id='word_1_246' title='bbox 1561 2479 1657 2536; x_wconf 76' lang='grc' dir='ltr'>οὖν</span> <span class='ocrx_word' id='word_1_247' title='bbox 1682 2486 1741 2538; x_wconf 87' lang='grc' dir='ltr'>τὸ</span> <span class='ocrx_word' id='word_1_248' title='bbox 1761 2486 1882 2541; x_wconf 87' lang='grc' dir='ltr'>διά-</span> 
     </span>
    </p>
   </div>
   <div class='ocr_carea' id='block_1_40' title="bbox 284 2565 1883 2647">
    <p class='ocr_par' dir='ltr' id='par_1_40' title="bbox 284 2565 1883 2647">
     <span class='ocr_line' id='line_1_40' title="bbox 284 2565 1883 2647; baseline 0.013 -34"><span class='ocrx_word' id='word_1_249' title='bbox 284 2580 458 2632; x_wconf 73' lang='grc' dir='ltr'>φορον</span> <span class='ocrx_word' id='word_1_250' title='bbox 486 2565 774 2631; x_wconf 82' lang='grc' dir='ltr'>Μωῡσέως</span> <span class='ocrx_word' id='word_1_251' title='bbox 832 2569 925 2621; x_wconf 76' lang='grc' dir='ltr'>καὶ</span> <span class='ocrx_word' id='word_1_252' title='bbox 983 2572 1248 2640; x_wconf 77' lang='grc' dir='ltr'>Χριστοῦ,</span> <span class='ocrx_word' id='word_1_253' title='bbox 1312 2575 1572 2629; x_wconf 87' lang='grc' dir='ltr'>τοσοῦτον</span> <span class='ocrx_word' id='word_1_254' title='bbox 1627 2576 1736 2647; x_wconf 82' lang='grc' dir='ltr'>ἄρα</span> <span class='ocrx_word' id='word_1_255' title='bbox 1786 2582 1883 2634; x_wconf 83' lang='grc' dir='ltr'><strong>καὶ</strong></span> 
     </span>
    </p>
   </div>
   <div class='ocr_carea' id='block_1_41' title="bbox 282 2655 1883 2737">
    <p class='ocr_par' dir='ltr' id='par_1_41' title="bbox 282 2655 1883 2737">
     <span class='ocr_line' id='line_1_41' title="bbox 282 2655 1883 2737; baseline 0.013 -31"><span class='ocrx_word' id='word_1_256' title='bbox 282 2655 516 2711; x_wconf 84' lang='grc' dir='ltr'>τούτων.</span> <span class='ocrx_word' id='word_1_257' title='bbox 557 2659 703 2712; x_wconf 84' lang='grc' dir='ltr'>Ἀνω</span> <span class='ocrx_word' id='word_1_258' title='bbox 734 2661 835 2729; x_wconf 76' lang='grc' dir='ltr'>μὲν</span> <span class='ocrx_word' id='word_1_259' title='bbox 867 2656 960 2715; x_wconf 81' lang='grc' dir='ltr'><strong>οὗν</strong></span> <span class='ocrx_word' id='word_1_260' title='bbox 985 2664 1168 2731; x_wconf 82' lang='grc' dir='ltr'>Χάριν</span> <span class='ocrx_word' id='word_1_261' title='bbox 1227 2666 1326 2719; x_wconf 74' lang='grc' dir='ltr'><strong>καὶ</strong></span> <span class='ocrx_word' id='word_1_262' title='bbox 1376 2667 1555 2737; x_wconf 83' lang='grc' dir='ltr'><strong>χάριν</strong></span> <span class='ocrx_word' id='word_1_263' title='bbox 1602 2666 1726 2725; x_wconf 77' lang='grc' dir='ltr'>εἷπε</span> <span class='ocrx_word' id='word_1_264' title='bbox 1790 2674 1883 2727; x_wconf 83' lang='grc' dir='ltr'><strong>διὰ</strong></span> 
     </span>
    </p>
   </div>
   <div class='ocr_carea' id='block_1_42' title="bbox 284 2751 1881 2836">
    <p class='ocr_par' dir='ltr' id='par_1_42' title="bbox 284 2751 1881 2836">
     <span class='ocr_line' id='line_1_42' title="bbox 284 2751 1881 2836; baseline 0.011 -36"><span class='ocrx_word' id='word_1_265' title='bbox 284 2751 388 2817; x_wconf 72' lang='grc' dir='ltr'>τὴν</span> <span class='ocrx_word' id='word_1_266' title='bbox 427 2752 546 2802; x_wconf 76' lang='grc' dir='ltr'>ἐκεῖ</span> <span class='ocrx_word' id='word_1_267' title='bbox 600 2753 867 2821; x_wconf 71' lang='grc' dir='ltr'>ῥηθεῖσαν</span> <span class='ocrx_word' id='word_1_268' title='bbox 911 2755 1126 2806; x_wconf 78' lang='grc' dir='ltr'>αἰτίαν·</span> <span class='ocrx_word' id='word_1_269' title='bbox 1184 2757 1421 2811; x_wconf 79' lang='grc' dir='ltr'>ἐνταῦθα</span> <span class='ocrx_word' id='word_1_270' title='bbox 1473 2760 1529 2813; x_wconf 82' lang='grc' dir='ltr'>δὲ</span> <span class='ocrx_word' id='word_1_271' title='bbox 1577 2763 1751 2833; x_wconf 87' lang='grc' dir='ltr'>μόνην</span> <span class='ocrx_word' id='word_1_272' title='bbox 1780 2767 1881 2836; x_wconf 81' lang='grc' dir='ltr'>τὴν</span> 
     </span>
    </p>
   </div>
   <div class='ocr_carea' id='block_1_43' title="bbox 285 2842 1878 2926">
    <p class='ocr_par' dir='ltr' id='par_1_43' title="bbox 285 2842 1878 2926">
     <span class='ocr_line' id='line_1_43' title="bbox 285 2842 1878 2926; baseline 0.014 -36"><span class='ocrx_word' id='word_1_273' title='bbox 285 2842 419 2893; x_wconf 83' lang='grc' dir='ltr'>νέαν</span> <span class='ocrx_word' id='word_1_274' title='bbox 462 2844 743 2913; x_wconf 81' lang='grc' dir='ltr'>Διαοήκην</span> <span class='ocrx_word' id='word_1_275' title='bbox 780 2845 1009 2897; x_wconf 77' lang='grc' dir='ltr'>ἐκάλεσε</span> <span class='ocrx_word' id='word_1_276' title='bbox 1056 2848 1259 2918; x_wconf 83' lang='grc' dir='ltr'>Χάριν,</span> <span class='ocrx_word' id='word_1_277' title='bbox 1299 2850 1373 2912; x_wconf 84' lang='grc' dir='ltr'>ὡς</span> <span class='ocrx_word' id='word_1_278' title='bbox 1431 2854 1637 2921; x_wconf 77' lang='grc' dir='ltr'>μᾶλλον</span> <span class='ocrx_word' id='word_1_279' title='bbox 1695 2859 1878 2926; x_wconf 83' lang='grc' dir='ltr'>χάριν.</span> 
     </span>
    </p>
   </div>
   <div class='ocr_carea' id='block_1_44' title="bbox 282 2932 1882 3017">
    <p class='ocr_par' dir='ltr' id='par_1_44' title="bbox 282 2932 1882 3017">
     <span class='ocr_line' id='line_1_44' title="bbox 282 2932 1882 3017; baseline 0.016 -36"><span class='ocrx_word' id='word_1_280' title='bbox 282 2932 444 3001; x_wconf 82' lang='grc' dir='ltr'>Μόνη</span> <span class='ocrx_word' id='word_1_281' title='bbox 489 2934 597 3003; x_wconf 67' lang='grc' dir='ltr'>γὰρ</span> <span class='ocrx_word' id='word_1_282' title='bbox 630 2936 773 3006; x_wconf 68' lang='grc' dir='ltr'>αὕτη</span> <span class='ocrx_word' id='word_1_283' title='bbox 810 2939 1101 3009; x_wconf 72' lang='grc' dir='ltr'>χαρίζεται</span> <span class='ocrx_word' id='word_1_284' title='bbox 1137 2942 1339 3010; x_wconf 64' lang='grc' dir='ltr'>ἄφεσιν</span> <span class='ocrx_word' id='word_1_285' title='bbox 1390 2946 1704 3017; x_wconf 84' lang='grc' dir='ltr'>ἁμαρτιῶν,</span> <span class='ocrx_word' id='word_1_286' title='bbox 1746 2956 1882 3007; x_wconf 80' lang='grc' dir='ltr'>άνα-</span> 
     </span>
    </p>
   </div>
   <div class='ocr_carea' id='block_1_45' title="bbox 283 3024 1877 3113">
    <p class='ocr_par' dir='ltr' id='par_1_45' title="bbox 283 3024 1877 3113">
     <span class='ocr_line' id='line_1_45' title="bbox 283 3024 1877 3113; baseline 0.016 -39"><span class='ocrx_word' id='word_1_287' title='bbox 283 3024 569 3095; x_wconf 75' lang='grc' dir='ltr'>γέννησιν,</span> <span class='ocrx_word' id='word_1_288' title='bbox 596 3028 897 3092; x_wconf 80' lang='grc' dir='ltr'>υἱοθεσίαν,</span> <span class='ocrx_word' id='word_1_289' title='bbox 932 3034 1217 3099; x_wconf 81' lang='grc' dir='ltr'>βασιλείαν</span> <span class='ocrx_word' id='word_1_290' title='bbox 1242 3037 1518 3106; x_wconf 76' lang='grc' dir='ltr'>οὐρανῶν,</span> <span class='ocrx_word' id='word_1_291' title='bbox 1546 3044 1641 3095; x_wconf 78' lang='grc' dir='ltr'><strong>καὶ</strong></span> <span class='ocrx_word' id='word_1_292' title='bbox 1670 3046 1877 3113; x_wconf 78' lang='grc' dir='ltr'>ἀγαθὰ,</span> 
     </span>
    </p>
   </div>
   <div class='ocr_carea' id='block_1_46' title="bbox 280 3116 1879 3202">
    <p class='ocr_par' dir='ltr' id='par_1_46' title="bbox 280 3116 1879 3202">
     <span class='ocr_line' id='line_1_46' title="bbox 280 3116 1879 3202; baseline 0.014 -31"><span class='ocrx_word' id='word_1_293' title='bbox 280 3116 322 3171; x_wconf 78' lang='grc' dir='ltr'><em>ἀ</em></span> <span class='ocrx_word' id='word_1_294' title='bbox 371 3119 525 3186; x_wconf 64' lang='grc' dir='ltr'>ὀρθα</span> <span class='ocrx_word' id='word_1_295' title='bbox 550 3123 680 3189; x_wconf 51' lang='grc' dir='ltr'>ιμδς</span> <span class='ocrx_word' id='word_1_296' title='bbox 727 3125 838 3177; x_wconf 77' lang='grc' dir='ltr'>οὐκ</span> <span class='ocrx_word' id='word_1_297' title='bbox 872 3120 1015 3189; x_wconf 77' lang='grc' dir='ltr'>εἶδε,</span> <span class='ocrx_word' id='word_1_298' title='bbox 1063 3126 1160 3179; x_wconf 79' lang='grc' dir='ltr'>καὶ</span> <span class='ocrx_word' id='word_1_299' title='bbox 1194 3124 1306 3194; x_wconf 85' lang='grc' dir='ltr'>οὖς</span> <span class='ocrx_word' id='word_1_300' title='bbox 1344 3133 1455 3185; x_wconf 80' lang='grc' dir='ltr'>οὐκ</span> <span class='ocrx_word' id='word_1_301' title='bbox 1489 3134 1743 3202; x_wconf 77' lang='grc' dir='ltr'>ἤκουσε,</span> <span class='ocrx_word' id='word_1_302' title='bbox 1778 3142 1879 3193; x_wconf 78' lang='grc' dir='ltr'>καὶ</span> 
     </span>
    </p>
   </div>
   <div class='ocr_carea' id='block_1_47' title="bbox 281 3210 1372 3289">
    <p class='ocr_par' dir='ltr' id='par_1_47' title="bbox 281 3210 1372 3289">
     <span class='ocr_line' id='line_1_47' title="bbox 281 3210 1372 3289; baseline 0.011 -26"><span class='ocrx_word' id='word_1_303' title='bbox 281 3210 382 3264; x_wconf 75' lang='grc' dir='ltr'><strong>ἐπὶ</strong></span> <span class='ocrx_word' id='word_1_304' title='bbox 407 3213 661 3281; x_wconf 80' lang='grc' dir='ltr'><strong>καρδίαν</strong></span> <span class='ocrx_word' id='word_1_305' title='bbox 682 3216 1002 3284; x_wconf 68' lang='grc' dir='ltr'>ἀνθρώπου</span> <span class='ocrx_word' id='word_1_306' title='bbox 1023 3222 1135 3272; x_wconf 82' lang='grc' dir='ltr'>οὐκ</span> <span class='ocrx_word' id='word_1_307' title='bbox 1170 3221 1372 3289; x_wconf 76' lang='grc' dir='ltr'>ἀνέϐη.</span> 
     </span>
    </p>
   </div>
   <div class='ocr_carea' id='block_1_48' title="bbox 1990 2017 3591 2085">
    <p class='ocr_par' dir='ltr' id='par_1_48' title="bbox 1990 2017 3591 2085">
     <span class='ocr_line' id='line_1_48' title="bbox 1990 2017 3591 2085; baseline 0.012 -21"><span class='ocrx_word' id='word_1_308' title='bbox 1990 2020 2325 2069; x_wconf 89' lang='lat' dir='ltr'><strong>stamentum</strong></span> <span class='ocrx_word' id='word_1_309' title='bbox 2362 2032 2459 2085; x_wconf 85' lang='lat' dir='ltr'><strong>per</strong></span> <span class='ocrx_word' id='word_1_310' title='bbox 2490 2017 2696 2076; x_wconf 72' lang='lat' dir='ltr'><strong>llosem</strong></span> <span class='ocrx_word' id='word_1_311' title='bbox 2751 2023 3113 2079; x_wconf 88' lang='lat' dir='ltr'><strong>mediatorem</strong></span> <span class='ocrx_word' id='word_1_312' title='bbox 3171 2025 3422 2081; x_wconf 75' lang='lat' dir='ltr'><strong>llehra-is</strong></span> <span class='ocrx_word' id='word_1_313' title='bbox 3464 2030 3591 2083; x_wconf 77' lang='lat' dir='ltr'><strong>data</strong></span> 
     </span>
    </p>
   </div>
   <div class='ocr_carea' id='block_1_49' title="bbox 1989 2109 3589 2191">
    <p class='ocr_par' dir='ltr' id='par_1_49' title="bbox 1989 2109 3589 2191">
     <span class='ocr_line' id='line_1_49' title="bbox 1989 2109 3589 2191; baseline 0.014 -34"><span class='ocrx_word' id='word_1_314' title='bbox 1989 2114 2093 2168; x_wconf 89' lang='lat' dir='ltr'><strong>est,</strong></span> <span class='ocrx_word' id='word_1_315' title='bbox 2125 2109 2296 2176; x_wconf 84' lang='lat' dir='ltr'><strong>gratia</strong></span> <span class='ocrx_word' id='word_1_316' title='bbox 2320 2125 2449 2164; x_wconf 88' lang='lat' dir='ltr'><strong>vero</strong></span> <span class='ocrx_word' id='word_1_317' title='bbox 2471 2114 2588 2167; x_wconf 84' lang='lat' dir='ltr'><strong>sive</strong></span> <span class='ocrx_word' id='word_1_318' title='bbox 2610 2131 2811 2170; x_wconf 89' lang='lat' dir='ltr'><strong>novum</strong></span> <span class='ocrx_word' id='word_1_319' title='bbox 2840 2116 3260 2173; x_wconf 79' lang='lat' dir='ltr'><strong>Testamentum</strong></span> <span class='ocrx_word' id='word_1_320' title='bbox 3288 2136 3385 2191; x_wconf 79' lang='lat' dir='ltr'><strong>per</strong></span> <span class='ocrx_word' id='word_1_321' title='bbox 3401 2121 3589 2179; x_wconf 66' lang='lat' dir='ltr'><strong>Je-sum</strong></span> 
     </span>
    </p>
   </div>
   <div class='ocr_carea' id='block_1_50' title="bbox 1987 2190 3589 2281">
    <p class='ocr_par' dir='ltr' id='par_1_50' title="bbox 1987 2190 3589 2281">
     <span class='ocr_line' id='line_1_50' title="bbox 1987 2190 3589 2281; baseline 0.012 -34"><span class='ocrx_word' id='word_1_322' title='bbox 1987 2190 2268 2271; x_wconf 75' lang='lat' dir='ltr'><strong>Christum</strong></span> <span class='ocrx_word' id='word_1_323' title='bbox 2311 2199 2462 2254; x_wconf 90' lang='lat' dir='ltr'><strong>nullo</strong></span> <span class='ocrx_word' id='word_1_324' title='bbox 2500 2202 2673 2257; x_wconf 89' lang='lat' dir='ltr'><strong>altero</strong></span> <span class='ocrx_word' id='word_1_325' title='bbox 2708 2205 3003 2260; x_wconf 76' lang='lat' dir='ltr'><strong>mediante.</strong></span> <span class='ocrx_word' id='word_1_326' title='bbox 3046 2207 3114 2260; x_wconf 88' lang='lat' dir='ltr'><strong>Et</strong></span> <span class='ocrx_word' id='word_1_327' title='bbox 3145 2190 3321 2264; x_wconf 77' lang='lat' dir='ltr'><strong>Moses</strong></span> <span class='ocrx_word' id='word_1_328' title='bbox 3364 2212 3589 2281; x_wconf 71' lang='lat' dir='ltr'><strong>quidem</strong></span> 
     </span>
    </p>
   </div>
   <div class='ocr_carea' id='block_1_51' title="bbox 1988 2295 3591 2369">
    <p class='ocr_par' dir='ltr' id='par_1_51' title="bbox 1988 2295 3591 2369">
     <span class='ocr_line' id='line_1_51' title="bbox 1988 2295 3591 2369; baseline 0.013 -30"><span class='ocrx_word' id='word_1_329' title='bbox 1988 2298 2182 2343; x_wconf 88' lang='lat' dir='ltr'><strong>servus</strong></span> <span class='ocrx_word' id='word_1_330' title='bbox 2204 2300 2342 2357; x_wconf 86' lang='lat' dir='ltr'><strong>erat,</strong></span> <span class='ocrx_word' id='word_1_331' title='bbox 2367 2295 2623 2364; x_wconf 85' lang='lat' dir='ltr'><strong>quodque</strong></span> <span class='ocrx_word' id='word_1_332' title='bbox 2652 2312 2681 2350; x_wconf 87' lang='lat' dir='ltr'><strong>a</strong></span> <span class='ocrx_word' id='word_1_333' title='bbox 2708 2296 2815 2352; x_wconf 89' lang='lat' dir='ltr'><strong>Deo</strong></span> <span class='ocrx_word' id='word_1_334' title='bbox 2842 2300 3074 2369; x_wconf 71' lang='lat' dir='ltr'><strong>acrepit,</strong></span> <span class='ocrx_word' id='word_1_335' title='bbox 3092 2302 3196 2357; x_wconf 86' lang='lat' dir='ltr'><strong>hoc</strong></span> <span class='ocrx_word' id='word_1_336' title='bbox 3219 2302 3367 2359; x_wconf 90' lang='lat' dir='ltr'><strong>dedit</strong></span> <span class='ocrx_word' id='word_1_337' title='bbox 3394 2325 3409 2359; x_wconf 88' lang='lat'><strong>:</strong></span> <span class='ocrx_word' id='word_1_338' title='bbox 3432 2306 3591 2360; x_wconf 85' lang='lat' dir='ltr'><strong>Chri-</strong></span> 
     </span>
    </p>
   </div>
   <div class='ocr_carea' id='block_1_52' title="bbox 1988 2386 3591 2464">
    <p class='ocr_par' dir='ltr' id='par_1_52' title="bbox 1988 2386 3591 2464">
     <span class='ocr_line' id='line_1_52' title="bbox 1988 2386 3591 2464; baseline 0.012 -30"><span class='ocrx_word' id='word_1_339' title='bbox 1988 2388 2107 2434; x_wconf 71' lang='lat' dir='ltr'><strong>stus</strong></span> <span class='ocrx_word' id='word_1_340' title='bbox 2156 2391 2339 2437; x_wconf 82' lang='lat' dir='ltr'><strong>autem</strong></span> <span class='ocrx_word' id='word_1_341' title='bbox 2402 2386 2667 2442; x_wconf 87' lang='lat' dir='ltr'><strong>Dominus</strong></span> <span class='ocrx_word' id='word_1_342' title='bbox 2705 2396 2843 2453; x_wconf 85' lang='lat' dir='ltr'><strong>erat,</strong></span> <span class='ocrx_word' id='word_1_343' title='bbox 2880 2397 2934 2444; x_wconf 91' lang='lat' dir='ltr'><strong>et</strong></span> <span class='ocrx_word' id='word_1_344' title='bbox 2966 2390 3082 2461; x_wconf 77' lang='lat' dir='ltr'><strong>ipse</strong></span> <span class='ocrx_word' id='word_1_345' title='bbox 3129 2404 3387 2464; x_wconf 83' lang='lat' dir='ltr'><strong>tanquam</strong></span> <span class='ocrx_word' id='word_1_346' title='bbox 3446 2398 3591 2453; x_wconf 77' lang='lat' dir='ltr'><strong>Deus</strong></span> 
     </span>
    </p>
   </div>
   <div class='ocr_carea' id='block_1_53' title="bbox 1987 2478 3590 2560">
    <p class='ocr_par' dir='ltr' id='par_1_53' title="bbox 1987 2478 3590 2560">
     <span class='ocr_line' id='line_1_53' title="bbox 1987 2478 3590 2560; baseline 0.012 -33"><span class='ocrx_word' id='word_1_347' title='bbox 1987 2488 2190 2528; x_wconf 89' lang='lat' dir='ltr'><strong>novum</strong></span> <span class='ocrx_word' id='word_1_348' title='bbox 2220 2478 2466 2532; x_wconf 89' lang='lat' dir='ltr'><strong>condidit</strong></span> <span class='ocrx_word' id='word_1_349' title='bbox 2492 2479 2929 2535; x_wconf 88' lang='lat' dir='ltr'><strong>Testamentum.</strong></span> <span class='ocrx_word' id='word_1_350' title='bbox 2975 2481 3250 2549; x_wconf 76' lang='lat' dir='ltr'><strong>Quantum</strong></span> <span class='ocrx_word' id='word_1_351' title='bbox 3293 2495 3381 2541; x_wconf 69' lang='lat' dir='ltr'><strong>est</strong></span> <span class='ocrx_word' id='word_1_352' title='bbox 3422 2489 3590 2560; x_wconf 88' lang='lat' dir='ltr'><strong>igitur</strong></span> 
     </span>
    </p>
   </div>
   <div class='ocr_carea' id='block_1_54' title="bbox 1979 2563 3583 2639">
    <p class='ocr_par' dir='ltr' id='par_1_54' title="bbox 1979 2563 3583 2639">
     <span class='ocr_line' id='line_1_54' title="bbox 1979 2563 3583 2639; baseline 0.014 -22"><span class='ocrx_word' id='word_1_353' title='bbox 1979 2563 2153 2621; x_wconf 80' lang='lat' dir='ltr'><strong>Mosis</strong></span> <span class='ocrx_word' id='word_1_354' title='bbox 2185 2582 2215 2620; x_wconf 88' lang='lat' dir='ltr'><strong>a</strong></span> <span class='ocrx_word' id='word_1_355' title='bbox 2248 2568 2470 2625; x_wconf 77' lang='lat' dir='ltr'><strong>Christo</strong></span> <span class='ocrx_word' id='word_1_356' title='bbox 2520 2570 2839 2637; x_wconf 84' lang='lat' dir='ltr'><strong>discrimen,</strong></span> <span class='ocrx_word' id='word_1_357' title='bbox 2875 2582 3086 2628; x_wconf 76' lang='lat' dir='ltr'><strong>tantum</strong></span> <span class='ocrx_word' id='word_1_358' title='bbox 3122 2592 3253 2633; x_wconf 85' lang='lat' dir='ltr'><strong>sane</strong></span> <span class='ocrx_word' id='word_1_359' title='bbox 3284 2587 3339 2633; x_wconf 89' lang='lat' dir='ltr'><strong>ct</strong></span> <span class='ocrx_word' id='word_1_360' title='bbox 3363 2580 3583 2639; x_wconf 91' lang='lat' dir='ltr'><strong>horum.</strong></span> 
     </span>
    </p>
   </div>
   <div class='ocr_carea' id='block_1_55' title="bbox 1990 2654 3583 2736">
    <p class='ocr_par' dir='ltr' id='par_1_55' title="bbox 1990 2654 3583 2736">
     <span class='ocr_line' id='line_1_55' title="bbox 1990 2654 3583 2736; baseline 0.013 -26"><span class='ocrx_word' id='word_1_361' title='bbox 1990 2654 2254 2729; x_wconf 82' lang='lat' dir='ltr'><strong>Superi-us</strong></span> <span class='ocrx_word' id='word_1_362' title='bbox 2286 2672 2455 2728; x_wconf 84' lang='lat' dir='ltr'><strong>certe,</strong></span> <span class='ocrx_word' id='word_1_363' title='bbox 2482 2662 2730 2719; x_wconf 79' lang='lat' dir='ltr'><strong>Gratiam</strong></span> <span class='ocrx_word' id='word_1_364' title='bbox 2759 2674 2808 2719; x_wconf 85' lang='lat' dir='ltr'><strong>et</strong></span> <span class='ocrx_word' id='word_1_365' title='bbox 2836 2669 3071 2736; x_wconf 78' lang='lat' dir='ltr'><strong>gratiam</strong></span> <span class='ocrx_word' id='word_1_366' title='bbox 3098 2669 3233 2722; x_wconf 80' lang='lat' dir='ltr'><strong>dixit</strong></span> <span class='ocrx_word' id='word_1_367' title='bbox 3258 2674 3327 2724; x_wconf 89' lang='lat' dir='ltr'><strong>oh</strong></span> <span class='ocrx_word' id='word_1_368' title='bbox 3354 2688 3583 2730; x_wconf 82' lang='lat' dir='ltr'><strong>causam</strong></span> 
     </span>
    </p>
   </div>
   <div class='ocr_carea' id='block_1_56' title="bbox 1987 2751 3581 2822">
    <p class='ocr_par' dir='ltr' id='par_1_56' title="bbox 1987 2751 3581 2822">
     <span class='ocr_line' id='line_1_56' title="bbox 1987 2751 3581 2822; baseline 0.012 -18"><span class='ocrx_word' id='word_1_369' title='bbox 1987 2751 2187 2807; x_wconf 85' lang='lat' dir='ltr'><strong>ibidem</strong></span> <span class='ocrx_word' id='word_1_370' title='bbox 2222 2752 2420 2808; x_wconf 77' lang='lat' dir='ltr'><strong>dictam</strong></span> <span class='ocrx_word' id='word_1_371' title='bbox 2452 2772 2467 2821; x_wconf 89' lang='lat'><strong>;</strong></span> <span class='ocrx_word' id='word_1_372' title='bbox 2509 2757 2596 2811; x_wconf 92' lang='lat' dir='ltr'><strong>hic</strong></span> <span class='ocrx_word' id='word_1_373' title='bbox 2626 2768 2808 2813; x_wconf 79' lang='lat' dir='ltr'><strong>autem</strong></span> <span class='ocrx_word' id='word_1_374' title='bbox 2844 2776 3047 2815; x_wconf 91' lang='lat' dir='ltr'><strong>novum</strong></span> <span class='ocrx_word' id='word_1_375' title='bbox 3082 2762 3353 2819; x_wconf 80' lang='lat' dir='ltr'><strong>duntaxat</strong></span> <span class='ocrx_word' id='word_1_376' title='bbox 3387 2768 3581 2822; x_wconf 85' lang='lat' dir='ltr'><strong>&#39;l‘esta-</strong></span> 
     </span>
    </p>
   </div>
   <div class='ocr_carea' id='block_1_57' title="bbox 1988 2841 3579 2926">
    <p class='ocr_par' dir='ltr' id='par_1_57' title="bbox 1988 2841 3579 2926">
     <span class='ocr_line' id='line_1_57' title="bbox 1988 2841 3579 2926; baseline 0.013 -34"><span class='ocrx_word' id='word_1_377' title='bbox 1988 2851 2233 2897; x_wconf 90' lang='lat' dir='ltr'><strong>mentum</strong></span> <span class='ocrx_word' id='word_1_378' title='bbox 2256 2841 2499 2898; x_wconf 86' lang='lat' dir='ltr'><strong>Gratiam</strong></span> <span class='ocrx_word' id='word_1_379' title='bbox 2532 2849 2858 2915; x_wconf 88' lang='lat' dir='ltr'><strong>nominavit,</strong></span> <span class='ocrx_word' id='word_1_380' title='bbox 2892 2860 3081 2919; x_wconf 88' lang='lat' dir='ltr'><strong>utpote</strong></span> <span class='ocrx_word' id='word_1_381' title='bbox 3109 2854 3293 2907; x_wconf 87' lang='lat' dir='ltr'><strong>verius</strong></span> <span class='ocrx_word' id='word_1_382' title='bbox 3322 2858 3579 2926; x_wconf 75' lang='lat' dir='ltr'><strong>gratiam.</strong></span> 
     </span>
    </p>
   </div>
   <div class='ocr_carea' id='block_1_58' title="bbox 1984 2932 3583 3007">
    <p class='ocr_par' dir='ltr' id='par_1_58' title="bbox 1984 2932 3583 3007">
     <span class='ocr_line' id='line_1_58' title="bbox 1984 2932 3583 3007; baseline 0.012 -21"><span class='ocrx_word' id='word_1_383' title='bbox 1984 2932 2122 2987; x_wconf 83' lang='lat' dir='ltr'><strong>Nam</strong></span> <span class='ocrx_word' id='word_1_384' title='bbox 2175 2936 2351 2989; x_wconf 89' lang='lat' dir='ltr'><strong>solum</strong></span> <span class='ocrx_word' id='word_1_385' title='bbox 2407 2936 2584 3006; x_wconf 88' lang='lat' dir='ltr'><strong>ipsum</strong></span> <span class='ocrx_word' id='word_1_386' title='bbox 2643 2951 2993 3007; x_wconf 71' lang='lat' dir='ltr'><strong>peccatorum</strong></span> <span class='ocrx_word' id='word_1_387' title='bbox 3055 2945 3331 3000; x_wconf 78' lang='lat' dir='ltr'><strong>condonat</strong></span> <span class='ocrx_word' id='word_1_388' title='bbox 3382 2956 3583 3004; x_wconf 69' lang='lat' dir='ltr'><strong>remis-</strong></span> 
     </span>
    </p>
   </div>
   <div class='ocr_carea' id='block_1_59' title="bbox 1984 3027 3583 3109">
    <p class='ocr_par' dir='ltr' id='par_1_59' title="bbox 1984 3027 3583 3109">
     <span class='ocr_line' id='line_1_59' title="bbox 1984 3027 3583 3109; baseline 0.013 -30"><span class='ocrx_word' id='word_1_389' title='bbox 1984 3027 2223 3094; x_wconf 83' lang='lat' dir='ltr'><strong>sionem,</strong></span> <span class='ocrx_word' id='word_1_390' title='bbox 2256 3032 2765 3101; x_wconf 74' lang='lat' dir='ltr'><strong>regenerationem,</strong></span> <span class='ocrx_word' id='word_1_391' title='bbox 2805 3036 3180 3106; x_wconf 88' lang='lat' dir='ltr'><strong>adoptionem;</strong></span> <span class='ocrx_word' id='word_1_392' title='bbox 3218 3056 3443 3109; x_wconf 74' lang='lat' dir='ltr'><strong>regnum</strong></span> <span class='ocrx_word' id='word_1_393' title='bbox 3473 3061 3583 3099; x_wconf 74' lang='lat' dir='ltr'><strong>ru:-</strong></span> 
     </span>
    </p>
   </div>
   <div class='ocr_carea' id='block_1_60' title="bbox 1984 3118 3579 3197">
    <p class='ocr_par' dir='ltr' id='par_1_60' title="bbox 1984 3118 3579 3197">
     <span class='ocr_line' id='line_1_60' title="bbox 1984 3118 3579 3197; baseline 0.013 -27"><span class='ocrx_word' id='word_1_394' title='bbox 1984 3118 2164 3172; x_wconf 88' lang='lat' dir='ltr'><strong>lorum</strong></span> <span class='ocrx_word' id='word_1_395' title='bbox 2201 3120 2478 3176; x_wconf 88' lang='lat' dir='ltr'><strong>tribuitac</strong></span> <span class='ocrx_word' id='word_1_396' title='bbox 2508 3124 2652 3177; x_wconf 85' lang='lat' dir='ltr'><strong>bona</strong></span> <span class='ocrx_word' id='word_1_397' title='bbox 2694 3140 2816 3194; x_wconf 78' lang='lat' dir='ltr'><strong>qua:</strong></span> <span class='ocrx_word' id='word_1_398' title='bbox 2862 3128 3055 3182; x_wconf 86' lang='lat' dir='ltr'><strong>oculus</strong></span> <span class='ocrx_word' id='word_1_399' title='bbox 3103 3146 3214 3184; x_wconf 88' lang='lat' dir='ltr'><strong>non</strong></span> <span class='ocrx_word' id='word_1_400' title='bbox 3266 3132 3420 3197; x_wconf 84' lang='lat' dir='ltr'><strong>vidit,</strong></span> <span class='ocrx_word' id='word_1_401' title='bbox 3477 3153 3579 3191; x_wconf 88' lang='lat' dir='ltr'><strong>nec</strong></span> 
     </span>
    </p>
   </div>
   <div class='ocr_carea' id='block_1_61' title="bbox 1984 3211 3538 3282">
    <p class='ocr_par' dir='ltr' id='par_1_61' title="bbox 1984 3211 3538 3282">
     <span class='ocr_line' id='line_1_61' title="bbox 1984 3211 3538 3282; baseline 0.014 -21"><span class='ocrx_word' id='word_1_402' title='bbox 1984 3211 2134 3262; x_wconf 90' lang='lat' dir='ltr'><strong>auris</strong></span> <span class='ocrx_word' id='word_1_403' title='bbox 2174 3212 2402 3277; x_wconf 86' lang='lat' dir='ltr'><strong>audivit,</strong></span> <span class='ocrx_word' id='word_1_404' title='bbox 2444 3229 2548 3268; x_wconf 88' lang='lat' dir='ltr'><strong>nec</strong></span> <span class='ocrx_word' id='word_1_405' title='bbox 2597 3215 2652 3268; x_wconf 89' lang='lat' dir='ltr'><strong>in</strong></span> <span class='ocrx_word' id='word_1_406' title='bbox 2690 3231 2784 3269; x_wconf 91' lang='lat' dir='ltr'><strong>cor</strong></span> <span class='ocrx_word' id='word_1_407' title='bbox 2824 3216 3064 3274; x_wconf 87' lang='lat' dir='ltr'><strong>hominis</strong></span> <span class='ocrx_word' id='word_1_408' title='bbox 3102 3225 3538 3282; x_wconf 64' lang='lat' dir='ltr'><strong>ascenderunt‘.</strong></span> 
     </span>
    </p>
   </div>
   <div class='ocr_carea' id='block_1_62' title="bbox 361 3264 1879 3397">
    <p class='ocr_par' dir='ltr' id='par_1_62' title="bbox 361 3264 1872 3397">
     <span class='ocr_line' id='line_1_62' title="bbox 361 3264 1872 3397; baseline 0.017 -42"><span class='ocrx_word' id='word_1_409' title='bbox 361 3264 656 3358; x_wconf 13' lang='grc' dir='ltr'>Εξίπξινήεε</span> <span class='ocrx_word' id='word_1_410' title='bbox 691 3264 885 3362; x_wconf 47' lang='grc' dir='ltr'>ὅτιΓἩ</span> <span class='ocrx_word' id='word_1_411' title='bbox 909 3309 1103 3377; x_wconf 82' lang='grc' dir='ltr'>χάρις,</span> <span class='ocrx_word' id='word_1_412' title='bbox 1158 3264 1521 3383; x_wconf 78' lang='grc' dir='ltr'>προσέθηκεν,</span> <span class='ocrx_word' id='word_1_413' title='bbox 1568 3319 1650 3373; x_wconf 86' lang='grc' dir='ltr'><strong>δτι</strong></span> <span class='ocrx_word' id='word_1_414' title='bbox 1680 3324 1794 3377; x_wconf 80' lang='grc' dir='ltr'><strong>Καὶ</strong></span> <span class='ocrx_word' id='word_1_415' title='bbox 1836 3330 1872 3397; x_wconf 78' lang='grc' dir='ltr'><strong><em>ἡ</em></strong></span> 
     </span>
    </p>
   </div>
   <div class='ocr_carea' id='block_1_63' title="bbox 1997 3264 3579 3397">
    <p class='ocr_par' dir='ltr' id='par_1_63' title="bbox 2058 3300 3579 3381">
     <span class='ocr_line' id='line_1_63' title="bbox 2058 3300 3579 3381; baseline 0.012 -26"><span class='ocrx_word' id='word_1_416' title='bbox 2058 3300 2155 3355; x_wconf 87' lang='lat' dir='ltr'><strong>Ubi</strong></span> <span class='ocrx_word' id='word_1_417' title='bbox 2190 3318 2320 3357; x_wconf 91' lang='lat' dir='ltr'><strong>vero</strong></span> <span class='ocrx_word' id='word_1_418' title='bbox 2353 3304 2583 3361; x_wconf 84' lang='lat' dir='ltr'><strong>dixisset</strong></span> <span class='ocrx_word' id='word_1_419' title='bbox 2615 3304 2830 3369; x_wconf 79' lang='lat' dir='ltr'><strong>Gratia,</strong></span> <span class='ocrx_word' id='word_1_420' title='bbox 2863 3309 3094 3376; x_wconf 85' lang='lat' dir='ltr'><strong>addidit,</strong></span> <span class='ocrx_word' id='word_1_421' title='bbox 3131 3312 3198 3366; x_wconf 87' lang='lat' dir='ltr'><strong>Et</strong></span> <span class='ocrx_word' id='word_1_422' title='bbox 3246 3317 3462 3381; x_wconf 74' lang='lat' dir='ltr'><strong>veritas,</strong></span> <span class='ocrx_word' id='word_1_423' title='bbox 3492 3319 3579 3372; x_wconf 90' lang='lat' dir='ltr'><strong>in-</strong></span> 
     </span>
    </p>
   </div>
   <div class='ocr_carea' id='block_1_64' title="bbox 285 3397 1878 3489">
    <p class='ocr_par' dir='ltr' id='par_1_64' title="bbox 285 3397 1878 3489">
     <span class='ocr_line' id='line_1_64' title="bbox 285 3397 1878 3489; baseline 0.011 -38"><span class='ocrx_word' id='word_1_424' title='bbox 285 3397 577 3465; x_wconf 76' lang='grc' dir='ltr'><strong>ἀλήθεια·</strong></span> <span class='ocrx_word' id='word_1_425' title='bbox 634 3401 695 3453; x_wconf 83' lang='grc' dir='ltr'>τὸ</span> <span class='ocrx_word' id='word_1_426' title='bbox 748 3402 983 3471; x_wconf 74' lang='grc' dir='ltr'>ἀψευδὲς</span> <span class='ocrx_word' id='word_1_427' title='bbox 1034 3406 1170 3475; x_wconf 76' lang='grc' dir='ltr'>αὐτῇ</span> <span class='ocrx_word' id='word_1_428' title='bbox 1231 3412 1767 3489; x_wconf 72' lang='grc' dir='ltr'>προσμαρτυρῶν,ῆ</span> <span class='ocrx_word' id='word_1_429' title='bbox 1817 3420 1878 3473; x_wconf 78' lang='grc' dir='ltr'>τὸ</span> 
     </span>
    </p>
   </div>
   <div class='ocr_carea' id='block_1_65' title="bbox 282 3491 1878 3571">
    <p class='ocr_par' dir='ltr' id='par_1_65' title="bbox 282 3491 1878 3571">
     <span class='ocr_line' id='line_1_65' title="bbox 282 3491 1878 3571; baseline 0.009 -30"><span class='ocrx_word' id='word_1_430' title='bbox 282 3491 513 3546; x_wconf 82' lang='grc' dir='ltr'>τέλειον.</span> <span class='ocrx_word' id='word_1_431' title='bbox 558 3492 775 3565; x_wconf 83' lang='grc' dir='ltr'>Ἐκείνη</span> <span class='ocrx_word' id='word_1_432' title='bbox 824 3497 923 3563; x_wconf 78' lang='grc' dir='ltr'>μὲν</span> <span class='ocrx_word' id='word_1_433' title='bbox 958 3495 1066 3567; x_wconf 81' lang='grc' dir='ltr'>γὰρ</span> <span class='ocrx_word' id='word_1_434' title='bbox 1098 3498 1130 3568; x_wconf 83' lang='grc' dir='ltr'>ή</span> <span class='ocrx_word' id='word_1_435' title='bbox 1165 3496 1325 3567; x_wconf 83' lang='grc' dir='ltr'>χάρις</span> <span class='ocrx_word' id='word_1_436' title='bbox 1379 3498 1618 3571; x_wconf 79' lang='grc' dir='ltr'>ἀτελήςο</span> <span class='ocrx_word' id='word_1_437' title='bbox 1672 3505 1737 3561; x_wconf 89' lang='lat'><strong>&#39;0</strong></span> <span class='ocrx_word' id='word_1_438' title='bbox 1775 3515 1878 3566; x_wconf 80' lang='grc' dir='ltr'><strong>νό.</strong></span> 
     </span>
    </p>
   </div>
   <div class='ocr_carea' id='block_1_66' title="bbox 275 3583 1875 3666">
    <p class='ocr_par' dir='ltr' id='par_1_66' title="bbox 275 3583 1875 3666">
     <span class='ocr_line' id='line_1_66' title="bbox 275 3583 1875 3666; baseline -0.003 -26"><span class='ocrx_word' id='word_1_439' title='bbox 275 3600 394 3653; x_wconf 80' lang='grc' dir='ltr'>μσς</span> <span class='ocrx_word' id='word_1_440' title='bbox 436 3584 549 3653; x_wconf 82' lang='grc' dir='ltr'>γὰρ</span> <span class='ocrx_word' id='word_1_441' title='bbox 600 3583 783 3639; x_wconf 82' lang='grc' dir='ltr'>οὐδὲν</span> <span class='ocrx_word' id='word_1_442' title='bbox 823 3587 1162 3653; x_wconf 74' lang='grc' dir='ltr'>ἐτελείωσε,</span> <span class='ocrx_word' id='word_1_443' title='bbox 1217 3591 1383 3659; x_wconf 77' lang='grc' dir='ltr'>φησὶν</span> <span class='ocrx_word' id='word_1_444' title='bbox 1415 3593 1443 3643; x_wconf 88' lang='grc' dir='ltr'><strong>ό</strong></span> <span class='ocrx_word' id='word_1_445' title='bbox 1501 3593 1827 3666; x_wconf 70' lang='grc' dir='ltr'><strong>Ἀπόσιτολος</strong></span> <span class='ocrx_word' id='word_1_446' title='bbox 1855 3616 1875 3636; x_wconf 87' lang='lat'><em>.</em></span> 
     </span>
    </p>
   </div>
   <div class='ocr_carea' id='block_1_67' title="bbox 284 3677 1875 3761">
    <p class='ocr_par' dir='ltr' id='par_1_67' title="bbox 284 3677 1875 3761">
     <span class='ocr_line' id='line_1_67' title="bbox 284 3677 1875 3761; baseline 0.013 -33"><span class='ocrx_word' id='word_1_447' title='bbox 284 3677 429 3745; x_wconf 80' lang='grc' dir='ltr'>αὕτη</span> <span class='ocrx_word' id='word_1_448' title='bbox 464 3678 520 3729; x_wconf 81' lang='grc' dir='ltr'>δὲ</span> <span class='ocrx_word' id='word_1_449' title='bbox 550 3678 755 3745; x_wconf 83' lang='grc' dir='ltr'>τελεία,</span> <span class='ocrx_word' id='word_1_450' title='bbox 796 3679 872 3743; x_wconf 84' lang='grc' dir='ltr'>ὡς</span> <span class='ocrx_word' id='word_1_451' title='bbox 908 3680 1263 3746; x_wconf 86' lang='grc' dir='ltr'>τελειοποιός.</span> <span class='ocrx_word' id='word_1_452' title='bbox 1300 3684 1468 3738; x_wconf 86' lang='grc' dir='ltr'>Ὅσον</span> <span class='ocrx_word' id='word_1_453' title='bbox 1498 3682 1591 3741; x_wconf 89' lang='grc' dir='ltr'><strong>οῦν</strong></span> <span class='ocrx_word' id='word_1_454' title='bbox 1625 3690 1875 3761; x_wconf 77' lang='grc' dir='ltr'>μείζονος</span> 
     </span>
    </p>
   </div>
   <div class='ocr_carea' id='block_1_68' title="bbox 284 3771 1873 3857">
    <p class='ocr_par' dir='ltr' id='par_1_68' title="bbox 284 3771 1873 3857">
     <span class='ocr_line' id='line_1_68' title="bbox 284 3771 1873 3857; baseline 0.012 -35"><span class='ocrx_word' id='word_1_455' title='bbox 284 3772 510 3842; x_wconf 82' lang='grc' dir='ltr'>χάριτος</span> <span class='ocrx_word' id='word_1_456' title='bbox 601 3771 960 3843; x_wconf 77' lang='grc' dir='ltr'>ἠξιώθημεν,</span> <span class='ocrx_word' id='word_1_457' title='bbox 1038 3776 1295 3830; x_wconf 85' lang='grc' dir='ltr'>τοσοῦτον</span> <span class='ocrx_word' id='word_1_458' title='bbox 1368 3778 1593 3844; x_wconf 80' lang='grc' dir='ltr'>μείζονα</span> <span class='ocrx_word' id='word_1_459' title='bbox 1668 3786 1873 3857; x_wconf 83' lang='grc' dir='ltr'>ἀρετὴν</span> 
     </span>
    </p>
   </div>
   <div class='ocr_carea' id='block_1_69' title="bbox 278 3864 1874 3947">
    <p class='ocr_par' dir='ltr' id='par_1_69' title="bbox 278 3864 1874 3947">
     <span class='ocr_line' id='line_1_69' title="bbox 278 3864 1874 3947; baseline 0.002 -33"><span class='ocrx_word' id='word_1_460' title='bbox 278 3864 595 3933; x_wconf 79' lang='grc' dir='ltr'>ὀφείλομεν,</span> <span class='ocrx_word' id='word_1_461' title='bbox 632 3865 719 3918; x_wconf 75' lang='grc' dir='ltr'>ἵνα</span> <span class='ocrx_word' id='word_1_462' title='bbox 780 3866 878 3935; x_wconf 81' lang='grc' dir='ltr'>μὴ,</span> <span class='ocrx_word' id='word_1_463' title='bbox 919 3865 1160 3929; x_wconf 80' lang='grc' dir='ltr'>ἀναξίως</span> <span class='ocrx_word' id='word_1_464' title='bbox 1196 3865 1296 3937; x_wconf 81' lang='grc' dir='ltr'>τῆς</span> <span class='ocrx_word' id='word_1_465' title='bbox 1331 3866 1668 3942; x_wconf 74' lang='grc' dir='ltr'>τηλικαύτης</span> <span class='ocrx_word' id='word_1_466' title='bbox 1716 3875 1874 3947; x_wconf 80' lang='grc' dir='ltr'>εὺερ-</span> 
     </span>
    </p>
   </div>
   <div class='ocr_carea' id='block_1_70' title="bbox 280 3955 1872 4036">
    <p class='ocr_par' dir='ltr' id='par_1_70' title="bbox 280 3955 1872 4036">
     <span class='ocr_line' id='line_1_70' title="bbox 280 3955 1872 4036; baseline 0.001 -27"><span class='ocrx_word' id='word_1_467' title='bbox 280 3957 471 4024; x_wconf 83' lang='grc' dir='ltr'>γεσίας</span> <span class='ocrx_word' id='word_1_468' title='bbox 510 3955 987 4026; x_wconf 83' lang='grc' dir='ltr'>πολιτευσάμενοι,</span> <span class='ocrx_word' id='word_1_469' title='bbox 1020 3958 1178 4022; x_wconf 73' lang='grc' dir='ltr'>ἀξίαν</span> <span class='ocrx_word' id='word_1_470' title='bbox 1199 3956 1299 4028; x_wconf 77' lang='grc' dir='ltr'>τῆς</span> <span class='ocrx_word' id='word_1_471' title='bbox 1332 3958 1668 4034; x_wconf 82' lang='grc' dir='ltr'>τηλικαύτης</span> <span class='ocrx_word' id='word_1_472' title='bbox 1701 3964 1872 4036; x_wconf 58' lang='grc' dir='ltr'>ρᾳθυ-</span> 
     </span>
    </p>
   </div>
   <div class='ocr_carea' id='block_1_71' title="bbox 283 4048 931 4120">
    <p class='ocr_par' dir='ltr' id='par_1_71' title="bbox 283 4048 931 4120">
     <span class='ocr_line' id='line_1_71' title="bbox 283 4048 931 4120; baseline 0.005 -20"><span class='ocrx_word' id='word_1_473' title='bbox 283 4050 412 4119; x_wconf 80' lang='grc' dir='ltr'>μίας</span> <span class='ocrx_word' id='word_1_474' title='bbox 446 4048 602 4120; x_wconf 80' lang='grc' dir='ltr'>δίκην</span> <span class='ocrx_word' id='word_1_475' title='bbox 636 4049 931 4119; x_wconf 80' lang='grc' dir='ltr'>ύφέξομεν.</span> 
     </span>
    </p>
   </div>
   <div class='ocr_carea' id='block_1_72' title="bbox 351 4142 1868 4213">
    <p class='ocr_par' dir='ltr' id='par_1_72' title="bbox 351 4142 1868 4213">
     <span class='ocr_line' id='line_1_72' title="bbox 351 4142 1868 4213; baseline 0.005 -19"><span class='ocrx_word' id='word_1_476' title='bbox 351 4145 503 4213; x_wconf 76' lang='grc' dir='ltr'><strong>Θεὸν</strong></span> <span class='ocrx_word' id='word_1_477' title='bbox 545 4171 617 4182; x_wconf 92' lang='grc'><strong><em>-</em></strong></span> <span class='ocrx_word' id='word_1_478' title='bbox 658 4142 1027 4212; x_wconf 77' lang='grc' dir='ltr'>ἐξηγήσατο.</span> <span class='ocrx_word' id='word_1_479' title='bbox 1081 4144 1179 4199; x_wconf 85' lang='grc' dir='ltr'>Ἐκ</span> <span class='ocrx_word' id='word_1_480' title='bbox 1232 4144 1393 4208; x_wconf 82' lang='grc' dir='ltr'>ποίας</span> <span class='ocrx_word' id='word_1_481' title='bbox 1428 4145 1753 4211; x_wconf 85' lang='grc' dir='ltr'>ἀκολουθίας</span> <span class='ocrx_word' id='word_1_482' title='bbox 1786 4151 1868 4213; x_wconf 83' lang='grc' dir='ltr'><strong>εἰς</strong></span> 
     </span>
    </p>
   </div>
   <div class='ocr_carea' id='block_1_73' title="bbox 278 4208 1868 4307">
    <p class='ocr_par' dir='ltr' id='par_1_73' title="bbox 278 4208 1868 4307">
     <span class='ocr_line' id='line_1_73' title="bbox 278 4208 1868 4307; baseline 0.005 -21"><span class='ocrx_word' id='word_1_483' title='bbox 278 4208 438 4288; x_wconf 71' lang='grc' dir='ltr'>τοῦτο</span> <span class='ocrx_word' id='word_1_484' title='bbox 481 4231 645 4306; x_wconf 78' lang='grc' dir='ltr'>ἦλθεν</span> <span class='ocrx_word' id='word_1_485' title='bbox 695 4236 725 4287; x_wconf 87' lang='grc' dir='ltr'><strong>ό</strong></span> <span class='ocrx_word' id='word_1_486' title='bbox 780 4208 1199 4307; x_wconf 78' lang='grc' dir='ltr'>εὐαγγελιστὴς,</span> <span class='ocrx_word' id='word_1_487' title='bbox 1241 4240 1502 4307; x_wconf 82' lang='grc' dir='ltr'>πρόσχες.</span> <span class='ocrx_word' id='word_1_488' title='bbox 1555 4208 1754 4304; x_wconf 79' lang='grc' dir='ltr'>Δείξας</span> <span class='ocrx_word' id='word_1_489' title='bbox 1804 4242 1868 4294; x_wconf 87' lang='grc' dir='ltr'>τὸ</span> 
     </span>
    </p>
   </div>
   <div class='ocr_carea' id='block_1_74' title="bbox 1983 3395 3572 3473">
    <p class='ocr_par' dir='ltr' id='par_1_74' title="bbox 1983 3395 3572 3473">
     <span class='ocr_line' id='line_1_74' title="bbox 1983 3395 3572 3473; baseline 0.009 -24"><span class='ocrx_word' id='word_1_490' title='bbox 1983 3395 2259 3451; x_wconf 88' lang='lat' dir='ltr'><strong>fallibilcm</strong></span> <span class='ocrx_word' id='word_1_491' title='bbox 2298 3399 2473 3467; x_wconf 83' lang='lat' dir='ltr'><strong>ipsam</strong></span> <span class='ocrx_word' id='word_1_492' title='bbox 2519 3416 2642 3455; x_wconf 87' lang='lat' dir='ltr'><strong>esse</strong></span> <span class='ocrx_word' id='word_1_493' title='bbox 2686 3411 2955 3457; x_wconf 85' lang='lat' dir='ltr'><strong>attestans</strong></span> <span class='ocrx_word' id='word_1_494' title='bbox 2995 3420 3058 3459; x_wconf 84' lang='lat' dir='ltr'><strong>ac</strong></span> <span class='ocrx_word' id='word_1_495' title='bbox 3092 3407 3430 3473; x_wconf 75' lang='lat' dir='ltr'><strong>peifeetam:</strong></span> <span class='ocrx_word' id='word_1_496' title='bbox 3480 3410 3572 3465; x_wconf 87' lang='lat' dir='ltr'><strong>illa</strong></span> 
     </span>
    </p>
   </div>
   <div class='ocr_carea' id='block_1_75' title="bbox 1982 3484 3576 3562">
    <p class='ocr_par' dir='ltr' id='par_1_75' title="bbox 1982 3484 3576 3562">
     <span class='ocr_line' id='line_1_75' title="bbox 1982 3484 3576 3562; baseline 0.013 -26"><span class='ocrx_word' id='word_1_497' title='bbox 1982 3484 2249 3554; x_wconf 77' lang='lat' dir='ltr'><strong>siquidem</strong></span> <span class='ocrx_word' id='word_1_498' title='bbox 2279 3489 2450 3557; x_wconf 85' lang='lat' dir='ltr'><strong>gratia</strong></span> <span class='ocrx_word' id='word_1_499' title='bbox 2484 3500 2599 3545; x_wconf 71' lang='lat' dir='ltr'><strong>exat</strong></span> <span class='ocrx_word' id='word_1_500' title='bbox 2643 3492 2983 3562; x_wconf 79' lang='lat' dir='ltr'><strong>imperfecta.</strong></span> <span class='ocrx_word' id='word_1_501' title='bbox 3032 3493 3141 3549; x_wconf 77' lang='lat' dir='ltr'><strong>Lex</strong></span> <span class='ocrx_word' id='word_1_502' title='bbox 3181 3499 3343 3554; x_wconf 66' lang='lat' dir='ltr'><strong>enim.</strong></span> <span class='ocrx_word' id='word_1_503' title='bbox 3395 3512 3455 3555; x_wconf 90' lang='lat' dir='ltr'><strong>ut</strong></span> <span class='ocrx_word' id='word_1_504' title='bbox 3498 3503 3576 3557; x_wconf 88' lang='lat' dir='ltr'><strong>ait</strong></span> 
     </span>
    </p>
   </div>
   <div class='ocr_carea' id='block_1_76' title="bbox 1978 3575 3573 3654">
    <p class='ocr_par' dir='ltr' id='par_1_76' title="bbox 1978 3575 3573 3654">
     <span class='ocr_line' id='line_1_76' title="bbox 1978 3575 3573 3654; baseline 0.013 -25"><span class='ocrx_word' id='word_1_505' title='bbox 1978 3575 2296 3646; x_wconf 79' lang='lat' dir='ltr'><strong>Apostolus,</strong></span> <span class='ocrx_word' id='word_1_506' title='bbox 2315 3580 2448 3633; x_wconf 79' lang='lat' dir='ltr'><strong>nihil</strong></span> <span class='ocrx_word' id='word_1_507' title='bbox 2474 3583 2545 3635; x_wconf 83' lang='lat' dir='ltr'><strong>ad</strong></span> <span class='ocrx_word' id='word_1_508' title='bbox 2560 3584 2841 3654; x_wconf 77' lang='lat' dir='ltr'><strong>perfectum</strong></span> <span class='ocrx_word' id='word_1_509' title='bbox 2876 3586 3099 3640; x_wconf 74' lang='lat' dir='ltr'><strong>adduxit</strong></span> <span class='ocrx_word' id='word_1_510' title='bbox 3122 3586 3160 3619; x_wconf 84' lang='grc'><strong>¹⁵</strong></span> <span class='ocrx_word' id='word_1_511' title='bbox 3190 3604 3205 3653; x_wconf 86' lang='grc'><strong>;</strong></span> <span class='ocrx_word' id='word_1_512' title='bbox 3238 3589 3355 3645; x_wconf 74' lang='lat' dir='ltr'><strong>haec</strong></span> <span class='ocrx_word' id='word_1_513' title='bbox 3388 3603 3573 3650; x_wconf 88' lang='lat' dir='ltr'><strong>autem</strong></span> 
     </span>
    </p>
   </div>
   <div class='ocr_carea' id='block_1_77' title="bbox 1978 3668 3572 3755">
    <p class='ocr_par' dir='ltr' id='par_1_77' title="bbox 1978 3668 3572 3755">
     <span class='ocr_line' id='line_1_77' title="bbox 1978 3668 3572 3755; baseline 0.011 -31"><span class='ocrx_word' id='word_1_514' title='bbox 1978 3668 2243 3740; x_wconf 83' lang='lat' dir='ltr'><strong>perfecta,</strong></span> <span class='ocrx_word' id='word_1_515' title='bbox 2263 3683 2453 3743; x_wconf 85' lang='lat' dir='ltr'><strong>utpote</strong></span> <span class='ocrx_word' id='word_1_516' title='bbox 2468 3675 2709 3744; x_wconf 81' lang='lat' dir='ltr'><strong>perfecte</strong></span> <span class='ocrx_word' id='word_1_517' title='bbox 2723 3691 2975 3745; x_wconf 85' lang='lat' dir='ltr'><strong>operans.</strong></span> <span class='ocrx_word' id='word_1_518' title='bbox 3002 3676 3220 3744; x_wconf 82' lang='lat' dir='ltr'><strong>Quanto</strong></span> <span class='ocrx_word' id='word_1_519' title='bbox 3231 3696 3362 3752; x_wconf 83' lang='lat' dir='ltr'><strong>ergo</strong></span> <span class='ocrx_word' id='word_1_520' title='bbox 3380 3687 3572 3755; x_wconf 85' lang='lat' dir='ltr'><strong>majori</strong></span> 
     </span>
    </p>
   </div>
   <div class='ocr_carea' id='block_1_78' title="bbox 1976 3765 3575 3851">
    <p class='ocr_par' dir='ltr' id='par_1_78' title="bbox 1976 3765 3575 3851">
     <span class='ocr_line' id='line_1_78' title="bbox 1976 3765 3575 3851; baseline 0.013 -35"><span class='ocrx_word' id='word_1_521' title='bbox 1976 3765 2148 3833; x_wconf 87' lang='lat' dir='ltr'><strong>gratia</strong></span> <span class='ocrx_word' id='word_1_522' title='bbox 2174 3765 2325 3838; x_wconf 88' lang='lat' dir='ltr'><strong>digni</strong></span> <span class='ocrx_word' id='word_1_523' title='bbox 2369 3766 2540 3824; x_wconf 85' lang='lat' dir='ltr'><strong>habiti</strong></span> <span class='ocrx_word' id='word_1_524' title='bbox 2570 3785 2782 3837; x_wconf 87' lang='lat' dir='ltr'><strong>sumus,</strong></span> <span class='ocrx_word' id='word_1_525' title='bbox 2807 3783 2958 3830; x_wconf 88' lang='lat' dir='ltr'><strong>tanto</strong></span> <span class='ocrx_word' id='word_1_526' title='bbox 2983 3775 3048 3829; x_wconf 86' lang='lat' dir='ltr'><strong>ad</strong></span> <span class='ocrx_word' id='word_1_527' title='bbox 3065 3776 3329 3845; x_wconf 74' lang='lat' dir='ltr'><strong>maiorem</strong></span> <span class='ocrx_word' id='word_1_528' title='bbox 3360 3779 3575 3851; x_wconf 80' lang='lat' dir='ltr'><strong>obliga-</strong></span> 
     </span>
    </p>
   </div>
   <div class='ocr_carea' id='block_1_79' title="bbox 1975 3858 3574 3941">
    <p class='ocr_par' dir='ltr' id='par_1_79' title="bbox 1975 3858 3574 3941">
     <span class='ocr_line' id='line_1_79' title="bbox 1975 3858 3574 3941; baseline 0.011 -30"><span class='ocrx_word' id='word_1_529' title='bbox 1975 3872 2102 3919; x_wconf 83' lang='lat' dir='ltr'><strong>mur</strong></span> <span class='ocrx_word' id='word_1_530' title='bbox 2127 3858 2381 3915; x_wconf 84' lang='lat' dir='ltr'><strong>virtutem</strong></span> <span class='ocrx_word' id='word_1_531' title='bbox 2407 3877 2475 3915; x_wconf 92' lang='lat' dir='ltr'><strong>ne</strong></span> <span class='ocrx_word' id='word_1_532' title='bbox 2501 3871 2652 3917; x_wconf 91' lang='lat' dir='ltr'><strong>tanto</strong></span> <span class='ocrx_word' id='word_1_533' title='bbox 2682 3866 2948 3921; x_wconf 82' lang='lat' dir='ltr'><strong>beneficio</strong></span> <span class='ocrx_word' id='word_1_534' title='bbox 2982 3869 3205 3941; x_wconf 86' lang='lat' dir='ltr'><strong>indigne</strong></span> <span class='ocrx_word' id='word_1_535' title='bbox 3238 3889 3574 3931; x_wconf 65' lang='lat' dir='ltr'><strong>conversatio</strong></span> 
     </span>
    </p>
   </div>
   <div class='ocr_carea' id='block_1_80' title="bbox 1980 3955 3569 4032">
    <p class='ocr_par' dir='ltr' id='par_1_80' title="bbox 1980 3955 3569 4032">
     <span class='ocr_line' id='line_1_80' title="bbox 1980 3955 3569 4032; baseline 0.014 -26"><span class='ocrx_word' id='word_1_536' title='bbox 1980 3955 2333 4026; x_wconf 85' lang='lat' dir='ltr'><strong>Ies,dignum</strong></span> <span class='ocrx_word' id='word_1_537' title='bbox 2372 3966 2521 4011; x_wconf 88' lang='lat' dir='ltr'><strong>tanta</strong></span> <span class='ocrx_word' id='word_1_538' title='bbox 2552 3956 2768 4029; x_wconf 73' lang='lat' dir='ltr'><strong>ignavia</strong></span> <span class='ocrx_word' id='word_1_539' title='bbox 2800 3963 3135 4032; x_wconf 90' lang='lat' dir='ltr'><strong>supplicium</strong></span> <span class='ocrx_word' id='word_1_540' title='bbox 3170 3968 3569 4029; x_wconf 86' lang='lat' dir='ltr'><strong>sustineamus.</strong></span> 
     </span>
    </p>
   </div>
   <div class='ocr_carea' id='block_1_81' title="bbox 2042 4139 3567 4221">
    <p class='ocr_par' dir='ltr' id='par_1_81' title="bbox 2042 4139 3567 4221">
     <span class='ocr_line' id='line_1_81' title="bbox 2042 4139 3567 4221; baseline 0.01 -27"><span class='ocrx_word' id='word_1_541' title='bbox 2042 4139 2199 4195; x_wconf 76' lang='lat' dir='ltr'><strong>Vers.</strong></span> <span class='ocrx_word' id='word_1_542' title='bbox 2231 4140 2317 4197; x_wconf 81' lang='grc'><strong>18.</strong></span> <span class='ocrx_word' id='word_1_543' title='bbox 2349 4141 2519 4197; x_wconf 85' lang='lat' dir='ltr'><strong>Deum</strong></span> <span class='ocrx_word' id='word_1_544' title='bbox 2570 4172 2641 4186; x_wconf 78' lang='grc' dir='ltr'><strong>-ο</strong></span> <span class='ocrx_word' id='word_1_545' title='bbox 2675 4145 2969 4198; x_wconf 82' lang='lat' dir='ltr'><strong>enarrat-it.</strong></span> <span class='ocrx_word' id='word_1_546' title='bbox 2995 4143 3113 4211; x_wconf 83' lang='lat' dir='ltr'><strong>Qua</strong></span> <span class='ocrx_word' id='word_1_547' title='bbox 3170 4157 3567 4221; x_wconf 70' lang='lat' dir='ltr'><strong>consequentia</strong></span> 
     </span>
    </p>
   </div>
   <div class='ocr_carea' id='block_1_82' title="bbox 1976 4235 3565 4316">
    <p class='ocr_par' dir='ltr' id='par_1_82' title="bbox 1976 4235 3565 4316">
     <span class='ocr_line' id='line_1_82' title="bbox 1976 4235 3565 4316; baseline 0.009 -28"><span class='ocrx_word' id='word_1_548' title='bbox 1976 4236 2190 4289; x_wconf 88' lang='lat' dir='ltr'><strong>venerit</strong></span> <span class='ocrx_word' id='word_1_549' title='bbox 2254 4235 2321 4290; x_wconf 90' lang='lat' dir='ltr'><strong>ad</strong></span> <span class='ocrx_word' id='word_1_550' title='bbox 2380 4236 2483 4291; x_wconf 88' lang='lat' dir='ltr'><strong>hoc</strong></span> <span class='ocrx_word' id='word_1_551' title='bbox 2536 4238 2897 4307; x_wconf 73' lang='lat' dir='ltr'><strong>evangelista,</strong></span> <span class='ocrx_word' id='word_1_552' title='bbox 2964 4240 3212 4296; x_wconf 82' lang='lat' dir='ltr'><strong>adverte.</strong></span> <span class='ocrx_word' id='word_1_553' title='bbox 3269 4242 3565 4316; x_wconf 77' lang='lat' dir='ltr'><strong>Postquam</strong></span> 
     </span>
    </p>
   </div>
   <div class='ocr_carea' id='block_1_83' title="bbox 274 4327 1879 4402">
    <p class='ocr_par' dir='ltr' id='par_1_83' title="bbox 274 4328 1867 4402">
     <span class='ocr_line' id='line_1_83' title="bbox 274 4328 1867 4402; baseline 0.005 -21"><span class='ocrx_word' id='word_1_554' title='bbox 274 4329 534 4399; x_wconf 82' lang='grc' dir='ltr'>διάφορον</span> <span class='ocrx_word' id='word_1_555' title='bbox 571 4328 666 4381; x_wconf 87' lang='grc' dir='ltr'><strong>τοῦ</strong></span> <span class='ocrx_word' id='word_1_556' title='bbox 700 4329 870 4398; x_wconf 85' lang='grc' dir='ltr'>νόμου</span> <span class='ocrx_word' id='word_1_557' title='bbox 901 4346 958 4381; x_wconf 91' lang='grc' dir='ltr'><strong>τε</strong></span> <span class='ocrx_word' id='word_1_558' title='bbox 992 4330 1212 4399; x_wconf 73' lang='grc' dir='ltr'>καὶτῆς</span> <span class='ocrx_word' id='word_1_559' title='bbox 1246 4331 1488 4402; x_wconf 84' lang='grc' dir='ltr'>χάριτος,</span> <span class='ocrx_word' id='word_1_560' title='bbox 1544 4334 1743 4402; x_wconf 69' lang='grc' dir='ltr'>ἐπάγει</span> <span class='ocrx_word' id='word_1_561' title='bbox 1772 4337 1867 4390; x_wconf 79' lang='grc' dir='ltr'><strong>καὶ</strong></span> 
     </span>
    </p>
   </div>
   <div class='ocr_carea' id='block_1_84' title="bbox 1997 4327 3564 4402">
    <p class='ocr_par' dir='ltr' id='par_1_84' title="bbox 1997 4327 3564 4402">
     <span class='ocr_line' id='line_1_84' title="bbox 1997 4327 3564 4402; baseline 0.007 -19"><span class='ocrx_word' id='word_1_562' title='bbox 1997 4327 2335 4383; x_wconf 83' lang='lat' dir='ltr'><strong>lifferentiam</strong></span> <span class='ocrx_word' id='word_1_563' title='bbox 2364 4329 2763 4385; x_wconf 76' lang='lat' dir='ltr'><strong>demonstravit</strong></span> <span class='ocrx_word' id='word_1_564' title='bbox 2817 4328 2959 4401; x_wconf 90' lang='lat' dir='ltr'><strong>legis</strong></span> <span class='ocrx_word' id='word_1_565' title='bbox 3011 4340 3067 4386; x_wconf 91' lang='lat' dir='ltr'><strong>et</strong></span> <span class='ocrx_word' id='word_1_566' title='bbox 3100 4335 3290 4402; x_wconf 70' lang='lat' dir='ltr'><strong>gratim</strong></span> <span class='ocrx_word' id='word_1_567' title='bbox 3339 4379 3355 4402; x_wconf 88' lang='lat'><strong>,</strong></span> <span class='ocrx_word' id='word_1_568' title='bbox 3393 4340 3564 4394; x_wconf 81' lang='lat' dir='ltr'><strong>ratio-</strong></span> 
     </span>
    </p>
   </div>
   <div class='ocr_carea' id='block_1_85' title="bbox 276 4420 1879 4497">
    <p class='ocr_par' dir='ltr' id='par_1_85' title="bbox 276 4420 1866 4497">
     <span class='ocr_line' id='line_1_85' title="bbox 276 4420 1866 4497; baseline 0.005 -25"><span class='ocrx_word' id='word_1_569' title='bbox 276 4421 460 4473; x_wconf 78' lang='grc' dir='ltr'>αἰτὶαν</span> <span class='ocrx_word' id='word_1_570' title='bbox 518 4420 743 4486; x_wconf 73' lang='grc' dir='ltr'>εὔλογον</span> <span class='ocrx_word' id='word_1_571' title='bbox 790 4423 892 4491; x_wconf 78' lang='grc' dir='ltr'>τῆς</span> <span class='ocrx_word' id='word_1_572' title='bbox 934 4420 1225 4491; x_wconf 66' lang='grc' dir='ltr'>διαφορᾶς,</span> <span class='ocrx_word' id='word_1_573' title='bbox 1259 4425 1340 4475; x_wconf 85' lang='grc' dir='ltr'>ὃτι</span> <span class='ocrx_word' id='word_1_574' title='bbox 1406 4424 1495 4476; x_wconf 81' lang='grc' dir='ltr'>τὸν</span> <span class='ocrx_word' id='word_1_575' title='bbox 1543 4425 1643 4495; x_wconf 80' lang='grc' dir='ltr'>μὲν</span> <span class='ocrx_word' id='word_1_576' title='bbox 1700 4427 1866 4497; x_wconf 90' lang='grc' dir='ltr'>νόμον</span> 
     </span>
    </p>
   </div>
   <div class='ocr_carea' id='block_1_86' title="bbox 1997 4420 3560 4497">
    <p class='ocr_par' dir='ltr' id='par_1_86' title="bbox 1997 4421 3560 4497">
     <span class='ocr_line' id='line_1_86' title="bbox 1997 4421 3560 4497; baseline 0.008 -22"><span class='ocrx_word' id='word_1_577' title='bbox 1997 4423 2204 4476; x_wconf 69' lang='lat' dir='ltr'><strong>labilem</strong></span> <span class='ocrx_word' id='word_1_578' title='bbox 2245 4422 2408 4475; x_wconf 86' lang='lat' dir='ltr'><strong>etiam</strong></span> <span class='ocrx_word' id='word_1_579' title='bbox 2444 4421 2773 4478; x_wconf 74' lang='lat' dir='ltr'><strong>differentiae</strong></span> <span class='ocrx_word' id='word_1_580' title='bbox 2812 4439 3039 4478; x_wconf 88' lang='lat' dir='ltr'><strong>causam</strong></span> <span class='ocrx_word' id='word_1_581' title='bbox 3073 4426 3268 4487; x_wconf 87' lang='lat' dir='ltr'><strong>addit:</strong></span> <span class='ocrx_word' id='word_1_582' title='bbox 3306 4432 3453 4497; x_wconf 89' lang='lat' dir='ltr'><strong>quod</strong></span> <span class='ocrx_word' id='word_1_583' title='bbox 3481 4432 3560 4487; x_wconf 89' lang='lat' dir='ltr'><strong>le-</strong></span> 
     </span>
    </p>
   </div>
   <div class='ocr_carea' id='block_1_87' title="bbox 277 4508 1861 4580">
    <p class='ocr_par' dir='ltr' id='par_1_87' title="bbox 277 4508 1861 4580">
     <span class='ocr_line' id='line_1_87' title="bbox 277 4508 1861 4580; baseline 0.002 -16"><span class='ocrx_word' id='word_1_584' title='bbox 277 4510 517 4578; x_wconf 83' lang='grc' dir='ltr'><strong>Μωῦσῆς</strong></span> <span class='ocrx_word' id='word_1_585' title='bbox 550 4510 831 4579; x_wconf 78' lang='grc' dir='ltr'>ἐκόμισεν,</span> <span class='ocrx_word' id='word_1_586' title='bbox 860 4508 957 4563; x_wconf 78' lang='grc' dir='ltr'>ἄνθ</span> <span class='ocrx_word' id='word_1_587' title='bbox 970 4525 1151 4579; x_wconf 80' lang='grc' dir='ltr'>ρωπος</span> <span class='ocrx_word' id='word_1_588' title='bbox 1180 4514 1255 4580; x_wconf 76' lang='grc' dir='ltr'><strong>μη</strong></span> <span class='ocrx_word' id='word_1_589' title='bbox 1286 4509 1550 4580; x_wconf 70' lang='grc' dir='ltr'>ἑωρακὼς</span> <span class='ocrx_word' id='word_1_590' title='bbox 1582 4513 1675 4567; x_wconf 56' lang='grc' dir='ltr'>τὶν</span> <span class='ocrx_word' id='word_1_591' title='bbox 1705 4513 1861 4567; x_wconf 86' lang='grc' dir='ltr'>Θεόν·</span> 
     </span>
    </p>
   </div>
   <div class='ocr_carea' id='block_1_88' title="bbox 1969 4516 3562 4588">
    <p class='ocr_par' dir='ltr' id='par_1_88' title="bbox 1969 4516 3562 4588">
     <span class='ocr_line' id='line_1_88' title="bbox 1969 4516 3562 4588; baseline 0.005 -18"><span class='ocrx_word' id='word_1_592' title='bbox 1969 4530 2088 4587; x_wconf 83' lang='lat' dir='ltr'><strong>gem</strong></span> <span class='ocrx_word' id='word_1_593' title='bbox 2119 4516 2340 4586; x_wconf 84' lang='lat' dir='ltr'><strong>quidem</strong></span> <span class='ocrx_word' id='word_1_594' title='bbox 2373 4516 2553 4569; x_wconf 87' lang='lat' dir='ltr'><strong>attulit</strong></span> <span class='ocrx_word' id='word_1_595' title='bbox 2592 4516 2788 4581; x_wconf 83' lang='lat' dir='ltr'><strong>Moses,</strong></span> <span class='ocrx_word' id='word_1_596' title='bbox 2848 4516 3013 4571; x_wconf 90' lang='lat' dir='ltr'><strong>homo</strong></span> <span class='ocrx_word' id='word_1_597' title='bbox 3068 4518 3163 4588; x_wconf 87' lang='lat' dir='ltr'><strong>qui</strong></span> <span class='ocrx_word' id='word_1_598' title='bbox 3220 4519 3391 4574; x_wconf 86' lang='lat' dir='ltr'><strong>Deum</strong></span> <span class='ocrx_word' id='word_1_599' title='bbox 3451 4540 3562 4579; x_wconf 92' lang='lat' dir='ltr'><strong>non</strong></span> 
     </span>
    </p>
   </div>
   <div class='ocr_carea' id='block_1_89' title="bbox 278 4598 2111 4670">
    <p class='ocr_par' dir='ltr' id='par_1_89' title="bbox 278 4598 2111 4670">
     <span class='ocr_line' id='line_1_89' title="bbox 278 4598 2111 4670; baseline 0.001 -15"><span class='ocrx_word' id='word_1_600' title='bbox 278 4603 387 4657; x_wconf 74' lang='lat' dir='ltr'><strong>Kal</strong></span> <span class='ocrx_word' id='word_1_601' title='bbox 442 4601 552 4670; x_wconf 76' lang='grc' dir='ltr'>γὰρ</span> <span class='ocrx_word' id='word_1_602' title='bbox 597 4600 747 4655; x_wconf 80' lang='grc' dir='ltr'><strong>Θεὸν</strong></span> <span class='ocrx_word' id='word_1_603' title='bbox 785 4598 986 4664; x_wconf 76' lang='grc' dir='ltr'>οὐδεὶς</span> <span class='ocrx_word' id='word_1_604' title='bbox 1025 4598 1244 4667; x_wconf 66' lang='grc' dir='ltr'>ἑώρακε</span> <span class='ocrx_word' id='word_1_605' title='bbox 1306 4600 1568 4655; x_wconf 71' lang='grc' dir='ltr'>.τώποτε’</span> <span class='ocrx_word' id='word_1_606' title='bbox 1619 4604 1717 4655; x_wconf 65' lang='grc' dir='ltr'><strong>κα)⁵</strong></span> <span class='ocrx_word' id='word_1_607' title='bbox 1775 4603 1861 4656; x_wconf 81' lang='grc' dir='ltr'><strong>δια</strong></span> <span class='ocrx_word' id='word_1_608' title='bbox 1892 4605 1942 4663; x_wconf 90' lang='lat' dir='ltr'><strong>D</strong></span> <span class='ocrx_word' id='word_1_609' title='bbox 1974 4610 2111 4664; x_wconf 82' lang='lat' dir='ltr'><strong>vidit</strong></span> 
     </span>
    </p>
   </div>
   <div class='ocr_carea' id='block_1_90' title="bbox 2159 4607 3565 4685">
    <p class='ocr_par' dir='ltr' id='par_1_90' title="bbox 2159 4607 3565 4685">
     <span class='ocr_line' id='line_1_90' title="bbox 2159 4607 3565 4685; baseline 0.006 -22"><span class='ocrx_word' id='word_1_610' title='bbox 2159 4626 2173 4663; x_wconf 88' lang='lat'><strong>:</strong></span> <span class='ocrx_word' id='word_1_611' title='bbox 2223 4607 2395 4662; x_wconf 85' lang='lat' dir='ltr'><strong>Deum</strong></span> <span class='ocrx_word' id='word_1_612' title='bbox 2422 4611 2562 4663; x_wconf 85' lang='lat' dir='ltr'><strong>enim</strong></span> <span class='ocrx_word' id='word_1_613' title='bbox 2616 4625 2769 4662; x_wconf 86' lang='lat' dir='ltr'><strong>nemo</strong></span> <span class='ocrx_word' id='word_1_614' title='bbox 2832 4609 2960 4662; x_wconf 75' lang='lat' dir='ltr'><strong>vidit</strong></span> <span class='ocrx_word' id='word_1_615' title='bbox 3015 4627 3271 4679; x_wconf 78' lang='lat' dir='ltr'><strong>unquam,</strong></span> <span class='ocrx_word' id='word_1_616' title='bbox 3329 4613 3565 4685; x_wconf 87' lang='lat' dir='ltr'><strong>ideoque</strong></span> 
     </span>
    </p>
   </div>
   <div class='ocr_carea' id='block_1_91' title="bbox 276 4693 1879 4772">
    <p class='ocr_par' dir='ltr' id='par_1_91' title="bbox 276 4693 1864 4764">
     <span class='ocr_line' id='line_1_91' title="bbox 276 4693 1864 4764; baseline 0.002 -19"><span class='ocrx_word' id='word_1_617' title='bbox 276 4694 434 4747; x_wconf 86' lang='grc' dir='ltr'>τοῦτό</span> <span class='ocrx_word' id='word_1_618' title='bbox 464 4696 615 4747; x_wconf 82' lang='grc' dir='ltr'>ἐστιν</span> <span class='ocrx_word' id='word_1_619' title='bbox 656 4694 899 4746; x_wconf 78' lang='grc' dir='ltr'>ἐλάττων</span> <span class='ocrx_word' id='word_1_620' title='bbox 928 4695 955 4746; x_wconf 88' lang='grc' dir='ltr'><strong>ό</strong></span> <span class='ocrx_word' id='word_1_621' title='bbox 989 4693 1175 4763; x_wconf 78' lang='grc' dir='ltr'>νόμος,</span> <span class='ocrx_word' id='word_1_622' title='bbox 1228 4693 1304 4759; x_wconf 78' lang='grc' dir='ltr'>ὡς</span> <span class='ocrx_word' id='word_1_623' title='bbox 1356 4694 1510 4763; x_wconf 78' lang='grc' dir='ltr'>παρὰ</span> <span class='ocrx_word' id='word_1_624' title='bbox 1566 4693 1864 4764; x_wconf 84' lang='grc' dir='ltr'>ἀνθρώπου</span> 
     </span>
    </p>
   </div>
   <div class='ocr_carea' id='block_1_92' title="bbox 1997 4693 3559 4772">
    <p class='ocr_par' dir='ltr' id='par_1_92' title="bbox 1997 4702 3559 4772">
     <span class='ocr_line' id='line_1_92' title="bbox 1997 4702 3559 4772; baseline 0.003 -13"><span class='ocrx_word' id='word_1_625' title='bbox 1997 4720 2055 4759; x_wconf 71' lang='lat' dir='ltr'><strong>ex</strong></span> <span class='ocrx_word' id='word_1_626' title='bbox 2087 4702 2315 4757; x_wconf 89' lang='lat' dir='ltr'><strong>inferior</strong></span> <span class='ocrx_word' id='word_1_627' title='bbox 2342 4712 2451 4767; x_wconf 90' lang='lat' dir='ltr'><strong>est,</strong></span> <span class='ocrx_word' id='word_1_628' title='bbox 2486 4712 2675 4772; x_wconf 89' lang='lat' dir='ltr'><strong>utpote</strong></span> <span class='ocrx_word' id='word_1_629' title='bbox 2714 4702 2783 4757; x_wconf 91' lang='lat' dir='ltr'><strong>ab</strong></span> <span class='ocrx_word' id='word_1_630' title='bbox 2819 4702 3043 4758; x_wconf 87' lang='lat' dir='ltr'><strong>homine</strong></span> <span class='ocrx_word' id='word_1_631' title='bbox 3077 4705 3279 4759; x_wconf 86' lang='lat' dir='ltr'><strong>delata.</strong></span> <span class='ocrx_word' id='word_1_632' title='bbox 3312 4704 3559 4764; x_wconf 85' lang='lat' dir='ltr'><strong>Gratiam</strong></span> 
     </span>
    </p>
   </div>
   <div class='ocr_carea' id='block_1_93' title="bbox 275 4785 1879 4869">
    <p class='ocr_par' dir='ltr' id='par_1_93' title="bbox 275 4785 1867 4858">
     <span class='ocr_line' id='line_1_93' title="bbox 275 4785 1867 4858; baseline 0.001 -19"><span class='ocrx_word' id='word_1_633' title='bbox 275 4786 560 4855; x_wconf 75' lang='grc' dir='ltr'>κομισθείς</span> <span class='ocrx_word' id='word_1_634' title='bbox 586 4802 600 4815; x_wconf 87' lang='grc'><strong>·</strong></span> <span class='ocrx_word' id='word_1_635' title='bbox 626 4785 725 4857; x_wconf 80' lang='grc' dir='ltr'>τὴν</span> <span class='ocrx_word' id='word_1_636' title='bbox 753 4787 811 4840; x_wconf 82' lang='grc' dir='ltr'>δὲ</span> <span class='ocrx_word' id='word_1_637' title='bbox 838 4788 1020 4857; x_wconf 87' lang='grc' dir='ltr'>χάριν,</span> <span class='ocrx_word' id='word_1_638' title='bbox 1057 4788 1178 4858; x_wconf 75' lang='grc' dir='ltr'>ἦτοι</span> <span class='ocrx_word' id='word_1_639' title='bbox 1216 4787 1279 4840; x_wconf 83' lang='grc' dir='ltr'>τὸ</span> <span class='ocrx_word' id='word_1_640' title='bbox 1315 4787 1669 4855; x_wconf 71' lang='grc' dir='ltr'>Εὐαγγέλιον,</span> <span class='ocrx_word' id='word_1_641' title='bbox 1705 4792 1737 4841; x_wconf 88' lang='grc' dir='ltr'><strong>ό</strong></span> <span class='ocrx_word' id='word_1_642' title='bbox 1757 4805 1867 4857; x_wconf 83' lang='grc' dir='ltr'>μο-</span> 
     </span>
    </p>
   </div>
   <div class='ocr_carea' id='block_1_94' title="bbox 1997 4785 3552 4869">
    <p class='ocr_par' dir='ltr' id='par_1_94' title="bbox 2001 4796 3552 4869">
     <span class='ocr_line' id='line_1_94' title="bbox 2001 4796 3552 4869; baseline 0.002 -17"><span class='ocrx_word' id='word_1_643' title='bbox 2001 4812 2097 4853; x_wconf 84' lang='lat' dir='ltr'><strong>ero</strong></span> <span class='ocrx_word' id='word_1_644' title='bbox 2126 4796 2242 4853; x_wconf 88' lang='lat' dir='ltr'><strong>sive</strong></span> <span class='ocrx_word' id='word_1_645' title='bbox 2271 4797 2626 4869; x_wconf 82' lang='lat' dir='ltr'><strong>Evangehum</strong></span> <span class='ocrx_word' id='word_1_646' title='bbox 2657 4797 2963 4867; x_wconf 79' lang='lat' dir='ltr'><strong>unigenitus</strong></span> <span class='ocrx_word' id='word_1_647' title='bbox 3001 4797 3179 4852; x_wconf 75' lang='lat' dir='ltr'><strong>Filius</strong></span> <span class='ocrx_word' id='word_1_648' title='bbox 3231 4800 3324 4868; x_wconf 91' lang='lat' dir='ltr'><strong>qui</strong></span> <span class='ocrx_word' id='word_1_649' title='bbox 3360 4816 3552 4855; x_wconf 83' lang='lat' dir='ltr'><strong>versa-</strong></span> 
     </span>
    </p>
   </div>
   <div class='ocr_carea' id='block_1_95' title="bbox 272 4874 1879 4964">
    <p class='ocr_par' dir='ltr' id='par_1_95' title="bbox 272 4874 1865 4948">
     <span class='ocr_line' id='line_1_95' title="bbox 272 4874 1865 4948; baseline 0 -19"><span class='ocrx_word' id='word_1_650' title='bbox 272 4874 538 4945; x_wconf 76' lang='grc' dir='ltr'>νογενὴς</span> <span class='ocrx_word' id='word_1_651' title='bbox 578 4876 733 4942; x_wconf 85' lang='grc' dir='ltr'>Υἱός,</span> <span class='ocrx_word' id='word_1_652' title='bbox 763 4879 792 4928; x_wconf 89' lang='grc' dir='ltr'><strong>ό</strong></span> <span class='ocrx_word' id='word_1_653' title='bbox 819 4876 1241 4945; x_wconf 76' lang='grc' dir='ltr'>ἐνδιαιτώμενος</span> <span class='ocrx_word' id='word_1_654' title='bbox 1284 4876 1363 4946; x_wconf 78' lang='grc' dir='ltr'><strong>τῷ</strong></span> <span class='ocrx_word' id='word_1_655' title='bbox 1400 4877 1588 4948; x_wconf 82' lang='grc' dir='ltr'>κόλπῳ</span> <span class='ocrx_word' id='word_1_656' title='bbox 1615 4876 1714 4929; x_wconf 90' lang='grc' dir='ltr'><strong>τοῦ</strong></span> <span class='ocrx_word' id='word_1_657' title='bbox 1746 4878 1865 4930; x_wconf 84' lang='grc' dir='ltr'><strong>Πα-</strong></span> 
     </span>
    </p>
   </div>
   <div class='ocr_carea' id='block_1_96' title="bbox 1997 4874 3558 4964">
    <p class='ocr_par' dir='ltr' id='par_1_96' title="bbox 1997 4890 3558 4964">
     <span class='ocr_line' id='line_1_96' title="bbox 1997 4890 3558 4964; baseline 0.003 -19"><span class='ocrx_word' id='word_1_658' title='bbox 1997 4908 2054 4945; x_wconf 87' lang='lat' dir='ltr'><strong>ur</strong></span> <span class='ocrx_word' id='word_1_659' title='bbox 2090 4891 2145 4945; x_wconf 90' lang='lat' dir='ltr'><strong>in</strong></span> <span class='ocrx_word' id='word_1_660' title='bbox 2170 4891 2295 4945; x_wconf 88' lang='lat' dir='ltr'><strong>sinu</strong></span> <span class='ocrx_word' id='word_1_661' title='bbox 2334 4890 2545 4953; x_wconf 87' lang='lat' dir='ltr'><strong>Patris,</strong></span> <span class='ocrx_word' id='word_1_662' title='bbox 2576 4904 2906 4959; x_wconf 88' lang='lat' dir='ltr'><strong>semperque</strong></span> <span class='ocrx_word' id='word_1_663' title='bbox 2936 4890 3107 4946; x_wconf 91' lang='lat' dir='ltr'><strong>Deum</strong></span> <span class='ocrx_word' id='word_1_664' title='bbox 3145 4893 3316 4958; x_wconf 85' lang='lat' dir='ltr'><strong>videt,</strong></span> <span class='ocrx_word' id='word_1_665' title='bbox 3356 4909 3558 4964; x_wconf 83' lang='lat' dir='ltr'><strong>nempe</strong></span> 
     </span>
    </p>
   </div>
   <div class='ocr_carea' id='block_1_97' title="bbox 270 4968 1879 5054">
    <p class='ocr_par' dir='ltr' id='par_1_97' title="bbox 270 4968 1864 5039">
     <span class='ocr_line' id='line_1_97' title="bbox 270 4968 1864 5039; baseline 0 -18"><span class='ocrx_word' id='word_1_666' title='bbox 270 4970 422 5039; x_wconf 80' lang='grc' dir='ltr'>τρδς,</span> <span class='ocrx_word' id='word_1_667' title='bbox 467 4968 564 5023; x_wconf 75' lang='grc' dir='ltr'>καὶ</span> <span class='ocrx_word' id='word_1_668' title='bbox 622 4969 710 5022; x_wconf 71' lang='grc' dir='ltr'><strong>ἀεὶ</strong></span> <span class='ocrx_word' id='word_1_669' title='bbox 764 4968 911 5039; x_wconf 76' lang='grc' dir='ltr'>ὁρῶν</span> <span class='ocrx_word' id='word_1_670' title='bbox 964 4971 1053 5022; x_wconf 83' lang='grc' dir='ltr'>τὸν</span> <span class='ocrx_word' id='word_1_671' title='bbox 1117 4968 1271 5030; x_wconf 81' lang='grc' dir='ltr'>Θεὸν,</span> <span class='ocrx_word' id='word_1_672' title='bbox 1308 4969 1383 5033; x_wconf 86' lang='grc' dir='ltr'>ὡς</span> <span class='ocrx_word' id='word_1_673' title='bbox 1437 4969 1592 5035; x_wconf 84' lang='grc' dir='ltr'>Θεὸς,</span> <span class='ocrx_word' id='word_1_674' title='bbox 1625 4968 1864 5036; x_wconf 80' lang='grc' dir='ltr'>ἐκεῖνος</span> 
     </span>
    </p>
   </div>
   <div class='ocr_carea' id='block_1_98' title="bbox 1997 4968 3563 5054">
    <p class='ocr_par' dir='ltr' id='par_1_98' title="bbox 1997 4982 3563 5054">
     <span class='ocr_line' id='line_1_98' title="bbox 1997 4982 3563 5054; baseline 0.006 -21"><span class='ocrx_word' id='word_1_675' title='bbox 1997 4990 2108 5038; x_wconf 69' lang='grc' dir='ltr'>»ους</span> <span class='ocrx_word' id='word_1_676' title='bbox 2139 4984 2279 5054; x_wconf 88' lang='lat' dir='ltr'><strong>ipse,</strong></span> <span class='ocrx_word' id='word_1_677' title='bbox 2301 4982 2435 5037; x_wconf 82' lang='lat' dir='ltr'><strong>illud</strong></span> <span class='ocrx_word' id='word_1_678' title='bbox 2463 4982 2758 5047; x_wconf 84' lang='lat' dir='ltr'><strong>enarravit,</strong></span> <span class='ocrx_word' id='word_1_679' title='bbox 2787 4984 3057 5039; x_wconf 82' lang='lat' dir='ltr'><strong>ordinavit</strong></span> <span class='ocrx_word' id='word_1_680' title='bbox 3080 5001 3143 5039; x_wconf 89' lang='lat' dir='ltr'><strong>ac</strong></span> <span class='ocrx_word' id='word_1_681' title='bbox 3166 4986 3350 5041; x_wconf 90' lang='lat' dir='ltr'><strong>docuit</strong></span> <span class='ocrx_word' id='word_1_682' title='bbox 3374 5004 3388 5052; x_wconf 86' lang='lat'><strong>;</strong></span> <span class='ocrx_word' id='word_1_683' title='bbox 3412 4988 3563 5043; x_wconf 86' lang='lat' dir='ltr'><strong>ideo-</strong></span> 
     </span>
    </p>
   </div>
   <div class='ocr_carea' id='block_1_99' title="bbox 270 5061 1879 5150">
    <p class='ocr_par' dir='ltr' id='par_1_99' title="bbox 270 5061 1861 5131">
     <span class='ocr_line' id='line_1_99' title="bbox 270 5061 1861 5131; baseline 0.001 -16"><span class='ocrx_word' id='word_1_684' title='bbox 270 5062 642 5131; x_wconf 69' lang='grc' dir='ltr'>ἑξηγήσατο,</span> <span class='ocrx_word' id='word_1_685' title='bbox 706 5061 1033 5128; x_wconf 81' lang='grc' dir='ltr'>συνέταξεν,</span> <span class='ocrx_word' id='word_1_686' title='bbox 1107 5061 1353 5127; x_wconf 81' lang='grc' dir='ltr'>ἐδίδαξε·</span> <span class='ocrx_word' id='word_1_687' title='bbox 1412 5062 1507 5115; x_wconf 73' lang='grc' dir='ltr'>καὶ</span> <span class='ocrx_word' id='word_1_688' title='bbox 1561 5062 1649 5115; x_wconf 85' lang='grc' dir='ltr'><strong>διὰ</strong></span> <span class='ocrx_word' id='word_1_689' title='bbox 1700 5063 1861 5117; x_wconf 88' lang='grc' dir='ltr'>τοῦτο</span> 
     </span>
    </p>
   </div>
   <div class='ocr_carea' id='block_1_100' title="bbox 1997 5061 3555 5150">
    <p class='ocr_par' dir='ltr' id='par_1_100' title="bbox 2000 5075 3555 5150">
     <span class='ocr_line' id='line_1_100' title="bbox 2000 5075 3555 5150; baseline 0.003 -19"><span class='ocrx_word' id='word_1_690' title='bbox 2000 5092 2069 5133; x_wconf 89' lang='lat' dir='ltr'><strong>ue</strong></span> <span class='ocrx_word' id='word_1_691' title='bbox 2108 5080 2288 5148; x_wconf 85' lang='lat' dir='ltr'><strong>potior</strong></span> <span class='ocrx_word' id='word_1_692' title='bbox 2317 5085 2401 5131; x_wconf 87' lang='lat' dir='ltr'><strong>est</strong></span> <span class='ocrx_word' id='word_1_693' title='bbox 2430 5076 2597 5146; x_wconf 86' lang='lat' dir='ltr'><strong>gratia</strong></span> <span class='ocrx_word' id='word_1_694' title='bbox 2628 5076 2832 5146; x_wconf 83' lang='lat' dir='ltr'><strong>quippe</strong></span> <span class='ocrx_word' id='word_1_695' title='bbox 2861 5093 2889 5129; x_wconf 87' lang='lat' dir='ltr'><strong>a</strong></span> <span class='ocrx_word' id='word_1_696' title='bbox 2924 5075 3037 5131; x_wconf 88' lang='lat' dir='ltr'><strong>Deo</strong></span> <span class='ocrx_word' id='word_1_697' title='bbox 3062 5076 3229 5144; x_wconf 85' lang='lat' dir='ltr'><strong>facta,</strong></span> <span class='ocrx_word' id='word_1_698' title='bbox 3264 5080 3358 5150; x_wconf 90' lang='lat' dir='ltr'><strong>qui</strong></span> <span class='ocrx_word' id='word_1_699' title='bbox 3389 5081 3555 5136; x_wconf 87' lang='lat' dir='ltr'><strong>Deum</strong></span> 
     </span>
    </p>
   </div>
   <div class='ocr_carea' id='block_1_101' title="bbox 276 5155 1857 5227">
    <p class='ocr_par' dir='ltr' id='par_1_101' title="bbox 276 5155 1857 5227">
     <span class='ocr_line' id='line_1_101' title="bbox 276 5155 1857 5227; baseline 0.003 -20"><span class='ocrx_word' id='word_1_700' title='bbox 276 5155 479 5225; x_wconf 78' lang='grc' dir='ltr'>μείζων</span> <span class='ocrx_word' id='word_1_701' title='bbox 517 5158 547 5225; x_wconf 80' lang='grc' dir='ltr'>ἡ</span> <span class='ocrx_word' id='word_1_702' title='bbox 586 5157 766 5225; x_wconf 78' lang='grc' dir='ltr'>χάρις,</span> <span class='ocrx_word' id='word_1_703' title='bbox 794 5155 869 5218; x_wconf 80' lang='grc' dir='ltr'>ὡς</span> <span class='ocrx_word' id='word_1_704' title='bbox 898 5155 1050 5225; x_wconf 72' lang='grc' dir='ltr'>παρὰ</span> <span class='ocrx_word' id='word_1_705' title='bbox 1082 5157 1217 5208; x_wconf 84' lang='grc' dir='ltr'>Θεου</span> <span class='ocrx_word' id='word_1_706' title='bbox 1250 5158 1533 5223; x_wconf 83' lang='grc' dir='ltr'>γεγονυῖα,</span> <span class='ocrx_word' id='word_1_707' title='bbox 1562 5156 1656 5210; x_wconf 88' lang='grc' dir='ltr'><strong>τοῦ</strong></span> <span class='ocrx_word' id='word_1_708' title='bbox 1686 5157 1857 5227; x_wconf 81' lang='grc' dir='ltr'>ὁρῶν-</span> 
     </span>
    </p>
   </div>
   <div class='ocr_carea' id='block_1_102' title="bbox 271 5246 1633 5316">
    <p class='ocr_par' dir='ltr' id='par_1_102' title="bbox 271 5246 1633 5316">
     <span class='ocr_line' id='line_1_102' title="bbox 271 5246 1633 5316; baseline 0.001 -15"><span class='ocrx_word' id='word_1_709' title='bbox 271 5265 364 5311; x_wconf 89' lang='grc' dir='ltr'><strong>τος</strong></span> <span class='ocrx_word' id='word_1_710' title='bbox 392 5248 484 5301; x_wconf 86' lang='grc' dir='ltr'>τὸν</span> <span class='ocrx_word' id='word_1_711' title='bbox 511 5247 667 5313; x_wconf 82' lang='grc' dir='ltr'>Θεὸν,</span> <span class='ocrx_word' id='word_1_712' title='bbox 707 5248 801 5301; x_wconf 78' lang='grc' dir='ltr'>καὶ</span> <span class='ocrx_word' id='word_1_713' title='bbox 832 5246 1197 5316; x_wconf 78' lang='grc' dir='ltr'>γινώσκοντος</span> <span class='ocrx_word' id='word_1_714' title='bbox 1243 5252 1313 5300; x_wconf 80' lang='grc' dir='ltr'>τὰ</span> <span class='ocrx_word' id='word_1_715' title='bbox 1348 5248 1442 5301; x_wconf 84' lang='grc' dir='ltr'><strong>τοῦ</strong></span> <span class='ocrx_word' id='word_1_716' title='bbox 1472 5248 1633 5306; x_wconf 77' lang='grc' dir='ltr'>Θεοῦ.</span> 
     </span>
    </p>
   </div>
   <div class='ocr_carea' id='block_1_103' title="bbox 354 5355 1858 5429">
    <p class='ocr_par' dir='ltr' id='par_1_103' title="bbox 354 5355 1858 5429">
     <span class='ocr_line' id='line_1_103' title="bbox 354 5355 1858 5429; baseline 0.002 -17"><span class='ocrx_word' id='word_1_717' title='bbox 354 5360 519 5414; x_wconf 81' lang='grc' dir='ltr'>Ἀλλὰ</span> <span class='ocrx_word' id='word_1_718' title='bbox 548 5359 665 5424; x_wconf 85' lang='grc' dir='ltr'>πῶς</span> <span class='ocrx_word' id='word_1_719' title='bbox 694 5355 850 5414; x_wconf 79' lang='grc' dir='ltr'>εἶπεν</span> <span class='ocrx_word' id='word_1_720' title='bbox 904 5360 986 5414; x_wconf 89' lang='grc' dir='ltr'>ὅτι</span> <span class='ocrx_word' id='word_1_721' title='bbox 1020 5360 1172 5415; x_wconf 77' lang='grc' dir='ltr'><strong>Θεὸν</strong></span> <span class='ocrx_word' id='word_1_722' title='bbox 1213 5358 1415 5427; x_wconf 82' lang='grc' dir='ltr'>οὐδεὶς</span> <span class='ocrx_word' id='word_1_723' title='bbox 1468 5360 1694 5429; x_wconf 76' lang='grc' dir='ltr'>ἑώρακε</span> <span class='ocrx_word' id='word_1_724' title='bbox 1735 5361 1858 5415; x_wconf 75' lang='grc' dir='ltr'><strong>πώ-</strong></span> 
     </span>
    </p>
   </div>
   <div class='ocr_carea' id='block_1_104' title="bbox 377 5504 1411 5573">
    <p class='ocr_par' dir='ltr' id='par_1_104' title="bbox 377 5504 1411 5573">
     <span class='ocr_line' id='line_1_104' title="bbox 377 5504 1411 5573; baseline 0.002 -15"><span class='ocrx_word' id='word_1_725' title='bbox 377 5506 418 5538; x_wconf 76' lang='lat'>“</span> <span class='ocrx_word' id='word_1_726' title='bbox 457 5504 634 5561; x_wconf 90' lang='lat' dir='ltr'><strong>lCor.</strong></span> <span class='ocrx_word' id='word_1_727' title='bbox 674 5508 812 5573; x_wconf 76' lang='lat'><strong>&quot;,9.</strong></span> <span class='ocrx_word' id='word_1_728' title='bbox 929 5506 1155 5561; x_wconf 78' lang='lat' dir='ltr'><strong>&quot;Hebr.</strong></span> <span class='ocrx_word' id='word_1_729' title='bbox 1190 5520 1286 5571; x_wconf 83' lang='lat' dir='ltr'><strong>vit,</strong></span> <span class='ocrx_word' id='word_1_730' title='bbox 1328 5506 1411 5562; x_wconf 84' lang='lat' dir='ltr'><strong>l0.</strong></span> 
     </span>
    </p>
   </div>
   <div class='ocr_carea' id='block_1_105' title="bbox 1962 5166 3185 5241">
    <p class='ocr_par' dir='ltr' id='par_1_105' title="bbox 1962 5166 3185 5241">
     <span class='ocr_line' id='line_1_105' title="bbox 1962 5166 3185 5241; baseline 0.002 -18"><span class='ocrx_word' id='word_1_731' title='bbox 1962 5169 2230 5235; x_wconf 88' lang='lat' dir='ltr'><strong>intuetur,</strong></span> <span class='ocrx_word' id='word_1_732' title='bbox 2258 5178 2313 5223; x_wconf 90' lang='lat' dir='ltr'><strong>et</strong></span> <span class='ocrx_word' id='word_1_733' title='bbox 2346 5183 2408 5223; x_wconf 90' lang='lat' dir='ltr'><strong>ea</strong></span> <span class='ocrx_word' id='word_1_734' title='bbox 2438 5184 2559 5239; x_wconf 64' lang='lat' dir='ltr'><strong>quae</strong></span> <span class='ocrx_word' id='word_1_735' title='bbox 2592 5166 2685 5223; x_wconf 91' lang='lat' dir='ltr'><strong>Dei</strong></span> <span class='ocrx_word' id='word_1_736' title='bbox 2717 5179 2848 5224; x_wconf 87' lang='lat' dir='ltr'><strong>sunt</strong></span> <span class='ocrx_word' id='word_1_737' title='bbox 2878 5171 3185 5241; x_wconf 82' lang='lat' dir='ltr'><strong>cognoscit.</strong></span> 
     </span>
    </p>
   </div>
   <div class='ocr_carea' id='block_1_106' title="bbox 2037 5360 3561 5435">
    <p class='ocr_par' dir='ltr' id='par_1_106' title="bbox 2037 5360 3561 5435">
     <span class='ocr_line' id='line_1_106' title="bbox 2037 5360 3561 5435; baseline 0 -18"><span class='ocrx_word' id='word_1_738' title='bbox 2037 5360 2146 5417; x_wconf 90' lang='lat' dir='ltr'><strong>Sed</strong></span> <span class='ocrx_word' id='word_1_739' title='bbox 2179 5362 2460 5430; x_wconf 70' lang='lat' dir='ltr'><strong>Quomodo</strong></span> <span class='ocrx_word' id='word_1_740' title='bbox 2489 5361 2630 5419; x_wconf 76' lang='lat' dir='ltr'><strong>dixit</strong></span> <span class='ocrx_word' id='word_1_741' title='bbox 2674 5379 2688 5417; x_wconf 89' lang='lat'><strong>:</strong></span> <span class='ocrx_word' id='word_1_742' title='bbox 2732 5362 2898 5416; x_wconf 84' lang='lat' dir='ltr'><strong>Deum</strong></span> <span class='ocrx_word' id='word_1_743' title='bbox 2941 5379 3091 5418; x_wconf 85' lang='lat' dir='ltr'><strong>nemo</strong></span> <span class='ocrx_word' id='word_1_744' title='bbox 3124 5363 3252 5419; x_wconf 73' lang='lat' dir='ltr'><strong>vidit</strong></span> <span class='ocrx_word' id='word_1_745' title='bbox 3285 5364 3561 5435; x_wconf 82' lang='lat' dir='ltr'><strong>unquam!</strong></span> 
     </span>
    </p>
   </div>
   <div class='ocr_carea' id='block_1_107' title="bbox 1475 5604 2347 5669">
    <p class='ocr_par' dir='ltr' id='par_1_107' title="bbox 1475 5604 2347 5669">
     <span class='ocr_line' id='line_1_107' title="bbox 1475 5604 2347 5669; baseline -0.001 -4"><span class='ocrx_word' id='word_1_746' title='bbox 1475 5604 1677 5666; x_wconf 69' lang='lat' dir='ltr'><strong>Variae</strong></span> <span class='ocrx_word' id='word_1_747' title='bbox 1710 5604 2020 5669; x_wconf 87' lang='lat' dir='ltr'><strong>lectiones</strong></span> <span class='ocrx_word' id='word_1_748' title='bbox 2054 5609 2119 5665; x_wconf 89' lang='lat' dir='ltr'><strong>et</strong></span> <span class='ocrx_word' id='word_1_749' title='bbox 2154 5610 2347 5665; x_wconf 67' lang='lat' dir='ltr'><strong>notae.</strong></span> 
     </span>
    </p>
   </div>
   <div class='ocr_carea' id='block_1_108' title="bbox 341 5770 1047 5846">
    <p class='ocr_par' dir='ltr' id='par_1_108' title="bbox 341 5770 1047 5846">
     <span class='ocr_line' id='line_1_108' title="bbox 341 5770 1047 5846; baseline -0.004 -16"><span class='ocrx_word' id='word_1_750' title='bbox 341 5774 455 5846; x_wconf 65' lang='lat'><strong>(42)</strong></span> <span class='ocrx_word' id='word_1_751' title='bbox 497 5774 610 5836; x_wconf 75' lang='grc' dir='ltr'>Τάς</span> <span class='ocrx_word' id='word_1_752' title='bbox 643 5772 943 5842; x_wconf 90' lang='lat' dir='ltr'><strong>interponit</strong></span> <span class='ocrx_word' id='word_1_753' title='bbox 982 5770 1047 5827; x_wconf 80' lang='grc' dir='ltr'>Α.</span> 
     </span>
    </p>
   </div>
   <div class='ocr_carea' id='block_1_109' title="bbox 2050 5773 3148 5845">
    <p class='ocr_par' dir='ltr' id='par_1_109' title="bbox 2050 5773 3148 5845">
     <span class='ocr_line' id='line_1_109' title="bbox 2050 5773 3148 5845; baseline 0.002 -19"><span class='ocrx_word' id='word_1_754' title='bbox 2050 5774 2160 5845; x_wconf 67' lang='grc'><strong>(45)</strong></span> <span class='ocrx_word' id='word_1_755' title='bbox 2190 5774 2349 5827; x_wconf 74' lang='grc' dir='ltr'>Οὕτω</span> <span class='ocrx_word' id='word_1_756' title='bbox 2382 5774 2476 5826; x_wconf 63' lang='grc' dir='ltr'>καὶ</span> <span class='ocrx_word' id='word_1_757' title='bbox 2496 5773 2657 5843; x_wconf 84' lang='grc' dir='ltr'>χάριν</span> <span class='ocrx_word' id='word_1_758' title='bbox 2688 5773 3050 5845; x_wconf 72' lang='grc' dir='ltr'>ὀνομάζονται</span> <span class='ocrx_word' id='word_1_759' title='bbox 3080 5776 3148 5828; x_wconf 79' lang='grc' dir='ltr'>Δ.</span> 
     </span>
    </p>
   </div>
   <div class='ocr_carea' id='block_1_110' title="bbox 344 5932 1879 6015">
    <p class='ocr_par' dir='ltr' id='par_1_110' title="bbox 344 5932 1867 6015">
     <span class='ocr_line' id='line_1_110' title="bbox 344 5932 1867 6015; baseline 0.001 -26"><span class='ocrx_word' id='word_1_760' title='bbox 344 5932 410 6003; x_wconf 72' lang='grc' dir='ltr'><strong>(Γ)</strong></span> <span class='ocrx_word' id='word_1_761' title='bbox 444 5932 717 5989; x_wconf 73' lang='lat' dir='ltr'><strong>Omnibus.</strong></span> <span class='ocrx_word' id='word_1_762' title='bbox 762 5933 1102 5989; x_wconf 77' lang='lat' dir='ltr'><strong>Permutavit</strong></span> <span class='ocrx_word' id='word_1_763' title='bbox 1129 5950 1257 6006; x_wconf 77' lang='lat' dir='ltr'><strong>ergo</strong></span> <span class='ocrx_word' id='word_1_764' title='bbox 1293 5936 1429 6015; x_wconf 57' lang='lat' dir='ltr'><strong>nisi</strong></span> <span class='ocrx_word' id='word_1_765' title='bbox 1493 5953 1617 5989; x_wconf 86' lang='lat' dir='ltr'><strong>cum</strong></span> <span class='ocrx_word' id='word_1_766' title='bbox 1688 5936 1867 5990; x_wconf 78' lang='grc' dir='ltr'>παισί.</span> 
     </span>
    </p>
   </div>
   <div class='ocr_carea' id='block_1_111' title="bbox 1997 5932 2628 6015">
    <p class='ocr_par' dir='ltr' id='par_1_111' title="bbox 1999 5932 2628 5989">
     <span class='ocr_line' id='line_1_111' title="bbox 1999 5932 2628 5989; baseline 0 -1"><span class='ocrx_word' id='word_1_767' title='bbox 1999 5937 2040 5989; x_wconf 79' lang='lat' dir='ltr'><strong>is</strong></span> <span class='ocrx_word' id='word_1_768' title='bbox 2074 5951 2182 5989; x_wconf 90' lang='lat' dir='ltr'><strong>non</strong></span> <span class='ocrx_word' id='word_1_769' title='bbox 2210 5945 2293 5988; x_wconf 89' lang='lat' dir='ltr'><strong>est</strong></span> <span class='ocrx_word' id='word_1_770' title='bbox 2330 5935 2383 5987; x_wconf 92' lang='lat' dir='ltr'><strong>in</strong></span> <span class='ocrx_word' id='word_1_771' title='bbox 2418 5932 2628 5989; x_wconf 66' lang='lat' dir='ltr'><strong>Grmco.</strong></span> 
     </span>
    </p>
   </div>
  </div>
