4010 6498
443 470 576 537 1121

1711 463 2093 526 EUTIIYMII
2136 462 2468 526 ZIGABEN
2477 464 2500 523 Ι

3586 472 3726 538 “'28

434 583 572 637 Nam
607 589 662 634 et
700 577 869 633 lsaias
920 576 1088 632 Deum
1124 576 1252 630 vidit
1329 575 1614 630 sedentem
1646 588 1812 643 super
1839 571 2030 627 solium

2144 589 2326 638 non;
2352 574 2462 627 Καὶ
2495 571 2604 645 γὰρ
2653 569 2880 639 Ἡσαΐας
2923 577 3023 646 μὲν
3058 573 3166 632 εἶδε
3198 568 3287 634 τὸν
3322 581 3529 653 Κύριον
3556 586 3726 654 καθή-

435 675 714 732 excelsum
747 685 801 729 et
840 673 1108 726 elevatum
1141 673 1222 736 “;
1254 670 1507 725 Ezechiel
1564 677 1747 724 autem
1788 668 1924 723 vidit
1956 668 2038 738 ip-

435 784 557 823 sum
590 769 874 822 sedentem
905 779 1074 834 super
1107 764 1404 819 Cherubim
1430 763 1496 829 ";
1541 761 1735 816 Daniel
1765 771 2035 830 praeterea

437 859 616 926 ipsum
666 858 801 912 vidit
834 856 1116 910 sedentem
1169 856 1467 923 Antiquum
1515 854 1727 908 dierum
1747 851 1815 918 υ,
1849 862 1906 908 et
1947 851 2036 907 alii

435 964 653 1021 quoque
696 949 874 1018 ipsum
905 950 1196 1004 viderunt.
1226 946 1331 1002 Sed
1365 947 1418 1001 id
1466 961 1572 1001 non
1619 947 1791 1002 veluti
1826 960 2034 1001 secun-

434 1045 560 1097 dum
616 1053 864 1096 naturam
897 1053 1032 1103 erat,
1069 1040 1166 1096 sed
1216 1040 1363 1094 sicut
1407 1040 1561 1108 juxta
1617 1039 2036 1094 similitudinem

433 1134 744 1204 apparebat.
771 1132 904 1188 Nam
936 1134 981 1199 si
1023 1133 1203 1202 ipsum
1251 1131 1408 1202 juxta
1463 1146 1616 1186 suam
1672 1138 1924 1185 naturam
1953 1132 2030 1184 vi-

433 1229 666 1292 dissent,
721 1242 1064 1297 nequaquam
1118 1225 1283 1279 variis
1339 1225 1518 1280 modis
1559 1223 2032 1279 vi‘dissentzsim-

435 1319 555 1389 ple:
592 1318 740 1372 enim
790 1328 844 1373 et
875 1319 993 1374 sine
1022 1318 1192 1387 ﬁgura
1230 1326 1359 1382 est,
1399 1329 1456 1372 et
1495 1332 1676 1387 neque
1722 1317 1897 1384 sedet,
1941 1331 2038 1370 ne-

432 1428 539 1480 que
573 1421 681 1465 stat
708 1426 889 1480 neque
916 1411 1155 1466 ambulat
1183 1428 1196 1465 :
1231 1427 1357 1465 nam
1390 1411 1504 1464 haec
1556 1423 1851 1478 corporum
1883 1419 2033 1464 sunt.

432 1503 587 1558 Unde
623 1515 671 1558 et
705 1504 866 1558 dicit:
889 1501 1000 1574 Ego
1036 1505 1260 1558 visiones
1307 1504 1683 1573 multiplicaui,
1717 1513 1767 1558 et
1795 1505 1847 1558 in
1873 1521 2037 1560 manu

431 1600 804 1665 prophetarum
868 1585 1197 1651 assimilatas
1245 1614 1359 1651 sum
1390 1600 1454 1665 ",
1484 1599 1723 1652 visiones
1792 1597 2038 1654 diversas

429 1701 495 1739 ac
527 1687 945 1741 similitudinem
980 1686 1324 1759 signiﬁcans.

499 1798 826 1854 Nurninatur
851 1811 1034 1854 autem
1099 1799 1417 1870 unigenitus
1471 1801 1664 1868 Filius,
1711 1804 1856 1874 quod
1882 1803 2037 1860 solus

427 1885 576 1940 Patri
603 1897 764 1941 natus
795 1888 888 1964 sit,
955 1891 1180 1958 soloque
1212 1887 1372 1944 Patre
1403 1891 1639 1960 genitus.
1708 1889 1868 1945 Pater
1898 1907 2040 1961 quo-
2073 1921 2112 1975 Β

427 1993 533 2045 que
561 1977 738 2031 solum
797 1989 884 2032 est
913 1978 1092 2043 Pater,
1132 1994 1242 2033 non
1283 1982 1450 2034 etiam
1489 1982 1639 2036 filius
1679 1983 1932 2052 alicujus,
1975 1993 2033 2036 ut

427 2069 516 2123 alii
551 2079 680 2124 sunt
709 2080 894 2138 patres
924 2090 937 2124 :
970 2071 1142 2126 Filius
1175 2083 1342 2126 etiam
1373 2071 1550 2126 solum
1596 2084 1758 2128 natus
1787 2083 1892 2137 est,
1926 2088 2034 2128 non

434 2171 593 2231 pater
617 2161 781 2215 etiam
819 2163 1074 2232 alicujus,
1108 2171 1167 2217 ut
1198 2163 1382 2232 plures
1407 2174 1592 2220 essent
1626 2164 1742 2220 lilii.
1804 2165 1886 2220 Ad
1919 2167 2036 2220 hate

429 2254 557 2321 quia
586 2253 750 2309 unico
776 2270 840 2309 ac
874 2255 1095 2324 proprio
1126 2256 1288 2309 modo
1317 2264 1477 2312 natus
1504 2266 1610 2321 est,
1634 2255 1727 2327 qui
1761 2256 1866 2312 nec
1895 2257 2027 2324 dici,

428 2361 534 2398 nec
576 2346 802 2416 cogitari
855 2356 1054 2415 potest,
1082 2361 1191 2400 non
1244 2361 1539 2416 corporum
1584 2362 1755 2402 more.
1811 2347 2026 2403 Dicitur

428 2446 611 2491 autem
629 2436 818 2498 Filius.
839 2439 978 2504 quod
996 2436 1240 2507 ejusdem
1266 2437 1337 2492 sit
1362 2452 1486 2491 cum
1503 2436 1663 2493 Patre
1681 2439 2031 2496 substantiae:

429 2543 534 2581 nec
582 2527 758 2594 solum
811 2528 939 2593 hoc,
974 2527 1068 2582 sed
1099 2526 1227 2596 quia
1281 2528 1448 2582 etiam
1495 2528 1565 2583 ab
1598 2543 1664 2582 eo
1694 2539 1800 2583 est.
1831 2529 2025 2583 Sinum

428 2635 562 2674 vero
590 2619 728 2673 dixit
755 2618 957 2682 Patris,
985 2634 1090 2673 non
1114 2619 1259 2688 quod
1287 2619 1428 2673 Deus
1455 2619 1636 2673 sinum
1669 2619 1892 2682 habeat.
1907 2637 2035 2675 nam

425 2713 584 2766 sinus
637 2727 932 2781 corporum
973 2721 1059 2766 est
1088 2729 1104 2778 ;
1137 2715 1232 2766 sed
1267 2727 1364 2780 per
1392 2711 1496 2766 hoc
1527 2713 1672 2782 quod
1720 2712 1880 2776 dicit,
1931 2710 2032 2776 Qui

425 2819 500 2857 eu
535 2804 590 2855 in
629 2803 752 2856 sinu
780 2802 994 2870 Patris,
1031 2803 1316 2874 proprium
1339 2812 1392 2857 et
1427 2801 1870 2858 consubtantiale
1907 2801 2033 2857 Filii

423 2895 782 2967 signiﬁcavit.

495 3111 685 3166 Potest
702 3126 920 3181 quoque
933 3112 1111 3167 etalio
1131 3112 1296 3166 modo
1323 3113 1452 3178 arei,
1479 3113 1623 3182 quod
1656 3113 1857 3184 prioris
1880 3111 2030 3178 dicti,

2145 681 2307 734 μενον
2337 665 2431 718 ἐπὶ
2453 665 2648 736 θρόνου
2687 664 2892 735 ὑψηλοῦ
2939 669 3033 721 καὶ
3057 669 3374 742 ἐπηρμένου
3397 688 3411 701 ·
3467 673 3727 744 ἰεξεκιηλ

2139 757 2196 808 δὲ
2226 752 2370 809 εἶδεν
2405 755 2572 810 αὐτὸν
2625 756 2940 827 καθήμενον
2996 760 3093 812 ἐπὶ
3135 761 3248 814 ⁸τῶν
3279 763 3596 834 Χερουϐἔμο
3630 767 3723 816 καὶ

2140 847 2341 917 Δανιὴλ
2368 847 2425 901 δὲ
2449 843 2592 901 εῐδεν
2618 847 2783 901 αὐτὸν
2832 849 3147 919 καθήμενον
3195 852 3433 908 Παλαιὸν
3473 855 3724 924 ἡμερῶν·

2141 939 2236 992 καὶ
2278 937 2429 992 ἄλλοι
2479 939 2536 992 δὲ
2584 938 2780 993 τοῦτον
2833 941 3134 1012 ἑωράκασι.
3193 946 3341 1018 Πλὴν
3388 950 3484 1018 οὐχ
3534 951 3607 1010 ὡς
3657 947 3726 1020 ἦν

2142 1031 2290 1086 κατὰ
2324 1034 2514 1101 φύσιν,
2558 1032 2677 1086 ἀλλ’
2725 1033 2800 1098 ὡς
2861 1037 3118 1106 ἐφαίνετο
3171 1039 3297 1093 καθ’
3343 1044 3624 1112 ὁμοίωσιν.
3663 1043 3725 1096 εξ

2141 1128 2251 1198 γὰρ
2284 1125 2456 1197 αὐτὴν
2492 1127 2683 1196 ἑώρων
2707 1128 2808 1200 τὴν
2837 1131 3005 1183 αὑτοῦ
3029 1134 3211 1200 φύσιν,
3239 1135 3339 1188 οὐκ
3367 1135 3432 1188 ἂν
3456 1137 3676 1204 διαφόρισ
3697 1152 3726 1199 ς

2145 1217 2318 1286 αὐτὴν
2368 1215 2587 1286 ἐώρωνο
2635 1217 2787 1288 ἁπλῆ
2835 1220 2948 1290 γάρ
2997 1221 3081 1286 τίς
3129 1225 3245 1276 ἐστι
3283 1227 3380 1281 καὶ
3418 1228 3727 1297 ἀσχημάτι-

2143 1321 2295 1369 στος,
2328 1305 2428 1358 καὶ
2460 1304 2587 1359 οὔτε
2621 1308 2883 1380 κάθηται,
2933 1309 3058 1364 οὔτε
3116 1312 3374 1386 ἕστηκεν,
3407 1316 3530 1370 οὔτε
3566 1335 3726 1388 περι-

2141 1401 2324 1452 πατεῖ.
2362 1399 2550 1454 Ταῦτα
2601 1400 2713 1470 γὰρ
2759 1403 2857 1456 καὶ
2907 1405 2978 1479 τὰ
3025 1407 3249 1458 τοιαῦτα
3297 1410 3404 1461 τῶν
3454 1412 3728 1480 σωμάτων

2140 1491 2268 1544 εισι.
2300 1491 2394 1544 Διὸ
2445 1493 2539 1545 καὶ
2589 1492 2816 1562 έλεγενυ
2867 1493 3020 1565 Ἐγὼ
3091 1499 3332 1566 ὁράσεις
3391 1500 3724 1568 summa,

2139 1583 2240 1637 καὶ
2303 1583 2374 1636 ἐν
2428 1584 2604 1654 χερσὶ
2637 1586 2966 1655 προφητῶν
2999 1581 3350 1658 ὡμοιώθην·
3394 1597 3490 1656 τὰς
3541 1594 3729 1660 διαφό-

2145 1690 2270 1742 ρους
2301 1674 2536 1744 ὁράσεις
2559 1678 2653 1728 καὶ
2699 1676 2800 1748 τὴν
2830 1677 3097 1746 ὁμοίωσιν
3133 1678 3331 1749 δηλῶν.

2213 1785 2533 1858 Μονογενὴς
2567 1787 2668 1857 μὲν
2707 1785 2802 1841 οὖν
2830 1787 2859 1840 ὁ
2894 1787 3022 1852 Υἱὸς
3066 1789 3418 1860 ὀνομάζεται,
3452 1791 3534 1842 ὅτι
3567 1790 3729 1859 μόνος

2141 1878 2406 1947 γεννᾶται
2436 1876 2516 1947 τῷ
2547 1877 2744 1949 Πατρὶ,
2787 1879 2883 1933 καὶ
2911 1880 2994 1933 ὅτι
3025 1881 3092 1933 ὲκ
3129 1881 3294 1949 μόνου
3325 1883 3581 1950 γεννᾶται
3614 1883 3729 1936 Πα-

2139 1971 2290 2035 τρός.
2342 1972 2401 2024 ὐ
2442 1972 2553 2042 γὰρ
2607 1972 2792 2044 πατὴρ
2832 1973 3001 2026 αὑτοῦ
3063 1975 3223 2044 μόνον
3257 1977 3373 2028 ἐστὶ
3405 1976 3623 2045 Πατὴρ,
3657 1976 3717 2028 οὗ

2141 2063 2251 2134 μὴν
2300 2064 2398 2117 καὶ
2445 2065 2562 2127 υἱός
2594 2082 2766 2131 τινος,
2803 2065 2878 2128 ὡς
2917 2067 2965 2118 oi
3000 2066 3152 2119 ἄλλοι
3195 2069 3431 2138 πατέρες
3459 2084 3472 2096 ’
3513 2071 3605 2121 καὶ
3645 2070 3727 2122 ὅτι

2142 2158 2305 2224 μόνον
2337 2156 2598 2223 γεννᾶται
2651 2157 2780 2218 Υἱὸς
2803 2196 2818 2222 ,
2856 2159 2918 2210 οὐ
2968 2157 3075 2229 μὴν
3106 2161 3201 2212 καὶ
3237 2162 3420 2232 πατήρ
3448 2179 3612 2223 τινος,
3650 2162 3726 2223 ὡς

2138 2250 2188 2302 οἱ
2223 2247 2376 2302 ἄλλοι
2410 2249 2516 2303 uici
2539 2267 2553 2281 ·
2588 2249 2685 2302 καὶ
2721 2249 2804 2303 ὅτι
2853 2252 3207 2323 μονοτρόπως
3241 2257 3523 2322 γεννᾶται,
3559 2255 3725 2328 ήγτιυν

2144 2341 2491 2410 ἰδιοτρόπως,
2546 2343 2640 2394 καὶ
2699 2340 2840 2413 ὑπὲρ
2893 2343 3104 2397 ἔννοιαν
3161 2344 3257 2398 καὶ
3290 2348 3469 2414 λόγον,
3504 2349 3597 2400 καὶ,
3627 2349 3725 2417 οὐχ

2139 2435 2216 2491 ὡς
2261 2433 2328 2486 τὰ
2390 2432 2640 2501 σώματα.
2694 2433 2822 2498 Υἱὸς
2869 2434 2925 2487 δὲ
2974 2435 3215 2503 λέγεται,
3249 2437 3329 2490 ὅτι
3358 2439 3555 2491 ταυτόν
3608 2441 3726 2491 ἐστι

2139 2525 2219 2595 τῷ
2280 2527 2457 2594 Πατρὶ
2510 2527 2634 2579 κατ’
2666 2528 2876 2590 οὐσίαν,
2909 2528 3006 2580 καὶ
3060 2529 3160 2580 οὐκ
3193 2529 3368 2582 έκεῖνο
3397 2531 3580 2599 μόνον,
3610 2530 3726 2583 ἀλλ’

2139 2619 2220 2670 ὅτι
2253 2618 2535 2672 κὰκείῡεν.
2570 2619 2787 2672 Κόλπον
2821 2619 2877 2673 δὲ
2904 2619 3000 2672 τοῦ
3027 2620 3242 2689 Πατρὶς
3280 2617 3454 2686 εἶπεν,
3513 2623 3610 2691 οὐχ
3651 2623 3725 2683 ὡς

2141 2707 2236 2762 τοῦ
2266 2707 2402 2762 Θεοῦ
2437 2710 2640 2764 κόλπον
2674 2712 2890 2781 ἔχοντος
2915 2726 2930 2742 ⁸
2963 2711 3074 2764 τῶν
3104 2713 3378 2783 σωμάτων
3413 2716 3519 2785 γὰρ
3543 2718 3570 2767 ό
3597 2716 3723 2766 κόλ-

2143 2818 2243 2863 πος
2266 2816 2280 2831 ο
2318 2801 2456 2854 ἀλλὰ
2490 2801 2578 2855 διὰ
2611 2803 2704 2855 τοῦ
2737 2805 2937 2864 εἰπεῖν,
2983 2804 3046 2856 '0
3095 2801 3180 2857 ὢν
3215 2806 3300 2872 εις
3335 2807 3442 2859 τὸν
3491 2810 3727 2861 κόλπον

2139 2891 2248 2945 τοῦ
2292 2893 2550 2968 Πατρός,
2604 2893 2663 2944 τὸ
2712 2879 2940 2964 γνήσιον
2994 2892 3090 2947 τοῦ
3123 2894 3257 2949 Υὶοῦ
3315 2898 3410 2951 καὶ
3436 2896 3726 2968 ὁμοούσιον

2140 2983 2240 3037 καὶ
2269 2967 2578 3055 ἀχώριστον
2614 2987 2911 3056 ἐσήμανεν.

2220 3095 2378 3150 Ἔστι
2419 3097 2477 3151 δὲ
2521 3099 2614 3150 καὶ
2664 3100 2872 3170 ἑτέρως
2901 3101 3100 3168 εἰπεῖν,
3141 3103 3226 3157 ὅτι
3275 3101 3373 3156 τοῦ
3409 3102 3574 3173 ῥητοῦ
3609 3102 3722 3171 (Η)

423 3205 697 3269 videlicet,
730 3205 895 3258 Deum
927 3221 1075 3260 nemo
1103 3205 1232 3259 vidit
1262 3222 1517 3276 unquam,
1579 3205 1924 3260 conﬁrmatio
1950 3213 2030 3261 est

2143 3185 2240 3238 τοῦ
2274 3187 2526 3255 λέγοντος
2551 3189 2633 3241 ὅτι
2669 3190 2817 3243 Θεὸν
2837 3189 3040 3258 οὐδεὶς
3066 3190 3291 3262 ἑώρακε
3316 3193 3578 3261 πώποτε,
3609 3194 3728 3246 ἑπι-

427 3255 1539 3367 trag;animamagnarmr.
1587 3300 1676 3370 qui
1715 3301 1876 3353 estin
1914 3300 2030 3352 sinu

2144 3280 2444 3345 δεδαίωσίς
2495 3283 2612 3335 ἐστι
2661 3283 2722 3335 τὸ
2771 3283 2962 3354 ἕτερον
3017 3255 3187 3354 ρητδν
3251 3286 3312 3338 τὸ
3368 3255 3578 3354 φάσκον
3636 3285 3719 3338 ὅτι

423 3389 606 3445 Patris
657 3389 765 3457 ipse
789 3391 1085 3456 enarravit,
1145 3391 1248 3446 hoc
1275 3400 1389 3455 est,
1457 3389 1578 3461 Ipse
1646 3392 1833 3447 docuit
1881 3392 2028 3462 quod

423 3482 596 3537 Deum
627 3498 777 3536 nemo
806 3482 934 3536 vidit
969 3499 1226 3554 unquam.
1258 3481 1393 3536 Nam
1426 3484 1494 3538 de
1552 3484 1657 3539 hoc
1710 3485 1873 3538 variis
1904 3485 2036 3539 locis

424 3575 678 3631 Christus
718 3577 936 3631 locutus
958 3586 1062 3640 est,
1105 3575 1248 3632 sicut
1287 3575 1342 3629 in
1369 3576 1731 3646 sequentibus
1760 3577 2028 3630 manifes-

424 3675 538 3722 tum
562 3668 685 3723 erit.
702 3667 859 3724 Nulla
881 3668 1069 3738 itaque
1102 3676 1361 3724 creatura
1381 3667 1556 3722 Deum
1588 3666 1762 3733 videt,
1786 3681 1896 3722 non
1917 3683 2036 3722 ma-

429 3759 637 3814 terialis
701 3769 933 3826 tantum,
991 3762 1090 3816 sed
1152 3769 1207 3816 et
1251 3760 1630 3816 immaterialis
1693 3777 1708 3814 :
1765 3760 2036 3832 siquidem

430 3851 565 3922 ipsis
607 3867 826 3922 quoque
879 3852 1346 3908 immaterialibus
1392 3853 1693 3908 virtutibus
1739 3835 2036 3910 invisibilis

429 3955 520 4003 est
550 3946 696 4004 Deus
725 3947 783 4002 in
828 3963 927 4004 sua
957 3957 1179 4014 natura,
1219 3947 1349 4004 licet
1385 3958 1554 4020 prout
1583 3948 1689 4005 sibi
1716 3948 2038 4004 conceditur

430 4038 604 4092 Deum
644 4040 890 4095 videant.

497 4151 657 4210 Vers.
692 4155 780 4210 l9.
818 4152 888 4208 Et
931 4186 1002 4199 —-
1033 4155 1284 4210 Joannis.
1333 4153 1472 4222 Hoc,
1524 4155 1774 4226 inquam,
1825 4154 1895 4211 de
1923 4171 2033 4227 quo

427 4263 576 4302 nunc
627 4263 682 4301 tn
721 4263 1019 4320 progressu
1046 4249 1298 4303 dicturus
1332 4257 1436 4303 est.

499 4361 654 4417 Vcrs.
699 4363 787 4418 19.
820 4361 1045 4428 Quando
1088 4393 1160 4402 —
1193 4380 1246 4416 es
1267 4364 1294 4416 .9
1319 4363 1716 4420 Testimonium
1771 4365 2027 4419 videlicet

425 4453 616 4509 datum
645 4456 1156 4524 quandoimiserunt
1184 4456 1386 4523 Judaei,
1423 4467 1480 4512 et
1500 4467 1720 4512 caetera.
1745 4457 2026 4527 Siquidem

429 4547 718 4617 pontiﬁces
768 4557 822 4601 et
874 4549 1185 4603 sacerdotes
1231 4549 1445 4619 populi,
1474 4565 1596 4604 cum
1630 4551 1774 4604 circa
1812 4549 2024 4604 Christi

2151 3371 2215 3425 Ὀ
2258 3371 2602 3441 μονογενὴς
2647 3372 2800 3439 Υἱὸς,
2832 3377 2864 3427 ό
2906 3371 2992 3427 ὢν
3047 3376 3135 3440 εἰς
3183 3374 3290 3428 τὸν
3330 3375 3565 3429 κόλπον
3617 3374 3726 3429 τοῦ

2144 3466 2390 3535 Πατρός,
2447 3465 2681 3532 ἐκεῖνος
2738 3467 3085 3537 ἐξηγήσατο
3112 3509 3127 3531 ,
3179 3469 3462 3521 τουτέστιν
3513 3471 3720 3530 ἐκεῖνος

2142 3555 2383 3621 ἐδίδαξεν
2420 3558 2502 3610 ὅτι
2553 3557 2704 3611 Θεὸν
2743 3557 2943 3623 οὐδεὶς
2997 3557 3221 3627 ἑώρακε
3271 3558 3530 3612 πώποτε.
3589 3559 3725 3628 Περὶ

2139 3651 2334 3704 τούτου
2369 3651 2478 3721 γὰρ
2522 3651 2795 3722 διαφόρως
2836 3654 2865 3704 ὁ
2913 3651 3154 3722 Χριστὸς
3183 3645 3358 3717 εἶπεν,
3391 3651 3466 3714 ὼς
3491 3651 3726 3724 προὸαίο

2141 3759 2326 3807 νοντες
2366 3744 2700 3814 εὑρήσομεν.
2741 3743 2933 3807 Οὐδεὶς
2962 3745 3018 3796 δὲ
3049 3744 3289 3809 κτιστὸς,
3323 3745 3383 3798 οὐ
3420 3743 3581 3814 μόνον
3605 3743 3722 3796 ὑλι-

2147 3837 2264 3900 κὸς,
2297 3837 2416 3891 ἀλλ’
2451 3837 2573 3890 οὐδὲ
2617 3838 2814 3902 ᾶῡλοςο
2849 3841 2944 3892 καὶ
2991 3841 3186 3905 αὑταῖς
3217 3840 3326 3911 γὰρ
3370 3841 3488 3903 ταῖς
3527 3839 3724 3901 ὰΰλαις

2138 3931 2440 3999 δυνάμεσιν
2491 3930 2725 4000 ἀόρατός
2777 3931 2898 3983 ἐστι
2956 3931 3101 3984 κατὰ
3136 3931 3319 4001 φύσιν,
3361 3930 3618 4002 ὁρώσαις,
3647 3929 3724 3995 ὡς

2138 4025 2366 4093 ἐφικτὸν
2420 4024 2634 4087 αὑταῖς.

2209 4139 2316 4194 Καὶ
2349 4138 2751 4196 -.Ἰωάννου.
2811 4139 2985 4210 Αὕτη,
3038 4139 3168 4210 περὶ
3210 4134 3278 4211 ἦς
3309 4138 3486 4194 εἰπεῖν
3535 4139 3720 4210 μέλλει

2138 4231 2366 4305 προϊών.

2209 4344 2351 4398 Ὅτε
2389 4371 2454 4383 -ο
2492 4339 2586 4406 ei;
2633 4343 2698 4396 Ἥ
2734 4343 2999 4414 γενομένη
3049 4343 3311 4414 δηλονότι,
3344 4344 3433 4396 ὅτε
3463 4345 3718 4398 ἀπέστει-

2135 4438 2235 4492 λαν
2268 4441 2318 4491 oi
2359 4437 2630 4504 Ἰουδαῖοι,
2663 4439 2759 4490 καὶ⁵
2787 4437 2856 4491 τὰ
2885 4438 3032 4506 έξῆς.
3063 4439 3125 4490 Oi
3178 4437 3286 4509 γὰρ
3316 4438 3591 4507 ἀρχιερεῖς
3623 4439 3719 4489 καὶ

2136 4535 2185 4586 οἱ
2231 4530 2596 4604 πρεσϐύτεροι
2641 4531 2736 4584 τοῦ
2789 4529 2943 4597 λαοῦ,
2995 4529 3393 4600 πυνθανόμενοι
3448 4530 3548 4599 μὲν
3599 4529 3717 4598 (45)

427 4613 646 4710 partum
701 4640 1024 4695 admiranda
1058 4613 1362 4708 audissent;
1396 4650 1622 4712 sumpto
1661 4651 1921 4711 praeterea
1951 4643 2022 4696 de

2143 4627 2202 4679 τὰ
2240 4623 2384 4678 κατὰ
2413 4624 2574 4676 τόκον
2609 4622 2703 4676 τοῦ
2755 4623 2997 4695 Χριστοῦ
3042 4622 3345 4694 παράδοξα,
3382 4622 3636 4685 λαϐόντες
3661 4623 3717 4676 δὲ

429 4734 700 4804 sapientia
759 4750 823 4789 ac
853 4734 1143 4804 prudentia
1197 4733 1342 4788 illius
1382 4736 1782 4805 experimento,
1807 4735 2027 4806 quando

428 4825 716 4880 duodecim
750 4842 1020 4881 annorum
1055 4828 1228 4884 factus
1258 4828 1537 4883 immistus
1564 4835 1650 4882 est
1682 4828 2024 4892 doctoribus,

429 4915 662 4971 audiens
691 4916 813 4971 illos
834 4927 890 4972 et
925 4917 1290 4990 interregans,
1312 4919 1480 4973 veluti
1503 4919 1726 4988 scripsit
1762 4919 2014 4983 Lucas",

429 5011 914 5080 obstupescebant,
944 5011 1261 5082 invidiaque
1287 5010 1482 5082 agitari
1520 5020 1832 5080 coeperunt.
1868 5009 2011 5063 Cum

430 5112 614 5156 autem
646 5112 700 5156 et
739 5102 1006 5158 Joannem
1059 5115 1249 5175 postea
1301 5104 1471 5157 multa
1515 5117 1579 5156 ac
1632 5101 1906 5156 mirabilia
1955 5100 2024 5155 de

435 5197 553 5266 ipso
578 5196 643 5250 ad
674 5213 832 5251 suum
867 5197 1135 5266 baptisma
1166 5196 1557 5252 accedentibus
1594 5193 1798 5249 dixisse
1834 5194 2024 5248 audis-

435 5301 578 5354 sent,
618 5291 1007 5345 intellexerunt
1032 5290 1175 5344 enim
1208 5290 1353 5359 quod
1407 5290 1532 5344 talia
1566 5289 1633 5343 de
1661 5287 1751 5341 illo
1786 5286 2022 5347 diceret,

434 5383 605 5451 magis
637 5383 836 5437 turbati
873 5393 1039 5436 sunt:
1093 5383 1384 5452 missisque
1408 5381 1476 5436 ab
1505 5378 1899 5449 Hierosolymis
1934 5392 2022 5431 sa-

431 5477 744 5530 cerdotzbus
800 5491 863 5530 ac
912 5474 1091 5530 levitis
1157 5478 1271 5530 sive
1321 5474 1587 5528 ministris
1651 5473 2022 5540 interrogave-

542 5641 584 5670 ¹⁶
617 5639 716 5694 lsu.
747 5657 826 5703 vt,
866 5640 915 5693 Ι.
1032 5643 1072 5672 ³⁷
1106 5640 1305 5696 Ezeclt.
1343 5658 1396 5706 Χ,
1433 5641 1519 5694 18.

1635 5639 1676 5668 ί·
1737 5636 1868 5690 Dan.
1897 5651 1992 5699 vn,
2048 5636 2102 5689 9.

2136 4719 2232 4772 καὶ
2258 4720 2459 4788 πεῖραν
2482 4715 2585 4787 τῆς
2612 4716 2882 4779 συνέσεως
2918 4716 3104 4779 αὑτοῦ,
3134 4717 3223 4769 ὅτε
3269 4715 3608 4786 δωδεκαέτης
3638 4714 3715 4768 ὣν

2129 4793 2385 4881 συνέμιξε
2415 4812 2528 4872 τοῖς
2550 4809 2914 4876 διδασκάλοις,
2943 4810 3159 4864 ἁκούων
3187 4811 3284 4864 καὶ
3315 4811 3604 4880 ἐπερωτῶν
3626 4811 3715 4864 αὑο

2125 4905 2273 4969 τοὺς,
2288 4903 2364 4967 ὡς
2386 4905 2413 4956 ὁ
2433 4903 2650 4965 Λουκᾶς
2675 4902 2984 4972 ἱστόρησεν,
3012 4901 3390 4973 ὲθορυσοῦντο,
3413 4902 3506 4953 καὶ
3523 4901 3714 4970 φθόνον

2127 4996 2343 5049 ὠδίνειν
2393 4996 2668 5065 ἧρχοντο·
2727 4993 3061 5065 θεασάμενοι
3111 4995 3167 5047 δὲ
3222 4996 3316 5047 καὶ
3370 4992 3465 5047 τὸν
3537 4994 3714 5047 Ἰωαν-

2129 5107 2229 5160 νην
2287 5087 2516 5158 ῦστερον
2575 5087 2746 5141 πολλὰ
2797 5088 2894 5140 καὶ
2963 5087 3179 5158 μεγάλα
3221 5085 3350 5156 περὶ
3397 5085 3563 5139 αὑτοῦ
3624 5085 3715 5138 λέ-

2127 5201 2299 5252 γοντα
2353 5183 2492 5252 πρὸς
2531 5183 2659 5243 τοὺς·
2709 5183 3038 5253 ὲρχδμένους
3106 5182 3197 5234 έπί
3261 5182 3321 5234 τὸ
3405 5179 3709 5250 βάπτισμα,

2132 5279 2375 5346 συνῆκαν
2424 5278 2533 5346 γὰρ
2580 5275 2664 5327 ὅτι
2709 5274 2840 5344 περὶ
2891 5275 3104 5328 ἐκείνου
3151 5274 3218 5327 τὰ
3258 5272 3483 5325 τοιαῦτα
3528 5274 3697 5339 λέγει,

2137 5371 2338 5440 μᾶλλον
2382 5367 2804 5437 ἐταράχθησαν,
2851 5369 2946 5421 καὶ
2986 5365 3408 5429 ἀποστείλαντες
3445 5363 3502 5428 ἐξ
3547 5363 3710 5433 Ἱερο·

2146 5462 2404 5531 σολύμων
2455 5462 2621 5531 ἱερεῖς
2653 5460 2749 5513 καὶ
2791 5459 3032 5525 λευῖτας,
3082 5461 3200 5530 ἦτοι
3256 5459 3284 5512 δ
3312 5460 3556 5521 ακὸνους,
3583 5460 3714 5524 ἐπη-

2217 5631 2259 5664 “
2322 5630 2459 5684 Osee
2495 5645 2547 5692 χ,
2620 5626 2706 5682 10.
2818 5625 3201 5692 ὐιυρ.ιι,ίϋ.

1654 5797 1854 5861 Variaa
1888 5797 2200 5859 lectiones
2246 5801 2305 5854 et
2342 5796 2528 5851 notm.

507 5966 617 6037 (ἱί)
662 5968 867 6020 Τούτου
927 5984 1023 6038 pro
1085 5966 1176 6021 το.)
1240 5969 1304 6024 Α.

2215 5959 2332 6030 (ιό)
2403 5960 2512 6014 Καὶ
2550 5959 2851 6030 interponit
2893 5957 2961 6013 Δ.
