4010 6484
241 425 374 490 1137

1209 430 1597 491 COMMEN’I‘.
1646 428 1725 487 ΙΝ
1763 426 2146 488 JOANNEM.
2177 449 2247 461 -
2283 425 2442 486 CAP.
2487 423 2538 485 Ι.

3389 422 3526 486 1138

235 542 303 592 τὰ
343 541 486 594 αὐτὰ
539 541 724 608 λέγειν
786 541 966 604 πάλιν,
996 541 1086 595 καὶ
1137 543 1418 608 δευτέραις
1469 539 1673 608 φωναῖς
1729 538 1816 606 ἀφι

1951 551 2173 591 rursum
2196 535 2315 590 haec
2347 536 2416 590 de
2476 535 2596 604 ipso
2645 533 2829 587 dicere
2879 530 3114 602 cogitur,
3176 542 3531 603 mentemque

235 631 458 696 υπνίζει
480 631 580 701 τὴν
599 631 840 688 διάνοιαν
866 632 1050 687 αὐτῶν
1071 633 1264 705 ὥσπερ
1295 631 1670 702 κοιμωμένην.

306 805 417 858 Καὶ
468 805 528 858 ὃν
583 808 786 878 τρόπον
818 810 845 861 6
879 808 977 878 μὲν
1026 808 1264 878 νυμφίος
1304 808 1455 861 οὐδὲν
1508 805 1651 870 τέως
1683 805 1831 872 λέγει

230 898 377 966 πρὸς
403 898 506 968 τὴν
534 898 775 968 νύμφην,
805 901 916 953 οὐδ’
946 900 1040 968 ἀφ’
1065 900 1264 955 ἑαυτοῦ
1285 901 1557 970 λαμσάνει
1583 899 1792 966 ταύτην
1811 913 1828 928 ·

228 992 256 1039 ὀ
281 987 342 1039 δὲ
379 989 749 1057 νυμφαγωγὸς
773 991 952 1044 πάντα
981 991 1291 1060 διαλέγεται
1319 993 1414 1045 καὶ
1458 991 1829 1062 παραδίδωσιν

231 1079 412 1146 αὐτήν
433 1095 446 1109 ο
475 1080 563 1133 ὅτε
589 1080 646 1133 δὲ
682 1080 825 1152 λάϐῃ
842 1081 1050 1152 ταύτην
1085 1085 1315 1148 ἐκεῖνος,
1339 1083 1484 1136 οὕτω
1500 1085 1826 1152 διατίθησιν,

228 1170 308 1233 ὡς
343 1171 706 1224 ἐπιλαθέσθαι
761 1173 1022 1226 πάντωνο
1046 1174 1190 1229 οὓτω
1221 1176 1314 1229 καὶ
1353 1175 1448 1227 νῦν
1478 1177 1506 1227 6
1539 1175 1641 1244 μὲν
1693 1177 1829 1247 Χρι-

231 1261 363 1323 στὸς
401 1261 480 1314 ἔτι
503 1263 631 1332 σιγᾷ
651 1279 665 1292 ⁸
692 1265 719 1316 6
741 1263 798 1318 δὲ
824 1265 1086 1334 Ἰωάννης
1117 1269 1186 1320 τὰ
1211 1269 1336 1339 περῖ
1379 1269 1546 1320 αὑτοῦ
1596 1269 1830 1339 διαπρα-

227 1348 598 1414 γματεύεται.
636 1352 728 1404 Διὸ
781 1353 879 1405 καὶ
928 1353 1083 1422 φίλος
1117 1356 1283 1409 αὑτοῦ
1322 1357 1611 1426 κέκληται,
1637 1359 1713 1422 ὡς
1749 1360 1828 1430 τῷ

225 1441 400 1512 γάμῳ
433 1443 623 1514 παρὼν
654 1447 746 1500 καὶ
773 1447 952 1500 πάντα
981 1448 1122 1519 ὑπὲρ
1152 1449 1246 1502 τοῦ
1265 1449 1500 1517 νυμφίου
1519 1450 1787 1504 διακονῶν
1808 1469 1823 1482 ο

224 1532 417 1587 λαεὼν
443 1535 498 1589 δὶ
530 1537 628 1608 τὴν
657 1540 1068 1610 νυμφευθεῖσαν
1093 1542 1431 1612 Ἐκκλησίαν
1464 1545 1695 1606 ἐκεῖνος,
1731 1543 1825 1596 οὕ-

222 1643 339 1689 τως
361 1628 531 1700 αὐτὴν
558 1629 834 1703 διέθηκεν,
854 1633 932 1696 ὠς
956 1634 1315 1690 ἐπιλαθέσθαι
1343 1638 1569 1690 πάντων
1594 1637 1819 1691 αὐτίκα.

301 1803 416 1856 Καὶ
446 1804 700 1876 καθάπερ
721 1807 817 1860 ἐπὶ
843 1809 954 1862 τῶν
989 1810 1206 1880 γάμων,
1267 1814 1366 1881 οὐχ
1395 1815 1426 1882 ή
1465 1815 1650 1882 νύμφη
1684 1814 1820 1882 πρὸς

1939 642 2135 681 eorum
2182 625 2398 681 iteratis
2448 625 2674 679 vocibus
2730 621 3154 694 expcrgelacere
3200 624 3354 694 quasi
3401 623 3530 681 dor-

1937 717 2225 770 micutem.

2011 809 2076 862 Et
2107 809 2571 878 quemadmodum
2605 823 2843 877 sponsus
2872 806 3007 860 nihil
3058 806 3281 860 interim
3311 819 3528 875 sponsae

1935 899 2198 968 loquitur,
2257 917 2361 958 nec
2393 917 2515 956 eam
2561 916 2658 970 per
2704 901 2948 970 seipsum
2999 899 3220 968 accipit.
3269 898 3366 952 sed
3416 897 3525 951 dux

1934 1006 2152 1061 sponsm
2182 993 2366 1047 omnia
2387 991 2633 1054 disserit,
2661 1005 2895 1059 eamque
2921 989 2993 1042 illi
3025 987 3194 1042 tradit
3229 1003 3244 1050 ;
3273 985 3364 1039 ubi
3392 999 3523 1038 vero

1934 1083 2077 1137 hanc
2109 1083 2228 1153 ipse
2258 1085 2558 1154 acceperit,
2600 1084 2673 1137 ita
2699 1098 2819 1137 eam
2844 1083 3124 1142 imnmtat,
3183 1089 3242 1132 ut
3266 1079 3354 1131 illa
3380 1075 3531 1145 prio-

1936 1189 2055 1228 rum
2086 1176 2334 1230 omnium
2366 1174 2726 1230 obliviscatur
2759 1191 2772 1228 :
2807 1173 2880 1228 ita
2941 1181 2998 1225 et
3065 1185 3212 1224 nunc
3267 1168 3525 1223 Christus

1931 1267 2112 1322 adhuc
2145 1276 2310 1328 tacet.
2337 1268 2578 1323 Joannes
2613 1281 2746 1320 vero
2805 1272 3001 1318 cuncta
3050 1271 3337 1330 operatur;
3400 1258 3526 1313 ideo

1929 1360 2094 1412 etiam
2113 1357 2325 1413 amicus
2346 1357 2546 1428 Sponsi
2567 1365 2791 1412 vocatus
2805 1364 2909 1420 est,
2930 1365 3186 1422 tanquam
3205 1349 3525 1421 quinuptiis

1931 1459 2146 1516 praeest,
2209 1449 2506 1516 omniaque
2524 1448 2875 1503 administrat
2897 1463 3018 1516 quae
3035 1445 3101 1499 ad
3135 1445 3312 1514 ipsum
3343 1443 3524 1511 Spon-

1928 1555 2050 1594 sum
2083 1542 2378 1610 pertinent.
2407 1540 2510 1596 Ubi
2541 1556 2670 1595 vero
2701 1540 2916 1610 accepit
2970 1539 3366 1606 desponsatam
3419 1533 3524 1587 sibi

1928 1629 2252 1696 Ecclesiam,
2308 1632 2382 1687 ita
2419 1648 2538 1687 eam
2575 1633 2676 1686 sibi
2713 1631 3013 1700 copulavit,
3053 1639 3111 1683 ut
3139 1629 3227 1682 illa
3258 1625 3524 1682 continuo

1928 1725 2175 1778 omnium
2205 1725 2650 1780 oblivisceretur.

2000 1815 2064 1870 Et
2095 1816 2239 1871 sicut
2274 1831 2476 1888 sponsa
2511 1829 2861 1886 nequaquam
2889 1814 2954 1867 ad
2990 1826 3255 1881 sponsum
3289 1807 3518 1867 accedit.

222 1892 320 1944 τὸν
352 1895 588 1964 νυμφίον
615 1897 857 1965 ἄπεισιν,
882 1901 998 1953 ἀλλ’
1035 1897 1192 1965 οὗτος
1242 1904 1379 1972 πρὸς
1414 1904 1614 1973 αὐτὴν,
1647 1905 1753 1958 κᾶν
1792 1909 1816 1957 ὀ

1938 1911 2020 1961 sed
2051 1907 2142 1961 hic
2193 1908 2259 1962 ad
2305 1881 2478 1974 illam,
2522 1881 2773 1962 etiam—si
2817 1905 2986 1959 fuerit
3013 1905 3131 1971 ipse
3178 1902 3322 1970 regis
3357 1899 3521 1957 Illius.

225 1984 334 2052 μὲν
368 1987 451 2057 είη
496 1987 765 2057 βασιλέως
809 1992 1002 2063 υίὸς,ή
1049 1993 1105 2046 δὲ
1149 1994 1501 2049 παντάπασιν
1554 1997 1814 2063 εὐτελής·

220 2075 375 2127 οὕτω
409 2079 504 2130 καὶ
526 2077 762 2133 ἐνταῦθα
817 2081 1069 2150 γέγονεν,
1096 2085 1270 2147 Αὐτὸς
1310 2087 1338 2137 6
1370 2085 1631 2147 τοσοῦτος
1682 2087 1820 2154 πρὸς

221 2168 328 2234 τὴν
354 2168 836 2242 εὐκαταφρόνητον
893 2177 1268 2246 παραγέγονε,
1300 2177 1397 2231 καὶ
1430 2177 1821 2248 ἁρμοσάμενος

217 2256 325 2310 οὐκ
348 2259 532 2313 εἴασεν
559 2262 732 2333 αυτὴν
756 2264 992 2318 ἐνταῦθα
1025 2268 1209 2334 μένειν
1239 2268 1448 2333 λοιπὸν,
1472 2269 1609 2322 ἀλλά
1640 2285 1820 2338 παρα-

219 2349 410 2404 λαϐὼν
444 2353 524 2415 είς
547 2353 638 2404 τὸν
659 2355 924 2426 πατρικὸν
948 2358 1226 2426 ἀνήγαγεν
1253 2357 1425 2425 οἷκον,
1445 2361 1535 2414 τὸν
1557 2363 1811 2431 οὐρανόν.

297 2443 408 2497 Καὶ
435 2473 504 2485 —-
524 2445 758 2511 Ἰησοῦ.
810 2449 1031 2502 Πολλῶν
1065 2453 1522 2524 ἀκροασαμέ·.ων,
1551 2450 1696 2509 οὗτοι
1730 2457 1823 2523 μό-

220 2552 307 2587 νοι
338 2537 600 2606 ἥκουσαν,
631 2544 747 2603 τοῖς
779 2540 883 2594 ὠσὶ
925 2543 1172 2613 δηλονότι
1221 2547 1318 2616 τῆς
1357 2547 1561 2616 ψυχῆς,
1585 2550 1693 2602 τῶν
1727 2551 1820 2603 ἄλ-

219 2625 334 2680 λων
362 2633 472 2692 τοῖς
500 2630 605 2684 ὠσὶ
636 2632 728 2685 τοῦ
769 2633 1021 2703 σώματος
1049 2638 1429 2693 ἀκουσάντων.
1455 2640 1548 2693 Ἐκ
1581 2642 1682 2709 μὲν
1706 2643 1815 2713 γὰρ

219 2721 336 2773 τῶν
398 2723 666 2793 μαθητῶν
730 2725 842 2795 (6‘2)
918 2727 1168 2781 Ἰωάννου
1225 2730 1321 2784 δύο
1357 2733 1482 2785 τότε
1522 2736 1816 2805 παρῆσαν·

221 2816 378 2872 ἄλλοι
434 2819 490 2871 δὲ
523 2819 712 2874 πολλοὶ
753 2825 1250 2892 παρειστήκεισαν.
1324 2828 1729 2901 Ἠκολούθησαν
1759 2833 1815 2885 δὲ

219 2909 396 2980 αὐτῷ,
416 2909 737 2981 βουλόμενοι
766 2916 967 2984 πεῖραν
1003 2915 1195 2969 λαϐεῖν
1225 2918 1414 2972 αὑτοῦ.

295 3088 590 3155 Στραφείς
629 3117 700 3128 —-—-
734 3086 997 3156 (meite;
1053 3090 1166 3143 Οὐκ
1200 3092 1435 3160 ἀγνοῶν,
1483 3097 1508 3146 6
1529 3099 1640 3159 τοῖς
1670 3098 1817 3167 λογιο

1924 2001 2010 2054 illa
2041 2015 2170 2055 vero
2192 2001 2443 2055 omnium
2480 1999 2854 2070 abjectissima
2897 2013 2909 2048 :
2954 1998 3025 2051 ita
3056 2005 3110 2050 et
3151 1996 3238 2049 hic
3298 1991 3517 2047 accidit.

1925 2087 2036 2143 Iste
2067 2106 2191 2143 cum
2226 2099 2412 2144 tantus
2433 2098 2604 2153 esset,
2659 2089 2727 2143 ad
2766 2104 2888 2143 cam
2938 2103 3060 2158 quae
3106 2083 3524 2154 despectissima

1923 2187 2068 2243 erat,
2097 2181 2353 2244 accessit,
2394 2189 2449 2234 et
2475 2180 2812 2249 coniunctus
2838 2194 2948 2231 non
2996 2176 3246 2246 permisit
3306 2181 3366 2227 ut
3432 2173 3524 2226 hic

1919 2268 2181 2339 deinceps
2247 2278 2580 2335 remaneret,
2638 2271 2732 2325 sed
2763 2279 3074 2339 susceptam
3122 2268 3179 2322 in
3238 2278 3520 2339 paternam

1919 2359 2420 2423 deduxitdomutn,
2455 2363 2561 2415 hoc
2581 2371 2683 2426 est,
2727 2363 2782 2414 in
2817 2361 3041 2414 malum.

1996 2451 2150 2508 Vers.
2175 2453 2266 2507 '57.
2313 2453 2376 2506 Et
2406 2484 2478 2493 —
2507 2453 2711 2507 Iesum.
2749 2451 2896 2506 lnler
2923 2452 3125 2506 multos
3156 2450 3434 2505 auditores
3465 2449 3517 2502 hi

1921 2545 2021 2600 soli
2082 2546 2308 2601 audisse
2363 2545 2652 2610 dicuntur,
2718 2545 2948 2600 auribus
3015 2543 3269 2598 videlicet
3300 2543 3517 2597 animae.

1919 2653 2048 2692 cum
2096 2637 2188 2691 alii
2246 2637 2434 2708 utique
2505 2637 2793 2692 audissent
2845 2637 3073 2690 auribus
3129 2637 3520 2705 corporis;ex

1921 2729 2209 2798 discipulis
2271 2745 2508 2799 namque
2568 2729 2800 2784 Joannis
2861 2729 2961 2783 soli
2997 2727 3073 2798 (Ia)
3145 2728 3347 2783 biduo
3390 2737 3522 2784 tunc

1917 2820 2103 2874 animo
2129 2830 2429 2889 praesentes
2461 2829 2649 2880 erant.
2683 2835 2809 2874 cum
2831 2827 3014 2873 tamen
3047 2818 3140 2872 alii
3189 2818 3346 2873 multi
3374 2828 3493 2872 asta

1918 2919 2059 2963 rent.
2080 2909 2265 2964 Secuti
2309 2921 2436 2966 sunt
2467 2919 2650 2965 autem
2674 2925 2823 2976 cum,
2857 2909 3146 2979 cupientes
3171 2910 3290 2980 ejus
3317 2909 3522 2964 habere

1922 3003 2198 3057 notitiam.

1992 3091 2148 3148 Vers.
2182 3095 2272 3148 58.
2311 3093 2610 3150 Conversus
2649 3123 2716 3134 —
2748 3096 2992 3164 quwritis
3024 3096 3049 3147 ξ)
3079 3095 3197 3147 Non
3255 3107 3517 3163 tanquam

221 3183 384 3250 σμοῖς
444 3181 551 3234 τῶν
587 3179 893 3251 ἀνθρώπων
929 3182 1273 3248 ὲμὸατεύων,
1321 3185 1436 3236 ἀλλ’
1475 3185 1566 3239 ἶνα
1596 3189 1684 3241 διὰ
1715 3192 1810 3259 τῆς

1941 3203 2202 3257 gnorans,
2246 3188 2340 3258 qui
2391 3187 2676 3242 hominum
2709 3197 2960 3257 penetrat
3008 3186 3398 3257 cogitationes,
3421 3187 3518 3240 sed

219 3275 548 3343 ἐρωτήσεως
573 3273 927 3342 οίκειὼσηται
954 3274 1202 3337 τούτους,
1221 3271 1323 3328 καὶ
1376 3279 1633 3351 παράσχῃ
1681 3281 1816 3354 0αρ-

222 3369 361 3436 ρεῐν.
394 3365 555 3428 Εἰκὸς
589 3365 700 3434 γὰρ
762 3366 962 3428 αὐτοὺς
1012 3365 1276 3437 ἐρυθριᾷ-ι
1321 3367 1422 3433 ἔτι,
1449 3372 1543 3423 καὶ
1572 3374 1816 3445 ἀγωνιᾷν

215 3461 292 3522 ὼς
318 3459 587 3526 ἀγνῶτας.

295 3549 362 3600 οι
391 3546 459 3599 δὲ
489 3579 556 3588 —-
593 3551 821 3620 μένεις
874 3556 1057 3623 Μήπω
1100 3558 1272 3628 μηδὲν
1317 3558 1446 3629 παρ’
1492 3561 1658 3614 αὑτοῦ
1713 3580 1813 3631 μαε

219 3638 428 3704 θόντες,
466 3640 785 3696 διδάσκαλον
819 3645 982 3698 αὑτὸν
1021 3647 1376 3718 ὀνομάζουσι,
1409 3651 1510 3718 τὴν
1541 3655 1724 3705 αἰτίαν
1754 3672 1812 3708 τε

216 3731 286 3782 δι’
319 3732 385 3801 ἣν
423 3728 605 3801 ἦλθον,
626 3733 918 3804 δηλοῦντες
939 3738 1222 3802 Evt-560w,“
1252 3741 1336 3794 ὅτι
1367 3743 1735 3814 ἀκουσόμενοί
1758 3765 1813 3800 τι

217 3823 328 3874 τῶν
350 3823 659 3893 χρησίμων,
680 3829 771 3878 καὶ
793 3829 871 3892 εἰς
905 3829 1157 3900 μαθητὰς
1177 3833 1532 3897 εἰσωθοῦντες
1561 3838 1810 3902 ἑαυτούς.

219 3916 454 3982 Λέγουσι
489 3917 564 3980 δὲ,
601 3919 725 3973 Ποῦ
751 3920 980 3990 lteram;
1002 3922 1319 3996 βουλόμενοι
1356 3929 1497 3983 κατά
1531 3931 1702 4000 μόνας
1727 3935 1813 3988 ἐν·

219 4010 409 4077 τυχεῖν
451 4008 600 4078 αὐτῷ
629 4013 723 4063 καὶ
758 4012 880 4081 μεθ’
911 4015 1166 4084 ἡσυχίας.

291 4187 462 4258 Λέγει
491 4222 554 4232 -
589 4191 768 4247 ἴδετε.
797 4195 873 4247 Οὐ
906 4194 1058 4264 λέγει
1086 4197 1153 4249 τὰ
1185 4198 1442 4270 σύσσημα
1480 4203 1578 4272 τῆς
1609 4205 1808 4271 οίκξας,

220 4283 393 4338 θέλων
411 4285 610 4349 αὐτοὺς
633 4286 975 4354 ἀκολουθεῖν,
1005 4290 1090 4344 ἵνα
1115 4293 1210 4344 καὶ
1236 4292 1399 4346 πλέον
1431 4293 1808 4366 θαρρήσωσιν.

289 4457 612 4520 Ἦλθον-
659 4469 901 4538 δεκάτη.
972 4473 1426 4545 Ἐπισημαὶνεται
1486 4479 1586 4548 τὴν
1641 4480 1806 4552 ὥραν,

1923 3289 1982 3333 ιιι
2012 3279 2405 3350 interrogando
2430 3278 2730 3332 familiares
2759 3279 2863 3332 sibi
2894 3278 3149 3332 redderet
3169 3293 3230 3332 ac
3263 3278 3516 3332 fiduciam

1919 3373 2094 3426 daret.
2161 3370 2466 3425 Verisimile
2523 3379 2609 3425 est
2660 3369 2832 3434 enim,
2887 3369 3036 3440 quod
3095 3370 3513 3432 erubescebant.

1920 3475 1975 3518 et
1997 3465 2150 3532 quasi
2184 3463 2352 3532 ignoti
2387 3461 2782 3516 formidabant.

1993 3556 2147 3609 Vers.
2189 3555 2279 3608 39.
2315 3553 2381 3606 Al
2421 3553 2503 3606 illi
2530 3581 2601 3592 —
2632 3552 2847 3606 habitas
2865 3555 2890 3607 7
2920 3551 3056 3610 Cum
3083 3551 3326 3606 nandum
3351 3552 3419 3606 ab
3445 3567 3513 3606 eo

1917 3648 2218 3716 quidquam
2239 3645 2545 3709 audissent,
2593 3645 2914 3715 magistrum
2953 3645 3070 3699 sive
3123 3653 3510 3713 prmceptorem

1917 3753 2043 3790 eum
2081 3735 2363 3805 appellant
2394 3751 2410 3788 :
2442 3743 2607 3804 atque
2640 3734 2771 3788 hinc
2811 3749 3037 3788 causam
3079 3749 3178 3788 cur
3214 3749 3512 3803 sequeren-

1920 3838 2008 3884 tur
2048 3828 2426 3893 manil’estant,
2459 3826 2717 3881 videlicet
2745 3835 2804 3880 ut
2830 3841 2952 3895 quae
3012 3824 3192 3880 forent
3237 3826 3386 3880 utilia
3416 3844 3514 3880 au-

1916 3922 2121 3987 dirent,
2157 3931 2326 3989 utque
2350 3935 2474 3974 sese
2505 3921 2558 3973 in
2589 3917 2896 3987 discipulos
2932 3916 3278 3986 ingererent.
3311 3917 3513 3972 Dicunt

1916 4023 2099 4069 autem
2133 4029 2147 4066 :
2174 4013 2267 4068 Ubi
2298 4012 2507 4065 habitas
2539 4011 2564 4065 7
2604 4009 2852 4065 volentes
2873 4007 3085 4064 diutius
3129 4018 3186 4064 et
3216 4008 3270 4063 in
3326 4010 3513 4079 quiete

1916 4122 2040 4161 cum
2071 4121 2139 4160 eo
2167 4104 2510 4160 conversari.
3035 4110 3049 4122 ··

1991 4198 2150 4254 Vcrs.
2189 4199 2280 4253 40.
2330 4196 2472 4251 Dicit
2505 4225 2572 4238 --
2604 4197 2793 4250 videte.
2854 4193 2972 4251 Non
3003 4195 3098 4250 dat
3156 4193 3516 4249 habitationis

1917 4292 2092 4362 signa,
2145 4290 2335 4344 volens
2389 4297 2446 4343 ut
2479 4287 2554 4342 illi
2611 4296 3000 4357 sequerentur,
3064 4302 3177 4357 quo
3238 4286 3503 4355 majorem

1917 4383 2184 4438 haberent
2217 4380 2496 4436 fiduciam.

1991 4476 2146 4530 Vers.
2177 4473 2268 4529 40.
2306 4472 2566 4527 Venerunt
2590 4503 2659 4513 ——
2688 4474 2918 4527 decima.
2975 4469 3176 4524 Horam
3217 4471 3509 4542 signiﬁcat,

217 4558 586 4626 ςενιττόμενος
624 4561 832 4614 τούτων
881 4579 940 4614 τε
980 4565 1041 4617 τὸ
1074 4565 1393 4634 φιλομαθὲς,
1435 4571 1692 4624 κάκείνου
1748 4574 1806 4626 τὸ

1938 4579 1971 4625 :t
2005 4571 2056 4623 in
2095 4569 2185 4624 his
2225 4569 2469 4622 innuens
2527 4566 2884 4638 discipulatus
2947 4564 3309 4630 desiderium,
3359 4573 3415 4620 et
3455 4565 3508 4618 in

216 4645 622 4716 φιλάνθρωπον,
645 4652 726 4704 ὅτι
757 4654 869 4705 οὐδ’
899 4655 1007 4708 ὑπὸ
1051 4660 1152 4727 τῆς
1183 4658 1337 4730 ῶρας
1375 4664 1801 4735 ἀπετράπησαν,

215 4738 315 4807 ἠδη
348 4739 485 4807 πρὸς
528 4740 740 4810 δυσμὰς
792 4745 944 4810 ὄντος
994 4748 1090 4802 τοῦ
1159 4749 1331 4821 ἡλίου,
1359 4754 1469 4806 οὐδ’
1512 4757 1808 4827 ὲπροφασίο

217 4845 388 4881 σαντο
417 4829 527 4901 (65)
563 4833 652 4884 τὸν
680 4838 894 4905 καιρὸν,
917 4841 1025 4893 εἴτε
1056 4858 1107 4893 τι
1141 4841 1348 4914 ἕτερον.

291 4919 350 4970 εξ
379 4920 435 4973 δὲ
472 4921 709 4992 ἀλλαχοῦ
735 4925 908 4996 λέγει,
959 4931 1035 5000 μὴ
1062 4931 1230 5002 ἔχειν,
1263 4934 1369 4988 7:23
1421 4937 1521 5007 τὴν
1556 4938 1725 5006 κεφα)
1741 4939 1806 5010 ὴν

217 5013 392 5085 κλίνῃ,
415 5015 476 5066 οὑ
514 5018 639 5086 περὶ
669 5019 846 5083 οίκξας
876 5021 1065 5089 ἁπλῶς
1097 5023 1190 5079 τοῦ
1204 5027 1255 5079 τό
1301 5045 1490 5101 φησιν,
1515 5031 1650 5084 ἀλλὰ
1677 5034 1807 5105 περὶ

217 5105 372 5168 ἰδίας.
471 5106 628 5161 Ίδίαν
707 5111 819 5183 γὰρ
910 5116 1012 5169 οὐκ
1079 5113 1251 5190 εἶχεν,
1303 5122 1419 5176 ἀλλ’
1493 5126 1806 5198 ἀλλοτρίαις

215 5198 499 5268 ἐκέχρητο.

286 5287 409 5342 Ὀτι
455 5293 552 5360 μὲν
611 5294 705 5347 οὖν
767 5299 898 5370 παρ’
949 5303 1098 5374 αὑτῷ
1151 5305 1375 5377 ἔμειναν
1436 5310 1534 5382 τὴν
1589 5313 1807 5382 ἡμέραν

321 5476 364 5504 ¹¹¹
399 5473 584 5531 llattb.
611 5495 728 5545 vnt,
758 5484 848 5537 ΞΟ.

1906 4665 1998 4720 illo
2029 4663 2451 4726 humanitatem,
2482 4660 2628 4732 quod
2646 4677 2824 4730 neque
2847 4667 3070 4731 propter
3097 4667 3315 4728 tempus
3333 4673 3508 4712 avers;

1905 4765 2058 4822 sunt,
2092 4771 2219 4809 cum
2248 4755 2360 4825 jam
2392 4753 2473 4808 sol
2525 4754 2594 4809 ad
2633 4767 2893 4810 occasum
2949 4750 3251 4805 declinaret
3280 4769 3292 4806 :
3328 4766 3509 4821 neque.

1907 4860 2146 4921 tempus,
2175 4858 2269 4902 aut
2297 4848 2440 4902 aliud
2463 4847 2742 4918 quippiam
2767 4843 2977 4901 causati
2995 4853 3144 4899 sunt.

1981 4945 2136 5010 Quod
2173 4944 2216 4997 si
2249 4943 2376 4999 alibi
2406 4943 2537 4998 dicit
2560 4959 2619 4997 se
2655 4957 2765 4996 non
2801 4940 3002 4995 habere
3030 4939 3121 4992 ubi
3157 4947 3506 5008 caputsuum

1913 5037 2202 5091 reclinaret
2246 5035 2314 5101 “',
2379 5051 2485 5088 non
2531 5035 2632 5088 hoc
2666 5031 2991 5101 simpliciter
3043 5031 3109 5083 de
3143 5029 3308 5084 domo
3351 5026 3504 5088 dicit.

1913 5132 2008 5185 sed
2048 5133 2114 5186 de
2139 5129 2358 5201 prppria
2392 5129 2554 5182 domo
2587 5143 2602 5180 :
2636 5141 2816 5193 neque
2854 5127 3001 5181 enim
3067 5121 3348 5192 propriam
3397 5120 3500 5173 lia-

1914 5217 2099 5283 bebat,
2125 5218 2219 5272 sed
2253 5216 2446 5271 alienis
2475 5215 2753 5269 utebatur.

1991 5310 2130 5365 Dicit
2189 5311 2371 5380 itaque
2431 5306 2764 5378 evangelista
2819 5305 3090 5361 mansisse
3147 5305 3298 5375 ipsos
3359 5302 3504 5370 apud

1423 5559 1617 5621 Variae
1664 5561 1969 5623 lectiones
2001 5570 2060 5623 et
2095 5567 2285 5625 notae.

287 5711 397 5780 (6‘2)
450 5713 555 5767 Τοῦ
589 5715 739 5771 addit
772 5719 834 5770 Α.

285 5872 362 5946 (li)
399 5871 534 5927 Soli.
577 5873 852 5944 lntcrpt‘cs‘
885 5877 1100 5933 videtur
1172 5879 1472 5948 invenisse,
1535 5882 1627 5935 δύο
1683 5886 1769 5936 τύτ

1999 5729 2108 5797 (65)
2153 5730 2289 5781 Οᾷδὲ
2324 5729 2765 5801 προφασίσαντος
2800 5728 2866 5785 Λ.

1780 5902 1800 5937 ε
1859 5887 2036 5954 μόνοι,
2082 5888 2225 5956 quod
2256 5905 2354 5943 nec
2383 5888 2514 5944 mibi
2549 5887 2821 5958 displicet.
