4010 6466
241 395 364 458 liil

1226 397 1618 458 COMMENT.
1662 396 1742 454 1N
1782 392 2164 455 IOANNEM.
2204 419 2272 431 -
2308 393 2467 454 CAP.
2512 392 2562 455 Ι.

3395 376 3530 441 1142

236 509 352 565 εἶδε
368 512 479 565 δύο
501 510 1071 581 ἀδελφοὺς-,Σίμωνα
1099 512 1204 566 τὸν
1219 514 1550 582 λεγόμενον
1575 511 1820 576 Πέτρον.

1951 511 2151 574 ’ratres,
2187 509 2450 564 Simonem
2475 507 2566 578 qui
2591 506 2823 561 'eocatnr
2863 502 3073 565 Petrus,
3143 506 3191 552 et
3261 497 3528 548 Andream

234 605 328 656 xui
378 603 666 672 Ἀνδρέαν
722 604 833 656 τὸν
883 605 1155 673 ἀδελφὸν
1207 606 1419 660 αὐτοῦ.
1463 604 1816 668 ,ϐάλλοντας
1922 588 2146 655 [ωτι-ειη
2201 599 2316 668 ejus
2355 639 2370 663 ,

2431 599 2693 651 mittentes
2779 601 2886 646 rete
2965 594 3020 643 in
3106 604 3255 642 mare
3303 587 3368 618 "°
3447 584 3531 638 Ad

233 690 693 756 ἀμφίϐληστρον
725 692 815 756 εις
860 691 976 758 τὴν
1025 692 1368 746 θάλασσαν.
1403 693 1523 743 Ἔτι
1550 691 1605 742 δὲ
1636 691 1729 742 και
1763 691 1820 739 ἐν

1951 704 2038 743 nec
2110 697 2308 745 octavo
2384 689 2535 759 juxta
2611 686 2854 761 marcum
2931 683 3111 750 capite
3158 678 3313 733 verbi
3383 675 3534 730 illius

233 780 310 848 τῷ
339 780 516 849 ὀγδόῳ
539 784 820 854 κεφαλαίῳ
847 784 942 837 τοῦ
969 785 1114 838 κατὰ
1136 785 1363 856 Μάρκον
1388 786 1488 852 τὴν
1518 782 1820 852 ἑρμηνείαν

233 872 352 935 τοῦ,
419 873 524 927 Καὶ
577 874 836 942 ἐπέθηκε
886 877 965 941 τῷ
1022 879 1241 944 Σίμωνι
1311 875 1502 943 ὄνομα
1559 873 1818 940 Πέτρον·

232 963 368 1016 ἀλλά
408 964 502 1016 καὶ
537 965 673 1032 πρὸς
699 965 778 1033 τῷ
815 964 961 1016 τέλει
992 965 1086 1017 τοῦ
1127 965 1360 1018 δεκάτου
1398 963 1700 1030 κεφαλαίου
1725 958 1822 1011 τοῦ

233 1049 375 1100 κατὰ
409 1051 624 1102 Aen-xiv
654 1052 752 1120 τὴν
784 1052 1113 1120 διασάφησιν
1141 1051 1257 1114 τοῦ,
1286 1056 1348 1105 Ol
1369 1053 1438 1104 δὲ
1469 1052 1658 1116 ἁλιεῖς
1679 1051 1825 1102 ἀπο-

233 1139 453 1206 ϐάντες
473 1141 573 1194 ἀπ’
598 1141 817 1206 αὐτῶν,
848 1142 1212 1197 ἀπέπλυναν
1253 1144 1326 1196 τὰ
1363 1142 1578 1195 δίκτυα
1633 1141 1829 1192 Συντεα

233 1230 392 1284 λοῦσι
420 1234 530 1302 γὰρ
561 1234 778 1286 ἅπαντα
812 1235 893 1296 εἰς
921 1235 981 1286 τὸ
1016 1235 1404 1303 προκείμενον.

307 1324 517 1378 Τοῦτον
561 1327 660 1394 μὲν
703 1322 797 1378 οὖν
842 1326 1048 1395 [Ιέτρον
1104 1325 1422 1394 ὠνόμασεν,
1462 1325 1726 1378 Ἰάκωϐον
1773 1324 1828 1376 δὲ

234 1414 333 1466 καὶ
376 1416 634 1484 Ἰωάννην
681 1418 830 1480 υἱοὺς
873 1417 1128 1487 βροντῆς,
1186 1416 1472 1475 δεικνύων,
1528 1417 1610 1468 ὅτι
1662 1416 1821 1477 αὐτὸς

234 1506 388 1570 ἐστιν
446 1506 474 1557 ὀ
510 1509 607 1559 καὶ
630 1509 690 1560 ὲν
719 1511 793 1578 τῇ
825 1509 1038 1576 Hahn;
1070 1509 1134 1560 τὰ
1157 1509 1398 1576 ὀνόματα
1459 1505 1830 1576 μεταρρυθμί-

236 1600 484 1659 σα·,καὶ
535 1599 628 1652 τὸν
690 1600 788 1669 μὲν
846 1601 1073 1672 Ἀϐραμ
1120 1601 1374 1671 Ἀϐραὰμ
1422 1600 1682 1661 καλέσας,
1733 1597 1833 1666 τὴν

231 1687 290 1739 δὲ
328 1689 513 1759 Σάριν
548 1690 902 1761 maenaa
930 1694 1021 1743 τὸν
1068 1690 1264 1744 Ἰακὼὸ
1305 1691 1544 1761 Ἰσραήλ.
1573 1691 1697 1741 Τισὶ
1735 1690 1833 1756 μὲν

231 1777 330 1832 οὖν
348 1781 411 1831 ὲκ
433 1782 658 1851 γενετῆς
681 1781 916 1848 ἐπέθηκε
945 1783 1011 1836 τὰ
1041 1783 1306 1851 ὀνόματα,
1335 1783 1446 1834 τισὶ
1469 1782 1527 1834 δὲ
1562 1781 1812 1850 ὕστερον.

233 1864 337 1922 Ὧν
377 1871 476 1941 μὲν
513 1846 628 1942 (655
692 1876 799 1946 γὰρ
835 1846 865 1944 ἦ
899 1875 1071 1948 ἁρετὴ
1118 1846 1450 1945 διαλάμπειν
1502 1846 1731 1946 ἔμελλεν
1762 1877 1825 1927 ἐκ
1858 1846 1898 1898 Β

232 1962 462 2032 πρώτης
511 1964 622 2035 (66)
696 1965 910 2036 τριχὸς,
943 1967 1170 2029 τούτους
1205 1967 1264 2028 ὲξ
1299 1967 1475 2036 ἀρχῆς
1502 1966 1823 2036 ὠνόμασεν·

232 2049 309 2109 ὦν
335 2058 391 2110 δὲ
421 2052 665 2128 ὕστερον,
698 2060 925 2123 τούτους
947 2058 1191 2130 ὕστερον.

315 2238 395 2307 Τῇ
421 2241 712 2308 ἐπαύριον
751 2271 822 2281 —
864 2241 1110 2309 Πέτρου.
1144 2243 1222 2312 Τῇ
1258 2242 1527 2308 ἐπαύριον
1573 2241 1672 2312 μὲν
1704 2241 1832 2310 ἠθέ-

233 2331 405 2401 λησεν
437 2332 698 2398 eadem,
726 2335 785 2386 οὐ
812 2337 878 2403 τῇ
913 2333 1181 2405 ἐπαύριον
1215 2336 1272 2388 δὲ
1300 2334 1550 2404 εὑρίσκει
1592 2335 1685 2386 τὸν
1735 2333 1831 2384 Φί-

234 2426 464 2485 λιππον,
491 2426 606 2479 ἀλλ’
640 2425 889 2496 ὕστερον,
912 2427 1050 2495 μετὰ
1082 2427 1144 2479 τὸ
1175 2426 1597 2480 ἐπισπάσασθαι
1626 2427 1833 2492 Πέτρον

235 2519 334 2572 καὶ
391 2518 656 2587 Ἀνδρέαν
712 2519 809 2573 καὶ
850 2519 1114 2572 Ἰάκωῦον
1149 2520 1244 2572 καὶ
1303 2518 1577 2588 Ἰωάννην,
1599 2518 1674 2580 ὡς
1722 2518 1834 2570 ἀπὸ

225 2605 346 2658 τῶν
381 2607 560 2660 ἄλλων
585 2609 1001 2676 εὐαγγελιστῶν
1030 2611 1211 2676 ἔξεστι
1241 2609 1649 2676 διαγινώσκειν.

320 2698 486 2751 Ἀλλὰ
518 2699 663 2763 τίνος
695 2700 884 2753 ἕνεκεν
914 2701 1014 2754 οὐκ
1045 2700 1451 2772 ἐμνημόνευσε,
1485 2701 1602 2762 πῶς
1631 2700 1834 2762 αὐτοὺς

235 2791 482 2855 εἵλκυσε,
513 2792 832 2861 περιπατῶν
865 2793 1019 2864 παρὰ
1037 2795 1133 2863 τὴν
1181 2795 1461 2848 θάλασσαν
1515 2793 1616 2863 τῆς
1675 2792 1834 2845 Γαλι-

235 2881 433 2947 λαίαςς
461 2883 607 2935 Διότι
641 2884 923 2948 Ματοαῖος
972 2888 1065 2938 καὶ
1102 2887 1332 2956 Μάρκος
1386 2885 1547 2937 τοῦτο
1588 2884 1835 2954 παραδε-

231 2973 504 3031 δώκασιν.
541 2975 700 3028 Ἐπεὶ
727 2977 784 3029 δὲ
814 2975 882 3030 τὰ
925 2978 1070 3031 κατὰ
1095 2980 1189 3030 τὸν
1211 2978 1477 3030 Φίλιππον
1505 2979 1701 3030 ἐκεῖνοι
1729 2996 1836 3030 πα,-

240 3067 542 3136 ρὲδραμον,
583 3067 758 3122 ταῦτα
811 3069 930 3123 νῦν.
957 3065 1114 3134 οὗτος
1163 3070 1527 3137 ἀπαγγέλλει.
1579 3069 1741 3136 Λέγει
1776 3069 1832 3121 δὲ

235 3158 434 3226 αὐτ-(ῖιὸ
464 3159 691 3229 Ἰησοῦς,
723 3161 1061 3216 Ἀκολούθει
1090 3179 1211 3230 μοι,
1230 3163 1522 3230 γινώσκων
1547 3160 1630 3213 ὅτι
1677 3159 1836 3212 ποθεῖ
1865 3185 1903 3235 ρ

241 3252 344 3322 μὲν
374 3252 745 3322 ἀκολουθῆσαι
780 3254 877 3306 καὶ
921 3253 1108 3320 αὐτὸς,
1153 3253 1414 3322 ἀκηκοὼς
1471 3253 1602 3319 περὶ
1663 3252 1834 3304 αὐτοῦ

237 3344 396 3415 παρὰ
431 3346 538 3397 τῶν
564 3345 1014 3399 ἀκολουθούντων
1041 3362 1054 3373 ·
1098 3346 1413 3398 εὐλαϐεῖται
1439 3344 1519 3396 δέ.
1567 3329 1700 3396 Λύει
1742 3343 1835 3396 οὖν

238 3438 410 3493 αὐτοῦ
443 3437 544 3508 τὴν
567 3437 722 3492 αῑδὼ.
752 3439 918 3504 Λέγει
940 3439 996 3491 δὲ
1026 3439 1053 3489 ὁ
1081 3437 1482 3506 εὑαγγελιστὴς
1534 3437 1630 3489 καὶ
1677 3436 1836 3498 ποίας

238 3533 450 3595 πόλεως
487 3527 577 3603 ἦν,
626 3534 711 3586 ὅτι
770 3532 880 3585 ἀπὸ
935 3531 1232 3600 Βηθσαϊδὰ,
1269 3534 1369 3600 τῆς
1422 3530 1683 3592 εὐτελοῦς
1739 3532 1836 3582 καὶ

239 3623 578 3694 φαύλης,ῐνα
613 3623 792 3696 μάθῃς
816 3626 898 3677 ὅτι
923 3623 992 3677 τὰ
1019 3622 1226 3690 ἀσθενῆ
1259 3621 1356 3674 τοῦ
1394 3623 1606 3691 κόσμου
1657 3623 1836 3687 ἐξελέ-

239 3718 372 3781 ξατο
407 3718 434 3768 ὁ
461 3715 616 3779 Θεός.

311 3808 597 3876 Εὐρίσκει
624 3807 924 3872 Φίλιππος
958 3807 1066 3860 τὸν
1079 3807 1429 3874 Ναθαναήλ.
1449 3805 1606 3861 Μετᾶ
1621 3807 1682 3860 τὸ
1706 3807 1837 3859 ἀκο-

241 3893 503 3962 λουθῆσαι
542 3894 622 3963 τῷ
653 3895 880 3964 Χριστῷ
928 3895 1202 3966 δηλονότι.

313 3985 424 4038 Kal
453 4015 522 4026 —
548 3984 914 4052 εὑρήκαμεν.
946 3985 1155 4053 Πείραν
1195 3985 1364 4039 αὑτοῦ
1401 3986 1614 4050 λαϐὼν,
1660 3987 1840 4057 κήρυξ

240 4074 409 4128 αὑτοῦ
439 4074 649 4143 γίνεται
691 4077 1027 4145 παραυτίκα,
1049 4079 1147 4130 καὶ
1196 4078 1483 4147 γινώσκων
1518 4081 1610 4132 τὸν
1651 4080 1838 4133 N291-

245 4167 376 4236 ναὴλ
406 4167 801 4238 ἀκριϐέστατον
821 4169 878 4222 ἓν
907 4188 966 4223 τε
1000 4173 1120 4233 ταῖς
1153 4175 1408 4241 νομικαϊς
1429 4173 1528 4226 καὶ
1553 4175 1675 4235 ταῖς
1709 4189 1839 4242 προ-

241 4260 513 4327 φητικαϊς
576 4260 615 4312 Γ
621 4265 820 4331 ραφαίς
841 4279 856 4294 ·
886 4263 980 4316 καὶ
1021 4263 1131 4334 γὰρ
1165 4258 1233 4334 ἦν
1261 4263 1332 4316 τὰ
1380 4263 1610 4318 τοιαῦτα
1639 4264 1838 4335 ἄριστα

242 4351 656 4422 διεσκεμμένος,
697 4353 773 4416 ὡς
810 4355 906 4406 καὶ
936 4358 962 4407 ὁ
993 4356 1231 4424 Χριστὸς
1296 4355 1686 4428 ἐμαρτύρησε,
1742 4358 1839 4410 καὶ

248 4442 303 4494 τὸ
329 4442 495 4514 ἔργον
518 4443 723 4508 ἔδειξεν
746 4460 761 4474 '
788 4447 880 4498 ἐπὶ
901 4447 992 4499 τὸν
1013 4446 1254 4501 Μωῦσέα
1277 4448 1373 4501 καὶ
1396 4447 1523 4511 τοὺς
1551 4451 1839 4519 προφήτας

1929 781 2442 849 interpretationem
2477 797 2490 833 :
2522 779 2592 833 Et
2632 778 2883 848 imposuit
2922 774 3132 830 Simoni
3201 785 3389 825 nomen
3431 767 3535 821 Pe‘

1929 872 2140 926 trus“.
2188 872 2294 928 Sed
2326 881 2382 928 et
2447 873 2555 927 loci
2611 871 2760 927 illius
2823 865 3265 937 explanationem
3316 857 3534 914 decimo

1927 965 2112 1034 capite
2148 963 2428 1035 Evangelii
2459 965 2764 1021 secundum
2789 961 2995 1016 Lucam
3024 975 3040 1012 :
3076 955 3379 1011 Piscatores
3417 965 3522 1027 au-

1927 1066 2035 1110 tem
2097 1058 2487 1110 descenderant
2553 1072 2618 1110 ea:
2671 1055 2798 1119 illis,
2851 1069 2901 1106 et
2961 1048 3245 1103 abtuebant
3278 1044 3414 1098 retia
3462 1042 3533 1087 ³¹ο

1930 1148 2127 1204 Omnia
2155 1148 2302 1204 enim
2326 1147 2624 1204 conferunt
2655 1147 2726 1202 ad
2758 1161 2823 1201 ea
2875 1157 2996 1214 qua:
3035 1141 3122 1196 hic
3155 1148 3458 1208 ponuntur.

2007 1326 2164 1381 Hunc
2199 1328 2382 1395 itaque
2407 1324 2714 1380 nominavit
2775 1324 2998 1377 Petrum
3030 1336 3042 1371 :
3080 1318 3226 1372 sicut
3262 1314 3531 1369 Jacobum

1935 1430 1988 1473 et
2013 1418 2289 1472 Joannem
2321 1417 2490 1471 Filios
2523 1415 2768 1478 tonitrui,
2808 1410 3106 1467 ostendens
3135 1422 3196 1462 se
3252 1420 3379 1461 eum
3409 1417 3533 1457 esse

1935 1513 2026 1582 qni
2060 1512 2114 1564 in
2145 1509 2330 1564 Veteri
2353 1524 2571 1579 quoque
2589 1508 2947 1561 Testamento
2979 1501 3202 1557 nomina
3235 1497 3536 1566 adaptave-

1936 1611 2038 1664 rat,
2071 1603 2269 1657 Abram
2304 1615 2508 1655 vocans
2537 1599 2836 1661 Abraham,
2882 1596 3073 1670 saram
3108 1606 3239 1646 vero
3284 1588 3530 1646 Sarram,

1939 1709 1993 1752 et
2025 1694 2193 1749 Jacob
2221 1693 2410 1749 Israel.
2470 1691 2601 1746 Nam
2650 1689 2978 1760 quibusdam
3021 1685 3091 1740 ab
3133 1692 3259 1738 ortu
3308 1679 3536 1735 nomina

1943 1791 2278 1860 imponebat,
2314 1787 2642 1857 quibusdam
2669 1791 2852 1838 autem
2877 1777 3255 1851 postmodum.
3289 1771 3536 1837 Quorum

1933 1885 2078 1938 enim
2113 1883 2286 1937 virtus
2309 1898 2338 1935 a
2367 1882 2568 1952 primo.
2634 1878 2778 1948 quod
2813 1876 2988 1941 aiunt,
3029 1871 3226 1940 capillo
3285 1862 3536 1935 fulgebit.

1936 1977 2018 2031 his
2049 1976 2118 2030 ab
2141 1974 2298 2029 initio
2329 1987 2533 2028 nomen
2561 1970 2795 2042 imponit
2826 1981 3094 2039 :quorum
3118 1971 3300 2018 autem
3321 1965 3539 2029 postea,

1935 2071 2024 2125 his
2045 2069 2208 2124 etiam
2245 2077 2462 2138 postea.

2004 2248 2158 2302 Vers.
2201 2247 2293 2302 44.
2321 2247 2538 2301 Postero
2567 2246 2652 2299 die
2680 2271 2749 2285 --
2778 2243 2933 2297 Vers.
2986 2240 3076 2293 45.
3115 2235 3279 2290 Petri.
3305 2231 3534 2286 Postero

1934 2357 2067 2396 sane
2094 2341 2184 2396 die
2207 2340 2381 2396 voluit
2426 2340 2597 2400 exire,
2653 2345 2711 2391 at
2756 2351 2868 2389 non
2926 2340 3150 2403 postero
3182 2327 3271 2382 die
3324 2322 3532 2393 reperit

1933 2431 2278 2500 Philippum,
2311 2431 2410 2485 sed
2469 2427 2823 2500 postmodum
2881 2433 3174 2495 postquam
3221 2418 3450 2473 Petrum
3481 2424 3537 2468 et

1937 2525 2235 2588 Andream,
2268 2521 2530 2578 Iacobum
2564 2537 2626 2575 ac
2683 2519 2949 2575 Joannem
2978 2519 3308 2573 attraxerat,
3331 2523 3535 2578 quem-

1936 2616 2228 2672 admodum
2273 2617 2354 2670 ab
2412 2614 2536 2670 aliis
2570 2610 2925 2683 evangelistis
2953 2608 3084 2662 licet
3110 2603 3390 2681 colligere.

2005 2709 2112 2764 Sed
2132 2725 2294 2779 quam
2312 2708 2383 2763 ob
2411 2723 2528 2762 rem
2548 2721 2656 2760 non
2679 2702 2932 2758 meminit
2947 2698 3227 2770 quomodo
3241 2709 3336 2749 eos
3363 2701 3506 2748 attra
3522 2718 3539 2728 -

1935 2803 2078 2858 xerit
2109 2801 2398 2855 ambulans
2417 2801 2560 2855 circa
2585 2812 2737 2851 mare
2769 2791 3045 2849 Galilaeam?
3067 2788 3207 2854 Quia
3248 2783 3539 2839 Mattheus

1935 2903 1994 2951 et
2038 2894 2252 2948 Marcus
2276 2894 2381 2948 hoc
2420 2889 2780 2947 tradiderunt.
2825 2885 2934 2940 Sed
2966 2883 3094 2951 quia
3122 2881 3196 2935 illi
3229 2873 3536 2950 praetermi-

1936 2996 2148 3050 serant,
2183 3001 2304 3054 qum
2332 2985 2479 3041 circa
2522 2982 2836 3051 Philippum
2868 2978 3203 3034 acciderant.
3242 2974 3360 3027 haec
3390 2982 3541 3024 nunc

1940 3080 2043 3134 iste
2074 3077 2410 3133 manifestat.
2463 3077 2554 3130 Ait
2583 3083 2767 3129 autem
2827 3073 2904 3126 illi
2925 3071 3088 3126 Iesus
3117 3083 3132 3127 :
3163 3067 3403 3137 Sequere
3428 3080 3535 3118 me.

1939 3170 2135 3225 Sciens
2160 3170 2380 3239 quidem
2411 3181 2466 3223 et
2499 3167 2647 3222 hunc
2691 3167 2802 3235 jam
2865 3163 3053 3218 animo
3109 3169 3384 3223 secutum,
3413 3173 3539 3212 cum

1938 3264 2006 3319 de
2029 3279 2096 3318 eo
2115 3263 2364 3317 audisset
2397 3261 2580 3316 abhis
2599 3259 2692 3329 qui
2726 3257 3126 3327 sequebantur,
3155 3253 3250 3308 sed
3276 3266 3542 3307 revereno

1941 3357 2016 3410 tia
2041 3356 2305 3420 detineri,
2334 3354 2501 3408 solvit
2528 3369 2656 3407 eum
2690 3359 2869 3407 metu.
2906 3348 3048 3403 Dicit
3077 3354 3267 3402 autem
3299 3358 3541 3415 evange-

1939 3443 2062 3497 lista
2113 3457 2221 3511 qua
2282 3441 2355 3496 sit
2409 3440 2702 3510 Philippus
2758 3439 2986 3493 civitate
3020 3435 3318 3498 oriundus,
3345 3442 3478 3504 puta
3510 3449 3541 3486 a

1940 3535 2236 3588 Bethsaida
2268 3535 2360 3589 vili
2393 3549 2459 3589 ac
2487 3533 2716 3604 ignobili
2744 3549 2758 3587 :
2790 3541 2851 3588 ut
2896 3531 3047 3587 scias
3100 3528 3247 3599 quod
3281 3524 3546 3598 ignobilis

1939 3629 2131 3684 mundi
2163 3627 2390 3698 elegerit
2417 3628 2584 3682 Deus.

2011 3812 2169 3867 Vers.
2204 3811 2292 3866 46.
2317 3810 2530 3880 Reperit
2555 3808 2836 3879 Philippus
2863 3807 3208 3863 Nathanael.
3235 3805 3547 3876 Postquam

1938 3905 2198 3961 videlicet
2224 3902 2514 3958 Christum
2541 3884 2767 3957 secutus
2792 3909 2934 3957 erat.

2010 3996 2169 4051 Vers.
2190 3996 2282 4050 46.
2302 3995 2369 4050 Et
2398 4025 2472 4036 -—
2497 3996 2809 4049 invenimus.
2828 3993 3062 4064 Sumpto
3098 3992 3300 4062 deipso
3324 3987 3546 4062 experi-

1941 4099 2154 4154 mento,
2187 4090 2370 4143 statim
2392 4087 2716 4158 praedicator
2737 4085 2971 4145 edicitur
2996 4084 3318 4153 ;seiensque
3334 4079 3548 4136 Natha-

1939 4181 2070 4236 nael
2123 4179 2178 4234 in
2207 4179 2425 4250 legisac
2444 4177 2836 4247 prophetarum
2863 4175 3165 4245 Scripturis
3191 4171 3546 4242 diligentissi-

1940 4288 2116 4335 mum.
2142 4269 2412 4340 siquidem
2437 4278 2556 4324 erat
2577 4270 2632 4322 in
2646 4271 2728 4325 eis
2741 4268 2977 4325 maxime
2991 4276 3262 4330 versatus,
3277 4265 3545 4336 quemad-

1943 4365 2168 4419 modum
2202 4372 2256 4417 et
2287 4361 2406 4431 ipse
2438 4360 2694 4415 Christus
2721 4369 3038 4422 attestatur,
3061 4368 3118 4412 et
3151 4372 3241 4411 res
3279 4357 3397 4426 ipsa
3432 4355 3545 4409 de-

1943 4456 2274 4512 monstravit
2309 4472 2323 4508 :
2359 4455 2426 4510 ad
2475 4453 2662 4509 Mosen
2689 4468 2753 4506 ac
2782 4451 3085 4521 prophetas
3127 4453 3255 4505 eum
3286 4449 3540 4506 remittit.

243 4535 406 4588 αὐτὸν
459 4537 852 4606 παραπέμπει,
921 4538 1357 4604 κατασκευάζων
1417 4540 1633 4593 ἐκεῖθεν
1690 4541 1832 4606 ἀξιέ-

1951 4550 2281 4605 conﬁrmans
2300 4548 2426 4604 inde
2457 4563 2621 4602 suum
2654 4546 2722 4601 de
2754 4544 2980 4600 Christo
3003 4542 3391 4598 testimonium
3416 4555 3541 4596 esse

247 4645 436 4681 mazov
495 4629 594 4700 τὴν
654 4631 788 4700 περὶ
847 4631 943 4684 τοῦ
1000 4631 1244 4701 Χριστοῦ
1279 4632 1591 4703 μαρτυρίαν
1622 4633 1842 4688 ἑαυτοῦ.

325 4721 576 4790 Ἰησοῦν
603 4723 712 4777 τὸν
732 4723 872 4777 υἱὸν
904 4724 1142 4794 Ἰωσήφ.
1173 4726 1294 4778 Ἔτι
1327 4726 1436 4795 γὰρ
1485 4724 1678 4779 τούτου
1725 4726 1842 4790 υἱὸς

244 4809 384 4867 εἶναι
420 4814 729 4882 ἐνομίζετο.

316 4901 429 4953 Tdr
457 4899 579 4954 ἀπὸ
600 4901 881 4970 Ναζαρέτ.
924 4903 1018 4956 Ἐκ
1058 4904 1322 4977 Ναζαρὲτ
1355 4906 1580 4975 ἐλέγετο
1635 4908 1726 4960 διὰ
1778 4910 1839 4962 τὸ

249 4993 522 5062 τραφῆναι
557 4996 615 5048 ὲν
643 4996 806 5066 αὐτῇ.

313 5085 421 5139 Καὶ
451 5115 522 5125 —
546 5083 699 5142 εἶναι
719 5107 739 5155 ;
785 5091 1030 5146 Ἀκούων
1067 5092 1162 5145 τοῦ
1204 5097 1493 5164 προφήτου
1541 5096 1794 5164 λέγοντος
1821 5111 1835 5125 ·

1944 4643 2050 4698 {ide
2069 4643 2318 4714 dignum.

2011 4731 2170 4787 νει-ς.
2204 4732 2293 4786 46.
2319 4730 2500 4785 Jesum
2523 4731 2696 4798 ﬁlium
2721 4730 2936 4799 Ioseph.
2990 4728 3188 4788 Adhuc
3218 4727 3364 4783 enim
3398 4724 3543 4779 [ilius

1937 4825 2060 4894 ejus
2085 4839 2207 4878 esse
2225 4823 2538 4894 putabatur.

2012 4915 2165 4971 Vers.
2197 4916 2286 4970 46.
2331 4917 2372 4969 Α
2409 4915 2701 4970 Nazareth.
2745 4914 2793 4969 Α
2818 4912 3087 4968 Nazareth
3157 4912 3280 4966 ideo
3315 4909 3539 4965 diceba-

1939 5016 2052 5071 tur,
2079 5007 2225 5077 quod
2255 5008 2328 5062 ibi
2367 5009 2612 5062 nutritus
2636 5016 2806 5062 esset.

2011 5099 2289 5178 Yers.47.
2329 5098 2675 5156 Et—esse?
2728 5098 2864 5154 Cum
2942 5097 3272 5169 prophetam
3325 5096 3542 5152 audiret

246 5177 354 5231 Καὶ
377 5178 483 5244 σὺ,
499 5182 792 5251 Βηθλεέμ,
817 5183 891 5253 γῆ
910 5186 1135 5252 Ἰούδα,
1163 5188 1439 5258 οὐδαμῶς
1459 5188 1754 5258 ἐλαχίστη
1787 5185 1832 5243 εὶ

1951 5177 2220 5249 dicentem
2249 5210 2264 5250 :
2297 5194 2364 5248 Et
2397 5203 2474 5260 tu,
2505 5193 2788 5260 Bethleem,
2827 5202 2970 5247 terra
2999 5189 3170 5260 Juda,
3206 5206 3544 5262 nequaquam

247 5269 314 5324 ἐν
334 5269 464 5336 ταῖς
488 5271 786 5342 ἡγεμόσιν
806 5276 1016 5334 Ἰούδα.
1043 5277 1147 5332 Ἐκ
1175 5279 1293 5334 σοῦ
1312 5281 1421 5350 γὰρ
1448 5279 1837 5345 ἐξελεύσεται

358 5431 400 5464 ²⁹
437 5428 631 5487 Matth.
663 5449 737 5500 tv,
764 5433 853 5492 18.
971 5436 1016 5468 ³⁴
1050 5437 1222 5494 Marc.
1247 5455 1328 5518 ut,
1364 5439 1450 5494 16.

1947 5289 2174 5342 minima
2211 5303 2262 5341 es
2301 5289 2442 5342 inter
2465 5288 2797 5358 principatus
2825 5285 2972 5342 Iuda
3007 5301 3118 5344 τεαὶ
3157 5293 3206 5340 te
3258 5285 3399 5340 enim
3427 5284 3542 5338 exi-

1563 5441 1603 5472 ³¹
1642 5440 1772 5497 Luc.
1809 5441 1966 5521 vr,_2.

1436 5601 1633 5661 Variae
1681 5599 1986 5665 lectiones
2027 5610 2089 5665 et
2124 5613 2314 5667 nota).

325 5747 438 5828 (es)
483 5762 597 5832 Γάρ
634 5764 785 5820 abest
815 5766 880 5832 A_.

321 5831 430 5893 (66)
465 5828 744 5898 Cltr'ysost.
780 5828 913 5891 tom.
953 5835 1089 5903 VIII,
1126 5854 1179 5905 p.
1215 5839 1315 5894 115
1353 5840 1407 5895 Β.
1486 5844 1577 5897 Ἐκ
1611 5843 1833 5912 πρώτης

1945 5775 2184 5846 ἡλικίας.

2017 5847 2128 5916 t6?)
2177 5847 2286 5912 Καί
2320 5847 2620 5917 interponit
2648 5846 2714 5900 Α.
