4010 6480
260 413 408 471 1145

1213 409 1600 469 COMMENT.
1649 412 1728 470 ΙΝ
1776 410 2155 476 JOANNEM.
2195 443 2266 455 -
2301 421 2461 484 CAP.
2505 423 2554 483 Ι.

3420 427 3554 491 1146

257 529 401 583 cem;
436 527 570 596 περὶ
591 525 694 592 τῆς
719 523 1110 592 κοσμογενείας
1131 539 1142 552 ”
1168 525 1262 576 καὶ
1286 523 1380 574 ἐπὶ
1402 524 1508 576 τῶν
1533 524 1858 587 ἐνεστώτων1

1978 547 2162 584 verum
2191 535 2355 588 etiam
2399 537 2468 590 de
2507 539 2832 606 pra-teritis;
2869 543 3009 596 sicut
3050 543 3225 597 Moses
3267 542 3333 597 de
3365 535 3555 599 mundi

250 618 327 680 ὼς
357 619 497 672 ὅταν
530 621 558 670 6
589 616 820 687 Χριστὸς
843 616 978 687 λέγῃ
1005 615 1118 685 (75)
1141 615 1209 667 τὰ.
1233 618 1290 668 ἑν
1326 620 1448 678 ταῖς
1475 617 1727 687 καρδίαις
1753 617 1862 669 τῶν

253 710 356 762 ἀνθ
365 710 597 779 ρώπων.

325 801 658 870 Ἀπεκρίθη
687 831 752 841 -
774 797 1040 867 Ἰσραήλ.
1086 798 1302 868 Ἔγνως
1343 799 1523 870 ψυχὴν
1563 799 1670 852 ὑπὸ
1703 818 1861 868 περι-

251 893 500 961 χαρείας
567 892 906 963 σκιρτῶσαν,
960 891 1055 944 καὶ
1115 893 1635 962 περιπτυσσομένην
1695 891 1861 944 αὑτὸν

245 987 372 1046 τοῖς
408 984 623 1053 ῥήμασι
657 983 899 1046 τούτοις·
932 984 1004 1036 Σὺ
1058 979 1128 1049 εἴ,
1177 984 1367 1054 φησὶν,
1427 984 1592 1047 αὐτὸς
1653 985 1859 1048 ικεῑνος

245 1078 275 1126 ὁ
302 1075 788 1143 προσδοκώμενος.

357 1190 512 1244 Αλλὰ
545 1190 688 1251 τίνος
745 1187 934 1240 ἕνεκεν
965 1191 993 1240 6
1020 1188 1228 1257 Πέτρος
1263 1189 1387 1258 μὲν,
1441 1193 1585 1258 μετὰ
1619 1194 1859 1247 τοσαῦτα

248 1281 524 1349 Θαῦματα
593 1282 688 1332 καὶ
740 1281 1014 1348 τοσαύτην
1092 1280 1444 1334 διδασκαλίαν
1515 1285 1859 1354 ὁμολογήσας

246 1372 432 1433 αὑτὸν
485 1373 614 1425 Υιδν
650 1371 740 1424 τοῦ
775 1373 933 1434 Θεοῦ,
977 1375 1330 1444 ὲμακαρίσθη
1352 1393 1365 1408 ο
1399 1377 1426 1427 6
1452 1376 1749 1444 Ναθαναὴλ
1772 1378 1854 1440 δὲ,

248 1465 356 1521 καὶ
390 1463 498 1532 ττρὸ
521 1464 629 1515 τῶν
661 1463 957 1532 θαυμάτων
982 1467 1074 1516 καὶ
1114 1466 1223 1532 πρὸ
1272 1467 1372 1532 τῆς
1407 1468 1764 1531 διδασκαλίας
1799 1467 1860 1520 τὸ

247 1554 397 1605 αὐτὸ
425 1554 682 1623 ποιήσας,
702 1555 804 1606 οὐκ
829 1555 1184 1624 ἐμακαρίσθη
1207 1574 1222 1620 ;
1246 1557 1396 1608 Διότι
1427 1559 1476 1609 εἰ
1504 1559 1599 1610 καὶ
1623 1558 1681 1608 τδ
1726 1557 1858 1610 αὐτὸ

247 1645 619 1712 ἐφθέγξαντο,
656 1645 771 1699 ἀλλ’
812 1645 875 1699 οὐ
934 1649 1074 1714 μετὰ
1126 1647 1226 1713 τῆς
1282 1647 1456 1716 αὐτῆς
1504 1647 1766 1709 διανοίας.
1799 1649 1858 1702 '0

251 1736 474 1803 Πέτρος
503 1735 604 1800 μὲν
635 1736 743 1805 γὰρ
769 1735 928 1804 φύσει
959 1737 1089 1788 Υἱδν
1123 1739 1218 1789 τοῦ
1254 1738 1390 1791 Θεοῦ
1426 1739 1617 1792 τοῦτον
1637 1741 1851 1808 ὡμολό-

1963 619 2377 688 constitutione,
2401 634 2456 678 et
2489 628 2556 679 de
2585 629 2966 696 praesentibus,
2991 639 3056 683 ut
3080 645 3204 684 cum
3230 630 3365 685 dixit
3385 631 3552 686 Cbri-

1963 716 2081 762 stus
2111 727 2229 779 qum.
2261 714 2371 765 sint
2427 715 2480 767 in
2509 718 2673 770 corde
2716 718 3022 773 hominum.

2038 799 2196 855 Vers.
2229 804 2316 858 50.
2348 804 2722 874 Respondit—
2755 810 2948 864 Israel.
2981 811 3145 865 Vides
3171 812 3406 865 animam
3438 827 3551 882 prae

1961 888 2334 948 nimialzetitia
2367 898 2754 960 exsultantem,
2791 899 2987 968 hisque
3015 902 3196 955 verbis
3221 900 3399 969 ipsum
3431 916 3548 954 an.-

1961 983 2288 1051 plectentem
2329 1003 2344 1040 :
2391 989 2494 1048 Tu.
2537 989 2735 1058 inquit,
2791 991 2878 1045 ille
2919 991 3034 1060 ipse
3085 1007 3145 1046 es
3202 994 3295 1061 qui
3354 1007 3550 1062 exspe-

1959 1075 2230 1132 ctabatnr.

2036 1167 2142 1221 Sed
2175 1185 2346 1235 quare
2398 1170 2592 1226 Petrus
2624 1173 2716 1242 qui
2772 1183 2894 1242 post
2931 1183 3078 1228 tanta
3131 1175 3390 1229 miracula
3419 1183 3545 1229 tan-

1963 1270 2182 1328 tamque
2235 1263 2540 1318 doCtrinam
2596 1265 2884 1320 confessus
2929 1276 3025 1337 est.
3067 1267 3247 1329 ipsum
3280 1283 3401 1320 esse
3455 1267 3547 1321 Dei

1961 1349 2182 1414 Filium,
2218 1352 2411 1408 beatus
2459 1355 2638 1408 dictus
2667 1365 2753 1409 est
2795 1374 2808 1409 :
2846 1355 3149 1410 Nalhanael
3195 1371 3325 1411 vero
3373 1355 3467 1424 qui
3497 1366 3552 1411 et

1959 1457 2088 1499 ante
2131 1446 2419 1510 miracula,
2461 1458 2518 1501 et
2549 1460 2676 1502 ante
2707 1449 3013 1502 doctrinam
3047 1449 3149 1502 hoc
3185 1449 3362 1518 ipsum
3398 1448 3547 1510 fecit,

1961 1557 2069 1594 non
2087 1552 2165 1595 est
2195 1540 2376 1596 dictus
2408 1543 2640 1596 beatus?
2665 1541 2802 1608 Quia
2825 1543 2949 1596 licet
2982 1543 3084 1596 hoc
3115 1542 3293 1612 ipsum
3329 1543 3550 1596 loeutus

1960 1643 2063 1698 est,
2086 1652 2193 1688 non
2215 1645 2398 1690 tamen
2417 1637 2607 1690 eadem
2627 1647 2830 1690 mente.
2851 1634 2982 1688 Nam
3004 1635 3200 1688 Petrus
3213 1651 3337 1688 cum
3356 1644 3548 1689 natura

1962 1727 2057 1780 Dei
2085 1726 2281 1780 Filium
2314 1743 2435 1781 esse
2460 1728 2750 1782 confessus
2773 1737 2858 1781 est
2887 1745 2902 1780 :
2932 1726 3234 1788 Nathanael
3274 1741 3425 1789 vero,
3455 1726 3548 1779 Dei

247 1844 466 1897 γησεν’
499 1831 528 1880 6
565 1828 862 1897 Ναθαναὴλ
895 1829 950 1881 δὲ
979 1828 1108 1881 Υἱδν
1152 1829 1247 1881 τοῦ
1285 1829 1422 1882 Θεοῦ
1477 1832 1658 1884 Θέσειο
1695 1837 1788 1884 καὶ
1828 1835 1856 1885 6

1976 1817 2158 1872 Filium
2217 1819 2553 1888 adoptione;
2611 1832 2667 1874 et
2712 1820 2804 1873 ille
2844 1819 3068 1888 quidem
3103 1817 3325 1888 proprie
3358 1818 3550 1878 Deum,

255 1921 364 1983 μὲν
393 1920 527 1972 Θεδν
561 1921 790 1989 κυρίως,
833 1923 860 1973 6
882 1923 937 1974 δὲ
984 1923 1118 1975 Θεδν
1154 1923 1296 1975 κατᾶ
1331 1923 1516 1992 χάριν.
1550 1924 1658 1974 Καὶ
1695 1925 1856 1976 τοῦτο

247 2012 447 2080 δῆλον,
475 2015 583 2065 ἀπὸ
613 2014 708 2065 τοῦ
755 2016 1094 2082 ἐπαγαγεῖν·
1128 2015 1206 2067 Σὺ
1234 2011 1292 2067 εἷ
1325 2019 1356 2067 ό
1394 2015 1704 2078 ,βασιλεὺς
1746 2015 1855 2068 τοῦ

247 2102 535 2171 Ἰσραήλ.
571 2103 631 2160 Ὀ
656 2106 766 2176 (74)
799 2109 904 2176 γὰρ
931 2107 1091 2176 φύσει
1115 2107 1242 2169 Υἱὸς
1265 2106 1358 2158 τοῦ
1391 2106 1528 2159 Θεοῦ
1577 2109 1635 2158 σὺ
1689 2107 1854 2175 μόνον

248 2198 372 2249 τῶν
411 2197 783 2268 Ἰσραηλιτῶν,
803 2200 942 2268 ἀλλα
991 2201 1210 2252 πάντων
1262 2199 1514 2268 βασιλεύς
1551 2199 1856 2251 ὲστιν.οὗκ

251 2265 516 2340 ἐντεῦθεν
560 2265 616 2342 δὲ
664 2293 826 2356 μόνον
865 2265 1023 2344 τοξδτο
1067 2265 1425 2361 δῆλοι-ἁλλὰ
1466 2293 1561 2343 καὶ
1596 2292 1690 2358 ἀφ’
1715 2283 1790 2344 ὧν
1821 2292 1849 2342 6

252 2382 500 2449 Χριστὸς
534 2383 832 2451 ἀπεκρίθη,
859 2383 1120 2451 προάγων
1152 2381 1346 2433 τοῦτον
1381 2382 1476 2433 ἐπὶ
1514 2383 1854 2450 τελειοτέραν

251 2474 554 2542 ὁμολογίαν
573 2477 664 2527 καὶ
693 2475 962 2527 διδάσκων
997 2475 1072 2545 μὴ
1100 2476 1174 2537 ὡς
1196 2474 1468 2545 ἀνθρώπῳ
1497 2474 1639 2544 ψιλῷ
1662 2491 1805 2544 προσ
1824 2503 1844 2512 -

257 2566 408 2632 ἐχειν
443 2566 615 2635 αὐτῷ,

333 2657 927 2726 Ἀπεκρίθη-ὄψει.
962 2658 1080 2710 Ἵνα
1135 2658 1231 2710 καὶ
1289 2658 1477 2728 μεῖζον
1522 2657 1849 2726 πιστεύσῃς.

261 2750 390 2802 Ἔτι
419 2750 528 2819 γὰρ
557 2750 731 2820 μικρὰ
760 2749 1026 2814 ἀκούσας,
1058 2749 1236 2818 μικρὰ
1274 2750 1590 2802 ἐπίστευσε.

334 2908 444 2964 Καὶ
494 2909 659 2978 λέγει
698 2939 770 2949 -—
812 2908 1149 2975 ἀνθρώπου.
1200 2907 1682 2979 [Ἀναϐαίνω-τας
1741 2907 1854 2975 (75)

256 2998 386 3056 εἷπε
423 3004 661 3068 πρῶτον,
697 3003 876 3073 δηλῶν
907 3003 1031 3061 τοὺς
1065 3005 1193 3070 ἄχρι
1235 3002 1427 3054 τούτου
1463 3001 1572 3069 (76)
1603 3017 1859 3069 συμπαρ-

257 3096 420 3157 ὄντας
461 3095 556 3148 καὶ
587 3095 970 3158 διακονοῦντας
1001 3093 1201 3165 αὒτῴ.]

345 3188 436 3249 Ὠς
471 3190 580 3258 γὰρ
641 3189 733 3240 ἐπὶ
785 3190 1011 3258 γνήσιον
1055 3183 1296 3238 Υἱδντιῦ
1355 3184 1517 3248 Θεοῦ,
1572 3184 1930 3252 ἀνέίαινονδ

263 3283 360 3334 καὶ
415 3279 737 3332 κατέϐαινον
793 3281 842 3331 οἱ
884 3278 1109 3346 ἄγγελοι
1168 3277 1260 3330 το]
1334 3275 1471 3328 Θεοῦ
1529 3276 1616 3327 ἐπ’
1669 3274 1854 3340 αὑτὸν,

261 3372 639 3436 διακονοῦντες
658 3389 670 3402 ·
696 3374 856 3426 τοῦτο
883 3373 983 3440 μὲν
1003 3373 1155 3441 παρὰ
1184 3372 1276 3422 τὸν
1299 3371 1486 3439 καιρὸν
1511 3369 1605 3420 τοῦ
1627 3368 1856 3433 πάθους,

265 3461 424 3514 τοῦτο
456 3463 511 3514 δὲ
542 3468 691 3532 παρὰ
722 3464 814 3514 τὸν
863 3465 962 3530 τῆς
995 3463 1375 3523 ἀναστάσεως,
1418 3460 1580 3511 τοῦτο
1616 3459 1672 3511 δὲ
1707 3459 1859 3528 παρὰ

261 3558 355 3608 τὸν
386 3557 485 3624 τῆς
513 3556 856 3625 ἀναλήψεωςο
896 3549 939 3624 ᾧ
969 3556 1024 3608 δὲ
1049 3554 1275 3622 ἄγγελοι
1321 3551 1638 3606 διακονοῦσι
1669 3551 1856 3604 6003.0-

265 3650 518 3718 πρεπῶς,
552 3643 706 3711 οὗτος
772 3649 874 3700 οὐκ
925 3646 1076 3700 ἐστιν
1123 3647 1410 3713 ἄνθρωπος
1469 3644 1682 3706 ἁπλῶς,
1724 3642 1860 3694 ἀλλὰ

267 3744 362 3795 καὶ
414 3743 526 3811 (77)
573 3742 702 3804 Θεὸς
763 3741 858 3793 καὶ
912 3741 1191 3807 Δεσπότης
1241 3737 1447 3792 αὐτῶν.
1486 3735 1679 3805 Ἀμὴν,
1709 3734 1858 3804 ἀμὴν

263 3835 408 3901 λέγω
440 3836 567 3902 ὑμῖν
597 3837 710 3895 τοῖς
762 3837 996 3896 πιστοῖς,
1028 3834 1232 3900 ἄπαρτι
1256 3831 1478 3900 ὄψεσθε,
1512 3830 1652 3897 μετὰ
1676 3830 1736 3880 τὸ
1765 3847 1857 3880 πι-

267 3924 490 3977 στεῦσαι
530 3925 789 3993 γνησίως.
825 3922 1015 3976 Ταῦτα
1057 3922 1114 3974 δέ
1139 3924 1245 3974 εἱσι
1291 3922 1358 3972 τὰ
1411 3920 1585 3988 μείζω
1626 3920 1748 3988 περὶ
1785 3912 1860 3971 ὧν

268 4015 422 4070 εἶπεν
438 4018 518 4068 ὅτι
542 4015 725 4076 Μείζω
752 4015 988 4068 τούτων
1011 4015 1174 4082 ὄψει.

341 4103 505 4172 Ὂᾷιν
529 4104 586 4156 δὲ
625 4104 818 4173 νόησον
879 4101 972 4154 καὶ
1016 4106 1113 4170 τὴν
1145 4101 1368 4167 γνῶσιν.
1417 4101 1706 4167 Ἔγνωσαν
1747 4102 1859 4171 γὰρ

266 4197 438 4249 ταῦτα
473 4198 674 4257 πάντες
711 4196 760 4248 οἱ
795 4195 1057 4264 μαθηταὶ,
1075 4198 1122 4246 οἱ
1161 4195 1258 4264 μὲν
1295 4194 1582 4257 ἰδόντες,οἱ
1617 4193 1674 4246 δὲ
1701 4193 1859 4246 ἀκού·

269 4305 464 4350 σαντες
498 4287 648 4356 παρὰ
677 4288 786 4339 τῶν
822 4287 1062 4340 ἰδόντων.

338 4374 516 4450 ’θ’περ
551 4381 606 4432 δὲ
630 4382 686 4430 ὲν
717 4379 924 4442 ἄλλοις,
955 4378 1114 4430 τοῦτο
1143 4379 1238 4430 καὶ
1271 4377 1367 4430 νῦν
1400 4380 1565 4430 ποιεῖ.
1611 4376 1720 4429 Δύο
1747 4376 1858 4446 γὰρ

265 4466 439 4518 εἰπὼν
506 4467 868 4537 προρρήσεις,
915 4468 1014 4534 τὴν
1074 4467 1174 4535 μὲν
1240 4466 1710 4536 ὁμολογουμένην,
1775 4467 1858 4519 ὅτι

265 4560 389 4626 Πρὸ
411 4559 518 4611 τοῦ
539 4558 614 4612 σὲ
639 4560 942 4612 Φίλιππον
965 4575 1088 4627 φωγ
1103 4558 1268 4625 ῆσαι,
1289 4559 1435 4611 ὄντα
1473 4559 1594 4612 ὑπὸ
1620 4560 1738 4626 τὴν
1753 4573 1859 4612 συ-

1961 1910 2048 1962 liic
2083 1918 2265 1962 autem
2320 1926 2416 1978 per
2444 1911 2696 1980 gratiam,
2722 1913 2866 1980 quod
2893 1911 3243 1964 manifestum
3277 1918 3364 1963 est
3393 1925 3459 1963 ex
3486 1925 3553 1963 eo

1958 2002 2100 2070 quod
2139 2002 2390 2055 subditur
2419 2020 2434 2056 :
2473 2003 2551 2055 Tu
2581 2021 2634 2056 es
2663 2020 2756 2057 rex
2805 2002 3001 2056 Israel.
3041 2002 3143 2068 Qui
3178 2002 3326 2056 enim
3358 2012 3554 2056 natura

1957 2095 2053 2148 Dei
2089 2095 2258 2150 Filius
2294 2107 2395 2152 est.
2433 2113 2543 2152 non
2588 2097 2955 2151 lsraelitarum
2981 2096 3180 2158 solum,
3213 2096 3306 2150 sed
3339 2104 3395 2149 et
3429 2112 3552 2150 om—

1958 2187 2111 2240 nium
2136 2186 2237 2242 ’τοι
2284 2199 2386 2241 est.
2414 2188 2604 2257 Neque
2641 2190 2769 2242 hinc
2815 2191 2992 2244 solum
3049 2188 3400 2242 manifestum
3443 2197 3552 2251 est,

1959 2294 2151 2330 verum
2192 2279 2361 2332 etiam
2418 2280 2486 2333 ab
2534 2281 2623 2332 bis
2675 2296 2795 2349 qua:
2846 2281 3133 2349 respondit
3165 2279 3443 2343 Christus,
3484 2279 3553 2332 ad

1958 2369 2344 2434 perfectiorem
2396 2371 2804 2424 confessionem
2857 2372 3002 2425 hunc
3039 2371 3309 2425 inducens
3342 2387 3404 2424 ac
3448 2370 3550 2424 do-

1957 2477 2108 2524 cens,
2141 2478 2210 2514 ne
2261 2462 2363 2515 sibi
2403 2464 2560 2531 quasi
2597 2478 2736 2532 puro
2773 2463 2980 2515 homini
3011 2463 3370 2518 auscultaret.

2030 2639 2186 2695 Vers.
2239 2639 2328 2693 51.
2381 2638 2668 2708 Respondit
2725 2670 2796 2678 —
2843 2639 3062 2693 videbis.
3129 2637 3201 2693 Ut
3254 2637 3554 2708 perfectius

1957 2729 2168 2784 credas.
2223 2730 2358 2783 Nam
2395 2746 2520 2784 cum
2575 2747 2742 2800 parva
2791 2731 2973 2784 adhuc
3037 2731 3302 2794 audisset,
3359 2745 3552 2799 parum

1965 2822 2247 2875 credebat.

2031 2911 2187 2965 Vers.
2226 2911 2313 2964 52.
2350 2912 2418 2968 Et
2465 2913 2599 2966 dixit
2649 2945 2721 2954 —
2753 2914 3002 2966 hominis.
3054 2912 3094 2983 -1-
3144 2912 3384 2965 Primum
3417 2911 3554 2966 dixit

1959 3001 2332 3066 Ascendentes,
2370 3005 2688 3072 significans
2737 3008 2882 3074 quod
2940 3022 3114 3074 usque
3163 3016 3292 3058 tunc
3324 3020 3450 3059 cum
3484 3020 3551 3059 eo

1962 3102 2259 3160 prmsentes
2279 3094 2495 3147 fuerant
2526 3095 2685 3163 eique
2723 3097 2972 3149 ministra
2985 3105 3195 3150 verant.

2038 3184 2317 3252 Siquidem
2367 3196 2625 3254 tanquam
2673 3202 2839 3256 super
2877 3187 3180 3257 legitimum
3218 3187 3309 3240 Dei
3355 3186 3551 3241 Filium

1961 3275 2334 3329 ascendebant
2371 3286 2425 3329 et
2477 3278 2890 3332 descendebant
2941 3279 3119 3349 angeli
3161 3279 3253 3333 Dei
3295 3280 3361 3333 ad
3404 3295 3551 3342 eum.

1962 3367 2339 3421 ministrantes
2376 3369 2450 3422 illi
2479 3387 2491 3422 :
2524 3371 2626 3424 hoc
2656 3372 2880 3439 quidem
2916 3373 3059 3426 circa
3098 3381 3310 3440 tempus
3341 3373 3554 3442 passio-

1962 3457 2067 3519 nis,
2104 3458 2230 3512 illud
2281 3469 2465 3513 autem
2507 3472 2756 3530 tempore
2795 3464 3222 3517 resurrectionis
3253 3473 3307 3516 et
3349 3466 3426 3532 (η)
3465 3479 3551 3517 as-

1964 3551 2314 3617 sumptionis.
2345 3552 2443 3605 Cui
2503 3561 2686 3606 autem
2717 3553 2769 3606 in
2815 3555 3036 3609 modum
3070 3571 3354 3610 servorum
3393 3556 3554 3608 mini-

1961 3652 2139 3697 strant
2178 3643 2378 3712 angeli,
2415 3643 2500 3696 hic
2541 3661 2649 3696 non
2692 3646 3016 3714 simpliciter
3050 3649 3213 3700 ιιυιιιο
3241 3654 3342 3700 est.
3380 3645 3472 3699 sed
3498 3654 3554 3698 et

1965 3734 2107 3788 Deus
2134 3750 2196 3787 ac
2216 3733 2502 3788 Dominus.
2530 3735 2728 3798 Amen,
2756 3753 2935 3798 amen.
2959 3737 3081 3792 dico
3101 3738 3254 3791 vobis
3279 3737 3551 3798 ﬁdelibus.

1963 3829 2192 3894 posthac
2214 3828 2492 3892 videbitis,
2536 3838 2658 3897 post
2702 3830 2993 3898 ingenuam
3030 3846 3326 3898 veramque
3367 3829 3550 3884 fidem.

1963 3919 2090 3972 llaec
2118 3930 2296 3971 autem
2326 3929 2452 3972 sunt
2481 3922 2686 3988 majora
2715 3922 2803 3974 illa
2836 3922 2903 3976 de
2931 3922 3132 3990 quibus
3161 3922 3393 3987 dixerat,
3430 3920 3553 3974 Ma-

1956 4009 1985 4077 j
1992 4026 2086 4062 ora
2119 4009 2200 4063 his
2243 4011 2463 4064 videbis.

2036 4097 2318 4153 Visionem
2355 4115 2484 4154 vero
2515 4099 2759 4168 intelligo
2784 4100 2949 4153 etiam
2988 4100 3387 4171 cognitionem.
3425 4101 3554 4156 “(eo

1962 4191 2108 4244 enim
2142 4207 2334 4245 omnes
2364 4191 2616 4260 discipuli
2658 4203 3036 4261 cognoverunt
3079 4211 3091 4245 :
3133 4193 3184 4245 hi
3213 4192 3434 4262 quidem
3471 4194 3556 4247 vi-

1963 4284 2181 4350 dentes,
2225 4284 2300 4337 illi
2341 4292 2524 4338 autem
2570 4284 2639 4337 ab
2692 4285 2780 4337 bis
2811 4284 2902 4350 qui
2945 4285 3195 4338 viderant
3243 4286 3554 4340 audientes.

2035 4377 2192 4442 Quod
2225 4391 2358 4446 ergo
2393 4377 2446 4429 in
2480 4377 2622 4435 aliis.
2658 4376 2763 4430 hoc
2796 4376 2960 4429 etiam
3004 4392 3152 4429 uiuite
3189 4374 3338 4430 facit.
3375 4375 3555 4444 Siqui-

1963 4463 2086 4517 dem
2121 4463 2229 4516 duo
2270 4462 2526 4516 vaticinia
2570 4463 2797 4532 protulit
2839 4480 2854 4517 :
2889 4480 3062 4518 unum
3095 4475 3307 4518 certum
3340 4466 3553 4530 dicens,

1963 4555 2285 4625 Priusquam
2317 4567 2365 4609 te
2389 4552 2659 4622 Philippus
2699 4564 2928 4618 vocaret,
2959 4573 3078 4608 cum
3105 4573 3240 4610 esses
3287 4558 3381 4610 sub
3427 4557 3554 4626 ﬁcu,

263 4650 408 4717 κῆν,
426 4645 592 4702 εἶδόν
619 4665 714 4702 σε·
735 4652 836 4718 τὴν
861 4650 917 4702 δὲ
956 4650 1284 4719 ἁμφίϐολονο
1315 4651 1398 4703 ὄτι
1432 4651 1727 4718 Ὄψονται
1753 4652 1858 4704 τὸν

1976 4647 2190 4700 ridebam
2218 4656 2265 4699 te
2290 4663 2309 4711 ;
2353 4646 2497 4699 aliud
2533 4661 2661 4700 vero
2688 4647 3023 4714 ambiguum,
3053 4658 3180 4716 puta
3208 4648 3359 4717 quod
3388 4649 3555 4705 visuri

265 4742 535 4809 οὐρανόν
562 4742 867 4809 ἀνεῳγότα
887 4743 982 4795 καὶ
1002 4743 1069 4794 τὰ
1106 4743 1232 4810 ἑξῆς
1253 4759 1266 4770 ·
1303 4740 1411 4794 ἀπὸ
1430 4744 1529 4811 τῆς
1562 4743 1858 4812 ὁμολογου-

1976 4749 2141 4794 ιεδοιιι
2163 4739 2331 4792 cmlos
2367 4747 2586 4807 apertos
2614 4750 2670 4792 et
2699 4745 2913 4803 cetera,
2935 4748 2987 4792 et
3025 4755 3054 4792 a
3087 4745 3240 4793 certo
3267 4739 3556 4792 confirmat

271 4833 441 4902 μένης
475 4833 682 4901 βεϐαιοῖ
704 4833 803 4902 τὴν
834 4833 948 4902 (78)
979 4833 1304 4902 ἀμφίϐολον.
1337 4833 1430 4886 At?)
1467 4835 1563 4887 καὶ
1595 4835 1858 4906 σεσίγηκε

1976 4831 2300 4902 nnbiguum.
2347 4829 2472 4886 Ideo
2503 4831 2668 4886 etiam
2718 4830 3020 4886 Nathanael
3067 4832 3258 4897 tacuit,
3285 4834 3556 4886 ‘Cbristus

270 4926 370 4992 μὲν
392 4925 422 4976 6
445 4925 767 4994 Ναθαναὴλ,
796 4925 990 4994 ἔστησε
1014 4925 1069 4977 δὲ
1099 4927 1192 4977 καὶ
1224 4927 1252 4979 6
1283 4924 1516 4998 Χριστὸς
1551 4928 1714 5000 μέχρι
1736 4929 1858 4982 τού-

1976 4940 2094 4980 vcro
2129 4925 2201 4996 (ο)
2233 4924 2478 4978 substitit
2506 4939 2568 4980 ac
2603 4926 2777 4988 siluit,
2803 4935 3133 4997 exspectans
3156 4929 3380 4983 verbum
3411 4927 3553 4998 ejus,

265 5034 362 5068 τον
388 5017 481 5070 τὸν
513 5018 696 5085 λόγον,
719 5018 880 5086 ἀφεὶς
913 5016 1080 5070 αὐτὸν
1109 5018 1232 5071 κατ’
1263 5017 1400 5072 ἰδίαν
1421 5019 1853 5087 ἀναλογίσασθαι

1976 5028 2151 5080 sincns
2178 5026 2234 5072 ut
2264 5016 2410 5073 dicta
2440 5019 2585 5088 apud
2614 5035 2674 5076 se
2707 5020 3033 5079 revolverct.
3065 5020 3169 5078 Ubi
3195 5021 3342 5077 enim
3366 5036 3554 5078 semen

1463 5181 1665 5243 Varize
1723 5181 2026 5246 lectiones
2057 5193 2118 5247 et
2153 5193 2342 5248 noue.

339 5345 450 5410 (75)
480 5345 646 5413 Λέγει
673 5345 733 5399 Α.

340 5414 452 5478 (7t)
487 5416 569 5471 Ei.
604 5431 702 5483 pro
733 5417 781 5479 6,
823 5415 887 5469 A.

336 5484 450 5552 (75)
486 5486 696 5539 Inclusa
737 5487 789 5539 in
817 5486 1059 5556 uiairgiuo
1087 5486 1291 5541 habent
1331 5488 1396 5551 Α,
1434 5489 1491 5542 Β.

2037 5352 2148 5420 (715)
2187 5353 2352 5421 Ἀχρι
2384 5354 2508 5406 τότε
2548 5353 2618 5409 Α.

2033 5422 2146 5486 477)
2179 5422 2288 5476 Καί
2329 5423 2485 5479 abest
2513 5425 2577 5478 A.

2038 5493 2148 5562 (78)
2179 5491 2272 5559 Τὸ,
2325 5509 2425 5562 pro
2462 5496 2585 5564 τήν,
2629 5495 2697 5547 Α.

371 5642 564 5708 (n)Hoc
593 5673 655 5682 —
679 5644 812 5698 illud
845 5654 994 5697 —et.
1053 5645 1229 5698 Τοῦτο
1285 5647 1384 5713 μὲν
1412 5675 1480 5684 -——
1514 5645 1671 5697 τοῦτο
1703 5647 1758 5698 δὲ
1784 5677 1843 5686 —-

278 5710 426 5764 τοῦτο
452 5714 529 5777 δὲ,
555 5730 619 5766 ex
653 5715 856 5782 quibus
886 5723 1228 5781 postremum
1272 5710 1382 5768 non
1420 5715 1636 5767 videtur
1677 5733 1846 5783 agno-

269 5798 422 5834 scere
455 5785 776 5837 llenlenius.
804 5784 973 5838 Reddi
993 5785 1288 5847 debebant,
1313 5785 1440 5837 Tum
1475 5796 1703 5850 tempore
1727 5803 1847 5853 pns-

267 5853 452 5917 aionis,
481 5865 590 5906 tum
622 5855 1047 5920 resurrectionis,
1083 5864 1193 5907 tum
1235 5856 1630 5921 ass-ampliatus.

2035 5649 2107 5717 (0)
2135 5649 2375 5704 Christus
2406 5667 2548 5715 vero,
2613 5660 2718 5706 etc.
2769 5651 3023 5708 Christus
3055 5667 3184 5707 vero
3230 5651 3390 5705 etiam
3427 5663 3550 5707 ser-

1964 5735 2179 5772 monem
2214 5719 2303 5772 hic
2331 5722 2664 5793 terminavit.
2725 5724 3041 5793 relinquens
3094 5723 3172 5778 illi
3219 5737 3403 5777 secum
3465 5735 3538 5787 re»

1964 5799 2158 5856 putare
2207 5805 2327 5858 qua:
2355 5790 2497 5846 dictu
2531 5799 2733 5847 essent.
