4010 6494
423 425 559 487 1147

1666 417 2055 479 EUTHYMH
2100 412 2468 474 ZIGABENI

3559 392 3693 468 ius

420 540 475 592 in
537 547 740 591 terram
794 542 996 592 bonam
1063 532 1416 596 seminasset,
1480 529 1700 600 reliquit
1746 547 1760 583 :
1804 539 1861 582 ut
1915 543 2011 598 per

2135 527 2183 579 τὰ
2240 525 2526 595 λεχθέντα.
2565 521 2906 577 Καταϐαλὼν
2962 521 3072 594 γὰρ
3121 522 3202 584 είς
3235 520 3340 590 γῆν
3395 517 3565 590 καλήν
3606 522 3695 574 τὸν

419 633 595 686 otium
627 629 976 702 postmodum
1010 637 1358 684 nasceretur.

773 739 929 796 CAP.
966 739 1008 794 1.
1040 740 1117 794 De
1150 740 1344 810 nuptiis
1385 741 1440 792 in
1471 737 1650 793 Cana.

489 832 621 900 Cap.
655 830 722 885 ll.
749 832 905 888 Vers.
935 833 980 887 l.
1013 833 1081 888 Et
1106 831 1362 888 Galilwtz.
1397 830 1583 886 Tertio
1602 840 1726 902 post
1747 830 1953 885 Christi
1979 845 2010 884 a

419 921 639 976 deserto
665 923 1018 978 descensum.

493 1013 649 1068 Vers.
677 1015 730 1068 l.
762 1014 832 1068 Et
867 1045 939 1054 —
965 1014 1075 1069 ibi.
1097 1016 1300 1070 Vocata
1334 1025 1594 1087 tanquam
1628 1015 1915 1070 familiaris
1944 1013 2012 1068 ab

423 1105 511 1158 his
541 1105 634 1175 qui
667 1105 888 1173 nuptias
912 1107 1291 1163 celebrabant.

488 1194 646 1251 Vers.
677 1197 732 1249 2.
779 1195 1006 1251 Vocatus
1050 1201 1380 1267 —nttptias.
1423 1197 1486 1252 Et
1523 1198 1629 1268 ipsi
1668 1198 1822 1268 quasi
1850 1196 2013 1252 fami-

421 1287 604 1342 liares.
638 1289 889 1344 Accessit
913 1300 1094 1346 autem
1125 1291 1374 1346 Salvator
1399 1307 1508 1345 non
1544 1293 1731 1346 habito
1757 1299 2016 1361 respectu

421 1381 491 1437 ad
537 1396 694 1434 suam
742 1382 1083 1453 dignitatem,
1135 1383 1228 1437 sed
1271 1384 1337 1438 ad
1374 1383 1660 1438 hominum
1698 1383 2012 1441 utilitatem.

422 1473 710 1542 Siquidem
744 1475 838 1544 qui
886 1477 1113 1545 nuptias
1147 1476 1497 1540 condiderat,
1532 1477 1684 1531 venit
1711 1487 1769 1530 ut
1795 1493 1890 1532 eas
1917 1477 2014 1531 ho-

419 1573 662 1629 novaret,
719 1581 927 1636 suaque
973 1567 1262 1637 praesentia
1317 1568 1736 1631 sanctiﬁcaret;
1787 1579 1842 1624 et
1888 1585 2014 1623 cum

419 1657 565 1710 servi
591 1656 823 1711 formam
861 1659 1268 1728 assumpsisset.
1306 1674 1416 1713 non
1453 1659 1780 1730 dedignatur
1821 1661 2016 1715 serv‘o-

421 1763 542 1802 rum
593 1749 866 1805 interesse
917 1752 1151 1820 nuptiis,
1184 1751 1318 1806 licet
1351 1753 1444 1820 qui
1500 1768 1626 1807 eum
1666 1763 2012 1818 vocaverant,

2113 618 2338 689 σπόρον,
2388 617 2686 670 κατέλιπεν
2735 617 2828 668 ἐπὶ
2874 616 3074 686 σχολῆς
3128 614 3432 684 βλαστῆσαι
3490 611 3693 667 λοιπόν.

2349 735 2508 789 ΚΕΦ.
2534 734 2617 789 A’.
2647 733 2784 801 Περὶ
2811 732 2918 786 τοῦ
2950 733 3021 786 ἐν
3038 729 3206 793 Κανᾶ
3223 723 3436 800 γάιίου.

2183 826 2292 880 Kal
2317 855 2388 867 -—
2428 825 2782 889 Γαλιλαίας.
2812 825 2891 895 Τῇ
2921 824 3083 895 τρίτῃ
3156 823 3295 894 μετὰ
3326 823 3424 893 τήν
3461 822 3570 876 ἀπὸ
3603 821 3697 891 τῆς

2112 919 2326 988 ἐρήμου
2364 916 2594 970 κάθοδον
2627 915 2721 969 τοῦ
2756 914 3023 985 Χριστοῦ.

2183 1010 2293 1065 Καὶ
2320 1039 2393 1050 ——
2421 1009 2564 1064 ἐκεῖ.
2608 1009 2890 1079 κληθεῖσα
2942 1006 3095 1078 παρὰ
3125 1009 3234 1059 τῶν
3280 1005 3584 1059 τελούντων
3613 1004 3700 1058 τὶν

2111 1104 2290 1172 γάμον
2329 1103 2406 1164 ὡς
2435 1101 2735 1172 γνώριμος.

2184 1193 2452 1259 Ἐκλήθη
2474 1224 2544 1233 -
2575 1193 2785 1262 τάμον.
2835 1192 2945 1247 Καὶ
2987 1191 3140 1244 αὐτοὶ
3178 1192 3253 1254 ὡς
3286 1191 3576 1261 γνώριμοι.
3597 1192 3704 1244 Καὶ

2115 1284 2361 1354 ἀπῆλθεν
2390 1287 2418 1338 ὁ
2444 1285 2738 1354 Σωτὴρ,οὑ
2769 1283 2907 1360 πρὸς
2932 1283 3030 1353 τὴν
3054 1283 3253 1335 ἑαυτοῦ
3289 1283 3502 1352 βλέπων
3527 1281 3701 1346 ἀξίαν,

2114 1378 2252 1432 ἀλλὰ
2285 1378 2422 1446 πρὸς
2456 1379 2556 1448 τήν
2589 1375 2700 1430 τῶν
2739 1365 3047 1444 ἀνθρώπων
3095 1375 3390 1442 ὠφέλειαν.
3418 1378 3528 1430 Καὶ
3559 1377 3588 1427 ὁ
3618 1371 3706 1428 τὸν

2114 1471 2295 1540 γάμον
2344 1469 2722 1541 νομοθετήσας
2786 1464 2919 1540 ἦλθε
2968 1469 3218 1538 τιμήσων
3271 1466 3360 1520 τὸν
3399 1467 3708 1535 γάμον,καὶ

2117 1564 2366 1631 ἀγιάσων
2415 1562 2580 1615 αὑτὸν
2613 1563 2678 1631 τῇ
2715 1559 2996 1632 παρουσίᾳ
3016 1579 3030 1592 ο
3065 1561 3161 1613 καὶ
3191 1563 3218 1612 ὁ
3251 1561 3466 1630 μορφὴν
3520 1557 3705 1611 δούλου

2109 1655 2297 1708 λαϐὼν
2348 1655 2449 1708 οὐκ
2482 1653 2798 1724 ἀπηξίωσεν
2834 1657 2914 1715 εἰς
2946 1653 3127 1724 γάμον
3153 1653 3265 1722 (79)
3291 1653 3404 1705 δού)
3417 1670 3494 1704 ων
3524 1667 3708 1715 παρα-

2117 1746 2398 1815 γενέσθαι,
2430 1748 2478 1799 εί
2515 1745 2611 1799 καὶ
2641 1746 2742 1816 τὴν
2780 1747 3170 1816 προσήκουσαν
3193 1743 3325 1812 περὶ
3357 1741 3523 1822 αὐτού
3553 1740 3710 1805 δόξαν

418 1854 530 1896 non
564 1841 833 1911 haberent
867 1853 1261 1913 congruentem
1293 1845 1361 1899 de
1394 1860 1461 1898 eo
1493 1845 1837 1915 opinionem.
1864 1845 2012 1902 Sim-

2135 1839 2217 1892 ith
2242 1833 2390 1908 εἶχον
2413 1837 2464 1890 oi
2499 1837 2852 1898 καλέσαντες.
2887 1836 2974 1898 Ὠς
3024 1836 3134 1903 γὰρ
3176 1833 3367 1896 ἁπλῶς
3405 1833 3708 1904 γνώριμον,

418 1934 636 2004 pliciter
657 1934 805 1987 enim
839 1945 1096 2004 tanquam
1131 1943 1344 2003 notum,
1376 1952 1658 2006 unumque
1689 1954 1720 1993 e
1764 1939 2013 2008 pluribus

2135 1932 2219 1984 mi
2245 1929 2356 1983 τῶν
2387 1929 2603 1982 πολλῶν
2637 1929 2758 1994 ἕνα,
2785 1928 2979 1983 τοῦτον
3015 1924 3305 1982 ἐκάλεσαν.

421 2023 572 2076 illum
612 2032 966 2076 vocaverant.

489 2113 648 2168 Vers.
682 2114 736 2168 5.
770 2113 838 2168 Et
891 2143 961 2154 —
992 2116 1206 2174 habent.
1242 2117 1378 2171 Cum
1408 2127 1663 2172 carerent
1704 2119 1854 2177 vino.
1908 2119 2014 2174 hoc

419 2215 525 2268 est,
559 2222 684 2260 cum
722 2220 862 2274 opus
891 2216 1037 2260 esset
1068 2208 1218 2270 vino,
1245 2209 1362 2263 sive
1397 2225 1520 2264 cum
1548 2211 1660 2279 jam
1702 2212 1892 2265 vinum
1921 2213 2015 2265 tle-

420 2298 661 2353 lecisset.
696 2296 852 2365 (Nam
912 2298 1078 2353 habet
1120 2298 1311 2354 Graeca
1367 2301 1550 2354 littera
1607 2303 2016 2373 ὑστερήσαντος

420 2389 616 2456 οἴνου.)
665 2389 857 2457 Neque
909 2390 1054 2444 enim
1098 2391 1166 2445 ad
1217 2391 1271 2446 id
1321 2408 1495 2461 usque
1545 2394 1809 2463 temporis
1845 2394 2014 2447 ullum

421 2481 625 2535 iecerat
674 2482 1030 2536 miraculum.
1062 2481 1204 2538 Cum
1258 2499 1391 2554 ergo
1439 2487 1789 2555 cognovisset
1844 2495 2018 2540 mater

422 2591 544 2648 quae
575 2575 719 2629 circa
763 2576 942 2645 ipsum
976 2588 1157 2641 erant,
1214 2577 1471 2646 quodque
1506 2578 1747 2632 Joannes
1795 2589 2020 2647 propter

423 2682 552 2719 eum
593 2677 841 2733 venerat,
896 2683 960 2723 ac
1003 2669 1073 2723 de
1125 2669 1272 2723 illius
1301 2669 1589 2723 divinitate
1638 2670 2020 2724 testimonium

424 2761 649 2824 tulerat,
679 2769 734 2815 et
767 2761 912 2831 quod
959 2762 1175 2816 caelitus
1220 2762 1287 2816 de
1325 2777 1392 2816 eo
1439 2763 2016 2818 testimonium'acce-

422 2863 600 2922 perat,
652 2853 814 2908 simul
846 2857 1009 2908 etiam
1061 2855 1278 2919 videns,
1321 2856 1466 2925 quod
1517 2856 1816 2924 discipulos
1859 2871 2019 2910 acce-

423 2953 603 3012 perat,
663 2944 936 2998 intellexit
975 2946 1118 3013 quod
1168 2945 1400 3000 revelari
1446 2961 1515 2999 ex
1553 2949 1618 2999 eo
1646 2955 1894 3015 tempore
1932 2946 2019 2999 in-

421 3033 657 3103 ciperet.
711 3034 941 3104 Sumpta
975 3036 1140 3105 igitur
1171 3036 1372 3090 ﬁducia
1420 3036 1714 3105 deprecata
1754 3047 1838 3091 est
1893 3051 2020 3091 eum

423 3139 524 3193 pro
557 3123 867 3180 deﬁcientis
884 3125 994 3179 vini
1022 3126 1286 3181 miraculo
1318 3143 1330 3179 :
1368 3134 1425 3180 et
1455 3126 1541 3179 his
1565 3128 1657 3196 qui
1688 3136 2022 3182 vocaverant

2196 2115 2306 2169 Καὶ
2344 2143 2404 2152 -
2437 2113 2715 2182 ἔχουσιν.
2762 2113 3220 2184 ’Υστερήσαντος,
3261 2113 3380 2182 ἦτοι
3432 2111 3717 2180 ἐνδεήσαν-

2123 2223 2236 2270 τος,
2269 2205 2641 2274 ὲλλείψαντος.
2675 2203 2842 2258 Οὔπω
2902 2204 3002 2272 μὲν
3045 2201 3146 2266 οὖν
3204 2202 3309 2264 ἕως
3353 2203 3476 2254 τότε
3529 2198 3716 2269 θαῦμα

2126 2295 2452 2364 πεποίηκεν.
2503 2296 2656 2347 Ἐπεὶ
2677 2294 2733 2348 δὲ
2763 2295 3089 2364 μεμάθηκεν
3116 2294 3365 2363 ήΜήτηρ
3393 2291 3460 2344 τὰ
3487 2293 3604 2343 κατ’
3629 2289 3719 2341 ati-

2125 2391 2237 2457 τὸν,
2257 2391 2338 2442 ὅτι
2357 2407 2414 2441 τε
2437 2389 2503 2442 δι’
2533 2389 2695 2441 αὑτὸν
2725 2383 2891 2457 ἦλθεν
2921 2390 2949 2439 ὀ
2983 2387 3239 2456 Ἰωάννης
3269 2385 3363 2437 καὶ
3392 2385 3474 2437 ὅτι
3506 2399 3717 2452 μεμαρ-

2125 2485 2335 2556 τύρηκε
2369 2486 2495 2552 περὶ
2529 2485 2626 2551 τῆς
2668 2484 2924 2553 θεότητος
2951 2479 3116 2534 αὑτοῦ
3141 2481 3237 2532 καὶ
3273 2480 3354 2532 ὅτι
3411 2477 3503 2530 καὶ
3549 2476 3717 2544 οὐρα-

2127 2581 2281 2634 νόθεν
2339 2579 2726 2652 ἐμαρτυρήθη,
2760 2579 2877 2646 ἅμα
2938 2576 2994 2628 δὲ
3029 2576 3126 2628 καὶ⁵
3167 2562 3313 2628 εἶδεν
3335 2574 3417 2626 ὅτι
3469 2571 3719 2641 μαθητὰς

2129 2671 2522 2742 προσελάϐετο,
2556 2672 2788 2740 συνῆκεν
2812 2671 2896 2721 ὅτι
2937 2667 3139 2738 ἤρξατο
3195 2666 3384 2718 λοιπὸν
3437 2662 3718 2718 ἀποκαλύ-

2128 2763 2386 2817 πτεσθαι.
2415 2764 2509 2816 Διὸ
2541 2763 2657 2825 καὶ,
2679 2762 3032 2834 θαρῤήσασα,
3051 2760 3428 2830 παρεκάλεσεν
3457 2757 3620 2810 αὐτὸν
3639 2758 3717 2816 εἰς

2131 2855 2586 2924 Θαυματουργίαν
2645 2855 2794 2907 οἴνου
2849 2852 3224 2914 ἐλλείποντος,
3283 2850 3582 2920 βουλομένη
3627 2851 3722 2902 καὶ

2129 2949 2239 3008 τοῖς,
2267 2947 2527 2998 καλέσασι
2561 2942 2878 2996 καταθεῖναι
2909 2945 3093 3013 χάριν,
3115 2945 3208 2995 καὶ
3251 2944 3451 3009 ἑαυτήν
3481 2939 3722 3009 λαμπρο-

2129 3040 2297 3110 τέραν
2329 3038 2612 3107 ἀποφῆναι
2659 3037 2746 3090 διὰ
2768 3037 2868 3106 τῆς
2897 3036 2992 3089 τοῦ
3023 3037 3159 3089 Υῖοῦ
3189 3035 3489 3105 δυνάμεως.
3515 3033 3605 3085 Διὸ
3633 3032 3722 3086 καὶ

2131 3133 2364 3202 ἐπιτιμᾷ
2399 3132 2537 3201 αὐτῇ
2575 3131 2675 3183 οὐκ
2706 3129 3013 3200 ἀτιμάζων,
3042 3127 3181 3183 ἀλλὰ
3219 3127 3598 3198 διορθούμενος
3647 3125 3721 3186 ὡς

423 3203 652 3284 gratiam
697 3214 891 3269 volens
935 3216 1259 3285 rependere,
1302 3224 1357 3270 et
1385 3231 1538 3270 suam
1573 3216 1799 3282 gloriatn
1834 3217 2017 3270 volens

2135 3224 2379 3294 ἀκαίρως
2429 3221 2916 3292 παρακαλέσασαν.
2953 3225 3075 3275 Ὀτι
3112 3223 3224 3291 γὰρ
3269 3221 3472 3290 σφόδρα
3515 3219 3721 3286 ταύτην

422 3321 524 3375 per
545 3305 665 3359 Filii
704 3306 1008 3376 potentiam
1044 3308 1446 3362 demonstrare.
1485 3306 1727 3376 Ideoque
1751 3322 1871 3361 eam
1901 3323 2027 3361 cor-

2131 3319 2321 3387 ἐτίμα,
2354 3316 2514 3386 δῆλον
2537 3317 2647 3370 ἀπό
2670 3333 2729 3368 τε
2758 3315 2975 3369 πολλῶν
3005 3315 3182 3369 ἄλλων
3215 3316 3311 3368 καὶ
3333 3316 3442 3366 ἀπὸ
3463 3313 3559 3365 τοῦ
3585 3312 3722 3380 πλη-

423 3396 578 3467 ripit,
610 3413 720 3452 non
748 3399 904 3468 quasi
934 3399 1303 3468 vilipendens,
1324 3402 1419 3455 sed
1449 3401 1732 3471 corrigens
1764 3410 2017 3471 tanquam

2135 3412 2312 3483 ρῶσαι
2347 3410 2446 3480 τὴν
2484 3408 2746 3479 τοιαύτην
2776 3410 2946 3478 αὐτῆς
2987 3409 3360 3480 παράκλησιν·
3421 3405 3722 3475 ἐπετίμησε

423 3490 811 3561 intempestive
842 3501 1180 3564 precantem.
1227 3494 1361 3548 Nam
1393 3495 1538 3564 quod
1576 3511 1696 3549 eam
1726 3496 2017 3565 plurimum

2135 3504 2234 3572 μὲν
2291 3501 2402 3572 γὰρ
2457 3502 2621 3571 αὐτῇ,
2667 3501 2939 3555 παιδεύων
2993 3502 3190 3571 μηκέτι
3240 3499 3466 3553 τοιαῦτα
3515 3499 3720 3567 ζητεῖν,

424 3584 748 3650 honoraret,
788 3595 844 3640 et
875 3601 942 3641 ex
993 3588 1114 3641 aliis
1139 3587 1328 3642 multis
1354 3588 1708 3644 manifestum
1736 3598 1839 3655 est,
1871 3601 1926 3645 et
1957 3605 2017 3646 ex

2135 3595 2247 3650 ἀλλ’
2269 3597 2366 3666 ὲᾷν
2392 3597 2459 3649 τὰ
2491 3596 2754 3665 θαύματα
2786 3596 2928 3649 κατὰ
2961 3596 3119 3664 λόγον
3144 3593 3389 3661 γίνεσθαι
3407 3610 3420 3622 ο
3448 3593 3722 3661 ἐπήκουσε

425 3691 492 3730 eo
523 3678 670 3747 quod
715 3678 892 3748 ipsius
918 3679 1215 3748 complevit
1238 3680 1705 3736 exhortationem.
1746 3681 2017 3752 Corripuit

2135 3688 2188 3741 δὲ
2214 3689 2407 3760 αὐτῆς,
2442 3691 2619 3759 τιμῶν
2643 3690 2719 3753 ὡς
2753 3691 2986 3762 μητέρα.

426 3772 614 3842 itaque
663 3787 782 3828 eam
806 3773 1034 3835 docens.
1063 3779 1308 3831 nondum
1359 3777 1484 3831 talia
1541 3793 1664 3833 esse
1714 3781 2030 3849 qumrenda,
2075 3798 2388 3854 quanquam
2427 3785 2687 3840 miracula
2757 3785 2928 3840 vet-bo
2992 3795 3179 3854 posset
3209 3783 3444 3854 operari.
3469 3781 3721 3837 Obedivit

425 3878 634 3930 autem,
667 3883 788 3922 eam
824 3878 1080 3938 tauquam
1115 3883 1343 3926 matrem
1367 3873 1667 3928 honorans.

497 3964 656 4020 Vers.
691 3965 745 4018 4.
776 3965 917 4019 Dicit
957 3997 1029 4008 —
1065 3968 1464 4036 mulier.’Quid
1497 3971 1563 4026 ad
1598 3987 1700 4026 nos
1730 3972 1928 4027 attinet
1968 3973 2022 4029 id

425 4073 528 4127 pro
565 4073 674 4126 quo
719 4055 1088 4127 deprecaris?
1129 4061 1258 4132 quid
1310 4063 1384 4117 ita
1441 4078 1542 4118 nos
1580 4062 1778 4134 urget?
1832 4063 2024 4120 Potest

426 4159 694 4220 praeterea
729 4159 784 4204 et
815 4151 921 4205 alio
971 4153 1136 4207 modo
1189 4154 1440 4226 intelligi.
1492 4155 1635 4220 Quid
1667 4157 1803 4210 mihi
1841 4165 2022 4212 tecum

428 4255 722 4295 commune
756 4250 838 4296 est
863 4245 886 4295 ?
911 4258 1011 4314 ego
1045 4243 1316 4314 siquidem
1349 4256 1539 4315 utpote
1569 4249 1710 4302 Deus
1739 4249 1868 4302 novi
1901 4264 2023 4318 quae

430 4343 674 4403 tempora
710 4337 944 4390 edendis
986 4337 1270 4391 miraculis
1301 4339 1414 4392 sint
1440 4352 1694 4408 congrua
1741 4358 1755 4395 :
1804 4349 1859 4393 tu
1893 4357 2024 4397 vero

427 4425 516 4480 illa
556 4426 775 4495 ignoras
826 4429 978 4497 quasi
1013 4429 1197 4482 homo.
1238 4429 1361 4484 Non
1396 4429 1535 4484 dixit
1575 4440 1791 4497 autem,
1825 4431 2020 4503 Mater,

425 4518 542 4582 sed,
573 4519 785 4584 Mulier,
822 4528 1081 4589 tanquam
1120 4521 1285 4575 Deus.

497 4606 659 4662 Vers.
685 4609 740 4661 4.
785 4609 1035 4664 Nondum
1065 4642 1136 4651 —
1160 4629 1296 4666 mea.
1324 4611 1577 4670 Nondum
1613 4617 1771 4672 adest
1801 4627 2018 4688 tempus

427 4714 609 4754 meum
647 4701 712 4754 ad
758 4702 1033 4758 edendum
1065 4705 1211 4772 quod
1236 4706 1440 4774 quaeris
1481 4707 1804 4763 miraculum
1839 4725 1854 4764 :
1886 4719 2022 4766 tunc

430 4802 612 4849 autem
665 4796 864 4860 aderit,
913 4811 1038 4851 cum
1075 4797 1130 4850 hi
1163 4798 1363 4866 quibus
1413 4816 1552 4870 opus
1595 4810 1681 4856 est
1726 4804 2015 4866 miraculo,

429 4887 789 4957 cognoverint
824 4889 968 4957 quod
1014 4890 1141 4944 talia
1178 4891 1381 4960 possim
1414 4895 1653 4961 Operari,
1692 4904 1743 4949 et
1786 4895 1891 4964 ipsi
1931 4912 2021 4951 me

428 4980 638 5036 fuerint
685 4981 988 5050 deprecati.
1043 4981 1202 5037 Nunc
1241 4993 1424 5039 autem
1462 4995 1636 5042 matre
1690 4990 1766 5057 (ρ)
1810 4989 2018 5043 adhor-

428 5083 575 5126 tante
602 5088 712 5126 non
746 5072 920 5126 solum
942 5073 1386 5145 intempestivum
1418 5088 1600 5144 esset,
1629 5095 1821 5135 verum
1851 5083 2020 5136 etiam

427 5174 770 5232 suspectum,
822 5175 878 5222 et
913 5167 1338 5236 querulosorum
1376 5171 1645 5235 facillime,
1680 5181 1893 5241 pateret
1922 5189 2018 5229 ca-

429 5253 670 5312 lutnniaz.

2197 3973 2371 4044 Λέγει
2406 4001 2476 4012 —-
2525 3972 2742 4042 rural;
2795 3971 2860 4024 Τί
2916 3973 3050 4040 ήμῖν
3101 3972 3422 4037 αναγκαῖον,
3481 3974 3608 4040 περὶ
3659 3965 3720 4026 οὗ

2123 4065 2463 4132 παρακαλεῖς
2489 4080 2502 4128 ;
2536 4063 2588 4115 τί
2617 4064 2677 4116 τὸ
2711 4065 3039 4129 κατεπεῖγον
3067 4059 3445 4130 οὖτωςήμᾶςς
3483 4062 3638 4114 Ἔστι
3663 4064 3720 4116 δὲ

2124 4157 2217 4210 καὶ
2251 4157 2455 4226 ἑτέρως
2488 4155 2706 4226 νοῆσαιο
2745 4154 2810 4206 Τί
2841 4155 3020 4206 κοινὸν
3050 4155 3174 4223 ἐμοὶ
3207 4156 3298 4206 καὶ
3332 4153 3455 4220 σοί;
3486 4152 3594 4222 ἐγὼ
3620 4154 3722 4222 μὲν

2124 4248 2232 4319 γὰρ
2272 4243 2391 4301 οἶδα
2423 4247 2551 4310 τοὺς
2587 4249 2968 4317 προσήκοντας
3000 4247 3229 4316 καιροὺς
3260 4245 3369 4298 τῶν
3401 4246 3717 4314 θαυμάτων,

2125 4340 2200 4404 ὼς
2233 4339 2368 4403 Θεός
2394 4355 2407 4368 °
2447 4341 2509 4392 σὺ
2541 4339 2597 4392 δὲ
2632 4339 2848 4407 ἀγνοεῖς
2891 4339 3111 4401 αὐτοὺς,
3145 4337 3222 4401 ὡς
3261 4338 3569 4406 ἅνθρωπος.
3604 4342 3718 4393 Οὐκ

2118 4429 2238 4486 εἷπε
2268 4431 2345 4499 δὲ,
2380 4429 2598 4498 Μῆτερ,
2631 4431 2789 4494 ἀλλὰ,
2822 4433 3036 4495 Γύναι,
3069 4431 3144 4494 ὡς
3175 4431 3329 4495 Θεός.

2196 4614 2372 4668 Οὔπω
2393 4644 2465 4653 -
2484 4629 2627 4681 μου.
2662 4609 2830 4666 Οὕπω
2863 4612 3185 4684 πάρεστινή
3219 4613 3338 4684 ῶρα
3387 4631 3511 4682 μου,
3548 4615 3580 4683 ή
3623 4613 3717 4669 τοῦ

2130 4707 2644 4778 θαυματουργῆσαι,
2683 4706 2711 4758 δ
2740 4707 2943 4776 ζητεῖς.
2983 4707 3116 4758 Τότε
3156 4707 3261 4778 γὰρ
3309 4708 3718 4777 πάρεστι-ηὸτε

2129 4803 2180 4854 οἱ
2216 4801 2459 4870 δεόμενοι
2505 4799 2600 4852 τοῦ
2651 4799 2933 4862 Θαύματος
2979 4800 3312 4866 ὲπιγνῶσιν,
3359 4801 3440 4853 ὅτι
3483 4800 3720 4870 δύναμαι

2130 4892 2361 4946 τοιαῦτα
2392 4895 2568 4945 ποιεῖν
2587 4890 2992 4962 (80).)ιαὶαύτοί
3017 4910 3087 4964 με
3121 4892 3716 4962 παρακαλέσουσιβι).

2124 4987 2240 5039 Νῦν
2271 4985 2328 5037 δὲ
2361 4987 2392 5055 ή
2419 4985 2519 5052 τῆς
2557 4987 2764 5054 μητρὸς
2797 4984 3250 5058 παράκλησις,οὑ
3283 4984 3442 5054 μόνον
3467 4984 3719 5055 ἄκαιρος,

2125 5080 2264 5135 ἀλλὰ
2305 5083 2400 5134 καὶ
2455 5078 2700 5143 ὕποπτος
2755 5081 2848 5134 καὶ
2907 5081 3021 5142 τοῖς
3074 5079 3470 5151 μεμψιμοίροις
3518 5078 3720 5148 εὐεπη-

2131 5177 2377 5246 ρέαστος.

1611 5421 1812 5483 Variae
1865 5423 2179 5487 lectiones
2211 5432 2274 5486 et
2315 5433 2507 5486 notaa.

503 5572 616 5637 (79)
646 5574 834 5628 δούλου
859 5573 924 5630 Α.

504 5644 615 5716 (80)
657 5646 881 5715 ποιῆσαι
913 5647 974 5703 Α.

2195 5582 2305 5652 (8|)
2342 5569 2520 5637 Malim
2557 5581 3006 5652 παρακαλέσωσι.

515 5804 588 5870 (p)
627 5806 817 5871 Matre,
852 5817 988 5882 ctc.
1025 5808 1209 5862 Matris
1268 5810 1572 5865 admonitio
1609 5829 1715 5866 non
1769 5812 1945 5864 solum
2000 5812 2385 5880 intempestiva
2417 5851 2432 5877 ,
2469 5813 2563 5867 scd
2599 5822 2652 5867 ct
2697 5821 2953 5882 suspecta
3005 5817 3167 5881 atque
3216 5810 3430 5864 illorum
3499 5803 3591 5875 qui
3656 5804 3715 5860 li-

440 5872 630 5930 bculcr
683 5880 1120 5948 reprehendunt,
1195 5882 1633 5939 cavillationibus
1685 5885 1941 5936 obnoxia.
