4010 6532
447 414 581 480 1151

1676 401 2066 468 EUTHYMII
2107 399 2479 461 ZIGABENI

3589 388 3722 452 1159

443 527 684 597 gustavit
709 524 1138 590 architriclinus,
1165 523 1222 580 id
1255 531 1360 587 est,
1397 521 1720 593 discernens
1756 514 2040 586 cogitatio,

2179 513 2335 581 ογίαν
2400 511 2550 562 ἐστιν
2616 524 2706 560 οτε
2773 523 2874 575 την
2949 503 3272 575 εὐεργεσίαν
3346 500 3727 554 ἐπιτελεῖσθαι.

441 615 578 669 dicit
605 634 618 668 :
654 611 942 682 Oportebat
973 612 1162 666 bonum
1201 610 1298 665 hoc
1327 612 1505 665 vinum
1528 608 1700 678 primo
1734 605 1860 658 bibi.
1892 602 2042 656 Cor-

446 704 620 771 porali
649 704 798 758 enim
839 717 986 757 cura:
1015 701 1376 756 ante-ferenda
1419 695 1742 769 spiritualis.
1794 691 2043 764 Sponsus

446 811 580 850 vero
621 795 706 848 hic
745 793 1062 848 intellectus
1097 793 1397 856 humanus,
1429 789 1519 860 qui
1557 797 1616 843 ut
1643 801 1903 858 sponsam
1938 783 2040 838 sibi

443 886 626 957 jungit
667 885 949 951 virtutem,
983 899 1220 955 quacum
1248 884 1416 944 vivat,
1447 895 1683 950 quorum
1706 875 2038 947 coniugium

446 992 571 1030 cum
621 977 675 1030 in
715 977 926 1032 honore
959 977 1158 1031 habent
1197 977 1344 1029 Deus
1382 981 1438 1028 et
1461 973 1658 1044 Logos,
1683 969 1839 1026 venit
1866 978 1922 1023 et
1949 983 2038 1022 ar-

447 1068 590 1121 ctius
619 1069 844 1137 capulat
874 1082 1066 1123 eorum
1099 1065 1570 1136 conjunctionem.

2159 601 2518 655 Ἀντλοῦσιδὲ
2554 599 2614 653 τὸ
2637 597 2880 669 δηλωθὲν
2925 597 3071 665 ὕδωρ
3118 596 3167 649 οἱ
3215 592 3412 662 ἀγαθοὶ
3463 592 3741 660 λογισμοὶ,

2146 693 2226 764 τῷ
2255 693 2401 762 λόγῳ
2445 687 2849 750 διακονοῦντες.
2894 687 3099 738 Τούτου
3136 684 3192 737 δὲ
3225 682 3320 737 τοῦ
3353 682 3496 742 οἴνου
3535 679 3742 746 γευσά-

2151 803 2312 857 μενος
2338 789 2365 839 6
2391 782 2812 856 ἀρχιτρίκλινος,
2850 783 3019 851 1ι’)γοιιν
3041 783 3067 834 6
3086 777 3425 850 διακριτικὸς
3457 774 3740 844 λογισμὸς,

2148 881 2315 950 φησὶν
2379 881 2461 933 ὅτι
2503 877 2667 932 Ἔδει
2707 877 2815 930 τὸν
2849 876 3043 929 καλὸν
3073 873 3294 928 τοῦτον
3313 869 3482 926 οἶνον
3505 868 3747 937 πρῶτον

2155 971 2561 1038 ποθῆναι.Τῆς
2599 968 2708 1038 γὰρ
2761 965 3079 1036 σωματικῆς
3119 963 3438 1034 ἐπιμελείας
3479 976 3750 1030 προτιμοο

2147 1063 2285 1134 τέρα
2315 1064 2350 1133 ἡ
2392 1064 2506 1132 (89)
2540 1061 2708 1131 ψυχή.
2745 1059 3002 1129 Νυμφίος
3029 1058 3084 1111 δὲ
3117 1055 3373 1120 ἐνταῦθα,
3409 1055 3436 1106 6
3464 1053 3748 1124 ἀνθρώπι-

449 1177 541 1222 νος
568 1159 716 1225 νοῦς,
750 1161 826 1221 ὡς
851 1161 1077 1229 νύμφην
1108 1159 1490 1230 ἁρμοζόμενος
1515 1156 1695 1229 ἑαυτῷ
1756 1156 1854 1228 τὴν
1875 1157 2084 1228 ἀρετὴν
2129 1160 2269 1228 πρὸς
2332 1160 2661 1230 συμσίωσιν,
2713 1151 2789 1212 ὢν
2847 1157 2949 1228 τὴν
3008 1152 3274 1222 συζυγίαν
3317 1151 3493 1221 τιμῶν
3541 1151 3570 1202 6
3614 1147 3752 1211 Θεὸς

451 1255 546 1308 καὶ
572 1255 769 1321 Λόγος,
804 1255 1179 1326 παραγίνεται
1202 1254 1546 1325 διασφίγγων
1575 1251 1693 1324 (90)
1726 1251 1910 1306 αὑτῶν
1945 1250 2052 1321 τὴν
2092 1250 2348 1325 {vniam}

520 1347 604 1418 -Η-
632 1347 785 1403 Licet
814 1364 947 1404 vero
968 1351 1129 1405 aliter
1166 1351 1332 1404 etiam
1367 1357 1603 1404 tractare
1630 1347 1950 1419 allegoriam
1980 1345 2050 1402 de

453 1455 546 1495 sex
579 1439 810 1512 hydriis.
854 1439 979 1497 Sint
1012 1442 1160 1497 enim
1193 1442 1432 1496 fortasse
1459 1441 1578 1497 ista:
1649 1439 1878 1510 hydriao,
1911 1438 2051 1493 elle-

453 1531 594 1584 etrix
657 1529 963 1586 ciliciorum
1023 1529 1252 1585 facultas
1299 1539 1513 1585 natura:
1567 1531 1846 1590 humanae,
1887 1542 2051 1598 quam

454 1636 683 1676 vacuam
723 1631 779 1675 et
808 1620 1141 1675 inelhcacem
1170 1622 1468 1690 iacentem,
1500 1619 1751 1690 implevit
1800 1619 2050 1673 divinum

463 1712 723 1778 Verbum,
750 1714 933 1784 primo
965 1713 1186 1784 quidem
1215 1714 1529 1782 cognitione
1563 1728 1709 1767 cura:
1733 1711 2050 1780 corporalis,

2228 1347 2412 1421 [Ἔστι
2445 1348 2554 1420 (91)
2605 1349 2660 1402 δὲ
2716 1348 2808 1401 καὶ
2849 1346 3050 1415 ἑτέρως
3101 1341 3380 1397 ἐπιδαλείν
3432 1341 3496 1409 τῇ
3546 1337 3755 1409 θεωρίᾳ

2154 1443 2264 1494 τῶν
2295 1441 2356 1506 ἓξ
2380 1443 2598 1506 ὑδριῶν.
2633 1435 2757 1494 Εἶεν
2801 1439 2911 1508 γὰρ
2948 1438 3032 1490 av‘
3049 1430 3212 1488 αὗται
3253 1436 3286 1505 ἡ
3328 1431 3592 1504 ποιητικὴ
3639 1430 3754 1482 τῶν

2157 1535 2518 1603 καθηκόντων
2569 1533 2796 1601 δύναμις
2822 1533 2922 1601 τῆς·
2973 1527 3324 1601 ἀνθρωπίνης
3376 1525 3631 1600 φύσεως,
3688 1525 3758 1591 ἦν

2160 1627 2327 1704 κενὴν
2356 1626 2448 1678 καὶ
2499 1625 2865 1695 ἀνενέργητον
2913 1624 3174 1692 κειμένην
3201 1620 3519 1688 ἐπλήρωσεν
3547 1619 3574 1668 6
3614 1614 3759 1676 θεῖος

2161 1717 2340 1786 λόγος,
2391 1716 2606 1787 πρῶτον
2640 1717 2740 1786 μὲν
2770 1716 2868 1785 τῆς
2902 1715 3044 1768 κατὰ
3079 1711 3399 1783 σωματικὴν
3436 1709 3760 1778 ἐπιμέλειαν

455 1806 660 1860 deinde
723 1805 1065 1875 spiritualis;
1116 1817 1209 1860 aut
1281 1805 1459 1874 primo
1533 1803 1850 1875 cognitione
1901 1802 2052 1868 facti,

2177 1810 2437 1877 γνώσεως,
2468 1807 2586 1861 εἶτα
2618 1808 2717 1877 τῆς
2748 1807 2890 1862 κατά
2917 1807 3179 1878 ψυχικήν
3218 1806 3250 1875 ἢ
3283 1804 3502 1874 πρῶτον
3532 1802 3629 1871 μὲν
3660 1800 3765 1868 τῆς

456 1898 657 1953 deinde
712 1897 976 1961 theorim;
1036 1907 1130 1951 aut
1174 1898 1338 1950 etiam
1390 1897 1564 1963 primo
1611 1896 1928 1967 cognitione
1984 1910 2050 1950 ea

455 2006 577 2059 quae
605 1998 692 2045 est
716 1989 1024 2044 secundum
1063 1999 1339 2052 naturam,
1405 1988 1606 2042 deinde
1658 2003 1720 2042 ea
1779 2004 1900 2056 qua:
1965 1995 2052 2040 est

467 2096 635 2150 supra
746 2091 1026 2135 naturam.
1109 2081 1349 2134 Duarum
1425 2088 1782 2133 nletretarum
1869 2088 2052 2132 autem

460 2173 635 2227 altera
693 2173 936 2242 quidem,
996 2171 1226 2225 scientia
1275 2171 1647 2234 sensibilium,
1717 2172 1886 2224 altera
1919 2184 2053 2223 vero

458 2262 915 2331 intelligibilium,
971 2273 1026 2315 et
1072 2261 1234 2315 tertia
1316 2260 1650 2313 illuminatio
1712 2261 1780 2314 de
1833 2259 2048 2313 incom-

463 2353 822 2423 prehensibili
888 2363 1089 2406 natura
1157 2353 1366 2408 divina.
1417 2352 1716 2406 Numerum
1776 2353 2055 2406 senarium

465 2455 652 2499 autem
670 2444 987 2514 accepimus
1017 2445 1084 2499 de
1115 2443 1380 2499 eﬂ'cctrici
1439 2443 1744 2498 ofﬁciorum
1797 2443 2058 2498 facultate

468 2548 700 2601 natura,
736 2537 843 2601 vel,
865 2536 994 2606 quia
1025 2550 1121 2590 sex
1145 2535 1341 2589 diebus
1376 2534 1518 2588 Deus
1565 2533 1695 2588 fecit
1728 2535 1994 2588 mundum
2035 2553 2048 2588 :

470 2631 708 2684 mundus
726 2643 857 2684 vero
888 2630 1054 2683 etiam
1086 2630 1251 2683 homo
1281 2647 1294 2682 :
1331 2628 1436 2691 vel,
1468 2629 1593 2698 quia
1629 2629 1873 2697 quiuq‘ue
1904 2645 2065 2683 men-

470 2723 543 2777 tis
570 2722 926 2776 facultatibus
957 2731 1199 2776 mentem
1235 2722 1408 2790 ipsam
1458 2738 1677 2790 quoque
1730 2723 2064 2776 adnumera-

471 2829 617 2880 mus,
660 2824 717 2868 ut
752 2813 998 2882 quinque
1063 2812 1317 2868 sensibus
1373 2814 1622 2883 corporis
1667 2815 1845 2884 ipsum
1899 2818 2065 2870 etiam

468 2923 693 2978 corpus.
759 2906 1235 2972 Quemadmodum
1287 2923 1421 2962 vero
1469 2925 1604 2976 pura
1651 2919 1706 2963 et
1743 2926 1870 2964 vera
1896 2909 2066 2981 Virgo

469 3001 635 3054 Maria
663 2998 836 3053 Mater
857 2999 1066 3053 exstitit
1096 2998 1335 3070 lleiLogi
1364 2999 1474 3054 :ita
1501 3001 1664 3054 etiam
1695 3017 1830 3070 pura
1856 3011 1910 3055 et
1938 3016 2066 3056 vera

470 3093 608 3147 lides
633 3103 806 3147 mater
824 3093 881 3144 tit
899 3092 1068 3146 divini
1091 3092 1264 3152 verbi,
1284 3093 1690 3160 praedicationis
1711 3092 2064 3162 evangelicae.

2162 1902 2299 1956 κατὰ
2319 1902 2538 1971 πρᾶξιν,
2561 1900 2679 1954 εἶτα
2699 1902 2799 1970 τῆς
2825 1895 2966 1954 κατά
2984 1899 3217 1970 θεωρίαν
3238 1916 3249 1929 ·
3271 1896 3410 1968 ἣκαὶ
3427 1896 3638 1966 πρῶτον
3661 1897 3763 1964 μὲν

2159 1994 2259 2064 τῆς
2275 1994 2415 2048 κατὰ
2440 1990 2759 2060 φύσιν,εἶτα
2783 1995 2882 2064 τῆς
2911 1993 3054 2062 ὑπὲρ
3085 1992 3246 2061 φύσιν
3275 2009 3288 2022 ·
3321 1991 3429 2042 τῶν
3451 1991 3505 2042 δὲ
3539 1990 3630 2041 δύο
3657 2007 3758 2057 μευ

2161 2080 2507 2158 τρητῶν,.εἵς
2535 2085 2658 2155 μὲν,
2694 2087 2726 2154 ὴ
2770 2084 2881 2136 τῶν
2910 2081 3189 2151 αἰσθητῶν
3221 2080 3446 2149 γνῶσις,
3477 2081 3661 2148 ἔτερος
3684 2079 3764 2140 δὲ,

2163 2180 2198 2249 ὴ
2224 2179 2335 2232 τῶν
2356 2178 2589 2248 νοητῶν,
2625 2177 2720 2230 καὶ
2760 2176 2948 2245 τρίτος
2985 2177 3016 2244 ἡ
3060 2175 3188 2242 περὶ
3232 2174 3329 2241 τῆς
3377 2172 3764 2239 ἀκαταλήπτου

2164 2269 2418 2338 θεότητος
2454 2266 2744 2338 ἐλλαμψις.
2777 2267 2872 2328 Εἰς
2907 2267 2963 2318 δὲ
2990 2267 3080 2318 τὸν
3116 2264 3176 2329 ἒξ
3208 2265 3440 2334 ἀριθμὸν
3493 2261 3766 2328 ἐλάϐομεν

2165 2361 2265 2430 τὴν
2290 2360 2584 2429 ποιητικὴν
2617 2364 2728 2410 τῶν
2757 2355 3114 2427 καθηκόντων
3138 2354 3367 2422 δύναμιν
3401 2352 3498 2422 τῆς
3521 2351 3764 2418 φύσεως,

2169 2452 2314 2522 ἢότι
2343 2453 2399 2502 ἐν
2448 2450 2508 2514 ἓξ
2548 2450 2786 2519 ἡμέραις
2839 2445 3097 2517 ἐποίησεν
3145 2449 3172 2498 6
3216 2445 3349 2507 Θεὸς
3393 2444 3484 2496 τὸν
3538 2445 3765 2512 κόσμον·

2170 2543 2376 2610 κόσμος
2413 2543 2471 2595 δὲ
2507 2543 2600 2594 καὶ
2625 2543 2652 2594 6
2681 2540 2992 2609 ἄνθρωπος’
3035 2539 3068 2608 ἢ
3110 2539 3193 2591 ὅτι
3242 2539 3358 2600 ταῖς
3395 2538 3555 2589 πέντε
3607 2534 3764 2604 ψυχι-

2172 2637 2295 2696 καῖς
2328 2634 2591 2702 δυνάμεσι
2627 2629 3077 2701 συναριθμοῦμεν
3110 2631 3205 2682 καὶ
3234 2629 3402 2696 αὐτὴν
3437 2628 3534 2696 τὴν
3563 2625 3766 2694 ψυχὴν,

2171 2726 2244 2788 ὡς
2285 2727 2403 2787 ταῖς
2432 2725 2594 2778 πέντε
2626 2722 2718 2775 τοῦ
2757 2723 3012 2792 σώματος
3061 2721 3354 2789 αἰσθήσεσι
3403 2721 3496 2771 καὶ
3525 2719 3657 2770 αὐτὸ
3708 2717 3768 2770 τό

2176 2819 2360 2887 σῶμα.
2439 2817 2652 2886 Ὥσπερ
2705 2815 2760 2868 δὲ
2816 2817 2848 2886 ἡ
2908 2815 3127 2884 καθαρὰ
3178 2813 3270 2866 καὶ
3312 2812 3517 2881 ἀληθὴς
3557 2809 3768 2881 Παρθέ-

2179 2927 2264 2973 νος
2317 2909 2504 2978 Μαρία
2553 2909 2739 2978 μήτηρ
2770 2909 2988 2974 ἐγένετο
3035 2906 3129 2958 τοῦ
3173 2905 3308 2957 Θεοῦ
3345 2906 3539 2972 Λόγου,
3594 2904 3767 2967 οὕτως

2197 3002 2230 3070 ἡ
2267 3000 2484 3070 καθαρά
2532 3002 2627 3052 καὶ
2679 3000 2888 3070 ἀληθὴς
2939 3000 3142 3063 πίστις,
3196 3000 3378 3067 μήτηρ
3423 2997 3634 3065 γίνεται
3673 2994 3765 3048 τοῦ

2180 3093 2327 3147 θείου
2386 3093 2587 3161 λόγου,
2641 3093 2737 3145 τοῦ
2799 3091 3160 3160 εὐαγγελικοῦ
3232 3087 3648 3161 κηρύγματος.]

544 3183 704 3239 Vers.
736 3187 785 3239 7.
839 3184 978 3238 Dicit
1031 3213 1103 3222 —
1148 3201 1436 3240 summum.
1497 3185 1696 3240 Mensae
1760 3186 2063 3253 ministros,

2252 3186 2425 3256 Λέγει
2477 3217 2550 3227 ——
2601 3186 2746 3240 ἅνω.
2805 3186 2946 3248 Τοὺς
2993 3185 3274 3244 διακόνους
3318 3183 3416 3251 τῆς
3471 3182 3769 3251 τραπέζης,

473 3274 609 3330 facit
638 3276 804 3328 etiam
828 3275 1113 3329 ministros
1138 3275 1408 3340 miraculi,
1459 3286 1519 3328 ut
1551 3276 1653 3344 ipsi
1687 3287 1855 3331 testes
1882 3280 1961 3331 rei
1983 3294 2070 3332 es-

472 3378 625 3423 sent.
655 3367 953 3437 Nonjussit
976 3376 1160 3421 autem
1187 3379 1246 3421 ut
1273 3383 1404 3421 νοευ
1431 3368 1638 3422 vinaria
1682 3369 2069 3439 implerentur,

472 3459 570 3513 sed
600 3459 816 3526 aqualia
849 3459 964 3512 sive
996 3459 1228 3529 hydriae,
1257 3474 1327 3512 ne
1353 3460 1446 3528 qui
1471 3459 1909 3529 suspicarentur,
1927 3461 2073 3532 quod

479 3551 682 3606 relictis
718 3551 943 3605 faacibus
979 3551 1166 3604 mislio
1191 3566 1347 3620 aquae
1391 3551 1534 3606 facta
1603 3561 1772 3606 esset.

550 3728 734 3795 Quare
770 3738 956 3784 autem
995 3746 1104 3785 non
1145 3730 1379 3801 ipsemet
1408 3731 1526 3787 solo
1559 3732 1729 3788 verbo
1764 3733 1930 3789 etiam
1975 3735 2076 3807 hy—

479 3822 633 3876 drias
687 3823 955 3891 implevit,
1005 3824 1101 3878 sed
1141 3824 1413 3879 ministris
1473 3825 1580 3880 hoc
1621 3826 1958 3896 imperavit?
1996 3825 2078 3882 Ne

483 3916 809 3985 phantasma
857 3931 982 3971 esse
1013 3916 1298 3972 videretur
1328 3933 1346 3972 :
1378 3918 1470 3973 sed
1509 3919 1556 3974 si
1589 3920 1713 3989 quis
1748 3921 2074 3974 miraculum

484 4007 939 4074 calumniaretur,
976 4018 1035 4063 ut
1064 4009 1157 4079 qui
1207 4025 1405 4079 aquam
1436 4012 1764 4078 hauserant,
1789 4011 2077 4067 silentium

482 4099 592 4152 illis
623 4099 999 4169 imponerent.

557 4189 713 4245 Vers.
744 4193 796 4245 8.
830 4190 899 4244 Et
930 4193 1007 4244 ait
1028 4223 1101 4233 —
1134 4191 1290 4248 Vers.
1320 4193 1405 4248 l0.
1433 4196 1605 4249 modo.
1627 4196 2077 4252 Arehitrielinum

479 4283 613 4337 dicit
647 4284 883 4338 convivii
911 4284 1255 4354 praefectum,
1297 4287 1390 4356 qui
1435 4289 1752 4342 convivium
1790 4302 2074 4358 procorat.

490 4375 756 4430 Triclinia
798 4377 945 4430 enim
976 4380 1318 4432 vocabantur
1351 4383 1492 4435 aulae
1528 4382 1930 4436 conviviorum.
1961 4382 2080 4437 Non

486 4485 618 4540 ergo
644 4469 968 4537 simpliciter
1020 4485 1221 4536 aquam
1275 4473 1548 4526 convertit
1577 4473 1635 4526 in
1696 4473 1911 4540 vinum,
1986 4475 2082 4530 sed

489 4561 543 4614 iu
579 4561 788 4616 bonum
825 4563 1034 4628 vinum,
1068 4565 1212 4619 sicut
1255 4564 1666 4619 architriclinus
1697 4565 1816 4635 ipse
1851 4575 2086 4620 testatus

487 4663 592 4707 est.
621 4652 758 4707 Nam
787 4655 1100 4721 huiusmodi
1126 4655 1447 4710 admiranda
1484 4656 1690 4712 Christi
1725 4673 1893 4726 opera
1919 4658 2084 4728 longe

492 4757 522 4797 e
553 4752 649 4799 ant
681 4746 1027 4800 naturalibus
1077 4746 1485 4816 praestantiora.
1533 4748 1690 4814 Quod
1746 4749 1916 4816 igitur
1944 4765 2085 4819 aqua

492 4850 650 4888 versa
680 4837 751 4890 sit
790 4836 844 4889 in
883 4836 1095 4902 vinum,
1153 4837 1392 4893 ministri
1445 4848 1610 4894 testes
1627 4839 1853 4895 fuerunt
1884 4858 1898 4895 :
1934 4841 2082 4911 quod

497 4938 682 4982 autem
716 4928 774 4982 in
828 4930 1034 4983 bonum
1075 4931 1242 4984 etiam
1279 4932 1518 4998 ‘vinum,
1571 4933 1984 4988 architriclinus
2022 4949 2086 4989 ac

493 5036 729 5087 sponsus
762 5039 774 5074 :
809 5029 868 5074 ut
906 5022 1170 5092 deinceps
1193 5023 1518 5076 miraculum
1553 5024 1722 5078 latere
1742 5039 1850 5079 non
1874 5033 2080 5095 posset,

493 5111 641 5179 quod
680 5111 1012 5167 testimoniis
1037 5112 1175 5168 adeo
1219 5112 1526 5169 manifestis
1558 5114 1907 5183 probaretur.

568 5202 874 5260 Verisimile
908 5215 993 5262 est
1025 5216 1209 5263 autem
1237 5216 1291 5263 et
1318 5221 1580 5276 Sponsum
1610 5208 1814 5263 dixisse
1850 5225 1862 5260 :
1898 5208 2082 5272 Quid-

2178 3283 2415 3334 ποιεῖται
2462 3279 2745 3342 διακόνους
2797 3279 2890 3330 τοῦ
2939 3277 3242 3347 θαύματος,
3280 3276 3363 3326 ἵνα
3426 3275 3577 3326 αὐτοὶ
3633 3275 3770 3343 μαρ-

2174 3391 2337 3445 τυρες
2378 3368 2479 3426 ὦσι
2513 3372 2604 3426 τοῦ
2653 3372 3001 3441 πράγματος.
3057 3369 3132 3421 Οὐ
3193 3366 3490 3437 προσέταξε
3529 3365 3584 3418 δὲ
3616 3366 3769 3434 γεμί-

2178 3486 2268 3523 σαι
2295 3470 2363 3522 τά
2393 3470 2592 3537 ἀγγεῖα
2629 3465 2724 3518 τοῦ
2754 3465 2922 3531 οἴνου,
2959 3463 3107 3518 ἀ).λά
3137 3462 3205 3514 τὰ
3240 3461 3422 3529 δοχεία
3449 3458 3544 3511 τοῦ
3582 3459 3772 3519 ὓδατος

2178 3561 2266 3614 ἶνα
2299 3561 2373 3630 μή
2420 3575 2562 3621 τινες
2623 3556 3066 3618 ὑποπτεύσωσιν,
3111 3555 3192 3606 ὅτι
3243 3551 3444 3622 τρυγὸς
3491 3552 3770 3603 ἐναποκει-

2183 3654 2374 3723 μένης,
2403 3653 2598 3718 κρᾶσις
2624 3650 2720 3703 τοῦ
2752 3649 2943 3712 ὓδατος
2984 3649 3201 3716 γέγονε.

2258 3744 2370 3797 Καὶ
2393 3744 2539 3798 διατί
2572 3743 2670 3795 οὐκ
2702 3742 2866 3803 αὐτὸς
2893 3741 3039 3812 λόγῳ
3071 3741 3218 3810 μόνῳ
3245 3739 3342 3801 τὰς
3390 3737 3574 3804 ὑδρίας
3612 3735 3774 3805 ἐπλή-

2184 3851 2383 3906 ρωσεν,
2418 3832 2557 3886 ἀλλά
2585 3834 2698 3893 τοῖς
2730 3831 3002 3893 διακόνοις
3049 3827 3347 3892 ὲπέταξενς
3385 3825 3503 3878 Ἷνα
3536 3823 3611 3894 μὴ
3641 3820 3774 3892 δόξῃ

2184 3923 2505 3993 φαντάζειν,
2536 3923 2653 3976 ἀλλ’
2691 3924 2778 3975 ἵνα
2826 3921 2878 3974 οἱ
2929 3919 3292 3989 ἀντλήσαντες
3329 3915 3389 3968 τὺ
3437 3915 3617 3984 ὕδωρ,
3647 3915 3768 3965 ἐπι-

2186 4015 2497 4087 στομίσοιεν
2532 4017 2659 4078 τοὺς
2689 4015 2750 4067 τὺ
2777 4013 2964 4083 θαῦμα
2993 4007 3492 4079 συκοφαντοῦντας.

2255 4196 2367 4251 Καὶ
2417 4195 2581 4263 λέγει
2609 4221 2680 4233 -
2707 4191 2861 4260 ἄρτι.
2903 4186 3339 4259 Ἀρχιτρίκλινον
3373 4182 3632 4253 ὀνομάζει
3682 4183 3770 4234 τὸν

2187 4288 2618 4360 συμποσίαρχον,
2647 4287 2739 4336 τὴν
2763 4281 3110 4352 ἐπιμελητὴν
3141 4279 3238 4333 τοῦ
3271 4277 3608 4346 συμποσίου.
3644 4275 3771 4344 Τρί-

2188 4382 2361 4436 κλινοι
2384 4381 2495 4452 γὰρ
2529 4377 2824 4433 ἐκαλοῦντο
2855 4377 2905 4428 oi
2953 4369 3094 4427 οἶκοι
3139 4371 3249 4425 τῶν
3291 4368 3631 4438 συμποσίων.
3664 4367 3770 4436 Οὐχ

2119 4517 2162 4572 D
2191 4473 2380 4534 ἀτελῶς
2409 4471 2465 4522 δὲ
2516 4467 2660 4521 οίνον
2692 4465 2919 4534 ἐποίησε
2969 4462 3032 4515 τὸ
3063 4461 3229 4527 ὕδωρ,
3254 4458 3392 4512 ἀλλὰ
3427 4457 3589 4511 καλὸν
3614 4452 3768 4556 οἶνον,

2189 4561 2265 4623 ὡς
2294 4560 2322 4612 6
2376 4557 2783 4628 ἀρχιτρίκλινος
2834 4551 3213 4623 ἐμαρτύρησε.
3249 4548 3486 4602 Τοιαῦτα
3538 4548 3646 4616 γὰρ
3686 4544 3768 4598 τοῦ

2185 4649 2424 4722 Χριστοῦ
2446 4650 2516 4701 τά
2553 4647 2810 4717 θαύματα
2849 4645 3022 4713 πολλῷ
3046 4643 3155 4697 σιῶν
3179 4643 3423 4711 φυσικῶν
3452 4639 3767 4710 ὡραιότερα.

2187 4744 2294 4797 Τοῦ
2324 4743 2423 4814 μὲν
2456 4738 2551 4796 οὖν
2581 4741 2641 4794 τὸ
2678 4739 2823 4807 ὕδωρ
2853 4733 3003 4791 οἶνον
3023 4737 3304 4805 γενέσθαι,
3337 4736 3462 4797 τοὺς
3495 4733 3768 4795 διακόνους

2186 4833 2302 4908 εἶχε
2340 4836 2651 4907 μάρτυρας
2685 4833 2780 4886 τοῦ
2810 4832 2865 4884 δὲ
2892 4829 2989 4884 καὶ
3009 4829 3173 4883 καλὸν
3210 4824 3375 4893 οἶνον,
3410 4829 3502 4880 τὸν
3528 4824 3767 4896 ἀρχιτρί-

2186 4932 2371 4984 κλινον
2405 4929 2501 4982 καὶ
2535 4927 2628 4980 τὸν
2684 4925 2939 4994 νυμφίον.
2975 4925 3088 4977 Καὶ
3140 4922 3329 4976 λοιπὸν
3359 4922 3463 4974 οὐκ
3495 4919 3687 4979 ἔμελλε
3715 4919 3770 4972 τὸ

2192 5021 2382 5092 θαῦμα
2433 5020 2642 5083 λαθεῖν,
2701 5017 2877 5080 οὕτως
2929 5015 3238 5078 ἀναγκαίας
3270 5013 3393 5085 ἔχον
3423 5013 3521 5077 τὰς
3571 5031 3770 5084 μαρτυ-

2192 5116 2336 5187 ρίας.

2264 5208 2428 5272 Εἰκὸς
2467 5207 2525 5262 δὲ
2568 5207 2662 5260 καὶ
2706 5205 2796 5258 τὸν
2830 5204 3068 5275 νυμφίον
3108 5204 3283 5256 εἰπεῖν
3321 5220 3374 5254 τι
3414 5202 3549 5270 πρὸς
3587 5199 3768 5254 ταῦτα·

1678 5414 1879 5475 Variae
1927 5412 2231 5476 lectiones
2277 5421 2338 5476 et
2378 5420 2568 5474 noun.

718 5609 902 5683 Forte,
955 5611 1021 5665 Ἦ
1048 5613 1279 5683 ψυχικὴ.

572 5679 682 5747 (90)
721 5681 862 5736 Idem
900 5679 1414 5754 ψιοιΓσυσφίγγων.

2269 5613 2384 5682 (9|)
2421 5612 2596 5666 Etiam
2661 5612 2775 5665 lucc
2821 5610 2873 5663 in
2934 5609 3220 5682 utriusque
3269 5607 3484 5664 Codieis
3537 5604 3767 5676 margine

2205 5683 2572 5751 reperiuntur.

582 5870 649 5937 (ν)
682 5871 950 5940 Quidnam
989 5884 1061 5926 cst
1102 5876 1195 5927 lttlt'
1225 5877 1243 5906 ⁹
1271 5873 1486 5943 Aliquid
1514 5875 1578 5929 ad
1622 5875 1756 5929 haec.
1802 5873 2104 5928 lleuteuitts
2142 5887 2249 5924 non
2283 5869 2795 5925 videturinvcnissc
2849 5871 3003 5940 πρός.
