4010 6466
302 353 462 417 Ili?!
1303 355 1697 418 COMMENT.
1743 357 1825 419 ΙΝ
1865 359 1897 418 J

2017 358 2246 422 .‘iN'EM.
2285 388 2330 400 -
2390 365 2548 427 CAP.
2596 364 2678 426 Π.
3481 375 3620 441 1154

295 476 459 546 πλὴν
499 478 722 547 παρῆκε
756 473 913 527 τοῦτο
943 473 1000 526 τὸ
1029 474 1194 542 μέρος
1236 476 1262 528 ὁ
1289 474 1688 546 εὐαγγελιστὴς
1717 477 1794 540 ὠς
1820 479 1900 530 06:

2027 494 2156 533 nam
2244 491 2329 536 est
2385 483 2489 537 hoc
2535 483 2607 552 (ν)
2648 486 2674 538 2
2732 495 3108 544 verumtamen
3157 489 3211 546 id
3271 499 3618 563 pratermisit

291 567 648 636 ἀναγκαῖον.

2027 571 2362 643 evangelista
2420 581 2610 643 utpote
2635 591 2744 630 non
2793 580 3187 638 necessarium.

378 659 615 713 Γὲνοιτο
632 659 687 712 δὲ
710 657 878 728 κάμὲ,
902 658 994 714 τὸν
1013 657 1242 728 ψυχρὸν,
1275 655 1370 712 καὶ
1397 656 1616 728 χαῦνον,
1641 661 1734 713 καὶ
1759 660 1900 732 διαρ-

2098 662 2320 719 Utinam
2353 675 2534 720 autem
2563 675 2619 721 et
2644 683 2744 739 ego
2803 671 2892 739 qui
2917 672 3144 744 frigidus
3181 690 3323 740 sum,
3361 678 3515 734 laxus
3562 689 3618 736 et

2028 755 2257 818 ellusus,
2292 757 2430 809 nihil
2459 758 2513 810 in
2557 759 2661 812 hoc
2692 766 2760 813 ab
2781 777 2918 830 aqua
2949 763 3231 828 ditl'erens,
3295 767 3346 820 in
3378 770 3614 824 calorem

2027 855 2382 902 converterer
2433 840 2799 917 Spiritualcm,
2880 853 3098 910 virtutis
3140 858 3615 925 constrictionem,

2026 952 2090 991 ac
2111 953 2325 992 morum
2359 939 2691 1004 ﬁrmitatem,
2745 959 2805 996 ιιι
2857 953 2914 998 et
2946 945 3083 1000 alios
3157 947 3435 1002 laetiﬁcare
3487 965 3616 1019 pos-

2027 1044 2140 1082 sem
2151 1068 2162 1080 .

2095 1119 2252 1175 Vers.
2311 1123 2397 1177 ll.
2452 1123 2942 1179 Hoc—Catiane.
3002 1127 3120 1182 Non
3183 1129 3360 1182 solum
3405 1131 3612 1198 scripto

2026 1206 2267 1274 prodidit
2321 1207 2669 1272 Iniractlum,
2727 1214 2820 1265 sed
2881 1215 3045 1267 etiam
3070 1216 3608 1288 docuitprincipium

2026 1295 2128 1350 hoc
2155 1297 2326 1353 fuisse
2375 1302 2679 1370 signorum.
2747 1304 2880 1358 Nam
2911 1307 3038 1375 quia
3073 1307 3126 1362 id
3178 1310 3317 1363 scitu
3384 1311 3608 1381 dignum

2023 1395 2159 1449 erat,
2199 1396 2254 1442 et
2274 1390 2344 1443 ab
2378 1391 2500 1446 aliis
2530 1396 2893 1460 praeteritum,
2929 1398 3152 1464 scripsit
3199 1399 3353 1464 illud,
3420 1410 3610 1470 utpote

2024 1479 2091 1533 ad
2117 1479 2221 1533 hoc
2249 1482 2403 1544 utile,
2438 1499 2506 1536 ne
2537 1484 2672 1539 ﬁdes
2701 1485 3034 1541 adhibeatur
3070 1488 3164 1545 his
3193 1506 3314 1560 quze
3347 1493 3614 1547 dicuntur

295 751 548 821 ῥέοντα,
593 753 685 805 καὶ
726 751 868 804 κατὰ
904 751 1064 804 τοῦτο
1121 748 1290 818 μηδὲν
1336 748 1526 809 ὓδατος
1557 749 1909 820 διαφέροντα,

293 843 736 914 μεταϐληθῆναι
770 843 907 912 πρὸς
933 843 1148 913 θέρμην
1179 841 1559 912 πνευματικὴν
1590 843 1683 894 καὶ
1717 841 1914 910 στύψιν

290 933 582 1002 ἐνάρετον
618 934 710 986 καὶ
736 933 896 1002 πῆξιν
929 933 1100 1003 ὴθῶν,
1134 932 1280 986 ὥστε
1306 933 1401 986 καὶ
1426 934 1652 1002 ἑτέρους
1682 931 1912 1002 εὐφραί-

289 1039 428 1077 νειν
450 1025 739 1080 δύνασθαι.

382 1122 632 1186 ταύτην
663 1149 730 1160 -ο
786 1121 1146 1185 Γαλιλαίας.
1184 1120 1258 1174 Οὐ
1311 1119 1474 1191 μόνον
1524 1121 1800 1191 ἀνέγραψε
1850 1122 1910 1174 τδ

287 1211 527 1280 θαῦμα,
584 1213 720 1267 ἀλλά
776 1217 872 1266 καὶ
910 1214 1152 1278 ἐδίδαξεν
1179 1216 1264 1268 ὅτι
1307 1212 1467 1266 τοῦτο
1512 1209 1582 1284 ἦν
1617 1213 1761 1283 ἀρχὴ
1800 1213 1908 1267 τῶν

288 1303 590 1371 σημείων.
656 1304 812 1356 Ἐπεὶ
852 1305 960 1375 γὰρ
992 1305 1093 1356 οὐκ
1131 1306 1409 1375 ἄχρηστον
1454 1300 1525 1374 ἦν
1573 1305 1775 1356 εἰδέναι
1811 1306 1909 1356 καὶ

284 1394 498 1455 τοῦτο,
533 1393 742 1459 λοιπον,
776 1395 852 1458 ὡς
884 1395 1322 1468 παρασιωπηθὲν
1361 1398 1475 1458 τοῖς
1507 1395 1711 1460 ἄλλοις,
1763 1396 1910 1448 i016-

291 1503 488 1557 ρησεν
541 1487 697 1552 αὐτὸ,
750 1488 1088 1558 χρησιμεῦον
1129 1489 1208 1552 είς
1254 1488 1315 1541 τὸ
1347 1487 1424 1559 μὴ
1475 1488 1755 1542 πιστεύειν
1791 1491 1907 1549 τοῖς⁹

288 1578 634 1648 λεγομένοις
683 1578 796 1650 (9‘2)
858 1581 1130 1642 παιδικοῖς
1181 1579 1427 1649 Θαύμασι
1474 1579 1570 1632 106
1640 1578 1900 1649 ⁷(ριστοῦ.

2024 1571 2178 1638 pueri
2222 1571 2427 1627 Christi
2461 1576 2753 1637 miracula;
2795 1578 2899 1633 hoc
2926 1582 3073 1634 enim
3114 1581 3217 1636 fuit
3247 1583 3463 1638 initium
3497 1587 3612 1656 sig-

290 1671 487 1725 Τοῦτο
515 1673 623 1741 γὰρ
671 1672 815 1743 ἀρχὴ
854 1675 964 1725 τῶν
1013 1673 1278 1743 σημείων·
1337 1673 1519 1726 ἐκεῖνα
1549 1671 1605 1725 δὲ
1677 1671 1900 1743 πλάσμα

2022 1674 2217 1715 norum
2271 1681 2283 1714 :
2331 1665 2420 1717 illa
2481 1680 2609 1718 vero
2655 1677 2784 1722 sunt
2833 1685 2972 1738 opus
3025 1671 3121 1724 viri
3164 1673 3254 1741 qui
3296 1691 3326 1727 a
3379 1677 3612 1731 veritate

293 1765 463 1818 ἐστὶν
498 1765 690 1836 ἀνδρὸς
717 1751 1120 1836 λυμαινομένου
1151 1769 1215 1837 τῇ
1246 1765 1498 1835 ἀληθείᾳ.
1535 1765 1598 1818 Εἰ
1638 1765 1748 1835 γὰρ
1776 1767 1900 1827 παῖς

2021 1750 2317 1806 aberravit.
2351 1751 2484 1807 Nam
2526 1754 2570 1806 si
2606 1771 2740 1823 puer
2781 1757 3053 1810 n'irabilia
3095 1769 3355 1828 operatus
3387 1759 3606 1825 fuisset,

291 1856 387 1908 ὣν
421 1823 887 1927 ὲθαυμίατούργιι,
925 1823 1091 1911 πᾶσιν
1132 1823 1458 1926 ἂνιὲγένετο
1485 1823 1765 1925 γνὼρίμος
1804 1823 1900 1908 αὐξ

2017 1841 2068 1894 id
2123 1843 2312 1896 statim
2373 1845 2632 1899 omnibus
2688 1847 3041 1911 innotuissct,
3102 1823 3284 1919 neque
3349 1823 3611 1906 Israelitis

292 1947 463 2002 τίκα’
519 1947 930 2019 παραδοξότερα
965 1949 1074 2020 γὰρ
1129 1949 1197 2003 τὰ
1249 1949 1400 2020 παρὰ
1435 1951 1728 2020 μειρακίου
1767 1948 1904 2000 θαυ-

297 2043 794 2112 ματουργούμενα·
829 2043 925 2095 καὶ
963 2047 1064 2097 οὐκ
1098 2043 1162 2096 ἂν
1194 2043 1502 2112 ἐδεήθησαν
1525 2044 1574 2096 οί
1630 2041 1902 2112 Ἰσραηλῖ-

258 2124 271 2134 ’
293 2153 398 2188 ται
429 2135 525 2188 τοῦ
570 2136 818 2188 Ἰωάννου
846 2135 1266 2207 φανερώσαντος
1298 2136 1413 2203 (95)
1454 2135 1638 2188 αὐτόν.
1688 2136 1897 2204 Είρηκε

293 2227 418 2298 γὰρ
445 2228 610 2291 αὐτὸς
672 2229 701 2280 6
736 2229 994 2298 Ἰωάννης
1044 2229 1124 2281 ὅτι
1161 2229 1296 2282 Ἵνα
1323 2227 1637 2296 φανερωθῇ
1677 2225 1756 2289 τῷ
1790 2229 1898 2281 Ἰσ-

288 2322 488 2387 ραὴλ,
527 2319 624 2373 διὰ
676 2319 853 2374 τοῦτο
885 2315 1078 2390 ἦλθον
1108 2319 1223 2388 ἐγὼ
1253 2320 1322 2372 ἐν
1355 2318 1434 2383 τῷ
1485 2319 1653 2372 ὕδατι
1677 2318 1900 2382 βαπτί-

296 2409 437 2472 ζων.
466 2413 707 2474 Εἰκότως
740 2411 833 2464 06v
887 2413 1144 2480 ἀνέμεινε
1178 2413 1276 2482 τὴν
1306 2412 1533 2480 ἀνδράσι
1573 2411 1899 2482 πρέπουσαν

296 2505 546 2574 ἡλικίαν,
584 2506 671 2557 ἵνα
706 2505 781 2576 μὴ
830 2505 1098 2574 νομίσωσι
1138 2505 1442 2572 φαντασίαν
1473 2501 1610 2556 εἶναι
1653 2505 1719 2556 τὰ
1753 2505 1901 2571 γινό-

301 2614 469 2664 μενα.
495 2598 556 2649 Εἰ
589 2598 719 2667 γὰρ,
763 2599 824 2649 ὲν
881 2596 1062 2667 τελείᾳ
1097 2597 1286 2666 ἡλικίᾳ
1324 2595 1896 2668 θαυματουργοῢντος,

299 2689 494 2742 πολλοὶ
523 2688 684 2742 10610
737 2689 1086 2752 ὑπώπτευον,
1123 2690 1307 2760 πολλῷ
1364 2689 1566 2758 μᾶλλον
1599 2690 1656 2741 ὲν
1686 2689 1893 2742 ἀτελεῖ.

302 2783 416 2834 Καὶ
437 2781 631 2834 θᾶττον
662 2782 718 2835 δὲ
747 2783 842 2835 καὶ
876 2781 1003 2853 (94)
1036 2782 1142 2850 πρὸ
1165 2783 1258 2836 τοῦ
1282 2783 1654 2852 προσήκοντος
1699 2782 1894 2851 καιροῦ

299 2873 571 2943 ὥρμησαν
599 2875 665 2926 ἂν
685 2874 776 2925 ἐπὶ
804 2875 894 2925 τὸν
926 2874 1181 2942 σταυρὸν,
1229 2876 1294 2944 τῇ
1337 2873 1616 2943 βασκανίᾳ
1657 2875 1898 2944 τηκόμε-

299 2981 408 3026 νοι,
457 2966 552 3016 καὶ
611 2964 799 3017 λοιπὸν
850 2964 1077 3033 ἔμελλεν
1125 2966 1188 3018 οὐ
1241 2967 1406 3035 μόνον
1454 2966 1894 3037 ἀπιστηθῆναιή

297 3057 585 3126 οἰκονομία
618 3059 720 3128 τῆς
749 3057 1244 3129 ὲνανθρωπήσεως,
1275 3058 1414 3112 ἀλλὰ
1434 3061 1528 3112 καὶ
1559 3060 1896 3131 ἐμποδισοῆ-

299 3165 387 3198 ναι
420 3145 479 3197 τὸ
511 3146 863 3214 Εὐαγγέλιον.

371 3241 618 3308 Ζήτησον
644 3239 699 3291 δὲ
739 3241 832 3292 καὶ
863 3242 921 3293 ὲν
975 3239 1051 3309 τῷ
1082 3238 1253 3308 τρίτῳ
1307 3238 1596 3310 κεφαλαίῳ
1627 3240 1720 3294 τοῦ
1750 3240 1895 3294 κατὰ
1918 3225 1963 3246 η

297 3332 604 3396 Βιατθαῖον,
643 3332 789 3384 διατι
847 3331 987 3401 μετὰ
1033 3331 1361 3402 τριακοστὸν
1413 3331 1533 3394 ἔτος
1582 3334 1611 3384 6
1654 3332 1894 3401 Χριστὸς

298 3419 466 3492 ἦλθεν
499 3424 590 3474 ἐπὶ
618 3423 677 3475 τὸ
712 3423 1026 3492 βάπτισμα,
1061 3423 1188 3475 ἔνθα
1217 3425 1499 3487 κεῖταιτὸ,
1539 3425 1642 3478 Ἐν
1671 3423 1739 3476 δὲ
1764 3423 1896 3489 ταῖς

299 3517 552 3585 ἡμέραις
580 3518 854 3584 ἐκείναις
890 3519 1285 3585 παραγίνεται
1342 3519 1628 3585 Ἰωάννης
1691 3523 1723 3572 d
1783 3523 1896 3573 Ba-

300 3611 578 3676 πτιστὴς.
614 3611 942 3677 κηρύσσων
965 3611 1035 3663 ἐν
1064 3609 1141 3678 τῇ
1171 3610 1371 3680 ἐρήμῳ
1415 3609 1525 3679 τῆς
1575 3611 1890 3678 Ἰουδαίας,

298 3703 391 3754 καὶ
426 3702 679 3772 εὑρήσεις
714 3703 896 3764 αίτίας
937 3703 1336 3770 εὐλογωτὰτας.

371 3793 483 3846 Kal
520 3823 589 3833 —
620 3792 829 3846 αὑτοῦ.
858 3794 969 3863 Τὴν
997 3793 1227 3862 δύναμιν
1256 3793 1449 3859 αὑτοῦ,
1500 3795 1563 3846 τὸ
1595 3796 1891 3864 μεγαλεῖον

295 3887 362 3955 τῆ
379 3929 391 3946 _.
425 3885 679 3954 θεότητος
703 3885 892 3938 αὐτοῦ.

368 3978 492 4039 Πῶς
541 3978 636 4030 καὶ
687 3978 792 4030 τίνι
829 3978 944 4050 (95)
980 3977 1166 4048 τρόπῳ
1190 3994 1205 4045 ;
1232 3978 1404 4046 ὀλίγοι
1433 3978 1540 4049 γὰρ
1584 3980 1891 4050 προσέσχον

293 4069 374 4136 τῷ
401 4070 777 4138 γεγενημένον
816 4070 967 4139 μόνοι
995 4054 1104 4142 γὰρ
1133 4071 1183 4122 οἱ
1224 4071 1521 4140 ὑπηρέται,
1555 4074 1649 4125 καὶ
1679 4075 1705 4124 6
1733 4074 1890 4143 ἀρχι-

293 4163 590 4231 τρίκλινος,
621 4165 715 4215 καὶ
745 4165 773 4215 6
807 4161 1062 4230 νυμφίος,
1087 4165 1177 4216 καὶ
1203 4169 1251 4216 οἱ
1282 4165 1526 4235 μαθηταὶ
1556 4165 1722 4218 αὑτοῦ
1754 4166 1888 4236 (96).

296 4256 372 4306 Τό
400 4258 573 4322 γε·είς
628 4255 794 4307 αὑτὸν
820 4251 980 4327 ἧκον,
1019 4256 1371 4326 ἐφανέρωσεν
1425 4255 1598 4327 αὐτὴν
1676 4256 1764 4310 διὰ
1795 4258 1887 4310 τοῦ

2015 1930 2207 1984 fuisset
2242 1947 2382 2001 Oplls
2415 1931 2652 1998 Joanne,
2682 1945 2741 1988 ut
2797 1951 2923 1989 eum
2977 1938 3374 1992 manifestatel.
3427 1937 3612 2010 Siqui-

2011 2030 2135 2075 dem
2163 2022 2404 2078 Joannes
2431 2023 2548 2092 ipse
2593 2024 2730 2078 dixit
2756 2042 2770 2078 :
2801 2027 2863 2081 Ut
2893 2029 3333 2099 manifestaretur
3384 2029 3605 2092 lsraeli,

2013 2124 2225 2184 propter
2259 2119 2365 2173 jtoc
2412 2116 2531 2169 ueni
2559 2131 2651 2182 ego
2682 2117 2736 2168 in
2787 2134 2935 2188 aqua
2965 2118 3244 2187 baptizata:
3306 2119 3377 2173 ³⁸.
3413 2119 3606 2174 Merito

2011 2219 2141 2274 ergo
2181 2207 2518 2275 exspectavit
2552 2204 3005 2262 decentemviros
3033 2218 3272 2272 aetatem,
3305 2224 3375 2264 ne
3425 2211 3604 2280 phan-

2014 2302 2248 2348 tasmata
2281 2311 2405 2349 esse
2443 2306 2704 2365 putarent
2737 2313 2800 2353 ea
2826 2313 2949 2367 qua:
2983 2298 3198 2352 tierent.
3227 2299 3363 2353 Nam
3411 2300 3455 2354 si
3481 2303 3604 2370 plu-

2011 2384 2138 2437 rimi
2179 2386 2229 2438 id
2262 2385 2686 2453 suspicabantur
2730 2403 2853 2442 cutn
2914 2390 2968 2442 in
2997 2389 3236 2460 legitima
3268 2407 3330 2445 ac
3357 2393 3598 2462 perfecta

2007 2483 2168 2529 mlate
2211 2477 2480 2530 mirabilia
2521 2490 2863 2546 operaretur,
2904 2481 3076 2534 multo
3104 2484 3275 2552 magis
3310 2484 3364 2536 in
3399 2500 3603 2554 Imper-

2008 2567 2174 2630 fecta,
2211 2569 2608 2638 etpriusquam
2643 2579 2859 2640 tempus
2877 2575 3215 2626 conveniens
3261 2575 3598 2644 advenisset,

2009 2672 2132 2712 cum
2173 2659 2377 2712 invidia
2410 2662 2779 2723 tabescerent,
2810 2662 2864 2715 in
2900 2662 3242 2719 Salvatorem
3266 2666 3598 2723 insurrexis-

2009 2760 2133 2803 sent
2170 2758 2225 2803 et
2257 2752 2329 2805 ita
2354 2767 2460 2805 non
2489 2752 2667 2806 solum
2719 2753 2988 2808 increduli
3028 2754 3263 2810 fuissent
3308 2758 3600 2828 dispensa-

2007 2842 2140 2893 tioni
2200 2842 2624 2908 lncarnationis,
2681 2845 2777 2900 sed
2829 2846 2998 2899 etiam
3062 2846 3416 2919 Evangelium
3489 2851 3599 2906 im--

2004 2934 2376 3002 pcdivissent.

2071 3238 2266 3303 Quaere
2325 3236 2487 3291 etiam
2558 3236 2724 3292 tertio
2787 3235 2943 3307 juxta
3007 3235 3323 3292 Matthazum
3389 3239 3601 3309 capite,»

1999 3345 2161 3399 quam
2195 3328 2264 3383 ob
2284 3343 2508 3383 causam
2568 3339 2688 3397 post
2729 3329 3072 3382 tricesimum
3125 3343 3329 3382 annum
3381 3330 3597 3384 venerit

1997 3415 2251 3470 Christus
2299 3415 2365 3469 ad
2412 3414 2710 3483 baptisma,
2757 3416 2845 3470 ubi
2882 3416 3126 3470 dicitur:
3171 3414 3238 3470 In
3279 3418 3462 3471 diebus
3486 3417 3603 3472 illis

1998 3509 2131 3561 venit
2153 3508 2383 3561 Joannes
2414 3507 2660 3576 Baptista
2678 3508 2978 3575 praedicans
3004 3509 3060 3561 in
3076 3509 3280 3561 deserto
3300 3507 3507 3563 Iudaea
3524 3511 3592 3572 ",

1997 3611 2054 3655 et
2077 3615 2275 3655 causas
2313 3600 2562 3654 invenies
2615 3600 2927 3668 aptissimas
2985 3614 3050 3653 ac
3094 3599 3291 3653 rationi
3355 3601 3593 3656 maxime

1998 3707 2292 3747 consonas.

2073 3785 2228 3838 Vcrs.
2271 3784 2361 3839 ll.
2406 3782 2478 3837 Et
2521 3814 2593 3826 —
2626 3798 2803 3836 suam.
2867 3781 3179 3840 Potentiam
3228 3791 3286 3838 et
3325 3782 3596 3838 virtutem

1998 3891 2174 3940 suam,
2219 3873 2652 3945 magnitudinem
2688 3871 2992 3926 divinitatis
3019 3886 3154 3926 suae.

2070 3966 2266 4020 Verum
2301 3965 2578 4034 quomodo
2613 3972 2708 4017 aut
2771 3979 2882 4033 quo
2916 3971 3080 4033 pacto
3117 3962 3222 4018 hoc
3282 3963 3408 4029 fuit,
3459 3980 3595 4021 cum

1994 4059 2154 4129 pauci
2204 4058 2271 4112 ad
2307 4058 2380 4119 id,
2419 4055 2564 4126 quod
2623 4056 2828 4111 factum
2881 4065 3020 4120 erat,
3056 4056 3450 4124 advertissent,
3486 4059 3593 4113 soli

1993 4149 2248 4203 videlicet
2272 4146 2510 4201 ministri
2541 4157 2594 4200 et
2625 4145 3041 4199 archilriclinus
3068 4160 3132 4201 ac
3161 4161 3399 4217 sponsus
3457 4164 3583 4203 cum

1993 4236 2274 4306 discipulis
2321 4237 2486 4305 ejus?
2511 4234 2666 4301 Quod
2703 4233 2758 4287 in
2793 4248 2854 4288 se
2883 4241 3021 4310 erat,
3059 4233 3430 4290 nianitestavit
3460 4252 3590 4292 eam

1992 4349 2090 4403 per
2121 4329 2433 4399 huiusmodi
2489 4326 2813 4382 miraculum
2845 4342 2866 4392 ;
2895 4340 3213 4394 quanquam
3237 4326 3385 4381 enim
3425 4331 3583 4397 pauci

293 4348 538 4399 τοιοῦτον
572 4347 870 4414 Θαύματος.
905 4349 966 4399 Et
998 4351 1104 4418 γὰρ
1141 4348 1328 4418 καὶμὴ
1349 4349 1470 4400 τότε
1502 4348 1687 4401 πολλοὶ
1718 4365 1890 4419 προσ-

293 4441 476 4509 έσχον,
513 4439 630 4492 ἀλλ’
665 4439 892 4509 ὕστερον
951 4417 1162 4510 διεδὸθη
1202 4441 1263 4492 τὸ
1290 4417 1498 4510 Οαῦμα,
1530 4445 1626 4494 καὶ
1656 4417 1888 4506 πολλοὺς

2019 4439 2124 4477 unc
2155 4421 2539 4486 advertebant,
2572 4428 2761 4489 postea
2789 4429 2970 4472 tamen
2997 4417 3336 4487 divulgatum
3367 4430 3451 4474 est
3482 4422 3587 4474 mi-

292 4507 566 4584 emusav.
595 4532 720 4584 Ὅτι
751 4507 810 4584 δέ
839 4533 894 4584 ἐν
923 4532 1110 4603 ἐκείνῃ
1137 4507 1202 4602 τῇ
1230 4507 1415 4602 ἡμέρςέ
1441 4533 1615 4594 οὐδεὶς
1644 4533 1752 4584 τῶν
1787 4534 1883 4586 ἄ).-

2017 4514 2261 4577 ιιοιιιυηι,
2291 4512 2601 4581 multosque
2645 4510 2892 4564 attraxit.
2956 4507 3112 4575 Quod
3145 4519 3326 4564 autem
3358 4509 3446 4564 die
3491 4510 3593 4565 illo

1990 4609 2174 4662 nullus
2206 4606 2436 4660 aliorum
2461 4603 2778 4666 crediderit,
2803 4618 2869 4656 ex
2925 4601 3286 4666 sequentibus
3317 4601 3590 4657 manifes-

1988 4709 2103 4755 tum
2128 4707 2212 4754 est
2239 4716 2252 4764 ;
2289 4711 2415 4751 nam
2447 4694 2732 4766 subiunxit
2760 4713 2773 4748 :

362 4807 470 4860 Kal
503 4836 575 4846 —
616 4806 826 4859 αὑτοῦ.
890 4806 953 4859 Ol
999 4806 1095 4858 καὶ
1131 4804 1238 4875 πρὸ
1274 4803 1470 4856 τούτου
1507 4801 1885 4872 θαυμάζοντες

2059 4793 2213 4847 Vers.
2254 4793 2338 4845 ll.
2395 4788 2461 4842 Et
2491 4818 2561 4830 —-
2598 4789 2734 4857 ejus.
2780 4787 2884 4854 Qui
2936 4787 3104 4841 etiam
3166 4794 3329 4841 antea
3400 4785 3588 4855 ipsum

291 4897 476 4950 αὐτόν.
521 4896 686 4967 Ὁρᾷς
713 4897 792 4948 ὅτι
826 4896 949 4949 τότε
986 4895 1094 4967 χρὴ
1120 4893 1370 4963 γίνεσθαι
1400 4893 1468 4946 τὰ
1503 4897 1730 4963 σημεῖα,
1754 4894 1882 4946 ὅταν

2018 4886 2417 4941 dmirabantur.
2448 4881 2614 4937 Vides
2636 4879 2781 4950 quod
2819 4889 2950 4934 tunc
2968 4884 3219 4967 oporteat
3249 4876 3365 4967 ﬁeri
3399 4876 3590 4946 signa,

1989 4993 2115 5031 cum
2156 4973 2401 5028 futurum
2432 4980 2515 5026 est
2549 4979 2610 5024 ut
2672 4977 3013 5039 spectatores
3069 4966 3321 5022 benevoli
3375 4967 3486 5021 siut
3524 4974 3590 5022 ct»

1990 5069 2234 5120 animum
2275 5065 2579 5118 advertant.

290 4623 398 4675 λων
432 4625 748 4689 ἐπίστευσε,
783 4623 941 4692 δῆλον
980 4623 1087 4676 ἀπὸ
1110 4624 1220 4676 τῶν
1252 4622 1400 4685 ἑξῆς.
1447 4623 1728 4694 Ἐπήγαγε
1753 4624 1884 4693 γάρ’

291 4987 342 5039 οἱ
371 4988 608 5056 ὁρῶντες
635 4987 1005 5057 εὐγνωμονεῖν
1031 4988 1130 5040 καὶ
1162 4985 1456 5056 προςὲχειν
1493 4985 1769 5054 μέλλοιεν.

944 5207 985 5238 ³⁷
1016 5206 1208 5260 Matth.
1244 5221 1323 5264 ιιι.
1356 5210 1405 5259 ι.

1488 5275 1685 5336 Vat-im
1738 5274 2038 5337 lectiones
2076 5280 2137 5334 et
2180 5278 2371 5334 notae.

401 5206 445 5236 ⁸⁵
479 5206 637 5262 Joan.
664 5220 702 5270 ι,
740 5204 832 5258 51.

370 5442 478 5513 (Ὠ)
533 5443 707 5498 Aliter
773 5443 841 5498 de
883 5441 971 5498 his
1027 5441 1244 5516 videtur
1299 5439 1538 5516 sensisse
1594 5439 1876 5510 Origenes,

2208 5437 2320 5516 Κ-αί
2349 5437 2505 5492 abest
2755 5507 2768 5516 _
2869 5504 2886 5516 _
2937 5513 2945 5516 _
2987 5496 3039 5516 ὼ

291 5504 482 5566 contra
515 5530 702 5584 quem,
745 5525 803 5569 ut
835 5516 1096 5576 arbitror,
1127 5514 1371 5582 disputat
1423 5504 1717 5584 Chrysost:
1745 5522 1878 5563 tom.

2237 5507 2372 5561 Τίνα
2446 5510 2649 5577 τρόπον
2740 5507 2802 5560 Δ.
2868 5504 3132 5576 Intellige,
3211 5505 3576 5574 ἔφανερωσεν

297 5584 431 5645 γειι,
485 5581 547 5654 p.
602 5585 696 5637 121
752 5586 838 5660 l);
883 5585 1011 5660 sed”
1045 5581 1295 5655 Origenis
1368 5583 1434 5636 ad
1497 5582 1645 5635 hunc
1703 5583 1880 5634 locum

2021 5581 2230 5660 ὺτῄλδιε.
2604 5648 2615 5659 .
2690 5647 2721 5660 ..
3094 5646 3106 5660 .
3399 5646 3411 5660 .

292 5646 1061 5710 ctnnnn'mtariusintercedit.
1143 5646 1171 5655 ⁷

2054 5650 2165 5721 (96)
2205 5649 2307 5702 Aut
2343 5665 2406 5702 ex
2439 5647 2810 5721 superioribus
2844 5646 3218 5721 repetendum
3239 5646 3572 5715 προσέσχον.

363 5726 475 5790 (1)5)
508 5726 700 5778 Nescio
745 5743 811 5778 an
846 5743 951 5778 nun
987 5728 1253 5795 interpres
1283 5724 1478 5795 legerit
1523 5722 1875 5792 ςανερὼσον-

2017 5718 2242 5775 utaliud
2281 5721 2509 5775 verbum
2541 5719 2932 5789 supplendum,
2979 5718 3146 5771 veluti
3205 5719 3536 5784 ἐγίνωσκον.

292 5809 372 5858 ὀ,
392 5837 404 5856 ,
431 5799 572 5862 quod
603 5812 701 5849 uec
729 5799 860 5850 mihi
896 5799 1240 5867 displicebat.
