4010 6498
477 359 614 420 1155

475 579 665 626 naum,
698 573 754 616 ut
791 561 1078 631 quiescere
1112 557 1320 611 faceret
1352 555 1424 608 ibi
1452 552 1700 607 Matrem.
1733 547 1949 602 Fratres
1980 547 2062 600 sui

478 666 682 716 autem,
716 655 854 723 lege.
884 667 992 704 non
1030 660 1244 712 natura,
1297 647 1393 702 lilii
1439 644 1696 700 videlicet
1724 639 1926 710 Joseph
1969 639 2060 708 qui

472 745 590 814 lege
614 758 667 800 et
696 761 804 798 non
850 753 1043 797 natura
1080 753 1237 812 pater
1264 739 1408 792 illius
1435 747 1575 791 erat.

824 857 976 911 CAP.
1017 857 1082 910 ll.
1117 857 1194 910 De
1234 855 1412 922 eiectis
1435 870 1460 905 e
1496 851 1710 920 templo.

549 948 698 1002 Ἶρι-ε.
757 950 836 1001 15.
873 947 940 1000 Et
975 964 1136 1016 prope
1161 975 1228 984 ——
1253 945 1410 998 Vers.
1439 944 1527 996 ιδ.
1569 941 1846 994 subvertit.
1904 937 2066 991 Simi-

477 1041 543 1092 la
586 1057 803 1107 queque
835 1039 1052 1106 scripsit
1109 1036 1392 1088 .‘llatthzeus
1425 1034 1478 1086 in
1514 1032 1620 1085 [inc
1666 1027 2064 1099 quadragesimi

476 1131 652 1198 quinti
689 1127 882 1195 capitis
901 1126 942 1156 ³⁸
969 1143 982 1190 ;
1029 1135 1083 1178 et
1115 1125 1330 1178 illorum
1352 1123 1469 1193 lege
1493 1122 1923 1182 (narrationem,
1947 1118 2071 1186 plu-

481 1225 678 1274 rimum
710 1220 776 1273 ad
804 1221 920 1272 lucc
957 1220 1356 1273 toiilercnlem.

555 1397 944 1467 Κερματισταὶ
973 1407 1155 1450 autem
1183 1395 1404 1465 proprie
1434 1395 1694 1447 dicuntur
1737 1398 2070 1460 permutato-

486 1505 595 1551 res,
635 1505 774 1556 (pios
820 1489 1108 1542 Matthaeus
1167 1488 1530 1549 κολλυϐιστὰς
1583 1483 1914 1546 nominavit,
1969 1483 2072 1536 hoc

482 1587 566 1626 est
595 1578 1019 1630 uuuuuularios.
1059 1578 1120 1629 lit
1152 1577 1294 1628 sicut
1342 1573 1601 1636 x6).).u60;
1627 1573 1820 1626 obolus
1850 1582 1953 1636 est,
1977 1573 2070 1640 qui

479 1682 581 1733 pro
613 1669 1016 1733 permutatione
1048 1676 1282 1720 moneta:
1305 1667 1488 1730 datur,
1534 1665 1588 1719 id
1622 1674 1728 1725 est.
1780 1666 1863 1734 (ut
1913 1663 2074 1732 vulgo

479 1761 702 1828 dicitur)
733 1759 993 1811 cambium
1022 1775 1039 1813 :
1074 1759 1155 1813 sic
1185 1768 1237 1812 et
1277 1759 1460 1827 κέρμα
1492 1758 1778 1827 congeries
1805 1767 1890 1811 est
1937 1756 2074 1809 obo-
2110 1803 2140 1828 ,ἱ

481 1847 681 1909 lerunt,
708 1860 802 1901 aut
837 1844 1170 1900 minutorum
1207 1863 1556 1900 nummorum
1587 1846 1790 1915 quibus
1835 1848 1895 1898 lit
1951 1860 2074 1914 per-

483 1942 738 1993 mutatio.
775 1940 1046 1993 Prwterea
1118 1939 1447 2010 φραγέλλιον
1503 1954 1676 2008 genus
1697 1945 1780 1991 est
1844 1935 2072 2006 ﬂagelli;

483 2042 601 2086 erat
650 2043 832 2086 autem
878 2043 1196 2086 contextum
1224 2051 1238 2086 :
1267 2047 1391 2085 nam
1423 2039 1478 2084 et
1521 2046 1712 2084 eorum
1764 2030 1856 2099 qui
1907 2029 2070 2097 ejeeti

485 2132 634 2186 sunt,
665 2125 1013 2178 conversatio
1042 2134 1292 2180 contexta
1319 2133 1436 2178 crat
1494 2123 1746 2177 absurdis
1781 2122 1960 2176 verbis
2015 2137 2081 2174 ac

487 2216 750 2284 operibus
789 2235 801 2270 :
845 2225 899 2270 et
943 2234 1156 2271 rursum
1217 2217 1489 2284 ejicientis
1539 2215 1888 2269 conversatio
1944 2229 2076 2268 con-

491 2315 635 2360 texta
671 2317 790 2360 erat
835 2325 902 2361 ex
929 2309 1443 2377 superualuralibus
1470 2307 1648 2360 verbis
1679 2321 1742 2358 ac
1795 2305 2076 2374 operibus,

491 2399 607 2452 sive
657 2400 822 2451 rebus
883 2399 1084 2452 divinis
1122 2410 1174 2452 et
1236 2398 1511 2451 humanis.
1544 2394 1695 2465 Opus
1737 2397 1919 2465 itaque
1948 2409 2080 2463 ope-

495 2499 644 2542 ratus
670 2499 753 2542 est
778 2491 942 2542 multa
964 2492 1182 2558 plenum
1214 2491 1556 2544 aui-toritate.
1593 2489 1728 2541 Nam
1775 2489 1900 2556 quia
1941 2486 2078 2540 Sab-

493 2580 624 2633 bato
676 2588 971 2632 curaturus
1032 2590 1171 2642 erat,
1223 2579 1502 2648 multaque
1558 2577 1758 2630 similia
1811 2577 2076 2630 facturus.

491 2687 612 2741 qua:
640 2669 843 2724 Iudaeis
867 2671 1001 2742 legis
1056 2674 1387 2741 traugressio
1434 2671 1764 2724 videbantur
1803 2687 1816 2722 :
1861 2685 1929 2723 ne
1966 2669 2082 2722 lucc

499 2770 760 2830 tanquam
831 2762 940 2816 Deo
998 2763 1312 2816 contrarius
1366 2761 1547 2816 facere
1603 2762 1908 2825 videretur,
1953 2761 2082 2814 hinc

501 2853 735 2923 primum
799 2854 1112 2922 huiusmodi
1146 2853 1326 2908 aufert
1353 2854 1746 2922 suspicionem.
1787 2852 1889 2918 Qui
1937 2852 2081 2906 enim

500 2955 711 2999 tantum
741 2945 916 2999 zelum
957 2961 1082 3016 erga
1123 2945 1345 2999 domum
1379 2929 1917 3008 Deidénmnstravit,
1967 2953 2086 2996 lan-

501 3048 664 3108 taque
719 3038 1068 3093 vehementia
1115 3053 1179 3092 ac
1242 3039 1618 3109 indignatione
1659 3047 1882 3108 propter
1942 3039 2084 3092 hanc

501 3144 635 3183 usus
671 3139 779 3192 est,
815 3139 874 3182 ut
904 3129 1037 3182 nulli
1079 3129 1301 3184 omnino
1357 3140 1628 3197 parceret,
1686 3130 1782 3184 sed
1841 3131 2081 3198 seipsuu-i
2112 3147 2155 3205 (ς

502 3224 556 3275 in
618 3220 925 3291 periculum
1003 3222 1326 3290 conjiceret,
1367 3231 1423 3276 et
1459 3233 1572 3275 tum
1610 3237 1889 3290 caupones
1935 3221 2084 3282 illus,

504 3325 616 3368 tum
647 3315 871 3373 Judaos
923 3315 974 3369 id
1039 3314 1174 3384 ipsis
1236 3317 1616 3386 permittentes
1663 3315 1716 3366 in
1746 3331 1804 3369 se
1845 3315 2084 3376 exacuit,

499 3406 683 3459 omnia
707 3405 978 3458 sustinere
999 3416 1221 3475 paratus
1249 3423 1344 3475 pro
1400 3407 1609 3460 honore
1643 3406 1849 3474 templi,
1881 3420 2089 3474 nequa-

497 3512 661 3566 quam
687 3508 872 3566 posset
897 3500 1104 3568 templi.
1149 3499 1377 3552 Domino
1403 3514 1525 3553 esse
1559 3500 1892 3554 contrarius.

577 3588 728 3642 Vers.
789 3591 874 3642 lti.
909 3591 1067 3642 Εε-
1111 3593 1500 3660 negotiationis.
1528 3590 1611 3662 -ί-’ᾖ-
1642 3591 1868 3644 Dontutn
1922 3605 2092 3660 nego-

504 3683 750 3734 tiationis
785 3681 997 3735 faciunt
1051 3683 1274 3736 domum
1324 3681 1441 3749 Dei,
1475 3694 1530 3737 et
1591 3683 1872 3738 columbas
1918 3683 1972 3735 in
2024 3697 2088 3737 ea

507 3777 750 3826 vendunt
780 3776 945 3827 etiam
976 3774 1010 3826 ii
1047 3775 1138 3842 qui
1175 3775 1483 3828 sacerdotia
1538 3784 1593 3829 et
1631 3791 1856 3828 munera
1919 3775 2094 3830 eccle-

504 3867 722 3921 siastica
782 3869 994 3922 venalia
1042 3877 1328 3938 exponunt
1388 3877 1473 3934 (ac
1503 3869 1699 3938 quovis
1745 3869 1944 3938 pretio.
1981 3868 2092 3922 imo

501 3975 638 4013 vero
669 3959 950 4014 interdum
985 3961 1151 4014 etiam
1176 3961 1361 4014 addita
1399 3976 1456 4013 re
1493 3961 1696 4014 nullius
1725 3961 1904 4029 pretii,
1924 3960 2091 4015 veluti

503 4052 699 4105 ancilla
777 4061 869 4106 aut
932 4061 1138 4116 scorto,
1207 4053 1568 4119 extrudunt);
1609 4051 1886 4106 Columba:
1949 4053 2094 4105 enim

504 4145 924 4199 similitudinem
1007 4144 1175 4199 habet
1231 4145 1402 4215 gratia
1463 4145 1702 4215 Spiritus
1747 4145 1944 4210 sancti,
2003 4143 2098 4214 qui

503 4232 680 4289 forma
717 4236 981 4290 Columba
1012 4240 1286 4306 apparuit.
1321 4236 1490 4291 [idem
1532 4245 1660 4291 sunt
1687 4237 1852 4291 etiam
1891 4250 2096 4305 caupo-

508 4341 610 4380 nes
665 4343 846 4380 rcrum
889 4328 1226 4391 divinarum,
1281 4337 1656 4397 cauponantes
1711 4343 1938 4398 ea,qum
2001 4327 2098 4381 Dei

507 4431 657 4486 sunt,
731 4424 905 4494 turpis
938 4423 1073 4479 lucri
1101 4440 1285 4479 causa.
1352 4426 1459 4480 lsta
1491 4435 1674 4479 autem

509 4514 846 4585 signiﬁcant.

1707 342 2092 403 EUTllYMll
2136 341 2304 398 ZIGA
2318 338 2493 396 BENI

551 471 706 526 Vers.
749 469 837 524 l9...
895 467 1201 521 Postliwc—
1243 463 1447 517 diebus.
1517 456 1813 513 Descendit
1859 456 2059 524 Caper-
2090 458 2142 516 Α

3612 324 3747 390 1156

2241 453 2401 508 Μετὰ
2423 451 2599 504 τοῦτο
2622 475 2686 490 -ί
2718 446 2962 516 ἡμέρας.
2990 445 3209 513 Κατέὸη
3239 435 3315 508 είς
3353 446 3748 515 Καπερναοῦμι

2168 547 2257 597 ἶνα
2309 539 2654 610 διαναπαύσῃ
2705 537 2805 607 τὴν
2862 536 3115 605 Μητέρα.
3157 534 3403 603 Ἀδελφοὶ
3454 534 3511 587 δὲ
3582 533 3746 587 αὑτοῦ

2169 638 2318 704 νόμῳ
2340 635 2434 686 καὶ
2469 633 2532 684 οὐ
2568 631 2732 701 φύσει
2794 630 2844 680 oi
2888 627 2996 679 υἱοὶ⁸
3027 625 3249 695 Ἰωσὴφ,
3271 624 3362 679 τοῦ
3393 626 3540 697 νόμῳ
3573 626 3665 679 καὶ⁵
3689 627 3749 678 οὐ

2169 729 2332 799 φύσει
2362 726 2571 796 πατρὸς
2606 725 2798 778 αὐτοῦ.

2241 838 2398 890 ΚΕΦ.
2424 837 2499 890 B'.
2525 838 2663 904 Περὶ
2694 835 2811 889 τῶν
2833 838 3254 904 ἐκϐληθέντων
3275 839 3344 890 ἐκ
3375 836 3481 890 τοῦ
3500 835 3683 903 ἱεροῦι

2242 931 2350 983 Καὶ
2420 930 2595 998 ἐγγὺς
2660 961 2728 971 -
2771 928 3129 996 ἀνέστρεψε.
3215 928 3579 997 Παραπλήσια
3644 924 3754 993 (97)

2172 1027 2266 1077 καὶ
2309 1028 2335 1076 ὁ
2363 1024 2647 1085 Ματθαῑος
2684 1023 2972 1091 ἱστόρησεν
3007 1023 3064 1072 ἐν
3119 1019 3196 1089 τῷ
3241 1021 3389 1072 τέλει
3427 1019 3520 1071 τοῦ
3561 1033 3756 1069 τεσσα-

2173 1116 2446 1190 ρακοστοῦ
2477 1116 2730 1184 πέμπτου
2771 1113 3070 1181 κεφαλαίου
3107 1111 3296 1174 αὑτοῦ,
3342 1115 3436 1164 καὶ
3481 1107 3756 1176 ἀνάγνωθι

2171 1211 2270 1280 τὴν
2303 1208 2529 1262 ἐκείνων
2567 1207 2854 1278 ἐξήγησιν,
2893 1203 3106 1273 μεγάλα
3139 1205 3230 1256 καὶ
3274 1203 3409 1272 πρὸς
3430 1202 3601 1254 ταῦτα
3626 1218 3734 1270 σύμ

2173 1303 2529 1371 ὅαλλομένην.

2246 1394 2630 1462 Κερματισταὶ
2663 1393 2720 1445 δὲ
2772 1393 2822 1444 oi
2857 1392 3254 1454 γαταλλάκται,
3283 1391 3376 1452 οὓς
3427 1393 3453 1443 ὁ
3481 1388 3760 1448 λίατοαίος

2175 1485 2538 1545 κολλυϐιστας
2569 1484 2877 1554 ὠνόμασεν.
2927 1486 3141 1553 Ὠσπερ
3181 1484 3236 1536 δὲ
3269 1481 3550 1545 κολλυϐος,
3577 1481 3604 1531 ὁ
3631 1477 3757 1529 ὀδο-

2175 1578 2287 1642 λδς,
2316 1576 2462 1629 ἀὖτω
2499 1578 2594 1638 καὶ
2626 1578 2833 1648 κέρμα,
2867 1580 2898 1647 ή
2951 1579 3154 1646 σωρεία
3188 1577 3296 1628 τῶν
3324 1592 3382 1626 τε
3415 1561 3618 1625 ὀϐολῶν
3667 1571 3764 1623 καὶ

2177 1667 2285 1722 τῶν
2318 1669 2854 1739 καταλλασσομένων
2905 1669 3141 1722 λεπτῶν.
3192 1665 3525 1737 Φραγέλλιον
3560 1664 3674 1733 (98)
3709 1664 3764 1715 δέ

2179 1761 2327 1813 ἐστιν
2366 1754 2507 1820 εἷόος
2550 1760 2838 1826 μάστιγος.
2872 1757 3115 1810 Πλεκτὸν
3153 1756 3209 1808 δὲ
3259 1751 3348 1823 ἦν,
3372 1755 3452 1806 ὅτι
3484 1755 3578 1804 καὶ
3608 1754 3640 1822 ἡ
3673 1769 3763 1803 ποι

2181 1851 2358 1904 λιτεία
2407 1851 2516 1903 τῶν
2557 1850 3019 1918 ἀπελαυνομένων
3070 1847 3423 1916 πεπλεγμένη
3465 1842 3530 1916 ἦν
3559 1847 3616 1912 ἐξ
3644 1845 3759 1897 ἀτό-

2182 1962 2300 1996 πων
2358 1944 2534 2010 λόγων
2569 1945 2663 1996 καὶ
2701 1943 2978 2013 πράξεων,
3013 1942 3107 1994 καὶ
3137 1942 3168 2012 η
3205 1941 3454 1992 πολιτεία
3492 1939 3589 1991 τοῦ
3626 1939 3768 1990 ἀπε-

2182 2034 2469 2096 λαύνοντος
2524 2033 2880 2101 πεπλεγμένη
2936 2033 3097 2084 πάλιν
3155 2030 3214 2094 ἐξ
3254 2029 3552 2098 ὑπερφυῶν
3591 2028 3768 2096 λόγων

2183 2129 2280 2180 καὶ
2312 2128 2589 2196 πράξεων,
2616 2127 2714 2178 καὶ
2737 2129 2798 2177 ἐκ
2820 2125 2982 2178 οείων
3005 2124 3100 2176 καὶ
3124 2123 3508 2192 ἀνθρωπίνων.
3531 2121 3769 2192 Πραγμα

2182 2217 2274 2273 οὖν
2307 2219 2531 2282 ἐποίησε
2585 2219 2788 2286 πολλῆς
2834 2218 3122 2280 αύθεντίας
3156 2218 3349 2286 γέμον.
3383 2215 3608 2283 Ἐπειδὴ
3659 2214 3770 2283 γὰρ

2184 2310 2411 2379 ἔμελλεν
2442 2311 2498 2360 ὲν
2526 2301 2791 2378 Σαϐϐάτῳ
2822 2307 3176 2379 θεραπεύειν,
3220 2310 3314 2359 καὶ
3347 2305 3518 2358 πολλὰ
3546 2303 3770 2357 τοιαῦτα

2186 2403 2382 2468 ποιεῖν,
2409 2400 2555 2470 ἆπερ
2579 2400 2754 2457 ἐδόκει
2779 2403 2892 2461 τοῖς
2916 2400 3190 2462 Ἰουδαίοις
3225 2398 3404 2468 νόμων
3431 2395 3766 2467 παράϐασις,

2187 2495 2276 2548 ἵνα
2307 2496 2383 2564 μὴ
2424 2495 2556 2565 δοκῇ
2589 2495 2765 2547 ταῦτα
2808 2495 3074 2564 πράττειν
3104 2493 3179 2556 ὼς
3213 2491 3481 2558 ἀντίθεος,
3513 2489 3769 2544 ἐντεῦθεν

2188 2591 2512 2659 προαναιρεῖ
2538 2588 2637 2658 τὴν
2669 2586 2928 2658 τοιαύτην
2953 2587 3247 2658 ὑπόληψιν.
3291 2585 3349 2639 '0
3374 2588 3483 2654 γὰρ
3511 2584 3673 2637 τοσοῦ
3686 2601 3770 2636 τον

2187 2681 2349 2751 ζῆλον
2376 2681 2790 2750 ἐπιδειξάμενος
2836 2681 2975 2750 ὑπὲρ
3022 2679 3115 2731 τοῦ
3166 2679 3316 2733 οἴκου
3365 2678 3458 2730 τοῦ
3488 2676 3648 2742 Θεοῦ,
3679 2679 3773 2730 καὶ

2185 2773 2427 2844 τοσαύτῃ
2467 2774 2793 2842 σφοδρότητι
2815 2775 2908 2824 καὶ
2933 2772 3307 2842 ἀγανακτήσει
3332 2769 3420 2823 διὰ
3447 2768 3639 2822 τοῦτον
3660 2767 3770 2839 (99)

2188 2867 2560 2935 χρησάμενος.
2615 2867 2709 2917 καὶ
2759 2865 2988 2936 μηδενὸς
3042 2863 3178 2926 ὅλως
3229 2864 3584 2934 φεισάμενος,
3636 2862 3773 2914 ἀλλα

2189 2959 2286 3012 καὶ
2338 2961 2419 3021 εἰς
2471 2958 2721 3013 κίνδυνον
2753 2959 2945 3012 ἑαυτὸν
2981 2959 3356 3030 καταστήσας,
3393 2959 3490 3010 καὶ
3541 2954 3667 3017 τούς
3713 2970 3772 3006 τε

2189 3051 2468 3121 καπήλους
2495 3051 2764 3114 ἐκείνους,
2800 3051 2926 3114 τούς
2964 3068 3023 3103 τε
3056 3051 3524 3122 παραχωροῦντας
3567 3049 3643 3118 (Ι)
3674 3047 3773 3099 αύ-

2188 3143 2299 3204 τοῖς
2338 3141 2629 3204 Ἰουδαίους
2660 3143 2786 3194 καθ’
2837 3141 3035 3194 ἑαυτοῦ
3079 3139 3410 3211 παροξύνας,
3472 3141 3565 3192 καὶ
3592 3139 3770 3190 πάντα

2189 3235 2385 3288 παθεῖν
2417 3235 2634 3302 ἕτοιμος
2673 3231 2750 3286 ὢν
2799 3233 2943 3304 ὑπὲρ
2991 3233 3089 3303 τῆς
3126 3233 3424 3302 εὐκοσμίας
3456 3231 3550 3285 τοῦ
3604 3230 3770 3300 ἱεροῦ,

2189 3327 2288 3379 οὐκ
2317 3326 2382 3378 ἂν
2416 3326 2658 3388 ἐναντίος
2701 3325 2786 3396 εἴη
2825 3326 2903 3394 τῷ
2926 3326 3174 3397 Δεσπὸτῃ
3206 3324 3301 3378 τοῦ
3339 3324 3510 3395 ἱεροῦ.

2263 3590 2374 3645 Καὶ
2411 3620 2482 3629 -
2529 3586 2840 3659 ἐμπόριον.
2879 3587 3069 3664 [Οἷκον
3101 3593 3177 3664 (2)
3231 3593 3502 3663 ἐμπορίου
3561 3593 3774 3647 ποιοῦσι

2192 3683 2283 3736 τὸν
2312 3681 2462 3734 οἷκον
2500 3683 2594 3736 τοῦ
2629 3682 2788 3748 Θεοῦ,
2837 3685 2934 3737 καὶ
2981 3688 3079 3748 τὰς
3129 3685 3460 3754 περιστερὰς
3517 3687 3575 3738 ὲν
3625 3686 3774 3756 αὐτῷ

2195 3775 2492 3841 πωλοῦσιν,
2534 3775 2630 3828 καὶ
2663 3778 2711 3828 οἱ
2746 3776 2844 3839 τὰς
2863 3778 3204 3847 χειροτονίας
3235 3778 3311 3846 (5)
3340 3779 3772 3848 πιπράσκοντες.

2197 3869 2534 3936 Περιστερᾱς
2563 3869 2672 3939 γὰρ
2705 3867 2899 3934 τύπος,
2954 3871 2987 3939 ἡ
3013 3869 3174 3939 χάρις
3204 3869 3297 3922 τοῦ
3327 3871 3483 3939 ἁγίου
3519 3870 3774 3941 Πνεύμα·

2193 3977 2308 4019 τος.
2340 3959 2432 4012 τοῦ
2464 3961 2522 4011 ὲν
2554 3961 2685 4014 εῖδει
2713 3963 3047 4031 περιστερᾶς
3096 3961 3352 4028 ὀφθέντος
3378 3963 3475 4032 (4).
3511 3963 3576 4014 Οἱ
3605 3962 3651 4014 δ’
3681 3962 3776 4015 αὖ.

2195 4052 2276 4103 τοὶ
2315 4051 2407 4103 xui.
2432 4051 2510 4122 (5)
2544 4051 2896 4122 Θεοκάπηλοι,
2930 4055 2998 4106 τὰ
3048 4052 3143 4105 τοῦ
3191 4053 3326 4106 Θεοῦ
3371 4053 3774 4121 καπηλεύοντες

2194 4144 2262 4197 δι’
2295 4144 2770 4216 αἰσχροκέρδειαν.
2804 4147 2878 4198 Τὸ
2907 4147 2986 4212 δὲ,
3023 4147 3228 4217 Ἄρατε
3258 4147 3446 4201 ταῦτα
3467 4147 3771 4213 ἐντεῦθεν,

2196 4238 2295 4308 τὴν
2327 4239 2662 4307 μετάστασιν
2693 4239 2789 4292 καὶ
2819 4239 3093 4310 ἀποϐολὴν
3123 4243 3218 4311 τῆς
3250 4241 3486 4310 νομικῆς
3515 4240 3773 4311 λατρείας

2197 4325 2464 4400 ᾐνίξατο]

1736 4442 1753 4481 :
1809 4426 2030 4497 Auferte
2074 4423 2177 4478 ista
2219 4425 2361 4489 hinc,
2391 4428 2804 4484 translationem
2857 4439 2914 4483 et
2968 4431 3322 4486 amissionem
3366 4431 3557 4503 legalis
3601 4431 3777 4487 cultus

585 4607 698 4659 μου
737 4608 893 4661 factis
939 4609 1144 4675 solum,
1184 4610 1281 4664 sed
1317 4619 1374 4665 et
1405 4610 1589 4665 verbis
1621 4611 1856 4665 ostendit
1881 4610 1993 4666 Deo
2040 4625 2086 4666 st

2275 4612 2351 4667 Ού
2388 4611 2549 4681 μόνον
2597 4612 2690 4675 ἀφ’
2722 4603 2797 4666 ὧν
2825 4611 3085 4683 ἔπραξεν,
3106 4612 3244 4666 ἀλλὰ
3271 4615 3365 4666 καὶ
3413 4614 3508 4684 ἀφ’
3533 4609 3610 4670 ὧν
3633 4607 3775 4684 εἷπε,

509 4711 634 4751 esse
670 4713 777 4750 non
808 4701 1167 4754 contrarium.
1201 4700 1309 4756 Sed
1363 4703 1478 4770 ipse
1511 4701 1732 4772 quidem
1769 4701 1938 4757 Deum
1993 4717 2091 4755 na«

516 4799 635 4842 tura
672 4789 887 4843 Patrem
957 4808 1116 4845 suum
1165 4795 1420 4860 vocavit;
1488 4793 1660 4849 Judazi
1707 4804 1890 4849 autem
1955 4795 2090 4849 ado-

515 4883 701 4948 ptione
737 4885 951 4938 Patrem
995 4884 1171 4954 ipsum
1197 4887 1513 4942 nominasse
1537 4897 1792 4958 putantes
1825 4904 1935 4943 non
1961 4897 2090 4942 sunt

521 4977 617 5024 1lttt:
647 4976 810 5027 \crbu
836 4977 1056 5030 turbati.
1093 4978 1198 5032 Sed
1227 4994 1404 5048 neque
1434 4981 1518 5038 his
1549 4995 1668 5050 quae
1703 4980 1832 5034 fecit
1857 4996 2086 5051 exaspe-

621 5106 663 5137 ³³
695 5109 887 5163 Matth.
946 5127 1094 5175 uir,
1145 5113 1230 5185 μὶ.

2198 4705 2473 4758 δείκνυσιν
2527 4705 2608 4757 ὅτι
2658 4705 2758 4758 οὐκ
2814 4704 2962 4758 ἔστιν
2999 4705 3264 4770 ἀντίθεος.
3306 4707 3450 4760 Ἀλλ’
3480 4710 3643 4774 αὐτὸς
3681 4713 3777 4782 μὲν

2201 4797 2360 4868 φύσει
2391 4797 2612 4866 Πατέρα
2640 4796 2732 4849 τὸν
2769 4796 2904 4849 Θεὸν
2933 4798 3274 4851 ἐκάλεσενοί
3305 4798 3362 4851 δὲ
3393 4801 3662 4867 Ἰουδαῖοι,
3691 4802 3776 4855 θέ-

2200 4909 2283 4944 σει
2328 4891 2548 4958 Πατέρα
2579 4889 2772 4943 τοῦτον
2800 4890 3068 4959 ὀνομάσαι
3100 4893 3398 4963 οἰηθέντες,
3425 4895 3527 4946 οὐκ
3583 4898 3777 4967 ὲταρὰ·

2198 4982 2407 5052 χθησαν
2466 4983 2559 5034 ἐπὶ
2597 4981 2673 5050 τῷ
2706 4981 2932 5051 τοιούτῳ
2983 4983 3216 5053 ῥήματι,
3267 4983 3382 5037 ἀλλ’
3425 4985 3534 5039 οὐδ’
3563 4987 3647 5055 ἐφ’
3699 4981 3777 5050 οἷς

1707 5186 1905 5248 Varia:
1937 5186 2244 5250 lectiones
2274 5194 2336 5250 et
2368 5195 2559 5252 notae.

590 5346 697 5406 (υἷι
729 5347 804 5397 Τὰ
837 5347 1194 5417 παραπλήσια
1224 5348 1291 5414 Α,
1324 5361 1382 5404 ut
1409 5349 1560 5404 alibi.

591 5453 622 5470 ..
645 5429 696 5476 δ)
749 5419 1085 5484 Φρα,γελιον
1119 5428 1184 5472 Α.

583 5491 693 5553 (εν)
723 5487 892 5539 Τοῦτο
931 5492 994 5540 Α.

584 5560 665 5635 ili
703 5557 959 5635 Intelligit
987 5559 1264 5632 principes
1290 5563 1630 5627 Judazorum,
1652 5561 1744 5632 qui
1778 5563 1828 5618 id
1865 5563 1921 5618 in
1956 5572 2094 5616 tem-

515 5624 753 5695 ploiiieri
794 5624 1180 5695 peririiserant.

557 5694 662 5774 ,(9)
687 5694 811 5752 "tut:
846 5710 1074 5781 uterque
1107 5704 1158 5754 in
1189 5706 1435 5777 margine
1460 5707 1649 5762 habet.
1676 5705 1834 5777 Apud
1892 5705 2098 5761 liente-

517 5779 664 5818 ntiun
697 5784 804 5822 non
830 5779 1201 5840 reperiuntur.

2265 5358 2342 5425 (ὅ)
2395 5357 2596 5428 Piingit
2639 5357 2950 5426 episcopos.
3006 5357 3098 5426 qui
3169 5356 3469 5412 sacerdotia
3510 5358 3778 5413 habebant

2191 5429 2423 5480 venalia.
2453 5427 2693 5482 Pertinet
2734 5443 2864 5497 ergo
2918 5429 3022 5482 hoc
3074 5428 3140 5481 ad
3206 5429 3561 5496 antiquitates
3613 5431 3773 5485 eccle

2197 5497 2469 5552 siasticas.

2269 5569 2344 5636 (4)
2408 5569 2758 5638 [Ιεμφθὲντος
2799 5571 2864 5623 Α.

2198 5639 2349 5764 25(25)
2383 5638 2558 5695 [labet
2595 5641 2698 5695 hoc
2745 5639 3042 5712 Gregorius
3089 5641 3347 5696 Nazianz.
3411 5658 3464 5711 ιι.
3498 5641 3601 5696 106
3637 5649 3686 5696 et
3730 5659 3777 5709 p.
