4010 6528
488 363 628 428 1159

1720 355 2100 420 EUTHYMII
2143 353 2507 420 ZIGABENI

3611 366 3748 427 1160

486 487 773 535 merantur
803 476 873 534 ab
904 476 1065 532 initio
1103 474 1482 531 adtttcationis
1499 491 1672 546 usque
1704 478 1771 532 ad
1810 491 2066 532 consum-

2195 479 2485 547 παρείκοντα
2517 484 2613 532 καὶ
2644 479 2704 545 ἒξ
2731 480 3055 552 ᾠκοῗομήθη
3087 483 3116 534 ὁ
3137 483 3281 546 ναὸς,
3317 481 3751 554 ἀριθμουμένας

480 572 795 627 mationem.

553 665 707 719 Vers.
727 662 814 717 22.
842 661 1067 726 Quando
1097 690 1167 701 —
1191 660 1328 730 ejus.
1363 659 1501 714 Cum
1540 672 1721 712 autem
1761 659 1864 713 hoc
1920 659 2068 713 dicc-

481 765 586 817 rct,
632 754 980 819 hasitabant,
1016 753 1275 822 quidnam
1330 750 1556 814 diceret,
1583 764 1685 802 nee
1739 749 2061 804 credebant.

481 845 647 900 Multa
677 859 896 914 quoque
931 845 1057 898 talia
1099 843 1358 912 loquitur,
1396 841 1631 909 primum
1686 840 1909 907 quidem
1963 856 2066 892 au-

480 939 758 992 dientibus
792 943 1022 1005 incerta,
1059 935 1406 1004 postmolum
1445 947 1576 986 vero
1635 931 1951 998 manifesta,
2006 939 2066 985 ut

481 1031 814 1083 ostendatur
851 1027 1169 1096 prmvidtsse
1208 1041 1328 1093 quae
1359 1025 1595 1078 dicebat.

557 1120 624 1172 Et
675 1135 845 1187 quare
911 1119 1146 1184 aenigma
1208 1131 1317 1168 non
1376 1116 1631 1170 dissolvit
1684 1115 1876 1169 dicens
1920 1113 2064 1184 quod

482 1212 752 1280 templum
796 1209 1127 1278 intelligeret
1188 1223 1388 1276 corpus
1445 1223 1603 1260 suum
1632 1207 1654 1259 ?
1689 1207 1824 1272 Quia
1857 1215 1984 1260 tunc
2013 1206 2063 1259 ei

481 1303 618 1356 ﬁdes
652 1302 906 1356 habenda
942 1317 1048 1354 non
1076 1308 1212 1354 erat.
1247 1299 1528 1368 Siquidem
1581 1299 1692 1351 duo
1725 1309 1853 1352 tunc
1882 1299 2067 1352 obsta-

479 1395 659 1447 bant:
699 1409 870 1447 unum
956 1394 1177 1462 quidem
1239 1392 1662 1446 resurrectionis
1733 1407 1892 1460 opus.
1928 1390 2064 1445 alte-

479 1501 599 1539 rum
635 1501 763 1538 vero
790 1485 934 1552 quod
970 1485 1112 1538 Deus
1139 1493 1306 1546 esset,
1336 1485 1426 1550 qui
1461 1483 1567 1535 tale
1600 1482 1861 1551 templum
1907 1481 2064 1534 inha-

481 1577 703 1630 bitaret.

558 1666 811 1720 νει-535.
841 1665 1061 1720 Cttm—
1098 1663 1352 1733 faciebat.
1397 1662 1763 1716 Crediderunt
1798 1662 1856 1716 in
1913 1677 2040 1716 eum

479 1773 589 1810 non
623 1765 806 1809 tamen
853 1756 1084 1807 Iirmiter
1125 1771 1138 1805 :
1173 1767 1297 1806 nam
1354 1751 1429 1805 illi
1484 1751 1696 1805 ﬁrmius
1747 1751 2063 1808 credebant.

2169 571 2280 624 ἀπὸ
2313 572 2414 640 τῆς
2444 572 2719 640 ἐνάρξεως
2751 573 2920 643 μέχρι
2948 573 3048 641 τῆς
3077 574 3433 641 τελειώσεως,

2243 663 2382 716 "Ore
2405 693 2476 703 --
2513 663 2724 718 αὐτοῦ.
2748 665 2878 717 Ὅτε
2908 663 2965 716 δὲ
3010 664 3170 717 τοῦτο
3195 666 3400 733 ἔλεγεν,
3430 666 3670 736 ἠπόρουν
3695 669 3754 720 τί

2170 771 2300 807 ποτε
2354 754 2523 821 λέγει,
2565 756 2658 807 καὶ
2702 755 2801 808 οὐκ
2835 755 3142 808 ἐπίστευον.
3201 758 3379 810 Πολλὰ
3412 759 3468 810 δὲ
3517 759 3748 812 τοιαῦτα

2169 847 2490 913 φθέγγεται,
2513 849 2834 916 παραυτίκα
2856 848 2956 917 μὲν
2978 847 3149 915 ἄδηλα
3173 851 3284 909 τοῖς
3308 850 3584 914 ἀκούουσι,
3613 866 3756 920 μετα

2168 937 2327 989 τοῦτο
2353 937 2409 990 δὲ
2434 938 2588 1008 δῆλα,
2623 938 2712 991 ἵνα
2743 939 2929 1010 δειχθῇ
2967 937 3228 1009 προειδὼς
3257 939 3292 992 ἃ.
3321 939 3494 1008 ἔλεγε.

2240 1113 2350 1165 Καὶ
2382 1112 2525 1165 διατί
2551 1113 2651 1165 οὐκ
2682 1112 2840 1166 ἔλυσε
2872 1115 2933 1167 τὸ
2963 1116 3212 1185 αἴνιγμα,
3244 1117 3328 1169 ὅτι
3364 1121 3490 1169 ναὸν
3511 1119 3662 1186 λέγει
3695 1119 3759 1170 τὸ

2170 1203 2330 1272 σῶμα
2381 1203 2592 1269 αὐτοῦς
2652 1205 2797 1258 Διότι
2855 1207 2954 1258 οὐκ
3005 1207 3196 1275 ἔμελλε
3234 1208 3612 1276 πιστευθῆναι.
3651 1211 3760 1261 Δύο

2167 1296 2277 1365 γὰρ
2320 1291 2464 1366 ἦσαν
2511 1296 2578 1348 τά
2637 1280 3047 1366 προσιστάμενα
3097 1300 3255 1364 τέως,
3319 1300 3376 1351 ἓν
3414 1300 3513 1369 μὲν
3545 1302 3604 1351 τὸ
3656 1305 3757 1365 τῆς

2168 1385 2473 1450 ὲγέρσεως,
2529 1387 2718 1456 ἕτερον
2751 1388 2808 1440 δὲ
2851 1389 2911 1439 τὸ
2957 1389 3089 1442 Θεὸν
3121 1384 3263 1442 εἶναι
3301 1390 3394 1442 τὸν
3443 1391 3761 1443 ἐνοικοῦντα

2166 1474 2243 1543 τῷ
2274 1481 2504 1544 τοιούτῳ
2535 1479 2671 1548 ναῷ.

2252 1654 2733 1718 Ὠς-ἐποίει...
2789 1656 3150 1713 Ἐπίστευσαν
3201 1659 3279 1720 είς
3325 1657 3510 1718 αὑτὸν,
3560 1657 3760 1710 ἀλλὀὐ

2172 1746 2422 1814 βεϐαίως.
2467 1747 2698 1800 Ἐκεῖνοι
2728 1749 2836 1816 γὰρ
2867 1749 3264 1817 ἀκριϐέστερον
3293 1749 3406 1818 (10)
3439 1748 3758 1812 ἐπίστεδον,

481 1849 574 1916 qui
619 1862 729 1900 non
790 1857 1013 1915 propter
1043 1843 1198 1914 signa
1233 1851 1468 1905 tantum,
1505 1857 1692 1895 verum
1724 1841 1890 1894 etiam
1944 1857 2066 1910 pro-

2195 1840 2288 1890 ὶτοι
2310 1840 2383 1908 μὴ
2408 1839 2496 1892 διὰ
2525 1839 2592 1891 τὰ
2621 1843 2825 1909 σημεῖα
2851 1841 3033 1909 μόνον,
3058 1840 3196 1892 ἀλλά
3227 1842 3322 1892 καὶ
3387 1839 3476 1892 διὰ
3497 1842 3592 1910 τὴν
3613 1841 3761 1892 διδα-

488 1949 613 2008 pter
632 1939 933 1992 doctrinam
956 1939 1074 2006 ejus
1096 1938 1417 1991 credebant:
1438 1951 1563 1990 nam
1593 1937 1745 2006 signa
1770 1937 2069 1991 crassiores

482 2032 858 2096 attrahebant,
917 2030 1169 2084 doctrina
1217 2045 1347 2082 vero
1400 2046 1461 2082 ne
1519 2028 1827 2098 prophetiae
1886 2037 2070 2082 mente

477 2123 811 2177 Subtiliores.
907 2121 1030 2176 Ideo
1081 2138 1301 2190 quoque
1378 2125 1780 2178 constantiores
1819 2134 1945 2178 sunt
1988 2124 2067 2187 hi,

479 2214 681 2283 quibus
720 2213 885 2267 etiam
908 2214 1201 2282 aptaturid
1249 2214 1395 2281 quod
1462 2215 1707 2267 dicitur:
1771 2215 1923 2268 Beati
1976 2217 2066 2285 qui

479 2322 582 2358 non
611 2305 853 2357 viderunt
889 2313 936 2356 et
960 2303 1297 2357 crediderunt
1319 2305 1387 2355 δ’.

556 2396 712 2450 Vers.
746 2395 837 2450 24.
868 2393 993 2464 Ipse
1041 2423 1112 2433 —
1152 2398 1247 2448 eis.
1309 2393 1498 2464 Neque
1563 2397 1849 2464 credebat,
1889 2414 2068 2469 neque

479 2500 736 2557 tanquam
774 2487 1031 2558 legitimis
1058 2487 1341 2557 discipulis
1366 2489 1675 2542 conﬁdebat
1709 2509 1721 2545 :
1761 2491 1973 2558 quare?

554 2576 710 2629 Vi-rs.
746 2576 837 2629 2i.
872 2575 952 2628 Eo
989 2577 1128 2645 quod
1155 2605 1226 2615 ——
1257 2577 1460 2630 omnia.
1494 2577 1726 2633 Omnem
1788 2582 2065 2637 hominem

477 2670 597 2722 sive
621 2676 883 2721 constans
906 2678 1072 2726 esset.
1100 2668 1215 2722 sive
1247 2672 1587 2723 inconstans.

552 2759 646 2812 Vel
675 2759 859 2812 omnia
899 2774 1021 2826 qua:
1078 2759 1134 2812 in
1185 2759 1444 2812 omnibus
1505 2767 1658 2813 sunt-

550 2851 710 2905 Vers.
743 2850 832 2902 25.
864 2849 928 2900 Et
966 2849 1276 2904 —Itomine.
1316 2849 1391 2904 De
1429 2852 1796 2920 qualicunque
1819 2852 2066 2908 homine.

551 2942 709 2995 Vers.
733 2941 825 2994 25.
861 2940 986 3009 Ipse
1007 2972 1076 2980 —
1104 2943 1338 2996 homine.
1365 2941 1420 2994 In
1446 2957 1774 3013 quocunque
1822 2944 2065 3011 homine,

481 3045 671 3104 utpote
701 3033 953 3088 cordium
1000 3035 1254 3104 cognitor
1295 3035 1460 3088 Deus.

914 3146 1070 3200 CAP.
1109 3146 1195 3200 Ill.
1234 3147 1306 3200 De
1339 3149 1642 3204 Nicodemo.

533 3234 824 3306 Cap.lll.V.
849 3234 901 3288 L
929 3234 1056 3288 Erat
1080 3266 1153 3276 —
1172 3235 1329 3290 Vers.
1373 3239 1426 3291 2.
1454 3251 1621 3293 nocte.
1647 3241 1897 3297 Timebat
1924 3244 2072 3298 enim

481 3327 659 3396 palam
686 3327 953 3381 accedere
998 3336 1221 3397 propter
1240 3327 1446 3384 Judzcot
1463 3347 1551 3384 um
1568 3333 1958 3402 suspicionem,
1982 3337 2073 3404 qui

478 3422 725 3472 aversuri
766 3429 925 3472 erant
957 3421 1298 3475 accedentes
1336 3423 1402 3476 ad
1435 3437 1583 3477 eum.

559 3509 715 3562 Vers.
754 3509 808 3562 2.
878 3508 944 3561 Et
1011 3540 1080 3550 ——
1132 3514 1404 3582 magister.
1457 3514 1688 3569 l’utabat
1739 3518 1886 3572 enim
1928 3519 2072 3588 quod

482 3603 750 3670 preplieta
784 3611 932 3655 esset
966 3604 1168 3657 missus
1200 3621 1228 3657 a
1264 3608 1371 3660 Deo
1399 3608 1464 3661 ad
1493 3609 1827 3666 docendum.

558 3695 708 3747 Vers.
748 3694 804 3747 2.
841 3693 1012 3747 Nemo
1041 3726 1108 3734 —
1131 3713 1213 3749 eo.
1239 3697 1374 3751 Cum
1406 3701 1726 3769 prophetam
1760 3719 1884 3758 eum
1914 3714 2074 3776 puta-

477 3794 581 3847 ret,
620 3787 815 3839 merito
863 3787 1231 3841 arbitrabatur
1283 3790 1398 3844 hare
1428 3807 1551 3844 eum
1592 3809 1701 3846 non
1736 3798 1953 3866 prepria
1988 3800 2071 3852 fa-

474 3891 601 3930 cere
639 3887 924 3944 potestate.
941 3880 1035 3933 sed
1062 3895 1182 3935 esse
1223 3897 1252 3935 a
1283 3881 1390 3936 Deo
1434 3886 1687 3953 precibus
1720 3887 1942 3943 obtenta
1981 3892 2069 3961 (ε).

552 3963 709 4019 Vers.
743 3967 799 4020 3.
831 3966 1118 4037 Respondit
1150 4001 1219 4011 —
1257 3972 1371 4025 Dei.
1411 3973 1774 4032 Existimabat
1834 3980 2071 4036 Nicode-

477 4073 600 4109 mus
629 4073 686 4110 se
722 4073 886 4112 nosse
921 4063 1090 4115 Deum
1121 4064 1208 4134 (ι),
1237 4079 1300 4118 ac
1329 4066 1395 4120 de
1425 4082 1491 4121 eo
1515 4080 1662 4124 recte
1693 4074 1918 4127 sentire.
1967 4073 2070 4130 Os-

476 4151 711 4204 tendens
741 4161 923 4205 autent
977 4152 1252 4219 Christus,
1313 4159 1461 4226 quod
1524 4161 1685 4233 longe
1756 4180 1784 4218 a
1835 4169 2068 4222 veritate

473 4238 775 4303 aberraret,
813 4243 926 4296 ait:
986 4244 1110 4298 Nisi
1171 4247 1295 4315 quis
1337 4263 1692 4319 regeneratus
1758 4255 1918 4311 fuerit
1971 4275 2070 4328 per

474 4334 947 4399 regenerationem
982 4337 1150 4390 divini
1175 4339 1538 4408 baptismatis,
1572 4360 1682 4398 non
1721 4357 1902 4415 potest
1924 4352 2068 4405 scire

476 4422 591 4474 sive
625 4437 963 4491 cognoscere
987 4427 1108 4495 ejus
1143 4428 1465 4499 dignitatem
1500 4449 1564 4488 ac
1606 4439 2062 4508 magnitudinem.

2174 1930 2408 1983 σκαλίαν
2433 1931 2602 1984 αὑτοῦ
2629 1933 2940 1984 ἐπίστευον.
2973 1932 3112 1994 Τοὺς
3145 1933 3242 2001 μὲν
3290 1933 3399 2000 γὰρ
3424 1934 3762 2002 παχυτέρους

2177 2024 2245 2075 τὰ
2281 2027 2484 2092 σημεῖα
2531 2024 2838 2093 ἐφείλκετο·
2890 2026 3017 2087 τοὺς
3056 2025 3112 2076 δὲ
3145 2024 3508 2094 λεπτοτέρους
3539 2025 3650 2096 (Η)
3683 2029 3764 2086 εἰς

2179 2117 2302 2168 νοῦν
2355 2122 2387 2184 ἠ
2425 2118 2747 2170 διδασκαλία
2784 2118 2881 2170 καὶ
2919 2122 2974 2170 αἱ
3023 2120 3370 2186 προφητεῖαι.
3403 2118 3496 2170 Διὸ
3523 2121 3621 2170 καὶ
3671 2117 3764 2170 οὔ-

2177 2227 2260 2261 τοι
2305 2212 2505 2278 μᾶλλον
2526 2212 2755 2263 ἐκείνων
2785 2211 3144 2279 βεϐαιότεροι·
3179 2208 3259 2273 οἷς
3292 2211 3522 2279 ἁρμόζει
3558 2213 3655 2265 καὶ
3681 2213 3761 2274 τρὸ,

2178 2302 2472 2369 Μακάριοι
2511 2305 2565 2353 οἱ
2590 2302 2678 2370 μὴ
2713 2303 2964 2367 ἰδόντες,
2999 2302 3596 2367 καίπιστεύσαντες.

2247 2395 2441 2459 Αὐτὸς
2471 2420 2537 2433 —-
2573 2393 2799 2457 αὐτοῖς.
2863 2395 2938 2446 υῦ
2967 2396 3394 2459 κατεπίστευεν,
3414 2394 3516 2446 οὐκ
3543 2392 3762 2464 ὲθάῤῥει

2175 2483 2251 2547 ὡς
2289 2484 2532 2554 γνησίοις
2564 2485 2857 2555 μαθηταῖς
2888 2486 3062 2550 Buzzi;

2250 2578 2353 2628 Διὰ
2403 2575 2471 2628 τὸ
2514 2605 2582 2614 -
2637 2577 2859 2629 πάντα.
2914 2577 3096 2629 Πάντα
3146 2577 3257 2646 U2)
3311 2575 3624 2646 ἄνθρωπον.
3656 2578 3762 2628 εἴτε

2178 2671 2398 2742 βέϐαιός
2431 2675 2601 2732 ἐστιν,
2628 2672 2737 2722 εἴτε
2775 2668 3054 2729 ἀϐέϐαιος.

2248 2763 2320 2816 Ἦ
2354 2763 2532 2816 πάντα
2555 2765 2622 2815 τὰ
2663 2760 2906 2812 πάντων.

2247 2855 2357 2909 Καὶ
2377 2884 2450 2895 —
2466 2855 2604 2921 ἁνοί
2619 2853 2807 2906 ώπου.
2829 2851 2967 2920 Περὶ
2990 2851 3084 2903 τοῦ
3113 2851 3432 2920 οίουδήποτε
3458 2848 3763 2919 ἀνθρώπου.

2246 2948 2440 3012 Αὐτὸς
2477 2975 2545 2986 --
2568 2943 2881 3012 ἀνθρώπῳ.
2925 2942 3013 2994 Ἐν
3039 2942 3118 3011 τῷ
3152 2943 3318 2995 παντὶ
3362 2940 3661 3011 ἀνθρώπῳ,
3693 2941 3765 3001 ὡς

2177 3037 2621 3111 γαρδιογνώστης
2652 3036 2806 3098 Θεός.

2566 3155 2725 3206 ΚΕΦ.
2760 3152 2839 3210 Γ’.
2876 3153 3014 3220 Περὶ
3039 3149 3403 3218 Νικοδήμου.

2250 3242 2373 3301 Ἠν
2412 3277 2480 3286 -
2522 3247 2767 3312 νυκτός.
2833 3244 3113 3312 Ἐφοϐεῖτο
3147 3242 3254 3311 γὰρ
3291 3240 3468 3293 ἐλθεῖν
3521 3236 3764 3311 φανερῶς

2176 3339 2262 3392 διὰ
2306 3341 2405 3408 τὴν
2456 3339 2697 3407 ὑποψίαν
2737 3337 2849 3390 τῶν
2919 3335 3193 3388 Ἰουδαίων
3262 3333 3763 3402 ἀποστρεφομένων

2177 3434 2302 3494 τοὺς
2342 3434 2671 3502 προσιόντας
2706 3431 2876 3500 αὐτῷ.

2247 3525 2357 3576 Καὶ
2399 3553 2472 3563 -
2518 3523 2913 3588 διδάσκαλος.
2965 3524 3126 3592 ’ῼετο
3173 3523 3282 3594 γὰρ
3346 3526 3429 3576 ὅτι
3480 3525 3763 3595 προφήτης

2176 3617 2349 3679 ἐστὶν,
2385 3617 2493 3668 ἀπὸ
2524 3615 2662 3668 Θεοῦ
2698 3616 2973 3685 πεμφθεὶς
3009 3618 3087 3677 είς
3117 3617 3176 3667 τὸ
3229 3615 3505 3668 διδάσκειν
3539 3615 3754 3674 αὐτούς.

2249 3706 2461 3772 Οὐδεὶς
2487 3737 2557 3748 -
2585 3707 2796 3760 αὑτοῦ.
2869 3706 3026 3758 Ἐπεὶ
3061 3708 3352 3777 προφήτην
3401 3706 3564 3757 αὐτὸν
3606 3704 3758 3775 ᾤετο,

2176 3796 2486 3859 ἀκολούθως
2514 3796 2904 3866 ὑπελάμϐανεν
2931 3797 3012 3848 ὅτι
3033 3798 3133 3848 οὐκ
3158 3797 3215 3861 ἐξ
3241 3795 3452 3857 οἰκείας
3481 3796 3760 3863 δυνάμεως

2175 3886 2348 3939 ταῦτα
2385 3891 2554 3948 ποιεῖ,
2584 3887 2699 3940 ἀλλ’
2727 3890 2793 3939 ὲκ
2816 3887 2917 3956 τῆς
2944 3887 3039 3940 τοῦ
3080 3887 3236 3953 Θεοῦ,
3270 3888 3524 3956 δεόμενο,
3569 3887 3755 3955 αὐτῆς.

2261 3982 2578 4047 Ἀπεκρίθη
2605 4009 2670 4019 --
2701 3980 2873 4034 Θεοῦ.
2918 3979 3203 4049 Ἐνόμισεν
3234 3982 3261 4032 ὁ
3285 3979 3596 4048 Νικόδημος
3629 3979 3759 4046 γνῶ-

2175 4089 2262 4125 ναι
2297 4073 2485 4135 αὑτὸν,
2524 4071 2617 4124 καὶ
2657 4073 2793 4142 ὀρθὰ
2835 4073 3054 4140 φρονεῖν
3113 4074 3240 4142 περὶ
3269 4069 3457 4122 αὑτοῦ.
3493 4069 3757 4121 Δεικνύων

2173 4165 2227 4217 δὲ
2259 4167 2286 4216 ὁ
2341 4165 2580 4236 Χριστὸς
2614 4164 2699 4216 ὅτι
2756 4165 2945 4235 πόρρω
3008 4164 3282 4216 πλανᾶται
3322 4164 3420 4232 τῆς
3484 4163 3757 4232 ἀληθείας.

2175 4259 2344 4326 φησὶν
2375 4258 2480 4322 ὃτι,
2525 4257 2651 4310 Ἐἀν
2687 4259 2762 4327 μή
2792 4273 2875 4319 τις
2907 4255 3247 4328 ἀνα-γεννηθῇ
3295 4256 3385 4308 διὰ
3433 4255 3533 4322 τῆς
3569 4255 3755 4322 παλιγο

2174 4353 2427 4417 γενεσίας
2465 4349 2561 4402 τοῦ
2612 4350 2757 4402 θείου
2807 4352 3210 4420 βαπτίσματος,
3248 4351 3308 4402 οὐ
3349 4351 3575 4402 δυναται
3609 4351 3747 4410 ἰδεῖν,

2174 4443 2294 4511 ἦτοι
2335 4443 2535 4510 γνῶναι
2591 4444 2692 4507 τὴν
2747 4444 2905 4506 ἀξίαν
2963 4446 3058 4497 καὶ
3115 4443 3519 4514 μεγαλειότητα
3575 4444 3750 4495 αὑτοῦ.

470 4509 628 4564 Nune
654 4513 800 4565 enim
835 4515 1080 4582 seipsum
1111 4519 1244 4572 dicit
1273 4522 1470 4588 Deum,
1522 4525 1574 4580 id
1610 4535 1787 4582 tamen
1811 4533 2066 4600 obscure,

2195 4509 2308 4587 θεὸν
2340 4540 2449 4606 γὰρ
2483 4536 2678 4588 ἑαυτὸν
2703 4535 2851 4604 λέγει
2876 4534 2995 4587 νῦνο
3028 4509 3369 4605 ἀσυμερανὼς
3391 4509 3470 4600 δέ,
3501 4537 3586 4588 ἵνα
3613 4536 3748 4604 φύγῃ

472 4615 583 4668 quo
645 4604 989 4658 insolentiam
1039 4607 1266 4664 devitet.
1299 4614 1490 4669 Divina
1545 4619 1813 4688 siquidem
1876 4626 2070 4692 gratia,

471 4705 594 4756 qua:
623 4707 720 4758 per
745 4708 963 4747 sacrum
989 4698 1149 4749 datur
1174 4698 1468 4769 baptisma,
1492 4715 1803 4762 etmentem
1825 4713 2070 4774 roborat,

468 4791 524 4832 et
567 4796 714 4836 recte
756 4786 942 4842 videre
979 4790 1189 4857 tribuit,
1233 4794 1497 4866 dissipata
1520 4799 1915 4868 imbecillitate,
1944 4815 2064 4874 qua:

469 4874 888 4935 obtenebrabat.

581 5060 627 5090 “
653 5058 812 5113 Joan.
855 5077 943 5130 λι,
980 5065 1071 5121 29.

2171 4628 2262 4679 τὸν
2289 4630 2526 4698 κόμπον.
2561 4630 2697 4682 Τότε
2730 4632 2840 4701 γὰρ
2874 4631 2906 4700 ἡ
2936 4631 3024 4683 διὰ
3073 4633 3167 4684 τοῦ
3201 4630 3347 4699 ἱεροῦ
3381 4630 3748 4700 βαπτίσματος

2170 4719 2424 4789 διδομένη
2471 4719 2592 4771 θεία
2625 4720 2787 4790 χάρις
2821 4720 3053 4789 ρωννὺει
3084 4723 3175 4773 τὸν
3201 4720 3326 4772 νοῦν
3358 4723 3449 4772 καὶ
3484 4721 3619 4789 ὁρξι
3666 4721 3743 4787 69-

2171 4813 2278 4872 θῶς
2313 4812 2571 4883 παρέχει,
2604 4816 2703 4883 τῆς
2756 4813 3160 4883 ἐπισκοτούσης
3198 4812 3484 4874 ἀσθενείας
3514 4816 3745 4864 ἀποσκε·

2168 4901 2486 4971 δασθείσης.

1679 5228 1880 5292 Varia:
1913 5229 2227 5297 lectiones
2262 5242 2323 5298 et
2366 5249 2555 5301 notua

541 5376 656 5446 (10)
710 5378 1081 5438 Ἐπίστευσαν
1113 5387 1178 5442 Α.

679 5450 1050 5531 ςρξυτέρους,
1084 5460 1544 5531 ἀκριϐεστέρους.

538 5520 650 5591 με)
677 5520 904 5574 Etenim
939 5541 1034 5593 pro
1065 5520 1296 5597 πάντας,
1333 5520 1462 5606 legit
1506 5520 1568 5588 in
1627 5547 1777 5593 textu
1857 5542 2060 5598 πάντα.

537 5679 604 5752 (δ)
639 5683 746 5769 Sed
767 5708 944 5745 esse—
961 5693 1194 5746 obtenta.
1239 5693 1344 5747 Sed
1371 5694 1582 5760 divina,
1621 5714 1788 5769 egens
1812 5717 1896 5757 ea.
1926 5705 2051 5755 Δεό-

469 5767 623 5820 μενος
659 5762 746 5813 hic
770 5778 874 5815 non
908 5776 987 5818 est
1019 5780 1257 5830 precatu,
1303 5769 1397 5819 sed
1433 5784 1607 5837 egens.

2179 5404 2335 5484 Unde
2367 5416 2550 5484 autem
2584 5407 2607 5456 ?
2638 5406 2713 5460 Ex
2748 5409 3029 5484 codicibus
3062 5408 3128 5463 Ν.
3161 5410 3494 5484 Testamenti
3528 5413 3550 5466 ?
3588 5411 3736 5484 Non;

2175 5477 2268 5529 sed
2309 5492 2374 5529 et
2402 5478 2687 5549 ΟΙΙΓ)’5()8[.
2719 5487 2849 5533 tom.
2889 5481 3100 5548 Vlll,p.
3145 5482 3242 5534 157
3264 5485 3325 5537 (.2.

2239 5710 2303 5775 (ι)
2333 5707 2495 5761 Nosse
2525 5708 2712 5762 Deum.
2777 5708 2946 5764 Nosse
2992 5725 3137 5765 eum.
