4010 6490
221 369 349 444 nsi

1181 381 1571 443 COMMENT.
1617 381 1696 442 IN
1734 379 2114 443 JOANNEM.
2157 407 2216 419 --
2265 384 2414 446 CAP.
2470 383 2586 442 ill.

3392 388 3530 453 1162

289 490 470 558 Λέγει
532 519 602 530 -
662 487 1072 558 γεννηθῆναι;
1115 490 1179 542 Τί
1245 490 1428 554 τοῦτο,
1497 490 1820 558 Νικόδημες

2008 490 2164 544 V'ers.
2209 494 2260 547 4.
2307 492 2442 545 Dicit
2483 521 2552 530 ——-
2581 493 2784 546 nasci?
2835 492 2977 560 Quid
3027 494 3153 562 hoc,
3182 494 3530 556 Nicodeme?

231 583 435 636 'Pa66‘t
470 583 637 636 αὐτὸν
671 581 851 644 καλεῖς
877 623 890 644 ,
925 584 1020 636 καὶ
1055 583 1164 634 ἀπὸ
1203 582 1337 635 Θεοῦ
1377 583 1696 653 ἐληλυθέναι
1727 583 1818 636 λέ-

219 693 342 743 γεις
363 719 377 740 ,
409 677 505 729 καὶ
536 677 596 728 οὐ
631 673 905 738 πιστεύεις
932 669 1011 738 οἷς
1052 674 1229 742 λέγει;
1266 675 1438 728 Βαδαὶ
1466 679 1565 745 τῆς
1601 676 1822 729 Ἰουδαῖ-

219 767 325 837 κῆς
362 767 716 836 παχύτητοςε
755 768 1031 820 Ἤκουσεν
1065 769 1451 837 ἀναγέννησιν,
1485 769 1621 821 ἀλλὰ
1655 785 1823 820 πνευ-

224 858 510 926 ματικήν·
568 856 668 909 οὐκ
726 857 970 927 ἠδυνήθη
1019 858 1227 928 ταύτην
1281 859 1504 928 νοῆσαι,
1566 859 1656 910 καὶ
1715 859 1827 909 νοεῖ

223 949 546 1018 σοιρκικήν⁹
619 948 714 1001 καὶ
781 950 1008 1013 εἰκότως
1073 951 1294 1020 ἀπορεῖ,
1357 951 1450 1004 καὶ
1504 951 1659 1022 ζητεί
1732 949 1824 1001 τὸν

221 1039 458 1108 τρόπον.
605 1023 612 1026 ’

309 1129 633 1196 Ἀπεκρίθη
667 1159 731 1170 -
769 1129 938 1185 Θεοῦ.
975 1130 1274 1200 Σαφηνίζει
1312 1133 1414 1205 μὲν
1453 1136 1548 1188 τὸν
1579 1139 1782 1208 τρόπον
1805 1182 1820 1206 ,

227 1220 439 1289 λέγων,
484 1221 566 1274 ὅτι
603 1222 661 1288 ἔξ
688 1220 886 1285 ὓδατος
935 1222 1030 1276 καὶ
1079 1223 1421 1294 Πνεῦματος,
1473 1227 1677 1300 δηλαδὴ
1730 1231 1824 1283 τοῦ

223 1313 422 1381 ἁγίου·
467 1313 619 1368 οὔπω
651 1314 707 1367 δὲ
741 1315 948 1378 τέλεον,
982 1315 1069 1368 ἵνα
1104 1317 1611 1391 προσεκτικώτερος
1636 1323 1664 1374 ό
1691 1323 1829 1392 ἑρωο

229 1408 342 1460 τῶν
401 1409 652 1476 γένηται.
724 1409 1000 1468 Πολλάκις
1061 1412 1171 1482 γὰρ
1237 1412 1296 1465 τὸ
1353 1415 1564 1483 ἀσαφὲς
1620 1417 1826 1488 ἐγείρει

220 1499 328 1567 τὴν
389 1499 663 1565 διάνοιαν,
731 1501 828 1553 καὶ
887 1503 1311 1576 περιεργότερον
1379 1508 1473 1559 καὶ.
1533 1509 1824 1562 σπουδαῖον

223 1591 611 1661 ἀπεργάσεται
661 1593 753 1645 τὸν
787 1595 1091 1664 ἀκριατην.
1130 1595 1193 1652 ΤΟ
1239 1597 1338 1665 μὲν
1368 1594 1462 1651 οῦν
1514 1601 1826 1670 Νικόδημος

219 1681 492 1736 ἀδύνατον
535 1682 691 1751 ἔλεγε
736 1684 838 1755 τὴν
872 1685 1268 1757 ἁναγέννησιν·
1299 1691 1328 1741 ὀ
1360 1689 1416 1741 δὲ
1461 1691 1696 1762 Χριστὸς
1734 1693 1826 1745 καὶ

223 1773 437 1844 σφόδρα
467 1774 723 1845 δυνατὴν,
754 1776 851 1828 καὶ
878 1777 941 1829 οὐ
971 1776 1130 1830 τοῦτο
1163 1778 1346 1849 μόνον,
1371 1781 1509 1835 ἀλλὰ
1539 1783 1633 1836 καὶ
1659 1784 1824 1853 ἀναγ-

220 1867 414 1928 καίαν,
443 1867 518 1928 ὼς
551 1867 689 1936 μηδὲ
716 1867 976 1921 δύνασθαί
1003 1885 1126 1921 τινα
1154 1874 1323 1940 χωρὶς
1351 1873 1524 1942 αὐτῆς
1555 1875 1820 1929 εἰσελθεῖν

218 1960 303 2021 εἰς
345 1957 445 2028 τὴν
479 1950 760 2027 βᾶσιλείαν
799 1960 895 2014 τοῦ
929 1959 1085 2014 Θεοῦ.
1125 1960 1222 2033 [Τὸ
1265 1964 1378 2032 (15)
1423 1965 1477 2017 δὲ
1503 1966 1820 2022 Είσελθεῖν

217 2054 311 2113 εις
361 2049 478 2118 τὴν
515 2050 849 2114 ,βασιλείαν
891 2051 1000 2105 τοῦ
1047 2051 1246 2125 Θεοῦ,]
1286 2054 1319 2126 ἢ
1372 2056 1433 2108 τὸ
1473 2057 1677 2125 γνῶναι
1722 2059 1821 2128 τὴν

220 2140 387 2205 ἀξίαν
423 2143 517 2195 καὶ
547 2143 950 2215 μεγαλειότητα
980 2145 1146 2198 αὐτοῦ
1170 2146 1322 2216 δηλοί
1347 2138 1452 2200 ’νῦν
1483 2149 1515 2218 ἢ
1544 2150 1606 2202 τὸ
1635 2153 1821 2219 τυχεῖν

223 2235 327 2305 τῆς
358 2234 716 2299 ἀπολαύσεως
741 2236 839 2307 τῆς
869 2235 1040 2298 Θείας.

304 2328 368 2380 ’0
416 2329 569 2396 λόγος
610 2327 666 2380 δὲ
709 2329 838 2399 περὶ
874 2328 986 2381 τῶν
1035 2329 1173 2398 μετὰ
1213 2330 1276 2383 τὸ
1321 2331 1686 2402 βαπτισθῆναι
1729 2333 1821 2385 τὸν

221 2416 490 2487 Χριστόν.
532 2415 761 2469 Ἐκτοτε
800 2415 910 2486 γὰρ
949 2417 982 2487 η
1033 2418 1393 2487 ἀναγέννησις
1432 2420 1656 2489 ἤρξατο.
1695 2423 1821 2474 Λοι-

226 2509 334 2560 πὸν
364 2505 460 2560 οὖν
489 2511 584 2560 καὶ
618 2509 666 2560 οἱ
697 2507 988 2561 ἀπόστολοι
1022 2508 1492 2580 ἀνεγεννήοησαν,
1534 2511 1602 2562 δι’
1630 2510 1821 2576 ὓδατος

225 2597 329 2664 μὲν
363 2596 518 2665 παρὰ
557 2596 807 2648 Ἰωάννου
837 2635 851 2660 ,
881 2595 972 2648 διὰ
1009 2596 1326 2666 Πνεύματος
1363 2599 1440 2660 δὲ,
1476 2599 1566 2650 ὅτε
1596 2601 1821 2668 ἐπεφοί-

225 2704 396 2757 τησεν
437 2687 620 2750 αὐτοῖς
651 2689 709 2739 ὲν
744 2686 875 2740 εἴδει
910 2687 1155 2756 πυρίνων
1178 2688 1463 2756 γλωσσῶν.

299 2779 588 2850 Γράφουσι
631 2778 687 2830 δέ
727 2793 876 2838 τινες
922 2777 1058 2848 (14),
1094 2779 1409 2847 ἐγγίζοντες
1446 2783 1558 2844 τοῖς
1610 2782 1820 2852 χρόνοις

225 2871 342 2924 τῶν
394 2870 736 2933 ἀποστόλων,
781 2869 864 2922 ὅτι
904 2870 932 2920 ὁ
984 2868 1086 2940 μὶν
1129 2871 1362 2941 Χριστὸς
1414 2872 1679 2926 ἐϐάπτισε
1731 2880 1822 2928 τὸν

225 2964 439 3034 Πέτρον
470 2962 565 3015 καὶ
600 2963 700 3029 τὴν
732 2961 1019 3027 Θεοτόκον,
1067 2963 1095 3013 ὁ
1123 2961 1180 3014 δὲ
1213 2965 1423 3034 Πέτρος
1459 2965 1670 3030 πάντας
1694 2967 1822 3031 τοὺς

223 3055 587 3119 ἀποστόλους.

1935 582 2108 638 Rabbi
2144 582 2324 652 ipsum
2361 600 2544 647 vocas,
2581 595 2636 640 et
2697 601 2726 640 a
2777 585 2888 641 Deo
2951 589 3171 644 venisse
3213 591 3371 656 dicis,
3427 609 3533 649 nec

1933 686 2114 731 tamen
2150 677 2330 732 credis
2367 694 2486 747 qua:
2518 678 2659 733 dicit
2689 679 2714 732 ?
2746 677 2790 733 Ο
2857 679 3143 736 Iudaicam
3203 685 3531 740 crassitudi-

1937 772 2107 824 nem!
2166 770 2390 825 Audit-it
2450 773 2947 841 regenerationem,
3001 775 3098 828 sed
3152 776 3530 844 Spiritualem;

1931 877 2038 916 non
2106 861 2284 930 putuit
2366 863 2506 916 lianc
2567 865 2878 933 concipere,
2926 865 3019 920 sed
3103 868 3378 921 carnalem
3447 869 3532 921 in-

1934 953 2147 1024 telligit,
2209 966 2265 1007 et
2350 954 2548 1009 merito
2617 954 2851 1020 dubitat,
2931 955 3266 1027 modumque
3342 957 3533 1012 scisci-

1936 1052 2104 1101 tatur.

2006 1133 2166 1191 Vers.
2214 1136 2266 1190 5.
2305 1136 2590 1207 Respondit
2642 1169 2710 1178 —
2768 1137 2890 1193 Dei.
2949 1139 3167 1194 Modum
3219 1142 3535 1198 manifesmt

1930 1222 2142 1289 dicens,
2180 1226 2326 1295 quod
2355 1242 2422 1279 ex
2453 1242 2592 1296 aqua
2617 1236 2672 1280 et
2710 1225 2942 1296 Spiritu,
2973 1229 3229 1283 videlicet
3293 1240 3484 1284 sancto
3515 1249 3532 1298 ;

1931 1331 2040 1369 non
2074 1323 2256 1370 tamen
2288 1317 2434 1371 clare
2462 1317 2565 1372 hoc
2596 1318 2750 1383 dicit,
2815 1334 2925 1388 quo
2979 1321 3245 1376 attentius
3294 1322 3533 1376 interro-

1931 1419 2104 1480 garet.
2139 1409 2356 1478 Smpius
2380 1409 2527 1463 enim
2546 1410 2759 1464 occulte
2792 1411 2871 1480 (ιι)
2909 1423 3158 1466 mentem
3224 1415 3447 1475 excitat.
3474 1424 3535 1467 ut

1933 1498 2342 1568 diligentiorem
2407 1515 2472 1554 ac
2524 1500 2887 1555 curiosiorem
2953 1503 3147 1556 reddat
3195 1505 3531 1558 auditorem.

1929 1591 2263 1646 Nicodemus
2310 1591 2583 1661 siquidem
2619 1592 3022 1660 impossibilem
3059 1594 3281 1649 dicebat
3308 1576 3536 1665 regene-

1930 1682 2200 1737 rationem
2228 1698 2244 1738 :
2273 1682 2533 1738 Christus
2561 1700 2691 1740 vero
2720 1685 2951 1740 omnino
3003 1686 3320 1756 possibilem
3357 1706 3370 1740 :
3431 1703 3534 1743 nec

1932 1773 1982 1827 id
2025 1774 2200 1827 solum
2235 1775 2330 1828 sed
2362 1783 2417 1829 et
2452 1776 2865 1843 necessariam;
2910 1776 3050 1832 adeo
3070 1787 3129 1832 ut
3162 1778 3282 1833 sine
3317 1793 3378 1833 ea
3447 1794 3533 1833 re-

1857 1850 1896 1903 η
1948 1881 2115 1936 gnum
2155 1865 2250 1921 Dei
2281 1866 2460 1922 nullus
2497 1868 2672 1936 possit
2699 1869 2927 1929 intrare,
2964 1868 3068 1923 ltoc
3106 1876 3191 1923 est
3211 1869 3332 1938 ejus
3358 1870 3536 1941 digni-

1925 1967 2092 2010 tatem
2126 1973 2191 2012 ac
2233 1958 2670 2027 magnitudinem
2708 1973 3070 2030 cognoscere,
3125 1967 3222 2015 aut
3271 1959 3520 2017 divinam

1930 2049 2206 2118 attingere
2242 2048 2582 2104 fruitiouetn.

2001 2334 2327 2406 intelligitur
2360 2344 2542 2390 autem
2580 2334 2804 2388 verbum
2837 2333 2905 2388 de
2931 2333 3037 2398 liis,
3062 2348 3153 2402 qui
3207 2342 3332 2404 post
3367 2334 3530 2390 Chri-

1929 2441 2077 2482 stum
2111 2427 2445 2496 baptizatum
2476 2427 2721 2481 fuerunt.
2749 2425 3041 2496 Reliquum
3095 2436 3179 2481 est
3234 2426 3420 2498 igitur,
3475 2438 3537 2483 ut

1929 2520 2240 2588 etapostoli
2277 2518 2583 2591 regenerati
2621 2519 2734 2573 sint
2757 2533 2855 2587 per
2894 2533 3094 2588 aquam
3141 2533 3274 2574 sane
3313 2535 3344 2573 a
3370 2519 3529 2576 Joan-

1928 2625 2018 2674 ne,
2048 2625 2147 2680 per
2179 2602 2453 2681 Spiritum
2480 2625 2629 2675 vero,
2664 2609 2790 2679 quia
2805 2611 2872 2665 ad
2900 2625 2995 2664 eos
3025 2612 3078 2663 in
3111 2612 3297 2681 specie
3342 2611 3538 2682 ignitae

1930 2718 2052 2756 rum
2121 2703 2353 2757 advenit
2385 2703 2716 2774 linguarum.

2008 2797 2271 2851 Scribunt
2302 2808 2488 2851 autem
2518 2798 2742 2866 quidam
2767 2798 3140 2868 apostolorum
3193 2797 3538 2868 temporibus

1932 2887 2189 2958 proximi,
2219 2889 2366 2957 quod
2397 2888 2652 2944 Christus
2690 2889 2912 2944 Petrum
2966 2905 3030 2943 ac
3087 2889 3377 2958 Virginem
3419 2889 3536 2943 Ma-

1933 2989 2068 3032 trem
2122 2978 2505 3047 baptizaverit,
2562 2979 2756 3033 Petrus
2825 2992 2954 3033 vero
3010 2978 3252 3048 reliquos
3342 2994 3537 3034 omnes

1929 3071 2227 3141 apostolos.

304 3147 377 3204 Τὸ
403 3177 473 3186 -
500 3147 695 3202 ἐστίν.
723 3148 799 3201 Οὐ
830 3148 1070 3220 σαρκικὴ
1089 3149 1235 3201 ἔστιν
1262 3149 1293 3220 ἡ
1322 3149 1597 3220 γέννησις,
1630 3150 1819 3221 φησὶν,

2002 3162 2156 3218 Vcrs.
2187 3163 2238 3217 6.
2271 3160 2420 3228 Quod
2446 3193 2513 3202 -—
2543 3171 2636 3216 est.
2677 3160 2801 3216 Non
2871 3163 3130 3231 carnalis,
3165 3163 3343 3234 inquit
3366 3179 3537 3236 gene-

221 3241 365 3293 ἁλλὰ
395 3241 777 3312 πνευματική·
819 3241 894 3294 Τὸ
923 3240 1026 3312 μὲν
1048 3242 1154 3312 γὰρ
1186 3245 1585 3312 γεγεννημένον
1621 3245 1687 3296 ὲκ
1716 3243 1817 3314 τῆς

224 3333 434 3405 σαρκὸς
458 3335 720 3404 σαρκικόν
751 3335 870 3387 ἐστι
895 3337 1144 3404 γέννημα
1169 3348 1184 3364 '
1215 3335 1278 3386 τὸ
1309 3335 1365 3387 δὲ
1415 3336 1816 3407 γεγεννημένον

223 3429 290 3479 ἑκ
335 3426 431 3478 τοῦ
454 3425 782 3496 ,Πνεῦματος
823 3427 1197 3497 πνευματικόν
1237 3431 1354 3481 ἐστι
1387 3428 1656 3498 γέννημα.
1690 3430 1817 3482 Aor-

225 3519 329 3572 πδν
357 3516 452 3571 οὖν
485 3519 519 3588 ἡ
555 3517 654 3588 μὲν
695 3518 936 3589 σαρκικὴ
971 3520 1249 3590 γέννησις,
1297 3520 1532 3590 αἰσθητή
1566 3523 1740 3586 ἑστιν,
1782 3523 1814 3591 ἡ

220 3609 279 3661 δὲ
303 3609 651 3678 πνευματικὴ
674 3609 862 3678 νοητή.
888 3611 996 3663 Καὶ
1013 3611 1076 3663 οὐ
1096 3613 1202 3680 χρὴ
1227 3609 1501 3679 αἰσθητῶς
1531 3610 1817 3676 ἐξετάζειν

223 3701 285 3753 τὸ
314 3703 504 3769 νοητϊν
524 3741 538 3765 ,
561 3699 684 3753 οὐδὲ
712 3702 1068 3772 ἀνθρωπίνως
1095 3703 1155 3756 τὸ
1182 3703 1326 3755 θεῖον
1356 3705 1612 3774 πρᾶγμα.
1661 3705 1817 3758 Ἐπεὶ

224 3795 339 3861 γὰρ
386 3795 419 3862 ἡ
453 3794 645 3865 πρώτη
689 3794 945 3865 γέννησις
990 3791 1292 3866 ὴχριιώθη,
1334 3796 1566 3866 δευτέρα
1608 3795 1816 3850 δέδοται

224 3885 609 3956 ἁναγέννησις,
648 3886 960 3958 ὑψηλοτέρα
989 3902 1048 3939 τε
1079 3888 1174 3938 καὶ
1205 3886 1531 3957 τιμιωτέρα.
1560 3887 1695 3940 Θεοῦ
1724 3889 1818 3959 ἐρ·-

223 3993 324 4046 γον
355 3980 387 4048 ἡ
419 3976 611 4050 πρώτη
638 3993 653 4010 ο
685 3977 820 4031 Θεοῦ
852 3978 1016 4050 ἔργον
1042 3980 1134 4032 καὶ
1165 3980 1200 4049 ἡ
1235 3979 1466 4050 δευτέρα
1492 3994 1505 4008 ·
1537 3978 1671 4043 Θεὸς
1707 3980 1816 4050 γὰρ

222 4071 286 4124 τὸ
318 4070 567 4142 Πνεῦμα.

298 4163 472 4218 Ὅταν
502 4162 599 4218 οὖν
643 4163 853 4238 ἀκούῃς
899 4165 1071 4219 ὅτιτὸ
1116 4165 1346 4238 Πνεῦμα
1389 4169 1685 4240 ἀναγεννᾷ,
1742 4167 1817 4239 μὴ

227 4257 382 4326 ζήτει
410 4256 503 4308 τὸν
531 4259 756 4324 τρόπον.
791 4259 856 4310 Εἰ
886 4259 996 4330 γὰρ
1025 4259 1413 4330 ἁκα-τάληπτος
1459 4262 1491 4331 ἡ
1522 4263 1580 4314 ἐν
1609 4265 1674 4332 τῇ
1711 4264 1818 4332 μή·

224 4364 333 4421 τρᾳ
381 4348 692 4416 διάπλασις,
741 4351 1239 4422 ἀκαταληπτοτέρα
1282 4355 1502 4417 πάντως
1547 4355 1580 4424 ή
1630 4356 1688 4407 ὲν
1740 4353 1818 4424 τῷ

227 4437 404 4494 ὕδατι.
460 4441 571 4492 Καὶ
617 4443 666 4493 εί
731 4443 864 4514 περὶ
923 4441 1140 4512 ἐκείνης
1190 4442 1292 4496 οὐκ
1356 4444 1812 4515 ἀμφιϐάλλομεν,

1927 3258 2066 3311 ratio
2088 3266 2192 3325 est,
2225 3258 2321 3312 sed
2343 3257 2642 3327 spiritualis
2671 3274 2683 3324 ;
2722 3273 2845 3310 nam
2869 3256 3015 3326 quod
3049 3272 3116 3311 ex
3147 3272 3314 3311 carne
3340 3268 3527 3312 natum

1928 3359 2034 3415 est,
2082 3349 2314 3403 carnalis
2341 3359 2422 3404 est
2448 3353 2740 3420 progenies
2775 3367 2788 3402 :
2826 3350 2973 3418 quod
2992 3359 3174 3403 autem
3221 3360 3408 3403 natum
3453 3360 3536 3404 est

1925 3457 1992 3496 ex
2023 3441 2252 3512 Spiritu,
2289 3441 2587 3510 spiritualis
2619 3441 2902 3511 generatio
2933 3450 3039 3495 est.
3063 3441 3310 3496 Carnalis
3347 3442 3536 3512 itaque

1926 3535 2182 3589 nativitas
2209 3543 2291 3588 est
2338 3534 2635 3598 sensibilis,
2663 3534 2967 3604 spiritualis
3011 3549 3164 3596 vero,
3195 3535 3536 3588 intellectua-

1927 3626 2014 3680 lis.
2048 3625 2162 3678 Nec
2186 3633 2423 3694 oportet,
2470 3623 2617 3694 quod
2673 3623 3044 3678 intellectuale
3071 3633 3175 3687 est,
3200 3624 3535 3679 sensibiliter

1928 3716 2183 3787 indagare
2214 3734 2227 3769 :
2257 3731 2437 3786 neque
2461 3718 2701 3771 humano
2725 3717 2889 3771 modo
2919 3733 3077 3786 opus,
3121 3719 3265 3787 quo]
3287 3718 3534 3772 divinum

1925 3819 2010 3862 est
2044 3825 2059 3873 ;
2093 3807 2361 3878 siquidem
2393 3824 2455 3862 ex
2485 3825 2594 3878 quo
2639 3810 2792 3879 prior
2823 3809 3107 3880 generatio
3131 3811 3272 3863 facta
3304 3819 3387 3862 est
3414 3811 3536 3863 inu-

1931 3901 2062 3968 tilis,
2086 3902 2210 3956 data
2243 3913 2324 3957 est
2358 3903 2603 3957 secunda
2637 3903 2986 3975 regeneratio
3008 3903 3276 3958 excelsior
3308 3913 3363 3957 et
3426 3906 3529 3958 bo-

1928 3993 2252 4062 norabilior,
2285 3993 2380 4050 Dei
2404 4011 2545 4066 opus
2573 4004 2658 4051 est
2693 3996 2880 4067 prior;
2920 3995 3012 4051 Dei
3066 4011 3205 4065 Opus
3231 4005 3319 4051 est
3364 3999 3530 4051 etiam

1929 4088 2204 4157 posterior
2232 4106 2245 4153 ;
2289 4088 2430 4142 Deus
2457 4090 2605 4143 enim
2641 4089 2880 4159 Spiritus
2907 4100 3011 4144 est.

2000 4180 2138 4236 Cum
2180 4181 2342 4252 igitur
2372 4181 2612 4236 audieris
2642 4181 2788 4251 quod
2824 4180 3061 4251 Spiritus
3106 4194 3416 4255 rcgeneral,
3462 4200 3532 4238 ne

1930 4274 2150 4328 modum
2177 4289 2409 4342 quaeras.
2447 4273 2583 4328 Nam
2620 4275 2666 4329 si
2712 4274 3292 4344 incomprehensibilis
3339 4285 3425 4331 est
3475 4278 3533 4330 in

1928 4375 2089 4420 utero
2122 4364 2399 4430 formatio,
2467 4365 2627 4436 longe
2667 4367 3272 4436 incomprehensibilior
3305 4377 3388 4423 est
3408 4383 3529 4438 quae

1929 4459 1984 4512 in
2013 4474 2152 4528 aqua
2184 4459 2243 4512 fit
2268 4477 2281 4514 :
2305 4459 2451 4530 quod
2478 4461 2522 4513 si
2554 4459 2622 4514 de
2651 4459 2742 4513 illa
2801 4475 2911 4513 non
2972 4459 3319 4528 ambigimus.
3349 4462 3528 4515 omni-

224 4535 295 4604 τῇ
319 4535 723 4606 παντοδυνάμῳ
751 4535 848 4588 τοῦ
875 4535 1011 4588 Θεοῦ
1047 4537 1209 4606 σοφίᾳ
1232 4539 1612 4603 πιστεύοντες,
1639 4537 1820 4608 πολλῷ

1940 4551 2146 4621 potenti
2173 4549 2268 4605 Dei
2298 4552 2577 4621 sapientia:
2607 4553 2918 4617 credentes,
2941 4553 3006 4606 de
3033 4553 3137 4606 hac
3161 4553 3332 4606 multo
3356 4553 3527 4622 magis

231 4625 438 4695 μᾶλλον
465 4628 624 4680 τοῦτο
654 4629 760 4699 χρὴ
801 4629 979 4681 ποιεῖν
1003 4633 1132 4699 περὶ
1158 4630 1389 4700 ταύτης.

309 4718 530 4791 Ὠσπερ
560 4720 620 4773 δὲ
657 4721 716 4771 ὲν
749 4721 894 4790 ἀρχῇ
929 4719 1192 4774 ὑπέκειτο
1249 4723 1514 4792 στοιχεῖον
1554 4723 1588 4793 ἡ
1621 4724 1693 4792 γῆ
1714 4761 1730 4787 ,
1758 4723 1821 4775 τὸ

226 4821 339 4875 πᾶν
377 4820 436 4873 δὲ
467 4819 564 4873 τοῦ
609 4820 1032 4885 διαπλάττοντος
1086 4817 1154 4893 ἦν
1180 4838 1194 4852 ·
1228 4821 1373 4874 οὕτω
1417 4821 1512 4875 καὶ
1542 4820 1635 4874 νῦν
1686 4821 1820 4874 ὑπό.

228 4932 409 4969 κειται
464 4919 731 4987 στοιχεῖον
787 4916 850 4970 τὸ
888 4915 1032 4987 ὕδωρ
1061 4932 1075 4946 ·
1123 4914 1185 4968 τὸ
1237 4917 1346 4968 πᾶν
1392 4916 1449 4968 δὲ
1502 4913 1596 4966 τοῦ
1647 4911 1818 4966 Πνεῦ-

233 5007 401 5076 ματός
436 5008 609 5060 ἐστιν.

310 5186 438 5238 Ἐὰν
463 5187 747 5258 ἐρωτήσῃς
785 5203 873 5258 με,
902 5187 1054 5239 Διατί
1088 5187 1181 5240 νῦν
1213 5188 1274 5240 τὸ
1309 5187 1474 5259 ὕδωρ,
1503 5190 1819 5260 ἀντεπερω-

224 5281 377 5350 τήσω
404 5296 487 5346 σε,
515 5280 670 5334 Διατί
695 5281 817 5334 τότε
849 5283 879 5353 η
902 5283 972 5353 γῆ
998 5298 1013 5348 ;
1040 5283 1150 5335 Καὶ
1178 5284 1285 5352 γὰρ
1323 5282 1549 5352 ὴδύνατο
1578 5283 1671 5337 καὶ
1697 5282 1819 5353 δίχα

1929 4641 2157 4696 credere
2192 4652 2434 4712 Oportet.

2006 4732 2165 4787 Sicut
2192 4743 2374 4788 autem
2414 4735 2464 4788 in
2499 4734 2676 4805 prima
2712 4735 2952 4790 hominis
3002 4734 3332 4789 formatione
3395 4736 3527 4790 sub-

1931 4823 2348 4878 servivitterrae
2380 4825 2740 4891 elementum,
2798 4841 2923 4881 cum
2990 4826 3248 4881 universa
3301 4827 3354 4880 in
3407 4844 3524 4880 mn.

1929 4931 2002 4968 nu
2032 4927 2217 4969 essent
2263 4915 2562 4983 Creatoris,
2595 4918 2668 4972 ita
2699 4929 2754 4973 et
2792 4933 2938 4974 nunc
2984 4919 3315 4974 subservivit
3372 4934 3525 4988 aqua:

1928 5007 2284 5073 elementum,
2312 5022 2438 5062 cum
2472 5011 2728 5066 universa
2759 5011 2872 5065 sint
2903 5011 2957 5064 in
3009 5011 3296 5067 voluntate
3344 5009 3522 5081 Spiri-

1931 5109 2039 5153 tus.

2001 5191 2157 5256 Quod
2187 5192 2229 5247 si
2261 5207 2350 5247 tne
2381 5193 2703 5266 interroges,
2739 5195 2918 5261 Quare
2968 5211 3115 5249 nunc
3137 5211 3314 5265 aqua:
3343 5210 3373 5249 e
3438 5193 3524 5246 di-

1931 5298 2089 5339 verso
2121 5294 2173 5338 te
2203 5285 2578 5358 interrogabo,
2642 5289 2821 5354 Quare
2855 5299 2983 5345 tunc
3035 5301 3174 5344 terra
3205 5289 3226 5342 ?
3300 5290 3525 5342 Poterat

1310 5537 1313 5540 .
1404 5492 1607 5554 Varia;
1653 5491 1970 5555 lectiones
2014 5502 2076 5556 et
2122 5502 2313 5556 notae.

298 5588 414 5659 (15)
454 5588 667 5646 inclusa
694 5592 898 5646 omittit
932 5592 990 5647 Β.

301 5660 413 5729 (14)
448 5661 641 5729 Papias
673 5662 926 5730 fortasse,
958 5673 1054 5719 aut
1081 5663 1367 5736 Origenes,
1399 5682 1465 5721 ex
1497 5665 1816 5722 narratione
1838 5676 2150 5723 sanctarum
2180 5668 2506 5725 vetularum.

302 5823 381 5891 (ιι)
418 5821 652 5878 Orculte.
684 5825 848 5879 Forte
883 5824 1088 5878 occulta
1113 5839 1208 5879 seu
1254 5825 1497 5883 obscura.
1555 5829 1621 5883 Et
1656 5843 1804 5896 mox,
1841 5831 2098 5884 cxcitmn.

553 5918 831 5980 ΡΑτιιοι..
872 5920 990 5982 Gn.
1032 5921 1294 5983 CXXIX.

3125 5925 3195 5986 37
