4010 6480
228 454 366 520 Μ’ἶ5

1208 451 1599 514 COMMENT.
1646 453 1728 513 IN
1769 453 2157 520 JOANNEM.
2202 484 2272 496 —
2311 459 2471 521 CAP.
2517 460 2638 522 Ill.

3415 462 3550 528 1166

227 570 256 622 ό
309 569 430 640 (21)
497 568 703 636 ἄνεμος
759 566 894 620 ὅπου
952 565 1102 620 θέλει
1158 567 1303 630 πνεῖ,
1363 565 1648 620 τουτέστιν
1700 567 1805 620 ὃπο

1947 578 2057 632 tus,
2096 571 2185 626 ubi
2225 571 2360 636 vult,
2387 583 2586 643 spirat,
2649 573 2755 628 hoc
2816 581 2900 628 est
2961 572 3051 630 ubi
3095 584 3277 631 metus
3333 577 3544 634 fuerit:

231 659 475 729 κινηθῇο
521 659 743 729 θέλησις
785 657 896 732 γὰρ
942 655 1176 728 ἀνέμου,
1205 660 1238 727 ἡ
1287 657 1504 726 κίνησις
1532 676 1546 688 ο
1599 659 1694 710 καὶ
1738 660 1839 729 τὴν

225 751 332 822 μὲν
385 751 575 824 φωνὴν
603 750 771 804 αὑτοῦ
817 749 1067 814 ἀκούεις,
1099 749 1219 817 ἦτοι
1265 748 1358 802 τὸν
1388 744 1523 820 ἦχον
1562 747 1682 821 [καὶ
1722 750 1835 820 (2‘2)

222 845 482 914 πάταγον
516 842 682 897 αὑτοῦ
791 844 852 895 οὐ
885 841 1335 912 καταλαμϐάνεις
1365 841 1421 895 δὲ
1464 841 1633 894 πόθεν
1668 843 1834 914 ἔρχε-

219 956 316 992 ται
350 942 448 991 καὶ
479 937 583 991 ποῦ
610 937 812 1005 ὑπάγει
833 951 849 968 ο
877 935 1052 999 οῦτως
1076 935 1230 989 ἔσται
1263 939 1358 988 καὶ
1385 937 1494 999 πᾶς
1518 938 1547 990 ὁ
1573 953 1835 1006 γεγεννη-

219 1031 398 1102 μένος
449 1034 514 1084 ὲκ
565 1028 658 1084 τοῦ
713 1029 1056 1100 Πνεύματος,
1109 1028 1504 1098 ἀκατάληπτος
1558 1027 1809 1095 δηλονότι

214 1125 370 1178 κατά
409 1125 512 1193 τὴν
549 1123 810 1193 τοιαύτην
843 1121 1121 1191 γέννησιν.

290 1217 362 1269 Εἰ
401 1217 507 1284 γὰρ
536 1214 629 1268 τοῦ
659 1214 927 1282 αἰσθητοῦ
960 1212 1276 1282 πνεύματος
1306 1212 1367 1266 οὺ
1394 1211 1625 1266 δύνασαι
1658 1231 1828 1267 καταο

207 1310 410 1365 λαϐεῖν
439 1309 536 1379 τὴν
557 1307 736 1378 ὁρμὴν
759 1308 857 1360 καὶ
879 1306 978 1375 τὴν
1003 1305 1144 1373 ὁδον,
1175 1299 1237 1359 οῦ
1267 1307 1368 1377 τὴν
1391 1305 1646 1378 αἴσθησιν
1671 1307 1824 1380 δέχῃ,

206 1404 270 1455 ἓν
305 1420 372 1455 τε
401 1401 480 1472 τῷ
509 1401 727 1454 ἀκούειν
757 1399 847 1452 τὸν
875 1395 1011 1470 ἦχον
1040 1399 1230 1464 αὑτοῦ,
1267 1402 1365 1452 καὶ
1397 1401 1825 1466 καταπνεῖσθαι,

206 1497 310 1548 καὶ
372 1493 677 1564 ψύχεσθαιι,
740 1491 922 1562 πολλῴ
989 1492 1194 1561 μᾶλλον
1258 1492 1353 1545 τοῦ
1421 1493 1617 1564 νοητοῦ
1676 1493 1818 1564 (23).

206 1588 331 1639 Καὶ
384 1589 433 1638 εί
467 1586 567 1654 τὴν
596 1583 886 1651 ἐνέργειαν
938 1581 1150 1634 ὲκείιου
1177 1580 1270 1635 τοῦ
1305 1582 1620 1652 σωματικοῦ
1657 1584 1822 1636 πνεύο

207 1696 396 1746 ματος
429 1677 506 1748 μὴ
543 1673 987 1745 καταλαμϐάνων
1010 1715 1024 1738 ,
1059 1676 1211 1744 ὅμως
1243 1676 1345 1728 οὐκ
1376 1676 1631 1738 ἀπιστεῖς
1653 1717 1668 1740 ,
1704 1675 1822 1740 πῶς

203 1771 317 1840 τὴν
389 1771 583 1822 τούτου
646 1766 743 1821 τοῦ
808 1767 1106 1837 ἀσωμάτου
1187 1767 1264 1837 μὴ
1342 1767 1819 1840 καταλαμϐάνων,

203 1860 558 1926 διαπιστεῖς;

1949 663 2206 718 voluntas
2232 665 2382 718 enim
2417 664 2586 729 venti,
2625 665 2796 719 motio
2832 676 2935 731 est,
2966 675 3019 721 et
3043 681 3237 744 vocem
3283 670 3404 739 eius
3454 689 3548 725 au-

1944 756 2049 822 dis,
2074 757 2188 812 sive
2214 773 2407 812 sonum
2445 767 2538 813 aut
2569 759 2883 819 stridorem.
2909 775 3016 813 non
3041 763 3329 831 cognoscis
3362 775 3544 819 autem

1944 848 2089 902 trude
2125 848 2274 904 venit
2298 860 2392 903 aut
2425 865 2536 920 quo
2564 850 2719 904 abit:
2762 848 2840 903 sic
2903 860 2985 904 cst
3034 853 3214 907 omnis
3269 853 3361 922 qui
3416 864 3547 910 natu

1939 950 2026 995 est
2081 957 2145 994 ex
2205 939 2460 1012 Spiritu:
2525 942 3100 1011 incomprehensibilis
3141 953 3226 998 est
3284 945 3546 1000 videlicet

1941 1035 2121 1104 quoad
2158 1034 2475 1105 hujusmodi
2511 1035 2950 1102 generationem.

2007 1214 2162 1279 Quod
2205 1215 2249 1270 si
2270 1214 2550 1270 sensibilis
2596 1214 2826 1285 spiritus
2860 1214 3123 1285 impetum
3156 1231 3218 1272 ac
3257 1217 3394 1271 viam
3435 1232 3544 1271 non

1933 1311 2091 1371 potes
2112 1303 2447 1372 comprcben
2459 1302 2778 1374 dere,cujus
2800 1318 3020 1358 scnsum
3052 1305 3272 1376 recipis,
3291 1317 3404 1362 tum
3424 1307 3546 1377 quia

1933 1407 2129 1446 sonum
2165 1393 2287 1463 ejus
2310 1394 2492 1460 audis,
2528 1406 2642 1450 tum
2683 1397 2827 1466 quod
2856 1408 2908 1452 te
2931 1397 3233 1454 calt-faciat
3284 1411 3380 1454 aut
3445 1400 3544 1454 fri-

1930 1484 2164 1554 geracizt
2194 1487 2403 1540 :multo
2429 1488 2601 1560 magis
2627 1489 3084 1560 intelligibilis.Si
3110 1506 3242 1562 ergo
3270 1494 3377 1545 vim
3405 1492 3547 1546 illius

1928 1575 2182 1641 corporei
2220 1577 2451 1645 spiritus
2497 1577 2625 1632 licet
2670 1595 2780 1632 non
2843 1581 3300 1650 comprehendas,
3369 1582 3546 1636 credis

1929 1675 2112 1722 tamen
2141 1686 2154 1720 :
2195 1670 2475 1734 quomodo
2506 1670 2657 1725 hunc
2689 1671 3079 1741 incorporeum
3109 1682 3404 1744 propterea
3431 1689 3542 1727 non

1926 1761 2128 1825 credis,
2162 1762 2306 1831 quod
2334 1777 2445 1816 non
2477 1762 2968 1834 comprehendas‘!

299 1951 625 2021 Ἀπεκρίθη
661 1981 728 1990 —-
757 1952 1082 2023 γενέσθαι;
1131 1953 1256 2009 Ἔτι
1287 1957 1314 2008 ὁ
1363 1954 1678 2024 Νικόδημος
1727 1955 1808 2008 ἐπ’

1999 1941 2157 1997 Vers.
2189 1941 2244 1997 9.
2290 1943 2578 2014 Respondit
2613 1977 2680 1986 ——
2739 1947 2909 2016 ﬁeri?
2957 1946 3152 2002 Adhuc
3201 1945 3537 2006 Nicodemus

201 2045 315 2114 τῆς
359 2044 659 2114 Ἰουδαϊκῆς
690 2045 802 2116 (ει)
830 2047 1108 2111 εὐτελείας
1137 2047 1311 2118 μένει,
1343 2048 1511 2119 μηδὲν
1544 2046 1687 2118 ὑπὲρ
1719 2048 1817 2118 τὴν

205 2135 474 2204 αἴσθησιν
501 2137 759 2206 ἐννοῆσαι
788 2137 1114 2208 δυνάμενος,
1149 2137 1332 2191 καίτοι
1361 2138 1816 2208 παραδείγματος

203 2225 358 2280 οὕτω
383 2227 589 2296 σαφοῦς
616 2229 899 2296 λεχθέντος
931 2229 1103 2300 αὐτῷ.
1136 2229 1300 2297 Λέγει
1327 2229 1442 2283 οῦν·
1475 2229 1610 2296 Πῶς
1631 2230 1817 2284 δύνα-

205 2337 310 2374 ται
360 2320 550 2374 ταῦτα
593 2321 912 2391 γενέσθαι,
959 2321 1030 2375 τὰ
1083 2322 1184 2392 τῆς
1228 2323 1533 2393 εἰρημένης
1581 2324 1812 2389 ἀναγεν-

205 2415 460 2484 νήσεως;
491 2414 601 2467 Καὶ
633 2413 821 2467 λοιπὸν
850 2415 877 2465 ὁ
909 2411 950 2466 Χ
963 2413 1148 2484 ριστδς
1181 2414 1636 2486 πληκτικώτερον
1661 2413 1815 2484 αὐτῷ

206 2507 554 2576 διαλέγεται.

296 2599 621 2667 Ἀπεκρίθη
653 2628 714 2638 -
745 2600 818 2652 οὐ
853 2597 1216 2667 γινώσκεις;
1251 2595 1506 2667 Οὖδαμοῦ
1544 2598 1807 2667 πονηρίαν

204 2691 379 2745 αὐτοῦ
403 2691 836 2760 καταγινώσκει,
874 2689 988 2744 ἀλλ’
1011 2690 1270 2759 εὐήθειαν
1288 2691 1384 2743 καὶ
1400 2689 1644 2760 ἀμαθίαν
1673 2689 1809 2760 (ἳό).

204 2783 362 2839 Ἔδει
407 2781 516 2853 γάρ
558 2782 722 2836 αὑτὸν
762 2781 894 2836 οντα
936 2781 1259 2834 διδάσκαλον
1302 2779 1480 2837 ταῦτα
1516 2779 1810 2848 γινώσκειν

201 2875 318 2928 ἀπὸ
368 2875 478 2928 τῶν
527 2873 791 2947 Γραφῶν.
840 2873 1097 2944 Σύμϐολα
1147 2873 1255 2944 γὰρ
1284 2874 1385 2940 τῆς
1432 2873 1810 2942 πνευματικῆς

202 2967 626 3036 ἀναγεννήσεως
663 2967 719 3019 αἱ
744 2964 852 3018 τῶν
903 2965 1175 3019 Ἰουδαίων
1220 2965 1544 3036 περιέχουσι
1595 2963 1806 3035 βίϐλοι·

202 3055 322 3112 οἷον
374 3058 443 3112 τὰ
471 3058 614 3113 κατά
659 3059 761 3128 τὴν
819 3057 1114 3129 Ἐρυθρὰν,
1175 3059 1236 3110 ὲν
1287 3051 1368 3120 οἷς
1425 3056 1596 3119 τύπος
1647 3051 1717 3126 ἦν
1775 3057 1807 3123 ἠ

203 3151 458 3206 θάλασσα
489 3153 589 3222 μὲν
620 3151 716 3205 τοῦ
751 3150 971 3217 ὕδατος,
1010 3153 1044 3222 ἡ
1085 3151 1288 3220 νεφέλη
1331 3149 1386 3202 δὲ
1418 3149 1512 3202 τοῦ
1550 3149 1807 3219 Πνεύμα-

200 3261 324 3309 τος·
359 3246 454 3298 καὶ
486 3244 554 3299 τὰ
580 3244 723 3298 κατὰ
751 3245 844 3299 τὸν
875 3243 1076 3311 λεπρδν
1103 3244 1350 3312 Νεεμὰν,
1372 3244 1460 3296 ὅτε
1489 3242 1722 3314 ἐλούσθη
1748 3245 1807 3296 ἐν

1929 2033 1982 2086 in
2001 2032 2225 2089 Judaica
2263 2046 2449 2090 manet
2479 2037 2927 2108 imperfectione,
2960 2038 3100 2092 nihil
3156 2039 3346 2093 valens
3369 2055 3535 2108 supra

1927 2139 2155 2179 sensum
2215 2126 2555 2198 intelligere,
2634 2128 2796 2182 etiam
2855 2129 3148 2183 manifesto
3224 2129 3540 2199 huiusmodi

1928 2219 2179 2287 exemplo
2239 2223 2545 2289 proposito.
2605 2219 2749 2273 Dicit
2782 2235 2960 2290 ergo:
2993 2219 3265 2285 Quomodo
3323 2231 3539 2290 possunt

1927 2308 2039 2360 lucc
2067 2307 2353 2377 fieri,qua:
2411 2307 2481 2362 de
2537 2309 2795 2377 pradicta
2841 2311 3264 2379 regeneratione
3310 2311 3539 2365 dixisti?

1930 2395 2090 2473 Unde
2119 2409 2175 2454 et
2219 2399 2475 2455 Christus
2519 2400 2635 2471 jam
2681 2401 3029 2473 objurgantis
3079 2417 3234 2457 more
3286 2419 3410 2458 cum
3469 2419 3537 2458 eo

1928 2471 2172 2544 disserit.

1998 2583 2149 2638 Vers.
2203 2583 2287 2638 l0.
2331 2581 2611 2650 Respondit
2642 2612 2710 2621 —-
2738 2582 3000 2652 ignoras?
3030 2581 3384 2654 Nequaquam
3422 2600 3536 2639 ma-

1927 2675 2056 2729 litia:
2086 2675 2421 2729 condemnat
2463 2690 2589 2729 eum
2619 2674 2899 2738 Christus,
2933 2676 3030 2730 sed
3069 2679 3302 2746 ignaviae
3332 2692 3398 2734 ac
3435 2694 3530 2732 rn-

1925 2766 2132 2820 ditatis.
2164 2764 2466 2836 Oportebat
2504 2767 2654 2821 enim
2709 2781 2838 2821 eum
2901 2768 2996 2838 qui
3027 2769 3336 2840 pr.e'ccptor
3383 2779 3525 2833 erat.

1924 2857 2041 2912 haec
2081 2874 2111 2912 ιι
2143 2858 2444 2928 Scripturis
2482 2873 2838 2930 cognoscere.
2866 2860 3034 2932 Signa
3061 2862 3332 2930 siquidem
3367 2877 3527 2935 rege-

1923 2951 2225 3006 nerationis
2283 2951 2589 3020 Spiritualis
2647 2951 2936 3007 continent
2996 2953 3124 3008 libri
3177 2953 3525 3018 Judaeorum,

1923 3053 2050 3111 puta
2071 3058 2193 3112 qua:
2219 3044 2288 3098 de
2320 3043 2506 3099 Rubro
2536 3059 2690 3099 mare
2728 3061 2770 3099 ε(
2792 3045 3134 3108 ribuntur,in
3158 3046 3528 3118 qttibuanum

1923 3145 2083 3206 typus
2136 3145 2256 3190 erat
2297 3151 2472 3201 mare,
2517 3138 2694 3192 nubes
2751 3153 2879 3192 vero
2938 3137 3210 3209 Spiritus;
3273 3147 3325 3193 et
3405 3154 3526 3209 qua:

1919 3227 1987 3282 de
2016 3227 2234 3297 leproso
2256 3227 2522 3294 Naaman,
2569 3230 2793 3299 quando
2833 3231 2887 3285 in
2940 3229 3182 3286 Jordane
3241 3233 3385 3287 lotus
3420 3243 3524 3298 est,

205 3338 328 3407 (25)
361 3337 440 3409 τῷ
479 3337 724 3409 Ἰορδάνῃ
748 3377 763 3401 ,
793 3340 888 3391 καὶ
917 3308 1314 3408 ἐπέστρεψενή
1349 3336 1486 3406 σὰρξ
1521 3308 1808 3390 αὺτοῦ-ἐπ’

1931 3329 1968 3374 3t
2003 3334 2228 3375 reversa
2266 3330 2350 3376 est
2386 3336 2517 3375 caro
2555 3335 2656 3375 sua
2691 3322 2757 3376 ad
2791 3322 2969 3392 ipsum
2998 3364 3014 3390 ,
3035 3324 3176 3380 sicut
3213 3341 3342 3380 caro
3366 3325 3523 3397 pueri

201 3431 410 3494 αὑτὸν,
470 3428 547 3493 ὡς
612 3429 906 3500 παιδαρίου
973 3428 1215 3500 μικροῦ,
1275 3429 1370 3481 καὶ
1436 3427 1573 3480 ἄλλα
1634 3426 1809 3481 πολλά

199 3519 455 3574 τοιαῦτα.

270 3613 384 3667 Ναὶ
410 3613 520 3685 μὴν
545 3612 641 3666 κα)⁵
663 3611 1027 3684 προφητείας.
1068 3606 1206 3664 Eine;
1244 3610 1352 3680 γὰρ
1395 3611 1424 3664 ὁ
1459 3611 1626 3665 Δαυῖδ
1648 3626 1666 3644 ο
1697 3611 1806 3667 Καὶ

199 3704 618 3773 ἀναττελοῦσι
675 3705 795 3771 τὴν
847 3703 1256 3773 δικαιοσύνην
1309 3703 1498 3758 αὑτοῦ
1550 3703 1678 3769 λαῷ
1728 3703 1808 3768 τῷ

195 3794 646 3865 τεχθησομένφ,
678 3793 751 3848 ὃν
774 3793 1071 3861 ἐποίησεν
1097 3795 1130 3847 ό
1155 3793 1364 3862 Κύριος
1387 3807 1412 3829 θ
1445 3794 1536 3845 καί
1561 3811 1571 3822 ·
1597 3793 1804 3849 Μακά-

191 3909 339 3961 ριοι,
394 3883 484 3943 ὧν
533 3889 857 3958 ἀφέθησαν
908 3890 970 3942 αι
1013 3888 1258 3958 ἀνομίαι
1298 3887 1398 3941 καί
1443 3881 1534 3941 ὧν
1585 3887 1802 3942 ἐπεκα-

195 3983 533 4051 λύφθησαν
560 3983 620 4035 at
656 3979 941 4048 ἁμαρτίαι
961 3993 976 4008 ·
1013 3978 1108 4031 καί
1138 3994 1153 4009 ο
1199 3977 1802 4046 Ἀνακαινισθήσεται

196 4076 282 4139 ὡς
310 4073 492 4129 ἀετοῦ
533 4074 571 4142 ἠ
597 4074 814 4140 νεότης
848 4087 988 4127 σου.
1033 4069 1146 4134 Τὰς
1177 4071 1292 4123 τῶν
1337 4071 1516 4124 ἄλλων
1555 4071 1668 4143 γὰρ
1708 4071 1802 4124 νῦν

197 4167 394 4220 ἐατέον
427 4165 514 4220 διὰ
544 4164 605 4218 τὸ
642 4164 871 4234 πλῆθος.

287 4258 472 4330 Ἀμὴν
493 4290 559 4301 -
581 4257 919 4327 λαλοῦμεν.
955 4258 1027 4311 Ἢ
1055 4257 1187 4329 περῖ
1214 4257 1410 4312 ἑαυτοῦ
1443 4259 1536 4312 καὶ
1565 4257 1658 4311 τοῦ
1689 4258 1799 4310 Πα-

193 4351 328 4420 Iph;
368 4349 531 4404 τοῦτό
566 4367 754 4420 φησιν,
811 4349 844 4418 ἢ
902 4351 1029 4420 περὶ
1076 4349 1275 4404 ἑαυτοῦ
1341 4352 1504 4422 μόνου
1571 4352 1690 4404 ὅτιο
1747 4352 1797 4404 εί

193 4444 291 4497 καὶ
346 4442 411 4495 σὺ
465 4445 740 4507 ἀπιστεῖς,
799 4440 917 4495 ἀλλ’
965 4445 1130 4514 ἡμεῖς
1185 4443 1214 4496 δ
1263 4444 1490 4515 οἴδαμεν
1543 4443 1794 4516 ἀκριϐῶς

193 4533 356 4590 τοῦτο
383 4533 675 4606 λαλοῦμεν.

1915 3409 2128 3479 parvuli
2151 3409 2220 3477 “,
2252 3411 2466 3480 aliaque
2493 3411 2726 3482 plurima
2749 3412 2970 3467 similia.

1988 3618 2270 3674 llabebant
2289 3619 2516 3690 insuper
2533 3629 2588 3675 et
2608 3622 2950 3691 pmphetias.
2971 3624 3114 3679 Dixit
3142 3628 3289 3682 enim
3311 3628 3479 3684 David
3505 3647 3518 3685 :

1914 3708 1981 3764 Et
2014 3710 2413 3764 annuntiabunt
2436 3711 2711 3778 justitiam
2743 3716 2862 3781 ejus
2889 3715 3104 3784 populo,
3124 3719 3216 3788 qui
3248 3732 3516 3783 nascetur,

1911 3819 2064 3874 quem
2091 3803 2215 3874 fecit
2259 3802 2520 3857 Dominus
2554 3804 2624 3869 “;
2664 3813 2721 3859 et
2747 3846 2763 3869 ,
2809 3804 2966 3860 Beati
3023 3825 3246 3872 quorum
3289 3815 3520 3869 remissae

1909 3908 2031 3952 sunt
2069 3899 2398 3969 iniquitates,
2451 3908 2502 3952 et
2541 3915 2765 3969 quorum
2807 3907 2942 3954 tecta
2985 3915 3104 3958 sunt
3166 3914 3386 3974 peccata
3417 3908 3460 3939 "
3504 3927 3517 3975 ;

1909 4000 2002 4044 et:
2038 3990 2395 4044 Rouovabitur
2440 3991 2581 4044 sicut
2615 3992 2817 4063 aquila:
2835 3994 3090 4063 juventus
3127 4007 3219 4051 tua
3253 3999 3317 4052 "'.
3365 4000 3516 4055 Alio-

1911 4097 2033 4137 rum
2079 4082 2350 4152 siquidem
2381 4084 2688 4155 prophetia:
2744 4102 2854 4156 prae
2881 4090 3234 4148 multitudine
3287 4094 3342 4147 in
3376 4111 3516 4166 prte-

1909 4177 2088 4230 scntia
2144 4175 2553 4246 relinquantur.

1984 4267 2140 4323 Vers.
2166 4268 2252 4321 ll.
2287 4267 2454 4322 Amen
2482 4297 2547 4310 -—
2583 4268 2869 4337 loquimur.
2909 4270 3086 4326 Vclde
3115 4287 3173 4326 se
3197 4273 3315 4343 ipso
3334 4278 3510 4330 ctPa-

1909 4373 1989 4416 tre
2027 4362 2133 4418 hoc
2161 4361 2314 4424 dicit,
2349 4371 2435 4417 vet
2465 4363 2533 4417 de
2559 4362 2744 4433 seipso
2784 4363 2924 4418 solo.
2955 4363 3276 4435 Quanquam
3307 4378 3360 4421 tu
3401 4385 3508 4424 ιο»

1904 4453 2120 4516 credas,
2151 4467 2253 4506 nos
2281 4458 2488 4516 tzuncn,
2517 4453 2662 4522 quod
2701 4452 2870 4524 probe
2896 4454 3176 4522 novimus,
3198 4456 3302 4511 hoc
3333 4457 3508 4528 loqui-

1908 4561 2052 4600 IIIUI'.

267 4625 380 4681 Καὶ
408 4655 473 4665 --
492 4625 936 4697 μαρτυροῦμεν.
975 4627 1049 4679 Τὸ
1076 4627 1210 4680 αὐτὸ
1249 4626 1399 4696 λέγει
1441 4625 1792 4697 βεϐαιώσεως

1979 4636 2132 4692 Vers.
2167 4637 2257 4696 il.
2295 4637 2364 4691 Et
2410 4668 2482 4679 —-
2536 4646 2819 4692 testamur.
2855 4639 3004 4695 Idem
3055 4640 3494 4698 confirmationis

193 4721 427 4786 ἕνεκεν,
489 4723 574 4774 ὅτι
617 4721 736 4776 Καὶ
801 4720 834 4775 ὃ
903 4720 1154 4791 οἴδαμεν
1208 4722 1653 4792 μαρτυροῦμεν.
1713 4724 1789 4775 Οὐ

1931 4745 2054 4786 ausa
2091 4730 2292 4801 repetit
2325 4749 2336 4786 :
2373 4729 2527 4796 Quod
2564 4733 2760 4786 scimus
2799 4739 3059 4790 testamur
3094 4749 3112 4786 :
3147 4749 3325 4804 neque
3349 4738 3496 4808 enim

192 4817 305 4886 γὰρ
354 4814 621 4886 αίσθητὴν
670 4815 862 4886 ὅρασιν
906 4815 1124 4885 νοήσεις
1156 4829 1170 4846 ο
1219 4813 1374 4867 οὔπω
1428 4815 1538 4884 γὰρ
1589 4811 1657 4885 ἦν
1698 4832 1790 4884 γε-

191 4924 326 4978 γενη
335 4906 517 4978 μένον.

261 4999 376 5056 Καὶ
403 5031 470 5042 --
493 5001 858 5071 λαμϐάνετε.
883 4999 1059 5055 Τοῦτο
1089 4996 1268 5064 εἶπεν,
1301 5004 1360 5055 οὐ
1387 5002 1784 5075 δυσχεραίνων,

192 5093 314 5147 ἀλλ’
338 5095 563 5168 ἡμέρως
596 5095 660 5150 τὸ
708 5095 1000 5165 γινόμενον
1033 5094 1430 5164 ἀπαγγέλλων,
1471 5097 1564 5150 καὶ
1595 5099 1788 5169 πράως

188 5185 251 5235 τὸ
276 5186 697 5256 συμϐησόμενον
729 5189 1145 5258 προαναφωνῶν
1167 5227 1182 5250 ,
1212 5189 1308 5240 καὶ
1337 5181 1451 5241 οἷον
1477 5187 1566 5241 δια
1576 5206 1789 5259 μαρτυ-

299 5329 344 5359 ⁵¹
377 5328 444 5385 ιν
469 5327 603 5400 Reg.
641 5344 718 5395 vn,
753 5327 842 5383 H.
916 5327 962 5361 “
990 5328 1134 5383 Psal.
1168 5345 1320 5394 xum,
1354 5330 1442 5384 54.

1561 5330 1604 5361 "
1631 5329 1776 5386 Psal.
1804 5347 1954 5396 xxxi,
1990 5332 2040 5388 l.

1892 4821 2207 4878 scnsibilcm
2241 4831 2530 4893 aSpectum
2562 4823 2858 4895 intelligas,
2887 4838 3013 4877 cum
3032 4825 3274 4897 nonduin
3293 4826 3497 4882 factum

1891 4921 2062 4968 esset.

1963 5004 2116 5061 Vcrs.
2161 5006 2247 5061 ll.
2285 5006 2350 5061 Et
2379 5037 2449 5048 -—
2469 5011 2730 5078 accipitis.
2763 5009 2879 5065 lloc
2908 5025 3017 5066 non
3046 5010 3269 5082 indigne
3300 5009 3496 5066 ferens

1898 5098 2056 5163 dixit,
2090 5100 2184 5154 sed
2207 5099 2427 5166 leniter,
2449 5102 2594 5169 quod
2624 5102 3114 5170 ﬁebat,cnarrans,
3137 5111 3189 5157 et
3221 5103 3492 5165 modeste,

1897 5194 2042 5262 quod
2078 5193 2330 5248 futurum
2351 5203 2491 5259 erat,
2531 5197 2861 5266 pnedicens,
2896 5206 2953 5251 et
2992 5196 3147 5268 quasi
3179 5202 3495 5267 protestan-

2157 5334 2199 5364 ⁸⁸
2227 5334 2371 5389 l‘sal.
2401 5350 2497 5400 cn,
2538 5335 2588 5389 5.

1375 5488 1576 5550 Varia:
1603 5487 1914 5552 lectiones
1959 5499 2021 5553 et
2054 5501 2246 5554 notae.

259 5653 377 5723 (ει)
417 5651 482 5706 'o
519 5652 728 5710 omittit
767 5652 829 5709 Β.

259 5725 375 5797 (22)
403 5723 553 5779 Loco
574 5725 758 5802 _trium_
815 5726 1045 5802 istorum
1100 5726 1488 5786 vocabulorum
1537 5731 1777 5802 spatium

190 5795 428 5850 vacuum
458 5805 544 5850 est
574 5795 629 5849 in
659 5796 783 5852 cod.
813 5795 882 5851 A.

257 5865 374 5942 (23)
432 5866 700 5942 lntellige,
764 5867 828 5942 οὐ
885 5869 1097 5942 δυνήσῃ
1145 5869 1500 5925 καταλαϐεῖν.
1560 5871 1781 5928 Poterat

191 5936 472 6010 etiampro
503 5936 710 6008 μᾶλλον
746 5938 933 6000 dicere
969 5936 1260 6010 μείὄνῶοιι
1293 5942 1432 5997 infra
1468 5943 1535 5999 ad
1568 5943 1654 6012 Vl,
1689 5946 1778 6011 VH,

1890 5659 2084 5733 eodem
2112 5662 2277 5733 modo
2307 5661 2575 5733 loquitur.

1965 5731 2078 5802 (24)
2101 5731 2398 5816 fingetur;
2426 5736 2650 5816 indetur
2674 5737 2873 5816 legisse
2928 5740 3224 5816 interpres.
3253 5745 3357 5802 Sed
3394 5747 3484 5802 ni~

1892 5801 2173 5942 :ilirgiutx.
2214 5804 2506 5870 Εὐτελείας
2531 5807 2698 5863 habet
2727 5801 2896 5867 ctiam
2928 5801 3211 5886 Chry'sost.
3261 5801 3309 5872 ές
3334 5801 3482 5886 un,

1988 5944 2079 6016 :5)
2119 5944 2435 6017 ’Δμὰθειαν,
2454 5948 2519 6007 Α.
