4010 6484
526 412 671 474 1167

1788 407 2172 474 ΕΙἻἭΥΜΗ
2216 404 2547 467 ZlGABEN
2555 405 2580 466 Ι

3681 398 3812 463 1168

532 530 827 583 aedoeens
858 542 980 593 nos,
1010 544 1077 582 ne
1131 544 1255 583 cum
1311 542 1441 601 erga
1490 527 1703 597 aliquos
1759 528 2118 596 disputamus,

2240 522 2471 592 ρόμενος
2502 518 2599 575 καὶ
2628 520 2901 575 παιδεύων
2934 520 3103 592 ἡμᾶς,
3132 517 3260 572 ὅταν
3292 516 3428 590 πρός
3457 534 3609 581 τινας
3639 517 3811 572 διαλε-

532 617 755 688 indigne
811 616 1073 680 feramus,
1114 617 1439 681 clamemns,
1493 626 1587 671 aut
1634 630 2045 686 exasperentur,
2079 614 2124 668 si

532 723 642 761 non
682 706 1112 777 persuadeamus
1142 726 1160 781 ;
1192 724 1316 762 nam
1350 710 1443 761 irae
1464 707 1771 761 matcriaac
1796 705 2124 775 principium

530 799 735 852 clamor
782 806 902 864 est;
945 799 1219 867 patienter
1251 814 1380 853 vero
1415 798 1753 868 respondere
1775 838 1789 863 ,
1823 804 1909 851 est
1937 796 2125 851 conari

524 895 585 939 ut
609 885 869 940 credibile
900 886 1090 949 facias.
1117 888 1265 957 quod
1303 888 1527 942 dixeris.

602 974 756 1030 Vers.
782 977 867 1031 12.
890 977 951 1031 Si
970 1009 1033 1019 -—
1052 979 1270 1031 credetis
1289 979 1315 1033 .’
1332 977 1671 1049 Frequenter
1687 993 1810 1032 cum
1848 978 2007 1032 verba
2050 975 2128 1030 fa-

523 1078 717 1123 etnrus
737 1076 840 1133 est,
860 1085 981 1138 quae.
1011 1085 1125 1124 suae
1146 1079 1451 1141 congruant
1480 1070 1777 1141 majestali,
1802 1070 1886 1124 his
1904 1080 2127 1139 propter

516 1162 837 1216 auditurum
867 1163 1289 1217 crassitudinem
1322 1178 1385 1217 ac
1411 1162 1847 1217 imbecillitatem
1885 1163 2113 1227 relictis,

525 1253 813 1310 humiliora
847 1254 1252 1324 dispensatorio
1269 1255 1434 1309 modo
1458 1254 1958 1309 condescendendo
1982 1270 2125 1325 pra:-

525 1345 672 1399 fert:
708 1345 855 1415 quod
889 1361 1023 1400 sane
1047 1346 1213 1400 etiam
1248 1360 1399 1399 nunc
1436 1345 1589 1402 fecit.
1629 1345 1765 1399 Nam
1799 1361 1865 1400 ex
1894 1361 2003 1416 quo
2058 1345 2125 1400 de

525 1437 791 1506 spirituali
819 1436 1171 1508 generatione
1205 1437 1420 1492 locutus
1438 1447 1524 1492 est
1564 1438 1742 1492 desua
1762 1437 1937 1507 ipsius
1955 1437 2121 1491 etiam

524 1526 876 1596 generatione
919 1540 1039 1595 quae
1080 1524 1184 1579 fuit
1218 1535 1346 1581 ante
1384 1527 1607 1591 saecula,
1639 1542 1870 1597 quaeque
1900 1544 2123 1583 omnem

522 1630 577 1673 et
610 1630 845 1672 mentem
879 1631 1262 1673 etsermonem
1294 1619 1531 1684 excedit,
1558 1620 1741 1674 dicere
1761 1621 1997 1675 volebat.
2033 1622 2123 1674 Vi-

524 1716 662 1765 dens
692 1710 1250 1765 autemNieodemum
1276 1727 1454 1781 neque
1484 1711 1825 1782 spiritualem
1846 1728 2011 1783 posse
2038 1715 2123 1767 in—

527 1802 794 1872 telligere,
826 1801 965 1868 nihil
993 1802 1061 1857 de
1086 1802 1175 1856 illa
1203 1802 1360 1866 dicit,
1396 1804 1494 1858 sed
1520 1818 1742 1859 causam
1765 1786 1886 1860 talis
1918 1805 2122 1859 silentii

2230 616 2474 685 γόμενοι,
2512 614 2590 686 μὴ
2622 614 2922 683 πείθωμεν,
2961 612 3037 684 μὴ
3062 610 3437 683 δυσχεραίνειν
3458 652 3471 673 ,
3508 609 3644 681 μηδέ
3675 610 3809 681 κράο

2230 706 2345 770 ζειν
2376 707 2469 760 καὶ
2505 705 2815 774 ἀγριαίνειν
2843 722 2856 735 ’
2887 704 2990 773 ῦλη
3016 702 3126 774 γὰρ
3153 704 3326 774 ὀργῆς
3355 704 3387 774 ή
3416 704 3628 774 κραυγή
3651 719 3665 733 ’
3696 702 3812 754 ἀλλ’

2229 798 2569 865 ἀνεξικάκως
2591 798 3015 869 ἀποκρίνεσθαι,
3037 795 3139 851 καὶ
3158 795 3449 867 πειρᾶσθαι
3478 797 3648 849 ποιεῖν
3669 795 3814 861 ἀξιό-

2230 906 2427 947 πιστον
2458 888 2519 943 τὸ
2553 888 2869 959 λεγόμενον.

2304 985 2373 1036 El
2409 1011 2481 1023 -—
2521 984 2916 1047 manticae;
2962 981 3231 1043 Πολλάκις
3278 979 3492 1051 μέλλων
3541 980 3813 1034 ἅπτεσθαι

2228 1076 2407 1145 λόγων
2444 1077 2614 1142 ἀξίων
2656 1077 2756 1146 τῆς
2808 1076 3210 1147 μεγαλωσύνης
3241 1073 3433 1139 αὐτοῦ,
3481 1077 3816 1147 παρατρέχει

2228 1171 2457 1235 τούτους
2505 1171 2595 1225 διὰ
2647 1172 2747 1243 τὴν
2792 1169 2904 1225 τῶν
2963 1168 3335 1241 ἀκροωμένων
3388 1166 3677 1238 παχύτητα
3724 1166 3818 1220 καὶ

2228 1266 2538 1331 ἀσθένειαν,
2578 1267 2673 1319 καὶ
2705 1263 2949 1335 προτιμᾷ
2982 1262 3106 1324 τοὺς
3137 1260 3574 1331 ταπεινοτέρους,
3608 1275 3817 1329 συγκα-

2228 1358 2543 1423 ταϐατικῶς
2579 1375 2638 1410 τε
2674 1358 2770 1410 καὶ
2799 1352 3168 1423 οἰκονομικῶς
3192 1394 3207 1419 ,
3242 1353 3270 1406 ὃ
3298 1352 3363 1425 δὴ
3393 1352 3669 1407 κάνταῦθα
3699 1367 3817 1405 πε-

2229 1451 2485 1521 ποίηκεν.
2551 1450 2707 1502 Ἐπεὶ
2765 1447 2879 1521 (26)
2932 1427 3046 1518 γάρ
3095 1448 3224 1516 περὶ
3280 1446 3378 1515 τῆς
3437 1446 3819 1516 πνευματικῆς

2228 1541 2537 1612 γεννήσεως
2567 1536 2746 1605 εἶπεν,
2776 1538 3030 1591 ἐϐούλετο
3072 1538 3172 1608 μὲν
3204 1538 3404 1601 εἰπεῖν,
3432 1537 3525 1591 καὶ
3556 1537 3686 1607 περὶ
3718 1536 3820 1607 τῆς

2226 1631 2423 1699 ἑαυτοῦ
2461 1634 2791 1703 γεννήσεως,
2830 1630 2930 1701 τῆς
2972 1629 3304 1701 προαιωνίου
3345 1629 3441 1683 καὶ
3470 1628 3649 1683 πάντα
3680 1627 3806 1681 νοῦν

2229 1728 2324 1780 κιὶ
2352 1727 2510 1797 λόγον
2556 1725 3001 1797 ὑπερδαινούσης
3029 1742 3043 1756 ·
3095 1724 3220 1777 ἰδὼν
3266 1723 3322 1775 δὲ
3365 1723 3457 1775 τὸν
3505 1721 3817 1791 Νικόδημον

2233 1820 2372 1889 μηδὲ
2428 1818 2527 1889 τὴν
2591 1816 2973 1888 πνευματικὴν
3032 1813 3446 1884 παραδέξασθαι
3494 1814 3816 1884 δυνάμενον,

519 1892 717 1959 docet,
744 1892 890 1963 quod
936 1892 1009 1947 sit
1036 1892 1294 1948 videlicet
1326 1906 1553 1964 propter
1584 1890 1902 1950 auditorum
1936 1896 2118 1951 incre-

2236 1913 2377 1964 ιύδὲν
2408 1911 2509 1981 μὲν
2540 1910 2690 1979 λέγει
2727 1910 2855 1979 περὶ
2887 1908 3126 1979 ἐκείνης,
3158 1907 3406 1961 διδάσκει
3431 1906 3489 1960 δέ
3513 1906 3609 1977 τὴν
3636 1906 3818 1959 αἰτίαν

510 1981 829 2037 dulitatem.
860 1981 1066 2037 llorum
1089 1998 1221 2055 ergo
1242 1983 1613 2041 ineredulitati
1640 1996 1737 2040 aut
1756 1986 2117 2043 imbecillitati

521 2074 875 2129 tribuendum
908 2084 1013 2143 est,
1042 2077 1190 2147 quod
1208 2076 1409 2148 saepius
1441 2078 1744 2134 mediocria
1772 2089 1867 2135 aut
1889 2080 2117 2136 humilia

518 2170 799 2235 loquatur.

586 2390 835 2443 Terrena
866 2400 1049 2445 autem
1105 2390 1416 2464 intelligunt
1456 2393 1548 2449 hic
1580 2394 1804 2464 quidam
1841 2394 1909 2450 de
1953 2406 2119 2451 vento

496 2484 723 2537 ~dlClUﬂl
754 2499 900 2549 esse,
946 2499 1010 2538 ac
1046 2489 1089 2539 si
1126 2486 1335 2542 diceret
1368 2504 1383 2540 :
1421 2486 1483 2541 Si
1518 2496 1798 2542 terrenum
1854 2492 2116 2560 proposui

501 2579 849 2648 erentplum,
880 2590 1062 2634 etnon
1082 2580 1325 2645 creditis,
1350 2584 1626 2651 quomodo
1673 2582 1718 2637 si
1752 2584 1977 2639 cwleste
2016 2584 2117 2637 ali-

515 2671 645 2739 quid
706 2681 800 2724 aut
859 2672 1151 2727 sublimius
1206 2672 1418 2739 dixero,
1479 2674 1761 2729 credetis?

596 2763 703 2816 Alii
766 2778 918 2828 vero,
986 2775 1221 2831 terrena,
1310 2768 1379 2818 de
1442 2765 1861 2836 regeneratione
1909 2764 2113 2820 dictum

498 2854 1405 2924 astruunt,interpretantes,quod
1436 2866 1709 2909 terrenam
1738 2856 2117 2921 hancdixerit,

511 2948 614 3001 etsi
646 2947 889 3001 cmlestis
921 2948 991 3000 sit
1018 2964 1082 3001 ac
1116 2946 1325 3010 divina,
1386 2958 1646 3017 tanquam
1696 2964 1863 3019 super
1910 2960 2113 3005 terram

508 3039 760 3111 impleta,
800 3051 854 3091 et
883 3038 1256 3107 comparando
1285 3039 1351 3093 ad
1379 3052 1532 3093 suam
1552 3038 1892 3093 ineffabilem
1939 3056 2081 3112 gene
2105 3070 2110 3075 ι

509 3133 804 3185 rationem.
839 3130 976 3185 Nam
1006 3131 1073 3186 ad
1106 3130 1255 3187 illius
1281 3132 1668 3187 celsitudinem
1722 3132 1838 3187 haec
1898 3143 2117 3188 terrena

499 3236 587 3278 est
614 3234 669 3278 et
687 3224 929 3278 humilis.

2226 2009 2328 2077 τῆς
2382 2004 2642 2073 τοιαύτης
2700 2006 2883 2072 σιγῆς,
2944 2002 3029 2053 ὅτι
3085 2000 3175 2053 διά
3228 2000 3330 2070 τὴν
3392 1998 3653 2053 ἀπιστίαν
3708 1998 3818 2050 τῶν

2227 2094 2818 2167 ἀκροωμένων.Ὥστε.
2862 2094 2992 2146 ὅταν
3027 2092 3228 2162 μέτρια
3260 2090 3565 2160 φθέγγηται
3595 2092 3691 2143 καὶ
3715 2106 3817 2141 τα-

2228 2208 2294 2243 πε
2307 2194 2390 2241 ινέι
2419 2192 2513 2242 καὶ
2550 2188 2745 2256 ἀνάξια
2773 2187 3039 2250 πολλάκις
3068 2186 3165 2257 τῆς
3199 2186 3311 2255 (27)
3347 2184 3514 2239 αὑτοῦ
3541 2184 3817 2254 θεότητος,

2227 2284 2294 2353 τῇ
2329 2280 2559 2352 ἀπιστίᾳ
2586 2280 2683 2333 καὶ
2720 2278 2977 2350 ἀσθενείᾳ
3001 2278 3208 2333 τούτων
3236 2278 3516 2347 λογιστέον
3548 2276 3709 2329 αὐτά.

2312 2373 2561 2443 Ἐπίγεια
2588 2374 2645 2426 δὶ
2680 2373 2776 2427 νῦν
2808 2372 2919 2443 (‘28)
2948 2388 3096 2434 τινες
3126 2371 3257 2442 περὶ
3286 2369 3382 2423 τοῦ
3410 2369 3619 2440 ἀνέμου
3650 2367 3817 2438 φασιν

2229 2465 2515 2538 εἰρῆσθαι·
2547 2466 2653 2531 ὃτι,
2678 2464 2739 2516 Ei
2773 2463 3016 2531 ἐπίγειον
3043 2460 3404 2531 παράδειγμα
3434 2453 3612 2523 εἷπον,
3641 2460 3733 2511 καὶ
3753 2457 3813 2510 οὐ

2228 2559 2539 2623 πιστεύετε,
2561 2557 2698 2622 πῶς,
2723 2556 2819 2635 έάν
2843 2554 2982 2609 εῐπω
2998 2554 3252 2627 οὐράνιόν
3270 2570 3321 2607 τι
3342 2556 3435 2607 καὶ
3461 2553 3813 2624 ὑψηλότερον,

2229 2650 2551 2703 πιστεύσετε
2577 2649 2723 2717 (29);

2298 2742 2454 2805 Τινὲς
2480 2742 2558 2808 δὲ,
2598 2740 2865 2810 Ἐ’πίγεια
2897 2737 3028 2809 περι
3065 2738 3165 2809 τῆς
3195 2736 3612 2808 ἀναγεννήσεως
3645 2735 3817 2808 ῥηθῆ-

2229 2853 2317 2889 ναι
2341 2835 2614 2904 λέγουσιν,
2650 2833 3049 2905 ἑρμηνεύοντες
3081 2832 3163 2884 ὅτι
3195 2832 3444 2899 ἐπίγειον
3477 2829 3633 2883 τοῦτο
3664 2826 3811 2895 εἶπε,

2229 2928 2406 2982 καίτοι
2446 2926 2701 2998 οὐράνιον
2734 2928 2827 2977 καὶ
2857 2924 3002 2977 θεῖον
3034 2922 3094 2976 ὃν
3120 2962 3135 2987 ,
3170 2924 3242 2985 ὡς
3276 2926 3371 2977 ἐπὶ
3416 2922 3520 2992 γῆς
3549 2922 3814 2993 τελούμε-

2229 3038 2319 3075 νον
2344 3038 2357 3050 ’
2387 3021 2419 3090 ἢ
2472 3020 2566 3073 καὶ
2611 3018 2749 3089 πρὸς
2784 3018 3075 3089 σύγκρισιν
3106 3018 3204 3086 τῆς
3237 3016 3684 3087 φρικωδεστάτης
3716 3017 3814 3070 αύ-

2226 3110 2321 3165 τοῦ
2351 3114 2685 3181 γεννήσεως.
2718 3110 2862 3183 Πρὸς
2897 3110 3005 3180 γάρ
3040 3108 3102 3162 τὸ
3130 3108 3261 3180 ὕψος
3288 3109 3526 3180 ἐκείνης,
3570 3110 3815 3178 έπίγειός

2229 3204 2376 3256 ἐστιν
2409 3202 2551 3273 αὕτη
2584 3205 2679 3257 καὶ
2713 3201 2993 3274 χθαμαλή.

589 3315 745 3372 Vers.
789 3318 874 3372 i5.
911 3316 980 3370 Et
1010 3346 1079 3356 —
1101 3316 1193 3387 qui
1217 3318 1504 3371 descendit.
1534 3317 1670 3381 Quia
1704 3319 1959 3389 superius
1986 3318 2118 3374 dixit

2296 3294 2410 3349 Καὶ
2434 3326 2505 3335 -
2537 3294 2820 3360 καταϐάς.
2869 3294 3022 3347 Ἐπεὶ
3069 3294 3359 3365 προὶαῦὼν
3387 3290 3541 3347 εἶπεν
3585 3293 3615 3347 ό
3648 3293 3814 3347 Νικό-

510 3410 851 3465 Nicodemus
880 3426 895 3461 :
923 3409 1140 3463 Scimus
1170 3410 1314 3479 quod
1356 3426 1385 3463 a
1412 3408 1525 3464 Deo
1574 3412 1792 3465 veneris
1811 3412 1863 3465 in
1918 3413 2119 3483 magis-

507 3510 655 3556 trum
697 3518 712 3568 ;
744 3502 847 3555 hoc
880 3502 1061 3571 ipsum
1096 3517 1245 3556 nunc
1279 3502 1529 3572 corrigit,
1562 3516 1627 3556 ae
1674 3502 1721 3556 si
1774 3502 1919 3558 dicat
1957 3520 1973 3558 :
2008 3503 2120 3559 Nec

511 3610 604 3650 me
647 3594 809 3649 talem
840 3595 1121 3650 existimes
1163 3602 1581 3664 praeceptorem,
1616 3595 1772 3664 quasi
1799 3611 1969 3650 unum
2019 3597 2120 3651 ali-

508 3703 675 3757 quem
705 3703 771 3743 ex
796 3688 1107 3759 praphetis.
1136 3687 1329 3742 Nullus
1352 3688 1626 3757 siquidem
1661 3677 1879 3743 illorum
1921 3705 2119 3745 ascen—

505 3782 587 3835 dit
620 3781 676 3834 in
708 3784 928 3845 cceltnn,
965 3781 1083 3835 sive
1109 3779 1392 3851 ingressus
1420 3787 1506 3834 est
1538 3779 1596 3833 in
1620 3780 1844 3845 calum,
1884 3782 1988 3838 nisi
2017 3799 2119 3855 ego

505 3872 603 3944 qui
637 3888 669 3928 e
707 3873 1409 3944 etelodescendi,ideoque
1444 3871 1767 3927 sublimiora
1804 3873 1991 3930 defero
2023 3878 2121 3931 do-

503 3972 706 4035 gmata.

582 4058 703 4111 Alio
728 4067 994 4127 praeterea
1026 4056 1190 4112 modo
1219 4055 1358 4113 dixit
1385 4076 1397 4111 :
1434 4056 1541 4123 Qui
1556 4058 1822 4113 descendit
1842 4058 1906 4113 de
1942 4057 2068 4112 caelo
2098 4074 2118 4113 :

505 4150 636 4220 quia
671 4153 722 4204 in
767 4151 945 4203 Veteri
1006 4147 1359 4204 Testamento
1404 4150 1796 4216 diversimode,
1852 4152 2114 4221 variaque

505 4242 921 4312 dispensatione
948 4242 1154 4297 dicitur
1176 4242 1323 4298 Deus
1350 4244 1652 4299 ascendere
1676 4260 1741 4300 ac
1758 4245 2115 4311 descendere,

507 4338 658 4391 velut
688 4349 770 4390 est
801 4336 934 4389 illud
962 4354 976 4390 ;
1012 4336 1342 4390 Descendens
1372 4336 1576 4403 videbo,
1600 4341 1643 4391 si
1652 4338 2117 4408 juxtaclamorem

510 4419 726 4483 illorum
750 4429 953 4497 operati
986 4438 1107 4481 sunt
1134 4427 1205 4497 δ’,
1232 4437 1289 4483 et
1309 4430 1559 4483 Ascendit
1580 4428 1719 4484 Deus
1737 4430 2118 4497 adAbralmm,

510 4532 565 4574 ut
600 4522 825 4576 cessavit
850 4521 993 4590 loqui
1027 4520 1095 4574 ad
1125 4536 1246 4575 eum
1268 4521 1333 4588 '°,
1357 4523 1635 4593 multaque
1665 4523 1888 4578 similia.

584 4700 742 4756 Vers.
780 4700 867 4757 15.
900 4700 1070 4755 Filius
1097 4701 1347 4756 hominis.
1379 4700 1485 4767 Qui
1509 4703 1811 4759 secundum
1856 4704 2113 4757 humani-

515 4801 683 4845 tatem
717 4790 886 4845 Filius
905 4801 991 4845 est
1023 4793 1287 4849 hominis.

590 4884 745 4940 Scire
798 4897 980 4939 autem
1034 4896 1270 4956 oportet,
1308 4888 1453 4958 quod
1500 4888 1840 4942 adivinitate
1871 4887 2111 4957 seipsum

518 4978 834 5045 frequenter
881 4980 1153 5043 nominat,
1207 4988 1263 5033 et
1318 4980 1482 5034 etiam
1542 4981 1743 5051 saepius
1799 4986 1866 5032 ab
1916 4980 2107 5033 huma-

521 5082 712 5126 Illlﬂle.

596 5166 753 5223 Vers.
789 5168 875 5223 15.
913 5168 1019 5235 Qui
1058 5201 1125 5211 ——
1165 5169 1313 5225 caelo.
1344 5172 1446 5237 Qui
1470 5173 1626 5259 juxta
1650 5172 1996 5227 divinitatem
2052 5174 2104 5225 in

619 5351 664 5380 ‘°
715 5350 852 5405 Gen.
888 5369 1037 5414 xvm,
1075 5356 1161 5407 2L
1276 5355 1321 5384 ιο
1358 5350 1497 5406 Gen.
1542 5369 1676 5419 xvu,
1710 5354 1801 5407 2'2.

2224 3391 2417 3459 δημος,
2459 3390 2540 3442 ὅτι
2565 3391 2806 3458 Οίδαμεν
2836 3387 2918 3439 ὅτι
2947 3387 3055 3440 ἀπὸ
3082 3387 3217 3439 Θεοῦ
3251 3378 3515 3456 ἐλήλυθας
3542 3385 3803 3441 διδάσκα-

2223 3482 2334 3547 λος,
2386 3480 2546 3533 τοῦτο
2578 3482 2710 3533 αὐτὸ
2754 3478 3068 3549 διορθοῦται
3102 3479 3218 3543 νῦν,
3255 3477 3459 3531 ὡσανεὶ
3488 3477 3684 3545 λέγων,
3719 3478 3808 3550 Μὴ

2222 3574 2453 3646 νομίσῃς
2486 3590 2553 3645 με
2585 3576 2830 3627 τοιοῦτον
2865 3574 3191 3627 διδάσκαλον
3221 3572 3296 3637 ὡς
3323 3572 3419 3625 ἕνα
3448 3571 3556 3625 τῶν
3590 3589 3809 3643 προφη-

2222 3668 2351 3721 τῶν.
2388 3668 2496 3719 Καὶ
2524 3665 2634 3737 γάρ
2658 3666 2834 3728 οὐδεὶς
2865 3665 3091 3718 ἐκείνων
3123 3662 3466 3733 ἀναϐέϐηκεν
3492 3665 3570 3725 είς
3602 3666 3695 3716 τὸν
3722 3664 3810 3717 οὑ-

2224 3762 2409 3835 ρανδν,
2446 3762 2638 3834 [ἤγουν
2670 3760 2783 3830 (50)
2813 3760 2990 3827 ὲπέὁη
3019 3759 3115 3815 τοῦ
3148 3757 3430 3831 οὐρανοῦ,]
3463 3758 3511 3809 εί
3545 3758 3623 3829 μη
3649 3756 3759 3825 ἐγὼ
3780 3758 3809 3811 ό

2224 3857 2288 3908 ἐκ
2334 3854 2429 3908 τοῦ
2471 3852 2705 3925 ούρανοῦ
2748 3851 3017 3913 καταϐάς.
3074 3850 3165 3904 Διὸ
3208 3852 3303 3904 καὶ
3354 3850 3535 3921 ὑψηλά
3562 3850 3807 3920 δόγματα

2224 3948 2459 4020 κομίζω.

2297 4045 2406 4095 Καὶ
2435 4042 2637 4113 ἑτέρως
2662 4042 2717 4095 δὲ
2748 4036 2924 4105 εἶπεν,
2956 4041 3039 4093 ὅτι
3086 4039 3149 4092 Ὀ
3187 4038 3254 4092 ἐκ
3286 4038 3390 4093 τοῦ
3419 4039 3682 4107 οὐρανοῦ
3705 4056 3809 4093 κα-

2222 4136 2447 4203 ταϐάςο
2502 4135 2636 4187 διότι
2690 4135 2841 4205 παρά
2884 4136 2951 4203 τῇ
2996 4132 3210 4202 Παλαιᾷ
3256 4132 3449 4201 Γραφῇ
3504 4133 3647 4185 κατά
3694 4133 3809 4185 δια-

2224 4235 2425 4303 φόρους
2459 4230 2774 4300 οἰκονομίας
2816 4234 2843 4281 ό
2884 4228 3018 4290 Θεὸς
3062 4226 3371 4294 καταϐῆναι
3406 4226 3499 4277 καὶ
3540 4226 3806 4295 ἀναϐῆναι

2223 4326 2465 4392 λέγεται,
2517 4324 2592 4385 ὡς
2644 4324 2739 4375 τό·
2777 4323 3053 4385 Κατασὰς
3098 4319 3341 4389 ὄψομαι,
3392 4318 3444 4371 εί
3498 4319 3651 4374 κατὰ
3697 4320 3807 4385 τὴν

2221 4418 2497 4487 κραυγὴν
2526 4416 2729 4471 αὐτῶν
2756 4415 3203 4471 συντελοῦνται
3225 4430 3237 4442 ·
3277 4413 3372 4466 καὶ
3400 4412 3461 4465 τό
3482 4428 3497 4443 ο
3546 4411 3743 4478 Ἀνέϐη
3775 4414 3805 4464 ό

2225 4510 2367 4577 Θεὸς
2392 4511 2509 4564 ἀπὸ
2546 4509 2822 4577 Ἀϐραὰμ,
2840 4508 3025 4577 ἡνίκα
3051 4506 3361 4559 ἐπαύσατο
3384 4503 3595 4558 λαλῶν
3624 4501 3800 4567 αὐτῷ,

2148 4628 2194 4686 D
2223 4608 2316 4658 καὶ
2343 4604 2512 4656 πολλά
2540 4603 2789 4657 τοιαῦτα.

2303 4699 2365 4749 '0
2400 4698 2524 4761 Υἱὸς
2566 4694 2673 4748 τοῦ
2709 4691 3047 4761 ἀνθρώπου.
3124 4690 3183 4744 '0
3222 4688 3364 4743 κατά
3394 4686 3492 4759 τὴν
3522 4687 3804 4757 ἀνθρωπὶ-

2214 4812 2353 4865 τητα
2382 4792 2533 4864 [Υἱὸς
2561 4790 2672 4861 (51)
2700 4788 2793 4841 τοῦ
2828 4787 2942 4857 (52)
2970 4784 3131 4839 Θεοῦ.

2291 4885 2411 4954 Χρὴ
2440 4883 2498 4934 δὲ
2530 4880 2824 4948 γινώσκειν
2865 4880 2949 4931 ὃτι
2982 4878 3249 4939 πολλάκις
3285 4875 3387 4946 μὲν
3419 4874 3526 4929 ἀπὸ
3559 4873 3653 4944 τῆς
3687 4872 3800 4925 θεό-

2215 4992 2375 5045 τητος
2395 4991 2410 5005 ο
2438 4973 2699 5036 πολλάκις
2727 4972 2783 5024 δὲ
2808 4970 2919 5023 ἀπὸ
2942 4970 3040 5040 τῆς
3069 4966 3517 5039 ἀνθρωπότητος]
3547 4966 3800 5036 ὀνομάζει

2218 5070 2435 5123 ἑαυτόν.

2308 5168 2352 5216 0
2384 5192 2453 5204 ι·-
2477 5158 2752 5229 Ὅὺρανῷ.
2795 5158 2851 5213 Ὀ
2878 5158 3020 5211 κατά
3050 5157 3147 5229 τὴν
3176 5156 3409 5230 θεότητα
3433 5154 3507 5210 ὣν
3534 5155 3590 5208 ὲν
3616 5152 3693 5224 τῷ
3715 5152 3799 5204 οὐ·

1747 5509 1944 5569 Varite
1996 5508 2305 5571 lectiones
2354 5514 2413 5567 et
2461 5511 2655 5567 notae.

592 5682 704 5752 (Q6)
734 5680 961 5753 Ἐπειδὴ
1002 5685 1069 5735 Α.

587 5754 698 5822 (‘27)
725 5754 835 5823 Τῆς
867 5754 1060 5806 ἑαυτοῦ
1094 5755 1157 5805 Α.

588 5830 698 5893 με)
744 5826 899 5889 Ἰἰνὲς
932 5829 995 5879 Α.

585 5900 698 5964 βω)
750 5897 948 5950 Πιστεύ
990 5914 1082 5969 ητε
1116 5901 1180 5953 Δ.

2294 5680 2405 5751 (50)
2436 5680 2649 5736 Inclusa
2686 5680 2884 5733 absunt
2918 5680 2979 5731 Α.

2296 5755 2405 5823 (31)
2438 5754 2647 5806 Inclusa
2688 5754 2895 5823 absunt
2953 5756 3015 5803 A.

2293 5817 2404 5897 (52)
2439 5826 2664 5894 Corrige
2726 5822 3043 5891 ἀνθρώπου,
3076 5836 3129 5879 ιιι
3168 5820 3333 5877 habet
3373 5817 3692 5876 llentenius.
