4010 6480
220 392 359 461 1169

1191 413 1582 475 COMMENT.
1620 414 1701 473 ΙΝ
1742 413 2124 478 ΙΟΑΝΝΕΜ.
2160 444 2229 453 -·
2270 420 2431 481 CAP.
2472 422 2586 483 III.

3375 423 3507 489 1170

220 513 409 609 ρανιῖ»,
459 515 644 609 εῐτουν
695 517 723 570 6
781 518 1057 591 οὐράνιος,
1116 524 1262 596 Ὀρα
1313 528 1370 581 δὲ
1430 528 1571 592 πῶς,
1631 531 1681 583 εἰ
1731 534 1805 583 κα

1932 532 2072 584 conlo
2100 542 2205 595 cst,
2240 534 2356 587 sive
2384 535 2639 590 cmlestis.
2677 533 2814 591 Vide
2846 546 3051 603 autem,
3087 541 3383 609 quomodo,
3406 541 3508 597 etsi

215 605 421 699 ὑψηλοὶ
459 608 712 662 δοκοῦσιν
750 615 798 665 οἱ
843 614 1012 684 λόγοι,
1058 619 1197 673 ἀλλά
1242 624 1335 675 καὶ
1382 621 1559 688 οὕτως
1600 625 1805 691 ἀνάξιοί

1919 625 2172 678 sublimia
2202 625 2494 681 videantur
2529 626 2713 691 verba,
2748 643 2855 683 non
2889 636 3073 683 tamen
3088 632 3359 699 maiestati
3398 648 3509 688 suae

215 698 325 789 εἱσι
350 698 455 768 τῆς
480 701 874 775 μεγαλωσύνης
897 709 1086 765 αὐτοῦ.
1128 714 1237 766 Καὶ
1270 717 1330 768 ὲν
1352 715 1430 787 τῷ
1458 717 1676 789 οὐρανῷ
1702 720 1813 789 γὰρ

213 787 318 854 ὢν,
350 790 457 884 ούκ
489 791 899 864 ἀπελιμπάνετο
930 801 1030 872 τῆς
1058 803 1164 873 γῆς
1187 822 1200 836 ·
1240 809 1337 861 καὶ
1362 809 1427 863 ἑκ
1457 810 1550 864 τοῦ
1577 812 1811 884 ούρανοῦ

213 882 495 979 itura-6.6;,
531 887 628 979 οὐκ
660 890 929 955 ἀφίστατο
958 894 1051 947 τοῦ
1076 898 1331 969 ούρανοῦ,
1359 901 1496 958 ἀλλά
1528 882 1810 979 πανταχοῦ

210 969 305 1043 ἦν.
348 973 802 1075 ἐΔττερίγραπτος
832 984 941 1054 γὰρ
967 987 999 1057 ἠ
1038 987 1251 1059 θεότης.
1285 992 1481 1064 Ὅμως
1511 969 1809 1067 φθέγγεται

210 1070 477 1159 τοιαῦτα,
526 1070 841 1140 φειδόμενος
893 1077 993 1147 τῆς
1043 1080 1332 1148 ἀσθενείας
1373 1086 1469 1140 τοῦ
1512 1090 1807 1159 ἀκροατοῦ,

209 1158 309 1253 καὶ
366 1159 515 1213 κατά
564 1165 761 1236 μικρὸν
791 1166 1024 1237 ἀνάγειν
1081 1173 1412 1246 βουλόμενος
1474 1158 1600 1253 τὴν
1639 1158 1809 1238 αὑτοῦ

208 1248 491 1309 διάνοιαν.
514 1306 518 1317 ,

286 1346 401 1399 Kal
438 1376 510 1445 -_-—
534 1350 793 1409 αιώνιον.
831 1356 1021 1413 Εἰπὼν
1055 1361 1155 1434 τὴν
1186 1366 1453 1439 μεγίστην
1492 1371 1571 1437 είς
1599 1373 1810 1445 ἀνθρὼ-

209 1452 358 1499 πους
384 1441 752 1533 -εύεργεσίαν,
802 1449 902 1521 τὴν
965 1452 1051 1508 διὰ
1103 1456 1197 1510 τοῦ
1254 1458 1657 1533 βαπτίσματος,
1703 1441 1809 1523 -λέο

212 1541 309 1591 γει
360 1530 475 1600 (35)
531 1536 624 1588 καὶ
678 1538 874 1609 ἑτέραν
928 1544 1026 1597 ούκ
1081 1547 1368 1614 ἐλάττονα,
1423 1530 1523 1625 την
1570 1556 1659 1610 διὰ
1710 1560 1805 1614 τοῦ

210 1626 485 1721 σταυροῦ.
532 1627 642 1691 Τάς
689 1631 784 1685 δύο
820 1637 931 1705 γὰρ
979 1639 1073 1691 καὶ
1130 1642 1344 1708 Παῦλος
1402 1647 1540 1717 ὁμοῦ
1593 1651 1805 1707 τέθεικε

207 1716 821 1817 χρξφωνῇΚορινθίως·
848 1729 952 1798 Μὴ
988 1732 1231 1802 Παῦλος
1268 1716 1617 1811 ἐσταυρώθη
1654 1747 1807 1814 ὑπὲρ

209 1809 411 1902 etv-«Br,
442 1811 479 1879 ἢ
506 1816 593 1879 είς
623 1817 689 1868 τὸ
726 1818 915 1888 ὄνομα
944 1826 1191 1880 Παύλου
1234 1809 1675 1902 ἐϐαπτίσθητε;
1722 1809 1805 1902 Ta

208 1896 313 1951 δύο
352 1901 462 1998 γάρ
494 1905 665 1998 ταῦτα
699 1909 798 1977 τὴν
838 1912 1048 1981 ἄφατον
1083 1919 1251 1973 αὐτοῦ
1291 1896 1632 1981 δεικνύουσιν
1656 1896 1804 1998 ’ἀγάέ

214 2006 355 2097 ἴτην,
389 1995 606 2097 ὄτι-κα)
654 2002 1017 2097 ἀναγέννησιν
1063 2011 1381 2082 ἐχαρίσατο,
1413 2017 1499 2072 ἵνα
1530 1995 1808 2097 καθαρίσῃ

210 2084 369 2185 ημᾶς
401 2086 511 2141 ἀπὸ
525 2090 636 2185 τῶν
652 2092 944 2185 ,ἁμαρτιῶν
978 2101 1009 2169 ὴ
1022 2101 1163 2171 μῶν,
1204 2106 1295 2159 καὶ
1329 2082 1691 2185 ἐσταυρώθη..
1719 2082 1808 2171 ινὲἱ

211 2175 479 2277 ζήσωμεν
494 2182 756 2277 αἰωνίως.
789 2187 1149 2263 Προεσήμανε
1182 2196 1282 2265 μὲν
1304 2195 1401 2253 οὖν
1557 2175 1807 2277 σταύρωο

215 2284 308 2363 σιν
351 2271 542 2363 αὑτοῦ,
596 2276 815 2342 δεικνὺς
860 2282 942 2335 ὅτι
993 2288 1367 2354 προγινώσκει
1425 2293 1657 2363 ταύτην,
1711 2301 1808 2353 καὶ

211 2358 408 2461 λοιπὸν
429 2363 713 2461 fxo-utrius;
756 2370 849 2423 ἐπὶ
886 2373 1089 2446 ταύτην
1118 2376 1339 2449 ἔρχεται
1370 2381 1459 2436 διὰ
1494 2358 1602 2454 τὴν·
1624 2358 1805 2461 σωτη-

215 2450 345 2551 ρίαν
387 2455 853 2551 ἀνθρώπων.
886 2466 1001 2519 Οὐκ
1042 2468 1099 2533 ἐξ
1134 2470 1354 2536 εὐθείας
1383 2474 1438 2527 δὲ
1469 2450 1600 2547 περὶ
1631 2450 1807 2551 αύτῆς

210 2536 398 2640 εἷπεν,
447 2547 581 2603 ἀλλὰ
628 2552 721 2604 τὸν
780 2557 935 2626 παρὰ
997 2559 1278 2626 Μωῡσέως
1338 2536 1623 2635 ὑψωθὲντα
1679 2536 1807 2640 ὄφιν

211 2634 379 2730 ἔλασε
414 2641 784 2714 παράδειγμα,
817 2644 1087 2705 διδάσκων
1116 2654 1198 2707 ὅτι
1227 2659 1467 2730 συγγενῆ
1496 2661 1565 2715 τὰ
1599 2634 1808 2720 παλαιά

211 2728 331 2789 τοῖς
361 2734 591 2797 καινοῖς,
629 2736 720 2788 καὶ
757 2737 919 2792 τύποι
950 2743 1160 2798 τούτων
1192 2748 1397 2804 ἐκεῖνα.

290 2820 449 2922 :Ea'rt
472 2823 579 2922 δεῃή
603 2829 745 2883 κατὰ
767 2832 855 2886 τὸν
870 2833 992 2902 ὄφιν
1017 2836 1227 2909 ἱστορία
1250 2842 1475 2913 τοιαύτη
1499 2863 1605 2911 τις·
1628 2846 1720 2903 Ἐν
1742 2852 1805 2922 τῇ

212 2915 413 2985 ἐρήμῳ
446 2918 615 2973 πάλαι
662 2922 952 2992 δάκνοντες
997 2930 1047 2982 οἱ
1096 2929 1250 3000 ὄφεις
1294 2935 1420 2997 τοὺς
1467 2915 1808 3011 Ἰσραηλίτας

214 3010 477 3081 ἀνῄρουν.
528 3015 847 3074 Ἐκέλευσεν
879 3021 972 3075 οὖν
1014 3025 1041 3078 6
1086 3024 1219 3091 Θεὸς
1251 3027 1329 3100 τῷ
1363 3031 1595 3087 Μωῦσεῖ
1640 3010 1809 3089 κατα-

215 3104 486 3159 σκευάσαι
510 3109 745 3177 χαλκοῦν
761 3111 907 3182 ὄφιν,
932 3116 1024 3168 καὶ
1047 3115 1264 3186 ὑψῶσαι
1288 3121 1481 3177 τοῦτον
1502 3126 1598 3183 ἐπὶ
1624 3126 1803 3192 ξύλου,

1918 714 2218 768 conformia
2243 724 2391 771 sunt.
2423 715 2557 769 Nam
2577 727 2779 773 etcum
2804 717 2858 771 in
2881 718 3019 773 ccelo
3040 729 3143 783 est,
3171 729 3372 775 terram
3399 737 3509 775 non

1919 806 2178 875 relinquit
2201 823 2216 872 ;
2253 816 2307 861 et
2328 807 2395 862 de
2415 808 2554 862 caelo
2572 807 2913 864 descendens
2936 852 2949 876 ,
2980 826 3088 864 non
3120 811 3275 867 abest
3293 827 3322 864 a
3346 811 3509 875 coelo,

1915 894 2009 949 sed
2076 895 2276 964 ubique
2300 905 2551 957 est,cum
2613 896 2877 952 divinitas
2952 898 3329 953 circumscribi
3397 914 3507 952 non

1915 984 2110 1052 possit.
2140 984 2288 1038 Talia
2321 994 2504 1040 tamen
2531 986 2793 1055 loquitur,
2820 1001 3057 1058 parcens
3092 986 3365 1043 auditoris
3401 987 3508 1042 im-

1914 1076 2219 1141 becillitati,
2242 1086 2297 1132 et
2314 1077 2574 1149 paulatim
2600 1078 2772 1149 ipsius
2793 1091 3032 1135 mentem
3058 1079 3277 1136 elevare
3294 1079 3507 1135 volens.

1990 1347 2142 1403 Vera.
2181 1347 2269 1402 Η.
2314 1345 2476 1401 Ει-
2504 1347 2661 1403 Vers.
2710 1346 2798 1401 f5.
2841 1354 3118 1399 aeternam.
3151 1341 3288 1397 Cum
3334 1343 3513 1396 maxi-

1912 1453 2061 1491 mum
2091 1437 2372 1493 retulisset
2440 1436 2793 1499 beneﬁcium,
2849 1436 2993 1504 quod
3028 1433 3365 1494 hominibus,
3412 1448 3515 1502 per

1912 1527 2243 1597 baptismum
2278 1526 2580 1591 confertur,
2622 1535 2811 1580 narrat
2840 1534 2896 1579 et
2940 1524 3090 1579 aliud
3130 1539 3239 1577 non
3303 1523 3515 1583 minus,

1909 1620 2057 1688 quod
2086 1633 2182 1689 per
2237 1634 2457 1673 erucem
2493 1619 2673 1673 datur.
2706 1618 2837 1682 Quae
2871 1617 2982 1671 duo
3038 1616 3239 1669 Paulus
3293 1629 3513 1681 quoque

1910 1712 2071 1767 simul
2096 1710 2277 1781 posuit
2306 1712 2555 1765 scribens
2578 1708 2647 1763 ad
2676 1708 2997 1764 Corinthios
3031 1724 3044 1762 :
3082 1706 3227 1759 Num
3257 1722 3352 1775 pro
3367 1708 3515 1761 vobis

1910 1804 2194 1873 cruciﬁxus
2219 1812 2294 1857 est
2336 1803 2558 1865 Paulus,
2601 1811 2695 1855 aut
2728 1804 2782 1855 in
2816 1801 3027 1855 nontine
3059 1799 3219 1854 Pauli
3252 1799 3511 1869 baptizari

1910 1903 2032 1952 estis
2077 1898 2147 1951 ἐἳ
2180 1896 2315 1950 Nam
2359 1897 2473 1950 haec
2498 1896 2608 1950 duo
2647 1893 2980 1949 ineﬂ‘abilem
3046 1892 3167 1962 ejus
3213 1892 3519 1945 ostendunt

1910 1991 2281 2053 dilectionem,
2315 1987 2459 2057 quod
2500 1996 2554 2041 et
2585 1986 3055 2058 regenerationem
3094 1983 3398 2038 contribuit
3452 1991 3513 2035 ut

1910 2081 2319 2136 mundaretnos
2347 2095 2376 2133 a
2408 2078 2647 2147 peccatis
2679 2077 2905 2140 nostris,
2932 2083 2987 2131 et
3020 2074 3313 2130 cruciﬁxus
3341 2082 3425 2127 est
3450 2083 3512 2127 ut

1910 2171 1963 2224 in
1999 2180 2265 2225 aeternum
2301 2170 2567 2221 vivamus.
2621 2166 2803 2221 lnnuit
2859 2167 3045 2235 itaque
3096 2163 3508 2220 cruciﬁxionem

1910 2279 2089 2323 suam,
2123 2262 2422 2317 ostendens
2476 2261 2618 2329 quod
2659 2275 2778 2315 eam
2838 2257 3289 2328 przecoguorerit,
3350 2265 3404 2309 et
3444 2268 3514 2309 ex

1909 2354 2273 2422 consequenti
2302 2352 2610 2406 voluntarie
2656 2350 2872 2404 adeam
2934 2359 3159 2418 propter
3221 2347 3509 2403 hominum

1910 2448 2144 2503 salutem
2188 2444 2431 2499 accedat.
2469 2442 2588 2496 Non
2615 2451 2797 2496 tamen
2853 2441 2922 2495 de
2949 2455 3013 2495 ea
3050 2440 3257 2494 directe
3291 2439 3510 2493 locutus

1911 2548 2014 2599 est.
2038 2538 2135 2593 sed
2157 2536 2373 2591 exaltati
2399 2550 2429 2589 a
2450 2535 2596 2590 Mose
2624 2534 2899 2605 serpentis
2920 2532 3155 2601 sumpsit
3172 2530 3506 2600 exemplum,

1909 2630 2114 2684 docens
2165 2626 2309 2697 quod
2345 2633 2527 2679 vetera
2582 2626 2740 2679 novis
2773 2631 3002 2692 cognata
3042 2622 3174 2687 sint,
3207 2635 3511 2690 eorumque

1911 2723 2118 2792 ﬁgura.

1983 2835 2079 2891 Est
2107 2846 2291 2889 autem
2320 2832 2391 2889 de
2429 2842 2685 2902 serpente
2722 2829 2952 2885 historia
3005 2829 3167 2885 talis:
3200 2830 3259 2883 In
3318 2843 3509 2884 eremo

1912 2928 2040 2982 olim
2061 2934 2350 2997 serpentes
2370 2939 2554 2979 morsu
2575 2922 2846 2977 necabant
2862 2920 3158 2975 lsraelitas.
3182 2918 3211 2974 Ι
3222 2920 3357 2974 ussit
3379 2935 3509 2991 ergo

1914 3018 2059 3072 Deus
2096 3016 2259 3079 Mosi,
2293 3024 2351 3070 ut
2385 3014 2586 3069 factum
2620 3022 2935 3082 serpentem
2995 3026 3208 3065 :eneum
3238 3011 3509 3065 exaltaret

1916 3106 2271 3173 inligno;ad
2302 3104 2849 3176 quemintendercnt,
2881 3102 2972 3174 qui
3019 3103 3186 3156 morsi
3235 3113 3392 3157 erant
3446 3119 3510 3157 ac

215 3194 315 3247 καὶ
345 3198 472 3261 τοὺς
499 3200 871 3271 δεδηγμένους
899 3206 1173 3271 ἀτενίζειν
1198 3212 1279 3275 είς
1304 3211 1489 3278 αὐτὸν,
1517 3214 1610 3269 καί
1632 3217 1804 3281 οὕτως

1917 3208 2237 3253 sanarentur
2262 3198 2326 3250 ".
2363 3196 2599 3265 Eratque
2622 3208 2848 3263 serpens
2874 3208 3058 3247 aeneus
3096 3194 3265 3248 durus
3292 3235 3304 3258 ,
3340 3194 3507 3264 ﬁgura

214 3289 265 3339 οί
293 3287 582 3360 δηχθέντες
605 3295 763 3359 ἔζων.
788 3299 896 3350 Καὶ
926 3294 993 3369 ἦν
1024 3300 1196 3365 τύπος
1227 3304 1255 3357 6
1284 3304 1525 3376 χαλκοῦς
1554 3308 1680 3378 ὄφις
1708 3311 1804 3364 τοῦ

220 3385 459 3455 στεῤῥοῦ
517 3387 611 3441 καὶ
657 3391 944 3446 ἀνενδότου
989 3397 1125 3465 πρὸς
1177 3398 1380 3452 κακίαν
1418 3399 1672 3471 σώματος
1710 3405 1807 3459 τοῦ

214 3476 461 3544 Χριστοῦ
486 3497 497 3509 ·
521 3480 547 3532 6
580 3482 753 3550 χωρὶς
792 3484 897 3548 ίοῦ,
920 3487 1012 3539 τοῦ
1042 3488 1215 3559 χωρὶς
1253 3490 1332 3543 ἰοῦ
1362 3492 1461 3562 τῆς
1495 3493 1804 3565 ἁμαρτίας·

213 3569 241 3620 ὁ
272 3569 514 3636 ὑψωθεὶς
556 3574 651 3626 ἐπὶ
694 3574 875 3640 ξύλου,
911 3578 1004 3633 τοῦ
1046 3580 1356 3650 ύψωθέντος
1379 3585 1475 3638 ἐπὶ
1514 3586 1676 3653 ξύλου
1711 3590 1805 3643 τοῦ

215 3661 479 3731 σταυροῦ·
512 3665 541 3715 6
571 3667 835 3736 παρέχων
859 3669 1005 3741 ζωὴν
1034 3675 1145 3734 τοῖς
1165 3673 1521 3743 δεδηγμένοις
1553 3679 1659 3732 ὑπὸ
1699 3682 1808 3736 τῶν

215 3751 400 3818 ὄφεων
446 3754 543 3808 καὶ
589 3758 932 3824 ἀτενίζουσιν
984 3764 1065 3825 είς
1109 3764 1298 3827 αὐτὸν,
1332 3765 1425 3818 τοῦ
1471 3770 1807 3839 παρέχοντος

215 3844 366 3914 ζωὴν
388 3844 607 3901 αίὼνιον
628 3852 743 3915 τοῖς
767 3851 1126 3922 δεδηγμένοις
1150 3855 1255 3909 ὑπὸ
1274 3857 1381 3913 τῶν
1398 3859 1606 3930 νοητῶν
1629 3860 1808 3931 ὄφεων

213 3940 314 3994 καὶ
342 3942 684 4008 ἀτενίζουσιν
710 3946 792 4009 είς
824 3948 987 4000 αὐτὸν
1018 3951 1075 4002 ὲν
1107 3950 1311 4006 πίστει.

288 4034 388 4089 Διά
416 4035 575 4091 τοῦτο
618 4038 801 4093 τοίνυν
830 4040 1256 4114 ὀμοιωματικῶς
1296 4044 1450 4099 εἶπεν
1493 4048 1575 4102 ὅτι
1600 4050 1806 4117 Καθὼς

213 4128 483 4198 Μωυσῆς
512 4130 725 4199 ὕψωσεν
747 4131 854 4186 τὸν
876 4133 1039 4203 ὄφιν,
1061 4137 1155 4187 καὶ
1185 4135 1253 4190 τά
1276 4137 1421 4208 ἑξῆς.
1441 4132 1575 4191 Εἶτα
1632 4157 1805 4211 προσ-

217 4221 384 4292 ἑϐηκε
416 4224 512 4276 καὶ
546 4222 646 4293 τήν
677 4224 858 4277 αίτίαν
890 4226 992 4295 τῆς
1019 4225 1277 4298 τοιαύτης
1303 4228 1804 4303 ὑψώσεως.”Ωσπερ

214 4312 325 4383 γὰρ
368 4315 579 4378 ἐκεῖνος
619 4314 813 4383 ὕψωσε
855 4316 948 4370 τὸν
999 4318 1124 4386 ὄφιν
1153 4318 1240 4373 ἵνα
1271 4322 1319 4373 οί
1346 4321 1686 4387 ἀτενίζοντες
1724 4326 1806 4387 είς

199 4403 381 4463 Αὐτὸν
421 4403 588 4474 ἔχωσι
631 4404 743 4477 (54)
780 4406 929 4477 ζωήν
952 4425 964 4438 ·
1002 4408 1145 4464 οὕτω
1170 4413 1265 4465 καὶ
1295 4404 1452 4479 οὗτος
1487 4415 1675 4487 ὑψώθη
1717 4418 1804 4471 ἵνα

212 4497 262 4552 οἱ
288 4496 631 4562 ἀτενίζοντες
652 4502 734 4563 είς
752 4501 938 4570 αὐτὸν,
965 4503 1133 4574 ἧγουν
1155 4505 1206 4558 οί
1229 4507 1605 4574 πιστεύοντες,
1632 4509 1801 4581 ἔχωσι

210 4591 361 4660 ζωὴν
412 4590 655 4647 αἰώνιον.
722 4592 866 4645 Ἀλλ’
921 4595 1047 4663 ὄφις
1095 4597 1197 4665 μὲν
1258 4601 1378 4652 ἐκεῖ
1418 4599 1508 4654 διά
1537 4601 1667 4667 τοὺς
1708 4604 1803 4658 δά-

211 4699 442 4747 κνοντας
494 4683 670 4753 ὄφεις,
746 4685 1039 4754 ἄνθρωπος
1109 4688 1167 4742 δὲ
1238 4690 1475 4746 ενταῦθα
1529 4693 1620 4746 διὰ
1678 4696 1805 4759 τοὺς

210 4772 582 4840 δακνομένους
629 4774 976 4845 ἀνθρώπους.
1035 4779 1147 4831 Καὶ
1202 4780 1322 4833 ἐκεῖ
1368 4782 1490 4851 μὲν,
1548 4784 1673 4837 ἐπεὶ
1732 4785 1802 4838 δι’

210 4867 394 4932 ὄφεως
422 4868 454 4936 ὴ
483 4866 679 4935 βλάϐη,
715 4869 782 4920 δι’
812 4868 989 4935 ὄφεως
1017 4869 1112 4921 καὶ
1147 4870 1179 4941 ἠ
1214 4870 1485 4942 θεραπεία
1512 4889 1524 4903 ·
1561 4873 1800 4928 ἐνταῦθα

210 4958 291 5022 δὲ,
341 4957 467 5010 ἐπεὶ
519 4958 590 5010 δι’
636 4958 933 5028 ἀνθρώπου
980 4962 1007 5014 6
1049 4960 1280 5026 θάνατος
1307 4964 1561 5034 εἰσῆλθεν
1584 4966 1667 5030 είς
1706 4968 1801 5019 τὸν

212 5050 443 5119 κόσμον,
494 5049 564 5102 δι’
613 5050 907 5121 ἀνθρώπου
954 5054 1046 5106 καὶ
1075 5056 1109 5121 ὴ
1142 5053 1256 5125 ζωὴ
1316 5056 1689 5126 παρεγένετοο
1716 5076 1803 5113 νε-

210 5140 349 5213 κροῦ
395 5142 475 5207 δὲ,
514 5142 603 5209 ἵνα
630 5144 881 5214 νεκρωοῇ
921 5145 982 5197 τὸ
1012 5147 1263 5219 νεκροῦν.

282 5230 471 5284 Εἰπὼν
510 5232 587 5297 δὲ,
619 5232 701 5286 ὅτι
749 5234 876 5288 Ἵνα
913 5233 1031 5299 πᾶς
1058 5238 1091 5288 ό
1153 5239 1456 5291 πιστεύων
1484 5243 1573 5306 εἰς
1610 5243 1801 5296 αὐτὸν

205 5320 293 5391 μὴ
362 5322 688 5392 ἀπόληται,
752 5325 893 5379 ἀλλ’
946 5325 1059 5397 ἔχῃ
1134 5324 1246 5399 (35)
1310 5328 1464 5400 ζωὴν
1513 5332 1795 5387 αἰώνιον·

315 5468 358 5501 ⁸³
392 5470 413 5523 l
445 5467 573 5525 Cor.
609 5486 648 5537 ι,
685 5472 773 5525 15.
886 5473 933 5504 ⁸⁸
955 5473 1118 5531 Num.
1154 5491 1267 5531 ut.
1301 5477 1357 5543 8,
1388 5477 1442 5531 9.

1830 4554 1883 4613 Ι)

1913 3287 2158 3356 corporis
2201 3285 2428 3350 Christi,
2480 3284 2604 3339 duri
2636 3300 2701 3340 ac
2733 3283 2910 3339 severi
2950 3294 3139 3338 contra
3179 3293 3505 3354 peccatum:

1912 3383 2002 3437 ille
2036 3383 2241 3452 absque
2268 3395 2503 3444 veneno,
2527 3389 2583 3435 et
2619 3379 2707 3434 hic
2738 3379 2855 3435 sine
2886 3395 3098 3435 veneno
3132 3380 3339 3450 peccati
3370 3399 3381 3433 :
3420 3381 3509 3433 ille

1913 3476 1968 3529 in
1989 3476 2137 3547 ligno
2173 3476 2439 3540 elevatus,
2461 3482 2515 3528 et
2538 3474 2627 3527 hic
2658 3473 2713 3527 in
2773 3472 2921 3543 ligno
2966 3474 3149 3528 erucis
3201 3474 3527 3547 exaltatus;_

1913 3567 2002 3622 ille
2032 3568 2229 3622 morsis
2252 3582 2281 3620 a
2307 3577 2561 3637 serpente
2588 3574 2644 3620 et
2673 3566 2728 3619 in
2762 3581 2822 3620 se
2864 3564 3281 3620 intendentibus
3341 3565 3505 3618 vitam

1913 3660 2190 3731 praebens,
2214 3660 2305 3714 hic
2322 3659 2520 3714 morsis
2537 3674 2566 3713 a
2587 3657 2938 3727 serpentibus
2954 3657 3313 3726 spritualibus
3338 3656 3507 3710 vitam

1914 3754 2161 3810 tribuens
2192 3751 2578 3823 sempiternam
2603 3792 2616 3813 ,
2652 3750 2698 3805 si
2739 3750 2845 3805 lide
2879 3750 2933 3804 in
2966 3750 3142 3820 ipsum
3204 3749 3527 3806 intendanta.

1986 4039 2221 4111 Propter
2254 4041 2357 4096 hoc
2381 4056 2512 4111 ergo
2546 4055 2642 4109 per
2682 4039 3104 4093 similitudinem
3139 4040 3277 4093 dixit
3312 4056 3325 4093 :
3361 4039 3509 4094 Sicut

1910 4133 2075 4187 Moses
2106 4132 2359 4188 exultavit
2381 4141 2694 4202 serpentem,
2724 4142 2778 4185 et
2804 4141 3023 4185 emtera.
3053 4131 3257 4186 Deinde
3286 4147 3506 4187 causam

1909 4226 2062 4281 addit
2121 4225 2246 4281 talis
2286 4225 2655 4280 exaltationis,
2717 4224 2872 4278 Sieut
2925 4223 3073 4279 enim
3127 4224 3366 4278 elevavit
3417 4224 3510 4278 ille

1910 4330 2225 4390 serpentem
2251 4329 2311 4373 ut
2346 4319 2398 4372 in
2434 4334 2559 4372 eum
2603 4315 2952 4372 intendentes
2997 4317 3162 4371 vitam
3194 4316 3462 4371 haberent
3491 4358 3505 4377 ,

1911 4415 1983 4467 ita
2023 4422 2078 4466 et
2112 4413 2202 4466 hic
2228 4412 2495 4465 cxaltatus
2527 4418 2609 4465 est
2646 4419 2703 4463 ut
2737 4410 2791 4463 in
2822 4424 2948 4463 eum
3002 4408 3359 4464 intendentes
3390 4408 3508 4463 sive

1910 4503 2403 4566 credentes,vitam
2435 4501 3099 4571 habeantsempiternam.
3130 4498 3239 4555 Sed
3269 4500 3343 4556 ibi
3375 4516 3509 4557 sane

1910 4611 2140 4665 serpens
2192 4602 2419 4665 propter
2456 4602 2742 4664 serpentes
2787 4592 3126 4657 mordentes,
3185 4591 3276 4647 hic
3320 4601 3505 4647 autem

1908 4688 2071 4742 homo
2125 4694 2350 4757 propter
2392 4685 2645 4740 homines
2695 4699 2929 4739 morsos.
2996 4684 3073 4737 lbi
3112 4684 3242 4753 quia
3284 4694 3508 4753 propter

1905 4790 2192 4850 serpentes
2225 4785 2554 4848 provenerat
2583 4785 3002 4837 nocumentum,
3057 4790 3154 4845 per
3186 4784 3505 4844 serpentem

1904 4884 2025 4929 erat
2063 4882 2117 4928 et
2167 4888 2300 4927 cura
2343 4890 2357 4925 :
2402 4871 2493 4925 hic
2527 4885 2677 4936 vero,
2737 4868 2997 4939 quoniam
3063 4884 3158 4937 per
3225 4867 3505 4920 hominem

1906 4967 2132 5022 intravit
2156 4980 2305 5019 mors
2340 4963 2393 5017 in
2424 4962 2715 5027 mundum,
2748 4962 2911 5015 datur
2942 4970 2999 5013 et
3043 4960 3153 5012 vita
3190 4975 3287 5028 per
3324 4958 3505 5012 homi-

1908 5076 2031 5115 nem
2055 5071 2326 5128 ;eumque
2358 5068 2658 5119 mortuum,
2721 5064 2781 5109 ut
2802 5054 2847 5108 is
2868 5053 2963 5124 qui
2996 5060 3230 5107 mortem
3270 5051 3508 5105 induxe-

1908 5168 1963 5204 ra
1974 5160 1992 5205 ι
2004 5194 2013 5209 .
2042 5159 2375 5206 moreretur.

1978 5245 2176 5298 Dicens
2193 5252 2376 5297 autem
2401 5261 2414 5296 :
2449 5242 2510 5298 Ut
2547 5242 2719 5295 omnis
2747 5241 2836 5311 qui
2855 5239 3019 5294 credit
3041 5239 3093 5291 in
3112 5255 3232 5293 eum
3260 5253 3361 5290 non
3387 5251 3508 5304 per-

1905 5346 2011 5399 eat,
2062 5336 2152 5390 sed
2186 5334 2380 5390 habeat
2443 5335 2604 5389 vitam
2644 5342 2922 5401 (sternam,
2958 5330 3187 5385 omnino
3222 5344 3285 5385 se
3334 5326 3505 5382 Deum

1378 5631 1582 5695 Varias
1624 5631 1934 5696 lectiones
1974 5642 2036 5696 et
2070 5641 2261 5698 notae.

278 5798 487 5867 (53)οὐ
525 5799 619 5851 xa‘t
650 5798 914 5873 ἐλάττονα
975 5802 1170 5870 ἑτέραν
1229 5801 1356 5873 (hic
1410 5812 1495 5856 est
1558 5800 1790 5873 spatium

207 5872 433 5925 vacuum
474 5872 713 5941 quinque
745 5872 1075 5943 litterarum)
1126 5875 1225 5943 τὴν
1258 5872 1345 5925 6ιά
1401 5874 1466 5928 Δ.

1976 5804 2090 5872 (54)
2124 5807 2349 5875 Ἔχουσι
2392 5810 2448 5859 Χ.

1964 5875 2079 5946 (55)
2116 5878 2265 5948 Ἔχει
2302 5881 2364 5931 Α.
