  <div class='ocr_page' id='page_1' title='image "/cluster/home/n/w/nwhite01/storage/ocr_20150623/129/ien.35556001660034/589.png"; bbox 0 0 4010 6552; ppageno 0'>
   <div class='ocr_carea' id='block_1_1' title="bbox 412 363 547 429">
    <p class='ocr_par' dir='ltr' id='par_1_1' title="bbox 412 363 547 429">
     <span class='ocr_line' id='line_1_1' title="bbox 412 363 547 429; baseline -0.007 0"><span class='ocrx_word' id='word_1_1' title='bbox 412 363 547 429; x_wconf 83' lang='lat'><strong>1.79</strong></span> 
     </span>
    </p>
   </div>
   <div class='ocr_carea' id='block_1_2' title="bbox 1630 364 2417 428">
    <p class='ocr_par' dir='ltr' id='par_1_2' title="bbox 1630 364 2417 428">
     <span class='ocr_line' id='line_1_2' title="bbox 1630 364 2417 428; baseline -0.005 -1"><span class='ocrx_word' id='word_1_2' title='bbox 1630 366 1837 428; x_wconf 84' lang='lat' dir='ltr'><strong>EUTH</strong></span> <span class='ocrx_word' id='word_1_3' title='bbox 1851 366 1944 424; x_wconf 80' lang='lat' dir='ltr'><strong>YM</strong></span> <span class='ocrx_word' id='word_1_4' title='bbox 1961 364 2010 423; x_wconf 81' lang='lat' dir='ltr'><strong>ll</strong></span> <span class='ocrx_word' id='word_1_5' title='bbox 2055 364 2227 423; x_wconf 85' lang='lat' dir='ltr'><strong>ZlGA</strong></span> <span class='ocrx_word' id='word_1_6' title='bbox 2242 365 2417 428; x_wconf 85' lang='lat' dir='ltr'><strong>BENI</strong></span> 
     </span>
    </p>
   </div>
   <div class='ocr_carea' id='block_1_3' title="bbox 3552 354 3679 418">
    <p class='ocr_par' dir='ltr' id='par_1_3' title="bbox 3552 354 3679 418">
     <span class='ocr_line' id='line_1_3' title="bbox 3552 354 3679 418; baseline -0.008 -1"><span class='ocrx_word' id='word_1_7' title='bbox 3552 354 3679 418; x_wconf 73' lang='lat'><strong>1180</strong></span> 
     </span>
    </p>
   </div>
   <div class='ocr_carea' id='block_1_4' title="bbox 408 464 2038 548">
    <p class='ocr_par' dir='ltr' id='par_1_4' title="bbox 408 478 2017 548">
     <span class='ocr_line' id='line_1_4' title="bbox 408 478 2017 548; baseline -0.002 -15"><span class='ocrx_word' id='word_1_8' title='bbox 408 478 830 547; x_wconf 86' lang='lat' dir='ltr'><strong>co&#39;loquentem,</strong></span> <span class='ocrx_word' id='word_1_9' title='bbox 869 479 1129 548; x_wconf 82' lang='lat' dir='ltr'><strong>illamque</strong></span> <span class='ocrx_word' id='word_1_10' title='bbox 1181 488 1603 548; x_wconf 87' lang='lat' dir='ltr'><strong>componentem</strong></span> <span class='ocrx_word' id='word_1_11' title='bbox 1642 494 1706 532; x_wconf 88' lang='lat' dir='ltr'><strong>ac</strong></span> <span class='ocrx_word' id='word_1_12' title='bbox 1738 478 2017 531; x_wconf 66' lang='lat' dir='ltr'><strong>instruen-</strong></span> 
     </span>
    </p>
   </div>
   <div class='ocr_carea' id='block_1_5' title="bbox 2154 464 3681 548">
    <p class='ocr_par' dir='ltr' id='par_1_5' title="bbox 2162 464 3681 541">
     <span class='ocr_line' id='line_1_5' title="bbox 2162 464 3681 541; baseline -0.007 -16"><span class='ocrx_word' id='word_1_13' title='bbox 2162 474 2407 541; x_wconf 75' lang='grc' dir='ltr'>μίζοντος</span> <span class='ocrx_word' id='word_1_14' title='bbox 2438 468 2605 539; x_wconf 77' lang='grc' dir='ltr'>αὐτὴν</span> <span class='ocrx_word' id='word_1_15' title='bbox 2635 469 2728 523; x_wconf 69' lang='grc' dir='ltr'><strong>καὶ</strong></span> <span class='ocrx_word' id='word_1_16' title='bbox 2760 466 3130 531; x_wconf 77' lang='grc' dir='ltr'><strong>παιδεύοντος,</strong></span> <span class='ocrx_word' id='word_1_17' title='bbox 3157 464 3331 536; x_wconf 76' lang='grc' dir='ltr'>χαίρω</span> <span class='ocrx_word' id='word_1_18' title='bbox 3351 464 3439 519; x_wconf 79' lang='grc' dir='ltr'>διὰ</span> <span class='ocrx_word' id='word_1_19' title='bbox 3460 464 3555 533; x_wconf 80' lang='grc' dir='ltr'><strong>τὴν</strong></span> <span class='ocrx_word' id='word_1_20' title='bbox 3574 481 3681 531; x_wconf 81' lang='grc' dir='ltr'>φωο</span> 
     </span>
    </p>
   </div>
   <div class='ocr_carea' id='block_1_6' title="bbox 411 569 2006 642">
    <p class='ocr_par' dir='ltr' id='par_1_6' title="bbox 411 569 2006 642">
     <span class='ocr_line' id='line_1_6' title="bbox 411 569 2006 642; baseline -0.003 -16"><span class='ocrx_word' id='word_1_21' title='bbox 411 579 543 634; x_wconf 80' lang='lat' dir='ltr'><strong>tem,</strong></span> <span class='ocrx_word' id='word_1_22' title='bbox 584 572 798 641; x_wconf 78' lang='lat' dir='ltr'><strong>gaudeo</strong></span> <span class='ocrx_word' id='word_1_23' title='bbox 838 586 1062 641; x_wconf 76' lang='lat' dir='ltr'><strong>propter</strong></span> <span class='ocrx_word' id='word_1_24' title='bbox 1112 572 1253 628; x_wconf 84' lang='lat' dir='ltr'><strong>hanc</strong></span> <span class='ocrx_word' id='word_1_25' title='bbox 1294 574 1412 642; x_wconf 87' lang='lat' dir='ltr'><strong>ejus</strong></span> <span class='ocrx_word' id='word_1_26' title='bbox 1452 586 1665 637; x_wconf 82' lang='lat' dir='ltr'><strong>vocem,</strong></span> <span class='ocrx_word' id='word_1_27' title='bbox 1702 587 1823 640; x_wconf 71' lang='lat' dir='ltr'><strong>qua:</strong></span> <span class='ocrx_word' id='word_1_28' title='bbox 1868 569 2006 623; x_wconf 82' lang='lat' dir='ltr'><strong>adeo</strong></span> 
     </span>
    </p>
   </div>
   <div class='ocr_carea' id='block_1_7' title="bbox 412 664 1581 730">
    <p class='ocr_par' dir='ltr' id='par_1_7' title="bbox 412 664 1581 730">
     <span class='ocr_line' id='line_1_7' title="bbox 412 664 1581 730; baseline -0.003 -10"><span class='ocrx_word' id='word_1_29' title='bbox 412 664 590 721; x_wconf 79' lang='lat' dir='ltr'><strong>dulcis</strong></span> <span class='ocrx_word' id='word_1_30' title='bbox 620 673 727 730; x_wconf 75' lang='lat' dir='ltr'><strong>est,</strong></span> <span class='ocrx_word' id='word_1_31' title='bbox 769 665 904 719; x_wconf 90' lang='lat' dir='ltr'><strong>adeo</strong></span> <span class='ocrx_word' id='word_1_32' title='bbox 927 665 1289 729; x_wconf 78' lang='lat' dir='ltr'><strong>ellicax,adeo</strong></span> <span class='ocrx_word' id='word_1_33' title='bbox 1309 664 1581 718; x_wconf 87' lang='lat' dir='ltr'><strong>salutaris.</strong></span> 
     </span>
    </p>
   </div>
   <div class='ocr_carea' id='block_1_8' title="bbox 487 843 2009 914">
    <p class='ocr_par' dir='ltr' id='par_1_8' title="bbox 487 843 2009 914">
     <span class='ocr_line' id='line_1_8' title="bbox 487 843 2009 914; baseline -0.003 -18"><span class='ocrx_word' id='word_1_34' title='bbox 487 844 642 898; x_wconf 78' lang='lat' dir='ltr'><strong>Vers.</strong></span> <span class='ocrx_word' id='word_1_35' title='bbox 679 845 770 899; x_wconf 73' lang='lat'><strong>29.</strong></span> <span class='ocrx_word' id='word_1_36' title='bbox 802 843 917 899; x_wconf 83' lang='lat' dir='ltr'><strong>Hoc</strong></span> <span class='ocrx_word' id='word_1_37' title='bbox 946 877 1014 889; x_wconf 82' lang='lat'><strong>-——</strong></span> <span class='ocrx_word' id='word_1_38' title='bbox 1045 846 1315 914; x_wconf 75' lang='lat' dir='ltr'><strong>impletum</strong></span> <span class='ocrx_word' id='word_1_39' title='bbox 1353 855 1451 899; x_wconf 78' lang='lat' dir='ltr'><strong>est.</strong></span> <span class='ocrx_word' id='word_1_40' title='bbox 1486 843 1620 898; x_wconf 90' lang='lat' dir='ltr'><strong>Cum</strong></span> <span class='ocrx_word' id='word_1_41' title='bbox 1652 843 1723 896; x_wconf 86' lang='lat' dir='ltr'><strong>illi</strong></span> <span class='ocrx_word' id='word_1_42' title='bbox 1754 854 2009 911; x_wconf 88' lang='lat' dir='ltr'><strong>sponsam</strong></span> 
     </span>
    </p>
   </div>
   <div class='ocr_carea' id='block_1_9' title="bbox 417 923 2011 989">
    <p class='ocr_par' dir='ltr' id='par_1_9' title="bbox 417 923 2011 989">
     <span class='ocr_line' id='line_1_9' title="bbox 417 923 2011 989; baseline -0.003 -8"><span class='ocrx_word' id='word_1_43' title='bbox 417 928 851 989; x_wconf 86' lang='lat' dir='ltr'><strong>tradiderim.ac</strong></span> <span class='ocrx_word' id='word_1_44' title='bbox 876 931 1228 984; x_wconf 61' lang='lat' dir='ltr'><strong>commissum</strong></span> <span class='ocrx_word' id='word_1_45' title='bbox 1258 930 1388 982; x_wconf 88' lang='lat' dir='ltr'><strong>mihi</strong></span> <span class='ocrx_word' id='word_1_46' title='bbox 1415 927 1802 987; x_wconf 68' lang='lat' dir='ltr'><strong>ministerium,</strong></span> <span class='ocrx_word' id='word_1_47' title='bbox 1838 935 1898 978; x_wconf 92' lang='lat' dir='ltr'><strong>ut</strong></span> <span class='ocrx_word' id='word_1_48' title='bbox 1930 923 2011 978; x_wconf 88' lang='lat' dir='ltr'><strong>di-</strong></span> 
     </span>
    </p>
   </div>
   <div class='ocr_carea' id='block_1_10' title="bbox 418 1020 2009 1092">
    <p class='ocr_par' dir='ltr' id='par_1_10' title="bbox 418 1020 2009 1092">
     <span class='ocr_line' id='line_1_10' title="bbox 418 1020 2009 1092; baseline -0.003 -18"><span class='ocrx_word' id='word_1_49' title='bbox 418 1032 564 1074; x_wconf 70' lang='lat' dir='ltr'><strong>ctum</strong></span> <span class='ocrx_word' id='word_1_50' title='bbox 592 1028 694 1086; x_wconf 76' lang='lat' dir='ltr'><strong>est,</strong></span> <span class='ocrx_word' id='word_1_51' title='bbox 720 1022 1074 1090; x_wconf 72' lang='lat' dir='ltr'><strong>impleverim.</strong></span> <span class='ocrx_word' id='word_1_52' title='bbox 1091 1020 1167 1075; x_wconf 81' lang='lat' dir='ltr'><strong>Illi</strong></span> <span class='ocrx_word' id='word_1_53' title='bbox 1192 1037 1320 1092; x_wconf 89' lang='lat' dir='ltr'><strong>ergo</strong></span> <span class='ocrx_word' id='word_1_54' title='bbox 1343 1022 1603 1091; x_wconf 77' lang='lat' dir='ltr'><strong>putabant</strong></span> <span class='ocrx_word' id='word_1_55' title='bbox 1621 1028 2009 1090; x_wconf 66' lang='lat' dir='ltr'><strong>praeceptorem</strong></span> 
     </span>
    </p>
   </div>
   <div class='ocr_carea' id='block_1_11' title="bbox 420 1110 2011 1183">
    <p class='ocr_par' dir='ltr' id='par_1_11' title="bbox 420 1110 2011 1183">
     <span class='ocr_line' id='line_1_11' title="bbox 420 1110 2011 1183; baseline -0.003 -17"><span class='ocrx_word' id='word_1_56' title='bbox 420 1127 579 1166; x_wconf 90' lang='lat' dir='ltr'><strong>suum</strong></span> <span class='ocrx_word' id='word_1_57' title='bbox 619 1113 1083 1183; x_wconf 82' lang='lat' dir='ltr'><strong>exasperandum,</strong></span> <span class='ocrx_word' id='word_1_58' title='bbox 1148 1122 1201 1167; x_wconf 88' lang='lat' dir='ltr'><strong>et</strong></span> <span class='ocrx_word' id='word_1_59' title='bbox 1231 1114 1297 1167; x_wconf 86' lang='lat' dir='ltr'><strong>ad</strong></span> <span class='ocrx_word' id='word_1_60' title='bbox 1336 1113 1739 1169; x_wconf 61' lang='lat' dir='ltr'><strong>wmulatiouem</strong></span> <span class='ocrx_word' id='word_1_61' title='bbox 1787 1110 2011 1164; x_wconf 68' lang='lat' dir='ltr'><strong>irritan-</strong></span> 
     </span>
    </p>
   </div>
   <div class='ocr_carea' id='block_1_12' title="bbox 419 1204 2011 1276">
    <p class='ocr_par' dir='ltr' id='par_1_12' title="bbox 419 1204 2011 1276">
     <span class='ocr_line' id='line_1_12' title="bbox 419 1204 2011 1276; baseline -0.002 -17"><span class='ocrx_word' id='word_1_62' title='bbox 419 1204 550 1259; x_wconf 87' lang='lat' dir='ltr'><strong>dum</strong></span> <span class='ocrx_word' id='word_1_63' title='bbox 592 1224 605 1259; x_wconf 90' lang='lat'><strong>:</strong></span> <span class='ocrx_word' id='word_1_64' title='bbox 643 1207 759 1275; x_wconf 92' lang='lat' dir='ltr'><strong>ipse</strong></span> <span class='ocrx_word' id='word_1_65' title='bbox 828 1222 981 1270; x_wconf 77' lang='lat' dir='ltr'><strong>vero,</strong></span> <span class='ocrx_word' id='word_1_66' title='bbox 1011 1222 1136 1260; x_wconf 91' lang='lat' dir='ltr'><strong>cum</strong></span> <span class='ocrx_word' id='word_1_67' title='bbox 1175 1206 1427 1276; x_wconf 74' lang='lat' dir='ltr'><strong>praedicta</strong></span> <span class='ocrx_word' id='word_1_68' title='bbox 1462 1206 1689 1260; x_wconf 78' lang='lat' dir='ltr'><strong>diceret.</strong></span> <span class='ocrx_word' id='word_1_69' title='bbox 1754 1204 2011 1269; x_wconf 63' lang='lat' dir='ltr'><strong>ostendit,</strong></span> 
     </span>
    </p>
   </div>
   <div class='ocr_carea' id='block_1_13' title="bbox 420 1296 2013 1367">
    <p class='ocr_par' dir='ltr' id='par_1_13' title="bbox 420 1296 2013 1367">
     <span class='ocr_line' id='line_1_13' title="bbox 420 1296 2013 1367; baseline 0.002 -20"><span class='ocrx_word' id='word_1_70' title='bbox 420 1300 564 1365; x_wconf 64' lang='lat' dir='ltr'><strong>quoi</strong></span> <span class='ocrx_word' id='word_1_71' title='bbox 607 1313 717 1353; x_wconf 94' lang='lat' dir='ltr'><strong>non</strong></span> <span class='ocrx_word' id='word_1_72' title='bbox 759 1299 939 1353; x_wconf 84' lang='lat' dir='ltr'><strong>solum</strong></span> <span class='ocrx_word' id='word_1_73' title='bbox 988 1314 1098 1353; x_wconf 89' lang='lat' dir='ltr'><strong>non</strong></span> <span class='ocrx_word' id='word_1_74' title='bbox 1136 1299 1486 1353; x_wconf 44' lang='lat' dir='ltr'><strong>simularetur</strong></span> <span class='ocrx_word' id='word_1_75' title='bbox 1540 1314 1666 1353; x_wconf 91' lang='lat' dir='ltr'><strong>eum</strong></span> <span class='ocrx_word' id='word_1_76' title='bbox 1701 1299 1791 1367; x_wconf 81' lang='lat' dir='ltr'><strong>qui</strong></span> <span class='ocrx_word' id='word_1_77' title='bbox 1841 1296 2013 1367; x_wconf 88' lang='lat' dir='ltr'><strong>gloria</strong></span> 
     </span>
    </p>
   </div>
   <div class='ocr_carea' id='block_1_14' title="bbox 423 1389 2016 1460">
    <p class='ocr_par' dir='ltr' id='par_1_14' title="bbox 423 1389 2016 1460">
     <span class='ocr_line' id='line_1_14' title="bbox 423 1389 2016 1460; baseline 0.001 -19"><span class='ocrx_word' id='word_1_78' title='bbox 423 1396 731 1455; x_wconf 87' lang='lat' dir='ltr'><strong>superaret,</strong></span> <span class='ocrx_word' id='word_1_79' title='bbox 765 1389 859 1444; x_wconf 88' lang='lat' dir='ltr'><strong>sed</strong></span> <span class='ocrx_word' id='word_1_80' title='bbox 884 1389 1145 1459; x_wconf 69' lang='lat' dir='ltr'><strong>gauderet</strong></span> <span class='ocrx_word' id='word_1_81' title='bbox 1166 1390 1353 1460; x_wconf 87' lang='lat' dir='ltr'><strong>potius</strong></span> <span class='ocrx_word' id='word_1_82' title='bbox 1380 1397 1439 1443; x_wconf 92' lang='lat' dir='ltr'><strong>ut</strong></span> <span class='ocrx_word' id='word_1_83' title='bbox 1468 1389 1561 1459; x_wconf 87' lang='lat' dir='ltr'><strong>qui</strong></span> <span class='ocrx_word' id='word_1_84' title='bbox 1591 1389 1695 1445; x_wconf 84' lang='lat' dir='ltr'><strong>hoc</strong></span> <span class='ocrx_word' id='word_1_85' title='bbox 1723 1402 2016 1458; x_wconf 86' lang='lat' dir='ltr'><strong>procuras-</strong></span> 
     </span>
    </p>
   </div>
   <div class='ocr_carea' id='block_1_15' title="bbox 425 1478 1638 1553">
    <p class='ocr_par' dir='ltr' id='par_1_15' title="bbox 425 1478 1638 1553">
     <span class='ocr_line' id='line_1_15' title="bbox 425 1478 1638 1553; baseline 0 -18"><span class='ocrx_word' id='word_1_86' title='bbox 425 1491 528 1535; x_wconf 93' lang='lat' dir='ltr'><strong>set.</strong></span> <span class='ocrx_word' id='word_1_87' title='bbox 569 1478 780 1537; x_wconf 80' lang='lat' dir='ltr'><strong>Deinde</strong></span> <span class='ocrx_word' id='word_1_88' title='bbox 810 1482 974 1537; x_wconf 89' lang='lat' dir='ltr'><strong>etiam</strong></span> <span class='ocrx_word' id='word_1_89' title='bbox 1010 1482 1081 1537; x_wconf 89' lang='lat' dir='ltr'><strong>de</strong></span> <span class='ocrx_word' id='word_1_90' title='bbox 1115 1481 1302 1537; x_wconf 80' lang='lat' dir='ltr'><strong>futuro</strong></span> <span class='ocrx_word' id='word_1_91' title='bbox 1323 1483 1638 1553; x_wconf 80' lang='lat' dir='ltr'><strong>prOphetat.</strong></span> 
     </span>
    </p>
   </div>
   <div class='ocr_carea' id='block_1_16' title="bbox 509 1656 2019 1736">
    <p class='ocr_par' dir='ltr' id='par_1_16' title="bbox 509 1656 2019 1736">
     <span class='ocr_line' id='line_1_16' title="bbox 509 1656 2019 1736; baseline 0.003 -22"><span class='ocrx_word' id='word_1_92' title='bbox 509 1656 660 1718; x_wconf 81' lang='lat' dir='ltr'><strong>Vers.</strong></span> <span class='ocrx_word' id='word_1_93' title='bbox 691 1662 784 1718; x_wconf 79' lang='lat'><strong>30.</strong></span> <span class='ocrx_word' id='word_1_94' title='bbox 809 1662 972 1717; x_wconf 84' lang='lat' dir='ltr'><strong>Illum</strong></span> <span class='ocrx_word' id='word_1_95' title='bbox 1013 1664 1269 1718; x_wconf 88' lang='lat' dir='ltr'><strong>—miuui.</strong></span> <span class='ocrx_word' id='word_1_96' title='bbox 1317 1662 1482 1718; x_wconf 81' lang='lat' dir='ltr'><strong>Minui</strong></span> <span class='ocrx_word' id='word_1_97' title='bbox 1518 1664 2019 1736; x_wconf 87' lang='lat' dir='ltr'><strong>:quemadmodum</strong></span> 
     </span>
    </p>
   </div>
   <div class='ocr_carea' id='block_1_17' title="bbox 427 1748 932 1805">
    <p class='ocr_par' dir='ltr' id='par_1_17' title="bbox 427 1748 932 1805">
     <span class='ocr_line' id='line_1_17' title="bbox 427 1748 932 1805; baseline 0.004 -3"><span class='ocrx_word' id='word_1_98' title='bbox 427 1748 624 1804; x_wconf 81' lang='lat' dir='ltr'><strong>lucifer</strong></span> <span class='ocrx_word' id='word_1_99' title='bbox 646 1760 766 1805; x_wconf 90' lang='lat' dir='ltr'><strong>orto</strong></span> <span class='ocrx_word' id='word_1_100' title='bbox 797 1750 932 1805; x_wconf 86' lang='lat' dir='ltr'><strong>sole.</strong></span> 
     </span>
    </p>
   </div>
   <div class='ocr_carea' id='block_1_18' title="bbox 2120 554 3678 632">
    <p class='ocr_par' dir='ltr' id='par_1_18' title="bbox 2120 554 3678 632">
     <span class='ocr_line' id='line_1_18' title="bbox 2120 554 3678 632; baseline -0.005 -15"><span class='ocrx_word' id='word_1_101' title='bbox 2120 566 2217 632; x_wconf 81' lang='grc' dir='ltr'><strong>νὴν</strong></span> <span class='ocrx_word' id='word_1_102' title='bbox 2254 563 2441 629; x_wconf 78' lang='grc' dir='ltr'>αὐτοῦ,</span> <span class='ocrx_word' id='word_1_103' title='bbox 2471 564 2571 631; x_wconf 74' lang='grc' dir='ltr'>τὴν</span> <span class='ocrx_word' id='word_1_104' title='bbox 2600 560 2743 615; x_wconf 81' lang='grc' dir='ltr'>οὕτω</span> <span class='ocrx_word' id='word_1_105' title='bbox 2790 560 3071 628; x_wconf 76' lang='grc' dir='ltr'>γλυκεῖαν,</span> <span class='ocrx_word' id='word_1_106' title='bbox 3120 557 3221 629; x_wconf 81' lang='grc' dir='ltr'>τὴν</span> <span class='ocrx_word' id='word_1_107' title='bbox 3262 554 3435 618; x_wconf 70' lang='grc' dir='ltr'>οὕτως</span> <span class='ocrx_word' id='word_1_108' title='bbox 3481 556 3678 627; x_wconf 67' lang='grc' dir='ltr'>ἐπέρα-</span> 
     </span>
    </p>
   </div>
   <div class='ocr_carea' id='block_1_19' title="bbox 2120 656 2897 727">
    <p class='ocr_par' dir='ltr' id='par_1_19' title="bbox 2120 656 2897 727">
     <span class='ocr_line' id='line_1_19' title="bbox 2120 656 2897 727; baseline -0.008 -15"><span class='ocrx_word' id='word_1_109' title='bbox 2120 677 2263 724; x_wconf 76' lang='grc' dir='ltr'>στον,</span> <span class='ocrx_word' id='word_1_110' title='bbox 2302 658 2399 727; x_wconf 76' lang='grc' dir='ltr'><strong>τὴν</strong></span> <span class='ocrx_word' id='word_1_111' title='bbox 2436 656 2578 710; x_wconf 77' lang='grc' dir='ltr'>οὕτω</span> <span class='ocrx_word' id='word_1_112' title='bbox 2608 657 2897 725; x_wconf 76' lang='grc' dir='ltr'>σωτήριον.</span> 
     </span>
    </p>
   </div>
   <div class='ocr_carea' id='block_1_20' title="bbox 2190 826 3689 901">
    <p class='ocr_par' dir='ltr' id='par_1_20' title="bbox 2190 826 3689 901">
     <span class='ocr_line' id='line_1_20' title="bbox 2190 826 3689 901; baseline -0.008 -12"><span class='ocrx_word' id='word_1_113' title='bbox 2190 836 2354 901; x_wconf 80' lang='grc' dir='ltr'><strong>Αὕτη</strong></span> <span class='ocrx_word' id='word_1_114' title='bbox 2391 863 2456 875; x_wconf 88' lang='lat'><strong>-—</strong></span> <span class='ocrx_word' id='word_1_115' title='bbox 2494 831 2898 901; x_wconf 67' lang='grc' dir='ltr'><strong>πεπλήρωται.</strong></span> <span class='ocrx_word' id='word_1_116' title='bbox 2950 830 3291 897; x_wconf 67' lang='grc' dir='ltr'>Παραδὸντος</span> <span class='ocrx_word' id='word_1_117' title='bbox 3354 828 3547 898; x_wconf 77' lang='grc' dir='ltr'>ἐκείνῳ</span> <span class='ocrx_word' id='word_1_118' title='bbox 3596 826 3689 897; x_wconf 72' lang='grc' dir='ltr'>τὴν</span> 
     </span>
    </p>
   </div>
   <div class='ocr_carea' id='block_1_21' title="bbox 2119 920 3694 996">
    <p class='ocr_par' dir='ltr' id='par_1_21' title="bbox 2119 920 3694 996">
     <span class='ocr_line' id='line_1_21' title="bbox 2119 920 3694 996; baseline -0.006 -15"><span class='ocrx_word' id='word_1_119' title='bbox 2119 928 2361 996; x_wconf 74' lang='grc' dir='ltr'><strong>νύμφην,</strong></span> <span class='ocrx_word' id='word_1_120' title='bbox 2398 927 2493 980; x_wconf 76' lang='grc' dir='ltr'><strong>καὶ</strong></span> <span class='ocrx_word' id='word_1_121' title='bbox 2526 923 2978 995; x_wconf 72' lang='grc' dir='ltr'>πεπληρωκότος,</span> <span class='ocrx_word' id='word_1_122' title='bbox 3020 920 3095 983; x_wconf 78' lang='grc' dir='ltr'><strong>ὡς</strong></span> <span class='ocrx_word' id='word_1_123' title='bbox 3123 922 3367 992; x_wconf 73' lang='grc' dir='ltr'>εἴρηται,</span> <span class='ocrx_word' id='word_1_124' title='bbox 3394 921 3491 991; x_wconf 78' lang='grc' dir='ltr'><strong>τὴν</strong></span> <span class='ocrx_word' id='word_1_125' title='bbox 3519 922 3694 989; x_wconf 73' lang='grc' dir='ltr'>ἔγχει-</span> 
     </span>
    </p>
   </div>
   <div class='ocr_carea' id='block_1_22' title="bbox 2124 1009 3695 1089">
    <p class='ocr_par' dir='ltr' id='par_1_22' title="bbox 2124 1009 3695 1089">
     <span class='ocr_line' id='line_1_22' title="bbox 2124 1009 3695 1089; baseline -0.004 -20"><span class='ocrx_word' id='word_1_126' title='bbox 2124 1019 2403 1089; x_wconf 79' lang='grc' dir='ltr'>ρισθεῖσαν</span> <span class='ocrx_word' id='word_1_127' title='bbox 2437 1035 2528 1088; x_wconf 84' lang='grc' dir='ltr'>μοι</span> <span class='ocrx_word' id='word_1_128' title='bbox 2582 1015 2885 1070; x_wconf 73' lang='grc' dir='ltr'><strong>διακονίαν.</strong></span> <span class='ocrx_word' id='word_1_129' title='bbox 2930 1015 3161 1067; x_wconf 84' lang='grc' dir='ltr'>Ἐκεῖνοι</span> <span class='ocrx_word' id='word_1_130' title='bbox 3226 1013 3325 1084; x_wconf 80' lang='grc' dir='ltr'><strong>μὲν</strong></span> <span class='ocrx_word' id='word_1_131' title='bbox 3378 1009 3473 1067; x_wconf 81' lang='grc' dir='ltr'><strong>οὖν</strong></span> <span class='ocrx_word' id='word_1_132' title='bbox 3527 1010 3695 1082; x_wconf 75' lang='grc' dir='ltr'>ᾠοντο</span> 
     </span>
    </p>
   </div>
   <div class='ocr_carea' id='block_1_23' title="bbox 2122 1104 3701 1181">
    <p class='ocr_par' dir='ltr' id='par_1_23' title="bbox 2122 1104 3701 1181">
     <span class='ocr_line' id='line_1_23' title="bbox 2122 1104 3701 1181; baseline -0.006 -16"><span class='ocrx_word' id='word_1_133' title='bbox 2122 1112 2482 1181; x_wconf 77' lang='grc' dir='ltr'>παρακνίζειν</span> <span class='ocrx_word' id='word_1_134' title='bbox 2534 1110 2624 1163; x_wconf 71' lang='grc' dir='ltr'><strong>τὸν</strong></span> <span class='ocrx_word' id='word_1_135' title='bbox 2655 1107 2981 1163; x_wconf 79' lang='grc' dir='ltr'>διδάσκαλον</span> <span class='ocrx_word' id='word_1_136' title='bbox 3011 1107 3242 1170; x_wconf 81' lang='grc' dir='ltr'>ἑαυτῶν,</span> <span class='ocrx_word' id='word_1_137' title='bbox 3274 1108 3367 1160; x_wconf 77' lang='grc' dir='ltr'><strong>καὶ</strong></span> <span class='ocrx_word' id='word_1_138' title='bbox 3429 1108 3508 1171; x_wconf 75' lang='grc' dir='ltr'><strong>εἰς</strong></span> <span class='ocrx_word' id='word_1_139' title='bbox 3544 1104 3701 1173; x_wconf 76' lang='grc' dir='ltr'>ζηλο-</span> 
     </span>
    </p>
   </div>
   <div class='ocr_carea' id='block_1_24' title="bbox 2121 1199 3702 1275">
    <p class='ocr_par' dir='ltr' id='par_1_24' title="bbox 2121 1199 3702 1275">
     <span class='ocr_line' id='line_1_24' title="bbox 2121 1199 3702 1275; baseline -0.003 -19"><span class='ocrx_word' id='word_1_140' title='bbox 2121 1207 2323 1259; x_wconf 76' lang='grc' dir='ltr'>τυπίαν</span> <span class='ocrx_word' id='word_1_141' title='bbox 2356 1204 2626 1275; x_wconf 78' lang='grc' dir='ltr'><strong>ἐρεθίζειν</strong></span> <span class='ocrx_word' id='word_1_142' title='bbox 2658 1222 2670 1234; x_wconf 92' lang='grc'><strong>·</strong></span> <span class='ocrx_word' id='word_1_143' title='bbox 2700 1204 2862 1265; x_wconf 80' lang='grc' dir='ltr'>αὐτὸς</span> <span class='ocrx_word' id='word_1_144' title='bbox 2890 1203 2969 1267; x_wconf 79' lang='grc' dir='ltr'><strong>δὲ,</strong></span> <span class='ocrx_word' id='word_1_145' title='bbox 2998 1202 3065 1254; x_wconf 69' lang='grc' dir='ltr'><strong>τὰ</strong></span> <span class='ocrx_word' id='word_1_146' title='bbox 3096 1202 3331 1273; x_wconf 79' lang='grc' dir='ltr'>ρηθέντα</span> <span class='ocrx_word' id='word_1_147' title='bbox 3355 1200 3543 1263; x_wconf 86' lang='grc' dir='ltr'>εἰπὼν,</span> <span class='ocrx_word' id='word_1_148' title='bbox 3565 1199 3702 1254; x_wconf 80' lang='grc' dir='ltr'>εδει-</span> 
     </span>
    </p>
   </div>
   <div class='ocr_carea' id='block_1_25' title="bbox 2125 1294 3703 1369">
    <p class='ocr_par' dir='ltr' id='par_1_25' title="bbox 2125 1294 3703 1369">
     <span class='ocr_line' id='line_1_25' title="bbox 2125 1294 3703 1369; baseline -0.004 -18"><span class='ocrx_word' id='word_1_149' title='bbox 2125 1298 2214 1364; x_wconf 78' lang='grc' dir='ltr'>ξεν</span> <span class='ocrx_word' id='word_1_150' title='bbox 2242 1299 2323 1352; x_wconf 85' lang='grc' dir='ltr'>ὅτι</span> <span class='ocrx_word' id='word_1_151' title='bbox 2350 1299 2409 1351; x_wconf 80' lang='grc' dir='ltr'>οὐ</span> <span class='ocrx_word' id='word_1_152' title='bbox 2439 1297 2602 1369; x_wconf 84' lang='grc' dir='ltr'>μόνον</span> <span class='ocrx_word' id='word_1_153' title='bbox 2644 1296 2705 1350; x_wconf 78' lang='grc' dir='ltr'>οὐ</span> <span class='ocrx_word' id='word_1_154' title='bbox 2753 1295 3052 1366; x_wconf 73' lang='grc' dir='ltr'>ζηλοτυποῖ</span> <span class='ocrx_word' id='word_1_155' title='bbox 3102 1294 3703 1363; x_wconf 80' lang='grc' dir='ltr'>παρευδοκιμούμενος,</span> 
     </span>
    </p>
   </div>
   <div class='ocr_carea' id='block_1_26' title="bbox 2122 1382 3706 1461">
    <p class='ocr_par' dir='ltr' id='par_1_26' title="bbox 2122 1382 3706 1461">
     <span class='ocr_line' id='line_1_26' title="bbox 2122 1382 3706 1461; baseline -0.006 -15"><span class='ocrx_word' id='word_1_156' title='bbox 2122 1391 2239 1447; x_wconf 79' lang='grc' dir='ltr'>ἀλλ’</span> <span class='ocrx_word' id='word_1_157' title='bbox 2265 1394 2347 1445; x_wconf 85' lang='grc' dir='ltr'>ὅτι</span> <span class='ocrx_word' id='word_1_158' title='bbox 2371 1391 2464 1445; x_wconf 74' lang='grc' dir='ltr'><strong>καὶ</strong></span> <span class='ocrx_word' id='word_1_159' title='bbox 2495 1390 2697 1461; x_wconf 80' lang='grc' dir='ltr'>μᾶλλον</span> <span class='ocrx_word' id='word_1_160' title='bbox 2732 1388 2941 1459; x_wconf 85' lang='grc' dir='ltr'>χαίρει,</span> <span class='ocrx_word' id='word_1_161' title='bbox 2983 1388 3081 1441; x_wconf 78' lang='grc' dir='ltr'><strong>καὶ</strong></span> <span class='ocrx_word' id='word_1_162' title='bbox 3114 1387 3199 1440; x_wconf 81' lang='grc' dir='ltr'>ὅτι</span> <span class='ocrx_word' id='word_1_163' title='bbox 3224 1387 3319 1438; x_wconf 71' lang='grc' dir='ltr'><strong>καὶ</strong></span> <span class='ocrx_word' id='word_1_164' title='bbox 3352 1385 3515 1448; x_wconf 76' lang='grc' dir='ltr'>αὐτὸς</span> <span class='ocrx_word' id='word_1_165' title='bbox 3546 1382 3706 1438; x_wconf 77' lang='grc' dir='ltr'>τοῦτο</span> 
     </span>
    </p>
   </div>
   <div class='ocr_carea' id='block_1_27' title="bbox 2124 1477 3711 1553">
    <p class='ocr_par' dir='ltr' id='par_1_27' title="bbox 2124 1477 3711 1553">
     <span class='ocr_line' id='line_1_27' title="bbox 2124 1477 3711 1553; baseline -0.006 -15"><span class='ocrx_word' id='word_1_166' title='bbox 2124 1484 2482 1549; x_wconf 73' lang='grc' dir='ltr'>ἐσπούδαζεν.</span> <span class='ocrx_word' id='word_1_167' title='bbox 2536 1478 2671 1537; x_wconf 78' lang='grc' dir='ltr'>Εἶτα</span> <span class='ocrx_word' id='word_1_168' title='bbox 2731 1480 3073 1553; x_wconf 81' lang='grc' dir='ltr'><strong>προφητεύει</strong></span> <span class='ocrx_word' id='word_1_169' title='bbox 3132 1478 3229 1533; x_wconf 73' lang='grc' dir='ltr'><strong>καὶ</strong></span> <span class='ocrx_word' id='word_1_170' title='bbox 3278 1477 3410 1549; x_wconf 79' lang='grc' dir='ltr'>περὶ</span> <span class='ocrx_word' id='word_1_171' title='bbox 3447 1477 3539 1531; x_wconf 92' lang='grc' dir='ltr'><strong>τοῦ</strong></span> <span class='ocrx_word' id='word_1_172' title='bbox 3580 1478 3711 1548; x_wconf 81' lang='grc' dir='ltr'><strong>μέ).-</strong></span> 
     </span>
    </p>
   </div>
   <div class='ocr_carea' id='block_1_28' title="bbox 2113 1576 2331 1641">
    <p class='ocr_par' dir='ltr' id='par_1_28' title="bbox 2113 1576 2331 1641">
     <span class='ocr_line' id='line_1_28' title="bbox 2113 1576 2331 1641; baseline 0.005 -11"><span class='ocrx_word' id='word_1_173' title='bbox 2113 1576 2331 1641; x_wconf 74' lang='grc' dir='ltr'>ιλοντος.</span> 
     </span>
    </p>
   </div>
   <div class='ocr_carea' id='block_1_29' title="bbox 2213 1661 3711 1726">
    <p class='ocr_par' dir='ltr' id='par_1_29' title="bbox 2213 1661 3711 1726">
     <span class='ocr_line' id='line_1_29' title="bbox 2213 1661 3711 1726; baseline -0.006 -4"><span class='ocrx_word' id='word_1_174' title='bbox 2213 1668 2489 1723; x_wconf 73' lang='grc' dir='ltr'><strong>Ἐκεῖνον</strong></span> <span class='ocrx_word' id='word_1_175' title='bbox 2532 1698 2605 1709; x_wconf 90' lang='grc'><strong>--</strong></span> <span class='ocrx_word' id='word_1_176' title='bbox 2671 1663 3096 1722; x_wconf 72' lang='grc' dir='ltr'>ἐλαττοῦσθαι.</span> <span class='ocrx_word' id='word_1_177' title='bbox 3172 1662 3557 1719; x_wconf 73' lang='grc' dir='ltr'>Ἐλαττοῦσθαι</span> <span class='ocrx_word' id='word_1_178' title='bbox 3610 1661 3711 1726; x_wconf 75' lang='grc' dir='ltr'>ὡς,</span> 
     </span>
    </p>
   </div>
   <div class='ocr_carea' id='block_1_30' title="bbox 2128 1758 3066 1832">
    <p class='ocr_par' dir='ltr' id='par_1_30' title="bbox 2128 1758 3066 1832">
     <span class='ocr_line' id='line_1_30' title="bbox 2128 1758 3066 1832; baseline -0.009 -18"><span class='ocrx_word' id='word_1_179' title='bbox 2128 1762 2283 1832; x_wconf 74' lang='grc' dir='ltr'>ἡλίου</span> <span class='ocrx_word' id='word_1_180' title='bbox 2319 1759 2725 1823; x_wconf 75' lang='grc' dir='ltr'><strong>ἀνατείλαντος,</strong></span> <span class='ocrx_word' id='word_1_181' title='bbox 2761 1758 3066 1828; x_wconf 77' lang='grc' dir='ltr'><strong>ἑωσφόρον.</strong></span> 
     </span>
    </p>
   </div>
   <div class='ocr_carea' id='block_1_31' title="bbox 501 1837 2038 1922">
    <p class='ocr_par' dir='ltr' id='par_1_31' title="bbox 501 1837 2025 1911">
     <span class='ocr_line' id='line_1_31' title="bbox 501 1837 2025 1911; baseline 0.004 -21"><span class='ocrx_word' id='word_1_182' title='bbox 501 1837 665 1893; x_wconf 79' lang='lat' dir='ltr'><strong>Vides</strong></span> <span class='ocrx_word' id='word_1_183' title='bbox 687 1855 796 1905; x_wconf 92' lang='lat' dir='ltr'><strong>quo</strong></span> <span class='ocrx_word' id='word_1_184' title='bbox 824 1849 982 1910; x_wconf 77' lang='lat' dir='ltr'><strong>pacto</strong></span> <span class='ocrx_word' id='word_1_185' title='bbox 999 1842 1263 1910; x_wconf 83' lang='lat' dir='ltr'><strong>paulatim</strong></span> <span class='ocrx_word' id='word_1_186' title='bbox 1288 1857 1352 1897; x_wconf 90' lang='lat' dir='ltr'><strong>ac</strong></span> <span class='ocrx_word' id='word_1_187' title='bbox 1369 1842 1655 1911; x_wconf 72' lang='lat' dir='ltr'><strong>ingeniose</strong></span> <span class='ocrx_word' id='word_1_188' title='bbox 1687 1844 1907 1898; x_wconf 91' lang='lat' dir='ltr'><strong>illorum</strong></span> <span class='ocrx_word' id='word_1_189' title='bbox 1940 1842 2025 1896; x_wconf 87' lang='lat' dir='ltr'><strong>in-</strong></span> 
     </span>
    </p>
   </div>
   <div class='ocr_carea' id='block_1_32' title="bbox 2154 1837 3714 1922">
    <p class='ocr_par' dir='ltr' id='par_1_32' title="bbox 2201 1843 3714 1922">
     <span class='ocr_line' id='line_1_32' title="bbox 2201 1843 3714 1922; baseline -0.007 -17"><span class='ocrx_word' id='word_1_190' title='bbox 2201 1849 2356 1915; x_wconf 81' lang='grc' dir='ltr'>Εἷδες</span> <span class='ocrx_word' id='word_1_191' title='bbox 2384 1852 2499 1913; x_wconf 82' lang='grc' dir='ltr'><strong>πῶς</strong></span> <span class='ocrx_word' id='word_1_192' title='bbox 2536 1852 2721 1922; x_wconf 73' lang='grc' dir='ltr'>ἠρέμα</span> <span class='ocrx_word' id='word_1_193' title='bbox 2749 1850 2844 1903; x_wconf 77' lang='grc' dir='ltr'><strong>καὶ</strong></span> <span class='ocrx_word' id='word_1_194' title='bbox 2893 1847 3223 1919; x_wconf 81' lang='grc' dir='ltr'><strong>εὐμηχάνως</strong></span> <span class='ocrx_word' id='word_1_195' title='bbox 3252 1847 3351 1919; x_wconf 80' lang='grc' dir='ltr'>τὴν</span> <span class='ocrx_word' id='word_1_196' title='bbox 3410 1843 3714 1917; x_wconf 76' lang='grc' dir='ltr'>βασκανίαν</span> 
     </span>
    </p>
   </div>
   <div class='ocr_carea' id='block_1_33' title="bbox 429 1929 2026 2001">
    <p class='ocr_par' dir='ltr' id='par_1_33' title="bbox 429 1929 2026 2001">
     <span class='ocr_line' id='line_1_33' title="bbox 429 1929 2026 2001; baseline 0.004 -21"><span class='ocrx_word' id='word_1_197' title='bbox 429 1929 628 1982; x_wconf 81' lang='lat' dir='ltr'><strong>vidiam</strong></span> <span class='ocrx_word' id='word_1_198' title='bbox 654 1931 928 1996; x_wconf 85' lang='lat' dir='ltr'><strong>cohibeat,</strong></span> <span class='ocrx_word' id='word_1_199' title='bbox 946 1947 1009 1986; x_wconf 90' lang='lat' dir='ltr'><strong>ac</strong></span> <span class='ocrx_word' id='word_1_200' title='bbox 1040 1933 1399 2001; x_wconf 84' lang='lat' dir='ltr'><strong>impossibilia</strong></span> <span class='ocrx_word' id='word_1_201' title='bbox 1432 1943 1709 1989; x_wconf 84' lang='lat' dir='ltr'><strong>tentantes</strong></span> <span class='ocrx_word' id='word_1_202' title='bbox 1739 1935 2026 1989; x_wconf 75' lang='lat' dir='ltr'><strong>ostendat?</strong></span> 
     </span>
    </p>
   </div>
   <div class='ocr_carea' id='block_1_34' title="bbox 434 2020 2022 2097">
    <p class='ocr_par' dir='ltr' id='par_1_34' title="bbox 434 2020 2022 2097">
     <span class='ocr_line' id='line_1_34' title="bbox 434 2020 2022 2097; baseline 0.005 -25"><span class='ocrx_word' id='word_1_203' title='bbox 434 2020 561 2073; x_wconf 86' lang='lat' dir='ltr'><strong>Ideo</strong></span> <span class='ocrx_word' id='word_1_204' title='bbox 608 2023 755 2076; x_wconf 89' lang='lat' dir='ltr'><strong>enim</strong></span> <span class='ocrx_word' id='word_1_205' title='bbox 789 2023 971 2077; x_wconf 88' lang='lat' dir='ltr'><strong>adhuc</strong></span> <span class='ocrx_word' id='word_1_206' title='bbox 1005 2039 1072 2079; x_wconf 89' lang='lat' dir='ltr'><strong>eo</strong></span> <span class='ocrx_word' id='word_1_207' title='bbox 1100 2025 1325 2080; x_wconf 80' lang='lat' dir='ltr'><strong>vivente</strong></span> <span class='ocrx_word' id='word_1_208' title='bbox 1354 2035 1410 2080; x_wconf 94' lang='lat' dir='ltr'><strong>et</strong></span> <span class='ocrx_word' id='word_1_209' title='bbox 1437 2026 1755 2095; x_wconf 84' lang='lat' dir='ltr'><strong>baptizante</strong></span> <span class='ocrx_word' id='word_1_210' title='bbox 1784 2026 2022 2097; x_wconf 87' lang='lat' dir='ltr'><strong>disposi-</strong></span> 
     </span>
    </p>
   </div>
   <div class='ocr_carea' id='block_1_35' title="bbox 431 2110 2027 2182">
    <p class='ocr_par' dir='ltr' id='par_1_35' title="bbox 431 2110 2027 2182">
     <span class='ocr_line' id='line_1_35' title="bbox 431 2110 2027 2182; baseline 0.007 -23"><span class='ocrx_word' id='word_1_211' title='bbox 431 2115 545 2160; x_wconf 85' lang='lat' dir='ltr'><strong>tum</strong></span> <span class='ocrx_word' id='word_1_212' title='bbox 566 2115 673 2173; x_wconf 83' lang='lat' dir='ltr'><strong>est,</strong></span> <span class='ocrx_word' id='word_1_213' title='bbox 696 2119 754 2163; x_wconf 92' lang='lat' dir='ltr'><strong>ut</strong></span> <span class='ocrx_word' id='word_1_214' title='bbox 780 2112 853 2164; x_wconf 92' lang='lat' dir='ltr'><strong>ita</strong></span> <span class='ocrx_word' id='word_1_215' title='bbox 888 2110 1071 2173; x_wconf 82' lang='lat' dir='ltr'><strong>ﬂeret,</strong></span> <span class='ocrx_word' id='word_1_216' title='bbox 1101 2127 1210 2181; x_wconf 92' lang='lat' dir='ltr'><strong>quo</strong></span> <span class='ocrx_word' id='word_1_217' title='bbox 1239 2113 1417 2182; x_wconf 89' lang='lat' dir='ltr'><strong>ipsum</strong></span> <span class='ocrx_word' id='word_1_218' title='bbox 1447 2114 1788 2169; x_wconf 81' lang='lat' dir='ltr'><strong>excellentiae</strong></span> <span class='ocrx_word' id='word_1_219' title='bbox 1821 2115 2027 2169; x_wconf 83' lang='lat' dir='ltr'><strong>Christi</strong></span> 
     </span>
    </p>
   </div>
   <div class='ocr_carea' id='block_1_36' title="bbox 432 2198 2030 2272">
    <p class='ocr_par' dir='ltr' id='par_1_36' title="bbox 432 2198 2030 2272">
     <span class='ocr_line' id='line_1_36' title="bbox 432 2198 2030 2272; baseline 0.004 -20"><span class='ocrx_word' id='word_1_220' title='bbox 432 2206 628 2252; x_wconf 85' lang='lat' dir='ltr'><strong>testem</strong></span> <span class='ocrx_word' id='word_1_221' title='bbox 662 2198 928 2256; x_wconf 76' lang='lat' dir='ltr'><strong>haberent</strong></span> <span class='ocrx_word' id='word_1_222' title='bbox 970 2203 1073 2256; x_wconf 87' lang='lat' dir='ltr'><strong>iide</strong></span> <span class='ocrx_word' id='word_1_223' title='bbox 1112 2204 1340 2272; x_wconf 87' lang='lat' dir='ltr'><strong>dignum</strong></span> <span class='ocrx_word' id='word_1_224' title='bbox 1364 2214 1419 2256; x_wconf 92' lang='lat' dir='ltr'><strong>et</strong></span> <span class='ocrx_word' id='word_1_225' title='bbox 1469 2206 1521 2256; x_wconf 92' lang='lat' dir='ltr'><strong>iu</strong></span> <span class='ocrx_word' id='word_1_226' title='bbox 1556 2205 1707 2257; x_wconf 91' lang='lat' dir='ltr'><strong>nullo</strong></span> <span class='ocrx_word' id='word_1_227' title='bbox 1749 2205 2030 2258; x_wconf 87' lang='lat' dir='ltr'><strong>contradi-</strong></span> 
     </span>
    </p>
   </div>
   <div class='ocr_carea' id='block_1_37' title="bbox 433 2293 2031 2363">
    <p class='ocr_par' dir='ltr' id='par_1_37' title="bbox 433 2293 2031 2363">
     <span class='ocr_line' id='line_1_37' title="bbox 433 2293 2031 2363; baseline 0.006 -23"><span class='ocrx_word' id='word_1_228' title='bbox 433 2303 559 2341; x_wconf 66' lang='grc' dir='ltr'><strong>(τρι-ε</strong></span> <span class='ocrx_word' id='word_1_229' title='bbox 598 2294 864 2359; x_wconf 76' lang='lat' dir='ltr'><strong>possent:</strong></span> <span class='ocrx_word' id='word_1_230' title='bbox 899 2294 1043 2348; x_wconf 87' lang='lat' dir='ltr'><strong>unde</strong></span> <span class='ocrx_word' id='word_1_231' title='bbox 1069 2309 1171 2349; x_wconf 77' lang='lat' dir='ltr'><strong>nec</strong></span> <span class='ocrx_word' id='word_1_232' title='bbox 1202 2310 1231 2351; x_wconf 88' lang='lat' dir='ltr'><strong>a</strong></span> <span class='ocrx_word' id='word_1_233' title='bbox 1261 2295 1441 2363; x_wconf 86' lang='lat' dir='ltr'><strong>seipso</strong></span> <span class='ocrx_word' id='word_1_234' title='bbox 1468 2293 1587 2349; x_wconf 85' lang='lat' dir='ltr'><strong>haec</strong></span> <span class='ocrx_word' id='word_1_235' title='bbox 1619 2295 1772 2360; x_wconf 80' lang='lat' dir='ltr'><strong>dixit,</strong></span> <span class='ocrx_word' id='word_1_236' title='bbox 1802 2296 1897 2350; x_wconf 87' lang='lat' dir='ltr'><strong>sed</strong></span> <span class='ocrx_word' id='word_1_237' title='bbox 1923 2295 2031 2350; x_wconf 88' lang='lat' dir='ltr'><strong>illis</strong></span> 
     </span>
    </p>
   </div>
   <div class='ocr_carea' id='block_1_38' title="bbox 439 2379 871 2459">
    <p class='ocr_par' dir='ltr' id='par_1_38' title="bbox 439 2379 871 2459">
     <span class='ocr_line' id='line_1_38' title="bbox 439 2379 871 2459; baseline 0.019 -27"><span class='ocrx_word' id='word_1_238' title='bbox 439 2379 871 2459; x_wconf 55' lang='lat' dir='ltr'><strong>impellentibus.</strong></span> 
     </span>
    </p>
   </div>
   <div class='ocr_carea' id='block_1_39' title="bbox 507 2558 2032 2638">
    <p class='ocr_par' dir='ltr' id='par_1_39' title="bbox 507 2558 2032 2638">
     <span class='ocr_line' id='line_1_39' title="bbox 507 2558 2032 2638; baseline 0.005 -25"><span class='ocrx_word' id='word_1_239' title='bbox 507 2558 667 2615; x_wconf 80' lang='lat' dir='ltr'><strong>Vers.</strong></span> <span class='ocrx_word' id='word_1_240' title='bbox 723 2564 817 2619; x_wconf 78' lang='grc'><strong>51.</strong></span> <span class='ocrx_word' id='word_1_241' title='bbox 881 2562 984 2628; x_wconf 87' lang='lat' dir='ltr'><strong>Qui</strong></span> <span class='ocrx_word' id='word_1_242' title='bbox 1049 2596 1117 2609; x_wconf 90' lang='lat'><strong>—-</strong></span> <span class='ocrx_word' id='word_1_243' title='bbox 1152 2576 1247 2620; x_wconf 80' lang='lat' dir='ltr'><strong>est.</strong></span> <span class='ocrx_word' id='word_1_244' title='bbox 1298 2565 1399 2631; x_wconf 81' lang='lat' dir='ltr'><strong>Qui</strong></span> <span class='ocrx_word' id='word_1_245' title='bbox 1442 2567 1681 2622; x_wconf 64' lang='lat' dir='ltr'><strong>caelestis</strong></span> <span class='ocrx_word' id='word_1_246' title='bbox 1711 2576 1813 2632; x_wconf 89' lang='lat' dir='ltr'><strong>est,</strong></span> <span class='ocrx_word' id='word_1_247' title='bbox 1853 2568 2032 2638; x_wconf 81' lang='lat' dir='ltr'><strong>major</strong></span> 
     </span>
    </p>
   </div>
   <div class='ocr_carea' id='block_1_40' title="bbox 438 2652 1850 2727">
    <p class='ocr_par' dir='ltr' id='par_1_40' title="bbox 438 2652 1850 2727">
     <span class='ocr_line' id='line_1_40' title="bbox 438 2652 1850 2727; baseline 0.004 -22"><span class='ocrx_word' id='word_1_248' title='bbox 438 2652 698 2706; x_wconf 76' lang='lat' dir='ltr'><strong>(mnibus</strong></span> <span class='ocrx_word' id='word_1_249' title='bbox 726 2665 831 2719; x_wconf 88' lang='lat' dir='ltr'><strong>est,</strong></span> <span class='ocrx_word' id='word_1_250' title='bbox 874 2664 929 2708; x_wconf 87' lang='lat' dir='ltr'><strong>et</strong></span> <span class='ocrx_word' id='word_1_251' title='bbox 966 2656 1090 2711; x_wconf 88' lang='lat' dir='ltr'><strong>ideo</strong></span> <span class='ocrx_word' id='word_1_252' title='bbox 1125 2673 1226 2725; x_wconf 77' lang='lat' dir='ltr'><strong>ego</strong></span> <span class='ocrx_word' id='word_1_253' title='bbox 1257 2674 1474 2727; x_wconf 75' lang='lat' dir='ltr'><strong>qmque</strong></span> <span class='ocrx_word' id='word_1_254' title='bbox 1504 2659 1682 2713; x_wconf 88' lang='lat' dir='ltr'><strong>minor</strong></span> <span class='ocrx_word' id='word_1_255' title='bbox 1708 2675 1850 2713; x_wconf 91' lang='lat' dir='ltr'><strong>sum.</strong></span> 
     </span>
    </p>
   </div>
   <div class='ocr_carea' id='block_1_41' title="bbox 512 2740 2034 2823">
    <p class='ocr_par' dir='ltr' id='par_1_41' title="bbox 512 2740 2034 2823">
     <span class='ocr_line' id='line_1_41' title="bbox 512 2740 2034 2823; baseline 0.007 -28"><span class='ocrx_word' id='word_1_256' title='bbox 512 2740 609 2796; x_wconf 85' lang='lat' dir='ltr'><strong>Vel</strong></span> <span class='ocrx_word' id='word_1_257' title='bbox 638 2744 794 2799; x_wconf 85' lang='lat' dir='ltr'><strong>aliter</strong></span> <span class='ocrx_word' id='word_1_258' title='bbox 822 2764 834 2799; x_wconf 92' lang='lat'>:</span> <span class='ocrx_word' id='word_1_259' title='bbox 862 2746 962 2813; x_wconf 87' lang='lat' dir='ltr'><strong>Qui</strong></span> <span class='ocrx_word' id='word_1_260' title='bbox 994 2750 1233 2803; x_wconf 80' lang='lat' dir='ltr'><strong>ccelestis</strong></span> <span class='ocrx_word' id='word_1_261' title='bbox 1250 2760 1355 2811; x_wconf 89' lang='lat' dir='ltr'><strong>est,</strong></span> <span class='ocrx_word' id='word_1_262' title='bbox 1384 2752 1537 2803; x_wconf 85' lang='lat' dir='ltr'><strong>nullo</strong></span> <span class='ocrx_word' id='word_1_263' title='bbox 1566 2762 1711 2823; x_wconf 78' lang='lat' dir='ltr'><strong>eget,</strong></span> <span class='ocrx_word' id='word_1_264' title='bbox 1740 2760 1795 2805; x_wconf 83' lang='lat' dir='ltr'><strong>et</strong></span> <span class='ocrx_word' id='word_1_265' title='bbox 1832 2752 1903 2806; x_wconf 90' lang='lat' dir='ltr'><strong>ita</strong></span> <span class='ocrx_word' id='word_1_266' title='bbox 1929 2766 2034 2806; x_wconf 89' lang='lat' dir='ltr'><strong>nec</strong></span> 
     </span>
    </p>
   </div>
   <div class='ocr_carea' id='block_1_42' title="bbox 440 2838 1690 2907">
    <p class='ocr_par' dir='ltr' id='par_1_42' title="bbox 440 2838 1690 2907">
     <span class='ocr_line' id='line_1_42' title="bbox 440 2838 1690 2907; baseline 0.006 -18"><span class='ocrx_word' id='word_1_267' title='bbox 440 2848 564 2889; x_wconf 85' lang='lat' dir='ltr'><strong>meo</strong></span> <span class='ocrx_word' id='word_1_268' title='bbox 600 2847 719 2907; x_wconf 87' lang='lat' dir='ltr'><strong>eget</strong></span> <span class='ocrx_word' id='word_1_269' title='bbox 750 2838 1068 2894; x_wconf 87' lang='lat' dir='ltr'><strong>testimonio</strong></span> <span class='ocrx_word' id='word_1_270' title='bbox 1101 2841 1215 2907; x_wconf 89' lang='lat' dir='ltr'><strong>ipse</strong></span> <span class='ocrx_word' id='word_1_271' title='bbox 1254 2842 1355 2895; x_wconf 86' lang='lat' dir='ltr'><strong>sibi</strong></span> <span class='ocrx_word' id='word_1_272' title='bbox 1382 2842 1690 2897; x_wconf 76' lang='lat' dir='ltr'><strong>sufﬁciens.</strong></span> 
     </span>
    </p>
   </div>
   <div class='ocr_carea' id='block_1_43' title="bbox 518 3037 2035 3109">
    <p class='ocr_par' dir='ltr' id='par_1_43' title="bbox 518 3037 2035 3109">
     <span class='ocr_line' id='line_1_43' title="bbox 518 3037 2035 3109; baseline 0.007 -18"><span class='ocrx_word' id='word_1_273' title='bbox 518 3037 673 3094; x_wconf 83' lang='lat' dir='ltr'><strong>Vers.</strong></span> <span class='ocrx_word' id='word_1_274' title='bbox 716 3040 806 3095; x_wconf 78' lang='grc'><strong>51.</strong></span> <span class='ocrx_word' id='word_1_275' title='bbox 841 3040 949 3105; x_wconf 88' lang='lat' dir='ltr'><strong>Qui</strong></span> <span class='ocrx_word' id='word_1_276' title='bbox 977 3070 1047 3081; x_wconf 89' lang='lat'><strong>—-</strong></span> <span class='ocrx_word' id='word_1_277' title='bbox 1075 3052 1171 3097; x_wconf 75' lang='lat' dir='ltr'><strong>est.</strong></span> <span class='ocrx_word' id='word_1_278' title='bbox 1212 3044 1365 3097; x_wconf 83' lang='lat' dir='ltr'><strong>Sicut</strong></span> <span class='ocrx_word' id='word_1_279' title='bbox 1402 3044 1535 3098; x_wconf 87' lang='lat' dir='ltr'><strong>illud</strong></span> <span class='ocrx_word' id='word_1_280' title='bbox 1560 3045 1628 3099; x_wconf 91' lang='lat' dir='ltr'><strong>de</strong></span> <span class='ocrx_word' id='word_1_281' title='bbox 1654 3044 1846 3109; x_wconf 85' lang='lat' dir='ltr'><strong>illo,ita</strong></span> <span class='ocrx_word' id='word_1_282' title='bbox 1888 3047 2035 3102; x_wconf 82' lang='lat' dir='ltr'><strong>etis-</strong></span> 
     </span>
    </p>
   </div>
   <div class='ocr_carea' id='block_1_44' title="bbox 449 3132 2033 3205">
    <p class='ocr_par' dir='ltr' id='par_1_44' title="bbox 449 3132 2033 3205">
     <span class='ocr_line' id='line_1_44' title="bbox 449 3132 2033 3205; baseline 0.007 -20"><span class='ocrx_word' id='word_1_283' title='bbox 449 3132 544 3186; x_wconf 91' lang='lat' dir='ltr'><strong>tud</strong></span> <span class='ocrx_word' id='word_1_284' title='bbox 586 3132 756 3197; x_wconf 60' lang='lat' dir='ltr'><strong>(eeide</strong></span> <span class='ocrx_word' id='word_1_285' title='bbox 783 3133 889 3188; x_wconf 89' lang='lat' dir='ltr'><strong>isto</strong></span> <span class='ocrx_word' id='word_1_286' title='bbox 920 3135 1072 3201; x_wconf 85' lang='lat' dir='ltr'><strong>dicit;</strong></span> <span class='ocrx_word' id='word_1_287' title='bbox 1119 3152 1240 3190; x_wconf 86' lang='lat' dir='ltr'><strong>nam</strong></span> <span class='ocrx_word' id='word_1_288' title='bbox 1268 3136 1359 3203; x_wconf 90' lang='lat' dir='ltr'><strong>qui</strong></span> <span class='ocrx_word' id='word_1_289' title='bbox 1392 3154 1421 3191; x_wconf 87' lang='lat' dir='ltr'><strong>e</strong></span> <span class='ocrx_word' id='word_1_290' title='bbox 1453 3149 1595 3193; x_wconf 87' lang='lat' dir='ltr'><strong>terra</strong></span> <span class='ocrx_word' id='word_1_291' title='bbox 1626 3138 1905 3205; x_wconf 74' lang='lat' dir='ltr'><strong>profectus</strong></span> <span class='ocrx_word' id='word_1_292' title='bbox 1928 3151 2033 3204; x_wconf 85' lang='lat' dir='ltr'><strong>est,</strong></span> 
     </span>
    </p>
   </div>
   <div class='ocr_carea' id='block_1_45' title="bbox 445 3227 2036 3297">
    <p class='ocr_par' dir='ltr' id='par_1_45' title="bbox 445 3227 2036 3297">
     <span class='ocr_line' id='line_1_45' title="bbox 445 3227 2036 3297; baseline 0.009 -22"><span class='ocrx_word' id='word_1_293' title='bbox 445 3232 704 3278; x_wconf 76' lang='lat' dir='ltr'><strong>terrenus</strong></span> <span class='ocrx_word' id='word_1_294' title='bbox 725 3234 829 3284; x_wconf 91' lang='lat' dir='ltr'><strong>est.</strong></span> <span class='ocrx_word' id='word_1_295' title='bbox 869 3227 987 3281; x_wconf 79' lang='lat' dir='ltr'><strong>sive</strong></span> <span class='ocrx_word' id='word_1_296' title='bbox 1013 3227 1239 3283; x_wconf 77' lang='lat' dir='ltr'><strong>inferior</strong></span> <span class='ocrx_word' id='word_1_297' title='bbox 1263 3230 1352 3283; x_wconf 84' lang='lat' dir='ltr'><strong>illo</strong></span> <span class='ocrx_word' id='word_1_298' title='bbox 1386 3247 1397 3282; x_wconf 91' lang='lat'>:</span> <span class='ocrx_word' id='word_1_299' title='bbox 1424 3230 1694 3297; x_wconf 79' lang='lat' dir='ltr'><strong>siquidem</strong></span> <span class='ocrx_word' id='word_1_300' title='bbox 1720 3233 1919 3288; x_wconf 71' lang='lat' dir='ltr'><strong>omium</strong></span> <span class='ocrx_word' id='word_1_301' title='bbox 1948 3251 2036 3290; x_wconf 88' lang='lat' dir='ltr'><strong>su-</strong></span> 
     </span>
    </p>
   </div>
   <div class='ocr_carea' id='block_1_46' title="bbox 446 3320 2043 3385">
    <p class='ocr_par' dir='ltr' id='par_1_46' title="bbox 446 3320 2043 3385">
     <span class='ocr_line' id='line_1_46' title="bbox 446 3320 2043 3385; baseline 0.01 -18"><span class='ocrx_word' id='word_1_302' title='bbox 446 3331 679 3384; x_wconf 79' lang='lat' dir='ltr'><strong>pemum</strong></span> <span class='ocrx_word' id='word_1_303' title='bbox 716 3325 801 3371; x_wconf 76' lang='lat' dir='ltr'><strong>est</strong></span> <span class='ocrx_word' id='word_1_304' title='bbox 830 3320 1207 3385; x_wconf 75' lang='lat' dir='ltr'><strong>etexcelsutn,</strong></span> <span class='ocrx_word' id='word_1_305' title='bbox 1248 3333 1393 3376; x_wconf 88' lang='lat' dir='ltr'><strong>terra</strong></span> <span class='ocrx_word' id='word_1_306' title='bbox 1425 3338 1556 3378; x_wconf 83' lang='lat' dir='ltr'><strong>vero</strong></span> <span class='ocrx_word' id='word_1_307' title='bbox 1591 3323 1806 3383; x_wconf 78' lang='lat' dir='ltr'><strong>inferna</strong></span> <span class='ocrx_word' id='word_1_308' title='bbox 1854 3337 1909 3382; x_wconf 88' lang='lat' dir='ltr'><strong>et</strong></span> <span class='ocrx_word' id='word_1_309' title='bbox 1935 3329 2043 3383; x_wconf 84' lang='lat' dir='ltr'><strong>hu-</strong></span> 
     </span>
    </p>
   </div>
   <div class='ocr_carea' id='block_1_47' title="bbox 449 3409 618 3463">
    <p class='ocr_par' dir='ltr' id='par_1_47' title="bbox 449 3409 618 3463">
     <span class='ocr_line' id='line_1_47' title="bbox 449 3409 618 3463; baseline 0.018 -3"><span class='ocrx_word' id='word_1_310' title='bbox 449 3409 618 3463; x_wconf 87' lang='lat' dir='ltr'><strong>milis.</strong></span> 
     </span>
    </p>
   </div>
   <div class='ocr_carea' id='block_1_48' title="bbox 518 3499 2042 3582">
    <p class='ocr_par' dir='ltr' id='par_1_48' title="bbox 518 3499 2042 3582">
     <span class='ocr_line' id='line_1_48' title="bbox 518 3499 2042 3582; baseline 0.009 -29"><span class='ocrx_word' id='word_1_311' title='bbox 518 3499 751 3557; x_wconf 73' lang='lat' dir='ltr'><strong>Vers.51</strong></span> <span class='ocrx_word' id='word_1_312' title='bbox 800 3504 869 3559; x_wconf 85' lang='lat' dir='ltr'><strong>Et</strong></span> <span class='ocrx_word' id='word_1_313' title='bbox 908 3506 973 3561; x_wconf 84' lang='lat' dir='ltr'><strong>de</strong></span> <span class='ocrx_word' id='word_1_314' title='bbox 994 3516 1135 3561; x_wconf 83' lang='lat' dir='ltr'><strong>terra</strong></span> <span class='ocrx_word' id='word_1_315' title='bbox 1154 3506 1408 3568; x_wconf 81' lang='lat' dir='ltr'><strong>loquitur.</strong></span> <span class='ocrx_word' id='word_1_316' title='bbox 1442 3509 1606 3579; x_wconf 78' lang='lat' dir='ltr'><strong>Atqui</strong></span> <span class='ocrx_word' id='word_1_317' title='bbox 1639 3511 1823 3566; x_wconf 83' lang='lat' dir='ltr'><strong>divina</strong></span> <span class='ocrx_word' id='word_1_318' title='bbox 1859 3513 2042 3582; x_wconf 86' lang='lat' dir='ltr'><strong>loque-</strong></span> 
     </span>
    </p>
   </div>
   <div class='ocr_carea' id='block_1_49' title="bbox 448 3593 2047 3673">
    <p class='ocr_par' dir='ltr' id='par_1_49' title="bbox 448 3593 2047 3673">
     <span class='ocr_line' id='line_1_49' title="bbox 448 3593 2047 3673; baseline 0.009 -29"><span class='ocrx_word' id='word_1_319' title='bbox 448 3593 630 3646; x_wconf 83' lang='lat' dir='ltr'><strong>batur.</strong></span> <span class='ocrx_word' id='word_1_320' title='bbox 667 3594 774 3649; x_wconf 79' lang='lat' dir='ltr'><strong>Sed</strong></span> <span class='ocrx_word' id='word_1_321' title='bbox 817 3599 1280 3665; x_wconf 83' lang='lat' dir='ltr'><strong>quemadmodum</strong></span> <span class='ocrx_word' id='word_1_322' title='bbox 1341 3598 1598 3656; x_wconf 79' lang='lat' dir='ltr'><strong>Christus</strong></span> <span class='ocrx_word' id='word_1_323' title='bbox 1640 3604 1696 3657; x_wconf 91' lang='lat' dir='ltr'><strong>in</strong></span> <span class='ocrx_word' id='word_1_324' title='bbox 1728 3607 2047 3673; x_wconf 66' lang='lat' dir='ltr'><strong>praeceden-</strong></span> 
     </span>
    </p>
   </div>
   <div class='ocr_carea' id='block_1_50' title="bbox 451 3681 2048 3763">
    <p class='ocr_par' dir='ltr' id='par_1_50' title="bbox 451 3681 2048 3763">
     <span class='ocr_line' id='line_1_50' title="bbox 451 3681 2048 3763; baseline 0.01 -28"><span class='ocrx_word' id='word_1_325' title='bbox 451 3684 600 3738; x_wconf 79' lang='lat' dir='ltr'><strong>tibus</strong></span> <span class='ocrx_word' id='word_1_326' title='bbox 631 3687 787 3740; x_wconf 80' lang='lat' dir='ltr'><strong>dixit:</strong></span> <span class='ocrx_word' id='word_1_327' title='bbox 817 3686 877 3741; x_wconf 89' lang='lat' dir='ltr'><strong>Si</strong></span> <span class='ocrx_word' id='word_1_328' title='bbox 905 3697 1119 3744; x_wconf 81' lang='lat' dir='ltr'><strong>terrena</strong></span> <span class='ocrx_word' id='word_1_329' title='bbox 1167 3692 1282 3744; x_wconf 72' lang='lat' dir='ltr'><strong>dixi</strong></span> <span class='ocrx_word' id='word_1_330' title='bbox 1311 3693 1450 3747; x_wconf 71' lang='lat' dir='ltr'><strong>vobis</strong></span> <span class='ocrx_word' id='word_1_331' title='bbox 1493 3704 1543 3747; x_wconf 80' lang='lat' dir='ltr'><strong>et</strong></span> <span class='ocrx_word' id='word_1_332' title='bbox 1597 3712 1700 3749; x_wconf 84' lang='lat' dir='ltr'><strong>non</strong></span> <span class='ocrx_word' id='word_1_333' title='bbox 1752 3681 1960 3751; x_wconf 75' lang='lat' dir='ltr'><strong>creditis</strong></span> <span class='ocrx_word' id='word_1_334' title='bbox 1980 3698 2048 3763; x_wconf 81' lang='grc'><strong>⁸⁸,</strong></span> 
     </span>
    </p>
   </div>
   <div class='ocr_carea' id='block_1_51' title="bbox 451 3782 2049 3861">
    <p class='ocr_par' dir='ltr' id='par_1_51' title="bbox 451 3782 2049 3861">
     <span class='ocr_line' id='line_1_51' title="bbox 451 3782 2049 3861; baseline 0.011 -31"><span class='ocrx_word' id='word_1_335' title='bbox 451 3784 729 3831; x_wconf 69' lang='lat' dir='ltr'><strong>terrenum</strong></span> <span class='ocrx_word' id='word_1_336' title='bbox 747 3794 949 3833; x_wconf 78' lang='lat' dir='ltr'><strong>vocans</strong></span> <span class='ocrx_word' id='word_1_337' title='bbox 967 3782 1211 3836; x_wconf 80' lang='lat' dir='ltr'><strong>divinam</strong></span> <span class='ocrx_word' id='word_1_338' title='bbox 1232 3786 1705 3854; x_wconf 77' lang='lat' dir='ltr'><strong>regenerationem</strong></span> <span class='ocrx_word' id='word_1_339' title='bbox 1729 3806 1742 3843; x_wconf 93' lang='lat'><strong>:</strong></span> <span class='ocrx_word' id='word_1_340' title='bbox 1768 3807 1880 3845; x_wconf 90' lang='lat' dir='ltr'><strong>non</strong></span> <span class='ocrx_word' id='word_1_341' title='bbox 1904 3792 2049 3861; x_wconf 86' lang='lat' dir='ltr'><strong>quod</strong></span> 
     </span>
    </p>
   </div>
   <div class='ocr_carea' id='block_1_52' title="bbox 451 3871 2051 3951">
    <p class='ocr_par' dir='ltr' id='par_1_52' title="bbox 451 3871 2051 3951">
     <span class='ocr_line' id='line_1_52' title="bbox 451 3871 2051 3951; baseline 0.011 -33"><span class='ocrx_word' id='word_1_342' title='bbox 451 3874 670 3921; x_wconf 85' lang='lat' dir='ltr'><strong>terrena</strong></span> <span class='ocrx_word' id='word_1_343' title='bbox 692 3880 861 3933; x_wconf 88' lang='lat' dir='ltr'><strong>esset,</strong></span> <span class='ocrx_word' id='word_1_344' title='bbox 894 3871 989 3925; x_wconf 83' lang='lat' dir='ltr'><strong>sed</strong></span> <span class='ocrx_word' id='word_1_345' title='bbox 1026 3872 1077 3924; x_wconf 91' lang='lat' dir='ltr'><strong>in</strong></span> <span class='ocrx_word' id='word_1_346' title='bbox 1110 3876 1523 3941; x_wconf 85' lang='lat' dir='ltr'><strong>comparatione</strong></span> <span class='ocrx_word' id='word_1_347' title='bbox 1572 3890 1797 3935; x_wconf 62' lang='lat' dir='ltr'><strong>Herus:</strong></span> <span class='ocrx_word' id='word_1_348' title='bbox 1818 3897 2051 3951; x_wconf 86' lang='lat' dir='ltr'><strong>genera-</strong></span> 
     </span>
    </p>
   </div>
   <div class='ocr_carea' id='block_1_53' title="bbox 451 3956 2055 4040">
    <p class='ocr_par' dir='ltr' id='par_1_53' title="bbox 451 3956 2055 4040">
     <span class='ocr_line' id='line_1_53' title="bbox 451 3956 2055 4040; baseline 0.011 -29"><span class='ocrx_word' id='word_1_349' title='bbox 451 3956 621 4012; x_wconf 75' lang='lat' dir='ltr'><strong>tionis</strong></span> <span class='ocrx_word' id='word_1_350' title='bbox 672 3976 933 4031; x_wconf 55' lang='lat' dir='ltr'><strong>suamque}</strong></span> <span class='ocrx_word' id='word_1_351' title='bbox 962 3978 1183 4019; x_wconf 89' lang='lat' dir='ltr'><strong>omnem</strong></span> <span class='ocrx_word' id='word_1_352' title='bbox 1216 3980 1440 4021; x_wconf 81' lang='lat' dir='ltr'><strong>sensum</strong></span> <span class='ocrx_word' id='word_1_353' title='bbox 1476 3985 1807 4040; x_wconf 86' lang='lat' dir='ltr'><strong>omnemque</strong></span> <span class='ocrx_word' id='word_1_354' title='bbox 1836 3976 2055 4029; x_wconf 80' lang='lat' dir='ltr'><strong>excedit</strong></span> 
     </span>
    </p>
   </div>
   <div class='ocr_carea' id='block_1_54' title="bbox 455 4047 2055 4133">
    <p class='ocr_par' dir='ltr' id='par_1_54' title="bbox 455 4047 2055 4133">
     <span class='ocr_line' id='line_1_54' title="bbox 455 4047 2055 4133; baseline 0.011 -31"><span class='ocrx_word' id='word_1_355' title='bbox 455 4047 814 4106; x_wconf 84' lang='lat' dir='ltr'><strong>intellectum:</strong></span> <span class='ocrx_word' id='word_1_356' title='bbox 844 4053 913 4106; x_wconf 89' lang='lat' dir='ltr'><strong>ita</strong></span> <span class='ocrx_word' id='word_1_357' title='bbox 933 4063 989 4108; x_wconf 86' lang='lat' dir='ltr'><strong>et</strong></span> <span class='ocrx_word' id='word_1_358' title='bbox 1018 4069 1164 4110; x_wconf 89' lang='lat' dir='ltr'><strong>nunc</strong></span> <span class='ocrx_word' id='word_1_359' title='bbox 1183 4057 1421 4113; x_wconf 78' lang='lat' dir='ltr'><strong>Joannes</strong></span> <span class='ocrx_word' id='word_1_360' title='bbox 1444 4061 1511 4114; x_wconf 88' lang='lat' dir='ltr'><strong>de</strong></span> <span class='ocrx_word' id='word_1_361' title='bbox 1546 4071 1686 4115; x_wconf 90' lang='lat' dir='ltr'><strong>terra</strong></span> <span class='ocrx_word' id='word_1_362' title='bbox 1714 4079 1772 4117; x_wconf 90' lang='lat' dir='ltr'><strong>se</strong></span> <span class='ocrx_word' id='word_1_363' title='bbox 1804 4064 1950 4133; x_wconf 88' lang='lat' dir='ltr'><strong>loqui</strong></span> <span class='ocrx_word' id='word_1_364' title='bbox 1973 4067 2055 4121; x_wconf 92' lang='lat' dir='ltr'><strong>di-</strong></span> 
     </span>
    </p>
   </div>
   <div class='ocr_carea' id='block_1_55' title="bbox 456 4140 2054 4213">
    <p class='ocr_par' dir='ltr' id='par_1_55' title="bbox 456 4140 2054 4213">
     <span class='ocr_line' id='line_1_55' title="bbox 456 4140 2054 4213; baseline 0.013 -20"><span class='ocrx_word' id='word_1_365' title='bbox 456 4140 615 4203; x_wconf 91' lang='lat' dir='ltr'><strong>cit,in</strong></span> <span class='ocrx_word' id='word_1_366' title='bbox 634 4143 1045 4212; x_wconf 77' lang='lat' dir='ltr'><strong>comparatione</strong></span> <span class='ocrx_word' id='word_1_367' title='bbox 1070 4152 1571 4209; x_wconf 85' lang='lat' dir='ltr'><strong>superuaturalium</strong></span> <span class='ocrx_word' id='word_1_368' title='bbox 1611 4153 1812 4210; x_wconf 68' lang='lat' dir='ltr'><strong>Christi</strong></span> <span class='ocrx_word' id='word_1_369' title='bbox 1842 4172 2054 4213; x_wconf 88' lang='lat' dir='ltr'><strong>sermo-</strong></span> 
     </span>
    </p>
   </div>
   <div class='ocr_carea' id='block_1_56' title="bbox 464 4241 2056 4311">
    <p class='ocr_par' dir='ltr' id='par_1_56' title="bbox 464 4241 2056 4311">
     <span class='ocr_line' id='line_1_56' title="bbox 464 4241 2056 4311; baseline 0.013 -25"><span class='ocrx_word' id='word_1_370' title='bbox 464 4247 623 4291; x_wconf 85' lang='lat' dir='ltr'><strong>num:</strong></span> <span class='ocrx_word' id='word_1_371' title='bbox 658 4241 962 4293; x_wconf 76' lang='lat' dir='ltr'><strong>ostrmlens</strong></span> <span class='ocrx_word' id='word_1_372' title='bbox 991 4255 1089 4295; x_wconf 92' lang='lat' dir='ltr'><strong>sua</strong></span> <span class='ocrx_word' id='word_1_373' title='bbox 1117 4257 1239 4296; x_wconf 75' lang='lat' dir='ltr'><strong>esse</strong></span> <span class='ocrx_word' id='word_1_374' title='bbox 1276 4258 1439 4311; x_wconf 82' lang='lat' dir='ltr'><strong>parva</strong></span> <span class='ocrx_word' id='word_1_375' title='bbox 1488 4260 1552 4300; x_wconf 90' lang='lat' dir='ltr'><strong>ac</strong></span> <span class='ocrx_word' id='word_1_376' title='bbox 1595 4246 1742 4310; x_wconf 81' lang='lat' dir='ltr'><strong>vilia,</strong></span> <span class='ocrx_word' id='word_1_377' title='bbox 1776 4249 1818 4301; x_wconf 87' lang='lat' dir='ltr'><strong>si</strong></span> <span class='ocrx_word' id='word_1_378' title='bbox 1871 4250 1939 4304; x_wconf 86' lang='lat' dir='ltr'><strong>ad</strong></span> <span class='ocrx_word' id='word_1_379' title='bbox 1992 4267 2056 4306; x_wconf 89' lang='lat' dir='ltr'><strong>ea</strong></span> 
     </span>
    </p>
   </div>
   <div class='ocr_carea' id='block_1_57' title="bbox 461 4327 2058 4410">
    <p class='ocr_par' dir='ltr' id='par_1_57' title="bbox 461 4327 2058 4410">
     <span class='ocr_line' id='line_1_57' title="bbox 461 4327 2058 4410; baseline 0.013 -31"><span class='ocrx_word' id='word_1_380' title='bbox 461 4343 585 4396; x_wconf 76' lang='lat' dir='ltr'><strong>qua:</strong></span> <span class='ocrx_word' id='word_1_381' title='bbox 620 4327 768 4382; x_wconf 85' lang='lat' dir='ltr'><strong>illius</strong></span> <span class='ocrx_word' id='word_1_382' title='bbox 799 4340 976 4395; x_wconf 86' lang='lat' dir='ltr'><strong>erant.</strong></span> <span class='ocrx_word' id='word_1_383' title='bbox 1033 4334 1407 4389; x_wconf 79' lang='lat' dir='ltr'><strong>conferantur.</strong></span> <span class='ocrx_word' id='word_1_384' title='bbox 1447 4335 1581 4390; x_wconf 71' lang='lat' dir='ltr'><strong>Nam</strong></span> <span class='ocrx_word' id='word_1_385' title='bbox 1634 4339 1777 4393; x_wconf 89' lang='lat' dir='ltr'><strong>sicut</strong></span> <span class='ocrx_word' id='word_1_386' title='bbox 1804 4357 1899 4410; x_wconf 88' lang='lat' dir='ltr'><strong>per</strong></span> <span class='ocrx_word' id='word_1_387' title='bbox 1944 4358 2058 4399; x_wconf 65' lang='lat' dir='ltr'><strong>cae-</strong></span> 
     </span>
    </p>
   </div>
   <div class='ocr_carea' id='block_1_58' title="bbox 466 4418 2057 4500">
    <p class='ocr_par' dir='ltr' id='par_1_58' title="bbox 466 4418 2057 4500">
     <span class='ocr_line' id='line_1_58' title="bbox 466 4418 2057 4500; baseline 0.012 -29"><span class='ocrx_word' id='word_1_388' title='bbox 466 4418 579 4471; x_wconf 89' lang='lat' dir='ltr'><strong>lum</strong></span> <span class='ocrx_word' id='word_1_389' title='bbox 609 4418 880 4487; x_wconf 77' lang='lat' dir='ltr'><strong>signiﬁcat</strong></span> <span class='ocrx_word' id='word_1_390' title='bbox 906 4426 1207 4491; x_wconf 78' lang='lat' dir='ltr'><strong>excelsum,</strong></span> <span class='ocrx_word' id='word_1_391' title='bbox 1241 4425 1315 4481; x_wconf 85' lang='lat' dir='ltr'><strong>ita</strong></span> <span class='ocrx_word' id='word_1_392' title='bbox 1349 4441 1446 4495; x_wconf 89' lang='lat' dir='ltr'><strong>per</strong></span> <span class='ocrx_word' id='word_1_393' title='bbox 1477 4436 1677 4483; x_wconf 85' lang='lat' dir='ltr'><strong>terram</strong></span> <span class='ocrx_word' id='word_1_394' title='bbox 1735 4434 2057 4500; x_wconf 80' lang='lat' dir='ltr'><strong>depressum</strong></span> 
     </span>
    </p>
   </div>
   <div class='ocr_carea' id='block_1_59' title="bbox 463 4512 785 4569">
    <p class='ocr_par' dir='ltr' id='par_1_59' title="bbox 463 4512 785 4569">
     <span class='ocr_line' id='line_1_59' title="bbox 463 4512 785 4569; baseline 0.003 -3"><span class='ocrx_word' id='word_1_395' title='bbox 463 4528 527 4566; x_wconf 86' lang='lat' dir='ltr'><strong>ac</strong></span> <span class='ocrx_word' id='word_1_396' title='bbox 561 4512 785 4569; x_wconf 85' lang='lat' dir='ltr'><strong>humile.</strong></span> 
     </span>
    </p>
   </div>
   <div class='ocr_carea' id='block_1_60' title="bbox 537 4603 2058 4675">
    <p class='ocr_par' dir='ltr' id='par_1_60' title="bbox 537 4603 2058 4675">
     <span class='ocr_line' id='line_1_60' title="bbox 537 4603 2058 4675; baseline 0.007 -19"><span class='ocrx_word' id='word_1_397' title='bbox 537 4603 690 4657; x_wconf 78' lang='lat' dir='ltr'><strong>Vers.</strong></span> <span class='ocrx_word' id='word_1_398' title='bbox 725 4605 788 4660; x_wconf 77' lang='grc'><strong>51</strong></span> <span class='ocrx_word' id='word_1_399' title='bbox 846 4604 947 4671; x_wconf 84' lang='lat' dir='ltr'><strong>Qui</strong></span> <span class='ocrx_word' id='word_1_400' title='bbox 974 4636 1045 4645; x_wconf 92' lang='lat'><strong>——</strong></span> <span class='ocrx_word' id='word_1_401' title='bbox 1083 4618 1179 4661; x_wconf 77' lang='lat' dir='ltr'><strong>ut.</strong></span> <span class='ocrx_word' id='word_1_402' title='bbox 1217 4606 1368 4663; x_wconf 88' lang='lat' dir='ltr'><strong>Idem</strong></span> <span class='ocrx_word' id='word_1_403' title='bbox 1395 4625 1614 4665; x_wconf 89' lang='lat' dir='ltr'><strong>rursum</strong></span> <span class='ocrx_word' id='word_1_404' title='bbox 1660 4609 1814 4675; x_wconf 89' lang='lat' dir='ltr'><strong>dicit,</strong></span> <span class='ocrx_word' id='word_1_405' title='bbox 1848 4626 2058 4667; x_wconf 86' lang='lat' dir='ltr'><strong>sermo—</strong></span> 
     </span>
    </p>
   </div>
   <div class='ocr_carea' id='block_1_61' title="bbox 474 4701 989 4756">
    <p class='ocr_par' dir='ltr' id='par_1_61' title="bbox 474 4701 989 4756">
     <span class='ocr_line' id='line_1_61' title="bbox 474 4701 989 4756; baseline 0.004 -3"><span class='ocrx_word' id='word_1_406' title='bbox 474 4717 601 4753; x_wconf 65' lang='lat' dir='ltr'><strong>nem</strong></span> <span class='ocrx_word' id='word_1_407' title='bbox 638 4701 989 4756; x_wconf 74' lang='lat' dir='ltr'><strong>cmiﬁrtnans.</strong></span> 
     </span>
    </p>
   </div>
   <div class='ocr_carea' id='block_1_62' title="bbox 539 4794 2057 4869">
    <p class='ocr_par' dir='ltr' id='par_1_62' title="bbox 539 4794 2057 4869">
     <span class='ocr_line' id='line_1_62' title="bbox 539 4794 2057 4869; baseline 0.006 -23"><span class='ocrx_word' id='word_1_408' title='bbox 539 4794 691 4846; x_wconf 82' lang='lat' dir='ltr'><strong>Vers.</strong></span> <span class='ocrx_word' id='word_1_409' title='bbox 729 4795 819 4848; x_wconf 80' lang='lat'><strong>32.</strong></span> <span class='ocrx_word' id='word_1_410' title='bbox 867 4795 933 4848; x_wconf 83' lang='lat' dir='ltr'><strong>Et</strong></span> <span class='ocrx_word' id='word_1_411' title='bbox 973 4826 1043 4835; x_wconf 92' lang='lat'><strong>—-—</strong></span> <span class='ocrx_word' id='word_1_412' title='bbox 1081 4805 1390 4852; x_wconf 72' lang='lat' dir='ltr'><strong>attestatur.</strong></span> <span class='ocrx_word' id='word_1_413' title='bbox 1430 4798 1837 4869; x_wconf 85' lang='lat' dir='ltr'><strong>Metaphoricus</strong></span> <span class='ocrx_word' id='word_1_414' title='bbox 1873 4817 2057 4856; x_wconf 89' lang='lat' dir='ltr'><strong>sermo</strong></span> 
     </span>
    </p>
   </div>
   <div class='ocr_carea' id='block_1_63' title="bbox 465 4886 2058 4959">
    <p class='ocr_par' dir='ltr' id='par_1_63' title="bbox 465 4886 2058 4959">
     <span class='ocr_line' id='line_1_63' title="bbox 465 4886 2058 4959; baseline 0.007 -20"><span class='ocrx_word' id='word_1_415' title='bbox 465 4896 550 4940; x_wconf 76' lang='lat' dir='ltr'><strong>est</strong></span> <span class='ocrx_word' id='word_1_416' title='bbox 583 4890 649 4940; x_wconf 84' lang='lat' dir='ltr'><strong>ab</strong></span> <span class='ocrx_word' id='word_1_417' title='bbox 681 4886 791 4950; x_wconf 81' lang='lat' dir='ltr'><strong>his,</strong></span> <span class='ocrx_word' id='word_1_418' title='bbox 824 4890 915 4956; x_wconf 88' lang='lat' dir='ltr'><strong>qui</strong></span> <span class='ocrx_word' id='word_1_419' title='bbox 950 4905 1011 4942; x_wconf 83' lang='lat' dir='ltr'><strong>ea</strong></span> <span class='ocrx_word' id='word_1_420' title='bbox 1043 4906 1165 4959; x_wconf 68' lang='lat' dir='ltr'><strong>quae</strong></span> <span class='ocrx_word' id='word_1_421' title='bbox 1214 4893 1597 4955; x_wconf 71' lang='lat' dir='ltr'><strong>testiﬁcantur,</strong></span> <span class='ocrx_word' id='word_1_422' title='bbox 1630 4893 1751 4948; x_wconf 85' lang='lat' dir='ltr'><strong>visu</strong></span> <span class='ocrx_word' id='word_1_423' title='bbox 1787 4902 1838 4949; x_wconf 87' lang='lat' dir='ltr'><strong>et</strong></span> <span class='ocrx_word' id='word_1_424' title='bbox 1866 4895 2058 4949; x_wconf 86' lang='lat' dir='ltr'><strong>auditu</strong></span> 
     </span>
    </p>
   </div>
   <div class='ocr_carea' id='block_1_64' title="bbox 466 4979 2058 5055">
    <p class='ocr_par' dir='ltr' id='par_1_64' title="bbox 466 4979 2058 5055">
     <span class='ocr_line' id='line_1_64' title="bbox 466 4979 2058 5055; baseline 0.005 -23"><span class='ocrx_word' id='word_1_425' title='bbox 466 4989 819 5049; x_wconf 79' lang='lat' dir='ltr'><strong>acceperunt.</strong></span> <span class='ocrx_word' id='word_1_426' title='bbox 852 4979 1038 5049; x_wconf 85' lang='lat' dir='ltr'><strong>Neque</strong></span> <span class='ocrx_word' id='word_1_427' title='bbox 1071 4984 1216 5036; x_wconf 89' lang='lat' dir='ltr'><strong>enim</strong></span> <span class='ocrx_word' id='word_1_428' title='bbox 1250 4982 1352 5053; x_wconf 90' lang='lat' dir='ltr'><strong>ipsi</strong></span> <span class='ocrx_word' id='word_1_429' title='bbox 1389 5000 1529 5053; x_wconf 91' lang='lat' dir='ltr'><strong>opus</strong></span> <span class='ocrx_word' id='word_1_430' title='bbox 1554 4994 1674 5040; x_wconf 84' lang='lat' dir='ltr'><strong>erat</strong></span> <span class='ocrx_word' id='word_1_431' title='bbox 1722 4986 2058 5055; x_wconf 76' lang='lat' dir='ltr'><strong>cognitione,</strong></span> 
     </span>
    </p>
   </div>
   <div class='ocr_carea' id='block_1_65' title="bbox 467 5076 2059 5147">
    <p class='ocr_par' dir='ltr' id='par_1_65' title="bbox 467 5076 2059 5147">
     <span class='ocr_line' id='line_1_65' title="bbox 467 5076 2059 5147; baseline 0.006 -23"><span class='ocrx_word' id='word_1_432' title='bbox 467 5090 589 5142; x_wconf 81' lang='lat' dir='ltr'><strong>quae</strong></span> <span class='ocrx_word' id='word_1_433' title='bbox 634 5092 663 5129; x_wconf 91' lang='lat' dir='ltr'><strong>a</strong></span> <span class='ocrx_word' id='word_1_434' title='bbox 700 5076 818 5129; x_wconf 82' lang='lat' dir='ltr'><strong>visu</strong></span> <span class='ocrx_word' id='word_1_435' title='bbox 846 5076 931 5129; x_wconf 79' lang='lat' dir='ltr'><strong>vel</strong></span> <span class='ocrx_word' id='word_1_436' title='bbox 964 5078 1153 5131; x_wconf 83' lang='lat' dir='ltr'><strong>auditu</strong></span> <span class='ocrx_word' id='word_1_437' title='bbox 1187 5079 1535 5147; x_wconf 86' lang='lat' dir='ltr'><strong>procederet,</strong></span> <span class='ocrx_word' id='word_1_438' title='bbox 1568 5095 1695 5136; x_wconf 91' lang='lat' dir='ltr'><strong>cum</strong></span> <span class='ocrx_word' id='word_1_439' title='bbox 1728 5089 1925 5134; x_wconf 87' lang='lat' dir='ltr'><strong>natura</strong></span> <span class='ocrx_word' id='word_1_440' title='bbox 1950 5083 2059 5136; x_wconf 83' lang='lat' dir='ltr'><strong>sci-</strong></span> 
     </span>
    </p>
   </div>
   <div class='ocr_carea' id='block_1_66' title="bbox 472 5167 2061 5241">
    <p class='ocr_par' dir='ltr' id='par_1_66' title="bbox 472 5167 2061 5241">
     <span class='ocr_line' id='line_1_66' title="bbox 472 5167 2061 5241; baseline 0.006 -24"><span class='ocrx_word' id='word_1_441' title='bbox 472 5176 555 5219; x_wconf 85' lang='lat' dir='ltr'><strong>ret</strong></span> <span class='ocrx_word' id='word_1_442' title='bbox 586 5167 789 5232; x_wconf 85' lang='lat' dir='ltr'><strong>omnia,</strong></span> <span class='ocrx_word' id='word_1_443' title='bbox 825 5176 1013 5238; x_wconf 87' lang='lat' dir='ltr'><strong>utpote</strong></span> <span class='ocrx_word' id='word_1_444' title='bbox 1037 5169 1315 5238; x_wconf 85' lang='lat' dir='ltr'><strong>perfectus</strong></span> <span class='ocrx_word' id='word_1_445' title='bbox 1349 5170 1513 5235; x_wconf 86' lang='lat' dir='ltr'><strong>Deus,</strong></span> <span class='ocrx_word' id='word_1_446' title='bbox 1554 5173 1646 5241; x_wconf 90' lang='lat' dir='ltr'><strong>qui</strong></span> <span class='ocrx_word' id='word_1_447' title='bbox 1701 5172 1856 5227; x_wconf 91' lang='lat' dir='ltr'><strong>nullo</strong></span> <span class='ocrx_word' id='word_1_448' title='bbox 1911 5172 2061 5227; x_wconf 87' lang='lat' dir='ltr'><strong>indi-</strong></span> 
     </span>
    </p>
   </div>
   <div class='ocr_carea' id='block_1_67' title="bbox 472 5263 2063 5337">
    <p class='ocr_par' dir='ltr' id='par_1_67' title="bbox 472 5263 2063 5337">
     <span class='ocr_line' id='line_1_67' title="bbox 472 5263 2063 5337; baseline 0.005 -23"><span class='ocrx_word' id='word_1_449' title='bbox 472 5274 560 5330; x_wconf 75' lang='lat' dir='ltr'><strong>get</strong></span> <span class='ocrx_word' id='word_1_450' title='bbox 588 5263 682 5317; x_wconf 86' lang='lat' dir='ltr'><strong>sed</strong></span> <span class='ocrx_word' id='word_1_451' title='bbox 715 5264 838 5333; x_wconf 83' lang='lat' dir='ltr'><strong>quia</strong></span> <span class='ocrx_word' id='word_1_452' title='bbox 864 5264 1104 5334; x_wconf 82' lang='lat' dir='ltr'><strong>perfecta</strong></span> <span class='ocrx_word' id='word_1_453' title='bbox 1148 5265 1202 5320; x_wconf 89' lang='lat' dir='ltr'><strong>in</strong></span> <span class='ocrx_word' id='word_1_454' title='bbox 1238 5266 1397 5322; x_wconf 83' lang='lat' dir='ltr'><strong>nobis</strong></span> <span class='ocrx_word' id='word_1_455' title='bbox 1427 5268 1669 5337; x_wconf 77' lang='lat' dir='ltr'><strong>cognitio</strong></span> <span class='ocrx_word' id='word_1_456' title='bbox 1697 5268 1766 5322; x_wconf 88' lang='lat' dir='ltr'><strong>ab</strong></span> <span class='ocrx_word' id='word_1_457' title='bbox 1795 5266 1881 5322; x_wconf 87' lang='lat' dir='ltr'><strong>his</strong></span> <span class='ocrx_word' id='word_1_458' title='bbox 1928 5284 2063 5337; x_wconf 85' lang='lat' dir='ltr'><strong>pro-</strong></span> 
     </span>
    </p>
   </div>
   <div class='ocr_carea' id='block_1_68' title="bbox 472 5354 2059 5432">
    <p class='ocr_par' dir='ltr' id='par_1_68' title="bbox 472 5354 2059 5432">
     <span class='ocr_line' id='line_1_68' title="bbox 472 5354 2059 5432; baseline 0.006 -27"><span class='ocrx_word' id='word_1_459' title='bbox 472 5354 712 5421; x_wconf 81' lang='lat' dir='ltr'><strong>ducitur,</strong></span> <span class='ocrx_word' id='word_1_460' title='bbox 746 5365 907 5424; x_wconf 87' lang='lat' dir='ltr'><strong>atque</strong></span> <span class='ocrx_word' id='word_1_461' title='bbox 930 5357 1089 5411; x_wconf 78' lang='lat' dir='ltr'><strong>illum</strong></span> <span class='ocrx_word' id='word_1_462' title='bbox 1108 5358 1420 5426; x_wconf 75' lang='lat' dir='ltr'><strong>iudicamus</strong></span> <span class='ocrx_word' id='word_1_463' title='bbox 1450 5359 1554 5415; x_wconf 83' lang='lat' dir='ltr'><strong>ﬁde</strong></span> <span class='ocrx_word' id='word_1_464' title='bbox 1576 5360 1824 5432; x_wconf 87' lang='lat' dir='ltr'><strong>dignum,</strong></span> <span class='ocrx_word' id='word_1_465' title='bbox 1857 5359 1949 5429; x_wconf 91' lang='lat' dir='ltr'><strong>qui</strong></span> <span class='ocrx_word' id='word_1_466' title='bbox 1972 5374 2059 5425; x_wconf 77' lang='lat' dir='ltr'><strong>ea,</strong></span> 
     </span>
    </p>
   </div>
   <div class='ocr_carea' id='block_1_69' title="bbox 472 5446 2057 5522">
    <p class='ocr_par' dir='ltr' id='par_1_69' title="bbox 472 5446 2057 5522">
     <span class='ocr_line' id='line_1_69' title="bbox 472 5446 2057 5522; baseline 0.006 -24"><span class='ocrx_word' id='word_1_467' title='bbox 472 5446 540 5500; x_wconf 82' lang='lat' dir='ltr'><strong>de</strong></span> <span class='ocrx_word' id='word_1_468' title='bbox 578 5448 777 5518; x_wconf 88' lang='lat' dir='ltr'><strong>quibus</strong></span> <span class='ocrx_word' id='word_1_469' title='bbox 807 5449 1151 5517; x_wconf 80' lang='lat' dir='ltr'><strong>testiﬁcatur,</strong></span> <span class='ocrx_word' id='word_1_470' title='bbox 1196 5452 1317 5507; x_wconf 80' lang='lat' dir='ltr'><strong>visu</strong></span> <span class='ocrx_word' id='word_1_471' title='bbox 1358 5453 1570 5522; x_wconf 86' lang='lat' dir='ltr'><strong>accepit</strong></span> <span class='ocrx_word' id='word_1_472' title='bbox 1598 5454 1683 5507; x_wconf 83' lang='lat' dir='ltr'><strong>vel</strong></span> <span class='ocrx_word' id='word_1_473' title='bbox 1737 5452 1951 5508; x_wconf 87' lang='lat' dir='ltr'><strong>auditu:</strong></span> <span class='ocrx_word' id='word_1_474' title='bbox 1985 5453 2057 5507; x_wconf 88' lang='lat' dir='ltr'><strong>ab</strong></span> 
     </span>
    </p>
   </div>
   <div class='ocr_carea' id='block_1_70' title="bbox 578 5629 1112 5701">
    <p class='ocr_par' dir='ltr' id='par_1_70' title="bbox 578 5629 1112 5701">
     <span class='ocr_line' id='line_1_70' title="bbox 578 5629 1112 5701; baseline 0.011 -17"><span class='ocrx_word' id='word_1_475' title='bbox 578 5631 627 5665; x_wconf 83' lang='grc'><strong>⁸⁸</strong></span> <span class='ocrx_word' id='word_1_476' title='bbox 664 5629 892 5701; x_wconf 76' lang='lat' dir='ltr'><strong>Joan.r,</strong></span> <span class='ocrx_word' id='word_1_477' title='bbox 925 5634 980 5700; x_wconf 91' lang='lat'><strong>8,</strong></span> <span class='ocrx_word' id='word_1_478' title='bbox 1027 5635 1112 5690; x_wconf 75' lang='grc'><strong>12.</strong></span> 
     </span>
    </p>
   </div>
   <div class='ocr_carea' id='block_1_71' title="bbox 2132 1937 3716 2015">
    <p class='ocr_par' dir='ltr' id='par_1_71' title="bbox 2132 1937 3716 2015">
     <span class='ocr_line' id='line_1_71' title="bbox 2132 1937 3716 2015; baseline -0.008 -16"><span class='ocrx_word' id='word_1_479' title='bbox 2132 1946 2317 2005; x_wconf 76' lang='grc' dir='ltr'>αὐτῶν</span> <span class='ocrx_word' id='word_1_480' title='bbox 2377 1946 2743 2015; x_wconf 70' lang='grc' dir='ltr'>ἐσωφρόνισε.</span> <span class='ocrx_word' id='word_1_481' title='bbox 2805 1948 2902 1997; x_wconf 77' lang='grc' dir='ltr'><strong>καὶ</strong></span> <span class='ocrx_word' id='word_1_482' title='bbox 2965 1943 3255 2003; x_wconf 77' lang='grc' dir='ltr'>ἀδυνάτοις</span> <span class='ocrx_word' id='word_1_483' title='bbox 3298 1937 3716 2009; x_wconf 73' lang='grc' dir='ltr'>ἐπιχειροῦντας</span> 
     </span>
    </p>
   </div>
   <div class='ocr_carea' id='block_1_72' title="bbox 2132 2028 3718 2108">
    <p class='ocr_par' dir='ltr' id='par_1_72' title="bbox 2132 2028 3718 2108">
     <span class='ocr_line' id='line_1_72' title="bbox 2132 2028 3718 2108; baseline -0.008 -17"><span class='ocrx_word' id='word_1_484' title='bbox 2132 2038 2339 2105; x_wconf 75' lang='grc' dir='ltr'>ἔδειξες</span> <span class='ocrx_word' id='word_1_485' title='bbox 2379 2039 2478 2091; x_wconf 74' lang='grc' dir='ltr'>Διὰ</span> <span class='ocrx_word' id='word_1_486' title='bbox 2510 2039 2670 2091; x_wconf 75' lang='grc' dir='ltr'>τοῦτο</span> <span class='ocrx_word' id='word_1_487' title='bbox 2706 2037 2816 2108; x_wconf 75' lang='grc' dir='ltr'><strong>γὰρ</strong></span> <span class='ocrx_word' id='word_1_488' title='bbox 2852 2038 2947 2089; x_wconf 78' lang='grc' dir='ltr'><strong>καὶ</strong></span> <span class='ocrx_word' id='word_1_489' title='bbox 2986 2034 3341 2106; x_wconf 81' lang='grc' dir='ltr'><strong>ᾠκονομὴθη.</strong></span> <span class='ocrx_word' id='word_1_490' title='bbox 3380 2032 3461 2086; x_wconf 72' lang='grc' dir='ltr'>ἔτι</span> <span class='ocrx_word' id='word_1_491' title='bbox 3510 2028 3718 2094; x_wconf 79' lang='grc' dir='ltr'>ζῶντος</span> 
     </span>
    </p>
   </div>
   <div class='ocr_carea' id='block_1_73' title="bbox 2132 2124 3717 2199">
    <p class='ocr_par' dir='ltr' id='par_1_73' title="bbox 2132 2124 3717 2199">
     <span class='ocr_line' id='line_1_73' title="bbox 2132 2124 3717 2199; baseline -0.006 -16"><span class='ocrx_word' id='word_1_492' title='bbox 2132 2129 2297 2183; x_wconf 80' lang='grc' dir='ltr'>αὑτοῦ</span> <span class='ocrx_word' id='word_1_493' title='bbox 2324 2131 2420 2183; x_wconf 79' lang='grc' dir='ltr'><strong>καὶ</strong></span> <span class='ocrx_word' id='word_1_494' title='bbox 2456 2128 2837 2199; x_wconf 78' lang='grc' dir='ltr'>βαπτίζοντος,</span> <span class='ocrx_word' id='word_1_495' title='bbox 2885 2126 3059 2180; x_wconf 88' lang='grc' dir='ltr'>ταῦτα</span> <span class='ocrx_word' id='word_1_496' title='bbox 3101 2127 3378 2196; x_wconf 78' lang='grc' dir='ltr'>γενέσθαι,</span> <span class='ocrx_word' id='word_1_497' title='bbox 3422 2125 3509 2179; x_wconf 73' lang='grc' dir='ltr'><strong>ἵνα</strong></span> <span class='ocrx_word' id='word_1_498' title='bbox 3553 2124 3717 2177; x_wconf 70' lang='grc' dir='ltr'>αὑτὶν</span> 
     </span>
    </p>
   </div>
   <div class='ocr_carea' id='block_1_74' title="bbox 2132 2219 3720 2291">
    <p class='ocr_par' dir='ltr' id='par_1_74' title="bbox 2132 2219 3720 2291">
     <span class='ocr_line' id='line_1_74' title="bbox 2132 2219 3720 2291; baseline -0.003 -16"><span class='ocrx_word' id='word_1_499' title='bbox 2132 2223 2450 2284; x_wconf 79' lang='grc' dir='ltr'>ἀξιόπιστον</span> <span class='ocrx_word' id='word_1_500' title='bbox 2482 2222 2741 2291; x_wconf 84' lang='grc' dir='ltr'>μάρτυρα</span> <span class='ocrx_word' id='word_1_501' title='bbox 2792 2221 2890 2290; x_wconf 77' lang='grc' dir='ltr'>τῆς</span> <span class='ocrx_word' id='word_1_502' title='bbox 2925 2221 3203 2289; x_wconf 77' lang='grc' dir='ltr'>ὑπεροχῆς</span> <span class='ocrx_word' id='word_1_503' title='bbox 3238 2219 3427 2288; x_wconf 75' lang='grc' dir='ltr'>ἔχωσι,</span> <span class='ocrx_word' id='word_1_504' title='bbox 3486 2219 3581 2271; x_wconf 71' lang='grc' dir='ltr'><strong>καὶ</strong></span> <span class='ocrx_word' id='word_1_505' title='bbox 3615 2234 3720 2287; x_wconf 80' lang='grc' dir='ltr'><strong>μη·</strong></span> 
     </span>
    </p>
   </div>
   <div class='ocr_carea' id='block_1_75' title="bbox 2132 2310 3719 2383">
    <p class='ocr_par' dir='ltr' id='par_1_75' title="bbox 2132 2310 3719 2383">
     <span class='ocr_line' id='line_1_75' title="bbox 2132 2310 3719 2383; baseline -0.004 -16"><span class='ocrx_word' id='word_1_506' title='bbox 2132 2313 2299 2382; x_wconf 85' lang='grc' dir='ltr'>δεμία</span> <span class='ocrx_word' id='word_1_507' title='bbox 2351 2312 2563 2375; x_wconf 76' lang='grc' dir='ltr'>τούτοις</span> <span class='ocrx_word' id='word_1_508' title='bbox 2616 2312 2901 2381; x_wconf 76' lang='grc' dir='ltr'>ἀντιλογία</span> <span class='ocrx_word' id='word_1_509' title='bbox 2961 2311 3370 2383; x_wconf 84' lang='grc' dir='ltr'>περιλειφθείη.</span> <span class='ocrx_word' id='word_1_510' title='bbox 3422 2311 3559 2364; x_wconf 73' lang='grc' dir='ltr'><strong>Οὐδὲ</strong></span> <span class='ocrx_word' id='word_1_511' title='bbox 3610 2310 3719 2380; x_wconf 76' lang='grc' dir='ltr'><strong>γὰρ</strong></span> 
     </span>
    </p>
   </div>
   <div class='ocr_carea' id='block_1_76' title="bbox 2135 2401 3694 2474">
    <p class='ocr_par' dir='ltr' id='par_1_76' title="bbox 2135 2401 3694 2474">
     <span class='ocr_line' id='line_1_76' title="bbox 2135 2401 3694 2474; baseline -0.001 -15"><span class='ocrx_word' id='word_1_512' title='bbox 2135 2407 2231 2474; x_wconf 77' lang='grc' dir='ltr'><strong>ἀφ’</strong></span> <span class='ocrx_word' id='word_1_513' title='bbox 2274 2404 2473 2459; x_wconf 78' lang='grc' dir='ltr'>ἑαυτοῦ</span> <span class='ocrx_word' id='word_1_514' title='bbox 2532 2404 2711 2460; x_wconf 85' lang='grc' dir='ltr'>ταῦτα</span> <span class='ocrx_word' id='word_1_515' title='bbox 2767 2401 2946 2469; x_wconf 79' lang='grc' dir='ltr'>εἶπεν,</span> <span class='ocrx_word' id='word_1_516' title='bbox 2991 2404 3105 2459; x_wconf 81' lang='grc' dir='ltr'>ἀλλ’</span> <span class='ocrx_word' id='word_1_517' title='bbox 3160 2403 3388 2458; x_wconf 71' lang='grc' dir='ltr'>ἐκείνων</span> <span class='ocrx_word' id='word_1_518' title='bbox 3436 2420 3694 2474; x_wconf 74' lang='grc' dir='ltr'>παρορμη</span> 
     </span>
    </p>
   </div>
   <div class='ocr_carea' id='block_1_77' title="bbox 2138 2498 2370 2551">
    <p class='ocr_par' dir='ltr' id='par_1_77' title="bbox 2138 2498 2370 2551">
     <span class='ocr_line' id='line_1_77' title="bbox 2138 2498 2370 2551; baseline 0 0"><span class='ocrx_word' id='word_1_519' title='bbox 2138 2498 2370 2551; x_wconf 82' lang='grc' dir='ltr'>σάντων.</span> 
     </span>
    </p>
   </div>
   <div class='ocr_carea' id='block_1_78' title="bbox 2218 2582 3720 2659">
    <p class='ocr_par' dir='ltr' id='par_1_78' title="bbox 2218 2582 3720 2659">
     <span class='ocr_line' id='line_1_78' title="bbox 2218 2582 3720 2659; baseline -0.004 -17"><span class='ocrx_word' id='word_1_520' title='bbox 2218 2589 2283 2642; x_wconf 91' lang='lat'><strong>&#39;0</strong></span> <span class='ocrx_word' id='word_1_521' title='bbox 2302 2620 2373 2629; x_wconf 94' lang='lat'><strong>-—</strong></span> <span class='ocrx_word' id='word_1_522' title='bbox 2403 2588 2597 2643; x_wconf 78' lang='grc' dir='ltr'>ἐστίν.</span> <span class='ocrx_word' id='word_1_523' title='bbox 2644 2582 2703 2641; x_wconf 83' lang='grc' dir='ltr'>Ὀ</span> <span class='ocrx_word' id='word_1_524' title='bbox 2736 2588 3063 2659; x_wconf 76' lang='grc' dir='ltr'>ἐπουράνιος</span> <span class='ocrx_word' id='word_1_525' title='bbox 3106 2587 3311 2657; x_wconf 75' lang='grc' dir='ltr'>μείζων</span> <span class='ocrx_word' id='word_1_526' title='bbox 3338 2585 3559 2640; x_wconf 78' lang='grc' dir='ltr'>πάντων</span> <span class='ocrx_word' id='word_1_527' title='bbox 3582 2586 3720 2647; x_wconf 73' lang='grc' dir='ltr'>ἐστὶ,</span> 
     </span>
    </p>
   </div>
   <div class='ocr_carea' id='block_1_79' title="bbox 2134 2680 3085 2747">
    <p class='ocr_par' dir='ltr' id='par_1_79' title="bbox 2134 2680 3085 2747">
     <span class='ocr_line' id='line_1_79' title="bbox 2134 2680 3085 2747; baseline -0.002 -12"><span class='ocrx_word' id='word_1_528' title='bbox 2134 2682 2224 2735; x_wconf 71' lang='grc' dir='ltr'>διὰ</span> <span class='ocrx_word' id='word_1_529' title='bbox 2256 2681 2414 2735; x_wconf 87' lang='grc' dir='ltr'>τοῦτο</span> <span class='ocrx_word' id='word_1_530' title='bbox 2438 2682 2597 2747; x_wconf 75' lang='grc' dir='ltr'><strong>κάγὼ</strong></span> <span class='ocrx_word' id='word_1_531' title='bbox 2629 2681 2871 2734; x_wconf 73' lang='grc' dir='ltr'>ἐλάττων</span> <span class='ocrx_word' id='word_1_532' title='bbox 2897 2680 3085 2735; x_wconf 65' lang='grc' dir='ltr'>αὑτοῦ.</span> 
     </span>
    </p>
   </div>
   <div class='ocr_carea' id='block_1_80' title="bbox 2210 2770 3723 2843">
    <p class='ocr_par' dir='ltr' id='par_1_80' title="bbox 2210 2770 3723 2843">
     <span class='ocr_line' id='line_1_80' title="bbox 2210 2770 3723 2843; baseline -0.004 -15"><span class='ocrx_word' id='word_1_533' title='bbox 2210 2776 2279 2828; x_wconf 85' lang='grc' dir='ltr'><em>Ἢ</em></span> <span class='ocrx_word' id='word_1_534' title='bbox 2322 2775 2415 2828; x_wconf 65' lang='grc' dir='ltr'><strong>καὶ⁸</strong></span> <span class='ocrx_word' id='word_1_535' title='bbox 2447 2776 2651 2843; x_wconf 69' lang='grc' dir='ltr'>ἑτέρως</span> <span class='ocrx_word' id='word_1_536' title='bbox 2691 2791 2706 2807; x_wconf 78' lang='grc' dir='ltr'><strong>ο</strong></span> <span class='ocrx_word' id='word_1_537' title='bbox 2748 2773 2807 2826; x_wconf 86' lang='lat'><strong>&#39;0</strong></span> <span class='ocrx_word' id='word_1_538' title='bbox 2862 2774 3197 2841; x_wconf 77' lang='grc' dir='ltr'>ἐπουράνιος</span> <span class='ocrx_word' id='word_1_539' title='bbox 3247 2771 3555 2843; x_wconf 80' lang='grc' dir='ltr'>ἀπροσδεὴς</span> <span class='ocrx_word' id='word_1_540' title='bbox 3588 2770 3723 2823; x_wconf 84' lang='grc' dir='ltr'>πάν-</span> 
     </span>
    </p>
   </div>
   <div class='ocr_carea' id='block_1_81' title="bbox 2136 2862 3725 2934">
    <p class='ocr_par' dir='ltr' id='par_1_81' title="bbox 2136 2862 3725 2934">
     <span class='ocr_line' id='line_1_81' title="bbox 2136 2862 3725 2934; baseline -0.004 -14"><span class='ocrx_word' id='word_1_541' title='bbox 2136 2884 2247 2920; x_wconf 90' lang='grc' dir='ltr'><strong>των</strong></span> <span class='ocrx_word' id='word_1_542' title='bbox 2276 2867 2418 2929; x_wconf 70' lang='grc' dir='ltr'>ἐστὶ,</span> <span class='ocrx_word' id='word_1_543' title='bbox 2457 2866 2545 2920; x_wconf 81' lang='grc' dir='ltr'><strong>διὰ</strong></span> <span class='ocrx_word' id='word_1_544' title='bbox 2578 2862 2739 2919; x_wconf 79' lang='grc' dir='ltr'>τοῦτο</span> <span class='ocrx_word' id='word_1_545' title='bbox 2770 2864 2890 2918; x_wconf 72' lang='grc' dir='ltr'><strong>οὐδὲ</strong></span> <span class='ocrx_word' id='word_1_546' title='bbox 2922 2865 3023 2933; x_wconf 86' lang='grc' dir='ltr'>τῆς</span> <span class='ocrx_word' id='word_1_547' title='bbox 3052 2865 3193 2934; x_wconf 77' lang='grc' dir='ltr'><strong>ἐμῆς</strong></span> <span class='ocrx_word' id='word_1_548' title='bbox 3233 2864 3555 2933; x_wconf 79' lang='grc' dir='ltr'>προσδεῖται</span> <span class='ocrx_word' id='word_1_549' title='bbox 3592 2879 3725 2933; x_wconf 79' lang='grc' dir='ltr'>μαρ-</span> 
     </span>
    </p>
   </div>
   <div class='ocr_carea' id='block_1_82' title="bbox 2137 2955 2999 3029">
    <p class='ocr_par' dir='ltr' id='par_1_82' title="bbox 2137 2955 2999 3029">
     <span class='ocr_line' id='line_1_82' title="bbox 2137 2955 2999 3029; baseline 0.001 -18"><span class='ocrx_word' id='word_1_550' title='bbox 2137 2960 2355 3029; x_wconf 85' lang='grc' dir='ltr'>τυρίας,</span> <span class='ocrx_word' id='word_1_551' title='bbox 2384 2958 2547 3021; x_wconf 77' lang='grc' dir='ltr'>αὐτὸς</span> <span class='ocrx_word' id='word_1_552' title='bbox 2574 2957 2757 3027; x_wconf 78' lang='grc' dir='ltr'>ἑαυτῷ</span> <span class='ocrx_word' id='word_1_553' title='bbox 2789 2955 2999 3027; x_wconf 81' lang='grc' dir='ltr'><strong>ἀρκῶν.</strong></span> 
     </span>
    </p>
   </div>
   <div class='ocr_carea' id='block_1_83' title="bbox 2222 3044 3726 3117">
    <p class='ocr_par' dir='ltr' id='par_1_83' title="bbox 2222 3044 3726 3117">
     <span class='ocr_line' id='line_1_83' title="bbox 2222 3044 3726 3117; baseline -0.005 -13"><span class='ocrx_word' id='word_1_554' title='bbox 2222 3051 2287 3104; x_wconf 83' lang='lat'><strong>&#39;0</strong></span> <span class='ocrx_word' id='word_1_555' title='bbox 2318 3082 2385 3092; x_wconf 93' lang='lat'><strong>—</strong></span> <span class='ocrx_word' id='word_1_556' title='bbox 2411 3050 2605 3105; x_wconf 77' lang='grc' dir='ltr'>ἐστίν.</span> <span class='ocrx_word' id='word_1_557' title='bbox 2640 3051 2855 3117; x_wconf 79' lang='grc' dir='ltr'>Ὠσπερ</span> <span class='ocrx_word' id='word_1_558' title='bbox 2884 3052 3065 3102; x_wconf 74' lang='grc' dir='ltr'>ἐκεῖνο</span> <span class='ocrx_word' id='word_1_559' title='bbox 3111 3049 3242 3117; x_wconf 77' lang='grc' dir='ltr'>περὶ</span> <span class='ocrx_word' id='word_1_560' title='bbox 3290 3047 3527 3107; x_wconf 66' lang='grc' dir='ltr'><strong>ἐκείνου.</strong></span> <span class='ocrx_word' id='word_1_561' title='bbox 3583 3044 3726 3098; x_wconf 74' lang='grc' dir='ltr'>οὕτω</span> 
     </span>
    </p>
   </div>
   <div class='ocr_carea' id='block_1_84' title="bbox 2142 3136 3727 3211">
    <p class='ocr_par' dir='ltr' id='par_1_84' title="bbox 2142 3136 3727 3211">
     <span class='ocr_line' id='line_1_84' title="bbox 2142 3136 3727 3211; baseline -0.005 -16"><span class='ocrx_word' id='word_1_562' title='bbox 2142 3143 2424 3197; x_wconf 78' lang='grc' dir='ltr'>καὶτοῦτο</span> <span class='ocrx_word' id='word_1_563' title='bbox 2452 3143 2582 3211; x_wconf 69' lang='grc' dir='ltr'>περὶ</span> <span class='ocrx_word' id='word_1_564' title='bbox 2615 3140 2727 3210; x_wconf 72' lang='grc'><strong>(47)</strong></span> <span class='ocrx_word' id='word_1_565' title='bbox 2757 3139 2957 3193; x_wconf 78' lang='grc' dir='ltr'>ἑαυτοῦ</span> <span class='ocrx_word' id='word_1_566' title='bbox 2995 3138 3165 3205; x_wconf 79' lang='grc' dir='ltr'>λέγει,</span> <span class='ocrx_word' id='word_1_567' title='bbox 3196 3138 3278 3191; x_wconf 85' lang='grc' dir='ltr'>ὅτι</span> <span class='ocrx_word' id='word_1_568' title='bbox 3324 3138 3352 3191; x_wconf 88' lang='grc' dir='ltr'>ὁ</span> <span class='ocrx_word' id='word_1_569' title='bbox 3400 3136 3477 3189; x_wconf 79' lang='grc' dir='ltr'>ὢν</span> <span class='ocrx_word' id='word_1_570' title='bbox 3517 3138 3581 3189; x_wconf 67' lang='grc' dir='ltr'><strong>ἐκ</strong></span> <span class='ocrx_word' id='word_1_571' title='bbox 3628 3136 3727 3203; x_wconf 83' lang='grc' dir='ltr'>τῆς</span> 
     </span>
    </p>
   </div>
   <div class='ocr_carea' id='block_1_85' title="bbox 2148 3228 3735 3305">
    <p class='ocr_par' dir='ltr' id='par_1_85' title="bbox 2148 3228 3735 3305">
     <span class='ocr_line' id='line_1_85' title="bbox 2148 3228 3735 3305; baseline -0.007 -17"><span class='ocrx_word' id='word_1_572' title='bbox 2148 3236 2250 3305; x_wconf 76' lang='grc' dir='ltr'><strong>γῆς</strong></span> <span class='ocrx_word' id='word_1_573' title='bbox 2279 3237 2344 3288; x_wconf 67' lang='grc' dir='ltr'>ιιι</span> <span class='ocrx_word' id='word_1_574' title='bbox 2393 3234 2490 3303; x_wconf 82' lang='grc' dir='ltr'><strong>τῆς</strong></span> <span class='ocrx_word' id='word_1_575' title='bbox 2513 3233 2618 3303; x_wconf 83' lang='grc' dir='ltr'>γῆς</span> <span class='ocrx_word' id='word_1_576' title='bbox 2650 3233 2819 3295; x_wconf 76' lang='grc' dir='ltr'>ἐστιν,</span> <span class='ocrx_word' id='word_1_577' title='bbox 2859 3233 3030 3301; x_wconf 78' lang='grc' dir='ltr'>ἧγουν</span> <span class='ocrx_word' id='word_1_578' title='bbox 3064 3231 3323 3285; x_wconf 78' lang='grc' dir='ltr'>ὑποκάτω</span> <span class='ocrx_word' id='word_1_579' title='bbox 3357 3228 3591 3281; x_wconf 70' lang='grc' dir='ltr'>ἐκείνου.</span> <span class='ocrx_word' id='word_1_580' title='bbox 3626 3228 3735 3279; x_wconf 84' lang='grc' dir='ltr'><strong>Καὶ</strong></span> 
     </span>
    </p>
   </div>
   <div class='ocr_carea' id='block_1_86' title="bbox 2148 3318 3734 3398">
    <p class='ocr_par' dir='ltr' id='par_1_86' title="bbox 2148 3318 3734 3398">
     <span class='ocr_line' id='line_1_86' title="bbox 2148 3318 3734 3398; baseline -0.006 -17"><span class='ocrx_word' id='word_1_581' title='bbox 2148 3329 2260 3398; x_wconf 76' lang='grc' dir='ltr'>γὰρ</span> <span class='ocrx_word' id='word_1_582' title='bbox 2287 3327 2384 3387; x_wconf 73' lang='grc' dir='ltr'><strong>καὶ</strong></span> <span class='ocrx_word' id='word_1_583' title='bbox 2412 3329 2440 3381; x_wconf 77' lang='grc' dir='ltr'>ὁ</span> <span class='ocrx_word' id='word_1_584' title='bbox 2474 3324 2704 3396; x_wconf 80' lang='grc' dir='ltr'>οὐρανὸς</span> <span class='ocrx_word' id='word_1_585' title='bbox 2748 3322 2849 3394; x_wconf 71' lang='grc' dir='ltr'><strong>μὲν</strong></span> <span class='ocrx_word' id='word_1_586' title='bbox 2899 3323 3090 3377; x_wconf 70' lang='grc' dir='ltr'>ἐπάνω</span> <span class='ocrx_word' id='word_1_587' title='bbox 3116 3323 3212 3377; x_wconf 77' lang='grc' dir='ltr'><strong>καὶ</strong></span> <span class='ocrx_word' id='word_1_588' title='bbox 3235 3321 3463 3391; x_wconf 79' lang='grc' dir='ltr'>ὑψηλὸς,</span> <span class='ocrx_word' id='word_1_589' title='bbox 3523 3321 3555 3391; x_wconf 76' lang='grc' dir='ltr'><strong>ἡ</strong></span> <span class='ocrx_word' id='word_1_590' title='bbox 3580 3319 3651 3388; x_wconf 77' lang='grc' dir='ltr'>γῆ</span> <span class='ocrx_word' id='word_1_591' title='bbox 3677 3318 3734 3372; x_wconf 71' lang='grc' dir='ltr'><strong>δὲ</strong></span> 
     </span>
    </p>
   </div>
   <div class='ocr_carea' id='block_1_87' title="bbox 2150 3417 2820 3487">
    <p class='ocr_par' dir='ltr' id='par_1_87' title="bbox 2150 3417 2820 3487">
     <span class='ocr_line' id='line_1_87' title="bbox 2150 3417 2820 3487; baseline -0.007 -12"><span class='ocrx_word' id='word_1_592' title='bbox 2150 3420 2414 3475; x_wconf 81' lang='grc' dir='ltr'>ὑποκάτω</span> <span class='ocrx_word' id='word_1_593' title='bbox 2443 3420 2537 3472; x_wconf 68' lang='grc' dir='ltr'>καὶ</span> <span class='ocrx_word' id='word_1_594' title='bbox 2566 3417 2820 3487; x_wconf 85' lang='grc' dir='ltr'>ταπεινή.</span> 
     </span>
    </p>
   </div>
   <div class='ocr_carea' id='block_1_88' title="bbox 2223 3501 3735 3577">
    <p class='ocr_par' dir='ltr' id='par_1_88' title="bbox 2223 3501 3735 3577">
     <span class='ocr_line' id='line_1_88' title="bbox 2223 3501 3735 3577; baseline -0.007 -15"><span class='ocrx_word' id='word_1_595' title='bbox 2223 3510 2331 3571; x_wconf 74' lang='grc' dir='ltr'><strong>Καὶ</strong></span> <span class='ocrx_word' id='word_1_596' title='bbox 2358 3510 2427 3563; x_wconf 78' lang='grc' dir='ltr'><strong>ἐκ</strong></span> <span class='ocrx_word' id='word_1_597' title='bbox 2448 3508 2561 3577; x_wconf 83' lang='grc' dir='ltr'>τῆς</span> <span class='ocrx_word' id='word_1_598' title='bbox 2592 3506 2706 3577; x_wconf 75' lang='grc' dir='ltr'>γῆς</span> <span class='ocrx_word' id='word_1_599' title='bbox 2734 3504 2934 3560; x_wconf 70' lang='grc' dir='ltr'>λαλεῖ.</span> <span class='ocrx_word' id='word_1_600' title='bbox 2961 3505 3070 3559; x_wconf 75' lang='grc' dir='ltr'><strong>Καὶ</strong></span> <span class='ocrx_word' id='word_1_601' title='bbox 3094 3504 3201 3575; x_wconf 81' lang='grc' dir='ltr'><strong>μὴν</strong></span> <span class='ocrx_word' id='word_1_602' title='bbox 3224 3503 3343 3557; x_wconf 80' lang='grc' dir='ltr'>θεία</span> <span class='ocrx_word' id='word_1_603' title='bbox 3374 3502 3555 3556; x_wconf 65' lang='grc' dir='ltr'>ἐλάλει</span> <span class='ocrx_word' id='word_1_604' title='bbox 3575 3517 3592 3533; x_wconf 76' lang='grc' dir='ltr'><strong>ο</strong></span> <span class='ocrx_word' id='word_1_605' title='bbox 3621 3501 3735 3553; x_wconf 78' lang='grc' dir='ltr'>ἀλλ’</span> 
     </span>
    </p>
   </div>
   <div class='ocr_carea' id='block_1_89' title="bbox 2151 3594 3739 3673">
    <p class='ocr_par' dir='ltr' id='par_1_89' title="bbox 2151 3594 3739 3673">
     <span class='ocr_line' id='line_1_89' title="bbox 2151 3594 3739 3673; baseline -0.009 -14"><span class='ocrx_word' id='word_1_606' title='bbox 2151 3601 2344 3673; x_wconf 83' lang='grc' dir='ltr'>ὥσπερ</span> <span class='ocrx_word' id='word_1_607' title='bbox 2383 3602 2410 3654; x_wconf 86' lang='grc' dir='ltr'>ὁ</span> <span class='ocrx_word' id='word_1_608' title='bbox 2445 3599 2686 3667; x_wconf 77' lang='grc' dir='ltr'>Χριστὸς</span> <span class='ocrx_word' id='word_1_609' title='bbox 2732 3596 3025 3668; x_wconf 75' lang='grc' dir='ltr'>προλαϐὼν</span> <span class='ocrx_word' id='word_1_610' title='bbox 3070 3596 3296 3667; x_wconf 74' lang='grc' dir='ltr'><strong>εἴρηκεν</strong></span> <span class='ocrx_word' id='word_1_611' title='bbox 3322 3612 3336 3625; x_wconf 87' lang='grc'><strong>·</strong></span> <span class='ocrx_word' id='word_1_612' title='bbox 3388 3597 3454 3649; x_wconf 82' lang='grc' dir='ltr'><strong>Εί</strong></span> <span class='ocrx_word' id='word_1_613' title='bbox 3486 3595 3555 3647; x_wconf 87' lang='grc' dir='ltr'><em>τὰ</em></span> <span class='ocrx_word' id='word_1_614' title='bbox 3608 3594 3739 3645; x_wconf 78' lang='grc' dir='ltr'>ἐπί-</span> 
     </span>
    </p>
   </div>
   <div class='ocr_carea' id='block_1_90' title="bbox 2154 3683 3740 3761">
    <p class='ocr_par' dir='ltr' id='par_1_90' title="bbox 2154 3683 3740 3761">
     <span class='ocr_line' id='line_1_90' title="bbox 2154 3683 3740 3761; baseline -0.004 -19"><span class='ocrx_word' id='word_1_615' title='bbox 2154 3708 2284 3761; x_wconf 65' lang='grc' dir='ltr'>νεια</span> <span class='ocrx_word' id='word_1_616' title='bbox 2322 3687 2501 3744; x_wconf 72' lang='grc' dir='ltr'>εἷπον</span> <span class='ocrx_word' id='word_1_617' title='bbox 2538 3690 2704 3759; x_wconf 79' lang='grc' dir='ltr'><strong>ὑμῖν,</strong></span> <span class='ocrx_word' id='word_1_618' title='bbox 2756 3688 2855 3742; x_wconf 79' lang='grc' dir='ltr'><strong>καί</strong></span> <span class='ocrx_word' id='word_1_619' title='bbox 2892 3688 2965 3742; x_wconf 85' lang='grc' dir='ltr'>οὐ</span> <span class='ocrx_word' id='word_1_620' title='bbox 2995 3688 3349 3740; x_wconf 69' lang='grc' dir='ltr'>πιστεύετεο</span> <span class='ocrx_word' id='word_1_621' title='bbox 3381 3684 3624 3753; x_wconf 80' lang='grc' dir='ltr'>ἐπίγειον</span> <span class='ocrx_word' id='word_1_622' title='bbox 3651 3683 3740 3736; x_wconf 79' lang='grc' dir='ltr'><strong>λέ·</strong></span> 
     </span>
    </p>
   </div>
   <div class='ocr_carea' id='block_1_91' title="bbox 2154 3778 3741 3854">
    <p class='ocr_par' dir='ltr' id='par_1_91' title="bbox 2154 3778 3741 3854">
     <span class='ocr_line' id='line_1_91' title="bbox 2154 3778 3741 3854; baseline -0.005 -16"><span class='ocrx_word' id='word_1_623' title='bbox 2154 3802 2271 3853; x_wconf 89' lang='grc' dir='ltr'><strong>γων</strong></span> <span class='ocrx_word' id='word_1_624' title='bbox 2301 3782 2402 3854; x_wconf 80' lang='grc' dir='ltr'><strong>τὴν</strong></span> <span class='ocrx_word' id='word_1_625' title='bbox 2454 3781 2609 3835; x_wconf 78' lang='grc' dir='ltr'>θείαν</span> <span class='ocrx_word' id='word_1_626' title='bbox 2665 3782 3029 3851; x_wconf 77' lang='grc' dir='ltr'>άναγέννησιν</span> <span class='ocrx_word' id='word_1_627' title='bbox 3060 3796 3072 3809; x_wconf 91' lang='grc'><strong>·</strong></span> <span class='ocrx_word' id='word_1_628' title='bbox 3114 3780 3217 3833; x_wconf 82' lang='grc' dir='ltr'><strong>οὐκ</strong></span> <span class='ocrx_word' id='word_1_629' title='bbox 3264 3778 3454 3848; x_wconf 64' lang='grc' dir='ltr'>ἐπειδὴ</span> <span class='ocrx_word' id='word_1_630' title='bbox 3503 3778 3741 3846; x_wconf 73' lang='grc' dir='ltr'>ἐπίγειος</span> 
     </span>
    </p>
   </div>
   <div class='ocr_carea' id='block_1_92' title="bbox 2154 3871 3741 3949">
    <p class='ocr_par' dir='ltr' id='par_1_92' title="bbox 2154 3871 3741 3949">
     <span class='ocr_line' id='line_1_92' title="bbox 2154 3871 3741 3949; baseline -0.003 -22"><span class='ocrx_word' id='word_1_631' title='bbox 2154 3873 2243 3949; x_wconf 77' lang='grc' dir='ltr'>ἧν,</span> <span class='ocrx_word' id='word_1_632' title='bbox 2273 3871 2411 3930; x_wconf 78' lang='grc' dir='ltr'>ἀλλὰ</span> <span class='ocrx_word' id='word_1_633' title='bbox 2442 3876 2578 3944; x_wconf 71' lang='grc' dir='ltr'>πρὸς</span> <span class='ocrx_word' id='word_1_634' title='bbox 2612 3873 2905 3944; x_wconf 78' lang='grc' dir='ltr'>σύγκρισιν</span> <span class='ocrx_word' id='word_1_635' title='bbox 2939 3872 3043 3943; x_wconf 79' lang='grc' dir='ltr'>τῆς</span> <span class='ocrx_word' id='word_1_636' title='bbox 3090 3872 3427 3941; x_wconf 88' lang='grc' dir='ltr'>προαιωνίου</span> <span class='ocrx_word' id='word_1_637' title='bbox 3472 3873 3568 3924; x_wconf 75' lang='grc' dir='ltr'><strong>καὶ</strong></span> <span class='ocrx_word' id='word_1_638' title='bbox 3602 3871 3741 3941; x_wconf 79' lang='grc' dir='ltr'>ὑπὲρ</span> 
     </span>
    </p>
   </div>
   <div class='ocr_carea' id='block_1_93' title="bbox 2157 3962 3743 4037">
    <p class='ocr_par' dir='ltr' id='par_1_93' title="bbox 2157 3962 3743 4037">
     <span class='ocr_line' id='line_1_93' title="bbox 2157 3962 3743 4037; baseline -0.004 -14"><span class='ocrx_word' id='word_1_639' title='bbox 2157 3969 2284 4024; x_wconf 82' lang='grc' dir='ltr'>νοῦν</span> <span class='ocrx_word' id='word_1_640' title='bbox 2313 3968 2408 4021; x_wconf 77' lang='grc' dir='ltr'><strong>καὶ</strong></span> <span class='ocrx_word' id='word_1_641' title='bbox 2440 3967 2601 4034; x_wconf 80' lang='grc' dir='ltr'>λόγον</span> <span class='ocrx_word' id='word_1_642' title='bbox 2656 3968 2971 4037; x_wconf 79' lang='grc' dir='ltr'>γεννήσεως</span> <span class='ocrx_word' id='word_1_643' title='bbox 3013 3964 3183 4018; x_wconf 78' lang='grc' dir='ltr'>αὐτοῦ</span> <span class='ocrx_word' id='word_1_644' title='bbox 3207 3981 3220 3995; x_wconf 77' lang='lat'><strong><em>°</em></strong></span> <span class='ocrx_word' id='word_1_645' title='bbox 3272 3962 3419 4017; x_wconf 75' lang='grc' dir='ltr'>οὕτω</span> <span class='ocrx_word' id='word_1_646' title='bbox 3451 3966 3545 4017; x_wconf 74' lang='grc' dir='ltr'><strong>καὶ</strong></span> <span class='ocrx_word' id='word_1_647' title='bbox 3587 3962 3682 4017; x_wconf 84' lang='grc' dir='ltr'>νῦν</span> <span class='ocrx_word' id='word_1_648' title='bbox 3715 3966 3743 4016; x_wconf 82' lang='grc' dir='ltr'>ὁ</span> 
     </span>
    </p>
   </div>
   <div class='ocr_carea' id='block_1_94' title="bbox 2169 4053 3740 4131">
    <p class='ocr_par' dir='ltr' id='par_1_94' title="bbox 2169 4053 3740 4131">
     <span class='ocr_line' id='line_1_94' title="bbox 2169 4053 3740 4131; baseline -0.008 -16"><span class='ocrx_word' id='word_1_649' title='bbox 2169 4062 2429 4131; x_wconf 79' lang='grc' dir='ltr'>Ἰωάννης</span> <span class='ocrx_word' id='word_1_650' title='bbox 2465 4062 2527 4112; x_wconf 74' lang='grc' dir='ltr'><strong>ἐκ</strong></span> <span class='ocrx_word' id='word_1_651' title='bbox 2549 4059 2648 4129; x_wconf 83' lang='grc' dir='ltr'>τῆς</span> <span class='ocrx_word' id='word_1_652' title='bbox 2670 4061 2774 4127; x_wconf 86' lang='grc' dir='ltr'>γῆς</span> <span class='ocrx_word' id='word_1_653' title='bbox 2801 4058 2983 4111; x_wconf 62' lang='grc' dir='ltr'>λαλεῖν</span> <span class='ocrx_word' id='word_1_654' title='bbox 3016 4057 3213 4111; x_wconf 76' lang='grc' dir='ltr'>ἑαυτὸν</span> <span class='ocrx_word' id='word_1_655' title='bbox 3248 4056 3396 4121; x_wconf 74' lang='grc' dir='ltr'>λέγει</span> <span class='ocrx_word' id='word_1_656' title='bbox 3427 4055 3562 4122; x_wconf 78' lang='grc' dir='ltr'>πρὸς</span> <span class='ocrx_word' id='word_1_657' title='bbox 3608 4053 3740 4120; x_wconf 80' lang='grc' dir='ltr'>σύγ-</span> 
     </span>
    </p>
   </div>
   <div class='ocr_carea' id='block_1_95' title="bbox 2160 4145 3741 4223">
    <p class='ocr_par' dir='ltr' id='par_1_95' title="bbox 2160 4145 3741 4223">
     <span class='ocr_line' id='line_1_95' title="bbox 2160 4145 3741 4223; baseline -0.006 -17"><span class='ocrx_word' id='word_1_658' title='bbox 2160 4169 2345 4223; x_wconf 81' lang='grc' dir='ltr'>κρισιν</span> <span class='ocrx_word' id='word_1_659' title='bbox 2378 4152 2490 4204; x_wconf 81' lang='grc' dir='ltr'>τῶν</span> <span class='ocrx_word' id='word_1_660' title='bbox 2525 4150 2828 4221; x_wconf 82' lang='grc' dir='ltr'>ὑπερφυῶν</span> <span class='ocrx_word' id='word_1_661' title='bbox 2854 4150 3032 4218; x_wconf 78' lang='grc' dir='ltr'>λόγων</span> <span class='ocrx_word' id='word_1_662' title='bbox 3062 4149 3159 4202; x_wconf 85' lang='grc' dir='ltr'><strong>τοῦ</strong></span> <span class='ocrx_word' id='word_1_663' title='bbox 3186 4146 3449 4219; x_wconf 80' lang='grc' dir='ltr'>Χριστοῦ,</span> <span class='ocrx_word' id='word_1_664' title='bbox 3482 4145 3741 4199; x_wconf 76' lang='grc' dir='ltr'>δεικνύων</span> 
     </span>
    </p>
   </div>
   <div class='ocr_carea' id='block_1_96' title="bbox 2160 4240 3742 4312">
    <p class='ocr_par' dir='ltr' id='par_1_96' title="bbox 2160 4240 3742 4312">
     <span class='ocr_line' id='line_1_96' title="bbox 2160 4240 3742 4312; baseline -0.006 -14"><span class='ocrx_word' id='word_1_665' title='bbox 2160 4245 2242 4298; x_wconf 84' lang='grc' dir='ltr'>ὅτι</span> <span class='ocrx_word' id='word_1_666' title='bbox 2273 4244 2342 4298; x_wconf 82' lang='grc' dir='ltr'>τὰ</span> <span class='ocrx_word' id='word_1_667' title='bbox 2376 4242 2575 4297; x_wconf 74' lang='grc' dir='ltr'>ἑαυτοῦ</span> <span class='ocrx_word' id='word_1_668' title='bbox 2618 4242 2793 4312; x_wconf 85' lang='grc' dir='ltr'>μικρὰ</span> <span class='ocrx_word' id='word_1_669' title='bbox 2820 4242 2913 4295; x_wconf 83' lang='grc' dir='ltr'><strong>καὶ</strong></span> <span class='ocrx_word' id='word_1_670' title='bbox 2942 4242 3136 4312; x_wconf 79' lang='grc' dir='ltr'>εὐτελῆ</span> <span class='ocrx_word' id='word_1_671' title='bbox 3180 4244 3293 4303; x_wconf 79' lang='grc' dir='ltr'>τοῖς</span> <span class='ocrx_word' id='word_1_672' title='bbox 3328 4240 3539 4292; x_wconf 71' lang='grc' dir='ltr'>ἐκείνου</span> <span class='ocrx_word' id='word_1_673' title='bbox 3565 4256 3742 4308; x_wconf 70' lang='grc' dir='ltr'>παρα-</span> 
     </span>
    </p>
   </div>
   <div class='ocr_carea' id='block_1_97' title="bbox 2163 4330 3745 4407">
    <p class='ocr_par' dir='ltr' id='par_1_97' title="bbox 2163 4330 3745 4407">
     <span class='ocr_line' id='line_1_97' title="bbox 2163 4330 3745 4407; baseline -0.003 -19"><span class='ocrx_word' id='word_1_674' title='bbox 2163 4336 2492 4405; x_wconf 63' lang='grc' dir='ltr'>6αλλόμενα.</span> <span class='ocrx_word' id='word_1_675' title='bbox 2536 4335 2812 4404; x_wconf 76' lang='grc' dir='ltr'>Καθάπερ</span> <span class='ocrx_word' id='word_1_676' title='bbox 2835 4335 2945 4407; x_wconf 75' lang='grc' dir='ltr'><strong>γάρ</strong></span> <span class='ocrx_word' id='word_1_677' title='bbox 2971 4334 3060 4397; x_wconf 64' lang='grc' dir='ltr'>διὰ</span> <span class='ocrx_word' id='word_1_678' title='bbox 3084 4332 3177 4387; x_wconf 84' lang='grc' dir='ltr'><strong>τοῦ</strong></span> <span class='ocrx_word' id='word_1_679' title='bbox 3204 4331 3437 4404; x_wconf 79' lang='grc' dir='ltr'>οὐρανοῦ</span> <span class='ocrx_word' id='word_1_680' title='bbox 3457 4333 3518 4385; x_wconf 84' lang='grc' dir='ltr'><strong>τὺ</strong></span> <span class='ocrx_word' id='word_1_681' title='bbox 3546 4330 3745 4401; x_wconf 76' lang='grc' dir='ltr'>ὑψηλὸν</span> 
     </span>
    </p>
   </div>
   <div class='ocr_carea' id='block_1_98' title="bbox 2165 4429 3555 4503">
    <p class='ocr_par' dir='ltr' id='par_1_98' title="bbox 2165 4429 3555 4503">
     <span class='ocr_line' id='line_1_98' title="bbox 2165 4429 3555 4503; baseline -0.002 -19"><span class='ocrx_word' id='word_1_682' title='bbox 2165 4432 2453 4503; x_wconf 78' lang='grc' dir='ltr'>ἐμφαίνει,</span> <span class='ocrx_word' id='word_1_683' title='bbox 2510 4430 2656 4485; x_wconf 73' lang='grc' dir='ltr'>οὕτω</span> <span class='ocrx_word' id='word_1_684' title='bbox 2677 4432 2775 4486; x_wconf 81' lang='grc' dir='ltr'><strong>καὶ</strong></span> <span class='ocrx_word' id='word_1_685' title='bbox 2803 4432 2893 4485; x_wconf 82' lang='grc' dir='ltr'><strong>διὰ</strong></span> <span class='ocrx_word' id='word_1_686' title='bbox 2924 4430 3023 4501; x_wconf 80' lang='grc' dir='ltr'>τῆς</span> <span class='ocrx_word' id='word_1_687' title='bbox 3052 4432 3155 4499; x_wconf 82' lang='grc' dir='ltr'>γῆς</span> <span class='ocrx_word' id='word_1_688' title='bbox 3186 4429 3244 4483; x_wconf 86' lang='grc' dir='ltr'>τὸ</span> <span class='ocrx_word' id='word_1_689' title='bbox 3278 4430 3555 4481; x_wconf 76' lang='grc' dir='ltr'>ταπεινόν.</span> 
     </span>
    </p>
   </div>
   <div class='ocr_carea' id='block_1_99' title="bbox 2090 4543 2135 4596">
    <p class='ocr_par' dir='ltr' id='par_1_99' title="bbox 2090 4543 2135 4596">
     <span class='ocr_line' id='line_1_99' title="bbox 2090 4543 2135 4596; baseline 0 0"><span class='ocrx_word' id='word_1_690' title='bbox 2090 4543 2135 4596; x_wconf 91' lang='lat' dir='ltr'><strong>D</strong></span> 
     </span>
    </p>
   </div>
   <div class='ocr_carea' id='block_1_100' title="bbox 2239 4607 3745 4680">
    <p class='ocr_par' dir='ltr' id='par_1_100' title="bbox 2239 4607 3745 4680">
     <span class='ocr_line' id='line_1_100' title="bbox 2239 4607 3745 4680; baseline -0.006 -11"><span class='ocrx_word' id='word_1_691' title='bbox 2239 4614 2304 4669; x_wconf 90' lang='lat'><strong>&#39;0</strong></span> <span class='ocrx_word' id='word_1_692' title='bbox 2330 4645 2401 4657; x_wconf 89' lang='lat'><strong><em>—</em></strong></span> <span class='ocrx_word' id='word_1_693' title='bbox 2447 4614 2606 4669; x_wconf 81' lang='grc' dir='ltr'>ἐστι.</span> <span class='ocrx_word' id='word_1_694' title='bbox 2654 4614 2729 4667; x_wconf 86' lang='grc' dir='ltr'><strong>Τδ</strong></span> <span class='ocrx_word' id='word_1_695' title='bbox 2767 4612 2901 4667; x_wconf 75' lang='grc' dir='ltr'>αὐτὸ</span> <span class='ocrx_word' id='word_1_696' title='bbox 2956 4611 3106 4680; x_wconf 82' lang='grc' dir='ltr'>λέγει</span> <span class='ocrx_word' id='word_1_697' title='bbox 3150 4610 3337 4676; x_wconf 83' lang='grc' dir='ltr'>πάλιν,</span> <span class='ocrx_word' id='word_1_698' title='bbox 3375 4608 3611 4680; x_wconf 76' lang='grc' dir='ltr'>βεϐαιῶν</span> <span class='ocrx_word' id='word_1_699' title='bbox 3654 4607 3745 4661; x_wconf 73' lang='grc' dir='ltr'>τὸν</span> 
     </span>
    </p>
   </div>
   <div class='ocr_carea' id='block_1_101' title="bbox 2155 4709 2339 4776">
    <p class='ocr_par' dir='ltr' id='par_1_101' title="bbox 2155 4709 2339 4776">
     <span class='ocr_line' id='line_1_101' title="bbox 2155 4709 2339 4776; baseline 0.005 -15"><span class='ocrx_word' id='word_1_700' title='bbox 2155 4709 2339 4776; x_wconf 85' lang='grc' dir='ltr'>λόγον.</span> 
     </span>
    </p>
   </div>
   <div class='ocr_carea' id='block_1_102' title="bbox 2234 4792 3743 4868">
    <p class='ocr_par' dir='ltr' id='par_1_102' title="bbox 2234 4792 3743 4868">
     <span class='ocr_line' id='line_1_102' title="bbox 2234 4792 3743 4868; baseline -0.006 -16"><span class='ocrx_word' id='word_1_701' title='bbox 2234 4800 2343 4853; x_wconf 83' lang='grc' dir='ltr'><strong>Καὶ</strong></span> <span class='ocrx_word' id='word_1_702' title='bbox 2377 4830 2444 4843; x_wconf 76' lang='grc' dir='ltr'><strong>ο·-</strong></span> <span class='ocrx_word' id='word_1_703' title='bbox 2462 4796 2775 4868; x_wconf 78' lang='grc' dir='ltr'>μαρτυρεῒ.</span> <span class='ocrx_word' id='word_1_704' title='bbox 2812 4794 3202 4867; x_wconf 76' lang='grc' dir='ltr'>Μεταφορικδς</span> <span class='ocrx_word' id='word_1_705' title='bbox 3236 4793 3264 4845; x_wconf 80' lang='grc'>6</span> <span class='ocrx_word' id='word_1_706' title='bbox 3297 4792 3457 4862; x_wconf 83' lang='grc' dir='ltr'>λόγος</span> <span class='ocrx_word' id='word_1_707' title='bbox 3491 4792 3598 4845; x_wconf 75' lang='grc' dir='ltr'>άπὸ</span> <span class='ocrx_word' id='word_1_708' title='bbox 3638 4792 3743 4844; x_wconf 81' lang='grc' dir='ltr'><strong>τῶν</strong></span> 
     </span>
    </p>
   </div>
   <div class='ocr_carea' id='block_1_103' title="bbox 2157 4884 3741 4963">
    <p class='ocr_par' dir='ltr' id='par_1_103' title="bbox 2157 4884 3741 4963">
     <span class='ocr_line' id='line_1_103' title="bbox 2157 4884 3741 4963; baseline -0.007 -16"><span class='ocrx_word' id='word_1_709' title='bbox 2157 4894 2281 4963; x_wconf 58' lang='lat' dir='ltr'><strong>halm</strong></span> <span class='ocrx_word' id='word_1_710' title='bbox 2312 4895 2408 4946; x_wconf 69' lang='grc' dir='ltr'>καὶ</span> <span class='ocrx_word' id='word_1_711' title='bbox 2463 4894 2600 4963; x_wconf 80' lang='grc' dir='ltr'><strong>ἁκοῇ</strong></span> <span class='ocrx_word' id='word_1_712' title='bbox 2654 4891 3115 4961; x_wconf 61' lang='grc' dir='ltr'>παραλαΜντων,</span> <span class='ocrx_word' id='word_1_713' title='bbox 3152 4888 3189 4943; x_wconf 68' lang='grc' dir='ltr'>ἃ</span> <span class='ocrx_word' id='word_1_714' title='bbox 3246 4884 3638 4957; x_wconf 80' lang='grc' dir='ltr'>μαρτυροῦσιν.</span> <span class='ocrx_word' id='word_1_715' title='bbox 3670 4885 3741 4936; x_wconf 83' lang='grc' dir='ltr'><strong>Οὐ</strong></span> 
     </span>
    </p>
   </div>
   <div class='ocr_carea' id='block_1_104' title="bbox 2160 4974 3743 5056">
    <p class='ocr_par' dir='ltr' id='par_1_104' title="bbox 2160 4974 3743 5056">
     <span class='ocr_line' id='line_1_104' title="bbox 2160 4974 3743 5056; baseline -0.001 -18"><span class='ocrx_word' id='word_1_716' title='bbox 2160 4986 2272 5056; x_wconf 85' lang='grc' dir='ltr'>γὰρ</span> <span class='ocrx_word' id='word_1_717' title='bbox 2301 4983 2465 5048; x_wconf 69' lang='grc' dir='ltr'>αὐτὸς</span> <span class='ocrx_word' id='word_1_718' title='bbox 2489 4984 2663 5037; x_wconf 74' lang='grc' dir='ltr'>ἐδεῖτο</span> <span class='ocrx_word' id='word_1_719' title='bbox 2694 4983 2977 5052; x_wconf 85' lang='grc' dir='ltr'>γνώσεως,</span> <span class='ocrx_word' id='word_1_720' title='bbox 3010 4981 3109 5049; x_wconf 87' lang='grc' dir='ltr'>τῆς</span> <span class='ocrx_word' id='word_1_721' title='bbox 3140 4982 3200 5046; x_wconf 68' lang='grc' dir='ltr'>ἐξ</span> <span class='ocrx_word' id='word_1_722' title='bbox 3227 4978 3471 5048; x_wconf 78' lang='grc' dir='ltr'>ὁράσεως</span> <span class='ocrx_word' id='word_1_723' title='bbox 3517 4974 3550 5045; x_wconf 77' lang='grc' dir='ltr'>ἢ</span> <span class='ocrx_word' id='word_1_724' title='bbox 3582 4976 3743 5043; x_wconf 77' lang='grc' dir='ltr'>ἀκοῆς</span> 
     </span>
    </p>
   </div>
   <div class='ocr_carea' id='block_1_105' title="bbox 2162 5066 3743 5148">
    <p class='ocr_par' dir='ltr' id='par_1_105' title="bbox 2162 5066 3743 5148">
     <span class='ocr_line' id='line_1_105' title="bbox 2162 5066 3743 5148; baseline -0.009 -17"><span class='ocrx_word' id='word_1_725' title='bbox 2162 5078 2549 5148; x_wconf 69' lang='grc' dir='ltr'>ἐγγινομένης,</span> <span class='ocrx_word' id='word_1_726' title='bbox 2578 5075 2743 5146; x_wconf 82' lang='grc' dir='ltr'>φύσει</span> <span class='ocrx_word' id='word_1_727' title='bbox 2774 5075 2957 5128; x_wconf 84' lang='grc' dir='ltr'>πάντα</span> <span class='ocrx_word' id='word_1_728' title='bbox 3012 5070 3193 5139; x_wconf 74' lang='grc' dir='ltr'>εἰδὼς,</span> <span class='ocrx_word' id='word_1_729' title='bbox 3234 5070 3309 5133; x_wconf 85' lang='grc' dir='ltr'>ὡς</span> <span class='ocrx_word' id='word_1_730' title='bbox 3345 5066 3609 5137; x_wconf 78' lang='grc' dir='ltr'><strong>ἀνενδεὴς</strong></span> <span class='ocrx_word' id='word_1_731' title='bbox 3652 5066 3743 5119; x_wconf 75' lang='grc' dir='ltr'><strong>καὶ</strong></span> 
     </span>
    </p>
   </div>
   <div class='ocr_carea' id='block_1_106' title="bbox 2161 5158 3745 5236">
    <p class='ocr_par' dir='ltr' id='par_1_106' title="bbox 2161 5158 3745 5236">
     <span class='ocr_line' id='line_1_106' title="bbox 2161 5158 3745 5236; baseline -0.007 -14"><span class='ocrx_word' id='word_1_732' title='bbox 2161 5171 2371 5233; x_wconf 83' lang='grc' dir='ltr'>τέλειος</span> <span class='ocrx_word' id='word_1_733' title='bbox 2430 5168 2607 5233; x_wconf 78' lang='grc' dir='ltr'>Θεόςο</span> <span class='ocrx_word' id='word_1_734' title='bbox 2669 5167 2787 5222; x_wconf 78' lang='grc' dir='ltr'>ἀλλ’</span> <span class='ocrx_word' id='word_1_735' title='bbox 2853 5166 3161 5236; x_wconf 69' lang='grc' dir='ltr'>ἐπειδήπερ</span> <span class='ocrx_word' id='word_1_736' title='bbox 3223 5164 3360 5232; x_wconf 77' lang='grc' dir='ltr'><strong>ἡμῖν</strong></span> <span class='ocrx_word' id='word_1_737' title='bbox 3419 5161 3452 5231; x_wconf 80' lang='grc' dir='ltr'><strong>ἡ</strong></span> <span class='ocrx_word' id='word_1_738' title='bbox 3513 5158 3745 5230; x_wconf 76' lang='grc' dir='ltr'>ἀκριϐὴς</span> 
     </span>
    </p>
   </div>
   <div class='ocr_carea' id='block_1_107' title="bbox 2164 5253 3746 5333">
    <p class='ocr_par' dir='ltr' id='par_1_107' title="bbox 2164 5253 3746 5333">
     <span class='ocr_line' id='line_1_107' title="bbox 2164 5253 3746 5333; baseline -0.008 -17"><span class='ocrx_word' id='word_1_739' title='bbox 2164 5262 2372 5333; x_wconf 82' lang='grc' dir='ltr'>γνῶσις</span> <span class='ocrx_word' id='word_1_740' title='bbox 2397 5264 2463 5317; x_wconf 79' lang='grc' dir='ltr'><strong>ὲκ</strong></span> <span class='ocrx_word' id='word_1_741' title='bbox 2492 5261 2707 5315; x_wconf 84' lang='grc' dir='ltr'>τούτων</span> <span class='ocrx_word' id='word_1_742' title='bbox 2730 5261 3038 5329; x_wconf 69' lang='grc' dir='ltr'>ἐγγίνεται,</span> <span class='ocrx_word' id='word_1_743' title='bbox 3064 5261 3161 5312; x_wconf 81' lang='grc' dir='ltr'><strong>καὶ</strong></span> <span class='ocrx_word' id='word_1_744' title='bbox 3208 5255 3526 5321; x_wconf 80' lang='grc' dir='ltr'>ἀξιόπιστον</span> <span class='ocrx_word' id='word_1_745' title='bbox 3565 5253 3746 5322; x_wconf 82' lang='grc' dir='ltr'>κρίνο-</span> 
     </span>
    </p>
   </div>
   <div class='ocr_carea' id='block_1_108' title="bbox 2172 5344 3747 5431">
    <p class='ocr_par' dir='ltr' id='par_1_108' title="bbox 2172 5344 3747 5431">
     <span class='ocr_line' id='line_1_108' title="bbox 2172 5344 3747 5431; baseline -0.006 -20"><span class='ocrx_word' id='word_1_746' title='bbox 2172 5376 2274 5429; x_wconf 86' lang='grc' dir='ltr'><strong>μεν</strong></span> <span class='ocrx_word' id='word_1_747' title='bbox 2298 5358 2390 5413; x_wconf 81' lang='grc' dir='ltr'><strong>τδν</strong></span> <span class='ocrx_word' id='word_1_748' title='bbox 2415 5358 2450 5430; x_wconf 78' lang='grc' dir='ltr'><strong>ἢ</strong></span> <span class='ocrx_word' id='word_1_749' title='bbox 2489 5358 2613 5429; x_wconf 69' lang='grc' dir='ltr'>ὕψει</span> <span class='ocrx_word' id='word_1_750' title='bbox 2638 5358 2671 5431; x_wconf 78' lang='grc' dir='ltr'>ἢ</span> <span class='ocrx_word' id='word_1_751' title='bbox 2704 5359 2846 5429; x_wconf 79' lang='grc' dir='ltr'><strong>ἀκοῇ</strong></span> <span class='ocrx_word' id='word_1_752' title='bbox 2876 5355 3287 5427; x_wconf 77' lang='grc' dir='ltr'>παραλαϐόντα,</span> <span class='ocrx_word' id='word_1_753' title='bbox 3316 5352 3448 5422; x_wconf 82' lang='grc' dir='ltr'>περὶ</span> <span class='ocrx_word' id='word_1_754' title='bbox 3470 5344 3549 5404; x_wconf 82' lang='grc' dir='ltr'><strong>ὧν</strong></span> <span class='ocrx_word' id='word_1_755' title='bbox 3572 5350 3747 5414; x_wconf 77' lang='grc' dir='ltr'>ἀπαγ-</span> 
     </span>
    </p>
   </div>
   <div class='ocr_carea' id='block_1_109' title="bbox 2170 5442 3744 5524">
    <p class='ocr_par' dir='ltr' id='par_1_109' title="bbox 2170 5442 3744 5524">
     <span class='ocr_line' id='line_1_109' title="bbox 2170 5442 3744 5524; baseline -0.007 -18"><span class='ocrx_word' id='word_1_756' title='bbox 2170 5452 2381 5524; x_wconf 80' lang='grc' dir='ltr'>γέλλει,</span> <span class='ocrx_word' id='word_1_757' title='bbox 2421 5452 2532 5507; x_wconf 73' lang='grc' dir='ltr'><strong>ἁπδ</strong></span> <span class='ocrx_word' id='word_1_758' title='bbox 2566 5450 2675 5506; x_wconf 83' lang='grc' dir='ltr'>τῶν</span> <span class='ocrx_word' id='word_1_759' title='bbox 2734 5450 2867 5523; x_wconf 82' lang='grc' dir='ltr'>παρ’</span> <span class='ocrx_word' id='word_1_760' title='bbox 2913 5452 3047 5522; x_wconf 72' lang='grc' dir='ltr'><strong>ἡμῖν</strong></span> <span class='ocrx_word' id='word_1_761' title='bbox 3086 5448 3183 5503; x_wconf 70' lang='grc' dir='ltr'><strong>καὶ</strong></span> <span class='ocrx_word' id='word_1_762' title='bbox 3236 5446 3308 5501; x_wconf 83' lang='grc' dir='ltr'><strong>τὰ</strong></span> <span class='ocrx_word' id='word_1_763' title='bbox 3359 5445 3493 5518; x_wconf 74' lang='grc' dir='ltr'>περὶ</span> <span class='ocrx_word' id='word_1_764' title='bbox 3542 5442 3744 5499; x_wconf 68' lang='grc' dir='ltr'>ἐκείνου</span> 
     </span>
    </p>
   </div>
   <div class='ocr_carea' id='block_1_110' title="bbox 1678 5704 2532 5769">
    <p class='ocr_par' dir='ltr' id='par_1_110' title="bbox 1678 5704 2532 5769">
     <span class='ocr_line' id='line_1_110' title="bbox 1678 5704 2532 5769; baseline 0.001 -2"><span class='ocrx_word' id='word_1_765' title='bbox 1678 5705 1879 5768; x_wconf 69' lang='lat' dir='ltr'><strong>Variae</strong></span> <span class='ocrx_word' id='word_1_766' title='bbox 1902 5704 2213 5769; x_wconf 87' lang='lat' dir='ltr'><strong>lectiones</strong></span> <span class='ocrx_word' id='word_1_767' title='bbox 2245 5710 2305 5768; x_wconf 88' lang='lat' dir='ltr'><strong>et</strong></span> <span class='ocrx_word' id='word_1_768' title='bbox 2344 5712 2532 5768; x_wconf 69' lang='lat' dir='ltr'><strong>notua.</strong></span> 
     </span>
    </p>
   </div>
   <div class='ocr_carea' id='block_1_111' title="bbox 556 5806 1135 5877">
    <p class='ocr_par' dir='ltr' id='par_1_111' title="bbox 556 5806 1135 5877">
     <span class='ocr_line' id='line_1_111' title="bbox 556 5806 1135 5877; baseline 0.01 -19"><span class='ocrx_word' id='word_1_769' title='bbox 556 5806 670 5875; x_wconf 76' lang='grc' dir='ltr'><strong>(Π)</strong></span> <span class='ocrx_word' id='word_1_770' title='bbox 710 5808 842 5877; x_wconf 71' lang='grc' dir='ltr'>Περὶ</span> <span class='ocrx_word' id='word_1_771' title='bbox 873 5809 1038 5863; x_wconf 76' lang='grc' dir='ltr'>αὐτοῦ</span> <span class='ocrx_word' id='word_1_772' title='bbox 1071 5811 1135 5864; x_wconf 76' lang='grc' dir='ltr'><strong>Α.</strong></span> 
     </span>
    </p>
   </div>
  </div>
