4010 6484
263 378 400 440 1181

1215 385 1605 447 COMMENT.
1646 384 1729 445 IN
1768 383 2151 448 JOANNEM.
2189 412 2258 424 -
2293 389 2455 451 CAP.
2505 390 2621 449 ΙΙΙ.

3432 389 3576 456 1182

258 491 588 544 πιστοῦται.
630 492 814 546 Είπων
838 488 951 554 οῦν.
977 494 1005 547 ὅ
1036 493 1251 565 ἑώρακε
1282 500 1377 551 καὶ
1400 499 1427 551 δ
1453 500 1678 569 ἤκουσε,
1710 498 1871 552 τοῦτο

2003 507 2065 557 πίε
2098 520 2219 573 qua:
2244 506 2388 575 apud
2421 520 2521 560 nos
2560 512 2709 569 sunt,
2736 502 3059 573 comprobat
3088 502 3253 557 etiam
3281 518 3401 572 qua:
3440 512 3573 557 sunt

260 585 575 654 μαρτυρεῖ·
608 584 883 648 ταπεινῶς
917 586 1016 655 μὲν
1067 584 1190 640 εἶπε
1217 590 1305 641 διὰ
1326 590 1424 658 τὴν
1442 590 1731 643 ἀσθένειαν
1756 591 1864 643 τῶν

264 676 698 745 ἀκροωμένωνο
749 677 975 730 οὐδὲνδὲ
1020 678 1210 747 ἕτερον
1239 676 1396 733 εἶπεν
1447 681 1481 751 ἢ
1538 682 1622 734 ὅτι
1683 681 1863 751 ἀληθῆ

262 769 572 836 μαρτυρεῖ.
597 768 706 821 Καὶ
731 770 843 838 γάρ
879 769 975 823 καὶ
1001 770 1117 842 (48)
1143 773 1331 841 ἡμεῖς,
1382 772 1513 826 ὅταν
1552 772 1665 844 (49)
1700 774 1869 827 Θέλω-

262 875 377 925 μεν
414 858 719 926 βεϐαιῶσαι
755 861 885 931 περί
941 880 1088 926 τινος
1118 864 1202 917 ὅτι
1242 864 1419 935 ἀληθῆ
1468 865 1643 934 λέγει,
1680 867 1869 936 φαμὲν

257 950 354 1002 ὅτι
388 949 419 1003 ὃ
454 948 673 1021 ἑώρακε
706 954 802 1007 καὶ
843 954 957 1024 (50)
998 956 1229 1025 ἢκουσε,
1259 956 1422 1010 τοῦτο
1449 962 1753 1029 μαρτυρεῖ.

342 1105 552 1158 Λοιπὸν
606 1104 723 1170 οὖν,
753 1106 886 1161 ὅταν
940 1108 1151 1179 ἀκούῃς
1210 1110 1307 1163 καὶ
1354 1110 1523 1164 αὐτοῦ
1569 1111 1865 1181 λέγοντος·

262 1194 486 1261 Καθὼς
513 1196 732 1264 ἀκούω,
764 1198 948 1266 κρίνω
973 1216 987 1231 ·
1024 1203 1122 1254 καὶ
1161 1202 1353 1255 πάλιν·
1395 1202 1457 1257 Ἠ
1489 1204 1604 1273 ἐμὴ
1650 1203 1868 1273 διδαχὴ

260 1289 386 1339 οὐκ
418 1288 590 1342 ἔστιν
639 1289 777 1358 ἐμὴ,
819 1290 983 1345 ἀλλὰ
1052 1292 1159 1347 τοῦ
1208 1292 1564 1362 πέμψαντός
1611 1313 1689 1367 με
1719 1312 1733 1325 ·
1772 1298 1871 1352 καὶ

262 1378 474 1443 αὖθις’
518 1383 586 1435 Ἀ
624 1382 867 1451 ἤκουσα
924 1387 1062 1453 παρ’
1109 1387 1323 1448 αὐτοῦ.
1360 1389 1550 1443 ταῦτα
1578 1392 1736 1460 λέγω
1782 1392 1873 1455 είς

263 1472 387 1523 τὸν
426 1472 678 1541 κόσμον,
716 1476 811 1527 καὶ
842 1475 945 1529 ὅσα
977 1476 1236 1531 τοιαῦτα·
1279 1480 1520 1546 γίνωσκε
1546 1483 1632 1534 ὅτι
1663 1484 1873 1537 οίκονο-

272 1564 462 1633 μικῶς
514 1565 585 1619 τά
620 1567 852 1621 τοιαῦτά
912 1586 1101 1638 φησιν,
1164 1572 1251 1625 ἴνα
1314 1574 1478 1643 μόνον
1531 1574 1661 1646 δόξῃ
1694 1575 1873 1645 ἀληθῆ

269 1656 481 1723 λέγειν,
514 1658 601 1711 διὰ
632 1659 693 1713 τὸ
731 1661 905 1732 μήπω
944 1662 1042 1733 τὴν
1072 1668 1469 1736 προσήκουσαν
1526 1668 1660 1737 περὶ
1705 1667 1875 1723 αὐτοῦ

273 1747 441 1811 δόξαν
469 1748 615 1819 ἔχειν
648 1753 777 1815 τοὺς
811 1755 1117 1825 ἀκροατάς.

1971 593 2137 646 illius.
2184 593 2382 648 Dicens
2421 608 2572 662 ergo,
2629 591 2787 658 Quod
2825 592 2984 654 vidit,
3039 591 3295 660 quodque
3333 590 3567 653 audivit,

1973 686 2077 739 hoc
2100 693 2414 740 attestatur:
2442 686 2631 739 humili
2665 684 2828 739 modo
2855 692 3078 752 propter
3118 682 3431 735 auditorum
3464 680 3570 733 im-

1979 776 2339 830 becillitatem
2379 776 2596 830 locutus
2643 784 2749 836 est,
2806 788 2997 827 verum
3030 771 3169 824 nihil
3218 769 3366 824 aliud
3398 769 3579 823 innuit

1971 883 2134 937 quam
2162 869 2205 921 si
2232 867 2493 923 dixisset:
2518 865 2653 921 Vera
2677 866 3021 921 testiﬁcatur.
3053 863 3339 931 Siquidem
3373 862 3567 915 volen-

1972 968 2055 1014 tes
2085 960 2153 1014 de
2183 960 2363 1028 aliquo
2394 959 2688 1023 aliirmare,
2717 958 2860 1026 quod
2903 972 3031 1010 vera
3063 955 3228 1017 dicat,
3254 954 3578 1015 asserimns,

1973 1064 2099 1103 eum
2130 1049 2181 1103 id
2215 1048 2521 1111 testiﬁcari,
2563 1048 2709 1115 quod
2742 1047 2878 1101 vidit
2913 1054 2969 1099 et
3003 1044 3234 1099 audivit.

2046 1141 2277 1207 Quando
2320 1142 2486 1212 igitur
2529 1143 2707 1211 ipsum
2750 1141 2993 1194 audieris
3043 1138 3321 1191 dicentem
3357 1150 3370 1185 :
3426 1133 3572 1187 Sicut

1974 1232 2136 1285 audio
2148 1231 2336 1300 judico
2354 1232 2419 1297 ";
2443 1239 2499 1284 et
2526 1245 2742 1283 rursum
2769 1243 2791 1279 εκ
2816 1226 2934 1280 Hea
2958 1225 3200 1279 doctrina
3218 1234 3323 1274 non
3337 1230 3412 1274 est
3440 1234 3579 1283 mea,

1973 1326 2064 1382 sed
2097 1324 2213 1392 ejus
2241 1323 2332 1393 qui
2366 1324 2508 1376 misit
2535 1320 2716 1385 me“;
2753 1330 2806 1373 et
2842 1322 3043 1373 iterum
3075 1333 3090 1369 :
3128 1315 3263 1379 Qua:
3302 1312 3482 1365 audivi
3515 1314 3582 1363 ab

1976 1427 2037 1466 eo
2069 1412 2179 1464 haec
2226 1411 2410 1480 loquor
2444 1411 2498 1463 in
2528 1409 2880 1473 mundum”,
2936 1415 2993 1460 et
3044 1415 3389 1476 quzecunque
3454 1407 3587 1452 sunt

1979 1502 2201 1565 similia,
2235 1502 2375 1556 scito
2414 1500 2541 1555 talia
2591 1498 2993 1568 dispensatorie
3035 1497 3265 1558 dixisse,
3318 1492 3496 1547 solum
3526 1498 3587 1544 ut

1980 1584 2233 1649 videatur
2266 1609 2395 1648 vera
2424 1594 2704 1655 dicere,eo
2729 1590 2875 1661 quod
2920 1599 3221 1657 congruam
3248 1586 3317 1641 de
3357 1598 3425 1640 eo
3460 1581 3586 1652 opi-

1983 1688 2203 1744 nionem
2232 1686 2477 1741 nondum
2508 1684 2780 1739 baberent
2811 1682 3115 1736 auditores.

353 1842 464 1935 lia!
521 1873 593 1883 —
660 1846 975 1916 λαμϐάνει.
1040 1850 1232 1914 Οὐδεὶς
1292 1850 1401 1904 τῶν
1475 1851 1877 1913 ἀπιστούντων.

2058 1871 2214 1927 Vera.
2239 1868 2330 1924 32.
2361 1867 2749 1935 Et—arcipit.
2778 1861 2974 1918 Nullus
3002 1860 3325 1917 inﬁdelium.
3352 1859 3464 1914 Iloc
3491 1874 3590 1913 au-

276 1933 457 1986 Τοῦτο
479 1935 537 1987 δὲ
569 1936 835 2005 περὶτῶν
867 1941 1219 2012 ἀναισθήτων
1278 1944 1552 1998 Ἰουδαίων
1591 1947 1821 2016 είρηκεν
1849 1951 1877 2001 ό

290 2023 550 2095 Ἰωάννης
576 2044 591 2060 ·
635 2029 935 2099 ἐξαιρέτως
964 2032 1022 2085 δὲ
1054 2034 1185 2104 περὶ
1219 2036 1327 2087 τῶν
1351 2035 1546 2097 ἑαυτοῦ
1592 2038 1874 2110 μαθητῶν,

278 2116 393 2168 τῶν
433 2116 540 2170 ὑπὸ
571 2118 882 2188 φιλοδοξίας
910 2124 1007 2177 καὶ
1038 2122 1348 2195 βασκανίας
1385 2126 1753 2196 παρακνίζειν
1783 2130 1883 2180 αὑ-

282 2210 380 2261 τὸν
410 2212 875 2281 ἐπιχειρούντων.

374 2300 437 2355 '0
487 2303 695 2356 λαϐὼν
742 2333 814 2344 -
866 2305 1026 2361 ἐστι.
1080 2307 1515 2378 Ἐσφράγισεν,
1551 2311 1721 2380 ἤγουν
1760 2310 1883 2363 £6:-

286 2392 547 2459 ϐαίωσεν,
579 2395 782 2460 ἔδειξεν
808 2398 949 2452 ὅτιό
1003 2400 1195 2471 Πατὴρ
1242 2401 1457 2472 ἀληθής
1516 2405 1687 2456 ἔστιν.
1744 2399 1882 2457 Εἶτα

286 2486 701 2553 κατασκευάζει
726 2490 786 2541 τὸ
812 2490 1004 2560 ῥηθέν.

368 2581 478 2632 ⁸ον
504 2580 615 2649 γὰρ
651 2613 712 2628 -
742 2581 945 2638 λαλεῖ.
983 2584 1140 2636 Ἐπεὶ
1173 2584 1306 2655 γὰρ,
1340 2584 1762 2656 ἀπεσταλμένος
1782 2586 1882 2648 ὢν,

289 2671 362 2724 τὰ
394 2673 616 2740 ῥήματα
650 2671 747 2725 τοῦ
776 2672 914 2726 Θεοῦ
936 2672 1111 2737 λαλεῖ,
1137 2674 1327 2729 λοιπὸν
1360 2679 1388 2729 ό
1415 2677 1517 2745 μὲν
1565 2676 1753 2729 λαϐὼν
1780 2678 1883 2729 αὐ-

289 2762 388 2816 τοῦ
409 2764 516 2834 τὴν
542 2765 856 2835 μαρτυρίαν
910 2768 1009 2819 καὶ
1042 2767 1323 2823 πιστεύων
1351 2770 1501 2841 αὐτῷ
1530 2770 1886 2837 ἐϐεϐαίωσεν,

292 2852 495 2918 ἔδειξεν
524 2854 606 2907 ὅτι
640 2858 667 2908 ὁ
705 2855 838 2919 Θεὸς
871 2856 1081 2929 ἀληθής
1132 2860 1315 2925 ἐστιν,
1355 2861 1384 2913 ὁ
1433 2859 1767 2924 ἀποστείλας
1793 2862 1879 2913 αὺ-

287 2948 404 3013 τὸν,
450 2940 664 3013 οὗτινός
696 2951 802 3003 είσι
839 2952 909 3005 τά
960 2952 1188 3023 ῥήματα
1217 2953 1252 3006 ἁ
1291 2954 1484 3007 λαλεῖ*
1518 2957 1546 3009 ὁ
1586 2955 1643 3007 δὲ
1680 2956 1757 3027 μὴ
1788 2955 1885 3009 λα·

294 3040 407 3093 ϐὼν
448 3042 640 3112 αὐτὴν,
682 3045 777 3097 καὶ
821 3044 1072 3097 ἀπιστῶν
1130 3044 1301 3116 αὐτῷ,
1342 3046 1663 3101 τούναντίον
1719 3048 1888 3111 ποιεῖ,

296 3135 395 3188 καὶ
420 3132 575 3188 οὐδὲν
602 3135 796 3207 ἕτερον
828 3136 860 3208 ἢ
890 3136 1182 3208 προδήλως
1214 3137 1501 3209 Θεομαχεί.

371 3315 516 3385 Ὀρα
562 3316 681 3379 πῶς
740 3316 941 3379 αὐτοὺς
1002 3316 1255 3371 ἐντεῦθεν
1305 3318 1547 3389 ἐφόϐησε
1614 3319 1712 3373 καὶ
1754 3337 1889 3374 κατ-

298 3408 523 3479 ἐπληξε,
556 3407 827 3478 μαθόντας
857 3410 939 3463 ὅτι
958 3412 987 3463 ό
1013 3412 1350 3482 παρακούων
1379 3412 1545 3466 αὑτοῦ
1580 3414 1888 3483 παρακούει

295 3502 393 3555 τοῦ
428 3501 565 3554 θεοῦ
607 3500 703 3554 τοῦ
738 3502 1059 3572 πέμψαντος
1095 3505 1283 3560 αὐτόν.
1342 3507 1537 3575 Δείξας
1566 3508 1749 3560 τοίνυν
1789 3509 1889 3577 τὴν

295 3594 656 3649 διδασκαλίαν
703 3594 873 3648 αὑτοῦ
929 3596 1248 3662 ἀξιόπιστον
1322 3600 1432 3654 ἀπὸ
1478 3599 1576 3653 τοῦ
1650 3601 1889 3671 [ἰατρὸς.

296 3687 575 3742 δείκνυσιν
637 3688 807 3759 αὐτὴν
874 3688 1194 3754 ἀξιόπιστον
1268 3693 1364 3746 καὶ
1411 3693 1522 3746 ἀπὸ
1580 3692 1677 3746 τοῦ
1735 3694 1891 3764 ἁγίου

299 3781 443 3836 Πνεύ
451 3798 642 3852 ματος.

376 3877 460 3930 Οὐ
492 3904 561 3914 -
599 3873 869 3943 Πνεῦμα.
904 3876 981 3930 Οὐ
1028 3878 1465 3950 μεμετρημένην
1496 3879 1719 3934 δίδωσιν
1742 3878 1895 3951 αὒτῷ

298 3969 330 4021 ὁ
363 3966 556 4038 Πατὴρ
578 3968 681 4037 τὴν
724 3968 822 4021 τοῦ
858 3968 1185 4038 Πνεύματος
1216 3972 1528 4040 ἐνέργειαν,
1562 3971 1755 4041 ὥσπερ
1782 3973 1896 4035 τοῖς

302 4062 485 4124 ἀλλοις
516 4059 719 4128 ἁγίοις,
757 4061 875 4114 ἀλλ’
901 4063 1218 4137 ἀμέτρητον
1239 4065 1353 4135 ἔχει
1380 4064 1589 4137 ταύτην
1618 4066 1713 4121 καὶ
1742 4066 1892 4136 ὃλην,

301 4153 379 4218 ὡς
402 4153 645 4223 όμοφυῆ.
682 4153 910 4224 Πνεῦμα
937 4156 1049 4227 γὰρ
1102 4155 1202 4210 νῦν
1260 4159 1414 4228 λέγει
1467 4158 1566 4228 τὴν
1594 4158 1692 4213 τοῦ
1725 4160 1895 4213 πνεύ-

308 4264 480 4316 ματος
509 4246 819 4316 ἐνέργειαν.
859 4249 933 4301 Τὸ
982 4248 1217 4320 Πνεῦμα
1275 4253 1377 4321 μὲν
1414 4252 1524 4324 γὰρ
1557 4254 1895 4326 ἀμέτρητονο

304 4342 337 4407 ἡ
366 4338 622 4407 ἐνέργεια
653 4338 712 4392 δὲ
748 4340 919 4394 αὐτοῦ
951 4346 1231 4414 μετρεῖται
1268 4346 1367 4398 καὶ
1419 4344 1743 4417 διανίμεται
1774 4348 1899 4399 κατ’

304 4429 466 4494 ἀξίαν
496 4429 604 4483 τῶν
638 4429 1037 4501 λαμϐανόντων
1074 4437 1272 4507 αὑτήν.

386 4611 599 4676 Ἕδειξε
654 4612 713 4665 δὲ
770 4614 873 4685 τὴν
933 4616 1295 4672 διδασκαλίαν
1335 4620 1503 4674 αὐτοῦ
1582 4620 1902 4689 ἀξιόπιστον

309 4706 418 4757 ἀπὸ
447 4702 543 4757 τοῦ
572 4706 788 4776 [ἰατρὸς
820 4710 917 4759 καὶ
969 4709 1065 4763 τοῦ
1100 4710 1261 4776 ἁγίου
1320 4714 1668 4785 Πνεύματος,
1702 4719 1801 4789 οὐχ
1827 4721 1903 4784 ὡς

1988 1974 2094 2019 tem
2127 1964 2195 2017 de
2227 1961 2525 2017 insensatis
2576 1958 2784 2015 Iudaeis
2813 1957 2952 2011 dixit
2984 1954 3245 2014 Joannes,
3278 1951 3589 2023 przesertim

1985 2064 2169 2110 autem
2194 2055 2261 2109 de
2285 2053 2576 2123 discipulis
2607 2052 2745 2115 suis,
2778 2049 2873 2120 qui
2904 2063 3032 2103 eum
3066 2050 3119 2102 in
3144 2045 3505 2101 ambitionem
3534 2052 3591 2099 et

1985 2148 2245 2201 invidiam
2281 2145 2568 2213 impellere
2596 2142 2968 2197 conabantur.

2056 2327 2216 2382 Vers.
2275 2325 2369 2381 53.
2425 2322 2528 2388 Qui
2575 2324 2771 2390 accepit
2814 2349 2887 2362 —
2930 2322 3017 2374 sit.
3072 2318 3418 2389 Obsignavit,
3472 2319 3590 2372 sive

1989 2418 2352 2482 conﬁrmavit.
2396 2416 2816 2475 demonstras-it,
2872 2414 3017 2482 quod
3070 2410 3235 2465 Pater
3282 2426 3447 2465 verax
3499 2410 3591 2463 sit.

1992 2510 2199 2565 Deinde
2227 2510 2372 2579 quod
2399 2508 2603 2562 dictum
2636 2516 2742 2566 est,
2774 2504 2988 2574 probat.

2070 2601 2323 2657 Vers.35.
2356 2601 2411 2654 Is
2434 2603 2574 2654 enim
2608 2614 2763 2668 quem
2790 2626 2861 2637 —
2896 2598 3146 2665 loquitur.
3183 2592 3464 2662 Sinuidem
3494 2590 3595 2659 (ee)

1991 2712 2057 2751 ex
2092 2710 2201 2765 quo
2240 2694 2285 2749 is
2313 2692 2411 2762 qui
2440 2693 2643 2747 missus
2678 2700 2783 2749 est.
2815 2690 2982 2742 verba
3024 2686 3115 2740 Dei
3153 2684 3421 2753 [equitum
3460 2696 3596 2735 cou-

1994 2801 2233 2857 sequens
2287 2794 2374 2840 est
2426 2793 2487 2839 ut
2539 2783 2630 2853 qui
2682 2780 3065 2837 testimonium
3117 2780 3242 2845 eius
3300 2773 3598 2843 sumpserit

1992 2882 2153 2951 eique
2195 2876 2510 2939 crediderit,
2560 2876 2854 2929 conﬁrmet
2903 2887 2968 2926 ac
3029 2870 3398 2925 detuonstret.
3451 2863 3597 2934 quod

1996 2975 2141 3029 Deus
2171 2987 2333 3026 verax
2362 2970 2455 3034 sit,
2499 2968 2593 3039 qui
2639 2968 2819 3037 ipsum
2866 2966 3017 3018 misit
3061 2973 3120 3017 et
3150 2962 3310 3028 cujus
3360 2967 3491 3012 sunt
3529 2972 3598 3010 ea

1994 3080 2115 3135 qua”:
2147 3063 2390 3134 loquitur
2431 3063 2617 3115 verba.
2649 3057 2753 3124 Qui
2789 3065 2971 3111 autem
3023 3068 3133 3107 non
3177 3050 3411 3118 suscipit
3442 3062 3593 3111 eum,

1918 3194 1962 3253 ο
1996 3174 2100 3214 nec
2126 3154 2388 3218 creditei,
2410 3149 2900 3209 contrariuml‘acit
2932 3166 2945 3200 :
2980 3162 3084 3200 nec
3108 3145 3255 3198 aliud
3288 3143 3399 3214 agit
3431 3155 3599 3209 quam

1999 3248 2290 3304 manifeste
2321 3254 2511 3302 contra
2546 3245 2713 3297 Deum
2747 3248 2974 3309 pugnat.

2065 3341 2205 3398 Vide
2249 3337 2529 3409 quomodo
2588 3333 2718 3389 hinc
2764 3346 2861 3386 eos
2909 3335 3138 3389 terreat,
3191 3341 3319 3380 cum
3362 3324 3599 3387 discant,

1998 3436 2145 3506 quod
2174 3432 2268 3503 qui
2298 3430 2376 3484 illi
2406 3425 2730 3482 lnobediens
2760 3432 2864 3487 est,
2891 3420 3004 3474 Deo
3027 3418 3360 3473 inobedicns
3382 3426 3466 3469 est
3499 3414 3596 3481 qui

2001 3505 2151 3581 misit
2202 3523 2401 3592 ipsum.
2468 3517 2768 3584 Postquam
2830 3527 2959 3583 ergo
3010 3506 3414 3565 demonstravit
3478 3505 3599 3572 ejus

2001 3616 2306 3673 doctrinam
2336 3626 2459 3667 esse
2492 3609 2597 3664 fide
2620 3607 2864 3674 dignam,
2893 3604 3057 3668 idque
3084 3617 3114 3655 a
3152 3603 3341 3666 Patre,
3366 3599 3597 3653 demon-

2002 3717 2139 3765 strat
2169 3720 2319 3761 nunc
2352 3700 2495 3758 idem
2522 3708 2578 3756 et
2605 3714 2638 3754 a
2667 3697 2879 3769 Spiritu
2919 3705 3131 3751 sancto.

2075 3890 2232 3944 Vers.
2268 3886 2358 3942 ὃὸ.
2389 3883 2509 3938 Non
2546 3910 2617 3923 -—
2649 3879 2929 3948 Spiritum.
2953 3876 3075 3931 Non
3106 3880 3483 3927 mensuratam
3505 3869 3600 3923 dat

2006 3984 2106 4054 ipsi
2136 3982 2298 4036 Pater
2327 3976 2569 4048 Spiritus
2594 3973 2876 4033 virtutem,
2899 3969 3043 4025 sicut
3065 3967 3189 4022 aliis
3217 3964 3427 4020 sanctis
3454 3980 3468 4015 :
3499 3961 3598 4016 sed

2006 4076 2150 4131 hanc
2179 4072 2298 4128 sine
2328 4082 2591 4125 mensura
2620 4064 2787 4119 habet
2817 4078 2882 4117 ac
2913 4070 3107 4121 totam.
3147 4067 3408 4125 tanquam
3444 4057 3598 4124 ejus-

2006 4169 2132 4222 dem
2169 4174 2381 4219 natura?
2410 4161 2511 4231 (ﬂ).
2542 4156 2810 4228 Spiritum
2830 4153 2977 4209 enim
3006 4166 3154 4205 nunc
3175 4150 3331 4214 dicit,
3359 4147 3602 4215 Spiritus

2010 4258 2303 4315 elﬁcaciam
2354 4270 2418 4308 ac
2473 4253 2757 4306 virtutem.
2802 4243 3085 4314 Siquidem
3129 4255 3439 4296 mensuram
3490 4254 3599 4292 non

2011 4358 2192 4421 potest
2223 4346 2497 4417 Spiritus:
2539 4344 2712 4396 virtus
2737 4346 2920 4392 autem
2955 4335 3129 4405 ipsius
3160 4340 3514 4387 mensuratur
3539 4343 3601 4382 ac

2011 4418 2293 4502 dividitur,
2318 4438 2469 4509 juxta
2492 4446 2706 4495 eorum,
2738 4428 2830 4499 qui
2859 4426 3009 4482 illam
3038 4424 3396 4495 participant,
3422 4418 3602 4489 digni-

1942 4557 1986 4612 ι)
2018 4545 2204 4591 tatem.

2082 4624 2495 4682 Demonstravit
2542 4634 2674 4691 ergo
2728 4614 3037 4672 doctrinam
3094 4610 3248 4666 illius
3308 4621 3431 4662 esse
3496 4602 3603 4657 (ide

2002 4721 2224 4791 dignam
2249 4730 2278 4769 a
2305 4715 2466 4770 Patre
2495 4721 2552 4767 et
2575 4710 2780 4780 Spiritu
2811 4712 3003 4762 sancto
3036 4720 3050 4769 ;
3080 4716 3193 4756 non
3241 4696 3403 4769 quasi
3456 4694 3605 4747 illinc

309 4794 569 4863 δεομένου
596 4798 697 4867 τῆς
722 4798 937 4851 ἐκεῖθεν
986 4801 1339 4869 ἀξιοπιστίας
1364 4821 1377 4835 ⁸
1405 4808 1572 4878 ἀρκεῖ
1600 4810 1711 4881 γὰρ
1738 4786 1882 4865 aii-tbi

2005 4786 2159 4883 egeat
2190 4808 2410 4863 testium
2442 4803 2858 4875 approbatione,
2893 4797 2987 4867 qui
3022 4795 3126 4850 soli
3162 4792 3273 4847 sibi
3326 4786 3604 4844 suﬂiciens

310 4884 510 4952 ἑαυτῷ,
536 4888 637 4953 τῆς
665 4887 837 4956 αὐτῆς
870 4890 1057 4953 αὐτοῖς
1084 4892 1160 4945 ὢν
1190 4894 1413 4962 φύσεως
1450 4898 1545 4950 καὶ
1570 4897 1759 4963 ἀξίας·
1787 4901 1903 4954 ἀλλ’

2011 4878 2118 4964 est,
2154 4899 2401 4971 ejusdem
2434 4912 2557 4950 cum
2590 4895 2670 4949 eis
2696 4890 2976 4963 dignitatis
3005 4897 3061 4941 ct
3101 4895 3329 4945 naturae,
3367 4881 3459 4936 sed
3480 4878 3607 4948 quia

313 4975 501 5047 ἐπειδὴ
527 4976 619 5029 τὸν
654 4979 754 5047 μὲν
788 4980 1011 5051 Πατέρα
1045 4986 1369 5052 ἐγίνωσκον,
1405 4990 1500 5041 καὶ
1547 4991 1630 5043 ὅτι
1666 4993 1808 5045 Πνεῦ
1823 5002 1882 5063 με

2014 4994 2230 5048 Patrem
2262 4989 2687 5061 cognoscebant,
2715 4994 2770 5040 et
2796 4981 2940 5053 quod
2966 4979 3205 5050 Spiritus
3235 4982 3384 5029 esset
3412 4973 3607 5027 crede-

313 5073 462 5124 ἐστιν
491 5071 814 5141 ἠπίσταντο,
856 5076 949 5129 τὸν
996 5077 1125 5133 my
1155 5080 1213 5132 δὲ
1242 5083 1500 5153 ἠγνόουν,
1554 5086 1649 5138 ἀπ’
1678 5062 1882 5141 ὲκείνωε

2014 5085 2369 5153 bant,Filium
2398 5090 2583 5136 autem
2622 5077 2967 5151 ignorabant,
3003 5072 3321 5141 Opinionem
3349 5081 3512 5135 quam
3537 5062 3611 5115 de

428 5250 475 5282 ⁸⁷
503 5248 662 5305 Joau.
709 5270 760 5322 ν,
786 5255 876 5310 30.
1017 5255 1063 5287 ⁸⁸
1084 5255 1245 5314 Joau.
1276 5274 1372 5317 vu.
1400 5257 1489 5313 16.

1601 5260 1647 5292 ⁵⁸
1674 5260 1834 5316 Joan.
1876 5278 1991 5329 vin,
2014 5262 2105 5317 26.

1408 5421 1612 5484 Variae
1652 5421 1959 5485 lectiones
1998 5432 2062 5487 et
2106 5430 2299 5486 noue.

386 5577 499 5656 με)
554 5582 687 5656 litui,
718 5584 1005 5656 pOSl_‘fdp,
1035 5584 1192 5639 abest
1226 5583 1289 5640 Β.

388 5649 500 5719 (69)
550 5652 796 5723 θέλομεν
840 5654 909 5707 Α.

389 5799 487 5871 (ee)
531 5801 621 5857 Ita
643 5813 695 5886 et
728 5808 894 5886 istud,
938 5817 1044 5863 etc.
1078 5808 1150 5862 Ita
1206 5819 1264 5886 et
1319 5810 1425 5867 hoc
1488 5811 1557 5866 de
1596 5828 1676 5886 se.
1705 5811 1900 5886 Siqui-

326 5871 456 5940 Jun,
492 5886 597 5933 etc.
639 5874 778 5942 Quia
813 5884 980 5948 cnim,
1010 5898 1134 5936 cum
1167 5882 1370 5937 missus
1396 5886 1488 5951 sit,
1520 5883 1686 5940 \‘crba
1731 5871 1849 5938 Dei.

2089 5588 2204 5662 (50)
2236 5590 2349 5644 Καὶ
2370 5589 2399 5642 δ
2424 5590 2649 5659 ἦκουσε.
2689 5586 2754 5640 Α.

2082 5812 2159 5882 (ﬂ)
2188 5810 2441 5881 Ejusdem
2463 5815 2689 5863 uatum.
2720 5803 2907 5875 Forte,
2932 5803 3097 5861 simul
3130 5815 3341 5862 natam.
