4010 6482
313 413 464 480 1185

1313 373 1700 472 conamur.
1742 409 1823 470 IN
1857 408 2238 472 JOANNEM.
2274 435 2344 448 --
2383 411 2541 473 CAP.
2581 412 2684 476 1v.

3469 421 3607 488 1186

314 519 388 575 ὶκ
419 515 786 574 Βαϐυλωνίων
811 515 868 571 δὲ
905 517 1000 571 καὶ
1022 516 1224 587 Μήδων
1250 516 1343 569 καὶ
1367 517 1652 569 Χαλδαίων
1681 517 1911 586 μιγάδας

2031 527 2366 585 congregans
2424 515 2476 567 in
2532 532 2594 570 ea
2649 517 2898 574 habitare
2949 520 3102 578 Iecit.
3158 524 3356 584 Volens
3418 546 3602 590 autem

315 614 656 685 ἀνθρώπους
689 610 1017 680 συναγαγὼν
1052 612 1170 664 ἰκεῖ
1222 610 1334 680 (55)
1367 609 1663 680 κατῴκισε.
1727 611 1910 674 Δείξαι

317 703 377 757 δὲ
411 704 739 774 βουλόμενος
774 704 800 754 6
827 703 958 764 Θεὸς
1003 705 1088 754 ὅτι
1127 703 1194 754 δι’
1254 702 1537 772 ἁμαρτίαν
1579 701 1910 770 ἐξεδόθησαν

321 795 436 855 τοῖς
494 792 804 863 Ἀσσυρίοις
853 794 902 846 οἱ
959 793 1074 864 (56)
1132 794 1490 864 Ἰσραηλῖται,
1549 801 1641 844 καὶ
1709 792 1770 844 οὐ
1843 791 1910 845 δι’

316 882 636 946 ἀσθένειαν,
696 883 915 944 λέοντας
970 883 1229 952 ἐπαφῆκε
1277 885 1388 944 τοῖς
1438 883 1909 951 ἑγκατοικισθεῖσι

313 972 653 1044 βαρϐάροις,
705 977 846 1046 ὅπερ
910 973 1102 1044 μαθὼν
1163 975 1192 1026 6
1248 973 1507 1044 βασιλεὺς
1551 977 1648 1026 καὶ
1700 973 1909 1037 συνεὶς,

314 1069 538 1136 πέμπει
577 1067 724 1138 ἱερέα
768 1068 879 1120 τῶν
948 1067 1325 1138 Ἰσραηλιτῶν,
1378 1065 1773 1137 παραδώσοντα
1805 1068 1906 1119 κά-

312 1158 526 1221 κείνοις
556 1175 649 1212 τ.ν
682 1159 773 1213 τοῦ
810 1159 948 1213 Θεοῦ
989 1159 1177 1228 νόμον,
1216 1159 1305 1212 ἱνα
1333 1159 1434 1228 τῆς
1460 1159 1574 1212 ἀπὸ
1607 1157 1718 1211 τῶν
1754 1159 1908 1211 λεόν-

312 1267 432 1301 των
471 1249 650 1320 λύμης
679 1249 1092 1318 ἀπαλλαγῶσιν.
1142 1249 1232 1314 Ἐξ
1266 1249 1526 1320 ἡμισείας
1553 1249 1610 1302 δὲ
1644 1251 1766 1302 τότε
1808 1250 1908 1318 τῆς

313 1342 585 1404 ἀσεϐείας
628 1337 995 1406 ἀποστάντες,
1039 1341 1271 1413 ὕστερον
1316 1343 1583 1405 ὁλοτελῶς
1623 1344 1912 1413 ἀπεπήδη-

317 1449 427 1484 σαν
467 1434 571 1485 τῶν
592 1431 866 1486 εἰδώλων·
916 1434 1057 1501 πλὴν
1101 1433 1162 1486 οὑ
1198 1433 1404 1504 μικρὰν
1463 1428 1609 1502 είχον
1661 1433 1740 1486 ἔτι
1773 1434 1909 1503 πρὸς

314 1526 451 1587 τοὺς
494 1526 783 1589 Ἰουδαίους
832 1525 1124 1595 διαφοράν.
1163 1525 1352 1588 Μύνας
1394 1525 1504 1595 γὰρ
1539 1526 1639 1586 τὰς
1681 1526 1910 1578 Μωσαῖ-

319 1618 428 1680 κάς
464 1617 680 1687 βίϐλους
708 1617 1015 1687 δεχόμενοι,
1051 1617 1164 1670 τῶν
1197 1616 1378 1672 ἄλλων
1421 1619 1482 1670 οὺ
1515 1617 1721 1688 πολλὴν
1756 1621 1908 1671 Enat-

317 1711 485 1764 οὖντο
513 1711 639 1779 λὸγο
653 1733 692 1766 ι.

391 1803 436 1876 -ξ-
461 1804 501 1876 -ξ-
532 1804 714 1870 Ἀξιον
752 1805 866 1876 (57)
923 1807 1101 1858 εῖπεῖν
1134 1805 1300 1859 πόθεν
1333 1808 1382 1859 oi
1425 1805 1775 1875 Σαμαρεῖται
1809 1805 1910 1874 τὴν

2019 604 2160 659 Deus
2179 606 2490 664 ostendere.
2519 611 2661 677 quod
2693 625 2803 664 non
2826 622 3050 682 propter
3074 615 3480 686 impotentiam,
3508 625 3605 678 sed

2015 698 2255 763 peccatis
2276 696 2620 766 exigentibus
2638 701 2819 755 traditi
2847 713 3033 757 essent
3053 703 3388 774 Babyloniis,
3418 711 3606 768 leones

2015 783 2259 838 barbaris
2311 800 2431 840 eain
2497 789 2936 845 inhabitantibus
2990 794 3266 850 immisit:
3311 801 3458 866 quod
3510 816 3608 856 rex

2013 873 2248 927 audiens
2305 883 2362 928 et
2417 876 2752 947 intelligens,
2809 881 2978 934 mittit
3003 883 3070 934 ad
3126 897 3221 936 eos
3260 890 3603 941 sacerdmem

2013 962 2404 1029 lsraelitarum,
2438 967 2530 1034 qui
2565 969 2802 1022 traderet
2833 971 2996 1022 etiam
3030 972 3140 1024 illis
3172 972 3263 1026 Dei
3304 977 3502 1044 legem,
3547 986 3608 1030 ut

2013 1069 2044 1107 a
2077 1066 2230 1123 peste
2264 1055 2484 1110 leonum
2517 1058 2904 1113 liberarentur.
2942 1061 3021 1114 Ex
3078 1077 3144 1116 eo
3183 1078 3314 1134 ergo
3365 1076 3611 1135 tempore

2013 1148 2210 1214 partim
2244 1149 2313 1201 ab
2340 1148 2620 1218 impietate
2655 1162 3006 1206 recesserunt
3043 1172 3056 1206 :
3096 1159 3447 1223 postmodum
3483 1176 3613 1216 vero

2013 1237 2256 1305 perfecte
2285 1237 2428 1292 idola
2464 1241 2826 1311 reliquerunt.
2867 1243 3252 1300 Verumtamen
3288 1248 3613 1318 aliquantuo

2016 1324 2126 1378 lum
2155 1327 2338 1382 adhuc
2372 1342 2489 1384 erat
2519 1332 2651 1399 ipsis
2678 1333 2976 1386 discrimen
3001 1350 3030 1387 a
3056 1333 3286 1391 Judxis.
3321 1339 3456 1392 Nam
3480 1341 3615 1395 solis

2017 1416 2182 1470 Musis
2235 1417 2388 1476 libris
2449 1426 2742 1492 susceptis,
2809 1435 3136 1482 ca-terornm
3190 1444 3298 1483 non
3362 1447 3612 1504 magnam

2017 1509 2292 1566 habebant
2322 1513 2610 1569 rationem.

2087 1782 2128 1851 -ι-
2162 1780 2460 1836 Dicendum
2509 1793 2614 1849 est,
2649 1786 2793 1840 unde
2815 1785 3146 1846 Samaritani
3189 1795 3299 1846 sint
3332 1797 3613 1865 appellati.

320 1863 699 1968 προσῆγορίαν
730 1863 935 1967 ταύτην
987 1896 1201 1950 ιλαϐον.
1243 1898 1423 1965 Σομὸρ
1453 1863 1606 1966 ὄρος.
1637 1863 1909 1966 annos

2031 1874 2260 1928 Samaria
2289 1889 2450 1928 mons
2483 1885 2623 1938 erat,
2660 1879 2808 1931 sicut
2835 1880 2998 1932 etiam
3031 1881 3166 1936 dixit
3199 1863 3417 1938 Isaias},
3435 1887 3612 1955 Caput

321 1989 418 2040 καὶ
461 1986 687 2050 Ἦσαῖας
720 1989 906 2058 φησὶν,
951 1985 1018 2040 Ἠ
1061 1987 1300 2055 κεφαλὴ
1338 1987 1906 2056 ΣομόρωνἜρραίμ.

335 2077 480 2130 Ἀλλ’
520 2080 568 2132 oi
600 2077 1010 2143 κατοικοῦντες,
1047 2080 1106 2130 οὐ
1139 2079 1505 2149 Σαμαρεῖται,
1541 2079 1660 2131 ἀλλ’
1702 2079 1913 2149 Ἰσραη-

319 2172 468 2225 λῖται
499 2171 771 2240 ἐλέγοντο.
805 2173 1014 2241 Χρόνου
1058 2171 1114 2224 δὲ
1170 2174 1456 2241 προίόντος
1494 2172 1911 2241 προσέκρουσαν

319 2262 400 2332 τῷ
433 2263 572 2334 Θεῷ,
613 2265 705 2316 καί
739 2263 1121 2334 βασιλεύοντος
1177 2263 1355 2315 Φακεὲ
1403 2262 1644 2314 ἀνελθὼν
1694 2261 1909 2328 Θεγλὰθ

319 2355 583 2424 Φαλασὰρ
640 2356 825 2418 πόλεις
883 2371 943 2407 τε
1003 2349 1114 2407 εἷλε
1167 2353 1370 2414 πολλὰς
1424 2355 1519 2404 καὶ
1574 2351 1807 2404 ἐπέθετο
1832 2351 1911 2421 τῷ

335 2450 492 2519 Ἦλᾷ,
526 2453 619 2500 καὶ
649 2448 858 2500 ἀνελὼν
893 2446 1079 2511 αὑτὸν,
1129 2447 1291 2515 Ὠσηὲ
1330 2446 1431 2515 τὴν
1460 2444 1748 2514 βασιλείαν
1779 2445 1911 2498 ἔδω·

321 2561 441 2598 κεν.
489 2541 615 2593 Ἐπὶ
641 2539 836 2592 τοῦτον
865 2538 1042 2591 ἐλθὼν
1065 2540 1094 2591 6
1126 2539 1528 2609 Σαλμανασὰρ,
1579 2531 1690 2589 εἷλε
1725 2538 1911 2601 πόλεις

321 2635 516 2704 ἑτέρας
545 2635 639 2686 καὶ
668 2632 976 2702 ὑποφόρους
1012 2631 1271 2701 ἐποίησεν
1297 2646 1310 2658 ·
1363 2630 1528 2692 αὐτὸς
1558 2629 1615 2682 δὲ
1645 2630 1780 2698 πρὸς
1810 2629 1911 2699 τὴν

319 2726 430 2778 τῶν
465 2726 740 2777 Αιϐιόπων
789 2725 1068 2790 κατέφυγε
1113 2723 1455 2791 συμμαχίαν.
1506 2721 1689 2789 Ἔγνω
1747 2719 1910 2772 τοῦτο

321 2821 351 2872 6
403 2817 710 2888 Ἀσσύριος,
739 2817 835 2870 καὶ
857 2817 1328 2886 ἐπιστρατεύσας,
1362 2815 1454 2868 καὶ
1482 2813 1694 2868 ἀνελὼν
1721 2814 1908 2880 αὐτὸν,

321 2913 506 2964 οὐκέτι
541 2912 602 2962 τὸ
637 2911 790 2972 ἔθνος
829 2911 948 2961 ἐκεῖ
972 2910 1159 2978 μένειν
1190 2910 1421 2978 ἀφίησιν
1443 2922 1456 2936 ’
1497 2907 1635 2960 ἀλλὰ
1684 2907 1912 2970 τούτους

323 3005 424 3074 μὲν
449 3007 528 3066 εἰς
561 3001 857 3055 Βαϐυλῶνα
880 3003 1114 3073 ἢγαγεν,
1138 3003 1349 3056 ἐκεῖθεν
1369 3004 1428 3056 δι
1461 3005 1590 3073 ἔθνη
1623 3006 1688 3055 ὲκ
1717 3003 1910 3068 διαφό-

322 3115 434 3167 ρων
459 3099 640 3149 τόπων
697 3096 947 3165 ἀγαγὼν,
998 3096 1306 3168 κατῴκισεν
1363 3097 1422 3150 ἐν
1475 3100 1542 3169 τῇ
1597 3097 1908 3166 Σαμαρείᾳ,

319 3189 460 3244 ὥστε
492 3192 678 3243 λοιπὸν
706 3189 928 3260 ἀσφαλῆ
957 3190 1108 3260 αύτῷ
1133 3190 1232 3260 τὴν
1257 3191 1436 3261 ἀρχὴν
1485 3185 1652 3254 εἶναι,
1688 3189 1796 3241 τῶν
1831 3190 1879 3239 (οἱ

323 3287 489 3338 κείων
520 3285 756 3354 ἑχόντων
781 3283 873 3336 τὸν
896 3287 1085 3338 τόπον.
1117 3283 1457 3353 Βουλόμενος
1479 3283 1537 3336 δὲ
1573 3285 1603 3336 6
1635 3282 1768 3344 Θεὸς
1807 3283 1911 3334 δεῖ·

322 3375 412 3440 ξαι
441 3377 542 3446 τὴν
566 3377 730 3427 αὑτοῦ
757 3374 1014 3442 δύναμιν,
1048 3378 1142 3426 καὶ
1166 3373 1245 3438 ὡς
1291 3375 1354 3426 οὐ
1389 3371 1458 3426 δι’
1485 3373 1776 3426 ἀσθένειαν
1825 3371 1914 3436 ἐξ-

321 3467 524 3519 έδωκεν
571 3467 884 3528 Ἰουδαίους,
939 3466 1076 3519 ἀλλὰ
1112 3468 1180 3518 δι’
1232 3467 1512 3536 ἁμαρτίας
1561 3466 1766 3530 αὐτῶν,
1811 3468 1914 3517 επ-

321 3561 521 3630 αφίησι
548 3559 768 3620 λέοντας
801 3563 912 3623 τοῖς
938 3561 1236 3629 βαρϐάροις
1258 3575 1273 3590 ο
1303 3560 1497 3629 χρόνου
1519 3559 1575 3612 δὲ
1601 3559 1910 3628 προίόντος,

319 3652 430 3704 τῶν
461 3652 698 3706 εῖδώλων
727 3652 822 3705 καὶ
854 3656 952 3722 τῆς
983 3651 1309 3712 δυσσεϐείας
1339 3653 1679 3722 ἀπέστησαν.

573 3764 731 3818 ΚΕΦ.
773 3761 850 3816 Ε’.
883 3762 1022 3831 Περὶ
1057 3760 1166 3830 τῆς
1209 3762 1662 3832 Σαμαρείτιδος.

398 3860 676 3928 Ἔρχεται
705 3888 775 3900 —-
801 3859 1013 3912 αὑτοῦ.
1062 3859 1269 3911 Ἐκεῖνο
1289 3860 1350 3912 τὸ
1379 3859 1582 3930 χωρίον
1607 3853 1676 3930 ἦν
1708 3859 1769 3911 τὸ
1791 3859 1914 3912 κατ’

323 3951 602 4024 ἐξαίρετον
627 3950 780 4004 δοθὲν
807 3949 884 4019 τῷ
925 3949 1152 4020 Ἰωσὴφ,
1185 3950 1483 4021 λεγόμενον
1510 3950 1740 4021 Σίκιμα.

396 4128 510 4194 Ἦν
537 4163 606 4175 -
653 4133 882 4188 Ἰακώϐ.
918 4133 1110 4204 Πηγὴν
1156 4132 1306 4202 λέγει
1353 4131 1412 4186 τὸ
1445 4133 1650 4205 φρέαρ,
1687 4132 1764 4196 ὡς
1807 4150 1914 4203 πηο

325 4219 497 4291 γάζον
523 4221 791 4276 κάτωθεν.
854 4221 1138 4276 Ἐκαλεῖτο
1170 4223 1226 4276 δὲ
1251 4222 1346 4276 τοῦ
1400 4223 1622 4292 Ἰακὼϐ,
1674 4223 1752 4288 ὡς
1787 4223 1916 4296 παρ’

326 4311 494 4367 αὑτοῦ
515 4313 736 4384 ὀρυγέν.

409 4405 474 4460 '0
516 4403 630 4462 οὖν
658 4405 893 4476 Ἰησοῦς
919 4437 988 4448 -—
1015 4408 1184 4478 ἕκτη.
1238 4409 1604 4474 Κεκοπιακὼς
1648 4412 1791 4464 κατά
1814 4412 1917 4483 τὴν

330 4501 573 4574 ἰδιότητα
613 4502 714 4572 τῆς
763 4503 1209 4574 ἀνθρωπότητος.
1277 4505 1424 4577 Πεζῇ
1497 4505 1609 4577 γὰρ
1679 4503 1916 4577 βαδίζων

2020 1966 2274 2034 Epitraim
2306 1965 2559 2020 Samaria
2596 1969 2663 2022 “.
2703 1970 2804 2033 Qui
2839 1982 3022 2024 autem
3063 1974 3468 2040 inhabitabant,
3501 1994 3614 2033 non

2018 2054 2370 2121 Samaritani,
2427 2058 2522 2112 sed
2584 2058 2845 2114 Israelita:
2905 2063 3253 2118 dicebantur.
3322 2067 3617 2138 Temporis

2016 2160 2198 2200 autem
2243 2165 2556 2218 progressu,
2579 2164 2705 2217 cum
2741 2151 3054 2208 irritassent
3091 2156 3406 2220 Dominum,
3437 2174 3491 2216 et
3526 2177 3610 2216 re-

2014 2240 2461 2310 gnaretl’hacee,
2511 2254 2816 2298 asci-nlens
2838 2243 3361 2316 Theglat-Phalasar
3417 2254 3618 2328 multas

2017 2332 2141 2385 tulit
2176 2333 2515 2397 civitates,et
2543 2335 2596 2388 in
2630 2337 2781 2390 Elam
2831 2340 2988 2394 irruit
3035 2342 3262 2412 ipseque
3301 2349 3616 2413 intellecto,

2016 2425 2155 2481 Osee
2185 2443 2414 2496 regnum
2451 2430 2694 2484 tradidit.
2729 2429 3085 2487 Postmodum
3137 2451 3266 2490 vero
3313 2449 3617 2496 ascendens

2017 2521 2365 2576 Salmanasar
2404 2524 2637 2594 reliquas
2667 2528 2790 2580 tulit
2820 2529 3093 2593 civitates,
3147 2529 3382 2598 fecitque
3435 2534 3610 2586 tribu-

2019 2614 2185 2668 tarias
2212 2632 2227 2680 ;
2263 2615 2350 2668 hic
2371 2625 2554 2669 autem
2579 2620 2646 2672 ad
2678 2618 3002 2688 Athinpnm
3029 2619 3275 2691 confugit
3301 2625 3566 2677 aimbum
3597 2644 3610 2680 :

2017 2706 2162 2769 quod
2193 2705 2424 2756 audiens
2454 2707 2709 2776 Assyrius
2739 2718 2929 2775 parato
2959 2719 3206 2762 exercitu
3240 2725 3418 2778 ipsum
3445 2714 3617 2766 inter-

2016 2794 2171 2857 emit,
2216 2811 2396 2864 neque
2453 2807 2672 2866 gentem
2715 2800 2926 2855 diutius
2967 2801 3040 2855 ibi
3081 2818 3301 2857 manere
3340 2809 3612 2874 permisit,

2017 2886 2111 2940 sed
2144 2887 2243 2940 hos
2274 2887 2430 2941 duxit
2452 2889 2507 2940 in
2534 2889 2908 2959 Babyloniam,
2932 2903 2988 2945 et
3010 2892 3138 2947 inde
3162 2897 3332 2951 variis
3362 2897 3618 2966 ge..tibus

2018 2978 2232 3031 eductis
2256 2978 2310 3030 in
2336 2979 2580 3033 Samaria
2608 2983 2856 3036 habitare
2885 2983 3035 3049 fecit,
3075 2996 3133 3038 ut
3165 2991 3402 3055 pr0priis
3428 2990 3619 3042 subdi-

2020 3069 2088 3123 tis
2140 3067 2322 3122 locum
2370 3072 2800 3139 possidentibus,
2859 3075 3075 3127 firmum
3128 3077 3234 3130 sibi
3283 3079 3618 3147 relinqueret

2019 3161 2414 3230 principatum.
2468 3161 2668 3218 Volens
2716 3173 2899 3219 autem
2941 3163 3086 3220 Deus
3132 3183 3286 3222 suam
3327 3173 3620 3230 ostendere

2023 3257 2345 3324 potentiam,
2367 3258 2624 3325 quodque
2651 3273 2758 3310 non
2792 3266 3017 3327 propter
3040 3258 3417 3329 impotentiam
3451 3266 3618 3318 tradi-

2023 3347 2167 3400 derit
2194 3345 2434 3413 Judzeos,
2469 3350 2562 3402 sed
2599 3358 2820 3418 pr0pter
2845 3364 3036 3403 eorum
3066 3365 3315 3420 peccata,
3355 3353 3616 3409 Baibaris

2024 3436 2212 3490 leones
2258 3437 2532 3491 immisit:
2580 3440 2842 3506 temporis
2883 3452 3068 3493 autem
3120 3459 3420 3514 progressu
3469 3447 3616 3502 idola

2023 3544 2148 3584 cum
2182 3531 2297 3586 suis
2336 3531 2710 3602 impietatibus
2743 3533 3086 3603 abjecerunt.

2436 3755 2591 3812 CAP.
2628 3755 2690 3812 ν.
2728 3757 2799 3811 De
2825 3757 3197 3814 Samaritana.

2102 3849 2260 3907 νοτε.
2307 3850 2360 3904 5.
2405 3850 2548 3905 Venit
2574 3878 2644 3890 —
2671 3867 2788 3907 suo.
2821 3852 3090 3906 Prsadium
3133 3854 3262 3909 illud
3295 3863 3434 3919 erat,
3471 3858 3620 3929 quod

2025 3953 2179 3998 extra
2241 3951 2447 3996 sortem
2505 3942 2659 3996 dedit
2709 3943 2878 3998 Jacob
2927 3943 3153 4015 Josepli,
3215 3961 3272 4001 et
3333 3948 3622 4004 dicebatur

2029 4036 2257 4090 Sikima.

2100 4127 2257 4183 Vers.
2299 4126 2353 4182 6.
2395 4127 2532 4181 Erat
2562 4156 2623 4167 —
2657 4125 2849 4180 Jacob.
2887 4126 3118 4182 Puteum
3161 4139 3339 4192 vocat,
3383 4130 3618 4199 fontem,

2026 4221 2152 4290 quia
2181 4235 2213 4276 e
2248 4221 2610 4274 subterraneo
2641 4218 2762 4272 loco
2795 4219 3040 4272 manabat
3074 4235 3088 4271 :
3118 4220 3404 4276 dicebatur
3432 4237 3617 4278 autem

2026 4307 2200 4376 ipsius
2228 4307 2418 4370 Jacob,
2462 4321 2530 4359 eo
2556 4306 2700 4375 quod
2745 4306 2922 4375 ipsum
2956 4307 3210 4363 fodisset.

2108 4398 2262 4454 \‘ers.
2326 4399 2380 4453 6.
2433 4397 2584 4451 Jcsus
2648 4414 2770 4467 ergo
2804 4409 3074 4453 —sexta.
3133 4401 3418 4473 Fatigatus
3467 4405 3620 4473 insta

2030 4492 2392 4547 humanitatis
2444 4491 2856 4560 pr0prietatem.
2916 4489 3054 4546 Cum
3105 4494 3253 4546 enim
3308 4495 3474 4565 pedes
3533 4496 3620 4548 in-

327 4594 473 4648 οὖτω
521 4595 775 4649 σύντονον
824 4599 1062 4650 ἐποιεῖτο
1113 4597 1215 4669 τὴν
1247 4597 1563 4669 ὁδοιπορίαν
1591 4599 1667 4664 ὡς
1699 4599 1794 4652 καὶ
1823 4615 1911 4652 κο-

2031 4587 2273 4646 cederet,
2337 4586 2476 4638 adeo
2528 4583 2889 4637 vehementer
2947 4584 3284 4652 ambulabat,
3339 4596 3398 4642 ut
3452 4587 3618 4640 etiam

329 4689 547 4744 πιάσαι.

400 4781 469 4837 Τί
498 4786 555 4838 δέ
599 4790 716 4839 ὲσει
755 4785 816 4837 τδ
851 4783 1200 4846 Ἐκαθέζετο
1260 4785 1490 4852 οὕτως;
1549 4786 1791 4855 Ἀπλῶς,
1845 4788 1923 4852 ὼς

329 4873 523 4945 ἔτυχεν
579 4876 666 4929 ἐπ’
711 4875 969 4945 ἐδάφους.
1031 4875 1106 4928 Τὸ
1165 4875 1373 4946 ἄτυφον
1408 4879 1518 4949 γὰρ
1569 4879 1598 4931 6
1640 4878 1798 4947 λόγος
1842 4881 1925 4933 δι-

329 4966 543 5021 δάσκει.

405 5128 733 5194 Ἑκαθέζετο
758 5131 814 5186 δὲ
844 5132 905 5185 τδ
937 5134 1097 5205 σῶμα
1124 5135 1498 5201 διαναπαύων,
1539 5151 1635 5190 και
1658 5136 1790 5207 περὶ
1821 5135 1921 5208 τὴν

2025 4680 2372 4748 fatigaretur.

2103 4773 2244 4840 Quid
2299 4779 2386 4826 est
2442 4777 2649 4830 autem,
2714 4767 2858 4835 quod
2915 4768 3160 4831 additur,
3213 4768 3442 4825 Sedebat
3492 4772 3568 4825 sic
3600 4771 3626 4824 ?

2029 4863 2368 4935 Simpliciter
2409 4861 2680 4924 videlicet,
2728 4869 2892 4930 prout
2934 4876 3058 4915 sese
3113 4861 3267 4916 locus
3311 4861 3620 4917 oﬂerebat:

2029 4957 2138 5019 vel,
2173 4955 2348 5008 humi.
2383 4952 2734 5005 Demonstrat
2761 4951 3040 5019 siquidem
3078 4966 3263 5006 sermo
3300 4955 3444 5022 quod
3472 4952 3623 5006 omni

2032 5045 2180 5098 fastu
2209 5052 2447 5096 careret.

2097 5135 2330 5190 Sedebat
2349 5145 2554 5199 autem,
2582 5147 2782 5203 corpus
2805 5133 3140 5201 refocillans,
3163 5136 3386 5206 etjuxta
3412 5135 3620 5191 fontem

335 5223 522 5291 πηγὴν
553 5223 868 5294 ἀναψύχων.
902 5225 1048 5280 Αὐτὸ
1070 5228 1179 5298 γὰρ
1208 5228 1308 5297 τῆς
1332 5227 1549 5298 ἡμέρας
1589 5222 1658 5298 ἦν
1704 5226 1765 5277 τὸ
1823 5242 1911 5296 με·

2032 5243 2312 5288 recreans,
2372 5235 2492 5280 erat
2534 5225 2682 5278 enim
2729 5227 3006 5292 meridies,
3053 5228 3272 5296 quando
3321 5229 3401 5281 sol
3454 5230 3625 5281 vehe-

337 5316 613 5381 σαίτατον,
651 5318 740 5370 ὅτε
780 5317 971 5373 λοιπὸν
994 5320 1024 5373 6
1055 5320 1208 5391 ἥλιος
1243 5322 1606 5393 σφοδρότερον
1636 5320 1920 5374 καθικνεῖ-

439 5497 484 5530 ⁶²
516 5495 619 5553 lsa.
653 5499 821 5566 Vit,9.

2032 5320 2276 5376 mentitis
2334 5319 2575 5373 humana
2642 5319 2864 5390 attingit
2916 5334 3174 5390 corpora.
3233 5319 3406 5373 Simul
3460 5320 3625 5374 etiam

1500 5574 1700 5638 Varia:
1747 5576 2057 5642 lectiones
2103 5583 2165 5639 et
2209 5581 2402 5638 notae.

408 5741 524 5817 (ᾗῇ)
565 5741 910 5817 Κατῷκησεν
937 5743 1001 5811 Α,
1031 5742 1203 5800 male.

408 5813 523 5883 (56)
553 5813 617 5883 Οἱ
643 5817 847 5870 omittit
879 5814 940 5868 Β.

408 5882 679 5956 (Sullae
733 5897 932 5942 neuter
983 5902 1229 5942 meorum
1289 5888 1561 5960 agnoscit.
1649 5889 1759 5942 Exc
1803 5898 1922 5957 rpta

2017 5758 2199 5802 autem
2226 5760 2356 5803 sunt
2381 5746 2580 5818 partim
2613 5760 2678 5818 ex
2711 5747 3001 5818 Chrysost.
3035 5756 3075 5818 ι.
3114 5745 3254 5812 ἭΙΙ,
3287 5761 3342 5816 p.
3372 5746 3496 5812 l77,
3555 5742 3622 5809 C,

2023 5821 2222 5889 partim
2246 5837 2312 5874 ex
2339 5817 2778 5889 Theolihylacto,
2805 5835 2859 5888 p.
2894 5817 2999 5873 606
3045 5817 3107 5870 Β.
