4010 6488
474 440 613 506 1187
1710 428 2057 491 EUTHYM]

2168 427 2498 490 ZIGABENI
3621 417 3751 483 1188

464 551 765 623 discipulos
793 546 1173 620 exspectabat,
1201 542 1295 616 qui
1327 542 1578 599 abierant
1612 550 1674 597 ut
1701 542 1855 597 cibos
1898 556 2047 596 eme-

2171 560 2253 596 ται
2282 542 2393 595 τῶν
2435 536 2800 611 ἀνθρωπίνων
2858 534 3172 607 σωμάτων*
3210 532 3328 604 ἅμα
3387 531 3443 587 δέ
3503 532 3754 597 καὶτοὺς

460 653 605 699 rent.
652 642 789 698 Vide
853 650 1038 695 autem
1084 636 1433 708 evangelista:
1475 633 1807 706 diligentiam
1844 647 2043 702 :nequi

2173 636 2427 707 μαθητὰς
2455 634 2724 704 ἀνέμενεν
2757 627 3097 691 ἀπελθόντας
3140 626 3220 691 είς
3264 624 3471 697 ἀγορὰν
3508 623 3748 698 τροφῶν.

461 737 609 790 enim
662 734 837 788 dixit:
894 732 1037 787 liora
1103 740 1224 786 erat
1278 737 1481 795 sexta,
1537 727 1633 781 sed
1684 727 1847 798 ferme
1893 736 2041 779 sexta

2170 731 2315 801 Ὅρα
2344 728 2402 781 δὲ
2436 726 2531 780 τοῦ
2572 720 2967 793 εὐαγγελιστοῦ
3026 724 3129 790 τὴν
3176 719 3463 791 ἀκρίϐειαν
3490 734 3503 749 ο
3551 720 3612 770 ού
3646 717 3752 787 γὰρ

462 829 740 881 instruens
760 840 881 887 nos,
901 839 972 879 ne
1000 825 1167 878 etiam
1204 823 1425 876 minima
1461 816 1948 890 parvipendamus,
1970 830 2045 869 εει

2171 818 2347 886 εἶπεν,
2375 820 2519 891 Ὥρα
2534 814 2603 889 ἦν
2626 817 2785 887 ἐκτη,
2809 814 2924 869 ἀλλ’
2942 813 3088 867 ὡσεί
3110 812 3253 879 ἕκτη
3278 829 3293 844 ο
3320 810 3587 865 παιδεύων
3612 812 3754 880 ἡμᾶς

460 918 516 971 in
548 918 632 971 his
652 930 773 987 quae
806 932 932 971 sese
969 915 1214 970 otl'erunt
1238 913 1525 966 veritatem
1553 920 1852 965 sectemur.
1886 908 2043 977 Siqui

2172 912 2295 982 μηδ’
2324 911 2419 963 ἐπὶ
2450 912 2565 974 τοῖς
2614 906 2928 977 ἐλαχίστοις
2984 904 3331 972 ἀδιαφρεῖν,
3370 903 3507 957 ἀλλὰ
3541 903 3638 955 καὶ
3693 902 3748 954 ἐν

460 1009 582 1061 dem
616 1024 684 1061 ne
717 1008 1036 1060 allirmaudo
1068 1013 1300 1069 erraret,
1352 1002 1653 1056 dictionem
1702 999 1965 1066 correxit,
2003 1013 2043 1052 e1

2167 1007 2283 1066 τοίς
2315 1000 2577 1072 τυχοῦσιν
2628 995 2978 1065 ἐπιτηδεύειν
3038 994 3325 1062 ἀλήθειαν.
3360 994 3478 1045 Ἵνα
3536 992 3643 1063 γὰρ
3680 991 3750 1061 μὴ

460 1098 912 1167 conjecmraliter
940 1096 1156 1150 locutus
1189 1103 1300 1148 est.

2172 1093 2611 1161 ἀποφαινόμενος
2634 1091 2765 1151 ἴσως
2795 1084 3070 1158 ἀποτύχῃ,
3089 1085 3319 1139 ἐκόλασε
3340 1084 3440 1155 τὴν
3464 1084 3630 1151 λέξιν,
3663 1085 3754 1136 καὶ

2174 1182 2551 1254 στοχαστικῶς
2586 1181 2671 1233 ἕλε
2681 1180 2793 1245 ξεν.

536 1276 687 1330 Vers.
723 1276 774 1330 7.
819 1274 1067 1327 Venit—
1096 1290 1319 1344 aquam.
1364 1271 1494 1325 inde
1538 1270 1686 1325 enim
1738 1266 2069 1322 hauriebam

2246 1278 2517 1345 Ἔρχεται
2548 1304 2617 1316 --
2642 1272 2820 1339 ὕδωρ.
2870 1269 3117 1323 Ἐκεῖθεν
3152 1268 3260 1338 γὰρ
3312 1268 3361 1320 οί
3397 1268 3493 1338 τῆς
3528 1267 3755 1338 εἰρημέ-

462 1385 656 1437 aquam
688 1384 751 1422 ac
782 1368 1074 1431 bibebant,
1107 1368 1199 1436 qui
1228 1367 1432 1420 dictam
1464 1364 1746 1418 civitatem
1775 1361 2045 1415 inhabita-

2173 1388 2269 1441 νης
2297 1369 2508 1431 πόλεως
2541 1367 2852 1435 ὑδρεύοντο,
2882 1362 2971 1415 διὰ
3000 1363 3061 1414 τὸ
3088 1360 3163 1431 μὴ
3189 1362 3358 1429 συχνὰ
3384 1359 3594 1428 φρέατα
3628 1357 3756 1429 περὶ

460 1462 613 1518 bant.
644 1476 712 1515 eo
739 1464 883 1531 quod
915 1460 1075 1531 pauci
1102 1460 1256 1529 juxta
1290 1458 1472 1511 locum
1506 1464 1701 1511 essent
1733 1454 1909 1524 putei.

1072 1464 1075 1512 ι
1102 1460 1256 1529 juxta
1290 1458 1472 1511 locum
1506 1464 1701 1511 essent
1733 1454 1909 1524 putei.
2170 1467 2263 1517 τὸν
2290 1464 2457 1517 τόπον
2489 1456 2655 1513 εἶναι,

519 1552 673 1607 Vers.
711 1554 761 1606 7.
795 1552 935 1603 Dicit
962 1581 1030 1590 —
1054 1559 1111 1602 ut
1138 1550 1331 1602 bibam.
1355 1546 1822 1614 Quemadmodum
1854 1546 1904 1597 in
1938 1542 2064 1608 ﬁcu,

2243 1555 2413 1625 Λέγει
2438 1584 2509 1593 —
2539 1553 2719 1607 πιεῖν.
2763 1551 2975 1621 Ὥσπερ
3006 1549 3100 1602 ἐπὶ
3134 1545 3234 1616 τῆς
3267 1544 3625 1616 ξηρανθείσης
3662 1560 3756 1596 συ.

459 1659 581 1712 quaa
608 1642 901 1702 exaruit”.
929 1641 1060 1694 ﬁcus
1080 1640 1397 1709 requirebat
1421 1652 1529 1691 non
1558 1644 1782 1707 propter
1805 1637 2041 1689 esuriem

2174 1651 2275 1721 κῆς
2323 1650 2383 1701 οὐ
2436 1646 2637 1699 πεινῶν
2684 1645 2868 1713 ἐζήτει
2920 1642 3082 1706 σῦκα,
3127 1640 3245 1695 ἀλλ’
3290 1637 3626 1707 οίκινομῶν,
3674 1637 3757 1688 ἶια

461 1736 559 1789 sed
605 1734 1011 1800 dispensatorie
1063 1746 1253 1801 agens,
1288 1739 1349 1783 ut
1385 1738 1615 1798 accepta
1661 1726 1951 1781 occasione
1999 1742 2044 1780 ac

2175 1740 2505 1809 εὐαφόρμως
2536 1735 2632 1788 ἐπὶ
2662 1736 2760 1807 τὴν
2800 1732 3251 1805 θαυματουργίαν
3287 1730 3415 1803 ἔλθῃ
3442 1745 3459 1764 ο
3493 1729 3635 1782 οὕτω
3666 1730 3758 1781 καὶ

459 1826 789 1878 miraculum
817 1822 1133 1892 perveniret
1165 1842 1179 1875 :
1216 1822 1293 1875 ita
1322 1829 1379 1875 et
1404 1834 1557 1874 nunc
1586 1819 1652 1872 de
1682 1817 1834 1872 fonte
1863 1832 2042 1887 aquan

2176 1835 2267 1887 νῦν
2301 1833 2395 1886 ἐπὶ
2422 1834 2521 1901 τῆς
2555 1829 2740 1900 πηγῆς
2768 1829 2830 1881 οὐ
2856 1827 3026 1896 διψῶν
3058 1824 3243 1896 ἐζήτει
3282 1824 3449 1894 ὕδωρ,
3473 1818 3589 1875 ἀλλ’
3620 1821 3759 1875 cico-

460 1916 723 1985 postulat,
772 1930 897 1991 non
939 1914 1062 1968 suis
1117 1928 1305 1976 causa,
1353 1914 1449 1966 sed
1492 1908 1923 1979 dispensatorie,
1954 1924 2043 1978 qui

2175 1924 2376 1993 νομῶν,
2404 1921 2493 1974 ἵνα
2522 1920 2856 1989 εὑαφόρμως
2878 1920 2944 1987 τῇ
2975 1917 3195 1984 γυναικὶ
3221 1912 3501 1982 διαλεχθῇ.
3531 1914 3758 1982 Προεγί.

463 2010 669 2056 nactus
731 2003 1081 2055 occasionem
1140 2014 1267 2053 cum
1319 1997 1556 2052 muliere
1602 1996 2018 2066 colloqueretur

2172 2032 2349 2069 νωσκε
2384 2015 2494 2085 γὰρ
2534 2012 2705 2083 αὐτὴν
2745 2009 3151 2063 πιστεύσουσαν
3186 2008 3282 2060 καὶ
3316 2006 3534 2069 πολλοῖς
3570 2006 3755 2059 αἰτίαν

460 2091 784 2161 praesciebal
844 2090 990 2144 enim
1045 2090 1219 2158 ipsam
1277 2086 1611 2141 credituram
1660 2084 2043 2154 multorumqm

2177 2110 2409 2171 πίστεως
2443 2084 2831 2176 γενησομένην
2858 2119 2873 2132 ·
2903 2103 2986 2157 διὸ
3010 2103 3127 2169 καὶ,
3162 2101 3262 2171 τῆς
3301 2096 3588 2164 διαλέξεως
3622 2098 3760 2167 ἀψά-

460 2180 586 2234 ﬁdei
618 2195 838 2233 causam
867 2179 1109 2233 futuram
1143 2194 1159 2232 :
1198 2176 1435 2247 ideoque
1466 2182 1659 2231 exorta
1691 2174 2043 2230 σοιιοοιιιὶοιιι

1422 2192 1435 2231 ι
1466 2182 1659 2231 exorta
1691 2174 2065 2230 collocutioue
2172 2218 2357 2272 μενος⁹
2387 2174 2579 2269 ἀφῆκέ
2600 2174 2669 2251 τό
2691 2198 2804 2268 (58)
2838 2197 3005 2267 ὕδωρ·

457 2286 659 2340 aquam
696 2270 939 2337 reliquit.

530 2360 687 2416 Vers.
718 2359 773 2413 8.
808 2358 1068 2425 Discipuli
1094 2387 1170 2397 -—
1198 2366 1253 2412 ut
1280 2366 1530 2411 emerent.
1568 2355 1852 2426 Siquidem
1900 2356 2065 2412 viati-

2244 2360 2309 2412 Οἱ
2366 2356 2477 2426 γὰρ
2526 2353 2789 2425 μαθηταὶ
2829 2383 2899 2395 -
2943 2353 3351 2424 ἀγοράσωσιν.
3394 2352 3505 2405 Οὐκ
3557 2353 3756 2421 ἐπεφέι-

461 2467 587 2505 cum
640 2466 753 2504 non
800 2451 1183 2513 contulerant,
1221 2450 1404 2507 edocti
1452 2458 1700 2504 ventrem
1754 2448 2040 2518 despicere

2172 2469 2327 2524 ροντο
2381 2451 2494 2523 (59)
2544 2449 2651 2520 γὰρ
2691 2448 2901 2517 ἐφόδια,
2954 2447 3342 2511 παιδευθέντες
3394 2449 3755 2515 καταφρονεῖν

461 2558 566 2596 nec
610 2545 806 2595 anxius
865 2541 1039 2612 ipsius
1098 2556 1290 2614 gerere
1353 2540 1729 2609 obsequium,
1780 2540 1877 2595 sed
1935 2550 2044 2593 tunc

2173 2542 2432 2613 γαστρὸς,
2470 2542 2566 2595 καὶ
2599 2540 2675 2610 μὴ
2716 2537 3198 2608 περισπούδαστον
3230 2536 3488 2606 ἡγεῖσθαι
3522 2537 3620 2606 τὴν
3650 2536 3756 2589 λε--

466 2637 646 2689 solum
704 2634 882 2704 ipsius
912 2633 1117 2689 habere
1163 2649 1377 2699 curam,
1415 2648 1541 2688 cum
1593 2634 1661 2686 ad
1712 2632 1816 2687 hoc
1870 2643 2049 2686 natura

2170 2635 2432 2707 τονργίαν
2489 2634 2684 2702 αὐτῆς,
2734 2630 2873 2684 ἀλλὰ
2925 2630 3047 2682 τότε
3108 2629 3270 2699 μόνον
3331 2628 3753 2697 ἐπιστρέφεσθαι

458 2736 708 2797 cogeret.

2165 2728 2393 2800 ταύτης,
2424 2728 2515 2781 ὅτε
2548 2726 2793 2794 λοιπὺνή
2830 2722 2994 2792 φύσις
3024 2722 3261 2789 ἐπείγοι.

531 2818 641 2871 Cur
661 2824 845 2871 autem
867 2825 1002 2872 tunc
1027 2816 1356 2871 miraculum
1388 2828 1654 2888 operatus
1677 2832 1785 2871 non
1809 2823 1893 2871 est
1920 2814 2064 2870 circa

2239 2820 2366 2883 Πῶς
2425 2814 2522 2872 οὖν
2587 2820 2691 2870 οὐκ
2744 2812 3245 2885 ἐθαυματούργησε
3299 2813 3396 2867 καὶ
3450 2812 3575 2865 τότε
3626 2811 3754 2882 περὶ

459 2911 613 2964 cibos
646 2910 1041 2980 discipulorum
1069 2910 1092 2963 ?
1116 2909 1280 2975 Quia,
1316 2911 1361 2965 si
1396 2913 1587 2965 omnia
1630 2920 1890 2979 tanquam
1920 2910 2042 2964 Deu:

2170 2914 2267 2977 τὰς
2291 2912 2500 2984 τροφὰς
2529 2910 2640 2963 τῶν
2670 2907 2970 2978 μαθητῶν;
3000 2907 3147 2961 Διότι
3182 2906 3279 2961 ἐὰν
3313 2906 3492 2961 πάντα
3520 2904 3596 2968 ὼς
3626 2904 3753 2966 Θεὸς

452 3002 788 3055 mirabiliter
815 3009 1076 3070 operatus
1100 3001 1317 3063 fuisset.
1349 3017 1697 3072 nequaquam
1734 3000 1900 3054 homo
1940 3016 2035 3054 esst

2169 3003 2594 3077 ἐτερατούργει,
2644 3002 2926 3073 ἠπιστήθη
2983 2999 3048 3053 ἂν
3102 3000 3184 3053 ὅτι
3243 2998 3534 3070 ἄνθρωπός
3584 3001 3752 3059 ἐστιν,

455 3094 919 3148 creditusluisset
943 3110 958 3159 ;
984 3094 1446 3162 quemadmodum
1471 3109 1501 3148 e
1522 3093 1765 3158 diverso,
1786 3092 1831 3147 si
1851 3094 2037 3146 omnia

2169 3102 2363 3171 ὥσπερ
2409 3099 2576 3152 πάλιν
2624 3099 2721 3149 ὲάν
2768 3096 2949 3150 πάντα
3000 3094 3076 3158 ὼς
3128 3092 3420 3162 ἄνθρωπος
3466 3092 3752 3163 ἐπραττεν,

456 3192 724 3255 tanquam
757 3188 921 3240 homo
955 3185 1198 3250 iecisset,
1226 3185 1407 3239 Deum
1435 3200 1560 3240 esse
1583 3185 1736 3240 nullo
1756 3184 1919 3239 modo
1946 3200 2039 3239 cre

2172 3190 2487 3265 ὴπιστήσθη
2522 3190 2589 3242 ἂν
2620 3189 2703 3241 ὅτι
2732 3186 2864 3247 Θεός
2896 3188 3036 3239 ἐστι.
3065 3184 3164 3240 Διά
3194 3184 3355 3239 τοῦτο
3386 3184 3515 3238 ποτέ
3553 3183 3651 3253 μιν
3680 3183 3755 3246 ὡς

458 3250 757 3332 didisseiit.
828 3278 956 3333 Ideo
1017 3277 1351 3347 quandoque
1412 3286 1474 3331 ut
1546 3278 1713 3333 homo
1777 3285 2036 3347 operatur

2170 3250 2487 3356 ἀνθρωποί
2522 3282 2782 3353 πράττει,
2846 3278 3084 3350 βεϐαιῶν
3137 3279 3220 3332 ὅτι
3269 3250 3563 3350 ἅνθρωπός
3608 3280 3750 3329 ἐστι·

460 3371 784 3433 ostendens,
822 3370 970 3438 quod
1015 3370 1178 3422 homo
1212 3370 1285 3423 sit
1322 3385 1338 3435 ;
1385 3370 1664 3425 interdum
1702 3385 1861 3434 vero,
1910 3385 2043 3439 quas

2172 3378 2307 3432 ποτὲ
2365 3376 2423 3429 δὲ
2480 3374 2556 3437 ὡς
2608 3373 2751 3439 Θεὸς
2803 3372 3185 3444 τερατουργεῖ,
3256 3371 3621 3440 πιστούμενος
3674 3368 3754 3421 ὅτι

460 3461 615 3516 Deus
640 3462 914 3515 mirabilia
941 3472 1224 3531 operatur.

900 3479 914 3514 ι
941 3472 1224 3531 operatur.
2170 3470 2303 3532 Θεός
2343 3470 2483 3522 ἐστι.

539 3553 701 3607 Solus
728 3561 913 3606 autem
942 3554 1170 3607 sedebat
1203 3552 1347 3606 circa
1378 3550 1608 3618 fontem,
1642 3566 1716 3607 rex
1755 3552 1863 3607 hoc
1897 3552 2065 3605 etiam

2241 3562 2418 3625 Μόνος
2447 3561 2505 3615 δέ
2542 3560 2838 3624 ἐκαθέζετο
2876 3556 3026 3628 παρά
3056 3558 3123 3627 τῇ
3164 3558 3315 3629 πηγῇ
3351 3554 3625 3610 παιδεύων
3660 3555 3752 3608 καὶ

464 3646 786 3710 ostendens,
813 3646 959 3715 quod
990 3655 1139 3699 esset
1167 3661 1197 3698 a
1226 3644 1368 3699 fastu
1401 3646 1636 3700 alienus.

1226 3644 1368 3699 fastu
1401 3646 1636 3700 alienus.
2168 3655 2235 3706 ἐκ
2266 3652 2458 3707 τούτου
2490 3652 2550 3704 τὸ
2582 3652 2807 3721 ἄτυφον.

537 3736 691 3791 Vers.
722 3736 775 3790 9.
808 3734 1452 3790 Dicit—Samaritanis.
1490 3735 1607 3789 Non
1665 3733 2064 3790 commercium

2240 3747 2412 3816 Λέγει
2445 3775 2515 3785 -
2542 3744 2957 3814 Σαμαρείταις.
2986 3744 3062 3798 Οὐ
3093 3740 3462 3813 συγχρῶνται,
3493 3742 3663 3813 ἤγουν
3690 3743 3748 3797 οὐ

462 3831 690 3896 habent,
719 3831 839 3884 sive
880 3845 988 3883 nou
1025 3829 1459 3895 communicant,
1488 3830 1637 3899 ipsos
1663 3829 2043 3883 abominantes

2172 3839 2522 3904 κοινωνοῦσι,
2576 3837 2995 3909 βδελυττόμενοι
3033 3837 3258 3903 τούτους
3295 3835 3369 3900 ὡς
3405 3835 3463 3904 ἐξ
3496 3837 3752 3906 ἡμισείας

461 3936 721 3994 tanquam
755 3926 933 3979 solum
957 3925 1011 3978 in
1043 3933 1201 3995 parte
1224 3925 1594 3994 judaizautes.

985 3940 1011 3977 η
1043 3933 1201 3995 parte
1224 3925 1482 3994 judaizau
1492 3935 1594 3979 tes.
2172 3933 2568 3997 ιουδαῐςοντας.

527 4017 634 4072 Sed
677 4018 821 4069 unde
856 4015 1107 4070 Judaeum
1151 4031 1275 4071 esse
1309 4016 1611 4086 cognovit?
1642 4017 1726 4071 Ab
1754 4015 1946 4071 habitu
1973 4024 2067 4070 aut

2255 4025 2419 4080 Ἀλλὰ
2469 4024 2636 4079 πόθεν
2686 4025 2831 4095 ιγνω
2894 4023 2977 4077 ὅτι
3050 4021 3304 4085 Ἰουδαῖὸς
3362 4022 3552 4086 ἐστινς
3624 4021 3752 4074 Ἀπὸ

460 4108 626 4162 etiam
670 4124 700 4161 a
734 4107 976 4177 loquela.
1038 4105 1173 4162 Nam
1230 4108 1493 4162 Christus
1541 4107 1759 4177 quidem
1802 4118 2043 4178 tanquan

2169 4118 2261 4173 τοῦ
2313 4120 2616 4189 σχήματος,
2658 4116 2691 4187 ἢ
2730 4115 2825 4169 καὶ
2872 4114 2983 4169 ἀπὸ
3026 4115 3129 4183 τῆς
3174 4111 3490 4178 διαλέεεως.
3545 4112 3606 4166 '0
3657 4112 3752 4182 μὲν

462 4214 572 4252 non
595 4198 889 4267 vulgaritcr
918 4198 1158 4265 Iudaeus,
1196 4199 1295 4253 sed
1323 4202 1490 4253 etiam
1526 4199 1697 4267 Deus,
1733 4209 2045 4271 contempt:

2169 4211 2262 4265 οῦν
2309 4209 2569 4282 Χριστὸς.
2631 4204 2719 4263 οἷα
2772 4207 2850 4278 μὴ
2900 4205 3089 4270 ἁπλῶς
3148 4207 3428 4270 Ἰουδαῖος,
3470 4205 3609 4259 ἀλλά
3660 4206 3752 4258 καὶ⁵

465 4291 782 4360 bujusmodi
823 4292 1197 4356 observantia,
1234 4290 1491 4361 captabat
1533 4305 1644 4345 nou
1685 4290 2048 4347 Samaritano-

2169 4302 2317 4369 Θεὸς,
2350 4299 2574 4371 παρεῖδε
2599 4301 2700 4370 τὴν
2731 4299 2993 4369 τοιαύτην
3021 4299 3429 4369 παρατήρησιν,
3464 4312 3752 4367 προοιμια-

464 4395 584 4433 rum
618 4387 829 4433 tantum
862 4380 1319 4443 familiaritatem,
1348 4380 1445 4435 sed
1487 4387 1543 4434 et
1574 4390 1904 4436 cunctarum
1936 4382 2047 4436 nbi-

2163 4395 2391 4465 ζόμενος
2422 4393 2522 4463 τὴν
2554 4392 2867 4455 οἱκείωσιν,
2900 4392 2963 4444 οὐ
3006 4393 3171 4460 μόνον
3204 4389 3317 4441 τῶν
3357 4386 3746 4458 Σαμαρειτῶν,

462 4486 573 4540 que
620 4472 887 4542 gentium.
961 4471 1312 4525 Samaritana
1364 4487 1498 4527 vero
1547 4474 1875 4547 esistimans
1931 4488 2045 4527 eum

2169 4482 2300 4538 ἀλλά
2324 4482 2421 4535 καὶ
2446 4480 2559 4534 τῶν
2584 4476 2907 4548 ἁπανταχοῦ
2936 4477 3041 4547 γῆς
3067 4476 3259 4530 ἐθνῶν.
3308 4474 3373 4529 Ἦ
3399 4475 3456 4528 δέ
3483 4475 3752 4545 Σαμαρεῖ-

463 4580 715 4633 peccare,
764 4565 1121 4633 corripientis
1172 4579 1327 4619 more
1369 4566 1439 4619 ad
1484 4566 1805 4621 memoriam
1848 4566 2046 4622 reducil

2165 4594 2271 4642 τις,
2320 4573 2542 4645 οἰομένη
2587 4571 2782 4626 τοῦτον
2826 4569 3190 4641 ἁμαρτάνειν,
3235 4566 3544 4640 διορθοῦται
3589 4566 3748 4637 δῆθεν

461 4657 936 4710 οὺεετνίιιὶοιιειιιο
2045 4700 2053 4711 .
2166 4665 2672 4732 ὑπομιμνήσκουσα
2704 4661 2836 4730 περὶ
2868 4660 2970 4729 τῆς
3005 4662 3468 4730 παρατηρήσεως.

542 4747 700 4801 Vers.
737 4748 827 4801 l0.
862 4748 1149 4820 Respondit
1175 4773 1245 4791 -—
1277 4752 1475 4806 vivam.
1520 4748 1665 4807 Hinc
1689 4752 1852 4823 plane
1885 4754 2055 4807 mani-

2245 4755 2564 4824 Ἀπεκρίθη
2594 4782 2665 4793 -
2699 4752 2831 4813 ζὼν.
2895 4751 3179 4805 Ἐντεῦθεν
3227 4752 3465 4822 μάλιστα
3512 4750 3747 4820 φανερὸν

464 4840 663 4895 festum
688 4850 773 4895 est
804 4843 955 4910 quod
990 4841 1135 4895 sitim
1167 4840 1539 4907 simulaverit,
1566 4852 1625 4896 ut
1669 4843 1735 4897 ad
1771 4857 1831 4896 se
1864 4858 2047 4897 erran-

2159 4847 2234 4911 ὡς
2263 4846 2534 4919 ὑπεκρίθη
2569 4846 2691 4899 τότε
2725 4845 2825 4916 τὴν
2865 4844 3065 4915 δίψαν,
3102 4845 3189 4897 ἵνα
3235 4844 3403 4913 ἐγγὺς
3429 4844 3613 4914 ἀγάγῃ
3646 4843 3739 4915 τὴν

466 4942 576 4986 tem
638 4934 980 4998 attraheret,
1014 4949 1079 4989 ac
1121 4934 1418 4989 locutionis
1451 4934 1553 4990 reti
1600 4944 1909 4989 venaretur.
1972 4935 2049 4989 Si-

2160 4940 2547 5009 πλανωμένην,
2578 4938 2673 4991 καὶ
2694 4936 2943 5009 θηρεύσῃ
2972 4938 3052 5008 τῷ
3072 4938 3273 5005 δικτύῳ
3301 4937 3402 5007 τῆς
3427 4935 3736 5001 διαλέξεως.

463 5025 635 5079 tiebat
684 5035 854 5088 certe,
918 5026 1014 5080 sed
1058 5028 1356 5081 errantium
1414 5027 1854 5092 conversionem,
1891 5042 2046 5097 quam

2174 5029 2363 5099 Ἐδίψα
2432 5029 2531 5099 μὲν
2590 5029 2735 5099 γὰρ,
2804 5026 2941 5083 ἀλλὰ
2996 5029 3096 5100 τὴν
3151 5028 3258 5082 τῶν
3314 5028 3741 5097 πεπλανημένων

464 5117 719 5171 etiamin
774 5132 1032 5187 processu
1086 5134 1246 5174 suum
1303 5130 1463 5175 vocat
1524 5122 1731 5186 cibum,
1788 5120 1977 5176 dicens
2034 5138 2047 5175 :

2162 5121 2505 5191 ἐπιστροφήν
2535 5138 2551 5153 ο
2599 5120 2725 5173 ἐπεὶ
2753 5122 2847 5173 καὶ
2883 5120 3122 5190 προῖὼν,
3153 5121 3283 5174 ῐδιον
3316 5120 3513 5192 βρῶμα
3540 5119 3742 5191 ταύτην

462 5202 615 5257 Heus
640 5205 785 5258 cibus
811 5216 911 5270 est,
940 5216 997 5259 ut
1029 5208 1229 5278 faciam
1267 5212 1597 5263 voluntatem
1628 5210 1763 5278 eius,
1786 5210 1876 5279 qui
1907 5210 2045 5262 misit

2160 5212 2336 5277 καλεῖ,
2364 5209 2554 5281 ἀλέγων
2578 5227 2594 5243 ’
2656 5209 2839 5281 Ἐμὸν
2871 5210 3086 5281 ,βρῶμά
3121 5212 3312 5277 ἐστιν,
3354 5212 3455 5265 ἵνα
3501 5209 3649 5265 ποιῶ
3677 5209 3742 5265 τὸ

462 5310 546 5347 me
582 5294 631 5327 “
661 5312 677 5361 ;
708 5313 855 5351 nunc
882 5314 1014 5353 vero
1058 5301 1135 5354 ait
1165 5316 1178 5353 :
1212 5298 1270 5354 Si
1299 5302 1461 5354 scires
1491 5302 1689 5355 donum
1715 5298 1837 5365 Dei,
1867 5302 1913 5355 si
1955 5316 2045 5355 co-

2159 5304 2389 5374 θέλημα
2442 5303 2550 5359 τοῦ
2601 5303 2956 5374 πέμψαντός
3010 5322 3108 5375 με.
3156 5304 3273 5358 Νῦν
3323 5306 3379 5357 δέ
3431 5319 3629 5375 φησιν·
3677 5304 3742 5355 El

459 5404 772 5458 gnoscercs,
818 5395 1081 5463 quidnam
1113 5394 1205 5461 sit,
1232 5395 1377 5465 quod
1408 5395 1574 5450 donat
1616 5398 1779 5451 Deus.
1822 5394 2042 5450 Dicebal

2159 5398 2326 5468 ᾔδεις
2348 5397 2465 5467 τὴν
2508 5396 2740 5467 δωρεὰν
2779 5396 2888 5451 τοῦ
2922 5398 3072 5451 Θεοῦ
3096 5414 3111 5429 ·
3150 5399 3199 5451 εί
3244 5396 3540 5467 ἐγίνωσκες
3584 5398 3742 5451 ὁποῖα

567 5528 612 5561 ⁸³
650 5530 969 5601 Matius“,
998 5536 1109 5603 l8;
1146 5535 1311 5592 Marc.
1340 5554 1420 5603 ιι,
1456 5538 1545 5591 l2.
1657 5536 1701 5568 “
1725 5536 1886 5594 Joan.
1920 5553 1997 5603 tv,
2027 5537 2117 5593 54.

1651 5702 1849 5765 νει-ἰῶ
1882 5701 2198 5770 lectiones
2218 5710 2279 5767 et
2300 5711 2494 5767 nota).

537 5858 656 5933 (58)
693 5860 953 5916 Τοιοῦτον
986 5863 1285 5934 interponit
1322 5868 1387 5920 Δ.
2043 5841 2048 5847 ﬂ

1248 5866 1285 5919 it
1322 5868 1387 5920 Α.
2043 5841 2048 5847 ’
2231 5874 2344 5945 (59)
2383 5873 2717 5943 Ἐπεφέρετο
2758 5874 2824 5927 Α.
