  <div class='ocr_page' id='page_1' title='image "/cluster/home/n/w/nwhite01/storage/ocr_20150623/129/ien.35556001660034/595.png"; bbox 0 0 4010 6488; ppageno 0'>
   <div class='ocr_carea' id='block_1_1' title="bbox 473 369 614 440">
    <p class='ocr_par' dir='ltr' id='par_1_1' title="bbox 473 369 614 440">
     <span class='ocr_line' id='line_1_1' title="bbox 473 369 614 440; baseline -0.007 -1"><span class='ocrx_word' id='word_1_1' title='bbox 473 369 614 440; x_wconf 69' lang='lat'><strong>‘2191</strong></span> 
     </span>
    </p>
   </div>
   <div class='ocr_carea' id='block_1_2' title="bbox 1719 367 2512 433">
    <p class='ocr_par' dir='ltr' id='par_1_2' title="bbox 1719 367 2512 433">
     <span class='ocr_line' id='line_1_2' title="bbox 1719 367 2512 433; baseline -0.004 -3"><span class='ocrx_word' id='word_1_2' title='bbox 1719 368 2103 433; x_wconf 81' lang='lat' dir='ltr'><strong>EUTHYMII</strong></span> <span class='ocrx_word' id='word_1_3' title='bbox 2144 367 2512 430; x_wconf 80' lang='lat' dir='ltr'><strong>ZIGABENI</strong></span> 
     </span>
    </p>
   </div>
   <div class='ocr_carea' id='block_1_3' title="bbox 3612 361 3740 432">
    <p class='ocr_par' dir='ltr' id='par_1_3' title="bbox 3612 361 3740 432">
     <span class='ocr_line' id='line_1_3' title="bbox 3612 361 3740 432; baseline 0 -1"><span class='ocrx_word' id='word_1_4' title='bbox 3612 361 3740 432; x_wconf 55' lang='lat'><strong>1112</strong></span> 
     </span>
    </p>
   </div>
   <div class='ocr_carea' id='block_1_4' title="bbox 458 483 2053 560">
    <p class='ocr_par' dir='ltr' id='par_1_4' title="bbox 458 486 2053 560">
     <span class='ocr_line' id='line_1_4' title="bbox 458 486 2053 560; baseline -0.003 -16"><span class='ocrx_word' id='word_1_5' title='bbox 458 487 644 554; x_wconf 71' lang='lat' dir='ltr'><strong>Iacob,</strong></span> <span class='ocrx_word' id='word_1_6' title='bbox 669 489 758 560; x_wconf 91' lang='lat' dir='ltr'><strong>qui</strong></span> <span class='ocrx_word' id='word_1_7' title='bbox 781 489 923 543; x_wconf 85' lang='lat' dir='ltr'><strong>dedit</strong></span> <span class='ocrx_word' id='word_1_8' title='bbox 948 487 1094 542; x_wconf 75' lang='lat' dir='ltr'><strong>nobis</strong></span> <span class='ocrx_word' id='word_1_9' title='bbox 1112 497 1326 557; x_wconf 81' lang='lat' dir='ltr'><strong>puteum</strong></span> <span class='ocrx_word' id='word_1_10' title='bbox 1352 487 1504 541; x_wconf 88' lang='lat' dir='ltr'><strong>hunc</strong></span> <span class='ocrx_word' id='word_1_11' title='bbox 1530 497 1637 540; x_wconf 91' lang='lat' dir='ltr'><strong>tam</strong></span> <span class='ocrx_word' id='word_1_12' title='bbox 1663 486 1959 550; x_wconf 76' lang='lat' dir='ltr'><strong>celebrem,</strong></span> <span class='ocrx_word' id='word_1_13' title='bbox 1993 499 2053 539; x_wconf 85' lang='grc' dir='ltr'><strong>ιιι</strong></span> 
     </span>
    </p>
   </div>
   <div class='ocr_carea' id='block_1_5' title="bbox 2165 483 3746 560">
    <p class='ocr_par' dir='ltr' id='par_1_5' title="bbox 2165 483 3746 555">
     <span class='ocr_line' id='line_1_5' title="bbox 2165 483 3746 555; baseline 0 -17"><span class='ocrx_word' id='word_1_14' title='bbox 2165 484 2336 555; x_wconf 74' lang='grc' dir='ltr'><strong>ἡμῶν</strong></span> <span class='ocrx_word' id='word_1_15' title='bbox 2376 484 2592 539; x_wconf 78' lang='grc' dir='ltr'><strong>Ἰακὼὸ</strong></span> <span class='ocrx_word' id='word_1_16' title='bbox 2609 525 2622 548; x_wconf 90' lang='grc'><em>,</em></span> <span class='ocrx_word' id='word_1_17' title='bbox 2657 484 2724 550; x_wconf 81' lang='grc' dir='ltr'>ὃς</span> <span class='ocrx_word' id='word_1_18' title='bbox 2751 484 2977 540; x_wconf 78' lang='grc' dir='ltr'>ἔδωκεν</span> <span class='ocrx_word' id='word_1_19' title='bbox 3006 483 3154 555; x_wconf 72' lang='grc' dir='ltr'><strong>ἡμῖν</strong></span> <span class='ocrx_word' id='word_1_20' title='bbox 3184 484 3251 539; x_wconf 88' lang='grc' dir='ltr'>τὸ</span> <span class='ocrx_word' id='word_1_21' title='bbox 3278 483 3462 554; x_wconf 71' lang='grc' dir='ltr'>φρέαρ</span> <span class='ocrx_word' id='word_1_22' title='bbox 3495 485 3661 539; x_wconf 79' lang='grc' dir='ltr'>τουτὶ</span> <span class='ocrx_word' id='word_1_23' title='bbox 3689 487 3746 538; x_wconf 66' lang='grc' dir='ltr'>τὸ</span> 
     </span>
    </p>
   </div>
   <div class='ocr_carea' id='block_1_6' title="bbox 465 571 2050 648">
    <p class='ocr_par' dir='ltr' id='par_1_6' title="bbox 465 571 2050 648">
     <span class='ocr_line' id='line_1_6' title="bbox 465 571 2050 648; baseline -0.003 -14"><span class='ocrx_word' id='word_1_24' title='bbox 465 577 746 634; x_wconf 75' lang='lat' dir='ltr'><strong>meliorem</strong></span> <span class='ocrx_word' id='word_1_25' title='bbox 785 580 962 648; x_wconf 85' lang='lat' dir='ltr'><strong>possis</strong></span> <span class='ocrx_word' id='word_1_26' title='bbox 984 579 1111 632; x_wconf 89' lang='lat' dir='ltr'><strong>dare</strong></span> <span class='ocrx_word' id='word_1_27' title='bbox 1135 571 1372 648; x_wconf 83' lang='lat' dir='ltr'><strong>aquam?</strong></span> <span class='ocrx_word' id='word_1_28' title='bbox 1404 576 1562 643; x_wconf 86' lang='lat' dir='ltr'><strong>Quod</strong></span> <span class='ocrx_word' id='word_1_29' title='bbox 1593 586 1779 629; x_wconf 89' lang='lat' dir='ltr'><strong>autem</strong></span> <span class='ocrx_word' id='word_1_30' title='bbox 1805 574 2050 630; x_wconf 91' lang='lat' dir='ltr'><strong>additur.</strong></span> 
     </span>
    </p>
   </div>
   <div class='ocr_carea' id='block_1_7' title="bbox 464 663 2067 750">
    <p class='ocr_par' dir='ltr' id='par_1_7' title="bbox 464 663 2067 750">
     <span class='ocr_line' id='line_1_7' title="bbox 464 663 2067 750; baseline -0.001 -30"><span class='ocrx_word' id='word_1_31' title='bbox 464 666 532 720; x_wconf 76' lang='lat' dir='ltr'><strong>Et</strong></span> <span class='ocrx_word' id='word_1_32' title='bbox 570 669 680 737; x_wconf 75' lang='lat' dir='ltr'><strong>ipse</strong></span> <span class='ocrx_word' id='word_1_33' title='bbox 704 683 767 720; x_wconf 77' lang='lat' dir='ltr'><strong>ex</strong></span> <span class='ocrx_word' id='word_1_34' title='bbox 802 684 860 721; x_wconf 87' lang='lat' dir='ltr'><strong>eo</strong></span> <span class='ocrx_word' id='word_1_35' title='bbox 903 667 1055 733; x_wconf 85' lang='lat' dir='ltr'><strong>bibit,</strong></span> <span class='ocrx_word' id='word_1_36' title='bbox 1103 678 1152 721; x_wconf 84' lang='lat' dir='ltr'><strong>et</strong></span> <span class='ocrx_word' id='word_1_37' title='bbox 1189 666 1290 736; x_wconf 80' lang='lat' dir='ltr'><strong>[itii</strong></span> <span class='ocrx_word' id='word_1_38' title='bbox 1336 667 1449 750; x_wconf 66' lang='lat' dir='ltr'><strong>ejus</strong></span> <span class='ocrx_word' id='word_1_39' title='bbox 1487 674 1537 718; x_wconf 84' lang='lat' dir='ltr'><strong>et</strong></span> <span class='ocrx_word' id='word_1_40' title='bbox 1585 681 1777 734; x_wconf 83' lang='lat' dir='ltr'><strong>pecora</strong></span> <span class='ocrx_word' id='word_1_41' title='bbox 1811 664 1948 733; x_wconf 80' lang='lat' dir='ltr'><strong>ejus,</strong></span> <span class='ocrx_word' id='word_1_42' title='bbox 1987 663 2067 718; x_wconf 67' lang='lat' dir='ltr'><strong>ad‘</strong></span> 
     </span>
    </p>
   </div>
   <div class='ocr_carea' id='block_1_8' title="bbox 463 757 2052 830">
    <p class='ocr_par' dir='ltr' id='par_1_8' title="bbox 463 757 2052 830">
     <span class='ocr_line' id='line_1_8' title="bbox 463 757 2052 830; baseline -0.001 -18"><span class='ocrx_word' id='word_1_43' title='bbox 463 759 640 830; x_wconf 80' lang='lat' dir='ltr'><strong>ipsius</strong></span> <span class='ocrx_word' id='word_1_44' title='bbox 684 759 833 829; x_wconf 88' lang='lat' dir='ltr'><strong>putei</strong></span> <span class='ocrx_word' id='word_1_45' title='bbox 871 760 1086 814; x_wconf 88' lang='lat' dir='ltr'><strong>laudem</strong></span> <span class='ocrx_word' id='word_1_46' title='bbox 1124 761 1332 814; x_wconf 83' lang='lat' dir='ltr'><strong>dictum</strong></span> <span class='ocrx_word' id='word_1_47' title='bbox 1373 767 1478 813; x_wconf 87' lang='lat' dir='ltr'><strong>est.</strong></span> <span class='ocrx_word' id='word_1_48' title='bbox 1511 757 1645 812; x_wconf 84' lang='lat' dir='ltr'><strong>Nam</strong></span> <span class='ocrx_word' id='word_1_49' title='bbox 1684 758 1729 811; x_wconf 96' lang='lat' dir='ltr'><strong><em>si</em></strong></span> <span class='ocrx_word' id='word_1_50' title='bbox 1768 757 2052 812; x_wconf 86' lang='lat' dir='ltr'><strong>meliorem</strong></span> 
     </span>
    </p>
   </div>
   <div class='ocr_carea' id='block_1_9' title="bbox 460 849 2054 923">
    <p class='ocr_par' dir='ltr' id='par_1_9' title="bbox 460 849 2054 923">
     <span class='ocr_line' id='line_1_9' title="bbox 460 849 2054 923; baseline -0.001 -17"><span class='ocrx_word' id='word_1_51' title='bbox 460 854 627 907; x_wconf 86' lang='lat' dir='ltr'><strong>alium</strong></span> <span class='ocrx_word' id='word_1_52' title='bbox 675 853 982 918; x_wconf 82' lang='lat' dir='ltr'><strong>habuisset,</strong></span> <span class='ocrx_word' id='word_1_53' title='bbox 1031 868 1376 923; x_wconf 85' lang='lat' dir='ltr'><strong>nequaquam</strong></span> <span class='ocrx_word' id='word_1_54' title='bbox 1421 867 1543 905; x_wconf 88' lang='lat' dir='ltr'><strong>cum</strong></span> <span class='ocrx_word' id='word_1_55' title='bbox 1589 859 1699 905; x_wconf 89' lang='lat' dir='ltr'><strong>tota</strong></span> <span class='ocrx_word' id='word_1_56' title='bbox 1736 849 1945 906; x_wconf 81' lang='lat' dir='ltr'><strong>familia</strong></span> <span class='ocrx_word' id='word_1_57' title='bbox 1987 865 2054 905; x_wconf 80' lang='lat' dir='ltr'><strong>ex</strong></span> 
     </span>
    </p>
   </div>
   <div class='ocr_carea' id='block_1_10' title="bbox 462 942 2054 1015">
    <p class='ocr_par' dir='ltr' id='par_1_10' title="bbox 462 942 2054 1015">
     <span class='ocr_line' id='line_1_10' title="bbox 462 942 2054 1015; baseline -0.002 -15"><span class='ocrx_word' id='word_1_58' title='bbox 462 948 566 1001; x_wconf 83' lang='lat' dir='ltr'><strong>hoc</strong></span> <span class='ocrx_word' id='word_1_59' title='bbox 591 946 840 1001; x_wconf 89' lang='lat' dir='ltr'><strong>bibisset.</strong></span> <span class='ocrx_word' id='word_1_60' title='bbox 871 946 1160 1015; x_wconf 78' lang='lat' dir='ltr'><strong>Reliquum</strong></span> <span class='ocrx_word' id='word_1_61' title='bbox 1195 953 1278 998; x_wconf 87' lang='lat' dir='ltr'><strong>est</strong></span> <span class='ocrx_word' id='word_1_62' title='bbox 1309 944 1495 1015; x_wconf 79' lang='lat' dir='ltr'><strong>igitur,</strong></span> <span class='ocrx_word' id='word_1_63' title='bbox 1527 958 1612 1005; x_wconf 86' lang='lat' dir='ltr'><strong>ut,</strong></span> <span class='ocrx_word' id='word_1_64' title='bbox 1647 943 1690 996; x_wconf 82' lang='lat' dir='ltr'><strong><em>si</em></strong></span> <span class='ocrx_word' id='word_1_65' title='bbox 1712 943 1893 1012; x_wconf 89' lang='lat' dir='ltr'><strong>possis</strong></span> <span class='ocrx_word' id='word_1_66' title='bbox 1923 942 2054 998; x_wconf 85' lang='lat' dir='ltr'><strong>dare</strong></span> 
     </span>
    </p>
   </div>
   <div class='ocr_carea' id='block_1_11' title="bbox 463 1036 1326 1108">
    <p class='ocr_par' dir='ltr' id='par_1_11' title="bbox 463 1036 1326 1108">
     <span class='ocr_line' id='line_1_11' title="bbox 463 1036 1326 1108; baseline -0.003 -17"><span class='ocrx_word' id='word_1_67' title='bbox 463 1039 770 1104; x_wconf 78' lang='lat' dir='ltr'><strong>meliorem,</strong></span> <span class='ocrx_word' id='word_1_68' title='bbox 814 1041 996 1108; x_wconf 73' lang='lat' dir='ltr'><strong>major.</strong></span> <span class='ocrx_word' id='word_1_69' title='bbox 1031 1038 1108 1090; x_wconf 89' lang='lat' dir='ltr'><strong>sis</strong></span> <span class='ocrx_word' id='word_1_70' title='bbox 1135 1036 1326 1091; x_wconf 85' lang='lat' dir='ltr'><strong>Jacob.</strong></span> 
     </span>
    </p>
   </div>
   <div class='ocr_carea' id='block_1_12' title="bbox 534 1127 2044 1200">
    <p class='ocr_par' dir='ltr' id='par_1_12' title="bbox 534 1127 2044 1200">
     <span class='ocr_line' id='line_1_12' title="bbox 534 1127 2044 1200; baseline 0 -18"><span class='ocrx_word' id='word_1_71' title='bbox 534 1129 658 1185; x_wconf 73' lang='lat' dir='ltr'><strong>Haec</strong></span> <span class='ocrx_word' id='word_1_72' title='bbox 717 1136 898 1200; x_wconf 89' lang='lat' dir='ltr'><strong>itaque</strong></span> <span class='ocrx_word' id='word_1_73' title='bbox 951 1129 1291 1184; x_wconf 88' lang='lat' dir='ltr'><strong>Samaritana</strong></span> <span class='ocrx_word' id='word_1_74' title='bbox 1327 1130 1395 1183; x_wconf 88' lang='lat' dir='ltr'><strong>de</strong></span> <span class='ocrx_word' id='word_1_75' title='bbox 1429 1128 1599 1183; x_wconf 74' lang='lat' dir='ltr'><strong>Iacob</strong></span> <span class='ocrx_word' id='word_1_76' title='bbox 1633 1143 1756 1181; x_wconf 89' lang='lat' dir='ltr'><strong>cum</strong></span> <span class='ocrx_word' id='word_1_77' title='bbox 1791 1142 1856 1183; x_wconf 92' lang='lat' dir='ltr'><strong>eo</strong></span> <span class='ocrx_word' id='word_1_78' title='bbox 1892 1127 2044 1198; x_wconf 87' lang='lat' dir='ltr'><strong>loqui</strong></span> 
     </span>
    </p>
   </div>
   <div class='ocr_carea' id='block_1_13' title="bbox 458 1219 2053 1291">
    <p class='ocr_par' dir='ltr' id='par_1_13' title="bbox 458 1219 2053 1291">
     <span class='ocr_line' id='line_1_13' title="bbox 458 1219 2053 1291; baseline 0 -17"><span class='ocrx_word' id='word_1_79' title='bbox 458 1230 788 1290; x_wconf 74' lang='lat' dir='ltr'><strong>perseverat</strong></span> <span class='ocrx_word' id='word_1_80' title='bbox 832 1220 965 1291; x_wconf 86' lang='lat' dir='ltr'><strong>(gg),</strong></span> <span class='ocrx_word' id='word_1_81' title='bbox 1015 1228 1237 1290; x_wconf 85' lang='lat' dir='ltr'><strong>optans.</strong></span> <span class='ocrx_word' id='word_1_82' title='bbox 1287 1220 1431 1291; x_wconf 87' lang='lat' dir='ltr'><strong>quod</strong></span> <span class='ocrx_word' id='word_1_83' title='bbox 1480 1220 1698 1288; x_wconf 63' lang='lat' dir='ltr'><strong>quaerit,</strong></span> <span class='ocrx_word' id='word_1_84' title='bbox 1738 1219 1990 1274; x_wconf 89' lang='lat' dir='ltr'><strong>invenire</strong></span> <span class='ocrx_word' id='word_1_85' title='bbox 2039 1238 2053 1274; x_wconf 89' lang='lat'><strong>:</strong></span> 
     </span>
    </p>
   </div>
   <div class='ocr_carea' id='block_1_14' title="bbox 457 1311 2051 1382">
    <p class='ocr_par' dir='ltr' id='par_1_14' title="bbox 457 1311 2051 1382">
     <span class='ocr_line' id='line_1_14' title="bbox 457 1311 2051 1382; baseline -0.003 -14"><span class='ocrx_word' id='word_1_86' title='bbox 457 1314 630 1368; x_wconf 76' lang='lat' dir='ltr'><strong>Judaei</strong></span> <span class='ocrx_word' id='word_1_87' title='bbox 686 1329 815 1368; x_wconf 86' lang='lat' dir='ltr'><strong>vero</strong></span> <span class='ocrx_word' id='word_1_88' title='bbox 863 1314 1030 1368; x_wconf 88' lang='lat' dir='ltr'><strong>etiam</strong></span> <span class='ocrx_word' id='word_1_89' title='bbox 1083 1313 1328 1382; x_wconf 85' lang='lat' dir='ltr'><strong>lapidare</strong></span> <span class='ocrx_word' id='word_1_90' title='bbox 1384 1326 1509 1366; x_wconf 93' lang='lat' dir='ltr'><strong>eum</strong></span> <span class='ocrx_word' id='word_1_91' title='bbox 1556 1311 1871 1374; x_wconf 84' lang='lat' dir='ltr'><strong>tentabant,</strong></span> <span class='ocrx_word' id='word_1_92' title='bbox 1917 1312 2051 1366; x_wconf 87' lang='lat' dir='ltr'><strong>dum</strong></span> 
     </span>
    </p>
   </div>
   <div class='ocr_carea' id='block_1_15' title="bbox 461 1402 2058 1473">
    <p class='ocr_par' dir='ltr' id='par_1_15' title="bbox 461 1402 2058 1473">
     <span class='ocr_line' id='line_1_15' title="bbox 461 1402 2058 1473; baseline -0.001 -13"><span class='ocrx_word' id='word_1_93' title='bbox 461 1407 735 1460; x_wconf 78' lang='lat' dir='ltr'><strong>Abraham</strong></span> <span class='ocrx_word' id='word_1_94' title='bbox 788 1407 993 1461; x_wconf 87' lang='lat' dir='ltr'><strong>laceret</strong></span> <span class='ocrx_word' id='word_1_95' title='bbox 1045 1405 1406 1459; x_wconf 83' lang='lat' dir='ltr'><strong>mentionem.</strong></span> <span class='ocrx_word' id='word_1_96' title='bbox 1471 1402 1762 1468; x_wconf 85' lang='lat' dir='ltr'><strong>Quomodo</strong></span> <span class='ocrx_word' id='word_1_97' title='bbox 1808 1420 1936 1473; x_wconf 74' lang='lat' dir='ltr'><strong>ergo</strong></span> <span class='ocrx_word' id='word_1_98' title='bbox 1982 1421 2058 1459; x_wconf 77' lang='lat' dir='ltr'><strong>te-</strong></span> 
     </span>
    </p>
   </div>
   <div class='ocr_carea' id='block_1_16' title="bbox 466 1495 2053 1567">
    <p class='ocr_par' dir='ltr' id='par_1_16' title="bbox 466 1495 2053 1567">
     <span class='ocr_line' id='line_1_16' title="bbox 466 1495 2053 1567; baseline -0.002 -16"><span class='ocrx_word' id='word_1_99' title='bbox 466 1514 636 1567; x_wconf 88' lang='lat' dir='ltr'><strong>quum</strong></span> <span class='ocrx_word' id='word_1_100' title='bbox 701 1506 872 1560; x_wconf 88' lang='lat' dir='ltr'><strong>esset,</strong></span> <span class='ocrx_word' id='word_1_101' title='bbox 923 1505 981 1551; x_wconf 90' lang='lat' dir='ltr'><strong>ut</strong></span> <span class='ocrx_word' id='word_1_102' title='bbox 1032 1495 1349 1566; x_wconf 78' lang='lat' dir='ltr'><strong>liujusmodi</strong></span> <span class='ocrx_word' id='word_1_103' title='bbox 1407 1495 1698 1564; x_wconf 82' lang='lat' dir='ltr'><strong>repelleret</strong></span> <span class='ocrx_word' id='word_1_104' title='bbox 1764 1497 2053 1548; x_wconf 87' lang='lat' dir='ltr'><strong>mulierem</strong></span> 
     </span>
    </p>
   </div>
   <div class='ocr_carea' id='block_1_17' title="bbox 466 1587 2054 1658">
    <p class='ocr_par' dir='ltr' id='par_1_17' title="bbox 466 1587 2054 1658">
     <span class='ocr_line' id='line_1_17' title="bbox 466 1587 2054 1658; baseline -0.001 -15"><span class='ocrx_word' id='word_1_105' title='bbox 466 1591 796 1655; x_wconf 78' lang='lat' dir='ltr'><strong>studiosam,</strong></span> <span class='ocrx_word' id='word_1_106' title='bbox 841 1588 1091 1644; x_wconf 87' lang='lat' dir='ltr'><strong>discendi</strong></span> <span class='ocrx_word' id='word_1_107' title='bbox 1125 1587 1366 1654; x_wconf 84' lang='lat' dir='ltr'><strong>avidam,</strong></span> <span class='ocrx_word' id='word_1_108' title='bbox 1401 1602 1466 1642; x_wconf 91' lang='lat' dir='ltr'><strong>ac</strong></span> <span class='ocrx_word' id='word_1_109' title='bbox 1493 1587 1676 1658; x_wconf 89' lang='lat' dir='ltr'><strong>juvari</strong></span> <span class='ocrx_word' id='word_1_110' title='bbox 1715 1587 2054 1657; x_wconf 85' lang='lat' dir='ltr'><strong>cupientem.</strong></span> 
     </span>
    </p>
   </div>
   <div class='ocr_carea' id='block_1_18' title="bbox 534 1767 1806 1845">
    <p class='ocr_par' dir='ltr' id='par_1_18' title="bbox 534 1767 1806 1845">
     <span class='ocr_line' id='line_1_18' title="bbox 534 1767 1806 1845; baseline -0.001 -23"><span class='ocrx_word' id='word_1_111' title='bbox 534 1768 689 1822; x_wconf 81' lang='lat' dir='ltr'><strong>Vers.</strong></span> <span class='ocrx_word' id='word_1_112' title='bbox 728 1768 811 1822; x_wconf 79' lang='lat' dir='ltr'><strong>l5.</strong></span> <span class='ocrx_word' id='word_1_113' title='bbox 846 1768 1135 1845; x_wconf 74' lang='lat' dir='ltr'><strong>Respondit</strong></span> <span class='ocrx_word' id='word_1_114' title='bbox 1163 1767 1464 1823; x_wconf 80' lang='lat' dir='ltr'><strong>—iterum.</strong></span> <span class='ocrx_word' id='word_1_115' title='bbox 1499 1768 1600 1822; x_wconf 83' lang='lat' dir='ltr'><strong><em>Siti</em></strong></span> <span class='ocrx_word' id='word_1_116' title='bbox 1633 1783 1806 1838; x_wconf 53' lang='lat' dir='ltr'><strong>aqua}.</strong></span> 
     </span>
    </p>
   </div>
   <div class='ocr_carea' id='block_1_19' title="bbox 537 1859 2054 1932">
    <p class='ocr_par' dir='ltr' id='par_1_19' title="bbox 537 1859 2054 1932">
     <span class='ocr_line' id='line_1_19' title="bbox 537 1859 2054 1932; baseline 0.003 -20"><span class='ocrx_word' id='word_1_117' title='bbox 537 1859 694 1915; x_wconf 79' lang='lat' dir='ltr'><strong>Vers.</strong></span> <span class='ocrx_word' id='word_1_118' title='bbox 724 1861 805 1914; x_wconf 78' lang='grc'><strong>14.</strong></span> <span class='ocrx_word' id='word_1_119' title='bbox 833 1859 1080 1930; x_wconf 70' lang='lat' dir='ltr'><strong>Quisquis</strong></span> <span class='ocrx_word' id='word_1_120' title='bbox 1112 1891 1179 1900; x_wconf 93' lang='lat'><strong>-—</strong></span> <span class='ocrx_word' id='word_1_121' title='bbox 1212 1870 1487 1916; x_wconf 72' lang='lat' dir='ltr'><strong>(etei-num.</strong></span> <span class='ocrx_word' id='word_1_122' title='bbox 1519 1859 1875 1932; x_wconf 80' lang='lat' dir='ltr'><strong>Nequaquam</strong></span> <span class='ocrx_word' id='word_1_123' title='bbox 1903 1861 2054 1917; x_wconf 80' lang='lat' dir='ltr'><strong>sitiet</strong></span> 
     </span>
    </p>
   </div>
   <div class='ocr_carea' id='block_1_20' title="bbox 465 1951 1293 2019">
    <p class='ocr_par' dir='ltr' id='par_1_20' title="bbox 465 1951 1293 2019">
     <span class='ocr_line' id='line_1_20' title="bbox 465 1951 1293 2019; baseline 0.005 -15"><span class='ocrx_word' id='word_1_124' title='bbox 465 1966 705 2019; x_wconf 89' lang='lat' dir='ltr'><strong>unquam</strong></span> <span class='ocrx_word' id='word_1_125' title='bbox 743 1951 1144 2006; x_wconf 84' lang='lat' dir='ltr'><strong>incredulitatis</strong></span> <span class='ocrx_word' id='word_1_126' title='bbox 1180 1952 1293 2008; x_wconf 90' lang='lat' dir='ltr'><strong>siti.</strong></span> 
     </span>
    </p>
   </div>
   <div class='ocr_carea' id='block_1_21' title="bbox 539 2039 2053 2113">
    <p class='ocr_par' dir='ltr' id='par_1_21' title="bbox 539 2039 2053 2113">
     <span class='ocr_line' id='line_1_21' title="bbox 539 2039 2053 2113; baseline 0.003 -21"><span class='ocrx_word' id='word_1_127' title='bbox 539 2040 693 2094; x_wconf 72' lang='grc' dir='ltr'>νει-ε.</span> <span class='ocrx_word' id='word_1_128' title='bbox 738 2041 825 2094; x_wconf 61' lang='lat' dir='ltr'><strong>li.</strong></span> <span class='ocrx_word' id='word_1_129' title='bbox 865 2039 971 2094; x_wconf 88' lang='lat' dir='ltr'><strong>Sed</strong></span> <span class='ocrx_word' id='word_1_130' title='bbox 1005 2069 1072 2081; x_wconf 67' lang='grc' dir='ltr'><strong>»σ-</strong></span> <span class='ocrx_word' id='word_1_131' title='bbox 1107 2057 1284 2110; x_wconf 71' lang='lat' dir='ltr'><strong>aqum.</strong></span> <span class='ocrx_word' id='word_1_132' title='bbox 1317 2039 1419 2095; x_wconf 90' lang='lat' dir='ltr'><strong>Per</strong></span> <span class='ocrx_word' id='word_1_133' title='bbox 1457 2039 1666 2096; x_wconf 80' lang='lat' dir='ltr'><strong>fontem</strong></span> <span class='ocrx_word' id='word_1_134' title='bbox 1719 2041 2053 2113; x_wconf 74' lang='lat' dir='ltr'><strong>significavit</strong></span> 
     </span>
    </p>
   </div>
   <div class='ocr_carea' id='block_1_22' title="bbox 463 2132 1944 2204">
    <p class='ocr_par' dir='ltr' id='par_1_22' title="bbox 463 2132 1944 2204">
     <span class='ocr_line' id='line_1_22' title="bbox 463 2132 1944 2204; baseline 0.001 -18"><span class='ocrx_word' id='word_1_135' title='bbox 463 2132 889 2202; x_wconf 78' lang='lat' dir='ltr'><strong>perpetuitatem</strong></span> <span class='ocrx_word' id='word_1_136' title='bbox 924 2147 987 2186; x_wconf 89' lang='lat' dir='ltr'><strong>ac</strong></span> <span class='ocrx_word' id='word_1_137' title='bbox 1015 2132 1382 2202; x_wconf 76' lang='lat' dir='ltr'><strong>integritatem</strong></span> <span class='ocrx_word' id='word_1_138' title='bbox 1431 2133 1743 2202; x_wconf 88' lang='lat' dir='ltr'><strong>hujusmodi</strong></span> <span class='ocrx_word' id='word_1_139' title='bbox 1771 2134 1944 2204; x_wconf 58' lang='lat' dir='ltr'><strong>atina}.</strong></span> 
     </span>
    </p>
   </div>
   <div class='ocr_carea' id='block_1_23' title="bbox 539 2222 2052 2278">
    <p class='ocr_par' dir='ltr' id='par_1_23' title="bbox 539 2222 2052 2278">
     <span class='ocr_line' id='line_1_23' title="bbox 539 2222 2052 2278; baseline 0.002 -3"><span class='ocrx_word' id='word_1_140' title='bbox 539 2223 691 2277; x_wconf 82' lang='lat' dir='ltr'><strong>Vers.</strong></span> <span class='ocrx_word' id='word_1_141' title='bbox 736 2224 821 2276; x_wconf 64' lang='lat' dir='ltr'><strong>l4.</strong></span> <span class='ocrx_word' id='word_1_142' title='bbox 863 2222 1116 2276; x_wconf 73' lang='lat' dir='ltr'><strong>Salientis</strong></span> <span class='ocrx_word' id='word_1_143' title='bbox 1153 2252 1224 2262; x_wconf 91' lang='lat'><em>—</em></span> <span class='ocrx_word' id='word_1_144' title='bbox 1259 2232 1537 2276; x_wconf 74' lang='lat' dir='ltr'><strong>wternam.</strong></span> <span class='ocrx_word' id='word_1_145' title='bbox 1580 2222 1946 2278; x_wconf 84' lang='lat' dir='ltr'><strong>Scaturientis</strong></span> <span class='ocrx_word' id='word_1_146' title='bbox 1984 2224 2052 2278; x_wconf 86' lang='lat' dir='ltr'><strong>ad</strong></span> 
     </span>
    </p>
   </div>
   <div class='ocr_carea' id='block_1_24' title="bbox 461 2311 2049 2380">
    <p class='ocr_par' dir='ltr' id='par_1_24' title="bbox 461 2311 2049 2380">
     <span class='ocr_line' id='line_1_24' title="bbox 461 2311 2049 2380; baseline 0.003 -16"><span class='ocrx_word' id='word_1_147' title='bbox 461 2312 630 2365; x_wconf 88' lang='lat' dir='ltr'><strong>vitam</strong></span> <span class='ocrx_word' id='word_1_148' title='bbox 677 2323 960 2374; x_wconf 58' lang='lat' dir='ltr'><strong>aeternam,</strong></span> <span class='ocrx_word' id='word_1_149' title='bbox 1008 2327 1074 2366; x_wconf 91' lang='lat' dir='ltr'><strong>eo</strong></span> <span class='ocrx_word' id='word_1_150' title='bbox 1110 2312 1254 2380; x_wconf 90' lang='lat' dir='ltr'><strong>quod</strong></span> <span class='ocrx_word' id='word_1_151' title='bbox 1289 2311 1454 2364; x_wconf 88' lang='lat' dir='ltr'><strong>vitam</strong></span> <span class='ocrx_word' id='word_1_152' title='bbox 1491 2311 1729 2378; x_wconf 81' lang='lat' dir='ltr'><strong>pra-beat</strong></span> <span class='ocrx_word' id='word_1_153' title='bbox 1763 2323 2049 2368; x_wconf 65' lang='lat' dir='ltr'><strong>aeternam.</strong></span> 
     </span>
    </p>
   </div>
   <div class='ocr_carea' id='block_1_25' title="bbox 466 2403 2053 2472">
    <p class='ocr_par' dir='ltr' id='par_1_25' title="bbox 466 2403 2053 2472">
     <span class='ocr_line' id='line_1_25' title="bbox 466 2403 2053 2472; baseline 0.003 -16"><span class='ocrx_word' id='word_1_154' title='bbox 466 2404 599 2458; x_wconf 73' lang='lat' dir='ltr'><strong>Vide</strong></span> <span class='ocrx_word' id='word_1_155' title='bbox 646 2415 851 2468; x_wconf 86' lang='lat' dir='ltr'><strong>autem,</strong></span> <span class='ocrx_word' id='word_1_156' title='bbox 904 2404 1074 2472; x_wconf 87' lang='lat' dir='ltr'><strong>quod,</strong></span> <span class='ocrx_word' id='word_1_157' title='bbox 1124 2419 1248 2458; x_wconf 92' lang='lat' dir='ltr'><strong>cum</strong></span> <span class='ocrx_word' id='word_1_158' title='bbox 1299 2405 1494 2457; x_wconf 89' lang='lat' dir='ltr'><strong>mulier</strong></span> <span class='ocrx_word' id='word_1_159' title='bbox 1533 2403 1781 2470; x_wconf 82' lang='lat' dir='ltr'><strong>dixisset,</strong></span> <span class='ocrx_word' id='word_1_160' title='bbox 1819 2404 1960 2458; x_wconf 86' lang='lat' dir='ltr'><strong>Num</strong></span> <span class='ocrx_word' id='word_1_161' title='bbox 1997 2416 2053 2460; x_wconf 83' lang='grc' dir='ltr'><strong>ιιι</strong></span> 
     </span>
    </p>
   </div>
   <div class='ocr_carea' id='block_1_26' title="bbox 463 2493 2048 2567">
    <p class='ocr_par' dir='ltr' id='par_1_26' title="bbox 463 2493 2048 2567">
     <span class='ocr_line' id='line_1_26' title="bbox 463 2493 2048 2567; baseline 0.004 -21"><span class='ocrx_word' id='word_1_162' title='bbox 463 2494 638 2562; x_wconf 86' lang='lat' dir='ltr'><strong>major</strong></span> <span class='ocrx_word' id='word_1_163' title='bbox 686 2510 738 2546; x_wconf 81' lang='lat' dir='ltr'><strong>es</strong></span> <span class='ocrx_word' id='word_1_164' title='bbox 788 2504 939 2562; x_wconf 75' lang='lat' dir='ltr'><strong>patre</strong></span> <span class='ocrx_word' id='word_1_165' title='bbox 1001 2503 1178 2546; x_wconf 71' lang='lat' dir='ltr'><strong>nostro</strong></span> <span class='ocrx_word' id='word_1_166' title='bbox 1219 2493 1407 2557; x_wconf 79' lang='lat' dir='ltr'><strong>Jacab,</strong></span> <span class='ocrx_word' id='word_1_167' title='bbox 1453 2508 1562 2547; x_wconf 89' lang='lat' dir='ltr'><strong>non</strong></span> <span class='ocrx_word' id='word_1_168' title='bbox 1605 2494 1741 2548; x_wconf 80' lang='lat' dir='ltr'><strong>dixit</strong></span> <span class='ocrx_word' id='word_1_169' title='bbox 1783 2514 1795 2549; x_wconf 91' lang='lat'><strong>:</strong></span> <span class='ocrx_word' id='word_1_170' title='bbox 1845 2495 2048 2567; x_wconf 87' lang='lat' dir='ltr'><strong>Utique</strong></span> 
     </span>
    </p>
   </div>
   <div class='ocr_carea' id='block_1_27' title="bbox 463 2584 2053 2657">
    <p class='ocr_par' dir='ltr' id='par_1_27' title="bbox 463 2584 2053 2657">
     <span class='ocr_line' id='line_1_27' title="bbox 463 2584 2053 2657; baseline 0.004 -20"><span class='ocrx_word' id='word_1_171' title='bbox 463 2585 641 2652; x_wconf 84' lang='lat' dir='ltr'><strong>major</strong></span> <span class='ocrx_word' id='word_1_172' title='bbox 689 2600 844 2651; x_wconf 87' lang='lat' dir='ltr'><strong>sum;</strong></span> <span class='ocrx_word' id='word_1_173' title='bbox 891 2585 1172 2638; x_wconf 76' lang='lat' dir='ltr'><strong>videretur</strong></span> <span class='ocrx_word' id='word_1_174' title='bbox 1217 2584 1363 2639; x_wconf 89' lang='lat' dir='ltr'><strong>enim</strong></span> <span class='ocrx_word' id='word_1_175' title='bbox 1410 2587 1652 2656; x_wconf 86' lang='lat' dir='ltr'><strong>seipsum</strong></span> <span class='ocrx_word' id='word_1_176' title='bbox 1691 2587 1921 2657; x_wconf 75' lang='lat' dir='ltr'><strong>jactare,</strong></span> <span class='ocrx_word' id='word_1_177' title='bbox 1956 2588 2053 2643; x_wconf 91' lang='lat' dir='ltr'><strong>sed</strong></span> 
     </span>
    </p>
   </div>
   <div class='ocr_carea' id='block_1_28' title="bbox 463 2672 2050 2743">
    <p class='ocr_par' dir='ltr' id='par_1_28' title="bbox 463 2672 2050 2743">
     <span class='ocr_line' id='line_1_28' title="bbox 463 2672 2050 2743; baseline 0.004 -17"><span class='ocrx_word' id='word_1_178' title='bbox 463 2674 532 2727; x_wconf 84' lang='lat' dir='ltr'><strong>ab</strong></span> <span class='ocrx_word' id='word_1_179' title='bbox 583 2674 668 2727; x_wconf 84' lang='lat' dir='ltr'><strong>liis</strong></span> <span class='ocrx_word' id='word_1_180' title='bbox 722 2690 844 2743; x_wconf 65' lang='lat' dir='ltr'><strong>quae</strong></span> <span class='ocrx_word' id='word_1_181' title='bbox 907 2674 1071 2738; x_wconf 74' lang='lat' dir='ltr'><strong>dixit,</strong></span> <span class='ocrx_word' id='word_1_182' title='bbox 1125 2673 1229 2728; x_wconf 80' lang='lat' dir='ltr'><strong>lioc</strong></span> <span class='ocrx_word' id='word_1_183' title='bbox 1286 2673 1490 2727; x_wconf 87' lang='lat' dir='ltr'><strong>intulit.</strong></span> <span class='ocrx_word' id='word_1_184' title='bbox 1546 2672 1682 2729; x_wconf 85' lang='lat' dir='ltr'><strong>Nam</strong></span> <span class='ocrx_word' id='word_1_185' title='bbox 1739 2676 2050 2732; x_wconf 67' lang='lat' dir='ltr'><strong>differentia</strong></span> 
     </span>
    </p>
   </div>
   <div class='ocr_carea' id='block_1_29' title="bbox 461 2762 2049 2834">
    <p class='ocr_par' dir='ltr' id='par_1_29' title="bbox 461 2762 2049 2834">
     <span class='ocr_line' id='line_1_29' title="bbox 461 2762 2049 2834; baseline 0.003 -18"><span class='ocrx_word' id='word_1_186' title='bbox 461 2779 730 2833; x_wconf 86' lang='lat' dir='ltr'><strong>aquarum</strong></span> <span class='ocrx_word' id='word_1_187' title='bbox 763 2764 1132 2818; x_wconf 72' lang='lat' dir='ltr'><strong>differentiam</strong></span> <span class='ocrx_word' id='word_1_188' title='bbox 1160 2762 1326 2816; x_wconf 74' lang='lat' dir='ltr'><strong>infert</strong></span> <span class='ocrx_word' id='word_1_189' title='bbox 1358 2763 1720 2834; x_wconf 77' lang='lat' dir='ltr'><strong>praebentium</strong></span> <span class='ocrx_word' id='word_1_190' title='bbox 1754 2765 1894 2829; x_wconf 87' lang='lat' dir='ltr'><strong>illas,</strong></span> <span class='ocrx_word' id='word_1_191' title='bbox 1924 2782 2049 2822; x_wconf 90' lang='lat' dir='ltr'><strong>cum</strong></span> 
     </span>
    </p>
   </div>
   <div class='ocr_carea' id='block_1_30' title="bbox 464 2839 2050 2926">
    <p class='ocr_par' dir='ltr' id='par_1_30' title="bbox 464 2839 2050 2926">
     <span class='ocr_line' id='line_1_30' title="bbox 464 2839 2050 2926; baseline 0.002 -18"><span class='ocrx_word' id='word_1_192' title='bbox 464 2839 795 2908; x_wconf 83' lang='lat' dir='ltr'><strong>naturaliter</strong></span> <span class='ocrx_word' id='word_1_193' title='bbox 830 2869 971 2924; x_wconf 81' lang='lat' dir='ltr'><strong>aqua</strong></span> <span class='ocrx_word' id='word_1_194' title='bbox 1003 2853 1095 2907; x_wconf 90' lang='lat' dir='ltr'><strong>illa</strong></span> <span class='ocrx_word' id='word_1_195' title='bbox 1132 2860 1515 2917; x_wconf 89' lang='lat' dir='ltr'><strong>consumatur,</strong></span> <span class='ocrx_word' id='word_1_196' title='bbox 1541 2854 1657 2910; x_wconf 73' lang='lat' dir='ltr'><strong>[nec</strong></span> <span class='ocrx_word' id='word_1_197' title='bbox 1687 2865 1870 2910; x_wconf 88' lang='lat' dir='ltr'><strong>autem</strong></span> <span class='ocrx_word' id='word_1_198' title='bbox 1921 2871 2050 2926; x_wconf 91' lang='lat' dir='ltr'><strong>per-</strong></span> 
     </span>
    </p>
   </div>
   <div class='ocr_carea' id='block_1_31' title="bbox 464 2956 911 3017">
    <p class='ocr_par' dir='ltr' id='par_1_31' title="bbox 464 2956 911 3017">
     <span class='ocr_line' id='line_1_31' title="bbox 464 2956 911 3017; baseline 0 -17"><span class='ocrx_word' id='word_1_199' title='bbox 464 2956 632 3017; x_wconf 87' lang='lat' dir='ltr'><strong>petuo</strong></span> <span class='ocrx_word' id='word_1_200' title='bbox 673 2956 911 3000; x_wconf 83' lang='lat' dir='ltr'><strong>maneat.</strong></span> 
     </span>
    </p>
   </div>
   <div class='ocr_carea' id='block_1_32' title="bbox 539 3037 2050 3097">
    <p class='ocr_par' dir='ltr' id='par_1_32' title="bbox 539 3037 2050 3097">
     <span class='ocr_line' id='line_1_32' title="bbox 539 3037 2050 3097; baseline 0.004 -6"><span class='ocrx_word' id='word_1_201' title='bbox 539 3037 693 3091; x_wconf 68' lang='grc' dir='ltr'>νει-ε.</span> <span class='ocrx_word' id='word_1_202' title='bbox 727 3039 813 3092; x_wconf 76' lang='grc'><strong>15.</strong></span> <span class='ocrx_word' id='word_1_203' title='bbox 870 3038 1012 3091; x_wconf 82' lang='lat' dir='ltr'><strong>Dicit</strong></span> <span class='ocrx_word' id='word_1_204' title='bbox 1052 3069 1124 3082; x_wconf 88' lang='lat'><strong>—</strong></span> <span class='ocrx_word' id='word_1_205' title='bbox 1166 3042 1234 3094; x_wconf 82' lang='lat' dir='ltr'><strong>ad</strong></span> <span class='ocrx_word' id='word_1_206' title='bbox 1278 3041 1652 3095; x_wconf 74' lang='lat' dir='ltr'><strong>hauriendum.</strong></span> <span class='ocrx_word' id='word_1_207' title='bbox 1687 3039 1956 3096; x_wconf 86' lang='lat' dir='ltr'><strong>Paulatim</strong></span> <span class='ocrx_word' id='word_1_208' title='bbox 1982 3042 2050 3097; x_wconf 88' lang='lat' dir='ltr'><strong>ad</strong></span> 
     </span>
    </p>
   </div>
   <div class='ocr_carea' id='block_1_33' title="bbox 463 3128 2053 3203">
    <p class='ocr_par' dir='ltr' id='par_1_33' title="bbox 463 3128 2053 3203">
     <span class='ocr_line' id='line_1_33' title="bbox 463 3128 2053 3203; baseline 0.004 -21"><span class='ocrx_word' id='word_1_209' title='bbox 463 3128 778 3199; x_wconf 79' lang='lat' dir='ltr'><strong>dogmatum</strong></span> <span class='ocrx_word' id='word_1_210' title='bbox 800 3129 1179 3185; x_wconf 88' lang='lat' dir='ltr'><strong>celsitudinem</strong></span> <span class='ocrx_word' id='word_1_211' title='bbox 1213 3132 1567 3200; x_wconf 80' lang='lat' dir='ltr'><strong>provehitur.</strong></span> <span class='ocrx_word' id='word_1_212' title='bbox 1597 3132 1682 3188; x_wconf 82' lang='lat' dir='ltr'><strong>Ab</strong></span> <span class='ocrx_word' id='word_1_213' title='bbox 1703 3149 1857 3203; x_wconf 65' lang='lat' dir='ltr'><strong>aquae</strong></span> <span class='ocrx_word' id='word_1_214' title='bbox 1881 3135 2053 3201; x_wconf 87' lang='lat' dir='ltr'><strong>enim,</strong></span> 
     </span>
    </p>
   </div>
   <div class='ocr_carea' id='block_1_34' title="bbox 468 3221 2056 3297">
    <p class='ocr_par' dir='ltr' id='par_1_34' title="bbox 468 3221 2056 3297">
     <span class='ocr_line' id='line_1_34' title="bbox 468 3221 2056 3297; baseline 0.007 -25"><span class='ocrx_word' id='word_1_215' title='bbox 468 3235 633 3289; x_wconf 91' lang='lat' dir='ltr'><strong>quam</strong></span> <span class='ocrx_word' id='word_1_216' title='bbox 697 3221 909 3287; x_wconf 78' lang='lat' dir='ltr'><strong>tribuit,</strong></span> <span class='ocrx_word' id='word_1_217' title='bbox 981 3223 1321 3292; x_wconf 63' lang='lat' dir='ltr'><strong>praestantia,</strong></span> <span class='ocrx_word' id='word_1_218' title='bbox 1393 3225 1542 3280; x_wconf 88' lang='lat' dir='ltr'><strong>hunc</strong></span> <span class='ocrx_word' id='word_1_219' title='bbox 1597 3241 1722 3280; x_wconf 86' lang='lat' dir='ltr'><strong>esse</strong></span> <span class='ocrx_word' id='word_1_220' title='bbox 1789 3229 2056 3297; x_wconf 85' lang='lat' dir='ltr'><strong>majorem</strong></span> 
     </span>
    </p>
   </div>
   <div class='ocr_carea' id='block_1_35' title="bbox 462 3310 2052 3389">
    <p class='ocr_par' dir='ltr' id='par_1_35' title="bbox 462 3310 2052 3389">
     <span class='ocr_line' id='line_1_35' title="bbox 462 3310 2052 3389; baseline 0.006 -25"><span class='ocrx_word' id='word_1_221' title='bbox 462 3310 631 3366; x_wconf 80' lang='lat' dir='ltr'><strong>Jaeob</strong></span> <span class='ocrx_word' id='word_1_222' title='bbox 659 3313 850 3378; x_wconf 79' lang='lat' dir='ltr'><strong>credit,</strong></span> <span class='ocrx_word' id='word_1_223' title='bbox 885 3315 1142 3385; x_wconf 85' lang='lat' dir='ltr'><strong>quodque</strong></span> <span class='ocrx_word' id='word_1_224' title='bbox 1183 3316 1589 3371; x_wconf 80' lang='lat' dir='ltr'><strong>excellentioris</strong></span> <span class='ocrx_word' id='word_1_225' title='bbox 1615 3325 1826 3373; x_wconf 66' lang='lat' dir='ltr'><strong>natura:</strong></span> <span class='ocrx_word' id='word_1_226' title='bbox 1855 3335 2052 3389; x_wconf 90' lang='lat' dir='ltr'><strong>aquam</strong></span> 
     </span>
    </p>
   </div>
   <div class='ocr_carea' id='block_1_36' title="bbox 466 3401 2058 3478">
    <p class='ocr_par' dir='ltr' id='par_1_36' title="bbox 466 3401 2058 3478">
     <span class='ocr_line' id='line_1_36' title="bbox 466 3401 2058 3478; baseline 0.006 -24"><span class='ocrx_word' id='word_1_227' title='bbox 466 3401 694 3465; x_wconf 84' lang='lat' dir='ltr'><strong>tribuat,</strong></span> <span class='ocrx_word' id='word_1_228' title='bbox 730 3402 990 3473; x_wconf 75' lang='lat' dir='ltr'><strong>intelligit</strong></span> <span class='ocrx_word' id='word_1_229' title='bbox 1023 3420 1037 3456; x_wconf 92' lang='lat'><strong>:</strong></span> <span class='ocrx_word' id='word_1_230' title='bbox 1070 3404 1314 3458; x_wconf 88' lang='lat' dir='ltr'><strong>nondum</strong></span> <span class='ocrx_word' id='word_1_231' title='bbox 1335 3415 1519 3461; x_wconf 87' lang='lat' dir='ltr'><strong>autem</strong></span> <span class='ocrx_word' id='word_1_232' title='bbox 1550 3406 1794 3476; x_wconf 79' lang='lat' dir='ltr'><strong>perfecte</strong></span> <span class='ocrx_word' id='word_1_233' title='bbox 1822 3423 2058 3478; x_wconf 80' lang='lat' dir='ltr'><strong>cognos-</strong></span> 
     </span>
    </p>
   </div>
   <div class='ocr_carea' id='block_1_37' title="bbox 467 3493 2056 3570">
    <p class='ocr_par' dir='ltr' id='par_1_37' title="bbox 467 3493 2056 3570">
     <span class='ocr_line' id='line_1_37' title="bbox 467 3493 2056 3570; baseline 0.006 -24"><span class='ocrx_word' id='word_1_234' title='bbox 467 3493 564 3554; x_wconf 89' lang='lat' dir='ltr'><strong>cit,</strong></span> <span class='ocrx_word' id='word_1_235' title='bbox 596 3493 834 3560; x_wconf 89' lang='lat' dir='ltr'><strong>autquis</strong></span> <span class='ocrx_word' id='word_1_236' title='bbox 867 3494 958 3560; x_wconf 91' lang='lat' dir='ltr'><strong>sit,</strong></span> <span class='ocrx_word' id='word_1_237' title='bbox 998 3493 1092 3562; x_wconf 91' lang='lat' dir='ltr'><strong>qui</strong></span> <span class='ocrx_word' id='word_1_238' title='bbox 1142 3495 1285 3550; x_wconf 86' lang='lat' dir='ltr'><strong>hanc</strong></span> <span class='ocrx_word' id='word_1_239' title='bbox 1327 3496 1516 3564; x_wconf 89' lang='lat' dir='ltr'><strong>donet,</strong></span> <span class='ocrx_word' id='word_1_240' title='bbox 1553 3507 1648 3552; x_wconf 88' lang='lat' dir='ltr'><strong>aut</strong></span> <span class='ocrx_word' id='word_1_241' title='bbox 1681 3501 1815 3570; x_wconf 91' lang='lat' dir='ltr'><strong>quid</strong></span> <span class='ocrx_word' id='word_1_242' title='bbox 1863 3501 1952 3554; x_wconf 88' lang='lat' dir='ltr'><strong>illa</strong></span> <span class='ocrx_word' id='word_1_243' title='bbox 1984 3501 2056 3556; x_wconf 90' lang='lat' dir='ltr'><strong>sit</strong></span> 
     </span>
    </p>
   </div>
   <div class='ocr_carea' id='block_1_38' title="bbox 465 3587 2053 3660">
    <p class='ocr_par' dir='ltr' id='par_1_38' title="bbox 465 3587 2053 3660">
     <span class='ocr_line' id='line_1_38' title="bbox 465 3587 2053 3660; baseline 0.007 -25"><span class='ocrx_word' id='word_1_244' title='bbox 465 3599 629 3651; x_wconf 84' lang='lat' dir='ltr'><strong>aqua,</strong></span> <span class='ocrx_word' id='word_1_245' title='bbox 677 3587 939 3654; x_wconf 85' lang='lat' dir='ltr'><strong>percipit;</strong></span> <span class='ocrx_word' id='word_1_246' title='bbox 978 3588 1293 3655; x_wconf 76' lang='lat' dir='ltr'><strong>suspicatur</strong></span> <span class='ocrx_word' id='word_1_247' title='bbox 1341 3596 1526 3642; x_wconf 89' lang='lat' dir='ltr'><strong>tamen</strong></span> <span class='ocrx_word' id='word_1_248' title='bbox 1570 3589 1623 3645; x_wconf 92' lang='lat' dir='ltr'><strong>id</strong></span> <span class='ocrx_word' id='word_1_249' title='bbox 1677 3592 1824 3660; x_wconf 91' lang='lat' dir='ltr'><strong>quod</strong></span> <span class='ocrx_word' id='word_1_250' title='bbox 1868 3593 2053 3660; x_wconf 89' lang='lat' dir='ltr'><strong>datur,</strong></span> 
     </span>
    </p>
   </div>
   <div class='ocr_carea' id='block_1_39' title="bbox 467 3675 2055 3748">
    <p class='ocr_par' dir='ltr' id='par_1_39' title="bbox 467 3675 2055 3748">
     <span class='ocr_line' id='line_1_39' title="bbox 467 3675 2055 3748; baseline 0.006 -21"><span class='ocrx_word' id='word_1_251' title='bbox 467 3675 574 3729; x_wconf 86' lang='lat' dir='ltr'><strong>tale</strong></span> <span class='ocrx_word' id='word_1_252' title='bbox 624 3677 902 3744; x_wconf 84' lang='lat' dir='ltr'><strong>quippiam</strong></span> <span class='ocrx_word' id='word_1_253' title='bbox 956 3691 1103 3743; x_wconf 88' lang='lat' dir='ltr'><strong>esse,</strong></span> <span class='ocrx_word' id='word_1_254' title='bbox 1152 3678 1298 3748; x_wconf 86' lang='lat' dir='ltr'><strong>quod</strong></span> <span class='ocrx_word' id='word_1_255' title='bbox 1346 3680 1494 3734; x_wconf 86' lang='lat' dir='ltr'><strong>sitim</strong></span> <span class='ocrx_word' id='word_1_256' title='bbox 1540 3681 1682 3736; x_wconf 87' lang='lat' dir='ltr'><strong>hanc</strong></span> <span class='ocrx_word' id='word_1_257' title='bbox 1735 3683 2055 3738; x_wconf 88' lang='lat' dir='ltr'><strong>sensibilem</strong></span> 
     </span>
    </p>
   </div>
   <div class='ocr_carea' id='block_1_40' title="bbox 465 3767 2054 3847">
    <p class='ocr_par' dir='ltr' id='par_1_40' title="bbox 465 3767 2054 3847">
     <span class='ocr_line' id='line_1_40' title="bbox 465 3767 2054 3847; baseline 0.008 -27"><span class='ocrx_word' id='word_1_258' title='bbox 465 3768 717 3836; x_wconf 87' lang='lat' dir='ltr'><strong>perimat.</strong></span> <span class='ocrx_word' id='word_1_259' title='bbox 760 3767 879 3822; x_wconf 86' lang='lat' dir='ltr'><strong>Non</strong></span> <span class='ocrx_word' id='word_1_260' title='bbox 923 3778 1010 3823; x_wconf 90' lang='lat' dir='ltr'><strong>est</strong></span> <span class='ocrx_word' id='word_1_261' title='bbox 1063 3784 1195 3841; x_wconf 76' lang='lat' dir='ltr'><strong>ergo</strong></span> <span class='ocrx_word' id='word_1_262' title='bbox 1247 3771 1379 3826; x_wconf 87' lang='lat' dir='ltr'><strong>levis</strong></span> <span class='ocrx_word' id='word_1_263' title='bbox 1425 3771 1543 3828; x_wconf 63' lang='lat' dir='ltr'><strong>haec</strong></span> <span class='ocrx_word' id='word_1_264' title='bbox 1593 3775 1815 3842; x_wconf 87' lang='lat' dir='ltr'><strong>mulier,</strong></span> <span class='ocrx_word' id='word_1_265' title='bbox 1873 3792 2054 3847; x_wconf 85' lang='lat' dir='ltr'><strong>neque</strong></span> 
     </span>
    </p>
   </div>
   <div class='ocr_carea' id='block_1_41' title="bbox 467 3861 2054 3934">
    <p class='ocr_par' dir='ltr' id='par_1_41' title="bbox 467 3861 2054 3934">
     <span class='ocr_line' id='line_1_41' title="bbox 467 3861 2054 3934; baseline 0.009 -24"><span class='ocrx_word' id='word_1_266' title='bbox 467 3863 612 3911; x_wconf 86' lang='lat' dir='ltr'><strong>enim</strong></span> <span class='ocrx_word' id='word_1_267' title='bbox 681 3869 957 3928; x_wconf 89' lang='lat' dir='ltr'><strong>utcunque</strong></span> <span class='ocrx_word' id='word_1_268' title='bbox 1013 3861 1258 3930; x_wconf 86' lang='lat' dir='ltr'><strong>suscepit</strong></span> <span class='ocrx_word' id='word_1_269' title='bbox 1297 3876 1360 3916; x_wconf 90' lang='lat' dir='ltr'><strong>ea</strong></span> <span class='ocrx_word' id='word_1_270' title='bbox 1399 3880 1522 3934; x_wconf 71' lang='lat' dir='ltr'><strong>qua:</strong></span> <span class='ocrx_word' id='word_1_271' title='bbox 1567 3865 1913 3934; x_wconf 82' lang='lat' dir='ltr'><strong>dicebantur,</strong></span> <span class='ocrx_word' id='word_1_272' title='bbox 1958 3868 2054 3924; x_wconf 86' lang='lat' dir='ltr'><strong>sed</strong></span> 
     </span>
    </p>
   </div>
   <div class='ocr_carea' id='block_1_42' title="bbox 468 3946 2057 4025">
    <p class='ocr_par' dir='ltr' id='par_1_42' title="bbox 468 3946 2057 4025">
     <span class='ocr_line' id='line_1_42' title="bbox 468 3946 2057 4025; baseline 0.009 -25"><span class='ocrx_word' id='word_1_273' title='bbox 468 3955 590 4015; x_wconf 92' lang='lat' dir='ltr'><strong>post</strong></span> <span class='ocrx_word' id='word_1_274' title='bbox 616 3946 829 4018; x_wconf 76' lang='lat' dir='ltr'><strong>Iungam</strong></span> <span class='ocrx_word' id='word_1_275' title='bbox 865 3951 1353 4021; x_wconf 80' lang='lat' dir='ltr'><strong>interrogationem</strong></span> <span class='ocrx_word' id='word_1_276' title='bbox 1379 3971 1393 4018; x_wconf 86' lang='lat'><strong>;</strong></span> <span class='ocrx_word' id='word_1_277' title='bbox 1421 3969 1600 4025; x_wconf 90' lang='lat' dir='ltr'><strong>neque</strong></span> <span class='ocrx_word' id='word_1_278' title='bbox 1630 3973 1850 4012; x_wconf 89' lang='lat' dir='ltr'><strong>rursum</strong></span> <span class='ocrx_word' id='word_1_279' title='bbox 1876 3960 2057 4014; x_wconf 83' lang='lat' dir='ltr'><strong>incre-</strong></span> 
     </span>
    </p>
   </div>
   <div class='ocr_carea' id='block_1_43' title="bbox 468 4039 2053 4117">
    <p class='ocr_par' dir='ltr' id='par_1_43' title="bbox 468 4039 2053 4117">
     <span class='ocr_line' id='line_1_43' title="bbox 468 4039 2053 4117; baseline 0.011 -27"><span class='ocrx_word' id='word_1_280' title='bbox 468 4039 591 4092; x_wconf 83' lang='lat' dir='ltr'><strong>tlula</strong></span> <span class='ocrx_word' id='word_1_281' title='bbox 619 4055 682 4092; x_wconf 86' lang='lat' dir='ltr'><strong>ac</strong></span> <span class='ocrx_word' id='word_1_282' title='bbox 713 4043 1087 4098; x_wconf 87' lang='lat' dir='ltr'><strong>contentiosa.</strong></span> <span class='ocrx_word' id='word_1_283' title='bbox 1109 4043 1244 4099; x_wconf 84' lang='lat' dir='ltr'><strong>Nam</strong></span> <span class='ocrx_word' id='word_1_284' title='bbox 1276 4061 1401 4101; x_wconf 85' lang='lat' dir='ltr'><strong>cum</strong></span> <span class='ocrx_word' id='word_1_285' title='bbox 1425 4049 1692 4117; x_wconf 86' lang='lat' dir='ltr'><strong>majorem</strong></span> <span class='ocrx_word' id='word_1_286' title='bbox 1727 4066 1854 4106; x_wconf 90' lang='lat' dir='ltr'><strong>eum</strong></span> <span class='ocrx_word' id='word_1_287' title='bbox 1898 4053 2053 4108; x_wconf 87' lang='lat' dir='ltr'><strong>inve-</strong></span> 
     </span>
    </p>
   </div>
   <div class='ocr_carea' id='block_1_44' title="bbox 469 4131 2054 4217">
    <p class='ocr_par' dir='ltr' id='par_1_44' title="bbox 469 4131 2054 4217">
     <span class='ocr_line' id='line_1_44' title="bbox 469 4131 2054 4217; baseline 0.012 -36"><span class='ocrx_word' id='word_1_288' title='bbox 469 4131 664 4194; x_wconf 78' lang='lat' dir='ltr'><strong>niSset,</strong></span> <span class='ocrx_word' id='word_1_289' title='bbox 713 4147 878 4200; x_wconf 88' lang='lat' dir='ltr'><strong>quam</strong></span> <span class='ocrx_word' id='word_1_290' title='bbox 923 4131 1114 4199; x_wconf 82' lang='lat' dir='ltr'><strong>Jacob,</strong></span> <span class='ocrx_word' id='word_1_291' title='bbox 1157 4151 1269 4191; x_wconf 89' lang='lat' dir='ltr'><strong>non</strong></span> <span class='ocrx_word' id='word_1_292' title='bbox 1295 4141 1601 4204; x_wconf 89' lang='lat' dir='ltr'><strong>permansit</strong></span> <span class='ocrx_word' id='word_1_293' title='bbox 1628 4142 1682 4196; x_wconf 91' lang='lat' dir='ltr'><strong>in</strong></span> <span class='ocrx_word' id='word_1_294' title='bbox 1714 4152 2054 4217; x_wconf 69' lang='lat' dir='ltr'><strong>praesumpta</strong></span> 
     </span>
    </p>
   </div>
   <div class='ocr_carea' id='block_1_45' title="bbox 468 4222 2052 4299">
    <p class='ocr_par' dir='ltr' id='par_1_45' title="bbox 468 4222 2052 4299">
     <span class='ocr_line' id='line_1_45' title="bbox 468 4222 2052 4299; baseline 0.011 -25"><span class='ocrx_word' id='word_1_295' title='bbox 468 4222 756 4291; x_wconf 85' lang='lat' dir='ltr'><strong>opinione.</strong></span> <span class='ocrx_word' id='word_1_296' title='bbox 788 4227 953 4293; x_wconf 78' lang='lat' dir='ltr'><strong>Atqui</strong></span> <span class='ocrx_word' id='word_1_297' title='bbox 983 4225 1190 4282; x_wconf 68' lang='lat' dir='ltr'><strong>Judaeis</strong></span> <span class='ocrx_word' id='word_1_298' title='bbox 1214 4229 1349 4282; x_wconf 77' lang='lat' dir='ltr'><strong>dixit</strong></span> <span class='ocrx_word' id='word_1_299' title='bbox 1387 4230 1640 4286; x_wconf 88' lang='lat' dir='ltr'><strong>Christus</strong></span> <span class='ocrx_word' id='word_1_300' title='bbox 1693 4251 1708 4287; x_wconf 85' lang='lat'><strong>:</strong></span> <span class='ocrx_word' id='word_1_301' title='bbox 1757 4232 1859 4299; x_wconf 85' lang='lat' dir='ltr'><strong>Qui</strong></span> <span class='ocrx_word' id='word_1_302' title='bbox 1911 4240 2052 4292; x_wconf 78' lang='lat' dir='ltr'><strong>venit</strong></span> 
     </span>
    </p>
   </div>
   <div class='ocr_carea' id='block_1_46' title="bbox 470 4320 2055 4393">
    <p class='ocr_par' dir='ltr' id='par_1_46' title="bbox 470 4320 2055 4393">
     <span class='ocr_line' id='line_1_46' title="bbox 470 4320 2055 4393; baseline 0.011 -26"><span class='ocrx_word' id='word_1_303' title='bbox 470 4320 540 4368; x_wconf 72' lang='lat' dir='ltr'><strong>ad</strong></span> <span class='ocrx_word' id='word_1_304' title='bbox 574 4333 674 4380; x_wconf 76' lang='lat' dir='ltr'><strong>me,</strong></span> <span class='ocrx_word' id='word_1_305' title='bbox 705 4334 806 4371; x_wconf 82' lang='lat' dir='ltr'><strong>non</strong></span> <span class='ocrx_word' id='word_1_306' title='bbox 841 4321 1033 4373; x_wconf 73' lang='lat' dir='ltr'><strong>eauriet</strong></span> <span class='ocrx_word' id='word_1_307' title='bbox 1067 4337 1084 4374; x_wconf 89' lang='lat'><em>:</em></span> <span class='ocrx_word' id='word_1_308' title='bbox 1113 4332 1160 4375; x_wconf 85' lang='lat' dir='ltr'><strong>et</strong></span> <span class='ocrx_word' id='word_1_309' title='bbox 1189 4324 1278 4393; x_wconf 88' lang='lat' dir='ltr'><strong>qui</strong></span> <span class='ocrx_word' id='word_1_310' title='bbox 1301 4326 1459 4377; x_wconf 71' lang='lat' dir='ltr'><strong>credit</strong></span> <span class='ocrx_word' id='word_1_311' title='bbox 1489 4326 1543 4378; x_wconf 82' lang='lat' dir='ltr'><strong>in</strong></span> <span class='ocrx_word' id='word_1_312' title='bbox 1575 4342 1678 4391; x_wconf 82' lang='lat' dir='ltr'><strong>me,</strong></span> <span class='ocrx_word' id='word_1_313' title='bbox 1704 4343 1805 4382; x_wconf 79' lang='lat' dir='ltr'><strong>non</strong></span> <span class='ocrx_word' id='word_1_314' title='bbox 1833 4330 1973 4384; x_wconf 74' lang='lat' dir='ltr'><strong>sitiet</strong></span> <span class='ocrx_word' id='word_1_315' title='bbox 1998 4335 2055 4385; x_wconf 82' lang='lat' dir='ltr'><strong>in</strong></span> 
     </span>
    </p>
   </div>
   <div class='ocr_carea' id='block_1_47' title="bbox 471 4411 2050 4489">
    <p class='ocr_par' dir='ltr' id='par_1_47' title="bbox 471 4411 2050 4489">
     <span class='ocr_line' id='line_1_47' title="bbox 471 4411 2050 4489; baseline 0.011 -28"><span class='ocrx_word' id='word_1_316' title='bbox 471 4417 730 4463; x_wconf 76' lang='lat' dir='ltr'><strong>a&#39;teruum</strong></span> <span class='ocrx_word' id='word_1_317' title='bbox 760 4411 806 4441; x_wconf 76' lang='lat'><strong><em>°°</em></strong></span> <span class='ocrx_word' id='word_1_318' title='bbox 832 4427 846 4476; x_wconf 84' lang='lat'><strong>;</strong></span> <span class='ocrx_word' id='word_1_319' title='bbox 875 4412 949 4465; x_wconf 90' lang='lat' dir='ltr'><strong>illi</strong></span> <span class='ocrx_word' id='word_1_320' title='bbox 979 4422 1163 4468; x_wconf 86' lang='lat' dir='ltr'><strong>autem</strong></span> <span class='ocrx_word' id='word_1_321' title='bbox 1192 4431 1296 4469; x_wconf 90' lang='lat' dir='ltr'><strong>non</strong></span> <span class='ocrx_word' id='word_1_322' title='bbox 1323 4417 1502 4470; x_wconf 87' lang='lat' dir='ltr'><strong>solum</strong></span> <span class='ocrx_word' id='word_1_323' title='bbox 1535 4433 1646 4472; x_wconf 91' lang='lat' dir='ltr'><strong>non</strong></span> <span class='ocrx_word' id='word_1_324' title='bbox 1676 4422 2050 4489; x_wconf 88' lang='lat' dir='ltr'><strong>crediderunt,</strong></span> 
     </span>
    </p>
   </div>
   <div class='ocr_carea' id='block_1_48' title="bbox 470 4502 1619 4578">
    <p class='ocr_par' dir='ltr' id='par_1_48' title="bbox 470 4502 1619 4578">
     <span class='ocr_line' id='line_1_48' title="bbox 470 4502 1619 4578; baseline 0.007 -22"><span class='ocrx_word' id='word_1_325' title='bbox 470 4502 568 4558; x_wconf 90' lang='lat' dir='ltr'><strong>sed</strong></span> <span class='ocrx_word' id='word_1_326' title='bbox 597 4514 649 4556; x_wconf 90' lang='lat' dir='ltr'><strong>et</strong></span> <span class='ocrx_word' id='word_1_327' title='bbox 680 4504 1072 4560; x_wconf 75' lang='lat' dir='ltr'><strong>oliendiculum</strong></span> <span class='ocrx_word' id='word_1_328' title='bbox 1106 4522 1172 4560; x_wconf 84' lang='lat' dir='ltr'><strong>ex</strong></span> <span class='ocrx_word' id='word_1_329' title='bbox 1197 4523 1263 4562; x_wconf 90' lang='lat' dir='ltr'><strong>eo</strong></span> <span class='ocrx_word' id='word_1_330' title='bbox 1291 4510 1438 4578; x_wconf 85' lang='lat' dir='ltr'><strong>passi</strong></span> <span class='ocrx_word' id='word_1_331' title='bbox 1466 4504 1619 4565; x_wconf 59' lang='lat' dir='ltr'><strong>sunt:</strong></span> 
     </span>
    </p>
   </div>
   <div class='ocr_carea' id='block_1_49' title="bbox 540 4594 2058 4680">
    <p class='ocr_par' dir='ltr' id='par_1_49' title="bbox 540 4594 2058 4680">
     <span class='ocr_line' id='line_1_49' title="bbox 540 4594 2058 4680; baseline 0.011 -32"><span class='ocrx_word' id='word_1_332' title='bbox 540 4594 699 4649; x_wconf 74' lang='lat' dir='ltr'><strong>Vers.</strong></span> <span class='ocrx_word' id='word_1_333' title='bbox 749 4597 835 4650; x_wconf 80' lang='grc'>16.</span> <span class='ocrx_word' id='word_1_334' title='bbox 884 4597 1036 4652; x_wconf 73' lang='lat' dir='ltr'><strong>Dixit</strong></span> <span class='ocrx_word' id='word_1_335' title='bbox 1072 4628 1142 4640; x_wconf 95' lang='lat'><strong>—</strong></span> <span class='ocrx_word' id='word_1_336' title='bbox 1173 4603 1293 4654; x_wconf 85' lang='lat' dir='ltr'><strong>huc.</strong></span> <span class='ocrx_word' id='word_1_337' title='bbox 1331 4600 1466 4656; x_wconf 88' lang='lat' dir='ltr'><strong>Cum</strong></span> <span class='ocrx_word' id='word_1_338' title='bbox 1503 4603 1736 4659; x_wconf 89' lang='lat' dir='ltr'><strong>instaret</strong></span> <span class='ocrx_word' id='word_1_339' title='bbox 1772 4614 1828 4660; x_wconf 89' lang='lat' dir='ltr'><strong>et</strong></span> <span class='ocrx_word' id='word_1_340' title='bbox 1861 4623 2058 4680; x_wconf 84' lang='lat' dir='ltr'><strong>appre-</strong></span> 
     </span>
    </p>
   </div>
   <div class='ocr_carea' id='block_1_50' title="bbox 472 4688 2060 4760">
    <p class='ocr_par' dir='ltr' id='par_1_50' title="bbox 472 4688 2060 4760">
     <span class='ocr_line' id='line_1_50' title="bbox 472 4688 2060 4760; baseline 0.012 -20"><span class='ocrx_word' id='word_1_341' title='bbox 472 4688 708 4743; x_wconf 84' lang='lat' dir='ltr'><strong>hendere</strong></span> <span class='ocrx_word' id='word_1_342' title='bbox 769 4691 948 4758; x_wconf 79' lang='lat' dir='ltr'><strong>vellet,</strong></span> <span class='ocrx_word' id='word_1_343' title='bbox 1000 4694 1075 4747; x_wconf 89' lang='lat' dir='ltr'><strong>ait</strong></span> <span class='ocrx_word' id='word_1_344' title='bbox 1105 4709 1118 4745; x_wconf 94' lang='lat'>:</span> <span class='ocrx_word' id='word_1_345' title='bbox 1157 4695 1278 4760; x_wconf 76' lang='lat' dir='ltr'><strong>Abi,</strong></span> <span class='ocrx_word' id='word_1_346' title='bbox 1332 4711 1458 4748; x_wconf 84' lang='lat' dir='ltr'><strong>voca</strong></span> <span class='ocrx_word' id='word_1_347' title='bbox 1486 4697 1666 4750; x_wconf 51' lang='lat' dir='ltr'><strong>cirum.</strong></span> <span class='ocrx_word' id='word_1_348' title='bbox 1690 4708 1837 4754; x_wconf 84' lang='lat' dir='ltr'><strong>tuum</strong></span> <span class='ocrx_word' id='word_1_349' title='bbox 1866 4713 1914 4756; x_wconf 87' lang='lat' dir='ltr'><strong>et</strong></span> <span class='ocrx_word' id='word_1_350' title='bbox 1942 4706 2060 4759; x_wconf 78' lang='lat' dir='ltr'><strong>veni</strong></span> 
     </span>
    </p>
   </div>
   <div class='ocr_carea' id='block_1_51' title="bbox 470 4778 2058 4851">
    <p class='ocr_par' dir='ltr' id='par_1_51' title="bbox 470 4778 2058 4851">
     <span class='ocr_line' id='line_1_51' title="bbox 470 4778 2058 4851; baseline 0.014 -22"><span class='ocrx_word' id='word_1_351' title='bbox 470 4778 590 4840; x_wconf 83' lang='lat' dir='ltr'><strong>huc,</strong></span> <span class='ocrx_word' id='word_1_352' title='bbox 624 4779 908 4849; x_wconf 85' lang='lat' dir='ltr'><strong>simulans,</strong></span> <span class='ocrx_word' id='word_1_353' title='bbox 941 4785 1087 4851; x_wconf 90' lang='lat' dir='ltr'><strong>quod</strong></span> <span class='ocrx_word' id='word_1_354' title='bbox 1110 4786 1274 4839; x_wconf 86' lang='lat' dir='ltr'><strong>etiam</strong></span> <span class='ocrx_word' id='word_1_355' title='bbox 1313 4787 1465 4841; x_wconf 90' lang='lat' dir='ltr'><strong>illum</strong></span> <span class='ocrx_word' id='word_1_356' title='bbox 1499 4805 1626 4842; x_wconf 88' lang='lat' dir='ltr'><strong>cum</strong></span> <span class='ocrx_word' id='word_1_357' title='bbox 1653 4806 1716 4845; x_wconf 89' lang='lat' dir='ltr'><strong>ea</strong></span> <span class='ocrx_word' id='word_1_358' title='bbox 1744 4798 2058 4851; x_wconf 85' lang='lat' dir='ltr'><strong>communi-</strong></span> 
     </span>
    </p>
   </div>
   <div class='ocr_carea' id='block_1_52' title="bbox 470 4877 2055 4948">
    <p class='ocr_par' dir='ltr' id='par_1_52' title="bbox 470 4877 2055 4948">
     <span class='ocr_line' id='line_1_52' title="bbox 470 4877 2055 4948; baseline 0.015 -26"><span class='ocrx_word' id='word_1_359' title='bbox 470 4884 598 4925; x_wconf 89' lang='lat' dir='ltr'><strong>care</strong></span> <span class='ocrx_word' id='word_1_360' title='bbox 648 4883 927 4940; x_wconf 74' lang='lat' dir='ltr'><strong>oporteret</strong></span> <span class='ocrx_word' id='word_1_361' title='bbox 952 4878 1004 4928; x_wconf 90' lang='lat' dir='ltr'><strong>in</strong></span> <span class='ocrx_word' id='word_1_362' title='bbox 1035 4877 1202 4931; x_wconf 90' lang='lat' dir='ltr'><strong>dono.</strong></span> <span class='ocrx_word' id='word_1_363' title='bbox 1250 4880 1417 4948; x_wconf 78' lang='lat' dir='ltr'><strong>Atqui</strong></span> <span class='ocrx_word' id='word_1_364' title='bbox 1461 4895 1694 4937; x_wconf 83' lang='lat' dir='ltr'><strong>noverat</strong></span> <span class='ocrx_word' id='word_1_365' title='bbox 1719 4899 1840 4940; x_wconf 89' lang='lat' dir='ltr'><strong>eam</strong></span> <span class='ocrx_word' id='word_1_366' title='bbox 1878 4889 2055 4945; x_wconf 82' lang='lat' dir='ltr'><strong>virum</strong></span> 
     </span>
    </p>
   </div>
   <div class='ocr_carea' id='block_1_53' title="bbox 473 4962 2058 5045">
    <p class='ocr_par' dir='ltr' id='par_1_53' title="bbox 473 4962 2058 5045">
     <span class='ocr_line' id='line_1_53' title="bbox 473 4962 2058 5045; baseline 0.016 -32"><span class='ocrx_word' id='word_1_367' title='bbox 473 4962 772 5032; x_wconf 81' lang='lat' dir='ltr'><strong>legitimum</strong></span> <span class='ocrx_word' id='word_1_368' title='bbox 797 4981 904 5019; x_wconf 86' lang='lat' dir='ltr'><strong>non</strong></span> <span class='ocrx_word' id='word_1_369' title='bbox 925 4967 1146 5034; x_wconf 82' lang='lat' dir='ltr'><strong>habere,</strong></span> <span class='ocrx_word' id='word_1_370' title='bbox 1170 4980 1357 5039; x_wconf 90' lang='lat' dir='ltr'><strong>utpote</strong></span> <span class='ocrx_word' id='word_1_371' title='bbox 1377 4974 1558 5026; x_wconf 90' lang='lat' dir='ltr'><strong>omnia</strong></span> <span class='ocrx_word' id='word_1_372' title='bbox 1579 4975 1758 5030; x_wconf 88' lang='lat' dir='ltr'><strong>sciens</strong></span> <span class='ocrx_word' id='word_1_373' title='bbox 1774 4979 1862 5045; x_wconf 52' lang='lat' dir='ltr'><strong>;.id</strong></span> <span class='ocrx_word' id='word_1_374' title='bbox 1880 4991 2058 5038; x_wconf 81' lang='lat' dir='ltr'><strong>tamen</strong></span> 
     </span>
    </p>
   </div>
   <div class='ocr_carea' id='block_1_54' title="bbox 473 5057 2059 5141">
    <p class='ocr_par' dir='ltr' id='par_1_54' title="bbox 473 5057 2059 5141">
     <span class='ocr_line' id='line_1_54' title="bbox 473 5057 2059 5141; baseline 0.016 -37"><span class='ocrx_word' id='word_1_375' title='bbox 473 5057 684 5111; x_wconf 81' lang='lat' dir='ltr'><strong>volebat</strong></span> <span class='ocrx_word' id='word_1_376' title='bbox 744 5059 917 5128; x_wconf 81' lang='lat' dir='ltr'><strong>ipsam</strong></span> <span class='ocrx_word' id='word_1_377' title='bbox 961 5061 1168 5124; x_wconf 90' lang='lat' dir='ltr'><strong>dicere,</strong></span> <span class='ocrx_word' id='word_1_378' title='bbox 1227 5073 1283 5118; x_wconf 88' lang='lat' dir='ltr'><strong>ut</strong></span> <span class='ocrx_word' id='word_1_379' title='bbox 1336 5067 1682 5135; x_wconf 87' lang='lat' dir='ltr'><strong>apprehensa</strong></span> <span class='ocrx_word' id='word_1_380' title='bbox 1741 5073 2059 5141; x_wconf 86' lang='lat' dir='ltr'><strong>occasione,</strong></span> 
     </span>
    </p>
   </div>
   <div class='ocr_carea' id='block_1_55' title="bbox 470 5149 2056 5238">
    <p class='ocr_par' dir='ltr' id='par_1_55' title="bbox 470 5149 2056 5238">
     <span class='ocr_line' id='line_1_55' title="bbox 470 5149 2056 5238; baseline 0.016 -41"><span class='ocrx_word' id='word_1_381' title='bbox 470 5161 592 5216; x_wconf 73' lang='lat' dir='ltr'><strong>qua:</strong></span> <span class='ocrx_word' id='word_1_382' title='bbox 625 5149 766 5205; x_wconf 87' lang='lat' dir='ltr'><strong>circa</strong></span> <span class='ocrx_word' id='word_1_383' title='bbox 802 5168 922 5206; x_wconf 92' lang='lat' dir='ltr'><strong>eam</strong></span> <span class='ocrx_word' id='word_1_384' title='bbox 969 5154 1304 5224; x_wconf 87' lang='lat' dir='ltr'><strong>acciderant,</strong></span> <span class='ocrx_word' id='word_1_385' title='bbox 1349 5160 1729 5228; x_wconf 87' lang='lat' dir='ltr'><strong>prophetaret,</strong></span> <span class='ocrx_word' id='word_1_386' title='bbox 1769 5164 2056 5238; x_wconf 88' lang='lat' dir='ltr'><strong>ipsamque</strong></span> 
     </span>
    </p>
   </div>
   <div class='ocr_carea' id='block_1_56' title="bbox 582 5311 1060 5380">
    <p class='ocr_par' dir='ltr' id='par_1_56' title="bbox 582 5311 1060 5380">
     <span class='ocr_line' id='line_1_56' title="bbox 582 5311 1060 5380; baseline 0.01 -15"><span class='ocrx_word' id='word_1_387' title='bbox 582 5313 624 5343; x_wconf 84' lang='lat'>“</span> <span class='ocrx_word' id='word_1_388' title='bbox 665 5311 823 5367; x_wconf 83' lang='lat' dir='ltr'><strong>Joan.</strong></span> <span class='ocrx_word' id='word_1_389' title='bbox 863 5332 939 5380; x_wconf 85' lang='lat' dir='ltr'><strong>vi,</strong></span> <span class='ocrx_word' id='word_1_390' title='bbox 971 5316 1060 5370; x_wconf 72' lang='lat'><strong>&#39;55.</strong></span> 
     </span>
    </p>
   </div>
   <div class='ocr_carea' id='block_1_57' title="bbox 2085 4499 2134 4557">
    <p class='ocr_par' dir='ltr' id='par_1_57' title="bbox 2085 4499 2134 4557">
     <span class='ocr_line' id='line_1_57' title="bbox 2085 4499 2134 4557; baseline 0 0"><span class='ocrx_word' id='word_1_391' title='bbox 2085 4499 2134 4557; x_wconf 92' lang='lat' dir='ltr'><strong>D</strong></span> 
     </span>
    </p>
   </div>
   <div class='ocr_carea' id='block_1_58' title="bbox 2161 573 3746 650">
    <p class='ocr_par' dir='ltr' id='par_1_58' title="bbox 2161 573 3746 650">
     <span class='ocr_line' id='line_1_58' title="bbox 2161 573 3746 650; baseline 0.001 -22"><span class='ocrx_word' id='word_1_392' title='bbox 2161 577 2497 647; x_wconf 74' lang='grc' dir='ltr'>περιϐόητον</span> <span class='ocrx_word' id='word_1_393' title='bbox 2522 618 2537 643; x_wconf 90' lang='grc'><em>,</em></span> <span class='ocrx_word' id='word_1_394' title='bbox 2569 577 2653 629; x_wconf 81' lang='grc' dir='ltr'>ἵνα</span> <span class='ocrx_word' id='word_1_395' title='bbox 2701 579 2794 630; x_wconf 78' lang='grc' dir='ltr'><strong>καὶ</strong></span> <span class='ocrx_word' id='word_1_396' title='bbox 2820 577 2954 650; x_wconf 79' lang='grc' dir='ltr'>δύνῃ</span> <span class='ocrx_word' id='word_1_397' title='bbox 2981 576 3167 630; x_wconf 81' lang='grc' dir='ltr'>δοῦναι</span> <span class='ocrx_word' id='word_1_398' title='bbox 3200 580 3448 649; x_wconf 84' lang='grc' dir='ltr'>κρεῖττον</span> <span class='ocrx_word' id='word_1_399' title='bbox 3475 573 3618 645; x_wconf 81' lang='grc' dir='ltr'>ὕδωρ</span> <span class='ocrx_word' id='word_1_400' title='bbox 3639 593 3653 640; x_wconf 89' lang='lat'><strong>;</strong></span> <span class='ocrx_word' id='word_1_401' title='bbox 3676 576 3746 629; x_wconf 81' lang='grc' dir='ltr'>Τδ</span> 
     </span>
    </p>
   </div>
   <div class='ocr_carea' id='block_1_59' title="bbox 2157 667 3742 735">
    <p class='ocr_par' dir='ltr' id='par_1_59' title="bbox 2157 667 3742 735">
     <span class='ocr_line' id='line_1_59' title="bbox 2157 667 3742 735; baseline 0.001 -15"><span class='ocrx_word' id='word_1_402' title='bbox 2157 669 2214 720; x_wconf 79' lang='grc' dir='ltr'>δὲ</span> <span class='ocrx_word' id='word_1_403' title='bbox 2238 709 2252 733; x_wconf 88' lang='grc'><strong><em>,</em></strong></span> <span class='ocrx_word' id='word_1_404' title='bbox 2282 669 2394 723; x_wconf 78' lang='grc' dir='ltr'><strong>Καὶ</strong></span> <span class='ocrx_word' id='word_1_405' title='bbox 2424 670 2608 735; x_wconf 81' lang='grc' dir='ltr'>αὐτὸς</span> <span class='ocrx_word' id='word_1_406' title='bbox 2642 668 2709 732; x_wconf 79' lang='grc' dir='ltr'><strong>ἐξ</strong></span> <span class='ocrx_word' id='word_1_407' title='bbox 2738 669 2926 723; x_wconf 80' lang='grc' dir='ltr'>αὑτοῦ</span> <span class='ocrx_word' id='word_1_408' title='bbox 2957 669 3094 723; x_wconf 72' lang='grc' dir='ltr'>ἔπιε</span> <span class='ocrx_word' id='word_1_409' title='bbox 3116 711 3131 733; x_wconf 86' lang='grc'><em>,</em></span> <span class='ocrx_word' id='word_1_410' title='bbox 3157 670 3254 722; x_wconf 74' lang='grc' dir='ltr'><strong>καὶ</strong></span> <span class='ocrx_word' id='word_1_411' title='bbox 3291 671 3344 722; x_wconf 81' lang='grc' dir='ltr'>οὶ</span> <span class='ocrx_word' id='word_1_412' title='bbox 3375 667 3486 722; x_wconf 83' lang='lat' dir='ltr'><strong>vlol</strong></span> <span class='ocrx_word' id='word_1_413' title='bbox 3516 667 3702 722; x_wconf 81' lang='grc' dir='ltr'>αὐτοῦ</span> <span class='ocrx_word' id='word_1_414' title='bbox 3728 704 3742 730; x_wconf 86' lang='grc'><strong><em>,</em></strong></span> 
     </span>
    </p>
   </div>
   <div class='ocr_carea' id='block_1_60' title="bbox 2161 759 3743 831">
    <p class='ocr_par' dir='ltr' id='par_1_60' title="bbox 2161 759 3743 831">
     <span class='ocr_line' id='line_1_60' title="bbox 2161 759 3743 831; baseline -0.002 -17"><span class='ocrx_word' id='word_1_415' title='bbox 2161 760 2262 814; x_wconf 81' lang='grc' dir='ltr'>καὶ</span> <span class='ocrx_word' id='word_1_416' title='bbox 2288 760 2361 813; x_wconf 84' lang='grc' dir='ltr'>τὰ</span> <span class='ocrx_word' id='word_1_417' title='bbox 2388 760 2688 830; x_wconf 78' lang='grc' dir='ltr'><strong>θρέμματα</strong></span> <span class='ocrx_word' id='word_1_418' title='bbox 2710 759 2918 824; x_wconf 75' lang='grc' dir='ltr'>αὑτοῦ,</span> <span class='ocrx_word' id='word_1_419' title='bbox 2955 760 3089 831; x_wconf 76' lang='grc' dir='ltr'>πρὸς</span> <span class='ocrx_word' id='word_1_420' title='bbox 3125 759 3345 816; x_wconf 80' lang='grc' dir='ltr'>ἔπαινον</span> <span class='ocrx_word' id='word_1_421' title='bbox 3369 760 3461 814; x_wconf 81' lang='grc' dir='ltr'>τοῦ</span> <span class='ocrx_word' id='word_1_422' title='bbox 3500 759 3743 812; x_wconf 79' lang='grc' dir='ltr'>τοιούτου</span> 
     </span>
    </p>
   </div>
   <div class='ocr_carea' id='block_1_61' title="bbox 2160 847 3745 923">
    <p class='ocr_par' dir='ltr' id='par_1_61' title="bbox 2160 847 3745 923">
     <span class='ocr_line' id='line_1_61' title="bbox 2160 847 3745 923; baseline 0 -19"><span class='ocrx_word' id='word_1_423' title='bbox 2160 854 2400 923; x_wconf 81' lang='grc' dir='ltr'><strong>φρέατος</strong></span> <span class='ocrx_word' id='word_1_424' title='bbox 2433 853 2656 922; x_wconf 71' lang='grc' dir='ltr'>εἴρηται</span> <span class='ocrx_word' id='word_1_425' title='bbox 2680 892 2695 919; x_wconf 84' lang='grc'>,</span> <span class='ocrx_word' id='word_1_426' title='bbox 2719 851 2801 903; x_wconf 83' lang='grc' dir='ltr'>ὅτι</span> <span class='ocrx_word' id='word_1_427' title='bbox 2831 851 2925 904; x_wconf 83' lang='grc' dir='ltr'><strong>ὲάν</strong></span> <span class='ocrx_word' id='word_1_428' title='bbox 2954 847 3100 921; x_wconf 78' lang='grc' dir='ltr'>εἶχεν</span> <span class='ocrx_word' id='word_1_429' title='bbox 3126 852 3311 922; x_wconf 76' lang='grc' dir='ltr'>ἕτερον</span> <span class='ocrx_word' id='word_1_430' title='bbox 3341 855 3584 922; x_wconf 83' lang='grc' dir='ltr'>κρεῖττον</span> <span class='ocrx_word' id='word_1_431' title='bbox 3604 894 3618 915; x_wconf 89' lang='grc'><em>,</em></span> <span class='ocrx_word' id='word_1_432' title='bbox 3649 852 3745 904; x_wconf 84' lang='grc' dir='ltr'><strong>οὑκ</strong></span> 
     </span>
    </p>
   </div>
   <div class='ocr_carea' id='block_1_62' title="bbox 2160 941 3743 1007">
    <p class='ocr_par' dir='ltr' id='par_1_62' title="bbox 2160 941 3743 1007">
     <span class='ocr_line' id='line_1_62' title="bbox 2160 941 3743 1007; baseline -0.001 -11"><span class='ocrx_word' id='word_1_433' title='bbox 2160 941 2228 996; x_wconf 80' lang='grc' dir='ltr'>ἂν</span> <span class='ocrx_word' id='word_1_434' title='bbox 2254 945 2316 994; x_wconf 80' lang='grc' dir='ltr'><strong>ὲκ</strong></span> <span class='ocrx_word' id='word_1_435' title='bbox 2346 942 2542 995; x_wconf 80' lang='grc' dir='ltr'>τούτου</span> <span class='ocrx_word' id='word_1_436' title='bbox 2578 941 2697 994; x_wconf 83' lang='grc' dir='ltr'>ἔπιε</span> <span class='ocrx_word' id='word_1_437' title='bbox 2731 945 2976 996; x_wconf 79' lang='grc' dir='ltr'>πανοικὶ.</span> <span class='ocrx_word' id='word_1_438' title='bbox 3000 941 3201 995; x_wconf 80' lang='grc' dir='ltr'>Λοιπὸν</span> <span class='ocrx_word' id='word_1_439' title='bbox 3236 941 3350 1007; x_wconf 84' lang='grc' dir='ltr'>οὖν,</span> <span class='ocrx_word' id='word_1_440' title='bbox 3390 947 3437 996; x_wconf 81' lang='grc' dir='ltr'>εἰ</span> <span class='ocrx_word' id='word_1_441' title='bbox 3468 943 3534 1000; x_wconf 81' lang='grc' dir='ltr'><strong>σὺ</strong></span> <span class='ocrx_word' id='word_1_442' title='bbox 3561 944 3743 997; x_wconf 88' lang='grc' dir='ltr'>δύναιο</span> 
     </span>
    </p>
   </div>
   <div class='ocr_carea' id='block_1_63' title="bbox 2159 1029 3360 1105">
    <p class='ocr_par' dir='ltr' id='par_1_63' title="bbox 2159 1029 3360 1105">
     <span class='ocr_line' id='line_1_63' title="bbox 2159 1029 3360 1105; baseline 0.002 -17"><span class='ocrx_word' id='word_1_443' title='bbox 2159 1033 2348 1088; x_wconf 82' lang='grc' dir='ltr'>δοῦναι</span> <span class='ocrx_word' id='word_1_444' title='bbox 2379 1037 2651 1102; x_wconf 82' lang='grc' dir='ltr'>κρεῖττον,</span> <span class='ocrx_word' id='word_1_445' title='bbox 2687 1036 2892 1105; x_wconf 80' lang='grc' dir='ltr'>μείζων</span> <span class='ocrx_word' id='word_1_446' title='bbox 2920 1029 2974 1087; x_wconf 84' lang='grc' dir='ltr'>εἷ</span> <span class='ocrx_word' id='word_1_447' title='bbox 2997 1034 3090 1088; x_wconf 77' lang='grc' dir='ltr'><strong>τοῦ</strong></span> <span class='ocrx_word' id='word_1_448' title='bbox 3142 1034 3360 1090; x_wconf 75' lang='grc' dir='ltr'>Ἰακώϐ.</span> 
     </span>
    </p>
   </div>
   <div class='ocr_carea' id='block_1_64' title="bbox 2243 1122 3747 1196">
    <p class='ocr_par' dir='ltr' id='par_1_64' title="bbox 2243 1122 3747 1196">
     <span class='ocr_line' id='line_1_64' title="bbox 2243 1122 3747 1196; baseline 0.003 -22"><span class='ocrx_word' id='word_1_449' title='bbox 2243 1122 2309 1174; x_wconf 86' lang='grc' dir='ltr'><strong><em>Ἦ</em></strong></span> <span class='ocrx_word' id='word_1_450' title='bbox 2343 1123 2443 1192; x_wconf 82' lang='grc' dir='ltr'>μὲν</span> <span class='ocrx_word' id='word_1_451' title='bbox 2472 1122 2565 1176; x_wconf 69' lang='grc' dir='ltr'><strong>οὖν</strong></span> <span class='ocrx_word' id='word_1_452' title='bbox 2592 1125 2924 1193; x_wconf 77' lang='grc' dir='ltr'>Σαμαρεῖτις</span> <span class='ocrx_word' id='word_1_453' title='bbox 2949 1123 3088 1194; x_wconf 80' lang='grc' dir='ltr'>αὕτη</span> <span class='ocrx_word' id='word_1_454' title='bbox 3118 1125 3410 1194; x_wconf 83' lang='grc' dir='ltr'><strong>προσηνῶς</strong></span> <span class='ocrx_word' id='word_1_455' title='bbox 3445 1125 3592 1196; x_wconf 87' lang='grc' dir='ltr'>αὑτῷ</span> <span class='ocrx_word' id='word_1_456' title='bbox 3621 1125 3747 1196; x_wconf 75' lang='grc' dir='ltr'>περὶ</span> 
     </span>
    </p>
   </div>
   <div class='ocr_carea' id='block_1_65' title="bbox 2160 1213 3745 1287">
    <p class='ocr_par' dir='ltr' id='par_1_65' title="bbox 2160 1213 3745 1287">
     <span class='ocr_line' id='line_1_65' title="bbox 2160 1213 3745 1287; baseline 0.003 -21"><span class='ocrx_word' id='word_1_457' title='bbox 2160 1213 2260 1267; x_wconf 83' lang='grc' dir='ltr'>τοῦ</span> <span class='ocrx_word' id='word_1_458' title='bbox 2323 1214 2521 1269; x_wconf 83' lang='grc' dir='ltr'>Ἰακὼὸ</span> <span class='ocrx_word' id='word_1_459' title='bbox 2568 1216 2908 1285; x_wconf 79' lang='grc' dir='ltr'><strong>διαλέγεται,</strong></span> <span class='ocrx_word' id='word_1_460' title='bbox 2961 1217 3055 1270; x_wconf 82' lang='grc' dir='ltr'><strong>καὶ</strong></span> <span class='ocrx_word' id='word_1_461' title='bbox 3105 1217 3449 1287; x_wconf 73' lang='grc' dir='ltr'>παραμένει,</span> <span class='ocrx_word' id='word_1_462' title='bbox 3505 1217 3745 1272; x_wconf 79' lang='grc' dir='ltr'><strong>ποθοῦσα</strong></span> 
     </span>
    </p>
   </div>
   <div class='ocr_carea' id='block_1_66' title="bbox 2161 1308 3746 1380">
    <p class='ocr_par' dir='ltr' id='par_1_66' title="bbox 2161 1308 3746 1380">
     <span class='ocr_line' id='line_1_66' title="bbox 2161 1308 3746 1380; baseline 0.003 -20"><span class='ocrx_word' id='word_1_463' title='bbox 2161 1308 2342 1378; x_wconf 75' lang='grc' dir='ltr'>εὑρεῖν</span> <span class='ocrx_word' id='word_1_464' title='bbox 2369 1309 2430 1362; x_wconf 85' lang='grc' dir='ltr'><strong>τὸ</strong></span> <span class='ocrx_word' id='word_1_465' title='bbox 2461 1308 2794 1380; x_wconf 64' lang='grc' dir='ltr'>ζητούμενον</span> <span class='ocrx_word' id='word_1_466' title='bbox 2818 1327 2832 1342; x_wconf 80' lang='grc' dir='ltr'><strong>ο</strong></span> <span class='ocrx_word' id='word_1_467' title='bbox 2874 1312 2923 1363; x_wconf 80' lang='lat' dir='ltr'><strong>ol</strong></span> <span class='ocrx_word' id='word_1_468' title='bbox 2959 1310 3022 1363; x_wconf 78' lang='grc' dir='ltr'><strong>δὲ</strong></span> <span class='ocrx_word' id='word_1_469' title='bbox 3067 1309 3314 1362; x_wconf 76' lang='grc' dir='ltr'>Ἰουδαῖοι</span> <span class='ocrx_word' id='word_1_470' title='bbox 3365 1312 3456 1364; x_wconf 77' lang='grc' dir='ltr'>καὶ</span> <span class='ocrx_word' id='word_1_471' title='bbox 3507 1310 3746 1376; x_wconf 74' lang='grc' dir='ltr'><strong>λιθάζειν</strong></span> 
     </span>
    </p>
   </div>
   <div class='ocr_carea' id='block_1_67' title="bbox 2161 1398 3745 1471">
    <p class='ocr_par' dir='ltr' id='par_1_67' title="bbox 2161 1398 3745 1471">
     <span class='ocr_line' id='line_1_67' title="bbox 2161 1398 3745 1471; baseline -0.001 -19"><span class='ocrx_word' id='word_1_472' title='bbox 2161 1398 2329 1454; x_wconf 73' lang='grc' dir='ltr'>αὑτὸν</span> <span class='ocrx_word' id='word_1_473' title='bbox 2367 1400 2769 1471; x_wconf 74' lang='grc' dir='ltr'>ἐπεχείρησαν,</span> <span class='ocrx_word' id='word_1_474' title='bbox 2803 1400 2892 1460; x_wconf 82' lang='grc' dir='ltr'><strong>ὅτε</strong></span> <span class='ocrx_word' id='word_1_475' title='bbox 2919 1398 3027 1453; x_wconf 69' lang='grc' dir='ltr'>τοιΐ</span> <span class='ocrx_word' id='word_1_476' title='bbox 3056 1399 3313 1470; x_wconf 72' lang='grc' dir='ltr'>’Δδραάμ</span> <span class='ocrx_word' id='word_1_477' title='bbox 3345 1401 3745 1469; x_wconf 69' lang='grc' dir='ltr'>ἱμνημόνευσε.</span> 
     </span>
    </p>
   </div>
   <div class='ocr_carea' id='block_1_68' title="bbox 2163 1486 3749 1563">
    <p class='ocr_par' dir='ltr' id='par_1_68' title="bbox 2163 1486 3749 1563">
     <span class='ocr_line' id='line_1_68' title="bbox 2163 1486 3749 1563; baseline 0.001 -19"><span class='ocrx_word' id='word_1_478' title='bbox 2163 1491 2287 1554; x_wconf 85' lang='grc' dir='ltr'><strong>Πῶς</strong></span> <span class='ocrx_word' id='word_1_479' title='bbox 2329 1486 2424 1544; x_wconf 80' lang='grc' dir='ltr'><strong>οὖν</strong></span> <span class='ocrx_word' id='word_1_480' title='bbox 2456 1492 2602 1555; x_wconf 70' lang='grc' dir='ltr'>εἰκὸς</span> <span class='ocrx_word' id='word_1_481' title='bbox 2631 1488 2700 1563; x_wconf 81' lang='grc' dir='ltr'>ἦν</span> <span class='ocrx_word' id='word_1_482' title='bbox 2747 1491 3177 1563; x_wconf 77' lang='grc' dir='ltr'><strong>ἀποστραφῆναι</strong></span> <span class='ocrx_word' id='word_1_483' title='bbox 3220 1491 3482 1562; x_wconf 80' lang='grc' dir='ltr'><strong>τοιαύτην</strong></span> <span class='ocrx_word' id='word_1_484' title='bbox 3514 1496 3749 1560; x_wconf 75' lang='grc' dir='ltr'>γυναῖκα</span> 
     </span>
    </p>
   </div>
   <div class='ocr_carea' id='block_1_69' title="bbox 2157 1585 3748 1658">
    <p class='ocr_par' dir='ltr' id='par_1_69' title="bbox 2157 1585 3748 1658">
     <span class='ocr_line' id='line_1_69' title="bbox 2157 1585 3748 1658; baseline 0 -21"><span class='ocrx_word' id='word_1_485' title='bbox 2157 1586 2465 1648; x_wconf 73' lang='grc' dir='ltr'>,σπουδαίαν</span> <span class='ocrx_word' id='word_1_486' title='bbox 2532 1587 2628 1641; x_wconf 75' lang='grc' dir='ltr'>καὶ</span> <span class='ocrx_word' id='word_1_487' title='bbox 2702 1585 2980 1658; x_wconf 76' lang='grc' dir='ltr'><strong>φιλομαθῆ</strong></span> <span class='ocrx_word' id='word_1_488' title='bbox 3047 1585 3142 1640; x_wconf 77' lang='grc' dir='ltr'><strong>καὶ</strong></span> <span class='ocrx_word' id='word_1_489' title='bbox 3206 1585 3539 1657; x_wconf 64' lang='grc' dir='ltr'>γλιχομένην</span> <span class='ocrx_word' id='word_1_490' title='bbox 3601 1586 3748 1656; x_wconf 82' lang='grc' dir='ltr'>ὡφε-</span> 
     </span>
    </p>
   </div>
   <div class='ocr_carea' id='block_1_70' title="bbox 2160 1676 2418 1748">
    <p class='ocr_par' dir='ltr' id='par_1_70' title="bbox 2160 1676 2418 1748">
     <span class='ocr_line' id='line_1_70' title="bbox 2160 1676 2418 1748; baseline 0.016 -20"><span class='ocrx_word' id='word_1_491' title='bbox 2160 1676 2418 1748; x_wconf 81' lang='grc' dir='ltr'>ληθῆναι.</span> 
     </span>
    </p>
   </div>
   <div class='ocr_carea' id='block_1_71' title="bbox 2249 1770 3361 1842">
    <p class='ocr_par' dir='ltr' id='par_1_71' title="bbox 2249 1770 3361 1842">
     <span class='ocr_line' id='line_1_71' title="bbox 2249 1770 3361 1842; baseline 0.004 -21"><span class='ocrx_word' id='word_1_492' title='bbox 2249 1770 2564 1840; x_wconf 80' lang='grc' dir='ltr'><strong>Ἀπεκρίθη</strong></span> <span class='ocrx_word' id='word_1_493' title='bbox 2598 1801 2670 1812; x_wconf 96' lang='lat'>—</span> <span class='ocrx_word' id='word_1_494' title='bbox 2695 1771 2903 1826; x_wconf 69' lang='grc' dir='ltr'>πάλιν.</span> <span class='ocrx_word' id='word_1_495' title='bbox 2939 1771 3112 1842; x_wconf 81' lang='grc' dir='ltr'>Δίψαν</span> <span class='ocrx_word' id='word_1_496' title='bbox 3145 1771 3361 1835; x_wconf 79' lang='grc' dir='ltr'>ὕδατος.</span> 
     </span>
    </p>
   </div>
   <div class='ocr_carea' id='block_1_72' title="bbox 2237 1861 3749 1937">
    <p class='ocr_par' dir='ltr' id='par_1_72' title="bbox 2237 1861 3749 1937">
     <span class='ocr_line' id='line_1_72' title="bbox 2237 1861 3749 1937; baseline 0.005 -25"><span class='ocrx_word' id='word_1_497' title='bbox 2237 1861 2342 1925; x_wconf 87' lang='grc' dir='ltr'>Ὃς</span> <span class='ocrx_word' id='word_1_498' title='bbox 2397 1889 2468 1900; x_wconf 92' lang='grc'><strong>-</strong></span> <span class='ocrx_word' id='word_1_499' title='bbox 2525 1861 2734 1918; x_wconf 79' lang='grc' dir='ltr'>αἰῶνα.</span> <span class='ocrx_word' id='word_1_500' title='bbox 2791 1863 2865 1916; x_wconf 84' lang='grc' dir='ltr'><strong>Οὐ</strong></span> <span class='ocrx_word' id='word_1_501' title='bbox 2928 1863 3007 1936; x_wconf 80' lang='grc' dir='ltr'>μὴ</span> <span class='ocrx_word' id='word_1_502' title='bbox 3062 1864 3266 1937; x_wconf 73' lang='grc' dir='ltr'>διψήσῃ</span> <span class='ocrx_word' id='word_1_503' title='bbox 3327 1864 3478 1928; x_wconf 73' lang='grc' dir='ltr'>ποτὲ,</span> <span class='ocrx_word' id='word_1_504' title='bbox 3543 1864 3641 1937; x_wconf 75' lang='grc' dir='ltr'>τὴν</span> <span class='ocrx_word' id='word_1_505' title='bbox 3689 1865 3749 1931; x_wconf 70' lang='grc' dir='ltr'><strong>ἐξ</strong></span> 
     </span>
    </p>
   </div>
   <div class='ocr_carea' id='block_1_73' title="bbox 2161 1948 2633 2021">
    <p class='ocr_par' dir='ltr' id='par_1_73' title="bbox 2161 1948 2633 2021">
     <span class='ocr_line' id='line_1_73' title="bbox 2161 1948 2633 2021; baseline 0.008 -19"><span class='ocrx_word' id='word_1_506' title='bbox 2161 1948 2426 2013; x_wconf 76' lang='grc' dir='ltr'>ἀπιστίας</span> <span class='ocrx_word' id='word_1_507' title='bbox 2452 1951 2633 2021; x_wconf 74' lang='grc' dir='ltr'>δίψαν.</span> 
     </span>
    </p>
   </div>
   <div class='ocr_carea' id='block_1_74' title="bbox 2229 2039 3747 2118">
    <p class='ocr_par' dir='ltr' id='par_1_74' title="bbox 2229 2039 3747 2118">
     <span class='ocr_line' id='line_1_74' title="bbox 2229 2039 3747 2118; baseline 0.005 -24"><span class='ocrx_word' id='word_1_508' title='bbox 2229 2039 2422 2095; x_wconf 72' lang='grc' dir='ltr'><strong>Ἀλλὰ</strong></span> <span class='ocrx_word' id='word_1_509' title='bbox 2449 2073 2518 2082; x_wconf 90' lang='grc'><strong>-</strong></span> <span class='ocrx_word' id='word_1_510' title='bbox 2544 2043 2783 2110; x_wconf 81' lang='grc' dir='ltr'>ὕδατος.</span> <span class='ocrx_word' id='word_1_511' title='bbox 2813 2046 2913 2098; x_wconf 88' lang='grc' dir='ltr'>Διά</span> <span class='ocrx_word' id='word_1_512' title='bbox 2935 2046 3034 2117; x_wconf 84' lang='grc' dir='ltr'>τῆς</span> <span class='ocrx_word' id='word_1_513' title='bbox 3074 2047 3260 2118; x_wconf 82' lang='grc' dir='ltr'>πηγῆς</span> <span class='ocrx_word' id='word_1_514' title='bbox 3286 2048 3347 2102; x_wconf 84' lang='grc' dir='ltr'>τὸ</span> <span class='ocrx_word' id='word_1_515' title='bbox 3387 2048 3610 2103; x_wconf 80' lang='grc' dir='ltr'>ἀένναον</span> <span class='ocrx_word' id='word_1_516' title='bbox 3652 2047 3747 2103; x_wconf 83' lang='grc' dir='ltr'><strong>καὶ</strong></span> 
     </span>
    </p>
   </div>
   <div class='ocr_carea' id='block_1_75' title="bbox 2159 2135 3372 2211">
    <p class='ocr_par' dir='ltr' id='par_1_75' title="bbox 2159 2135 3372 2211">
     <span class='ocr_line' id='line_1_75' title="bbox 2159 2135 3372 2211; baseline 0.005 -23"><span class='ocrx_word' id='word_1_517' title='bbox 2159 2135 2450 2198; x_wconf 78' lang='grc' dir='ltr'>ἀνελλιπὲς</span> <span class='ocrx_word' id='word_1_518' title='bbox 2479 2135 2576 2188; x_wconf 85' lang='grc' dir='ltr'><strong>τοῦ</strong></span> <span class='ocrx_word' id='word_1_519' title='bbox 2605 2139 2851 2192; x_wconf 87' lang='grc' dir='ltr'>τοιούτου</span> <span class='ocrx_word' id='word_1_520' title='bbox 2884 2139 3071 2203; x_wconf 83' lang='grc' dir='ltr'>ὓδατος</span> <span class='ocrx_word' id='word_1_521' title='bbox 3093 2141 3372 2211; x_wconf 69' lang='grc' dir='ltr'>ἐνέφηνεν.</span> 
     </span>
    </p>
   </div>
   <div class='ocr_carea' id='block_1_76' title="bbox 2245 2226 3746 2302">
    <p class='ocr_par' dir='ltr' id='par_1_76' title="bbox 2245 2226 3746 2302">
     <span class='ocr_line' id='line_1_76' title="bbox 2245 2226 3746 2302; baseline 0.004 -25"><span class='ocrx_word' id='word_1_522' title='bbox 2245 2226 2619 2294; x_wconf 77' lang='grc' dir='ltr'>Ἀλλομένου</span> <span class='ocrx_word' id='word_1_523' title='bbox 2647 2259 2715 2268; x_wconf 87' lang='lat'><strong>—-</strong></span> <span class='ocrx_word' id='word_1_524' title='bbox 2747 2229 3012 2284; x_wconf 64' lang='grc' dir='ltr'>αἰώνιον.</span> <span class='ocrx_word' id='word_1_525' title='bbox 3052 2231 3472 2297; x_wconf 73' lang='grc' dir='ltr'>Ἀναὸλύζοντος</span> <span class='ocrx_word' id='word_1_526' title='bbox 3516 2231 3625 2302; x_wconf 78' lang='grc' dir='ltr'><strong>(δι)</strong></span> <span class='ocrx_word' id='word_1_527' title='bbox 3659 2232 3746 2285; x_wconf 72' lang='grc' dir='ltr'>διὰ</span> 
     </span>
    </p>
   </div>
   <div class='ocr_carea' id='block_1_77' title="bbox 2159 2312 3748 2391">
    <p class='ocr_par' dir='ltr' id='par_1_77' title="bbox 2159 2312 3748 2391">
     <span class='ocr_line' id='line_1_77' title="bbox 2159 2312 3748 2391; baseline 0.006 -26"><span class='ocrx_word' id='word_1_528' title='bbox 2159 2312 2310 2385; x_wconf 74' lang='grc' dir='ltr'>ζωὴν</span> <span class='ocrx_word' id='word_1_529' title='bbox 2344 2315 2600 2382; x_wconf 78' lang='grc' dir='ltr'>αἰώνιον,</span> <span class='ocrx_word' id='word_1_530' title='bbox 2637 2319 2717 2380; x_wconf 81' lang='grc' dir='ltr'><strong>εἰς</strong></span> <span class='ocrx_word' id='word_1_531' title='bbox 2748 2319 2808 2371; x_wconf 83' lang='grc' dir='ltr'><strong>τὸ</strong></span> <span class='ocrx_word' id='word_1_532' title='bbox 2843 2321 3107 2391; x_wconf 87' lang='grc' dir='ltr'>παρέχειν</span> <span class='ocrx_word' id='word_1_533' title='bbox 3139 2319 3301 2391; x_wconf 77' lang='grc' dir='ltr'>,ζωὴν</span> <span class='ocrx_word' id='word_1_534' title='bbox 3332 2321 3570 2374; x_wconf 66' lang='grc' dir='ltr'>αἰώνιον.</span> <span class='ocrx_word' id='word_1_535' title='bbox 3606 2322 3748 2391; x_wconf 82' lang='grc' dir='ltr'>Ὅρα</span> 
     </span>
    </p>
   </div>
   <div class='ocr_carea' id='block_1_78' title="bbox 2157 2407 3753 2483">
    <p class='ocr_par' dir='ltr' id='par_1_78' title="bbox 2157 2407 3753 2483">
     <span class='ocr_line' id='line_1_78' title="bbox 2157 2407 3753 2483; baseline 0.006 -26"><span class='ocrx_word' id='word_1_536' title='bbox 2157 2407 2213 2458; x_wconf 79' lang='grc' dir='ltr'>δὲ</span> <span class='ocrx_word' id='word_1_537' title='bbox 2269 2407 2383 2469; x_wconf 85' lang='grc' dir='ltr'><strong>πῶς</strong></span> <span class='ocrx_word' id='word_1_538' title='bbox 2433 2407 2720 2479; x_wconf 72' lang='grc' dir='ltr'>εἰρηκυίας</span> <span class='ocrx_word' id='word_1_539' title='bbox 2759 2411 2859 2480; x_wconf 80' lang='grc' dir='ltr'>τῆς</span> <span class='ocrx_word' id='word_1_540' title='bbox 2888 2411 3172 2479; x_wconf 81' lang='grc' dir='ltr'>γυναικὸς,</span> <span class='ocrx_word' id='word_1_541' title='bbox 3217 2413 3315 2481; x_wconf 78' lang='grc' dir='ltr'><strong>Μὴ</strong></span> <span class='ocrx_word' id='word_1_542' title='bbox 3342 2415 3424 2466; x_wconf 84' lang='grc' dir='ltr'>σὺ</span> <span class='ocrx_word' id='word_1_543' title='bbox 3449 2413 3658 2483; x_wconf 82' lang='grc' dir='ltr'>μείζων</span> <span class='ocrx_word' id='word_1_544' title='bbox 3695 2411 3753 2467; x_wconf 77' lang='grc' dir='ltr'>εἴ</span> 
     </span>
    </p>
   </div>
   <div class='ocr_carea' id='block_1_79' title="bbox 2160 2494 3745 2576">
    <p class='ocr_par' dir='ltr' id='par_1_79' title="bbox 2160 2494 3745 2576">
     <span class='ocr_line' id='line_1_79' title="bbox 2160 2494 3745 2576; baseline 0.006 -28"><span class='ocrx_word' id='word_1_545' title='bbox 2160 2494 2270 2548; x_wconf 82' lang='grc' dir='ltr'>τοῦ</span> <span class='ocrx_word' id='word_1_546' title='bbox 2312 2500 2538 2566; x_wconf 77' lang='grc' dir='ltr'>πατρὸς</span> <span class='ocrx_word' id='word_1_547' title='bbox 2587 2497 2757 2570; x_wconf 77' lang='grc' dir='ltr'><strong>ἡμῶν</strong></span> <span class='ocrx_word' id='word_1_548' title='bbox 2795 2501 3036 2567; x_wconf 79' lang='grc' dir='ltr'><strong>Ἰακὼϐ,</strong></span> <span class='ocrx_word' id='word_1_549' title='bbox 3077 2505 3180 2557; x_wconf 81' lang='grc' dir='ltr'><strong>ούκ</strong></span> <span class='ocrx_word' id='word_1_550' title='bbox 3214 2500 3337 2558; x_wconf 68' lang='grc' dir='ltr'>εἰπε</span> <span class='ocrx_word' id='word_1_551' title='bbox 3394 2506 3504 2557; x_wconf 79' lang='grc' dir='ltr'><strong>Καὶ</strong></span> <span class='ocrx_word' id='word_1_552' title='bbox 3547 2506 3745 2576; x_wconf 74' lang='grc' dir='ltr'>μείζων</span> 
     </span>
    </p>
   </div>
   <div class='ocr_carea' id='block_1_80' title="bbox 2159 2589 3743 2668">
    <p class='ocr_par' dir='ltr' id='par_1_80' title="bbox 2159 2589 3743 2668">
     <span class='ocr_line' id='line_1_80' title="bbox 2159 2589 3743 2668; baseline 0.005 -27"><span class='ocrx_word' id='word_1_553' title='bbox 2159 2589 2309 2656; x_wconf 75' lang='grc' dir='ltr'>εἰμί·</span> <span class='ocrx_word' id='word_1_554' title='bbox 2344 2590 2490 2655; x_wconf 76' lang='grc' dir='ltr'>ἔδοξε</span> <span class='ocrx_word' id='word_1_555' title='bbox 2524 2593 2633 2662; x_wconf 89' lang='grc' dir='ltr'><strong>γάρ</strong></span> <span class='ocrx_word' id='word_1_556' title='bbox 2681 2593 2747 2646; x_wconf 82' lang='grc' dir='ltr'>ἂν</span> <span class='ocrx_word' id='word_1_557' title='bbox 2779 2596 3088 2665; x_wconf 76' lang='grc' dir='ltr'>κομπάζειν</span> <span class='ocrx_word' id='word_1_558' title='bbox 3117 2612 3128 2626; x_wconf 95' lang='grc'><strong>·</strong></span> <span class='ocrx_word' id='word_1_559' title='bbox 3167 2597 3260 2667; x_wconf 80' lang='grc' dir='ltr'>ἀφ’</span> <span class='ocrx_word' id='word_1_560' title='bbox 3291 2591 3368 2650; x_wconf 82' lang='grc' dir='ltr'>ὧν</span> <span class='ocrx_word' id='word_1_561' title='bbox 3413 2598 3471 2651; x_wconf 80' lang='grc' dir='ltr'>δὲ</span> <span class='ocrx_word' id='word_1_562' title='bbox 3518 2597 3743 2668; x_wconf 73' lang='grc' dir='ltr'>εἴρηκε,</span> 
     </span>
    </p>
   </div>
   <div class='ocr_carea' id='block_1_81' title="bbox 2155 2680 3743 2762">
    <p class='ocr_par' dir='ltr' id='par_1_81' title="bbox 2155 2680 3743 2762">
     <span class='ocr_line' id='line_1_81' title="bbox 2155 2680 3743 2762; baseline 0.008 -30"><span class='ocrx_word' id='word_1_563' title='bbox 2155 2680 2317 2734; x_wconf 83' lang='grc' dir='ltr'>τοῦτο</span> <span class='ocrx_word' id='word_1_564' title='bbox 2362 2683 2791 2738; x_wconf 81' lang='grc' dir='ltr'>κατεσκεύασεν.</span> <span class='ocrx_word' id='word_1_565' title='bbox 2857 2686 2921 2741; x_wconf 82' lang='grc' dir='ltr'><strong>Ἠ</strong></span> <span class='ocrx_word' id='word_1_566' title='bbox 2960 2687 3195 2758; x_wconf 81' lang='grc' dir='ltr'>διαφορὰ</span> <span class='ocrx_word' id='word_1_567' title='bbox 3241 2689 3349 2762; x_wconf 84' lang='grc' dir='ltr'>γὰρ</span> <span class='ocrx_word' id='word_1_568' title='bbox 3390 2691 3501 2744; x_wconf 81' lang='grc' dir='ltr'><strong>τῶν</strong></span> <span class='ocrx_word' id='word_1_569' title='bbox 3539 2689 3743 2744; x_wconf 75' lang='grc' dir='ltr'>ὑδάτων</span> 
     </span>
    </p>
   </div>
   <div class='ocr_carea' id='block_1_82' title="bbox 2155 2772 3739 2850">
    <p class='ocr_par' dir='ltr' id='par_1_82' title="bbox 2155 2772 3739 2850">
     <span class='ocr_line' id='line_1_82' title="bbox 2155 2772 3739 2850; baseline 0.004 -26"><span class='ocrx_word' id='word_1_570' title='bbox 2155 2772 2256 2842; x_wconf 78' lang='grc' dir='ltr'>τὴν</span> <span class='ocrx_word' id='word_1_571' title='bbox 2320 2773 2584 2845; x_wconf 76' lang='grc' dir='ltr'>διαφορὰν</span> <span class='ocrx_word' id='word_1_572' title='bbox 2659 2773 2769 2827; x_wconf 83' lang='grc' dir='ltr'><strong>τῶν</strong></span> <span class='ocrx_word' id='word_1_573' title='bbox 2832 2779 3185 2846; x_wconf 73' lang='grc' dir='ltr'>παρεχόντων</span> <span class='ocrx_word' id='word_1_574' title='bbox 3249 2779 3388 2832; x_wconf 85' lang='grc' dir='ltr'><strong>αὑτά</strong></span> <span class='ocrx_word' id='word_1_575' title='bbox 3429 2777 3686 2850; x_wconf 81' lang='grc' dir='ltr'>κηρύττει</span> <span class='ocrx_word' id='word_1_576' title='bbox 3725 2797 3739 2811; x_wconf 90' lang='grc'><strong>·</strong></span> 
     </span>
    </p>
   </div>
   <div class='ocr_carea' id='block_1_83' title="bbox 2156 2864 3746 2941">
    <p class='ocr_par' dir='ltr' id='par_1_83' title="bbox 2156 2864 3746 2941">
     <span class='ocr_line' id='line_1_83' title="bbox 2156 2864 3746 2941; baseline 0.005 -25"><span class='ocrx_word' id='word_1_577' title='bbox 2156 2864 2352 2935; x_wconf 62' lang='grc' dir='ltr'><strong>ἐκείνῳ</strong></span> <span class='ocrx_word' id='word_1_578' title='bbox 2401 2866 2502 2936; x_wconf 84' lang='grc' dir='ltr'><strong>μὲν</strong></span> <span class='ocrx_word' id='word_1_579' title='bbox 2557 2867 2668 2938; x_wconf 80' lang='grc' dir='ltr'>γὰρ</span> <span class='ocrx_word' id='word_1_580' title='bbox 2694 2868 2771 2938; x_wconf 81' lang='grc' dir='ltr'>τῷ</span> <span class='ocrx_word' id='word_1_581' title='bbox 2794 2867 2948 2923; x_wconf 76' lang='grc' dir='ltr'>ὕδατι</span> <span class='ocrx_word' id='word_1_582' title='bbox 2981 2870 3143 2941; x_wconf 82' lang='grc' dir='ltr'>φύσις</span> <span class='ocrx_word' id='word_1_583' title='bbox 3166 2870 3508 2926; x_wconf 81' lang='grc' dir='ltr'>δαπανᾶσθαι</span> <span class='ocrx_word' id='word_1_584' title='bbox 3534 2911 3550 2939; x_wconf 83' lang='grc'><em>,</em></span> <span class='ocrx_word' id='word_1_585' title='bbox 3575 2871 3746 2936; x_wconf 76' lang='grc' dir='ltr'>τούτῳ</span> 
     </span>
    </p>
   </div>
   <div class='ocr_carea' id='block_1_84' title="bbox 2156 2957 2663 3028">
    <p class='ocr_par' dir='ltr' id='par_1_84' title="bbox 2156 2957 2663 3028">
     <span class='ocr_line' id='line_1_84' title="bbox 2156 2957 2663 3028; baseline 0.012 -20"><span class='ocrx_word' id='word_1_586' title='bbox 2156 2957 2214 3010; x_wconf 81' lang='grc' dir='ltr'>δὲ</span> <span class='ocrx_word' id='word_1_587' title='bbox 2249 2958 2524 3028; x_wconf 74' lang='grc' dir='ltr'>πηγάζειν</span> <span class='ocrx_word' id='word_1_588' title='bbox 2551 2959 2663 3014; x_wconf 80' lang='grc' dir='ltr'>ἀεί.</span> 
     </span>
    </p>
   </div>
   <div class='ocr_carea' id='block_1_85' title="bbox 2229 3048 3743 3130">
    <p class='ocr_par' dir='ltr' id='par_1_85' title="bbox 2229 3048 3743 3130">
     <span class='ocr_line' id='line_1_85' title="bbox 2229 3048 3743 3130; baseline 0.004 -26"><span class='ocrx_word' id='word_1_589' title='bbox 2229 3048 2404 3120; x_wconf 80' lang='grc' dir='ltr'>Λέγει</span> <span class='ocrx_word' id='word_1_590' title='bbox 2444 3081 2512 3091; x_wconf 79' lang='grc'><strong>--</strong></span> <span class='ocrx_word' id='word_1_591' title='bbox 2557 3052 2830 3112; x_wconf 75' lang='grc' dir='ltr'>ἀντλεῖν.</span> <span class='ocrx_word' id='word_1_592' title='bbox 2879 3056 3036 3109; x_wconf 84' lang='grc' dir='ltr'>Κατά</span> <span class='ocrx_word' id='word_1_593' title='bbox 3075 3057 3272 3127; x_wconf 73' lang='grc' dir='ltr'>μικρὸν</span> <span class='ocrx_word' id='word_1_594' title='bbox 3312 3058 3574 3127; x_wconf 80' lang='grc' dir='ltr'>ἀνάγεται</span> <span class='ocrx_word' id='word_1_595' title='bbox 3610 3060 3743 3130; x_wconf 67' lang='grc' dir='ltr'>πρὸς</span> 
     </span>
    </p>
   </div>
   <div class='ocr_carea' id='block_1_86' title="bbox 2085 3141 3742 3222">
    <p class='ocr_par' dir='ltr' id='par_1_86' title="bbox 2085 3141 3742 3222">
     <span class='ocr_line' id='line_1_86' title="bbox 2085 3141 3742 3222; baseline 0.008 -29"><span class='ocrx_word' id='word_1_596' title='bbox 2085 3141 2127 3200; x_wconf 89' lang='lat' dir='ltr'><strong><em>C</em></strong></span> <span class='ocrx_word' id='word_1_597' title='bbox 2162 3142 2220 3194; x_wconf 78' lang='grc' dir='ltr'><strong>τὸ</strong></span> <span class='ocrx_word' id='word_1_598' title='bbox 2249 3143 2362 3196; x_wconf 73' lang='grc' dir='ltr'>τῶν</span> <span class='ocrx_word' id='word_1_599' title='bbox 2393 3144 2682 3216; x_wconf 86' lang='grc' dir='ltr'>δογμάτων</span> <span class='ocrx_word' id='word_1_600' title='bbox 2713 3146 2874 3217; x_wconf 75' lang='grc' dir='ltr'>ὕψος.</span> <span class='ocrx_word' id='word_1_601' title='bbox 2950 3147 3084 3203; x_wconf 81' lang='grc' dir='ltr'><strong>Ἀπὸ</strong></span> <span class='ocrx_word' id='word_1_602' title='bbox 3112 3154 3212 3221; x_wconf 77' lang='grc' dir='ltr'>τῆς</span> <span class='ocrx_word' id='word_1_603' title='bbox 3242 3151 3515 3222; x_wconf 81' lang='grc' dir='ltr'>ὑπεροχῆς</span> <span class='ocrx_word' id='word_1_604' title='bbox 3547 3153 3654 3222; x_wconf 84' lang='grc' dir='ltr'>γὰρ</span> <span class='ocrx_word' id='word_1_605' title='bbox 3683 3146 3742 3206; x_wconf 76' lang='grc' dir='ltr'><strong>οὑ</strong></span> 
     </span>
    </p>
   </div>
   <div class='ocr_carea' id='block_1_87' title="bbox 2159 3233 3744 3309">
    <p class='ocr_par' dir='ltr' id='par_1_87' title="bbox 2159 3233 3744 3309">
     <span class='ocr_line' id='line_1_87' title="bbox 2159 3233 3744 3309; baseline 0.006 -23"><span class='ocrx_word' id='word_1_606' title='bbox 2159 3233 2377 3288; x_wconf 75' lang='grc' dir='ltr'>δίδωσιν</span> <span class='ocrx_word' id='word_1_607' title='bbox 2429 3234 2644 3301; x_wconf 78' lang='grc' dir='ltr'>ὓδατος,</span> <span class='ocrx_word' id='word_1_608' title='bbox 2691 3239 2917 3309; x_wconf 75' lang='grc' dir='ltr'>μείζονα</span> <span class='ocrx_word' id='word_1_609' title='bbox 2961 3241 3152 3296; x_wconf 80' lang='grc' dir='ltr'>τοῦτον</span> <span class='ocrx_word' id='word_1_610' title='bbox 3199 3243 3294 3296; x_wconf 86' lang='grc' dir='ltr'>τοῦ</span> <span class='ocrx_word' id='word_1_611' title='bbox 3362 3243 3557 3298; x_wconf 79' lang='grc' dir='ltr'><strong>Ἰακὼϐ</strong></span> <span class='ocrx_word' id='word_1_612' title='bbox 3607 3240 3744 3298; x_wconf 70' lang='grc' dir='ltr'>εἶναι</span> 
     </span>
    </p>
   </div>
   <div class='ocr_carea' id='block_1_88' title="bbox 2161 3324 3748 3408">
    <p class='ocr_par' dir='ltr' id='par_1_88' title="bbox 2161 3324 3748 3408">
     <span class='ocr_line' id='line_1_88' title="bbox 2161 3324 3748 3408; baseline 0.011 -35"><span class='ocrx_word' id='word_1_613' title='bbox 2161 3324 2516 3391; x_wconf 77' lang='grc' dir='ltr'>πεπίστευκε,</span> <span class='ocrx_word' id='word_1_614' title='bbox 2548 3329 2644 3382; x_wconf 72' lang='grc' dir='ltr'><strong>καὶ</strong></span> <span class='ocrx_word' id='word_1_615' title='bbox 2676 3330 2761 3384; x_wconf 86' lang='grc' dir='ltr'>ὅτι</span> <span class='ocrx_word' id='word_1_616' title='bbox 2796 3332 2901 3403; x_wconf 80' lang='grc' dir='ltr'>μὲν</span> <span class='ocrx_word' id='word_1_617' title='bbox 2937 3332 3132 3404; x_wconf 78' lang='grc' dir='ltr'>ἑτέρας</span> <span class='ocrx_word' id='word_1_618' title='bbox 3166 3335 3384 3404; x_wconf 82' lang='grc' dir='ltr'>φύσεως</span> <span class='ocrx_word' id='word_1_619' title='bbox 3415 3335 3559 3408; x_wconf 82' lang='grc' dir='ltr'>ὕδωρ</span> <span class='ocrx_word' id='word_1_620' title='bbox 3589 3335 3748 3389; x_wconf 79' lang='grc' dir='ltr'>δίδω-</span> 
     </span>
    </p>
   </div>
   <div class='ocr_carea' id='block_1_89' title="bbox 2162 3416 3742 3496">
    <p class='ocr_par' dir='ltr' id='par_1_89' title="bbox 2162 3416 3742 3496">
     <span class='ocr_line' id='line_1_89' title="bbox 2162 3416 3742 3496; baseline 0.009 -29"><span class='ocrx_word' id='word_1_621' title='bbox 2162 3431 2247 3468; x_wconf 85' lang='grc' dir='ltr'><strong>σιν</strong></span> <span class='ocrx_word' id='word_1_622' title='bbox 2282 3416 2623 3493; x_wconf 71' lang='grc' dir='ltr'>ὑψηλοτέρας</span> <span class='ocrx_word' id='word_1_623' title='bbox 2654 3423 2881 3493; x_wconf 76' lang='grc' dir='ltr'>ἐνόησεν</span> <span class='ocrx_word' id='word_1_624' title='bbox 2903 3438 2917 3454; x_wconf 81' lang='grc'><strong><em>⁸</em></strong></span> <span class='ocrx_word' id='word_1_625' title='bbox 2957 3424 3112 3479; x_wconf 77' lang='grc' dir='ltr'>οὔπω</span> <span class='ocrx_word' id='word_1_626' title='bbox 3145 3425 3201 3479; x_wconf 85' lang='grc' dir='ltr'>δὲ</span> <span class='ocrx_word' id='word_1_627' title='bbox 3239 3426 3300 3480; x_wconf 78' lang='grc' dir='ltr'>τὸ</span> <span class='ocrx_word' id='word_1_628' title='bbox 3329 3427 3532 3480; x_wconf 67' lang='grc' dir='ltr'>τέλειον</span> <span class='ocrx_word' id='word_1_629' title='bbox 3563 3427 3706 3496; x_wconf 75' lang='grc' dir='ltr'>ἔγνω</span> <span class='ocrx_word' id='word_1_630' title='bbox 3726 3443 3742 3460; x_wconf 77' lang='grc' dir='ltr'><strong><em>ο</em></strong></span> 
     </span>
    </p>
   </div>
   <div class='ocr_carea' id='block_1_90' title="bbox 2158 3506 3744 3588">
    <p class='ocr_par' dir='ltr' id='par_1_90' title="bbox 2158 3506 3744 3588">
     <span class='ocr_line' id='line_1_90' title="bbox 2158 3506 3744 3588; baseline 0.008 -28"><span class='ocrx_word' id='word_1_631' title='bbox 2158 3506 2283 3562; x_wconf 75' lang='grc' dir='ltr'>οὔτε</span> <span class='ocrx_word' id='word_1_632' title='bbox 2335 3512 2444 3583; x_wconf 80' lang='grc' dir='ltr'>γὰρ</span> <span class='ocrx_word' id='word_1_633' title='bbox 2477 3512 2560 3576; x_wconf 81' lang='grc' dir='ltr'>τίς</span> <span class='ocrx_word' id='word_1_634' title='bbox 2601 3515 2750 3568; x_wconf 75' lang='grc' dir='ltr'>ἐστιν</span> <span class='ocrx_word' id='word_1_635' title='bbox 2793 3516 2822 3568; x_wconf 86' lang='grc' dir='ltr'>ὀ</span> <span class='ocrx_word' id='word_1_636' title='bbox 2859 3515 3021 3570; x_wconf 83' lang='grc' dir='ltr'>τοῦτο</span> <span class='ocrx_word' id='word_1_637' title='bbox 3073 3517 3269 3582; x_wconf 78' lang='grc' dir='ltr'>διδοὺς,</span> <span class='ocrx_word' id='word_1_638' title='bbox 3317 3519 3464 3588; x_wconf 79' lang='grc' dir='ltr'>οὔτε,</span> <span class='ocrx_word' id='word_1_639' title='bbox 3504 3520 3557 3572; x_wconf 84' lang='grc' dir='ltr'>τι</span> <span class='ocrx_word' id='word_1_640' title='bbox 3600 3523 3744 3574; x_wconf 74' lang='grc' dir='ltr'>ἐστιν</span> 
     </span>
    </p>
   </div>
   <div class='ocr_carea' id='block_1_91' title="bbox 2159 3599 3748 3682">
    <p class='ocr_par' dir='ltr' id='par_1_91' title="bbox 2159 3599 3748 3682">
     <span class='ocr_line' id='line_1_91' title="bbox 2159 3599 3748 3682; baseline 0.008 -32"><span class='ocrx_word' id='word_1_641' title='bbox 2159 3599 2340 3666; x_wconf 84' lang='grc' dir='ltr'>τοῦτο,</span> <span class='ocrx_word' id='word_1_642' title='bbox 2376 3603 2696 3660; x_wconf 73' lang='grc' dir='ltr'>κατέλαϐεν.</span> <span class='ocrx_word' id='word_1_643' title='bbox 2741 3606 3013 3662; x_wconf 83' lang='grc' dir='ltr'>’Υπέλαδε</span> <span class='ocrx_word' id='word_1_644' title='bbox 3041 3607 3097 3661; x_wconf 83' lang='grc' dir='ltr'>δὲ</span> <span class='ocrx_word' id='word_1_645' title='bbox 3123 3609 3186 3661; x_wconf 79' lang='grc' dir='ltr'>τὸ</span> <span class='ocrx_word' id='word_1_646' title='bbox 3219 3609 3497 3680; x_wconf 86' lang='grc' dir='ltr'>διδόμενον</span> <span class='ocrx_word' id='word_1_647' title='bbox 3528 3612 3748 3682; x_wconf 84' lang='grc' dir='ltr'>ἀναιρε-</span> 
     </span>
    </p>
   </div>
   <div class='ocr_carea' id='block_1_92' title="bbox 2160 3690 3744 3771">
    <p class='ocr_par' dir='ltr' id='par_1_92' title="bbox 2160 3690 3744 3771">
     <span class='ocr_line' id='line_1_92' title="bbox 2160 3690 3744 3771; baseline 0.008 -30"><span class='ocrx_word' id='word_1_648' title='bbox 2160 3690 2314 3742; x_wconf 83' lang='grc' dir='ltr'>τικὸν</span> <span class='ocrx_word' id='word_1_649' title='bbox 2370 3695 2663 3764; x_wconf 83' lang='grc' dir='ltr'>τυγχάνειν</span> <span class='ocrx_word' id='word_1_650' title='bbox 2715 3695 2920 3768; x_wconf 87' lang='grc' dir='ltr'>ταύτης</span> <span class='ocrx_word' id='word_1_651' title='bbox 2971 3697 3072 3768; x_wconf 81' lang='grc' dir='ltr'>τῆς</span> <span class='ocrx_word' id='word_1_652' title='bbox 3108 3698 3266 3770; x_wconf 82' lang='grc' dir='ltr'>δίψης</span> <span class='ocrx_word' id='word_1_653' title='bbox 3311 3697 3412 3769; x_wconf 80' lang='grc' dir='ltr'><strong>τῆς</strong></span> <span class='ocrx_word' id='word_1_654' title='bbox 3460 3700 3744 3771; x_wconf 76' lang='grc' dir='ltr'>αἰσθητῆς.</span> 
     </span>
    </p>
   </div>
   <div class='ocr_carea' id='block_1_93' title="bbox 2160 3781 3748 3863">
    <p class='ocr_par' dir='ltr' id='par_1_93' title="bbox 2160 3781 3748 3863">
     <span class='ocr_line' id='line_1_93' title="bbox 2160 3781 3748 3863; baseline 0.006 -27"><span class='ocrx_word' id='word_1_655' title='bbox 2160 3781 2297 3836; x_wconf 74' lang='grc' dir='ltr'>Οὔτε</span> <span class='ocrx_word' id='word_1_656' title='bbox 2332 3783 2427 3837; x_wconf 77' lang='grc' dir='ltr'><strong>οὖν</strong></span> <span class='ocrx_word' id='word_1_657' title='bbox 2457 3785 2683 3850; x_wconf 81' lang='grc' dir='ltr'>εὔκολος</span> <span class='ocrx_word' id='word_1_658' title='bbox 2717 3788 2749 3857; x_wconf 83' lang='grc' dir='ltr'>ἡ</span> <span class='ocrx_word' id='word_1_659' title='bbox 2791 3789 2930 3860; x_wconf 80' lang='grc' dir='ltr'>γυνὴ</span> <span class='ocrx_word' id='word_1_660' title='bbox 2961 3788 3102 3861; x_wconf 78' lang='grc' dir='ltr'>αὕτη</span> <span class='ocrx_word' id='word_1_661' title='bbox 3128 3808 3141 3822; x_wconf 76' lang='grc' dir='ltr'><strong><em>ο</em></strong></span> <span class='ocrx_word' id='word_1_662' title='bbox 3179 3792 3240 3843; x_wconf 86' lang='grc' dir='ltr'><strong>οὑ</strong></span> <span class='ocrx_word' id='word_1_663' title='bbox 3270 3792 3380 3863; x_wconf 84' lang='grc' dir='ltr'>γὰρ</span> <span class='ocrx_word' id='word_1_664' title='bbox 3412 3791 3599 3856; x_wconf 81' lang='grc' dir='ltr'>ἀπλῶς</span> <span class='ocrx_word' id='word_1_665' title='bbox 3632 3793 3748 3847; x_wconf 78' lang='grc' dir='ltr'><strong>ἑδέ-</strong></span> 
     </span>
    </p>
   </div>
   <div class='ocr_carea' id='block_1_94' title="bbox 2161 3872 3744 3955">
    <p class='ocr_par' dir='ltr' id='par_1_94' title="bbox 2161 3872 3744 3955">
     <span class='ocr_line' id='line_1_94' title="bbox 2161 3872 3744 3955; baseline 0.007 -28"><span class='ocrx_word' id='word_1_666' title='bbox 2161 3872 2290 3938; x_wconf 80' lang='grc' dir='ltr'>ξατο</span> <span class='ocrx_word' id='word_1_667' title='bbox 2328 3876 2396 3928; x_wconf 82' lang='grc' dir='ltr'>τὰ</span> <span class='ocrx_word' id='word_1_668' title='bbox 2435 3875 2706 3947; x_wconf 87' lang='grc' dir='ltr'>λεγόμενα</span> <span class='ocrx_word' id='word_1_669' title='bbox 2728 3919 2744 3945; x_wconf 83' lang='grc'><em>,</em></span> <span class='ocrx_word' id='word_1_670' title='bbox 2775 3880 2911 3934; x_wconf 85' lang='grc' dir='ltr'><strong>ἀλλά</strong></span> <span class='ocrx_word' id='word_1_671' title='bbox 2943 3881 3085 3952; x_wconf 86' lang='grc' dir='ltr'><strong>μετά</strong></span> <span class='ocrx_word' id='word_1_672' title='bbox 3115 3881 3319 3953; x_wconf 82' lang='grc' dir='ltr'>πολλῆς</span> <span class='ocrx_word' id='word_1_673' title='bbox 3354 3883 3704 3955; x_wconf 74' lang='grc' dir='ltr'>συζητήσεως</span> <span class='ocrx_word' id='word_1_674' title='bbox 3730 3899 3744 3913; x_wconf 80' lang='grc'><strong><em>⁸</em></strong></span> 
     </span>
    </p>
   </div>
   <div class='ocr_carea' id='block_1_95' title="bbox 2156 3966 3747 4050">
    <p class='ocr_par' dir='ltr' id='par_1_95' title="bbox 2156 3966 3747 4050">
     <span class='ocr_line' id='line_1_95' title="bbox 2156 3966 3747 4050; baseline 0.008 -30"><span class='ocrx_word' id='word_1_675' title='bbox 2156 3966 2281 4022; x_wconf 74' lang='grc' dir='ltr'>οὔτε</span> <span class='ocrx_word' id='word_1_676' title='bbox 2343 3969 2576 4042; x_wconf 81' lang='grc' dir='ltr'>ἀπειθὴς</span> <span class='ocrx_word' id='word_1_677' title='bbox 2641 3975 2735 4026; x_wconf 79' lang='grc' dir='ltr'>καὶ</span> <span class='ocrx_word' id='word_1_678' title='bbox 2796 3975 3138 4045; x_wconf 71' lang='grc' dir='ltr'>φιλόνεικος·</span> <span class='ocrx_word' id='word_1_679' title='bbox 3194 3975 3435 4047; x_wconf 82' lang='grc' dir='ltr'>εὑροῦσα</span> <span class='ocrx_word' id='word_1_680' title='bbox 3492 3983 3603 4050; x_wconf 77' lang='grc' dir='ltr'>γὰρ</span> <span class='ocrx_word' id='word_1_681' title='bbox 3655 3980 3747 4034; x_wconf 79' lang='grc' dir='ltr'>τὸν</span> 
     </span>
    </p>
   </div>
   <div class='ocr_carea' id='block_1_96' title="bbox 2160 4060 3745 4140">
    <p class='ocr_par' dir='ltr' id='par_1_96' title="bbox 2160 4060 3745 4140">
     <span class='ocr_line' id='line_1_96' title="bbox 2160 4060 3745 4140; baseline 0.008 -28"><span class='ocrx_word' id='word_1_682' title='bbox 2160 4060 2388 4130; x_wconf 76' lang='grc' dir='ltr'>μείζονα</span> <span class='ocrx_word' id='word_1_683' title='bbox 2416 4062 2512 4114; x_wconf 81' lang='grc' dir='ltr'>τοῦ</span> <span class='ocrx_word' id='word_1_684' title='bbox 2567 4064 2794 4129; x_wconf 75' lang='grc' dir='ltr'>Ἰακὼϐ,</span> <span class='ocrx_word' id='word_1_685' title='bbox 2838 4067 2938 4119; x_wconf 85' lang='grc' dir='ltr'><strong>οὑκ</strong></span> <span class='ocrx_word' id='word_1_686' title='bbox 2991 4068 3320 4139; x_wconf 77' lang='grc' dir='ltr'>ὲναπέμεινε</span> <span class='ocrx_word' id='word_1_687' title='bbox 3351 4072 3419 4139; x_wconf 80' lang='grc' dir='ltr'>τῇ</span> <span class='ocrx_word' id='word_1_688' title='bbox 3456 4067 3745 4140; x_wconf 77' lang='grc' dir='ltr'>προλήψει.</span> 
     </span>
    </p>
   </div>
   <div class='ocr_carea' id='block_1_97' title="bbox 2158 4153 3744 4232">
    <p class='ocr_par' dir='ltr' id='par_1_97' title="bbox 2158 4153 3744 4232">
     <span class='ocr_line' id='line_1_97' title="bbox 2158 4153 3744 4232; baseline 0.006 -28"><span class='ocrx_word' id='word_1_689' title='bbox 2158 4153 2357 4206; x_wconf 83' lang='grc' dir='ltr'>Καίτοι</span> <span class='ocrx_word' id='word_1_690' title='bbox 2383 4155 2478 4208; x_wconf 75' lang='grc' dir='ltr'>καὶ</span> <span class='ocrx_word' id='word_1_691' title='bbox 2507 4155 2785 4221; x_wconf 79' lang='grc' dir='ltr'>Ἰουδαίοις</span> <span class='ocrx_word' id='word_1_692' title='bbox 2812 4154 2989 4228; x_wconf 75' lang='grc' dir='ltr'>εἶπεν,</span> <span class='ocrx_word' id='word_1_693' title='bbox 3021 4163 3104 4214; x_wconf 81' lang='grc' dir='ltr'>ὅτι</span> <span class='ocrx_word' id='word_1_694' title='bbox 3142 4161 3208 4215; x_wconf 80' lang='grc' dir='ltr'><strong><em>Ὀ</em></strong></span> <span class='ocrx_word' id='word_1_695' title='bbox 3240 4161 3559 4232; x_wconf 82' lang='grc' dir='ltr'>ἐρχόμενος</span> <span class='ocrx_word' id='word_1_696' title='bbox 3594 4163 3744 4230; x_wconf 79' lang='grc' dir='ltr'>πρός</span> 
     </span>
    </p>
   </div>
   <div class='ocr_carea' id='block_1_98' title="bbox 2151 4247 3740 4323">
    <p class='ocr_par' dir='ltr' id='par_1_98' title="bbox 2151 4247 3740 4323">
     <span class='ocr_line' id='line_1_98' title="bbox 2151 4247 3740 4323; baseline 0.006 -24"><span class='ocrx_word' id='word_1_697' title='bbox 2151 4261 2230 4316; x_wconf 80' lang='grc' dir='ltr'><strong>με</strong></span> <span class='ocrx_word' id='word_1_698' title='bbox 2267 4249 2340 4300; x_wconf 85' lang='grc' dir='ltr'>οὐ</span> <span class='ocrx_word' id='word_1_699' title='bbox 2363 4247 2449 4316; x_wconf 84' lang='grc' dir='ltr'>μὴ</span> <span class='ocrx_word' id='word_1_700' title='bbox 2473 4248 2740 4320; x_wconf 80' lang='grc' dir='ltr'>πεινάσῃ</span> <span class='ocrx_word' id='word_1_701' title='bbox 2770 4267 2785 4283; x_wconf 72' lang='grc' dir='ltr'><strong>ο</strong></span> <span class='ocrx_word' id='word_1_702' title='bbox 2816 4253 2914 4305; x_wconf 74' lang='grc' dir='ltr'><strong>καὶ</strong></span> <span class='ocrx_word' id='word_1_703' title='bbox 2948 4255 2981 4308; x_wconf 84' lang='grc' dir='ltr'><em>ό</em></span> <span class='ocrx_word' id='word_1_704' title='bbox 3004 4256 3299 4310; x_wconf 81' lang='grc' dir='ltr'>πιστεύων</span> <span class='ocrx_word' id='word_1_705' title='bbox 3335 4257 3422 4321; x_wconf 82' lang='grc' dir='ltr'><strong>εις</strong></span> <span class='ocrx_word' id='word_1_706' title='bbox 3440 4255 3546 4323; x_wconf 77' lang='grc' dir='ltr'><strong>ἐμὲ</strong></span> <span class='ocrx_word' id='word_1_707' title='bbox 3568 4256 3639 4308; x_wconf 84' lang='grc' dir='ltr'>οὐ</span> <span class='ocrx_word' id='word_1_708' title='bbox 3655 4253 3740 4323; x_wconf 78' lang='grc' dir='ltr'>μὴ</span> 
     </span>
    </p>
   </div>
   <div class='ocr_carea' id='block_1_99' title="bbox 2155 4337 3740 4417">
    <p class='ocr_par' dir='ltr' id='par_1_99' title="bbox 2155 4337 3740 4417">
     <span class='ocr_line' id='line_1_99' title="bbox 2155 4337 3740 4417; baseline 0.006 -25"><span class='ocrx_word' id='word_1_709' title='bbox 2155 4337 2394 4408; x_wconf 72' lang='grc' dir='ltr'>διψήσῃ</span> <span class='ocrx_word' id='word_1_710' title='bbox 2448 4340 2726 4396; x_wconf 80' lang='grc' dir='ltr'>πώποτε·</span> <span class='ocrx_word' id='word_1_711' title='bbox 2776 4344 2893 4397; x_wconf 85' lang='grc' dir='ltr'>ἀλλ’</span> <span class='ocrx_word' id='word_1_712' title='bbox 2928 4346 2990 4400; x_wconf 78' lang='grc' dir='ltr'>οὐ</span> <span class='ocrx_word' id='word_1_713' title='bbox 3041 4346 3203 4417; x_wconf 86' lang='grc' dir='ltr'>μόνον</span> <span class='ocrx_word' id='word_1_714' title='bbox 3248 4347 3349 4400; x_wconf 78' lang='grc' dir='ltr'>οὐκ</span> <span class='ocrx_word' id='word_1_715' title='bbox 3379 4348 3740 4411; x_wconf 77' lang='grc' dir='ltr'>ἐπίστευσαν,</span> 
     </span>
    </p>
   </div>
   <div class='ocr_carea' id='block_1_100' title="bbox 2159 4435 2979 4512">
    <p class='ocr_par' dir='ltr' id='par_1_100' title="bbox 2159 4435 2979 4512">
     <span class='ocr_line' id='line_1_100' title="bbox 2159 4435 2979 4512; baseline 0.011 -24"><span class='ocrx_word' id='word_1_716' title='bbox 2159 4435 2297 4489; x_wconf 77' lang='grc' dir='ltr'>ἀλλὰ</span> <span class='ocrx_word' id='word_1_717' title='bbox 2333 4437 2429 4490; x_wconf 75' lang='grc' dir='ltr'><strong>καὶ</strong></span> <span class='ocrx_word' id='word_1_718' title='bbox 2456 4439 2979 4512; x_wconf 77' lang='grc' dir='ltr'>ἐσκανδαλίσθησαν.</span> 
     </span>
    </p>
   </div>
   <div class='ocr_carea' id='block_1_101' title="bbox 2225 4617 3739 4698">
    <p class='ocr_par' dir='ltr' id='par_1_101' title="bbox 2225 4617 3739 4698">
     <span class='ocr_line' id='line_1_101' title="bbox 2225 4617 3739 4698; baseline 0.006 -25"><span class='ocrx_word' id='word_1_719' title='bbox 2225 4617 2400 4689; x_wconf 76' lang='grc' dir='ltr'>Λέγει</span> <span class='ocrx_word' id='word_1_720' title='bbox 2429 4650 2502 4661; x_wconf 94' lang='lat'><strong><em>—</em></strong></span> <span class='ocrx_word' id='word_1_721' title='bbox 2534 4621 2769 4678; x_wconf 80' lang='grc' dir='ltr'>ἐνθάδε.</span> <span class='ocrx_word' id='word_1_722' title='bbox 2805 4623 3170 4698; x_wconf 86' lang='grc' dir='ltr'>Ἐγκειμένης</span> <span class='ocrx_word' id='word_1_723' title='bbox 3203 4629 3298 4682; x_wconf 76' lang='grc' dir='ltr'><strong>καὶ</strong></span> <span class='ocrx_word' id='word_1_724' title='bbox 3333 4627 3608 4698; x_wconf 78' lang='grc' dir='ltr'>ζητούσης</span> <span class='ocrx_word' id='word_1_725' title='bbox 3644 4628 3739 4682; x_wconf 82' lang='grc' dir='ltr'>λα-</span> 
     </span>
    </p>
   </div>
   <div class='ocr_carea' id='block_1_102' title="bbox 2156 4710 3740 4788">
    <p class='ocr_par' dir='ltr' id='par_1_102' title="bbox 2156 4710 3740 4788">
     <span class='ocr_line' id='line_1_102' title="bbox 2156 4710 3740 4788; baseline 0.008 -26"><span class='ocrx_word' id='word_1_726' title='bbox 2156 4710 2295 4778; x_wconf 82' lang='grc' dir='ltr'>6εἶν,</span> <span class='ocrx_word' id='word_1_727' title='bbox 2329 4713 2505 4780; x_wconf 88' lang='grc' dir='ltr'>λέγει.</span> <span class='ocrx_word' id='word_1_728' title='bbox 2539 4714 2796 4787; x_wconf 60' lang='lat' dir='ltr'><strong>&quot;fixura,</strong></span> <span class='ocrx_word' id='word_1_729' title='bbox 2828 4716 3099 4774; x_wconf 73' lang='grc' dir='ltr'>κάλεσον</span> <span class='ocrx_word' id='word_1_730' title='bbox 3127 4722 3235 4774; x_wconf 82' lang='grc' dir='ltr'>τὸν</span> <span class='ocrx_word' id='word_1_731' title='bbox 3262 4721 3449 4788; x_wconf 79' lang='grc' dir='ltr'>ἄνδρα</span> <span class='ocrx_word' id='word_1_732' title='bbox 3473 4739 3611 4786; x_wconf 84' lang='grc' dir='ltr'>σου,</span> <span class='ocrx_word' id='word_1_733' title='bbox 3645 4723 3740 4777; x_wconf 82' lang='grc' dir='ltr'><strong>καὶ</strong></span> 
     </span>
    </p>
   </div>
   <div class='ocr_carea' id='block_1_103' title="bbox 2155 4804 3743 4883">
    <p class='ocr_par' dir='ltr' id='par_1_103' title="bbox 2155 4804 3743 4883">
     <span class='ocr_line' id='line_1_103' title="bbox 2155 4804 3743 4883; baseline 0.006 -26"><span class='ocrx_word' id='word_1_734' title='bbox 2155 4804 2296 4858; x_wconf 74' lang='grc' dir='ltr'><strong>ἐλθὲ</strong></span> <span class='ocrx_word' id='word_1_735' title='bbox 2318 4805 3029 4881; x_wconf 79' lang='grc' dir='ltr'>ἐνθάδε,προσποιούμενος</span> <span class='ocrx_word' id='word_1_736' title='bbox 3049 4813 3128 4866; x_wconf 85' lang='grc' dir='ltr'><strong>δτι</strong></span> <span class='ocrx_word' id='word_1_737' title='bbox 3152 4814 3257 4883; x_wconf 84' lang='grc' dir='ltr'><strong>χρὴ</strong></span> <span class='ocrx_word' id='word_1_738' title='bbox 3285 4816 3533 4867; x_wconf 83' lang='grc' dir='ltr'>κάκεῖνον</span> <span class='ocrx_word' id='word_1_739' title='bbox 3555 4831 3743 4868; x_wconf 85' lang='grc' dir='ltr'>κοινω-</span> 
     </span>
    </p>
   </div>
   <div class='ocr_carea' id='block_1_104' title="bbox 2156 4896 3742 4976">
    <p class='ocr_par' dir='ltr' id='par_1_104' title="bbox 2156 4896 3742 4976">
     <span class='ocr_line' id='line_1_104' title="bbox 2156 4896 3742 4976; baseline 0.006 -26"><span class='ocrx_word' id='word_1_740' title='bbox 2156 4896 2319 4965; x_wconf 86' lang='grc' dir='ltr'>νῆσαι</span> <span class='ocrx_word' id='word_1_741' title='bbox 2349 4898 2525 4969; x_wconf 79' lang='grc' dir='ltr'>ταύτῃ</span> <span class='ocrx_word' id='word_1_742' title='bbox 2558 4899 2651 4951; x_wconf 84' lang='grc' dir='ltr'><strong>τοῦ</strong></span> <span class='ocrx_word' id='word_1_743' title='bbox 2674 4901 2870 4973; x_wconf 85' lang='grc' dir='ltr'>δώρου.</span> <span class='ocrx_word' id='word_1_744' title='bbox 2916 4905 3025 4957; x_wconf 76' lang='grc' dir='ltr'>Καὶ</span> <span class='ocrx_word' id='word_1_745' title='bbox 3054 4906 3137 4958; x_wconf 83' lang='grc' dir='ltr'><strong>ὅτι</strong></span> <span class='ocrx_word' id='word_1_746' title='bbox 3173 4906 3272 4976; x_wconf 85' lang='grc' dir='ltr'>μὲν</span> <span class='ocrx_word' id='word_1_747' title='bbox 3301 4909 3402 4959; x_wconf 63' lang='grc' dir='ltr'>οὐκ</span> <span class='ocrx_word' id='word_1_748' title='bbox 3433 4907 3545 4976; x_wconf 79' lang='grc' dir='ltr'>ἔχει</span> <span class='ocrx_word' id='word_1_749' title='bbox 3577 4906 3742 4976; x_wconf 78' lang='grc' dir='ltr'>ἄνδρα</span> 
     </span>
    </p>
   </div>
   <div class='ocr_carea' id='block_1_105' title="bbox 2162 4991 3744 5061">
    <p class='ocr_par' dir='ltr' id='par_1_105' title="bbox 2162 4991 3744 5061">
     <span class='ocr_line' id='line_1_105' title="bbox 2162 4991 3744 5061; baseline 0.008 -22"><span class='ocrx_word' id='word_1_750' title='bbox 2162 4991 2395 5060; x_wconf 83' lang='grc' dir='ltr'>νόμιμον</span> <span class='ocrx_word' id='word_1_751' title='bbox 2453 4991 2778 5057; x_wconf 75' lang='grc' dir='ltr'>ἐγίνωσκεν,</span> <span class='ocrx_word' id='word_1_752' title='bbox 2846 4994 2920 5058; x_wconf 84' lang='grc' dir='ltr'>ὡς</span> <span class='ocrx_word' id='word_1_753' title='bbox 2987 4997 3168 5050; x_wconf 86' lang='grc' dir='ltr'>πάντα</span> <span class='ocrx_word' id='word_1_754' title='bbox 3228 4997 3384 5061; x_wconf 76' lang='grc' dir='ltr'>εἰδώς</span> <span class='ocrx_word' id='word_1_755' title='bbox 3494 4999 3744 5052; x_wconf 74' lang='grc' dir='ltr'>ἐϐούλετο</span> 
     </span>
    </p>
   </div>
   <div class='ocr_carea' id='block_1_106' title="bbox 2161 5081 3739 5162">
    <p class='ocr_par' dir='ltr' id='par_1_106' title="bbox 2161 5081 3739 5162">
     <span class='ocr_line' id='line_1_106' title="bbox 2161 5081 3739 5162; baseline 0.006 -28"><span class='ocrx_word' id='word_1_756' title='bbox 2161 5082 2217 5134; x_wconf 79' lang='grc' dir='ltr'>δὲ</span> <span class='ocrx_word' id='word_1_757' title='bbox 2269 5081 2476 5153; x_wconf 86' lang='grc' dir='ltr'>ταύτην</span> <span class='ocrx_word' id='word_1_758' title='bbox 2522 5089 2698 5140; x_wconf 78' lang='grc' dir='ltr'>εἰπεῖν</span> <span class='ocrx_word' id='word_1_759' title='bbox 2743 5088 2825 5141; x_wconf 83' lang='grc' dir='ltr'>ὅτι</span> <span class='ocrx_word' id='word_1_760' title='bbox 2875 5091 2975 5142; x_wconf 80' lang='grc' dir='ltr'><strong>οὑκ</strong></span> <span class='ocrx_word' id='word_1_761' title='bbox 3013 5088 3126 5159; x_wconf 74' lang='grc' dir='ltr'>ἔχει</span> <span class='ocrx_word' id='word_1_762' title='bbox 3173 5091 3362 5162; x_wconf 86' lang='grc' dir='ltr'>ἀνδρα,</span> <span class='ocrx_word' id='word_1_763' title='bbox 3411 5091 3497 5144; x_wconf 84' lang='grc' dir='ltr'><strong>ἴνα</strong></span> <span class='ocrx_word' id='word_1_764' title='bbox 3539 5091 3739 5154; x_wconf 76' lang='grc' dir='ltr'>λοιπὸν,</span> 
     </span>
    </p>
   </div>
   <div class='ocr_carea' id='block_1_107' title="bbox 2169 5179 3740 5256">
    <p class='ocr_par' dir='ltr' id='par_1_107' title="bbox 2169 5179 3740 5256">
     <span class='ocr_line' id='line_1_107' title="bbox 2169 5179 3740 5256; baseline 0.005 -28"><span class='ocrx_word' id='word_1_765' title='bbox 2169 5179 2497 5248; x_wconf 83' lang='grc' dir='ltr'>προφάσεως</span> <span class='ocrx_word' id='word_1_766' title='bbox 2535 5179 2892 5251; x_wconf 75' lang='grc' dir='ltr'>δραξάμενος,</span> <span class='ocrx_word' id='word_1_767' title='bbox 2937 5182 3296 5256; x_wconf 77' lang='grc' dir='ltr'>προφητεύσῃ</span> <span class='ocrx_word' id='word_1_768' title='bbox 3321 5183 3390 5236; x_wconf 83' lang='grc' dir='ltr'>τὰ</span> <span class='ocrx_word' id='word_1_769' title='bbox 3421 5186 3543 5238; x_wconf 79' lang='grc' dir='ltr'>κατ’</span> <span class='ocrx_word' id='word_1_770' title='bbox 3573 5183 3740 5252; x_wconf 79' lang='grc' dir='ltr'>αὐτὴν</span> 
     </span>
    </p>
   </div>
   <div class='ocr_carea' id='block_1_108' title="bbox 1671 5399 2529 5470">
    <p class='ocr_par' dir='ltr' id='par_1_108' title="bbox 1671 5399 2529 5470">
     <span class='ocr_line' id='line_1_108' title="bbox 1671 5399 2529 5470; baseline 0.015 -12"><span class='ocrx_word' id='word_1_771' title='bbox 1671 5399 1869 5462; x_wconf 66' lang='lat' dir='ltr'><strong>Variae</strong></span> <span class='ocrx_word' id='word_1_772' title='bbox 1908 5403 2219 5468; x_wconf 85' lang='lat' dir='ltr'><strong>lectiones</strong></span> <span class='ocrx_word' id='word_1_773' title='bbox 2249 5415 2310 5469; x_wconf 89' lang='lat' dir='ltr'><strong>et</strong></span> <span class='ocrx_word' id='word_1_774' title='bbox 2338 5417 2529 5470; x_wconf 73' lang='lat' dir='ltr'><strong>notae.</strong></span> 
     </span>
    </p>
   </div>
   <div class='ocr_carea' id='block_1_109' title="bbox 543 5550 1126 5627">
    <p class='ocr_par' dir='ltr' id='par_1_109' title="bbox 543 5550 1126 5627">
     <span class='ocr_line' id='line_1_109' title="bbox 543 5550 1126 5627; baseline 0.017 -22"><span class='ocrx_word' id='word_1_775' title='bbox 543 5550 657 5627; x_wconf 61' lang='grc' dir='ltr'>ιρι)</span> <span class='ocrx_word' id='word_1_776' title='bbox 702 5554 1126 5627; x_wconf 65' lang='lat' dir='ltr'><strong>Prmpositiones</strong></span> 
     </span>
    </p>
   </div>
   <div class='ocr_carea' id='block_1_110' title="bbox 577 5561 2053 5638">
    <p class='ocr_par' dir='ltr' id='par_1_110' title="bbox 577 5561 2053 5638">
     <span class='ocr_line' id='line_1_110' title="bbox 577 5561 2053 5638; baseline 0.022 -33"><span class='ocrx_word' id='word_1_777' title='bbox 577 5561 657 5638; x_wconf 60' lang='lat' dir='ltr'><strong>ita)</strong></span> <span class='ocrx_word' id='word_1_778' title='bbox 703 5561 1133 5638; x_wconf 56' lang='lat' dir='ltr'><strong>Prmpositiones</strong></span> <span class='ocrx_word' id='word_1_779' title='bbox 1173 5561 1253 5638; x_wconf 78' lang='grc' dir='ltr'><strong>εις</strong></span> <span class='ocrx_word' id='word_1_780' title='bbox 1305 5577 1359 5622; x_wconf 86' lang='lat' dir='ltr'><strong>et</strong></span> <span class='ocrx_word' id='word_1_781' title='bbox 1409 5569 1498 5622; x_wconf 78' lang='grc' dir='ltr'>διὰ</span> <span class='ocrx_word' id='word_1_782' title='bbox 1531 5573 1644 5629; x_wconf 88' lang='lat' dir='ltr'><strong>suis</strong></span> <span class='ocrx_word' id='word_1_783' title='bbox 1698 5575 1830 5632; x_wconf 87' lang='lat' dir='ltr'><strong>locis</strong></span> <span class='ocrx_word' id='word_1_784' title='bbox 1876 5589 2053 5638; x_wconf 86' lang='lat' dir='ltr'><strong>motas</strong></span> 
     </span>
    </p>
   </div>
   <div class='ocr_carea' id='block_1_111' title="bbox 474 5621 1167 5688">
    <p class='ocr_par' dir='ltr' id='par_1_111' title="bbox 474 5621 1167 5688">
     <span class='ocr_line' id='line_1_111' title="bbox 474 5621 1167 5688; baseline 0.022 -15"><span class='ocrx_word' id='word_1_785' title='bbox 474 5621 726 5680; x_wconf 84' lang='lat' dir='ltr'><strong>arbitror.</strong></span> <span class='ocrx_word' id='word_1_786' title='bbox 762 5621 861 5681; x_wconf 78' lang='grc' dir='ltr'><strong>Διᾶ</strong></span> <span class='ocrx_word' id='word_1_787' title='bbox 890 5622 1038 5684; x_wconf 85' lang='lat' dir='ltr'><strong>certe</strong></span> <span class='ocrx_word' id='word_1_788' title='bbox 1083 5633 1167 5688; x_wconf 87' lang='lat' dir='ltr'><strong>bis</strong></span> 
     </span>
    </p>
   </div>
   <div class='ocr_carea' id='block_1_112' title="bbox 1223 5636 2045 5720">
    <p class='ocr_par' dir='ltr' id='par_1_112' title="bbox 1223 5636 2045 5720">
     <span class='ocr_line' id='line_1_112' title="bbox 1223 5636 2045 5720; baseline 0.019 -31"><span class='ocrx_word' id='word_1_789' title='bbox 1223 5636 1402 5693; x_wconf 89' lang='lat' dir='ltr'><strong>locum</strong></span> <span class='ocrx_word' id='word_1_790' title='bbox 1435 5641 1520 5696; x_wconf 78' lang='lat' dir='ltr'><strong>vix</strong></span> <span class='ocrx_word' id='word_1_791' title='bbox 1584 5646 1786 5702; x_wconf 87' lang='lat' dir='ltr'><strong>habere</strong></span> <span class='ocrx_word' id='word_1_792' title='bbox 1847 5636 2045 5720; x_wconf 82' lang='lat' dir='ltr'><strong>potest,</strong></span> 
     </span>
    </p>
   </div>
   <div class='ocr_carea' id='block_1_113' title="bbox 2165 5581 3731 5664">
    <p class='ocr_par' dir='ltr' id='par_1_113' title="bbox 2165 5581 3731 5664">
     <span class='ocr_line' id='line_1_113' title="bbox 2165 5581 3731 5664; baseline 0.015 -29"><span class='ocrx_word' id='word_1_793' title='bbox 2165 5581 2326 5664; x_wconf 69' lang='lat' dir='ltr'><strong>Forte</strong></span> <span class='ocrx_word' id='word_1_794' title='bbox 2358 5586 2661 5664; x_wconf 78' lang='lat' dir='ltr'><strong>Hentenius</strong></span> <span class='ocrx_word' id='word_1_795' title='bbox 2696 5592 3389 5659; x_wconf 73' lang='grc' dir='ltr'>ἱηνθηῑιεἈναὸλύζοντος</span> <span class='ocrx_word' id='word_1_796' title='bbox 3461 5597 3538 5659; x_wconf 84' lang='grc' dir='ltr'>εἰς</span> <span class='ocrx_word' id='word_1_797' title='bbox 3588 5593 3731 5664; x_wconf 73' lang='grc' dir='ltr'><strong>ζωὴν</strong></span> 
     </span>
    </p>
   </div>
   <div class='ocr_carea' id='block_1_114' title="bbox 2156 5653 2904 5735">
    <p class='ocr_par' dir='ltr' id='par_1_114' title="bbox 2156 5653 2904 5735">
     <span class='ocr_line' id='line_1_114' title="bbox 2156 5653 2904 5735; baseline 0.019 -30"><span class='ocrx_word' id='word_1_798' title='bbox 2156 5653 2377 5710; x_wconf 79' lang='grc' dir='ltr'>αἰώνιον</span> <span class='ocrx_word' id='word_1_799' title='bbox 2407 5658 2496 5712; x_wconf 70' lang='grc' dir='ltr'>διὰ</span> <span class='ocrx_word' id='word_1_800' title='bbox 2525 5662 2584 5713; x_wconf 69' lang='grc' dir='ltr'>τὸ</span> <span class='ocrx_word' id='word_1_801' title='bbox 2621 5667 2904 5735; x_wconf 80' lang='grc' dir='ltr'>παρέχειν.</span> 
     </span>
    </p>
   </div>
   <div class='ocr_carea' id='block_1_115' title="bbox 547 5801 2348 5898">
    <p class='ocr_par' dir='ltr' id='par_1_115' title="bbox 547 5801 2348 5898">
     <span class='ocr_line' id='line_1_115' title="bbox 547 5801 2348 5898; baseline 0.018 -45"><span class='ocrx_word' id='word_1_802' title='bbox 547 5801 652 5872; x_wconf 85' lang='lat' dir='ltr'><strong>(gg)</strong></span> <span class='ocrx_word' id='word_1_803' title='bbox 693 5803 860 5877; x_wconf 83' lang='lat' dir='ltr'><strong>Loqui</strong></span> <span class='ocrx_word' id='word_1_804' title='bbox 882 5822 1202 5877; x_wconf 75' lang='lat' dir='ltr'><strong>perseverat.</strong></span> <span class='ocrx_word' id='word_1_805' title='bbox 1237 5813 1562 5874; x_wconf 84' lang='lat' dir='ltr'><strong>llumaniter</strong></span> <span class='ocrx_word' id='word_1_806' title='bbox 1600 5820 1933 5892; x_wconf 88' lang='lat' dir='ltr'><strong>colloquitur</strong></span> <span class='ocrx_word' id='word_1_807' title='bbox 1961 5835 2012 5880; x_wconf 90' lang='lat' dir='ltr'><strong>et</strong></span> <span class='ocrx_word' id='word_1_808' title='bbox 2044 5841 2348 5898; x_wconf 85' lang='lat' dir='ltr'><strong>permanet.</strong></span> 
     </span>
    </p>
   </div>
  </div>
