4010 6512
493 473 633 538 1195

1732 457 2116 519 ΕυΤΗΥΜιι
2160 459 2523 518 ZIGABENI

3626 463 3757 529 Ηίὶῦ

491 594 617 645 ham
674 597 729 642 et
782 586 954 640 Isaae.
1029 580 1197 635 Vetus
1260 577 1533 647 siquidem
1613 573 1842 629 historia
1917 571 2068 627 tradit

2200 575 2455 647 ’Λ6ραὰμ
2500 579 2595 631 καὶ
2652 579 2746 633 τόν
2798 580 3002 636 Ἰσαάκ.
3060 583 3171 637 Καὶ
3228 581 3336 652 γὰρ
3369 582 3423 636 ἐν
3466 582 3656 648 ἐκείνῳ
3685 581 3761 651 τῷ

489 681 761 737 Abraham
795 679 849 731 in
881 677 974 731 illo
1000 686 1186 730 monte
1214 672 1479 729 obtulisse
1507 670 1657 724 Isaac
1689 667 1799 722 Deo
1832 667 1889 720 in
1922 668 2079 719 holo-

488 784 761 828 caustum.
795 768 901 822 Aut
926 774 1110 837 patres
1145 765 1285 819 dixit
1314 762 1483 818 Jaeob
1517 770 1573 815 et
1599 759 1737 813 ﬁlios
1768 757 1911 827 ejus.
1940 755 2075 810 Nam

489 861 660 917 Jacob
685 859 757 914 ibi
785 856 1072 913 constituit
1099 855 1272 910 altare
1296 862 1352 909 et
1382 851 1638 907 adoravit
1661 849 1854 903 Deum.
1883 847 2077 901 Miller

486 958 669 1025 itaque
717 950 1081 1023 quaestionem
1143 945 1455 1018 pr0posuit,
1517 952 1719 1013 putans
1775 939 2078 994 Samarita~

488 1063 684 1105 norum
734 1042 1179 1115 dogmamelius
1225 1052 1346 1093 esse
1408 1050 1573 1106 quam
1624 1033 1964 1097 Judieorurn,
2019 1040 2075 1086 ct

488 1140 897 1196 honoratiorem
936 1137 1118 1191 locum
1149 1147 1273 1187 esse
1302 1130 1508 1185 montis
1546 1127 1714 1193 illius,
1749 1141 1925 1197 quam
1947 1124 2073 1178 Ilie-

484 1235 776 1305 rosolyma.
825 1229 1082 1285 Christus
1125 1241 1255 1281 vero
1298 1223 1533 1295 primum
1578 1222 1758 1275 elevat
1784 1219 2073 1288 utriusque

484 1329 586 1384 loci
633 1328 980 1397 dignitatem,
1022 1337 1087 1377 eo
1137 1320 1285 1391 quod
1325 1319 1475 1374 brevi
1529 1315 1780 1370 futurum
1813 1323 1981 1376 esset,
2015 1322 2076 1366 ιιι

480 1423 662 1477 cultus
698 1420 917 1473 divinus
943 1417 997 1469 in
1036 1425 1270 1483 utroque
1303 1419 1583 1476 cessaret;
1614 1409 1816 1465 deinde
1846 1404 2072 1461 .ludzeos

482 1513 775 1585 praeponit,
814 1522 868 1565 et
904 1508 1253 1579 postmodum
1296 1504 1468 1561 divini
1501 1504 1682 1559 cultus
1728 1502 1923 1573 dogma
1962 1515 2075 1552 ma-

481 1607 725 1661 nifestat.

546 1885 704 1941 Vers.
746 1883 836 1939 2|.
877 1882 963 1934 Ait
1015 1910 1085 1920 —
1146 1894 1371 1948 pazrem.
1600 1876 1896 1946 Sophonia:
1952 1874 2069 1933 :Et

474 1980 776 2036 adorabunt
811 1993 930 2031 eum
966 1974 1183 2046 quilibet
1242 1988 1306 2025 ea:
1334 1970 1444 2024 loco
1476 1986 1570 2023 suo
1602 1970 1665 2024 “.

550 2075 627 2127 Ex
674 2074 783 2126 hoc
818 2066 1066 2140 prmdicit
1098 2063 1516 2119 dissolutionem
1549 2060 1861 2115 Samaritici
1909 2060 2071 2113 simul

472 2176 529 2221 et
574 2161 787 2220 Judaici
834 2159 1038 2225 cultus,
1090 2172 1255 2227 quam
1313 2153 1458 2225 passi
1509 2164 1661 2219 sunt,
1715 2152 2070 2208 eitermiuati

475 2267 600 2331 post
630 2254 837 2311 Christi
871 2251 1185 2323 passionem
1213 2264 1242 2302 a
1268 2245 1554 2301 Romanis.
1589 2246 1695 2300 Per
1718 2246 1907 2301 horam
1942 2260 2072 2301 vero

476 2351 724 2419 intellige
753 2357 996 2416 tempus.

547 2447 701 2501 \‘ers.
736 2441 835 2497 ‘22.
888 2437 988 2494 Vos
1021 2466 1093 2479 —
1126 2437 1339 2492 scimus.
1362 2434 1687 2501 Quanquam
1719 2430 1861 2486 enim
1908 2447 2068 2486 eum-

479 2541 605 2594 dem
649 2535 821 2590 Deum
858 2529 1116 2587 colebant
1160 2524 1488 2582 Samaritani
1540 2531 1594 2577 et
1638 2520 1834 2585 Judaei,
1888 2531 2073 2576 tamen

473 2626 811 2689 Samaritani
856 2625 1207 2695 ignorabant,
1250 2618 1393 2690 quod
1427 2619 1675 2672 omnium
1708 2614 1954 2687 gentium
1989 2630 2076 2670 es-

470 2733 561 2779 set
610 2719 879 2776 Dominus
927 2714 1347 2786 :opinabantur
1397 2710 1694 2782 siquidem,
1743 2710 1890 2780 quod
1944 2709 2074 2764 solis

475 2808 1038 2877 Samaritanis_atque
1062 2802 1270 2859 Judeis
1296 2800 1697 2869 dorﬁnaretur.
1732 2799 1903 2855 Judtei
1942 2816 2072 2855 vero

470 2900 901 2975 cognoscebant,
946 2896 1093 2966 quod
1143 2894 1392 2950 omnium
1427 2893 1673 2963 gentium
1708 2901 1853 2947 esset
1889 2891 2073 2945 Domi-

469 3012 578 3053 nus
618 2994 992 3063 omnipotens.
1031 2988 1162 3043 Ideo
1189 2986 1330 3042 dixit
1370 2986 1436 3041 ad
1472 2985 1617 3040 illam
1652 3002 1666 3039 :
1705 2984 1805 3041 Vos
1831 2986 2073 3040 adorat's

477 3091 619 3162 quod
644 3085 882 3149 nescitis,
912 3084 1016 3138 hoc
1042 3089 1149 3148 est,
1181 3080 1339 3150 cujus
1365 3088 1694 3151 potestatem
1722 3093 1832 3133 non
1863 3093 2071 3149 cogno-

470 3185 663 3248 scitis;
697 3189 753 3236 et
799 3179 1043 3245 seipsum
1092 3172 1301 3230 Iudaeis
1338 3172 1778 3239 counumeravit,
1829 3172 2020 3228 dicens
2054 3189 2067 3226 :

470 3276 585 3333 Nos
624 3274 915 3329 adoramus
960 3269 1099 3342 quod
1159 3268 1378 3331 scimus,
1440 3268 1568 3337 quia
1628 3277 1685 3323 et
1743 3282 1807 3322 ex
1866 3267 2067 3323 Jud.eis

467 3379 589 3427 erat
623 3367 967 3440 progenitus,
1005 3372 1060 3419 et
1094 3362 1458 3418 Samaritana
1486 3360 1715 3417 Jndzeus
1748 3362 2063 3417 videbatur.

476 3465 685 3520 lteinde
730 3461 895 3516 etiam
933 3457 1166 3522 inducit,
1202 3455 1348 3527 quod
1381 3456 1561 3525 majus
1595 3465 1682 3511 est
1721 3473 1733 3508 :

527 3552 685 3609 Vers.
728 3552 819 3606 τε.
861 3548 1000 3615 Quia
1029 3577 1094 3590 -—
1138 3557 1234 3603 est.
1272 3545 1754 3602 Samaritanorum
1805 3549 1953 3603 salus
2003 3564 2069 3601 ex

465 3647 669 3705 Judssis
706 3654 823 3708 est;
871 3657 995 3698 nam
1034 3640 1104 3695 ab
1136 3640 1244 3695 illis
1287 3638 1606 3696 didicerunt
1653 3641 1825 3696 Deum
1861 3658 2069 3710 cogno-

467 3757 650 3807 scere,
684 3748 742 3795 et
801 3737 947 3793 idola
1002 3750 1296 3807 respuere.
1345 3736 1455 3788 Aut
1510 3733 1618 3789 alio
1667 3736 1831 3790 modo
1854 3744 1880 3789 ‘:
1910 3736 2069 3789 Salus

468 3834 659 3891 mundi
705 3848 772 3887 ex
804 3828 1017 3886 Judeis
1048 3837 1154 3891 est,
1188 3842 1317 3882 cum
1352 3826 1422 3882 ab
1451 3826 1531 3882 eis
1570 3825 1826 3881 Christus
1876 3827 1948 3883 sit
1986 3828 2068 3883 in-

466 3937 726 3985 carnatus

538 4020 703 4075 γει-ε.
760 4017 853 4075 25.
886 4015 991 4073 Sed
1045 4044 1115 4056 -——
1157 4016 1403 4069 veritate.
1435 4012 1538 4068 Ubi
1568 4011 1787 4070 Judaeos
1820 4013 2066 4071 Samari-

467 4118 616 4173 tanis
654 4112 1063 4186 pmposuisset,
1109 4124 1327 4163 rursum
1364 4122 1510 4163 nunc
1545 4106 1752 4163 Judteis
1790 4111 2063 4179 praeponit

462 4209 829 4270 Christianos,
867 4216 923 4258 ut
983 4202 1297 4273 suspicione
1328 4213 1510 4257 careat
1544 4203 1810 4273 praelatio,
1856 4214 1911 4259 et
1956 4223 2066 4260 non

464 4311 728 4375 appareat
773 4297 977 4353 Judaais
1027 4295 1319 4368 gratiﬁcari
1354 4302 1612 4366 tanquam
1647 4295 1893 4351 Judaeus.
1963 4296 2063 4353 Ubi

463 4406 651 4451 autent
693 4391 834 4447 dixit
865 4408 879 4443 :
915 4387 1062 4441 Venit
1099 4397 1326 4455 tempus,
1378 4402 1447 4441 ne
1484 4396 1720 4456 putaret,
1751 4388 1882 4443 illud
1911 4391 2067 4446 dilIe-

464 4484 725 4549 tendum,
760 4479 1047 4550 subjunxit
1076 4496 1089 4530 :
1128 4476 1195 4532 Et
1224 4495 1364 4532 nunc
1394 4479 1615 4540 est,sive
1640 4480 1752 4548 jam
1784 4482 2063 4546 imminet,

464 4584 660 4635 instat.

545 4672 721 4725 Veros
777 4670 909 4725 item
950 4666 1269 4721 adoratores
1314 4663 1444 4719 dicit
1479 4679 1575 4719 eos
1619 4666 1711 4736 qui
1751 4667 1805 4721 in
1842 4683 1901 4724 se
1939 4685 2061 4724 cre-
2098 4691 2141 4746 υ

465 4766 627 4830 dunt,
665 4764 761 4835 qui
799 4764 867 4819 de
902 4762 1145 4817 Ecclesia
1173 4769 1328 4823 sunt,
1365 4768 1622 4828 tanquam
1660 4776 1787 4817 vere
1815 4765 2062 4821 colentes

463 4869 516 4912 et
546 4874 656 4911 non
691 4858 745 4911 in
789 4857 1002 4910 umbris
1033 4854 1363 4920 servientes,
1396 4855 1539 4911 sicut
1577 4854 1751 4910 Judaei
1786 4868 1840 4911 et
1874 4857 2062 4913 Sama-

470 4953 674 5019 ritani;
722 4967 850 5006 nam
893 4950 1076 5004 omnis
1133 4947 1331 5001 borum
1391 4950 1630 5004 servitus
1697 4951 1892 5005 umbra
1945 4962 2061 5005 erat

471 5057 527 5101 ct
580 5047 751 5116 ﬁgura
803 5042 1071 5098 veritatis.
1132 5040 1257 5095 Veri
1312 5056 1442 5113 ergo
1491 5042 1808 5098 adoratores
1861 5045 2056 5099 adora—

462 5138 602 5191 bunt
642 5135 860 5190 Patrem
901 5148 1011 5186 non
1052 5132 1105 5186 in
1158 5146 1410 5202 corpore,
1455 5132 1551 5186 sed
1585 5133 1637 5185 in
1688 5134 1909 5202 spiritu,
1954 5136 2058 5187 hoc

457 5241 563 5295 est,
598 5244 703 5284 non
737 5244 830 5299 per
866 5226 1180 5297 corporales
1223 5225 1490 5291 victimas,
1537 5226 1631 5281 sed
1663 5243 1760 5296 per
1797 5230 2057 5297 sp'ritua-

572 5392 614 5423 ⁶⁶¹
648 5389 895 5461 Sophon.
933 5405 991 5455 ιι,
1030 5390 1109 5444 ll.

2181 674 2295 741 ὄρει
2330 673 2489 741 λόγος
2534 676 2763 744 ἀρχαῖος
2815 676 3021 745 ἱστορεῖ
3062 675 3158 729 τὸν
3204 676 3458 749 ’Δὸραὰμ
3502 677 3757 744 ἀνενηνο⁴

2180 766 2332 837 χέναι
2393 770 2486 821 τὸν
2551 769 2741 822 Ἰσαὰκ
2784 771 2864 833 είς
2912 768 3104 823 θυσίαν
3136 769 3212 840 τῷ
3245 770 3383 841 Θεῷ.
3418 769 3489 823 Ἢ
3520 769 3757 837 πατέρας

2180 855 2304 913 εἷπε
2358 863 2452 914 τὸν
2509 860 2705 915 Ἰακὼδ
2758 864 2853 915 καί
2893 862 3018 927 τοὺς
3048 862 3197 925 υἱοὺς
3229 862 3417 917 αὑτοῦ.
3450 863 3557 916 Καὶ
3583 862 3692 931 γὰρ
3732 863 3759 913 ό

2194 952 2389 1007 Ἰακὼῦ
2416 954 2648 1027 ἔστησεν
2680 958 2801 1008 ἐκεῖ
2831 955 3221 1027 θυσιαστήριον
3254 957 3350 1010 καὶ
3381 954 3755 1027 προσεκύνησε

2178 1046 2270 1098 τὸν
2303 1046 2458 1102 Θεόν.
2507 1047 2570 1100 Ἦ
2627 1050 2726 1118 μὲν
2759 1048 2853 1101 οὖν
2890 1050 3025 1118 γυνὴ
3070 1050 3393 1121 προσήγαγε
3423 1049 3522 1120 τὴν
3549 1046 3759 1117 ἐρώτη·

2180 1151 2288 1201 σιν,
2324 1138 2549 1207 οἰομένη
2582 1141 2832 1209 κρεῖττον
2863 1136 3001 1192 εἶναι
3036 1141 3096 1192 τὸ
3127 1139 3307 1209 δόγμα
3337 1140 3446 1192 τῶν
3478 1140 3759 1209 Σαμαρει-

2178 1228 2287 1281 τῶν
2314 1232 2468 1300 παρὰ
2495 1232 2556 1283 τὸ
2585 1231 2693 1285 τῶν
2751 1232 3047 1297 Ἰουδαίων,
3083 1232 3180 1284 καὶ
3220 1233 3312 1285 τὸν
3357 1236 3519 1285 τόπον
3564 1228 3758 1301 τιμιώ-

2177 1340 2337 1395 τερον
2366 1324 2460 1377 τοῦ
2511 1324 2674 1396 ὅρους
2725 1328 2939 1387 ἐκείνου
2974 1328 3127 1397 παρᾶ
3171 1323 3262 1378 τὸν
3317 1325 3423 1379 τῶν
3469 1324 3758 1396 Ἱεροσολύ-

2180 1432 2329 1487 μων·
2387 1417 2417 1470 ὁ
2464 1417 2521 1471 δὲ
2571 1418 2809 1489 Χριστὸς
2864 1419 3085 1489 πρῶτον
3149 1417 3249 1487 μὲν
3307 1420 3399 1470 καὶ
3433 1415 3760 1486 ἀμεροτέρων

2177 1504 2285 1557 τῶν
2337 1506 2520 1559 τόπων
2567 1508 2786 1577 ἀναιρεῖ
2828 1511 2895 1560 τὰ
2946 1507 3238 1578 πρεσϐεῖα,
3292 1506 3381 1560 διὰ
3426 1507 3489 1559 τὸ
3546 1506 3761 1576 μέλλειν

2176 1599 2301 1649 ὅσον
2336 1597 2489 1651 οὔπω
2524 1600 2801 1668 παυθῆναι
2828 1601 2928 1662 τὰς
2963 1602 3020 1651 ὲν
3058 1600 3289 1662 ἐκείνοις
3314 1599 3571 1669 λατρείας
3596 1615 3607 1627 ·
3642 1593 3760 1651 εἶτα

2177 1692 2473 1761 ἀποφαίνει
2547 1694 2676 1755 τοὺς
2761 1691 3055 1756 Ἰουδαίους
3127 1691 3239 1762 (69)
3319 1692 3751 1761 συνετωτέρους·

2178 1782 2371 1836 ἔπειτα
2407 1784 2734 1852 παρανοίγει
2763 1784 2824 1835 τὸ
2874 1784 3051 1852 δόγμα
3080 1782 3180 1852 τῆς
3212 1782 3517 1845 εὐσεὸείας.

2249 1876 2514 1945 Λέγει-
2550 1876 2751 1943 πατρί.
2788 1874 3068 1948 [Σοφονίου
3104 1876 3240 1947 (70).
3268 1876 3374 1929 Καὶ
3411 1876 3759 1945 προσκυνή-

2105 1958 2145 2013 Β
2178 1986 2403 2025 σουσιν
2436 1967 2597 2034 αὐτῷ
2632 1968 2894 2035 ἕκαστος
2926 1972 2992 2022 ἐκ
3031 1968 3135 2023 τοῦ
3166 1969 3354 2022 τόπου
3382 1966 3617 2039 αὐτοῦ.]

2260 2061 2544 2117 Ἐντεῦθεν
2575 2065 2966 2132 προαναφωνεί
2993 2062 3091 2131 τὴν
3119 2060 3417 2114 κατάλυσιν
3448 2063 3549 2130 τῆς
3579 2061 3763 2127 Σαρα-

2178 2156 2430 2227 ρειτικῆς
2482 2155 2616 2226 ἐμοῦ
2654 2157 2748 2209 καὶ⁵
2806 2154 3109 2223 Ἰουδαῖκῆς
3161 2154 3437 2224 λατρείας,
3466 2154 3533 2224 ἠν
3560 2152 3763 2203 πεπόν-

2177 2250 2336 2305 θασιν
2417 2248 2900 2321 ἐξολοθρευθὲντες
2954 2246 3061 2299 ὑπὸ
3128 2244 3417 2315 Ῥωμαίων
3477 2244 3615 2315 μετὰ
3665 2240 3764 2313 τὴν

2176 2343 2616 2416 χριστοκτονίαν.
2655 2342 2827 2412 Ὥραν
2859 2340 2916 2394 δὲ
2946 2340 3056 2393 νόει
3078 2340 3180 2414 ,τον
3211 2337 3423 2407 καιρόν.

2261 2437 2450 2508 Ὑμεῖς
2482 2467 2551 2478 -—
2581 2434 2854 2504 οἴδαμεν.
2893 2434 2957 2486 Εἰ
2990 2436 3098 2503 γὰρ
3151 2432 3246 2486 καὶ
3296 2431 3387 2484 τὸν
3431 2428 3594 2483 αὐτὸν
3627 2427 3762 2480 Θεὸν

2175 2531 2431 2586 ἐσέϐοντο
2480 2531 2824 2601 Σαμαρεῖται
2877 2528 2975 2580 καὶ
3034 2525 3325 2579 Ἰουδαῖοι·
3381 2521 3518 2577 ἀλλὰ
3578 2520 3762 2589 Σαμα-

2182 2627 2357 2698 ρεῖται
2416 2624 2516 2695 μὲν
2573 2621 2806 2693 ὴγνόουν
2858 2621 2941 2674 ὅτι
2992 2618 3211 2672 πάντων
3264 2616 3374 2670 τῶν
3413 2614 3583 2669 ἐθνῶν
3640 2614 3756 2668 Κύ-

2178 2722 2293 2793 ριός
2349 2724 2496 2775 ὲστιο
2557 2719 2735 2791 μόνων
2772 2718 2882 2789 γὰρ
2938 2713 3302 2788 Σαμαρειτῶν
3358 2714 3453 2768 καὶ
3492 2712 3761 2766 Ἰουδαίων

2174 2813 2460 2878 δεσπόζειν
2514 2812 2678 2865 αὑτὸν
2719 2807 3137 2879 ὑπελάμόανονο
3209 2805 3448 2859 Ἰουδαῖοι
3481 2804 3536 2858 δὲ
3572 2804 3757 2873 ὲγί-.ω-

2177 2923 2307 2960 σκον
2341 2906 2423 2959 ὅτι
2454 2902 2857 2973 παντοκράτωρ
2888 2900 3027 2953 ἐστί.
3058 2898 3159 2952 Διὰ
3202 2898 3364 2951 τοῦτο
3400 2898 3535 2967 πρὸς
3589 2896 3759 2967 αὐτὴν

2174 2995 2329 3053 εἶπεν
2366 2999 2449 3052 ὅτι
2506 2995 2693 3066 Ὑμεῖς
2717 2991 3119 3063 προσκυνεῖτε
3146 2991 3177 3045 ὃ
3215 2993 3327 3045 οὐκ
3353 2990 3571 3054 οἴδατε,
3606 3005 3759 3042 τουτ-

2174 3094 2345 3160 έστιν,
2394 3087 2454 3146 οὗ
2512 3091 2608 3162 τὴν
2661 3089 2916 3155 ἐξουσίαν
2972 3087 3075 3140 οὐκ
3123 3085 3320 3139 οἴδατε.
3385 3086 3494 3137 Καὶ
3568 3085 3761 3135 ἑαυτὸν

2173 3187 2229 3240 δὲ
2254 3185 2510 3251 συνέταξε
2542 3185 2651 3245 τοῖς
2690 3180 2984 3242 Ἰουδαίοις·
3015 3173 3215 3246 Ἡμεῖς
3239 3176 3369 3245 γὰρ,
3401 3175 3554 3245 φησὶ,
3581 3191 3764 3243 προσ-

2176 3278 2483 3346 κυνοῦμεν
2549 3276 2580 3329 ὃ
2640 3273 2925 3343 οῖδαμενη
2993 3271 3131 3325 διότι
3204 3270 3302 3324 καὶ
3367 3268 3427 3334 ἐξ
3492 3268 3761 3322 Ἰουδαίων

2178 3373 2507 3442 έῦλάστησε,
2564 3370 2660 3423 καὶ
2722 3367 2982 3428 Ἰουδαῖος
3029 3366 3097 3435 τῇ
3151 3362 3508 3437 Σαμαρείτιδι
3559 3361 3757 3426 ἔδοξεν.

2177 3465 2309 3521 Εἶτα
2336 3465 2533 3533 ἐπάγει.
2564 3463 2659 3518 καὶ
2695 3461 2756 3515 τὸ
2790 3460 2977 3530 μεῖζον
2998 3475 3014 3491 ·

2249 3560 2382 3613 "Ott
2411 3589 2479 3599 —
2511 3557 2705 3611 ἐστίν.
2770 3556 2838 3608 Ἥ
2897 3552 3148 3625 σωτηρία
3174 3551 3281 3605 τῶν
3310 3549 3667 3620 Σαμαρειτῶν
3698 3553 3759 3603 ὲκ

2176 3653 2285 3706 τῶν
2322 3648 2597 3705 Ἰουδαίων
2624 3647 2775 3702 ἐστίν
2800 3664 2814 3679 °
2855 3646 2916 3713 ἐξ
2948 3646 3131 3700 αὐτῶν
3171 3646 3277 3715 γὰρ
3329 3642 3533 3713 ἔμαθον
3562 3641 3760 3696 εἰδέναι

2174 3750 2266 3802 τὸν
2296 3747 2451 3814 Θεὸν,
2491 3744 2589 3799 καὶ
2636 3741 3078 3812 καταγινώσκειν
3113 3739 3223 3792 τῶν
3265 3736 3524 3790 είδώλων.
3564 3735 3630 3789 ἸΙ
3664 3735 3761 3789 καὶ

2175 3842 2415 3911 ἑτέρως·
2453 3836 2514 3891 'll
2548 3836 2796 3907 σωτηρία
2837 3834 2931 3888 τοῦ
2974 3836 3183 3903 κόσμου
3216 3833 3280 3884 ὲκ
3312 3830 3421 3883 τῶν
3469 3826 3757 3881 Ἰουδαίων.

2175 3936 2236 4002 ἐξ
2270 3932 2449 3987 αὐτῶν
2475 3932 2584 4002 γὰρ
2611 3934 2637 3983 ὁ
2670 3928 2908 4001 Χριστὸς
2942 3926 3391 3997 ὲνηνθρώπησεν.

2258 4026 2412 4081 Ἀλλ’
2434 4055 2505 4067 -
2539 4026 2814 4091 ἀλήθεια.
2874 4023 3230 4091 Προτιμήσας
3258 4018 3367 4071 τῶν
3402 4016 3760 4088 Σαμαρειτῶν

2172 4123 2301 4185 τοὺς
2356 4118 2670 4182 Ἰουδαίους,
2718 4114 2813 4170 νῦν
2852 4114 3095 4186 προτιμᾷ
3138 4112 3303 4166 πάλιν
3348 4110 3455 4164 τῶν
3484 4110 3757 4163 Ἰουδαίων

2172 4215 2303 4278 τοὺς
2330 4209 2723 4283 Χριστιανοὺς,
2767 4207 2857 4261 ἵνα
2886 4205 3257 4273 ἀνύποπτοςή
3292 4204 3627 4274 προτίμησις
3663 4202 3757 4269 γέ-

2172 4324 2332 4377 νηται
2365 4304 2462 4357 καὶ
2510 4301 2586 4375 μὴ
2637 4302 2762 4373 δόξῃ
2819 4295 3293 4370 καταχαρίζεσθαι
3317 4297 3429 4359 τοῖς
3458 4294 3755 4358 Ἰουδαίοις,

2172 4401 2247 4462 ῶς
2287 4398 2563 4459 Ἰουδαῖος.
2602 4394 2789 4449 Εἰπὼν
2820 4395 2875 4447 δὲ
2910 4395 2991 4448 ὅτι
3026 4394 3305 4462 Ἔρχεται
3358 4388 3500 4457 ὥρα,
3556 4389 3645 4441 ἴνα
3682 4387 3756 4458 μὴ

2174 4489 2377 4560 νομίσῃ
2414 4486 2701 4558 βραδύνειν
2732 4484 2928 4555 αὐτὴν,
2977 4482 3316 4555 προσέθηκεν
3371 4482 3453 4533 ὅτι
3502 4479 3611 4533 Καὶ
3642 4478 3758 4533 νῦν

2171 4582 2369 4648 ἐστιν,
2398 4581 2571 4649 ἤγουν
2602 4581 2895 4649 ἐνέστηκεν
2928 4578 3052 4649 ἤδη.

2243 4674 2572 4747 Ἀληθινοὺς
2598 4672 2654 4725 δὲ
2690 4672 3078 4743 προσκυνητὰς
3110 4670 3261 4737 λέγει
3292 4667 3418 4730 τοὺς
3454 4664 3747 4719 πιστεύον-

2169 4788 2268 4833 τας
2294 4770 2374 4831 είς
2401 4768 2589 4832 αὑτὸν,
2635 4765 2761 4827 τοὺς
2805 4765 2905 4832 τῆς
2949 4762 3280 4831 Ἐκκλησίας
3310 4760 3384 4823 ὡς
3420 4757 3636 4828 ἀληθῶς
3668 4758 3753 4809 σέο

2172 4864 2394 4925 δοντας.
2426 4862 2524 4914 καὶ
2546 4861 2648 4912 οὐκ
2676 4861 2731 4911 ὲν
2782 4861 2966 4919 σκιαῖς
3002 4856 3368 4925 λατρεύοντας
3403 4854 3477 4916 ῶς
3507 4851 3751 4905 Ἰουδαῖο;

2170 4957 2267 5009 καὶ
2300 4956 2667 5026 Σαμαρεῖται.
2702 4954 2859 5006 Πᾶσα
2898 4954 3006 5022 γὰρ
3037 4952 3069 5021 ἡ
3112 4948 3340 5021 λατρεία
3370 4947 3575 5001 τούτων
3626 4946 3749 4999 σκιὰ

2167 5042 2365 5117 ἦν’καὶ
2406 5044 2760 5117 προτύπωσις
2805 5044 2904 5113 τῆς
2955 5041 3239 5113 ἀληθείας.
3303 5033 3464 5093 Οὗτοι
3514 5036 3645 5106 γοῦν
3703 5038 3749 5089 οἱ

2170 5136 2421 5205 ἀληθινοὶ
2474 5134 2859 5205 προσκυνηταὶ
2912 5134 3241 5203 λατρεύουσι
3291 5130 3403 5201 (71)
3449 5128 3526 5200 τῷ
3574 5131 3750 5199 Πατρὶ

2172 5227 2272 5279 οὐκ
2302 5228 2360 5280 έν
2396 5224 2612 5297 σώματι
2665 5226 2779 5279 ἀλλ’
2814 5230 2871 5281 ἐν
2905 5225 3201 5296 πνεύματι,
3232 5225 3512 5278 τουτέστιν
3564 5224 3627 5277 οὐ
3659 5222 3744 5276 διὰ

1696 5461 1897 5521 Varias
1937 5459 2243 5525 lectiones
2276 5469 2338 5525 et
2362 5470 2555 5526 notis.

536 5628 650 5701 (69)
676 5627 1089 5701 Συνετωτέρους
1160 5626 1316 5701 abest
1347 5626 1558 5701 A.7Hoc
1594 5627 1859 5701 vocabulo
1895 5628 2043 5701 vidc-

462 5696 553 5753 tnr
587 5696 839 5755 lientenii
875 5696 1039 5751 etiam
1077 5699 1249 5752 codex
1288 5700 1548 5753 caruisse.
1611 5696 1749 5768 Ergo
1811 5700 2049 5755 reddidit

457 5773 700 5845 μηνίει-ι,
735 5770 969 5845 Sensum
1014 5784 1144 5845 ergo
1192 5772 1485 5845 expressit,
1515 5786 1655 5845 non
1724 5772 2046 5826 vocabulum

462 5841 777 5910 αποραίνει.
810 5841 1080 5910 Προτιμᾷ,
1144 5843 1434 5910 προκρίνει
1475 5841 1637 5895 nimis
1700 5844 1966 5896 recedunt
2020 5861 2048 5897 at

466 5909 715 5966 meorum
744 5910 904 5964 codd.
939 5909 1194 5964 lectione.

536 5983 653 6055 (70)
685 5982 810 6039 llaac
840 5991 1065 6052 uterque
1094 5982 1155 6034 in
1191 5981 1456 6054 margine.
1493 5983 1695 6039 Eadem
1722 5983 1886 6041 etiam
1923 5985 2046 6042 cod.

2157 5632 2199 5684 Α
2244 5631 2414 5686 habet
2442 5632 2493 5685 in
2531 5638 2813 5692 contextu,
2850 5638 2975 5698 post
3002 5632 3408 5701 προσκυνήσετε
3439 5627 3515 5699 τῷ
3541 5630 3582 5683 [1
3613 5632 3736 5697 τρε.

2155 5702 2226 5757 Et
2258 5703 2482 5772 quidem
2528 5702 2723 5756 litteris
2749 5702 3087 5770 majusenlis,
3119 5701 3317 5769 quibus
3343 5702 3542 5771 reliqua
3598 5706 3738 5755 sai-ri

2153 5784 2448 5829 contextus
2514 5775 2717 5843 scripta
2772 5782 2920 5827 sunt.
2958 5772 3052 5827 Est
3085 5788 3213 5841 ergo
3263 5783 3365 5828 hoc
3393 5772 3742 5827 manifestum

2157 5844 2425 5899 indicrum
2469 5844 2750 5913 particula:
2778 5858 2843 5897 ex
2883 5860 3057 5914 marg.
3096 5846 3150 5897 in
3186 5852 3395 5898 textum
3440 5844 3737 5899 translata'.

2230 5918 2343 5989 (7|)
2386 5916 2549 5971 Forte
2596 5915 3012 5985 λατρεύσουσιν.
3046 5928 3103 5969 ut
3138 5916 3295 5971 habet
3329 5914 3645 5971 iltntenius.
3676 5914 3734 5968 In

2156 5997 2309 6045 textu
2347 5990 2513 6044 etiam
2538 5997 2619 6043 est
2675 5992 3169 6058 προσκυιλῂσουςιν.
