4010 6488
534 365 678 443 1203

601 489 729 546 Alio
759 496 939 544 autem
983 495 1228 559 tempore
1261 485 1590 543 Samaritani
1626 498 1736 538 non
1792 487 2130 550 exceperunt
2162 480 2204 537 Α

529 601 682 648 enim,
721 592 909 655 utpote
960 581 1197 638 amicum
1235 580 1568 646 Judzeorum,
1618 577 1710 648 qui
1757 575 2020 631 adversus
2070 588 2129 628 se

1757 361 2144 432 EUTHYMII
2181 362 2551 428 ZlGABENI

3691 353 3827 419 19(Ξᾷ

2319 478 2411 532 Ἐν
2445 477 2619 550 ἑτέρῳ
2656 478 2712 532 δὲ
2744 477 2922 550 καιρῷ
2966 478 3015 531 οἱ
3046 443 3386 545 Σαμαρεῖται
3420 470 3524 527 οὐκ
3572 471 3827 538 ιδὲξαντο

2235 571 2399 626 αὐτὸν
2427 571 2500 635 ὡς
2534 569 2687 641 φίλον
2730 568 3003 624 Ἰουδαίων
3039 565 3150 620 τῶν
3181 560 3579 635 ἐχθραινόντων
3615 562 3822 622 αὐτοῖς.

527 673 845 732 inimicitias
873 674 1229 731 exercebant.
1269 672 1401 728 Nam
1430 670 1535 727 hoc
1565 668 1788 740 scripsit
1818 668 1996 724 Lucas
2028 667 2118 721 tri-

2239 669 2405 723 Τοῦτο
2458 667 2567 738 γὰρ
2606 668 2634 720 δ
2678 666 2897 728 Λουκᾶς
2949 662 3242 733 ἱστόρησεν
3279 661 3336 714 ἑν
3383 657 3460 740 τῷ
3509 657 3822 728 τριακοστῷ

525 770 742 826 cesimo
791 768 1035 824 secundo
1085 767 1263 840 capite
1302 768 1369 822 ".
1410 765 1515 821 Sed
1568 765 1642 820 illi
1692 773 1850 820 erant
1905 763 1995 819 alii
2059 761 2130 819 ab

527 861 668 917 istis.
720 860 798 917 Illi
833 861 1108 932 siquidem
1139 861 1319 915 vicum
1375 859 1670 931 quemdam
1721 857 1983 914 Samaria:
2040 855 2127 909 in-

525 953 870 1017 habitabant,
907 953 998 1008 isti
1046 967 1175 1008 vero
1204 952 1503 1007 civitatem.

601 1045 753 1100 Vers.
799 1045 890 1103 43.
930 1045 1059 1100 Post
1096 1073 1169 1085 -—
1217 1041 1376 1100 Vers.
1422 1045 1516 1101 44.
1558 1042 1809 1098 Habent.
1853 1039 1965 1095 Cur
2016 1051 2125 1093 non

521 1139 718 1195 abierit
753 1147 883 1194 tunc
928 1121 1077 1193 recta
1135 1137 1505 1209 Capernaum,
1553 1151 1675 1208 quae
1723 1134 1898 1205 patria
1948 1130 2124 1202 ipsius

523 1234 848 1299 habebatur,
881 1248 1106 1290 causam
1155 1232 1336 1288 reddit
1375 1246 1389 1284 :
1428 1231 1557 1302 quia
1613 1227 1872 1284 videlicet
1913 1225 1970 1280 hi
2027 1223 2122 1294 qui

519 1326 572 1380 in
605 1341 670 1380 ea
715 1327 1098 1391 morabantur,
1140 1324 1382 1379 animum
1420 1339 1532 1378 non
1596 1318 1967 1392 applieabanl,
2021 1330 2125 1386 nec

518 1415 976 1485 obtemperabant
1025 1415 1102 1470 illi
1159 1424 1347 1486 utpote
1423 1413 1777 1468 familiares:
1849 1409 2121 1482 siquidem

518 1507 870 1563 familiaritas
894 1507 1049 1563 facile
1083 1515 1272 1562 causat
1298 1506 1645 1577 despectum.

587 1601 874 1667 Quomodo
906 1612 1090 1656 autem
1151 1609 1386 1656 testatus
1433 1599 1504 1655 sit
1552 1598 1736 1659 Iesus.
1797 1597 1947 1669 quod
1992 1612 2122 1668 pro-

515 1692 680 1762 pheta
716 1692 770 1746 in
799 1691 978 1763 patria
1011 1707 1109 1748 sua
1144 1693 1408 1748 honorem
1445 1707 1560 1746 non
1593 1690 1814 1754 habeat,
1845 1704 2032 1760 quaere
2059 1688 2118 1743 in

515 1786 626 1840 fine
662 1785 911 1841 vicesimi
947 1785 1129 1858 quarti
1184 1785 1381 1857 capitis
1435 1783 1717 1858 Evangelii
1771 1783 1930 1854 juxta
1979 1781 2117 1837 Mat-

2228 761 2469 833 δευτέρῳ
2499 758 2803 830 κεφαλαίῳ.
2845 756 2988 811 Ἀλλ’
3034 756 3235 807 ἐκεῖνοι
3276 751 3451 820 ἕτεροι
3477 746 3619 823 ἦσαν
3668 752 3820 820 παρᾶ

2228 855 2474 918 τούτους.
2537 852 2769 907 Ἐκεῖνοι
2807 853 2908 922 μὲν
2954 849 3062 918 γὰρ
3101 846 3302 917 κώμην
3330 844 3454 899 τινὰ
3494 843 3596 914 τῆς
3628 842 3823 912 Σαμα-

2230 955 2386 1026 ρείας
2413 952 2591 1026 ᾤκουν
2613 967 2627 981 ’
2660 945 2808 1007 οὗτοι
2833 948 2892 1002 δὲ
2915 947 3091 1001 πόλιν.

2303 1051 2466 1102 Μετά
2494 1075 2564 1087 -—
2592 1043 2736 1100 ἐκεῖ.
2766 1044 2914 1098 Διότι
2941 1041 3063 1094 τότε
3092 1041 3192 1094 οὐκ
3219 1038 3457 1109 ἀπῆλθεν
3481 1034 3664 1097 ιδικῶς
3706 1032 3818 1100 (77)

2231 1144 2310 1206 είς
2347 1140 2731 1213 Καπερναοὺμ
2763 1137 2864 1209 τὴν
2892 1135 3161 1190 δοκοῦσαν
3193 1133 3426 1200 πατρίδα
3451 1129 3642 1190 αὐτοῦ,
3665 1127 3820 1195 τίθη-

2230 1252 2317 1288 σιν
2344 1233 2525 1289 αἰτίαν
2549 1233 2632 1287 ὅτι
2660 1231 2722 1286 οὐ
2753 1232 3051 1300 προσεῖχον
3094 1226 3243 1296 αὐτῷ
3274 1227 3324 1278 ot
3369 1225 3427 1277 ἑν
3464 1224 3630 1292 αὐτῇ,
3647 1237 3821 1274 κατα-

2227 1319 2556 1392 φρονοῦντες
2607 1321 2684 1383 ὡς
2733 1318 3021 1390 συνήθους.
3066 1314 3139 1370 Th
3172 1314 3404 1386 σύνηθες
3434 1316 3541 1383 γὰρ
3581 1313 3820 1365 εὐκατα-

2227 1433 2260 1484 gs
2272 1415 2512 1487 ρόνητον.

2298 1601 2407 1655 Ποῦ
2440 1600 2496 1654 δὲ
2530 1601 2556 1654 ό
2596 1597 2804 1670 Ἰησοῦς
2852 1557 3241 1669 ἐμαρτύρησεν
3291 1595 3378 1647 ὅτι
3424 1591 3714 1662 προφήτης
3759 1591 3818 1643 ὲν

2225 1696 2290 1765 τῇ
2329 1689 2438 1763 ίδίᾳ
2473 1689 2697 1762 πατρίδι
2730 1688 2898 1762 τιμὴν
2946 1689 3049 1741 οὐκ
3083 1687 3236 1758 ἑχει;
3278 1684 3387 1756 (78)
3419 1685 3528 1737 Καὶ
3580 1683 3808 1753 ζήτησοκ

2224 1786 2284 1838 ὲν
2314 1786 2389 1854 τῷ
2421 1783 2565 1837 τέλει
2612 1781 2707 1836 τοῦ
2743 1779 2998 1836 είκοστοῦ
3057 1780 3327 1851 τετάρτου
3375 1776 3676 1846 κεφαλαίου
3719 1777 3811 1827 τοί

518 1877 718 1944 timum
767 1887 821 1932 et
851 1841 1100 1934 invenies
1137 1877 1201 1933 ".
1237 1841 1504 1932 fiazareth
1537 1841 1960 1947 quuidem'patria
2000 1874 2118 1945 ejus

2239 1841 2373 1933 ιατιέ
2404 1876 2710 1941 Ματθαῖον,
2733 1875 2828 1930 καὶ
2857 1874 3137 1946 εὑρήσεις.
3165 1841 3276 1926 Ιίαὶ
3305 1841 3471 1943 γὰροη
3504 1870 3601 1941 μὲν
3623 1868 3817 1933 Ναζα-

513 1980 653 2037 erat,
709 1973 885 2042 patria
942 1972 1195 2028 videlicet
1243 1972 1438 2027 matris
1493 1971 1688 2042 ipsius,
1745 1981 1801 2024 et
1868 1969 1989 2040 ejus
2027 1964 2120 2039 qui

516 2064 813 2134 putabatur
857 2065 1051 2135 patris,
1124 2065 1178 2120 in
1247 2079 1354 2134 qua
1402 2065 1570 2119 etiam
1623 2063 1867 2118 nutritus
1915 2061 2116 2118 fuerat.

513 2156 860 2227 Capernaum
893 2172 1020 2212 vero
1053 2157 1362 2211 habebatur
1385 2155 1560 2223 patria
1592 2155 1761 2218 illius,
1789 2155 1938 2224 quod
1974 2154 2030 2208 in
2055 2169 2119 2209 ea

514 2244 811 2302 habitaret.
842 2246 932 2301 Ait
957 2245 1105 2300 enim
1148 2245 1456 2307 Mattbzeus,
1504 2243 1649 2314 quod
1705 2241 1894 2297 relicta
1941 2240 2116 2296 Naza-

511 2339 663 2407 retlt,
697 2338 929 2395 veniens
960 2337 1229 2394 habitavit
1260 2335 1710 2408 Capernaumj‘.

588 2525 746 2586 Vera.
802 2529 894 2584 45.
938 2523 1345 2593 Cum—festa.
1377 2521 1656 2578 Galilaeam
1702 2521 1944 2592 intellige
1989 2521 2121 2576 reli-

518 2636 657 2694 quas
695 2617 934 2675 Galilaca:
963 2613 1217 2672 civitates
1251 2629 1315 2670 ac
1354 2613 1525 2681 vicos,
1585 2621 1787 2684 praeter
1837 2627 1960 2668 eam
1996 2628 2120 2683 qua:

513 2713 741 2787 proprie
782 2712 974 2768 civitas
1033 2711 1155 2781 ejus
1185 2709 1495 2764 dicebatur.
1542 2708 1766 2766 Festum
1832 2724 1966 2765 vero
2009 2708 2116 2766 Pa-

513 2807 668 2872 scha,
728 2805 900 2862 veluti
950 2803 1194 2860 secundo
1228 2803 1407 2874 capite
1433 2802 1803 2875 signiﬁcatum
1833 2815 1942 2860 est.

583 2903 744 2960 Vere.
802 2900 893 2956 45.
939 2900 1084 2954 Nam
1135 2905 1183 2952 et
1229 2897 1423 2963 ipsi—
1451 2899 1664 2970 festum.
1731 2899 1868 2954 Nam
1925 2916 2116 2956 omnes

513 2997 681 3054 simul
717 2994 891 3052 Judtei
949 2990 1379 3062 Hierosolymam
1431 2991 1675 3062 undique
1721 3004 2117 3050 concurrentes

514 3091 714 3147 festum
747 3087 1120 3148 celebrabant.

1015 3207 1170 3265 CAP.
1219 3208 1314 3268 Vl.
1347 3208 1421 3266 De
1445 3209 1610 3282 regio.

588 3301 748 3358 νει-ε.
793 3303 884 3359 46.
943 3302 1179 3358 Venit—
1207 3304 1412 3359 vinum.
1458 3301 1519 3357 In
1563 3300 1841 3358 Galilaeam
1895 3301 2115 3373 quidem

511 3397 663 3452 venit
718 3407 944 3468 propter
996 3412 1188 3453 eorum
1243 3397 1534 3463 invidiam,
1587 3398 1681 3468 qui
1717 3395 1964 3452 Iudaeam
2028 3396 2116 3451 iu-

524 3490 976 3546 habitabantzin
1026 3491 1258 3561 patriam
1329 3499 1512 3547 autem
1571 3505 1726 3546 suam
1775 3505 1886 3545 non
1955 3490 2112 3558 abiit,

513 3585 642 3656 quia
671 3584 720 3639 ei
754 3599 861 3640 non
898 3584 1307 3650 auscultabant,
1348 3593 1403 3641 et
1441 3599 1511 3641 ne
1553 3585 1730 3651 maior
1765 3583 1845 3640 eis
1889 3583 2119 3639 accede-

512 3682 599 3730 ret
638 3672 1042 3729 condemnatio.
1096 3674 1153 3729 ln
1188 3673 1333 3730 Cana
1370 3675 1542 3740 venit,
1605 3675 1844 3745 primum
1893 3677 2114 3745 quidem

517 3764 785 3820 invitatus
838 3765 908 3820 ad
956 3764 1212 3836 nuptias;
1277 3781 1426 3820 nunc
1492 3781 1646 3831 vero,
1698 3775 1758 3820 ut
1799 3759 1963 3821 fidem
1993 3784 2115 3838 quae

513 3873 580 3913 ex
634 3857 780 3914 facto
854 3859 1006 3930 prius
1056 3860 1321 3916 miraculo
1391 3871 1725 3927 accesserat,
1791 3877 1888 3917 sua
1963 3879 2116 3932 pra:-

514 3951 690 4006 seutia
741 3951 1146 4007 confirmaret:
1201 3953 1311 4008 imo
1379 3954 1563 4024 potius
1637 3969 1734 4009 eos
1809 3954 2113 4010 attraheret

511 4043 743 4099 veniens
797 4059 908 4099 non
936 4053 1189 4112 vocatus,
1227 4060 1290 4100 ac
1339 4046 1534 4115 patriae
1575 4061 1691 4102 sua:
1745 4062 1843 4102 eos
1900 4063 2115 4120 pracpo-

513 4150 676 4190 nens.

591 4226 748 4284 Vers.
798 4229 885 4284 46.
938 4227 1006 4283 Et
1037 4228 1494 4299 —Capernaum.
1553 4233 1759 4305 ilegius
1819 4235 2105 4291 dicebatur

513 4323 603 4377 vel
637 4322 783 4392 quod
834 4322 983 4393 regio
1014 4331 1161 4377 esset
1204 4339 1428 4394 genere,
1479 4327 1563 4381 vel
1597 4328 1742 4397 quod
1791 4328 2113 4400 dignitatem

517 4424 720 4470 nactus
758 4424 902 4479 erat,
955 4430 984 4468 a
1037 4431 1150 4486 qua
1207 4417 1409 4488 llegius
1458 4420 1968 4490 cognominabatur,
2029 4425 2116 4479 vel

2225 1971 2321 2042 ρὲτ
2349 1964 2417 2041 ἦν
2450 1973 2651 2040 πατρὶς
2693 1967 2882 2034 αὐτοῦ,
2909 1967 2986 2030 ὡς
3009 1965 3212 2038 πατρὶς
3245 1965 3343 2034 τῆς
3385 1963 3588 2034 μητρὸς
3621 1960 3822 2031 αὐτοῧ⁹

2224 2065 2322 2118 καὶ
2385 2062 2485 2116 τοῦ
2542 2062 2832 2126 δοκοῦντος
2870 2058 3078 2131 πατρὸς
3126 2058 3320 2122 αὑτοῦ,
3351 2057 3446 2110 καὶ
3475 2056 3548 2120 ὡς
3585 2057 3644 2108 ἑν
3676 2055 3817 2124 αὐτῇ

2221 2153 2644 2226 τεθραμμένου·
2680 2154 2717 2223 ἡ
2741 2153 2799 2206 δὲ
2837 2150 3218 2222 Καπερναοὺμ
3248 2148 3426 2203 ἐδόκει
3475 2146 3677 2217 πατρὶς
3713 2144 3817 2196 αὐ-

2221 2242 2340 2307 τοῦ,
2363 2243 2440 2308 ὡς
2474 2244 2864 2306 κατοικοῦντος
2907 2246 2989 2306 είς
3023 2243 3221 2314 αὐτήν.
3244 2242 3385 2311 Φησὶ
3433 2239 3542 2310 γὰρ
3598 2242 3625 2292 ὁ
3655 2239 3817 2293 Ματ-

2222 2335 2375 2400 θαῖος
2396 2337 2478 2389 ὅτι
2521 2333 2844 2389 καταλιπὼν
2876 2334 2976 2406 τὴν
3012 2334 3268 2411 Ναζαρὲτ
3293 2331 3462 2387 ἐλθὼν
3491 2329 3821 2402 κατῴκησεν

2223 2414 2304 2496 είς
2335 2432 2748 2502 Καπερναοὺμ.

2292 2526 2433 2580 Ὅτε
2459 2555 2528 2565 —-
2555 2525 2757 2594 ἑορτῇ.
2783 2523 3078 2579 Γαλιλαίαν
3109 2525 3220 2579 νόει
3287 2521 3388 2586 τὰς
3420 2521 3582 2585 ἄλλας
3630 2519 3821 2583 πόλεις

2223 2621 2318 2674 καὶ
2367 2619 2562 2690 κώμας
2617 2620 2718 2688 τῆς
2776 2618 3071 2682 Γαλιλαίας
3147 2616 3304 2688 παρὰ
3347 2614 3444 2687 τὴν
3483 2613 3819 2683 δηλωθεῖσαν

2223 2714 2406 2778 ίδικῶς
2437 2713 2678 2785 πατρίδα
2708 2711 2906 2767 αὐτοῦ’
2927 2712 3135 2784 ’ἑορτὴν
3163 2710 3222 2765 δὲ
3247 2709 3348 2783 τὴν
3378 2708 3472 2763 τοῦ
3506 2709 3717 2777 Πάσχα,
3736 2707 3813 2769 ὡς

2221 2816 2278 2868 ἑν
2307 2812 2387 2884 τῷ
2422 2811 2668 2883 δευτέρῳ
2700 2789 2986 2880 κεφαλαίῳ
3021 2808 3340 2877 δεδήλωται.

2290 2909 2397 2962 Kal
2433 2905 2600 2960 αὐτοὶ
2632 2904 2743 2974 γὰρ
2771 2904 2788 2966 ί
2795 2902 2885 2974 79)
2915 2932 2986 2943 ——
3016 2901 3252 2971 ἑορτήν.
3282 2899 3451 2971 Ὁμοῦ
3478 2897 3586 2969 γὰρ
3611 2899 3666 2949 ἐν
3711 2898 3813 2950 'is-

2224 2999 2548 3074 ροσολύμοις
2592 2997 2839 3068 Ἑϐραῖοι
2867 2996 3070 3059 πάντες
3101 2993 3442 3065 πανταχόθεν
3474 2991 3585 3063 (80)
3621 3007 3814 3060 συνερ·

2219 3096 2440 3168 χόμενοι
2461 3091 2766 3166 ἑώρταζον.

2545 3207 2706 3262 ΚΕΦ.
2734 3208 2826 3276 q'.
2849 3205 2988 3274 Περὶ
3021 3204 3128 3260 τοῦ
3145 3203 3498 3269 βασιλικοῦ.

2289 3300 2522 3360 Ἦλθεν
2551 3330 2625 3344 -
2651 3296 2842 3356 οἶνον.
2884 3300 2978 3362 Είς
3038 3299 3138 3368 τὴν
3191 3296 3485 3351 Γαλιλαίαν
3539 3295 3638 3366 μὲν
3683 3289 3816 3365 ἦλθε

2217 3398 2304 3452 διὰ
2357 3397 2452 3449 τὸν
2519 3393 2717 3463 φθόνον
2753 3391 2864 3446 τῶν
2909 3388 3322 3445 κατοικούντων
3373 3387 3472 3458 τὴν
3513 3386 3814 3439 Ἰουδαίανο

2218 3495 2298 3552 είς
2332 3490 2428 3561 τὴν
2460 3489 2726 3561 ῥηθεῖσαν
2754 3487 2810 3540 δὲ
2834 3483 3075 3556 πατρίδα
3107 3480 3275 3536 αὑτοῦ
3307 3481 3410 3535 οὐκ
3454 3475 3815 3547 ἀπῆλθεν,ιῖ›ς

2221 3585 2296 3658 μὴ
2329 3582 2706 3654 προσέχουσαν
2733 3578 2906 3651 αὐτῷ,
2929 3578 3024 3632 καὶ
3047 3577 3136 3630 ἵνα
3175 3575 3250 3646 μὴ
3306 3574 3490 3645 μεῖζον
3539 3572 3676 3642 αὐτῇ
3717 3571 3816 3638 γέ-

2219 3696 2378 3750 νηται
2407 3678 2469 3731 τὸ
2496 3679 2692 3748 κρῖμα.
2725 3675 2820 3738 Εἰς
2849 3672 2950 3745 τὴν
2978 3671 3135 3726 Κανὰ
3169 3670 3227 3724 δὲ
3270 3665 3405 3742 ἦλθε
3462 3665 3681 3738 πρῶτον
3712 3665 3814 3734 μὲν

2218 3773 2440 3843 κληθεὶς
2470 3775 2549 3836 είς
2578 3771 2671 3825 τὸν
2695 3771 2875 3839 γάμον
2895 3787 2910 3801 ο
2938 3768 3034 3821 νῦν
3059 3767 3114 3820 δὲ
3142 3765 3240 3839 τὴν
3270 3765 3380 3818 ἀπὸ
3417 3763 3512 3816 τοῦ
3546 3778 3816 3833 προγεγοο

2218 3869 2368 3932 νότος
2394 3865 2675 3936 θαύματος
2699 3863 3074 3934 ἐγγενομένην
3107 3861 3293 3914 πίστιν
3319 3857 3554 3930 βεὸαιῶν
3583 3859 3649 3928 τῇ
3675 3871 3817 3924 παρ-

2217 3961 2398 4032 ουσίᾳ,
2426 3961 2522 4014 καὶ
2575 3958 2781 4029 μᾶλλον
2833 3958 3034 4023 αὐτοὺς
3077 3954 3460 4024 ἐφελκόμενος,
3506 3951 3582 4013 ὡς
3645 3948 3817 4002 ἐλθὼν

2216 4055 2552 4127 αὐτόκλητος
2603 4053 2700 4108 καὶ
2738 4054 3087 4126 προτιμήσας
3139 4049 3339 4112 αὐτοὺς
3383 4047 3480 4118 τῆς
3526 4043 3811 4114 πατρίδος.

2293 4246 2400 4300 Καί
2427 4276 2494 4287 -—
2516 4242 2937 4312 Καπερναούμ.
2969 4239 3264 4303 Βασιλικός
3311 4235 3528 4305 ἐλέγετο
3554 4235 3585 4306 ἦ
3635 4233 3708 4297 ὼς
3752 4235 3816 4284 ἑκ

2219 4340 2411 4409 γένους
2449 4337 2756 4411 βασιλικοῦ,
2789 4335 2924 4407 ἢὼς
2972 4333 3196 4403 ἀξίωμά
3239 4349 3293 4386 τι
3338 4328 3676 4398 κεκτημένος
3720 4327 3815 4394 ἀφ’

2218 4428 2390 4506 οὗπερ
2417 4434 2666 4487 ἐκαλεῖτο
2697 4431 2987 4491 Βασιλικὺς
3013 4430 3044 4500 ἦ
3077 4430 3152 4493 ὡς
3182 4427 3467 4498 ὑπηρέτης
3505 4422 3808 4495 βασιλικός,

515 4513 660 4582 quod
690 4512 946 4568 minister
993 4521 1140 4568 esset
1189 4514 1392 4586 regius.
1427 4515 1656 4582 Quidam
1687 4519 1870 4588 itaque
1899 4519 2114 4586 dicunt,

2239 4528 2378 4590 Ιίνὲς
2409 4527 2506 4599 μὲν
2525 4525 2617 4580 οὖν
2633 4542 2798 4596 φασιν
2825 4527 2906 4579 ότι
2935 4518 3090 4586 οὗτός
3123 4526 3271 4576 ἐστιν
3299 4523 3328 4574 ὁ
3361 4518 3512 4590 παρὰ
3545 4517 3624 4588 τῷ
3657 4517 3814 4570 Ματ-

517 4603 668 4658 hune
699 4602 869 4659 fuisse
909 4604 1313 4670 centurionem,
1357 4605 1424 4660 de
1457 4623 1566 4676 quo
1600 4609 1745 4678 apud
1799 4609 2113 4665 Matthazum

515 4705 571 4751 et
603 4697 803 4751 Lucam
838 4696 980 4752 facta
1013 4707 1097 4752 est
1149 4698 1356 4752 mentio
1391 4699 1454 4752 ⁷⁸.
1495 4698 1613 4756 Non
1663 4710 1748 4757 est
1782 4712 1966 4758 autem
2016 4705 2112 4758 ita.

518 4791 822 4862 Siquidem,
855 4802 914 4848 ut
963 4792 1096 4850 alias
1153 4808 1342 4848 eorum
1393 4795 1733 4854 dilferentias
1770 4800 2108 4866 omittamus,

517 4882 608 4938 ille
651 4885 901 4941 centurio
931 4894 1072 4952 erat,
1101 4885 1187 4942 hic
1218 4888 1440 4959 regius;
1490 4890 1636 4946 illius
1690 4906 1883 4947 servus
1938 4910 2113 4964 argm-

519 4979 689 5044 tabat,
728 4980 892 5051 hujus
921 4979 1106 5049 ﬁlius;
1147 4992 1201 5037 et
1228 4983 1299 5037 ibi
1338 4985 1562 5039 morbus
1631 4997 1752 5040 erat
1811 4988 2108 5062 paralysis,

522 5071 610 5125 hic
649 5083 830 5128 autem
871 5071 1060 5129 febris.

595 5166 748 5222 Vers.
807 5169 896 5223 47.
960 5167 1061 5224 Hic
1115 5199 1184 5210 -—
1237 5173 1545 5228 moriturus.
1611 5175 1847 5229 Rursum
1905 5177 2111 5246 ἠρώτα,

520 5260 792 5331 significat
828 5263 1231 5332 deprecabatur.

629 5402 672 5430 "
711 5398 841 5455 Luc.
873 5415 948 5467 Ix,
981 5398 1049 5457 59.
1087 5400 1173 5456 55.
1291 5403 1335 5435 ⁷³
1355 5403 1546 5459 Matth.
1575 5421 1691 5460 stu.
1730 5406 1819 5459 57.

1932 5408 1976 5438 ⁷³
2011 5406 2203 5464 Matth.
2246 5429 2321 5476 tv,
2352 5412 2435 5466 15.

2224 4621 2362 4692 Οαίῳ
2391 4622 2485 4675 καὶ
2509 4619 2588 4691 τῷ
2625 4620 2812 4690 Λουκᾷ
2862 4636 2966 4689 μνη
2980 4617 3339 4689 μονευόμενος
3375 4612 3773 4681 ἑκατόνταρχος
3796 4625 3811 4640 ·

2221 4716 2321 4768 οὐκ
2358 4714 2473 4768 ἔστι
2500 4715 2582 4768 δέ.
2615 4716 2725 4768 Καὶ
2752 4713 2882 4785 γὰρ,
2911 4713 3000 4768 ἵνα
3048 4711 3148 4775 τὰς
3195 4709 3366 4772 ἄλλας
3410 4708 3664 4773 ἐάσωμεν
3698 4704 3811 4756 δια·

2223 4811 2398 4882 φορὰς
2436 4810 2639 4877 αὐτῶν,
2690 4811 2901 4874 ἐκεῖνος
2955 4808 3055 4878 μὲν
3112 4806 3529 4876 ἑκατόνταρχος,
3569 4793 3725 4861 οὗτος
3754 4799 3814 4852 δὲ

2225 4905 2523 4973 βασιλικός,
2564 4904 2824 4958 κάκείνου
2873 4905 2972 4974 μὲν
3012 4901 3196 4963 δοῦλος
3242 4899 3488 4971 ἠσθένει⁸
3525 4895 3717 4950 τούτου
3756 4894 3813 4946 δὲ

2225 4999 2367 5064 υίὸς·
2397 4998 2486 5052 καὶ
2533 5000 2651 5050 ἐκεῖ
2698 4999 2796 5066 μὲν
2833 4999 2868 5068 η
2901 4996 3056 5060 νόσος
3112 4995 3444 5065 παράλυσις,
3485 4989 3724 5045 ἐνταῦθα
3753 4988 3810 5042 δὲ

2226 5092 2482 5160 πυρετός.

2299 5181 2492 5252 Οὗτος
2535 5213 2604 5225 --
2656 5184 3095 5250 ἀποθνήσκειν.
3165 5181 3412 5249 ’11ρώτα,
3457 5179 3576 5250 ἤτοι
3635 5177 3811 5245 Παρε-

2226 5294 2407 5331 καλει.

2552 5409 2596 5444 ’³
2637 5409 2830 5466 Matth.
2863 5426 2984 5478 vm,
3021 5411 3087 5479 5;
3125 5410 3257 5465 Luc.
3296 5427 3392 5474 vn,
3416 5410 3471 5463 2.

1693 5575 1890 5636 Varie.)
1920 5578 2232 5641 lectiones
2279 5588 2340 5642 et
2378 5589 2570 5642 notua.

594 5700 704 5782 L77)
743 5702 988 5782 Καθόλου
1029 5704 1125 5782 μὲν
1150 5705 1405 5782 -ᾲπῆριοεν
1449 5707 1529 5769 είς
1569 5707 1666 5773 τὴν
1694 5709 2005 5774 Γαλιλαίαν,
2042 5706 2111 5782 ἧς

520 5763 567 5852 ὴ.
589 5769 996 5852 Καῖπερναιύμι·
1020 5776 1119 5827 οὐκ
1149 5775 1330 5837 ίδικῶ;
1358 5775 1433 5842 δὲ,
1454 5778 1573 5848 ἦτοι
1605 5763 1924 5850 ἐξαιρέτως,
1950 5763 2114 5850 ἦᾶεὲὗ

521 5850 545 5891 t:
559 5847 603 5901 ἐς
643 5844 721 5892 Ka
734 5845 1039 5914 περιιαοὺμ.

598 5911 868 5984 (18)Καὶ
922 5911 1073 5972 abest
1151 5919 1216 5985 Α,
1289 5933 1388 5975 nec
1456 5923 1705 5992 agnoscit
1783 5920 2104 5982 lfentgnius.

2223 5713 2366 5768 fdem
2401 5713 2563 5783 paulo
2613 5721 2761 5778 aute,
2794 5711 2913 5765 loco
2945 5711 3068 5769 ποῦ,
3112 5710 3326 5765 videtur
3360 5705 3554 5781 legisse
3596 5701 3731 5783 ῖτῶςο

2295 5776 2413 5853 (79)’
2440 5786 2551 5854 Γὲρ
2584 5776 2753 5853 ergo,
2776 5783 2924 5850 quod
2959 5798 3100 5837 unus
3138 5797 3383 5837 meorum
3423 5776 3661 5839 Omittit,
3711 5789 3806 5830 co-

2221 5857 2324 5910 dex
2363 5856 2614 5910 licutenii
2649 5857 2863 5909 videtur
2889 5855 3163 5910 habuisse.

2295 5929 2403 6001 (80)
2457 5926 2772 6000 Ίσῖρχόμενοι
2806 5926 2874 5982 Α.
