4010 6484
238 468 396 534 120'.)

1261 476 1653 542 COMMENT.
1697 479 1777 538 ΙΝ
1819 478 2199 539 JOANNEM.
2240 505 2310 518 -
2347 478 2506 539 CAP.
2552 481 2620 540 V.

3425 473 3564 540 1210

327 587 655 655 Ἀπεκρίθη
694 615 764 626 -
808 589 1176 644 καταϐαίνει.
1225 589 1622 646 ’Υπώπτευσεν
1654 594 1737 646 ὅτι
1771 593 1836 646 διὲ

2039 592 2192 647 Vurs.
2225 593 2278 646 7.
2312 592 2625 660 Respondit.
2695 621 2763 632 —
2814 591 3102 646 descendit.
3168 590 3564 661 Suspicabatur

227 679 417 733 τοῦτο
444 680 610 732 αὐτὸν
661 680 913 750 ἠρώτησε
965 679 1148 739 τοῦτο.
1175 681 1263 734 ἴνα
1315 683 1512 754 ἐλέγξῃ
1553 685 1644 737 διὰ
1687 684 1853 756 p902)-

229 773 384 842 μίαν
419 775 747 844 προῖέμενον
780 773 877 844 τὴν
907 775 1073 839 ἴασιν,
1104 776 1136 846 ἦ
1170 779 1253 830 ὅτι
1283 776 1612 848 βουλόμενος
1660 797 1856 850 χρησι-

231 865 460 934 μεῦσαι
493 868 628 938 πρὸς
662 867 722 919 τὸ
755 867 939 937 βαλεῖν
966 869 1131 921 αὑτὸν
1175 871 1256 932 εἰς
1286 869 1384 940 τὴν
1434 871 1850 941 κολυμϐήθραν.

221 958 336 1010 Aab
378 961 475 1012 καὶ
503 960 863 1028 ἀπολογεῖται
894 961 978 1013 ὅτι
1010 962 1165 1032 παρὰ
1198 962 1259 1014 τὸ
1288 962 1363 1034 μὴ
1386 961 1532 1034 ἔχειν
1561 963 1852 1034 ἄνθρωπον

225 1051 643 1122 ἀποτυγχάνει.

312 1143 508 1196 Εἰπὼν
537 1144 614 1209 δὲ,
648 1145 730 1198 ὅτι
787 1146 881 1198 Ἐν·
913 1140 962 1214 ᾧ
1003 1149 1252 1215 ἔρχομαι
1303 1145 1440 1218 ἐγὼ,
1489 1146 1682 1214 ἄλλος
1737 1149 1851 1217 πρὸ

223 1237 403 1306 ἐμοῦ
457 1240 838 1293 καταϐαίνειν
890 1241 1062 1306 ἔδειξε
1131 1241 1232 1311 τὴν
1310 1243 1612 1313 καρτερίαν
1659 1243 1846 1306 αὑτοῦ,

225 1329 371 1392 πῶς
404 1332 461 1384 ἐν
501 1332 786 1395 τοσούτοις
817 1332 999 1386 ἔτεσιν
1026 1334 1432 1404 ἀποτυγχάνων
1455 1334 1535 1387 ἔτι
1569 1337 1850 1404 παρέμενε

224 1424 343 1474 καὶ
370 1424 470 1476 οὐκ
516 1425 808 1491 ἀφίστατο,
836 1428 928 1478 καὶ
952 1424 1124 1478 ταῦτα
1153 1425 1214 1478 οὐ
1239 1427 1506 1496 ῥᾳθυμῶν
1537 1427 1673 1480 ἀλλὰ
1705 1445 1850 1498 παρ-

222 1515 694 1586 αγκωνιζόμενός
714 1533 775 1570 τε
827 1520 925 1570 καὶ
949 1517 1400 1588 ἐπηρεαζόμενος
1431 1521 1526 1574 καὶ
1555 1520 1677 1573 οὺδέ
1700 1521 1845 1574 οὕτω

218 1607 490 1675 ναρκῶν.

328 1699 523 1767 Ἡμεῖ;
543 1699 620 1766 δέ,
642 1699 852 1772 βραχύν
875 1719 1001 1756 τινα
1049 1703 1244 1774 καιρὸν
1275 1701 1738 1775 προσεδρεύοντες
1768 1702 1846 1775 τῷ

221 1790 364 1860 Θεῴ
394 1791 720 1869 σπουδαίως.
763 1795 860 1847 ἐὰν
919 1795 994 1867 μὴ
1048 1795 1326 1867 τύχωμεν,
1356 1796 1627 1866 ὀκνοῦμεν
1656 1797 1845 1850 λοιπδν

223 1885 341 1937 καὶ
381 1885 793 1958 ἀποφοιτῶμεν,
813 1889 908 1940 καὶ
939 1888 1347 1959 ἀναπίπτομεν.
1379 1888 1524 1942 Ἀλλ’
1555 1889 1838 1956 ἐπίπονον,

228 1977 490 2049 (patrimi)
525 1979 785 2050 διηνεκὴς
839 1983 1151 2055 προσευχή·
1181 1983 1276 2036 καὶ⁵
1335 1984 1464 2036 ποίει
1520 1983 1690 2056 ἀρετὴ
1741 1984 1842 2037 οὐκ

221 2067 251 2118 ἐ
267 2069 531 2137 πίπονος;
556 2072 702 2124 Διό-ιι
719 2073 775 2126 δέ
803 2073 1086 2140 ἐπίπονος,
1108 2073 1197 2128 διὰ
1214 2073 1374 2128 τοῦτο
1395 2075 1491 2128 καὶ
1521 2073 1839 2145 ἐπικερδὴς.

318 2246 486 2314 Λέγει
517 2277 584 2286 -
617 2248 946 2316 περιπάτει.
974 2250 1048 2302 Ού
1083 2249 1244 2315 μόνον
1258 2251 1569 2320 ἁνίστησν,
1591 2252 1725 2305 ἀλλὰ
1746 2254 1843 2307 καὶ

227 2335 332 2387 τὸν
378 2335 690 2405 κράὄὸατον
723 2332 855 2405 ἆραι
900 2339 1133 2401 κελεύει,
1161 2339 1249 2390 ἵνα
1284 2341 1529 2409 πιστωοῇ
1558 2341 1617 2390 τὸ
1651 2340 1841 2411 οαῦμα

229 2425 339 2478 καὶ
371 2428 446 2496 μὴ
481 2426 606 2497 δόξῃ
656 2428 931 2496 φαντασία
979 2445 1085 2492 τις.
1125 2428 1183 2481 ΕΞ
1214 2431 1319 2500 γὰρ
1351 2430 1425 2499 μὴ
1461 2433 1742 2502 συνεπάγη
1774 2435 1841 2489 τὰ

236 2517 383 2589 μέλη
415 2519 676 2589 βεϐαίως,
699 2520 800 2573 οὐκ
825 2520 892 2574 ἂν
922 2522 1014 2575 τὸν
1033 2521 1348 2594 κράὸὅατον
1366 2522 1600 2593 ἠδύνατο
1623 2527 1835 2598 φέρειν.

311 2696 484 2750 Τοῦτο
516 2696 571 2750 δὲ
599 2697 873 2768 πολλαχοῦ
922 2701 1245 2772 πεποίηκεν,
1276 2701 1648 2775 ἐπιστομίζων
1708 2707 1838 2771 τοὺς

231 2790 620 2858 ἀναισχυντεῖν
640 2790 1021 2862 βουλομένους.
1039 2794 1148 2847 Καὶ
1176 2793 1285 2865 γὰρ
1320 2797 1413 2848 καὶ
1441 2796 1536 2849 ἐπὶ
1559 2797 1650 2850 τοῦ
1682 2799 1838 2869 παρὰ

231 2881 318 2952 τῷ
348 2881 614 2952 Ματοειίῳ
653 2883 970 2955 παραλύτου
1020 2885 1224 2955 ὁμοίως
1255 2889 1547 2958 πεποιήκει
1573 2907 1586 2920 ·
1618 2888 1710 2942 καὶ
1739 2891 1835 2943 ἐπὶ

232 2971 345 3022 τῶν
381 2971 564 3042 ἄρτων
616 2973 704 3026 διὰ
741 2974 901 3028 τοῦτο
935 2976 1169 3046 λείψανα
1203 2976 1377 3030 πολλὰ
1414 2981 1835 3049 παρεσκεύασεν

238 3062 675 3134 ὑπολειφθῆναι·
713 3067 808 3120 καὶ
845 3067 923 3137 τῷ
953 3067 1350 3140 καθαρισθέντι
1408 3071 1596 3144 λεπρῷ
1646 3090 1828 3143 προσο

231 3152 395 3219 ἔταξε
412 3155 583 3221 δεῖξαι
609 3156 804 3213 ἑαυτὸν
836 3157 914 3228 τῷ
944 3161 1109 3230 ἱερεῖ’
1137 3160 1232 3212 καὶ
1262 3160 1321 3214 τὸ
1358 3160 1504 3233 ὕδωρ
1528 3159 1672 3216 οἶνον
1709 3182 1832 3219 ποι-

1959 684 2104 754 quod
2146 686 2251 738 hoc
2294 694 2586 755 prapterea
2621 683 2799 753 ipsum
2844 683 3236 754 interrogabat,
3277 693 3335 738 ut
3362 699 3561 754 argue-

1959 785 2040 829 ret
2065 776 2208 845 quod
2229 793 2337 845 pra:
2355 777 2585 847 segnitie
2615 775 2972 830 frustraretur
2997 775 3230 830 sanitate
3255 791 3269 826 :
3299 782 3394 828 aut
3415 773 3561 844 quod

1958 868 2014 923 in
2049 871 2152 922 hoc
2191 868 2452 938 prodesse
2476 868 2580 923 sibi
2609 869 2790 932 vellet,
2823 878 2880 922 ut
2914 883 3040 922 eum
3073 868 3125 920 in
3159 867 3425 936 piscinam
3454 863 3582 917 im-‘

1957 960 2205 1014 mitteret
2231 978 2245 1014 :
2277 960 2401 1016 ideo
2431 961 2596 1014 etiam
2621 960 2939 1030 respondet,
2972 959 3114 1028 quod
3142 959 3211 1012 ob
3243 957 3295 1012 id
3326 957 3558 1012 salutem

1956 1065 2065 1102 non
2089 1060 2542 1121 consequeretur,
2571 1051 2696 1120 quia
2730 1051 3009 1104 hominem
3035 1065 3144 1104 non
3191 1050 3437 1103 haberet.

2031 1143 2224 1198 Dicens
2256 1153 2437 1198 autem
2479 1161 2493 1198 :
2533 1144 2666 1198 Dum
2690 1141 2836 1198 venio
2862 1160 2977 1213 ego.
3008 1141 3149 1196 alius
3195 1152 3322 1195 ante
3351 1159 3432 1194 me
3464 1141 3560 1194 de-

1954 1238 2179 1299 scendit,
2217 1252 2370 1291 suam
2407 1239 2650 1293 ostendit
2673 1236 3261 1307 perseverantiamqua
3293 1242 3370 1286 tot
3396 1234 3558 1286 annis

1957 1328 2270 1392 frustratus,
2301 1330 2477 1385 adhuc
2512 1339 2692 1385 tamen
2727 1330 3110 1401 perseverabat
3142 1337 3197 1381 et
3221 1343 3329 1381 non
3352 1327 3551 1396 despe-

1956 1421 2130 1484 rabat,
2178 1422 2341 1492 idque
2369 1440 2479 1477 non
2518 1424 2721 1491 segnis,
2767 1424 2858 1477 sed
2905 1423 3163 1478 detrusus
3193 1432 3248 1475 et
3290 1421 3555 1485 offensus,

1955 1530 2055 1569 nec
2085 1514 2164 1569 sic
2201 1514 2561 1586 negligentior
2591 1515 2950 1570 eﬂieiebatur.

2021 1698 2132 1756 Nos
2162 1711 2344 1756 autem
2385 1703 2539 1757 brevi
2577 1703 2760 1773 aliquo
2799 1713 3050 1772 tempore
3096 1702 3395 1771 diligenter
3444 1700 3554 1755 Deo

1950 1803 2216 1860 astantes,
2257 1795 2440 1850 sinon
2468 1796 2819 1864 assequimur
2860 1795 3005 1864 quod
3042 1802 3320 1863 optamus,
3356 1794 3545 1847 statim

1949 1888 2257 1942 omittimus
2291 1902 2355 1947 ac
2384 1888 2720 1952 recedimus,
2747 1888 3126 1958 pigrioresque
3157 1885 3462 1940 reddimur.
3486 1883 3554 1937 At

1952 1981 2287 2036 laboriosum
2330 1989 2433 2045 est,
2483 1982 2728 2052 inquies,
2779 1980 3044 2035 continue
3079 1993 3261 2032 orare.
3313 1975 3380 2029 Et
3425 1992 3552 2045 qua:

1945 2071 2124 2126 virtus
2148 2087 2254 2126 non
2273 2081 2357 2125 est
2375 2070 2684 2126 laboriosa?
2708 2069 2911 2124 Verum
2931 2070 3076 2124 sicut
3103 2069 3345 2123 laborem
3365 2067 3549 2132 habet,

1947 2164 2021 2218 ita
2056 2174 2124 2219 et-
2145 2165 2358 2219 lucrum
2393 2163 2574 2219 allert.

2018 2256 2172 2311 Vers.
2201 2257 2254 2310 8.
2293 2257 2378 2308 Ait
2411 2285 2480 2298 —-
2513 2256 2754 2310 ambula.
2801 2256 2919 2309 Non
2955 2254 3131 2308 solum
3164 2252 3350 2322 erigit,
3380 2251 3475 2306 sed
3499 2257 3555 2306 et

1943 2344 2263 2416 grabbatum
2291 2344 2480 2399 tollere
2497 2345 2674 2415 jubet,
2695 2355 2753 2398 ut
2776 2345 3099 2398 miraculum
3129 2358 3250 2397 esse
3273 2345 3551 2409 credatur,

1943 2449 2000 2494 et
2029 2455 2140 2494 non
2169 2450 2426 2510 appareat
2452 2441 2739 2509 phantasia
2761 2441 2964 2508 aliqua.
2992 2436 3105 2491 Nisi
3128 2440 3274 2491 enim
3304 2437 3549 2491 membra

1945 2532 2174 2587 ﬁrmiter
2217 2541 2502 2602 compacta
2555 2531 2759 2596 forent,
2814 2547 3162 2602 nequaquam
3221 2533 3548 2603 grabbatum

1946 2623 2089 2679 ferre
2117 2633 2363 2694 possent.

2013 2712 2132 2769 Hoc
2156 2724 2339 2768 autem
2384 2713 2590 2783 pluries
2617 2712 2768 2775 fecit.
2813 2727 3005 2767 eorum
3044 2711 3545 2782 qui-impudentes

1941 2821 2064 2861 esse
2110 2805 2334 2866 vellent,
2369 2821 2463 2859 ora
2502 2806 2816 2860 obstruens.
2855 2804 2989 2859 Nam
3017 2815 3072 2858 et
3121 2804 3176 2857 in
3220 2804 3540 2874 paralytico,

1941 2903 2007 2953 de
2025 2914 2135 2969 quo
2155 2898 2300 2966 apud
2327 2897 2641 2952 Matthaeum
2664 2898 2734 2960 ⁸ο,
2752 2898 3004 2952 similiter
3034 2896 3162 2951 fecit
3185 2914 3200 2961 ;
3225 2907 3278 2950 et
3303 2897 3356 2949 in
3387 2890 3548 2966 pani-

1940 2991 2045 3047 bus
2065 2991 2256 3046 eadem
2283 2991 2351 3045 de
2384 3006 2574 3054 causa,
2597 2999 2654 3044 ut
2683 2992 2918 3060 plurima
2940 2991 3240 3060 fragmenta
3270 2989 3546 3057 relinque-

1939 3095 2153 3148 rentur,
2195 3084 2558 3152 ordinavit‘“;
2595 3094 2651 3139 et
2691 3084 2738 3139 ei
2765 3085 2855 3153 qni
2885 3100 2914 3138 a
2942 3087 3088 3151 iepra
3119 3083 3413 3138 niuridatus
3438 3093 3544 3148 est,

1935 3179 2121 3247 jussit,
2144 3186 2205 3232 ut
2231 3193 2288 3231 se
2318 3176 2590 3231 sacerdoti
2622 3175 3038 3239 ostenderet“;
3068 3183 3268 3228 etcum
3302 3189 3365 3227 ex
3399 3189 3541 3242 aqua

231 3246 397 3315 ήσας,
417 3243 571 3299 εἶπεν
599 3251 868 3320 ἀντλῆσαι
894 3252 989 3305 καὶ
1019 3255 1267 3320 ἐνεγκεῖν
1296 3253 1373 3324 τῷ
1400 3255 1823 3329 ἀρχιτρικλίνῳ·

1956 3273 2124 3326 tinum
2157 3272 2400 3335 fecisset,
2438 3271 2698 3340 przecepit
2751 3277 2809 3322 ut
2864 3268 3172 3331 haurirent,
3219 3267 3540 3336 ferrenttu

232 3341 328 3391 καὶ
361 3341 559 3412 νεκρὸν
607 3345 947 3414 ἀναστήσας,
993 3347 1302 3400 ἐνετείλατο
1329 3346 1513 3401 δοῦναι
1542 3350 1693 3420 αύτῷ
1724 3369 1831 3419 φα-

232 3435 377 3499 γεῖνο
408 3433 499 3487 διὰ
522 3433 632 3488 τῶν
662 3437 923 3492 τοιούτων
959 3440 1183 3492 πάντων
1234 3439 1443 3492 πείθων
1490 3440 1620 3505 τοὺς
1669 3443 1834 3514 ἀνοή-

232 3546 363 3593 τους
428 3532 512 3583 ὄτι
566 3532 668 3584 οὐκ
726 3531 875 3586 ἐστιν
912 3532 1196 3598 ἀπατεὼν,
1228 3533 1365 3588 ἀλλὰ
1401 3535 1593 3605 Σωτὴρ
1622 3536 1834 3608 ἀληθὴς

232 3622 336 3692 τῆς
372 3623 560 3695 κοινῆς
587 3624 698 3680 τῶν
723 3626 1032 3696 ἀνθρώπων
1062 3629 1303 3697 φύσεως.

307 3718 419 3772 Καὶ
470 3747 522 3757 -
555 3720 918 3786 περιεπάτει.
949 3721 1013 3772 Ἀ
1027 3738 1104 3792 μα
1127 3738 1187 3774 τε
1214 3723 1441 3794 ἢκουσε,
1470 3728 1564 3780 καὶ
1589 3728 1707 3798 ἅμα
1734 3729 1833 3795 τῆς

234 3808 424 3876 ὑγείας
455 3808 782 3880 αἰσθόμενος
812 3811 1048 3882 ἠγέρθη,
1070 3816 1163 3866 καὶ
1193 3815 1382 3870 λοιπὸν
1429 3820 1599 3888 μηδὲν
1637 3820 1834 3874 ὑπολο-

229 3903 532 3973 γισάμενος
561 3899 662 3975 ἦρε
699 3903 792 3958 τὸν
821 3906 1138 3977 κράὅϐατον
1165 3910 1333 3964 αὐτοῦ
1358 3915 1451 3966 καὶ
1479 3916 1829 3986 περιεπάτει.

301 3993 415 4053 Ἦν
439 3997 843 4066 -περιπάτει.
885 4000 1031 4070 Ὅρα
1057 4005 1372 4075 παρῤητίαν
1396 4023 1409 4037 ·
1433 4007 1494 4058 ού
1518 4008 1691 4076 μόνον
1719 4011 1831 4080 γὰρ

227 4091 331 4142 οὒκ
381 4090 614 4162 ἐπείσθη
648 4090 883 4156 τούτοις,
950 4092 1090 4146 ἀλλὰ
1130 4097 1223 4148 καὶ
1256 4096 1348 4150 τὸν
1398 4098 1702 4171 εὐεργέτην
1734 4101 1830 4154 ἀν-

226 4183 490 4254 εκήρυξε,
526 4185 620 4236 καὶ
641 4184 1046 4255 προτιμότερον
1077 4187 1299 4241 πάντων
1321 4189 1595 4259 ἀπέφηνε.
1617 4191 1792 4262 λέγων
1811 4211 1826 4225 ο

244 4276 483 4341 Ἐκεῖνός
523 4294 615 4346 μοι
655 4276 831 4342 εἶπεν,
859 4279 1054 4350 ἐκείνῳ
1084 4281 1369 4352 πείθομαι.
1399 4285 1509 4336 Καὶ
1537 4285 1646 4356 γὰρ
1680 4289 1826 4340 ἐκεῖ-

227 4369 319 4433 νός
367 4387 432 4440 με
471 4369 787 4440 ἰασάμενος,
818 4373 1031 4426 ἐκεῖνον
1062 4373 1292 4442 μείζονα
1330 4376 1552 4431 πάντων
1581 4380 1828 4449 νομίζειν

229 4480 676 4533 παρεσκεύασεν.

314 4555 665 4625 Ἠρώτησαν
695 4591 766 4601 -
797 4559 980 4626 τόπῳ.
1027 4558 1182 4630 ’Λμα
1214 4559 1293 4630 τῷ
1346 4561 1688 4632 θεραπεῦσαι
1735 4567 1828 4620 τὸν

1939 3365 2375 3419 architriclino"
2399 3381 2413 3429 ;
2447 3372 2642 3418 etcum
2664 3370 2940 3416 mortuam
2969 3353 3314 3425 suscitassct,
3339 3375 3545 3430 przrce-

1939 3459 2023 3529 pit
2066 3466 2122 3511 ut
2153 3457 2348 3511 darent
2381 3457 2454 3510 illi
2480 3457 2625 3526 quod
2657 3456 2903 3509 cdt-ret“
2938 3473 2950 3508 :
2983 3455 3276 3510 inseusatis
3300 3453 3538 3508 suadens

1943 3562 2042 3616 per
2076 3547 2259 3602 omnia
2293 3545 2631 3617 lmjusmodi,
2659 3559 2717 3599 se
2748 3560 2856 3598 non
2882 3560 3004 3598 esse
3032 3545 3408 3614 impostomn,
3442 3542 3538 3596 sed

1941 3655 2130 3693 verum
2164 3638 2507 3693 Salvatorem
2543 3638 2852 3692 communis
2887 3637 3172 3691 hominum
3207 3644 3435 3689 naturae.

2010 3730 2168 3797 Vers,
2203 3730 2258 3785 9.
2308 3731 2376 3785 Et
2417 3764 2482 3776 —
2518 3728 2849 3784 ambulabat.
2912 3726 3091 3783 Simul
3123 3736 3177 3782 et
3222 3728 3449 3789 audivit.
3485 3736 3541 3782 et

1937 3827 2232 3882 sanitatem
2284 3827 2531 3880 sentiens
2571 3833 2790 3879 erectus
2814 3833 2936 3878 est:
2970 3823 3156 3891 itaque
3186 3821 3393 3876 nullius
3437 3821 3538 3874 ha-

1936 3920 2049 3974 bita
2083 3919 2318 3977 ratione,
2341 3917 2464 3972 tulit
2499 3917 2700 3972 lectum
2743 3931 2902 3971 suum
2935 3924 2990 3968 et
3019 3913 3359 3968 ambulabat.

2011 4011 2170 4066 Vers.
2207 4010 2240 4064 9
2275 4009 2411 4063 Erat
2440 4038 2509 4050 —-
2545 4007 2702 4064 Vers.
2740 4005 3100 4061 H.Ambuta.
3150 4003 3287 4060 Vide
3314 4005 3542 4059 liberta-

1936 4114 2048 4161 tem
2100 4121 2113 4158 :
2160 4118 2337 4172 neque
2370 4101 2518 4155 enim
2550 4101 2725 4156 solum
2749 4114 2861 4153 non
2895 4097 3142 4153 obedivit
3172 4097 3296 4162 illis,
3334 4097 3428 4152 sed
3479 4107 3539 4151 ct

1936 4196 2184 4253 beneficii
2243 4204 2525 4250 auctorem
2565 4191 2904 4264 praedicavit,
2973 4206 3039 4247 ac
3095 4191 3352 4246 omnibus
3396 4207 3538 4260 prte-

1933 4286 2256 4340 stantiorem
2278 4284 2679 4339 demonstravit
2706 4282 2918 4336 dicens.
2952 4282 3070 4352 Ipse
3089 4280 3405 4359 mihidixit,
3434 4280 3537 4350 ipsi

1932 4378 2146 4434 obedivi
2174 4395 2187 4432 :
2225 4377 2491 4447 siquidem
2524 4391 2648 4431 emn
2682 4376 2773 4447 qui
2797 4390 2883 4430 me
2903 4389 3098 4430 sanum
3124 4372 3533 4444 teeitmajorem

1931 4469 2148 4525 cunctis
2166 4471 2369 4524 ducere
2393 4468 2638 4522 decrevi.

2012 4559 2164 4615 Vers.
2196 4561 2281 4615 l2.
2320 4556 3054 4629 Interrogaverunt~Vers.
3077 4556 3235 4610 Loco.
3271 4554 3444 4609 Simul
3466 4562 3528 4608 ut

227 4648 541 4718 ἄνθρωπον,
559 4649 811 4714 ἐξένευσε
835 4649 925 4703 διὰ
946 4651 1039 4703 τὸν
1064 4649 1246 4720 ὄχλον,
1267 4654 1427 4705 τοῦτο
1457 4653 1558 4723 μὲν
1603 4658 1826 4726 φεύγων

1956 4654 2216 4710 nominem
2242 4662 2551 4713 sanaverat.
2576 4653 2916 4707 subduterat
2936 4667 2995 4706 se
3023 4660 3247 4722 propter
3267 4649 3479 4705 turbam
3512 4663 3527 4701 :

229 4742 323 4792 τὸν
356 4741 509 4811 παρὰ
557 4740 667 4793 τῶν
717 4742 1251 4814 εὖγνωμονεστέρων
1287 4744 1533 4810 ἔπαινον,
1579 4748 1741 4801 τοῦτο
1769 4749 1826 4802 δὲ

231 4831 587 4900 περικόπτων
621 4832 712 4885 τὸν
750 4835 903 4902 παρὰ
930 4833 1041 4886 τῶν
1075 4834 1581 4907 ἀγνωμονεστέρων
1610 4839 1825 4909 φϐένον.

229 4927 406 4979 Εἴωθε
441 4929 548 4998 γὰρ
587 4929 852 4993 πολλάκις
904 4929 1026 5000 δψις
1089 4933 1252 5002 μόνον
1301 4932 1398 4986 τοῦ
1444 4935 1821 5007 φθονουμένου

230 5017 436 5087 πολλὴν
467 5019 669 5071 ἐνιέναι
700 5017 900 5086 φλόγα.
1676 5073 1680 5076 .

305 5114 471 5169 Μετὰ
495 5114 683 5168 ταῦτα
709 5145 776 5155 -
805 5116 1069 5184 γένηται.
1098 5117 1579 5188 Παρακμάσαντος
1603 5121 1705 5193 ἤδη
1731 5129 1826 5176 καὶ

229 5209 324 5263 τοῦ
361 5209 640 5277 Θαύματος
673 5209 767 5262 καὶ
802 5208 894 5261 τοῦ
932 5209 1106 5280 θυμοῦ
1142 5211 1250 5263 τῶν
1297 5213 1589 5278 Ἰουδαίων,
1631 5214 1826 5284 ἐντυγ-

229 5305 386 5374 χάνει
423 5301 606 5354 λοιπὸν
641 5300 717 5370 τῷ
749 5301 1170 5372 θεραπευθέντι,
1206 5304 1377 5357 Θέλων
1407 5304 1699 5375 βελτιῶσαι
1727 5305 1822 5359 καὶ

229 5397 329 5466 τὴν
382 5393 559 5464 ψυχὴν
624 5393 737 5464 (88)
795 5393 982 5448 αὑτοῦ.
1035 5395 1297 5464 Εὑρίσκει
1332 5396 1385 5448 δὲ
1414 5396 1579 5450 αὐτὸν
1630 5398 1733 5450 οὐκ
1765 5399 1824 5450 ἐν

230 5490 412 5541 ἀνέσει
443 5488 538 5540 καὶ
571 5486 837 5558 ρᾳπυμίᾳ,
868 5487 982 5540 ἀλλ’
1012 5489 1068 5539 ἐν
1103 5487 1180 5558 τῷ
1205 5488 1338 5560 ἱερῷ
1360 5491 1822 5562 προσευχόμενον,

338 5665 383 5696 ⁸ο
410 5663 599 5721 Matth.
641 5685 711 5731 lx,
746 5667 798 5720 ϐ.
891 5669 933 5701 ⁶¹
996 5668 1183 5724 Matth.
1220 5687 1331 5736 ειν,
1398 5669 1488 5725 ΞΟ.

1602 5668 1649 5701 ⁸⁸
1687 5668 1877 5724 Matth.
1944 5686 2058 5734 vui,
2091 5673 2145 5725 4.

1937 4747 2135 4818 partim
2179 4746 2401 4815 quidem
2450 4743 2690 4813 fugitans
2731 4744 2948 4798 laudem
2984 4758 3293 4814 aequorum,
3328 4741 3530 4812 partim

1936 4853 2068 4896 vero
2125 4841 2385 4894 invidiam
2445 4850 2740 4911 amputans
2785 4841 3124 4911 iniquorum.
3186 4837 3338 4893 Solet
3380 4838 3530 4891 en’m

1935 4934 2253 5004 frequenter
2281 4933 2432 4988 solus
2471 4935 2592 5002 eius
2636 4946 2990 5004 conspectus,
3015 4932 3102 4988 cui
3132 4933 3257 5002 quis
3291 4931 3526 4995 invidet,

1938 5026 2166 5080 multam
2198 5024 2488 5080 infundere
2523 5025 2797 5080 flainmam
2841 5026 2958 5080 irae.

2010 5118 2166 5174 Vers.
2196 5118 2282 5172 M.
2312 5116 2553 5172 Posthac
2586 5148 2658 5158 —
2695 5117 2990 5188 contingat.
3027 5115 3164 5171 Cum
3188 5115 3300 5186 jam
3338 5124 3394 5169 et
3427 5112 3530 5166 mi-

1935 5209 2106 5264 raculi
2160 5223 2348 5262 rumor
2402 5207 2695 5263 defecisset
2729 5220 2784 5263 et
2839 5219 3021 5262 tumor
3063 5207 3401 5266 Judteorum,
3435 5219 3530 5258 oc-

1933 5303 2110 5357 currit
2148 5301 2194 5356 ei
2219 5301 2313 5371 qui
2361 5309 2588 5357 sanatus
2615 5301 2815 5365 fuerat,
2845 5303 3034 5358 volens
3092 5300 3334 5354 animam
3385 5313 3528 5367 quo-

1931 5411 2039 5466 que
2064 5396 2204 5450 illius
2257 5395 2539 5450 meliorem
2610 5396 2862 5460 reddere,
2913 5395 3118 5466 reperit
3162 5408 3289 5448 eum
3332 5406 3526 5445 nonm

1933 5490 2044 5544 otio
2074 5497 2129 5543 et
2169 5489 2424 5560 segnitie,
2452 5495 2546 5544 sed
2585 5489 2638 5542 in
2696 5489 2898 5560 templo
2969 5497 3241 5553 orantem,
3285 5495 3345 5540 ut
3405 5483 3527 5554 opi-

2256 5670 2303 5701 ¹¹³
2342 5670 2501 5727 Joan.
2539 5689 2599 5738 ιι,
2637 5672 2688 5727 8.
2723 5674 2767 5724 σε
2798 5671 2927 5726 Luc.
2951 5689 3068 5738 "lli,
3097 5673 3186 5725 .35.

1471 5858 1671 5920 Variae
1701 5858 2010 5925 lectiones
2047 5871 2106 5926 et
2153 5872 2342 5925 uoltu.

309 5965 416 6023 :58)
460 5963 576 6017 Ἐς.
593 5982 633 6015 τί
656 5966 681 6014 ί-
715 5964 769 6017 li.
