4010 6476
390 447 536 509 1210

1628 427 1945 491 EUTHYM
1960 425 2017 487 iI
2057 426 2422 487 ZIGABENI

3540 418 3670 481 1220

456 560 661 615 Verum
681 555 823 610 sci-re
860 557 1099 622 oportet,
1129 542 1274 617 quod
1314 540 1587 598 dictiones
1627 540 1732 603 sic,
1764 540 1898 592 sicut
1930 548 1986 592 et

2165 538 2288 607 Χρὴ
2346 537 2401 590 δὲ
2437 534 2730 604 γινώσκειν
2770 536 2850 589 ὅτι
2885 535 2946 588 τὸ
2975 533 3200 602 ὥσπερ,
3246 532 3336 585 καῖ
3379 529 3436 611 τὸ
3483 531 3676 594 καθὼς

385 650 618 715 similes,
663 648 717 703 in
747 648 990 700 increata
1032 642 1256 711 quidem
1293 635 1557 689 Trinitate
1613 632 1983 702 aeqmlitatem

386 745 715 813 significant,
754 739 807 793 in
836 737 1039 793 creatis
1069 748 1201 789 vero
1231 729 1432 799 saepius
1457 727 1621 781 etiam
1662 723 1983 780 similitudi-

393 851 543 901 nem,
607 848 672 887 ac
745 830 1030 901 partialem
1086 838 1417 896 quamquam
1498 818 1980 875 assimilationem.

388 928 571 993 Quare
604 935 788 979 autem
815 922 966 978 dedit
990 918 1257 989 judicium
1294 914 1466 969 Filio?
1509 913 1646 979 Quia
1680 911 1769 965 bic
1802 909 1984 963 homi-

389 1033 511 1072 nem
543 1014 822 1078 formavit,
851 1014 1236 1084 perditumun
1267 1005 1606 1068 reformavit;
1640 1018 1703 1058 ac
1724 999 1984 1057 salutaria

392 1109 544 1164 dedit
581 1116 897 1177 prmcepta-:
932 1117 985 1159 et
1020 1106 1184 1174 utqui
1221 1105 1387 1158 homo
1409 1100 1584 1154 factus
1603 1106 1708 1160 est,
1734 1094 1987 1149 homines

387 1202 859 1273 judicaretznon
922 1198 1099 1253 solum
1163 1194 1604 1267 tanquamDeus,
1666 1187 1759 1258 qui
1822 1185 1987 1239 homi-

389 1312 520 1350 num
553 1294 705 1349 novit
735 1304 1013 1354 naturam,
1046 1305 1235 1344 verum
1270 1288 1434 1342 etiam
1490 1293 1558 1339 ut‘
1581 1283 1769 1347 homo,
1799 1280 1889 1349 qui
1930 1277 1985 1330 in

388 1402 450 1441 ea
484 1387 655 1441 l'orina
719 1393 964 1439 tentatus
1015 1393 1118 1436 est.
1179 1380 1246 1435 Et
1299 1391 1467 1448 quare
1514 1373 1682 1429 Filius
1736 1367 1986 1425 formavit

389 1477 717 1533 hominem?
773 1476 912 1542 Quia
948 1475 1065 1544 ipse.
1101 1481 1186 1527 est
1208 1469 1509 1541 Sapientia,
1538 1465 1777 1520 Verbum
1810 1470 1864 1514 et
1886 1460 1987 1514 Ρο-

389 1572 556 1626 tentia
607 1572 781 1624 l’alris
811 1570 879 1621 ⁸⁷.
920 1568 986 1622 Et
1008 1582 1177 1636 quare
1215 1563 1386 1618 Filius
1414 1571 1471 1615 et
1514 1574 1624 1613 non
1650 1557 1834 1619 Pater,
1885 1568 1988 1608 nec

390 1663 634 1734 Spiritus
694 1673 916 1718 sanctus
981 1661 1381 1714 humanitatem
1455 1650 1790 1722 assumpsit?
1846 1649 1986 1715 Quia

389 1757 684 1827 oportebat
728 1767 785 1808 ut
824 1754 917 1824 qui
956 1754 1009 1807 in
1050 1750 1309 1822 supernis
1330 1747 1503 1803 Filius
1533 1752 1674 1809 erat,
1738 1749 1988 1797 maneret

388 1852 558 1905 etiam
594 1849 649 1903 in
673 1846 906 1905 infernis
947 1846 1141 1910 Filius,
1199 1858 1272 1898 ne
1333 1843 1445 1897 duo
1504 1848 1691 1895 essent
1741 1835 1986 1891 Filii:et

386 1945 517 2013 quia
548 1941 838 2011 Oportebat
869 1939 1035 1992 etiam
1085 1935 1407 1993 Creatorem
1456 1946 1722 1987 renovare
1769 1927 1988 1985 confra-

389 2044 537 2089 CIam
580 2048 737 2088 suam
770 2039 1118 2095 creaturam;
1148 2036 1204 2083 et
1230 2029 1357 2098 quia
1420 2040 1563 2096 opus
1589 2032 1711 2079 erat
1741 2030 1795 2076 ul
1824 2018 1993 2074 ratio-

388 2125 513 2179 nale
542 2139 639 2195 per
688 2121 956 2176 rationem
1008 2119 1122 2175 sive
1153 2117 1390 2173 Verbum
1423 2117 1752 2172 liberaretur
1812 2112 1882 2166 ab
1916 2110 1991 2163 ir-

391 2216 780 2273 rationalitatis
842 2212 1277 2279 aﬂectionibus;
1322 2220 1380 2266 et
1432 2208 1561 2279 quia
1613 2206 1841 2263 decebat
1895 2216 1993 2273 per

390 2304 793 2360 immutabilem
844 2301 1023 2355 Patris
1070 2300 1386 2369 imaginem,
1451 2310 1577 2349 eum
1624 2294 1717 2361 qui
1783 2292 1850 2343 ad
1897 2290 1991 2343 Dei

392 2398 690 2468 imaginem
737 2396 918 2450 factus
969 2392 1171 2456 fuerat,
1237 2401 1472 2459 eamque
1531 2391 1867 2447 mutaverat,
1924 2379 1995 2435 ad

394 2489 686 2559 pristinam
744 2485 990 2556 reparari
1031 2482 1378 2554 dignitatem,
1431 2476 1584 2533 utita
1644 2472 1995 2531 convenienti

398 2581 565 2638 modo
594 2580 780 2635 omnia
815 2582 1033 2633 tierent.

463 2675 667 2731 Verum
694 2675 739 2727 si
760 2687 888 2728 eum
912 2665 1393 2729 honoraverimus,
1420 2664 1562 2719 sicut
1583 2660 1925 2716 houoramus
1941 2666 1999 2714 et

394 2770 613 2827 Patrem
638 2770 869 2822 omnino
909 2768 1075 2818 etiam
1109 2762 1331 2817 Patrem
1373 2759 1520 2812 hunc
1559 2751 1997 2825 appellabimus?

396 2865 775 2934 Nequaquam,
803 2860 899 2914 sed
928 2858 1127 2912 Filium
1172 2869 1297 2909 eum
1330 2850 1593 2911 scientes,
1624 2847 1841 2904 Patrem
1883 2859 1996 2901 non

394 2957 812 3028 appellabimus,
845 2968 914 3008 ne
940 2951 1310 3023 proprietates
1340 2944 1788 3007 confundamus;
1824 2943 1999 2996 hono-

399 3052 642 3107 rabimus
669 3060 875 3114 tamen,
897 3047 1041 3101 sicut
1058 3044 1275 3099 Patrem
1298 3060 1311 3095 :
1332 3055 1459 3094 nam
1486 3037 1556 3092 de
1583 3037 1795 3091 honore
1817 3047 2001 3089 sermo

397 3157 501 3211 est,
541 3160 649 3199 nou
682 3144 751 3199 de
780 3139 1168 3212 appellatione.
1202 3133 1446 3189 Abusive
1483 3145 1616 3187 vero
1634 3139 1690 3185 et
1730 3129 1879 3183 hunc
1901 3125 2003 3181 Pa-

2090 632 2183 685 καί
2218 633 2284 684 τὰ
2317 628 2547 682 τοιαῦτα
2586 628 2677 680 ἐπὶ
2734 628 2835 697 μὲν
2880 629 2983 698 τῆς
3020 628 3278 680 ἀκτίστου
3314 623 3549 691 Τριάδος
3577 623 3674 692 τὴν

2092 725 2315 793 ἰσότητα
2346 720 2624 792 δηλοῦσιν,
2661 719 2756 772 ἐπὶ
2788 719 2847 772 δὲ
2888 721 2998 771 τῶν
3026 719 3260 772 κτιστῶν
3296 716 3553 777 πολλάκις
3579 718 3675 765 καὶ

2089 818 2343 871 εἰκασίαν
2374 818 2466 868 καὶ
2508 813 2810 884 ὁμοιότητά
2864 829 2991 864 τινα
3027 811 3283 881 μερικὴν.
3320 810 3472 863 Διατί
3511 808 3564 859 δὲ
3599 809 3674 875 (l)

2088 912 2186 981 τὴν
2224 909 2407 982 κρίσιν
2427 909 2628 961 δέδωκε
2671 907 2749 977 τῷ
2781 903 2931 974 Υίῷ;
2962 906 3109 956 Διότι
3146 899 3307 966 οὗτος
3341 904 3432 953 τὶν
3468 900 3678 968 ἄνθρω-

2092 1023 2191 1057 πον
2224 1003 2449 1065 ἔπλασε,
2484 1003 2580 1053 καὶ
2599 998 2889 1068 φθαρέντα
2918 996 3215 1060 ἀνέπλασε,
3249 996 3344 1048 καὶ
3372 994 3469 1055 τὰς
3501 1009 3679 1059 ato-.71-

2091 1098 2242 1169 ρίους
2268 1086 2496 1157 ἓντο).ἀς
2531 1094 2723 1155 ἔδωκε,
2751 1093 2845 1143 καὶ
2880 1090 2966 1142 ἵνα
2991 1089 3019 1141 ὀ
3042 1088 3471 1158 ὲνανθρωπήσας
3516 1084 3678 1152 κρίνῃ

2089 1186 2218 1248 τοὺς
2250 1184 2571 1255 ἀνθρώπους
2599 1184 2674 1253 μὴ
2710 1181 2875 1250 μόνον
2913 1180 2987 1242 ὼς
3014 1178 3173 1241 Θεὸς,
3209 1178 3364 1239 εἰδὼς
3399 1176 3495 1246 τὴν
3518 1174 3678 1241 φύσιν

2089 1279 2199 1331 τῶν
2230 1259 2558 1347 ἀνθρῶπων,
2584 1274 2723 1328 ἀλλὰ
2753 1273 2846 1326 καὶ
2880 1271 2956 1334 ὼς
2988 1271 3301 1338 ἇνθρωποξ,
3332 1264 3681 1337 πεπειραμέο

2090 1391 2179 1435 νος
2206 1373 2399 1441 αὐτῆς.
2430 1369 2541 1423 Καὶ
2573 1368 2717 1421 διατί
2757 1364 2993 1443 ἔπλασεν
3019 1364 3047 1415 ὀ
3068 1362 3193 1425 Υἱὸς
3227 1363 3317 1413 τὸν
3348 1360 3673 1429 ἄνθρωπονς

2091 1468 2236 1521 Διότι
2262 1461 2419 1523 οὗτός
2458 1466 2576 1517 ἐστι
2603 1461 2773 1528 Σοφία
2804 1464 2898 1513 καὶ
2948 1458 3120 1527 Λόγος
3171 1454 3267 1509 καὶ
3300 1455 3539 1525 Δύναμις
3579 1450 3673 1502 τοῦ

2093 1559 2329 1630 Πατρός.
2372 1557 2479 1610 Καὶ
2533 1554 2677 1609 ὃιαιί
2718 1554 2745 1606 ὀ
2793 1552 2922 1615 Υἱὸς
2977 1548 3094 1603 ἀλλ’
3129 1550 3230 1619 οὐχ
3258 1551 3285 1602 ὀ
3332 1547 3522 1617 Πατὴρ
3554 1544 3586 1615 ἦ
3620 1543 3681 1595 τὸ

2092 1653 2317 1722 Πνεῦμα
2351 1651 2412 1703 τὸ
2443 1651 2598 1717 ἆγιον
2624 1644 3020 1718 ὲνηνθρώττησε
3047 1660 3061 1708 ;
3108 1642 3255 1696 Διότι
3301 1640 3411 1694 ἔδει
3450 1639 3543 1692 τὸν
3568 1639 3679 1692 ἇνω

2076 1746 2218 1801 ’Υἰὸν
2252 1746 2433 1817 μένειν
2464 1744 2559 1797 καὶ
2588 1741 2743 1795 κάτω
2770 1740 2919 1806 Υίδν,
2944 1740 3030 1791 ἴνα
3054 1736 3130 1808 μὴ
3160 1736 3253 1790 δύο
3285 1731 3395 1790 εἷεν
3421 1734 3559 1797 Υἱοὶ,
3591 1730 3683 1783 καὶ

2090 1842 2224 1895 διότι
2249 1841 2357 1893 ἔδει
2390 1838 2479 1891 τὸν
2503 1836 2852 1909 Δημιουργδν
2889 1831 3247 1886 ἀνακαινίσαι
3289 1830 3351 1882 τὸ
3394 1824 3682 1897 συντριϐὲν

2095 1933 2260 1987 αὐτοῦ
2292 1933 2709 2002 δημιούργημα,
2741 1931 2837 1981 καὶ
2878 1927 3018 1982 διότι
3048 1924 3157 1978 ἔδει
3202 1923 3293 1977 τὸν
3346 1921 3566 1989 λογικὸν
3595 1918 3685 1970 διὰ

2094 2028 2189 2083 τοῦ
2221 2028 2397 2096 Λόγου
2433 2022 2873 2095 ἐλευθερωθῆναι
2904 2021 3005 2091 τῆς
3050 2019 3276 2086 ἀλογίας
3314 2017 3423 2070 τῶν
3470 2011 3681 2075 παθῶν,

2096 2122 2190 2174 καὶ
2220 2120 2359 2173 διότι
2388 2117 2605 2191 πρέπον
2638 2114 2705 2188 ἦν
2728 2116 2817 2169 διὰ
2851 2116 2953 2185 τῆς
3003 2111 3437 2183 ἀπαραλλάκτου
3481 2107 3690 2169 εἰκόνος

2096 2215 2189 2270 τοῦ
2229 2214 2441 2285 Πατρδς
2482 2214 2576 2266 τὸν
2632 2212 2755 2264 κατ’
2791 2211 2983 2263 εἰκόνα
3018 2206 3155 2261 Θεοῦ
3189 2204 3563 2276 πεποιημένον
3595 2199 3690 2253 καὶ

2097 2306 2527 2375 παραλλάξαντα
2571 2303 2742 2369 αὐτὴν
2788 2304 2871 2366 εἰς
2919 2302 2979 2356 τὸ
3014 2301 3284 2372 πρότερον
3311 2295 3693 2366 ἐπαναχθῆναι

2098 2398 2342 2471 ἀξίωμα,
2387 2397 2485 2451 καί⁵
2517 2394 2665 2449 οὕτω
2698 2392 3059 2465 καταλλήλως
3090 2389 3273 2443 πάντα
3300 2390 3571 2457 γενέσθαι.

2173 2672 2235 2725 Εἰ
2264 2668 2359 2725 οὖν
2392 2668 2721 2741 τιμήσωμεν
2766 2664 2845 2736 (Ξ)
2868 2662 3059 2730 αὐτὸν,
3092 2658 3279 2723 καθὼς
3322 2657 3572 2729 τιμῶμεν
3600 2658 3693 2711 τὸν

2103 2765 2349 2835 Πατέρα,
2386 2761 2605 2823 πάντως
2631 2759 2725 2812 καὶ
2757 2754 2981 2825 Πατέρα
3025 2752 3220 2807 τοῦτον
3251 2750 3695 2823 προσαγορεύσο-

2107 2877 2207 2931 μεν
2239 2859 2349 2931 (5);
2379 2854 2647 2925 Οὐδαμῶς
2670 2868 2683 2881 ·
2711 2850 2827 2906 ἀλλ’
2866 2849 2996 2903 Υίὸν
3023 2847 3188 2901 αὐτὸν
3240 2847 3443 2909 εἰδότες
3475 2844 3694 2914 Πατέρα

2108 2954 2207 3025 μὲν
2230 2952 2329 3005 οὐκ
2351 2950 2727 3019 ὀνομάσομεν,
2759 2945 2854 2999 ἵνα
2896 2943 2972 3015 μὴ
3010 2943 3333 3013 συγχέωμεν
3363 2942 3461 3004 τὰς
3502 2940 3698 3007 ἰδιότη-

2102 3063 2203 3111 τας
2224 3063 2237 3077 ο
2273 3044 2348 3106 ὡς
2380 3044 2474 3097 τὸν
2501 3042 2723 3111 Πατέρα
2753 3038 2812 3093 δὲ
2833 3039 3145 3113 τιμήσομεν
3175 3035 3250 3106 (ι)
3271 3051 3287 3067 ο
3322 3036 3447 3105 περὶ
3476 3034 3586 3105 γὰρ
3613 3049 3695 3085 τι-

2109 3137 2216 3209 μῆς
2246 3137 2274 3189 δ
2304 3136 2484 3205 λόγος.
2513 3133 2574 3187 οὗ
2622 3132 2752 3203 περὶ
2784 3126 3183 3200 προσηγορίας.
3224 3123 3697 3197 Καταχρηστικῶς

399 3248 538 3293 trem
563 3250 849 3300 vocamus,
883 3241 1145 3302 tanquam
1163 3239 1470 3284 creatorem
1503 3233 1559 3281 et
1590 3229 1997 3295 procuratorem

2108 3235 2168 3287 δὲ
2196 3233 2292 3286 καί¹
2330 3230 2550 3301 Πατέρα
2602 3226 2794 3283 τοῦτον
2850 3224 3155 3294 καλοῦμεν,
3215 3221 3291 3286 ὡς
3338 3222 3571 3293 ποιητὴν
3601 3219 3697 3273 καὶ

397 3348 462 3386 ac
490 3329 809 3399 magistrum
838 3336 1113 3380 nostrum.

471 3424 667 3479 Vidisti
703 3418 1164 3493 sapientissimam
1183 3422 1241 3471 et
1281 3411 1661 3469 admirabilem
1709 3417 2001 3466 contextu-

398 3535 514 3573 ram
546 3515 868 3572 sublimium
914 3511 1322 3579 humiliumque
1354 3506 1649 3562 verborum
1690 3521 1705 3571 ;
1738 3513 1799 3557 ut
1847 3512 1905 3557 et
1936 3502 2006 3557 de

399 3614 487 3668 his
521 3626 641 3683 qua:
666 3620 798 3666 tunc
822 3606 967 3664 facta
1006 3613 1157 3671 sunt,
1190 3617 1374 3659 sermo
1428 3599 1590 3655 facile
1648 3598 2005 3667 suscipiatur,

400 3717 457 3762 et
489 3708 573 3762 his
605 3705 756 3759 nullo
789 3704 901 3757 siut
954 3699 1350 3770 impedimento
1381 3709 1445 3750 ea
1471 3708 1593 3765 qua:
1656 3691 2007 3762 postmodum

401 3806 556 3856 tient.
614 3797 727 3853 Nisi
779 3794 928 3851 enim
964 3808 1086 3849 sese
1128 3791 1428 3847 demittens
1487 3786 1716 3842 humilia
1755 3786 2006 3849 dixisset,

400 3908 573 3965 quare
600 3894 767 3948 etiam
815 3886 1073 3944 sublimia
1126 3882 1473 3938 attexuisset.
1526 3879 1663 3935 Nam
1698 3879 1793 3949 qui
1851 3878 1920 3931 de
1949 3889 2009 3931 se

401 4000 597 4057 magna
631 3983 816 4037 dicere
837 3979 1019 4043 debet,
1061 3990 1186 4031 cum
1226 3987 1389 4045 parva
1428 3972 1644 4026 locutus
1674 3968 1862 4034 fuerit,
1909 3981 2011 4038 pro

402 4074 763 4133 excusatione
850 4069 1016 4125 habet
1129 4063 1601 4136 dispensationem
1664 4077 1681 4116 :
1738 4059 2011 4130 siquidem

402 4165 811 4241 dispensatoris
860 4162 967 4218 hoc
1022 4159 1171 4216 facit.
1226 4158 1401 4225 Quem
1436 4170 1571 4211 vero
1618 4170 1787 4226 parva
1827 4154 2012 4210 dicere

402 4265 687 4325 convenit,
741 4273 906 4329 quam
964 4255 1037 4309 ob
1090 4266 1313 4308 causam
1342 4263 1538 4320 magna
1580 4247 1866 4319 loquitur?
1900 4262 2009 4301 non

404 4356 555 4412 enim
621 4348 1053 4423 dispensationis
1102 4345 1208 4399 hoc
1252 4352 1357 4410 est,
1412 4343 1508 4397 sed
1538 4349 1802 4395 extrema:
1853 4354 2010 4394 arro-

406 4443 795 4522 gantiaQuod
821 4442 865 4497 si
896 4442 1064 4497 etiam
1093 4440 1274 4493 minor
1294 4444 1413 4492 erat
1433 4434 1625 4500 Filius,
1654 4432 1798 4488 sicut
1825 4432 2011 4488 Ariani

403 4541 778 4614 nugabantur,
811 4548 981 4606 quare
1012 4532 1275 4604 mqualEm
1333 4528 1479 4583 Patri
1541 4526 1808 4582 honorem
1842 4541 2009 4597 expe-

406 4633 598 4690 tebat?
636 4629 753 4686 Nec
808 4637 1021 4683 tantum
1071 4623 1386 4695 expetebat,
1416 4636 1607 4676 verum
1647 4620 1811 4674 etiam
1838 4627 2009 4673 terro-
2038 4638 2086 4699 ο

403 4747 518 4785 rem
550 4724 871 4787 incutiebat,
913 4722 1102 4777 dicens
1136 4738 1152 4774 :

479 4838 637 4895 Vers.
667 4837 760 4894 23.
796 4836 974 4904 Qui—
1021 4832 1193 4888 illum.
1242 4830 1345 4898 Qui
1393 4843 1505 4882 non
1551 4827 1807 4889 honorat,
1844 4822 2005 4878 modo

402 4949 517 5003 quo
553 4930 815 5002 superius
851 4926 988 4982 dixit
1022 4965 1039 4989 ,
1073 4926 1177 4979 hoc
1212 4930 1316 4987 est,
1349 4920 1492 4974 sicut
1514 4917 1753 4971 Patrem.
1780 4914 2006 4969 Addidit

405 5037 591 5081 autem
621 5041 638 5079 :
672 5022 775 5089 Qui
816 5021 957 5075 misit
991 5018 1165 5083 illum,
1199 5030 1312 5070 non
1342 5015 1429 5069 sui
1477 5009 1898 5065 minorationem
1930 5006 2004 5061 si-

404 5123 699 5195 gniﬁcans,
749 5118 846 5173 sed
893 5130 990 5171 ora
1049 5112 1365 5168 Judazorum
1420 5108 1706 5164 obturans.
1775 5102 2005 5173 PI‘Oplel'

409 5219 513 5271 hoc
540 5215 704 5270 ctiam
735 5210 1001 5268 continue
1042 5207 1111 5262 ad
1156 5204 1373 5261 Patrem
1416 5201 1635 5271 refugit.
1678 5211 1890 5269 ponens
1922 5195 2007 5249 in-

407 5310 569 5363 terim
602 5317 654 5361 et
685 5321 799 5361 sua:
835 5314 1047 5358 natura:
1092 5298 1457 5355 nobilitatem.
1485 5294 1611 5349 Sive
1644 5292 1795 5348 enim
1817 5290 2003 5345 omnia

404 5401 711 5456 secundum
748 5398 831 5454 sui
885 5396 1206 5467 dignitatem
1262 5392 1480 5447 locutus
1530 5387 1745 5451 fuisset,
1798 5400 2007 5454 nequa-

403 5507 569 5564 quam
601 5491 998 5559 suscepissent,
1036 5486 1421 5543 existimautes
1441 5496 1566 5538 eum
1600 5481 1711 5538 Deo
1729 5492 1850 5534 esse
1873 5492 2007 5532 con-

516 5631 559 5662 ⁸⁷
600 5630 619 5681 l
653 5628 781 5683 Cor.
819 5643 969 5692 xxiv,
999 5624 1069 5681 '50
1103 5622 1313 5692 ;Hebr.
1349 5636 1390 5687 ι,
1430 5621 1481 5676 3.

2111 3325 2390 3396 κηδεμόνα
2421 3322 2517 3376 καὶ
2558 3319 2885 3374 διδάσκαλον
2911 3318 3095 3390 ἡμῶν.

2180 3417 2335 3481 Εἶδες
2366 3418 2465 3485 τὴν
2487 3414 2808 3484 σοφωτάτην
2867 3413 2962 3466 καὶ
2994 3408 3304 3480 Θαυμασίαν
3354 3406 3563 3477 πλοκὴν
3588 3406 3697 3460 τῶν

2111 3512 2336 3584 ὑψηλῶν
2365 3511 2482 3582 ἅμα
2510 3511 2606 3563 καὶ
2631 3504 2905 3560 ταπεινῶν
2941 3502 3203 3575 ῥημάτων
3226 3517 3241 3533 ·
3279 3500 3420 3554 ὥστε
3455 3501 3549 3553 καὶ
3583 3502 3695 3560 τοῖς

2110 3609 2232 3662 τότε
2253 3604 2506 3676 γίνεσθαι
2528 3603 2619 3658 τὸν
2646 3602 2805 3670 λόγον
2830 3598 3266 3669 εὐπαρὰδεκτον,
3295 3597 3387 3648 καὶ
3409 3594 3537 3656 τοὺς
3562 3591 3699 3663 μετά

2110 3703 2270 3758 τοῦτο
2294 3702 2371 3773 μὴ
2404 3696 2768 3771 βλάπτεσθαι.
2802 3696 2862 3748 Ei
2886 3697 2997 3765 γὰρ
3030 3693 3105 3764 μὴ
3148 3691 3240 3746 διὰ
3284 3687 3699 3757 συγκατάὸασιν

2111 3796 2180 3849 τὰ
2207 3795 2442 3848 ταπεινὰ
2474 3791 2657 3860 ἔλεγε,
2684 3788 2826 3843 διατί
2851 3789 2948 3841 καὶ
2974 3786 3041 3839 τὰ
3068 3783 3249 3854 ὑψηλὰ
3280 3780 3657 3854 προσέπλεκεν
3680 3794 3697 3841 ;

2122 3889 2184 3943 '0
2222 3888 2317 3960 μὲν
2349 3886 2460 3958 γὰρ
2518 3884 2759 3956 ὀφείλων
2804 3882 3019 3954 μεγάλα
3071 3880 3202 3951 περὶ
3241 3874 3436 3933 ἑαυτοῦ
3493 3873 3697 3942 λέγειν,

2111 3981 2241 4036 ὅταν
2261 3980 2432 4050 μικρά
2454 3976 2784 4048 φθέγγηται,
2810 3974 3089 4047 πρόφασιν
3108 3970 3223 4042 ἔχει
3247 3969 3343 4039 τὴν
3365 3966 3699 4036 οἰκονομίαν*

2112 4071 2474 4143 οἰκονομικῶς
2524 4071 2636 4141 γὰρ
2683 4068 2843 4122 τοῦτο
2907 4067 3090 4122 ποιεῖ·
3121 4068 3149 4119 ὁ
3192 4064 3248 4117 δὲ
3303 4063 3475 4134 μικρὰ
3521 4060 3700 4128 λέγειν

2112 4166 2346 4237 ὀφείλων
2405 4167 2552 4229 τίνος
2614 4162 2803 4216 ἕνεκεν
2862 4159 3074 4232 μεγάλα
3121 4157 3461 4227 φθέγγεται;
3530 4150 3699 4206 Τοῦτο

2116 4265 2229 4332 γὰρ
2255 4261 2356 4313 οὐκ
2381 4259 2532 4313 ἐστιν
2555 4256 2899 4327 οἰκονομίας,
2932 4254 3049 4308 ἀλλ’
3079 4252 3322 4323 ἐσχάτης
3346 4246 3696 4313 ἀλαζονείας,

2114 4358 2177 4411 Ei
2198 4358 2255 4410 δὲ
2283 4354 2380 4410 καὶ
2404 4354 2647 4407 ἐλάττων
2668 4347 2736 4424 ἦν
2780 4352 2807 4405 ὁ
2838 4349 2991 4413 Υἱὸς,
3018 4347 3094 4411 ὼς
3129 4347 3178 4401 οἰ
3203 4346 3333 4415 περί
3362 4342 3453 4395 τὸν
3480 4342 3699 4410 ’Ἄρειον

2114 4455 2368 4522 ἐλήρουν,
2398 4447 2545 4503 διατί
2581 4448 2681 4519 τὴν
2719 4445 2841 4517 ῐσην
2890 4442 2968 4514 τῷ
3021 4441 3198 4513 Πατρὶ
3242 4439 3410 4510 τιμὴν
3454 4435 3696 4507 ἀπῄτεις

2114 4550 2224 4601 Καὶ
2258 4548 2359 4599 οὐκ
2383 4543 2585 4615 ἀπῄτει
2622 4542 2809 4614 μόνον,
2852 4538 2988 4592 ἀλλὰ
3021 4536 3114 4590 καὶ
3153 4532 3363 4605 ὲφόόει,
3393 4531 3591 4599 λέγων·

2196 4814 2572 4871 Ὀ-αὐτόν.
2608 4811 2667 4865 Ὀ
2696 4809 2771 4880 μὴ
2816 4808 3015 4877 τιμῶν,
3056 4805 3133 4869 ὡς
3188 4804 3375 4873 ἔλεγεν
3414 4799 3691 4870 ἀνωτέρω,

2110 4910 2301 4981 ἡγουν,
2334 4904 2517 4969 καθὼς
2550 4905 2643 4956 τὸν
2679 4901 2922 4970 Πατέρα.
2962 4900 3071 4953 Τὸν
3100 4898 3426 4967 πέμψαντα
3462 4892 3516 4945 δὶ
3541 4887 3694 4944 εἶπεν

2112 5004 2214 5056 οὐκ
2243 5002 2543 5054 ἐλάττωσιν
2571 4994 2770 5049 ἑαυτοῦ
2814 4993 3125 5065 ἐμφαίνων,
3178 4989 3316 5043 ἀλλὰ
3348 4989 3415 5041 τὰ
3448 4986 3694 5056 στόματα

2110 5096 2219 5148 τῶν
2257 5091 2533 5146 Ἰουδαίων
2562 5090 2921 5161 ὲμφράττων.
2950 5086 3050 5139 Διὰ
3081 5082 3243 5138 τοῦτο
3273 5082 3382 5151 γὰρ
3413 5080 3509 5132 καὶ
3539 5095 3695 5130 συνε-

2111 5188 2221 5258 χῶς
2246 5188 2340 5240 ἐπὶ
2370 5186 2460 5239 τὸν
2492 5184 2716 5253 Πατέρα
2754 5177 3118 5248 καταφεύγει,
3161 5177 3331 5235 τιθεὶς
3365 5170 3569 5243 μεταξὺ
3593 5171 3695 5242 τὴν

2112 5282 2325 5335 οἰκείαν
2357 5279 2664 5345 εὐγάνειαν.
2704 5276 2830 5330 Εῐτε
2863 5276 2973 5345 γὰρ
3034 5274 3215 5327 πάντα
3266 5269 3405 5339 πρὸς
3444 5268 3542 5336 τὴν
3569 5267 3697 5319 tau-

2109 5373 2203 5425 τοῦ
2238 5372 2396 5438 ἀξίαν
2453 5370 2655 5433 ἐλάλει,
2707 5370 2811 5423 οὐκ
2843 5369 2911 5421 ἂν
2974 5363 3343 5436 παρεδέξαντο
3381 5359 3694 5429 νομίζοντες

2110 5466 2381 5531 ἀντίθεον,
2403 5466 2540 5519 ὅπου
2574 5464 2649 5534 (5)
2681 5480 2741 5532 γε
2767 5463 2862 5517 καὶ
2887 5460 2997 5516 ἀπὸ
3029 5458 3276 5533 βραχέων
3305 5453 3563 5511 τοιούτων
3589 5454 3694 5524 ρηο

1606 5684 1806 5749 \'arite
1836 5679 2143 5746 lectiones
2181 5682 2241 5739 et
2280 5682 2469 5739 notas.

484 5827 564 5897 (ll
606 5825 717 5880 Καί
748 5823 1053 5895 interponit
1082 5823 1146 5878 A.

486 5902 563 5967 ιε)
592 5897 916 5967 Τιμήσομεν
958 5897 1015 5949 li.

488 5967 565 6040 (5)
598 5968 917 6043 Προσαγορε
930 5968 1149 6038 ὀσωμεν
1183 5967 1219 6019 Α

2185 5807 2260 5878 (4)
2300 5805 2383 5860 Al.
2413 5804 2753 5878 Τιμήσωμεν

2184 5874 2261 5951 (5)
2311 5878 2376 5931 Γε
2415 5882 2568 5932 abest
2598 5874 2659 5929 Β.
