4010 6512
239 504 384 570 1225

1216 497 1602 559 COMMENT.
1650 499 1727 558 ΙΝ
1772 498 2155 564 ΙΟΛΧΝΕΜ.
2206 528 2262 538 -
2309 503 2469 565 CAP.
2508 508 2569 565 ν.

3400 507 3536 570 ιεεσ

229 623 547 690 βλέπειν·
590 618 733 673 οὕτω
786 615 1068 672 κάνταῦθα
1141 617 1202 668 τὸ
1272 617 1520 670 ἀκούειν
1577 614 1829 683 νοητέον⁴

1943 614 2070 670 dum
2104 625 2186 670 est
2210 616 2630 686 dispensatorie,
2655 628 2711 674 ct
2746 629 2803 675 ut
2835 619 2948 675 Deo
2977 618 3291 675 conveniat.
3353 619 3538 690 Siqui-

231 714 606 785 οίκονομικῶ;
639 713 759 782 μὲν,
801 708 1126 781 Θεοπρεπῶς
1155 708 1232 762 δέ.
1263 710 1338 763 Οὐ
1385 707 1492 776 γὰρ
1522 707 1698 760 δεῖται
1744 704 1836 758 τοῦ

231 811 493 865 ἀκούειν·
526 806 782 877 ἀνενδεὴς
815 804 921 875 γὰρ
951 805 978 856 ὁ
1004 802 1156 866 Θεός.

305 902 419 957 Kal
460 929 526 940 -—-
567 900 821 966 Πατρός.
875 893 1061 963 Κρίνω
1116 895 1321 957 δίκαια,
1377 896 1542 964 φησὶ,
1587 891 1721 945 διὸτι
1777 893 1836 944 οὐ

239 995 413 1066 κρίνω
438 994 580 1046 κατὰ
607 993 668 1045 τὸ
708 991 920 1060 θέλημα
948 987 1061 1058 (17)
1110 987 1172 1041 τὸ
1219 989 1353 1058 ἐμόν
1373 1003 1388 1020 ·
1421 988 1545 1040 οὐδὲ
1589 985 1699 1056 γὰρ
1730 985 1840 1054 ἔχω

230 1088 453 1156 θέλημα
483 1088 611 1140 ἴδιον
639 1103 652 1116 ·
683 1085 818 1137 ἀλλὰ
844 1084 986 1136 κατὰ
1036 1081 1097 1135 τὸ
1135 1082 1229 1134 τοῦ
1261 1081 1494 1154 Πατρός.
1535 1074 1707 1132 Τοῦτο
1729 1078 1839 1148 γὰρ

229 1182 330 1234 καὶ
361 1181 493 1246 ἐμόν
515 1197 526 1208 ο
553 1180 610 1232 ἐν
633 1179 742 1247 γὰρ
772 1177 865 1229 καὶ
900 1176 962 1229 τὸ
998 1174 1131 1229 αὐτὸ
1189 1173 1404 1244 θέλημα
1473 1169 1688 1239 nam;
1743 1171 1839 1223 xui.

227 1270 392 1324 Υἱοῦ.
427 1270 536 1322 Καὶ
593 1269 801 1335 λοιπὸν,
835 1269 882 1320 εί
915 1269 942 1321 ὁ
969 1266 1158 1336 Πατὴρ
1187 1264 1380 1336 κριτὴς
1409 1263 1642 1327 δίκαιος,
1691 1260 1782 1313 καὶ
1809 1261 1839 1314 ὁ

227 1363 364 1425 Υἰὲς
399 1363 507 1433 ἄρα
536 1361 728 1431 κριτὴς
762 1360 990 1421 δίκαιος.
1339 1414 1343 1416 _

311 1455 436 1522 Χρὴ
465 1454 643 1505 τοίνυν
683 1453 773 1505 ἐπὶ
811 1452 922 1503 τῶν
951 1447 1212 1503 τοιούτων
1251 1445 1744 1515 συγκαταϐατικῶν
1777 1462 1836 1496 τε

230 1549 330 1600 καὶ
382 1546 744 1614 οἰκονομικῶν
795 1544 1060 1614 ῥημάτων
1114 1542 1190 1612 μὴ
1243 1541 1381 1611 πρὸς
1421 1539 1562 1590 αὐτὰ
1617 1536 1838 1606 βλέπειν

230 1638 423 1706 μόνον,
463 1635 599 1689 ἀλλὰ
641 1635 736 1688 καὶ
778 1637 914 1706 πρὸς
944 1633 1044 1703 τὴν
1080 1631 1259 1687 αἰτίαν
1290 1630 1356 1683 δι’
1389 1631 1453 1700 ἣν
1496 1627 1832 1698 ἐρρήθησαν.

222 1729 538 1797 Αἱτία,γὰρ
580 1728 668 1779 ἐπὶ
694 1726 899 1778 τούτων
941 1729 974 1796 ἡ
1019 1725 1271 1779 ἀσθένεια
1313 1724 1411 1792 τῆς
1443 1719 1680 1780 διανοίας
1725 1714 1836 1768 τῶν

224 1824 563 1884 ἀκουόντων,
595 1819 691 1872 καὶ
717 1823 778 1872 τὸ
809 1819 886 1890 μὴ
922 1819 1099 1872 δοκεῖν
1134 1818 1297 1871 αὑτὸν
1326 1814 1597 1878 ἀντίθεον,
1616 1813 1690 1873 ὡς
1719 1810 1836 1864 δια-

225 1916 414 1984 φόρως
440 1915 762 1985 εἰρήκαμεν.

1942 708 2065 760 dem
2105 725 2284 778 neque
2319 711 2505 767 videre
2531 713 2578 766 ei
2611 728 2754 781 opus
2802 723 2911 779 est,
2935 727 3114 783 neque
3149 712 3364 773 audire.
3413 730 3536 768 cum

1946 798 2090 853 Deus
2111 801 2256 854 nulla
2285 816 2342 856 re
2374 803 2631 872 indigeat.
3020 802 3022 804 ’

2018 893 2173 949 Vers.
2245 896 2334 952 30.
2380 899 2450 949 Et
2487 894 2793 950 —-Patri‘s.
2845 895 3024 962 Juste,
3074 895 3274 967 inquit,
3327 896 3539 967 judico,

1941 989 2070 1056 quia
2098 987 2412 1058 noujudico
2438 990 2741 1043 secundum
2794 988 3156 1050 voluntatem,
3213 1004 3416 1054 meam,
3441 1005 3544 1044 ne-

1941 1096 2048 1148 que
2072 1096 2173 1152 ego
2205 1081 2488 1152 proprium
2515 1083 2690 1136 habeo
2733 1081 3205 1149 voluntatemjsed
3236 1067 3540 1137 sectindum

1941 1171 2116 1225 Pall'is
2136 1174 2470 1227 voluntatem
2495 1189 2508 1238 ;
2536 1189 2660 1227 nam
2682 1173 2768 1226 illa
2787 1174 2952 1227 etiam
2971 1189 3089 1227 mea
3105 1182 3191 1227 est
3211 1188 3226 1237 ;
3254 1188 3362 1227 una
3380 1173 3545 1242 siqui-

1941 1265 2066 1316 dem
2092 1275 2146 1318 et
2167 1265 2356 1318 eadem
2383 1275 2469 1321 est
2491 1267 2668 1321 Patris
2685 1275 2741 1319 et
2759 1264 2882 1319 Filii
2907 1267 3183 1320 voluntas.
3204 1265 3262 1319 Si
3279 1279 3410 1336 ergo
3437 1267 3540 1320 l‘a-

1944 1365 2028 1410 ter
2046 1357 2230 1424 justus
2249 1357 2536 1428 estjudcx,
2563 1367 2620 1412 et
2646 1356 2816 1411 Filius
2839 1359 3028 1426 utique
3049 1358 3232 1428 justus
3256 1357 3539 1426 estjudex.

2015 1449 2247 1519 Oportet
2273 1453 2457 1521 itaque
2503 1451 2558 1504 in
2591 1450 2910 1522 huiusmodi
2943 1450 3150 1515 verbis,
3181 1465 3304 1518 qua:
3335 1449 3543 1503 demis~

1941 1543 2152 1596 sionem
2186 1558 2250 1596 ac
2278 1527 2747 1614 dispensatioﬁem
2806 1541 3140 1614 signiﬁcant,
3170 1557 3278 1595 non
3331 1541 3397 1594 ad
3425 1543 3540 1609 ipsa

1944 1645 2156 1690 tantum
2185 1636 2489 1707 respicere,
2549 1639 2644 1692 sed
2671 1635 2836 1690 etiam
2872 1636 2940 1689 ad
2993 1650 3216 1690 causam
3254 1635 3496 1704 ipsorum
3527 1652 3543 1699 ;

1940 1729 1995 1782 in
2031 1728 2118 1784 his
2151 1730 2302 1784 enim
2337 1746 2504 1784 causa
2535 1740 2622 1785 est
2656 1729 3009 1784 imbecillitas
3039 1729 3243 1782 mentis
3311 1728 3541 1785 audien-

1941 1821 2102 1886 tium,
2145 1830 2200 1874 et
2228 1837 2298 1875 ne
2329 1822 2443 1876 Deo
2465 1821 2781 1877 contrarius
2845 1821 3152 1886 videretur,
3202 1820 3348 1874 sicut
3378 1818 3544 1873 variis

1940 1915 1997 1968 in
2028 1913 2164 1968 locis
2179 1913 2438 1968 diximus.
3460 1914 3470 1925 '

316 1975 454 2060 Ἐὰν
590 1975 849 2075 ἀληθής.
903 2008 1023 2078 Χρὴ
1070 2007 1198 2068 τοὺς
1248 2005 1347 2068 τὰς
1404 2003 1556 2075 ίερὰς
1605 2002 1829 2073 Γραφὶς

2011 2003 2178 2058 Vers.
2210 2005 2302 2058 51.
2344 2003 2403 2059 Si
2433 2034 2501 2044 —-
2524 2020 2732 2057 verum.
2777 2004 3009 2074 Oportet
3038 2020 3133 2060 eos
3196 2005 3290 2074 qui
3348 2022 3535 2061 sacras

224 2102 709 2169 ἀναγινώσκοντας
744 2102 836 2153 τόν
866 2117 924 2153 τε
965 2101 1164 2152 σκοπῖν
1190 2097 1286 2150 τοῦ
1314 2098 1566 2164 λέγοντος
1609 2096 1703 2148 καὶ
1732 2095 1833 2163 τὴν

225 2194 345 2258 ἕξιν
376 2194 469 2246 τοῦ
502 2195 796 2256 ἀκούοντος
827 2192 1126 2259 ἐξετάζειν,
1153 2191 1246 2244 καὶ
1276 2190 1486 2258 καιροῖς
1517 2189 1615 2240 καὶ
1643 2187 1832 2250 τόποις

225 2286 382 2337 ἕστ.ν
426 2288 513 2338 ὅτε
557 2286 870 2354 προσέχειν,
913 2285 1010 2336 καὶ
1039 2283 1107 2336 τὰ
1150 2281 1420 2351 ίδιὼματα
1453 2279 1830 2348 παρατηρεῖν,

227 2378 329 2428 καὶ
363 2378 438 2446 μὴ
478 2377 668 2439 ἁπλῶς
693 2377 786 2430 καὶ
818 2374 940 2428 καθ’
992 2375 1090 2427 ἕνα
1122 2374 1326 2444 τρόπον
1369 2373 1584 2425 ἐπιέναι
1628 2370 1828 2431 πάντα,

227 2467 277 2518 εί
329 2466 602 2536 βούλοιντο
629 2467 698 2519 τὰ
727 2468 926 2536 γνήσια
961 2467 1211 2535 νοήματα
1241 2463 1711 2534 καταλαμὸἁνειν,
1735 2464 1830 2514 καὶ

229 2561 311 2628 μὴ
340 2558 517 2627 ψιλοῖς
543 2562 655 2623 τοῖς
691 2561 936 2630 ῥήμασιν
974 2556 1356 2627 ἑναπομένειν,
1389 2555 1485 2609 καὶ
1517 2552 1830 2607 πλανᾶσθαι

228 2649 377 2702 κατὰ
422 2649 549 2710 τοὺς
592 2649 923 2717 αίρετικούς.
967 2647 1181 2701 Λύτίκα
1213 2647 1323 2717 γὰρ
1365 2647 1424 2699 τὸ
1463 2646 1830 2716 προκείμενον

227 2741 430 2813 χωρίον
477 2741 590 2810 ἔχει
655 2741 754 2804 μὲν
807 2739 977 2794 πολὺν
1033 2738 1346 2812 Θησαυρὸν,
1388 2740 1500 2808 ἔχει
1550 2738 1608 2790 δὲ
1637 2737 1827 2790 τοῦτον

229 2835 403 2904 πολλῇ
451 2835 947 2904 κατακεχωσμένον
1006 2832 1268 2902 ἀσαφείᾳ.
1322 2830 1418 2893 Τίς
1457 2829 1566 2900 γὰρ
1621 2831 1721 2882 οὐκ
1759 2830 1827 2883 ἂν

233 2926 441 2989 εὐθέως
495 2924 821 2995 Θορυῦηοείη
867 2924 1084 2977 ἀκούων
1119 2923 1211 2976 τοῦ
1249 2923 1488 2992 Χριστοῦ
1535 2924 1823 2989 λέγοντοςο

243 3017 389 3071 Ἐὰν
431 3017 546 3082 ἐγὼ
580 3015 864 3085 μαρτυρῶ
911 3015 1050 3083 περὶ
1097 3015 1397 3084 ἐμαυτοῦ,
1438 3016 1478 3079 ἠ
1527 3016 1826 3082 μαρτυρία

225 3129 346 3182 μου
370 3113 481 3164 οὐκ
503 3110 675 3164 ἔστιν
696 3108 968 3176 ἀληθής;
991 3107 1226 3178 Καίξγὰρ
1246 3108 1408 3170 αὐτὸς
1432 3107 1642 3174 ἔλεγεν·
1682 3105 1827 3174 Ἐγώ

227 3206 347 3270 ειμι
373 3203 411 3270 ἠ
429 3201 837 3271 ἀ.1ήθεια.ξΚαὶ
853 3200 948 3252 ἐὰν
981 3201 1015 3270 ἡ
1033 3199 1260 3269 ἀλήθεια
1281 3199 1381 3252 οὐκ
1410 3198 1655 3270 ἀληθεύῃ
1681 3198 1821 3269 (13),

228 3297 315 3356 τίς
369 3295 692 3363 ἀληθεύσεις
735 3293 862 3346 Ἐὰν
903 3292 939 3347 ἃ
971 3292 1103 3362 περὶ
1155 3291 1350 3346 ἑαυτοῦ
1394 3293 1826 3364 μεμαρτύρηκεν

228 3384 332 3439 οὔκ
373 3389 509 3437 εἰσιν
535 3384 710 3454 ἀληθῆ
732 3425 746 3450 ,
781 3384 999 3447 πάντως
1026 3385 1234 3454 οἴχεται
1263 3386 1395 3454 ἡμῖν
1431 3384 1492 3436 τὸ
1522 3385 1819 3454 κεφάλαιον

229 3478 327 3530 τοῦ
386 3477 768 3547 κηρύγματος.
813 3477 933 3530 Ἵνα
959 3477 1069 3547 γὰρ
1127 3477 1382 3547 ἐάσωμεν
1434 3476 1602 3531 τᾶλλα
1656 3478 1827 3550 μυρία

229 3570 362 3624 ὅντα
403 3572 495 3622 καὶ
543 3567 841 3622 συνεκτικὰ
892 3569 992 3638 τῆς
1040 3568 1316 3632 πίστεως,

229 3662 338 3733 πρὸ
377 3661 609 3732 βραχέος
638 3663 990 3732 ἐμαρτύρησε
1031 3664 1162 3732 περὶ
1196 3660 1415 3726 ἑαυτοῦ,
1440 3663 1522 3715 ὅτι
1551 3663 1680 3726 Υἱός
1709 3663 1827 3716 ἐστι

227 3754 324 3807 τοῦ
354 3755 512 3819 Θεοῦ,
547 3754 629 3806 ὅτι
663 3755 777 3816 (eo;
810 3753 960 3821 αὐτῷ
983 3754 1126 3806 κατὰ
1153 3754 1319 3822 φύσιν
1349 3754 1443 3805 καὶ
1477 3754 1708 3823 δύναμιν
1732 3755 1827 3807 καὶ

229 3846 469 3916 θέλησιν,
489 3846 570 3898 ὅτι
593 3846 947 3916 δημιουργὸς,
979 3845 1064 3899 ὃτι
1098 3843 1382 3912 ζωοποιδς,
1402 3846 1483 3898 ὅτι
1511 3844 1705 3915 κριτὴς
1729 3847 1825 3899 καὶ

227 3941 331 3992 ὅσα
360 3937 617 3999 τοιαῦτα;

303 4035 367 4086 Τί
415 4031 508 4089 οὖν
561 4036 711 4087 ἐστὶν
762 4036 970 4102 είπεῖν;
1008 4035 1169 4099 Ὅτι,
1213 4035 1401 4106 ἐπειδὴ
1433 4035 1660 4088 τοιαῦτα
1695 4038 1825 4106 περὶ

230 4117 432 4181 ἑαυτοῦ
464 4127 822 4198 μαρτυρήσας
871 4127 1011 4196 ἔγνω
1044 4131 1170 4191 τοὺς
1221 4128 1509 4190 Ἰουδαίους
1559 4128 1824 4198 ἐνθυμου-

230 4223 428 4292 μένους
455 4221 752 4274 ἀντιθεῖναι
785 4221 880 4275 καὶ
919 4225 1131 4285 εἰπεῖν,
1160 4223 1240 4275 ὅτι
1276 4220 1389 4290 (19)
1429 4221 1555 4274 Ἐὰν
1585 4221 1647 4272 σὺ
1683 4239 1826 4292 μαρ-

228 4316 400 4382 τυρῇς
431 4313 559 4381 περὶ
592 4313 821 4366 σεαυτοῦ
876 4312 1016 4384 (20),
1040 4314 1075 4381 ἡ
1101 4312 1377 4383 μαρτυρία
1410 4329 1504 4364 σου
1539 4312 1639 4363 οὐκ
1674 4313 1822 4363 ἔστιν

228 4403 457 4474 ἀληθής.
495 4404 684 4467 Οὐδεὶς
719 4406 828 4474 γὰρ
872 4405 1050 4475 ἑαυτῷ
1084 4404 1379 4476 μαρτυρῶν
1419 4403 1734 4467 ἀξιόπιστος
1765 4406 1824 4456 ἐν

228 4495 539 4566 ἀνθρώποις
574 4495 644 4550 δι’
672 4497 908 4567 ὑποψίαν
949 4498 1266 4566 φιλαυτίας·
1292 4496 1563 4566 προέλαϐε
1606 4498 1700 4548 καὶ
1747 4491 1824 4548 εἶ-

228 4606 331 4641 πεν
386 4589 415 4641 ὃ
443 4589 667 4659 ἔμελλον
719 4592 896 4642 εἰπεῖν
951 4591 1179 4655 ἐκεῖνοι,
1232 4588 1435 4658 λέγων’
1505 4589 1648 4641 Ἐὰν
1708 4587 1824 4655 ἐγὼ

1366 3569 1470 3622 ποῦ
1525 3569 1766 3640 θήσομεν
1791 3569 1828 3624 ἃ

1937 2098 2128 2170 legunt
2169 2096 2508 2167 Scripturas,
2549 2095 2919 2150 intentionem
2942 2096 3221 2166 loquentis
3251 2098 3540 2151 habitum-

1937 2205 2046 2260 que
2079 2189 2362 2244 audientis
2391 2189 2710 2258 exquirere,
2781 2198 3034 2259 tempora
3071 2204 3292 2259 quoque
3327 2207 3391 2245 ac
3419 2191 3538 2244 loca

1936 2275 2248 2344 advertere,
2284 2279 2517 2349 insuper
2556 2278 2817 2333 idiomata
2877 2282 3178 2333 observare
3211 2294 3225 2330 :
3284 2295 3386 2333 nec
3407 2280 3541 2333 sim-

1935 2375 2151 2446 pliciter
2189 2383 2246 2429 et
2277 2389 2388 2428 uno
2441 2373 2607 2428 modo
2629 2382 2833 2427 cuncta
2893 2371 3137 2443 aggredi,
3172 2373 3220 2426 si
3269 2372 3544 2444 legitimos

1935 2483 2134 2523 sensus
2169 2466 2339 2521 velint
2365 2466 2812 2536 deprehendere,
2865 2475 2920 2520 et
2962 2480 3072 2519 non
3120 2466 3175 2518 in
3235 2466 3398 2521 nudis
3425 2482 3546 2520 ma-

1934 2573 2070 2613 nere
2092 2558 2278 2612 verbis
2308 2573 2373 2613 ac
2411 2557 2554 2622 falli,
2583 2557 2730 2611 sicut
2782 2556 3048 2610 haeretici.
3109 2554 3392 2625 Siquidem
3411 2573 3543 2627 pro-

1934 2652 2148 2722 positus
2171 2652 2358 2706 statim
2395 2665 2628 2720 campus
2657 2648 2774 2719 (im)
2804 2649 3123 2704 thesaurum
3158 2649 3324 2702 habet
3349 2650 3542 2719 c0pi0-

1932 2759 2057 2800 sum
2091 2761 2106 2799 :
2145 2743 2311 2797 habet
2361 2751 2547 2797 autem
2581 2741 2731 2796 hunc
2771 2741 2942 2795 multa
2995 2742 3251 2796 obrutum
3280 2743 3538 2796 obscuri-

1935 2844 2072 2890 tate.
2107 2834 2244 2900 Quis
2270 2833 2421 2888 enim
2442 2843 2673 2904 repente
2705 2833 2917 2887 turbari
2959 2849 3068 2887 non
3095 2845 3278 2903 posset
3307 2835 3541 2889 audiens

1933 2928 2215 2981 Christum
2255 2926 2532 2981 dicentem
2563 2947 2577 2981 :
2612 2925 2673 2980 Si
2729 2943 2822 2997 ego
2885 2929 3243 2981 testimonium
3297 2930 3541 2998 per/libro

1931 3021 1994 3074 de
2028 3038 2108 3074 me
2133 3021 2264 3087 ipso,
2298 3021 2654 3073 testimonium
2705 3037 2884 3074 meum
2948 3037 3055 3074 non
3093 3032 3169 3074 est
3230 3033 3412 3074 verum
3441 3022 3486 3053 “
3517 3023 3541 3074 ?

1934 3115 2218 3183 Siquidem
2272 3112 2390 3183 ipse
2438 3113 2622 3168 dixit:
2660 3111 2773 3183 Ego
2820 3130 2942 3166 sum
2989 3114 3184 3167 veritas
3227 3130 3247 3177 ;
3289 3115 3433 3183 quod
3491 3117 3538 3170 si

1932 3206 2133 3259 veritas
2165 3221 2356 3259 verum
2383 3220 2495 3260 non
2528 3204 2793 3273 loquitur,
2854 3204 3109 3274 quisnam
3147 3204 3254 3259 erit
3285 3206 3380 3272 qui
3410 3222 3540 3259 vera

1856 3321 1897 3376 ε
1933 3298 2243 3366 loquatur?
2303 3297 2358 3350 Si
2401 3312 2523 3366 qua:
2570 3297 2637 3351 de
2685 3298 2872 3366 seipso
2908 3298 3233 3351 testilieatus
3263 3307 3373 3363 est,
3410 3315 3539 3353 vera

1937 3405 2050 3446 non
2091 3400 2240 3453 sunt,
2264 3389 2425 3444 nobis
2442 3389 2670 3444 omnino
2690 3391 2835 3458 perit
2857 3389 3269 3459 prazdicationis
3295 3406 3536 3447 summa.

1936 3483 2100 3548 Nam,
2128 3490 2402 3536 utcmtera
2434 3482 2837 3550 sinamus,quze
2852 3485 3282 3538 suntinnumera
3301 3485 3537 3541 etﬁdem

1937 3573 2320 3643 contingentia
2355 3590 2368 3626 :
2408 3573 2633 3626 ubinam
2669 3587 2941 3642 ponemus
2965 3588 3030 3627 ea
3062 3589 3180 3643 qua:
3211 3575 3375 3643 paulo
3405 3587 3536 3631 ante

1937 3667 2004 3721 de
2044 3667 2229 3736 seipso
2253 3666 2581 3720 testiﬁcatus
2602 3676 2708 3727 est,
2747 3667 2892 3735 quod
2923 3667 3096 3720 Filius
3127 3669 3199 3722 sit
3230 3668 3353 3734 Dei,
3387 3672 3534 3740 quod

1934 3753 2166 3822 aequalis
2197 3753 2273 3806 illi
2305 3763 2525 3816 natura,
2578 3755 2828 3822 potentia
2880 3765 2936 3808 et
3004 3757 3333 3827 voluntate;
3386 3762 3536 3830 quod

1935 3856 2176 3911 creator,
2201 3845 2347 3913 quod
2375 3845 2708 3910 viviﬁeator,
2745 3847 2889 3916 quod
2926 3848 3094 3916 judex
3131 3849 3347 3920 altaque
3379 3853 3537 3908 simi-

1936 3939 2050 3991 lia?

2008 4029 2150 4095 Quid
2206 4046 2338 4100 ergo
2388 4030 2684 4085 dicendum
2733 4042 2817 4086 est
2852 4032 2874 4084 ?
2909 4031 3066 4098 Quod
3116 4037 3245 4106 quia
3299 4038 3421 4091 talia
3465 4039 3538 4093 de

1934 4124 2116 4189 st-ipso
2196 4120 2523 4176 testiﬁcatus
2605 4120 2804 4187 fuerat,
2847 4127 3110 4195 cognovit
3159 4129 3377 4183 Judatos
3439 4132 3537 4184 ha-

1936 4216 2067 4270 bere
2108 4215 2160 4267 in
2198 4216 2384 4268 animo
2411 4230 2690 4284 opponere
2718 4232 2778 4270 se
2805 4218 2853 4271 ei
2886 4233 2949 4272 ac
2972 4219 3157 4274 dicere
3184 4236 3198 4273 :
3256 4223 3313 4275 Si
3345 4232 3402 4275 tu
3460 4234 3536 4276 te.

1941 4307 2265 4362 stimonium
2311 4306 2569 4375 perhibes
2626 4307 2692 4360 de
2719 4309 2920 4375 teipso,
2960 4309 3336 4366 testimonium
3379 4323 3532 4370 tuum

1934 4413 2045 4452 non
2071 4408 2158 4452 est
2197 4414 2413 4452 verum.
2441 4397 2613 4451 Nemo
2650 4398 2946 4467 siquidem,
2971 4401 3064 4469 qui
3096 4401 3164 4456 de
3210 4403 3394 4473 seipso
3427 4405 3535 4462 fert

1938 4489 2337 4555 testimonium,
2367 4490 2472 4544 ﬁde
2494 4490 2694 4560 dignus
2715 4500 2800 4546 est
2834 4493 2977 4562 apud
3006 4493 3280 4561 homines,
3305 4507 3533 4568 propter

1934 4583 2308 4654 suspicionem
2345 4584 2413 4637 de
2443 4584 2617 4637 nimio
2656 4584 2741 4637 sui
2775 4586 2946 4654 ipsius
2979 4601 3194 4652 amore,
3232 4588 3358 4644 ideo
3389 4606 3531 4660 prae-

225 4683 506 4750 μαρτυρῶ
551 4682 680 4752 περὶ
748 4682 1012 4752 ἐμαυτοῦ
1040 4723 1055 4747 ,
1091 4683 1130 4750 ἡ
1181 4682 1480 4752 μαρτυρία
1528 4698 1647 4750 μου
1713 4683 1826 4733 οὐκ

1943 4678 2088 4734 venit
2149 4692 2215 4731 ac
2255 4677 2413 4743 dixit,
2446 4677 2595 4746 quod
2663 4678 2738 4730 illi
2801 4679 2997 4732 dicturi
3063 4691 3245 4745 erant,
3287 4684 3526 4737 dicens:

227 4777 404 4831 ἐστιν
439 4776 697 4845 ἀληθὴς,
729 4777 805 4840 ὼς
839 4777 968 4847 ὑμῖν
1001 4776 1186 4829 δοκεῖ·
1230 4777 1325 4828 καὶ
1356 4775 1543 4827 λοιπὸν
1582 4776 1825 4844 παράγει

232 4870 553 4940 μάρτυραε,
600 4869 1054 4938 συγκαταϐαίνων
1107 4867 1386 4921 κάνταῦθα
1443 4871 1508 4937 τῇ
1569 4866 1826 4936 ἀσθενείᾳ

230 4962 434 5027 αὐτῶν,
464 4963 560 5015 καὶ
590 4963 654 5016 ὲκ
684 4962 1004 5033 περιουσίας
1035 4961 1408 5030 ἐπιστομίζων
1443 4960 1662 5022 αὐτούς.

341 5285 388 5316 ⁸⁸
409 5281 572 5339 Joan.
597 5299 707 5348 xw,
759 5283 814 5336 6.

1934 4771 1996 4826 Si
2023 4786 2114 4840 ego
2150 4769 2515 4823 testimonium
2543 4769 2788 4838 perhibeo
2814 4771 2878 4824 de
2899 4787 2984 4824 me
3008 4772 3142 4840 ipso,
3171 4776 3528 4830 testimonium

1936 4878 2110 4915 meum
2140 4878 2244 4914 non
2281 4871 2356 4914 est
2378 4877 2582 4924 verum,
2625 4871 2685 4915 ut
2714 4862 2874 4917 vobis
2937 4875 3182 4933 apparet.
3222 4867 3412 4940 Itaque
3449 4879 3502 4923 te

1936 4964 2052 5010 stes
2082 4955 2328 5019 adducit,
2355 4956 2521 5010 etiam
2554 4954 2608 5008 in
2646 4957 2751 5011 hoc
2775 4971 2834 5011 se
2852 4957 3152 5014 demittens
3186 4961 3252 5015 ad
3283 4963 3528 5019 imbecil-

1933 5050 2144 5104 litatem
2180 5048 2418 5113 illorum,
2479 5059 2534 5103 et
2565 5064 2634 5103 ex
2679 5050 2980 5106 abundanti
3040 5055 3296 5111 cautione
3316 5057 3422 5128 (oo)
3455 5059 3522 5113 si-

1944 5141 2181 5195 lentium
2218 5141 2327 5193 illis
2387 5142 2699 5210 imponens.

1430 5344 1624 5404 Varite
1686 5344 1990 5407 lectiones
2023 5355 2083 5408 et
2118 5353 2306 5408 notae.

310 5527 422 5602 (l7)
447 5527 546 5583 llic
575 5529 727 5584 addit
826 5545 839 5581 :
861 5527 934 5582 Τὸ
959 5527 1092 5596 ἐμόν
1111 5545 1124 5559 ·
1155 5523 1276 5578 οὐδὲ
1311 5525 1420 5595 γὰρ
1457 5523 1565 5596 ἔχω
1595 5521 1831 5594 Θέλημα.

235 5601 330 5658 Βίε
357 5617 486 5671 ergo
507 5602 650 5654 idem
681 5601 917 5667 scripsit.

307 5672 422 5744 (18)
483 5671 762 5742 Ἀληοεύει
787 5674 852 5725 Α.

308 5835 424 5905 (ηη)
447 5832 700 5903 Campus.
741 5833 940 5890 Locus.
967 5830 1184 5900 Χωρίον
1220 5828 1532 5905 tlicittn',_ut
1572 5829 1825 5905 Latinum

237 5901 493 5972 locus,'eo
521 5901 708 5969 sensu,
762 5915 820 5957 ut
847 5912 1000 5958 notet
1067 5906 1246 5956 locum
1311 5901 1366 5954 in
1421 5901 1579 5956 libro.
1620 5901 1827 5956 Eodem

236 5980 399 6032 modo
425 5977 580 6047 ῥῆσις
616 5976 928 6032 adhibetur.

561 6072 834 6136 Punon.
871 6074 987 6133 Gtt.
1031 6071 1289 6132 CXXIX.

2013 5524 2124 5598 (l9)
2152 5525 2214 5598 Et
2248 5524 2298 5577 id
2332 5526 2634 5598 sane_infra
2671 5542 2786 5590 rm,
2823 5527 2906 5589 l5,
2940 5527 2987 5581 ei
3019 5540 3324 5598 apponunt.

2013 5597 2126 5664 (20)
2165 5597 2298 5663 Περὶ
2332 5596 2496 5648 αὑτοῦ
2535 5598 2600 5650 Λ.

2008 5829 2116 5899 (oo)
2151 5829 2232 5882 15.x:
2258 5828 2555 5882 abundanti
2588 5832 2851 5887 cautione.
2872 5830 3146 5895 Cautione,
3197 5846 3307 5885 non
3338 5844 3421 5888 est
3466 5833 3518 5886 in

1936 5899 2148 5956 Graeco.
2207 5901 2303 5954 Ἐκ
2330 5903 2653 5971 περιουσίας
2686 5902 2818 5957 satis
2853 5912 2978 5958 uota
3005 5913 3097 5957 'cst
3122 5905 3377 5959 formula.

3133 6073 3205 6131 39
