4010 6486
552 431 689 497 1227

616 547 776 615 Quod
806 561 938 617 ergo
967 546 1081 600 ait:
1124 545 1500 598 Testimomum
1546 558 1721 596 meum
1778 557 1882 594 non
1930 549 2009 596 est
2057 556 2145 595 oe-
2167 546 2224 607 Α

548 658 690 706 rum,
727 655 837 695 non
870 637 1027 709 quasi
1048 634 1375 692 aﬂirmando
1409 633 1568 699 dixit,
1600 634 1696 690 scd
1731 632 1879 703 quod
1930 632 2006 688 illi
2034 632 2144 689 hoc

549 734 736 789 dicere
763 740 1044 803 pararent.
1082 728 1241 797 Quod
1298 737 1482 784 autem
1515 729 1633 784 haec
1658 727 1732 782 ita
1760 741 1820 782 se
1878 726 2136 793 habeant,

547 826 674 881 inde
719 824 1073 881 manifestum
1113 834 1221 880 est.
1282 823 1419 879 Cum
1467 821 1617 878 enim
1672 820 1729 874 in
1780 819 2140 891 sequentibus

545 918 762 973 locutus
789 916 991 973 fuisset
1041 918 1267 973 dicens:
1301 916 1414 985 Ego
1456 930 1575 969 sum
1607 913 1701 968 tua:
1748 912 1933 966 mundi
1964 912 2040 977 ",
2063 910 2145 967 di-

545 1008 800 1065 centibus
826 1002 1157 1065 Pharisaéis:
1186 1008 1261 1063 Tu
1281 1008 1343 1062 de
1376 1007 1541 1077 teipso
1590 1006 1950 1060 testimonium
1969 1004 2145 1074 perhi-

548 1104 654 1167 bes,
693 1102 1058 1157 testimonium
1082 1110 1232 1171 tntum
1254 1116 1359 1155 non
1393 1109 1469 1154 est
1500 1115 1683 1155 verum
1713 1099 1783 1164 ",
1808 1095 2145 1154 contradixit

544 1195 735 1249 dicens
768 1212 782 1251 :
816 1186 938 1248 Etsi
956 1208 1053 1264 ego
1100 1192 1466 1248 testimonium
1514 1190 1765 1262 perhibeo
1799 1188 1865 1242 de
1921 1189 2141 1257 meipso,

548 1285 908 1339 testimonium
932 1300 1106 1339 meum
1137 1300 1320 1338 verum
1360 1292 1436 1337 es'
1466 1283 1534 1336 ".
1589 1281 1945 1337 Manifestum
2012 1295 2144 1351 ergo

546 1386 651 1441 cst,
708 1374 856 1447 quod
925 1376 1058 1432 illud
1104 1376 1467 1447 oppositionis
1518 1375 1739 1431 illorum
1802 1382 1924 1429 erat
1953 1412 1970 1439 ,
2037 1372 2144 1427 hoc

544 1476 731 1521 autem
786 1468 1103 1525 intellectus
1154 1467 1318 1540 ejus.‘
1350 1467 1640 1541 Siquidem
1730 1468 1804 1523 illi
1853 1466 2141 1539 putabant,

546 1576 674 1615 eum
709 1576 821 1615 non
858 1577 980 1623 esse
1018 1561 1127 1618 ﬁde
1167 1562 1420 1634 dignum,
1461 1563 1556 1631 qui
1612 1560 1683 1616 de
1724 1575 1785 1616 se
1825 1559 1947 1630 ipso
1974 1558 2145 1614 ferret

545 1652 955 1717 testimonium,
985 1661 1177 1724 utpote
1194 1653 1477 1709 hominem
1504 1670 1518 1720 ;
1552 1652 1672 1725 ipse
1698 1667 1831 1709 vero
1856 1667 1889 1708 ο
1919 1650 2145 1709 diverso

544 1742 801 1797 scsetide
832 1742 1063 1813 dignum
1096 1742 1259 1809 dixit,
1318 1732 1827 1814 tanquam'Deum.
1894 1738 2143 1797 Primum

544 1836 733 1905 itaque
758 1834 1013 1893 dissolvit
1028 1835 1399 1906 excogitatam
1425 1836 1675 1906 ipsorum
1698 1834 2139 1907 oppositionem,

1785 422 2169 486 EUTHYMII
2202 422 2564 485 ZIGABENI

3692 426 3821 495 1228

2319 540 2485 593 Ὥστε
2503 541 2585 607 τὸ,
2604 538 2666 595 Ἠ
2674 541 2973 610 μαρτυρία
3000 559 3121 611 μου
3144 543 3253 597 οὐκ
3271 542 3443 599 ἔστιν
3458 547 3616 616 ἀληθ
3625 544 3718 615 ἧς.
3735 549 3828 620 οὐχ

2244 632 2320 696 ὡς
2351 632 2793 702 ἀποφαινόμενος
2816 627 2991 696 εἶπεν,
3012 634 3127 687 ἀλλ’
3149 635 3225 700 ὡς
3240 635 3465 691 ἐκείνων
3480 637 3636 693 τοῦτο
3659 640 3831 694 simis

2246 724 2693 796 ἐνθυμουμένων.
2734 725 2856 778 Ὀτι
2917 724 2973 778 δὲ
3019 725 3199 798 ἀληθῆ
3234 729 3430 795 ταῦτα,
3458 729 3621 799 ,δῆλον
3648 731 3830 785 ἐντεῦ-

2247 816 2360 873 θεν.
2415 818 2570 871 Ἐπεὶ
2620 816 2730 891 γάρ
2781 816 2989 889 προῖὼν
3063 819 3293 889 ἐλάλησε
3366 822 3539 891 λέγων
3600 837 3617 853 θ
3690 822 3833 893 Ἐγώ

2244 910 2363 980 ειμι
2388 901 2455 964 τό
2491 908 2620 980 φῶς
2662 909 2772 966 τοῦ
2806 910 3068 981 κόσμου,
3117 913 3213 966 καὶ
3256 913 3326 968 τὰ
3356 914 3481 988 ἑξῆς
3520 932 3536 948 ·
3572 917 3836 970 είπὸντων

2242 1002 2354 1057 τῶν
2407 1005 2755 1076 Φαρισαίων,
2823 1003 2909 1058 Σὺ
2954 1005 3092 1073 περὶ
3139 1008 3401 1062 σεαυτοῦ
3459 1008 3783 1077 μαρτυρεῖς
3818 1025 3833 1039 ³

2243 1095 2282 1163 ἡ
2300 1080 2602 1165 διῖιιρτυρία
2631 1098 2894 1178 σουεοὺκ
2925 1097 3099 1151 ἐστιν
3130 1096 3361 1167 ἀληθής
3382 1114 3397 1129 ·
3441 1102 3692 1166 ἀντεῖπε,
3715 1101 3837 1156 Κᾶν

2244 1184 2362 1257 ἐγὼ
2426 1185 2711 1256 μαρτυρῶ
2769 1186 2906 1255 περὶ
2954 1186 3254 1257 ἐμαυτοῦ,
3297 1188 3532 1259 ἀληθής
3581 1192 3754 1246 ἐστιν
3796 1193 3834 1256 ἡ

2240 1281 2542 1349 μαρτυρία
2577 1298 2721 1349 μου.
2774 1279 3053 1350 Πρόδηλον
3107 1275 3206 1335 οὖν
3252 1276 3335 1335 ὅτι
3383 1284 3561 1336 ἐκεῖνο
3597 1283 3698 1354 μὲν
3738 1285 3840 1353 τῆς

2245 1373 2471 1425 ἐκείνων
2502 1370 2830 1436 ἀντιθέσεως
2857 1368 2956 1444 ἦν’
2972 1372 3148 1428 τοῦτο
3170 1372 3226 1426 δὲ
3249 1372 3352 1444 τῆς
3374 1373 3566 1428 τούτου
3586 1373 3833 1443 γνώμης.

2259 1462 2490 1516 Ἐκεῖνοι
2524 1464 2625 1533 μὲν
2659 1464 2771 1533 γάρ
2802 1460 2975 1535 ᾤοντο
3012 1464 3088 1534 μὴ
3136 1462 3453 1529 ἀξιόπιστον
3483 1464 3647 1519 αὐτὸν
3694 1460 3839 1520 εἶναι

2249 1557 2379 1626 περὶ
2412 1554 2610 1608 ἑαυτοῦ
2654 1554 3042 1627 μαρτυροῦντα
3085 1555 3164 1620 ὡς
3212 1555 3534 1627 ἄνθρωπον·
3572 1549 3731 1621 οὗτος
3780 1558 3837 1610 δὲ

2247 1647 2563 1702 τούναντίον
2596 1648 2783 1717 ἔλεγεν
2813 1647 3133 1713 ἀξιόπιστον
3162 1649 3355 1704 ἑαυτὸν
3379 1648 3454 1714 ὡς
3487 1650 3641 1707 Θεόν.
3676 1650 3835 1721 Πρῶ-

2244 1757 2340 1794 τον
2390 1738 2492 1811 μὲν
2538 1737 2633 1793 οὖν
2660 1740 2929 1793 κατέλυσε
2983 1740 3085 1811 τὴν
3134 1741 3517 1814 μελετωμένην
3565 1742 3836 1797 ἀντίθεσιν

2247 1831 2451 1897 αὐτῶν,
2487 1830 2660 1885 εἰπὼν
2690 1833 2831 1902 ὅπερ
2866 1833 3042 1886 εἰπεῖν
3094 1832 3476 1911 ἐνεθυμοῦντο,
3525 1836 3620 1890 καὶ
3659 1833 3836 1899 δείξας

544 1928 738 1983 dicens
773 1927 829 1983 id
879 1927 1027 1999 quod
1054 1928 1157 1999 ipsi
1190 1927 1379 1985 dicere
1438 1925 1726 1999 parabant,
1757 1938 1816 1984 et
1843 1927 2142 1985 ostendens

2257 1926 2330 1979 ὅτι
2349 1922 2612 1993 γινώσκει
2633 1922 2731 1988 τὰς
2764 1924 3005 1989 διανοίας
3034 1924 3217 1978 αὐτῶν
3242 1941 3256 1956 ⁸
3285 1919 3401 1979 εἶτα
3423 1928 3520 1980 καὶ
3552 1927 3833 1998 μάρτυρας

543 2020 688 2090 quod
715 2020 1075 2092 cogitationes
1106 2035 1297 2077 eorum
1322 2031 1702 2095 cognosceret.
1743 2020 1954 2078 Deinde
1974 2020 2142 2077 etiam

2257 2016 2503 2088 παράγει
2541 2018 2736 2086 σαφεῖς
2765 2017 2861 2069 καὶ
2892 2018 3325 2088 ἀναντιρῤήτως
3359 2020 3538 2090 τρεῖς,
3575 2020 3667 2072 τὸν
3726 2020 3838 2073 Ἰω-

544 2122 715 2169 testes
743 2114 973 2169 adducit
995 2114 1344 2181 manifestos,
1376 2127 1432 2171 et
1460 2115 1664 2185 quibus
1694 2114 2003 2197 contradici
2032 2129 2142 2169 ne-

2257 2110 2445 2181 άννην,
2475 2110 2545 2163 τά
2583 2110 2763 2163 οίκεῖα
2786 2108 2946 2181 ἔργα,
2969 2110 3064 2163 καὶ
3097 2110 3189 2164 τὸν
3232 2112 3473 2183 Πατέρα.
3513 2111 3740 2184 Πρώτην
3780 2112 3837 2165 δι

543 2218 712 2279 queat
735 2207 1060 2272 :Joannem,
1087 2223 1256 2278 opera
1280 2208 1526 2280 propria,
1546 2224 1612 2263 ac
1634 2208 1879 2264 Patrem.
1900 2208 2142 2263 Primum

2257 2203 2434 2273 τίθησι
2465 2200 2563 2275 τὴν
2586 2201 2797 2257 ἐλάττω
2827 2203 3158 2273 μαρτυρίαν,
3192 2202 3293 2277 τὴν
3334 2206 3603 2259 Ἰωάννου.

542 2304 728 2351 autem
761 2296 921 2367 ponit
961 2296 1196 2351 debilius
1264 2297 1636 2352 testimonium
1696 2305 1829 2367 puta
1882 2292 2136 2352 Joannis.

613 2391 774 2449 Vers.
818 2393 907 2449 52.
940 2392 1096 2447 Alius
1123 2421 1197 2433 —
1225 2408 1328 2447 me.
1358 2391 1485 2447 Scio
1519 2393 1689 2457 hunc,
1744 2392 1949 2463 inquit,
1999 2392 2147 2464 quod

542 2484 688 2557 apud
736 2472 936 2539 omnes
967 2484 1041 2539 sit
1073 2483 1179 2539 ﬁde
1213 2483 1437 2556 dignus,
1460 2499 1661 2555 nempe
1721 2482 1992 2554 propheta
2023 2483 2144 2549 Dei,

544 2588 602 2632 ct
625 2594 655 2631 a
683 2579 798 2632 Deo
833 2575 1138 2649 accipiens,
1165 2591 1288 2646 quae
1314 2575 1585 2646 loquitur.
1649 2574 1882 2640 Deinde,
1914 2591 1985 2630 ne
2016 2575 2146 2646 quis

540 2678 785 2741 opponat
811 2669 1042 2724 dicens:
1096 2667 1235 2735 Quid
1270 2668 1314 2722 si
1357 2668 1426 2723 ad
1475 2667 1713 2740 gratiam
1765 2667 2144 2723 testimonium

542 2761 872 2833 perhibuit?
905 2762 1050 2815 hanc
1075 2759 1243 2815 etiam
1276 2760 1415 2816 tollit
1475 2760 1849 2829 ohjectlonem
1897 2759 2090 2816 dicens
2125 2778 2139 2814 :

617 2854 775 2909 νει-ε.
817 2855 908 2911 55.
957 2853 1051 2909 Vos
1086 2883 1154 2894 —-
1186 2855 1419 2909 veritati.
1449 2853 1510 2908 In
1536 2853 1854 2925 primordiis
1887 2852 2140 2923 Evange-

542 2948 601 3003 lii
630 2948 714 3002 sui
736 2956 859 3019 post
894 2960 1207 3001 sermonem
1233 2946 1302 3001 de
1338 2944 1448 3001 Deo
1494 2946 1764 3013 habitum,
1795 2945 1934 3001 dixit
1974 2960 2144 3001 evan-

541 3042 737 3114 gelista
768 3039 1061 3094 :Miserunt
1087 3037 1265 3092 Judaei
1290 3037 1359 3091 ab
1419 3037 1808 3108 Hierosolymis
1841 3038 2144 3093 sacerdotes

540 3146 591 3192 et
627 3136 814 3189 levitas
851 3142 908 3187 ut
944 3133 1337 3205 interrogarent
1369 3149 1489 3188 eum
1524 3149 1543 3187 :
1587 3133 1662 3188 Tu
1688 3135 1805 3205 quis
1830 3150 1884 3189 es
1905 3136 1932 3190 7
1959 3142 2016 3190 et
2037 3150 2144 3189 cae-

2329 2391 2549 2455 'A.l.loc
2580 2421 2651 2431 —
2679 2390 2849 2461 ἐμοῦ.
2898 2387 3031 2445 οῖδα
3074 2390 3255 2457 τοῦτο,
3308 2394 3464 2462 φησὶ,
3519 2393 3651 2445 διότι
3689 2392 3837 2464 παρά

2247 2484 2468 2538 πάντων
2506 2484 2617 2554 ἔχει
2644 2483 2705 2537 τὸ
2746 2483 3087 2551 ἀξιόπιστον,
3112 2484 3189 2548 ὡς
3236 2486 3521 2556 προφήτης
3557 2485 3692 2540 Θεοῦ
3740 2491 3837 2539 καὶ

2247 2579 2355 2631 ὑπὸ
2398 2578 2535 2631 Θεοῦ
2588 2577 2955 2648 ὲνηχούμενος
3005 2577 3042 2632 ἀ
3098 2578 3415 2648 φθέγγεται.
3447 2574 3579 2631 Εἶτα
3629 2580 3714 2635 ἵνα
3758 2581 3836 2651 μὴ

2245 2671 2529 2743 ἀντιθήσει
2588 2688 2714 2734 τις·
2777 2672 2841 2723 Τί
2897 2670 3013 2735 οὖν,
3048 2673 3096 2723 εί
3150 2672 3287 2741 πρὸς
3335 2672 3497 2742 χάριν
3554 2673 3832 2744 μεμαρτῦο

2248 2781 2385 2836 ρηκε
2411 2782 2426 2830 ;
2454 2766 2782 2835 προαναιρεῖ
2814 2766 2908 2818 καὶ
2939 2766 3147 2835 ταύτην
3176 2765 3277 2837 τὴν
3321 2767 3608 2833 ἀντίθεσιν,
3641 2764 3833 2836 λέγων·

2350 2853 2559 2924 Ὑμεῖς
2592 2885 2665 2895 -—-
2693 2855 2975 2923 ἀληθείᾳ.
3033 2855 3125 2911 Ἐν
3173 2857 3501 2927 προοιμίοις,
3555 2857 3693 2927 μετά
3738 2858 3838 2928 τὴν

2247 2946 2530 3015 θεολογίαν
2580 2948 2746 3020 φησὶν
2771 2950 2800 3001 ὁ
2826 2946 3259 3019 εὐαγγελιστής,
3290 2949 3379 3003 ὅτε
3407 2948 3518 3021 (il)
3554 2950 3839 3004 Ἀπέστει-

2245 3043 2368 3094 λαν
2392 3042 2447 3093 οἱ
2481 3040 2760 3095 Ἰουδαῖοι
2788 3040 2859 3105 ἐξ
2893 3042 3339 3111 Ἱεροσολύμων
3364 3041 3539 3112 ιερεῖς
3568 3043 3663 3097 καὶ
3693 3049 3840 3098 Λευ-

2252 3131 2386 3198 ΐτας
2436 3132 2541 3185 Zra
2587 3132 2979 3201 ἐρωτήσωσιν
3024 3132 3232 3202 αὐτὸν,
3276 3135 3361 3188 Σὺ
3394 3135 3485 3201 τις
3515 3130 3600 3201 εἶς
3633 3138 3729 3189 καὶ
3770 3138 3840 3189 τά

542 3240 660 3285 tera
678 3227 747 3285 ".
774 3227 933 3283 Tunc
965 3240 1097 3297 ergo
1126 3225 1298 3281 multa
1329 3234 1385 3280 et
1434 3241 1633 3297 magna
1686 3224 2014 3281 testiﬁcatus
2058 3234 2142 3281 est

2257 3221 2376 3292 ἑξῆς
2396 3238 2412 3253 ο
2445 3223 2566 3275 τότε
2598 3222 2692 3276 οὖν
2722 3219 3081 3293 ἐμαρτύρησε
3112 3223 3241 3293 περὶ
3268 3222 3363 3276 τοῦ
3388 3223 3628 3292 Χριστοῦ
3670 3224 3842 3279 πολλά

536 3322 610 3376 de
650 3320 891 3375 Christo.
928 3318 1059 3373 Ideo
1094 3332 1243 3373 nunc
1273 3318 1407 3375 dicit
1444 3334 1460 3374 :
1498 3318 1608 3373 Vos
1669 3318 1903 3374 misistis
1952 3317 2021 3373 ad
2049 3316 2137 3374 Jo-

540 3428 763 3481 annem,
793 3413 1199 3484 interrogantes
1226 3426 1352 3466 eum
1381 3430 1395 3466 :
1441 3426 1551 3466 non
1613 3422 1799 3467 autem
1825 3412 2140 3475 misissetis,

537 3504 650 3561 nisi
703 3518 830 3559 eum
886 3503 995 3559 fide
1019 3504 1249 3575 dignum
1271 3504 1677 3576 c0gnovissetis
1726 3505 2140 3571 ;testimonium

539 3610 671 3668 ergo
700 3596 824 3667 ejus
850 3594 1103 3650 refellere
1128 3610 1240 3651 non
1273 3596 1527 3666 potestis.

616 3773 773 3830 Vers.
806 3774 896 3828 54.
934 3766 1049 3844 Ego
1081 3804 1150 3818 --
1180 3773 1407 3841 accipio.
1439 3765 1558 3825 Hoc
1581 3780 1689 3837 est,
1756 3771 2002 3826 humano
2061 3780 2143 3824 te-

541 3868 814 3925 stimonio
838 3883 952 3922 non
980 3867 1220 3939 indigeo,
1267 3881 1395 3923 cum
1422 3864 1527 3920 sim
1560 3865 1725 3920 Deus.
1767 3863 1835 3919 Et
1864 3865 2143 3934 quomodo

536 3964 595 4017 in
621 3960 1000 4016 testimonium
1027 3959 1256 4015 adduxit
1285 3958 1581 4023 Joannem,
1605 3958 1699 4027 qui
1757 3956 1924 4011 homo
1978 3957 2144 4011 erat?

538 4053 790 4111 Primum
829 4052 1078 4123 quidem,
1105 4051 1234 4121 quia
1262 4051 1643 4107 testimonium
1704 4052 1825 4120 ejus
1855 4065 1965 4105 non
2021 4060 2144 4105 erat

537 4149 735 4219 ipsius,
762 4147 857 4202 sed
884 4145 1005 4201 Dei.
1031 4146 1125 4200 Ait
1149 4145 1298 4200 enim
1330 4161 1344 4199 :
1385 4142 1489 4209 Qui
1552 4144 1699 4198 misit
1732 4160 1816 4197 me
1870 4144 1941 4198 ad
1965 4145 2145 4214 bapti-

536 4238 849 4294 zandumln
879 4253 1043 4307 aqua,
1077 4238 1191 4306 ipse
1222 4237 1353 4290 mihi
1389 4237 1609 4291 dixit”.
1636 4235 1847 4292 Deinde
1882 4246 1938 4291 et
1978 4239 2139 4293 aliam

538 4334 699 4403 ponit
724 4347 971 4388 causam.
997 4331 1137 4387 Vide
1162 4330 1332 4385 cnim.

612 4423 774 4479 Vers.
803 4423 895 4479 54.
930 4421 1034 4478 Sed
1068 4452 1138 4461 ——
1166 4422 1301 4477 salsi
1338 4425 1474 4479 sitis.
1507 4422 1628 4480 Non
1661 4423 1809 4495 quod
1874 4424 2139 4492 humano,

540 4517 739 4588 inquit,
766 4529 958 4587 egeam
997 4515 1341 4585 testimonio,
1378 4518 1474 4572 sed
1497 4518 1567 4572 de
1628 4516 1865 4573 Joannis
1889 4518 2140 4573 testimo-

2251 3317 2347 3369 καὶ
2392 3314 2626 3385 μεγάλα.
2671 3314 2772 3367 Διά
2798 3314 2959 3369 τοῦτο
2999 3315 3147 3383 λέγει
3192 3314 3311 3377 νῦν,
3343 3315 3535 3384 Ὑμεῖς
3572 3317 3841 3371 ἀπεστάλ-

2248 3423 2385 3459 κατε
2443 3406 2579 3478 πρὸς
2622 3404 2876 3478 Ἰωάννην
2926 3408 3241 3477 ἐρωτῶντες
3280 3424 3297 3438 ·
3358 3408 3457 3460 οὐκ
3506 3407 3579 3461 ἀν
3625 3407 3682 3461 δὲ
3709 3409 3843 3472 ,ἀπο

2248 3498 2621 3563 εστεί).ατε,εί
2659 3499 2735 3571 μὴ
2764 3499 3081 3564 ἀξιόπιστον
3118 3499 3280 3553 αὑτὸν
3324 3497 3671 3568 ἐγινώσκετε.
3719 3502 3844 3554 Δοι-

2247 3592 2351 3645 πὸν
2381 3590 2475 3645 οὖν
2522 3592 2583 3645 οὑ
2620 3592 2856 3644 δύνασθε
2896 3590 3368 3662 παραγράψασθαι
3398 3590 3499 3663 τὴν
3535 3592 3842 3663 μαρτυρίαν

2247 3699 2437 3735 αυτοῦ.

2335 3774 2485 3844 Ἐγὼ
2508 3804 2579 3813 —-
2600 3773 2905 3844 λαμϐάνω.
2966 3773 3264 3829 Τουτέστιν
3285 3815 3301 3841 ,
3350 3775 3451 3828 οὐκ
3499 3774 3842 3845 ἀνθρωπίνης

2252 3867 2564 3939 μαρτυρίας
2599 3869 2792 3938 δέομαι
2826 3868 2960 3933 Θεὸς
2993 3870 3090 3930 ῶν.
3142 3871 3249 3924 Καὶ
3272 3869 3390 3933 πῶς
3437 3869 3530 3923 τὸν
3589 3869 3844 3939 Ἰωάννην

2252 3961 2511 4031 μάρτυρα
2560 3962 2858 4032 παράγεις,
2910 3962 3205 4033 ἄνθρωπον
3251 3961 3413 4030 own;
3465 3961 3663 4032 Πρῶτα
3722 3964 3843 4032 μιν,

2246 4048 2384 4101 διότι
2414 4051 2447 4121 η
2482 4051 2764 4122 μαρτυρία
2790 4051 2956 4107 αὑτοῦ
2981 4054 3081 4106 οὐκ
3106 4049 3174 4124 ἦν
3194 4052 3382 4120 αὐτοῦ,
3408 4052 3545 4105 ἀλλά
3572 4052 3665 4106 τοῦ
3685 4053 3839 4108 Θεοῦ.

2248 4139 2385 4196 Eius
2419 4144 2551 4215 γὰρ,
2589 4146 2671 4198 δτι
2713 4146 2769 4199 '0
2807 4145 3051 4215 πέμψας
3086 4145 3498 4215 ιιε,ἑοπτίζειν
3532 4146 3603 4200 ἐν
3650 4146 3841 4213 ὕδατι,

2245 4231 2480 4298 ἐκεῖνός
2521 4251 2628 4303 μοι
2670 4231 2864 4291 εἶπεν.
2901 4220 3135 4290 Ἔπειτα
3182 4236 3237 4290 δὲ
3282 4235 3468 4307 τίθησι
3525 4239 3621 4290 καὶ
3672 4236 3840 4306 ἀλλην

2248 4325 2450 4382 αίτίαν.
2488 4328 2635 4399 Ὅρα
2664 4330 2789 4400 γάρ.

2332 4421 2525 4477 Ἀλλὰ
2571 4452 2641 4463 --
2681 4423 2939 4493 σωθῆτε.
2980 4426 3095 4478 Οὐκ
3141 4423 3494 4497 ἀνθρωπίνης
3538 4421 3840 4495 μαρτυρίας

2245 4513 2463 4585 δέομαι,
2493 4518 2683 4587 φησὶν,
2707 4518 2845 4571 ἀλλά
2874 4520 2941 4573 τά
2962 4518 3096 4589 περὶ
3124 4521 3224 4591 τῆς
3255 4518 3565 4590 μαρτυρίας
3592 4517 3687 4571 τοῦ
3727 4515 3842 4570 ἰω-

540 4608 636 4663 nio
666 4608 1071 4679 dispensatorie
1108 4608 1429 4679 loquor:ut
1484 4608 1534 4663 ei
1593 4608 1906 4675 credentes,
1955 4612 2050 4679 qui
2085 4620 2140 4665 et

2257 4605 2410 4658 ἀννου
2429 4605 2575 4676 λέγω
2598 4610 2987 4680 οἰκονομικῶς,
3011 4613 3099 4664 ἶνα
3115 4611 3194 4683 τῷ
3218 4609 3314 4663 καὶ
3341 4610 3457 4664 ὄντι
3482 4615 3577 4663 καὶ
3594 4606 3842 4664 δοκοῦντι

537 4709 649 4767 cst,
678 4711 734 4754 et
757 4700 912 4757 vobis
979 4706 1209 4770 apparet
1242 4699 1349 4754 ﬁde
1379 4698 1599 4769 dignus,
1617 4699 1751 4755 salvi
1775 4700 1917 4755 sitis.

616 4792 769 4849 Vers.
805 4793 895 4849 55.
924 4790 1029 4847 Ille
1058 4792 1346 4848 —lucens.
1377 4792 1629 4849 Lucerna
1642 4808 1879 4869 accensa
1899 4808 1930 4848 α
1952 4793 2139 4849 divino

540 4882 771 4953 Spiritu,
802 4882 1063 4939 etlucens
1087 4885 1173 4939 his
1202 4885 1295 4955 qui
1323 4885 1378 4939 in
1410 4885 1658 4941 tenebris
1685 4894 1847 4940 erant
1900 4886 2135 4956 peccati.

540 4974 850 5031 Lucernam
873 4986 1058 5031 autem
1081 4993 1207 5032 cum
1242 4978 1459 5032 vocavit
1488 4989 1749 5049 tanquam
1781 4978 2137 5033 obscuratum

538 5068 830 5124 excellenti
881 5068 1087 5126 lumine
1115 5070 1258 5126 Solis
1303 5070 1555 5141 justitim.
1594 5072 1718 5142 ipse
1749 5072 2019 5142 siquidem
2066 5073 2135 5129 de

539 5160 762 5219 Christo
798 5162 1057 5220 dicebat:
1112 5164 1277 5219 Illum
1307 5175 1511 5235 oportet
1547 5181 1779 5220 crescere
1801 5205 1815 5231 ,
1850 5182 1931 5218 me
1956 5175 2135 5219 autem

539 5254 709 5309 minui
732 5256 773 5310 ί.

609 5441 787 5497 Aliam
820 5459 1043 5515 quoque
1072 5448 1145 5501 ob
1173 5461 1396 5502 causam
1446 5446 1747 5517 appellavit
1768 5461 1896 5501 eum
1944 5447 2129 5502 lucer-

539 5547 690 5602 nam,
711 5536 839 5607 quia
870 5537 1126 5595 videlicet
1153 5555 1262 5594 non
1295 5555 1363 5594 ex
1391 5554 1453 5595 se
1493 5539 1777 5595 doctrina:
1816 5539 1995 5593 lucem
2028 5542 2128 5593 ha-

645 5674 692 5706 "
714 5674 998 5744 Joanmu,
1034 5676 1122 5732 12.
1200 5678 1245 5711 ⁹⁶
1266 5675 1403 5732 Ibid.
1432 5677 1519 5732 i5.
1633 5677 1676 5709 "’
1713 5675 1851 5731 Ibid.
1882 5676 1968 5730 ii.

2083 5676 2128 5709 ’⁸
2183 5675 2347 5732 Joan.
2370 5677 2409 5745 Ι,
2442 5681 2527 5738 l9.

2248 4698 2377 4768 ὑμῖν
2413 4698 2714 4772 ἀξιοπίστῳ
2744 4703 3056 4773 πειθόμενοι
3085 4702 3319 4775 σωθῆτε.

2327 4791 2595 4859 Ἐκεῖνος
2644 4823 2716 4832 --
2759 4797 3013 4864 φαίνων.
3070 4796 3131 4851 '0
3169 4795 3383 4866 λύχνος,
3429 4796 3459 4848 δ
3504 4794 3838 4866 ἀνακαιόμε-

2244 4901 2336 4948 νος
2365 4885 2447 4957 τῷ
2480 4887 2617 4957 πυρὶ
2647 4887 2743 4941 τοῦ
2785 4888 2933 4943 θείου
2984 4889 3307 4961 Πνεύματος
3351 4890 3445 4944 καὶ
3488 4890 3697 4959 φαίνων
3720 4893 3836 4954 τοῖς

2246 4979 2303 5031 ἐν
2327 4977 2407 5049 τῷ
2434 4979 2616 5033 σκότει
2650 4982 2752 5052 τῆς
2775 4982 3079 5053 ἁμαρτίας.
3118 4982 3327 5054 Λύχνον
3350 4981 3408 5035 δὲ
3430 4980 3594 5036 αὐτὸν
3632 4982 3825 5036 ἐκάλε-

2249 5090 2366 5137 σεν,
2415 5072 2489 5136 ὡς
2540 5073 2943 5144 ἀμαυρωθέντα
2987 5076 3067 5148 τῷ
3109 5074 3501 5147 ὑπερϐάλλοντι
3554 5075 3694 5144 φωτὶ
3740 5072 3834 5126 τοῦ

2261 5165 2443 5218 Ἠλίου
2478 5165 2580 5236 τῆς
2612 5166 2984 5239 δικαιοσύνης.
3022 5172 3169 5241 Ἔφη
3204 5169 3313 5241 γὰρ
3363 5169 3528 5231 αὐτὸς
3570 5167 3700 5237 περὶ
3740 5165 3833 5219 τοῦ

2246 5262 2487 5332 Χριστοῦ
2507 5302 2522 5327 ,
2558 5261 2639 5315 ὅτι
2674 5262 2943 5319 Ἐ’κεῖνον
2964 5263 3061 5319 δεῖ
3079 5263 3392 5329 αὐξάνειν,
3426 5261 3530 5325 ἐμὲ
3556 5259 3625 5313 δὲ
3659 5260 3832 5315 Mat-

2246 5359 2514 5414 τοῦσθαι.

2308 5453 2419 5506 Καὶ
2456 5455 2660 5527 ἑτέρως
2679 5457 2761 5538 Ιδὲ
2814 5456 3010 5527 λύχνον
3056 5455 3220 5510 αὑτὸν
3267 5453 3571 5524 ὠνόμασεν,
3627 5450 3705 5515 ὡς
3756 5448 3829 5520 μὴ

2231 5546 2444 5601 οἴκοθεν
2472 5549 2664 5621 ἔχοντα
2693 5552 2755 5604 τὸ
2788 5551 2905 5621 φῶς
2934 5550 3037 5622 τῆς
3071 5546 3441 5614 διδασκαλίας,
3478 5546 3600 5601 ἀλλ’
3633 5546 3699 5600 ὲκ
3734 5543 3828 5617 τῆς

2644 5683 2689 5716 ⁸⁸
2725 5684 2866 5741 Ibid.
2891 5685 2981 5740 53.
3100 5686 3113 5715 ¹
3147 5683 3305 5741 Joan.
3342 5697 3426 5750 ιιι,
3457 5678 3549 5737 50.

1748 5836 1941 5901 Varize
1973 5834 2282 5901 lectiones
2315 5845 2375 5900 et
2417 5856 2608 5903 noue.

606 5911 719 5977 (21)
745 5914 865 5967 ’Ὁτι
894 5911 956 5967 Β.
