4010 6536
205 522 351 586 1229

1173 510 1562 573 COMMENT.
1606 506 1683 567 ΙΝ
1726 506 2107 568 JOANNkM.
2137 529 2207 542 -
2245 505 2406 565 CAP.
2433 506 2501 566 V.

3366 503 3505 571 1230

204 638 435 709 χάριτος
473 633 569 688 τοῦ
609 631 764 700 ἁγίου
806 628 1149 699 Πνεύματος.
1200 622 1368 698 Οἶμαι
1401 626 1481 691 δὲ,
1524 624 1655 694 περὶ
1693 639 1815 676 του-

1941 620 2103 685 iebat,
2140 624 2234 676 scd
2261 635 2326 674 cx
2359 618 2533 689 gratia
2568 616 2744 674 sancti
2770 616 3031 689 Spiritus.
3058 618 3136 676 De
3166 619 3271 676 hoc
3293 628 3501 690 autem,

202 747 303 783 του
336 730 568 800 προεῖπε
598 725 685 780 διὰ
730 725 822 779 τοῦ
866 722 1032 777 Δαυῒδ
1061 724 1088 776 ό
1118 720 1251 784 Θεός
1277 736 1292 752 ο
1341 719 1664 788 Ἠτοίμασα
1700 716 1811 770 λύ-

201 838 367 892 χνον
388 819 469 885 τῷ
490 817 724 888 Χριστῷ
742 835 886 887 μου.

289 911 593 980 ’Υμεῖςσ-ι
642 910 851 965 αὑτοῦ.
902 908 1258 962 Καθάπτεται
1312 904 1556 967 τούτων,
1610 903 1687 967 ὡς
1737 901 1813 973 μὴ

206 1005 383 1075 μέχρι
416 1003 602 1065 τέλους
632 1002 998 1073 τηρησάντων
1029 1000 1179 1071 αύτῷ
1209 999 1306 1069 τὴν
1340 996 1604 1067 σπουδήν.
1652 994 1805 1049 Ἤθε-

1915 713 2215 785 ut0pinor,
2240 711 2493 783 praedixit
2519 725 2701 782 peros
2739 709 2947 771 David:
2985 710 3189 768 Paravi
3232 714 3505 769 lucernam

1914 808 2129 865 Christo
2165 823 2283 862 meo
2306 808 2349 861 ⁸.

1986 900 2143 957 Vers.
2162 900 2253 956 55.
2297 897 2399 956 Vos
2418 900 2637 970 —ejus.
2666 898 3076 973 Obiurgathos,
3098 901 3247 971 quod
3273 917 3385 958 non
3417 917 3515 957 us-

1914 1007 2023 1064 que
2062 992 2132 1048 ad
2171 992 2337 1047 tinem
2390 991 2643 1049 studiose
2695 991 2851 1047 illum
2905 991 3349 1049 observaverint.
3404 992 3513 1049 Vo-

203 1098 420 1167 λήσατε
456 1095 581 1164 γὰρ,
616 1095 805 1165 φησὶν.
842 1094 1272 1164 ἀγαλλιασθῆναι
1301 1092 1437 1164 πρὸς
1467 1090 1657 1162 καιρόν
1696 1106 1816 1143 τινα

1941 1083 2120 1149 uistis,
2162 1082 2365 1153 inquit,
2390 1081 2631 1154 quodam
2663 1092 2913 1155 tempore
2957 1083 3235 1141 exsultare
3288 1085 3345 1140 in
3389 1084 3512 1142 luce

200 1189 266 1241 ἑν
288 1188 370 1257 τῷ
406 1187 548 1255 φωτὶ
583 1185 686 1255 τῆς
717 1185 1071 1249 διδασκαλίας
1099 1182 1265 1237 αὑτοῦ
1289 1225 1303 1247 ,
1338 1184 1429 1237 ὅτε
1465 1180 1810 1251 πανταχόθεν

203 1280 423 1342 πάντες
456 1278 592 1347 πρὸς
614 1277 779 1331 αὐτόν
829 1277 1214 1347 συνετρέχετε·
1248 1271 1368 1329 εἶτα
1416 1273 1814 1345 ὲψυχράνθητε,

203 1372 256 1424 εἰ
287 1369 387 1423 καὶ
418 1367 581 1437 μέχρι
606 1365 702 1420 νῦν
734 1365 1045 1433 θαυμάζετε
1074 1363 1284 1419 τοῦτον.
1322 1363 1384 1417 El
1415 1364 1524 1433 γάρ
1578 1362 1653 1433 μὴ
1684 1361 1817 1431 idm-

197 1459 521 1532 χράνθητε,
579 1457 798 1520 πάντως
858 1456 924 1510 ἂν
985 1454 1348 1508 ἐπιστεύσατε
1402 1456 1470 1524 τῇ
1526 1451 1813 1524 μαρτυρίᾳ

200 1548 385 1602 αὐτοῦ
417 1567 429 1579 ·
486 1546 779 1617 ἐλέγχεσθε
838 1545 932 1599 οὖν
990 1545 1084 1599 τὸν
1133 1545 1295 1599 αὑτὸν
1352 1545 1449 1600 καὶ
1499 1544 1816 1611 ἀξιόπιστον

199 1640 609 1711 ὁμολογοῦντες
670 1642 764 1693 καὶ

202 1734 407 1788 αὑτοῦ.

280 1825 439 1894 Ἐγὼ
471 1853 542 1867 -—-
568 1824 939 1880 ἀπέσταλκε.
967 1822 1079 1894 Τὴν
1121 1821 1221 1893 μὲν
1257 1820 1366 1894 γὰρ
1409 1819 1505 1877 τοῦ
1566 1821 1816 1875 Ἰωάννου

839 1641 916 1710 μὴ
991 1637 1343 1701 πιστεύοντες
1407 1640 1475 1709 τῇ
1535 1637 1817 1709 μαρτυρίᾳ

1919 1175 2188 1231 doctrinae
2240 1174 2413 1242 illius,
2449 1175 2677 1246 quando
2712 1190 2910 1235 omnes
2958 1177 3204 1250 undique
3261 1178 3333 1235 ad
3382 1194 3512 1236 eum

1918 1266 2360 1334 concurrebatis,
2382 1278 2441 1323 et
2476 1269 2826 1339 postmodum
2849 1269 3161 1339 refrixistis,
3199 1286 3514 1344 quanquam

1921 1360 2191 1417 hactenus
2212 1361 2365 1417 illum
2389 1362 2745 1420 admiramini
2771 1379 2787 1418 :
2816 1363 2925 1422 nisi
2956 1365 3104 1423 enim
3131 1365 3511 1435 refrixissetis,

1920 1453 2249 1510 testimonio
2277 1454 2470 1527 utique
2496 1455 2644 1515 illius
2699 1457 3101 1516 credidissetls.
3130 1459 3287 1534 Digni
3324 1459 3516 1533 igitur,

1918 1546 2076 1610 estis,
2117 1545 2212 1617 qui
2270 1540 2698 1622 redarguamini,
2748 1552 2896 1623 quod
2924 1551 3054 1609 licet
3105 1553 3255 1611 hunc
3289 1553 3396 1610 ﬁde
3434 1552 3520 1610 di-

1920 1652 2090 1710 gnum
2152 1639 2548 1708 conﬁteamini,
2577 1641 2699 1713 ejus
2767 1651 2951 1725 tamen
3021 1645 3345 1703 testimonio
3400 1661 3517 1702 non

1921 1728 2287 1788 credideritis.

1995 1820 2154 1878 Vers.
2180 1823 2271 1879 36.
2313 1824 2429 1896 Ego
2452 1853 2523 1867 —
2570 1828 2797 1884 miserit.
2832 1828 3121 1901 Siquidem
3176 1829 3409 1888 Joannis
3440 1841 3522 1889 te-

204 1918 526 1990 μαρτυρίαν
573 1917 807 1990 ἡδύνατό
856 1933 941 1981 τις
987 1914 1268 1969 διαϐαλεῖν
1315 1916 1393 1979 ὡς
1450 1914 1590 1986 πρὸς
1651 1913 1816 1985 χάριν

1941 1910 2251 1968 ιιίωοιιίιιω
2284 1923 2506 1985 poterat
2554 1916 2831 1988 quispiam
2875 1917 3228 1987 calumniari,
3257 1930 3521 1992 tanquam

198 1980 616 2080 ἧεχενημὲνην,
647 2010 827 2063 καίτοι
859 2009 981 2064 οὐδὲ
1006 2007 1167 2062 τοῦτο
1203 2008 1333 2079 ἐξῆν
1362 1980 1536 2062 εἰπεῖν
1565 1980 1686 2061 κρατί
1721 1980 1819 2061 ἀν-

1941 2002 1992 2056 Id
2026 2004 2259 2076 gratiam
2285 1980 2491 2062 iactum
2523 2022 2539 2063 :
2568 1980 2886 2079 quanquam
2940 2008 3050 2066 hoc
3094 1980 3229 2067 vere
3268 1980 3390 2067 dici.
3406 2026 3521 2067 non

201 2101 342 2172 δρὸς
410 2100 548 2170 μετὰ
608 2102 792 2170 πάσης
856 2100 1149 2172 άκριδείας
1202 2092 1666 2168 φιλοσοφοῦντος,
1726 2096 1821 2152 καὶ

207 2193 430 2260 σφόδρα
465 2192 872 2261 θαυμασθέντος
901 2192 1119 2254 αὐτοῖς·
1160 2190 1307 2244 τὰδὲ
1346 2190 1486 2261 ἔργα
1512 2191 1693 2258 πάσης
1725 2189 1819 2241 ὑπ’

209 2285 382 2351 οοξίας
404 2283 806 2352 ἀπηλλαγμένα
838 2285 945 2335 πᾶν
964 2282 1268 2352 ἐμφράττει
1292 2282 1466 2353 στόμα
1498 2281 1822 2351 φιλόνεικον,

205 2377 387 2445 ἦγουν
444 2373 557 2442 (9.2)
605 2376 637 2445 ή
696 2374 790 2427 τού
842 2372 1162 2443 παραλύτου
1213 2372 1548 2440 σύσφιγξις,
1599 2370 1694 2424 καὶ
1751 2370 1822 2424 τὰ

212 2466 391 2517 λοιπά
444 2465 739 2535 θαύματα·
776 2466 909 2535 παρ’
942 2465 1127 2529 αὐτοῖς
1175 2464 1349 2517 όντων
1389 2464 1452 2535 δὴ
1501 2463 1609 2517 τῶν
1659 2462 1824 2533 θερα-

214 2576 288 2611 πε
300 2559 542 2611 υθέντων
565 2560 659 2611 καὶ
683 2557 1185 2629 πληροφορούντων
1211 2558 1428 2620 αὐτούς.
1450 2555 1637 2622 acra,
1660 2556 1821 2627 φησὶ,

214 2653 295 2704 τὰ
323 2652 489 2719 ἔργα,
529 2649 568 2703 ἆ
592 2649 708 2718 ἐγὼ
744 2650 918 2714 ποιῶ,
940 2650 1232 2720 μαρτυρεῖ
1277 2652 1411 2719 περὶ
1440 2649 1611 2720 ἐμοῦ,
1659 2648 1748 2702 ὅτι
1793 2651 1827 2702 ὀ

219 2743 432 2809 Πατήρ
458 2760 534 2812 με
557 2742 970 2797 ἀπέσταλκεν.

292 2838 409 2888 Οὐκ
452 2832 573 2888 εἷπε
608 2835 685 2900 δὲ,
721 2836 1011 2905 Μαρτυρεῖ
1049 2836 1133 2887 ὅτι
1167 2836 1281 2897 ῖσος
1324 2835 1443 2905 εἰμὶ
1489 2833 1566 2903 τῷ
1612 2833 1825 2904 Πατρὶ,

218 2928 366 2989 ἀλλ’,
389 2929 472 2981 ὅτι
512 2928 572 2980 '0
598 2926 801 2995 Πατήρ
831 2944 908 2996 με
925 2925 1276 2981 ἀπέσταλκε
1295 2942 1311 2956 ·
1340 2926 1518 2980 καίτοι
1544 2925 1638 2978 καὶ
1669 2923 1830 2979 τοῦτο

217 3024 447 3075 κάκεῖνο
501 3020 848 3091 ἐμαρτύρουν
884 3022 1055 3090 ὅμως,
1098 3021 1144 3072 εἰ
1173 3018 1287 3089 (25)
1324 3020 1418 3072 καὶ
1464 3017 1650 3089 μεῖζον
1676 3012 1744 3089 ἦν
1768 3017 1830 3070 τὸ

221 3114 586 3183 πιττευθῆναι
638 3115 721 3167 ὄτι
776 3115 887 3175 Eoo;
937 3112 1058 3166 ἐστὶ
1102 3111 1181 3183 τῷ
1220 3112 1433 3182 Πατρὶ,
1480 3111 1617 3165 ἀλλά
1658 3126 1721 3179 γε
1768 3109 1829 3162 τὸ

221 3201 402 3279 ἧττον
454 3205 699 3259 τέθεικεν
747 3206 821 3269 ὡς
882 3205 1120 3275 μάλιστα
1170 3201 1471 3273 τηνικαῦτα
1531 3198 1830 3264 σπουδαζό-

1926 2103 2148 2170 poterat
2170 2095 2439 2152 adversus
2464 2096 2668 2165 virum,
2725 2100 2819 2171 qui
2887 2100 3041 2156 omni
3066 2115 3193 2157 cum
3235 2101 3524 2175 diligentia

1932 2184 2398 2263 suo'fungehatur
2435 2203 2689 2256 munere,
2722 2198 2779 2245 et
2803 2191 2951 2262 apud
2968 2206 3166 2249 omnes
3205 2194 3524 2250 vehementi

1928 2277 1987 2332 in
2048 2278 2418 2338 admiratione
2470 2281 2829 2339 habebatur:
2890 2298 3084 2341 verum
3145 2300 3319 2358 opera
3374 2288 3527 2344 omni

1930 2371 2249 2442 suspicione
2275 2372 2471 2440 libera,
2494 2380 2824 2430 cunctorum
2848 2389 2944 2432 ora
2967 2368 3314 2435 contentiosa
3359 2376 3520 2434 obtu-

1930 2467 2149 2529 rabant,
2241 2473 2375 2536 puta
2429 2466 2714 2538 paralytici
2777 2467 3152 2535 conﬁrmatio,
3200 2479 3519 2542 ceteraque

1932 2556 2196 2612 miracula
2223 2573 2237 2611 :
2282 2573 2409 2614 cum
2438 2560 2584 2631 apud
2605 2574 2703 2616 eos
2726 2570 2919 2617 essent
2941 2561 3036 2633 qui
3064 2564 3241 2619 curati
3262 2572 3439 2629 erant,
3474 2574 3531 2619 et

1931 2649 2152 2720 plenam
2182 2650 2263 2706 eis
2287 2650 2453 2707 ﬁdem
2489 2652 2789 2709 faciebant.
2812 2651 3015 2724 Opera,
3062 2653 3267 2729 inquit,
3293 2672 3412 2729 quae
3434 2673 3530 2729 ego

1931 2742 2093 2810 facio,
2134 2742 2488 2812 testiﬁcantur
2531 2746 2597 2800 de
2635 2761 2739 2812 me,
2785 2749 2928 2817 quod
2966 2746 3131 2803 Pater
3177 2749 3383 2804 miserit
3424 2766 3531 2804 me.

2004 2831 2122 2889 Non
2146 2834 2288 2890 dixit
2311 2844 2497 2891 autem
2523 2837 2978 2906 :Testiiicantur,
2998 2840 3146 2911 quod
3175 2842 3405 2912 aequalis
3425 2842 3531 2897 sim

1933 2923 2104 2989 Patﬁ.
2147 2926 2267 2993 sed,
2304 2932 2447 2998 quod
2480 2926 2648 2983 Pater
2682 2930 2887 2984 miserit
2946 2920 3052 2986 me:
3097 2932 3266 3003 Atqui
3307 2941 3366 2988 et
3398 2932 3527 2999 hoc,

1932 3024 1987 3070 et
2008 3016 2141 3071 illud
2160 3017 2625 3074 testiﬁcabantur.
2648 3019 2850 3075 Verum
2867 3018 2973 3076 etsi
2995 3021 3173 3093 majus
3194 3034 3313 3078 erat
3335 3032 3396 3078 ut
3414 3039 3534 3079 cre-

1935 3107 2164 3164 deretur
2214 3108 2444 3179 aequalis
2478 3124 2604 3165 esse
2658 3106 2829 3172 Patri,
2887 3109 3071 3165 minus
3104 3118 3287 3165 tamen
3320 3111 3530 3181 posuit.

1936 3214 2139 3271 nempe
2162 3199 2217 3256 id
2249 3200 2398 3270 quod
2431 3209 2562 3256 tunc
2586 3200 2828 3256 maxime
2851 3200 3266 3257 intendebatur.
3304 3202 3536 3259 Volebat

226 3315 416 3370 ρινον.
453 3297 738 3351 Ἐὗούλετο
758 3297 869 3368 γὰρ
896 3294 1115 3366 πρῶτον
1143 3293 1507 3365 πιστευθῆναι
1534 3294 1619 3346 ὅτι
1641 3290 1827 3355 όλΘεδς

1941 3308 2178 3365 namque
2236 3294 2418 3365 primo
2478 3294 2652 3359 credi,
2713 3294 2865 3366 quod
2928 3310 2990 3351 se
3039 3294 3185 3351 Deus
3246 3295 3531 3351 misisset-

223 3388 553 3444 ἀπέστειλεν
583 3389 771 3443 αὐτόν.
819 3388 1025 3442 Τούτου
1068 3386 1179 3456 γὰρ
1211 3386 1595 3448 πιστευθέντος
1631 3384 1727 3439 καὶ
1764 3384 1827 3437 τὸ

1941 3386 2044 3441 hoc
2077 3385 2227 3441 enim
2257 3384 2495 3453 credito,
2532 3386 2806 3457 reliquum
2831 3384 3052 3443 facilius
3072 3394 3194 3442 erat
3215 3387 3285 3443 ad
3305 3389 3537 3444 creden-

230 3482 364 3538 ἄλλο
402 3480 587 3552 ῥᾴδιον
612 3474 701 3550 ἦν.

328 3572 492 3628 Ἀλλὰ
525 3571 644 3634 πῶς
678 3570 746 3624 τὰ
773 3569 910 3643 ἔργα
953 3569 1302 3642 ἐμαρτύρουν
1331 3570 1413 3624 ὅτι
1441 3572 1471 3624 ό
1496 3568 1630 3633 Θεὸς
1670 3567 1833 3622 αὐτὸν

230 3667 616 3731 ἀπέσταλκεν;
656 3665 746 3728 Ὠς
793 3664 962 3734 μόνης
994 3662 1133 3733 ἔργα
1166 3662 1319 3725 θείας
1357 3662 1668 3732 δυνάμεως.
1710 3662 1834 3716 Τοι-

238 3760 380 3815 αῦτα
408 3758 518 3828 γὰρ
553 3756 801 3819 ἀντίθεος
835 3756 1014 3808 ποιεῖν
1054 3756 1155 3806 οὐκ
1189 3753 1445 3825 ἠδύνατο.
1483 3754 1546 3807 Ei
1594 3755 1706 3824 γὰρ
1738 3754 1833 3807 καὶ

232 3856 348 3925 τοῖς
404 3851 679 3922 θαύμασιν
735 3850 1016 3902 ἀντειπεῖν
1065 3846 1443 3918 ἀναισχύντως
1480 3845 1833 3915 ἐτόλμησαν,

234 3946 313 4008 ὡς
340 3945 397 3997 ἐν
422 3943 499 4013 τῷ
532 3941 765 4011 εἰκοστῷ
792 3940 1035 4011 δευτέρῳ
1070 3937 1353 4008 κεφαλαίῳ
1371 3935 1465 3991 τοῦ
1498 3936 1641 3991 κατά
1677 3937 1833 3990 Ματ-

236 4038 392 4091 θαῖον
429 4037 730 4105 ἱστόρηται,
763 4033 1014 4101 λέγοντες
1034 4047 1048 4062 ·
1083 4027 1277 4098 οὗτος
1307 4033 1421 4085 οὐκ
1450 4028 1736 4085 ἐκϐάλλει
1760 4029 1835 4083 τὰ

234 4130 539 4198 δαιμόνια,
570 4130 621 4181 ει
657 4125 745 4196 μὴ
792 4126 863 4181 ἐν
888 4123 970 4191 τῷ
1008 4123 1374 4186 Βεελζεσνὺλ
1424 4123 1673 4193 ἄρχοντι
1716 4122 1836 4177 τῶν

234 4223 603 4291 δαιμονίων·
663 4216 906 4273 ἁλλόὖν
931 4219 1142 4288 ταχέως
1187 4216 1665 4287 ὲπεστομίοθησαν
1719 4217 1837 4269 ἐκεῖ

232 4323 328 4372 καὶ
366 4318 543 4387 μάτην
572 4313 941 4386 φλυαροῦντες
965 4311 1332 4383 ἠλέγχθησαν.

309 4466 420 4553 Κιῖί
446 4528 515 4537 ——
542 4497 711 4567 ἐμοῦ.
750 4494 863 4549 Ποῦ
894 4494 1295 4566 μεμαρτύρηκε
1332 4492 1464 4563 περί⁵
1493 4490 1695 4555 αὐτοῦς
1727 4492 1835 4563 Δη-

232 4593 401 4645 λώσει
463 4590 668 4660 προῖὼν
722 4589 806 4641 ὅτι
853 4590 912 4641 ἐν
968 4588 1088 4649 ταῖς
1125 4587 1163 4638 Γ
1170 4587 1394 4655 ραφαῖς.
1428 4585 1538 4636 Καὶ
1588 4584 1697 4654 μὴν
1742 4583 1836 4636 καὶ

1936 3479 2093 3535 dum.

2014 3572 2421 3643 Sedquomodo
2472 3588 2640 3645 opera
2702 3574 3139 3632 testiﬁcabantur
3205 3578 3351 3649 quod
3393 3578 3537 3634 Deus

1934 3681 2064 3723 eum
2088 3666 2374 3722 misisset?
2407 3653 2870 3723 Testitlcabantur
2912 3669 2989 3736 id,
3042 3678 3300 3741 tanquam
3370 3689 3537 3743 Opera

1940 3757 2114 3814 solius
2142 3756 2346 3813 divina
2365 3757 2619 3823 ,virtutis.
2647 3757 2956 3830 Siquidem,
2983 3820 2988 3826 ,
3015 3761 3109 3832 qui
3144 3760 3257 3817 Deo
3314 3773 3540 3819 contra-

1937 3847 2055 3901 rius
2124 3855 2304 3912 esset,
2367 3846 2681 3919 huiusmodi
2722 3847 2905 3905 facere
2939 3864 3052 3906 non
3109 3861 3324 3922 poterat
3354 3869 3371 3907 :
3401 3868 3531 3909 nam

1938 3938 2069 3996 licet
2082 3939 2362 3996 miraculis
2379 3941 2763 3998 contradicere
2786 3943 3137 4016 impudenter
3161 3948 3505 4002 auctitabant
3520 3990 3537 4016 ,

1939 4032 2085 4089 sicut
2134 4031 2401 4089 vicesimo
2464 4037 2714 4091 secundo
2761 4036 2921 4107 juxta
2968 4036 3291 4096 Matthasum
3347 4044 3531 4115 capite

1939 4126 2205 4197 scriptum
2259 4134 2366 4189 est,
2422 4125 2715 4183 dicentes:
2778 4130 3023 4185 Hicnon‘
3055 4131 3203 4202 ejicit
3247 4136 3538 4200 «lanionia.

1939 4221 2043 4275 nisi
2059 4234 2155 4288 per
2180 4217 2459 4273 Beelzebut
2486 4220 2782 4290 principem
2817 4223 3205 4279 demoniorum
3235 4225 3293 4292 ’ς
3333 4228 3429 4284 sed
3465 4228 3541 4284 ibi

1939 4311 2103 4367 citius
2140 4324 2204 4366 os
2227 4309 2342 4365 illis
2390 4311 2723 4380 obstruitur,
2781 4324 2838 4368 et
2866 4330 3007 4370 vane
3060 4316 3255 4387 nugari
3307 4320 3542 4373 convin-

1939 4414 2163 4459 cuntur.

2014 4496 2168 4551 Vers.
2202 4496 2292 4552 57.
2327 4496 2394 4551 Et
2424 4527 2495 4537 —
2524 4515 2626 4554 me.
2692 4500 2798 4556 Ubi
2858 4500 2927 4556 de
2989 4501 3112 4572 ipso
3160 4504 3538 4561 testimonium

1939 4588 2271 4658 perhibuit?
2332 4589 2392 4644 In
2468 4592 2824 4660 sequentibus
2873 4592 3221 4664 signiﬁcabit,
3263 4598 3411 4666 quod
3485 4599 3541 4652 in

238 4683 643 4759 βαπτιζομένου
718 4679 1113 4751 μεμαρτύρηκε
1161 4676 1292 4745 περὶ
1358 4673 1570 4737 αὐτοῦ,
1618 4672 1827 4739 λέγων·

1946 4680 2281 4750 Scripturis:
2339 4698 2653 4753 quanquam
2713 4685 2905 4749 ctiam,
2956 4687 3088 4741 dum
3142 4687 3540 4759 baptizaretur,

231 4777 424 4845 Οὗτός
470 4778 644 4829 ἐστιν
677 4777 709 4829 ό
738 4774 869 4839 Υἱός
892 4790 1013 4842 μου
1034 4773 1066 4824 ὀ
1090 4768 1422 4839 ἀγαπητὸς,
1469 4766 1540 4820 ἐν
1581 4759 1629 4818 ὦ
1664 4764 1839 4820 εὐδό-

237 4893 405 4945 κησα
436 4875 572 4946 (23).
609 4872 719 4925 Καὶ
752 4869 909 4932 αὖθις
955 4865 1510 4938 μεταμορφουμένου.
1544 4864 1707 4917 Ἀλλὰ
1739 4862 1836 4934 βα-

239 4968 568 5038 πτιζομένου
604 4965 725 5032 μὲν,
756 4964 807 5016 εἰ
834 4962 932 5017 καὶ
964 4956 1596 5033 ἧκουσαν,ἁμφέ6αλλον
1618 4971 1632 4986 ⁸
1672 4974 1840 5028 μεταο

234 5060 629 5131 ,μορφουμένου
667 5055 745 5118 δὲ,
776 5054 896 5106 οὐδὲ
928 5054 1168 5123 ἥκουσαν
1199 5050 1375 5103 αὐτοί.
1418 5048 1520 5101 Διὰ
1553 5047 1713 5101 τοῦτο
1735 5049 1849 5119 τὰς

240 5153 500 5213 τοιαύτας
537 5145 846 5218 μαρτυρίας
889 5140 1266 5216 παραδραμὼν
1302 5142 1439 5212 πρὸς
1471 5142 1569 5204 τὰς
1610 5141 1836 5211 Γραφὰς

243 5247 444 5307 αὐτοὺς
482 5244 868 5315 παραπέμπει,
914 5239 1017 5302 τὰς
1064 5240 1120 5291 ὲν
1165 5238 1353 5307 χερσὶν
1402 5233 1568 5296 οὔσας
1612 5235 1701 5288 ἀεὶ
1745 5235 1839 5287 καὶ

244 5322 698 5409 άναντιρρήτους.
750 5333 909 5387 Ἀλλά
942 5330 1038 5385 τοῦ
1052 5349 1104 5384 το
1149 5330 1248 5399 μὲν
1275 5328 1422 5381 ποιεῖ
1456 5325 1688 5399 προϊών.
1723 5326 1838 5379 Νῦν

244 5435 302 5488 δὲ
331 5435 422 5487 ἵνα
454 5433 528 5503 μὴ
575 5430 956 5501 άπαιτήσωσιν
986 5427 1149 5479 αὑτὸν
1182 5423 1494 5493 αὐτόφωνον
1536 5422 1632 5475 καὶ
1673 5421 1839 5475 αὐτοι

356 5617 377 5648 ⁸
420 5614 561 5671 Psal.
588 5629 774 5681 cxxxu,
811 5613 899 5667 l7.
1013 5610 1033 5642 ³
1087 5607 1279 5664 Matth.
1314 5622 1412 5674 xu,
1448 5607 1537 5663 9.4.

1946 4774 2323 4827 testimonium
2353 4775 2422 4829 de
2453 4792 2519 4830 eo
2547 4777 2847 4845 perhibuit,
2878 4777 3113 4833 diceus':
3146 4782 3338 4837 (liceat
3372 4781 3542 4856 Filius

1945 4882 2090 4921 meus
2146 4866 2391 4933 dilectus,
2442 4870 2497 4922 in
2542 4885 2645 4939 quo
2707 4870 2836 4923 mihi
2892 4872 3267 4942 complacitum
3292 4886 3369 4929 est
3407 4876 3447 4931 ⁸.
3478 4875 3545 4931 Et

1944 4974 2160 5021 rursus.
2195 4974 2320 5014 cum
2355 4959 2869 5017 transformaretur.
2928 4963 3038 5018 Sed
3069 4980 3194 5020 eum
3232 4966 3544 5037 baptizare-

1945 5063 2056 5119 tur,
2119 5053 2248 5107 Iicet
2323 5052 2644 5120 audierunt,
2697 5053 3058 5109 dubitabant:
3139 5071 3264 5111 cum
3355 5069 3540 5114 autem

1947 5144 2485 5211 transformaretur,
2573 5160 2645 5200 ne
2718 5146 3018 5224 audierunt
3113 5150 3337 5220 quidem
3410 5151 3540 5222 ipsi.

1945 5238 2160 5294 Idcirco
2214 5239 2606 5310 praetermissis
2670 5239 2993 5310 huiusmodi
3064 5242 3420 5311 testimoniis,
3474 5244 3540 5299 ad

1950 5332 2268 5402 Scripturas
2298 5347 2395 5387 eos
2433 5332 2782 5400 transmittit,
2848 5349 2989 5404 quas
3018 5350 3238 5406 semper
3276 5335 3335 5390 in
3366 5336 3549 5392 mani-

1949 5423 2052 5479 bus
2086 5424 2383 5492 habebant,
2411 5439 2520 5481 nec
2545 5423 2628 5480 ias
2657 5434 2778 5480 erat
2831 5425 2940 5482 illis
2982 5428 3408 5500 contradicere;
3445 5429 3542 5486 sed
3581 5506 3589 5511 _

1659 5609 1680 5641 ⁸
1707 5608 1897 5666 Matth.
1929 5624 2009 5676 ιιι,
2078 5607 2168 5662 l7.

1432 5767 1635 5829 Varim
1660 5768 1965 5829 lectiones
2014 5773 2073 5827 ct
2106 5774 2298 5830 noun.

327 5946 443 6018 (22)
483 5944 659 6018 Malim
689 5939 822 6015 οἷον,
856 5960 953 6018 pro
1011 5946 1201 6014 ἤγουν.

329 6011 441 6088 (25)
506 6017 747 6073 Eiabcst
774 6011 1192 6073 Afhlox'idcm
1245 6014 1409 6071 habet
1453 6011 1766 6069 πιστευθὲν.

2026 5941 2137 6014 (il)
2176 5942 2460 6017 ΙΙύδόκησα
2491 5947 2554 6000 Α.
