4010 6526
578 477 712 542 1231
1833 479 2214 545 EUTHYMII
2256 482 2625 547 ZIGABE'NI
3724 488 3838 553 12"!

575 600 679 654 hoc
712 599 764 652 in
795 613 1094 670 progressu
1129 595 1256 652 facit
1287 615 1301 652 :
1333 611 1484 652 nunc
1511 605 1718 661 autem,
1774 612 1844 652 ne
1903 607 2149 669 expetan‘

2283 616 2570 671 προσωπον
2609 603 2920 674 μαρτυρίαν
2956 603 3050 656 τοῦ
3091 603 3249 670 Θεοῦ,
3283 603 3526 673 λέγοντες
3551 623 3567 635 ο
3614 604 3695 659 ὅτι
3723 607 3841 661 Οὔτε

569 691 666 746 Dei
701 690 1069 746 testimonium
1099 705 1128 743 a
1153 688 1370 760 propria
1393 703 1531 744 voce
1552 697 1607 743 et
1626 705 1656 743 a
1685 691 1908 761 prOpria
1930 706 2149 761 persona

2283 690 2466 763 φωνὴν
2491 691 2660 745 αὑτοῦ
2684 693 3003 764 ἀκηκόαμεν
3049 695 3294 762 πώποτε,
3337 695 3460 748 οὔτε
3507 689 3648 755 εἶδος
3693 696 3841 750 αὑτοῦ

570 782 813 836 dicentes
862 797 876 834 :
923 779 1114 851 Neque
1149 796 1338 840 vocem
1369 782 1490 852 ejus
1553 781 1864 838 audivimus
1898 798 2138 852 unquam

2283 781 2644 854 ἑωράκαμενο
2683 783 3039 854 συνομολογεί
3083 786 3181 854 μὲν
3212 785 3241 838 δ
3269 786 3489 857 ἔμελλον
3516 786 3726 854 λέγειν’
3769 786 3844 840 διὰ

568 888 744 943 neque
771 873 1010 943 speciem
1032 876 1155 943 ejus
1179 874 1446 929 vidimus:
1472 873 1787 941 conﬁtetur,
1804 875 1951 946 quod
1980 874 2054 929 illi
2075 876 2149 930 di-

2283 875 2336 929 δὲ
2359 875 2456 930 τοῦ
2505 878 2888 948 συνομολογεῖν
2941 879 3020 940 εἰς
3070 879 3360 948 φιλόσοφον
3417 881 3610 944 αὐτοὺς
3668 881 3846 946 ἀνάγει

566 967 704 1021 cturi
747 976 903 1022 erant
938 967 1296 1030 ;conlitendo
1319 968 1558 1034 vero,ad
1581 977 1784 1023 rectam
1825 983 1923 1024 eos
1967 967 2149 1024 doctril

2283 967 2477 1038 δόγμα,
2517 970 2695 1032 διδοὺς
2726 972 2866 1023 νοεῖν
2907 971 2989 1023 ὃτι
3026 969 3149 1025 οὔτε
3200 974 3352 1042 φωνὴ
3398 973 3524 1042 περὶ
3573 969 3703 1023 Θεὸν
3735 969 3846 1022 οὔτε

566 1077 689 1115 nam
719 1059 1129 1124 reducit,.dans
1170 1057 1608 1127 intelligendum,
1653 1059 1798 1132 quod
1841 1075 2021 1130 neque
2054 1075 2149 1115 vox

2283 1055 2440 1127 εἶδος.
2497 1061 2687 1116 Ταῦτα
2746 1062 2847 1123 μὲν
2894 1062 3004 1132 γὰρ
3054 1064 3322 1132 σωμάτων
3365 1063 3523 1129 εἰσίν,
3559 1064 3586 1115 ὁ
3627 1061 3685 1114 δὲ
3727 1063 3846 1124 θεὸς

564 1153 634 1208 sit
691 1151 839 1221 apud
891 1152 1085 1216 Deum,
1145 1166 1321 1221 neque
1385 1153 1602 1223 species
1650 1170 1664 1206 :
1719 1151 1987 1223 siquidem
2043 1152 2149 1208 hinc

2283 1151 2566 1222 ἀσώματος
2586 1153 2769 1222 φύσις,
2799 1152 3000 1207 μᾶλλον
3021 1153 3078 1207 δὲ
3099 1153 3535 1226 ὑπερασώματος
3571 1153 3666 1206 καὶ
3688 1152 3846 1222 ὑπερ-

562 1261 855 1316 corporum
884 1253 1041 1310 sunt,
1071 1242 1216 1299 Deus
1244 1255 1426 1300 autem
1470 1246 1808 1316 incorporeas
1833 1253 1918 1300 est
1945 1254 2158 1301 naturas
2272 1247 2434 1316 φυής.

563 1350 656 1394 aut
679 1339 859 1409 potius
877 1353 1041 1408 supra
1065 1352 1270 1409 corpus
1306 1349 1362 1393 et
1393 1353 1556 1409 supra
1587 1346 1852 1392 naturam.

639 1431 798 1487 Vers.
839 1431 929 1486 '57.
966 1429 1148 1500 Neque
1175 1459 1243 1471 —
1267 1431 1494 1486 vidistis.
1547 1430 1716 1501 Atqui
1750 1429 1904 1486 multi
1961 1445 2151 1486 vocem

560 1525 680 1593 ejus
714 1523 1036 1592 frequenter
1063 1522 1417 1589 audiverunt,
1442 1532 1499 1578 et
1525 1523 1763 1593 speciem
1819 1523 1940 1592 ejus
1998 1523 2154 1577 vide-

559 1627 706 1676 runt.
746 1619 889 1672 s‘cut
932 1617 986 1669 in
1037 1615 1337 1686 Scripturis
1386 1616 1454 1671 de
1477 1615 1708 1670 diversis
1737 1615 2006 1684 scriptum
2064 1621 2150 1668 cst

554 1710 720 1765 variis
756 1711 808 1764 in
836 1710 992 1765 locis.
1025 1709 1134 1764 Sed
1162 1685 1270 1764 vox
1299 1709 1389 1763 illa
1421 1719 1479 1764 et
1502 1709 1715 1780 species
1745 1709 1872 1773 fuit,
1914 1724 2024 1763 non
2057 1685 2158 1764 se:

553 1802 794 1856 cundum
827 1802 922 1880 Dei
964 1814 1241 1867 naturam,
1272 1802 1368 1858 sed
1403 1801 1458 1856 in
1482 1802 1725 1857 hominis
1756 1801 2144 1858 similitudine.

622 1895 782 1949 Vers.
823 1895 913 1950 '58.
946 1894 1014 1948 Et
1041 1925 1109 1933 —
1141 1894 1308 1948 vobis.
1347 1894 1417 1948 Et
1439 1893 1595 1965 quid,
1637 1893 1836 1964 inquit,
1901 1895 2024 1950 dico
2073 1893 2143 1949 de

2329 1895 2442 1948 Kal
2479 1925 2549 1936 —
2599 1894 2764 1965 ὑμῖν.
2801 1893 2914 1948 Kal
2957 1892 3012 1947 τι
3057 1893 3225 1962 λέγω,
3284 1893 3441 1964 φησὶ,
3498 1893 3629 1964 περὶ
3668 1893 3845 1964 φωνῆς

551 2003 708 2054 voce,
743 2003 870 2058 qua:
920 1988 1143 2058 propria
1190 1987 1368 2057 ipsius
1420 1988 1528 2043 vox
1591 1997 1766 2051 esset,
1801 1997 1899 2043 aut
1956 1987 2145 2059 specie

2283 1987 2573 2057 ,ὐτοφὼνου
2599 1989 2696 2042 καὶ
2718 1987 2897 2052 εἴδους
2923 1984 3401 2060 αὐτοπροσώπου;
3441 1985 3586 2040 Ἀλλ’
3613 1988 3732 2041 οὐδὲ
3754 1986 3844 2041 τὸν

549 2080 784 2150 propriae
848 2079 1023 2149 ipsius
1085 2094 1360 2149 personae,
1410 2095 1540 2136 cum
1591 2095 1778 2151 neque
1828 2095 2144 2136 sermonem

2285 2080 2415 2150 όγον
2445 2079 2614 2133 αὑτοῦ
2643 2080 2802 2151 ἔχετε
2855 2079 3091 2150 μένοντα
3137 2081 3197 2132 ἐν
3245 2079 3394 2149 ὑμῖν,
3431 2079 3523 2132 τὸν
3553 2078 3643 2132 διὰ
3676 2080 3839 2150 νόμου

550 2169 671 2240 ejus
706 2169 960 2224 habeatis
988 2175 1302 2224 manentem
1332 2167 1390 2223 in
1423 2169 1613 2233 vobis,
1662 2183 1828 2241 quem
1851 2185 1950 2240 per
1969 2170 2144 2242 legem

2283 2173 2344 2225 al
2366 2172 2681 2244 ’προφητῶν
2712 2171 3040 2242 λαληθέντα,
3069 2173 3120 2225 εἰ
3151 2173 3243 2226 καὶ
3275 2170 3453 2225 οἴεσθε
3484 2171 3674 2225 τοῦτον
3699 2172 3839 2242 ἔχειν

547 2279 611 2318 ac
650 2263 950 2334 prophetas
971 2262 1192 2318 locutus
1225 2269 1328 2326 est,
1361 2270 1418 2317 et
1465 2264 1692 2333 putatis,
1716 2263 1866 2319 hunc
1921 2280 2019 2319 vos
2048 2265 2147 2320 ha-

2283 2263 2490 2318 ιένοντα
2531 2265 2591 2317 ὲν
2641 2265 2796 2334 ὑμῖν,
2846 2264 2944 2318 καὶ
2977 2262 3076 2316 ἐπὶ
3109 2263 3288 2334 τούτῳ
3319 2263 3674 2334 σεμνύνεσθε.
3709 2260 3840 2317 Εἶτα

547 2359 680 2412 here
712 2363 1029 2412 manentem
1073 2354 1128 2408 in
1183 2353 1364 2424 vobis,
1401 2365 1459 2412 et
1513 2356 1582 2412 de
1632 2357 1753 2428 ipso
1808 2357 2140 2428 gloriamini.

2283 2355 2685 2424 eratexeudCst,
2713 2355 2742 2409 ὃ
2774 2354 3023 2428 εἴρηκεν,
3056 2356 3434 2410 ἁποδεικνΰων
3460 2357 3614 2411 αὑτό.

546 2447 756 2503 Deinde
780 2446 1098 2513 conﬁrmat,
1125 2444 1272 2516 quod
1317 2445 1472 2514 dixit,
1502 2445 1609 2503 hoc
1636 2447 1800 2503 modo
1861 2447 1995 2503 illud
2051 2463 2142 2504 os-

547 2541 806 2597 tendens.

615 2632 773 2688 Vers.
828 2635 918 2690 58.
971 2633 1138 2700 Quem
1188 2635 1329 2690 enim
1379 2664 1451 2676 —-
1500 2635 1733 2691 creditis.
1811 2633 1948 2689 Nam
2011 2651 2139 2690 cum

2320 2629 2447 2683 ’Ότι
2477 2629 2550 2683 ὃν
2576 2659 2647 2669 --
2671 2631 3012 2684 πιστεύετε.
3050 2629 3208 2684 Ἐπεὶ
3237 2628 3343 2699 γὰρ
3375 2628 3403 2681 ὀ
3428 2628 3526 2697 μὲν
3551 2627 3636 2682 διὰ
3665 2628 3830 2699 νόμον

543 2739 748 2791 sermo,
801 2727 894 2796 qui
966 2742 1064 2797 per
1107 2729 1279 2800 legem
1340 2728 1503 2782 datus
1568 2737 1654 2783 est
1685 2741 1751 2782 ac
1811 2727 2136 2798 prophetas,

2285 2723 2342 2776 al
2377 2724 2679 2794 προφητῶν
2712 2724 2892 2787 δοθεὶς
2941 2723 3054 2792 (‘25)
3083 2723 3243 2792 λόγος
3291 2723 3408 2794 βοᾷ,
3452 2724 3534 2776 ὅτι
3567 2724 3594 2776 ὁ
3643 2723 3830 2793 Πατὴρ

542 2819 770 2884 clamet,
807 2820 951 2889 quod
997 2819 1160 2874 Pater
1189 2819 1388 2874 Filium
1449 2834 1613 2875 suum
1644 2819 1860 2875 miserit
1894 2821 1962 2875 ad
1987 2824 2134 2874 salu-

2284 2817 2538 2870 πέστειλε
2569 2816 2664 2869 τὸν
2698 2815 2827 2869 Υἱὸν
2873 2816 3041 2870 αὑτοῦ
3093 2817 3186 2868 ἐπὶ
3224 2817 3470 2888 σωτηρίᾳ
3508 2816 3681 2886 ὑμῶν,
3737 2817 3829 2870 καὶ

539 2920 646 2964 tein
675 2919 934 2978 vestram,
964 2921 1018 2967 et
1047 2911 1191 2982 quod
1229 2926 1325 2966 vos
1379 2910 1456 2966 illi
1481 2910 1709 2966 credere
1739 2919 2010 2981 oporteat,
2040 2926 2136 2966 vos

2283 2924 2324 2960 τι
2355 2907 2461 2978 χρὴ
2493 2908 2638 2977 ὑμᾶς
2667 2906 2844 2976 τούτῳ
2873 2906 3157 2960 πιστεύειν
3180 2923 3194 2937 ’
3230 2908 3385 2979 ὑμεῖς
3412 2908 3468 2960 δὲ
3491 2908 3547 2961 ὃν
3573 2909 3828 2962 ἀπέστεισ

537 3009 725 3055 autem
791 3001 940 3066 huic,
1034 3018 1195 3071 quem
1293 3003 1383 3056 ille
1460 3003 1613 3057 misit
1684 3018 1796 3058 non
1880 3003 2132 3069 creditis,

2283 3014 2330 3049 tv
2379 3000 2610 3065 ἐκεῖνος,
2637 2997 2814 3069 τούτῳ
2843 2999 2902 3051 οὐ
2938 3001 3225 3052 πιστεύετε
3247 3017 3261 3029 ·
3313 3001 3529 3063 πάντως
3563 3001 3622 3053 οὐ
3657 3018 3826 3072 προσ-

534 3093 762 3146 omnino
822 3107 932 3146 non
977 3092 1306 3148 auscultatis
1361 3093 1626 3163 praedicto
1673 3095 1795 3165 ejus
1841 3096 2128 3150 sermoni:

2283 3108 2395 3163 (ετε
2436 3092 2513 3162 τῷ
2536 3092 2833 3161 δηλωθέντι
2861 3093 3004 3163 λόγῳ
3039 3093 3226 3147 αὑτοῦ.
3270 3095 3361 3165 Μὴ
3393 3095 3746 3166 προσέχοντες
3767 3097 3826 3149 δὲ

533 3201 660 3239 cum
691 3195 876 3239 autem
913 3185 991 3240 illi
1031 3202 1142 3240 non
1189 3187 1538 3252 auscultetis,
1577 3202 1688 3242 non
1715 3187 1930 3245 habetis
1985 3206 2134 3244 eum-

2283 3185 2389 3255 ὺτῷ
2420 3185 2521 3238 οὐκ
2550 3185 2704 3256 ἔχετε
2747 3185 2932 3250 αὑτὸν,
2959 3187 3129 3256 ἡγουν
3159 3188 3258 3258 τὴν
3281 3188 3441 3259 χάριν
3477 3188 3678 3241 αὐτοῦ·
3716 3191 3824 3243 ἀπο

533 3281 648 3334 sive
677 3281 881 3334 donum
911 3282 1083 3351 ipsius
1118 3299 1132 3348 ;
1167 3282 1410 3337 avolavit
1466 3284 1616 3338 enim
1647 3298 1678 3336 a
1702 3284 1875 3340 vobis.
1903 3283 2127 3352 Verum,

2283 3294 2377 3347 ττη
2408 3277 2518 3348 γὰρ
2542 3280 2635 3347 ἀφ’
2669 3279 2844 3347 ὑμῶν.
2874 3279 2992 3333 Ἵνα
3031 3279 3088 3332 δὲ
3123 3282 3197 3350 μὴ
3245 3281 3594 3345 εἰπωσιν,ὅτι
3637 3284 3728 3335 καὶ
3761 3285 3824 3335 ΕΞ

530 3388 599 3426 ne
652 3373 838 3426 dicunt
875 3391 888 3427 :
924 3375 980 3428 Si
1034 3389 1163 3444 ergo
1226 3389 1419 3430 vocem
1458 3377 1582 3447 ejus
1640 3391 1752 3430 non
1786 3377 2121 3446 audivimus,

2283 3372 2316 3442 ὴ
2561 3333 2729 3425 alb-:03
2761 3333 3261 3443 ἀκηκόαμεν,“πιῖ›ς
3310 3333 3664 3446 ἐμαρτύρησὲ
3704 3394 3820 3444 σοις

529 3468 805 3535 quomodo
834 3465 922 3520 ille
950 3466 1277 3522 testiﬁcatus
1307 3475 1394 3521 est
1426 3468 1494 3522 de
1517 3476 1569 3522 te
1603 3467 1627 3519 ‘2
1652 3469 1732 3522 ait
1772 3485 1785 3522 :
2235 3465 2423 3535 φησιν.

603 3559 755 3614 Vers.
779 3559 867 3613 39.
910 3555 1241 3613 Scrutamini
1263 3558 1588 3631 Scripturas.
1642 3560 1867 3633 Legales
1901 3578 1965 3619 ac
2002 3579 2128 3633 pro-

2305 3557 2624 3624 Ἐρευνᾶτε
2657 3556 2763 3624 τὰς
2809 3558 3076 3628 Γραφὰς.
3134 3557 3245 3621 Τὰς
3299 3558 3532 3629 νομικὰς
3569 3561 3663 3612 καὶ
3695 3577 3824 3630 προ-

528 3653 798 3722 pheticas,
835 3651 962 3705 inde
993 3651 1140 3705 enim
1185 3659 1267 3706 est
1304 3652 1682 3707 testimonium
1711 3668 1742 3707 ει
1778 3652 1959 3708 Patre.
1995 3655 2128 3710 Vide

2283 3654 2494 3721 ητικάς.
2531 3653 2772 3704 Ἐκεῖθεν
2799 3653 2905 3721 γὰρ
2931 3655 2964 3721 ἡ
2996 3651 3149 3722 παρὰ
3179 3650 3272 3704 τοῦ
3302 3653 3511 3721 Πατρὸς
3545 3652 3655 3723 ιὲϐ)
3679 3671 3822 3722 μαρ-

527 3756 739 3810 autem,
766 3745 914 3814 quod
931 3759 1042 3799 non
1079 3744 1323 3799 dixerit:
1359 3742 1569 3816 Legite,
1592 3746 1716 3812 sed,
1751 3749 2126 3812 Scrutamini;

2283 3745 2425 3815 ›ρξα’
2468 3747 2570 3815 ὅροι
2600 3745 2656 3798 δὲ
2684 3745 2802 3808 πῶς
2834 3747 2934 3798 οὐκ
2961 3741 3117 3798 εἶπεν
3145 3761 3158 3773 ·
3193 3744 3651 3814 Ἀναγινώσκετε.
3679 3742 3819 3808 ἀλλ’,

527 3842 604 3893 illi
635 3839 912 3908 siquidem
938 3837 1214 3909 legebant,
1249 3845 1305 3891 at
1349 3853 1458 3893 non
1498 3838 1914 3906 scrutabantur,
1962 3842 2126 3895 idcir-

2283 3835 2572 3907 ἲρευνᾶτε.
2607 3836 3004 3904 Ἀνεγίνωσκον
3032 3839 3133 3907 μὲν
3157 3836 3292 3905 γὰρ,
3327 3836 3427 3889 οὐκ
3459 3836 3710 3906 ἠρεύνων
3741 3837 3820 3890 δέ.

526 3952 591 3988 ‹υ
643 3949 742 3988 eos
800 3933 1035 3987 scrutari
1073 3931 1276 4001 jubet:
1334 3946 1462 3985 nam
1514 3947 1640 3987 cum
1687 3947 1751 3987 ea
1787 3948 1908 4003 quae
1963 3934 2032 3989 de
2056 3951 2124 3990 eo

2283 3931 2330 3984 ιὰ
2373 3931 2532 3984 τοῦτο
2566 3931 2785 3983 κελεύει
2832 3932 3084 4001 ἐρευνᾷν.
3121 3930 3278 3984 Ἐπεὶ
3323 3931 3432 4000 γὰρ
3462 3933 3823 3984 σννεσκίαστο

524 4037 672 4091 sunt,
735 4027 970 4081 obscure
1004 4024 1207 4093 scripla
1245 4024 1356 4079 sint
1383 4024 1594 4082 utiliter
1624 4035 1679 4081 et
1711 4027 2122 4098 dispensatorie

2283 4044 2296 4078 t
2328 4026 2458 4096 περὶ
2498 4025 2667 4078 αὑτοῦ
2700 4027 3073 4095 γεγραμμένα
3108 4024 3505 4094 συμφερόντως
3549 4025 3644 4077 καὶ
3674 4026 3822 4077 οἱκοο

528 4129 753 4190 propter
787 4117 1219 4173 imbecillitatem
1275 4118 1691 4189 progemitorum
1730 4121 1997 4189 ipsorum,
2052 4136 2122 4176 ne

2283 4123 2473 4193 νμικῶς
2516 4123 2606 4176 διὰ
2651 4123 2752 4194 τὴν
2790 4122 2900 4177 τῶν
2953 4124 3241 4193 προγόνων
3290 4122 3471 4175 αὐτῶν
3504 4121 3819 4185 ἀσθένειαν,

521 4212 841 4266 exciderent
866 4210 934 4263 ad
957 4211 1183 4264 deorum
1207 4210 1636 4277 multitudinem,
1644 4212 1804 4283 jubet
1825 4228 1975 4269 nunc
2024 4228 2121 4271 eos

2284 4233 2316 4268 οι
2372 4215 2448 4286 μὴ
2490 4216 2807 4270 ἐκπέσωσιν
2863 4217 2946 4280 εἰς
3021 4215 3341 4279 πολυθέΐαν,
3398 4216 3679 4273 ἐπιτάττει
3723 4215 3820 4266 νῦν

521 4303 733 4365 fodere.
760 4313 914 4368 ut,ea
935 4317 1055 4368 quae
1088 4302 1198 4356 alte
1235 4302 1291 4355 in
1324 4303 1548 4358 modum
1609 4305 1856 4359 thesauri
1913 4322 2119 4362 recon-

2283 4307 2530 4377 ορύττεςν
2598 4308 2687 4362 ἵνα
2755 4309 2824 4363 τὰ
2874 4310 2933 4361 ὲν
2966 4308 3046 4379 τῷ
3082 4308 3236 4379 βάθει
3290 4308 3521 4378 κείμενα
3566 4308 3820 4377 καθάπερ

523 4397 633 4450 dita
665 4406 813 4457 sunt,
847 4395 1064 4464 possint
1089 4395 1361 4451 invenire.

2283 4419 2306 4464 ς
2341 4401 2616 4473 θησαυρὸς
2653 4401 2767 4472 (27)
2799 4402 3109 4474 δυνηθῶσιν
3138 4403 3342 4472 εὑρεῖν.

595 4485 752 4543 Vers.
789 4489 878 4542 59.
913 4485 1047 4551 Quia
1081 4516 1150 4525 -—
1177 4486 1388 4541 habere.
1426 4488 1636 4544 Putatis
1653 4489 1876 4558 habere,
1924 4507 2117 4547 verum

2296 4493 2420 4546 Ὅτι
2452 4523 2521 4532 -
2557 4495 2745 4563 ἔχεν.
2778 4496 2996 4547 Δοκεῖτε
3056 4495 3157 4566 μὲν
3208 4495 3373 4564 ἔχειν,
3407 4494 3505 4546 οὐκ
3552 4493 3702 4564 ἔχετε
3729 4492 3814 4556 δὲ,

2335 1406 2488 1460 Οὔτε
2513 1436 2584 1446 --
2614 1405 2932 1475 ἑωράκατε.
2953 1405 3078 1478 ’Καὶ
3119 1404 3226 1476 μὴν
3249 1405 3437 1459 πολλοὶ
3470 1407 3733 1470 πολλάκις
3764 1411 3847 1463 καὶ

2268 1499 2456 1571 φωνὴν
2487 1500 2656 1554 αὐτοῦ
2691 1501 2942 1572 ἥκουσαν
2962 1542 2977 1567 ,
3001 1501 3095 1553 καὶ
3128 1496 3262 1564 εἶδος
3311 1500 3476 1553 αὑτοῦ
3523 1501 3846 1571 ἑωράκασιν,

2264 1595 2341 1659 ὡς
2378 1596 2438 1647 ὲν
2463 1596 2586 1659 ταῖς
2629 1594 2878 1665 Γραφαῖς
2928 1595 3060 1665 περὶ
3093 1593 3368 1664 διαφόρων
3405 1595 3682 1664 διαφόρως
3714 1596 3848 1646 [στό-

2266 1703 2455 1757 ρηται.
2505 1686 2670 1739 Ἀλλὰ
2701 1686 2890 1756 φωνὴν
2923 1685 3020 1740 καὶ
3054 1681 3198 1748 εἶδος
3231 1685 3294 1737 οὐ
3329 1684 3472 1738 κατὰ
3503 1685 3666 1739 φύσιν
3697 1683 3846 1747 Θεοῦ,

2264 1777 2388 1833 καθ’
2427 1779 2692 1850 ὁμοίωσιν
2720 1779 2777 1833 δὲ
2800 1777 3119 1850 ἀνθρώπου.

519 4592 628 4630 non
654 4577 864 4630 habetis
895 4593 906 4626 :
932 4576 1056 4645 quia
1077 4575 1367 4643 superficie
1407 4587 1570 4632 tenus
1597 4579 1773 4634 solum
1811 4596 1904 4636 eas
1931 4582 2113 4655 legen-

2283 4587 2359 4639 ότι
2391 4587 2730 4651 ἐπιπολαίως
2761 4586 2968 4649 ταύτας
3019 4587 3487 4653 ἀναγινώσκοντες
3530 4586 3629 4654 οὐχ
3659 4585 3818 4656 εὑρί-

518 4681 745 4740 ιοδλιιοη
778 4669 1041 4724 invenitis
1062 4671 1214 4724 illum
1237 4678 1448 4724 certum
1475 4670 1600 4724 vita:
1624 4681 1846 4728 :cterme
1878 4675 2109 4744 fontem,
2147 4682 2149 4736 ᾖ

2283 4697 2387 4733 ιετε
2426 4680 2635 4751 ταύτην
2663 4681 2785 4752 ἥτις
2816 4682 2965 4734 ἐστὶν
2992 4683 3018 4734 ὁ
3045 4679 3308 4750 Χριστὸς,
3328 4681 3360 4749 ἡ
3382 4678 3534 4749 πηγὴ
3565 4680 3664 4748 τῆς
3685 4682 3818 4731 αἰωο

517 4764 609 4833 ιιῑιί
638 4773 720 4819 est
747 4763 1030 4820 Christus.
1062 4762 1206 4830 Quia
1263 4779 1394 4836 ergo
1455 4765 1658 4834 putatis
1691 4767 1747 4821 in
1811 4766 2113 4840 Scripturis

2283 4791 2332 4826 νυ
2367 4773 2539 4842 ζωῆς.
2582 4773 2736 4826 Ἐπεὶ
2781 4769 2875 4827 οὖν
2921 4773 3131 4826 δοκεῖτε
3166 4773 3265 4842 μὲν
3302 4772 3407 4824 ἀπὸ
3440 4772 3545 4824 τῶν
3577 4771 3816 4840 Γραςξῶν

519 4858 686 4914 vitam
736 4868 997 4913 :eternam
1031 4858 1259 4925 habere,
1288 4867 1344 4913 et
1379 4869 1606 4928 propter
1627 4860 1830 4917 dictum
1889 4879 2112 4921 causam

2283 4864 2365 4936 ›ὴν
2392 4862 2615 4918 αἰώνιον
2647 4864 2815 4936 ἔχειν,
2853 4867 2954 4918 οὐκ
2995 4866 3151 4935 ἔχετε
3188 4864 3244 4917 δὲ
3290 4863 3376 4916 διὰ
3403 4863 3502 4931 τὴν
3549 4863 3816 4933 ῥηθεῖσαν

518 4965 629 5004 non
681 4950 934 5017 habetis;
978 4950 1300 5004 scrutamini
1358 4951 1650 5019 profunde,
1708 4961 1768 5008 ut
1829 4956 2113 5015 inventam

2283 4961 2422 5027 τίαν,
2451 4959 2638 5013 λοιπὸν
2662 4961 2922 5031 ἐρευνοῖτε
2953 4959 3159 5022 ταύτας
3192 4960 3270 5019 εἰς
3300 4958 3482 5028 βάθος,
3507 4958 3589 5009 ἵνα
3619 4957 3814 5027 εὑρόν-

517 5041 791 5097 habeatis.

2283 5071 2306 5118 ς
2341 5055 2524 5124 ἔχητε.

589 5135 744 5189 Vers.
780 5135 866 5190 59.
904 5134 971 5188 Et
1002 5151 1174 5190 ——me.
1211 5134 1631 5207 Testiﬁcantur,
1662 5141 1860 5213 inquit,
1916 5147 1984 5202 de
2020 5164 2108 5204 me

2288 5148 2398 5203 Καὶ
2436 5179 2505 5189 —
2539 5147 2708 5217 ἐμοῦ.
2761 5149 2826 5203 Al
2879 5147 3279 5221 μαρτυροῦσαι,
3319 5146 3473 5216 φησι,
3498 5143 3808 5215 περἰὲμοῦ,

518 5226 572 5278 in
605 5241 838 5295 persona
877 5226 1073 5291 Patris,
1109 5238 1297 5299 utpote
1321 5245 1522 5286 arcano
1560 5235 1722 5290 modo
1757 5251 1786 5290 a
1827 5238 1987 5295 l’atre
2022 5257 2106 5295 tn-

2283 5241 2501 5312 >οσώπῳ
2529 5240 2623 5294 τοῦ
2655 5242 2890 5313 Πατρὸς,
2921 5236 3009 5294 οἷα
3033 5242 3187 5312 παρὰ
3210 5240 3302 5293 τοῦ
3329 5239 3540 5309 Πατρὸς
3565 5240 3809 5308 ἐμπι-ιευ·

518 5319 738 5387 spirata:
793 5321 901 5386 bis,
959 5324 1050 5388 qui
1103 5338 1198 5378 eas
1257 5325 1616 5394 scripserunt.
1671 5327 2004 5401 Conjnnctio
2037 5347 2107 5401 et.

2289 5338 2432 5388 εἶσαι
2470 5337 2802 5407 ἁπορῤἠτως
2832 5338 2946 5398 τοῖς
2982 5335 3324 5405 γεγραφόσιν
3372 5333 3562 5394 αὐτάς.
3604 5334 3804 5400 Περιτ-

515 5411 778 5472 abundat,
809 5413 954 5482 quod
993 5417 1046 5466 in
1079 5411 1360 5468 llehrarico
1390 5416 1650 5472 idiumale
1681 5419 1939 5492 frequens
2002 5442 2105 5483 est.

2283 5449 2306 5483 ν
2334 5429 2391 5482 δὲ
2423 5429 2661 5483 ἐνταῦθα.
2691 5431 2751 5484 τὸ
2791 5430 2887 5482 καὶ
2911 5465 2930 5497 ,
2962 5428 3085 5481 καθ’
3123 5424 3410 5497 Ἐϐραῖκὸν
3443 5426 3656 5494 ἰδίωμα.

590 5504 744 5559 Vers.
789 5507 876 5559 4t).
905 5507 973 5559 lit
1005 5537 1072 5545 —
1105 5509 1365 5562 Imbeau's.
1426 5509 1601 5566 Vitam
1658 5515 1910 5572 videlicet
1961 5537 2108 5584 SCllh

2291 5523 2396 5577 Kal
2427 5557 2496 5566 -—
2535 5524 2736 5593 ἔχητε.
2770 5525 2925 5595 Ζωὴν
2950 5523 3195 5588 αἰώνιον,
3223 5521 3485 5591 δηλονότι.
3523 5517 3672 5583 Εἶτα,
3713 5517 3803 5569 ἴνα

1735 5729 1933 5793 Variae
1957 5731 2269 5795 lectiones
2316 5742 2376 5795 et
2409 5743 2598 5797 notre.

585 5888 694 5957 (Ἦ)
735 5889 937 5975 δόμος,
967 5906 1068 5960 pro
1113 5892 1292 5955 λόγος,
1320 5896 1383 5948 Λ.

2289 5905 2400 5975 (-27)
2437 5903 2597 5959 Forte
2636 5903 2754 5958 τινὰ
2781 5901 3078 5974 θησαυρόν.

589 5966 699 6028 uti)
739 5959 1010 6044 Σωτῆροζ,
1049 5978 1149 6032 pro
1200 5964 1434 6035 Πατρός,
