4010 6510
184 446 328 514 1233

1175 454 1569 519 COMMENT.
1610 456 1694 519 IN
1729 456 2111 523 JOANNEM.
2146 484 2221 513 ε·-
2255 461 2417 523 CAP.
2451 462 2519 524 ν.

3338 454 3475 522 12%

187 566 267 634 μὴ
300 564 685 634 ὑπολάϐωσιν,
720 567 804 623 δτι
856 568 1154 639 φιλοδοξῶν
1205 571 1359 643 λέγει
1417 590 1487 629 τα
1535 574 1787 639 τοιαῦτα,

1912 571 2194 629 )iternam.
2236 572 2468 638 Deinde,
2494 585 2567 627 ne
2625 570 3043 643 suspicarentur
3098 572 3247 644 quod
3283 588 3474 629 amore

182 657 365 726 φησίν
385 676 399 691 ’

261 749 560 814 Δόξανσ-
592 751 897 820 λαμϐάνω.
944 754 1021 808 Οὐ
1077 756 1241 823 φιλῶ,
1281 753 1372 812 οἷα
1432 757 1508 828 μὴ
1562 758 1783 830 χρῄζων

184 838 405 909 αὐτῆς·
441 838 562 893 οὐδὲ
606 838 717 911 γάρ
766 844 793 895 ὁ
848 841 1002 912 ἥλιος
1044 844 1219 899 δεῖται
1269 845 1549 916 λυχνιαίου
1582 846 1781 914 φωτός.

190 930 309 981 Καὶ
348 928 497 993 τίνος
532 930 722 984 ἕνεκεν
752 932 821 985 τά
864 934 1093 989 τοιαῦτα
1127 934 1349 1005 ἐλεγεν;
1384 936 1500 990 Ἵνα
1535 954 1783 991 παντοιο-

184 1019 419 1088 τρόπως
442 1022 817 1092 ἐπισπάσηται
842 1024 1042 1089 αὐτοὺς
1058 1026 1141 1090 είς
1171 1026 1356 1081 πίστιν
1380 1028 1449 1082 δι’
1472 1024 1537 1101 ἧς
1558 1028 1784 1097 ἔμελλον

184 1112 342 1180 ἔχειν
379 1111 524 1181 ζωὴν
557 1114 798 1168 αἰώνιον.

266 1203 439 1257 Ἀλλ’
474 1233 547 1246 -—
582 1204 843 1273 ἑαυτοῖς.
891 1205 1087 1277 Ὑμεῖς
1139 1208 1261 1279 μὲν,
1295 1211 1482 1280 φησιν,
1514 1210 1590 1273 ὡς
1622 1211 1786 1281 δῆθεν

179 1294 522 1361 ἀγαπῶντες
550 1297 641 1350 τὸν
670 1298 827 1365 Θεὸν,
852 1301 1163 1356 άπωθεζσθέ
1198 1322 1287 1373 με,
1319 1304 1402 1359 ὅτι
1439 1304 1580 1359 ποιῶ
1615 1307 1789 1377 ἐμαυ-

179 1386 286 1435 τὸν
324 1385 442 1438 ῖσον
464 1387 541 1458 τῷ
569 1388 692 1459 Θεῷ
711 1405 727 1421 ο
760 1390 1053 1461 ἐλέγχεσθε
1086 1394 1143 1447 δὲ
1169 1394 1531 1466 ψευδόμενοι·
1570 1398 1787 1466 ἔγνωκα

183 1478 303 1548 γὰρ
337 1480 488 1550 ὑμᾶς
524 1483 607 1535 ὃτι
655 1484 757 1537 οὐκ
805 1486 1061 1554 ἀγαπᾶτε
1113 1488 1204 1541 τὸν
1235 1488 1389 1543 Θεόν.
1448 1490 1611 1556 Πῶς;
1663 1491 1787 1544 Ὅτι

183 1585 259 1621 πε
271 1571 329 1639 pl.
363 1567 425 1626 οὗ
456 1575 667 1638 ἐκεῖνος
697 1580 971 1649 μαρτυρεῖ
1004 1579 1099 1633 καὶ
1129 1581 1217 1635 διά
1245 1580 1341 1635 τοῦ
1374 1582 1654 1650 Ἰωάννου,
1690 1584 1788 1637 καὶ

180 1663 285 1717 διὰ
308 1663 418 1717 τῶν
447 1665 646 1735 ἔργων,
674 1669 769 1721 καὶ
788 1669 878 1723 διὰ
898 1670 1006 1724 τῶν
1029 1672 1287 1743 Γραφῶν,
1320 1658 1512 1728 τοῦτον
1541 1676 1702 1743 ὑμεῖς
1726 1676 1787 1729 οὐ

186 1756 519 1824 προσίεσθε.
548 1759 762 1828 Ὠσπερ
783 1757 877 1815 οὖν
910 1764 1181 1834 πρότερον
1201 1766 1520 1835 νομίζοντες
1547 1763 1688 1821 εἷναί
1718 1785 1788 1839 με

185 1846 469 1909 ἀντίθεον,
504 1850 801 1920 ὴ).αύνετε’
837 1854 981 1907 οὕτω
1021 1856 1137 1922 νῦν,
1185 1858 1288 1910 ὑπὸ
1328 1858 1429 1912 τῶν
1478 1861 1787 1929 εἰρημένων

193 1915 538 2010 μαρτυριῶν
582 1943 1005 2017 ἀποδειχθείσης
1037 1915 1137 2015 τῆς
1176 1948 1459 2018 ἀληθείας,
1521 1915 1786 2020 dapsiles:
1813 1915 1863 1975 Β

188 2034 604 2105 προσδραμεῖν.
635 2036 802 2091 Ἃ).λὰ
843 2042 1023 2111 μάτην
1069 2044 1387 2112 κομπάζετε
1443 2044 1511 2097 δι’
1566 2044 1789 2116 ἀγάπην

185 2123 295 2177 τοῦ
338 2125 477 2180 Θεοῦ
529 2128 981 2201 ἀποστρέφεσθαι
1035 2151 1126 2203 με.
1179 2135 1279 2188 Διὰ
1320 2135 1627 2206 βασκανίαν
1678 2138 1788 2210 γὰρ

184 2219 356 2274 τοῦτο
395 2223 700 2289 ποιοῦντες,
719 2227 1041 2291 συσκιάζειν
1074 2229 1283 2302 ταύτην
1318 2234 1677 2303 ἐπιχειρεῖτε.

266 2313 411 2382 Ἐγὼ
468 2345 539 2357 -
566 2334 663 2385 με.
705 2348 777 2359 --
818 2320 915 2373 Ἐν
960 2320 1040 2385 τῷ
1097 2324 1343 2391 ὀνόματι
1392 2325 1500 2378 τοῦ
1558 2327 1788 2392 Πατρός

188 2422 338 2473 μου,
370 2406 541 2476 ἤγουν
592 2412 929 2475 ἀποσταλεὶς
968 2415 1121 2484 παρὰ
1166 2416 1259 2468 τοῦ
1301 2417 1517 2487 Πατρός
1556 2435 1683 2487 μου,
1712 2418 1789 2483 ὠς

190 2497 367 2560 αὐτός
389 2516 448 2552 τε
482 2505 753 2571 μαρτυρεῖ
775 2504 934 2571 κάγὼ
952 2507 1223 2575 ὁμολογῶ,
1248 2510 1342 2562 καὶ
1364 2510 1423 2562 οὐ
1448 2510 1673 2579 δέχεσθὲ
1697 2528 1785 2579 με.

270 2589 419 2644 Ἐὰν
447 2621 507 2632 -
556 2592 857 2661 λήψεσθε.
910 2597 1048 2667 Περὶ
1084 2598 1178 2650 τοῦ
1212 2597 1587 2670 Ἀντιχρίστου
1632 2599 1791 2653 τοῦτό

192 2699 389 2749 φησιν,
416 2682 473 2746 ὃς
503 2685 785 2739 ἐλεύσεται
808 2688 868 2740 ὲν
894 2687 973 2756 τῷ
991 2690 1217 2757 ὀνόματι
1243 2690 1320 2758 τῷ
1351 2690 1485 2759 ἰδίῳ,
1506 2692 1790 2744 τουτέστιν

188 2773 292 2842 ἀφ’
326 2776 523 2829 ἑαυτοῦ
554 2778 629 2841 ὡς
658 2779 821 2847 δῆθεν
851 2764 1016 2844 αὐτὸς
1045 2780 1123 2834 ὢν
1164 2784 1191 2835 ό
1222 2785 1315 2837 ἐπὶ
1362 2784 1581 2838 πάντων
1634 2784 1787 2847 Θεός,

191 2865 553 2921 Καθάπτεται
594 2866 690 2923 οὖν
734 2871 834 2941 τῆς
872 2872 1264 2941 ἀναισχυντίας
1313 2874 1426 2928 τῶν
1497 2875 1791 2941 Ἰουδαίων,

193 2956 274 3020 ὡς
322 2958 485 3011 αὐτὸν
530 2960 630 3030 μὲν
681 2962 773 3015 τὸν
821 2964 1050 3031 λέγοντα
1103 2965 1304 3020 είδέναι
1350 2967 1441 3021 τὸν
1489 2968 1627 3021 Θεὸν
1696 2971 1791 3023 καὶ

189 3050 569 3118 ὁμολογοῦντα
594 3054 931 3108 ἀπεστάλθαι
959 3058 1092 3127 παρ’
1115 3058 1307 3123 αὑτοῦ,
1344 3060 1440 3113 καὶ
1464 3062 1540 3130 μὴ
1573 3060 1794 3132 ἐλεγχό-

196 3160 363 3213 μενον
393 3145 635 3200 ἀντίθεον
668 3149 1083 3220 ἀποσειομένων
1105 3166 1119 3180 °
1157 3152 1248 3205 τὸν
1278 3153 1338 3206 δὲ
1387 3156 1667 3221 φάσκοντα
1715 3157 1791 3225 μὴ

1889 664 2075 734 gloriae
2096 665 2224 721 talia
2244 665 2476 733 diceret,
2509 663 2588 719 ait
2610 681 2625 718 :

1961 755 2118 813 Vers.
2147 759 2237 813 Η.
2270 758 2509 815 Gloriam
2541 758 2854 828 —accipio.
2902 757 3023 812 Non
3082 773 3273 812 amans
3329 772 3476 824 eam,

1888 852 1983 899 aut
2010 860 2074 901 ea
2110 846 2397 918 indigens:
2435 861 2613 916 neque
2666 847 2813 901 enim
2855 846 2936 900 sol
2978 846 3218 901 lucerna?
3272 846 3480 901 lumine

1888 935 2122 1008 indiget.
2142 936 2346 992 Verum
2381 952 2547 1007 quam
2573 937 2645 993 ob
2675 951 2896 993 causam
2930 935 3049 991 haec
3075 936 3291 991 dicebat
3323 937 3345 989 2
3410 935 3478 990 Ut

1888 1026 2040 1081 omni
2068 1025 2232 1080 modo
2264 1025 2332 1080 ad
2357 1025 2520 1080 tidem
2555 1040 2651 1080 eos
2686 1024 3012 1090 attraheret,
3055 1040 3153 1094 per
3183 1040 3345 1095 quam
3375 1030 3475 1079 lia-

1890 1116 2057 1171 bituri
2090 1126 2279 1172 essent
2332 1120 2500 1172 vitam
2533 1128 2819 1171 aeternam.

1962 1208 2119 1264 Vers.
2178 1210 2270 1265 ιε.
2317 1207 2714 1266 Sed—vobis.
2774 1208 2906 1273 Vos,
2954 1210 3156 1280 inquit,
3219 1218 3480 1279 tanquam

1892 1300 2067 1356 Deum
2095 1301 2390 1372 diligentes
2418 1317 2505 1357 me
2543 1302 2830 1372 repellitis,
2860 1302 3005 1371 quod
3035 1316 3124 1356 me
3174 1302 3352 1371 ipsum
3405 1299 3484 1354 [an

1891 1394 2031 1449 ciam
2063 1393 2174 1449 Deo
2191 1395 2497 1465 aequalem;
2544 1396 2643 1451 sed
2686 1394 2957 1450 mendacii
2998 1393 3337 1464 arguimini:
3377 1407 3480 1463 ego

1889 1486 2038 1543 enim
2061 1487 2189 1541 novi
2212 1502 2330 1552 vos,
2360 1488 2506 1556 quod
2534 1488 2707 1542 Deum
2732 1502 2850 1541 non
2875 1486 3133 1556 diligatis.
3161 1485 3488 1551 Quomodo?

1893 1577 2033 1645 Quia
2076 1580 2143 1634 de
2192 1594 2303 1650 quo
2334 1579 2425 1634 ille
2458 1579 2835 1635 testimonium
2862 1578 3139 1648 perhibet,
3170 1589 3225 1632 et
3253 1592 3351 1647 per
3387 1577 3483 1632 Jo-

1894 1684 2118 1735 annem,
2162 1679 2216 1725 et
2249 1686 2348 1740 per
2377 1684 2569 1741 opera.
2604 1681 2658 1725 et
2691 1686 2791 1741 per
2817 1670 3162 1739 Scripturas,
3200 1670 3347 1723 hunc
3390 1686 3487 1725 vos

1894 1777 2005 1816 non
2031 1762 2301 1832 recipitis.
2334 1762 2822 1828 Quemadmodum
2874 1777 3007 1833 ergo
3043 1764 3283 1832 primum
3336 1762 3486 1815 arbi-

1896 1854 2046 1918 trati,
2096 1853 2238 1923 quod
2291 1868 2473 1908 essem
2520 1853 2637 1908 Deo
2685 1853 3018 1917 contrarius,
3063 1869 3152 1907 me
3194 1854 3490 1923 repelleba-

1894 1945 1962 2001 tis
1996 1964 2011 2000 :
2051 1948 2128 2000 ita
2168 1960 2337 2011 nunc,
2366 1946 2738 2001 demonstrata
2762 1960 2794 1999 a
2829 1946 2988 2001 dictis
3044 1944 3275 1999 testibus
3337 1946 3486 1999 veri—

1895 2046 2026 2103 tate,
2092 2039 2426 2094 debuissetis
2470 2054 2785 2095 accurrere.
2843 2038 2950 2093 Sed
3005 2037 3207 2093 frustra
3244 2038 3485 2106 iactatis,

1892 2128 2036 2199 quod
2071 2130 2168 2184 Dei
2206 2130 2327 2185 zelo
2362 2146 2450 2185 me
2480 2128 2839 2185 aversamini.
2866 2126 3003 2183 Nam
3038 2145 3163 2183 cum
3199 2129 3251 2183 id
3280 2129 3485 2183 invidia

1893 2221 2127 2286 faciatis,
2148 2221 2253 2276 hoc
2282 2220 2446 2276 modo
2482 2221 2642 2275 istam
2674 2221 2954 2276 occultare
2982 2220 3247 2274 nitimini.

1964 2312 2123 2371 νει-ε.
2158 2314 2247 2368 43.
2290 2312 2404 2385 Ego
2427 2331 2616 2369 —-mc.
2648 2345 2717 2354 —
2736 2314 2965 2369 Nomine
2993 2313 3176 2369 Patris
3204 2315 3326 2379 mei,
3373 2313 3487 2369 sive

1893 2406 2097 2461 missus
2132 2421 2162 2461 a
2206 2405 2377 2461 Patre
2408 2422 2555 2472 meo,
2614 2408 2760 2462 sicut
2798 2408 2915 2479 ipse
2977 2416 3211 2463 testatur
3267 2415 3322 2462 et
3386 2422 3487 2477 ego

1893 2499 2180 2562 conﬁteor,
2201 2507 2257 2553 et
2285 2514 2395 2555 non
2414 2498 2698 2569 suscipitis
2734 2515 2845 2555 me.

1966 2592 2124 2647 Vers.
2147 2591 2233 2646 45.
2254 2620 2325 2631 -
2344 2590 2402 2646 Si
2428 2592 2703 2661 recipietis.
2731 2590 2807 2645 De
2836 2592 3180 2648 Antichristo
3203 2592 3308 2648 hoc
3330 2592 3487 2657 dicit,

1894 2682 1988 2753 qui
2008 2683 2197 2737 veniet
2226 2683 2451 2739 nomine
2471 2684 2719 2753 proprio,
2755 2684 2872 2738 sive
2900 2699 2928 2738 a
2950 2699 3010 2738 se
3042 2684 3188 2754 ipso,
3220 2694 3483 2754 tanquam

1897 2779 2014 2848 ipse
2068 2780 2211 2835 Deus
2240 2791 2420 2845 esset,
2449 2780 2543 2850 qui
2576 2796 2744 2850 super
2764 2796 2958 2836 omnes
2986 2790 3088 2835 est.
3125 2780 3297 2835 Taxat
3356 2796 3487 2850 ergo

1898 2869 2300 2938 impudentiam
2335 2868 2680 2930 Iudaeorum.
2726 2870 2874 2939 quod
2931 2884 3058 2924 eum
3113 2869 3477 2939 repellerent,

1897 2978 2027 3017 cum
2055 2977 2114 3016 se
2136 2961 2348 3017 diceret
2371 2976 2536 3017 nosse
2569 2962 2743 3015 Deum
2773 2962 2923 3016 etab
2962 2977 3028 3016 eo
3061 2963 3293 3016 missum
3341 2976 3489 3025 esse,

1897 3071 2000 3110 nec
2022 3057 2444 3110 convinceretur
2460 3054 2571 3109 Deo
2601 3069 2723 3109 esse
2750 3053 3079 3109 contrarius
3109 3071 3123 3107 :
3151 3054 3307 3108 illum
3336 3070 3490 3118 vero,

1898 3150 1990 3221 qui
2018 3164 2077 3203 se
2104 3149 2315 3203 diceret
2346 3161 2458 3201 non
2490 3162 2653 3201 nosse
2679 3146 2869 3207 Deum,
2904 3155 2960 3200 et
2989 3161 3019 3199 a
3051 3146 3234 3215 seipso
3300 3146 3494 3200 venire

196 3237 406 3291 εἰδέναι
451 3240 660 3292 ἐκεῖνον
675 3241 773 3292 καὶ
788 3241 1146 3311 κομπάζοντα
1165 3244 1257 3311 ἀφ’
1285 3244 1482 3297 ἑαυτοῦ
1499 3246 1658 3316 ἥκειν
1702 3250 1790 3299 καὶ

1912 3258 1962 3297 se
1989 3242 2249 3311 iactaret,
2308 3255 2373 3295 ac
2404 3237 2863 3293 manifestissime
2904 3237 3328 3308 dignosceretur
3362 3252 3487 3294 esse

194 3329 574 3400 προδηλότατα
592 3332 1089 3403 διαγινωσκόμενον
1113 3335 1359 3388 ἀντίθεον
1376 3339 1786 3406 προσιεμένων.

274 3416 410 3472 Εἶτα
438 3420 622 3489 τίθησι
657 3424 753 3475 καὶ
797 3423 898 3493 τὴν
928 3423 1112 3477 αἰτίαν
1150 3425 1249 3494 τῆς
1295 3427 1554 3490 ἀπιστίας
1584 3428 1787 3493 αὐτῶν,

199 3513 285 3564 ὅτι
343 3513 431 3565 διὰ
485 3515 794 3583 φιλοδοξίαν
853 3516 913 3568 οὐ
985 3518 1329 3573 πιστεύουσι.
1395 3521 1488 3589 Μὴ
1546 3521 1792 3585 θέλοντες

198 3606 312 3675 γὰρ
344 3608 757 3677 προτιμηθῆναι
784 3609 962 3663 αὐτῶν
993 3611 1097 3663 ὑπὸ
1135 3612 1248 3680 (28)
1288 3611 1382 3666 τοῦ
1428 3614 1665 3683 πλήθους
1698 3618 1792 3668 τὸν

199 3699 461 3769 Χριστὸν,
494 3698 800 3769 ὲκώφευον,
838 3702 934 3756 καὶ
972 3703 1141 3773 ἐμυον
1173 3704 1495 3769 ἐθελουσίως
1528 3710 1663 3777 πρὸς
1694 3709 1793 3778 τὴν

202 3792 489 3861 ἀλήθειαν,
516 3794 610 3847 καὶ
638 3794 817 3847 πάντα
853 3796 1076 3849 ὲποίουν
1116 3799 1257 3869 ὑπὲρ
1299 3798 1393 3851 τοῦ
1431 3800 1506 3870 μὴ
1536 3802 1793 3856 ὲκπεσεῖν

197 3883 300 3951 τῆς
326 3883 484 3955 δόξης
508 3884 575 3950 ἢν
610 3879 755 3953 εἶχον
792 3888 944 3956 παρὰ
974 3887 1069 3940 τοῦ
1098 3887 1362 3959 πλήθους.

270 3975 407 4043 Πῶς
429 4006 497 4017 -
516 3979 966 4047 λαμϐάνοντες;
996 3983 1312 4053 Ἐμποδίξει
1345 3985 1456 4054 γὰρ
1486 3985 1651 4057 αὕτη.

272 4160 385 4215 Καὶ
417 4190 488 4199 --
523 4162 779 4228 (Insita;
816 4164 921 4216 Ἦν
959 4164 1128 4235 μόνην
1152 4164 1260 4217 ἔδει
1284 4166 1489 4237 ζητεῖν,
1515 4167 1617 4237 τῆς
1642 4168 1794 4238 παρὰ

199 4253 513 4324 ἀνθρώπων
566 4256 1073 4325 καταφρονοῦντας,
1114 4261 1163 4310 εί
1218 4258 1315 4312 καὶ
1369 4259 1529 4329 ὑμεῖς
1562 4262 1793 4314 τούναν-

201 4343 319 4396 τίον
348 4346 573 4396 ποιεῖτε.
600 4344 947 4413 Πανταχόθεν
970 4345 1149 4397 τοίνυν
1176 4347 1539 4416 ἐπιστομίσας
1571 4346 1791 4412 αὐτοὺς,

202 4436 302 4489 καὶ
336 4435 631 4502 ἀποδείξας
668 4437 851 4507 πάσης
904 4436 1238 4507 συγγνώμης
1287 4439 1564 4504 ἀναξίους,
1608 4438 1795 4491 λοιπὸν

202 4528 493 4598 ἐφίστησιν
533 4529 716 4589 αὐτοῖς
761 4530 1069 4599 κατήγορον
1106 4530 1271 4582 αὑτὸν
1310 4530 1399 4583 τὸν
1436 4531 1675 4583 Μωῦσέα
1702 4533 1795 4584 τὸν

202 4619 508 4689 νομοθέτην
544 4620 748 4673 αὐτῶν.

277 4716 375 4777 Μὴ
410 4744 477 4755 ——-
510 4714 757 4782 πατέρα.
814 4714 952 4769 Κατ’
990 4715 1262 4785 ἐρώτησιν
1303 4717 1505 4787 ἠθικὴν
1553 4721 1580 4771 ὁ
1608 4720 1789 4787 λόγος,

201 4812 285 4864 ὅτι
323 4809 383 4862 Εἰ
422 4809 514 4861 καὶ
559 4808 666 4860 ἔδει
702 4825 770 4877 με
808 4808 969 4862 τοῦτο
1019 4810 1264 4879 ποιῆσαι,
1304 4811 1420 4864 ἀλλ’
1455 4812 1515 4864 οὐ
1558 4814 1791 4884 ποιήσω,

202 4902 526 4967 ἀνεξίκακος
557 4901 654 4958 ὢν.

280 5085 491 5136 Ἔσιιν
529 5079 909 5149 -Ιιιωῦσῆᾳ
976 5081 1063 5144 Ὠς
1113 5082 1491 5137 ἀπιστούντων
1541 5080 1622 5148 οἷς
1676 5089 1803 5157 περὶ

206 5175 343 5245 ἐμοῦ
377 5175 584 5245 ἔγραψε
608 5216 622 5238 ,
663 5177 757 5227 καὶ
787 5174 963 5238 οὕτως
988 5176 1364 5229 ἀπειθούντων
1396 5179 1565 5249 αὐτῷ.

282 5264 386 5330 Εἰς
422 5295 490 5303 —
518 5258 832 5331 ἠλπίκατε.
877 5265 965 5327 Ὠς
1011 5269 1091 5328 εἰς
1138 5268 1472 5335 δημαγωγὸν
1528 5271 1620 5323 καὶ
1663 5290 1801 5341 προσ

207 5357 413 5426 στάτην
446 5361 540 5409 καὶ
571 5360 801 5429 μεσίτην
848 5357 916 5409 τὰ
948 5359 1085 5427 πρὸς
1128 5358 1285 5411 Θεόν.
1323 5360 1536 5431 Ὠσπερ
1568 5361 1624 5415 δὲ
1671 5364 1802 5433 περὶ

204 5448 314 5503 τῶν
340 5449 575 5520 Γραφῶν
596 5450 752 5518 ἔλεγε
768 5468 780 5482 ·
798 5450 1033 5505 Δοκεῖτε
1054 5452 1122 5503 ὲν
1143 5452 1350 5518 αὐταῖς
1376 5454 1528 5521 ζ’ωῑιν
1557 5457 1801 5511 ulterior

1901 3333 2015 3387 Deo
2046 3330 2382 3395 contrarius,
2417 3331 2753 3399 reciperent.

1964 3424 2175 3479 Deinde
2206 3422 2364 3494 ponit
2393 3431 2449 3477 et
2473 3437 2696 3477 causam
2723 3422 3066 3478 inﬁdelitatis
3091 3436 3308 3485 eoriun,
3342 3422 3489 3490 quod

1896 3522 2127 3583 propter
2157 3514 2345 3583 gloria:
2396 3527 2640 3565 amorem
2692 3527 2803 3565 non
2846 3510 3177 3565 crederent:
3224 3511 3492 3566 nolentes

1896 3604 2351 3661 enimeristum
2413 3620 2580 3673 supra
2639 3619 2699 3657 se
2725 3603 2991 3657 honorari
3052 3601 3492 3665 amultlludine,

1896 3697 2388 3762 obsurdescebant,
2420 3708 2476 3751 et
2498 3712 2661 3750 aures
2691 3697 2834 3750 ultro
2857 3694 3190 3750 claudebant
3214 3694 3282 3748 ad
3347 3694 3494 3747 veri-

1897 3799 2099 3845 tatem:
2134 3788 2433 3858 omniaque
2461 3788 2760 3853 faciebant,
2792 3804 2862 3842 ne
2890 3804 2921 3841 a
2964 3788 3139 3858 gloria
3191 3802 3355 3856 quam
3392 3787 3493 3841 ha-

1897 3884 2102 3939 bebant
2132 3884 2277 3952 apud
2309 3882 2725 3938 multitudinem
2760 3882 3107 3937 exciderent.

1970 3976 2127 4031 Vers.
2148 3976 2237 4030 Μ.
2261 3975 2534 4041 Quomodo
2554 4006 2623 4014 —
2642 3977 2929 4045 accipitis?
2951 3973 3084 4030 Nam
3108 3976 3223 4047 ipsa
3252 3974 3492 4046 impedi-

1898 4078 2085 4125 mento
2105 4084 2207 4125 est.

1967 4165 2124 4218 V'ers.
2157 4164 2245 4217 Η.
2282 4163 2348 4217 Et
2378 4195 2448 4203 —
2483 4165 2723 4233 qttwritis
2754 4165 2777 4215 ?
2808 4163 2981 4229 Quam
3009 4164 3181 4216 solam
3228 4176 3477 4231 quaerere

1897 4264 2137 4326 oportet,
2169 4272 2233 4310 ea
2263 4272 2383 4326 qu:e
2406 4268 2493 4311 est
2527 4257 2596 4309 ab
2652 4256 2969 4310 hominibus
3005 4254 3340 4324 posthabita,
3392 4254 3497 4308 eisi

1898 4346 2363 4399 vos’contrariutn
2393 4346 2634 4401 faciatis.
2659 4345 2955 4414 Postquam
2981 4360 3110 4416 ergo
3135 4345 3381 4414 undique
3407 4344 3489 4397 si-

1900 4438 2131 4492 lentium
2164 4437 2271 4491 illis
2293 4437 2574 4505 imposuit,
2603 4439 2867 4506 omnique
2902 4437 3061 4490 venia
3089 4436 3346 4505 indignos
3377 4450 3499 4490 esse

1900 4529 2319 4595 demonstravit,
2351 4541 2733 4585 accusatorem
2781 4532 3045 4600 deinceps
3080 4529 3193 4585 illis
3246 4528 3495 4593 adhibet,

1822 4603 1876 4662 D
1903 4635 2033 4696 puta
2060 4627 2238 4696 ipsum
2277 4625 2479 4680 Mosem
2511 4625 2887 4696 legislatorem
2917 4640 3137 4679 eorum.

1971 4719 2126 4773 Vers.
2162 4719 2253 4773 45.
2312 4718 2801 4787 Num—patrem.
2874 4718 3035 4772 Juxta
3116 4720 3372 4772 usitatam
3437 4730 3502 4771 ac

1901 4817 2221 4865 consuetam
2251 4810 2366 4876 (pp)
2405 4808 2893 4873 intermgationem
2930 4818 3014 4860 est
3052 4808 3141 4863 hic
3174 4823 3382 4870 sermo,
3437 4821 3503 4861 ac

1906 4904 1951 4957 si
1983 4903 2133 4956 dicat
2177 4921 2189 4954 ι
2233 4901 2349 4955 Etsi
2390 4918 2474 4954 tne
2512 4901 2561 4954 id
2610 4901 2902 4969 oportebat
2928 4899 3136 4962 facere,
3172 4916 3281 4954 non
3315 4908 3501 4954 tamen

1902 4996 2123 5058 faciam,
2153 4995 2281 5064 quia
2306 4995 2549 5049 clemens
2581 5008 2727 5046 sum.

1977 5090 2135 5145 Vers.
2171 5090 2263 5144 45.
2300 5088 2395 5143 Est
2423 5117 2495 5126 —
2536 5086 2725 5141 Moses.
2772 5086 2973 5157 Utpote
3033 5102 3140 5141 non
3211 5086 3503 5141 credentes

1906 5185 1991 5238 his
2016 5199 2136 5253 quae
2167 5183 2235 5237 de
2273 5198 2360 5236 me
2384 5182 2603 5251 scripsit
2631 5199 2644 5232 :
2677 5192 2731 5235 et
2766 5180 2840 5234 ita
2868 5195 2972 5234 nec
3006 5178 3081 5233 illi
3112 5179 3429 5233 credentes.

1975 5276 2137 5331 Vers.
2170 5276 2260 5331 45.
2300 5275 2451 5328 In—
2478 5276 2727 5345 speratis.
2767 5272 3054 5343 Tanquam
3120 5273 3174 5324 in
3218 5271 3501 5323 ductorem

1903 5370 2117 5439 pepuli,
2183 5377 2424 5422 tutorem
2500 5382 2567 5421 ac
2620 5366 2979 5419 modiatorem
3036 5363 3088 5416 in
3150 5363 3237 5415 his
3272 5375 3393 5429 qua:
3433 5359 3501 5413 ad

1913 5461 2084 5516 Deum
2148 5472 2297 5516 sunt.
2357 5460 2513 5515 Sicut
2546 5468 2728 5513 autem
2764 5458 2831 5512 de
2873 5456 3184 5525 ~Scripturis
3234 5454 3450 5508 dicebat
3487 5468 3501 5505 :

1433 5648 1636 5710 Variae
1689 5651 2000 5717 lectiones
2032 5665 2090 5719 et
2128 5663 2317 5717 noue.

278 5720 391 5794 (28)
434 5721 757 5793 Προτιθὲναι
796 5724 958 5777 αὐτὸν
999 5726 1103 5781 ὑπό
1142 5727 1205 5781 Λ.

285 5881 809 5963 (wit/35101973“
862 5900 1183 5944 consuetam.
1238 5886 1527 5948 Moratam.
1579 5890 1938 5963 Interrogatio
1992 5890 2161 5962 ὴοικὴ
2218 5898 2299 5945 est
2355 5903 2440 5955 ca,
2500 5903 2619 5958 qua:
2672 5901 2852 5943 liuores
2883 5897 2934 5943 ct
2998 5885 3277 5957 ingenium
3330 5883 3505 5939 inter-

217 5956 454 6028 rogantis
478 5955 751 6025 exprimit.
