4010 6488
563 393 706 461 1235

1808 394 2196 459 EUTHYHII
2234 390 2603 456 ZlGABENI

3704 386 3830 453 1336

558 510 772 567 Putatis
793 510 851 565 in
875 507 1005 580 ipsis
1026 508 1194 564 vitam
1224 517 1483 565 ctmtam
1530 508 1744 577 habere,
1802 507 1878 565 ita
1920 522 2137 581 quoque

2255 506 2446 577 ἔχειν·
2478 503 2621 561 οὕτω
2653 502 2747 560 καὶ
2789 501 2923 575 περὶ
2955 500 3230 567 Μωῦσίως
3264 500 3462 574 φησίνο
3495 502 3597 569 Ek
3626 502 3697 558 ὃν
3726 504 3830 574 ὴλ-

558 617 707 660 nunc
737 602 805 657 de
826 600 974 657 Mose
997 599 1072 655 ait
1101 616 1117 655 :
1173 600 1239 657 In
1297 617 1454 673 quem
1472 617 1562 658 vos
1579 602 1829 673 speratis.
1886 599 2023 658 Nam
2070 602 2140 659 ab

554 693 645 749 his
668 706 792 765 qua
824 691 932 763 ipsi
966 707 1066 749 sua
1099 692 1405 759 ducebant,
1444 693 1569 750 illos
1617 692 2066 766 aggrediebatur.

623 780 779 841 Vera.
812 782 901 839 46.
937 782 998 839 Si
1028 816 1095 849 -έ
1115 785 1356 855 scripsit.
1393 784 1459 841 Si
1487 784 1595 843 ﬁde
1623 785 1848 858 dignum
1879 802 2007 843 eum
2035 787 2139 843 du-

551 874 777 931 ceretis.
811 874 1120 932 crederetis
1151 876 1344 947 utique
1381 874 1514 930 mihi
1554 892 1568 942 ;
1598 877 1757 933 vobis
1787 878 1937 933 enim
1998 894 2141 950 pra-

551 965 807 1035 cepi.ille
836 977 895 1023 ut
927 983 1015 1024 me
1053 966 1339 1024 audiretis.

628 1057 785 1116 Vera.
811 1061 901 1117 47.
937 1060 1099 1119 Si,--
1129 1063 1405 1118 credetis?
1438 1063 1495 1118 Si
1532 1063 1679 1121 illius
1710 1063 1934 1135 scriptis
1958 1064 2139 1120 incre-

551 1152 663 1207 duli
697 1152 851 1218 estis,
881 1168 1045 1223 quem
1078 1155 1443 1211 vehementer
1471 1172 1570 1212 vos
1618 1157 1894 1216 honorare
1928 1173 1994 1213 ac
2017 1157 2140 1212 lau-

550 1244 682 1300 dare
738 1246 999 1316 iactatis:
1058 1248 1343 1319 quomodo
1415 1248 1555 1304 meis
1625 1248 1812 1305 verbis
1878 1249 2139 1317 credetis,

548 1354 713 1407 quem
735 1339 1092 1396 vehementer
1121 1341 1466 1397 inhonoratis
1494 1350 1550 1397 et
1593 1342 1943 1397 contumeliis
1967 1356 2142 1413 appe-

550 1430 666 1484 titis
696 1429 720 1483 ?
756 1430 912 1487 Sicut
937 1445 1069 1503 ergo
1109 1433 1263 1503 prius
1301 1432 1371 1489 de
1404 1432 1644 1503 Joanne,
1674 1450 1839 1505 quem
1874 1435 2139 1489 admirari

548 1522 901 1591 videbantur,
939 1526 1180 1582 convicti
1214 1536 1365 1591 sunt,
1392 1528 1541 1597 quod
1572 1544 1698 1584 eum
1729 1530 2079 1598 despicerent
2121 1544 2137 1583 :

549 1614 624 1669 ita
642 1625 700 1670 et
726 1631 874 1671 nunc
905 1617 973 1673 de
1004 1616 1173 1682 Mose.
1229 1620 1321 1674 cui
1355 1621 1583 1676 credere
1617 1620 1722 1676 sibi
1785 1621 2139 1685 videbantur,

548 1705 813 1773 ostendit,
868 1708 1015 1777 quod
1059 1710 1115 1765 ei
1165 1721 1353 1766 essent
1405 1710 1711 1767 increduli:
1756 1722 1813 1768 et
1871 1712 2143 1783 sagaciter

547 1798 845 1868 semperin
872 1808 1037 1870 caput
1064 1800 1283 1857 illorum
1333 1812 1576 1874 torquet,
1630 1820 1977 1876 quaecunque
2038 1821 2140 1876 pro

548 1888 683 1961 ipsis
713 1890 899 1949 facere
928 1894 1204 1951 videntur.
1234 1896 1371 1963 Quis
1427 1912 1558 1971 ergo
1617 1909 1995 1970 transgressor
2034 1910 2139 1966 est,

548 1982 672 2038 isne
696 1983 791 2053 qui
824 1984 1176 2042 deiensorem
1210 1988 1377 2044 habet
1406 1988 1589 2060 ipsum
1622 1990 2015 2062 legislatorem,
2070 2008 2139 2047 an

546 2076 583 2132 i';
613 2077 708 2148 qui
740 2075 892 2134 illum
927 2079 1131 2137 habent
1160 2090 1353 2138 contra
1393 2099 1453 2138 se
1491 2096 1874 2141 accusatorem
1903 2084 1929 2139 ‘P

615 2167 752 2241 Cap.
796 2168 882 2227 Vl.
985 2171 1140 2228 Vere.
1171 2175 1225 2230 ι.
1259 2174 1500 2232 ΡοειΙιιεε
1533 2208 1604 2221 ——
1630 2177 1948 2234 Tiberiadis.
1995 2178 2142 2235 Mare

542 2261 799 2330 ουιιιω,
839 2264 957 2322 sive
977 2265 1307 2325 Tiberiadis.
1342 2269 1475 2324 Nam
1518 2279 1775 2342 stagnum
1834 2272 2143 2330 Tiberiadis

543 2354 708 2411 vocat
741 2372 892 2413 mare
922 2357 1179 2424 Galilmae,
1216 2360 1362 2416 sicut
1395 2362 1451 2415 in
1480 2360 1779 2434 Evangelio
1803 2364 1963 2434 juxta
2004 2365 2142 2421 Mat-

548 2434 759 2502 thatum
786 2448 1001 2504 dictum
1039 2459 1147 2507 est.
1188 2452 1340 2508 Abiit
1367 2462 1553 2509 autem
1589 2454 1741 2520 illuc,
1799 2458 2007 2513 cedens
2049 2458 2139 2513 iu-

544 2539 658 2594 rori
687 2540 999 2612 principum:
1026 2544 1240 2615 populi,
1283 2560 1523 2604 accenso
1545 2549 1617 2604 ob
1654 2550 1915 2620 praedicta
1949 2554 2139 2609 verba.

615 2689 773 2747 Vcrs.
798 2693 856 2748 2.
925 2693 1090 2767 Et—
1118 2699 1208 2768 qui
1240 2698 1674 2768 inﬁrumbantur.
1754 2702 1939 2772 Quare
1983 2705 2141 2778 signa

541 2784 940 2855 particularius
979 2803 1092 2845 non
1128 2793 1465 2849 enumerat?
1506 2793 1645 2861 Quia
1676 2796 1766 2853 hic
1796 2799 2143 2870 evangelista

544 2877 687 2933 circa
712 2878 992 2937 doctrinas
1015 2892 1072 2939 et
1113 2885 1414 2943 conciones
1456 2903 1522 2945 ac
1546 2890 1803 2961 dogmata
1824 2893 1999 2964 magis
2018 2909 2144 2949 ver-

545 2975 721 3023 satur.
756 2969 993 3042 Propter
1022 2972 1178 3047 signa
1204 2984 1416 3044 autem,
1458 2994 1569 3034 non
1607 2991 1836 3051 propter
1884 2983 2142 3054 dogmata

542 3060 705 3115 turba
730 3062 846 3119 haec
868 3065 1231 3135 sequebatur,
1250 3071 1492 3127 crassius
1510 3072 1705 3129 aﬂ'ecta
1732 3091 1745 3127 :
1773 3072 1864 3129 illa
1891 3089 2042 3141 vero,
2071 3075 2141 3131 de

540 3154 1162 3226 quaapudhiatthasum,
1184 3158 1589 3234 Obstupeseebat
1614 3166 1670 3220 in
1694 3166 1940 3221 doctrina
1968 3167 2145 3237 ejus'.

616 3342 776 3404 νοτε.
816 3348 871 3404 3.
904 3350 1155 3409 Ascendit
1188 3356 1407 3412 -—suis.
1442 3357 1708 3433 Ascendit
1738 3360 1793 3414 in
1858 3367 2101 3415 montem
2127 3402 2143 3426 ,

541 3435 754 3495 docens
783 3456 886 3499 nos
931 3446 1284 3517 requiescere
1312 3465 1345 3506 a
1410 3451 1650 3506 tumultu
1680 3466 1744 3506 ac
1797 3451 2142 3517 turbatione,

539 3545 663 3600 qua:
691 3532 751 3588 in
773 3537 961 3595 medio
993 3542 1179 3612 populi
1203 3553 1309 3600 est.
1344 3541 1483 3599 Nam
1514 3542 1582 3600 ad
1611 3544 2019 3616 philosophiam
2054 3561 2145 3602 sa-

539 3637 692 3681 cram
731 3640 859 3700 apta
881 3641 965 3688 est
988 3634 1251 3696 solitudo.

622 3716 968 3791 Frequenter
1001 3739 1223 3796 quoque
1246 3726 1400 3785 solus
1434 3727 1552 3799 ipse
1584 3736 1835 3786 montem
1887 3730 2049 3801 petit,
2087 3739 2144 3787 et

541 3821 878 3885 pernoctans
901 3822 1045 3881 orat,
1080 3816 1429 3881 docensnos,
1449 3818 1598 3888 quod
1626 3835 1754 3875 eum
1782 3822 1874 3890 qui
1899 3822 2142 3878 maxime

535 3900 809 3972 adﬁctam
840 3905 1069 3972 accedit,
1118 3917 1367 3977 oporteat
1397 3910 1468 3966 ab
1497 3912 1650 3965 omni
1708 3910 1947 3967 liberum
2012 3928 2141 3969 esse

536 3994 871 4059 turbatione,
908 4005 963 4050 et
988 3997 1175 4053 locum
1220 3999 1511 4071 inquirere
1565 4002 1804 4059 liberum
1832 4020 1865 4059 a
1894 4005 2140 4061 tumultu

536 4096 593 4140 et
619 4087 954 4143 turbatiOne.

610 4177 766 4234 Vers.
794 4180 850 4234 ιι.
898 4180 1141 4237 Instabat
1193 4194 1372 4240 autem
1404 4217 1472 4227 —-
1508 4186 1842 4245 Judteorum.
1888 4191 1954 4247 Et
1992 4208 2135 4263 quo-

537 4271 707 4326 modo
738 4286 849 4327 non
883 4264 1137 4329 ascendit
1188 4288 1241 4333 et
1286 4279 1406 4349 ipse
1451 4280 1521 4335 ad
1561 4281 1709 4337 diem
1769 4283 1996 4349 festum,
2036 4286 2133 4340 sed

537 4378 663 4418 cum
706 4379 899 4421 omnes
928 4365 1305 4440 Hierosolyma
1335 4372 1847 4442 proﬁciscerentur,
1891 4375 2011 4446 ipse
2044 4392 2138 4431 va-

536 4455 617 4511 dit
644 4456 699 4511 in
731 4456 1036 4526 Galilaeam,
1065 4476 1171 4517 nec
1202 4462 1356 4519 solus
1380 4464 1521 4535 ipse,
1585 4466 1684 4523 sed
1754 4476 1811 4523 et
1833 4468 2138 4540 discipulos

2263 599 2479 652 πίκατε
2503 614 2517 629 ·
2552 596 2663 651 ἀπὸ
2687 596 2797 652 τῶν
2829 594 3049 651 οίκείων
3080 596 3436 668 χειρούμενος
3462 596 3683 660 αὐτούς.

2312 780 2382 833 Et
2418 810 2490 820 —
2533 777 2819 847 ἔγραψεν.
2870 777 2936 830 El
2988 776 3182 830 πιστὸν
3246 778 3454 832 ἐκεῖνον
3509 778 3829 848 ἐνομίζετε,

2244 876 2579 934 ἐπιστεύετε,
2619 875 2686 931 ἀν
2743 875 2888 948 ὲμοί.
2962 874 3302 930 Ἐνετείλατυ
3342 875 3449 947 γὰρ
3505 875 3636 947 ὑμῖν
3692 875 3826 947 ιμοῦ

2250 969 2499 1025 ἀκούειν.

2315 1066 2388 1118 Et
2420 1093 2491 1107 --
2524 1063 2924 1127 mutatione;
2970 1064 3031 1117 El
3066 1061 3186 1125 ταῖς
3228 1060 3443 1113 ἐκείνου
3490 1062 3834 1131 συγγραφαῖς

2245 1155 2530 1209 ἀπιστεῖτε
2550 1154 2609 1209 δν
2628 1154 2997 1226 διαφερόντως
3014 1154 3179 1225 τιμᾷν
3205 1152 3297 1205 καὶ
3322 1152 3591 1223 εὐφημεῖν
3622 1152 3835 1221 κομπά-

2246 1245 2392 1311 ζετε,
2420 1245 2541 1311 πῶς
2572 1248 2687 1309 τοῖς
2720 1246 2874 1317 ἐμοῖς
2915 1247 3128 1318 ῥήμασι
3165 1243 3515 1308 πιστεύσετε,
3553 1244 3613 1296 ὃν
3649 1244 3836 1311 διαφε-

2248 1339 2452 1413 ρόντως
2505 1338 2807 1409 ἀτιμάζετε
2855 1337 3403 1408 και-βλασφημεῖτε
3462 1336 3677 1405 Ὥσπερ
3740 1332 3836 1390 οὖν

2244 1431 2516 1505 πρότερον
2547 1432 2641 1484 ἐπὶ
2671 1429 2766 1485 τοῦ
2806 1430 3057 1485 Ἰωάννώ
3084 1428 3379 1491 δοκοῦντας
3413 1420 3577 1481 αὺτὸν
3620 1428 3833 1496 θαυμά-

2244 1524 2361 1593 ζειν
2391 1524 2589 1597 ἤλεγξε
2617 1522 3106 1596 καταφρονοῦντας
3136 1539 3151 1554 ·
3183 1521 3327 1576 οὕτω
3358 1521 3455 1576 καὶ
3497 1520 3593 1574 νῦν
3626 1522 3720 1574 ἐπὶ
3744 1520 3836 1573 τοῦ

2242 1619 2526 1682 Μωῦσέως
2575 1616 2872 1680 δοκοῦντας
2923 1614 3081 1687 αὺτῷ
3126 1613 3412 1669 πιστεύειν
3465 1612 3673 1678 ἔδειξεν
3704 1614 3835 1665 ἀπι-

2248 1710 2510 1774 στοῦντας
2532 1726 2547 1743 ο
2588 1711 2690 1763 και
2720 1709 2810 1763 ἀεὶ
2839 1708 3174 1780 εὐμηχάνως
3216 1708 3297 1771 είς
3323 1706 3421 1778 τὴν
3451 1704 3700 1776 κεφαλὴν
3732 1704 3831 1757 αὑ-

2243 1803 2356 1857 τῶν
2385 1802 2715 1874 περιτρέπει
2738 1801 2918 1856 πάντα
2942 1802 3011 1855 τά
3034 1799 3301 1854 δοκοῦντα
3331 1799 3472 1870 ὑπὲρ
3498 1799 3701 1872 αὐτῶν.
3737 1798 3833 1861 Τίς

2180 1876 2220 1931 Β
2245 1890 2340 1948 οὖν
2366 1894 2706 1965 παράνομος,
2741 1893 2769 1945 ό
2803 1892 3110 1962 συνήγορον
3152 1889 3293 1960 ἔχων
3328 1888 3419 1943 τὸν
3452 1887 3760 1958 νομοθέτην
3800 1886 3832 1957 ἦ

2245 1987 2295 2041 οἱ
2323 1988 2634 2059 κατήγορον
2667 1984 2833 2039 αὑτὸν
2857 1983 3111 2056 ἔχοντες

2313 2167 2476 2222 Μετὰ
2520 2166 2707 2221 ταῦτα
2738 2195 2802 2205 -
2850 2163 3201 2233 Τιϐεριάδος.
3255 2162 3368 2233 Τῆς
3422 2162 3702 2233 θαλάσσης
3733 2163 3829 2234 τῆς

2244 2259 2559 2324 Γαλιλαίας,
2592 2259 2714 2331 ἤτοι
2760 2257 2861 2326 τῆς
2897 2257 3243 2328 Τιϐεριάδος.
3275 2256 3568 2311 Θάλασσαν
3598 2258 3711 2326 γὰρ
3738 2257 3831 2325 τῆς

2244 2352 2542 2416 Γαλιλαίας
2584 2352 2686 2421 τὴν
2738 2351 3040 2423 Τιϐεριάδα
3070 2349 3271 2420 λίμνην
3319 2349 3505 2420 φησὶν,
3547 2349 3624 2412 ὡς
3650 2352 3709 2402 ιν
3758 2347 3834 2419 τῷ

2251 2448 2396 2504 κατὰ
2457 2446 2742 2502 Ματθαῖον
2791 2444 3115 2516 δεδήλωται.
3163 2443 3401 2513 ’Δπῆλθε
3435 2444 3491 2496 δὲ
3522 2446 3638 2496 ἐκεῖ
3670 2442 3834 2506 ὑπεξ-

2250 2539 2545 2609 ιστάμενος
2592 2537 2672 2608 τῷ
2719 2536 2879 2607 θυμῷ
2926 2534 3036 2589 τῶν
3058 2533 3341 2605 ἀρχόντων
3393 2532 3487 2586 τοῦ
3524 2531 3680 2597 λαοῦ,
3721 2532 3830 2585 ἀπὸ

2244 2629 2356 2684 τῶν
2385 2629 2695 2701 είρημένων
2735 2628 2911 2696 λόγων
2946 2625 3265 2694 ἀναφθέντι.

2316 2720 2426 2776 Kal
2452 2750 2521 2763 —
2551 2719 2997 2775 ἀσθενούντων.
3036 2717 3191 2770 Διατί
3221 2716 3322 2769 οὐκ
3347 2713 3689 2783 ἀπαγγέλλει
3713 2714 3834 2766 κατ’

2247 2805 2389 2874 εἶδος
2424 2810 2495 2865 τά
2532 2811 2773 2881 ariusia;
2811 2809 2959 2861 Διότι
3013 2810 3041 2861 ὀ
3081 2804 3480 2876 εὗαγγε).ιστὴς
3517 2798 3675 2867 οὗτος
3705 2804 3837 2873 περὶ

2248 2903 2349 2968 τὰς
2394 2902 2754 2967 διδασκαλίας
2808 2905 2903 2956 καὶ
2933 2900 3282 2970 δημηγορίας
3330 2899 3427 2951 καὶ
3470 2900 3536 2951 τά
3585 2899 3836 2967 δόγματα

2251 2994 2454 3067 μᾶλλον
2500 2996 2883 3063 καταγίνεται.
2920 2994 3021 3047 Διά
3062 2992 3129 3046 τά
3182 2993 3390 3062 σημεῖα
3422 2990 3478 3044 δὲ
3520 2990 3614 3043 καὶ
3651 2991 3712 3042 οὐ
3749 2988 3839 3042 διὰ

2245 3090 2342 3154 τὰς
2372 3089 2729 3152 διδασκαλίας
2750 3090 2787 3143 δ
2806 3086 2963 3158 δχλος
3001 3079 3157 3147 οὗτος
3179 3082 3523 3155 ἠκολούθησε
3559 3081 3696 3151 (29),
3727 3097 3839 3134 πα-

2249 3182 2481 3255 χύτερον
2566 3181 2948 3252 διακείμενος·
3007 3181 3035 3233 ὁ
3090 3178 3148 3232 δὲ
3202 3179 3356 3249 παρά
3407 3176 3485 3247 τῷ
3543 3174 3833 3247 Ματθαίῳ,

2172 3244 2217 3303 c
2250 3244 2717 3345 τΕξέπλήσσετο
2744 3244 2844 3328 ἐπὶ
2868 3271 2943 3341 τῇ
2972 3270 3193 3341 διδαχῇ
3222 3244 3328 3325 toi":
3362 3244 3653 3339 Σωτῆρος.

2332 3367 2590 3436 Ἀνῆλθο
2620 3397 2690 3408 -
2721 3365 2932 3421 αὐτοῦ.
2977 3352 3237 3435 Ἀνῆλθεν
3283 3365 3364 3427 είς
3413 3362 3473 3417 τὸ
3500 3361 3660 3433 ὅρος,
3709 3379 3835 3412 παι-

2246 3459 2419 3515 δεύων
2455 3459 2605 3530 ἡμᾶς
2648 3454 3087 3511 διαναπαύεσθαι
3138 3456 3248 3509 ἀπὸ
3287 3454 3397 3507 τῶν
3448 3452 3695 3521 θορύϐων
3740 3452 3834 3503 καὶ

2246 3552 2346 3622 τῆς
2377 3553 2436 3603 ὲν
2470 3549 2624 3620 μέσῳ
2655 3548 2929 3620 ταραχῆς.
2992 3546 3337 3617 Ἐπιτήδειον
3372 3544 3480 3616 γὰρ
3516 3542 3653 3614 πρὸς
3686 3544 3834 3611 φιλο-

2249 3644 2445 3714 σοφίαν
2477 3645 2511 3715 ἠ
2540 3643 2771 3713 ὲρημία.

2320 3734 2595 3797 Πολλάκις
2642 3732 2701 3786 δὲ
2746 3734 2839 3785 καὶ
2874 3732 3036 3804 μόνος
3076 3728 3241 3794 αὐτὸς
3291 3728 3352 3783 τδ
3400 3728 3524 3799 ὕρος
3549 3728 3833 3801 καταλαμ-

2247 3827 2425 3891 ϐάνει,
2491 3828 2586 3881 καὶ
2647 3811 3212 3896 διανιρκτερεύει,καὶ⁵
3277 3820 3519 3891 εὔχεται,
3568 3820 3833 3875 διδάσκων

2244 3922 2394 3993 ἡμᾶς
2449 3922 2534 3975 ὅτι
2588 3920 2670 3974 δεῖ
2719 3919 2813 3973 τὸν
2865 3918 3104 3991 μάλιστα
3155 3914 3277 3987 Θεῷ
3317 3913 3619 3987 προσιόντα
3650 3915 3831 3999 πάσης

2242 4012 2595 4084 ἀπηλλάχθαι
2626 4011 2873 4083 ταραχῆς
2894 4051 2907 4077 ,
2940 4011 3035 4065 καὶ
3062 4011 3225 4063 τόπον
3269 4008 3550 4077 ἐπιζητεῖν
3589 4007 3829 4079 καθαρὸν

2244 4106 2480 4178 θορύϐου
2507 4108 2603 4160 καὶ
2625 4107 2895 4178 ταραχῆς.

2312 4196 2426 4255 Ἦν
2458 4199 2527 4254 δὲ
2570 4200 2751 4270 ἐγγὺς
2783 4227 2855 4241 -—
2885 4196 3214 4253 Ἰουδαίων.
3264 4196 3375 4250 Καὶ
3418 4193 3533 4257 πῶς
3565 4193 3665 4246 οὐκ
3702 4193 3833 4246 ἀνα-

2243 4294 2420 4348 ϐαίνει
2475 4293 2573 4347 καὶ⁵
2617 4294 2780 4357 αὐτὸς
2826 4294 2906 4356 είς
2960 4292 3063 4362 τὴν
3126 4292 3365 4362 ἑορτὴν,
3418 4287 3553 4342 ἀλλὰ
3611 4288 3832 4340 πάντων

2241 4387 2620 4457 ἐπειγομένων
2657 4388 2738 4450 είς
2778 4387 2848 4442 τὰ
2896 4384 3269 4456 Ἰεροσόλυμα,
3301 4382 3466 4444 αὐτὸς
3500 4381 3720 4451 ἔρχεται
3751 4380 3831 4441 είς

2241 4479 2341 4549 τὴν
2370 4477 2827 4545 Γαλιλαίαν⁶;Καὶ
2861 4478 2963 4531 οὐκ
2993 4476 3157 4538 αὐτὸς
3188 4473 3373 4546 μόνος,
3404 4472 3541 4526 ἀλλά
3578 4470 3673 4523 καὶ
3702 4470 3829 4533 τοὺς

536 4549 800 4606 adducit?
826 4554 961 4619 Quia
1001 4554 1342 4627 ligurutivam
1380 4558 1559 4629 legem
1588 4559 1753 4615 tacite
1780 4559 1891 4630 jam
1932 4561 2132 4616 dissol-

2255 4568 2501 4640 μαθητὰς
2532 4569 2912 4640 ἑπαγόμενος
2940 4566 3089 4620 Διότι
3120 4564 3303 4636 ἠρέμα
3332 4562 3519 4616 λοιπὸν
3565 4559 3828 4625 ὑπεξέλυε

535 4642 718 4710 vebat,
772 4648 1062 4703 occasione
1112 4658 1333 4719 sumpta
1404 4649 1476 4706 ab
1536 4650 1739 4706 invidia
1781 4649 2130 4707 Iudaeorum.

536 4733 658 4791 Non
688 4746 813 4807 post
841 4738 1065 4811 longum
1095 4743 1244 4798 enim
1284 4751 1506 4816 tempus
1541 4745 1706 4801 ﬁnem
1740 4755 1862 4801 erat
1896 4746 2133 4816 imposi-

542 4837 701 4883 turus
778 4830 1074 4903 llgurativo
1133 4833 1365 4893 Pascha:
1395 4876 1412 4900 ,
1474 4854 1607 4894 vero
1674 4838 1945 4910 deinceps
2020 4848 2133 4895 tra-

536 4918 677 4976 dito.

668 5058 824 5113 CAP.
884 5062 1024 5119 VIII.
1074 5064 1152 5119 De
1190 5070 1418 5193 quinqzw
1460 5070 1688 5139 panibus
1720 5079 1768 5124 et
1800 5070 2003 5125 duobus

1210 5155 1349 5193 msct
1390 5156 1451 5193 us

1209 5155 1451 5207 piscwus

610 5239 766 5299 Vers.
817 5247 869 5302 5.
916 5246 1049 5303 Cum
1122 5254 1427 5309 sustulisset
1486 5272 1707 5324 ergo—
1736 5257 1874 5315 isti!
1916 5257 2133 5313 Dictum

535 5344 621 5391 est
646 5336 712 5392 de
742 5338 830 5396 bis
860 5340 916 5394 in
939 5340 1046 5397 line
1094 5346 1345 5402 vicesimi
1382 5348 1559 5419 quinti
1590 5351 1789 5420 capitis
1846 5354 2130 5426 Evangelii

530 5430 681 5501 juxta
710 5430 1047 5500 Maltltaeum,
1078 5438 1167 5493 ubi
1232 5440 1499 5498 habetur:
1553 5440 1710 5498 Iesus
1762 5456 1943 5500 autem
2000 5449 2131 5502 dixit

640 5628 663 5659 ⁸
715 5629 908 5687 Matth.
937 5648 1032 5697 vn,
1066 5636 1156 5704 28,
1187 5638 1281 5709 2‘2,
1310 5642 1401 5697 33.

2237 4659 2331 4714 τὸν
2358 4659 2594 4714 τυπικὸν
2619 4660 2808 4731 νόμον,
2838 4657 3095 4729 ἀφορμὴν
3120 4655 3417 4727 λαμόἀνων
3442 4651 3547 4707 ἀπὸ
3571 4650 3665 4704 τοῦ
3700 4650 3831 4717 φθό-

2241 4772 2334 4808 νου
2369 4754 2480 4809 τῶν
2524 4754 2822 4809 Ἰουδαίων.
2856 4753 2969 4807 Καὶ
2998 4753 3110 4823 γὰρ
3131 4752 3233 4805 οὒκ
3268 4751 3349 4812 εἰς
3388 4747 3605 4819 μακρὰν
3637 4745 3827 4817 ἔμελλε

2241 4849 2524 4919 παυθῆναι
2556 4846 2619 4901 τὸ
2658 4847 2894 4901 τυπικδν
2925 4845 3142 4916 Πάσχα,
3176 4841 3607 4914 παραδιδομένου
3640 4838 3825 4892 λοιπὸν

2240 4939 2338 4994 τοῦ
2362 4939 2652 5011 ἀληθινοῦ.

2247 5077 2405 5130 ΚΕΦ.
2460 5077 2544 5130 H'.
2586 5075 2725 5144 Περὶ
2773 5074 2891 5128 τῶν
2912 5072 3113 5199 ιπὲνςτε
3166 5070 3363 5140 ἄρτων
3404 5065 3502 5122 καί
3546 5065 3668 5120 τῶν
3717 5065 3826 5119 δύο

2938 5165 2969 5199 γ
3015 5161 3135 5197 υων

2933 5161 3135 5215 χσυων

2326 5264 2585 5335 Ἐπάρας
2616 5260 2730 5320 οὖν
2756 5294 2829 5303 —-
2855 5258 3059 5326 cum;
3097 5259 3328 5329 Εἴρηται
3363 5254 3491 5326 περὶ
3533 5252 3737 5306 τούτων
3768 5252 3826 5303 ἐν

2242 5359 2320 5429 τῷ
2350 5360 2494 5413 τέλει
2522 5357 2617 5411 τοῦ
2655 5355 2907 5411 εἰκοστοῦ
2948 5355 3202 5425 πέμπτου
3232 5347 3529 5419 κεφαλαίου
3558 5347 3652 5400 τοῦ
3686 5344 3825 5401 κατὰ

2246 5440 2554 5510 Ματθαίον,
2589 5445 2718 5500 ἔνθα
2760 5447 2938 5501 κεῖται
2964 5442 3128 5510 τδ,⁹0
3158 5439 3226 5494 δὲ
3254 5436 3485 5509 Ἰησοῦς
3516 5432 3687 5493 εἶπεν
3722 5437 3826 5491 ai)-

1783 5756 1989 5818 νηπίω
2031 5755 2339 5820 lectiones
2383 5763 2447 5822 et
2493 5760 2677 5821 noue.

606 5875 717 5941 (29)
761 5876 1081 5930 Ἠκολούθει
1110 5881 1175 5935 Α.
