  <div class='ocr_page' id='page_1' title='image "/cluster/home/n/w/nwhite01/storage/ocr_20150623/129/ien.35556001660034/618.png"; bbox 0 0 4010 6480; ppageno 0'>
   <div class='ocr_carea' id='block_1_1' title="bbox 191 406 353 470">
    <p class='ocr_par' dir='ltr' id='par_1_1' title="bbox 191 406 353 470">
     <span class='ocr_line' id='line_1_1' title="bbox 191 406 353 470; baseline 0.006 -1"><span class='ocrx_word' id='word_1_1' title='bbox 191 406 353 470; x_wconf 77' lang='lat'><strong>1237</strong></span> 
     </span>
    </p>
   </div>
   <div class='ocr_carea' id='block_1_2' title="bbox 1169 404 2547 474">
    <p class='ocr_par' dir='ltr' id='par_1_2' title="bbox 1169 404 2547 474">
     <span class='ocr_line' id='line_1_2' title="bbox 1169 404 2547 474; baseline 0.006 -8"><span class='ocrx_word' id='word_1_2' title='bbox 1169 404 1559 470; x_wconf 75' lang='lat' dir='ltr'><strong>COMMENT.</strong></span> <span class='ocrx_word' id='word_1_3' title='bbox 1608 407 1683 468; x_wconf 86' lang='grc' dir='ltr'><strong>[Ν</strong></span> <span class='ocrx_word' id='word_1_4' title='bbox 1723 408 2105 470; x_wconf 74' lang='lat' dir='ltr'><strong>IOANNEM.</strong></span> <span class='ocrx_word' id='word_1_5' title='bbox 2142 433 2207 445; x_wconf 83' lang='lat'><em>-</em></span> <span class='ocrx_word' id='word_1_6' title='bbox 2250 411 2408 472; x_wconf 79' lang='lat' dir='ltr'><strong>CAP.</strong></span> <span class='ocrx_word' id='word_1_7' title='bbox 2446 411 2547 474; x_wconf 81' lang='lat' dir='ltr'><strong>VI.</strong></span> 
     </span>
    </p>
   </div>
   <div class='ocr_carea' id='block_1_3' title="bbox 3361 417 3497 493">
    <p class='ocr_par' dir='ltr' id='par_1_3' title="bbox 3361 417 3497 493">
     <span class='ocr_line' id='line_1_3' title="bbox 3361 417 3497 493; baseline 0.029 -14"><span class='ocrx_word' id='word_1_8' title='bbox 3361 417 3497 493; x_wconf 75' lang='lat'><strong>1238</strong></span> 
     </span>
    </p>
   </div>
   <div class='ocr_carea' id='block_1_4' title="bbox 186 524 1801 605">
    <p class='ocr_par' dir='ltr' id='par_1_4' title="bbox 186 524 1801 597">
     <span class='ocr_line' id='line_1_4' title="bbox 186 524 1801 597; baseline 0.002 -18"><span class='ocrx_word' id='word_1_9' title='bbox 186 525 343 594; x_wconf 76' lang='grc' dir='ltr'>τοῖς</span> <span class='ocrx_word' id='word_1_10' title='bbox 385 525 502 597; x_wconf 74' lang='grc'><strong>(50)</strong></span> <span class='ocrx_word' id='word_1_11' title='bbox 528 566 544 591; x_wconf 93' lang='grc'><strong>,</strong></span> <span class='ocrx_word' id='word_1_12' title='bbox 584 527 665 580; x_wconf 77' lang='grc' dir='ltr'><strong>Οὐ</strong></span> <span class='ocrx_word' id='word_1_13' title='bbox 724 525 933 595; x_wconf 80' lang='grc' dir='ltr'>χρείαν</span> <span class='ocrx_word' id='word_1_14' title='bbox 977 524 1236 594; x_wconf 75' lang='grc' dir='ltr'>ἔχουσιν</span> <span class='ocrx_word' id='word_1_15' title='bbox 1301 527 1626 582; x_wconf 75' lang='grc' dir='ltr'>ἀπελθεῖν·</span> <span class='ocrx_word' id='word_1_16' title='bbox 1668 527 1801 583; x_wconf 81' lang='grc' dir='ltr'>δότε</span> 
     </span>
    </p>
   </div>
   <div class='ocr_carea' id='block_1_5' title="bbox 1923 524 3501 605">
    <p class='ocr_par' dir='ltr' id='par_1_5' title="bbox 1923 528 3501 605">
     <span class='ocr_line' id='line_1_5' title="bbox 1923 528 3501 605; baseline 0.006 -23"><span class='ocrx_word' id='word_1_17' title='bbox 1923 530 1987 583; x_wconf 71' lang='lat' dir='ltr'><strong>eis</strong></span> <span class='ocrx_word' id='word_1_18' title='bbox 2010 546 2028 582; x_wconf 94' lang='lat'><strong>:</strong></span> <span class='ocrx_word' id='word_1_19' title='bbox 2058 528 2178 583; x_wconf 82' lang='lat' dir='ltr'><strong>Non</strong></span> <span class='ocrx_word' id='word_1_20' title='bbox 2204 539 2279 583; x_wconf 73' lang='lat' dir='ltr'><strong>est</strong></span> <span class='ocrx_word' id='word_1_21' title='bbox 2317 530 2426 585; x_wconf 76' lang='lat' dir='ltr'><strong>illis</strong></span> <span class='ocrx_word' id='word_1_22' title='bbox 2459 546 2662 584; x_wconf 73' lang='lat' dir='ltr'><strong>necesse</strong></span> <span class='ocrx_word' id='word_1_23' title='bbox 2689 529 2887 600; x_wconf 73' lang='lat' dir='ltr'><strong>egredi,</strong></span> <span class='ocrx_word' id='word_1_24' title='bbox 2919 531 3043 585; x_wconf 79' lang='lat' dir='ltr'><strong>date</strong></span> <span class='ocrx_word' id='word_1_25' title='bbox 3070 548 3155 586; x_wconf 77' lang='lat' dir='ltr'><strong>vos</strong></span> <span class='ocrx_word' id='word_1_26' title='bbox 3206 534 3312 588; x_wconf 77' lang='lat' dir='ltr'><strong>illis</strong></span> <span class='ocrx_word' id='word_1_27' title='bbox 3362 537 3501 605; x_wconf 81' lang='lat' dir='ltr'><strong>quod</strong></span> 
     </span>
    </p>
   </div>
   <div class='ocr_carea' id='block_1_6' title="bbox 187 619 902 690">
    <p class='ocr_par' dir='ltr' id='par_1_6' title="bbox 187 619 902 690">
     <span class='ocr_line' id='line_1_6' title="bbox 187 619 902 690; baseline 0 -17"><span class='ocrx_word' id='word_1_28' title='bbox 187 619 426 687; x_wconf 79' lang='grc' dir='ltr'>αὐτοῖς</span> <span class='ocrx_word' id='word_1_29' title='bbox 463 620 634 690; x_wconf 79' lang='grc' dir='ltr'>ὑμεῖς</span> <span class='ocrx_word' id='word_1_30' title='bbox 664 619 902 690; x_wconf 70' lang='grc' dir='ltr'>φαγεῖν.</span> 
     </span>
    </p>
   </div>
   <div class='ocr_carea' id='block_1_7' title="bbox 284 710 1806 785">
    <p class='ocr_par' dir='ltr' id='par_1_7' title="bbox 284 710 1806 785">
     <span class='ocr_line' id='line_1_7' title="bbox 284 710 1806 785; baseline 0.003 -20"><span class='ocrx_word' id='word_1_31' title='bbox 284 712 478 765; x_wconf 85' lang='grc' dir='ltr'>Τοῦτο</span> <span class='ocrx_word' id='word_1_32' title='bbox 506 741 576 751; x_wconf 91' lang='lat'><strong><em>—</em></strong></span> <span class='ocrx_word' id='word_1_33' title='bbox 602 712 660 764; x_wconf 82' lang='grc' dir='ltr'><strong>τί</strong></span> <span class='ocrx_word' id='word_1_34' title='bbox 688 710 908 781; x_wconf 66' lang='grc' dir='ltr'>ἔμελλε</span> <span class='ocrx_word' id='word_1_35' title='bbox 938 710 1155 766; x_wconf 77' lang='grc' dir='ltr'><strong>ποιεῖν.</strong></span> <span class='ocrx_word' id='word_1_36' title='bbox 1204 716 1357 767; x_wconf 81' lang='grc' dir='ltr'>Ἐκεῖ</span> <span class='ocrx_word' id='word_1_37' title='bbox 1382 716 1475 768; x_wconf 71' lang='grc' dir='ltr'><strong>καὶ</strong></span> <span class='ocrx_word' id='word_1_38' title='bbox 1519 718 1649 785; x_wconf 73' lang='grc' dir='ltr'>περὶ</span> <span class='ocrx_word' id='word_1_39' title='bbox 1680 732 1806 770; x_wconf 86' lang='grc' dir='ltr'>του·</span> 
     </span>
    </p>
   </div>
   <div class='ocr_carea' id='block_1_8' title="bbox 189 801 1806 879">
    <p class='ocr_par' dir='ltr' id='par_1_8' title="bbox 189 801 1806 879">
     <span class='ocr_line' id='line_1_8' title="bbox 189 801 1806 879; baseline 0.005 -26"><span class='ocrx_word' id='word_1_40' title='bbox 189 817 305 853; x_wconf 83' lang='grc' dir='ltr'><strong>του</strong></span> <span class='ocrx_word' id='word_1_41' title='bbox 343 801 770 871; x_wconf 77' lang='grc' dir='ltr'>διασεσάφητιι.</span> <span class='ocrx_word' id='word_1_42' title='bbox 824 804 899 856; x_wconf 88' lang='grc' dir='ltr'>Τὸ</span> <span class='ocrx_word' id='word_1_43' title='bbox 932 803 1011 869; x_wconf 74' lang='grc' dir='ltr'>δὲ,</span> <span class='ocrx_word' id='word_1_44' title='bbox 1041 804 1334 873; x_wconf 73' lang='grc' dir='ltr'><em>πειράζων</em></span> <span class='ocrx_word' id='word_1_45' title='bbox 1356 806 1566 874; x_wconf 74' lang='grc' dir='ltr'>αὑτὸν,</span> <span class='ocrx_word' id='word_1_46' title='bbox 1594 807 1806 879; x_wconf 89' lang='grc' dir='ltr'>ἀνθρω-</span> 
     </span>
    </p>
   </div>
   <div class='ocr_carea' id='block_1_9' title="bbox 193 894 1807 973">
    <p class='ocr_par' dir='ltr' id='par_1_9' title="bbox 193 894 1807 973">
     <span class='ocr_line' id='line_1_9' title="bbox 193 894 1807 973; baseline 0.004 -26"><span class='ocrx_word' id='word_1_47' title='bbox 193 894 527 965; x_wconf 81' lang='grc' dir='ltr'>ποπρεπῶς</span> <span class='ocrx_word' id='word_1_48' title='bbox 554 894 655 963; x_wconf 75' lang='grc' dir='ltr'>μὲν</span> <span class='ocrx_word' id='word_1_49' title='bbox 689 898 894 950; x_wconf 81' lang='grc' dir='ltr'><strong>νοεῖται</strong></span> <span class='ocrx_word' id='word_1_50' title='bbox 935 897 1081 951; x_wconf 81' lang='grc' dir='ltr'>κατά</span> <span class='ocrx_word' id='word_1_51' title='bbox 1104 899 1205 967; x_wconf 86' lang='grc' dir='ltr'><strong>τὴν</strong></span> <span class='ocrx_word' id='word_1_52' title='bbox 1234 901 1352 952; x_wconf 73' lang='grc' dir='ltr'><strong>ἐκεῖ</strong></span> <span class='ocrx_word' id='word_1_53' title='bbox 1386 900 1647 970; x_wconf 74' lang='grc' dir='ltr'><strong>ῥηθεῖσαν</strong></span> <span class='ocrx_word' id='word_1_54' title='bbox 1682 900 1807 973; x_wconf 74' lang='grc' dir='ltr'><strong>ἑξή-</strong></span> 
     </span>
    </p>
   </div>
   <div class='ocr_carea' id='block_1_10' title="bbox 191 986 1806 1063">
    <p class='ocr_par' dir='ltr' id='par_1_10' title="bbox 191 986 1806 1063">
     <span class='ocr_line' id='line_1_10' title="bbox 191 986 1806 1063; baseline 0.006 -26"><span class='ocrx_word' id='word_1_55' title='bbox 191 1002 404 1055; x_wconf 77' lang='grc' dir='ltr'>γησιν,</span> <span class='ocrx_word' id='word_1_56' title='bbox 434 986 755 1057; x_wconf 80' lang='grc' dir='ltr'><strong>θεοπρεπῶς</strong></span> <span class='ocrx_word' id='word_1_57' title='bbox 799 988 875 1051; x_wconf 79' lang='grc' dir='ltr'>δὲ,</span> <span class='ocrx_word' id='word_1_58' title='bbox 911 990 1034 1043; x_wconf 80' lang='grc' dir='ltr'>ἀντὶ</span> <span class='ocrx_word' id='word_1_59' title='bbox 1062 990 1181 1053; x_wconf 74' lang='grc' dir='ltr'>τοῦ,</span> <span class='ocrx_word' id='word_1_60' title='bbox 1213 993 1293 1055; x_wconf 74' lang='grc' dir='ltr'><strong>είς</strong></span> <span class='ocrx_word' id='word_1_61' title='bbox 1320 992 1559 1062; x_wconf 79' lang='grc' dir='ltr'><strong>ἀπορίαν</strong></span> <span class='ocrx_word' id='word_1_62' title='bbox 1595 993 1806 1063; x_wconf 75' lang='grc' dir='ltr'><strong>ἐμϐάλ-</strong></span> 
     </span>
    </p>
   </div>
   <div class='ocr_carea' id='block_1_11' title="bbox 191 1078 1805 1156">
    <p class='ocr_par' dir='ltr' id='par_1_11' title="bbox 191 1078 1805 1156">
     <span class='ocr_line' id='line_1_11' title="bbox 191 1078 1805 1156; baseline 0.005 -26"><span class='ocrx_word' id='word_1_63' title='bbox 191 1078 327 1132; x_wconf 86' lang='grc' dir='ltr'><strong>λων</strong></span> <span class='ocrx_word' id='word_1_64' title='bbox 351 1079 541 1143; x_wconf 77' lang='grc' dir='ltr'>αὐτὸν,</span> <span class='ocrx_word' id='word_1_65' title='bbox 564 1081 675 1145; x_wconf 84' lang='grc' dir='ltr'>ἴνα,</span> <span class='ocrx_word' id='word_1_66' title='bbox 694 1081 794 1150; x_wconf 76' lang='grc' dir='ltr'><strong>τὴν</strong></span> <span class='ocrx_word' id='word_1_67' title='bbox 825 1082 1067 1152; x_wconf 78' lang='grc' dir='ltr'><strong>ἀπορίαν</strong></span> <span class='ocrx_word' id='word_1_68' title='bbox 1090 1082 1457 1154; x_wconf 77' lang='grc' dir='ltr'>ὁμολογήσας,</span> <span class='ocrx_word' id='word_1_69' title='bbox 1480 1085 1805 1156; x_wconf 77' lang='grc' dir='ltr'>ἀκριὸἐστε-</span> 
     </span>
    </p>
   </div>
   <div class='ocr_carea' id='block_1_12' title="bbox 202 1173 1810 1248">
    <p class='ocr_par' dir='ltr' id='par_1_12' title="bbox 202 1173 1810 1248">
     <span class='ocr_line' id='line_1_12' title="bbox 202 1173 1810 1248; baseline 0.007 -25"><span class='ocrx_word' id='word_1_70' title='bbox 202 1188 319 1241; x_wconf 78' lang='grc' dir='ltr'><strong>ρον</strong></span> <span class='ocrx_word' id='word_1_71' title='bbox 373 1174 668 1243; x_wconf 76' lang='grc' dir='ltr'><strong>καταμάθῃ</strong></span> <span class='ocrx_word' id='word_1_72' title='bbox 696 1173 793 1227; x_wconf 81' lang='grc' dir='ltr'><strong>τοῦ</strong></span> <span class='ocrx_word' id='word_1_73' title='bbox 828 1173 1118 1244; x_wconf 79' lang='grc' dir='ltr'>μέλλοντος</span> <span class='ocrx_word' id='word_1_74' title='bbox 1147 1176 1403 1244; x_wconf 81' lang='grc' dir='ltr'>γενέσθαι</span> <span class='ocrx_word' id='word_1_75' title='bbox 1435 1176 1716 1248; x_wconf 79' lang='grc' dir='ltr'>θαύματος</span> <span class='ocrx_word' id='word_1_76' title='bbox 1748 1180 1810 1234; x_wconf 83' lang='grc' dir='ltr'>τὸ</span> 
     </span>
    </p>
   </div>
   <div class='ocr_carea' id='block_1_13' title="bbox 196 1262 1808 1344">
    <p class='ocr_par' dir='ltr' id='par_1_13' title="bbox 196 1262 1808 1344">
     <span class='ocr_line' id='line_1_13' title="bbox 196 1262 1808 1344; baseline 0.009 -31"><span class='ocrx_word' id='word_1_77' title='bbox 196 1262 475 1329; x_wconf 75' lang='grc' dir='ltr'>μέγεθος.</span> <span class='ocrx_word' id='word_1_78' title='bbox 506 1264 565 1316; x_wconf 79' lang='lat' dir='ltr'><strong>Et</strong></span> <span class='ocrx_word' id='word_1_79' title='bbox 596 1265 706 1335; x_wconf 81' lang='grc' dir='ltr'>γὰρ</span> <span class='ocrx_word' id='word_1_80' title='bbox 734 1263 925 1327; x_wconf 84' lang='grc' dir='ltr'>ἀπλῶς</span> <span class='ocrx_word' id='word_1_81' title='bbox 956 1264 1198 1333; x_wconf 74' lang='grc' dir='ltr'>ἐγένετο,</span> <span class='ocrx_word' id='word_1_82' title='bbox 1227 1268 1330 1321; x_wconf 77' lang='grc' dir='ltr'><strong>οὐκ</strong></span> <span class='ocrx_word' id='word_1_83' title='bbox 1356 1266 1424 1321; x_wconf 78' lang='grc' dir='ltr'>ἂν</span> <span class='ocrx_word' id='word_1_84' title='bbox 1446 1271 1631 1344; x_wconf 25' lang='grc' dir='ltr'>κὲφανη</span> <span class='ocrx_word' id='word_1_85' title='bbox 1655 1272 1808 1343; x_wconf 74' lang='grc' dir='ltr'>τηλι-</span> 
     </span>
    </p>
   </div>
   <div class='ocr_carea' id='block_1_14' title="bbox 193 1351 1809 1430">
    <p class='ocr_par' dir='ltr' id='par_1_14' title="bbox 193 1351 1809 1430">
     <span class='ocr_line' id='line_1_14' title="bbox 193 1351 1809 1430; baseline 0.011 -28"><span class='ocrx_word' id='word_1_86' title='bbox 193 1351 412 1405; x_wconf 78' lang='grc' dir='ltr'>κοῦτον</span> <span class='ocrx_word' id='word_1_87' title='bbox 430 1369 445 1383; x_wconf 89' lang='grc'><strong>·</strong></span> <span class='ocrx_word' id='word_1_88' title='bbox 473 1352 550 1416; x_wconf 84' lang='grc' dir='ltr'><strong>ὡς</strong></span> <span class='ocrx_word' id='word_1_89' title='bbox 568 1354 702 1418; x_wconf 89' lang='grc' dir='ltr'>Θεὸς</span> <span class='ocrx_word' id='word_1_90' title='bbox 725 1354 836 1428; x_wconf 82' lang='grc' dir='ltr'>γὰρ</span> <span class='ocrx_word' id='word_1_91' title='bbox 858 1355 1150 1425; x_wconf 71' lang='grc' dir='ltr'>ἐγίνωσκε,</span> <span class='ocrx_word' id='word_1_92' title='bbox 1171 1356 1225 1411; x_wconf 82' lang='grc' dir='ltr'>τί</span> <span class='ocrx_word' id='word_1_93' title='bbox 1247 1357 1528 1428; x_wconf 71' lang='grc' dir='ltr'>ἔμελλενιό</span> <span class='ocrx_word' id='word_1_94' title='bbox 1541 1362 1809 1430; x_wconf 65' lang='grc' dir='ltr'>Φίλιππος</span> 
     </span>
    </p>
   </div>
   <div class='ocr_carea' id='block_1_15' title="bbox 195 1443 613 1517">
    <p class='ocr_par' dir='ltr' id='par_1_15' title="bbox 195 1443 613 1517">
     <span class='ocr_line' id='line_1_15' title="bbox 195 1443 613 1517; baseline 0.012 -22"><span class='ocrx_word' id='word_1_95' title='bbox 195 1443 613 1517; x_wconf 81' lang='grc' dir='ltr'>ἀποκριθῆναι.</span> 
     </span>
    </p>
   </div>
   <div class='ocr_carea' id='block_1_16' title="bbox 285 1620 1809 1700">
    <p class='ocr_par' dir='ltr' id='par_1_16' title="bbox 285 1620 1809 1700">
     <span class='ocr_line' id='line_1_16' title="bbox 285 1620 1809 1700; baseline 0.011 -29"><span class='ocrx_word' id='word_1_96' title='bbox 285 1620 429 1673; x_wconf 74' lang='grc' dir='ltr'><strong>Φασὶ</strong></span> <span class='ocrx_word' id='word_1_97' title='bbox 473 1620 530 1673; x_wconf 80' lang='grc' dir='ltr'>δέ</span> <span class='ocrx_word' id='word_1_98' title='bbox 559 1638 708 1685; x_wconf 85' lang='grc' dir='ltr'>τινες</span> <span class='ocrx_word' id='word_1_99' title='bbox 742 1623 827 1675; x_wconf 83' lang='grc' dir='ltr'><strong>ὅτι</strong></span> <span class='ocrx_word' id='word_1_100' title='bbox 870 1621 1093 1691; x_wconf 77' lang='grc' dir='ltr'>λέγεται</span> <span class='ocrx_word' id='word_1_101' title='bbox 1122 1626 1152 1679; x_wconf 82' lang='grc' dir='ltr'><strong>ὁ</strong></span> <span class='ocrx_word' id='word_1_102' title='bbox 1181 1626 1315 1691; x_wconf 87' lang='grc' dir='ltr'>Θεὸς</span> <span class='ocrx_word' id='word_1_103' title='bbox 1360 1631 1647 1700; x_wconf 73' lang='grc' dir='ltr'><strong>πειράζειν</strong></span> <span class='ocrx_word' id='word_1_104' title='bbox 1686 1633 1809 1688; x_wconf 69' lang='grc' dir='ltr'>τινὰ</span> 
     </span>
    </p>
   </div>
   <div class='ocr_carea' id='block_1_17' title="bbox 202 1708 1808 1791">
    <p class='ocr_par' dir='ltr' id='par_1_17' title="bbox 202 1708 1808 1791">
     <span class='ocr_line' id='line_1_17' title="bbox 202 1708 1808 1791; baseline 0.01 -30"><span class='ocrx_word' id='word_1_105' title='bbox 202 1709 365 1763; x_wconf 82' lang='grc' dir='ltr'><strong>κατά</strong></span> <span class='ocrx_word' id='word_1_106' title='bbox 387 1708 482 1763; x_wconf 76' lang='grc' dir='ltr'><strong>δύο</strong></span> <span class='ocrx_word' id='word_1_107' title='bbox 510 1712 821 1783; x_wconf 75' lang='grc' dir='ltr'>τρόπους,ἢ</span> <span class='ocrx_word' id='word_1_108' title='bbox 857 1713 945 1767; x_wconf 78' lang='grc' dir='ltr'>ἵνα</span> <span class='ocrx_word' id='word_1_109' title='bbox 975 1713 1211 1788; x_wconf 72' lang='grc' dir='ltr'><strong>[ἐλέγξῃ</strong></span> <span class='ocrx_word' id='word_1_110' title='bbox 1242 1717 1357 1789; x_wconf 79' lang='grc'><strong>(51)</strong></span> <span class='ocrx_word' id='word_1_111' title='bbox 1391 1720 1492 1791; x_wconf 78' lang='grc' dir='ltr'>τὴν</span> <span class='ocrx_word' id='word_1_112' title='bbox 1519 1722 1808 1777; x_wconf 80' lang='grc' dir='ltr'>ἀσθένειαν</span> 
     </span>
    </p>
   </div>
   <div class='ocr_carea' id='block_1_18' title="bbox 1915 622 2159 674">
    <p class='ocr_par' dir='ltr' id='par_1_18' title="bbox 1915 622 2159 674">
     <span class='ocr_line' id='line_1_18' title="bbox 1915 622 2159 674; baseline 0.004 -1"><span class='ocrx_word' id='word_1_113' title='bbox 1915 623 2077 674; x_wconf 81' lang='lat' dir='ltr'><strong>edant</strong></span> <span class='ocrx_word' id='word_1_114' title='bbox 2118 622 2159 674; x_wconf 83' lang='lat'><strong>‘.</strong></span> 
     </span>
    </p>
   </div>
   <div class='ocr_carea' id='block_1_19' title="bbox 1986 710 3497 789">
    <p class='ocr_par' dir='ltr' id='par_1_19' title="bbox 1986 710 3497 789">
     <span class='ocr_line' id='line_1_19' title="bbox 1986 710 3497 789; baseline 0.005 -24"><span class='ocrx_word' id='word_1_115' title='bbox 1986 710 2141 768; x_wconf 85' lang='lat' dir='ltr'><strong>Vers.</strong></span> <span class='ocrx_word' id='word_1_116' title='bbox 2174 714 2228 768; x_wconf 85' lang='lat'><strong>6.</strong></span> <span class='ocrx_word' id='word_1_117' title='bbox 2272 715 2383 768; x_wconf 82' lang='lat' dir='ltr'><strong>Hoc</strong></span> <span class='ocrx_word' id='word_1_118' title='bbox 2410 745 2480 756; x_wconf 88' lang='lat'><strong>--</strong></span> <span class='ocrx_word' id='word_1_119' title='bbox 2513 716 2638 784; x_wconf 82' lang='lat' dir='ltr'><strong>quid</strong></span> <span class='ocrx_word' id='word_1_120' title='bbox 2660 726 2791 770; x_wconf 75' lang='lat' dir='ltr'><strong>esset</strong></span> <span class='ocrx_word' id='word_1_121' title='bbox 2815 717 3076 787; x_wconf 76' lang='lat' dir='ltr'><strong>facturus.</strong></span> <span class='ocrx_word' id='word_1_122' title='bbox 3143 716 3222 771; x_wconf 84' lang='lat' dir='ltr'><strong>lbi</strong></span> <span class='ocrx_word' id='word_1_123' title='bbox 3275 733 3497 789; x_wconf 89' lang='lat' dir='ltr'><strong>quoque</strong></span> 
     </span>
    </p>
   </div>
   <div class='ocr_carea' id='block_1_20' title="bbox 1915 804 3501 877">
    <p class='ocr_par' dir='ltr' id='par_1_20' title="bbox 1915 804 3501 877">
     <span class='ocr_line' id='line_1_20' title="bbox 1915 804 3501 877; baseline 0.004 -20"><span class='ocrx_word' id='word_1_124' title='bbox 1915 804 1983 858; x_wconf 91' lang='lat' dir='ltr'><strong>de</strong></span> <span class='ocrx_word' id='word_1_125' title='bbox 2014 804 2119 859; x_wconf 88' lang='lat' dir='ltr'><strong>hoc</strong></span> <span class='ocrx_word' id='word_1_126' title='bbox 2150 804 2485 877; x_wconf 78' lang='lat' dir='ltr'><strong>disputatum</strong></span> <span class='ocrx_word' id='word_1_127' title='bbox 2532 815 2633 862; x_wconf 89' lang='lat' dir='ltr'><strong>est.</strong></span> <span class='ocrx_word' id='word_1_128' title='bbox 2668 806 2824 873; x_wconf 82' lang='lat' dir='ltr'><strong>Quod</strong></span> <span class='ocrx_word' id='word_1_129' title='bbox 2889 816 3071 862; x_wconf 82' lang='lat' dir='ltr'><strong>autem</strong></span> <span class='ocrx_word' id='word_1_130' title='bbox 3124 807 3201 863; x_wconf 89' lang='lat' dir='ltr'><strong>ait</strong></span> <span class='ocrx_word' id='word_1_131' title='bbox 3232 849 3247 874; x_wconf 91' lang='lat'><strong>,</strong></span> <span class='ocrx_word' id='word_1_132' title='bbox 3290 818 3501 864; x_wconf 79' lang='lat' dir='ltr'><strong>tentans</strong></span> 
     </span>
    </p>
   </div>
   <div class='ocr_carea' id='block_1_21' title="bbox 1914 894 3499 969">
    <p class='ocr_par' dir='ltr' id='par_1_21' title="bbox 1914 894 3499 969">
     <span class='ocr_line' id='line_1_21' title="bbox 1914 894 3499 969; baseline 0.003 -21"><span class='ocrx_word' id='word_1_133' title='bbox 1914 909 2055 958; x_wconf 82' lang='lat' dir='ltr'><strong>eum,</strong></span> <span class='ocrx_word' id='word_1_134' title='bbox 2083 894 2327 949; x_wconf 91' lang='lat' dir='ltr'><strong>humano</strong></span> <span class='ocrx_word' id='word_1_135' title='bbox 2372 896 2593 966; x_wconf 85' lang='lat' dir='ltr'><strong>quidem</strong></span> <span class='ocrx_word' id='word_1_136' title='bbox 2627 899 2790 953; x_wconf 87' lang='lat' dir='ltr'><strong>modo</strong></span> <span class='ocrx_word' id='word_1_137' title='bbox 2845 898 3166 969; x_wconf 77' lang='lat' dir='ltr'><strong>intelligitur</strong></span> <span class='ocrx_word' id='word_1_138' title='bbox 3191 899 3345 969; x_wconf 80' lang='lat' dir='ltr'><strong>juxta</strong></span> <span class='ocrx_word' id='word_1_139' title='bbox 3399 900 3499 955; x_wconf 87' lang='lat' dir='ltr'><strong>da-</strong></span> 
     </span>
    </p>
   </div>
   <div class='ocr_carea' id='block_1_22' title="bbox 1917 985 3503 1059">
    <p class='ocr_par' dir='ltr' id='par_1_22' title="bbox 1917 985 3503 1059">
     <span class='ocr_line' id='line_1_22' title="bbox 1917 985 3503 1059; baseline 0.005 -23"><span class='ocrx_word' id='word_1_140' title='bbox 1917 992 2027 1038; x_wconf 92' lang='lat' dir='ltr'><strong>tam</strong></span> <span class='ocrx_word' id='word_1_141' title='bbox 2076 985 2151 1040; x_wconf 90' lang='lat' dir='ltr'><strong>ibi</strong></span> <span class='ocrx_word' id='word_1_142' title='bbox 2210 988 2660 1043; x_wconf 85' lang='lat' dir='ltr'><strong>enarrationem:</strong></span> <span class='ocrx_word' id='word_1_143' title='bbox 2718 990 2905 1046; x_wconf 91' lang='lat' dir='ltr'><strong>divino</strong></span> <span class='ocrx_word' id='word_1_144' title='bbox 2956 999 3137 1045; x_wconf 87' lang='lat' dir='ltr'><strong>autem</strong></span> <span class='ocrx_word' id='word_1_145' title='bbox 3204 992 3385 1059; x_wconf 87' lang='lat' dir='ltr'><strong>modo,</strong></span> <span class='ocrx_word' id='word_1_146' title='bbox 3442 1000 3503 1045; x_wconf 92' lang='lat' dir='ltr'><strong>ut</strong></span> 
     </span>
    </p>
   </div>
   <div class='ocr_carea' id='block_1_23' title="bbox 1918 1076 3502 1152">
    <p class='ocr_par' dir='ltr' id='par_1_23' title="bbox 1918 1076 3502 1152">
     <span class='ocr_line' id='line_1_23' title="bbox 1918 1076 3502 1152; baseline 0.004 -21"><span class='ocrx_word' id='word_1_147' title='bbox 1918 1076 2255 1132; x_wconf 88' lang='lat' dir='ltr'><strong>tantumdem</strong></span> <span class='ocrx_word' id='word_1_148' title='bbox 2289 1080 2381 1147; x_wconf 87' lang='lat' dir='ltr'><strong>sit,</strong></span> <span class='ocrx_word' id='word_1_149' title='bbox 2414 1096 2479 1137; x_wconf 89' lang='lat' dir='ltr'><strong>ac</strong></span> <span class='ocrx_word' id='word_1_150' title='bbox 2508 1082 2554 1136; x_wconf 85' lang='lat' dir='ltr'><strong>si</strong></span> <span class='ocrx_word' id='word_1_151' title='bbox 2578 1081 2792 1137; x_wconf 82' lang='lat' dir='ltr'><strong>dicatur</strong></span> <span class='ocrx_word' id='word_1_152' title='bbox 2843 1102 2855 1137; x_wconf 90' lang='lat'><strong>:</strong></span> <span class='ocrx_word' id='word_1_153' title='bbox 2885 1082 2943 1136; x_wconf 85' lang='lat' dir='ltr'><strong>In</strong></span> <span class='ocrx_word' id='word_1_154' title='bbox 2980 1083 3420 1152; x_wconf 90' lang='lat' dir='ltr'><strong>desperationem</strong></span> <span class='ocrx_word' id='word_1_155' title='bbox 3435 1083 3502 1138; x_wconf 87' lang='lat' dir='ltr'><strong>de</strong></span> 
     </span>
    </p>
   </div>
   <div class='ocr_carea' id='block_1_24' title="bbox 1916 1170 3499 1246">
    <p class='ocr_par' dir='ltr' id='par_1_24' title="bbox 1916 1170 3499 1246">
     <span class='ocr_line' id='line_1_24' title="bbox 1916 1170 3499 1246; baseline 0.004 -24"><span class='ocrx_word' id='word_1_156' title='bbox 1916 1170 2161 1225; x_wconf 83' lang='lat' dir='ltr'><strong>remedio</strong></span> <span class='ocrx_word' id='word_1_157' title='bbox 2192 1187 2320 1226; x_wconf 90' lang='lat' dir='ltr'><strong>eum</strong></span> <span class='ocrx_word' id='word_1_158' title='bbox 2353 1174 2687 1242; x_wconf 80' lang='lat' dir='ltr'><strong>conjiciens,</strong></span> <span class='ocrx_word' id='word_1_159' title='bbox 2709 1184 2768 1228; x_wconf 91' lang='lat' dir='ltr'><strong>ut</strong></span> <span class='ocrx_word' id='word_1_160' title='bbox 2799 1174 3244 1246; x_wconf 91' lang='lat' dir='ltr'><strong>desperationem</strong></span> <span class='ocrx_word' id='word_1_161' title='bbox 3300 1177 3499 1242; x_wconf 57' lang='lat' dir='ltr'><strong>fassus,</strong></span> 
     </span>
    </p>
   </div>
   <div class='ocr_carea' id='block_1_25' title="bbox 1915 1263 3503 1340">
    <p class='ocr_par' dir='ltr' id='par_1_25' title="bbox 1915 1263 3503 1340">
     <span class='ocr_line' id='line_1_25' title="bbox 1915 1263 3503 1340; baseline 0.004 -22"><span class='ocrx_word' id='word_1_162' title='bbox 1915 1263 2230 1333; x_wconf 77' lang='lat' dir='ltr'><strong>diligentius</strong></span> <span class='ocrx_word' id='word_1_163' title='bbox 2258 1276 2631 1335; x_wconf 71' lang='lat' dir='ltr'><strong>cognosceret,</strong></span> <span class='ocrx_word' id='word_1_164' title='bbox 2657 1267 2825 1322; x_wconf 81' lang='lat' dir='ltr'><strong>fuisse</strong></span> <span class='ocrx_word' id='word_1_165' title='bbox 2853 1269 3197 1333; x_wconf 80' lang='lat' dir='ltr'><strong>miraculum,</strong></span> <span class='ocrx_word' id='word_1_166' title='bbox 3217 1270 3361 1340; x_wconf 88' lang='lat' dir='ltr'><strong>quod</strong></span> <span class='ocrx_word' id='word_1_167' title='bbox 3389 1272 3503 1339; x_wconf 82' lang='lat' dir='ltr'><strong>ipse</strong></span> 
     </span>
    </p>
   </div>
   <div class='ocr_carea' id='block_1_26' title="bbox 1916 1350 3499 1430">
    <p class='ocr_par' dir='ltr' id='par_1_26' title="bbox 1916 1350 3499 1430">
     <span class='ocr_line' id='line_1_26' title="bbox 1916 1350 3499 1430; baseline 0.006 -24"><span class='ocrx_word' id='word_1_168' title='bbox 1916 1350 2166 1409; x_wconf 79' lang='lat' dir='ltr'><strong>facturus</strong></span> <span class='ocrx_word' id='word_1_169' title='bbox 2199 1365 2355 1424; x_wconf 89' lang='lat' dir='ltr'><strong>erat;</strong></span> <span class='ocrx_word' id='word_1_170' title='bbox 2390 1374 2516 1412; x_wconf 84' lang='lat' dir='ltr'><strong>nam</strong></span> <span class='ocrx_word' id='word_1_171' title='bbox 2555 1357 2602 1412; x_wconf 90' lang='lat' dir='ltr'><strong>si</strong></span> <span class='ocrx_word' id='word_1_172' title='bbox 2634 1368 2915 1430; x_wconf 84' lang='lat' dir='ltr'><strong>utcunque</strong></span> <span class='ocrx_word' id='word_1_173' title='bbox 2938 1359 3144 1416; x_wconf 81' lang='lat' dir='ltr'><strong>factum</strong></span> <span class='ocrx_word' id='word_1_174' title='bbox 3177 1371 3345 1421; x_wconf 78' lang='lat' dir='ltr'><strong>esset.</strong></span> <span class='ocrx_word' id='word_1_175' title='bbox 3399 1376 3499 1415; x_wconf 85' lang='lat' dir='ltr'><strong>nc—</strong></span> 
     </span>
    </p>
   </div>
   <div class='ocr_carea' id='block_1_27' title="bbox 1916 1450 3502 1523">
    <p class='ocr_par' dir='ltr' id='par_1_27' title="bbox 1916 1450 3502 1523">
     <span class='ocr_line' id='line_1_27' title="bbox 1916 1450 3502 1523; baseline 0.006 -25"><span class='ocrx_word' id='word_1_176' title='bbox 1916 1459 2193 1516; x_wconf 88' lang='lat' dir='ltr'><strong>quaquam</strong></span> <span class='ocrx_word' id='word_1_177' title='bbox 2222 1450 2329 1504; x_wconf 83' lang='lat' dir='ltr'><strong>tale</strong></span> <span class='ocrx_word' id='word_1_178' title='bbox 2368 1451 2733 1521; x_wconf 80' lang='lat' dir='ltr'><strong>apparuisset.</strong></span> <span class='ocrx_word' id='word_1_179' title='bbox 2759 1451 3040 1523; x_wconf 82' lang='lat' dir='ltr'><strong>Siquidem</strong></span> <span class='ocrx_word' id='word_1_180' title='bbox 3076 1464 3333 1522; x_wconf 87' lang='lat' dir='ltr'><strong>tanquam</strong></span> <span class='ocrx_word' id='word_1_181' title='bbox 3360 1453 3502 1507; x_wconf 82' lang='lat' dir='ltr'><strong>Deus</strong></span> 
     </span>
    </p>
   </div>
   <div class='ocr_carea' id='block_1_28' title="bbox 1916 1544 3239 1616">
    <p class='ocr_par' dir='ltr' id='par_1_28' title="bbox 1916 1544 3239 1616">
     <span class='ocr_line' id='line_1_28' title="bbox 1916 1544 3239 1616; baseline 0.006 -23"><span class='ocrx_word' id='word_1_182' title='bbox 1916 1549 2170 1605; x_wconf 85' lang='lat' dir='ltr'><strong>noverat,</strong></span> <span class='ocrx_word' id='word_1_183' title='bbox 2200 1544 2332 1611; x_wconf 88' lang='lat' dir='ltr'><strong>quid</strong></span> <span class='ocrx_word' id='word_1_184' title='bbox 2364 1558 2727 1615; x_wconf 87' lang='lat' dir='ltr'><strong>responsurus</strong></span> <span class='ocrx_word' id='word_1_185' title='bbox 2756 1557 2913 1601; x_wconf 82' lang='lat' dir='ltr'><strong>esset</strong></span> <span class='ocrx_word' id='word_1_186' title='bbox 2934 1546 3239 1616; x_wconf 84' lang='lat' dir='ltr'><strong>Philippus.</strong></span> 
     </span>
    </p>
   </div>
   <div class='ocr_carea' id='block_1_29' title="bbox 1989 1633 3501 1711">
    <p class='ocr_par' dir='ltr' id='par_1_29' title="bbox 1989 1633 3501 1711">
     <span class='ocr_line' id='line_1_29' title="bbox 1989 1633 3501 1711; baseline 0.006 -24"><span class='ocrx_word' id='word_1_187' title='bbox 1989 1633 2161 1688; x_wconf 80' lang='lat' dir='ltr'><strong>Aiunt</strong></span> <span class='ocrx_word' id='word_1_188' title='bbox 2200 1646 2385 1691; x_wconf 87' lang='lat' dir='ltr'><strong>autem</strong></span> <span class='ocrx_word' id='word_1_189' title='bbox 2430 1638 2679 1707; x_wconf 83' lang='lat' dir='ltr'><strong>quidam,</strong></span> <span class='ocrx_word' id='word_1_190' title='bbox 2711 1640 2858 1709; x_wconf 91' lang='lat' dir='ltr'><strong>quod</strong></span> <span class='ocrx_word' id='word_1_191' title='bbox 2898 1639 3042 1695; x_wconf 89' lang='lat' dir='ltr'><strong>Deus</strong></span> <span class='ocrx_word' id='word_1_192' title='bbox 3072 1641 3309 1711; x_wconf 87' lang='lat' dir='ltr'><strong>aliquem</strong></span> <span class='ocrx_word' id='word_1_193' title='bbox 3376 1652 3501 1696; x_wconf 86' lang='lat' dir='ltr'><strong>ten--</strong></span> 
     </span>
    </p>
   </div>
   <div class='ocr_carea' id='block_1_30' title="bbox 1922 1726 3505 1789">
    <p class='ocr_par' dir='ltr' id='par_1_30' title="bbox 1922 1726 3505 1789">
     <span class='ocr_line' id='line_1_30' title="bbox 1922 1726 3505 1789; baseline 0.004 -8"><span class='ocrx_word' id='word_1_194' title='bbox 1922 1736 2039 1781; x_wconf 80' lang='lat' dir='ltr'><strong>tare</strong></span> <span class='ocrx_word' id='word_1_195' title='bbox 2077 1726 2281 1782; x_wconf 90' lang='lat' dir='ltr'><strong>dicitur</strong></span> <span class='ocrx_word' id='word_1_196' title='bbox 2312 1730 2528 1785; x_wconf 88' lang='lat' dir='ltr'><strong>duobus</strong></span> <span class='ocrx_word' id='word_1_197' title='bbox 2573 1731 2787 1786; x_wconf 85' lang='lat' dir='ltr'><strong>modis:</strong></span> <span class='ocrx_word' id='word_1_198' title='bbox 2842 1733 2927 1787; x_wconf 84' lang='lat' dir='ltr'><strong>vel</strong></span> <span class='ocrx_word' id='word_1_199' title='bbox 2960 1742 3021 1787; x_wconf 89' lang='lat' dir='ltr'><strong>ut</strong></span> <span class='ocrx_word' id='word_1_200' title='bbox 3074 1733 3505 1789; x_wconf 62' lang='lat' dir='ltr'><strong>imbecillitatem</strong></span> 
     </span>
    </p>
   </div>
   <div class='ocr_carea' id='block_1_31' title="bbox 203 1802 1801 1897">
    <p class='ocr_par' dir='ltr' id='par_1_31' title="bbox 203 1802 1801 1889">
     <span class='ocr_line' id='line_1_31' title="bbox 203 1802 1801 1889; baseline 0.011 -35"><span class='ocrx_word' id='word_1_201' title='bbox 203 1802 389 1855; x_wconf 82' lang='grc' dir='ltr'><strong>αὐτοῦ</strong></span> <span class='ocrx_word' id='word_1_202' title='bbox 435 1803 628 1876; x_wconf 83' lang='grc' dir='ltr'>ὥσπερ</span> <span class='ocrx_word' id='word_1_203' title='bbox 665 1804 763 1861; x_wconf 79' lang='grc' dir='ltr'><strong>νῦν</strong></span> <span class='ocrx_word' id='word_1_204' title='bbox 810 1807 904 1860; x_wconf 68' lang='grc' dir='ltr'><strong>ἐπὶ</strong></span> <span class='ocrx_word' id='word_1_205' title='bbox 942 1808 1040 1862; x_wconf 80' lang='grc' dir='ltr'><strong>τοῦ</strong></span> <span class='ocrx_word' id='word_1_206' title='bbox 1084 1811 1383 1879; x_wconf 67' lang='grc' dir='ltr'>Φιλίππου,</span> <span class='ocrx_word' id='word_1_207' title='bbox 1431 1813 1464 1885; x_wconf 78' lang='grc' dir='ltr'>ἦ</span> <span class='ocrx_word' id='word_1_208' title='bbox 1503 1814 1627 1889; x_wconf 84' lang='grc' dir='ltr'>ἴνα]</span> <span class='ocrx_word' id='word_1_209' title='bbox 1658 1816 1801 1889; x_wconf 77' lang='grc' dir='ltr'>δείξῃ</span> 
     </span>
    </p>
   </div>
   <div class='ocr_carea' id='block_1_32' title="bbox 1923 1802 3507 1897">
    <p class='ocr_par' dir='ltr' id='par_1_32' title="bbox 1923 1821 3507 1897">
     <span class='ocr_line' id='line_1_32' title="bbox 1923 1821 3507 1897; baseline 0.006 -23"><span class='ocrx_word' id='word_1_210' title='bbox 1923 1821 2042 1889; x_wconf 84' lang='lat' dir='ltr'><strong>ejus</strong></span> <span class='ocrx_word' id='word_1_211' title='bbox 2062 1830 2275 1891; x_wconf 79' lang='lat' dir='ltr'><strong>arguat,</strong></span> <span class='ocrx_word' id='word_1_212' title='bbox 2305 1822 2448 1878; x_wconf 82' lang='lat' dir='ltr'><strong>sicut</strong></span> <span class='ocrx_word' id='word_1_213' title='bbox 2496 1840 2644 1879; x_wconf 91' lang='lat' dir='ltr'><strong>nunc</strong></span> <span class='ocrx_word' id='word_1_214' title='bbox 2710 1825 2766 1880; x_wconf 91' lang='lat' dir='ltr'><strong>in</strong></span> <span class='ocrx_word' id='word_1_215' title='bbox 2810 1825 3063 1897; x_wconf 80' lang='lat' dir='ltr'><strong>Philippo</strong></span> <span class='ocrx_word' id='word_1_216' title='bbox 3095 1843 3109 1893; x_wconf 92' lang='lat'><strong>;</strong></span> <span class='ocrx_word' id='word_1_217' title='bbox 3146 1828 3232 1882; x_wconf 88' lang='lat' dir='ltr'><strong>vel</strong></span> <span class='ocrx_word' id='word_1_218' title='bbox 3264 1838 3321 1882; x_wconf 92' lang='lat' dir='ltr'><strong>ut</strong></span> <span class='ocrx_word' id='word_1_219' title='bbox 3360 1828 3507 1883; x_wconf 87' lang='lat' dir='ltr'><strong>illius</strong></span> 
     </span>
    </p>
   </div>
   <div class='ocr_carea' id='block_1_33' title="bbox 201 1894 1801 1988">
    <p class='ocr_par' dir='ltr' id='par_1_33' title="bbox 201 1894 1801 1980">
     <span class='ocr_line' id='line_1_33' title="bbox 201 1894 1801 1980; baseline 0.011 -33"><span class='ocrx_word' id='word_1_220' title='bbox 201 1894 315 1965; x_wconf 80' lang='grc' dir='ltr'><strong>τὴν</strong></span> <span class='ocrx_word' id='word_1_221' title='bbox 339 1895 596 1966; x_wconf 78' lang='grc' dir='ltr'>ἀνδρείαν</span> <span class='ocrx_word' id='word_1_222' title='bbox 629 1898 821 1965; x_wconf 83' lang='grc' dir='ltr'>αὑτοῦ,</span> <span class='ocrx_word' id='word_1_223' title='bbox 854 1899 1048 1972; x_wconf 80' lang='grc' dir='ltr'>ὥσπερ</span> <span class='ocrx_word' id='word_1_224' title='bbox 1079 1903 1248 1957; x_wconf 79' lang='grc' dir='ltr'>πάλαι</span> <span class='ocrx_word' id='word_1_225' title='bbox 1274 1905 1369 1958; x_wconf 76' lang='grc' dir='ltr'><strong>ἐπὶ</strong></span> <span class='ocrx_word' id='word_1_226' title='bbox 1396 1904 1493 1959; x_wconf 81' lang='grc' dir='ltr'><strong>τοῦ</strong></span> <span class='ocrx_word' id='word_1_227' title='bbox 1535 1905 1801 1980; x_wconf 49' lang='grc' dir='ltr'>’Λὸραάμη</span> 
     </span>
    </p>
   </div>
   <div class='ocr_carea' id='block_1_34' title="bbox 1923 1894 3505 1988">
    <p class='ocr_par' dir='ltr' id='par_1_34' title="bbox 1923 1894 3505 1988">
     <span class='ocr_line' id='line_1_34' title="bbox 1923 1894 3505 1988; baseline 0.004 -21"><span class='ocrx_word' id='word_1_228' title='bbox 1923 1914 2298 1969; x_wconf 81' lang='lat' dir='ltr'><strong>fortitudinem</strong></span> <span class='ocrx_word' id='word_1_229' title='bbox 2314 1918 2589 1985; x_wconf 86' lang='lat' dir='ltr'><strong>ostendat,</strong></span> <span class='ocrx_word' id='word_1_230' title='bbox 2612 1894 3074 1988; x_wconf 82' lang='lat' dir='ltr'><strong>quemadmodum</strong></span> <span class='ocrx_word' id='word_1_231' title='bbox 3100 1919 3227 1975; x_wconf 91' lang='lat' dir='ltr'><strong>olim</strong></span> <span class='ocrx_word' id='word_1_232' title='bbox 3248 1919 3301 1973; x_wconf 95' lang='lat' dir='ltr'><strong>in</strong></span> <span class='ocrx_word' id='word_1_233' title='bbox 3332 1919 3505 1974; x_wconf 81' lang='lat' dir='ltr'><strong>Abra-</strong></span> 
     </span>
    </p>
   </div>
   <div class='ocr_carea' id='block_1_35' title="bbox 204 1984 1809 2069">
    <p class='ocr_par' dir='ltr' id='par_1_35' title="bbox 204 1984 1809 2069">
     <span class='ocr_line' id='line_1_35' title="bbox 204 1984 1809 2069; baseline 0.009 -33"><span class='ocrx_word' id='word_1_234' title='bbox 204 1984 535 2056; x_wconf 84' lang='grc' dir='ltr'>Γέγραπται</span> <span class='ocrx_word' id='word_1_235' title='bbox 556 1987 668 2057; x_wconf 88' lang='grc' dir='ltr'><strong>γάρ</strong></span> <span class='ocrx_word' id='word_1_236' title='bbox 683 1989 764 2041; x_wconf 85' lang='grc' dir='ltr'><strong>ὅτι</strong></span> <span class='ocrx_word' id='word_1_237' title='bbox 785 1992 880 2043; x_wconf 74' lang='grc' dir='ltr'>καὶ</span> <span class='ocrx_word' id='word_1_238' title='bbox 895 1991 1187 2063; x_wconf 63' lang='grc' dir='ltr'>ἐπείραζεν</span> <span class='ocrx_word' id='word_1_239' title='bbox 1203 1993 1231 2045; x_wconf 83' lang='grc' dir='ltr'><em>ὁ</em></span> <span class='ocrx_word' id='word_1_240' title='bbox 1253 1993 1386 2057; x_wconf 84' lang='grc' dir='ltr'><strong>Θεὸς</strong></span> <span class='ocrx_word' id='word_1_241' title='bbox 1408 1996 1499 2048; x_wconf 89' lang='grc' dir='ltr'><strong>τὸν</strong></span> <span class='ocrx_word' id='word_1_242' title='bbox 1530 1993 1809 2069; x_wconf 71' lang='grc' dir='ltr'>’Δϐραάμ,</span> 
     </span>
    </p>
   </div>
   <div class='ocr_carea' id='block_1_36' title="bbox 212 2078 1809 2154">
    <p class='ocr_par' dir='ltr' id='par_1_36' title="bbox 212 2078 1809 2154">
     <span class='ocr_line' id='line_1_36' title="bbox 212 2078 1809 2154; baseline 0.009 -24"><span class='ocrx_word' id='word_1_243' title='bbox 212 2078 313 2131; x_wconf 81' lang='grc' dir='ltr'><strong>ὅτε</strong></span> <span class='ocrx_word' id='word_1_244' title='bbox 346 2078 550 2148; x_wconf 78' lang='grc' dir='ltr'>δηλαδὴ</span> <span class='ocrx_word' id='word_1_245' title='bbox 580 2080 902 2151; x_wconf 78' lang='grc' dir='ltr'>ἀνενεγκεῖν</span> <span class='ocrx_word' id='word_1_246' title='bbox 932 2083 1083 2154; x_wconf 85' lang='grc' dir='ltr'><strong>αὺτῷ</strong></span> <span class='ocrx_word' id='word_1_247' title='bbox 1112 2085 1205 2138; x_wconf 78' lang='grc' dir='ltr'><strong>τὸν</strong></span> <span class='ocrx_word' id='word_1_248' title='bbox 1238 2086 1353 2140; x_wconf 81' lang='grc' dir='ltr'>υίὸν</span> <span class='ocrx_word' id='word_1_249' title='bbox 1386 2088 1554 2142; x_wconf 79' lang='grc' dir='ltr'>αὐτοῦ</span> <span class='ocrx_word' id='word_1_250' title='bbox 1585 2091 1665 2154; x_wconf 87' lang='grc' dir='ltr'><strong>είς</strong></span> <span class='ocrx_word' id='word_1_251' title='bbox 1690 2092 1809 2144; x_wconf 77' lang='grc' dir='ltr'>ὀλοο</span> 
     </span>
    </p>
   </div>
   <div class='ocr_carea' id='block_1_37' title="bbox 206 2170 1013 2247">
    <p class='ocr_par' dir='ltr' id='par_1_37' title="bbox 206 2170 1013 2247">
     <span class='ocr_line' id='line_1_37' title="bbox 206 2170 1013 2247; baseline 0.01 -24"><span class='ocrx_word' id='word_1_252' title='bbox 206 2170 508 2238; x_wconf 75' lang='grc' dir='ltr'><strong>κάρπωσιν</strong></span> <span class='ocrx_word' id='word_1_253' title='bbox 535 2172 841 2227; x_wconf 72' lang='grc' dir='ltr'>ἐνετέλλετο</span> <span class='ocrx_word' id='word_1_254' title='bbox 876 2176 1013 2247; x_wconf 72' lang='grc'><strong>(39).</strong></span> 
     </span>
    </p>
   </div>
   <div class='ocr_carea' id='block_1_38' title="bbox 302 2262 1812 2345">
    <p class='ocr_par' dir='ltr' id='par_1_38' title="bbox 302 2262 1812 2345">
     <span class='ocr_line' id='line_1_38' title="bbox 302 2262 1812 2345; baseline 0.009 -29"><span class='ocrx_word' id='word_1_255' title='bbox 302 2262 623 2332; x_wconf 80' lang='grc' dir='ltr'>’Δπεκρίθη</span> <span class='ocrx_word' id='word_1_256' title='bbox 655 2294 726 2305; x_wconf 91' lang='grc'><strong><em>-</em></strong></span> <span class='ocrx_word' id='word_1_257' title='bbox 772 2264 951 2336; x_wconf 73' lang='grc' dir='ltr'>λάϐῃ.</span> <span class='ocrx_word' id='word_1_258' title='bbox 1014 2266 1162 2339; x_wconf 87' lang='grc' dir='ltr'>Ὅρα</span> <span class='ocrx_word' id='word_1_259' title='bbox 1220 2269 1321 2341; x_wconf 81' lang='grc' dir='ltr'><strong>τήν</strong></span> <span class='ocrx_word' id='word_1_260' title='bbox 1375 2272 1667 2327; x_wconf 78' lang='grc' dir='ltr'>ἀσθένειαν</span> <span class='ocrx_word' id='word_1_261' title='bbox 1712 2277 1812 2345; x_wconf 84' lang='grc' dir='ltr'><strong>τῆς</strong></span> 
     </span>
    </p>
   </div>
   <div class='ocr_carea' id='block_1_39' title="bbox 208 2351 1811 2439">
    <p class='ocr_par' dir='ltr' id='par_1_39' title="bbox 208 2351 1811 2439">
     <span class='ocr_line' id='line_1_39' title="bbox 208 2351 1811 2439; baseline 0.009 -35"><span class='ocrx_word' id='word_1_262' title='bbox 208 2351 461 2416; x_wconf 81' lang='grc' dir='ltr'>διανοίας</span> <span class='ocrx_word' id='word_1_263' title='bbox 492 2352 588 2407; x_wconf 79' lang='grc' dir='ltr'><strong>τοῦ</strong></span> <span class='ocrx_word' id='word_1_264' title='bbox 619 2354 893 2409; x_wconf 69' lang='grc' dir='ltr'>Φιλίππου</span> <span class='ocrx_word' id='word_1_265' title='bbox 936 2359 1013 2429; x_wconf 77' lang='grc' dir='ltr'>μὴ</span> <span class='ocrx_word' id='word_1_266' title='bbox 1058 2359 1398 2430; x_wconf 79' lang='grc' dir='ltr'><strong>δυνηθέντος·</strong></span> <span class='ocrx_word' id='word_1_267' title='bbox 1421 2364 1675 2436; x_wconf 75' lang='grc' dir='ltr'>ἐννοῆσαι</span> <span class='ocrx_word' id='word_1_268' title='bbox 1710 2368 1811 2439; x_wconf 81' lang='grc' dir='ltr'><strong>τὴν</strong></span> 
     </span>
    </p>
   </div>
   <div class='ocr_carea' id='block_1_40' title="bbox 207 2443 1095 2516">
    <p class='ocr_par' dir='ltr' id='par_1_40' title="bbox 207 2443 1095 2516">
     <span class='ocr_line' id='line_1_40' title="bbox 207 2443 1095 2516; baseline 0.014 -21"><span class='ocrx_word' id='word_1_269' title='bbox 207 2443 451 2513; x_wconf 77' lang='grc' dir='ltr'>δύναμιν</span> <span class='ocrx_word' id='word_1_270' title='bbox 479 2445 582 2515; x_wconf 83' lang='grc' dir='ltr'><strong>τῆς</strong></span> <span class='ocrx_word' id='word_1_271' title='bbox 612 2445 870 2516; x_wconf 77' lang='grc' dir='ltr'><strong>θεότητος</strong></span> <span class='ocrx_word' id='word_1_272' title='bbox 901 2450 1095 2507; x_wconf 83' lang='grc' dir='ltr'>αὐτοῦ.</span> 
     </span>
    </p>
   </div>
   <div class='ocr_carea' id='block_1_41' title="bbox 290 2535 1810 2621">
    <p class='ocr_par' dir='ltr' id='par_1_41' title="bbox 290 2535 1810 2621">
     <span class='ocr_line' id='line_1_41' title="bbox 290 2535 1810 2621; baseline 0.013 -32"><span class='ocrx_word' id='word_1_273' title='bbox 290 2535 462 2606; x_wconf 79' lang='grc' dir='ltr'>Λέγει</span> <span class='ocrx_word' id='word_1_274' title='bbox 492 2568 564 2579; x_wconf 93' lang='grc'><strong>-</strong></span> <span class='ocrx_word' id='word_1_275' title='bbox 598 2542 967 2612; x_wconf 52' lang='grc' dir='ltr'>τοσούτουςῇ</span> <span class='ocrx_word' id='word_1_276' title='bbox 1021 2545 1110 2597; x_wconf 82' lang='grc' dir='ltr'>Ἐν</span> <span class='ocrx_word' id='word_1_277' title='bbox 1152 2546 1229 2616; x_wconf 80' lang='grc' dir='ltr'><strong>τῷ</strong></span> <span class='ocrx_word' id='word_1_278' title='bbox 1256 2549 1491 2621; x_wconf 75' lang='grc' dir='ltr'><strong>εἰκοστῷ</strong></span> <span class='ocrx_word' id='word_1_279' title='bbox 1530 2552 1674 2621; x_wconf 77' lang='grc' dir='ltr'>ἕκτῳ</span> <span class='ocrx_word' id='word_1_280' title='bbox 1716 2572 1810 2607; x_wconf 88' lang='grc' dir='ltr'><strong>κε-</strong></span> 
     </span>
    </p>
   </div>
   <div class='ocr_carea' id='block_1_42' title="bbox 212 2626 1807 2715">
    <p class='ocr_par' dir='ltr' id='par_1_42' title="bbox 212 2626 1807 2715">
     <span class='ocr_line' id='line_1_42' title="bbox 212 2626 1807 2715; baseline 0.011 -37"><span class='ocrx_word' id='word_1_281' title='bbox 212 2626 437 2698; x_wconf 81' lang='grc' dir='ltr'>φαλαίῳ</span> <span class='ocrx_word' id='word_1_282' title='bbox 475 2628 571 2681; x_wconf 85' lang='grc' dir='ltr'><strong>τοῦ</strong></span> <span class='ocrx_word' id='word_1_283' title='bbox 604 2632 889 2685; x_wconf 85' lang='grc' dir='ltr'>Ματθαίου</span> <span class='ocrx_word' id='word_1_284' title='bbox 924 2633 1041 2703; x_wconf 76' lang='grc'><strong>(35)</strong></span> <span class='ocrx_word' id='word_1_285' title='bbox 1076 2636 1174 2688; x_wconf 78' lang='grc' dir='ltr'><strong>καὶ</strong></span> <span class='ocrx_word' id='word_1_286' title='bbox 1208 2638 1339 2706; x_wconf 80' lang='grc' dir='ltr'>περὶ</span> <span class='ocrx_word' id='word_1_287' title='bbox 1372 2640 1567 2694; x_wconf 76' lang='grc' dir='ltr'>τούτου</span> <span class='ocrx_word' id='word_1_288' title='bbox 1604 2642 1807 2715; x_wconf 79' lang='grc' dir='ltr'>διείλη-</span> 
     </span>
    </p>
   </div>
   <div class='ocr_carea' id='block_1_43' title="bbox 216 2720 1810 2811">
    <p class='ocr_par' dir='ltr' id='par_1_43' title="bbox 216 2720 1810 2811">
     <span class='ocr_line' id='line_1_43' title="bbox 216 2720 1810 2811; baseline 0.014 -40"><span class='ocrx_word' id='word_1_289' title='bbox 216 2723 376 2773; x_wconf 76' lang='grc' dir='ltr'>πται.</span> <span class='ocrx_word' id='word_1_290' title='bbox 413 2720 789 2795; x_wconf 74' lang='grc' dir='ltr'>’Υψηλοτέραν</span> <span class='ocrx_word' id='word_1_291' title='bbox 814 2725 917 2795; x_wconf 83' lang='grc' dir='ltr'>μὲν</span> <span class='ocrx_word' id='word_1_292' title='bbox 947 2725 1042 2780; x_wconf 79' lang='grc' dir='ltr'>οὖν</span> <span class='ocrx_word' id='word_1_293' title='bbox 1070 2728 1197 2799; x_wconf 80' lang='grc' dir='ltr'>ἔσχε</span> <span class='ocrx_word' id='word_1_294' title='bbox 1223 2731 1467 2786; x_wconf 80' lang='grc' dir='ltr'>διάνοιαν</span> <span class='ocrx_word' id='word_1_295' title='bbox 1500 2736 1530 2788; x_wconf 84' lang='grc' dir='ltr'>ὁ</span> <span class='ocrx_word' id='word_1_296' title='bbox 1553 2736 1810 2811; x_wconf 72' lang='grc' dir='ltr'>Ἀνδρέας</span> 
     </span>
    </p>
   </div>
   <div class='ocr_carea' id='block_1_44' title="bbox 217 2812 1809 2898">
    <p class='ocr_par' dir='ltr' id='par_1_44' title="bbox 217 2812 1809 2898">
     <span class='ocr_line' id='line_1_44' title="bbox 217 2812 1809 2898; baseline 0.015 -35"><span class='ocrx_word' id='word_1_297' title='bbox 217 2812 372 2882; x_wconf 79' lang='grc' dir='ltr'><strong>παρά</strong></span> <span class='ocrx_word' id='word_1_298' title='bbox 400 2813 492 2867; x_wconf 84' lang='grc' dir='ltr'><strong>τὸν</strong></span> <span class='ocrx_word' id='word_1_299' title='bbox 519 2814 807 2869; x_wconf 76' lang='grc' dir='ltr'>Φίλιππον·</span> <span class='ocrx_word' id='word_1_300' title='bbox 849 2819 953 2873; x_wconf 84' lang='grc' dir='ltr'><strong>οὐκ</strong></span> <span class='ocrx_word' id='word_1_301' title='bbox 992 2820 1198 2891; x_wconf 76' lang='grc' dir='ltr'>ἔφθασε</span> <span class='ocrx_word' id='word_1_302' title='bbox 1223 2825 1281 2877; x_wconf 83' lang='grc' dir='ltr'>δὲ</span> <span class='ocrx_word' id='word_1_303' title='bbox 1323 2826 1463 2898; x_wconf 86' lang='grc' dir='ltr'>πρὸς</span> <span class='ocrx_word' id='word_1_304' title='bbox 1491 2828 1551 2881; x_wconf 80' lang='grc' dir='ltr'>τὸ</span> <span class='ocrx_word' id='word_1_305' title='bbox 1580 2830 1809 2888; x_wconf 83' lang='grc' dir='ltr'>τέλειον.</span> 
     </span>
    </p>
   </div>
   <div class='ocr_carea' id='block_1_45' title="bbox 226 2905 1810 2984">
    <p class='ocr_par' dir='ltr' id='par_1_45' title="bbox 226 2905 1810 2984">
     <span class='ocr_line' id='line_1_45' title="bbox 226 2905 1810 2984; baseline 0.013 -27"><span class='ocrx_word' id='word_1_306' title='bbox 226 2905 484 2974; x_wconf 84' lang='grc' dir='ltr'>Ἐνόμισε</span> <span class='ocrx_word' id='word_1_307' title='bbox 539 2908 651 2981; x_wconf 75' lang='grc' dir='ltr'><strong>γὰρ</strong></span> <span class='ocrx_word' id='word_1_308' title='bbox 702 2911 786 2964; x_wconf 78' lang='grc' dir='ltr'><strong>ὅτι</strong></span> <span class='ocrx_word' id='word_1_309' title='bbox 845 2913 957 2967; x_wconf 81' lang='grc' dir='ltr'>ἀπὸ</span> <span class='ocrx_word' id='word_1_310' title='bbox 1019 2916 1121 2984; x_wconf 77' lang='grc' dir='ltr'>μὲν</span> <span class='ocrx_word' id='word_1_311' title='bbox 1184 2918 1486 2973; x_wconf 70' lang='grc' dir='ltr'>ἐλαττόνων</span> <span class='ocrx_word' id='word_1_312' title='bbox 1548 2921 1810 2977; x_wconf 78' lang='grc' dir='ltr'>ἐλάττονα</span> 
     </span>
    </p>
   </div>
   <div class='ocr_carea' id='block_1_46' title="bbox 213 2998 1811 3084">
    <p class='ocr_par' dir='ltr' id='par_1_46' title="bbox 213 2998 1811 3084">
     <span class='ocr_line' id='line_1_46' title="bbox 213 2998 1811 3084; baseline 0.016 -35"><span class='ocrx_word' id='word_1_313' title='bbox 213 2998 457 3065; x_wconf 86' lang='grc' dir='ltr'>ποιήσει,</span> <span class='ocrx_word' id='word_1_314' title='bbox 481 3001 593 3054; x_wconf 78' lang='grc' dir='ltr'>ἀπὸ</span> <span class='ocrx_word' id='word_1_315' title='bbox 632 3003 689 3055; x_wconf 80' lang='grc' dir='ltr'>δὲ</span> <span class='ocrx_word' id='word_1_316' title='bbox 722 3004 989 3060; x_wconf 80' lang='grc' dir='ltr'>πλειόνων</span> <span class='ocrx_word' id='word_1_317' title='bbox 1038 3008 1261 3063; x_wconf 84' lang='grc' dir='ltr'>πλείονα</span> <span class='ocrx_word' id='word_1_318' title='bbox 1312 3014 1450 3084; x_wconf 71' lang='grc'><strong>(54).</strong></span> <span class='ocrx_word' id='word_1_319' title='bbox 1501 3014 1601 3069; x_wconf 87' lang='grc' dir='ltr'>Διά</span> <span class='ocrx_word' id='word_1_320' title='bbox 1648 3016 1811 3075; x_wconf 80' lang='grc' dir='ltr'>τοῦτο</span> 
     </span>
    </p>
   </div>
   <div class='ocr_carea' id='block_1_47' title="bbox 211 3087 1808 3174">
    <p class='ocr_par' dir='ltr' id='par_1_47' title="bbox 211 3087 1808 3174">
     <span class='ocr_line' id='line_1_47' title="bbox 211 3087 1808 3174; baseline 0.016 -36"><span class='ocrx_word' id='word_1_321' title='bbox 211 3087 580 3160; x_wconf 63' lang='grc' dir='ltr'>προσέθηκεν</span> <span class='ocrx_word' id='word_1_322' title='bbox 624 3090 814 3148; x_wconf 74' lang='grc' dir='ltr'>Ἀλλὰ</span> <span class='ocrx_word' id='word_1_323' title='bbox 842 3095 1030 3152; x_wconf 81' lang='grc' dir='ltr'>ταῦτα</span> <span class='ocrx_word' id='word_1_324' title='bbox 1049 3100 1109 3152; x_wconf 83' lang='grc' dir='ltr'>τι</span> <span class='ocrx_word' id='word_1_325' title='bbox 1133 3100 1308 3155; x_wconf 85' lang='grc' dir='ltr'>ἐστιν</span> <span class='ocrx_word' id='word_1_326' title='bbox 1330 3105 1417 3168; x_wconf 79' lang='grc' dir='ltr'>εὶς</span> <span class='ocrx_word' id='word_1_327' title='bbox 1442 3106 1776 3173; x_wconf 81' lang='grc' dir='ltr'>τοσούτους</span> <span class='ocrx_word' id='word_1_328' title='bbox 1786 3124 1808 3174; x_wconf 92' lang='grc'><em>;</em></span> 
     </span>
    </p>
   </div>
   <div class='ocr_carea' id='block_1_48' title="bbox 283 3270 1805 3355">
    <p class='ocr_par' dir='ltr' id='par_1_48' title="bbox 283 3270 1805 3355">
     <span class='ocr_line' id='line_1_48' title="bbox 283 3270 1805 3355; baseline 0.011 -29"><span class='ocrx_word' id='word_1_329' title='bbox 283 3270 431 3330; x_wconf 77' lang='grc' dir='ltr'><strong>Εἷπε</strong></span> <span class='ocrx_word' id='word_1_330' title='bbox 469 3305 538 3316; x_wconf 91' lang='lat'><strong>-—</strong></span> <span class='ocrx_word' id='word_1_331' title='bbox 566 3279 1073 3347; x_wconf 74' lang='grc' dir='ltr'>πεντακισχίλιοι.</span> <span class='ocrx_word' id='word_1_332' title='bbox 1107 3280 1198 3334; x_wconf 85' lang='grc' dir='ltr'><strong>Ἐν</strong></span> <span class='ocrx_word' id='word_1_333' title='bbox 1244 3282 1321 3353; x_wconf 81' lang='grc' dir='ltr'>τῷ</span> <span class='ocrx_word' id='word_1_334' title='bbox 1368 3283 1667 3355; x_wconf 76' lang='grc' dir='ltr'>δηλωθέντι</span> <span class='ocrx_word' id='word_1_335' title='bbox 1712 3306 1805 3342; x_wconf 82' lang='grc' dir='ltr'><strong>κε-</strong></span> 
     </span>
    </p>
   </div>
   <div class='ocr_carea' id='block_1_49' title="bbox 211 3367 1807 3445">
    <p class='ocr_par' dir='ltr' id='par_1_49' title="bbox 211 3367 1807 3445">
     <span class='ocr_line' id='line_1_49' title="bbox 211 3367 1807 3445; baseline 0.009 -27"><span class='ocrx_word' id='word_1_336' title='bbox 211 3367 436 3438; x_wconf 77' lang='grc' dir='ltr'>φαλαίῳ</span> <span class='ocrx_word' id='word_1_337' title='bbox 466 3367 810 3439; x_wconf 79' lang='grc' dir='ltr'>πλατύτερον</span> <span class='ocrx_word' id='word_1_338' title='bbox 853 3370 986 3442; x_wconf 82' lang='grc' dir='ltr'>περὶ</span> <span class='ocrx_word' id='word_1_339' title='bbox 1027 3371 1237 3426; x_wconf 83' lang='grc' dir='ltr'>τούτων</span> <span class='ocrx_word' id='word_1_340' title='bbox 1264 3374 1505 3445; x_wconf 75' lang='grc' dir='ltr'>εἴρηται.</span> <span class='ocrx_word' id='word_1_341' title='bbox 1534 3378 1649 3431; x_wconf 83' lang='grc' dir='ltr'><strong>Οὐκ</strong></span> <span class='ocrx_word' id='word_1_342' title='bbox 1686 3379 1807 3432; x_wconf 82' lang='grc' dir='ltr'><strong>ἐθο-</strong></span> 
     </span>
    </p>
   </div>
   <div class='ocr_carea' id='block_1_50' title="bbox 213 3460 1807 3536">
    <p class='ocr_par' dir='ltr' id='par_1_50' title="bbox 213 3460 1807 3536">
     <span class='ocr_line' id='line_1_50' title="bbox 213 3460 1807 3536; baseline 0.008 -24"><span class='ocrx_word' id='word_1_343' title='bbox 213 3460 536 3532; x_wconf 74' lang='grc' dir='ltr'>ρυϐήθησαν</span> <span class='ocrx_word' id='word_1_344' title='bbox 563 3461 621 3514; x_wconf 75' lang='grc' dir='ltr'>δὲ</span> <span class='ocrx_word' id='word_1_345' title='bbox 660 3464 711 3515; x_wconf 80' lang='grc' dir='ltr'>οι</span> <span class='ocrx_word' id='word_1_346' title='bbox 748 3461 1029 3536; x_wconf 72' lang='grc' dir='ltr'>μαθηταὶ,</span> <span class='ocrx_word' id='word_1_347' title='bbox 1058 3463 1176 3518; x_wconf 85' lang='grc' dir='ltr'>ἀλλ’</span> <span class='ocrx_word' id='word_1_348' title='bbox 1207 3466 1410 3521; x_wconf 85' lang='grc' dir='ltr'>αὐτίκα</span> <span class='ocrx_word' id='word_1_349' title='bbox 1473 3469 1693 3536; x_wconf 81' lang='grc' dir='ltr'>γνόντες</span> <span class='ocrx_word' id='word_1_350' title='bbox 1725 3473 1807 3525; x_wconf 74' lang='grc' dir='ltr'><strong>ὅτι</strong></span> 
     </span>
    </p>
   </div>
   <div class='ocr_carea' id='block_1_51' title="bbox 210 3552 1712 3632">
    <p class='ocr_par' dir='ltr' id='par_1_51' title="bbox 210 3552 1712 3632">
     <span class='ocr_line' id='line_1_51' title="bbox 210 3552 1712 3632; baseline 0.008 -27"><span class='ocrx_word' id='word_1_351' title='bbox 210 3552 706 3624; x_wconf 76' lang='grc' dir='ltr'>θαυματουργῆσαι</span> <span class='ocrx_word' id='word_1_352' title='bbox 742 3555 951 3625; x_wconf 74' lang='grc' dir='ltr'>μέλλεν,</span> <span class='ocrx_word' id='word_1_353' title='bbox 987 3556 1330 3624; x_wconf 83' lang='grc' dir='ltr'>ἀδιστάκτως</span> <span class='ocrx_word' id='word_1_354' title='bbox 1369 3560 1712 3632; x_wconf 77' lang='grc' dir='ltr'><strong>ὑπήκουσαν.</strong></span> 
     </span>
    </p>
   </div>
   <div class='ocr_carea' id='block_1_52' title="bbox 287 3737 1804 3819">
    <p class='ocr_par' dir='ltr' id='par_1_52' title="bbox 287 3737 1804 3819">
     <span class='ocr_line' id='line_1_52' title="bbox 287 3737 1804 3819; baseline 0.011 -29"><span class='ocrx_word' id='word_1_355' title='bbox 287 3738 505 3792; x_wconf 75' lang='grc' dir='ltr'>Ἐλαόε</span> <span class='ocrx_word' id='word_1_356' title='bbox 536 3767 609 3778; x_wconf 94' lang='lat'><strong><em>—</em></strong></span> <span class='ocrx_word' id='word_1_357' title='bbox 644 3737 893 3808; x_wconf 74' lang='grc' dir='ltr'>ἤθελον.</span> <span class='ocrx_word' id='word_1_358' title='bbox 944 3740 1034 3795; x_wconf 86' lang='grc' dir='ltr'>Ἐν</span> <span class='ocrx_word' id='word_1_359' title='bbox 1058 3742 1257 3816; x_wconf 70' lang='grc' dir='ltr'>ἐκείνῳ</span> <span class='ocrx_word' id='word_1_360' title='bbox 1298 3746 1551 3819; x_wconf 78' lang='grc' dir='ltr'>καὶπερὶ</span> <span class='ocrx_word' id='word_1_361' title='bbox 1597 3751 1804 3806; x_wconf 81' lang='grc' dir='ltr'>τούτων</span> 
     </span>
    </p>
   </div>
   <div class='ocr_carea' id='block_1_53' title="bbox 206 3834 494 3905">
    <p class='ocr_par' dir='ltr' id='par_1_53' title="bbox 206 3834 494 3905">
     <span class='ocr_line' id='line_1_53' title="bbox 206 3834 494 3905; baseline 0.007 -18"><span class='ocrx_word' id='word_1_362' title='bbox 206 3834 494 3905; x_wconf 77' lang='grc' dir='ltr'>εὑρήσεις.</span> 
     </span>
    </p>
   </div>
   <div class='ocr_carea' id='block_1_54' title="bbox 293 3927 1799 4007">
    <p class='ocr_par' dir='ltr' id='par_1_54' title="bbox 293 3927 1799 4007">
     <span class='ocr_line' id='line_1_54' title="bbox 293 3927 1799 4007; baseline 0.011 -27"><span class='ocrx_word' id='word_1_363' title='bbox 293 3927 389 3993; x_wconf 85' lang='grc' dir='ltr'><strong>Ὠς</strong></span> <span class='ocrx_word' id='word_1_364' title='bbox 415 3957 487 3969; x_wconf 92' lang='grc'><strong><em>-</em></strong></span> <span class='ocrx_word' id='word_1_365' title='bbox 514 3928 920 3997; x_wconf 77' lang='grc' dir='ltr'>βεϐρωκόσιν.</span> <span class='ocrx_word' id='word_1_366' title='bbox 972 3929 1206 4002; x_wconf 82' lang='grc' dir='ltr'>Ὁμοίως</span> <span class='ocrx_word' id='word_1_367' title='bbox 1245 3934 1343 3988; x_wconf 77' lang='grc' dir='ltr'><strong>καὶ</strong></span> <span class='ocrx_word' id='word_1_368' title='bbox 1392 3936 1525 4007; x_wconf 84' lang='grc' dir='ltr'>περὶ</span> <span class='ocrx_word' id='word_1_369' title='bbox 1567 3938 1799 3997; x_wconf 82' lang='grc' dir='ltr'>τούτων.</span> 
     </span>
    </p>
   </div>
   <div class='ocr_carea' id='block_1_55' title="bbox 205 4018 1801 4099">
    <p class='ocr_par' dir='ltr' id='par_1_55' title="bbox 205 4018 1801 4099">
     <span class='ocr_line' id='line_1_55' title="bbox 205 4018 1801 4099; baseline 0.01 -28"><span class='ocrx_word' id='word_1_370' title='bbox 205 4018 502 4074; x_wconf 73' lang='grc' dir='ltr'>Ἐκὲλευσε</span> <span class='ocrx_word' id='word_1_371' title='bbox 577 4022 636 4075; x_wconf 77' lang='grc' dir='ltr'>δὲ</span> <span class='ocrx_word' id='word_1_372' title='bbox 689 4025 1022 4094; x_wconf 78' lang='grc' dir='ltr'>συναγαγεῖν</span> <span class='ocrx_word' id='word_1_373' title='bbox 1072 4025 1142 4079; x_wconf 81' lang='grc' dir='ltr'><strong>τὰ</strong></span> <span class='ocrx_word' id='word_1_374' title='bbox 1193 4028 1664 4099; x_wconf 80' lang='grc' dir='ltr'>περισσεύσαντα,</span> <span class='ocrx_word' id='word_1_375' title='bbox 1699 4033 1801 4088; x_wconf 77' lang='grc' dir='ltr'><strong>οὐκ</strong></span> 
     </span>
    </p>
   </div>
   <div class='ocr_carea' id='block_1_56' title="bbox 204 4113 1799 4195">
    <p class='ocr_par' dir='ltr' id='par_1_56' title="bbox 204 4113 1799 4195">
     <span class='ocr_line' id='line_1_56' title="bbox 204 4113 1799 4195; baseline 0.009 -28"><span class='ocrx_word' id='word_1_376' title='bbox 204 4113 523 4181; x_wconf 74' lang='grc' dir='ltr'>ἐπιδείξεως</span> <span class='ocrx_word' id='word_1_377' title='bbox 552 4115 897 4184; x_wconf 78' lang='grc' dir='ltr'>ἓνεκεν,ἀλλ⁹</span> <span class='ocrx_word' id='word_1_378' title='bbox 928 4118 1018 4172; x_wconf 79' lang='grc' dir='ltr'><strong>ἵνα</strong></span> <span class='ocrx_word' id='word_1_379' title='bbox 1050 4119 1127 4190; x_wconf 84' lang='grc' dir='ltr'>μὴ</span> <span class='ocrx_word' id='word_1_380' title='bbox 1158 4120 1290 4195; x_wconf 76' lang='grc' dir='ltr'>δόξῃ</span> <span class='ocrx_word' id='word_1_381' title='bbox 1319 4126 1597 4192; x_wconf 75' lang='grc' dir='ltr'>φαντασία</span> <span class='ocrx_word' id='word_1_382' title='bbox 1624 4144 1710 4191; x_wconf 85' lang='grc' dir='ltr'>τις</span> <span class='ocrx_word' id='word_1_383' title='bbox 1738 4128 1799 4182; x_wconf 84' lang='grc' dir='ltr'>τὸ</span> 
     </span>
    </p>
   </div>
   <div class='ocr_carea' id='block_1_57' title="bbox 204 4206 1800 4289">
    <p class='ocr_par' dir='ltr' id='par_1_57' title="bbox 204 4206 1800 4289">
     <span class='ocr_line' id='line_1_57' title="bbox 204 4206 1800 4289; baseline 0.009 -30"><span class='ocrx_word' id='word_1_384' title='bbox 204 4207 526 4277; x_wconf 85' lang='grc' dir='ltr'>γενόμενον.</span> <span class='ocrx_word' id='word_1_385' title='bbox 570 4206 667 4273; x_wconf 83' lang='grc' dir='ltr'><strong>Ἐξ</strong></span> <span class='ocrx_word' id='word_1_386' title='bbox 710 4209 1087 4281; x_wconf 77' lang='grc' dir='ltr'>ὑποκειμένης</span> <span class='ocrx_word' id='word_1_387' title='bbox 1128 4212 1185 4265; x_wconf 76' lang='grc' dir='ltr'>δὲ</span> <span class='ocrx_word' id='word_1_388' title='bbox 1225 4211 1361 4284; x_wconf 79' lang='grc' dir='ltr'>ὕλης</span> <span class='ocrx_word' id='word_1_389' title='bbox 1395 4216 1670 4289; x_wconf 79' lang='grc' dir='ltr'>ἐπλήθυνε</span> <span class='ocrx_word' id='word_1_390' title='bbox 1702 4219 1800 4274; x_wconf 78' lang='grc' dir='ltr'><strong>καὶ</strong></span> 
     </span>
    </p>
   </div>
   <div class='ocr_carea' id='block_1_58' title="bbox 200 4300 1795 4379">
    <p class='ocr_par' dir='ltr' id='par_1_58' title="bbox 200 4300 1795 4379">
     <span class='ocr_line' id='line_1_58' title="bbox 200 4300 1795 4379; baseline 0.008 -27"><span class='ocrx_word' id='word_1_391' title='bbox 200 4300 334 4365; x_wconf 77' lang='grc' dir='ltr'>τοὺς</span> <span class='ocrx_word' id='word_1_392' title='bbox 378 4300 577 4370; x_wconf 73' lang='grc' dir='ltr'>ἄρτους</span> <span class='ocrx_word' id='word_1_393' title='bbox 616 4301 712 4354; x_wconf 74' lang='grc' dir='ltr'><strong>καὶ</strong></span> <span class='ocrx_word' id='word_1_394' title='bbox 775 4303 903 4367; x_wconf 85' lang='grc' dir='ltr'><strong>τοὺς</strong></span> <span class='ocrx_word' id='word_1_395' title='bbox 944 4303 1136 4374; x_wconf 75' lang='grc' dir='ltr'><strong>ἰχθύας</strong></span> <span class='ocrx_word' id='word_1_396' title='bbox 1160 4343 1176 4369; x_wconf 89' lang='grc'><strong>,</strong></span> <span class='ocrx_word' id='word_1_397' title='bbox 1212 4306 1282 4359; x_wconf 82' lang='grc' dir='ltr'><strong>δι’</strong></span> <span class='ocrx_word' id='word_1_398' title='bbox 1324 4307 1458 4361; x_wconf 81' lang='grc' dir='ltr'>αὐτό</span> <span class='ocrx_word' id='word_1_399' title='bbox 1500 4326 1560 4361; x_wconf 87' lang='grc' dir='ltr'>τε</span> <span class='ocrx_word' id='word_1_400' title='bbox 1612 4310 1795 4379; x_wconf 86' lang='grc' dir='ltr'>τοῦτο,</span> 
     </span>
    </p>
   </div>
   <div class='ocr_carea' id='block_1_59' title="bbox 202 4393 1794 4473">
    <p class='ocr_par' dir='ltr' id='par_1_59' title="bbox 202 4393 1794 4473">
     <span class='ocr_line' id='line_1_59' title="bbox 202 4393 1794 4473; baseline 0.008 -28"><span class='ocrx_word' id='word_1_401' title='bbox 202 4394 300 4446; x_wconf 73' lang='grc' dir='ltr'><strong>καὶ</strong></span> <span class='ocrx_word' id='word_1_402' title='bbox 316 4393 405 4445; x_wconf 73' lang='grc' dir='ltr'><strong>ἶνα</strong></span> <span class='ocrx_word' id='word_1_403' title='bbox 424 4394 686 4466; x_wconf 78' lang='grc' dir='ltr'>ὲμφραγῇ</span> <span class='ocrx_word' id='word_1_404' title='bbox 703 4394 773 4447; x_wconf 86' lang='grc' dir='ltr'><strong>τὰ</strong></span> <span class='ocrx_word' id='word_1_405' title='bbox 792 4394 1039 4466; x_wconf 85' lang='grc' dir='ltr'>στόματα</span> <span class='ocrx_word' id='word_1_406' title='bbox 1060 4396 1169 4449; x_wconf 86' lang='grc' dir='ltr'>τῶν</span> <span class='ocrx_word' id='word_1_407' title='bbox 1194 4398 1633 4467; x_wconf 82' lang='grc' dir='ltr'>Μαρκιωνιστῶν</span> <span class='ocrx_word' id='word_1_408' title='bbox 1653 4401 1794 4473; x_wconf 80' lang='grc'><strong>(55),</strong></span> 
     </span>
    </p>
   </div>
   <div class='ocr_carea' id='block_1_60' title="bbox 198 4486 1795 4563">
    <p class='ocr_par' dir='ltr' id='par_1_60' title="bbox 198 4486 1795 4563">
     <span class='ocr_line' id='line_1_60' title="bbox 198 4486 1795 4563; baseline 0.008 -25"><span class='ocrx_word' id='word_1_409' title='bbox 198 4486 405 4548; x_wconf 78' lang='grc' dir='ltr'>οἵτινες</span> <span class='ocrx_word' id='word_1_410' title='bbox 446 4486 796 4540; x_wconf 78' lang='grc' dir='ltr'>διαϐάλλουσι</span> <span class='ocrx_word' id='word_1_411' title='bbox 837 4487 939 4560; x_wconf 78' lang='grc' dir='ltr'><strong>τὴν</strong></span> <span class='ocrx_word' id='word_1_412' title='bbox 983 4488 1186 4555; x_wconf 80' lang='grc' dir='ltr'>κτίσιν,</span> <span class='ocrx_word' id='word_1_413' title='bbox 1237 4490 1541 4563; x_wconf 80' lang='grc' dir='ltr'>ληροῦντες</span> <span class='ocrx_word' id='word_1_414' title='bbox 1579 4495 1663 4549; x_wconf 87' lang='grc' dir='ltr'><strong>ὃτι</strong></span> <span class='ocrx_word' id='word_1_415' title='bbox 1692 4498 1795 4551; x_wconf 81' lang='grc' dir='ltr'><strong>οὐκ</strong></span> 
     </span>
    </p>
   </div>
   <div class='ocr_carea' id='block_1_61' title="bbox 200 4577 1092 4653">
    <p class='ocr_par' dir='ltr' id='par_1_61' title="bbox 200 4577 1092 4653">
     <span class='ocr_line' id='line_1_61' title="bbox 200 4577 1092 4653; baseline 0.007 -22"><span class='ocrx_word' id='word_1_416' title='bbox 200 4578 355 4632; x_wconf 85' lang='grc' dir='ltr'>ιστιν</span> <span class='ocrx_word' id='word_1_417' title='bbox 384 4577 528 4652; x_wconf 79' lang='grc' dir='ltr'><strong>αὕτη</strong></span> <span class='ocrx_word' id='word_1_418' title='bbox 557 4580 774 4653; x_wconf 82' lang='grc' dir='ltr'>ποίημα</span> <span class='ocrx_word' id='word_1_419' title='bbox 806 4581 902 4636; x_wconf 81' lang='grc' dir='ltr'><strong>τοῦ</strong></span> <span class='ocrx_word' id='word_1_420' title='bbox 932 4581 1092 4639; x_wconf 84' lang='grc' dir='ltr'>Θεοῦ.</span> 
     </span>
    </p>
   </div>
   <div class='ocr_carea' id='block_1_62' title="bbox 282 4763 1796 4843">
    <p class='ocr_par' dir='ltr' id='par_1_62' title="bbox 282 4763 1796 4843">
     <span class='ocr_line' id='line_1_62' title="bbox 282 4763 1796 4843; baseline 0.007 -26"><span class='ocrx_word' id='word_1_421' title='bbox 282 4765 349 4817; x_wconf 79' lang='lat' dir='ltr'><strong>Ol</strong></span> <span class='ocrx_word' id='word_1_422' title='bbox 376 4792 449 4803; x_wconf 91' lang='lat'><strong>—</strong></span> <span class='ocrx_word' id='word_1_423' title='bbox 477 4763 730 4833; x_wconf 80' lang='grc' dir='ltr'>κόσμον.</span> <span class='ocrx_word' id='word_1_424' title='bbox 760 4764 833 4817; x_wconf 76' lang='grc' dir='ltr'><strong>’Ὠ</strong></span> <span class='ocrx_word' id='word_1_425' title='bbox 861 4764 1135 4837; x_wconf 81' lang='grc' dir='ltr'>προδήλου</span> <span class='ocrx_word' id='word_1_426' title='bbox 1174 4769 1654 4840; x_wconf 76' lang='grc' dir='ltr'>γαστριμαργίαςί</span> <span class='ocrx_word' id='word_1_427' title='bbox 1693 4790 1796 4843; x_wconf 90' lang='grc' dir='ltr'>μυ-</span> 
     </span>
    </p>
   </div>
   <div class='ocr_carea' id='block_1_63' title="bbox 201 4857 1791 4935">
    <p class='ocr_par' dir='ltr' id='par_1_63' title="bbox 201 4857 1791 4935">
     <span class='ocr_line' id='line_1_63' title="bbox 201 4857 1791 4935; baseline 0.007 -25"><span class='ocrx_word' id='word_1_428' title='bbox 201 4857 297 4929; x_wconf 86' lang='grc' dir='ltr'><strong>ρία</strong></span> <span class='ocrx_word' id='word_1_429' title='bbox 338 4858 439 4928; x_wconf 74' lang='grc' dir='ltr'>μὲν</span> <span class='ocrx_word' id='word_1_430' title='bbox 469 4858 737 4929; x_wconf 77' lang='grc' dir='ltr'>πρότερον</span> <span class='ocrx_word' id='word_1_431' title='bbox 768 4859 1196 4932; x_wconf 78' lang='grc' dir='ltr'>θαυμαστότερα</span> <span class='ocrx_word' id='word_1_432' title='bbox 1228 4861 1424 4917; x_wconf 81' lang='grc' dir='ltr'>τούτου</span> <span class='ocrx_word' id='word_1_433' title='bbox 1456 4864 1791 4935; x_wconf 83' lang='grc' dir='ltr'>θεασάμενοι</span> 
     </span>
    </p>
   </div>
   <div class='ocr_carea' id='block_1_64' title="bbox 196 4951 1787 5031">
    <p class='ocr_par' dir='ltr' id='par_1_64' title="bbox 196 4951 1787 5031">
     <span class='ocr_line' id='line_1_64' title="bbox 196 4951 1787 5031; baseline 0.005 -25"><span class='ocrx_word' id='word_1_434' title='bbox 196 4951 357 5006; x_wconf 78' lang='grc' dir='ltr'>οὐδὲν</span> <span class='ocrx_word' id='word_1_435' title='bbox 398 4952 646 5006; x_wconf 81' lang='grc' dir='ltr'>τοιοῦτον</span> <span class='ocrx_word' id='word_1_436' title='bbox 684 4952 1083 5025; x_wconf 64' lang='grc' dir='ltr'>ὡμολόγησαν·</span> <span class='ocrx_word' id='word_1_437' title='bbox 1137 4957 1227 5009; x_wconf 85' lang='grc' dir='ltr'><strong>ὅτε</strong></span> <span class='ocrx_word' id='word_1_438' title='bbox 1279 4956 1337 5009; x_wconf 83' lang='grc' dir='ltr'>δὲ</span> <span class='ocrx_word' id='word_1_439' title='bbox 1382 4958 1787 5031; x_wconf 76' lang='grc' dir='ltr'>ἐνεπλήοήσαν,</span> 
     </span>
    </p>
   </div>
   <div class='ocr_carea' id='block_1_65' title="bbox 195 5039 1784 5123">
    <p class='ocr_par' dir='ltr' id='par_1_65' title="bbox 195 5039 1784 5123">
     <span class='ocr_line' id='line_1_65' title="bbox 195 5039 1784 5123; baseline 0.006 -27"><span class='ocrx_word' id='word_1_440' title='bbox 195 5045 322 5097; x_wconf 83' lang='grc' dir='ltr'>τότε</span> <span class='ocrx_word' id='word_1_441' title='bbox 352 5043 545 5098; x_wconf 80' lang='grc' dir='ltr'>τοῦτον</span> <span class='ocrx_word' id='word_1_442' title='bbox 586 5039 729 5099; x_wconf 77' lang='grc' dir='ltr'>εἶναι</span> <span class='ocrx_word' id='word_1_443' title='bbox 777 5044 871 5101; x_wconf 83' lang='grc' dir='ltr'><strong>τὸν</strong></span> <span class='ocrx_word' id='word_1_444' title='bbox 910 5046 1200 5118; x_wconf 86' lang='grc' dir='ltr'>προφήτην</span> <span class='ocrx_word' id='word_1_445' title='bbox 1245 5047 1458 5117; x_wconf 77' lang='grc' dir='ltr'>ἔλεγον,</span> <span class='ocrx_word' id='word_1_446' title='bbox 1490 5051 1583 5103; x_wconf 87' lang='grc' dir='ltr'><strong>τὸν</strong></span> <span class='ocrx_word' id='word_1_447' title='bbox 1612 5070 1784 5123; x_wconf 81' lang='grc' dir='ltr'>προσ-</span> 
     </span>
    </p>
   </div>
   <div class='ocr_carea' id='block_1_66' title="bbox 195 5134 1708 5211">
    <p class='ocr_par' dir='ltr' id='par_1_66' title="bbox 195 5134 1708 5211">
     <span class='ocr_line' id='line_1_66' title="bbox 195 5134 1708 5211; baseline 0.004 -20"><span class='ocrx_word' id='word_1_448' title='bbox 195 5134 511 5207; x_wconf 79' lang='grc' dir='ltr'>δοκώμενον</span> <span class='ocrx_word' id='word_1_449' title='bbox 540 5136 727 5202; x_wconf 85' lang='grc' dir='ltr'>αὐτοῖς</span> <span class='ocrx_word' id='word_1_450' title='bbox 762 5137 873 5192; x_wconf 85' lang='grc' dir='ltr'>ἀπὸ</span> <span class='ocrx_word' id='word_1_451' title='bbox 899 5138 999 5210; x_wconf 81' lang='grc' dir='ltr'><strong>τῆς</strong></span> <span class='ocrx_word' id='word_1_452' title='bbox 1026 5139 1309 5205; x_wconf 75' lang='grc' dir='ltr'>Μωῦσέως</span> <span class='ocrx_word' id='word_1_453' title='bbox 1345 5142 1708 5211; x_wconf 68' lang='grc' dir='ltr'>ἐπαγγελίας.</span> 
     </span>
    </p>
   </div>
   <div class='ocr_carea' id='block_1_67' title="bbox 303 5296 1316 5369">
    <p class='ocr_par' dir='ltr' id='par_1_67' title="bbox 303 5296 1316 5369">
     <span class='ocr_line' id='line_1_67' title="bbox 303 5296 1316 5369; baseline 0.005 -17"><span class='ocrx_word' id='word_1_454' title='bbox 303 5298 325 5330; x_wconf 88' lang='grc'><strong><em>⁸</em></strong></span> <span class='ocrx_word' id='word_1_455' title='bbox 347 5296 542 5354; x_wconf 74' lang='lat' dir='ltr'><strong>Matth.</strong></span> <span class='ocrx_word' id='word_1_456' title='bbox 563 5314 674 5366; x_wconf 70' lang='lat' dir='ltr'><strong>xxv,</strong></span> <span class='ocrx_word' id='word_1_457' title='bbox 698 5298 789 5357; x_wconf 86' lang='grc'><strong>16.</strong></span> <span class='ocrx_word' id='word_1_458' title='bbox 898 5300 921 5333; x_wconf 83' lang='grc'><strong>⁷</strong></span> <span class='ocrx_word' id='word_1_459' title='bbox 937 5298 1077 5357; x_wconf 85' lang='lat' dir='ltr'><strong>Gen.</strong></span> <span class='ocrx_word' id='word_1_460' title='bbox 1105 5318 1241 5369; x_wconf 78' lang='lat' dir='ltr'><strong>xx&quot;,</strong></span> <span class='ocrx_word' id='word_1_461' title='bbox 1268 5304 1316 5357; x_wconf 94' lang='grc'><strong>1.</strong></span> 
     </span>
    </p>
   </div>
   <div class='ocr_carea' id='block_1_68' title="bbox 1919 2006 3506 2080">
    <p class='ocr_par' dir='ltr' id='par_1_68' title="bbox 1919 2006 3506 2080">
     <span class='ocr_line' id='line_1_68' title="bbox 1919 2006 3506 2080; baseline 0.004 -21"><span class='ocrx_word' id='word_1_462' title='bbox 1919 2006 2047 2059; x_wconf 87' lang='lat' dir='ltr'><strong>ham</strong></span> <span class='ocrx_word' id='word_1_463' title='bbox 2082 2024 2098 2072; x_wconf 91' lang='lat'><strong>;</strong></span> <span class='ocrx_word' id='word_1_464' title='bbox 2151 2009 2413 2078; x_wconf 85' lang='lat' dir='ltr'><strong>scriptum</strong></span> <span class='ocrx_word' id='word_1_465' title='bbox 2470 2020 2555 2063; x_wconf 90' lang='lat' dir='ltr'><strong>est</strong></span> <span class='ocrx_word' id='word_1_466' title='bbox 2613 2011 2785 2073; x_wconf 87' lang='lat' dir='ltr'><strong>enim,</strong></span> <span class='ocrx_word' id='word_1_467' title='bbox 2822 2011 2972 2080; x_wconf 87' lang='lat' dir='ltr'><strong>quod</strong></span> <span class='ocrx_word' id='word_1_468' title='bbox 3005 2012 3172 2067; x_wconf 82' lang='lat' dir='ltr'><strong>etiam</strong></span> <span class='ocrx_word' id='word_1_469' title='bbox 3208 2014 3506 2067; x_wconf 84' lang='lat' dir='ltr'><strong>tentaverit</strong></span> 
     </span>
    </p>
   </div>
   <div class='ocr_carea' id='block_1_69' title="bbox 1918 2085 3505 2167">
    <p class='ocr_par' dir='ltr' id='par_1_69' title="bbox 1918 2085 3505 2167">
     <span class='ocr_line' id='line_1_69' title="bbox 1918 2085 3505 2167; baseline 0.006 -16"><span class='ocrx_word' id='word_1_470' title='bbox 1918 2098 2063 2154; x_wconf 90' lang='lat' dir='ltr'><strong>Deus</strong></span> <span class='ocrx_word' id='word_1_471' title='bbox 2086 2085 2382 2167; x_wconf 52' lang='lat' dir='ltr'><strong>&#39;Abrahal’n,</strong></span> <span class='ocrx_word' id='word_1_472' title='bbox 2420 2119 2545 2158; x_wconf 91' lang='lat' dir='ltr'><strong>cum</strong></span> <span class='ocrx_word' id='word_1_473' title='bbox 2575 2103 2777 2159; x_wconf 81' lang='lat' dir='ltr'><strong>otl&#39;erre</strong></span> <span class='ocrx_word' id='word_1_474' title='bbox 2821 2104 2868 2159; x_wconf 91' lang='lat' dir='ltr'><strong>ei</strong></span> <span class='ocrx_word' id='word_1_475' title='bbox 2910 2104 3082 2160; x_wconf 83' lang='lat' dir='ltr'><strong>lilium</strong></span> <span class='ocrx_word' id='word_1_476' title='bbox 3109 2122 3269 2161; x_wconf 87' lang='lat' dir='ltr'><strong>suum</strong></span> <span class='ocrx_word' id='word_1_477' title='bbox 3297 2107 3350 2160; x_wconf 93' lang='lat' dir='ltr'><strong>in</strong></span> <span class='ocrx_word' id='word_1_478' title='bbox 3406 2107 3505 2160; x_wconf 88' lang='lat' dir='ltr'><strong>ho-</strong></span> 
     </span>
    </p>
   </div>
   <div class='ocr_carea' id='block_1_70' title="bbox 1915 2193 2564 2266">
    <p class='ocr_par' dir='ltr' id='par_1_70' title="bbox 1915 2193 2564 2266">
     <span class='ocr_line' id='line_1_70' title="bbox 1915 2193 2564 2266; baseline 0.009 -21"><span class='ocrx_word' id='word_1_479' title='bbox 1915 2193 2222 2249; x_wconf 84' lang='lat' dir='ltr'><strong>locaustum</strong></span> <span class='ocrx_word' id='word_1_480' title='bbox 2246 2198 2510 2266; x_wconf 72' lang='lat' dir='ltr'><strong>praecepit</strong></span> <span class='ocrx_word' id='word_1_481' title='bbox 2544 2200 2564 2229; x_wconf 72' lang='grc' dir='ltr'><strong><em>τ</em></strong></span> 
     </span>
    </p>
   </div>
   <div class='ocr_carea' id='block_1_71' title="bbox 1988 2285 3499 2359">
    <p class='ocr_par' dir='ltr' id='par_1_71' title="bbox 1988 2285 3499 2359">
     <span class='ocr_line' id='line_1_71' title="bbox 1988 2285 3499 2359; baseline 0 -19"><span class='ocrx_word' id='word_1_482' title='bbox 1988 2285 2145 2342; x_wconf 81' lang='lat' dir='ltr'><strong>Vers.</strong></span> <span class='ocrx_word' id='word_1_483' title='bbox 2194 2288 2247 2341; x_wconf 87' lang='lat'><strong>7.</strong></span> <span class='ocrx_word' id='word_1_484' title='bbox 2302 2288 2918 2359; x_wconf 78' lang='lat' dir='ltr'><strong>Respondit—accipiat.</strong></span> <span class='ocrx_word' id='word_1_485' title='bbox 2965 2289 3099 2343; x_wconf 82' lang='lat' dir='ltr'><strong>Vide</strong></span> <span class='ocrx_word' id='word_1_486' title='bbox 3149 2287 3499 2343; x_wconf 74' lang='lat' dir='ltr'><strong>imbecillita-</strong></span> 
     </span>
    </p>
   </div>
   <div class='ocr_carea' id='block_1_72' title="bbox 1917 2381 3502 2454">
    <p class='ocr_par' dir='ltr' id='par_1_72' title="bbox 1917 2381 3502 2454">
     <span class='ocr_line' id='line_1_72' title="bbox 1917 2381 3502 2454; baseline 0.001 -21"><span class='ocrx_word' id='word_1_487' title='bbox 1917 2390 2026 2434; x_wconf 88' lang='lat' dir='ltr'><strong>tem</strong></span> <span class='ocrx_word' id='word_1_488' title='bbox 2061 2382 2264 2436; x_wconf 90' lang='lat' dir='ltr'><strong>meutis</strong></span> <span class='ocrx_word' id='word_1_489' title='bbox 2292 2383 2549 2453; x_wconf 82' lang='lat' dir='ltr'><strong>Philippi,</strong></span> <span class='ocrx_word' id='word_1_490' title='bbox 2575 2384 2667 2454; x_wconf 85' lang='lat' dir='ltr'><strong>qui</strong></span> <span class='ocrx_word' id='word_1_491' title='bbox 2719 2384 2980 2438; x_wconf 87' lang='lat' dir='ltr'><strong>virtutem</strong></span> <span class='ocrx_word' id='word_1_492' title='bbox 3040 2381 3351 2437; x_wconf 81' lang='lat' dir='ltr'><strong>divinitatis</strong></span> <span class='ocrx_word' id='word_1_493' title='bbox 3380 2381 3502 2451; x_wconf 85' lang='lat' dir='ltr'><strong>ejus</strong></span> 
     </span>
    </p>
   </div>
   <div class='ocr_carea' id='block_1_73' title="bbox 1916 2472 2637 2544">
    <p class='ocr_par' dir='ltr' id='par_1_73' title="bbox 1916 2472 2637 2544">
     <span class='ocr_line' id='line_1_73' title="bbox 1916 2472 2637 2544; baseline 0.001 -19"><span class='ocrx_word' id='word_1_494' title='bbox 1916 2472 2227 2543; x_wconf 76' lang='lat' dir='ltr'><strong>intelligere</strong></span> <span class='ocrx_word' id='word_1_495' title='bbox 2257 2490 2366 2529; x_wconf 90' lang='lat' dir='ltr'><strong>non</strong></span> <span class='ocrx_word' id='word_1_496' title='bbox 2397 2483 2637 2544; x_wconf 86' lang='lat' dir='ltr'><strong>poterat.</strong></span> 
     </span>
    </p>
   </div>
   <div class='ocr_carea' id='block_1_74' title="bbox 1983 2565 3508 2635">
    <p class='ocr_par' dir='ltr' id='par_1_74' title="bbox 1983 2565 3508 2635">
     <span class='ocr_line' id='line_1_74' title="bbox 1983 2565 3508 2635; baseline 0.001 -15"><span class='ocrx_word' id='word_1_497' title='bbox 1983 2565 2146 2622; x_wconf 65' lang='lat' dir='ltr'><strong>Vers.</strong></span> <span class='ocrx_word' id='word_1_498' title='bbox 2205 2567 2261 2623; x_wconf 89' lang='lat'><strong>8.</strong></span> <span class='ocrx_word' id='word_1_499' title='bbox 2320 2566 2736 2623; x_wconf 70' lang='lat' dir='ltr'><strong>Dicit—Vers.</strong></span> <span class='ocrx_word' id='word_1_500' title='bbox 2796 2567 2851 2623; x_wconf 88' lang='lat'><strong>9.</strong></span> <span class='ocrx_word' id='word_1_501' title='bbox 2907 2569 3151 2635; x_wconf 58' lang='lat' dir='ltr'><strong>mullos!</strong></span> <span class='ocrx_word' id='word_1_502' title='bbox 3227 2567 3508 2623; x_wconf 79' lang='lat' dir='ltr'><strong>Vieesimo</strong></span> 
     </span>
    </p>
   </div>
   <div class='ocr_carea' id='block_1_75' title="bbox 1915 2660 3501 2732">
    <p class='ocr_par' dir='ltr' id='par_1_75' title="bbox 1915 2660 3501 2732">
     <span class='ocr_line' id='line_1_75' title="bbox 1915 2660 3501 2732; baseline -0.001 -17"><span class='ocrx_word' id='word_1_503' title='bbox 1915 2669 2073 2715; x_wconf 78' lang='lat' dir='ltr'><strong>sexto</strong></span> <span class='ocrx_word' id='word_1_504' title='bbox 2103 2660 2581 2732; x_wconf 80' lang='lat' dir='ltr'><strong>eapiteEvangelii</strong></span> <span class='ocrx_word' id='word_1_505' title='bbox 2627 2661 2780 2731; x_wconf 75' lang='lat' dir='ltr'><strong>juxta</strong></span> <span class='ocrx_word' id='word_1_506' title='bbox 2840 2660 3155 2716; x_wconf 67' lang='lat' dir='ltr'><strong>Matthasum</strong></span> <span class='ocrx_word' id='word_1_507' title='bbox 3210 2660 3374 2714; x_wconf 87' lang='lat' dir='ltr'><strong>etiam</strong></span> <span class='ocrx_word' id='word_1_508' title='bbox 3431 2662 3501 2713; x_wconf 86' lang='lat' dir='ltr'><strong>de</strong></span> 
     </span>
    </p>
   </div>
   <div class='ocr_carea' id='block_1_76' title="bbox 1914 2753 3503 2822">
    <p class='ocr_par' dir='ltr' id='par_1_76' title="bbox 1914 2753 3503 2822">
     <span class='ocr_line' id='line_1_76' title="bbox 1914 2753 3503 2822; baseline -0.001 -15"><span class='ocrx_word' id='word_1_509' title='bbox 1914 2755 2021 2808; x_wconf 90' lang='lat' dir='ltr'><strong>hoc</strong></span> <span class='ocrx_word' id='word_1_510' title='bbox 2060 2754 2397 2822; x_wconf 87' lang='lat' dir='ltr'><strong>disputatum</strong></span> <span class='ocrx_word' id='word_1_511' title='bbox 2447 2764 2551 2809; x_wconf 91' lang='lat' dir='ltr'><strong>est.</strong></span> <span class='ocrx_word' id='word_1_512' title='bbox 2594 2753 2964 2808; x_wconf 79' lang='lat' dir='ltr'><strong>Excelsiorem</strong></span> <span class='ocrx_word' id='word_1_513' title='bbox 3027 2753 3212 2822; x_wconf 86' lang='lat' dir='ltr'><strong>itaque</strong></span> <span class='ocrx_word' id='word_1_514' title='bbox 3261 2760 3503 2806; x_wconf 85' lang='lat' dir='ltr'><strong>mentem</strong></span> 
     </span>
    </p>
   </div>
   <div class='ocr_carea' id='block_1_77' title="bbox 1914 2845 3503 2917">
    <p class='ocr_par' dir='ltr' id='par_1_77' title="bbox 1914 2845 3503 2917">
     <span class='ocr_line' id='line_1_77' title="bbox 1914 2845 3503 2917; baseline -0.001 -18"><span class='ocrx_word' id='word_1_515' title='bbox 1914 2846 2153 2901; x_wconf 84' lang='lat' dir='ltr'><strong>habebat</strong></span> <span class='ocrx_word' id='word_1_516' title='bbox 2208 2847 2455 2902; x_wconf 83' lang='lat' dir='ltr'><strong>Andreas</strong></span> <span class='ocrx_word' id='word_1_517' title='bbox 2511 2862 2681 2917; x_wconf 87' lang='lat' dir='ltr'><strong>quam</strong></span> <span class='ocrx_word' id='word_1_518' title='bbox 2702 2845 3040 2917; x_wconf 86' lang='lat' dir='ltr'><strong>Philippus:</strong></span> <span class='ocrx_word' id='word_1_519' title='bbox 3096 2846 3163 2900; x_wconf 86' lang='lat' dir='ltr'><strong>ad</strong></span> <span class='ocrx_word' id='word_1_520' title='bbox 3204 2846 3255 2899; x_wconf 88' lang='lat' dir='ltr'><strong>id</strong></span> <span class='ocrx_word' id='word_1_521' title='bbox 3294 2855 3503 2905; x_wconf 90' lang='lat' dir='ltr'><strong>tamen,</strong></span> 
     </span>
    </p>
   </div>
   <div class='ocr_carea' id='block_1_78' title="bbox 1915 2938 3504 3012">
    <p class='ocr_par' dir='ltr' id='par_1_78' title="bbox 1915 2938 3504 3012">
     <span class='ocr_line' id='line_1_78' title="bbox 1915 2938 3504 3012; baseline -0.003 -16"><span class='ocrx_word' id='word_1_522' title='bbox 1915 2941 2063 3011; x_wconf 89' lang='lat' dir='ltr'><strong>quod</strong></span> <span class='ocrx_word' id='word_1_523' title='bbox 2129 2940 2441 3012; x_wconf 81' lang='lat' dir='ltr'><strong>perfectum</strong></span> <span class='ocrx_word' id='word_1_524' title='bbox 2505 2950 2646 3003; x_wconf 87' lang='lat' dir='ltr'><strong>erat,</strong></span> <span class='ocrx_word' id='word_1_525' title='bbox 2706 2956 2815 2995; x_wconf 77' lang='lat' dir='ltr'><strong>non</strong></span> <span class='ocrx_word' id='word_1_526' title='bbox 2855 2939 3178 3010; x_wconf 77' lang='lat' dir='ltr'><strong>attingebat.</strong></span> <span class='ocrx_word' id='word_1_527' title='bbox 3218 2938 3504 3010; x_wconf 80' lang='lat' dir='ltr'><strong>Cogitabat</strong></span> 
     </span>
    </p>
   </div>
   <div class='ocr_carea' id='block_1_79' title="bbox 1913 3029 3502 3102">
    <p class='ocr_par' dir='ltr' id='par_1_79' title="bbox 1913 3029 3502 3102">
     <span class='ocr_line' id='line_1_79' title="bbox 1913 3029 3502 3102; baseline -0.001 -17"><span class='ocrx_word' id='word_1_528' title='bbox 1913 3033 2062 3086; x_wconf 88' lang='lat' dir='ltr'><strong>enim</strong></span> <span class='ocrx_word' id='word_1_529' title='bbox 2087 3031 2235 3101; x_wconf 90' lang='lat' dir='ltr'><strong>quod</strong></span> <span class='ocrx_word' id='word_1_530' title='bbox 2307 3047 2374 3086; x_wconf 83' lang='lat' dir='ltr'><strong>ex</strong></span> <span class='ocrx_word' id='word_1_531' title='bbox 2416 3032 2771 3102; x_wconf 82' lang='lat' dir='ltr'><strong>paucioribus</strong></span> <span class='ocrx_word' id='word_1_532' title='bbox 2838 3030 3099 3100; x_wconf 78' lang='lat' dir='ltr'><strong>pauciora</strong></span> <span class='ocrx_word' id='word_1_533' title='bbox 3157 3029 3381 3093; x_wconf 82' lang='lat' dir='ltr'><strong>laceret,</strong></span> <span class='ocrx_word' id='word_1_534' title='bbox 3433 3044 3502 3084; x_wconf 77' lang='lat' dir='ltr'><strong>ex</strong></span> 
     </span>
    </p>
   </div>
   <div class='ocr_carea' id='block_1_80' title="bbox 1912 3122 3500 3195">
    <p class='ocr_par' dir='ltr' id='par_1_80' title="bbox 1912 3122 3500 3195">
     <span class='ocr_line' id='line_1_80' title="bbox 1912 3122 3500 3195; baseline 0 -18"><span class='ocrx_word' id='word_1_535' title='bbox 1912 3125 2172 3193; x_wconf 86' lang='lat' dir='ltr'><strong>pluribus</strong></span> <span class='ocrx_word' id='word_1_536' title='bbox 2210 3132 2394 3180; x_wconf 90' lang='lat' dir='ltr'><strong>autem</strong></span> <span class='ocrx_word' id='word_1_537' title='bbox 2436 3127 2616 3195; x_wconf 92' lang='lat' dir='ltr'><strong>plura.</strong></span> <span class='ocrx_word' id='word_1_538' title='bbox 2668 3125 2798 3180; x_wconf 87' lang='lat' dir='ltr'><strong>Ideo</strong></span> <span class='ocrx_word' id='word_1_539' title='bbox 2842 3124 3008 3179; x_wconf 88' lang='lat' dir='ltr'><strong>etiam</strong></span> <span class='ocrx_word' id='word_1_540' title='bbox 3045 3124 3330 3179; x_wconf 87' lang='lat' dir='ltr'><strong>addebat:</strong></span> <span class='ocrx_word' id='word_1_541' title='bbox 3396 3122 3500 3179; x_wconf 76' lang='lat' dir='ltr'><strong>Sed</strong></span> 
     </span>
    </p>
   </div>
   <div class='ocr_carea' id='block_1_81' title="bbox 1914 3216 2935 3287">
    <p class='ocr_par' dir='ltr' id='par_1_81' title="bbox 1914 3216 2935 3287">
     <span class='ocr_line' id='line_1_81' title="bbox 1914 3216 2935 3287; baseline 0.004 -18"><span class='ocrx_word' id='word_1_542' title='bbox 1914 3218 2045 3280; x_wconf 68' lang='lat' dir='ltr'><strong>hcc,</strong></span> <span class='ocrx_word' id='word_1_543' title='bbox 2075 3218 2202 3287; x_wconf 80' lang='lat' dir='ltr'><strong>quid</strong></span> <span class='ocrx_word' id='word_1_544' title='bbox 2221 3228 2343 3272; x_wconf 84' lang='lat' dir='ltr'><strong>sunt</strong></span> <span class='ocrx_word' id='word_1_545' title='bbox 2376 3218 2514 3271; x_wconf 82' lang='lat' dir='ltr'><strong>inter</strong></span> <span class='ocrx_word' id='word_1_546' title='bbox 2539 3227 2648 3271; x_wconf 83' lang='lat' dir='ltr'><strong>tam</strong></span> <span class='ocrx_word' id='word_1_547' title='bbox 2684 3216 2878 3272; x_wconf 79' lang='lat' dir='ltr'><strong>multos</strong></span> <span class='ocrx_word' id='word_1_548' title='bbox 2910 3220 2935 3273; x_wconf 66' lang='grc' dir='ltr'><em>ἵ</em></span> 
     </span>
    </p>
   </div>
   <div class='ocr_carea' id='block_1_82' title="bbox 1990 3306 3502 3379">
    <p class='ocr_par' dir='ltr' id='par_1_82' title="bbox 1990 3306 3502 3379">
     <span class='ocr_line' id='line_1_82' title="bbox 1990 3306 3502 3379; baseline -0.001 -18"><span class='ocrx_word' id='word_1_549' title='bbox 1990 3308 2145 3363; x_wconf 89' lang='lat' dir='ltr'><strong>Vers.</strong></span> <span class='ocrx_word' id='word_1_550' title='bbox 2189 3310 2275 3365; x_wconf 87' lang='grc'>10.</span> <span class='ocrx_word' id='word_1_551' title='bbox 2326 3308 2480 3363; x_wconf 75' lang='lat' dir='ltr'><strong>Dixit</strong></span> <span class='ocrx_word' id='word_1_552' title='bbox 2505 3340 2575 3349; x_wconf 89' lang='lat'><strong><em>—</em></strong></span> <span class='ocrx_word' id='word_1_553' title='bbox 2603 3309 2882 3379; x_wconf 76' lang='lat' dir='ltr'><strong>quinquies</strong></span> <span class='ocrx_word' id='word_1_554' title='bbox 2911 3309 3077 3364; x_wconf 82' lang='lat' dir='ltr'><strong>mille.</strong></span> <span class='ocrx_word' id='word_1_555' title='bbox 3108 3306 3378 3363; x_wconf 65' lang='lat' dir='ltr'><strong>Prmdiclo</strong></span> <span class='ocrx_word' id='word_1_556' title='bbox 3408 3323 3502 3362; x_wconf 82' lang='lat' dir='ltr'><strong>ca-</strong></span> 
     </span>
    </p>
   </div>
   <div class='ocr_carea' id='block_1_83' title="bbox 1908 3400 3500 3471">
    <p class='ocr_par' dir='ltr' id='par_1_83' title="bbox 1908 3400 3500 3471">
     <span class='ocr_line' id='line_1_83' title="bbox 1908 3400 3500 3471; baseline -0.002 -17"><span class='ocrx_word' id='word_1_557' title='bbox 1908 3400 2026 3471; x_wconf 90' lang='lat' dir='ltr'><strong>pite</strong></span> <span class='ocrx_word' id='word_1_558' title='bbox 2059 3400 2221 3455; x_wconf 90' lang='lat' dir='ltr'><strong>latius</strong></span> <span class='ocrx_word' id='word_1_559' title='bbox 2252 3402 2320 3456; x_wconf 85' lang='lat' dir='ltr'><strong>de</strong></span> <span class='ocrx_word' id='word_1_560' title='bbox 2358 3402 2444 3455; x_wconf 90' lang='lat' dir='ltr'><strong>his</strong></span> <span class='ocrx_word' id='word_1_561' title='bbox 2475 3401 2683 3457; x_wconf 86' lang='lat' dir='ltr'><strong>dictum</strong></span> <span class='ocrx_word' id='word_1_562' title='bbox 2716 3411 2819 3456; x_wconf 88' lang='lat' dir='ltr'><strong>est.</strong></span> <span class='ocrx_word' id='word_1_563' title='bbox 2848 3401 2967 3455; x_wconf 82' lang='lat' dir='ltr'><strong>Non</strong></span> <span class='ocrx_word' id='word_1_564' title='bbox 3001 3410 3131 3455; x_wconf 90' lang='lat' dir='ltr'><strong>sunt</strong></span> <span class='ocrx_word' id='word_1_565' title='bbox 3165 3408 3347 3454; x_wconf 89' lang='lat' dir='ltr'><strong>autem</strong></span> <span class='ocrx_word' id='word_1_566' title='bbox 3384 3407 3500 3452; x_wconf 86' lang='lat' dir='ltr'><strong>tur-</strong></span> 
     </span>
    </p>
   </div>
   <div class='ocr_carea' id='block_1_84' title="bbox 1908 3490 3502 3563">
    <p class='ocr_par' dir='ltr' id='par_1_84' title="bbox 1908 3490 3502 3563">
     <span class='ocr_line' id='line_1_84' title="bbox 1908 3490 3502 3563; baseline -0.003 -16"><span class='ocrx_word' id='word_1_567' title='bbox 1908 3493 2018 3547; x_wconf 85' lang='lat' dir='ltr'><strong>hati</strong></span> <span class='ocrx_word' id='word_1_568' title='bbox 2053 3493 2333 3563; x_wconf 73' lang='lat' dir='ltr'><strong>diSt-ipnli,</strong></span> <span class='ocrx_word' id='word_1_569' title='bbox 2366 3493 2461 3548; x_wconf 86' lang='lat' dir='ltr'><strong>sed</strong></span> <span class='ocrx_word' id='word_1_570' title='bbox 2496 3493 2748 3563; x_wconf 87' lang='lat' dir='ltr'><strong>protinus</strong></span> <span class='ocrx_word' id='word_1_571' title='bbox 2774 3492 2997 3563; x_wconf 74' lang='lat' dir='ltr'><strong>cognito</strong></span> <span class='ocrx_word' id='word_1_572' title='bbox 3054 3491 3202 3560; x_wconf 88' lang='lat' dir='ltr'><strong>quod</strong></span> <span class='ocrx_word' id='word_1_573' title='bbox 3262 3490 3502 3544; x_wconf 78' lang='lat' dir='ltr'><strong>miracu—</strong></span> 
     </span>
    </p>
   </div>
   <div class='ocr_carea' id='block_1_85' title="bbox 1906 3582 3498 3656">
    <p class='ocr_par' dir='ltr' id='par_1_85' title="bbox 1906 3582 3498 3656">
     <span class='ocr_line' id='line_1_85' title="bbox 1906 3582 3498 3656; baseline -0.001 -17"><span class='ocrx_word' id='word_1_574' title='bbox 1906 3584 2020 3639; x_wconf 88' lang='lat' dir='ltr'><strong>lum</strong></span> <span class='ocrx_word' id='word_1_575' title='bbox 2050 3598 2387 3655; x_wconf 83' lang='lat' dir='ltr'><strong>operaturus</strong></span> <span class='ocrx_word' id='word_1_576' title='bbox 2417 3594 2586 3648; x_wconf 87' lang='lat' dir='ltr'><strong>esset,</strong></span> <span class='ocrx_word' id='word_1_577' title='bbox 2617 3585 2828 3656; x_wconf 89' lang='lat' dir='ltr'><strong>absque</strong></span> <span class='ocrx_word' id='word_1_578' title='bbox 2862 3584 2970 3639; x_wconf 87' lang='lat' dir='ltr'><strong>ulla</strong></span> <span class='ocrx_word' id='word_1_579' title='bbox 3008 3582 3319 3639; x_wconf 62' lang='lat' dir='ltr'><strong>haesitantia</strong></span> <span class='ocrx_word' id='word_1_580' title='bbox 3359 3583 3498 3638; x_wconf 86' lang='lat' dir='ltr'><strong>obe-</strong></span> 
     </span>
    </p>
   </div>
   <div class='ocr_carea' id='block_1_86' title="bbox 1905 3676 2185 3732">
    <p class='ocr_par' dir='ltr' id='par_1_86' title="bbox 1905 3676 2185 3732">
     <span class='ocr_line' id='line_1_86' title="bbox 1905 3676 2185 3732; baseline 0.007 -2"><span class='ocrx_word' id='word_1_581' title='bbox 1905 3676 2185 3732; x_wconf 86' lang='lat' dir='ltr'><strong>diverunt.</strong></span> 
     </span>
    </p>
   </div>
   <div class='ocr_carea' id='block_1_87' title="bbox 1978 3767 3493 3839">
    <p class='ocr_par' dir='ltr' id='par_1_87' title="bbox 1978 3767 3493 3839">
     <span class='ocr_line' id='line_1_87' title="bbox 1978 3767 3493 3839; baseline 0 -16"><span class='ocrx_word' id='word_1_582' title='bbox 1978 3767 2137 3825; x_wconf 78' lang='lat' dir='ltr'><strong>Vers.</strong></span> <span class='ocrx_word' id='word_1_583' title='bbox 2176 3770 2267 3824; x_wconf 88' lang='grc'><strong>11.</strong></span> <span class='ocrx_word' id='word_1_584' title='bbox 2322 3769 2608 3838; x_wconf 79' lang='lat' dir='ltr'><strong>Accepit—</strong></span> <span class='ocrx_word' id='word_1_585' title='bbox 2627 3769 2895 3825; x_wconf 81' lang='lat' dir='ltr'><strong>volebant.</strong></span> <span class='ocrx_word' id='word_1_586' title='bbox 2928 3770 2986 3823; x_wconf 92' lang='lat' dir='ltr'><strong>In</strong></span> <span class='ocrx_word' id='word_1_587' title='bbox 3017 3782 3084 3824; x_wconf 85' lang='lat' dir='ltr'><strong>eo</strong></span> <span class='ocrx_word' id='word_1_588' title='bbox 3111 3769 3297 3839; x_wconf 84' lang='lat' dir='ltr'><strong>capite</strong></span> <span class='ocrx_word' id='word_1_589' title='bbox 3326 3768 3493 3824; x_wconf 89' lang='lat' dir='ltr'><strong>etiam</strong></span> 
     </span>
    </p>
   </div>
   <div class='ocr_carea' id='block_1_88' title="bbox 1907 3861 2391 3917">
    <p class='ocr_par' dir='ltr' id='par_1_88' title="bbox 1907 3861 2391 3917">
     <span class='ocr_line' id='line_1_88' title="bbox 1907 3861 2391 3917; baseline -0.002 0"><span class='ocrx_word' id='word_1_590' title='bbox 1907 3862 1977 3917; x_wconf 89' lang='lat' dir='ltr'><strong>de</strong></span> <span class='ocrx_word' id='word_1_591' title='bbox 2001 3861 2090 3917; x_wconf 91' lang='lat' dir='ltr'><strong>his</strong></span> <span class='ocrx_word' id='word_1_592' title='bbox 2120 3863 2391 3917; x_wconf 85' lang='lat' dir='ltr'><strong>invenies.</strong></span> 
     </span>
    </p>
   </div>
   <div class='ocr_carea' id='block_1_89' title="bbox 1977 3956 3498 4026">
    <p class='ocr_par' dir='ltr' id='par_1_89' title="bbox 1977 3956 3498 4026">
     <span class='ocr_line' id='line_1_89' title="bbox 1977 3956 3498 4026; baseline 0.001 -16"><span class='ocrx_word' id='word_1_593' title='bbox 1977 3956 2265 4012; x_wconf 70' lang='lat' dir='ltr'><strong>Vers.12.</strong></span> <span class='ocrx_word' id='word_1_594' title='bbox 2379 3958 2441 4013; x_wconf 86' lang='lat' dir='ltr'><strong>Ut</strong></span> <span class='ocrx_word' id='word_1_595' title='bbox 2466 3958 2808 4013; x_wconf 70' lang='lat' dir='ltr'><strong>——Vcrs.15.</strong></span> <span class='ocrx_word' id='word_1_596' title='bbox 2885 3960 2977 4026; x_wconf 84' lang='lat' dir='ltr'><strong>qui</strong></span> <span class='ocrx_word' id='word_1_597' title='bbox 3030 3957 3498 4012; x_wconf 71' lang='lat' dir='ltr'><strong>comederaitt.Si-</strong></span> 
     </span>
    </p>
   </div>
   <div class='ocr_carea' id='block_1_90' title="bbox 1903 4050 3497 4123">
    <p class='ocr_par' dir='ltr' id='par_1_90' title="bbox 1903 4050 3497 4123">
     <span class='ocr_line' id='line_1_90' title="bbox 1903 4050 3497 4123; baseline 0.001 -19"><span class='ocrx_word' id='word_1_598' title='bbox 1903 4050 2111 4105; x_wconf 89' lang='lat' dir='ltr'><strong>militer</strong></span> <span class='ocrx_word' id='word_1_599' title='bbox 2142 4050 2286 4105; x_wconf 89' lang='lat' dir='ltr'><strong>etde</strong></span> <span class='ocrx_word' id='word_1_600' title='bbox 2325 4050 2430 4106; x_wconf 92' lang='lat' dir='ltr'><strong>his.</strong></span> <span class='ocrx_word' id='word_1_601' title='bbox 2457 4051 2630 4107; x_wconf 85' lang='lat' dir='ltr'><strong>Jussit</strong></span> <span class='ocrx_word' id='word_1_602' title='bbox 2679 4061 2862 4107; x_wconf 89' lang='lat' dir='ltr'><strong>autem</strong></span> <span class='ocrx_word' id='word_1_603' title='bbox 2912 4052 3093 4123; x_wconf 78' lang='lat' dir='ltr'><strong>colligi</strong></span> <span class='ocrx_word' id='word_1_604' title='bbox 3142 4069 3263 4123; x_wconf 79' lang='lat' dir='ltr'><strong>quae</strong></span> <span class='ocrx_word' id='word_1_605' title='bbox 3303 4068 3497 4123; x_wconf 82' lang='lat' dir='ltr'><strong>super-</strong></span> 
     </span>
    </p>
   </div>
   <div class='ocr_carea' id='block_1_91' title="bbox 1904 4142 3495 4216">
    <p class='ocr_par' dir='ltr' id='par_1_91' title="bbox 1904 4142 3495 4216">
     <span class='ocr_line' id='line_1_91' title="bbox 1904 4142 3495 4216; baseline 0.001 -18"><span class='ocrx_word' id='word_1_606' title='bbox 1904 4142 2148 4206; x_wconf 85' lang='lat' dir='ltr'><strong>l&#39;uerant,</strong></span> <span class='ocrx_word' id='word_1_607' title='bbox 2182 4158 2294 4198; x_wconf 89' lang='lat' dir='ltr'><strong>non</strong></span> <span class='ocrx_word' id='word_1_608' title='bbox 2325 4145 2715 4200; x_wconf 87' lang='lat' dir='ltr'><strong>ostentationis</strong></span> <span class='ocrx_word' id='word_1_609' title='bbox 2738 4145 2940 4216; x_wconf 81' lang='lat' dir='ltr'><strong>gratia,</strong></span> <span class='ocrx_word' id='word_1_610' title='bbox 2970 4146 3065 4200; x_wconf 91' lang='lat' dir='ltr'><strong>sed</strong></span> <span class='ocrx_word' id='word_1_611' title='bbox 3097 4161 3169 4201; x_wconf 87' lang='lat' dir='ltr'><strong>ne</strong></span> <span class='ocrx_word' id='word_1_612' title='bbox 3203 4146 3495 4215; x_wconf 84' lang='lat' dir='ltr'><strong>phantasia</strong></span> 
     </span>
    </p>
   </div>
   <div class='ocr_carea' id='block_1_92' title="bbox 1902 4234 3493 4307">
    <p class='ocr_par' dir='ltr' id='par_1_92' title="bbox 1902 4234 3493 4307">
     <span class='ocr_line' id='line_1_92' title="bbox 1902 4234 3493 4307; baseline 0.001 -20"><span class='ocrx_word' id='word_1_613' title='bbox 1902 4244 2211 4304; x_wconf 87' lang='lat' dir='ltr'><strong>appareret,</strong></span> <span class='ocrx_word' id='word_1_614' title='bbox 2241 4235 2386 4303; x_wconf 90' lang='lat' dir='ltr'><strong>quod</strong></span> <span class='ocrx_word' id='word_1_615' title='bbox 2436 4234 2647 4291; x_wconf 83' lang='lat' dir='ltr'><strong>factum</strong></span> <span class='ocrx_word' id='word_1_616' title='bbox 2714 4238 2955 4291; x_wconf 80' lang='lat' dir='ltr'><strong>erat.Ex</strong></span> <span class='ocrx_word' id='word_1_617' title='bbox 3012 4236 3258 4307; x_wconf 79' lang='lat' dir='ltr'><strong>subjecta</strong></span> <span class='ocrx_word' id='word_1_618' title='bbox 3309 4246 3493 4291; x_wconf 86' lang='lat' dir='ltr'><strong>autem</strong></span> 
     </span>
    </p>
   </div>
   <div class='ocr_carea' id='block_1_93' title="bbox 1900 4328 3492 4402">
    <p class='ocr_par' dir='ltr' id='par_1_93' title="bbox 1900 4328 3492 4402">
     <span class='ocr_line' id='line_1_93' title="bbox 1900 4328 3492 4402; baseline 0.003 -22"><span class='ocrx_word' id='word_1_619' title='bbox 1900 4328 2125 4382; x_wconf 89' lang='lat' dir='ltr'><strong>materia</strong></span> <span class='ocrx_word' id='word_1_620' title='bbox 2153 4328 2261 4399; x_wconf 87' lang='lat' dir='ltr'><strong>(qq)</strong></span> <span class='ocrx_word' id='word_1_621' title='bbox 2302 4339 2358 4384; x_wconf 86' lang='lat' dir='ltr'><strong>et</strong></span> <span class='ocrx_word' id='word_1_622' title='bbox 2389 4346 2558 4397; x_wconf 88' lang='lat' dir='ltr'><strong>panes</strong></span> <span class='ocrx_word' id='word_1_623' title='bbox 2593 4331 2979 4402; x_wconf 76' lang='lat' dir='ltr'><strong>multiplicavit</strong></span> <span class='ocrx_word' id='word_1_624' title='bbox 3005 4341 3059 4385; x_wconf 89' lang='lat' dir='ltr'><strong>et</strong></span> <span class='ocrx_word' id='word_1_625' title='bbox 3106 4333 3287 4402; x_wconf 84' lang='lat' dir='ltr'><strong>pisces</strong></span> <span class='ocrx_word' id='word_1_626' title='bbox 3328 4349 3342 4385; x_wconf 91' lang='lat'><strong>:</strong></span> <span class='ocrx_word' id='word_1_627' title='bbox 3381 4346 3492 4387; x_wconf 91' lang='lat' dir='ltr'><strong>non</strong></span> 
     </span>
    </p>
   </div>
   <div class='ocr_carea' id='block_1_94' title="bbox 1898 4420 3494 4493">
    <p class='ocr_par' dir='ltr' id='par_1_94' title="bbox 1898 4420 3494 4493">
     <span class='ocr_line' id='line_1_94' title="bbox 1898 4420 3494 4493; baseline 0.001 -19"><span class='ocrx_word' id='word_1_628' title='bbox 1898 4420 2043 4489; x_wconf 91' lang='lat' dir='ltr'><strong>quod</strong></span> <span class='ocrx_word' id='word_1_629' title='bbox 2100 4422 2328 4477; x_wconf 89' lang='lat' dir='ltr'><strong>materia</strong></span> <span class='ocrx_word' id='word_1_630' title='bbox 2391 4422 2678 4493; x_wconf 82' lang='lat' dir='ltr'><strong>indigeret,</strong></span> <span class='ocrx_word' id='word_1_631' title='bbox 2739 4425 2883 4478; x_wconf 87' lang='lat' dir='ltr'><strong>sicut</strong></span> <span class='ocrx_word' id='word_1_632' title='bbox 2917 4439 3098 4493; x_wconf 87' lang='lat' dir='ltr'><strong>neque</strong></span> <span class='ocrx_word' id='word_1_633' title='bbox 3133 4434 3258 4493; x_wconf 89' lang='lat' dir='ltr'><strong>post</strong></span> <span class='ocrx_word' id='word_1_634' title='bbox 3316 4439 3494 4477; x_wconf 86' lang='lat' dir='ltr'><strong>resur-</strong></span> 
     </span>
    </p>
   </div>
   <div class='ocr_carea' id='block_1_95' title="bbox 1898 4512 3495 4584">
    <p class='ocr_par' dir='ltr' id='par_1_95' title="bbox 1898 4512 3495 4584">
     <span class='ocr_line' id='line_1_95' title="bbox 1898 4512 3495 4584; baseline -0.001 -18"><span class='ocrx_word' id='word_1_635' title='bbox 1898 4514 2197 4569; x_wconf 86' lang='lat' dir='ltr'><strong>rectionem</strong></span> <span class='ocrx_word' id='word_1_636' title='bbox 2245 4530 2386 4584; x_wconf 90' lang='lat' dir='ltr'><strong>opns</strong></span> <span class='ocrx_word' id='word_1_637' title='bbox 2428 4516 2505 4569; x_wconf 87' lang='lat' dir='ltr'><strong>illi</strong></span> <span class='ocrx_word' id='word_1_638' title='bbox 2549 4515 2656 4569; x_wconf 80' lang='lat' dir='ltr'><strong>fuit</strong></span> <span class='ocrx_word' id='word_1_639' title='bbox 2687 4516 2936 4581; x_wconf 90' lang='lat' dir='ltr'><strong>materia,</strong></span> <span class='ocrx_word' id='word_1_640' title='bbox 2994 4516 3090 4570; x_wconf 87' lang='lat' dir='ltr'><strong>sed</strong></span> <span class='ocrx_word' id='word_1_641' title='bbox 3120 4524 3181 4569; x_wconf 89' lang='lat' dir='ltr'><strong>ut</strong></span> <span class='ocrx_word' id='word_1_642' title='bbox 3223 4529 3318 4568; x_wconf 88' lang='lat' dir='ltr'><strong>ora</strong></span> <span class='ocrx_word' id='word_1_643' title='bbox 3346 4512 3495 4566; x_wconf 79' lang='lat' dir='ltr'><strong>Mar-</strong></span> 
     </span>
    </p>
   </div>
   <div class='ocr_carea' id='block_1_96' title="bbox 1824 4588 3494 4679">
    <p class='ocr_par' dir='ltr' id='par_1_96' title="bbox 1824 4588 3494 4679">
     <span class='ocr_line' id='line_1_96' title="bbox 1824 4588 3494 4679; baseline -0.001 -20"><span class='ocrx_word' id='word_1_644' title='bbox 1824 4588 1869 4642; x_wconf 78' lang='lat' dir='ltr'><strong>D</strong></span> <span class='ocrx_word' id='word_1_645' title='bbox 1896 4604 2256 4659; x_wconf 88' lang='lat' dir='ltr'><strong>cionistarum</strong></span> <span class='ocrx_word' id='word_1_646' title='bbox 2313 4606 2645 4671; x_wconf 83' lang='lat' dir='ltr'><strong>Obstrueret,</strong></span> <span class='ocrx_word' id='word_1_647' title='bbox 2679 4610 2772 4679; x_wconf 89' lang='lat' dir='ltr'><strong>qui</strong></span> <span class='ocrx_word' id='word_1_648' title='bbox 2816 4619 3125 4664; x_wconf 87' lang='lat' dir='ltr'><strong>creaturam</strong></span> <span class='ocrx_word' id='word_1_649' title='bbox 3155 4606 3494 4663; x_wconf 83' lang='lat' dir='ltr'><strong>calumnian-</strong></span> 
     </span>
    </p>
   </div>
   <div class='ocr_carea' id='block_1_97' title="bbox 1900 4694 3439 4761">
    <p class='ocr_par' dir='ltr' id='par_1_97' title="bbox 1900 4694 3439 4761">
     <span class='ocr_line' id='line_1_97' title="bbox 1900 4694 3439 4761; baseline 0.003 -13"><span class='ocrx_word' id='word_1_650' title='bbox 1900 4704 1992 4748; x_wconf 91' lang='lat' dir='ltr'><strong>tur</strong></span> <span class='ocrx_word' id='word_1_651' title='bbox 2018 4694 2338 4759; x_wconf 87' lang='lat' dir='ltr'><strong>delirantes,</strong></span> <span class='ocrx_word' id='word_1_652' title='bbox 2370 4699 2668 4753; x_wconf 81' lang='lat' dir='ltr'><strong>asserenda</strong></span> <span class='ocrx_word' id='word_1_653' title='bbox 2695 4714 2806 4754; x_wconf 91' lang='lat' dir='ltr'><strong>non</strong></span> <span class='ocrx_word' id='word_1_654' title='bbox 2838 4715 2963 4755; x_wconf 72' lang='lat' dir='ltr'><strong>esse</strong></span> <span class='ocrx_word' id='word_1_655' title='bbox 2987 4714 3017 4753; x_wconf 93' lang='lat' dir='ltr'><strong>a</strong></span> <span class='ocrx_word' id='word_1_656' title='bbox 3050 4699 3164 4756; x_wconf 90' lang='lat' dir='ltr'><strong>Deo</strong></span> <span class='ocrx_word' id='word_1_657' title='bbox 3199 4698 3439 4761; x_wconf 75' lang='lat' dir='ltr'><strong>(actam.</strong></span> 
     </span>
    </p>
   </div>
   <div class='ocr_carea' id='block_1_98' title="bbox 1971 4782 3491 4860">
    <p class='ocr_par' dir='ltr' id='par_1_98' title="bbox 1971 4782 3491 4860">
     <span class='ocr_line' id='line_1_98' title="bbox 1971 4782 3491 4860; baseline 0.003 -23"><span class='ocrx_word' id='word_1_658' title='bbox 1971 4782 2131 4839; x_wconf 79' lang='lat' dir='ltr'><strong>Vers.</strong></span> <span class='ocrx_word' id='word_1_659' title='bbox 2161 4785 2251 4840; x_wconf 78' lang='lat' dir='ltr'><strong>M.</strong></span> <span class='ocrx_word' id='word_1_660' title='bbox 2281 4784 2728 4845; x_wconf 78' lang='lat' dir='ltr'><strong>Illi—mundum.</strong></span> <span class='ocrx_word' id='word_1_661' title='bbox 2761 4787 2805 4843; x_wconf 94' lang='grc' dir='ltr'>Ο</span> <span class='ocrx_word' id='word_1_662' title='bbox 2835 4789 3187 4845; x_wconf 78' lang='lat' dir='ltr'><strong>manifestam</strong></span> <span class='ocrx_word' id='word_1_663' title='bbox 3222 4788 3491 4860; x_wconf 81' lang='lat' dir='ltr'><strong>gulosita-</strong></span> 
     </span>
    </p>
   </div>
   <div class='ocr_carea' id='block_1_99' title="bbox 1896 4872 3491 4948">
    <p class='ocr_par' dir='ltr' id='par_1_99' title="bbox 1896 4872 3491 4948">
     <span class='ocr_line' id='line_1_99' title="bbox 1896 4872 3491 4948; baseline 0.003 -21"><span class='ocrx_word' id='word_1_664' title='bbox 1896 4872 2057 4927; x_wconf 86' lang='lat' dir='ltr'><strong>tem!</strong></span> <span class='ocrx_word' id='word_1_665' title='bbox 2117 4888 2243 4927; x_wconf 90' lang='lat' dir='ltr'><strong>cum</strong></span> <span class='ocrx_word' id='word_1_666' title='bbox 2304 4875 2597 4931; x_wconf 85' lang='lat' dir='ltr'><strong>innumera</strong></span> <span class='ocrx_word' id='word_1_667' title='bbox 2665 4877 2821 4947; x_wconf 87' lang='lat' dir='ltr'><strong>prius</strong></span> <span class='ocrx_word' id='word_1_668' title='bbox 2856 4877 3150 4942; x_wconf 82' lang='lat' dir='ltr'><strong>vidissent,</strong></span> <span class='ocrx_word' id='word_1_669' title='bbox 3207 4893 3329 4948; x_wconf 78' lang='lat' dir='ltr'><strong>qua:</strong></span> <span class='ocrx_word' id='word_1_670' title='bbox 3386 4877 3491 4932; x_wconf 91' lang='lat' dir='ltr'><strong>hoc</strong></span> 
     </span>
    </p>
   </div>
   <div class='ocr_carea' id='block_1_100' title="bbox 1894 4968 3486 5035">
    <p class='ocr_par' dir='ltr' id='par_1_100' title="bbox 1894 4968 3486 5035">
     <span class='ocr_line' id='line_1_100' title="bbox 1894 4968 3486 5035; baseline 0.003 -16"><span class='ocrx_word' id='word_1_671' title='bbox 1894 4976 2055 5021; x_wconf 89' lang='lat' dir='ltr'><strong>erant</strong></span> <span class='ocrx_word' id='word_1_672' title='bbox 2100 4968 2459 5035; x_wconf 90' lang='lat' dir='ltr'><strong>mirabiliora,</strong></span> <span class='ocrx_word' id='word_1_673' title='bbox 2513 4971 2653 5025; x_wconf 87' lang='lat' dir='ltr'><strong>nihil</strong></span> <span class='ocrx_word' id='word_1_674' title='bbox 2704 4972 2815 5027; x_wconf 87' lang='lat' dir='ltr'><strong>tale</strong></span> <span class='ocrx_word' id='word_1_675' title='bbox 2859 4970 3101 5027; x_wconf 79' lang='lat' dir='ltr'><strong>confessi</strong></span> <span class='ocrx_word' id='word_1_676' title='bbox 3137 4982 3267 5027; x_wconf 90' lang='lat' dir='ltr'><strong>sunt</strong></span> <span class='ocrx_word' id='word_1_677' title='bbox 3311 4990 3325 5027; x_wconf 91' lang='lat'><strong>:</strong></span> <span class='ocrx_word' id='word_1_678' title='bbox 3362 4987 3486 5026; x_wconf 85' lang='lat' dir='ltr'><strong>eum</strong></span> 
     </span>
    </p>
   </div>
   <div class='ocr_carea' id='block_1_101' title="bbox 1895 5061 3487 5138">
    <p class='ocr_par' dir='ltr' id='par_1_101' title="bbox 1895 5061 3487 5138">
     <span class='ocr_line' id='line_1_101' title="bbox 1895 5061 3487 5138; baseline 0.003 -25"><span class='ocrx_word' id='word_1_679' title='bbox 1895 5070 2081 5115; x_wconf 84' lang='lat' dir='ltr'><strong>autem</strong></span> <span class='ocrx_word' id='word_1_680' title='bbox 2108 5061 2315 5131; x_wconf 85' lang='lat' dir='ltr'><strong>impleti</strong></span> <span class='ocrx_word' id='word_1_681' title='bbox 2348 5077 2499 5130; x_wconf 88' lang='lat' dir='ltr'><strong>sunt,</strong></span> <span class='ocrx_word' id='word_1_682' title='bbox 2537 5072 2670 5121; x_wconf 92' lang='lat' dir='ltr'><strong>tunc</strong></span> <span class='ocrx_word' id='word_1_683' title='bbox 2694 5066 2841 5120; x_wconf 91' lang='lat' dir='ltr'><strong>hunc</strong></span> <span class='ocrx_word' id='word_1_684' title='bbox 2876 5081 2998 5121; x_wconf 90' lang='lat' dir='ltr'><strong>esse</strong></span> <span class='ocrx_word' id='word_1_685' title='bbox 3028 5066 3353 5138; x_wconf 83' lang='lat' dir='ltr'><strong>prophetam</strong></span> <span class='ocrx_word' id='word_1_686' title='bbox 3403 5064 3487 5119; x_wconf 86' lang='lat' dir='ltr'><strong>di-</strong></span> 
     </span>
    </p>
   </div>
   <div class='ocr_carea' id='block_1_102' title="bbox 1896 5154 3486 5228">
    <p class='ocr_par' dir='ltr' id='par_1_102' title="bbox 1896 5154 3486 5228">
     <span class='ocr_line' id='line_1_102' title="bbox 1896 5154 3486 5228; baseline 0.003 -22"><span class='ocrx_word' id='word_1_687' title='bbox 1896 5162 2117 5222; x_wconf 81' lang='lat' dir='ltr'><strong>xerunt,</strong></span> <span class='ocrx_word' id='word_1_688' title='bbox 2152 5154 2249 5226; x_wconf 89' lang='lat' dir='ltr'><strong>qui</strong></span> <span class='ocrx_word' id='word_1_689' title='bbox 2276 5171 2345 5211; x_wconf 77' lang='lat' dir='ltr'><strong>ex</strong></span> <span class='ocrx_word' id='word_1_690' title='bbox 2376 5156 2543 5213; x_wconf 77' lang='lat' dir='ltr'><strong>Mosis</strong></span> <span class='ocrx_word' id='word_1_691' title='bbox 2575 5158 2945 5228; x_wconf 86' lang='lat' dir='ltr'><strong>promissione</strong></span> <span class='ocrx_word' id='word_1_692' title='bbox 2977 5158 3046 5214; x_wconf 87' lang='lat' dir='ltr'><strong>ab</strong></span> <span class='ocrx_word' id='word_1_693' title='bbox 3089 5156 3172 5214; x_wconf 89' lang='lat' dir='ltr'><strong>cis</strong></span> <span class='ocrx_word' id='word_1_694' title='bbox 3199 5164 3486 5225; x_wconf 84' lang='lat' dir='ltr'><strong>exspecta-</strong></span> 
     </span>
    </p>
   </div>
   <div class='ocr_carea' id='block_1_103' title="bbox 1896 5245 2077 5304">
    <p class='ocr_par' dir='ltr' id='par_1_103' title="bbox 1896 5245 2077 5304">
     <span class='ocr_line' id='line_1_103' title="bbox 1896 5245 2077 5304; baseline 0.022 -5"><span class='ocrx_word' id='word_1_695' title='bbox 1896 5245 2077 5304; x_wconf 90' lang='lat' dir='ltr'><strong>batur.</strong></span> 
     </span>
    </p>
   </div>
   <div class='ocr_carea' id='block_1_104' title="bbox 1394 5373 2286 5447">
    <p class='ocr_par' dir='ltr' id='par_1_104' title="bbox 1394 5373 2286 5447">
     <span class='ocr_line' id='line_1_104' title="bbox 1394 5373 2286 5447; baseline 0.015 -13"><span class='ocrx_word' id='word_1_696' title='bbox 1394 5373 1595 5436; x_wconf 65' lang='lat' dir='ltr'><strong>Varis:</strong></span> <span class='ocrx_word' id='word_1_697' title='bbox 1634 5376 1946 5443; x_wconf 88' lang='lat' dir='ltr'><strong>lectiones</strong></span> <span class='ocrx_word' id='word_1_698' title='bbox 1988 5390 2049 5445; x_wconf 89' lang='lat' dir='ltr'><strong>et</strong></span> <span class='ocrx_word' id='word_1_699' title='bbox 2095 5393 2286 5447; x_wconf 66' lang='lat' dir='ltr'><strong>nota).</strong></span> 
     </span>
    </p>
   </div>
   <div class='ocr_carea' id='block_1_105' title="bbox 288 5495 691 5567">
    <p class='ocr_par' dir='ltr' id='par_1_105' title="bbox 288 5495 691 5567">
     <span class='ocr_line' id='line_1_105' title="bbox 288 5495 691 5567; baseline -0.007 -14"><span class='ocrx_word' id='word_1_700' title='bbox 288 5495 379 5563; x_wconf 74' lang='lat'><strong>30)</strong></span> <span class='ocrx_word' id='word_1_701' title='bbox 438 5496 600 5567; x_wconf 73' lang='grc' dir='ltr'><strong>Αὐτῷ</strong></span> <span class='ocrx_word' id='word_1_702' title='bbox 626 5500 691 5552; x_wconf 83' lang='grc' dir='ltr'>Δ.</span> 
     </span>
    </p>
   </div>
   <div class='ocr_carea' id='block_1_106' title="bbox 264 5496 1765 5703">
    <p class='ocr_par' dir='ltr' id='par_1_106' title="bbox 264 5496 1765 5703">
     <span class='ocr_line' id='line_1_106' title="bbox 288 5496 691 5567; baseline -0.007 -14"><span class='ocrx_word' id='word_1_703' title='bbox 288 5496 379 5563; x_wconf 74' lang='lat'><strong>30)</strong></span> <span class='ocrx_word' id='word_1_704' title='bbox 438 5496 600 5567; x_wconf 73' lang='grc' dir='ltr'><strong>Αὐτῷ</strong></span> <span class='ocrx_word' id='word_1_705' title='bbox 626 5500 691 5552; x_wconf 83' lang='grc' dir='ltr'>Δ.</span> 
     </span>
     <span class='ocr_line' id='line_1_107' title="bbox 264 5496 1765 5703; baseline 0.008 -83"><span class='ocrx_word' id='word_1_706' title='bbox 264 5496 377 5703; x_wconf 53' lang='grc' dir='ltr'><strong>ξή)</strong></span> <span class='ocrx_word' id='word_1_707' title='bbox 407 5567 618 5622; x_wconf 79' lang='lat' dir='ltr'><strong>Inclusa</strong></span> <span class='ocrx_word' id='word_1_708' title='bbox 649 5566 975 5628; x_wconf 79' lang='lat' dir='ltr'><strong>exciderunt</strong></span> <span class='ocrx_word' id='word_1_709' title='bbox 998 5572 1062 5626; x_wconf 83' lang='lat' dir='ltr'><strong>A.</strong></span> <span class='ocrx_word' id='word_1_710' title='bbox 1099 5572 1217 5628; x_wconf 78' lang='lat' dir='ltr'><strong>Mox</strong></span> <span class='ocrx_word' id='word_1_711' title='bbox 1282 5573 1481 5646; x_wconf 73' lang='lat' dir='ltr'><strong>legitur</strong></span> <span class='ocrx_word' id='word_1_712' title='bbox 1535 5574 1765 5645; x_wconf 88' lang='lat' dir='ltr'><strong>ibidem,</strong></span> 
     </span>
     <span class='ocr_line' id='line_1_108' title="bbox 264 5638 696 5703; baseline 0.005 -14"><span class='ocrx_word' id='word_1_713' title='bbox 264 5639 271 5689; x_wconf 79' lang='grc' dir='ltr'>Ξ</span> <span class='ocrx_word' id='word_1_714' title='bbox 307 5646 425 5692; x_wconf 77' lang='grc' dir='ltr'>ειει</span> <span class='ocrx_word' id='word_1_715' title='bbox 452 5638 696 5703; x_wconf 82' lang='grc' dir='ltr'>ἀνδρίαν.</span> 
     </span>
    </p>
   </div>
   <div class='ocr_carea' id='block_1_107' title="bbox 190 5637 696 5693">
    <p class='ocr_par' dir='ltr' id='par_1_107' title="bbox 190 5637 696 5693">
     <span class='ocr_line' id='line_1_109' title="bbox 190 5637 696 5693; baseline 0.004 -4"><span class='ocrx_word' id='word_1_716' title='bbox 190 5637 425 5693; x_wconf 77' lang='grc' dir='ltr'>δείξειει</span> <span class='ocrx_word' id='word_1_717' title='bbox 452 5638 696 5693; x_wconf 79' lang='grc' dir='ltr'>ἀνδρίαν.</span> 
     </span>
    </p>
   </div>
   <div class='ocr_carea' id='block_1_108' title="bbox 261 5708 849 5780">
    <p class='ocr_par' dir='ltr' id='par_1_108' title="bbox 261 5708 849 5780">
     <span class='ocr_line' id='line_1_110' title="bbox 261 5708 849 5780; baseline 0.007 -18"><span class='ocrx_word' id='word_1_718' title='bbox 261 5708 377 5780; x_wconf 76' lang='grc'><strong>(52)</strong></span> <span class='ocrx_word' id='word_1_719' title='bbox 414 5708 755 5765; x_wconf 83' lang='grc' dir='ltr'>Ἐντὲλλεται</span> <span class='ocrx_word' id='word_1_720' title='bbox 784 5712 849 5766; x_wconf 80' lang='grc' dir='ltr'>Δ.</span> 
     </span>
    </p>
   </div>
   <div class='ocr_carea' id='block_1_109' title="bbox 1956 5511 2832 5576">
    <p class='ocr_par' dir='ltr' id='par_1_109' title="bbox 1956 5511 2832 5576">
     <span class='ocr_line' id='line_1_111' title="bbox 1956 5511 2832 5576; baseline 0.01 -12"><span class='ocrx_word' id='word_1_721' title='bbox 1956 5511 2070 5576; x_wconf 76' lang='lat'><strong>(35)</strong></span> <span class='ocrx_word' id='word_1_722' title='bbox 2138 5514 2247 5567; x_wconf 82' lang='grc' dir='ltr'><strong>Τοὖ</strong></span> <span class='ocrx_word' id='word_1_723' title='bbox 2280 5516 2420 5569; x_wconf 81' lang='grc' dir='ltr'><strong>κατὰ</strong></span> <span class='ocrx_word' id='word_1_724' title='bbox 2450 5516 2729 5571; x_wconf 83' lang='grc' dir='ltr'><strong>Ματθαῖον</strong></span> <span class='ocrx_word' id='word_1_725' title='bbox 2767 5520 2832 5574; x_wconf 81' lang='grc' dir='ltr'>Δ.</span> 
     </span>
    </p>
   </div>
   <div class='ocr_carea' id='block_1_110' title="bbox 1952 5583 2642 5657">
    <p class='ocr_par' dir='ltr' id='par_1_110' title="bbox 1952 5583 2642 5657">
     <span class='ocr_line' id='line_1_112' title="bbox 1952 5583 2642 5657; baseline -0.01 -10"><span class='ocrx_word' id='word_1_726' title='bbox 2090 5656 2099 5657; x_wconf 19' lang='lat'><em>7</em></span> <span class='ocrx_word' id='word_1_727' title='bbox 2126 5585 2361 5657; x_wconf 53' lang='lat' dir='ltr'><strong>ﬁctiles:</strong></span> <span class='ocrx_word' id='word_1_728' title='bbox 2394 5588 2546 5642; x_wconf 86' lang='lat' dir='ltr'><strong>addit</strong></span> <span class='ocrx_word' id='word_1_729' title='bbox 2578 5587 2642 5640; x_wconf 80' lang='grc' dir='ltr'>Δ.</span> 
     </span>
    </p>
   </div>
   <div class='ocr_carea' id='block_1_111' title="bbox 1949 5652 2601 5726">
    <p class='ocr_par' dir='ltr' id='par_1_111' title="bbox 1949 5652 2601 5726">
     <span class='ocr_line' id='line_1_113' title="bbox 1949 5652 2601 5726; baseline 0.012 -21"><span class='ocrx_word' id='word_1_730' title='bbox 1949 5652 2061 5725; x_wconf 71' lang='grc'><strong>(55)</strong></span> <span class='ocrx_word' id='word_1_731' title='bbox 2085 5652 2512 5726; x_wconf 76' lang='grc' dir='ltr'>Μαρκιανιπῶν</span> <span class='ocrx_word' id='word_1_732' title='bbox 2538 5662 2601 5713; x_wconf 82' lang='grc' dir='ltr'>Α.</span> 
     </span>
    </p>
   </div>
   <div class='ocr_carea' id='block_1_112' title="bbox 283 5825 3462 5911">
    <p class='ocr_par' dir='ltr' id='par_1_112' title="bbox 283 5825 3462 5911">
     <span class='ocr_line' id='line_1_114' title="bbox 283 5825 3462 5911; baseline 0.006 -32"><span class='ocrx_word' id='word_1_733' title='bbox 283 5825 370 5911; x_wconf 81' lang='lat' dir='ltr'><strong>qq)</strong></span> <span class='ocrx_word' id='word_1_734' title='bbox 412 5828 530 5909; x_wconf 55' lang='lat' dir='ltr'><strong>{Van</strong></span> <span class='ocrx_word' id='word_1_735' title='bbox 560 5833 699 5910; x_wconf 62' lang='lat' dir='ltr'><strong>quod</strong></span> <span class='ocrx_word' id='word_1_736' title='bbox 725 5861 801 5911; x_wconf 79' lang='lat'><strong>_—_</strong></span> <span class='ocrx_word' id='word_1_737' title='bbox 830 5834 1057 5886; x_wconf 78' lang='lat' dir='ltr'><strong>materia</strong></span> <span class='ocrx_word' id='word_1_738' title='bbox 1114 5830 1178 5888; x_wconf 79' lang='lat' dir='ltr'><strong>Et</strong></span> <span class='ocrx_word' id='word_1_739' title='bbox 1205 5841 1429 5905; x_wconf 83' lang='lat' dir='ltr'><strong>propter</strong></span> <span class='ocrx_word' id='word_1_740' title='bbox 1470 5834 1574 5890; x_wconf 90' lang='lat' dir='ltr'><strong>hoc</strong></span> <span class='ocrx_word' id='word_1_741' title='bbox 1610 5835 1905 5906; x_wconf 81' lang='lat' dir='ltr'><strong>ipsulnmet</strong></span> <span class='ocrx_word' id='word_1_742' title='bbox 1928 5848 1987 5894; x_wconf 89' lang='lat' dir='ltr'><strong>ut</strong></span> <span class='ocrx_word' id='word_1_743' title='bbox 2022 5853 2211 5896; x_wconf 75' lang='lat' dir='ltr'><strong>ora...</strong></span> <span class='ocrx_word' id='word_1_744' title='bbox 2242 5840 2357 5897; x_wconf 80' lang='lat' dir='ltr'><strong>Alia</strong></span> <span class='ocrx_word' id='word_1_745' title='bbox 2387 5840 2476 5898; x_wconf 91' lang='lat' dir='ltr'><strong>hic</strong></span> <span class='ocrx_word' id='word_1_746' title='bbox 2506 5840 2561 5899; x_wconf 84' lang='lat' dir='ltr'><strong>ir.</strong></span> <span class='ocrx_word' id='word_1_747' title='bbox 2597 5857 2699 5898; x_wconf 90' lang='lat' dir='ltr'><strong>suo</strong></span> <span class='ocrx_word' id='word_1_748' title='bbox 2750 5843 2988 5911; x_wconf 74' lang='lat' dir='ltr'><strong>codices,</strong></span> <span class='ocrx_word' id='word_1_749' title='bbox 3039 5843 3184 5899; x_wconf 82' lang='lat' dir='ltr'><strong>haud</strong></span> <span class='ocrx_word' id='word_1_750' title='bbox 3212 5843 3462 5903; x_wconf 68' lang='lat' dir='ltr'><strong>absurda.</strong></span> 
     </span>
    </p>
   </div>
   <div class='ocr_carea' id='block_1_113' title="bbox 196 5895 1020 5982">
    <p class='ocr_par' dir='ltr' id='par_1_113' title="bbox 196 5895 1020 5982">
     <span class='ocr_line' id='line_1_115' title="bbox 196 5895 1020 5982; baseline 0.005 -29"><span class='ocrx_word' id='word_1_751' title='bbox 196 5895 406 5954; x_wconf 78' lang='lat' dir='ltr'><strong>videtur</strong></span> <span class='ocrx_word' id='word_1_752' title='bbox 427 5895 706 5958; x_wconf 82' lang='lat' dir='ltr'><strong>invenisse</strong></span> <span class='ocrx_word' id='word_1_753' title='bbox 729 5902 1020 5982; x_wconf 76' lang='lat' dir='ltr'><strong>interpres.</strong></span> 
     </span>
    </p>
   </div>
  </div>
