4010 6526
223 465 368 530 1:241

1172 470 1567 536 COMMENT.
1608 471 1687 533 IN
1727 470 2114 534 JOANNEM.
2157 502 2218 514 --
2265 476 2426 540 CAP.
2469 481 2570 543 VI.

3389 477 3412 545 Ι
3424 481 3532 545 242

227 584 346 677 δτι-
370 582 480 637 Kal
533 583 750 677 dataria
792 584 909 677 ἤδη
951 585 1240 656 ἐγεγόνει,
1271 589 1370 642 καί
1406 591 1518 644 οὐκ
1547 589 1833 658 ἐληλύθει

1954 591 2085 646 ιίςιιι
2109 593 2199 648 hic
2232 585 2450 667 scripsit
2480 615 2495 662 ;
2525 607 2578 652 et
2605 597 2662 654 in
2696 597 2786 654 illa
2819 599 3042 677 quidem
3081 600 3528 661 deambulatione

230 671 392 740 spor;
441 670 671 736 αὐτοὺς
719 673 753 724 d
803 671 1067 740 Ἰησοῦς.
1097 675 1193 730 καὶ
1231 677 1301 729 τὰ
1352 676 1521 730 λοιπὰ
1569 677 1833 745 γενέσθαι

229 764 425 829 καθὼς
442 758 601 828 οὗτος
629 763 864 836 ἐγραψε.
888 767 1003 821 Καὶ
1032 768 1129 821 ἐπὶ
1147 768 1251 836 μέν
1289 769 1506 824 ἐκείνου
1539 768 1637 823 τοῦ
1666 787 1831 840 περι-

232 859 416 915 πάτου
437 861 566 922 τοὺς
597 858 851 929 μαθητὰς
878 859 1222 928 φοϐηθέντας
1253 862 1618 934 ἀνακραγεῖν·
1650 863 1748 916 ἐπὶ
1773 861 1831 916 δέ

228 951 434 1006 τούτου
467 950 782 1022 φοϐηθῆναι
828 952 1014 1023 μόνον,
1052 953 1338 1017 ἐλάττονος
1378 953 1548 1022 φόϐου
1588 954 1830 1024 γινομέ-

230 1060 331 1095 νου
365 1043 456 1095 διὰ
483 1043 584 1113 τὴν
611 1043 713 1115 ήδη
748 1043 1077 1114 συνήθειαν
1110 1045 1207 1099 καὶ
1248 1046 1372 1099 ἐκεῖ
1414 1046 1516 1116 μὲν
1545 1047 1831 1110 εἰπόντος’

242 1136 400 1204 Ἕςηώ
427 1139 568 1205 ειμι,
602 1136 687 1207 μὴ
729 1137 1035 1207 φοϐεῖσθε,
1069 1138 1221 1191 οὔπω
1253 1139 1831 1212 ἐπληροφορήθησανο

228 1228 320 1280 διὸ
343 1229 439 1280 καὶ
467 1231 496 1280 6
528 1229 735 1300 Πέτρος
755 1227 968 1298 ἔλεγεν,
1002 1231 1203 1298 Κύριε,
1232 1233 1285 1284 ει
1311 1232 1393 1286 σὺ
1420 1228 1496 1298 εἴ,
1529 1231 1836 1288 κέλευσόν

227 1338 310 1391 με
343 1322 495 1388 πρὸς
544 1323 621 1375 σὲ
675 1322 880 1376 ἐλθεῖν
937 1322 1037 1376 ἐπὶ
1089 1324 1163 1378 τὰ
1209 1324 1434 1378 ὕδατα·
1492 1323 1736 1379 ἐνταῦθα
1773 1325 1833 1378 δὲ

226 1412 446 1476 εὐθέως
479 1413 1038 1486 ὲπληροφορήθησαν,
1060 1413 1252 1479 ἐθάδες
1290 1415 1481 1470 λοιπὸν
1509 1418 1831 1485 γενόμενον

228 1506 333 1556 καὶ
362 1505 488 1558 τότε
525 1507 626 1576 μὲν
665 1507 769 1560 οὐκ
800 1508 1079 1562 ἐκόπασεν
1107 1509 1136 1561 6
1183 1509 1390 1578 ἄνεμος
1423 1509 1587 1580 ἄχρις
1620 1509 1688 1562 ἂν
1718 1509 1836 1562 εισ-

227 1597 406 1666 ἦλθεν
455 1601 535 1663 εἰς
575 1598 640 1651 τὸ
691 1600 912 1654 πλοῖον·
970 1601 1065 1654 νῦν
1114 1601 1172 1655 δέ
1227 1602 1585 1673 φωνήσαντος
1644 1601 1832 1672 μόνον,

229 1690 458 1759 γαλήνη
508 1691 740 1757 γέγονεο
792 1692 890 1745 καὶ
923 1692 1045 1745 οὐδὲ
1089 1692 1343 1764 είσῆλθεν
1391 1694 1471 1755 είς
1522 1692 1584 1744 τὺ
1622 1691 1834 1758 πλοῖον,

229 1783 376 1836 ἀλλὰ
440 1782 713 1838 θελόντων
756 1783 946 1838 λαϐεῖν
977 1785 1163 1852 αὐτὸν,
1212 1786 1346 1840 αὑτό
1377 1803 1438 1839 τε
1471 1788 1551 1849 εἰς
1584 1785 1686 1856 τὴν
1723 1783 1833 1854 γῆν

229 1874 435 1942 ἐξῆλθε
457 1915 472 1937 ,
505 1875 602 1928 καὶ
635 1876 802 1940 αὐτὸς
834 1877 1014 1931 ὀπίσω
1043 1877 1240 1931 αὐτοῦ.

1936 688 2228 746 exterritos
2253 691 2556 762 discipulos
2584 692 2946 758 exclamasse,
2980 695 3035 748 in
3067 694 3170 750 hae
3227 707 3362 749 vero
3427 707 3526 748 so-

1937 780 2051 835 lum
2093 781 2366 848 timuisse,
2399 785 2546 854 quod
2581 785 2746 840 timor
2768 787 2880 857 jam
2932 786 3290 843 assuetudine
3341 785 3529 842 minor

1937 871 2121 928 fuerit.
2160 873 2229 928 Et
2254 874 2327 930 ibi
2367 892 2492 931 cum
2520 876 2788 932 dixisset:
2822 877 2932 949 Ego
2969 895 3110 943 sum,
3161 878 3323 933 nolite
3371 878 3530 930 time-

1937 981 1995 1019 re
2019 966 2089 1031 ¹⁸,
2120 969 2370 1023 nondum
2407 971 2675 1026 certiores
2703 969 2878 1026 factos
2909 971 3105 1035 inisse,
3131 972 3368 1041 ideoque
3421 967 3530 1023 Pe-

1934 1066 2055 1114 trus
2075 1059 2292 1115 dicebat
2320 1078 2334 1113 :
2366 1061 2604 1128 Domine,
2636 1065 2760 1116 situ
2792 1078 2867 1127 es,
2893 1063 3022 1132 jube
3079 1072 3135 1116 ut
3179 1079 3273 1132 ego
3324 1061 3532 1115 veniam

1938 1151 2011 1205 ad
2068 1161 2116 1205 te
2159 1169 2318 1223 super
2373 1155 2654 1223 aquas“;
2714 1154 2804 1208 hic
2859 1164 3041 1208 autem
3103 1155 3358 1224 protinus
3410 1167 3534 1207 cer-

1941 1241 2108 1298 tiores
2145 1243 2319 1299 factos
2354 1261 2498 1310 esse,
2547 1249 2694 1316 quod
2751 1247 2866 1317 jam
2922 1248 3130 1303 assueti
3189 1255 3402 1301 essent.
3461 1244 3530 1299 Et

1939 1342 2072 1390 tunc
2131 1351 2244 1390 non
2307 1338 2519 1408 quievit
2597 1348 2796 1394 ventus
2856 1339 3032 1395 donec
3083 1339 3366 1409 ingressus
3440 1352 3534 1392 es-

1939 1437 2024 1484 set
2072 1430 2129 1484 in
2171 1431 2406 1498 navim;
2465 1446 2614 1486 nunc
2669 1447 2801 1487 vero
2867 1432 2958 1486 ubi
3033 1441 3244 1486 tantum
3317 1432 3536 1487 locutus

1937 1527 2049 1599 est,
2085 1519 2228 1574 facta
2259 1529 2344 1575 est
2383 1521 2776 1590 tranquillitas,
2807 1531 2862 1587 et
2891 1537 2959 1577 ne
2981 1522 3164 1576 navim
3196 1521 3418 1591 quidem
3450 1521 3537 1576 in-

1938 1626 2162 1683 gressus
2191 1623 2302 1676 est,
2364 1613 2462 1668 sed
2510 1628 2636 1668 cum
2665 1614 2872 1668 vellent
2899 1629 3026 1668 eum
3055 1613 3109 1667 in
3153 1614 3338 1668 navim
3375 1612 3528 1668 acci-

1938 1719 2093 1774 pere,
2119 1715 2348 1777 repente
2363 1706 2520 1762 navis
2546 1707 2880 1778 pervenitad
2902 1715 3130 1772 terram,
3154 1715 3213 1761 et
3247 1705 3365 1777 ipse
3413 1715 3538 1777 post

1939 1797 2110 1854 illam.

315 1934 396 2035 λῇ
421 1934 717 2038 ἐπαύριον
824 1970 1097 2040 Ἰησοῦν.
1127 1971 1328 2040 ὐχλον
1353 1971 1628 2042 ἑστηκότα
1658 1971 1836 2041 πέραν

2011 1973 2172 2030 Vers.
2203 1974 2300 2030 22.
2333 1972 2588 2047 Sequenti
2614 1934 2787 2029 die;—
2810 1971 2965 2028 Vers.
2999 1970 3093 2026 24.
3127 1969 3331 2025 Iesum.
3394 1967 3538 2022 Tar-

228 2063 337 2130 τῆς
373 2061 653 2132 θαλάσσης
687 2063 835 2133 λέγει
898 2065 1028 2129 τοὺς
1063 2064 1324 2129 ἐλθόντας
1365 2066 1618 2136 ἁρπάσαι
1645 2065 1835 2132 αὑτὸν,

236 2151 330 2205 ἵνα
382 2155 692 2224 ποιήσωσιν
743 2155 910 2210 αὐτὸν
963 2156 1220 2228 βασιλέα.
1281 2159 1373 2230 Μὴ
1427 2157 1687 2228 εὑρόντες
1727 2158 1838 2228 γὰρ

234 2246 428 2315 αὑτὸν,
469 2247 688 2302 ιἵσταντο
730 2251 788 2304 ἐν
839 2249 917 2320 τῷ
977 2251 1232 2322 αἰγιαλῷ,
1291 2252 1730 2321 διαλογιζόμενοι
1783 2251 1839 2305 τί

235 2339 462 2408 γέγονε.
516 2343 681 2395 Δοκεῖ
735 2338 829 2396 οὖν
879 2343 1156 2397 ἐλλείπειν
1209 2346 1238 2398 6
1289 2345 1468 2414 λόγος.
1505 2347 1690 2411 Minue
1728 2345 1840 2416 γὰρ

237 2432 572 2496 ἀναπαύσας
606 2434 801 2488 τοῦτον
835 2437 862 2488 6
897 2435 1332 2506 εὐαγγελιστὴς,
1370 2431 1528 2499 αὖθις
1565 2435 1842 2506 ἑτέρωθεν

234 2523 468 2594 ἧρξατο,
516 2524 720 2576 εἰπών’
751 2524 895 2579 Ὅτε
920 2521 1035 2580 οὖν
1067 2522 1230 2586 εἶδεν
1264 2528 1296 2580 ὁ
1354 2527 1542 2595 ὄχλος
1587 2527 1677 2582 ὅτι
1720 2527 1842 2595 Ἰη-

240 2615 397 2681 σοῦς
443 2618 553 2668 οὐκ
582 2616 756 2670 ἐστιν
781 2615 942 2684 ἐκεῖ,
976 2617 1073 2670 καὶ
1106 2617 1176 2670 τὰ
1213 2617 1364 2689 ἑξῆς.
1397 2618 1599 2688 Σχῆμα
1631 2617 1690 2671 δέ
1721 2619 1842 2671 ἐστι

239 2711 404 2763 τοῦτο
444 2710 765 2780 συντομίας.

315 2802 388 2854 Τὸ
416 2802 507 2869 δὲ,
538 2804 724 2856 Ἀλλα
757 2801 826 2856 δὲ
857 2798 1007 2874 ἦλθε
1055 2803 1340 2874 πλοιάρια
1385 2805 1454 2858 ὲκ
1511 2802 1849 2872 Τιϐεριάδος

237 2894 424 2963 ἐγγὺς
469 2896 577 2949 τοῦ
617 2896 829 2958 τόπου,
875 2896 1033 2952 ὅπου
1089 2897 1318 2966 ἔφαγον
1351 2899 1460 2950 τὸν
1499 2898 1706 2968 ἄρτον,
1742 2899 1845 2952 εὐ-

241 2986 735 3056 χαριστήσαντος
763 2988 868 3042 τοῦ
895 2990 1119 3057 Κυρίου
1141 2989 1277 3060 (59),
1301 2989 1673 3060 μεταξυλογία
1697 2991 1847 3043 ἐστὶν

240 3081 323 3140 εἰς
362 3078 600 3148 δήλωσιν
631 3080 725 3132 τοῦ
767 3080 1001 3151 ὕστερον
1035 3080 1214 3134 ἐλθεῖν
1262 3082 1428 3136 αὑτά.
1462 3082 1617 3146 Τέως
1657 3083 1703 3135 δ’
1752 3077 1846 3136 οὖν

245 3171 689 3242 ἐξαπορηθέκιτες
724 3173 1102 3228 ὑπώπτευσαν
1140 3175 1217 3228 ὅτι
1276 3173 1580 3239 ἐπέζευσεν
1609 3176 1704 3228 ἐπὶ
1747 3175 1848 3245 τῆς

1942 2069 2093 2135 bam,
2127 2084 2250 2140 quae
2271 2068 2453 2123 stabat
2478 2067 2546 2122 ad
2572 2081 2745 2130 mare,
2777 2065 2911 2122 dicit
2937 2079 3033 2119 eos
3071 2064 3168 2134 qui
3241 2069 3537 2127 venerant,

1944 2173 2005 2220 ut
2037 2168 2258 2233 raptum
2296 2163 2478 2232 ipsum
2510 2167 2769 2215 crearent
2801 2172 2984 2228 regem
3014 2174 3030 2214 :
3075 2170 3203 2210 nam
3233 2169 3358 2210 eum
3385 2153 3542 2209 illum

1943 2273 2055 2313 non
2090 2254 2457 2318 invenissent,
2496 2253 2717 2308 stabant
2747 2253 2803 2308 in
2826 2251 3013 2305 littore
3053 2254 3381 2320 cogitantes,
3410 2244 3543 2316 quid

1943 2357 2126 2403 actum
2152 2354 2319 2402 esset.
2356 2343 2590 2400 Videtur
2618 2357 2751 2414 ergo
2785 2356 3018 2397 mancus
3051 2355 3174 2395 esse
3204 2339 3296 2394 hic
3314 2351 3498 2394 sermo
3523 2350 3540 2401 ;

1944 2457 2071 2497 nam
2097 2455 2224 2495 cum
2257 2439 2412 2494 illum
2445 2438 2691 2492 nondum
2726 2436 3015 2505 quiescere
3069 2431 3264 2488 fecerit
3306 2443 3546 2499 evange-

1946 2533 2092 2599 lista,
2126 2547 2321 2587 rursus
2347 2529 2569 2585 aliunde
2599 2526 2810 2597 incepit
2838 2526 3031 2581 dicens
3057 2541 3072 2578 :
3106 2523 3203 2579 Ubi
3229 2537 3352 2591 ergo
3413 2519 3546 2574 vidit

1949 2625 2130 2682 turba.
2155 2623 2296 2696 quod
2325 2622 2481 2677 Iesus
2507 2637 2614 2675 non
2631 2630 2760 2676 esset
2790 2619 2887 2684 ibi,
2921 2628 2978 2674 et
3001 2625 3220 2683 cetera.
3243 2611 3340 2668 Est
3360 2620 3546 2667 autem

1949 2718 2129 2772 forma
2158 2715 2274 2769 haec
2309 2710 2762 2768 abbreviationis.

2021 2810 2179 2878 Quod
2221 2817 2408 2863 autem
2443 2803 2699 2874 sequitur
2735 2818 2749 2856 :
2786 2799 2924 2855 Alite
2973 2814 3093 2853 vero
3132 2796 3547 2865 superuenerant

1951 2903 2206 2960 naviculw
2234 2919 2267 2955 a
2318 2898 2598 2954 Tiberiade
2635 2897 2797 2966 juxta
2840 2894 3036 2957 locum,
3080 2891 3168 2944 ubi
3209 2887 3548 2943 comederunt

1949 3013 2163 3068 panem,
2207 3003 2488 3064 postquam
2540 2990 2746 3061 gratias
2789 2994 2968 3056 egerat
3012 2982 3293 3047 Dominus,
3320 2975 3549 3032 interlo-

1951 3067 2101 3149 cutio
2135 3098 2221 3144 est
2271 3085 2336 3141 ad
2382 3080 2828 3154 signiﬁcandum,
2864 3075 3012 3148 quod
3063 3072 3414 3145 postmodum
3444 3067 3550 3123 ille

1951 3181 2243 3240 venerint:
2275 3175 2496 3232 tandem
2521 3174 2669 3228 enim
2703 3169 3061 3239 desperantes
3100 3160 3367 3232 suspicati
3398 3165 3547 3222 sunt,

249 3266 559 3335 θαλάσσης.
615 3268 718 3320 Διὰ
759 3266 922 3320 τοῦτο
959 3269 1073 3338 γὰρ
1133 3267 1230 3322 καὶ
1275 3265 1440 3338 ἦλθον
1491 3270 1572 3338 εἰς
1619 3270 1843 3339 Καπερ-

1956 3274 2104 3348 quod
2141 3268 2387 3344 pedestri
2421 3267 2621 3321 itinere
2653 3263 2802 3318 circa
2841 3275 2996 3314 mare
3032 3256 3265 3311 abiisset
3295 3271 3310 3318 ;
3343 3250 3551 3356 ideo-et

249 3358 429 3429 ναοὺμ
481 3359 774 3430 ζητοῦντες
821 3360 1022 3412 αὐτόν’
1077 3363 1198 3413 ἐκεῖ
1243 3359 1354 3432 γὰρ
1401 3360 1470 3413 τὰ
1515 3360 1689 3414 πολλὰ
1731 3361 1845 3413 δια-

245 3447 464 3518 τρίϐειν
498 3447 707 3502 είὼθει.

317 3537 429 3592 Καὶ
457 3539 743 3606 εὑρόντες
768 3568 840 3578 --
874 3539 1164 3609 γέγονας
1204 3541 1318 3594 Οὐκ
1359 3542 1660 3613 ηρώτησαν
1685 3541 1849 3597 αὐτὸν

251 3629 367 3692 πῶς
394 3629 575 3698 διέὸη,
603 3630 692 3684 ἵνα
722 3634 782 3683 τὸ
805 3632 1128 3701 τηλικοῦτον
1164 3637 1396 3703 σημεῖον
1423 3635 1698 3703 μάθωσιν,
1727 3637 1850 3691 οὐδὲ

249 3723 381 3792 περὶ
435 3723 538 3791 τῆς
585 3721 870 3792 βασιλείας
921 3719 1100 3792 εἷπον,
1157 3727 1296 3780 ἀλλὰ
1344 3725 1517 3782 ταῦτα
1574 3729 1851 3800 παρέντες

247 3814 490 3885 ἧρξαντο
535 3815 885 3881 κολακεύειν,
915 3818 1205 3886 λέγοντες-⁸
1248 3820 1403 3874 Πότε
1443 3816 1559 3877 οὖν
1587 3821 1701 3892 (40)
1732 3817 1851 3878 ὧδε

246 3907 696 3975 παραγέγονας,
752 3907 939 3961 λαθὼν
997 3910 1146 3980 ἡμᾶς
1199 3912 1331 3974 τοὺς
1391 3915 1852 3985 ἐκκρεμαμένους

253 4018 384 4068 σους
431 4002 792 4056 Ἐκολὰκευον
838 4002 926 4066 δὲ,
982 4003 1072 4058 ἵνα
1111 4005 1274 4058 πάλιν
1322 4006 1612 4076 τράπεζαν
1662 4009 1852 4074 αὐτοῖς

250 4099 589 4168 παραθήσει.
639 4098 824 4162 Ἂπαξ
870 4099 980 4170 γὰρ
1019 4099 1456 4170 ἐμπλησθέντες,
1515 4107 1614 4158 καὶ
1659 4104 1851 4159 λοιπὸν

248 4191 695 4260 λιχνευσάμενοι,
741 4189 911 4242 τᾶλλα
956 4190 1138 4244 πάντα
1171 4192 1411 4265 δεύτερα
1459 4196 1735 4266 ἐνόμιζον.
1773 4198 1848 4250 Οὐ

253 4284 453 4344 πάντες
483 4282 540 4334 δὲ
583 4279 724 4351 ἦσαν
755 4283 824 4335 τὰ
855 4283 1083 4336 τοιαῦτα
1112 4284 1617 4355 ἐξαμαρτάνοντες.
1652 4290 1850 4358 Πέραν

251 4377 308 4429 δὲ
335 4375 556 4443 λέγεται
603 4377 866 4445 ἑκάτερον
899 4377 1006 4428 τῶν
1040 4379 1124 4430 ἐπ’
1176 4378 1395 4443 εὐθείας
1440 4382 1849 4453 ἀντικειμένων

251 4468 511 4537 περάτων
565 4469 666 4536 τῆς
717 4468 1032 4539 θαλάσσης,
1103 4470 1395 4540 δηλοῦντος
1455 4474 1551 4526 τοῦ
1597 4475 1847 4530 τοιούτου

250 4561 520 4630 ὀνόματος
551 4559 647 4613 νῦν
680 4561 781 4632 μὲν
808 4562 988 4628 τοῦτο,
1017 4562 1112 4616 νῦν
1142 4564 1197 4616 δὲ
1229 4565 1425 4620 έκεῖνο.
1481 4569 1498 4586 ’

342 4746 660 4816 ’Δπεκρίθη
708 4777 783 4786 ——
821 4746 1250 4817 ἐχορτάσθητε.
1306 4750 1379 4801 Τὸ
1434 4754 1710 4822 προσηνὲς
1757 4759 1854 4812 καὶ

1956 3339 2060 3438 ipsi
2089 3339 2365 3420 venerunt
2393 3359 2740 3429 Capernaum
2780 3359 3094 3424 quaerentes
3116 3362 3245 3405 eum
3279 3360 3292 3400 :
3325 3358 3452 3398 nam
3473 3339 3550 3396 ibi

1954 3457 2251 3532 plurimum
2282 3449 2551 3507 diversari
2584 3447 2815 3502 solebat.

2025 3550 2182 3604 Vers.
2221 3547 2314 3601 25.
2346 3543 2585 3613 Cumque
2623 3539 2944 3594 invenissent
2966 3565 3038 3577 -
3058 3533 3249 3588 venisti
3268 3531 3292 3584 .9
3315 3527 3434 3583 Non
3468 3528 3552 3581 in-

1953 3647 2373 3712 terrogaverunt
2423 3651 2549 3691 cum
2582 3631 2860 3704 quomodo
2907 3627 3173 3692 venisset,
3225 3633 3286 3678 ut
3335 3630 3547 3676 tantum

1954 3739 2173 3808 signum
2226 3733 2526 3793 discerent,
2562 3740 2741 3797 neque
2788 3725 2857 3780 de
2901 3736 3074 3794 regno
3118 3720 3398 3808 dixerunt,
3451 3712 3549 3808 sed

1955 3805 2045 3885 his
2097 3827 2306 3884 relictis
2341 3829 2632 3893 coeperunt
2676 3817 2948 3872 assentari
2992 3814 3244 3870 dicentes
3276 3825 3292 3866 :
3323 3805 3552 3874 Quando

1956 3923 2057 3976 huc
2099 3918 2304 3980 venisti,
2361 3916 2642 3986 ignorans,
2684 3910 2830 3981 quod
2867 3923 2969 3963 nos
2996 3915 3105 3962 ate
3133 3895 3554 3975 penderemus?

1955 4012 2398 4070 Assentabantur
2429 4015 2635 4069 autem,
2670 4013 2730 4058 ut
2757 4015 3004 4057 mensam
3036 4000 3236 4052 iterum
3261 3995 3343 4048 eis
3373 4004 3550 4061 appo-

1957 4114 2164 4164 neret:
2213 4117 2338 4156 nam
2387 4098 2556 4154 semel
2588 4094 2787 4160 satiati,
2827 4103 2882 4150 et
2935 4091 3277 4164 ligurientes,
3342 4081 3557 4140 caeteris

1957 4199 2218 4257 omnibus
2240 4195 2340 4265 (rr)
2359 4193 2471 4262 jam
2512 4187 2879 4257 consumptis,
2909 4183 2977 4239 de
3021 4178 3368 4238 secundariis
3403 4173 3557 4265 cogi-

1958 4291 2145 4346 tabant
2182 4305 2198 4343 :
2252 4264 2571 4356 quanquam
2622 4295 2732 4334 nou
2779 4290 2972 4332 omnes
3005 4275 3062 4329 in
3104 4269 3377 4327 similibus
3419 4264 3557 4320 deli-

1957 4391 2213 4455 querant.
2257 4381 2441 4448 Πέραν
2466 4390 2596 4429 vero
2631 4373 2798 4445 (sicut
2835 4379 2891 4425 et
2921 4379 3072 4422 trans
3110 4359 3555 4459 Latineidicitur

1959 4474 2030 4530 de
2060 4483 2292 4541 utroque
2321 4466 2680 4522 terminorum
2712 4459 2882 4515 maris
2904 4459 3114 4512 directe
3149 4460 3553 4522 opposuerunt,

1962 4566 2303 4639 signiﬁcante
2353 4556 2673 4630 huiusmodi
2711 4553 2978 4609 vocabulo
3033 4563 3181 4608 nunc
3234 4545 3338 4599 hoc
3375 4541 3556 4601 littus,

1888 4654 1932 4708 D
1962 4675 2109 4715 nunc
2140 4672 2269 4712 vero
2299 4654 2453 4711 illud.

2033 4752 2191 4807 Vers.
2224 4749 2318 4803 ‘26.
2364 4746 2652 4817 Respondit
2689 4737 3018 4795 ———saturati
3060 4733 3208 4787 estis.
3235 4727 3354 4783 Non
3386 4738 3554 4794 expe-

253 4838 459 4908 όμαλδν
489 4840 548 4891 οὐ
577 4840 861 4911 πανταχοῦ
908 4842 1205 4911 χρήσιμον,
1242 4842 1358 4894 ἀλλ’
1389 4845 1516 4896 ὅταν
1541 4846 1569 4898 6
1606 4849 1843 4921 μαθητὴς

1961 4848 2060 4914 dit,
2099 4844 2304 4913 ubique
2364 4848 2714 4896 mansuetum
2760 4849 2882 4890 esse
2922 4846 2988 4885 ae
3037 4828 3242 4886 lenem.
3297 4821 3390 4877 sed
3430 4831 3556 4920 cunt

260 4932 437 5002 παχὺς
473 4931 560 5000 εἴη
593 4934 689 4984 καὶ
727 4933 932 5002 νωθὴς,
966 4933 1090 4984 τότε
1127 4934 1358 5002 κέντρου
1396 4937 1560 5005 χρεία
1599 4940 1678 5010 τῷ
1705 4941 1854 4994 διδα-

256 5018 465 5087 σκάλῳ,
501 5021 596 5069 καὶ
653 5018 817 5085 λόγου
870 5019 1331 5091 πληκτικωτέρου
1389 5025 1527 5091 πρὸς
1580 5027 1640 5078 τὸ
1690 5028 1856 5081 καθι-

257 5110 455 5163 κεσθαι
494 5113 588 5163 καὶ
617 5111 895 5181 διεγεῖραι
920 5113 1107 5176 αὑτὸν,
1138 5114 1277 5185 ὅπερ
1307 5115 1334 5166 6
1373 5117 1856 5185 Ἰῃσοῦς’ἐνταῦοα

263 5205 587 5270 πεποίηκεν,
624 5205 738 5273 ἅμα
768 5204 868 5274 μὲν
901 5206 1254 5274 ἐπιπλήττων
1284 5209 1470 5272 αὐτοῖς
1497 5211 1572 5273 ὡς
1608 5212 1853 5277 κόλαξιν,

259 5295 376 5364 ἅμα
415 5296 473 5348 δὲ
523 5299 616 5347 καὶ
666 5295 764 5364 τὴν
802 5296 1031 5366 γνώμην
1074 5298 1257 5352 αὐτῶν
1309 5301 1718 5356 ἀνακαλύπτων
1759 5307 1855 5358 καλ⁵

258 5387 657 5456 ἀμφοτέρωθεν
717 5388 916 5452 αὐτοὺς
958 5389 1370 5461 διορθούμενος.
1405 5394 1571 5462 Λέγει
1601 5397 1733 5464 γὰρ,
1769 5397 1851 5450 ὅτι

367 5570 412 5601 ¹³
433 5570 625 5623 Matth.
656 5586 767 5635 xlv,
800 5570 890 5624 27.
1006 5569 1050 5601 “
1077 5569 1214 5624 Ibid.
1243 5569 1335 5626 28.

1961 4936 2266 5008 discipulus
2291 4948 2514 4988 crassus
2541 4947 2607 4986 ac
2631 4929 2814 5001 segnis
2847 4923 3034 4987 fuerit,
3078 4932 3210 4973 tunc
3230 4910 3557 4987 praeceptori

1965 5049 2106 5102 opus
2139 5038 2224 5085 est
2269 5027 2494 5082 stimulo
2533 5040 2597 5080 ac
2640 5035 2898 5079 sermone.
2925 5011 3303 5086 obiurgatorio
3338 5009 3403 5102 ad
3441 5015 3562 5102 tan-

1965 5096 2204 5194 gendum
2257 5128 2315 5174 et
2376 5117 2729 5172 excitandum
2765 5112 2939 5172 illum,
2991 5105 3134 5175 quod
3159 5103 3248 5156 hic
3279 5100 3408 5154 fecit
3465 5096 3560 5150 Je-

1965 5231 2061 5270 sns
2092 5231 2106 5267 :
2149 5212 2314 5268 simul
2344 5211 2566 5281 quidem
2614 5210 2908 5276 increpans
2943 5215 3037 5254 eos
3081 5207 3338 5264 tanquam
3367 5203 3563 5244 assen-

1966 5315 2210 5367 tatores,
2263 5301 2429 5357 simul
2478 5303 2646 5356 etiam
2700 5306 2944 5352 mentem
3002 5303 3191 5345 eorum
3253 5286 3556 5351 detegens,

1966 5408 2022 5453 et
2052 5396 2308 5466 utrinque
2360 5395 2483 5449 illos
2539 5392 2842 5463 corrigens.
2901 5387 2988 5438 Ait
3041 5383 3239 5436 enim:
3297 5373 3561 5442 quritis

1472 5639 1667 5702 Variae
1698 5643 2008 5704 .ectiones
2043 5651 2106 5703 et
2135 5649 2321 5703 noue.

333 5808 447 5880 (59)
503 5809 705 5880 Ἰησοῦ,
741 5825 841 5879 pro
903 5807 1131 5878 Κυρίου,
1166 5809 1228 5862 Λ.

2049 5807 2138 5878 40)
2173 5801 2280 5861 οὖν
2329 5807 2483 5861 abest
2516 5806 2582 5860 Α.

337 5969 434 6036 (νν)
473 5967 690 6022 theris
729 5971 1086 6026 onmilms.'Et
1127 5973 1332 6040 reliqua
1357 5975 1540 6029 omnia
1595 5972 1856 6035 scumda,
1887 5969 1962 6038 (id
2000 5966 2104 6036 est)
2138 5965 2395 6021 inferiora
2429 5961 2756 6020 censebunt.
2781 5959 2890 6016 Nec
2927 5970 3109 6016 tamen
3141 5971 3354 6014 omnes.
