4010 6512
267 459 419 527 ιειε

1240 464 1630 528 COMMENT.
1677 464 1761 524 ΙΝ
1800 454 2175 525 ῙΟΑΝΝΕΜ.
2210 490 2282 505 -
2317 465 2480 529 CAP.
2518 464 2623 529 VI.

3416 466 3552 531 1246

267 567 557 640 θαύματος
606 571 807 626 αὐτίκα
844 567 1235 644 ιπιλαθόμενοι
1290 576 1524 645 σημείον
1567 574 1865 643 ἐπιζητοῦ-

1996 584 2027 631 :t
2053 576 2313 645 protinus
2338 576 2492 633 obliti
2539 578 2680 633 tanti
2713 574 2964 633 miraculi
3001 576 3221 649 signum
3249 576 3563 650 requirunt,

270 677 396 714 σιν*
433 655 553 714 εἷτα
592 660 778 715 καὶτὸ
822 656 963 723 εἶδος
1007 660 1230 729 λέγουσι
1275 662 1372 715 τοῦ
1419 659 1863 732 ιπιζητουμίνου

270 769 344 822 ση
353 752 511 823 μείου
523 793 537 807 .

339 847 406 899 οι
451 843 709 914 πατέρες
746 875 807 886 -
834 844 1072 915 φαγεῖν.
1121 844 1441 916 Γέγραπται
1488 844 1548 899 εν
1582 847 1650 917 τῇ
1679 844 1850 915 βίϐλῳ

266 938 382 994 τῶν
414 936 690 1007 Ψαλμῶν.
747 937 973 992 Πολλῶν
1027 939 1086 992 δὶ
1139 938 1388 1007 σημείων
1427 940 1734 1008 γεγονότων
1769 938 1867 991 δαιτὶ

267 1032 384 1082 τὶν
408 1028 665 1096 πατέρων
690 1026 895 1094 αὐτῶν,
921 1027 1117 1082 τούτου
1168 1028 1411 1099 μάλιστα
1452 1028 1865 1099 μνημονεύουσι

269 1121 363 1173 διὰ
389 1120 485 1190 τὴν
523 1123 622 1191 τῆς
647 1120 889 1191 γαστρὸς
908 1120 1228 1191 τυραννίδα,
1256 1118 1573 1191 νομίζοντες
1595 1110 1867 1191 ἐρεθίζειν

273 1214 441 1267 αὑτὸν
482 1214 564 1277 είς
613 1214 675 1265 τὸ
724 1212 950 1283 ποιῆσαι
1003 1215 1099 1267 καὶ
1126 1215 1293 1269 αὑτὸν
1322 1212 1569 1268 τοιοῦτον
1613 1216 1865 1284 σημεῖον,

272 1304 413 1372 ’ὑπερ
466 1300 692 1371 ἔμελλεν
729 1302 1040 1372 ἐμπλήσειν
1091 1304 1292 1368 αὐτοὺς
1342 1304 1573 1375 τροφῆς.
1624 1298 1864 1368 ’Δλλ’,ιῖι

270 1395 601 1464 ἀμνήμονες
633 1394 731 1447 καὶ
760 1395 1082 1465 ἄχάριστοιί
1115 1396 1175 1449 οὐ
1209 1395 1307 1451 καὶ
1336 1395 1494 1450 αὐτοὶ
1523 1395 1635 1464 πρὸ
1665 1396 1868 1467 μικροῦ

270 1489 477 1556 ἄρτους
526 1486 623 1538 καὶ
682 1485 876 1557 ίχθύας
936 1487 1017 1550 είς
1048 1488 1212 1560 κόρον
1267 1489 1505 1558 ἐφάγετε
1555 1489 1615 1541 εν
1674 1489 1871 1560 ἐρήμῳ

267 1579 460 1643 τόπῳ;
692 1575 704 1581 “
1099 1628 1105 1639 .

347 1669 457 1721 Καὶ
490 1669 804 1741 παρατήρει
837 1685 929 1740 μοι
964 1667 1245 1725 κάνταῦθα
1280 1667 1379 1741 τὴν
1418 1669 1717 1724 κολακείαν
1762 1669 1866 1724 αὐο

269 1757 407 1815 τῶν.
455 1756 593 1812 ἄλλα
639 1758 761 1813 καὶ,
788 1758 1077 1829 πονηρίαν.
1107 1757 1225 1814 οὐκ
1252 1752 1406 1811 εἶπον
1441 1758 1552 1828 γὰρ
1598 1756 1725 1811 οὔτε
1783 1757 1869 1811 ὅτι

271 1853 301 1903 ὀ
331 1851 446 1921 (Η)
478 1851 718 1921 Μωῦσῆς
745 1850 976 1923 εποίησε
998 1851 1061 1904 re
1086 1852 1337 1921 σημείον,
1369 1851 1611 1920 οἰόμενοι
1641 1848 1872 1921 πλήξειν

1970 666 2171 724 deinde
2197 684 2372 741 genus
2400 670 2567 726 etiam
2602 669 2853 741 requisiti
2883 669 3027 745 signi
3056 670 3290 727 addunt.

2039 852 2177 910 Vera
2214 855 2305 910 3|.
2344 853 2537 910 Patres
2577 884 2647 897 —
2700 857 2771 908 ad
2816 853 3099 910 edendum.
3138 850 3419 923 Scriptum
3480 859 3572 907 est

1971 947 2030 1003 in
2080 946 2223 1003 libro
2266 946 2608 1003 Psalmorum
2646 945 2712 1001 ".
2770 944 2909 1002 Cum
2959 955 3145 1001 autem
3196 944 3365 1000 multa
3414 943 3570 1017 signa

1971 1055 2159 1098 coram
2194 1040 2444 1111 patribus
2466 1039 2711 1111 ipsorum
2740 1037 2885 1094 laeta
2905 1045 3117 1104 essent,
3142 1038 3311 1108 huius
3337 1037 3571 1092 maxime

1970 1130 2346 1186 meminerunt
2408 1139 2633 1201 propter
2691 1130 2909 1186 ventris
2960 1129 3331 1201 tyrannidem,
3382 1128 3570 1185 existi-

1974 1231 2188 1278 mantes
2246 1221 2372 1278 fore
2419 1230 2481 1276 ιιι
2518 1223 2698 1293 ipsum
2744 1238 2963 1294 quoque
2990 1222 3059 1277 ad
3116 1221 3297 1277 simile
3348 1221 3568 1292 signum

1973 1312 2289 1370 faciendum
2348 1314 2653 1378 irritarent,
2705 1323 2836 1385 puta
2866 1322 2925 1369 ut
2970 1323 3028 1370 et
3071 1328 3132 1369 se
3165 1314 3291 1369 cibo
3320 1313 3569 1369 satiaret.

1976 1406 2103 1473 Sed,
2129 1422 2164 1462 ο
2185 1406 2437 1462 obliviosi
2465 1422 2529 1463 ac
2558 1406 2789 1480 ingrati!
2823 1422 3012 1464 nonne
3048 1406 3215 1477 paulo
3243 1414 3371 1461 ante
3398 1419 3571 1476 panes

1976 1510 2033 1555 et
2068 1500 2249 1572 pisces
2278 1500 2348 1556 ad
2382 1500 2692 1557 satietatem
2716 1501 2771 1555 in
2792 1500 2913 1556 loco
2941 1500 3162 1556 deserto
3190 1498 3386 1554 edistis
3410 1498 3433 1552 τ

2050 1668 2228 1725 Simul
2270 1683 2491 1739 quoque
2541 1668 2677 1724 mihi
2728 1668 2817 1724 hic
2844 1666 3073 1723 observa
3108 1674 3166 1722 et
3194 1665 3572 1721 adulationem

1980 1759 2228 1831 ipsorum
2269 1768 2327 1815 et
2376 1759 2618 1814 invidant
2675 1758 2959 1813 malitiam.
2994 1756 3187 1826 Neque
3233 1755 3385 1810 enim
3420 1754 3575 1809 dixe-

1978 1862 2129 1919 runt,
2159 1850 2308 1921 quod
2353 1849 2532 1906 Moses
2577 1849 2710 1905 illud
2749 1848 2977 1905 iecisset
3026 1848 3266 1920 signum,
3300 1862 3373 1903 ne
3419 1846 3570 1904 hunc

272 1942 466 2009 αὑτὸν,
501 1942 551 1995 εί
580 1942 670 1996 τὸν
704 1943 947 1997 Μωῡσέα
976 1940 1153 2009 τούτῳ
1189 1939 1600 2011 συγκρινοῦσιν,
1632 1938 1759 1993 οὔτε
1788 1940 1874 1994 ὅτι

1996 1943 2289 2014 leprimere
2324 1942 2665 2005 viderentur,
2716 1941 2762 1997 si
2800 1939 3007 1996 Mosem
3054 1940 3106 1997 ei
3133 1947 3565 2011 compararent:

270 2034 299 2085 ὀ
326 2032 460 2097 Θεὸς
482 2032 618 2087 αὐτὸ
643 2033 973 2102 πεποίηκεν,
1003 2032 1092 2085 ἵνα
1129 2032 1206 2103 μὴ
1247 2031 1478 2097 δόξωσιν
1506 2029 1726 2095 ἑξισοῦν
1774 2029 1874 2083 αὑο

271 2125 366 2179 τὸν
394 2124 476 2197 τῷ
514 2123 652 2196 Θιῷ.
679 2125 781 2180 Διὰ
813 2124 975 2178 τοῦτο
1000 2123 1290 2187 ἄπολύτως
1325 2120 1504 2177 εἶπονο
1538 2122 1596 2178 Ol
1620 2120 1876 2189 πατέρες

278 2216 456 2287 ήμῶιδ
485 2217 552 2271 τὸ
582 2217 787 2288 μάννα
818 2217 1047 2286 ἔφαγον
1078 2216 1192 2288 (ιδ)
1225 2216 1295 2269 ἐν
1318 2214 1394 2285 τῇ
1416 2212 1639 2286 ἐρήμῳ.
1671 2214 1738 2267 Τί
1782 2209 1877 2267 οῦν

276 2310 310 2363 ὁ
342 2308 678 2378 οίκονομῶν
722 2308 867 2375 τοὺς
892 2308 1119 2377 λόγους
1162 2306 1354 2363 αὐτοῦ
1378 2308 1448 2360 ἐν
1493 2309 1731 2375 xp/o'et;
1758 2307 1877 2360 Οὐκ

275 2400 493 2469 ἐλέγχει
539 2400 792 2463 τούτους,
849 2398 968 2453 ἀλλ’
1032 2398 1256 2469 ὁμαλῶς
1310 2398 1696 2468 ἀποκρίνεται.
1750 2398 1875 2468 Χρὴ

276 2485 409 2555 γὰρ,
438 2486 515 2550 ὡς
547 2488 897 2557 προείρηται,
937 2485 1071 2538 ποτὲ
1103 2484 1205 2555 μὲν
1238 2485 1503 2555 ἐλέγχειν,
1534 2485 1667 2537 ποτε
1689 2483 1748 2536 δι
1783 2484 1878 2537 ἄν·

277 2576 561 2643 εξικακεϊν
586 2575 974 2643 οίκονομικῶς.

350 2663 540 2721 Εἶπεν
565 2695 635 2706 -
662 2666 946 2734 οὐρανοῦ.
987 2666 1144 2720 Ἐπεὶ
1175 2665 1563 2736 ὑπελάμϐανον
1611 2662 1673 2719 τὸ
1698 2664 1880 2736 μάννα

278 2757 444 2823 ἄρτον
468 2755 607 2811 εἶναι
634 2761 698 2811 ὲκ
720 2757 816 2812 τοῦ
840 2756 1046 2827 κυρίως
1064 2757 1300 2829 οὐρανοῦ
1324 2758 1415 2811 διὰ
1438 2758 1498 2810 τὺ
1514 2758 1833 2828 γεγράφθαι
1859 2772 1874 2786 °

283 2850 501 2918 ’Ἄρτον
522 2850 592 2903 ἐκ
619 2850 727 2903 τοῦ
749 2849 1037 2916 οὐρανοῦ⁸
1067 2847 1382 2919 διορθοῦται
1401 2847 1499 2918 τὴν
1524 2848 1879 2918 ἑσφαλμένην

280 2937 557 3008 ὑπόληψιν
594 2937 798 2992 αὐτῶν.
838 2937 1087 3005 οὐρανὸν
1141 2937 1251 3007 γὰρ
1284 2938 1403 2989 ἐκεῖ
1439 2938 1532 2989 τὸν
1566 2937 1707 3006 άέρα
1753 2933 1879 2988 εἷπε

281 3029 741 3102 καταχρηστικῶς
772 3032 805 3101 ἡ
832 3030 1050 3102 Γραφή·
1106 3031 1183 3094 ὼς
1216 3032 1311 3082 καὶ
1338 3030 1472 3083 ὃταν
1503 3028 1640 3101 λέγῃ
1674 3028 1742 3083 τὰ
1775 3044 1878 3080 πε-

278 3126 433 3178 τεινά
469 3123 566 3177 τοῦ
590 3121 849 3194 οὐρανοῦ’
886 3122 979 3176 καὶ
1003 3121 1191 3188 πάλιν,
1240 3119 1357 3175 Καὶ
1388 3121 1760 3189 ἐϐρόντησεν
1811 3119 1883 3185 ἐξ

280 3217 544 3288 οὐρανοῦ
596 3220 630 3272 ό
663 3217 901 3284 Κύριος.

353 3285 524 3381 illud»;
559 3308 675 3375 οῦν,
706 3312 790 3365 ὅτι
826 3309 901 3362 Oi:
946 3307 1193 3377 Μωῦσῆς
1217 3306 1421 3361 δέδωκε
1447 3305 1570 3360 τότε
1607 3305 1687 3378 τῷ
1729 3306 1882 3376 γένει
1909 3285 1953 3343 c

281 3404 441 3474 ὑμῶν
471 3402 565 3457 τδν
602 3403 768 3474 ἄρτον
798 3401 864 3453 ὲκ
899 3398 996 3454 τοῦ
1052 3399 1261 3468 κυρίως
1299 3398 1542 3468 οὐρανοῦ
1600 3398 1739 3469 (ιϐὶο
1770 3389 1888 3453 ἀλλ’

280 3500 310 3552 ὁ
337 3496 532 3567 Πατήρ
590 3512 694 3565 μου
731 3493 827 3548 νῦν
868 3493 984 3565 (47)
1026 3492 1245 3545 δίδωσιν
1275 3491 1405 3562 ὑμῖν
1461 3491 1553 3544 τὸν
1595 3492 1764 3563 ἄρτον
1823 3496 1889 3545 ὲκ

286 3591 385 3645 τοῦ
411 3591 619 3664 κυρίως
664 3586 922 3659 οὐρανοῦ.
956 3587 1172 3657 Ὠσπερ
1194 3586 1304 3653 γὰρ
1334 3585 1362 3637 ὁ
1392 3585 1583 3664 Πατὴρ
1606 3585 1886 3655 οὐράνιος,

282 3682 427 3738 οὕτω
451 3681 547 3735 καὶ
567 3682 597 3735 ὁ
624 3682 751 3742 Υίὺς
778 3680 1055 3749 οὐράνιος,
1086 3680 1182 3731 καὶ
1216 3678 1428 3748 κυρίως
1454 3676 1617 3748 ἄρτος
1642 3675 1744 3750 [ὡς
1768 3676 1887 3749 (48)

288 3771 567 3844 στηρίζων
594 3771 823 3841 καρδίαν
858 3769 1175 3841 ἀνθρώπου.

366 3867 477 3919 Τὸν
517 3864 834 3933 ἀληθινόν.
866 3864 1109 3923 Ἐκεῖνος
1137 3864 1246 3935 γὰρ
1266 3865 1295 3917 δ
1320 3860 1511 3935 ἄρτος]
1538 3861 1771 3925 τυπικδς
1795 3854 1886 3933 ἦν,

286 3956 607 4029 προτυπῶν,
639 3959 829 4027 φησὶν,
863 3956 964 4027 ὲμι
994 3956 1089 4008 τὸν
1145 3954 1546 4025 αὐτοαλήθειαν
1580 3954 1695 4024 (49)
1734 3953 1889 4009 ὂντα.

286 4048 560 4119 Καθάπερ
590 4050 701 4119 γὰρ
734 4051 944 4112 ικεῖνος
979 4046 1188 4102 ἄνωθεν
1228 4047 1478 4110 καταϐάς
1531 4046 1732 4118 ἔτρεφε
1790 4045 1890 4100 καὶ

288 4142 567 4216 ὲρῥὼννυε
597 4143 725 4205 τοὺς
760 4142 1309 4213 μεταλαμϐάνοντας,
1340 4140 1488 4194 οὕτω
1530 4138 1709 4208 κάγώ.
1746 4135 1887 4192 Ἀλλ’

288 4235 499 4297 εκείνος
524 4233 622 4304 μὲν
659 4232 748 4305 [ὲκ
774 4232 886 4304 (50)
914 4234 1011 4287 τοῦ
1044 4235 1232 4304 ἀέρος,
1273 4232 1387 4302 ἐγὼ
1414 4232 1472 4286 δὲ
1504 4233 1569 4285 ὲκ
1593 4230 1689 4285 τοῦ
1716 4230 1890 4295 ὅντως

287 4324 547 4396 οὐρανοῦ.
604 4325 871 4389 Κάκεῖνος
912 4323 1037 4398 μὲν]
1067 4324 1267 4395 ἔτρεφε
1313 4323 1408 4378 καὶ
1452 4322 1729 4397 ὲρρὡννυε
1780 4321 1889 4374 σὼο

291 4435 465 4481 ματα,
506 4415 619 4483 ἐγὼ
649 4415 706 4468 δὲ
738 4415 940 4486 ψυχάς.
978 4414 1191 4486 Προϊὼν
1219 4414 1275 4467 δὲ
1304 4414 1455 4484 λέγει
1491 4415 1589 4468 καὶ
1642 4414 1743 4479 τὴν
1780 4428 1885 4465 κα-

289 4509 662 4579 θολικωτέραν
691 4508 962 4580 διαφορὰν
988 4508 1085 4561 τοῦ
1118 4523 1176 4561 τε
1208 4505 1447 4561 τυπικοῦ
1471 4508 1641 4578 ἄρτου
1672 4505 1767 4559 καὶ
1791 4504 1888 4558 τοῦ

288 4599 575 4667 ἀληθινοῦ.

394 4691 438 4748 0
472 4693 582 4760 γὰρ
611 4688 793 4759 ἄρτος
840 4720 911 4730 -
940 4689 1167 4760 κόσμῳ.
1233 4688 1293 4742 '0
1325 4688 1533 4759 κυρίως
1577 4687 1743 4757 ἄρτος
1790 4687 1887 4740 τοῦ

290 4783 451 4850 Θεοῦ,
503 4783 682 4835 εῐτουν
730 4782 758 4834 ὁ
802 4782 948 4846 θεῖος
998 4783 1163 4853 ἄρτος
1198 4782 1346 4835 ἐστὶν
1411 4781 1441 4835 δ
1495 4782 1561 4833 ὲκ
1591 4780 1683 4833 τοῦ
1718 4779 1891 4845 δντως

289 4874 529 4946 οὐρανοῦ
558 4872 806 4937 καταϐάς
842 4875 935 4928 καὶ
964 4872 1110 4945 ζωὴν
1130 4872 1353 4927 αἰώνιον
1377 4873 1557 4937 διδοὺς
1586 4871 1663 4943 τῷ
1696 4871 1890 4943 κόσμῳ

288 4967 370 5038 τῷ
396 4966 731 5022 πιστεύοντι.
776 4966 1018 5030 Ἐκεῖνος
1049 4966 1160 5037 γάρ
1188 4965 1333 5037 ζωὴν
1381 4965 1727 5038 πρόσκαιρον
1782 4964 1889 5018 ὲδίο

289 5061 407 5125 δου,
449 5061 544 5113 καὶ
577 5059 639 5112 οὐ
667 5058 746 5127 τῷ
774 5059 991 5130 κόσμῳ,
1025 5058 1165 5112 ἀλλὰ
1204 5060 1392 5129 μόνοις
1424 5061 1540 5122 τοῖς
1581 5058 1885 5129 Ἑϐραίοις.

293 5151 449 5221 Ζωὴν
478 5150 536 5203 δὲ
586 5149 806 5204 αἰώνιον
858 5150 971 5203 νόει
1013 5150 1089 5222 μὴ
1140 5149 1240 5221 τὴν
1293 5150 1483 5213 ἁπλῶς
1524 5150 1591 5221 ἢν
1660 5148 1890 5219 ζήσουσι

292 5244 489 5306 κοινῶς
524 5246 728 5307 πάντες
781 5242 1086 5315 ἄνθρωποι,
1121 5242 1258 5297 ἀλλὰ
1290 5242 1390 5314 τὴν
1449 5243 1762 5313 μακαρίαν,
1794 5240 1894 5313 τὴν

294 5337 353 5389 ὲν
383 5337 683 5389 ἀπολαύσει
717 5335 975 5406 διηνεκεῖ.

403 5450 447 5483 ⁸⁸
473 5449 617 5505 Psal.
646 5467 857 5518 Lxxvu,
892 5451 985 5506 24.

1099 5452 1143 5484 ι’
1176 5450 1321 5507 Psal.
1348 5466 1460 5515 cst,
1492 5451 1545 5507 5.
1578 5451 1625 5482 ’°
1658 5450 1802 5505 Psal.
1840 5466 2047 5518 ωτι-ιι,
2078 5453 2170 5518 24,

1976 2050 2177 2106 neque,
2221 2037 2366 2106 quod
2399 2034 2541 2089 Deus
2581 2035 2763 2104 ipsum
2814 2032 3102 2099 edidisset,
3161 2048 3231 2086 ne
3277 2032 3429 2087 hunc
3458 2031 3573 2086 Deo

1976 2135 2300 2198 aequarent;
2351 2124 2449 2181 sed
2495 2122 2747 2180 absolute
2793 2122 3055 2178 dixerunt
3093 2137 3107 2175 :
3154 2121 3351 2176 Patres
3405 2122 3577 2176 nostri

1980 2221 2320 2275 comederunt
2376 2234 2578 2272 manna
2618 2218 2676 2271 in
2732 2217 2956 2271 deserto.
3004 2212 3146 2281 Quid
3193 2227 3327 2285 ergo
3381 2212 3448 2278 is,
3479 2212 3576 2283 qui

1979 2300 2208 2383 disponit
2231 2327 2496 2367 sermones
2522 2325 2643 2364 suos
2660 2310 2717 2362 in
2747 2308 2952 2377 indicio
2974 2306 3061 2361 ὀἳ
3094 2305 3215 2361 Non
3246 2299 3427 2377 arguit
3457 2319 3575 2372 eos,

1980 2404 2077 2459 sed
2102 2401 2302 2458 blande
2339 2399 2670 2471 respondet.
2740 2397 2977 2469 Oportet
3021 2396 3198 2464 enim,
3248 2405 3311 2451 ut
3344 2394 3579 2467 praedic-

1979 2504 2095 2551 tum
2124 2503 2231 2560 est,
2259 2493 2538 2548 interdum
2569 2490 2800 2562 quidem
2837 2504 3093 2560 arguere,
3135 2487 3414 2543 interdum
3449 2501 3581 2543 vero

1981 2585 2353 2657 dispensative
2387 2586 2721 2641 clementem
2752 2598 2900 2641 esse.

2054 2678 2193 2735 Vers
2232 2679 2324 2733 '52.
2360 2678 2509 2731 Dixit
2543 2706 2615 2717 ——
2648 2675 2797 2731 caelo.
2845 2674 2985 2742 Quia
3038 2672 3327 2746 putabant.
3378 2689 3581 2729 manna

1982 2788 2104 2829 esse
2141 2786 2338 2841 panem
2376 2770 2445 2825 ab
2474 2783 2542 2824 eo
2572 2769 2719 2839 quod
2755 2768 2978 2839 proprie
3016 2767 3216 2823 coelum
3253 2766 3580 2837 appellatur,

1982 2881 2051 2920 eo
2067 2862 2215 2934 quod
2248 2862 2517 2932 scriptum
2545 2869 2729 2916 esset:
2754 2859 2962 2914 Panem
2982 2860 3046 2914 de
3062 2859 3192 2914 εωίο
3222 2859 3366 2913 dedit
3387 2860 3463 2913 eis
3490 2859 3537 2890 ”
3565 2874 3581 2912 :

1984 2957 2212 3029 corrigit
2233 2969 2524 3011 erroneam
2548 2968 2743 3009 eorum
2778 2950 3121 3021 Opinionem.
3157 2950 3294 3005 Nam
3324 2950 3395 3006 ibi
3430 2947 3586 3006 Scri-

1987 3058 2149 3119 ptura
2201 3061 2385 3101 aerem
2418 3043 2719 3115 lmprOprie
2760 3043 2979 3100 vocavit
3026 3043 3226 3099 cmlum
3269 3060 3285 3098 :
3319 3044 3588 3113 quemad-

1987 3140 2213 3195 modum
2237 3139 2403 3195 etiam
2436 3137 2699 3192 dicuntur
2741 3136 2996 3191 volucres
3031 3134 3181 3191 caeli.
3212 3133 3283 3189 Et
3317 3149 3539 3191 rursum
3569 3151 3587 3192 :

1986 3230 2223 3286 Intonuit
2257 3229 2320 3283 de
2352 3226 2479 3282 ειείο
2508 3227 2763 3281 Dominus
2800 3226 2870 3281 “.

2066 3322 2161 3377 Ait
2193 3338 2324 3393 ergo
2351 3338 2366 3376 :
2396 3320 2521 3375 Non
2568 3318 2746 3374 Moses
2778 3317 2931 3374 dedit
2963 3324 3093 3373 tunc
3140 3316 3353 3373 nationi
3394 3325 3586 3373 vestra

1994 3428 2191 3484 panem
2238 3412 2332 3482 qui
2390 3409 2613 3482 proprie
2660 3408 2730 3463 de
2776 3408 2919 3463 creto
2965 3407 3057 3472 sit,
3108 3407 3206 3462 sed
3241 3406 3403 3461 Pater
3432 3422 3590 3461 mens

1997 3520 2145 3560 nunc
2184 3504 2279 3559 dat
2330 3504 2486 3567 vobis
2534 3515 2731 3572 panem
2763 3499 2845 3554 alr
2862 3514 2929 3555 eo
2954 3498 3103 3570 quod
3137 3499 3359 3569 proprie
3384 3498 3585 3554 cmlum

1992 3598 2325 3666 appellatur.
2347 3594 2481 3649 Nam
2512 3594 2659 3648 sicut
2681 3593 2842 3647 Pater
2860 3592 3084 3663 proprie
3102 3592 3305 3648 dicitur
3325 3593 3590 3658 caelestis,

1994 3690 2072 3745 ita
2104 3697 2160 3745 et
2210 3687 2381 3743 Filius
2406 3685 2670 3751 ctelestis,
2700 3696 2759 3741 et
2790 3686 3015 3756 proprie
3050 3686 3232 3757 panis,
3270 3697 3467 3758 utp0te
3496 3702 3594 3742 cor

1992 3780 2234 3838 hominis
2272 3778 2636 3835 conﬁrmans.

2073 3872 2231 3930 Vers.
2260 3873 2351 3928 32.
2384 3869 2523 3926 Eum
2554 3871 2644 3942 qui
2673 3886 2828 3924 serus
2869 3878 2967 3925 est.
3004 3869 3289 3941 Siquidem
3320 3870 3410 3925 ille
3437 3869 3599 3941 panis

1994 3964 2318 4038 ﬁgurativus
2365 3971 2509 4027 erat,
2564 3976 2675 4027 me,
2716 3960 2919 4031 inquit,
2956 3962 3317 4034 prallgurans
3348 3962 3443 4032 qui
3473 3976 3599 4018 sum

1992 4057 2111 4129 ipsa
2153 4056 2388 4111 Veritas.
2415 4054 2897 4122 Quemadmodum
2926 4055 3078 4110 enim
3112 4053 3203 4109 ille
3229 4053 3471 4124 desuper
3496 4052 3602 4108 de-

1993 4152 2291 4216 scendens,
2333 4164 2430 4206 eos
2460 4148 2556 4220 qui
2595 4147 3021 4219 participabant,
3065 4146 3331 4219 pascebat
3383 4160 3451 4200 ac
3495 4160 3601 4201 ro-

1996 4245 2251 4310 borabat,
2299 4243 2373 4298 ita
2402 4251 2459 4299 et
2487 4256 2611 4314 ego.
2642 4239 2753 4296 Sed
2788 4240 2880 4296 ille
2911 4240 2981 4295 ab
3027 4254 3180 4306 aere,
3218 4253 3321 4311 ego
3348 4247 3533 4296 autem
3568 4254 3599 4293 a

1995 4352 2129 4393 vero
2161 4336 2301 4392 coelo
2333 4351 2350 4390 :
2382 4335 2476 4390 ille
2506 4332 2731 4404 quidem
2764 4347 2997 4403 corpora
3045 4332 3307 4403 pascebat
3332 4346 3399 4385 ac
3428 4331 3598 4385 robo-

1997 4431 2174 4495 rabat,
2233 4442 2335 4499 ego
2386 4441 2520 4483 vero
2580 4419 2817 4480 animas.
2871 4423 2931 4478 In
2985 4422 3355 4494 sequentibus
3415 4431 3603 4477 autem

2000 4523 2157 4596 ponit
2199 4518 2599 4593 generaliorem
2646 4515 3016 4573 dillerentiam
3050 4516 3195 4570 inter
3246 4513 3602 4584 ﬁgurativum

1857 4685 1883 4696 _
1920 4631 1963 4688 ι)
1994 4630 2213 4689 panem,
2245 4620 2303 4668 et
2339 4627 2467 4668 eum
2493 4611 2586 4682 qui
2629 4625 2794 4666 verus
2825 4618 2931 4665 est.

2064 4707 2218 4764 Vers.
2238 4705 2329 4763 35.
2350 4705 2515 4760 Panis
2527 4706 2666 4759 enim
2690 4732 2761 4747 -
2783 4702 3003 4757 mundo.
3028 4700 3257 4773 Pr0prie
3300 4698 3463 4770 panis
3484 4697 3603 4757 Dei.

1996 4801 2113 4857 sive
2150 4799 2371 4855 divinus
2411 4805 2519 4865 est,
2567 4796 2659 4867 qui
2711 4810 2841 4851 vere
2874 4795 2944 4851 de
2973 4795 3113 4850 caelo
3163 4793 3491 4859 descendit,
3547 4801 3607 4847 et

1994 4894 2164 4949 vitam
2194 4902 2458 4949 aeternam
2477 4892 2572 4947 dat
2593 4890 2801 4946 mundo
2823 4889 3073 4945 credenti
3104 4904 3266 4945 :cum
3305 4888 3396 4943 ille
3434 4887 3604 4943 vitam

1994 4987 2065 5042 ad
2106 4996 2323 5055 tempus
2356 4986 2533 5047 daret,
2564 4997 2679 5037 non
2712 4981 2919 5036 mundo
2945 5020 2961 5047 ,
3013 4979 3110 5036 sed
3158 4977 3600 5038 solisJiebrzeis.

2003 5076 2184 5131 Vitam
2233 5084 2422 5129 autem
2469 5083 2734 5128 aeternam
2779 5070 3050 5143 intelligo,
3099 5086 3211 5126 non
3255 5069 3604 5141 simpliciter,

2005 5184 2114 5240 qua
2166 5168 2352 5222 vivent
2393 5164 2764 5221 communiter
2790 5179 2986 5219 omnes
3028 5162 3307 5230 homines,
3342 5161 3443 5217 sed
3472 5160 3605 5217 bea-

2010 5270 2140 5328 tam,
2176 5274 2298 5331 quze
2326 5258 2431 5313 erit
2458 5258 2511 5312 in
2544 5257 2805 5312 continua
2832 5256 3025 5327 requie
3045 5256 3187 5327 (an).

2250 5455 2294 5485 “
2320 5452 2465 5508 Psal.
2521 5467 2656 5514 xvn,
2694 5451 2777 5506 Η.

1538 5546 1737 5608 Variae
1765 5544 2079 5611 lectiones
2099 5559 2161 5611 et
2191 5553 2384 5609 nota).

369 5644 484 5717 (ιι)
551 5649 610 5703 ’0
634 5650 789 5705 abest
818 5655 883 5704 A.

374 5718 487 5791 (65)
519 5721 769 5791 Ἐφαγον
792 5721 852 5773 τὸ
880 5721 1056 5791 μάννα
1082 5720 1170 5791 7A.

368 5789 481 5861 (dij)
539 5790 786 5861 Οὐρανοῦ
819 5789 1024 5861 κυρίως
1063 5790 1127 5845 Α.

373 5860 482 5928 (47)
519 5860 648 5927 va,
680 5876 780 5932 pro
834 5860 954 5928 νῦν,
992 5861 1052 5915 Β.

2078 5649 2193 5718 (48)
2223 5648 2437 5703 inclusa
2470 5645 2766 5718 omittit‘A.

2078 5715 2190 5789 (49)
2237 5718 2343 5772 Τὸν
2368 5718 2529 5772 αὐτον
2563 5715 2821 5784 ἀλήθειαν
2854 5717 2921 5770 Α.

2073 5788 2185 5860 (50)
2219 5788 2434 5844 inclusa
2459 5789 2664 5843 absunt
2696 5789 2759 5839 Α.

376 5953 737 6026 (uu)chuic.
788 5954 877 6011 Sic
900 5952 1181 6012 hic.lnira
1214 5954 1281 6011 ad
1340 5972 1479 6013 vers.
1531 5955 1598 6009 59
1652 5953 1880 6011 reddidit

1996 5954 2248 6019 ςὸλαυοιν,
2281 5952 2610 6023 finitionem,
2650 5944 2755 6001 nisi
2792 5944 3106 6001 ἀνάπαυσιν
3132 5948 3341 6022 legerit.
