4010 6488
382 447 521 509 12ῐῦ

1334 443 1725 506 COMMENT.
1764 446 1845 507 IN
1886 445 2270 509 JOANNEM.
2319 471 2385 484 -··
2422 449 2581 512 CAP.
2628 449 2727 511 VI.

3532 454 3669 522 1250

454 556 639 611 Τοῦτο
686 586 754 597 --
815 558 1028 627 ἡμέρᾳ.
1065 556 1179 612 Καὶ
1236 558 1345 628 μὴν
1394 559 1607 622 πάντας
1665 559 1952 630 ἀναστήσει

2145 559 2300 615 Vers.
2334 559 2423 614 59.
2456 561 2580 615 Ηατ
2614 593 2685 602 -
2717 564 2819 619 die.
2857 562 3021 635 Atqui
3042 581 3237 624 omnes
3265 577 3396 625 tunc
3438 580 3671 630 resumi.-

374 647 518 711 τότε,
556 647 801 709 καὶτοὺς
835 650 1112 712 σωθέντας
1145 648 1242 702 καὶ
1288 649 1419 712 τοὺς
1450 650 1825 715 ἀπολωλότας,
1867 651 1963 704 καὶ

373 740 501 801 τοὺς
540 741 769 803 πιστοὺς
809 742 903 793 καὶ
932 742 1057 803 τοὺς
1085 741 1373 806 ἀπίστους
1402 743 1519 795 ἀλλ’
1548 744 1848 799 ἀνάστασιν
1882 747 1966 799 ὲν-

374 829 550 881 ταῦθα
573 831 719 898 λέγει
749 833 849 902 τὴν
873 834 967 885 ἐπὶ
1001 832 1333 897 ἀπολαύσει,
1368 834 1430 887 ού
1455 835 1559 904 τὴν
1590 837 1686 889 ἐπὶ
1717 836 1963 893 κολάσει.

388 920 505 987 Ἀφ’
532 915 608 973 ὧν
635 921 691 974 δέ
724 940 910 991 φησιν,
955 924 1230 977 δείκνυσιν
1264 926 1346 977 ὅτι
1396 926 1576 979 κοινὸν
1619 927 1834 997 Θέλημα
1870 927 1968 980 καὶ

376 1010 471 1062 τοῦ
527 1012 736 1080 Πατρὸς
766 1015 859 1065 καὶ
894 1014 989 1066 τοῦ
1014 1014 1151 1067 Υίοῦ
1201 1016 1265 1069 τδ
1316 1017 1556 1087 σωθῆναι
1597 1019 1829 1082 πάντας.
1868 1020 1967 1072 Διά

371 1101 531 1154 τοῦτο
558 1104 666 1173 γάρ
696 1105 724 1155 6
758 1104 857 1173 μὲν
888 1106 1236 1174 ἀπέστειλεν,
1266 1110 1294 1162 6
1318 1109 1375 1162 δὲ
1408 1112 1772 1180 παρεγένετο·
1807 1112 1904 1166 καὶ
1935 1114 1964 1165 6

375 1194 475 1260 μὲν
518 1194 702 1248 δίδωσι
731 1197 859 1261 τοὺς
918 1201 1304 1267 πιστεύοντας,
1338 1204 1366 1254 6
1412 1200 1468 1255 δὲ
1507 1202 1964 1273 παραλαμϐάνων

371 1285 559 1348 σώζει.

447 1378 734 1483 Γινσὶέὸῖ)
764 1382 839 1452 μὴ
874 1383 1147 1451 ἀπολέσω,
1189 1387 1492 1453 τουτέστιν,
1518 1390 1605 1442 ἵνα
1642 1391 1717 1461 μὴ
1744 1392 1801 1458 ἐξ
1824 1392 1965 1462 ἐμῆς

370 1471 547 1532 αἰτίας
605 1471 876 1540 ἆπόληταί
906 1491 1010 1537 τις.
1069 1476 1179 1528 Καὶ
1226 1478 1486 1549 ἀνωτέρω
1527 1481 1637 1550 γὰρ
1665 1479 1840 1545 εἶπεν,
1880 1483 1962 1535 ὅτι

374 1559 491 1613 Τέν
521 1562 853 1631 ἐρχόμενον
881 1568 1033 1632 πρός
1050 1584 1127 1635 με
1152 1571 1221 1621 οὐ
1244 1567 1325 1635 μὴ
1346 1569 1579 1623 ἐκϐάλω
1603 1572 1737 1635 ἔξω.
1760 1574 1964 1627 Λοιπὸν

370 1650 491 1716 οὖν,
528 1656 580 1706 εἴ
603 1672 688 1719 τις
717 1658 783 1709 ἂν
810 1659 1077 1719 ἑκουσίως
1108 1660 1299 1732 ἐξέλθῃ
1330 1666 1421 1715 καὶ
1453 1665 1717 1728 ἑκουσίως
1753 1666 1958 1737 ἀπόλη-

367 1762 481 1808 ται,
521 1748 674 1814 παρά
711 1746 811 1816 τὴν
843 1747 1040 1801 ἑαυτοῦ
1077 1751 1263 1802 αἰτίαν
1305 1751 1471 1804 τοῦτο
1500 1752 1720 1824 πάσχει.
1756 1756 1962 1809 Οὐδένα

370 1838 479 1907 γὰρ
507 1840 534 1890 6
562 1842 693 1901 Θεὸς
714 1840 865 1909 πρὸς
899 1842 1150 1911 ἀνάγκην
1177 1842 1374 1915 ἕλκεα]

2074 650 2228 715 tabit,
2260 662 2315 706 et
2340 653 2432 721 qui
2462 654 2599 708 salvi
2636 664 2821 719 erunt,
2852 665 2905 711 et
2934 658 3028 727 qui
3069 660 3351 729 peribunt,
3381 672 3488 718 tam
3528 664 3667 720 lide-

2071 740 2151 796 les
2181 758 2344 811 quam
2390 745 2655 801 inﬁdeles.
2687 746 2795 801 Sed
2828 756 3285 806 resuirectionem
3324 759 3424 808 hoc
3456 756 3510 808 in
3548 756 3669 811 loco

2070 834 2346 903 appellant
2379 852 2525 901 eam,
2569 854 2691 907 qua:
2722 839 2827 893 erit
2858 840 2923 893 ad
2982 843 3247 911 requiem,
3286 860 3392 899 non
3437 862 3559 915 qua:
3598 851 3666 901 ad

2070 927 2423 996 supplicium.
2484 929 2550 984 Et
2596 947 2663 985 ex
2707 932 2792 985 his
2840 936 3104 1000 Ostendit,
3152 951 3501 993 communem
3546 955 3669 995 esse

2073 1017 2250 1073 Patris
2279 1030 2333 1076 et
2379 1022 2500 1076 Filii
2538 1023 2875 1079 voluntatem
2920 1036 2980 1079 ut
3029 1042 3226 1083 omnes
3273 1030 3410 1084 salvi
3481 1032 3663 1092 (lant;

2068 1107 2140 1161 ob
2202 1108 2255 1161 id
2284 1125 2521 1180 namque
2551 1122 2605 1165 et
2642 1111 2733 1166 ille
2765 1112 2931 1177 misit,
2953 1114 3116 1168 etbic
3146 1114 3408 1183 advenit;
3445 1117 3535 1172 ille
3574 1120 3664 1173 dat

2068 1202 2379 1266 credentes,
2409 1212 2462 1256 et
2492 1203 2580 1257 hic
2606 1214 2788 1259 servat
2812 1214 3088 1277 acceptos.

2137 1360 2216 1431 -Η-
2243 1361 2322 1417 Ne
2349 1363 2592 1432 perdam,
2625 1364 2729 1419 hoc
2746 1375 2849 1431 est,
2872 1381 2940 1421 ne
2973 1382 3092 1423 mea
3122 1369 3284 1438 culpa
3316 1370 3516 1439 aliquis
3564 1388 3667 1441 pe-

2070 1462 2206 1507 reat.
2251 1452 2384 1507 Nam
2415 1464 2470 1508 et
2500 1458 2753 1523 superius
2788 1457 2944 1511 dixit:
3010 1457 3310 1513 Venientem
3345 1464 3415 1513 ad
3452 1480 3532 1516 me
3564 1481 3669 1517 non

2068 1544 2329 1613 expellant
2352 1549 2519 1615 foras.
2548 1532 2898 1617 Relinquitur
2918 1565 3048 1620 ergo
3081 1564 3136 1604 ut
3154 1552 3195 1606 si
3219 1553 3341 1621 quis
3367 1558 3670 1611 VUIIIlllill’ie

2067 1646 2228 1689 exeat
2270 1647 2326 1690 et
2370 1639 2681 1693 voluntarie
2717 1650 2926 1709 pereat,
2968 1655 3067 1697 sua
3087 1646 3246 1713 culpa
3275 1648 3378 1700 hoc
3408 1649 3665 1717 patiatur.

2066 1722 2355 1782 Neminem
2385 1731 2532 1784 cnim
2570 1733 2715 1786 Deus
2747 1735 2798 1787 vi
2825 1735 3015 1789 trahit.

442 1928 628 1983 Τοῦτο
657 1961 726 1971 -
755 1931 966 2001 ἡμέρᾳ.
1002 1934 1107 1987 Τὸν
1137 1935 1299 1988 αὑτὸν
1320 1936 1477 2003 λόγον
1502 1939 1808 2008 σαφηνίζει,
1834 1958 1952 1996 συν-

2139 1932 2290 1987 Vers.
2316 1934 2402 1987 40.
2429 1933 2739 1988 Ilaec—die.
2765 1935 3027 1993 Eumdem
3061 1941 3301 1999 declarat
3326 1961 3664 2020 sermonem,

366 2022 658 2092 εχέστερον
686 2025 851 2076 αὑτὸν
882 2026 1096 2094 ὲνηχῶν
1149 2026 1237 2079 ἵνα
1272 2030 1348 2098 μὴ
1390 2032 1763 2102 εύαπόὸλητος
1801 2035 1961 2105 γένη-

365 2129 479 2177 ται,
540 2116 634 2166 καὶ
673 2115 757 2167 ἵνα
806 2115 1158 2188 βεόαιότερον
1210 2119 1464 2189 μάθωσιν
1529 2126 1611 2177 ὅτι
1660 2126 1961 2189 ἀνάστασίς

365 2206 507 2269 ἐστι,
542 2207 635 2258 καὶ
667 2206 764 2277 τῆς
812 2211 895 2271 είς
933 2210 1099 2263 αὑτὸν
1130 2211 1372 2277 πίστεως
1424 2216 1656 2287 ἀμοισὴ,
1698 2220 1793 2274 καλ⁹
1848 2221 1959 2273 τῶν

366 2300 610 2354 ἐνταῦθα
649 2306 1045 2372 πνευματικῶν
1078 2308 1307 2379 ἀγώνων
1360 2308 1746 2377 άνταπόδοσις,
1793 2316 1958 2368 καὶεί

364 2396 443 2466 μὴ
482 2397 626 2449 κατά
660 2398 753 2450 τὸν
785 2400 1032 2469 παρόντα
1064 2400 1181 2471 βίον
1232 2404 1666 2473 ἀπολαύσουσιν,
1708 2408 1848 2463 ἀλλά
1893 2427 1955 2476 γε

362 2490 508 2541 κατὰ
533 2488 624 2541 τὸν
664 2490 953 2560 μέλλοντα.
990 2494 1105 2556 Πᾶς
1134 2496 1191 2548 δὲ
1229 2498 1257 2549 6
1298 2498 1522 2569 Θεωρῶν
1547 2500 1638 2552 τὸν
1673 2501 1799 2553 Υἱδν
1842 2505 1957 2565 τοῖς

358 2577 659 2649 ὀφθαλμοῖς
693 2582 793 2650 τῆς
808 2581 1009 2652 ψυχῆς,
1034 2586 1060 2635 ὅ
1092 2586 1262 2652 ἐστιν,
1292 2589 1321 2640 6
1356 2591 1633 2645 πιστεύων
1664 2593 1743 2655 είς
1766 2594 1953 2646 αὐτόν.

433 2670 793 2741 Ἐγόγγυζον
818 2703 890 2713 -
910 2680 1288 2746 καταϐέϐηκα
1311 2695 1332 2744 ;
1355 2680 1484 2734 Ὅτε
1508 2682 1607 2752 μὲν
1636 2684 1803 2755 ἄρτον
1827 2685 1959 2738 ἐδω-

358 2781 456 2817 κεν
492 2765 676 2829 αὐτοῖς
702 2768 797 2820 καὶ¹
822 2768 920 2839 τὴν
945 2770 1192 2842 γαστέρα
1212 2773 1503 2844 ἐνέπλησε,
1537 2777 1633 2827 καὶ
1666 2781 1957 2849 προφήτην

358 2859 549 2927 ἔλεγον
572 2854 733 2926 εἶναι,
755 2860 851 2914 καὶ
875 2862 1100 2931 βασιλέα
1119 2864 1348 2935 ποιῆσαι
1379 2867 1593 2937 ἤθελονο
1612 2870 1701 2921 ὅτε
1725 2870 1778 2923 δὲ
1824 2873 1954 2941 περὶ

356 2949 453 3003 τοῦ
487 2951 741 3022 οὐρανίου
802 2953 971 3023 ἄρτου
1015 2956 1109 3008 καὶ
1142 2956 1258 3026 (58)
1310 2965 1689 3032 πνευματικῆς
1742 2966 1951 3034 τροφῆς

357 3046 454 3114 καὶ
486 3044 633 3113 ζωῆς
665 3044 890 3097 αἰωνίου
918 3047 1212 3121 διελέγετο,
1246 3049 1619 3119 ἐταράσσοντο
1656 3063 1749 3104 και
1786 3056 1950 3124 ἐξηυ-

356 3137 571 3203 τέλιζον
605 3140 665 3192 τὸ
699 3143 860 3209 γένος
910 3142 1099 3207 αὑτοῦ,
1120 3141 1233 3197 Ὧν
1262 3148 1407 3211 Θεὸς
1429 3148 1466 3215 ή
1491 3152 1692 3202 κοιλία
1716 3151 1828 3221 (59)
1854 3171 1951 3206 κα-

356 3232 465 3292 λῶς
485 3227 609 3284 εἷπε
630 3232 864 3295 Παῦλος.
887 3234 995 3286 Καὶ
1010 3238 1441 3305 προσεποιοῦντο
1464 3240 1562 3307 μὲν
1590 3243 1946 3309 ἀγανακτεῖν,

356 3327 491 3379 διότι
516 3322 689 3392 εἶπεν,
718 3327 804 3381 ὅτι
851 3326 953 3381 Ἐκ
992 3329 1099 3382 τοῦ
1148 3331 1412 3401 οὐρανοῦ
1462 3334 1861 3404 καταϐέϐηκα·
1891 3339 1951 3391 τὸ

356 3417 415 3471 δὲ
428 3417 626 3487 ἀληθὲς
647 3418 1012 3487 ἠγανάκτουν,
1037 3419 1170 3474 διότι
1194 3421 1294 3474 οὐκ
1313 3421 1513 3493 ἔθρεψε
1538 3425 1704 3478 πάλιν
1727 3428 1951 3496 αὐτοὺς,

360 3512 440 3574 ὡς
471 3512 846 3582 προσεδόκων.
882 3514 945 3565 Εἰ
976 3515 1083 3583 γὰρ
1115 3513 1185 3566 δι’
1238 3516 1418 3568 έκεῖνο
1447 3516 1771 3586 ἐγόγγυζον,
1804 3522 1952 3592 ἡρώ-

356 3621 532 3673 τησαν
559 3605 647 3668 ἂν,
682 3604 799 3669 πῶς
822 3606 987 3677 ἄρτος
1024 3608 1162 3675 ἐστὶ,
1202 3607 1320 3671 πῶς
1352 3610 1418 3661 ὲκ
1449 3610 1545 3662 τοῦ
1578 3612 1817 3683 ούρανοῦ
1850 3634 1951 3670 κα-

354 3697 666 3770 ταόέόηκεν
688 3717 702 3766 ;

438 3792 499 3844 '0
526 3791 580 3845 δὲ
616 3792 850 3863 Χριστὸς
884 3794 985 3849 ούκ
1017 3792 1173 3849 εἷπεν
1197 3836 1214 3864 ,
1238 3797 1321 3852 ὅτι
1344 3801 1465 3854 Οὐκ
1492 3801 1611 3871 εἰμί
1656 3803 1789 3871 υίὸς
1832 3804 1950 3859 Ἰω-

355 3885 509 3954 σὴφ,
550 3885 673 3939 οὐδὲ
694 3885 900 3952 ἐδίδαξέ
924 3904 977 3941 τι
1031 3890 1160 3961 περὶ
1188 3890 1283 3944 τοῦ
1322 3893 1514 3961 γένους
1560 3896 1754 3958 αὐτοῦ,
1784 3897 1947 3966 γινώο

358 3994 505 4030 σκων
543 3978 740 4041 αὐτοὺς
785 3978 941 4033 οὔπω
968 3981 1304 4052 δυναμένους
1335 3986 1569 4041 ἀκοῦσαι
1599 3988 1689 4041 τὸν
1731 3990 1946 4061 Θαυμά-

358 4072 484 4126 στὸν
512 4072 673 4125 τόκον
703 4072 893 4138 αὐτοῦ,
921 4076 1016 4126 καὶ
1048 4074 1231 4147 πολλῴ
1265 4079 1470 4147 μᾶλλον
1489 4083 1590 4151 τὴν
1616 4082 1947 4152 προαιώνιον

355 4162 524 4217 αὑτοῦ
584 4164 863 4235 γέννησιν.
919 4168 1295 4239 Οίκονομικῶς
1330 4167 1426 4225 οὖν
1490 4176 1817 4245 παρέδραμε
1852 4178 1946 4229 τὸν

355 4259 485 4328 περὶ
512 4258 707 4311 τούτου
738 4257 920 4328 λόγον,
953 4260 1040 4315 ἵνα
1065 4262 1140 4332 μὴ
1166 4262 1356 4334 ἕτερον
1378 4266 1677 4321 σκάνδαλον
1700 4271 1946 4343 ἀναιρῶν

354 4351 441 4404 ἒτε
449 4368 543 4423 ρον
573 4350 808 4425 ἐμϐάλῃ.

438 4447 749 4516 Ἀπεκρίθη
821 4474 895 4489 ι·-
969 4449 1178 4503 αὺτόν.
1239 4451 1493 4506 Ἐλευσιν
1544 4455 1682 4523 πρὸς
1752 4457 1945 4513 ἑαυτόν

352 4554 519 4608 φησιν
575 4538 637 4590 ού
670 4540 772 4610 τὴν
812 4538 1023 4603 ἁπλῶς·
1054 4540 1178 4593 ἐπεὶ
1208 4542 1303 4595 καὶ
1325 4546 1481 4597 αὐτοὶ
1512 4548 1609 4599 καὶ
1629 4547 1781 4601 ἄλλοι
1810 4549 1941 4602 πολ-

2065 2022 2411 2094 l'requentius
2436 2042 2563 2081 eum
2597 2027 2890 2097 inducens,
2925 2046 2991 2086 ne
3013 2031 3175 2087 facile
3201 2037 3503 2105 rejiciatur,
3529 2052 3585 2098 et
3607 2054 3666 2099 ut

2064 2114 2275 2174 ﬁrmius
2296 2118 2510 2172 discant
2566 2119 2810 2175 futuram
2855 2137 2979 2177 esse
3014 2140 3479 2188 resurrectionem
3500 2136 3665 2191 ae‘ﬁ-

2062 2208 2305 2278 dei,qua:
2330 2210 2381 2263 in
2410 2210 2590 2280 ipsum
2614 2224 2718 2275 est,
2744 2216 3151 2284 repensionem,
3184 2221 3665 2298 spiritualiumque

2062 2301 2453 2365 certaminum,
2482 2319 2603 2372 qua:
2631 2303 2718 2357 hic
2751 2308 3054 2363 tolerantur
3091 2313 3531 2385 retributionem,
3553 2339 3663 2392 qua

2061 2394 2105 2447 si
2149 2410 2257 2447 non
2311 2404 2441 2448 sunt
2471 2395 2689 2450 fruituri
2715 2399 2770 2451 in
2812 2403 3069 2468 pra-senti
3126 2404 3251 2471 vita,
3287 2417 3343 2462 at
3377 2411 3571 2466 saltem
3606 2416 3661 2469 in

2062 2484 2266 2539 futura.
2302 2487 2487 2541 Omnis
2518 2496 2702 2543 autem
2728 2492 2818 2560 qui
2845 2493 2991 2547 videt
3023 2494 3259 2564 Filium,
3293 2503 3471 2559 oculis
3505 2506 3660 2563 vidc~

2059 2572 2187 2629 licet
2223 2576 2371 2640 ﬁdei,
2396 2579 2500 2632 hoc
2538 2589 2643 2646 est,
2670 2580 2762 2649 qui
2795 2582 2972 2638 credit
2997 2584 3051 2639 in
3090 2601 3238 2642 eum.

2136 2686 2289 2742 Vers.
2340 2690 2429 2745 Η.
2466 2691 2881 2747 Murmurabant
2911 2725 2985 2734 —
3016 2696 3173 2753 Vers.
3219 2698 3309 2755 42.
3365 2700 3610 2761 descendi
3637 2710 3662 2762 ?

2057 2776 2289 2844 Quando
2331 2785 2532 2849 panem
2563 2784 2714 2837 dedit
2750 2785 2832 2839 eis
2884 2785 3246 2859 implevitque
3295 2804 3569 2863 ventrem,
3605 2810 3663 2854 et

2056 2874 2382 2942 prophetam
2408 2889 2532 2929 esse
2556 2876 2831 2941 dicebant,
2859 2889 2913 2932 et
2937 2894 3122 2949 regem
3155 2898 3345 2939 creare
3377 2889 3655 2947 volebant:

2058 2965 2150 3017 ubi
2176 2980 2304 3019 vero
2331 2967 2397 3019 de
2428 2966 2638 3021 caelesti
2676 2984 2816 3037 pane
2868 2978 2923 3023 et
2971 2972 3241 3041 Spirituali
3266 2978 3410 3041 cibo,
3438 2981 3660 3053 vitaque

2055 3066 2260 3111 aaterna
2286 3058 2568 3122 disseruit,
2596 3062 2959 3118 turbabantur
2990 3080 3055 3120 ac
3085 3082 3258 3136 genus
3316 3070 3489 3141 ipsius
3518 3088 3659 3133 atte-

2055 3151 2321 3216 nuabant,
2344 3153 2411 3205 de
2433 3153 2634 3221 quibus
2658 3156 2797 3209 bene
2820 3157 2960 3211 dixit
2992 3158 3220 3215 Paulus:
3252 3163 3489 3227 Quorum
3517 3169 3659 3227 IIem

2054 3250 2231 3294 venter
2257 3243 2574 3297 est".Nam
2612 3246 2887 3316 ﬁngebant
2909 3263 2967 3303 se
2996 3249 3293 3319 indignari.
3315 3262 3460 3324 quod
3491 3259 3662 3316 dixis-

2057 3342 2159 3386 set:
2188 3336 2264 3387 De
2290 3335 2416 3388 caelo
2434 3337 2695 3400 descendi,
2718 3353 2841 3392 cum
2866 3340 3051 3396 verius
3070 3332 3657 3421 indignarentur-,quod

2056 3439 2276 3478 rursum
2296 3441 2389 3481 eos
2412 3443 2520 3481 non
2550 3427 2991 3498 pavisset,'sicut
3027 3439 3471 3502 speraverant.Si
3501 3444 3649 3499 enim

2054 3516 2125 3571 ob
2184 3517 2317 3572 illud
2364 3520 2627 3591 indignati
2669 3522 2925 3586 fuissent,
2966 3524 3396 3597 interrogassent
3444 3536 3656 3604 utique,

2053 3613 2329 3679 quomodo
2361 3616 2517 3684 panis
2545 3623 2728 3681 esset,
2758 3618 3033 3686 quomodo
3061 3619 3130 3675 de
3165 3624 3306 3678 caelo
3335 3626 3657 3686 descendis-

2055 3704 2164 3759 set?

2122 3797 2377 3854 Christus
2404 3810 2586 3856 autem
2609 3818 2719 3857 non
2759 3802 2913 3858 dixit:
2951 3802 3069 3859 Non
3098 3821 3218 3862 sum
3256 3809 3400 3866 ﬁlius
3417 3811 3649 3885 Josepli,

2053 3904 2234 3960 neque
2263 3892 2557 3963 quidquam
2586 3895 2654 3949 de
2685 3911 2887 3967 genere
2908 3912 3011 3951 suo
3038 3898 3249 3969 docuit,
3299 3905 3651 3977 seiens,quod

2053 3980 2128 4033 illi
2174 3985 2415 4037 nondum
2453 3985 2645 4040 audire
2675 3995 2932 4057 poterant
2986 3989 3369 4048 admirandum
3403 4000 3487 4051 sui
3525 4015 3657 4068 par-

2055 4085 2193 4143 tum,
2222 4086 2277 4133 et
2304 4081 2477 4134 multo
2507 4085 2689 4135 minus
2710 4092 2973 4138 aeternam
3026 4087 3109 4140 sui
3144 4091 3555 4157 generationem
3583 4109 3649 4149 ac

2054 4170 2423 4225 nativitatem:
2468 4173 2591 4227 ideo
2629 4174 3033 4244 dispensatorie
3066 4177 3135 4232 de
3179 4181 3266 4234 his
3322 4184 3487 4237 rebus
3530 4202 3656 4240 ser-

2054 4274 2271 4314 monem
2296 4264 2664 4331 printermisit,
2688 4280 2756 4320 ne
2781 4281 2891 4321 uno
2909 4266 3238 4325 offendicula
3260 4273 3473 4330 sublato
3504 4278 3652 4333 aliud

2049 4356 2334 4410 excitaret.

2124 4465 2280 4519 Vers.
2320 4466 2408 4521 45.
2446 4467 2735 4537 Respondit
2757 4500 2826 4509 —
2851 4469 3011 4527 Vers.
3047 4475 3138 4528 44.
3172 4492 3315 4531 eum.
3349 4480 3649 4538 Accessum

2051 4556 2119 4612 ad
2146 4572 2205 4611 se
2242 4558 2396 4623 dicit,
2442 4575 2554 4614 non
2604 4562 3065 4635 qualemcunque,
3119 4568 3389 4637 siquidem
3440 4581 3494 4626 et
3546 4574 3648 4637 illi,

350 4632 437 4684 λοὶ
466 4631 698 4703 ἤρχοντο
745 4632 882 4705 πρὸς
916 4634 1102 4687 αὐτόν·
1157 4634 1295 4689 άλλά
1327 4636 1427 4707 τὴν
1458 4640 1522 4692 ὲκ
1572 4640 1834 4703 πίστεως.
1874 4644 1938 4695 Ὃ

2066 4661 2102 4706 ει
2130 4653 2285 4706 multi
2322 4654 2414 4707 alii
2455 4654 2521 4708 ad
2552 4653 2731 4723 ipsum
2766 4631 3061 4714 veniebant
3093 4678 3107 4714 :
3137 4662 3235 4715 sed
3280 4677 3429 4728 eum,
3466 4665 3559 4735 qui
3582 4682 3647 4722 ex

349 4722 405 4775 δὲ
433 4723 581 4792 λέγει
616 4724 862 4779 τοιοῦτόν
913 4729 1051 4780 ἐστι·
1105 4728 1350 4792 Εἰκότως
1382 4731 1444 4782 ού
1495 4732 1786 4786 πιστεύετέ
1822 4750 1939 4804 μοι,

350 4817 409 4869 ού
444 4816 553 4887 γὰρ
600 4817 925 4890 είλκύσθητε
962 4819 1115 4891 παρὰ
1143 4818 1239 4873 τοῦ
1291 4822 1528 4891 Πατρός,
1582 4822 1657 4886 ὡς
1703 4825 1941 4887 ἀνάξιοι.

345 4906 561 4973 Οὐδεὶς
617 4910 729 4979 γὰρ
783 4910 1041 4965 δύναται
1080 4912 1287 4969 ἐλθεῖν
1330 4916 1480 4983 πρὸς
1525 4915 1651 4985 ἐμὲ,
1686 4916 1806 4987 ἦτοι
1852 4934 1943 4969 m-

352 5002 578 5056 στεῦσαι
608 5007 687 5067 είς
716 5005 969 5074 ὲμὲ,ἐὰν
996 5006 1082 5076 μὴ
1114 5010 1145 5059 d
1180 5008 1383 5075 Πατὴρ
1412 5012 1443 5061 ό
1468 5009 1709 5078 πέμψας
1728 5027 1804 5077 με
1839 5012 1939 5063 ἐλ-

2044 4744 2150 4798 ﬁde
2206 4753 2309 4799 est.
2348 4744 2504 4811 Quod
2554 4756 2738 4802 autem
2791 4750 2942 4816 dicit,
2995 4753 3099 4808 hoc
3128 4763 3211 4808 est
3244 4770 3258 4808 :
3292 4756 3484 4811 Merito
3530 4775 3642 4813 non

2042 4838 2265 4892 creditis
2305 4839 2460 4905 mihi,
2487 4856 2663 4910 neque
2697 4841 2846 4896 enim
2880 4846 3095 4899 attracti
3128 4847 3260 4901 estis
3286 4832 3527 4914 a‘l’atre,
3558 4861 3646 4905 ut-

2041 4940 2169 5000 pote
2200 4931 2431 5001 indigni:
2472 4933 2645 4987 Nemo
2672 4937 2811 4988 enim
2836 4946 3005 5005 potest
3059 4942 3236 4994 venire
3275 4945 3346 4994 ad
3386 4960 3487 5005 me,
3528 4945 3643 4999 sive

2041 5022 2268 5078 credere
2300 5026 2353 5077 in
2399 5042 2507 5090 me,
2548 5028 2650 5080 nisi
2681 5026 2862 5095 Pater,
2906 5031 3000 5102 qui
3050 5033 3192 5086 misit
3254 5051 3357 5099 me,
3413 5042 3643 5091 traxerit

350 5097 509 5165 κύσῃ
541 5100 747 5151 αὐτόν.
782 5100 989 5169 Εἴρηκε
1018 5100 1129 5170 γάρ
1160 5102 1255 5154 καὶ
1286 5104 1571 5173 ἀνωτέρω,
1609 5104 1691 5157 ὅτι
1730 5103 1879 5168 Πᾶν,
1906 5103 1937 5157 ὃ

2071 5114 2319 5170 um.Nam
2352 5126 2407 5172 et
2427 5121 2682 5190 superius
2708 5122 2868 5177 dixit:
2893 5097 3059 5179 Omne
3095 5128 3234 5196 quod
3260 5097 3351 5181 dat
3376 5132 3504 5185 milii
3531 5132 3643 5185 Pa-

349 5189 563 5245 δίδωσί
610 5208 712 5260 μοι
758 5195 790 5245 ό
824 5192 1051 5263 Πατὴρ,
1108 5195 1259 5262 πρὸς
1292 5195 1399 5264 ἐμὲ
1464 5196 1616 5262 ἧξεν
1668 5198 1762 5250 καὶ
1807 5199 1939 5251 ἀνά-

350 5280 518 5351 γνωοι
550 5283 645 5335 τοῦ
680 5283 924 5337 τοιούτου
972 5286 1140 5357 ῥητοῦ
1171 5288 1270 5357 τὴν
1321 5287 1584 5360 ἐξήγησιν
1634 5290 1939 5360 συμϐαλλο-

353 5375 523 5446 μένην
552 5379 629 5440 είς
654 5380 714 5430 τὸ
741 5379 1127 5451 προκείμενον.

457 5519 504 5551 ’⁸
532 5518 772 5590 Philipp.
799 5520 980 5586 tu,l9.
1088 5522 1135 5553 ⁸⁸
1162 5519 1323 5577 Joan.
1358 5540 1436 5589 vn,
1468 5524 1558 5580 37.

2038 5217 2137 5274 ter,
2172 5212 2241 5263 ad
2262 5228 2341 5264 me
2363 5215 2533 5266 ueniet
2556 5216 2626 5271 ’δε
2651 5226 2705 5271 et
2732 5216 2876 5273 illius
2904 5220 3031 5275 dicti
3052 5221 3169 5291 lege
3198 5225 3637 5290 enarrationem,

2037 5313 2160 5353 cum
2216 5303 2381 5357 etiam
2420 5306 2486 5360 ad
2518 5309 2860 5377 propositum
2894 5312 3119 5366 verbum
3152 5316 3421 5371 conferat.

1550 5649 1751 5712 Varia:
1796 5651 2110 5719 lectiones
2148 5664 2208 5721 et
2250 5666 2443 5724 notae.

423 5776 533 5857 (57)
575 5773 787 5857 inclusa
815 5777 989 5857 codex
1013 5789 1246 5852 uterque
1278 5782 1334 5835 in
1400 5783 1645 5857 margine
1685 5789 1929 5846 exhibet.

350 5847 660 5903 lientenius
694 5862 806 5900 non
849 5847 1031 5907 habet.

424 5917 535 5988 (58)
566 5916 679 5988 Τῆς
710 5918 1045 5990 addendum,
1094 5932 1187 5979 aut
1208 5923 1301 5977 τοῦ
1326 5925 1487 5997 paulo
1510 5936 1639 5985 ante
1670 5930 1927 5988 omitten-

2035 5794 2189 5849 dum.

2103 5866 2217 5939 (59)
2252 5868 2437 5938 Forte,
2474 5869 2549 5934 ὡς
2584 5870 2784 5938 καλῶς,
2835 5883 2947 5941 aut,
2984 5866 3061 5931 ὧν
3093 5874 3226 5930 Θεὸν
3251 5876 3352 5947 τὴν
3399 5876 3631 5933 κοιλίαν.
