4010 6486
470 418 604 484 1251

1691 413 2079 475 EUTHYMII
2145 412 2323 476 ZIGA
2334 412 2513 474 BENl

3617 406 3762 472 1252

536 538 698 594 Vers.
764 533 851 590 ιι.
880 531 946 586 Et
977 559 1047 570 —
1074 529 1183 587 die.
1214 528 1349 584 Eum
1402 526 1680 592 videlicet,
1730 529 1823 600 qui
1855 529 1922 585 ad
1978 542 2061 583 me

2238 528 2350 583 Kal
2402 555 2472 567 ——
2528 522 2739 593 ἡμέρᾳ.
2800 520 2907 575 Τὸν
2955 520 3183 574 ἐλθόντα
3213 506 3416 592 δηλαδὴ
3463 518 3600 593 πρὸς
3630 522 3758 591 ἐμὲ.

458 632 695 692 venerit,
726 629 809 682 vel
830 627 884 681 in
925 639 1011 680 me
1036 622 1350 680 crediderit.
1372 620 1612 676 Rursum
1641 636 1771 692 ergo
1800 630 2062 692 repetens

462 712 589 795 (ovi:
636 721 701 775 Et
731 735 824 791 ego
871 718 1187 772 resuscitabo
1223 729 1364 779 eum,
1400 713 1677 784 propriam
1715 712 2060 767 demonstrat

460 818 800 887 dignitatem,
851 819 905 865 et
937 825 1032 878 per
1090 808 1277 863 talium
1333 820 1651 861 sermonum
1689 802 2061 876 frequentiam

459 904 636 975 carpit
671 900 891 955 illorum
918 896 1420 953 insensibilitatem.

531 992 688 1048 Vers.
724 986 1097 1056 45.8criptum
1145 995 1294 1040 est—
1324 981 1683 1038 Deo.Addidit
1716 982 1821 1036 hoc
1858 979 2064 1036 confir-

456 1099 635 1148 mans,
662 1081 807 1152 quod
842 1079 1001 1134 Pater
1041 1077 1161 1133 illos
1204 1076 1467 1140 attrahat,
1496 1075 1590 1145 qui
1622 1074 1690 1128 ad
1715 1088 1775 1129 se
1801 1072 2056 1128 veniunt.

459 1179 669 1243 Omnes,
724 1175 925 1241 inquit,
976 1182 1107 1244 puta
1126 1173 1195 1227 ad
1239 1186 1365 1226 eum
1409 1169 1695 1225 venientes
1733 1175 1789 1222 et
1837 1167 1889 1221 in
1935 1181 2061 1220 eum

461 1274 749 1328 credentes
772 1286 836 1327 ac
867 1268 1140 1335 volentes;
1164 1266 1433 1338 siquidem
1470 1262 1682 1318 nullum
1702 1259 1933 1316 attrahit
1961 1276 2062 1315 no-

458 1365 693 1512 lem:
722 1456 813 1511 45.
854 1452 1041 1510 Omnis
1072 1484 1142 1496 —
1172 1466 1275 1506 me.
1304 1448 1409 1516 Qui
1442 1448 1652 1505 audivit
1711 1442 2063 1501 intellectuali

458 1549 643 1603 modo.
685 1546 765 1602 Ne
793 1547 943 1602 enim
972 1544 1407 1615 suspicarentur,
1431 1541 1534 1611 ipsi
1566 1540 1727 1594 rudes
1763 1546 1820 1593 et
1849 1536 2046 1602 crassi,

458 1641 611 1711 quod
653 1639 895 1696 sensuali
934 1637 1098 1693 modo
1133 1637 1322 1691 audiat
1354 1634 1645 1705 quisquam
1684 1646 1715 1686 a
1744 1628 1930 1695 Patre,
1975 1628 2060 1684 vi-
2098 1701 2107 1710 '

458 1734 594 1788 deus
620 1748 745 1787 eum
769 1730 1012 1786 humano
1040 1729 1227 1788 modo,
1258 1727 1335 1780 ait
1359 1743 1373 1780 :

533 1823 685 1879 Vers.
725 1823 817 1877 ιθ.
858 1822 1052 1877 Non—
1074 1819 1281 1875 viderit.
1307 1816 1728 1874 Utsensibiliter
1760 1815 1831 1870 ab
1864 1831 1931 1872 eo
1961 1830 2064 1871 au-

456 1918 577 1975 dire
610 1916 819 1986 possit;
842 1910 1011 1969 Deum
1041 1913 1182 1967 enim
1211 1927 1363 1965 nemo
1380 1911 1508 1964 vidit
1532 1910 1844 1979 unquam".

531 2008 687 2064 Vers.
713 2005 1011 2077 46.Nisi—
1026 2004 1158 2060 Deo.
1185 2001 1300 2057 Nisi
1330 2004 1378 2059 is
1413 2005 1507 2075 qui
1536 2012 1700 2057 natus
1741 2013 1824 2058 est
1856 2017 1886 2056 a
1922 2000 2057 2058 Deo.

456 2099 571 2154 Hoc
602 2098 750 2154 enim
786 2112 939 2153 nunc
976 2095 1276 2168 signiﬁcat,
1330 2109 1455 2149 esse
1492 2108 1521 2148 a
1556 2092 1687 2148 Deo.
1716 2093 1980 2163 Et~quare
2009 2092 2066 2147 id

455 2209 568 2248 non
600 2190 783 2263 posuit
826 2188 1213 2268 manifestius?
1245 2186 1480 2259 Propter
1504 2187 1723 2242 illorum
1757 2186 2066 2242 insensibi-

455 2285 689 2347 litatem;
716 2281 929 2349 sienim
947 2297 1071 2337 cum
1093 2281 1341 2345 dixisset,
1367 2278 1439 2333 De
1465 2278 1591 2333 caelo
1607 2278 1868 2342 descendi,
1892 2278 2066 2333 olfenc

453 2376 697 2431 diculum
732 2376 878 2445 passi
908 2383 1061 2439 sunt,
1092 2373 1359 2444 quidnam
1409 2372 1519 2427 illis
1559 2370 1877 2437 accidisset,
1928 2371 1974 2426 si
2007 2372 2063 2428 id

452 2468 619 2523 etiam
651 2466 869 2536 planius
903 2464 1160 2521 dixisset?

524 2558 678 2614 Vers.
703 2559 791 2613 46.
806 2557 907 2613 Hic
924 2556 1309 2613 viditPatrem.
1337 2554 1538 2627 Utpote
1555 2555 1804 2626 ejusdem
1828 2564 2064 2623 naturae,

455 2650 808 2714 substantiae,
868 2658 924 2705 et
956 2650 1227 2717 scientiae,
1260 2660 1315 2704 et
1353 2650 1445 2720 qui
1502 2660 1588 2705 est
1616 2650 1673 2703 in
1692 2650 1818 2706 sinu
1861 2649 2062 2705 Patris.

450 2744 622 2814 Atqui
659 2743 828 2797 etiam
858 2743 1100 2813 Spiritus
1131 2751 1356 2798 sanctus
1381 2742 1531 2797 videt
1557 2758 1707 2809 eum,
1732 2754 1991 2814 tanquam
2011 2753 2066 2798 et

452 2832 573 2907 ipse
604 2836 852 2906 ejusdem
882 2844 1112 2900 naturae,
1148 2836 1469 2890 substantia:
1492 2843 1548 2889 et
1575 2835 1840 2901 scientiae,
1869 2846 1925 2891 et
1969 2835 2063 2905 qui

452 2938 537 2984 est
566 2929 619 2982 in
655 2926 851 2993 Patre;
884 2928 979 2983 sed
1010 2928 1253 2982 nondum
1280 2938 1496 2997 tempus
1526 2937 1647 2982 erat
1678 2936 1738 2981 ut
1761 2928 1828 2982 de
1850 2927 2064 2999 Spiritu

452 3029 645 3076 sancto
675 3004 940 3077 doceret“:
974 3036 1103 3075 nam
1137 3022 1229 3091 qui
1266 3022 1332 3075 de
1356 3019 1495 3075 Filio
1526 3020 1709 3077 adhuc
1736 3037 1845 3076 non
1878 3022 2063 3076 credi-

453 3113 671 3181 derant,
692 3127 1050 3184 nequaquam
1081 3113 1151 3169 de
1201 3112 1411 3185 Spiritu
1445 3121 1638 3170 sancto
1671 3114 2059 3171 credidissent.

526 3493 681 3551 Vers.
712 3494 804 3550 Π.
840 3494 1107 3550 Amen.-
1127 3505 1413 3550 (uernam.
1449 3493 1564 3550 Hoc
1610 3496 1777 3552 etiam
1804 3497 2063 3569 superius

450 3578 737 3645 dixitcum
767 3590 865 3643 ait:
906 3589 969 3645 Ut
1000 3590 1172 3644 omnis
1203 3590 1293 3659 qui
1314 3589 1453 3642 videt
1482 3587 1709 3655 Filium,
1740 3599 1789 3644 et
1816 3591 1984 3645 credit
2006 3591 2061 3645 in

449 3698 570 3736 eum
619 3682 985 3735 habeatvitam
1016 3684 1341 3735 retentam".

524 3772 683 3829 Vers.
707 3773 801 3829 48.
837 3772 1193 3844 Ego.-—vitar.
1218 3772 1485 3830 Praeterea
1515 3785 1568 3831 et
1595 3776 1699 3831 hoc
1733 3776 1785 3830 in
1810 3778 2064 3847 superio-

452 3866 606 3922 ribus
635 3866 792 3921 dixit.
824 3867 918 3922 Est
940 3874 1125 3921 autem
1157 3868 1314 3937 panis
1338 3867 1478 3933 vita,
1520 3878 1779 3939 tanquam
1808 3870 2058 3923 doctrina

448 3956 704 4010 nutriens
733 3956 969 4020 animas,
992 3958 1277 4028 vitamque
1298 3973 1652 4023 conservans,
1672 3969 1728 4013 et
1752 3959 2063 4015 hanceter-

451 4058 600 4102 nam.
633 4048 904 4103 Paulatim
938 4058 1125 4105 autem
1167 4051 1268 4105 bos
1301 4051 1544 4118 adducit,
1576 4067 1642 4107 ac
1681 4052 1901 4118 leniter,
1938 4068 2061 4123 qua

447 4139 515 4193 ad
546 4138 894 4196 divinitatem
931 4157 1088 4197 suam
1116 4151 1392 4213 spectant,
1424 4144 1621 4213 aperit.

524 4229 681 4287 Vers.
703 4232 796 4287 49.
826 4232 1018 4289 Patres
1047 4264 1118 4275 -—
1149 4238 1346 4291 mortui
1366 4245 1510 4290 sunt.
1536 4235 1674 4303 Quia
1714 4236 1771 4291 in
1802 4238 2057 4309 superio-

449 4322 601 4379 ribus
629 4324 901 4379 dixerant:
934 4325 1123 4381 Patres
1171 4328 1339 4381 nostri
1390 4345 1590 4381 manna
1632 4329 1971 4384 comederunt
2001 4332 2058 4384 in

446 4416 724 4478 deserto".
747 4432 893 4473 nunc
918 4420 1385 4488 comparationem
1409 4419 1541 4475 facit
1564 4422 1706 4476 inter
1731 4422 1867 4478 illud
1898 4440 2058 4479 man-

446 4526 516 4564 na
548 4520 604 4565 et
629 4512 775 4566 hunc
806 4527 1026 4582 panem,
1045 4513 1137 4583 qui
1166 4513 1417 4570 videlicet
1440 4514 1509 4569 de
1524 4514 1666 4570 caelo
1690 4514 2058 4587 descendit,et

446 4610 531 4655 est
559 4602 717 4670 panis
744 4602 889 4657 vitae.

520 4691 889 4749 Vers.50.Hic
925 4724 997 4737 ——
1032 4695 1329 4749 moriatur.
1359 4693 1465 4762 Qui
1501 4696 1568 4751 de
1599 4696 1739 4752 caelo
1769 4696 2057 4753 descendit

449 4794 507 4839 ut
536 4788 765 4853 nutriat,
796 4802 861 4841 ac
892 4787 1233 4841 immortales
1258 4788 1470 4843 reddat.
1507 4788 1716 4843 Deinde
1738 4804 2052 4853 sermonem

448 4877 726 4947 explanat,
759 4886 814 4933 et
862 4878 1023 4934 docet
1079 4880 1201 4949 quis
1233 4879 1305 4934 sit
1324 4880 1483 4951 panis
1506 4895 1669 4947 quem
1710 4880 1867 4936 dicit.

520 5062 676 5119 Vers.
703 5065 792 5121 51.
824 5066 938 5138 Ego
972 5097 1031 5107 -
1058 5070 1199 5126 vitae.
1248 5071 1481 5145 Semper
1541 5074 1734 5129 vivens
1762 5089 1826 5130 ac
1874 5074 2041 5131 vitam

448 5158 720 5226 prwbens.

522 5249 677 5307 Vers.
731 5253 819 5310 5L
860 5254 962 5321 Qui
993 5288 1064 5300 —
1112 5260 1395 5316 descendit.
1427 5262 1619 5330 Quoad
1672 5263 2041 5320 divinitatem.

551 5439 597 5471 “
634 5439 793 5495 Joan.
823 5458 860 5507 ι,
906 5444 993 5500 18.
1112 5444 1159 5477 ’⁸
1190 5444 1353 5501 Joan.
1384 5459 1458 5507 vt,
1489 5443 1558 5499 40
1695 5447 1740 5478 ’⁷
1776 5444 1909 5499 ibid.
1948 5445 2044 5498 5|.

2166 620 2347 673 εἶτουν
2376 620 2471 672 τὸν
2498 615 2870 671 πιστεύσαντα
2914 617 2995 677 εἰς
3025 613 3147 685 ἐμέ.
3199 612 3367 667 Πάλιν
3400 609 3493 668 οὖν
3524 615 3606 678 τὸ,
3644 613 3757 667 Kal

2165 710 2281 783 ἐγὼ
2309 710 2643 777 ἀναστήσω
2672 709 2880 762 αὐτόν.
2906 706 3304 777 Παραδεικνύει
3332 706 3437 777 γᾲρ
3460 708 3522 758 τὸ
3550 708 3757 758 οἰκεῖον

2164 805 2405 875 ἀξίωμα,
2440 802 2535 855 καὶ
2564 804 2630 873 τῇ
2666 800 2922 871 συνεχείᾳ
2951 800 3057 852 τῶν
3108 798 3366 852 τοιούτων
3407 798 3581 865 λόγων
3617 798 3757 849 καθ-

2174 899 2404 952 ικνεῖται
2436 896 2535 965 τῆς
2571 892 2930 964 ἀναισθησίας
2956 891 3156 945 αὐτῶν.

2239 989 2407 1041 Ἔστι
2444 984 2858 1057 γεγραμμένον
2882 1015 2948 1028 -
2981 981 3153 1037 Θεοῦ.
3207 982 3378 1036 Τοῦτο
3411 980 3623 1036 τέθεικε
3660 979 3755 1051 βε-

2166 1080 2339 1135 6αιῶν
2396 1082 2478 1135 ὅτι
2528 1082 2557 1133 ὁ
2596 1080 2789 1149 Πατὴρ
2840 1076 3025 1131 ὲλκύει
3060 1077 3184 1140 τοὺς
3236 1077 3566 1148 ἐρχομένους
3610 1074 3751 1144 πρὸς

2166 1174 2353 1231 αὐτόν.
2386 1175 2594 1235 Πάντες
2625 1173 2681 1225 δὲ
2715 1175 2763 1225 oi
2796 1172 3086 1243 ἐρχόμενοι
3118 1170 3361 1239 δηλονότι
3400 1171 3536 1237 πρὸς
3561 1167 3753 1232 αὐτὸν,

2165 1268 2214 1321 at
2271 1265 2622 1329 πιστεύοντες
2666 1266 2745 1327 είς
2784 1264 2948 1318 αὐτὸν
2990 1262 3025 1333 ἢ
3068 1264 3118 1314 οἱ
3154 1260 3487 1332 βουλόμενοι’
3530 1257 3749 1335 [οὐδένα

2166 1362 2275 1433 γάρ
2298 1360 2494 1433 (ϐωμὴ
2530 1355 3123 1431 βουλόμενον],ὲλκύει.

2237 1451 2365 1520 Πᾶς
2390 1481 2460 1492 --
2488 1468 2586 1521 με.
2617 1452 2681 1505 '0
2731 1448 3192 1519 ἁκούωκν-νοερῶς
3251 1448 3380 1517 περὶ
3418 1444 3573 1518 ἰμοῦ.
3633 1445 3753 1498 Ἰνα

2164 1549 2277 1619 γὰρ
2331 1549 2405 1619 μὴ
2469 1547 2809 1609 ὑπολάσωσι,
2869 1546 3065 1615 παχεῖς
3124 1542 3300 1607 ὄντες,
3346 1542 3427 1595 ὅτι
3475 1540 3752 1610 αἰσθητῶς

2165 1642 2356 1696 ἀκούει
2385 1659 2474 1706 τις
2507 1642 2658 1713 παρὰ
2686 1640 2778 1692 τοῦ
2814 1638 3047 1709 ιιατρὸς,
3080 1635 3223 1707 ὁρῶν
3263 1635 3427 1689 αὑτὸν
3471 1634 3752 1703 ἀνθρωπο-

2167 1736 2415 1809 πρεπῶς,
2447 1738 2631 1805 φησίν·

2243 1833 2367 1883 οὐκ
2395 1856 2467 1869 -—-
2498 1825 2781 1895 ἑώρακεν.
2812 1824 2933 1876 Ἵνα
2965 1821 3061 1874 καὶ
3086 1818 3358 1888 αἰσθητῶς
3391 1815 3566 1889 ἀκούῃ
3619 1814 3751 1886 παρ’

2093 1890 2136 1946 Β
2169 1921 2355 1976 αὐτοῦ·
2390 1918 2541 1974 Θεὸν
2564 1890 2673 1988 ξηὰρ
2711 1915 2909 1981 οὐδεὶς
2938 1909 3164 1981 ἑώρακε
3190 1910 3448 1965 πώποτε.

2231 2020 2301 2073 El
2324 2015 2412 2087 μὴ
2440 2045 2507 2055 -
2540 2012 2713 2069 Θεοῦ.
2756 2012 2817 2064 Et
2851 2012 2927 2081 μὴ
2958 2012 2986 2063 ὁ
3034 2008 3316 2078 γεννηθεὶς
3362 2008 3429 2060 ἐκ
3466 2003 3561 2057 τοῦ
3592 2000 3750 2055 Θεοῦ.

2167 2109 2341 2166 Τοῦτο
2371 2110 2477 2179 γὰρ
2510 2107 2664 2177 δηλοῖ
2693 2105 2788 2159 νῦν
2828 2104 2888 2157 τὸ
2934 2101 2992 2155 ’0
3014 2101 3129 2174 (61)
3188 2101 3266 2154 ὢν
3295 2099 3446 2170 παρὰ
3467 2096 3561 2150 τοῦ
3592 2096 3752 2151 Θεοῦ.

2168 2206 2279 2258 Καὶ
2322 2203 2464 2256 διατί
2524 2201 2600 2271 μὴ
2666 2198 2996 2270 τρανότερον
3055 2194 3188 2248 αὺτο
3231 2191 3483 2257 τέθεικες
3512 2190 3611 2242 Διὰ
3653 2190 3754 2258 τὴν

2169 2295 2396 2347 ἐκείνων
2418 2291 2727 2347 ἀσθένειαν.
2745 2288 2807 2341 Et
2832 2290 2941 2356 γὰρ
2961 2286 3230 2347 εἰπόντος,
3266 2284 3349 2336 ὅτι
3375 2279 3755 2345 Κατασέϐηκιι

2167 2386 2237 2440 ἐκ
2268 2383 2376 2438 τοῦ
2399 2380 2687 2451 οὐρανοῦ,
2708 2376 3239 2445 ἐσκανδαλίσθησαν,
3262 2374 3316 2428 τί
3345 2374 3446 2427 οὐκ
3466 2370 3533 2426 ἂν
3565 2371 3756 2442 εποίη-

2168 2484 2290 2546 σαν,
2318 2481 2368 2531 εξ
2397 2478 2493 2531 καὶ
2527 2476 2685 2530 τοῦτο
2712 2472 2962 2545 φανερῶς
2993 2467 3181 2537 εῐπενς

2236 2569 2433 2634 Αὐτὸς
2471 2567 2697 2636 ἑώρακε
2728 2567 2838 2618 τὸν
2864 2563 3115 2633 Πατέρα.
3164 2562 3255 2625 Ὠς
3299 2560 3399 2632 τῆς
3447 2558 3617 2629 αὐτῆς
3667 2558 3756 2610 ού-

2170 2658 2291 2721 σίας
2338 2658 2433 2711 καὶ
2462 2656 2680 2726 φύσεως
2710 2655 2804 2707 καὶ
2832 2652 3117 2723 γνώσεως,
3150 2651 3247 2706 καὶ
3273 2648 3439 2727 ὢνὲν
3484 2651 3593 2711 τοῖς
3629 2648 3754 2701 κόλ-

2168 2762 2292 2813 ποις
2321 2749 2415 2802 τοῦ
2450 2749 2689 2819 Πατρός.
2724 2747 2836 2819 Καὶ
2874 2745 2981 2816 μὴν
3007 2744 3187 2797 καὶτὸ
3215 2740 3442 2812 Πνεῦμα
3497 2740 3556 2794 τὸ
3591 2739 3748 2808 ἅγιον

2167 2842 2271 2913 ὁρᾷ
2298 2842 2461 2895 αὐτὸν
2480 2840 2553 2904 ὡς
2577 2818 2684 2894 καὶ
2716 2818 2848 2892 αὐτὸ
2873 2838 2969 2906 τῆς
3000 2838 3169 2908 αὐτῆς
3197 2836 3386 2897 οὐσίας
3417 2834 3510 2887 καὶ
3537 2833 3752 2903 φύσεως

2168 2937 2264 2989 καὶ
2301 2933 2577 3003 γνώσεως,
2614 2933 2709 2987 καὶ
2745 2930 2822 2984 ὣν
2850 2931 2961 3004 (62)
2995 2932 3054 2984 ὲν
3084 2929 3163 3001 τῷ
3191 2929 3387 3000 Πατρί.
3440 2927 3578 2981 Ἀλλ’
3602 2925 3755 2979 οὔπω

2167 3029 2358 3101 καιρὸς
2382 3024 2451 3100 ἦν
2488 3027 2765 3081 διδάσκειν
2802 3028 2930 3096 περὶ
2960 3024 3057 3077 τοῦ
3096 3025 3254 3090 ἁγίου
3298 3021 3637 3092 Πνεύματος.
3665 3018 3752 3091 [0i

2167 3123 2278 3194 γὰρ
2323 3122 2436 3193 (65)
2479 3123 2649 3191 μήπω
2699 3119 2829 3190 περὶ
2879 3117 2973 3172 τοῦ
3032 3116 3163 3171 Υίοῦ
3211 3115 3599 3177 πιστεύσαντες
3654 3114 3755 3165 οὐκ

2167 3220 2232 3271 ἂν
2265 3216 2597 3270 ἐπίστευσαν
2629 3214 2759 3284 περὶ
2783 3208 2879 3265 τοῦ
2910 3210 3070 3279 ἁγίου
3102 3204 3469 3278 Πνεύματος.]

2249 3476 2433 3548 Ἀμὴν
2455 3506 2529 3520 -σ-
2557 3474 2824 3532 alibi-tor.
2851 3473 2963 3529 Kal.
2995 3472 3257 3544 ἀνωτέρω
3289 3467 3410 3525 εἷπε
3437 3469 3617 3535 τοῦτο,
3666 3468 3753 3522 λέ-

2163 3588 2297 3643 γων·
2334 3571 2472 3625 Ἵνα
2496 3568 2616 3636 πᾶς
2650 3571 2683 3624 ὀ
2713 3566 2949 3636 θεωρῶν
2975 3566 3085 3621 τὸν
3128 3566 3263 3621 Υιὸν
3292 3564 3393 3619 καί
3446 3564 3752 3618 πιστεύων

2162 3668 2250 3732 εις
2276 3666 2487 3730 αὐτὸν,
2512 3663 2624 3731 ἔχῃ
2660 3661 2815 3730 ζωὴν
2839 3661 3103 3714 αιώνιον.

2248 3756 2391 3829 Ἐγὼ
2418 3785 2487 3797 -
2513 3752 2684 3823 ζωῆς.
2711 3755 2833 3807 Ἔτι
2851 3752 3111 3823 ἀνωτέρω
3129 3746 3251 3803 εἶπε
3285 3751 3380 3803 καὶ
3411 3749 3589 3804 τοῦτο.
3616 3749 3748 3819 ’Δρ-

2162 3863 2255 3910 τος
2284 3846 2341 3899 δέ
2378 3848 2495 3898 ἔστι
2526 3848 2623 3916 τῆς
2658 3844 2828 3915 ζωῆς,
2849 3844 2927 3907 ὡς
2953 3842 3175 3913 τρέφων
3209 3844 3274 3912 τῇ
3304 3840 3623 3912 διδασκαλίᾳ
3646 3842 3744 3902 τὰς

2161 3938 2365 4010 ψυχὰς,
2401 3938 2497 3992 καὶ
2556 3934 2884 4008 συγκρατῶν
2944 3936 3043 4005 τὴν
3080 3933 3245 4005 ζωὴν,
3286 3935 3380 3986 καὶ
3414 3934 3620 4001 ταύτην
3656 3935 3749 3985 καὶ

2162 4034 2262 4105 τὴν
2292 4034 2534 4087 αἰώνιον.
2570 4032 2728 4086 Κατὰ
2789 4030 2988 4102 μικρὸν
3027 4028 3085 4081 δὲ
3116 4029 3308 4097 ἀνάγει
3344 4026 3591 4092 τούτους,
3653 4029 3747 4079 καὶ

2160 4127 2382 4201 ὁμαλῶς
2416 4124 2803 4180 ἀποκαλύπτει
2832 4122 2902 4176 τὰ
2935 4123 3065 4194 περὶ
3094 4120 3196 4192 τῆς
3235 4119 3436 4173 ἑαυτοῦ
3468 4120 3742 4190 θεότητος.

2236 4218 2305 4275 Oi
2364 4218 2615 4287 πατέρες
2662 4246 2735 4257 —
2782 4215 3115 4271 ἀπέθανον.
3176 4214 3331 4266 Ἐπεὶ
3384 4210 3746 4284 προλαϐόντες

2162 4307 2317 4365 εἶπον
2356 4308 2531 4380 αὐτῷ,
2564 4310 2649 4361 ὃτι
2676 4310 2741 4361 Οἱ
2781 4308 3035 4375 πατέρες
3074 4301 3246 4374 ήμῶν
3276 4303 3341 4356 τὸ
3372 4300 3575 4373 μάννα
3602 4302 3747 4370 ἐφα-

2160 4422 2271 4477 τον
2298 4404 2369 4458 ἐν
2415 4402 2493 4473 τῇ
2541 4400 2761 4473 ἐρῆμον
2800 4402 3036 4454 ποιεῖται
3068 4397 3164 4451 νῦν
3196 4397 3486 4468 σύγκρισιν
3536 4394 3744 4447 ἐκείνου

2160 4517 2221 4553 τε
2254 4498 2349 4553 τοῦ
2385 4500 2562 4571 μάννα
2603 4497 2698 4551 καὶ
2730 4495 2923 4549 τούτου
2950 4494 3044 4547 τοῦ
3078 4492 3248 4563 ἄρτου
3303 4489 3394 4543 τοῦ
3438 4491 3502 4542 ἐκ
3531 4488 3623 4541 τοῦ
3652 4489 3742 4541 οὑ-

2085 4609 2132 4665 ι)
2162 4596 2329 4671 ρανοῦ
2360 4596 2723 4659 καταϐάντος,
2755 4594 2875 4666 ἦτοι
2903 4590 2998 4645 τοῦ
3030 4591 3198 4661 άρτου
3228 4590 3327 4659 τῆς
3358 4587 3524 4657 ζωῆς.

2231 4689 2421 4758 Οὗτός
2449 4688 2821 4757 -ἀποθάνῃ,
2866 4688 2924 4741 '0
2958 4687 3023 4740 ὲκ
3061 4684 3157 4737 τοῦ
3209 4682 3441 4753 οὐρανοῦ
3482 4679 3743 4733 καταὸιίο

2155 4808 2262 4843 νων
2316 4789 2505 4841 ἕνεκεν
2535 4784 2627 4839 τοῦ
2660 4782 2859 4856 θρέψαι
2893 4781 2990 4835 καὶ
3017 4777 3365 4833 ἁθανατίσαι.
3400 4772 3535 4828 Εῐτα
3560 4792 3735 4844 σαφη-

2152 4884 2291 4947 νίζει
2324 4882 2416 4935 τὸν
2468 4880 2650 4948 λόγον,
2705 4878 2801 4931 καὶ
2828 4875 3078 4929 διδάσκει
3112 4871 3195 4934 τίς
3226 4870 3375 4923 ἐστιν
3408 4870 3435 4919 ὁ
3479 4869 3641 4938 ἄρτος
3681 4866 3737 4918 ὃν

2152 4978 2322 5031 λέγει.
2668 4980 2671 4983 “

2253 4995 2322 5030 ει.

2216 4994 2384 5140 ἶΕγὼ
2409 5098 2477 5108 --
2508 5069 2540 5122 ὀ
2570 5064 2702 5128 ζῶν.
2745 5065 2807 5119 '0
2840 5064 2951 5131 ζῶν
2969 5062 3058 5118 ἀεὶ
3090 5061 3186 5115 καὶ
3212 5058 3358 5130 ζωὴν
3386 5054 3665 5128 παρέχων.

2232 5260 2296 5313 ’0
2339 5287 2408 5299 -
2453 5258 2737 5326 καταϐάς.
2794 5257 2876 5329 Τῇ
2939 5255 3181 5327 θεότητι.
3237 5254 3350 5309 Καὶ
3392 5250 3650 5322 ἀνωτέρω
3684 5246 3736 5300 δι

1662 5517 1861 5578 Varias
1902 5516 2215 5579 lectiones
2262 5522 2325 5577 et
2369 5523 2568 5579 notua.

527 5678 638 5749 (60)
673 5680 885 5733 Inclusa
920 5683 1122 5736 absunt
1156 5684 1220 5736 A.

517 5753 626 5821 (61)
674 5750 734 5803 Ὀ
764 5754 967 5807 omittit
1000 5756 1063 5807 Α.

2228 5683 2341 5756 (62)
2372 5756 2377 5757 ί
2403 5686 2521 5751 Ὃν,
2556 5702 2656 5757 pro
2717 5687 2817 5752 ὧν,
2856 5685 2917 5740 n.

2223 5758 2334 5829 (65)
2369 5756 2582 5813 Inclusa
2615 5759 2819 5817 absunt
2842 5760 2907 5813 Α.

516 5910 914 5975 (ιιυὶιίρυριιηε.
970 5911 1084 5968 iloc
1115 5914 1182 5968 de
1220 5929 1320 5969 suo
1359 5915 1576 5971 videtur
1627 5914 1902 5974 addidisse
1950 5915 2243 5984 interpres.
