4010 6496
268 465 415 529 1253

1229 455 1619 518 COMMENT.
1659 454 1741 516 IN
1780 452 2163 516 ΙΟᾹΝΝΕΜ.
2200 477 2271 492 -
2301 452 2461 513 CAP.
2502 451 2606 513 VI.

3430 449 3572 516 1254

264 583 449 637 ταῦτα
502 580 631 652 περὶ
665 576 859 633 ἑαυτοῦ
891 574 1170 646 διαφόρως
1226 570 1368 641 εἷπε,
1410 576 1478 644 τῇ
1520 572 1776 643 συνεχείᾳ
1804 572 1876 626 δι-

1997 571 2250 643 Superius
2265 586 2487 643 quoque
2517 569 2662 625 idem
2688 570 2753 625 de
2777 568 2961 640 seipse
2979 569 3146 625 variis
3172 568 3226 623 in
3245 568 3379 625 locis
3410 573 3569 636 dixit.

270 672 545 743 ερεοίζων
589 670 788 733 αὐτοὺς
835 668 917 732 εἰς
958 667 1019 721 τὺ
1064 665 1337 737 ἱρωτῆσαι
1370 665 1486 727 πῶς
1534 665 1697 734 ἄρτος
1742 666 1861 716 ἐστὶ

271 766 510 835 ζωηρδς,
544 763 639 815 καὶ
677 761 793 825 πῶς
832 763 895 813 ὲκ
928 759 1022 813 τοῦ
1053 757 1286 828 οὐρανοῦ
1316 756 1723 825 καταϐέϐηκεν·
1749 755 1866 809 ἀλλ’

272 861 475 910 ἐκεῖνοι
506 856 642 926 πρὸς
678 855 852 924 μόνην
879 853 1118 923 ὁρῶντες
1142 851 1241 920 τὴν
1302 849 1606 919 θεραπείαν
1639 850 1739 919 τῆς
1768 865 1869 915 γα-

274 950 461 1019 στρὸς,
498 949 675 1001 πάντα
710 945 879 998 τᾶλλα
912 943 1145 1015 περιττὰ
1191 942 1466 1013 ἐνόμιζον,
1496 940 1572 1004 ὡς
1606 940 1868 1011 προειρή-

273 1058 478 1110 καμεν.

359 1131 504 1187 Ἐὰν
551 1159 620 1172 --
650 1128 875 1184 ἀἰῶνα
923 1127 1050 1182 Ἐάν
1089 1143 1176 1189 τις
1205 1140 1455 1199 μετασχῃ
1482 1127 1583 1196 τῆς
1612 1125 1870 1179 διδασκα-

273 1223 395 1287 λίας
421 1223 611 1278 αὑτοῦ.
657 1221 862 1274 Ἐσθίει
903 1221 1012 1291 γὰρ
1043 1219 1105 1283 ἐξ
1160 1217 1331 1271 αὐτοῦ
1358 1220 1387 1271 ὸ
1430 1217 1868 1289 μεταλαμὸἀνων

272 1316 503 1387 ταύτηςο
541 1314 745 1384 βρῶσις
793 1314 903 1384 γὰρ
960 1315 1057 1366 καὶ
1108 1310 1275 1379 αὕτη,
1310 1311 1589 1381 τρίφουσα
1626 1308 1728 1380 τὴν
1769 1310 1871 1379 ψυ-

273 1409 399 1477 χήν.
458 1408 719 1475 ἰήσεται
766 1404 836 1457 δὲ
887 1405 974 1469 εὶς
1027 1403 1137 1456 τὸν
1167 1401 1376 1465 αἰῶνα,
1418 1402 1610 1455 νείτουν
1639 1401 1751 1464 ἀεὶ,
1794 1400 1871 1463 ὡς

277 1497 555 1568 μηδέποτε
589 1496 954 1566 ἀποθνήσκων
988 1494 1081 1547 τὸν
1132 1492 1369 1563 ψυχικὸν
1405 1491 1658 1547 θάνατον.
1689 1492 1869 1562 Ψυχιο

275 1590 372 1652 κὸς
404 1588 461 1641 δὲ
510 1587 744 1651 θάνατος
783 1588 813 1641 ό
845 1587 957 1640 ἀπὸ
1008 1584 1104 1639 τοῦ
1140 1586 1277 1639 Θεοῦ
1335 1584 1645 1657 χωρισμός·
1674 1583 1871 1657 ὥσπερ

277 1684 374 1735 καὶ
400 1682 717 1751 σωματικδς
748 1680 982 1741 Θάνατος
1011 1679 1041 1732 ὁ
1076 1679 1186 1732 ἀπὸ
1220 1680 1319 1748 τῆς
1351 1677 1534 1749 ψυχῆς
1556 1678 1862 1749 χωρισμός.

274 1776 415 1828 Ζωοῖ
444 1774 552 1843 γὰρ
582 1774 643 1827 τὸ
676 1772 837 1844 σῶμα
862 1774 963 1844 μὲν
993 1774 1028 1842 ἡ
1050 1772 1220 1842 ψυχή·
1251 1770 1351 1842 τὴν
1378 1771 1557 1843 ψυχὴν
1587 1770 1644 1823 δὲ
1663 1773 1691 1825 ὁ
1713 1770 1868 1834 Θεός.

349 1866 462 1919 Καὶ
509 1864 617 1937 μὴν
656 1865 844 1918 πολλοὶ
891 1862 1195 1934 μετέλαϐον
1251 1864 1356 1933 τῆς
1389 1861 1741 1926 διδασκαλίας
1773 1862 1868 1916 τοῦ

278 1954 518 2026 Χριστοῦ
539 1953 636 2008 καὶ
653 1954 765 2025 (64)
800 1953 1083 2007 ἀπώλοντο
1102 1969 1115 1983 ·
1161 1950 1299 2005 ἀλλὰ
1327 1951 1516 2015 κακῶς
1569 1953 1876 2023 ἐχρήσαντο

274 2054 345 2121 τῇ
384 2048 717 2119 μεταλήψειο
759 2046 857 2101 νῦν
893 2047 952 2101 δὲ
986 2047 1119 2118 περὶ
1168 2046 1280 2100 τῶν
1325 2046 1509 2111 καλῶς
1553 2048 1695 2117 αὐτῇ
1762 2044 1875 2117 (65)

278 2144 581 2225 χρωμένων
608 2146 635 2195 ό
663 2142 844 2210 λόγος,
872 2142 934 2194 οὖ
962 2143 1089 2211 περὶ
1115 2141 1223 2195 τῶν
1248 2139 1684 2212 διαφθειράντων
1704 2139 1879 2209 αὐτὴν

280 2234 533 2305 ἐπιμιξίᾳ
561 2233 851 2302 δογμάτων
888 2232 1145 2304 πονηρῶν
1170 2233 1205 2305 ἢ
1246 2232 1547 2301 φαυλότητι
1576 2230 1877 2293 πολιτείας.

284 2326 527 2389 Ἐδειξεν
581 2322 675 2379 οὗν
726 2327 810 2379 ὅτι
868 2326 1157 2395 κρείττονα
1201 2326 1368 2397 ἄρτον
1423 2324 1637 2387 τούτοις
1696 2323 1881 2377 δίδωσι

282 2420 437 2489 παρὰ
457 2418 517 2470 τὸ
546 2417 725 2488 μάννα
771 2416 800 2469 δ
846 2416 1053 2487 εφαγον
1107 2418 1158 2472 0i
1213 2418 1453 2488 πατέρες
1494 2416 1677 2470 αὐτῶν
1731 2417 1879 2485 ὲντῇ

281 2510 500 2580 ἐρήμῳ.
540 2510 751 2563 Ἐκεῖνο
779 2509 879 2580 μιν
904 2510 1016 2581 γὰρ
1049 2512 1099 2564 οῖ
1148 2509 1422 2579 φαγόντες
1463 2510 1776 2575 ἀπέθανον,
1817 2508 1884 2562 ἐκ

281 2603 471 2656 τούτου
500 2600 557 2653 δὲ
577 2601 626 2651 0’.
651 2598 957 2669 τρώγοντες
994 2598 1251 2670 ζήσονται
1278 2599 1373 2664 είς,
1390 2598 1493 2657 τὸν.
1515 2596 1710 2663 αἰῶνα.

351 2766 465 2823 Kal
495 2797 567 2807 —
595 2766 751 2821 ἐστΙ.
809 2764 966 2820 Κατὰ
1010 2764 1105 2819 δύο
1149 2763 1387 2836 τρόπους
1436 2763 1601 2835 ἄρτος
1653 2763 1806 2816 ἐστὶν
1853 2764 1883 2817 ό

284 2861 545 2932 Χριστὸς,
580 2860 724 2914 κατά
764 2875 826 2912 τι
872 2858 974 2930 τὴν
1017 2858 1252 2927 Θεότητα
1304 2857 1402 2909 καὶ
1450 2856 1595 2909 κατὰ
1633 2859 1734 2926 τὴν
1789 2858 1885 2909 ἀν-

288 2951 647 3023 Θρωπότητα.
687 2948 915 3017 Διδὰξας
972 2947 1067 3003 οὖν
1110 2947 1243 3019 περὶ
1291 2946 1389 3000 τοῦ
1446 2948 1588 3000 κατὰ
1627 2947 1729 3019 τὴν
1765 2947 1885 3000 θεό-

288 3042 563 3115 τητα,νῦν
594 3042 838 3095 διδάσκει
873 3042 970 3095 καὶ
1001 3041 1133 3110 περὶ
1155 3037 1250 3093 τοῦ
1282 3041 1425 3092 κατά
1460 3039 1560 3111 τὴν
1594 3040 1883 3110 ἅνθρωπό-

287 3154 451 3207 τητα.

362 3230 483 3284 Οὐκ
514 3224 637 3282 εἷπε
671 3226 751 3294 δὲ,
784 3227 865 3280 δτι
901 3227 999 3279 Ὃν
1027 3226 1241 3296 δίδωμι,
1277 3223 1530 3289 ἀλλ’,’ὃτι
1558 3226 1670 3279 Ὀν
1684 3224 1878 3277 δώσω.

295 3320 533 3390 Ἔμελλε
568 3320 678 3391 γὰρ
707 3318 871 3373 αὑτὸν
902 3317 1096 3370 δώσειν
1132 3320 1189 3370 ὲν
1218 3315 1297 3387 τῷ
1328 3316 1627 3386 τελευταίῳ
1658 3316 1880 3385 δείπνῳ,

287 3414 378 3466 ὅτε
405 3410 588 3465 λαϐὼν
625 3410 717 3465 τὸν
765 3411 930 3481 ἄρτον
977 3408 1075 3461 καὶ
1121 3408 1525 3478 εὐχαριστήσας
1556 3406 1668 3479 (66)
1687 3407 1883 3459 ἐκλασε

292 3507 389 3559 καὶ
417 3505 588 3558 ἐδίδου
610 3506 722 3566 τοῖς
747 3502 1016 3573 μαθηταῖς
1048 3500 1143 3553 καὶ
1174 3495 1296 3552 εἷπε
1316 3516 1329 3531 ·
1360 3498 1604 3565 Λάϐετε,
1628 3498 1846 3569 φάγετε
1866 3514 1882 3532 ·

292 3598 476 3653 τοῦτό
510 3601 643 3651 ἐστι
664 3598 736 3649 τὸ
760 3594 935 3664 σῶμά
958 3611 1126 3665 μου.-

366 3690 617 3758 Ζήτησον
644 3686 738 3740 οὖν
760 3687 820 3739 τὸ
845 3663 1141 3755 ἑξηκοστὸν
1171 3663 1431 3753 τέταρτον
1465 3679 1766 3751 κεφάλαιον
1789 3680 1885 3735 τοῦ

294 3782 439 3837 κατὰ
467 3780 771 3849 Ματθαῖον,
800 3778 894 3833 καὶ
925 3778 1050 3848 (67),
1071 3775 1201 3831 ἔνθα
1237 3778 1415 3829 κεῖται
1443 3776 1504 3829 τὸ
1530 3778 1639 3841 Εις
1664 3775 1890 3845 ἄφεσιν

299 3874 626 3944 ἁμαρτιῶν,
647 3872 924 3943 ἀνάγνωθι
950 3871 1052 3943 τὴν
1092 3872 1358 3941 ἐξήγησιν
1391 3869 1523 3941 ὃλην
1545 3873 1573 3938 ,’
1612 3871 1709 3923 καὶ
1724 3870 1891 3942 εὑρη-

300 3982 415 4030 σεις
450 3966 571 4029 πῶς
598 3967 715 4019 ἐστι
745 3966 808 4017 τὸ
836 3963 995 4034 σῶμα
1026 3962 1197 4017 αὑτοῦ
1227 3961 1416 4034 ἄρτος.

279 4101 281 4105 ς
376 4061 584 4114 Ἦν-
616 4057 787 4127 ζωῆς.
835 4056 1024 4124 Δώσω,
1052 4058 1132 4119 είς
1160 4054 1414 4108 θάνατον.
1461 4052 1733 4108 Ἐνταῦθα
1779 4053 1890 4123 γὰρ

298 4152 398 4224 τὴν
431 4152 737 4223 σταύρωσιν
769 4148 937 4203 αὐτοῦ
967 4146 1361 4219 προσημαίνει.
1398 4144 1474 4199 Τὸ
1499 4144 1579 4211 δι,
1618 4146 1733 4201 Ἦν
1770 4144 1889 4215 ἐγὼ

299 4246 498 4313 δώσω,
528 4248 590 4300 τὸ
620 4244 871 4300 ἑκούσιον
914 4240 1175 4316 ἐμφαίνει
1223 4240 1319 4295 τοῦ
1361 4240 1611 4295 τοιούτου
1655 4239 1886 4305 πάθους.

386 4432 805 4503 Ἐμάχοντο-
832 4432 1087 4503 φαγεῖν-ς
1152 4432 1548 4503 Ἐταράττοντο
1603 4428 1681 4505 μὴ
1731 4429 1892 4487 δυνά-

303 4542 458 4597 μενοι
498 4525 778 4579 πιστεύειν
830 4524 910 4596 τῷ
953 4525 1098 4595 λόγῳ
1143 4523 1233 4578 διὰ
1274 4526 1337 4579 τὺ
1380 4525 1559 4579 δοκεῖν
1603 4525 1885 4584 ἀδύνατον.

1972 664 2263 719 iteratione
2307 663 2521 718 exitans
2550 677 2667 723 eos.
2721 671 2780 716 ut
2834 662 3257 733 interrogarent,
3290 666 3570 733 quomodo

1970 765 2119 809 esset
2145 754 2300 824 panis
2329 754 2487 807 vivus
2517 768 2615 807 seu
2642 736 2945 818 viviﬁcaris,
2975 763 3032 805 et
3060 767 3297 821 quonam
3320 754 3484 810 modo
3503 756 3571 810 de

1972 848 2112 902 crnlo
2139 846 2539 902 descendisset.
2577 844 2783 899 Verum
2819 844 2895 897 illi
2929 845 3101 899 solam
3136 847 3346 902 ventris
3380 862 3569 902 curam

1972 950 2307 1009 Spectantes,
2338 947 2533 993 caatera
2555 936 2739 991 omnia
2759 934 3035 1007 superﬂua
3061 936 3353 1002 ducebant,
3373 954 3570 1007 quem-

1972 1032 2265 1086 admodum
2299 1031 2672 1101 praediximus.

2045 1122 2201 1179 \‘ers.
2229 1124 2317 1177 5|.
2351 1121 2411 1177 Si
2440 1152 2510 1162 —
2541 1134 2818 1176 aztemum.
2855 1120 2911 1176 Si
2939 1120 3065 1191 quis
3111 1121 3377 1176 doctrina:
3426 1120 3575 1177 illius

1976 1215 2249 1284 particeps
2272 1214 2457 1269 fuerit.
2490 1213 2624 1269 Nam
2658 1214 2748 1284 qui
2790 1229 2911 1268 eam
2949 1212 3261 1284 participat,
3293 1227 3447 1268 exeo
3474 1228 3571 1269 co-

1975 1308 2145 1361 medit
2169 1326 2182 1361 :
2216 1307 2484 1375 siquidem
2506 1316 2562 1361 et
2590 1307 2705 1377 ipsa
2734 1306 2890 1361 cibus
2912 1316 2997 1360 est
3021 1306 3261 1359 animam
3293 1308 3574 1363 nutriens.

1976 1399 2115 1454 Vivet
2132 1403 2185 1453 in
2205 1409 2480 1468 ceter-num,
2515 1400 2630 1455 sive
2661 1415 2900 1470 semper,
2925 1407 3114 1469 utpote
3146 1414 3425 1469 nunquam
3447 1414 3563 1456 mo-

1974 1494 2180 1547 riturus
2212 1503 2386 1547 morte
2405 1492 2626 1557 animm;
2674 1508 2823 1548 mors
2861 1503 3045 1547 autem
3076 1492 3275 1546 animas
3299 1503 3382 1547 est
3406 1508 3572 1564 sepa-

1976 1584 2114 1640 ratio
2140 1601 2169 1639 a
2200 1586 2331 1651 Deo,
2362 1586 2823 1657 quemadmodum
2853 1586 3019 1641 etiam
3040 1602 3187 1641 mors
3217 1588 3466 1657 corporis
3484 1596 3571 1642 est

1977 1677 2151 1747 ipsius
2188 1679 2257 1733 ab
2286 1679 2468 1733 anima
2495 1679 2789 1750 separatio.
2832 1678 2967 1733 Nam
3003 1679 3120 1753 ipsa
3153 1679 3337 1734 anima
3368 1694 3573 1749 corpus

1972 1770 2233 1836 viviﬁcat,
2256 1773 2494 1827 animam
2531 1788 2661 1827 vero
2687 1776 2854 1827 Deus.
3519 1840 3528 1852 l

2054 1864 2221 1935 Atqui
2278 1867 2469 1936 plures
2523 1866 2831 1936 perierunt,
2886 1881 2979 1935 qui
3043 1864 3309 1920 doctrina:
3365 1862 3573 1918 Christi

1970 1958 2204 2014 afuerunt
2234 1959 2549 2029 participes,
2582 1960 2678 2015 sed
2718 1960 2799 2014 illi
2834 1959 2924 2013 tali
2970 1957 3395 2030 participatione
3434 1956 3575 2011 male

1981 2054 2065 2109 usi
2110 2061 2283 2119 sunt;
2325 2070 2476 2108 nunc
2517 2064 2702 2109 autem
2751 2053 2820 2109 de
2859 2053 2945 2107 his
2992 2059 3077 2106 est
3122 2066 3324 2115 sermo,
3375 2051 3467 2122 qui
3506 2064 3577 2106 ea

1982 2145 2128 2200 bene
2159 2147 2241 2201 usi
2279 2155 2430 2212 sunt,
2460 2162 2572 2201 non
2594 2148 2661 2202 de
2691 2146 2798 2201 illis
2827 2144 2920 2216 qui
2948 2160 3069 2199 eam
3097 2159 3391 2215 pravorum
3423 2158 3576 2198 com-

1980 2236 2239 2292 mistione
2278 2237 2617 2308 dogmatum.
2666 2245 2762 2292 aut
2814 2235 3259 2307 conversationis
3298 2233 3573 2305 pravitate

1982 2336 2366 2396 corruperunt.
2425 2325 2680 2381 Ostendit
2738 2340 2892 2395 ergo,
2943 2325 3088 2394 quod
3136 2324 3573 2394 praestantiorem

1983 2407 2091 2463 illis
2114 2410 2299 2463 cibum
2325 2410 2549 2471 tribuat.
2572 2425 2735 2480 quant
2758 2408 2925 2464 fuerit
2945 2423 3169 2474 manna,
3216 2407 3362 2478 quod
3386 2421 3573 2487 come-

1983 2496 2190 2552 derunt
2243 2507 2426 2569 patres
2487 2513 2678 2553 eorum
2739 2499 2795 2552 in
2844 2498 3108 2552 deserto:
3145 2495 3222 2550 illi
3277 2496 3572 2566 siquidem,

1984 2593 2280 2656 postquam
2333 2584 2715 2650 comederunt,
2776 2584 2977 2641 mortui
3018 2595 3168 2650 sunt,
3206 2584 3303 2655 qui
3344 2598 3475 2639 vero
3506 2598 3577 2639 ex

1986 2673 2092 2729 hoc
2124 2675 2315 2741 edunt,
2356 2676 2543 2731 vivent
2574 2676 2630 2731 in
2665 2686 2956 2732 aeternum.

2056 2765 2216 2822 Vers.
2239 2769 2301 2823 5t
2318 2809 2333 2823 .
2358 2767 2428 2821 Et
2444 2779 2622 2824 —-est.
2642 2770 2868 2826 Duobus
2896 2770 3074 2826 modis
3097 2771 3355 2827 Christus
3375 2768 3582 2825 dicitur

1984 2874 2107 2915 esse
2147 2864 2326 2931 panis,
2364 2863 2669 2917 secundum
2712 2862 3057 2918 divinitatem
3096 2863 3353 2919 videlicet
3383 2870 3439 2917 et
3470 2860 3578 2915 hu-

1986 2957 2323 3011 manitatem.
2383 2957 2675 3027 Postquam
2732 2972 2863 3029 ergo
2918 2957 3103 3012 docuit
3154 2958 3222 3013 de
3268 2956 3432 3012 modo
3482 2956 3578 3027 qui

1986 3048 2292 3103 secundum
2357 3048 2703 3103 divinitatem
2754 3059 2860 3113 est,
2889 3064 3039 3104 nunc
3079 3047 3244 3103 etiam
3297 3048 3457 3103 docet
3511 3048 3580 3103 de

1988 3140 2150 3194 modo
2170 3142 2262 3212 qui
2291 3152 2377 3196 est
2402 3140 2705 3196 secundum
2734 3141 3156 3196 humanitatem.

2060 3231 2185 3285 Non
2213 3241 2395 3286 autem
2420 3232 2593 3286 dixit:
2626 3231 2799 3298 Quem
2831 3230 2932 3297 do,
2961 3231 3055 3285 sed
3090 3246 3245 3300 quem
3261 3230 3397 3283 dabo
3419 3229 3580 3284 datu-

1987 3339 2082 3377 rus
2114 3337 2351 3391 namque
2381 3331 2500 3377 erat
2526 3322 2580 3375 in
2609 3321 2796 3375 ultima
2827 3336 3016 3385 cinna,
3049 3319 3271 3390 quando
3298 3328 3577 3389 sumptum

1987 3429 2183 3485 panem
2201 3414 2339 3468 actis
2360 3414 2548 3485 gratiis
2566 3412 2747 3484 fregit,
2766 3413 3024 3483 deditque
3053 3412 3361 3483 discipulis,
3381 3421 3438 3468 et
3462 3413 3583 3470 ait:

1988 3506 2247 3576 Accipite,
2281 3506 2534 3559 eomedite
2556 3522 2577 3571 ;
2599 3505 2696 3559 hoc
2723 3513 2798 3559 est
2827 3521 3014 3575 corpus
3043 3505 3304 3561 meatui“.

2054 3699 2252 3766 Quare
2268 3713 2400 3769 ergo
2417 3696 2819 3769 sexagesimum
2838 3703 3095 3766 quartum
3118 3705 3284 3767 caput
3302 3697 3586 3770 Evangelii

1989 3791 2294 3848 secundum
2316 3789 2665 3855 Matthaum;
2703 3788 2866 3842 etubi
2887 3786 3123 3859 positum
3149 3796 3257 3851 est,
3298 3790 3355 3844 in
3392 3793 3580 3847 remis-

1986 3886 2185 3939 sionem
2214 3891 2554 3953 peccatorum
2583 3883 2652 3949 ι’,
2685 3881 2803 3953 lege
2835 3889 3005 3936 totam
3035 3882 3471 3947 enarrationem,
3518 3899 3583 3940 ac

1989 3978 2237 4033 invenies
2269 3976 2545 4047 quomodo
2574 3990 2773 4045 corpus
2808 3975 2929 4045 ejus
2954 3976 3027 4031 sit
3055 3976 3238 4047 panis.

2062 4068 2215 4124 Vers.
2263 4069 2351 4123 5i.
2393 4066 2571 4133 Quam
2611 4095 2684 4107 ——
2723 4066 2858 4123 vita.
2895 4065 3046 4122 Dabo
3086 4067 3141 4121 in
3182 4075 3438 4123 mortem.
3482 4067 3583 4123 llic

1992 4160 2142 4216 enim
2163 4159 2575 4216 crueiﬁxionem
2597 4173 2753 4214 suam
2780 4158 3096 4230 praesignat.
3120 4158 3323 4214 Dicens
3353 4170 3536 4214 autem
3564 4175 3583 4214 :

1994 4251 2171 4319 Quam
2196 4268 2290 4324 ego
2311 4251 2472 4319 dabo,
2504 4252 2812 4307 ultroneam
2862 4249 3035 4307 fuisse
3077 4250 3348 4323 signiﬁcat
3392 4251 3587 4323 hujus-

1993 4344 2139 4399 modi
2173 4343 2507 4416 passionem.

2067 4437 2219 4495 Vers.
2256 4437 2345 4496 53.
2381 4436 2735 4493 Decertabaut
2777 4466 2849 4480 -ν-
2878 4439 2948 4492 ad
2981 4437 3359 4493 comedendum
3385 4438 3412 4493 7
3440 4437 3586 4491 Tur—

1994 4532 2287 4595 babantur,
2311 4546 2420 4586 non
2452 4529 2973 4602 potentes-sermoni
3006 4529 3257 4590 credere,
3291 4530 3436 4598 quod
3480 4528 3587 4583 hoc

303 4621 495 4674 Πάντα
554 4620 664 4691 γὰρ
715 4620 857 4672 κατὰ
912 4618 1075 4687 φύσιν
1129 4617 1496 4687 ἐξετάζοντες,
1516 4620 1672 4679 οὐδὲν
1727 4619 1879 4694 ὕπερ-

1997 4623 2352 4695 impossibile-
2376 4623 2676 4678 videretur.
2714 4621 2851 4676 Nam
2890 4636 3016 4677 cum
3055 4622 3241 4676 omnia
3280 4620 3583 4677 secundum

302 4713 438 4781 φυδς
453 4712 815 4784 παρεδέχοντο
847 4708 980 4781 (68).

373 4896 564 4955 Εἶπεν
586 4929 654 4938 -
678 4898 937 4965 ἑαυτοῖς.
996 4899 1225 4952 Ἐκεῖνοι
1272 4899 1374 4969 μὲν
1427 4899 1689 4955 ὰδᾶνστον
1734 4902 1893 4956 τοῦτο

303 4992 689 5062 ὑπελάμϐανον
715 5008 729 5023 ’
790 4992 951 5056 αὐτὸς
996 4992 1055 5046 δὲ
1098 4991 1372 5048 δείκνυσιν
1427 4995 1559 5049 αὐτὸ
1616 4998 1712 5049 καὶ
1762 4997 1894 5067 σφό-

301 5086 406 5156 δρα
433 5086 657 5139 δυνατόν
691 5086 804 5155 (69)
824 5102 838 5116 ·
866 5088 958 5137 καὶ
978 5086 1038 5138 οὐ
1070 5085 1228 5138 τοῦτο
1253 5087 1416 5155 μόνον
1435 5086 1572 5139 ἀλλὰ
1591 5088 1686 5141 καὶ
1715 5089 1888 5156 ἀναγ-

302 5179 479 5243 καῖον,
506 5178 643 5247 ὅπερ
673 5178 769 5231 καὶ
798 5179 891 5232 ἐπὶ
922 5179 1017 5232 τοῦ
1040 5178 1353 5250 Νικοδήμου
1388 5182 1681 5252 πεποίηκε.
1713 5184 1888 5252 Προσ-

411 5358 465 5416 ¹⁸.
484 5361 678 5419 Matth.
705 5380 852 5429 XXVI,
886 5363 980 5417 26.
1090 5364 1137 5397 ²⁹
1166 5363 1298 5418 ibid.
1326 5362 1417 5420 28.

1992 4716 2630 4786 naturamjntluirerent,
2651 4714 2788 4769 nihil
2810 4716 2959 4784 quod
2982 4731 3152 4785 supra
3172 4724 3421 4770 naturam
3443 4726 3584 4781 erat,

1993 4810 2383 4866 admittebant.
2988 4792 2993 4795 i
3567 4881 3573 4885 η

2068 4905 2227 4960 Vers.
2251 4904 2342 4959 53.
2373 4902 2520 4956 Dixit
2550 4930 2624 4941 —
2651 4902 2817 4956 vobis.
2858 4900 2940 4955 Illi
2982 4900 3205 4971 quidem
3239 4902 3582 4974 hoc‘impos-

1994 4995 2153 5052 sibilo
2173 4989 2514 5066 judicabant,
2544 4994 2663 5065 ipse
2694 5008 2826 5049 vero
2850 4995 3081 5049 omnino
3109 4994 3373 5064 possibile
3401 5006 3585 5050 osten-

1996 5089 2111 5155 dit;
2142 5088 2388 5159 nequeid
2416 5094 2651 5151 tantum,
2677 5087 2773 5142 sed
2791 5086 3355 5151 etiamjnecessarium
3384 5104 3400 5143 :
3434 5088 3581 5158 quod

1997 5181 2345 5237 ctiamJecit
2391 5182 2461 5237 ad
2514 5181 3353 5239 Nieodemum.-Additautem;
3400 5180 3467 5235 Et
3520 5184 3585 5237 de

1516 5523 1717 5587 Varia)
1768 5522 2083 5588 lectiones
2125 5530 2187 5586 et
2226 5534 2398 5587 noun

378 5715 490 5787 (et)
560 5715 755 5770 Πολλοὶ
786 5716 884 5787 μιν
908 5717 1103 5773 έλασον
1135 5717 1200 5775 Α.

376 5785 496 5868 (ϐὅλ
524 5788 685 5842 Forte
738 5785 1126 5868 χρησαμένων,
1156 5796 1215 5843 ιιι
1250 5796 1442 5856 antea,
1505 5795 1559 5843 et
1613 5805 1738 5845 mox
1771 5789 1861 5845 δια

308 5855 666 5927 φθειράντων.

380 5928 491 6001 (66)
527 5930 745 5989 Etenim
774 5930 1179 6004 εὐχαριστήσας
1205 5929 1301 5990 illo
1318 5932 1373 5988 in
1403 5931 1548 6003 loco,
1589 5948 1700 5992 non
1733 5936 1888 5991 εὐλος

1991 5722 2189 5795 γήσας,
2219 5722 2427 5795 habent
2446 5722 2607 5779 codd.
2648 5722 2905 5795 Eutnym.
2935 5732 2991 5779 et
3009 5724 3102 5781 alii
3129 5726 3408 5795 permulti.

2086 5792 2174 5858 67)
2234 5795 2345 5848 Καί
2376 5794 2532 5849 abest
2563 5797 2633 5849 Λ.

2090 5863 2181 5937 68)
2214 5864 2553 5937 ,il‘seeeui':
2585 5865 2988 5937 παραδέχονται
3022 5868 3088 5921 Α·

2094 5934 2185 6007 69)
2210 5934 2423 6008 Σφόδρα
2454 5934 2714 5994 ἀδύνατον
2746 5935 2808 5989 Β.
