4010 6482
493 415 631 476 1:255

1743 399 2121 464 EUTHYMII
2161 396 2527 459 ZIGABENI

3632 385 3650 450 1
3664 387 3762 452 Ξῗιϐ

476 528 754 596 sanguine,
802 521 1120 594 signiﬁcans
1155 520 1222 574 de
1274 534 1411 590 pane
1445 534 1508 574 ac
1559 525 1779 590 poculo,
1830 533 1973 587 quae,
2017 531 2062 572 ut

2186 513 2366 583 τίθησι
2403 512 2462 565 δὲ
2492 511 2604 565 Καὶ
2658 510 2791 579 περὶ
2848 508 2953 563 τοῦ
3008 509 3279 577 αἵματος.
3331 502 3612 574 σημαίνων
3657 504 3763 596 (7θ)

475 617 681 671 dictum
713 621 813 676 est,
851 603 1079 666 daturus
1105 618 1224 664 erat
1251 609 1536 679 discipulis
1564 609 1616 662 in
1656 609 1846 663 ultima
1890 622 2070 664 cmna.

475 708 688 763 Rursus
718 715 900 760 autem
930 703 1098 758 vitam
1129 702 1261 758 dicit
1282 710 1545 757 attentam
1575 701 1690 757 sive
1722 701 1963 755 beatam.

540 981 700 1037 νει-ε.
731 981 818 1035 54.
845 981 948 1047 Qui
975 987 1340 1033 —a:teruam.
1383 978 1659 1033 Continuo
1704 978 1760 1032 in
1815 991 2073 1032 sermone

475 1076 542 1131 de
576 1076 941 1130 sacramentis
970 1075 1315 1138 immoratur,
1349 1073 1428 1126 rei
1465 1075 1857 1129 necessitatem
1882 1082 2073 1127 osten-

474 1165 634 1229 deus,
678 1174 806 1234 puta
837 1165 980 1233 quod
1006 1165 1111 1218 hoc
1129 1165 1358 1218 omnino
1398 1164 1510 1218 fieri
1536 1173 1806 1233 oporteat.

557 1256 716 1310 Vers.
759 1254 847 1308 5L
881 1254 947 1308 Et
975 1255 1165 1308 —-die.
1198 1254 1406 1308 Crebro
1439 1269 1755 1310 sermonem
1785 1254 1853 1309 de
1887 1252 1994 1307 vita
2021 1261 2077 1307 et

470 1348 874 1402 resurrectione
902 1346 1124 1416 repetit,
1148 1347 1383 1417 cupiens
1412 1362 1539 1400 eum
1563 1347 1735 1401 menti
1756 1346 2072 1400 auditorum

471 1438 728 1507 imprimi.
768 1438 900 1503 Qua:
937 1455 1067 1510 ergo
1098 1440 1264 1494 variis
1300 1440 1354 1494 in
1397 1440 1532 1494 locis
1581 1438 1972 1509 przemisimus,
2006 1452 2072 1492 ea

471 1544 621 1583 nunc
649 1529 705 1583 in
756 1546 1027 1585 summam
1074 1531 1379 1603 colligenda
1411 1541 1559 1587 sunt.
1597 1532 1677 1585 Ex
1723 1545 1833 1600 quo
1879 1546 2075 1584 omnes

475 1623 735 1678 homines
775 1614 1141 1679 resuscitandi
1208 1635 1376 1693 sunt,
1440 1641 1746 1696 omnesque
1805 1636 2073 1696 perpetuo

468 1716 687 1780 victuri,
727 1716 1035 1787 intelligere
1076 1718 1340 1773 convenit
1379 1720 1847 1773 resurrectionem
1891 1719 2072 1789 justo-

469 1823 593 1862 rum
626 1806 874 1878 quidem,
891 1825 1013 1865 eam
1037 1826 1159 1881 quae
1177 1810 1283 1865 erit
1308 1811 1364 1865 in
1385 1809 1654 1866 iruitione
1676 1829 1693 1879 ;
1713 1823 2068 1882 peccatorum

2181 607 2311 675 περὶ
2361 604 2457 659 τοῦ
2503 605 2670 670 άρτου
2705 603 2799 655 καὶ
2843 600 2938 654 τοῦ
2987 599 3249 670 ποτηρίου
3293 596 3329 652 ἃ
3377 596 3636 666 ἔμελλεν,
3693 594 3766 658 ὡς

2179 701 2446 772 εἴρηται,
2503 695 2688 750 δοῦναι
2737 696 2851 756 τοῖς
2911 692 3188 764 μαθηταῖς
3245 692 3301 744 ὲν
3479 688 3768 758 τελευταίῳ

2178 791 2403 862 δείπνῳ.
2444 788 2598 859 Ζωὴν
2627 787 2686 842 δὲ
2727 785 2892 839 πάλιν
2932 783 3080 852 λέγει
3114 782 3212 853 τὴν
3249 781 3488 846 αἰώνιον,
3533 780 3649 851 ῆτοι
3673 779 3770 848 τὴν

2182 885 2490 957 μακαρίαν.

2259 978 2316 1029 Ὀ
2359 1006 2430 1016 -
2465 973 2727 1032 αἰώνιον.
2776 969 3026 1040 Συνεχῶς
3080 968 3301 1039 στρέφει
3344 967 3434 1020 τὸν
3479 966 3606 1036 περ).
3660 964 3767 1019 τῶν

2181 1069 2504 1142 μυστηρίων
2554 1068 2734 1136 λόγον,
2787 1066 3004 1127 δεικνυς
3051 1062 3111 1115 τὸ
3153 1063 3451 1129 ἀναγκαῖον
3488 1060 3582 1112 τοῦ
3625 1060 3762 1128 πρά-

2177 1180 2410 1236 γματος,
2435 1163 2517 1216 ὅτι
2547 1161 2764 1222 πάντως
2792 1157 3048 1226 γενέσθαι
3072 1156 3232 1208 τοῦτο
3255 1155 3382 1225 χρή.

2251 1256 2362 1313 Καὶ
2391 1285 2459 1296 —
2480 1253 2693 1324 ἡμέρα.
2728 1251 2956 1316 Πυκνῶς
2991 1249 3188 1303 ἐλίττει
3237 1249 3350 1317 (71)
3385 1255 3477 1301 καὶ
3516 1249 3606 1300 τὸν
3645 1247 3770 1315 περὶ

2178 1351 2275 1420 τῆς
2327 1348 2477 1416 ζωῆς
2523 1347 2620 1400 καὶ
2665 1346 2766 1414 τῆς
2821 1327 3175 1406 ἀναστάσεως
3221 1343 3402 1410 λόγον,
3453 1340 3770 1413 βουλόμενος

2177 1440 2342 1493 αὑτὸν
2387 1437 2704 1491 ἑντυπῶσαι
2750 1438 2818 1507 τῇ
2863 1435 3074 1506 διανοίᾳ
3100 1433 3208 1488 τῶν
3242 1435 3569 1487 ἀκουόντων.
3615 1433 3684 1484 Ἀ
3717 1432 3773 1486 δὲ

2175 1531 2450 1602 διαφόρως
2478 1529 2970 1602 προεστειλάμεθα,
2993 1527 3165 1582 ταῦτα
3183 1527 3278 1580 νῦν
3312 1527 3616 1596 συλλήϐδην
3648 1528 3776 1578 ἁνα-

2179 1620 2622 1690 κεφαλαιωτιονο
2655 1619 2761 1682 ὅτι,
2799 1619 2925 1670 ὲπεί
2952 1616 3155 1680 πάντες
3200 1615 3478 1685 ἄνθρωποι
3529 1617 3774 1682 ἀναστή-

2182 1731 2386 1778 σονται,
2413 1713 2511 1766 καὶ
2533 1711 2739 1774 πάντες
2761 1711 3023 1782 ζήσονται
3044 1709 3300 1772 αίωνίως,
3325 1710 3594 1779 προσήκει
3632 1710 3772 1760 νοεῖν

2175 1809 2500 1877 ἀνάστασιν,
2532 1807 2626 1858 ἐπὶ
2656 1805 2768 1858 τῶν
2797 1803 3025 1858 δικαίων
3057 1803 3157 1873 μὲν
3181 1802 3283 1873 τὴν
3315 1803 3408 1855 ἐπὶ
3432 1801 3734 1877 ἀπολαύσει
3753 1841 3770 1865 ,

472 1914 623 1963 vero,
680 1915 802 1970 quin
859 1901 913 1955 in
966 1903 1259 1972 supplicio.
1313 1901 1556 1959 Rursum
1596 1904 1760 1958 vitam
1807 1913 2062 1959 aeternam

2186 1872 2271 1952 ίπὶ
2296 1899 2406 1953 τῶν
2429 1898 2773 1970 ἁμαρτωλῶν
2796 1899 2852 1950 δὲ
2871 1897 2968 1968 τὴν
2997 1872 3088 1962 ἐπὶ
3112 1872 3332 1951 κολάσει
3356 1913 3370 1928 ο
3394 1896 3489 1948 καὶ
3515 1894 3585 1948 αὖ
3628 1875 3772 1965 ζωὴν

465 1992 775 2062 iustorum,
835 2009 959 2049 eam
1009 2011 1131 2064 quae
1187 1997 1292 2051 erit
1321 1997 1376 2051 in
1432 1998 1620 2068 requie
1659 2013 1674 2063 ;
1713 2008 2070 2067 peccatorum

462 2095 669 2148 autem,
705 2102 828 2154 qua:
861 2102 917 2140 in
953 2088 1269 2145 tormentis.

535 2174 694 2229 Vers.
731 2174 820 2229 55.
857 2175 995 2230 Caro
1028 2177 1169 2230 enim
1193 2207 1258 2222 -—
1285 2185 1460 2246 potus.
1491 2208 1560 2220 --
1603 2178 1765 2234 Verus
1799 2188 1874 2234 est
1905 2182 2070 2245 cibus,

464 2265 582 2318 sive
613 2266 956 2334 aptissimus,
986 2275 1178 2336 utpote
1209 2267 1477 2329 animam.
1515 2284 1639 2338 quae
1683 2271 2069 2340 propriissima

463 2355 710 2409 hominis
733 2372 857 2426 pars
881 2368 984 2421 est,
1013 2360 1309 2417 nutriens:
1338 2368 1392 2413 et
1412 2360 1667 2415 similiter
1685 2362 1758 2416 de
1777 2364 2064 2433 sanguine.

462 2451 571 2504 Aut
598 2450 702 2505 hoc
743 2451 900 2508 dixit.
941 2452 1284 2508 confirmans
1323 2455 1477 2524 quod
1525 2470 1638 2510 non
1691 2457 2067 2529 :rnigmatice,

463 2557 649 2612 neque
690 2544 1006 2613 parabolice
1040 2545 1380 2615 lequeretur.

533 2635 686 2689 Vers.
739 2634 828 2690 56.
899 2635 1242 2701 Qui—illo.
1269 2668 1342 2679 —
1375 2637 1444 2693 In
1487 2657 1569 2696 me
1609 2651 1824 2705 manet.
1876 2644 2071 2698 unitur

472 2727 607 2781 mihi
636 2744 731 2798 per
754 2732 1406 2801 transsumptionemixxl
1427 2745 1483 2789 et
1503 2737 2064 2791 communicationem

459 2834 596 2873 mea:
646 2821 829 2872 carnis
882 2821 1103 2891 meique
1151 2824 1462 2892 sanguinis,
1516 2833 1573 2878 et
1632 2841 1804 2880 unum
1862 2839 2071 2895 corpus

459 2922 678 2962 mecum
714 2906 968 2974 cﬂicitur,
1003 2926 1066 2964 ac
1101 2911 1382 2981 particeps
1410 2911 1532 2967 vita:
1563 2928 1690 2982 qua:
1724 2913 1778 2968 in
1811 2929 1899 2968 me
1928 2923 2013 2968 est
2053 2932 2069 2980 ;

455 2999 601 3068 quod
637 2998 683 3052 si
717 2999 806 3052 ille
841 3000 894 3052 in
918 3016 1004 3054 me
1036 3010 1140 3064 est,
1174 3003 1367 3071 utique
1395 3011 1451 3058 et
1483 3020 1585 3074 ego
1614 3005 1667 3059 in
1704 3007 1818 3059 illo.

535 3090 689 3145 γωδ.
750 3093 838 3145 57.
887 3089 1039 3146 Sicut
1085 3125 1152 3137 να
1195 3094 1438 3150 Patrem.
1478 3097 1653 3163 Sicut,
1707 3101 1802 3170 qui
1852 3115 2069 3170 semper

456 3185 591 3240 vivit
627 3184 810 3252 Pater,
845 3188 994 3242 misit
1017 3203 1127 3252 me,
1157 3190 1233 3244 ita
1261 3197 1318 3243 ct
1342 3205 1443 3261 ego
1465 3191 1886 3248 immutabiliter
1913 3195 2062 3260 vivo,
2090 3222 2136 3284 ε

453 3294 522 3335 eo
547 3283 690 3350 quod
718 3297 749 3336 a
775 3282 998 3336 vivente
1029 3283 1191 3337 Patre
1217 3294 1385 3338 natus
1415 3299 1562 3339 sum.

523 3370 563 3439 ο(-
591 3371 663 3449 _In
703 3371 1078 3443 cognitionem
1122 3387 1225 3426 nos
1259 3373 1494 3441 inducit,
1537 3377 1690 3446 quod
1721 3377 2063 3449 principium

453 3446 675 3526 habeat,
726 3471 783 3516 et
826 3477 937 3516 non
985 3462 1057 3516 sit
1107 3463 1317 3534 absque
1369 3465 1643 3536 principio
1692 3446 1836 3522 sicut
1879 3446 2062 3524 Pater.

453 3557 562 3610 Aut
589 3557 755 3610 etiam
778 3556 886 3610 alio
913 3561 1078 3611 modo
1104 3599 1119 3624 ,
1157 3568 1370 3628 propter
1423 3558 1665 3627 Patrem,
1690 3561 1743 3615 id
1772 3570 1890 3617 est:
1926 3560 2066 3628 Quia

452 3646 615 3701 Pater
645 3646 814 3711 vivit;
852 3647 957 3702 nisi
985 3648 1132 3701 enim
1165 3648 1256 3702 ille
1286 3650 1522 3717 viveret,
1560 3667 1743 3722 neque.
1774 3668 1876 3724 ego
1907 3653 2061 3708 vive-

453 3756 592 3795 rem.
630 3740 768 3805 Quia
800 3756 932 3795 vero
961 3740 1053 3796 ille
1094 3741 1232 3795 vivit
1287 3752 1343 3796 et
1386 3758 1488 3814 ego
1516 3743 1660 3800 vivo.
1709 3745 1777 3798 Et
1823 3745 1930 3799 nisi
1974 3745 2065 3801 ille

452 3834 705 3899 haberet,
753 3849 1098 3904 quaecunque
1147 3835 1334 3901 habet,
1387 3851 1566 3907 neque
1623 3853 1725 3908 ego
1775 3840 2060 3905 haberem,

459 3940 804 3994 quiscunque
869 3925 1070 3982 habeo.
1129 3924 1413 3996 Siquidem
1478 3930 1640 3984 nobis
1695 3930 1882 3985 omnia
1933 3940 2066 3987 sunt

450 4015 665 4078 eadem,
691 4014 938 4082 exceptis
971 4015 1364 4083 personalibus
1400 4016 1856 4086 proprietatibus.

525 4105 681 4160 Vers.
730 4108 820 4162 57.
872 4107 1168 4164 Et—me.
1225 4109 1702 4177 Quemadmodum
1758 4127 1860 4182 ego
1907 4113 2059 4178 vivo,

448 4202 577 4272 quia
609 4216 770 4257 natus
797 4219 918 4258 sum
951 4220 979 4258 a
1004 4207 1227 4261 vivente
1263 4206 1448 4272 Patre,
1484 4207 1558 4261 ita
1594 4215 1648 4262 et
1672 4210 1764 4275 qui
1797 4208 1912 4263 edit
1942 4223 2053 4274 me,

449 4293 566 4363 ipse
593 4310 810 4364 quoque
841 4297 1008 4362 vivet,
1035 4314 1103 4353 eo
1125 4300 1273 4369 quod
1302 4315 1390 4355 me
1419 4301 1513 4371 qui
1539 4301 1650 4355 vita
1675 4315 1821 4366 sum,
1852 4301 2051 4368 ederit,

447 4387 730 4456 vitamque
770 4389 1204 4459 participaverit.

525 4481 780 4535 Vers.58.
817 4482 916 4536 Hic
947 4511 1018 4522 —
1046 4486 1137 4554 qui
1179 4485 1468 4541 descendit.
1505 4486 1629 4553 Hic,
1657 4497 1813 4558 puta,
1848 4488 1942 4559 qui
1975 4489 2057 4544 vi-

449 4581 556 4627 tam
587 4585 810 4644 praestat
840 4577 1260 4646 sempiternam.

528 4664 678 4720 Vers.
713 4667 802 4722 58.
831 4668 951 4722 Non
979 4699 1052 4710 —
1085 4671 1282 4726 mortui
1306 4683 1452 4730 sunt.
1499 4671 1620 4727 Non
1655 4676 1862 4730 mortui
1900 4685 2050 4743 sunt,

449 4760 541 4829 qui
597 4760 747 4813 illum
799 4761 1058 4830 ederunt,
1128 4763 1410 4820 videlicet.
1472 4763 1623 4820 Sicut
1663 4778 1844 4838 patres
1893 4770 2054 4822 vestri

445 4853 778 4906 comederunt
810 4870 1010 4910 manna
1039 4867 1087 4909 et
1120 4859 1318 4911 mortui
1351 4869 1473 4912 sunt
1500 4877 1520 4925 ;
1560 4875 1752 4915 verum
1788 4862 1933 4916 sicut
1970 4863 2048 4926 lii,

445 4947 537 5014 qui
573 4961 772 5001 manna
807 4947 941 5002 illud
983 4951 1374 5016 comederunt,
1421 4967 1588 5008 carne
1637 4954 1843 5008 mortui
1892 4963 2044 5019 sunt,

443 5035 516 5090 ita
546 5045 600 5091 et
624 5038 717 5106 qui
747 5053 942 5108 panem
969 5041 1112 5097 hunc
1135 5042 1328 5109 edunt,
1360 5058 1530 5100 carne
1555 5046 1892 5101 moriuntur.
1929 5045 2039 5102 Sed

442 5127 499 5182 bi
533 5129 653 5195 soli,
700 5147 824 5186 cum
871 5132 925 5186 in
983 5148 1080 5204 spe
1129 5135 1254 5189 vitm
1293 5143 1513 5191 aeterna:
1560 5137 1892 5203 moriuntur,
1927 5154 2038 5192 non

442 5215 696 5272 videntur
735 5221 895 5287 mori,
935 5222 1034 5278 sed
1067 5223 1406 5293 obdormire.

2178 1996 2282 2062 μὲν
2311 1991 2534 2048 αἰώνιον
2561 1994 2656 2045 ἐπὶ
2681 1993 2792 2045 τῶν
2821 1994 3044 2046 δικαίων
3076 1989 3174 2060 τὴν
3217 1991 3275 2043 ὲν
3306 1988 3637 2056 ἀπολαύσει,
3681 1989 3770 2041 ἐπὶ

2175 2085 2232 2138 δὲ
2253 2086 2362 2139 τῶν
2399 2085 2748 2158 ἁμαρτωλῶν
2779 2085 2880 2155 τὴν
2905 2087 2964 2138 ὲν
2988 2085 3234 2138 κολάσει.

2261 2179 2324 2236 Ἠ
2362 2185 2472 2250 γὰρ
2515 2180 2674 2249 σὰρξ
2706 2210 2774 2220 -
2817 2181 3118 2245 πόσις.-
3173 2177 3434 2246 Ἀληθής
3476 2176 3590 2247 (79.)
3639 2177 3772 2230 ἐστι

2167 2272 2424 2342 βρῶσις,
2452 2273 2573 2343 ἦτοι
2617 2273 2962 2342 κυριωτάτη,
2995 2271 3072 2335 ὼς
3111 2271 3175 2323 τὸ
3225 2269 3562 2341 κυριώτατον
3605 2270 3770 2338 μέρος

2171 2363 2267 2417 τοῦ
2299 2364 2598 2436 ἀνθρώπου
2629 2363 2909 2435 τρέφουσα
2939 2368 3038 2434 τὴν
3066 2353 3248 2434 ψυχήν
3267 2379 3282 2393 ’
3311 2361 3408 2415 κα)⁵
3433 2362 3494 2415 τὸ
3521 2356 3667 2430 αἷμα
3704 2360 3763 2412 δὲ

2172 2456 2399 2528 ὁμοίως.
2457 2457 2527 2509 Ἦ
2578 2455 2755 2510 ταῦτα
2797 2453 2919 2510 εἷπε
2972 2454 3210 2526 βεὸαιῶν
3258 2455 3341 2508 ὅτι
3392 2454 3495 2507 οὐκ
3539 2452 3769 2523 αἴνιγμα

2173 2545 2326 2616 λέγει
2359 2545 2481 2600 οὐδὲ
2519 2564 2593 2602 πα
2602 2547 2863 2618 ραϐολήν.

2255 2635 2573 2702 Ὀ-αὺτῷ.
2595 2637 2782 2690 -Ἓν
2802 2637 2930 2708 ἐμοὶ
2956 2636 3147 2706 μένει,
3181 2635 3395 2690 ἑνοῦταί
3435 2653 3524 2703 μοι
3556 2635 3643 2688 διὰ
3670 2635 3766 2702 τῆς

2177 2725 2535 2798 μεταλήψεως
2564 2729 2663 2782 καὶ
2697 2729 2983 2792 κοινωνίας
3022 2729 3118 2798 τῆς
3145 2728 3286 2799 ἐμῆς
3317 2727 3518 2797 σαρκὸς
3549 2728 3645 2778 καὶ
3673 2723 3768 2777 τοῦ

2173 2817 2310 2889 ἐμοῦ
2342 2819 2596 2889 αἵματος,
2629 2820 2722 2873 καὶ
2754 2819 3043 2891 σύσσωμός
3083 2837 3176 2891 μοι
3220 2819 3430 2888 γίνεται
3468 2820 3560 2872 καὶ
3607 2821 3766 2890 μέτοο

2172 2929 2266 2982 χος
2296 2915 2398 2983 τῆς
2437 2913 2497 2965 ὲν
2529 2914 2654 2982 ἐμοὶ
2689 2911 2868 2984 ζωῆς’
2895 2913 2943 2965 εί
2975 2913 3018 2966 δ’
3047 2914 3256 2976 ἐκεῖνος
3288 2912 3346 2965 ὲν
3372 2911 3517 2981 ἐμοὶ,
3549 2912 3767 2970 πάντως

2172 3003 2332 3073 κάγὼ
2362 3007 2418 3058 ὲν
2446 3005 2617 3076 αὐτῷ.

2248 3097 2460 3164 Καθὼς
2513 3129 2584 3139 -—
2634 3101 2887 3168 Πατέρα.
2938 3097 3138 3161 Καθὼς
3193 3097 3301 3161 ζῶν
3351 3097 3638 3152 ἀπέστειλέ
3699 3115 3767 3169 με

2173 3187 2202 3240 ὁ
2241 3188 2354 3259 (75)
2401 3188 2512 3253 ζῶν
2566 3189 2793 3261 Πατὴρ,
2836 3189 2980 3244 οὕτω
3014 3188 3169 3259 κάγὼ
3208 3190 3284 3255 ζῶ
3331 3189 3764 3260 ἀπαραλλάκτως

2167 3278 2255 3332 διὰ
2284 3279 2344 3332 τὸ
2368 3280 2698 3352 γεννηθῆναι
2724 3283 2788 3335 ἐκ
2821 3280 3024 3346 ζῶντος
3061 3282 3296 3352 Πατρός.

2239 3373 2493 3445 [Γνῶσιν
2536 3375 2651 3445 (74)
2691 3376 2824 3446 ἡμῖν
2861 3375 2976 3447 (75)
3009 3377 3223 3446 εἰσάγει
3251 3375 3345 3429 τοῦ
3377 3376 3522 3448 ἔχειν
3567 3376 3763 3449 ἀρχὴν,

2167 3465 2263 3517 καὶ
2295 3463 2373 3534 μὴ
2395 3459 2536 3518 εἶναι
2577 3465 2817 3536 ἄναρχος
2864 3465 3056 3537 ὥσπερ
3085 3467 3113 3519 ὁ
3149 3467 3365 3537 Πατήρ.
3404 3468 3475 3519 "H
3517 3470 3612 3520 καὶ
3650 3469 3764 3519 ἑτέ-

2168 3573 2302 3626 ρως.
2341 3557 2441 3611 Διά
2468 3557 2528 3610 τὸ
2551 3557 2652 3628 ζῇν
2684 3558 2776 3611 τὸν
2808 3558 3032 3629 Πατέρα
3067 3558 3201 3629 (76).
3229 3559 3290 3611 Ei
3318 3559 3394 3630 μὴ
3424 3560 3533 3630 γὰρ
3559 3562 3763 3624 ἐκεῖνος

2165 3647 2428 3718 ἐζη,οὺδὲ
2470 3648 2584 3718 ἐγὼ
2614 3649 2754 3713 ἔζων
2776 3665 2788 3676 °
2825 3650 2947 3703 ἐπεὶ
2980 3649 3037 3702 δὲ
3066 3652 3276 3714 ἐκεῖνος
3321 3651 3410 3721 ζῇ,
3465 3652 3541 3715 ζῶ
3585 3650 3763 3720 κάγώ.

2166 3743 2278 3796 Καὶ
2300 3743 2350 3795 εί
2384 3740 2460 3814 μὴ
2493 3744 2703 3805 ἐκεῖνος
2732 3737 2880 3812 εἶχεν
2907 3743 3005 3795 ὅσα
3037 3742 3170 3813 ἔχει,
3203 3743 3326 3797 οὐδὲ
3355 3744 3467 3812 ἐγὼ
3489 3743 3635 3815 εἶχον
3663 3746 3764 3798 ὅσα

2166 3835 2294 3905 ἔχω.
2332 3835 2454 3888 Ἴσα
2503 3835 2614 3906 γὰρ
2646 3836 2776 3906 ἡμῖν
2805 3835 3005 3903 πάντα,
3047 3837 3214 3907 χωρὶς
3253 3835 3361 3890 τῶν
3391 3839 3761 3908 προσωπικὼν

2171 3927 2469 3999 ιὸιοτήτων.
2490 3927 2507 4001 ]

2237 4116 2351 4171 Καὶ
2389 4148 2456 4159 --
2481 4117 2608 4188 ἐμέ.
2644 4119 2856 4190 Ὠσπερ
2895 4118 3006 4188 ἐγὼ
3053 4119 3130 4184 ζῶ
3179 4119 3269 4174 διὰ
3321 4119 3383 4172 τὸ
3431 4118 3759 4189 γεννηθῆναι

2163 4209 2227 4261 ὲκ
2262 4208 2467 4273 ζῶντος
2498 4212 2745 4282 Πατρὺς,
2773 4213 2916 4266 οὕτω
2949 4213 3043 4266 καὶ
3071 4216 3099 4267 ὁ
3124 4212 3351 4283 τρώγων
3384 4230 3472 4278 με,
3507 4214 3757 4276 κάκεῖνος

2161 4300 2416 4371 ζήσεται,
2449 4303 2538 4358 διὰ
2564 4304 2624 4357 τὸ
2655 4305 2891 4375 τρώγειν
2922 4308 3023 4379 ἐμὲ
3055 4308 3153 4378 τὴν
3180 4307 3326 4379 ζωὴν
3356 4307 3451 4360 καὶ
3483 4306 3755 4377 μεταλαμ-

2161 4395 2349 4452 ϐάνειν
2379 4397 2476 4468 τῆς
2506 4397 2673 4468 ζωῆς.

2236 4485 2424 4553 Οὗτος
2453 4519 2524 4528 -
2551 4492 2839 4559 καταϐάς.
2872 4484 3126 4561 Οὗτος,’ὁ
3155 4493 3304 4565 ζωὴν
3333 4493 3554 4548 αἰώνιον
3587 4511 3754 4566 χορη-

2085 4603 2129 4658 D
2159 4583 2293 4651 γῶν.

2231 4677 2315 4729 Οὐ
2340 4705 2409 4714 -
2436 4675 2764 4733 ἀπέθανον.
2793 4660 2908 4730 Οὗκ
2943 4677 3340 4732 ἀποθανοῦνται
3369 4679 3418 4731 oi
3448 4678 3752 4749 τρώγοντες

2153 4767 2320 4820 αὐτὸν
2369 4767 2634 4838 δηλονότι.
2687 4771 2896 4836 Καθὼς
2935 4770 3166 4839 ἔφαγον
3199 4773 3254 4824 οι
3297 4771 3547 4838 πατέρες
3589 4771 3753 4840 ὑμῶν

2149 4861 2219 4913 τὸ
2261 4860 2467 4930 μάννα
2509 4860 2609 4915 καὶ
2645 4862 2976 4918 ἀπέθανον.
3018 4863 3127 4917 Καὶ
3174 4864 3283 4935 μὴν
3308 4905 3321 4926 ,
3359 4865 3548 4936 ὥσπερ
3591 4867 3640 4917 οἱ
3692 4867 3748 4918 τὸ

2151 4953 2334 5022 μάννα
2392 4956 2574 5008 ἐκεῖνο
2620 4955 2891 5023 φαγόντες
2946 4955 3222 5009 ἀπέθανον
3265 4959 3332 5028 τῇ
3385 4957 3574 5026 σαρκὶ,
3609 4957 3749 5010 οὕτω

2149 5048 2246 5098 καὶ
2290 5049 2340 5098 οὶ
2400 5046 2493 5101 τὸν
2543 5047 2710 5118 ἄρτον
2749 5047 2940 5100 τοῦτον
2988 5047 3293 5118 τρώγοντες
3343 5049 3746 5119 ἀποθνήσκουσι

2148 5141 2215 5209 τῇ
2279 5141 2483 5211 σαρκίο
2519 5140 2635 5193 ἀλλ’
2661 5136 2809 5196 οὗτοι
2874 5145 3029 5213 μόνοι
3081 5143 3167 5196 ἐπ’
3195 5142 3373 5196 ἑλπίδι
3423 5143 3570 5213 ζωῆς
3609 5143 3743 5194 aim-

2149 5232 2267 5284 viou
2325 5234 2805 5305 ἀποθνήσκοντες,
2833 5236 2894 5290 οὐ
2935 5236 3188 5292 δοκοῦσιν
3263 5237 3578 5302 ἀποθανεῖν,
3613 5225 3742 5307 ,ἀλλ’

2149 5342 2353 5381 υπνουν

1653 5432 1853 5496 Varia;
1893 5435 2202 5502 lectiones
2241 5451 2304 5505 et
2347 5450 2541 5508 notae.

513 5527 628 5606 (ῖο)
659 5529 839 5606 nsum
887 5534 1310 5606 προσημαίνων,

520 5599 631 5670 (7t)
665 5599 993 5672 Plerumque
1027 5599 1225 5676 spiritu
1265 5608 1374 5663 leni
1405 5607 1658 5662 scribunt
1699 5610 1951 5676 Codices,
1980 5623 2039 5667 ut

440 5668 533 5724 hic
560 5668 812 5740 uterque.

512 5743 622 5826 S3?)
655 5743 890 5826 ’ἑὲηθής
917 5749 1098 5826 ,εηῖπηρ
1128 5765 1273 5826 "2"”
1311 5751 1552 5826 ἀληθῶς,
1585 5754 1739 5826 legit-

509 5813 622 5885 (75)
678 5813 796 5868 Ζῶν
819 5813 1020 5874 omittit
1055 5813 1120 5873 Α.
1151 5821 1333 5898 Malim
1378 5813 1569 5880 tollere
1594 5813 1749 5896 piius
1783 5824 1914 5890 ζῶν.

2225 5546 2338 5620 (74)
2368 5546 2492 5620 l_l_a:c
2520 5547 2575 5601 in
2603 5549 2850 5620 margine
2882 5549 3087 5605 habent
3110 5549 3346 5605 codices.

2223 5616 2336 5693 (75)
2377 5616 2688 5693 llentenius
2719 5616 2977 5690 reddidit,
3018 5638 3082 5677 ac
3113 5623 3158 5678 si
3197 5622 3425 5693 legerit:
3459 5621 3553 5686 Εἰς
3597 5625 3717 5691 γνῶ-

2154 5705 2239 5740 σιν
2274 5691 2422 5760 ἡμᾶς
2448 5691 2678 5756 εἰσάγει.

2220 5759 2334 5830 (76)
2359 5759 2630 5832 lntellige,
2664 5761 2741 5826 ζῶ
2773 5763 2951 5832 κάγώ.

510 5911 620 5979 (.rx)
658 5913 1197 5988 Tramsumptimtem.
1241 5921 1320 5975 Ad
1361 5923 1611 5992 verbum,
1657 5926 2143 5998 participationem.
2185 5926 2647 5997 Μιταλαμόἀνειν
2682 5937 2767 5984 est
2818 5928 3138 5998 participem
3196 5942 3319 5982 esse
3365 5925 3597 5996 alicujus
3629 5923 3725 5978 rei.
