4010 6494
230 437 386 505 1257

1184 447 1583 513 COMMENT.
1618 450 1702 512 ΙΝ
1743 448 2127 513 ΙΟΛΝΝΕΜ.
2167 472 2231 485 -
2275 447 2440 511 CAP.
2471 447 2580 513 Vl.

3397 448 3533 515 1253

324 550 395 605 '0
431 583 503 594 —
543 555 750 613 αἰῶνα.
820 557 1047 624 ’ἱκανῶς
1089 560 1393 634 ἑνδιέτριψι
1434 563 1515 636 τῷ
1570 566 1700 634 περὶ
1741 565 1818 618 τοί

2014 562 2172 619 Yers.
2214 563 2304 619 58.
2357 563 2460 629 Qui
2500 594 2572 607 —-
2608 573 2889 619 internum.
2948 561 3140 619 Merito
3178 568 3420 623 sermoni
3466 572 3537 625 de

226 638 417 713 ἄρτου
464 648 561 701 καὶ
601 649 734 721 περὶ
760 650 862 720 τῆς
900 651 1049 723 ζωῆς
1088 653 1253 726 λόγῳ,
1289 658 1577 725 γινώσκων
1604 658 1695 712 τὸν
1737 659 1839 729 μὲν

217 734 558 808 ἀναγκαῖον,
589 737 689 813 τὴν
714 743 772 797 δὲ
804 746 1067 811 γλυκεῖαν
1097 749 1213 812 τοῖς
1239 748 1553 821 ἀνθρώποις
1571 768 1586 781 ·
1623 753 1716 805 τὸν
1739 753 1839 823 μὲν

219 833 555 898 σωματικὸν
581 836 748 906 ἀρτον
789 840 905 901 τοῖς
937 843 1294 911 σωματικοῖς,
1341 842 1433 896 τὸν
1477 842 1540 897 δὲ
1591 862 1839 915 πνευμα-

217 920 389 1009 τικὸν
436 926 553 987 τοῖς
591 932 1027 997 πνευματικοῖς·
1065 932 1162 986 καὶ
1208 935 1312 1005 τὴν
1359 936 1458 1005 μὲν
1513 936 1836 1009 σωματικὴν

219 1007 383 1083 ζωὴν
425 1019 538 1080 τοῖς
598 1024 975 1089 σωματικοῖς,
1026 1025 1125 1095 τὴν
1176 1025 1234 1080 δὲ
1285 1028 1662 1101 πνευματικὴν
1721 1007 1835 1093 τοῖς

218 1112 653 1191 πνευματικοῖς.

310 1197 508 1252 Ταῦτα
547 1230 618 1240 -
655 1203 944 1273 ἀκούειν;
987 1238 1060 1251 --
1109 1213 1388 1279 Σκληρός
1442 1212 1653 1279 ἐστιν,
1711 1215 1833 1286 ἦτοι

217 1281 673 1357 ὼσπαράδεκτος
719 1292 902 1361 οὗτος
938 1300 1214 1369 όλότοςὸ
1242 1304 1338 1354 τοῦ
1372 1302 1608 1374 τρώγειν
1635 1281 1829 1375 αὐτόν’

226 1378 335 1445 Τίς
382 1380 636 1439 δύναται
685 1388 877 1442 αὑτὸν
917 1392 1405 1461 παραδέχεσθαι;
1442 1398 1507 1449 Oi
1565 1398 1724 1451 τοῦτο
1773 1398 1832 1451 δὲ

223 1474 483 1538 εἰπόντες
509 1477 751 1549 μαθηταὶ
776 1483 878 1551 μὲν
906 1484 1074 1537 αὑτοῦ
1106 1481 1281 1557 ἦσαν,
1311 1491 1413 1541 οὐκ
1443 1491 1506 1543 ἐκ
1531 1490 1641 1545 τῶν
1670 1491 1834 1546 δώδε-

223 1576 304 1613 κα
342 1561 422 1628 δὲ,
464 1565 585 1617 ἀλλ’
612 1568 675 1621 ἐκ
704 1569 816 1624 τῶν
856 1571 1258 1645 ἐσδομήκοντα.

300 1652 461 1717 Τινὲς
493 1656 548 1708 δέ
589 1676 757 1727 φασιν
787 1662 870 1716 ὅτι
906 1667 969 1718 ὲκ
1005 1668 1115 1721 τῶν
1143 1670 1318 1736 ἄλλως
1353 1673 1469 1744 (77)
1511 1677 1828 1748 μαθητευθ-

223 1745 414 1842 gae-vom
430 1749 603 1822 αὐτῷ.
633 1754 829 1809 Πολλοὶ
852 1759 961 1829 γὰρ
989 1760 1086 1814 καὶ
1114 1760 1292 1833 ἕτεροι
1324 1745 1662 1836 ἠκολούθουν
1677 1771 1831 1842 αὐτῷ

219 1837 510 1904 πολλάκις.
544 1844 855 1911 Μέλλοντες
881 1846 976 1905 οῦν
1002 1852 1294 1927 ἀποπηδᾷν
1344 1837 1827 1932 ὐπεραπολσγοῦνλ

1941 670 2084 725 pane
2114 671 2179 712 ac
2208 655 2275 711 de
2306 656 2421 712 vita
2452 658 2778 712 immoratus
2798 664 2906 723 est,
2931 656 3115 723 sciens
3140 657 3293 713 illum
3312 660 3531 730 quidem

1941 742 2341 809 necessarium,
2380 744 2522 800 hanc
2542 760 2670 799 vero
2694 744 2915 799 dulcem
2948 744 3304 803 hominibus:
3339 765 3532 818 panem

1940 847 2075 887 sane
2118 834 2457 903 corporalem
2509 834 2911 904 corporalibus,
2950 834 3291 904 spiritualcm
3349 848 3533 894 autem

1939 924 2316 995 spiritualibus
2346 942 2363 981 :
2392 925 2650 981 similiter
2679 935 2734 981 et
2762 928 2930 981 vitam
2958 928 3301 997 corporalem
3337 944 3535 1001 corpo—

1938 1017 2168 1085 ralibus,
2212 1018 2558 1090 spiritualem
2588 1034 2721 1075 vero
2752 1018 3152 1089 spiritualibus.

2007 1201 2167 1257 Vers.
2212 1202 2303 1259 59.
2351 1201 2483 1258 Ha'c
2513 1232 2587 1243 —
2623 1201 2781 1256 Vers.
2831 1201 2922 1259 60.
2963 1202 3197 1257 audire?
3239 1233 3311 1244 —
3349 1202 3531 1259 Durus

1936 1304 2033 1357 est,
2066 1295 2170 1347 hoc
2216 1301 2324 1357 est,
2356 1308 2501 1363 aegre
2535 1292 2749 1348 admitti
2777 1301 2980 1363 potest,
3022 1295 3107 1347 hic
3148 1309 3342 1358 sermo,
3372 1305 3529 1364 puta,

1933 1386 2004 1441 de
2036 1387 2165 1456 ipso
2210 1386 2594 1453 comcdendo;
2626 1386 2743 1455 quis
2777 1385 2932 1439 illum
2968 1392 3138 1455 potest
3193 1386 3477 1440 admittere
3510 1386 3535 1441 .’

1933 1476 2036 1546 Qui
2086 1494 2217 1533 vero
2268 1478 2373 1533 hoc
2411 1478 2689 1542 dicebant,
2729 1492 2760 1532 e
2802 1475 3091 1546 discipulis
3135 1475 3361 1545 quidem
3411 1476 3534 1546 ejus

1932 1581 2112 1637 erant,
2152 1585 2261 1624 non
2293 1580 2477 1626 tamen
2506 1585 2537 1625 e
2559 1569 2872 1634 duodecim,
2896 1568 2993 1624 sed
3018 1583 3047 1622 e
3072 1568 3443 1639 septuaginta.

2025 1663 2259 1730 Quidam
2286 1679 2416 1720 vero
2446 1678 2512 1719 ex
2543 1664 2631 1719 his
2657 1663 2826 1718 fuisse
2858 1663 3037 1726 aiunt,
3071 1663 3165 1731 qui
3189 1661 3327 1717 alias
3352 1661 3423 1717 ab
3465 1675 3533 1717 eo

1931 1752 2109 1809 edocti
2136 1763 2333 1808 erant:
2368 1768 2497 1807 nam
2531 1760 2588 1807 et
2611 1752 2703 1807 alii
2749 1751 2908 1806 multi
2960 1751 3287 1823 frequenter
3333 1767 3531 1822 seque-

1930 1846 2132 1901 bantur
2153 1847 2331 1901 illum.
2358 1846 2463 1913 Qui
2484 1860 2617 1918 ergo
2638 1844 2939 1900 discessuri
2963 1853 3148 1909 erant,
3183 1844 3288 1901 sibi
3320 1844 3533 1901 scilicet

217 1948 314 1984 ται
352 1932 516 2002 δῆθεν
548 1938 783 1993 ἑαυτῶν.
829 1942 977 1998 Ἔδει
1029 1946 1087 1999 δὲ
1138 1949 1340 2013 αὐτοὺς
1387 1952 1679 2023 ἀναμεῖναι
1733 1960 1818 2011 τὸν

1940 1939 2470 2009 pratrocinabantur,
2512 1954 2636 1994 cum
2673 1937 2858 2009 potius
2901 1938 3253 1994 convenienti
3282 1945 3533 2009 tempore

224 2027 574 2095 προσήκοντα
601 2032 816 2100 καιρὸν,
838 2037 931 2087 καὶ
958 2037 1226 2093 πυθέσθαι
1249 2044 1378 2112 περὶ
1407 2044 1501 2097 τοῦ
1526 2045 1818 2111 δοκοῦντος

216 2118 522 2191 δυσχεροῦς
553 2126 646 2179 καὶ
677 2126 753 2198 μὴ
782 2128 1154 2203 ἀπαγορεύειν
1181 2152 1195 2167 ⁸
1229 2136 1372 2191 οὕτω
1399 2140 1507 2210 γὰρ
1530 2141 1581 2193 οι
1615 2141 1823 2197 δώδεκα

220 2210 469 2281 μαθηταὶ
546 2222 933 2290 πεποιήκασι(
973 2225 1237 2298 Μαθητοῦ
1296 2230 1412 2302 γὰρ
1474 2232 1824 2305 εὐγνώμονος

218 2306 578 2379 ἀπεριέργως
609 2318 791 2369 πάντα
829 2318 1083 2390 δέχεσθαι
1113 2324 1182 2377 τά
1215 2325 1313 2379 τοῦ
1344 2327 1697 2397 διδασκάλου,
1725 2335 1822 2388 καὶ

218 2400 419 2498 καιροῦ
453 2404 775 2498 καλοῦντος,
804 2411 1052 2479 εὐλαϐῶς
1091 2418 1303 2490 ἐρωτᾷν
1335 2422 1466 2491 περὶ
1495 2424 1607 2477 τῶν
1652 2425 1824 2498 ὑπερ-

215 2488 520 2547 δαινύντων
547 2496 648 2569 τὴν
678 2501 848 2554 αὐτοῦ
883 2503 1144 2562 διάνοιαν.

286 2583 479 2679 ρὶδὼς
501 2618 573 2627 -
602 2593 1021 2664 areas-dadd“;
1050 2600 1161 2653 Καὶ
1177 2600 1284 2673 γὰρ
1302 2603 1575 2658 καὶτοῦτο
1598 2610 1696 2679 τῆς
1722 2610 1822 2663 αύ-

211 2673 312 2769 τοῦ
367 2677 627 2751 θεότητος
680 2686 1001 2754 ἀπόδειξις,
1057 2691 1119 2745 τὸ
1175 2693 1245 2748 τὰ
1298 2696 1594 2769 ἀπόρρητα
1636 2673 1822 2766 αὐτοῖς

214 2766 407 2863 τρέρειν
438 2862 444 2863 7
474 2772 556 2835 εἰς
597 2775 795 2844 μέσον.
847 2780 988 2833 Καθ’
1038 2783 1269 2849 ἑαυτοὺς
1330 2766 1463 2858 γὰρ⁷
1489 2766 1823 2863 ἀπορρήτως

213 2858 542 2928 ἐγόγγυζον.
1604 2858 1654 2863 ﬂ
1697 2858 1709 2863 ⁷
1789 2871 1803 2880 ”

302 2949 445 3003 Ἐὰν
466 2981 535 2992 --
565 2956 901 3025 updtepor;
928 2960 1122 3016 Λείπει
1151 2962 1233 3031 τὸ,
1265 2964 1332 3018 Τί
1372 2966 1548 3036 ἐρεῖτε
1576 2986 1591 3033 ;
1624 2969 1821 3041 Ἔλεγε

215 3036 451 3115 “rapi:
486 3046 588 3114 τῆς
624 3050 681 3111 ἐς
719 3048 953 3123 ὕστερον
985 3056 1065 3118 εις
1104 3056 1338 3127 οὐρανὸν
1365 3060 1694 3133 ἀναλήψεως
1724 3036 1824 3119 aii-

211 3132 333 3187 τοῦ.
366 3133 821 3209 ⁸Ανα6αίνοντα,
850 3148 917 3215 τῇ
947 3141 1375 3219 ἀνθρωπότητι·
1409 3132 1609 3208 Ὅπου
1642 3152 1723 3227 ἦν
1754 3160 1821 3211 τὸ

212 3231 531 3341 πρρτεροῗο,
550 3237 623 3345 ντῇ
659 3237 897 3309 Θεότητι.
938 3240 996 3295 Ὀ
1031 3244 1140 3314 γὰρ
1171 3244 1473 3315 δυνάμενος
1503 3249 1604 3320 τὴν
1634 3251 1814 3325 σάρκα
1846 3288 1889 3345 C

209 3321 418 3391 ταύτην
433 3326 685 3396 οὐράνιον
720 3332 972 3403 ποιῆσαι,
1006 3335 1231 3393 δύναται
1262 3339 1483 3405 πάντως
1513 3342 1686 3414 αὐτὴν
1705 3321 1814 3401 ’καὶ

206 3414 419 3486 τροφὴν
448 3418 755 3489 ἀνθρώπων
783 3425 1230 3495 ἀπεργάσασθαι.

290 3510 360 3561 Τὸ
392 3512 631 3581 πνεῦμα
658 3544 726 3553 --
760 3516 963 3571 οὐδέν.
995 3520 1221 3591 Πνεῦμα
1247 3522 1396 3593 λέγει
1428 3525 1522 3581 νῦν
1552 3527 1615 3581 τὸ
1650 3545 1813 3582 πνευο

210 3601 463 3669 ματικῶς
510 3608 653 3658 νοεῖν
705 3609 771 3661 τὰ
806 3609 1066 3681 ρηθέντα.
1112 3614 1356 3685 Ὀμοίως
1386 3618 1443 3672 δὲ
1490 3620 1587 3673 καὶ
1628 3623 1811 3693 σάρκα

206 3696 268 3747 τὸ
303 3697 583 3766 σαρκικῶς
614 3704 754 3756 νοεῖν
788 3703 964 3759 αὐτά⁸
1001 3706 1063 3759 ού
1112 3707 1221 3778 γὰρ
1252 3712 1382 3780 περὶ
1411 3714 1510 3782 τῆς
1540 3712 1808 3779 ζωοποιοῦ

206 3786 413 3855 σαρκὸς
461 3789 629 3842 αὑτοῦ
660 3792 754 3845 νῦν
798 3795 827 3846 ὁ
855 3794 1034 3863 λόγος.
1072 3798 1211 3870 Φησὶ
1260 3800 1443 3855 τοίνυν
1481 3803 1565 3855 ὅτι
1604 3803 1665 3857 τὸ
1710 3806 1807 3873 μὲν

205 3883 599 3968 πνευματικῶς
622 3888 763 3940 νοεῖν
784 3886 961 3942 ταῦτα
989 3888 1137 3963 ζωὴν
1162 3892 1399 3964 παρέχει
1422 3894 1523 3966 τὴν
1545 3896 1808 3968 ἀνωτέρω

203 3967 527 4039 λεχθεῖσαν
600 3975 662 4029 si.
733 3978 790 4032 δὲ
869 3982 1152 4053 σαρκικῶς
1221 3988 1364 4039 νοεῖν
1438 3988 1580 4040 αὐτὰ
1651 3988 1806 4042 οὐδὲν

201 4060 430 4129 ὠφελεῖ.

284 4158 362 4211 Τὰ
385 4158 629 4229 ῥήματα
660 4193 732 4203 -
759 4164 913 4221 ἐστι.
948 4167 1309 4240 Πνευματικά
1341 4172 1458 4227 ἐστι
1487 4173 1580 4229 καὶ
1612 4173 1806 4245 Co)qu

202 4248 355 4303 ἔστι·
382 4250 461 4304 διὸ
623 4256 698 4326 μὴ
726 4256 916 4321 ἀπλῶς
943 4262 1023 4322 εἰς
1047 4262 1188 4314 αὐτὰ
1216 4261 1439 4331 βλέπειν
1463 4280 1477 4295 ⁸
1510 4266 1670 4319 τοῦτο
1694 4269 1803 4339 γάρ

203 4342 325 4396 ἔστι
356 4344 417 4396 τὸ
449 4348 732 4414 σαρκικῶς
765 4353 909 4403 νοεῖν
934 4368 950 4383 ·
987 4353 1106 4406 ἀλλ’
1143 4353 1483 4424 ὑψηλότερόν
1516 4373 1567 4408 τι
1596 4360 1803 4427 φαντά-

202 4435 398 4501 ζεσθαι
422 4480 435 4501 ,
478 4441 572 4493 καὶ
603 4432 716 4505 τοῖς
747 4443 897 4497 ἔνδον
931 4444 1231 4516 ὀφθαλμοῖς
1262 4450 1405 4503 αὐτὰ
1436 4452 1801 4533 κατοπτεύειν

200 4528 277 4592 ὡς
338 4534 657 4604 μυστήρια’
723 4534 880 4589 τοῦτο
936 4533 1045 4608 γάρ
1108 4543 1228 4593 ἐστι
1284 4541 1344 4595 τὸ
1402 4528 1799 4614 πνευματικῶς

201 4638 290 4675 νοε
299 4638 366 4678 ιν.

290 4715 453 4769 Ἀλλ’
482 4745 552 4755 -
578 4719 788 4773 αὐτόν.
834 4719 908 4773 Οὐ
959 4721 1120 4790 μόνον
1159 4722 1259 4794 τὴν
1302 4725 1636 4795 πρόγνωσιν,
1668 4729 1804 4783 ἀλλὰ

1932 2032 2265 2088 remansisse
2293 2032 2403 2103 (yy)
2438 2033 2744 2102 oportuerit
2770 2046 2838 2087 ac
2859 2030 3117 2087 obedisse
3149 2031 3204 2087 in
3269 2045 3357 2097 eo,
3385 2030 3533 2102 quod

1931 2122 2151 2203 difﬁcile
2174 2124 2464 2179 videbatur
2492 2132 2547 2179 et
2587 2139 2697 2179 non
2733 2125 3060 2194 desperasse
3089 2140 3103 2178 :
3128 2138 3255 2178 nam
3286 2124 3359 2179 ita
3391 2112 3531 2179 (1υό-

1931 2216 2106 2272 decim
2138 2216 2216 2271 illi
2242 2216 2509 2272 fecerunt.
2541 2215 2774 2272 Candidi
2811 2216 3082 2288 siquidem
3126 2216 3383 2286 discipuli
3421 2226 3528 2282 est,

1931 2309 2116 2363 omnia
2138 2323 2259 2378 quae
2281 2308 2438 2379 jubet
2461 2316 2769 2379 praeceptor
2796 2308 3004 2378 absque
3032 2307 3360 2363 curiositate
3382 2306 3532 2361 exei-

1929 2415 2079 2471 pere,
2102 2411 2155 2455 et
2188 2402 2279 2455 ubi
2316 2415 2437 2456 sese
2470 2400 2636 2455 offert
2656 2400 3070 2471 opportunitas,
3110 2400 3426 2455 verecunde
3459 2400 3528 2454 de

1930 2493 2017 2548 his
2047 2494 2410 2566 interrogare,
2438 2510 2560 2565 quae
2581 2494 2702 2565 ejus
2732 2494 3012 2550 excedunt
3042 2492 3487 2564 intelligentiam.

2001 2585 2163 2641 Vers.
2218 2587 2309 2642 6|.
2366 2586 2549 2642 Sciens
2593 2616 2666 2627 —-
2703 2586 3070 2657 offendicula?
3129 2584 3275 2640 Sane
3320 2594 3377 2639 et
3420 2585 3528 2639 hoc

1927 2681 2272 2737 divinitatem
2297 2684 2414 2754 ejus
2447 2682 2891 2742 demonstrabat,
2920 2689 3055 2752 puta
3087 2695 3209 2751 qua;
3234 2679 3378 2750 apud
3400 2679 3526 2737 illos

1927 2773 2142 2827 occulta
2165 2783 2325 2828 erant
2361 2773 2502 2828 ferre
2542 2774 2597 2827 in
2631 2772 2913 2827 medium:
2954 2786 3082 2825 nam
3132 2770 3347 2825 occulta
3380 2770 3524 2841 apud

1926 2880 1986 2919 58
2010 2876 2509 2923 murmuraverant.

2020 2957 2177 3013 Vers.
2227 2957 2316 3013 6'2.
2376 2960 2532 3013 δίρ-
2564 2958 2729 3012 erat?
2773 2956 2990 3022 Deﬁcit,
3061 2957 3205 3024 Quid
3279 2954 3528 3012 dicetis?

1925 3048 2191 3118 Loquitur
2214 3058 2394 3103 autem
2414 3049 2482 3104 de
2499 3048 2683 3103 futura
2704 3048 2786 3103 sui
2817 3049 2871 3103 in
2892 3048 3094 3104 cmlum
3116 3048 3522 3118 assumptione.

1923 3116 2323 3205 Ascenderttem,
2357 3140 2535 3209 quoad
2571 3139 2969 3194 humanitatem
3033 3156 3046 3191 :
3080 3140 3172 3193 ubi
3200 3116 3348 3207 prius,
3381 3150 3521 3204 erat,

1922 3232 2103 3302 quoad
2147 3233 2517 3288 divinitatem.
2562 3230 2666 3298 Qui
2698 3233 2847 3287 enim
2894 3241 3077 3303 potest
3122 3233 3265 3287 hanc
3296 3246 3521 3288 carnem

1920 3323 2153 3380 reddere
2196 3324 2506 3389 cmlestem,
2558 3332 2740 3395 potest
2790 3324 2983 3395 utique
3025 3332 3080 3379 et
3114 3323 3288 3394 ipsam
3334 3321 3519 3378 cibum

1920 3416 2207 3471 hominum
2231 3417 2448 3471 edicere

1996 3506 2150 3562 Vers.
2202 3494 2293 3563 ὃὸ.
2336 3506 2674 3578 Spiritus—
2702 3508 3013 3580 quidquam.
3056 3506 3324 3579 Spiritum
3370 3522 3520 3564 nunc

1920 3609 2076 3655 γουσι
2096 3601 2432 3656 intellectum
2459 3600 2797 3671 spiritualem
2824 3616 3018 3656 eorum
3044 3615 3165 3671 quas
3183 3601 3327 3656 dicta
3350 3609 3516 3667 sunt;

1918 3694 2174 3747 similiter
2220 3701 2274 3748 et
2313 3709 2559 3759 carnem,
2599 3693 2906 3765 intelligere
2944 3709 3007 3748 ea
3040 3695 3335 3750 carnaliter
3361 3713 3374 3748 :
3404 3710 3516 3750 non

1916 3786 2062 3839 enim
2089 3786 2158 3840 de
2187 3800 2353 3840 carne
2383 3785 2579 3857 ipsius,
2600 3801 2721 3857 quae
2740 3786 3004 3849 viviﬁcat,
3032 3803 3180 3841 nunc
3203 3801 3386 3843 sermo
3407 3796 3516 3843 est.

1914 3874 2009 3930 Ait
2067 3890 2198 3947 ergo
2253 3894 2266 3930 :
2322 3875 2451 3931 Haec
2523 3877 2884 3947 spiritualiter
2949 3878 3278 3950 intelligere,
3344 3879 3515 3936 vitam

1914 3966 2143 4037 praebet,
2170 3982 2335 4037 quam
2372 3982 2539 4038 supra
2571 3968 2681 4024 dixi
2707 3986 2721 4023 :
2752 3970 3049 4026 carnaliter
3078 3986 3211 4027 vero
3245 3986 3311 4028 ea
3339 3972 3511 4028 intel-

1914 4059 2082 4131 ligere
2121 4074 2231 4113 non
2266 4059 2495 4128 prodest
2529 4061 2854 4131 quidquam.

1996 4151 2153 4207 Vers.
2186 4149 2276 4207 65.
2314 4149 2482 4206 Verba
2514 4181 2585 4192 —
2618 4170 2767 4207 sum.
2829 4152 3151 4223 Spiritualia
3205 4164 3262 4211 et
3296 4156 3513 4213 viviﬂca

1912 4251 2084 4298 sunt:
2125 4252 2343 4314 oportet
2374 4260 2614 4314 namque
2646 4262 2761 4301 non
2798 4245 3125 4317 simpliciter
3166 4262 3230 4303 ea
3283 4250 3509 4318 intueri,

1914 4334 1968 4389 id
2008 4335 2157 4389 enim
2187 4344 2273 4391 est
2310 4336 2609 4392 carnaliter
2641 4336 2979 4405 intelligere,
3024 4340 3119 4394 sed
3154 4340 3303 4395 aliud
3350 4341 3511 4411 quid-

1912 4426 2059 4495 piam
2093 4427 2409 4497 imaginari,
2442 4438 2498 4483 et
2532 4428 2898 4486 interioribus
2933 4431 3110 4487 oculis
3140 4448 3201 4486 ea
3233 4433 3509 4504 aspicere,

1910 4528 2175 4588 tanquam
2232 4522 2520 4592 mysteria,
2563 4538 2691 4579 nam
2744 4523 2850 4580 hoc
2888 4532 2977 4581 est
3020 4525 3387 4596 spiritualiter
3420 4528 3509 4584 in-

1834 4652 1878 4706 Β
1909 4611 2175 4682 telligere.

1986 4725 2137 4782 Vers.
2165 4727 2253 4783 64.
2288 4727 2395 4782 Sed
2415 4760 2485 4770 -—
2509 4731 2703 4801 ipsum.
2732 4732 2850 4787 Non
2871 4737 3047 4789 solum
3075 4734 3504 4805 praescientiam,

210 4808 303 4860 καὶ
349 4808 409 4861 τὸ
444 4809 773 4875 ἀνεξίκακον
804 4812 973 4867 αὑτοῦ
998 4814 1296 4881 δείκνυσιν,
1337 4818 1419 4871 ὅτι
1450 4820 1549 4872 οὐκ
1573 4822 1679 4874 ἀπὸ
1708 4823 1802 4876 τοῦ

1940 4819 2001 4877 ed
2053 4829 2110 4875 et
2159 4821 2510 4879 clementiam
2568 4839 2725 4879 suam
2790 4826 3073 4881 ostendit:
3126 4828 3253 4897 quia
3304 4844 3424 4883 non
3471 4845 3533 4901 ao

210 4899 503 4970 γογγύσαι,
548 4903 666 4957 ἀλλ’
698 4904 757 4972 ἐξ
784 4907 960 4978 ἀρχῆς
991 4910 1084 4963 καὶ
1122 4909 1332 4965 ἄνωθεν
1374 4910 1662 4979 ἐγίνωσκε,
1710 4917 1803 4969 καὶ

206 4994 333 5053 τοὺς
360 4993 719 5059 πιστεύοντας
744 4998 837 5049 καὶ
861 4998 987 5062 τοὺς
1013 4999 1088 5071 μὴ
1119 5002 1501 5068 πιστεύοντας,
1529 5003 1623 5055 καὶ
1651 5004 1801 5077 ὅμως

201 5084 396 5148 κοινῶς
424 5089 634 5149 πάντας
662 5088 934 5144 ἐδίδασκε.

272 5181 380 5232 Καὶ
412 5207 480 5218 -—
501 5197 642 5247 μου.
678 5182 775 5234 Διά
800 5182 979 5247 τοῦτο,
1014 5188 1204 5253 ποῖον;
1241 5188 1341 5241 Διά
1369 5187 1430 5240 τὸ
1461 5184 1603 5242 εῖναι
1643 5207 1797 5253 τινας

1908 4923 2155 4984 tempore
2195 4933 2304 4986 quo
2345 4933 2694 4973 murmurare
2740 4930 3053 4991 coeperunt,
3104 4938 3295 4977 verum
3330 4924 3499 4979 etiam

1905 5006 1974 5061 ab
2024 5006 2186 5061 initio
2232 5010 2595 5075 cognoscebat
2653 5012 2947 5069 credentes
2990 5027 3046 5068 et
3093 5023 3274 5069 tamen
3306 5030 3500 5071 omnes

1904 5098 2109 5166 pariter
2139 5099 2389 5155 docebat.

1986 5188 2140 5245 Vers.
2187 5191 2278 5245 65.
2332 5191 2398 5246 Et
2438 5222 2508 5232 -
2545 5210 2679 5249 meo.
2720 5194 3038 5267 Propterea,
3077 5199 3204 5267 quia
3245 5199 3501 5256 videlicet

203 5268 252 5322 (ιί
294 5271 353 5322 οὐ
404 5273 743 5328 πιστεύουσι.
778 5275 1031 5348 Συνεχῶς
1079 5278 1138 5331 δὲ
1187 5280 1412 5350 Πατέρα
1458 5281 1655 5335 ἑαυτοῦ
1706 5281 1798 5334 τὸν

1940 5288 2031 5336 unt
2068 5283 2313 5352 quidam,
2377 5284 2471 5355 qui
2526 5301 2637 5340 non
2683 5287 2941 5343 credunt.
2992 5289 3266 5345 Continue
3312 5300 3495 5346 auten.

200 5362 331 5414 Θεὸν
389 5363 667 5435 ὀνομάζει,
728 5367 999 5423 διδάσκων
1043 5370 1127 5425 ὃτι
1174 5370 1276 5424 οὐκ
1322 5371 1473 5426 ἐστιν
1533 5373 1649 5435 υἱὸς
1699 5372 1794 5426 τοῦ

1940 5390 2070 5428 leum
2107 5374 2323 5430 Patrem
2365 5392 2527 5432 suum
2578 5381 2850 5445 nominat,
2910 5382 3135 5449 docens,
3189 5383 3336 5453 quod
3384 5398 3494 5440 uou

211 5454 432 5525 Ἰωσὴφ,
465 5457 540 5520 ὡς
568 5460 770 5513 ἐκεῖνοι
792 5458 983 5532 ᾤοντο.

1901 5465 1970 5519 sit
2000 5464 2141 5519 ﬁlius
2162 5464 2391 5537 Joseph,
2422 5468 2562 5523 sicut
2594 5470 2668 5524 illi
2702 5473 2991 5543 putabant.

1450 5630 1650 5694 Varios
1682 5632 1995 5697 lectiones
2040 5640 2102 5695 et
2145 5643 2335 5698 noue.

275 5785 388 5857 (77)
416 5782 579 5838 Extra
616 5798 910 5838 numerum
951 5781 1243 5838 duodrcim
1270 5791 1325 5837 et
1361 5784 1730 5855 septuaginta,
1769 5787 1816 5840 οἳ

1940 5785 2073 5853 ςάξει
2107 5786 2367 5856 μαθητῶν
2399 5787 2780 5859 ἠκολούθησαν
2812 5789 2984 5860 αὐτῷ.

270 5946 378 6018 (μυ)
415 5943 757 6000 Cnnrenienti
789 5954 1023 6012 tempore
1076 5948 1408 6003 remansisse.
1444 5946 1791 6003 Conveniens
1827 5954 2045 6017 tempus
2076 5957 2418 6019 exspectare.

516 6039 788 6100 Parnm“
828 6040 940 6101 Gtt.
984 6034 1248 6101 CXXIX.

3133 6046 3209 6115 40
