4010 6522
536 450 674 509 li‘hll

533 652 600 707 ab
648 667 714 707 eo
755 662 1020 723 tempore,
1064 652 1311 705 abierunt
1359 660 1672 717 retrorsum,
1721 652 1826 706 hoc
1848 662 1955 720 est,
2010 652 2120 707 Ab-

533 746 689 801 scissi
717 753 845 801 sunt
878 744 947 799 ab
974 757 1063 809 eo,
1090 742 1185 812 qui
1216 742 1465 797 videlicet
1491 750 1650 797 antea
1680 745 2114 799 murmurabant.

534 836 854 892 Retrorsum
886 843 1069 890 autem
1100 834 1340 907 intellige
1369 833 1524 898 mihi,
1557 834 1627 889 ad
1657 835 1822 890 vitam
1850 836 2115 907 priorem,

531 930 600 984 ad
631 943 792 997 quam
826 926 1031 982 reversi
1059 936 1212 982 sunt.

602 1019 760 1074 Vers.
784 1018 875 1072 67.
903 1019 992 1072 Ait
1020 1046 1093 1057 --
1122 1018 1313 1072 abire!
1341 1013 1460 1070 Non
1492 1014 1629 1071 dixit
1663 1034 1676 1071 :
1711 1017 1871 1073 Abite
1896 1026 1954 1073 et
1982 1034 2115 1087 vos;

534 1128 657 1167 nam
706 1111 757 1166 id
807 1111 1125 1182 repellentis
1161 1118 1329 1173 esset,
1362 1108 1459 1164 sed
1496 1109 1693 1165 blande
1736 1110 2114 1183 interrogavit,

532 1188 829 1261 ostendens
880 1204 983 1259 sibi
1017 1217 1154 1276 opus
1190 1216 1303 1263 non
1344 1216 1469 1261 esse
1514 1201 1825 1258 ministerio
1874 1203 2116 1272 illorum,

527 1314 712 1372 neque
763 1314 823 1355 se
890 1298 1306 1356 circumducere
1359 1300 1479 1357 illos
1541 1302 1609 1355 ad
1663 1295 2114 1365 ostentationem,

531 1395 789 1465 quodque
818 1393 1030 1447 nullum
1064 1392 1197 1446 velit
1237 1392 1469 1447 invitum
1502 1394 1762 1448 retinere.
1797 1393 1906 1449 Sed
1938 1409 2115 1464 neque

524 1504 668 1558 aegre
694 1487 817 1542 tulit
834 1495 930 1541 aut
949 1485 1226 1558 redarguit
1241 1486 1381 1551 illos,
1408 1485 1503 1555 qui
1519 1494 1821 1542 retrorsum
1839 1486 2112 1553 abierant,

522 1581 690 1636 veluti
716 1580 894 1635 facere
930 1580 1195 1643 solemus,
1227 1578 1493 1634 ducentes
1523 1579 1841 1648 huiusmodi
1876 1578 2109 1647 factum,

516 1683 901 1743 contemptum
920 1679 1014 1725 aut
1039 1670 1296 1743 injuriam
1326 1669 1486 1740 :quia
1508 1668 1692 1724 omnia
1715 1667 1900 1741 gloria:
1928 1683 2116 1726 amore

520 1768 873 1913 “3:32:63.
901 1854 1191 1925 Βαροηάίι
1222 1883 1293 1894 -
1319 1852 1624 1910 “ibim”
1646 1851 1845 1909 Pam
1879 1851 2111 1908 mum

1778 447 2094 507 EUTlIYM
2111 448 2163 506 ll
2204 446 2568 509 ZIGABENI

607 559 765 618 Vers.
806 560 895 617 66.
935 560 1016 616 Ea:
1047 591 1114 603 —
1136 558 1512 615 ambulabant.
1543 589 1614 599 —
1644 559 1723 613 Ex
1768 563 1884 626 hoc,
1918 562 1969 615 id
2013 571 2118 626 est,
2152 571 2194 625 Α

3672 459 3692 521 1
3706 462 3798 521 ἱῦῗι

2312 564 2406 617 Ἐκ
2436 594 2507 604 -
2536 565 2959 633 περιεπάτουν.
2994 594 3061 607 -
3103 567 3199 623 Ἐκ
3234 573 3447 627 τούτου
3468 615 3482 639 ,
3539 577 3661 630 ἀντὶ
3710 581 3801 633 τοῦ

2227 656 2415 709 ἔκτοτε
2436 672 2451 685 ·
2509 658 2790 726 ἀπῆλθον
2811 659 2867 713 δὲ
2893 661 2982 725 εις
3012 662 3083 716 τὰ
3113 662 3326 732 ὀπίσω,
3368 666 3544 721 εῐτουν
3581 671 3805 742 ἀπεσχί-

2228 747 2434 819 σθησαν
2476 750 2525 802 οἱ
2572 751 2835 823 ἀνωτέρω
2888 754 3280 823 γογγύσαντες.
3335 757 3544 814 Ὀπίσω
3586 762 3643 815 δὲ
3695 766 3802 818 νόει

2228 857 2321 912 μοι
2374 842 2468 895 καὶ
2516 843 2608 897 τὸν
2683 843 2949 914 πρότερον
3000 843 3116 915 βίον
3165 846 3382 917 αὐτῶν,
3422 852 3503 915 εἰς
3546 852 3606 905 δν
3640 854 3804 910 πάλιν

2226 931 2597 1004 ὑπέστρεψαν.

2294 1022 2484 1081 Εἶπεν
2523 1057 2593 1070 —-
2632 1030 2925 1101 ὑπάγεινς
2972 1032 3088 1087 Οὐκ
3139 1029 3295 1088 εἶπεν
3317 1051 3333 1067 ·
3368 1036 3658 1094 ’Δπέλϐετε
3709 1044 3803 1095 καὶ

2225 1118 2425 1188 ὑμεῖς·
2477 1120 2638 1175 τοῦτο
2674 1124 2785 1195 γὰρ
2838 1125 3236 1196 ἀπωθουμένου
3281 1123 3381 1200 ἦν’
3424 1130 3539 1184 ἀλλ’
3584 1135 3803 1204 ὁμαλῶς

2223 1208 2501 1279 ὴρώτηοε,
2524 1210 2745 1275 δεικνὺς
2773 1215 2856 1267 δτι
2874 1215 2933 1267 οὐ
2960 1215 3131 1269 δεῖται
3160 1219 3260 1287 τῆς
3290 1217 3565 1285 διακονίας
3594 1224 3798 1289 αὐτῶν,

2223 1300 2347 1353 οὐδὲ
2373 1304 2629 1372 περιάγει
2646 1305 2893 1371 τούτους,
2916 1307 3391 1378 ἐπιδεικνύμενος,
3424 1313 3518 1364 καὶ
3534 1313 3620 1365 ὅτι
3646 1314 3800 1366 οὐδέ-

2224 1410 2289 1451 vi
2351 1394 2428 1469 μὴ
2462 1393 2789 1471 βουλόμινον
2827 1397 3081 1471 βούλιται
3112 1401 3384 1473 κατέχειν.
3416 1402 3553 1459 Οὔτε
3579 1405 3637 1460 δὲ
3667 1408 3804 1461 ἐδει-

2221 1491 2554 1563 νοπάθησεν,
2578 1492 2715 1567 οὔτε-
2733 1492 3085 1567 κατηγόρηᾶα
3112 1497 3222 1548 τῶν
3250 1494 3593 1551 ἀπελθόντων
3620 1500 3705 1561 είς
3732 1502 3802 1553 τὰ

2220 1562 2430 1655 ὀπίσω,
2466 1587 2605 1659 ὅπερ
2649 1562 2825 1645 ποιεῖν
2859 1562 3130 1662 tholion
3175 1590 3357 1663 ⁴ἡμεῖς,
3394 1592 3801 1663 καταφρόνησιν

2221 1676 2317 1730 καὶ
2348 1677 2510 1751 ὕϐριν
2533 1680 2595 1733 τὸ
2636 1682 2874 1752 πρᾶγμα
2904 1683 3217 1752 κρίνοντες·
3249 1684 3384 1739 διότι
3421 1686 3561 1756 μετὰ
3588 1684 3803 1755 φιλοόοο

2222 1760 2341 1833 eia;
2374 1769 2589 1825 ἅπαντα
2615 1773 2951 1844 πράττομεν.

2294 1861 2611 1932 ’Δπεκρίθη
2642 1894 2711 1906 -
2734 1865 3197 1936 ἀπελευσόμεθα
3220 1882 3241 1933 ς
3273 1863 3333 1921 '0
3356 1865 3560 1937 Πέτρος
3583 1868 3612 1920 ό
3641 1866 3773 1935 φιλά

519 1961 755 2012 amator,
782 1964 884 2020 pro
911 1947 1174 2003 fratribus
1211 1946 1466 2001 omnibus
1485 1945 1783 2015 respondet
1814 1961 1831 1999 :
1862 1945 2105 2011 Domine,

2213 1950 2407 2021 δελφος
2425 1954 2525 2007 ὑπε
2533 1941 2921 2025 ραπολογεῖται
2940 1959 3159 2012 πάντων
3176 1959 3285 2011 τῶν
3300 1959 3546 2026 ἀδελφῶν
3562 1978 3577 1990 ο
3596 1961 3796 2028 Κύριε,

520 2044 594 2098 ad
614 2058 767 2112 quem
784 2040 1085 2095 abibimus?
1113 2038 1498 2093 vehementem
1522 2052 1651 2108 erga
1677 2037 1835 2093 illum
1861 2052 2110 2092 amorem

517 2134 929 2196 demonstrans,
984 2130 1132 2201 quod
1203 2129 1463 2186 videlicet
1510 2129 1791 2183 neminem
1848 2128 2112 2191 habeant,

517 2240 684 2296 quem
713 2224 762 2279 ei
805 2230 1147 2294 pmponant,
1195 2234 1307 2274 non
1355 2227 1641 2288 parentes,
1672 2234 1786 2274 non
1822 2222 2108 2290 cognatos,

517 2332 631 2372 non
674 2315 899 2379 amicos,
927 2321 1003 2379 et,
1040 2321 1099 2367 ut
1153 2311 1326 2366 semel
1388 2310 1593 2375 dicam,
1635 2309 1916 2365 neminem
1966 2309 2112 2365 inter

516 2422 732 2462 omnes.
768 2404 978 2459 Deinde
1006 2417 1075 2457 ne
1108 2403 1212 2456 hoc
1242 2401 1447 2456 dixisse
1492 2400 1768 2465 videatur,
1799 2401 1955 2471 quasi
1997 2415 2110 2456 non

514 2500 605 2565 sit,
635 2498 728 2569 qui
769 2511 865 2550 eos
901 2494 1188 2563 suscipiat,
1218 2493 1540 2561 subiunxit:

584 2590 743 2644 Vers.
775 2586 865 2642 68.
907 2584 1077 2640 Verba
1130 2613 1195 2625 —-—
1249 2584 1431 2637 habes.
1486 2581 1701 2649 Verba,
1760 2599 1883 2654 qua:
1935 2584 2102 2638 vitam

516 2681 817 2736 concilient
852 2687 1143 2733 attentam.
1199 2674 1381 2737 Vides,
1415 2674 1559 2743 quod
1596 2673 1761 2729 verba
1793 2688 1905 2729 non
1945 2685 2107 2731 erant

511 2788 633 2843 qua:
653 2771 1003 2842 praebuerant
1021 2766 1434 2830 oﬂ'endiculum,
1462 2765 1560 2820 sed
1585 2766 1898 2820 auditorum
1926 2767 2109 2837 segni-

515 2866 645 2929 ties,
710 2872 766 2917 et
806 2861 934 2931 quia
963 2859 1255 2915 carnaliter
1294 2873 1357 2912 ea
1394 2856 1796 2927 intelligebant,
1834 2873 1945 2913 non
1990 2860 2106 2929 spi-

515 2956 806 3010 ritualiter.
825 2953 1185 3022 Consequens
1205 2951 1409 3004 etenim
1430 2965 1492 3003 ac
1512 2949 1886 3004 necessarium
1907 2949 2102 3016 fuerat,

516 3060 577 3104 ut
632 3048 723 3103 illa
772 3046 1089 3102 dicerentur
1142 3050 1367 3113 propter
1421 3042 1734 3096 Judteorum
1784 3044 1851 3097 de
1905 3057 2105 3096 manna

510 3155 849 3197 sermonem.
874 3137 1132 3207 Oportuit
1174 3143 1358 3189 autem
1388 3132 1672 3189 auditores
1699 3143 1799 3188 aut
1843 3136 2104 3206 spiritua-

501 3235 636 3288 liter
662 3247 727 3286 ea
758 3229 1090 3300 intelligere,
1126 3233 1242 3291 aut,
1271 3226 1316 3280 si
1349 3226 1405 3280 id
1433 3225 1673 3281 necdum
1706 3234 1983 3296 poterant,
2018 3228 2103 3282 his

2216 2045 2367 2113 πρὸς
2386 2045 2523 2099 τινα
2548 2048 3009 2119 ἀπελευσόμεθα
3031 2067 3051 2115 ;
3077 2052 3151 2104 Τὸ
3167 2051 3303 2121 πρὸς
3323 2052 3488 2105 αὑτὸν
3512 2051 3796 2123 φιλόστορ·

2215 2155 2311 2208 γον
2337 2139 2625 2224 ἐμφαίνων
2650 2142 2733 2195 ὅτι
2759 2144 2861 2196 οὑκ
2894 2143 3075 2213 ἔχουσι
3106 2146 3297 2219 ῑτερον
3331 2145 3659 2217 τιμιώτερον
3695 2149 3793 2200 αὐ-

2213 2230 2332 2293 τοῦ,
2380 2229 2442 2284 οὺ
2476 2234 2675 2301 γονεῖς,
2704 2233 2764 2287 οὐ
2791 2238 3099 2303 συγγενεῖς,
3124 2237 3183 2290 οὺ
3228 2236 3438 2306 φίλους,
3462 2237 3560 2308 οὐχ
3606 2237 3794 2301 ἁπλῶς

2214 2338 2349 2376 τινα·
2367 2323 2477 2378 τῶν
2511 2325 2794 2381 ἁπάντων.
2826 2322 2965 2381 Εῖτα
2998 2327 3084 2381 ῐνα
3121 2328 3195 2399 μὴ
3224 2330 3356 2401 δοκῇ
3396 2328 3555 2384 τοῦτο
3581 2332 3755 2383 είτιείν
3774 2372 3791 2396 ,

2213 2413 2286 2476 ὡς
2331 2416 2431 2469 οὐκ
2464 2416 2617 2481 ὄντος
2657 2418 2753 2472 τοῦ
2804 2416 3199 2491 ὗποδεξομένου
3244 2421 3461 2490 αὐτοὺς,
3515 2422 3783 2494 ἐπήγαγεο

2295 2583 2554 2654 Ῥήματα
2597 2614 2671 2625 -
2709 2585 2895 2655 ἔχεις.
2945 2586 3194 2656 Ῥήματα
3226 2584 3376 2657 ζωὴν
3404 2585 3621 2640 αἰώνιον
3641 2604 3779 2657 1:90-

2212 2674 2492 2741 ξενοῦντα.
2539 2677 2705 2750 Ὁρᾷς
2738 2679 2819 2732 ὅτι
2849 2679 2911 2732 οὐ
2941 2679 3012 2733 τὰ
3044 2681 3269 2751 ῥήματα
3302 2676 3369 2751 ἦν
3406 2681 3472 2734 τὰ
3510 2680 3790 2733 σκανδαλί-

2210 2767 2397 2832 ζοντα,
2433 2768 2588 2841 ἀλλ’ἢ
2619 2770 2922 2841 ἀπροσεξία
2949 2773 3057 2824 τῶν
3091 2773 3418 2840 ἀκουόντων,
3449 2773 3542 2825 καὶ
3571 2773 3631 2824 τὸ
3658 2790 3792 2840 σαρ-

2209 2861 2383 2925 κικῶς
2412 2865 2553 2916 νοεῖν
2592 2865 2755 2927 αὐτὰ,
2789 2867 2885 2918 καὶ
2934 2864 3010 2936 μὴ
3045 2866 3425 2934 πευματικῶς.
3469 2866 3788 2919 ’Δκόλουθον

2211 2952 2313 3021 μὲν
2358 2953 2469 3023 γὰρ
2513 2954 2608 3007 καὶ
2640 2954 2941 3023 ἀναγκαῖον
2981 2952 3047 3026 ἦν
3076 2958 3262 3009 ἐκεῖνα
3306 2955 3537 3026 ῥηθῆναι
3576 2955 3663 3008 διὰ
3696 2956 3787 3008 τὸν

2207 3047 2338 3117 περὶ
2362 3044 2458 3098 τοῦ
2486 3045 2666 3115 μάννα
2693 3046 2851 3116 λόγον
2889 3046 2997 3100 τῶν
3052 3047 3323 3101 Ἰουδαίων
3349 3063 3365 3079 ο
3407 3046 3511 3100 ἔδει
3564 3047 3619 3099 δὲ
3658 3046 3784 3109 τοὺς

2206 3137 2508 3199 ἀκούοντας
2538 3138 2571 3209 ἢ
2596 3139 2986 3215 πνευματικῶς
3009 3140 3230 3192 ἀκούειν
3265 3139 3423 3205 αὐτὰ,
3462 3138 3495 3209 ἢ
3527 3138 3600 3208 μὴ
3631 3137 3786 3190 τοῦτο

2205 3228 2567 3299 δυναμένους,
2589 3230 2842 3301 δέχεσθαι
2872 3230 2971 3301 μιν
3002 3230 3198 3298 ταῦτα,
3221 3230 3447 3303 ὕστερον
3473 3230 3529 3284 δὲ
3555 3230 3782 3301 φιλομα-

509 3328 749 3398 primum
806 3294 1100 3393 susceptis,
1139 3319 1490 3391 postmodum
1542 3320 1611 3374 de
1666 3294 1753 3374 his
1811 3320 2104 3390 diligenter

2213 3318 2315 3385 θῶς
2340 3321 2616 3394 ἐρωτῆσαι
2644 3322 2776 3390 περὶ
2801 3320 3026 3375 τούτων.

508 3430 865 3489 interrogare.

577 3513 737 3567 Vers.
769 3508 857 3563 69.
891 3505 958 3561 Et
983 3534 1055 3547 -—
1081 3504 1206 3559 vivi.
1238 3501 1542 3558 Tricesimo
1566 3504 1732 3559 tertio
1772 3504 1927 3575 juxta
1956 3503 2097 3559 Mat-

508 3607 710 3663 thmum
741 3601 919 3672 capite
951 3599 1085 3654 dixit
1112 3598 1258 3653 idem
1292 3613 1307 3650 :
1347 3594 1426 3650 Tu
1453 3613 1507 3650 es
1528 3594 1768 3652 Christus
1790 3596 1959 3652 Filius
2004 3596 2104 3652 Dei

510 3696 620 3753 sivi
652 3694 722 3747 ³⁸.
760 3692 870 3747 Sed
919 3700 1053 3745 tunc
1101 3687 1322 3758 quidem
1377 3686 1631 3742 Christus
1683 3686 1833 3742 illum
1882 3689 2099 3743 beatum

506 3782 827 3857 praedicavit
849 3790 1074 3853 propter
1097 3791 1319 3834 causam
1355 3776 1432 3831 ibi
1460 3776 1663 3831 dictam
1700 3792 1714 3830 :
1750 3793 1900 3832 nunc
1945 3796 2098 3844 vero,

506 3881 636 3951 quia
667 3874 1041 3934 communiter
1072 3870 1210 3927 dixit
1246 3888 1261 3925 :
1296 3869 1408 3925 Nos
1444 3869 1779 3926 credidimus
1808 3882 1862 3924 et
1895 3885 2099 3942 cogno-

506 3974 710 4034 vimus,
761 3974 982 4038 separat
1032 3963 1102 4019 ab
1148 3962 1256 4018 illis
1306 3960 1630 4027 lscarioten,
1669 3972 1936 4031 tanquam
1985 3962 2098 4033 jam

508 4062 892 4119 ﬂuctuantem.

576 4155 730 4211 Vers.
773 4153 861 4209 70.
893 4149 1177 4220 Respondit
1234 4177 1306 4189 —
1359 4146 1540 4219 elegi?
1568 4145 1683 4204 Hoc
1712 4146 2097 4220 interrogative

510 4248 807 4320 legendum
840 4253 949 4301 est.

575 4361 736 4419 Yers.
794 4360 884 4415 70.
936 4356 1003 4411 Et
1051 4387 1120 4399 -
1155 4353 1315 4411 Vers.
1344 4356 1432 4410 Ἠ.
1482 4356 1775 4411 duodecim.
1810 4386 1878 4396 —
1904 4355 2094 4412 Nonne

503 4473 599 4530 ego
623 4472 735 4520 vos,
764 4453 961 4523 inquit,
989 4450 1267 4505 duodecim
1295 4448 1428 4519 elegi
1453 4449 1477 4503 2
1520 4458 1571 4503 et
1625 4460 1807 4505 tamen
1861 4468 1997 4506 unus
2028 4466 2095 4506 ea:

503 4546 647 4602 vobis
677 4546 733 4600 in
789 4543 940 4599 nullo
970 4557 1090 4596 mea
1126 4540 1350 4610 adjutus
1378 4539 1669 4607 electione,
1710 4550 1899 4612 utpote
1951 4543 2092 4599 libe-

2284 3505 2394 3560 Καὶ
2432 3534 2505 3546 -
2539 3501 2778 3571 ζῶντος.
2818 3506 2929 3559 Καὶ
2964 3506 3022 3561 ἐν
3050 3505 3127 3577 τῷ
3156 3506 3462 3580 τριακοστῷ
3492 3506 3657 3580 τρίτῳ
3688 3523 3783 3561 κε-

2208 3599 2426 3671 φαλαίῳ
2470 3596 2568 3651 τοῦ
2612 3598 2757 3651 κατὰ
2810 3599 3090 3652 Ματθαίον
3128 3597 3188 3651 τὸ
3218 3600 3350 3652 αὐτὸ
3397 3595 3551 3653 εἷπε·
3599 3600 3680 3654 Σὺ
3729 3597 3788 3656 ετ

2204 3694 2237 3745 ό
2276 3690 2551 3761 Χριστὸς,
2581 3690 2609 3742 ὁ
2630 3689 2774 3752 ’Υἱὸς
2807 3690 2899 3743 τοῦ
2930 3689 3066 3743 Θεοῦ
3102 3689 3195 3742 τοῦ
3222 3689 3423 3755 ζῶντος
3445 3709 3461 3724 ο
3496 3692 3630 3746 ἀλλὰ
3660 3695 3779 3746 τότε

2204 3784 2307 3855 μὲν
2334 3784 2670 3855 ὲμακάρισεν
2696 3784 2859 3837 αὐτὸν
2887 3785 2914 3836 ό
2942 3786 3175 3855 Χριστδς
3206 3785 3295 3839 διὰ
3328 3787 3426 3858 τὴν
3456 3788 3571 3840 ἐκεῖ
3603 3788 3783 3860 ῥηθεῖ-

2206 3895 2305 3931 σαν
2365 3877 2585 3931 αῑτίαν·
2655 3877 2750 3931 νῦν
2811 3876 2907 3941 δὲ,
2966 3876 3152 3948 ἐπειδὴ
3225 3879 3423 3941 κοινῶς
3487 3876 3641 3934 εἶπεν
3698 3880 3779 3934 ὅτι

2202 3970 2659 4042 Πεπιστεύκαμεν
2685 3971 2780 4026 καὶ
2806 3971 3156 4043 ὲγνώκαμεν,
3178 3970 3477 4025 διαστέλλει
3498 3974 3589 4028 τὸν
3610 3973 3777 4027 Ἰσκα-

2204 4066 2407 4138 ριώτην
2436 4066 2532 4119 ἀπ’
2558 4064 2740 4120 αὐτῶν
2770 4067 2870 4138 ήδη
2900 4065 3281 4137 σαλευόμενον.

2280 4158 2588 4229 Ἀπεκρίθη
2615 4189 2688 4200 -
2714 4158 3095 4228 ἐξελεξάμην
3109 4174 3131 4224 ;
3158 4158 3327 4213 Τοῦτο
3361 4159 3482 4213 κατ’
3508 4160 3777 4232 ἐρώτησιν

2195 4254 2598 4324 ἀναγνωστέον.

2266 4347 2377 4401 Καὶ
2406 4377 2479 4391 -
2501 4346 2751 4401 δώδεκα.
2774 4376 2848 4389 --
2879 4350 3003 4402 Οὐκ
3042 4347 3176 4418 ἐγὼ,
3208 4348 3394 4419 φησὶν,
3445 4349 3601 4420 ὑμᾶς
3635 4352 3773 4418 τοὺς

2195 4438 2857 4511 δὼδεκαβξελεξάμηη
2877 4442 2976 4496 καὶ
3004 4443 3153 4512 ὅμως
3186 4442 3254 4507 ἐξ
3286 4441 3454 4511 ὑμῶν
3474 4439 3585 4511 εἷς,
3621 4446 3771 4498 οὐδὲν

2194 4534 2295 4605 τῆς
2324 4535 2459 4607 παρ’
2489 4532 2624 4605 ἐμοῦ
2656 4533 2889 4606 ἐκλογῆς
2910 4526 3275 4607 ἁπονάμενος,
3312 4537 3388 4601 ὠς
3420 4537 3765 4604 αὐτεξούσιος

503 4656 625 4694 rum
666 4640 876 4694 habens
902 4634 1189 4690 arbitrium
1230 4632 1297 4687 ad
1336 4634 1596 4688 virtutem
1622 4642 1678 4688 et
1711 4634 1923 4699 vitium,
1974 4636 2092 4689 dia-

2213 4627 2311 4699 :78)
2346 4627 2483 4698 πρὸς
2513 4627 2713 4699 ἀρετὴν
2742 4628 2839 4682 καὶ
2870 4628 3092 4695 κακίαν,
3132 4629 3375 4695 διάϐολός
3403 4632 3574 4696 ἐστιν,
3606 4634 3769 4704 ἤγουν

509 4732 663 4786 belus
755 4737 852 4794 est,
908 4728 1023 4783 sive
1087 4726 1411 4791 diabolicus,
1469 4733 1526 4781 et
1578 4726 1780 4781 diaboli
1823 4728 2091 4783 minister.

504 4822 787 4892 Signiﬁcat
820 4821 1002 4891 itaque
1036 4818 1089 4873 in
1138 4817 1416 4873 voluntate
1444 4832 1507 4873 ac
1536 4818 1807 4875 electione
1854 4818 2093 4875 hominis

502 4914 666 4967 situm
706 4926 852 4979 esse,
885 4920 943 4964 ut
970 4910 1232 4971 salvetur,
1257 4918 1353 4961 aut
1376 4918 1587 4978 pereat.

571 5001 802 5070 Quidam
831 5014 958 5054 vero
987 4997 1266 5052 diabolum
1309 4998 1414 5052 hoc
1449 5000 1503 5051 in
1536 5000 1659 5053 loco
1695 4996 2089 5055 intellexerunt

500 5094 906 5148 insxdiatorem.
936 5088 1085 5142 Nihil
1123 5101 1253 5157 ergo
1294 5102 1521 5154 novum,
1559 5088 1706 5156 quod
1747 5086 1917 5143 Judas
1963 5105 2087 5144 cum

497 5188 790 5258 eligeretur
813 5186 1012 5239 bonam
1033 5182 1289 5238 habuerit
1304 5180 1660 5245 voluntatem,
1680 5191 1868 5252 postea
1908 5192 2088 5238 autem

500 5280 571 5335 sit
605 5280 950 5339 immutatus,
984 5278 1251 5346 tanquam
1280 5275 1453 5329 libero
1476 5290 1610 5329 usus
1633 5275 1878 5329 arbitrio.

568 5372 707 5443 Cap.
739 5369 851 5427 VH.
910 5370 1064 5426 Vers.
1107 5371 1160 5423 l.
1188 5368 1260 5423 Et
1308 5397 1378 5407 —
1436 5367 1751 5436 interficere.
1775 5366 1893 5421 Non
1942 5369 2085 5422 enim

498 5476 729 5534 poterat,
759 5465 813 5520 id
849 5474 949 5529 est,
981 5478 1094 5517 non
1118 5470 1238 5518 erat
1290 5475 1542 5525 securus,
1576 5469 1636 5513 ut
1687 5470 1999 5514 versaretur
2032 5461 2085 5513 in

496 5556 680 5613 Iudaea
754 5574 768 5609 :
847 5565 1105 5628 tauquam
1163 5553 1233 5608 de
1274 5551 1499 5607 homine
1568 5551 1715 5605 enim
1790 5552 1894 5607 hoc
1945 5553 2083 5607 dixit

599 5698 643 5729 ³⁸
673 5697 867 5752 Matth.
898 5695 1121 5761 “1,16.

2194 4719 2527 4785 διαδολικὺς,
2559 4718 2654 4772 τοῦ
2682 4719 2935 4773 διαϐόλου
2960 4714 3256 4790 ὑπουργός.
3291 4720 3461 4792 Δῆλον
3485 4721 3577 4775 οὖν
3607 4722 3687 4775 δτι
3714 4726 3770 4775 ὲν

2192 4812 2256 4883 τῇ
2309 4811 2633 4882 προαιρέσει
2673 4808 2770 4863 τοῦ
2828 4809 3118 4882 ἀνθρώπου
3166 4812 3344 4864 κεῖται
3392 4813 3455 4865 τὸ
3502 4812 3769 4877 σώζεσθαι

2191 4904 2224 4977 ἢ
2256 4904 2617 4957 ἀπόλλυσθαι.
3692 4942 3697 4951 .

2261 4995 2419 5059 Τινὲς
2466 4996 2524 5050 δὲ
2575 4994 2822 5051 διάόολον
2880 4994 2975 5050 νῦν
3029 4997 3123 5050 τὸν
3182 4994 3472 5049 ἑπίδουλον
3519 4996 3766 5067 ἐνόησαν.

2192 5087 2359 5141 Οὐδὲν
2389 5087 2500 5158 (79)
2530 5086 2623 5142 οὖν
2652 5090 2837 5142 καινὸν
2871 5091 2928 5142 ὲν
2963 5087 3041 5159 τῷ
3072 5087 3391 5157 ἐκλέγεσθαι
3426 5089 3523 5158 μὲν
3557 5088 3766 5159 ἀγαθὴν

2192 5180 2515 5252 προαίρεσιν
2548 5180 2693 5251 ἔχειν
2725 5181 2817 5235 τὸν
2866 5181 3109 5248 Ἰούδαν,
3145 5180 3372 5253 ὕστερον
3400 5182 3458 5234 δὲ
3496 5181 3763 5252 μεταϐληο

2191 5272 2352 5343 θῆναι
2381 5272 2569 5326 τοῦτον
2595 5273 2670 5337 ὡς
2693 5274 3061 5339 αὐτεξούσιον.

2259 5368 2367 5425 Καὶ
2398 5395 2460 5405 -
2481 5366 2846 5421 ἀποκτεῖναι.
2889 5367 2965 5421 Οὐ
2994 5368 3103 5438 γὰρ
3153 5361 3301 5438 εἶχεν
3332 5365 3443 5436 (80)
3481 5365 3725 5432 ἐξουσίαν
3745 5405 3761 5429 ,

2187 5458 2356 5529 {now
2384 5458 2484 5510 οὐκ
2514 5452 2660 5526 εἶχεν
2684 5456 2871 5510 ἄδειαν
2889 5458 2947 5510 ὲν
2974 5459 3038 5527 τῇ
3059 5456 3286 5529 Ἰουδαίᾳ
3312 5459 3628 5527 περιπατεῖν
3649 5472 3660 5483 ·
3686 5458 3762 5521 ὡς

2191 5555 2321 5625 περὶ
2345 5551 2635 5623 ἀνθρώπου
2667 5552 2775 5625 γὰρ
2811 5552 2970 5606 τοῦτο
3000 5547 3153 5605 εἷπεν
3178 5554 3209 5606 ό
3236 5553 3625 5623 εὐαγγελιστής
3646 5569 3660 5583 ·
3688 5553 3761 5615 ὡς

1715 5757 1906 5819 Velim
1941 5759 2240 5819 lectiones
2271 5767 2333 5820 et
2375 5767 2565 5821 notae.

569 5894 681 5960 (78)
720 5894 809 5954 Ei;
861 5894 1064 5964 ἀρετήν
1098 5900 1165 5944 Α.

565 5964 675 6024 (ῖυ)
722 5965 807 6027 Δέ,
846 5966 1144 6028 interponit
1175 5965 1240 6015 Δ.

2263 5888 2373 5961 (80)
2398 5890 2803 5961 interpretatur
2851 5906 2980 5961 ergo
3031 5893 3318 5949 lectionem
3366 5888 3755 5961 Chrysostumi,

2188 5956 2335 6031 εἶχἐν
2358 5956 2627 6026 ἕξουσίάνν
2660 5976 2758 6030 pro
2814 5956 2996 6034 ἤθελε,
3018 5982 3179 6035 quam
3214 5977 3361 6020 recte
3398 5956 3499 6017 ιιυέ
3529 5966 3645 6018 loco
3674 5976 3755 6012 re-
