4010 6480
160 424 307 483 1261

1110 424 1498 485 COMMENT.
1546 426 1628 485 IN
1671 426 2052 488 JUANNEM.
2096 454 2160 464 -·-
2205 430 2365 491 CAP.
2410 430 2548 490 VII.

3310 433 3445 495 12(2

155 537 271 605 γὰρ
290 535 579 607 ἄνθρωπος
614 535 971 589 ὑπεστέλλετο
993 536 1109 600 νῦν,
1141 538 1201 589 ού
1227 537 1444 606 φεύγων
1478 539 1567 591 τὸν
1593 536 1760 592 θάνα-

1901 540 2193 611 rangelista
2260 559 2272 593 :
2308 555 2431 594 nam
2466 539 2606 594 sicut
2637 540 2798 595 homo
2831 556 2977 596 nunc
3033 543 3307 609 formidat,
3338 560 3445 598 non

153 643 276 694 τον,
307 629 447 681 ἀλλὰ
468 628 780 698 φειδόμενος
796 630 902 681 τῶν
926 632 1151 699 φονέων,
1179 633 1271 683 καὶ
1297 631 1378 683 ὃτι
1402 630 1554 683 οῡπω
1576 634 1764 702 καιρὸς

1869 642 2102 685 mortem
2149 630 2388 701 fugiens,
2427 632 2519 684 sed
2576 632 2864 686 homicidia
2907 648 3162 702 parcens,
3216 644 3271 688 et
3326 636 3449 704 quia

156 714 232 789 ἦν
270 720 369 773 τοῦ
401 721 608 784 πάθους
651 720 836 775 αὐτοῦ.
881 722 1027 774 Ἔδει
1059 723 1166 791 γὰρ
1198 722 1358 774 αὐτὸν
1390 724 1519 775 ποτὲ
1551 724 1653 794 μὲν
1687 725 1766 786 ὡς

1895 738 2084 792 ernpus
2112 738 2224 777 suae
2254 725 2527 794 passionis
2556 725 2800 779 nondum
2826 726 3145 780 advenerat.
3173 726 3451 797 Siquidem

154 811 300 866 Θεὸν
334 814 516 882 μένειν
548 815 871 885 ἁχείρωτον,
912 813 1045 866 ποτὲ
1099 814 1153 866 δὲ
1192 814 1266 877 ὡς
1302 815 1590 885 ἄνθρωπον
1623 818 1759 868 61:0-

155 906 365 975 χωρεῖν
399 908 779 978 οἰκονομικῶς.

246 1087 452 1148 Ἠν-ρ
478 1095 885 1163 Σκηνοπηγία.
918 1094 1067 1165 Α’ύτη
1098 1094 1401 1164 ἑωρτάζετο
1427 1096 1506 1157 εἰς
1540 1098 1760 1166 μνήμην

160 1185 270 1254 τῆς
336 1188 572 1257 ἡμέρας,
633 1185 758 1239 καθ’
816 1186 883 1258 ἠν
935 1187 965 1239 6
1008 1186 1247 1256 Μωῠσῆς
1314 1186 1485 1258 ἔπηξε
1543 1189 1761 1259 πρῶτον

160 1278 271 1345 τὴν
341 1278 885 1332 κατασκευασθεῖσαν
957 1278 1063 1333 ὑπὸ
1124 1278 1219 1332 τοῦ
1282 1279 1548 1351 Βεσελεὴλ
1608 1280 1761 1336 θείαν

162 1371 403 1440 σκηνήν.

250 1458 447 1515 Εἶπον
473 1494 542 1505 --
573 1461 784 1516 αὐτοῦ.
820 1464 885 1516 Ol
915 1462 1013 1516 τοῦ
1056 1463 1257 1531 Ἰωσὴφ
1305 1464 1407 1517 υίοὶ
1428 1504 1443 1529 ,
1485 1463 1579 1517 τοῦ
1611 1463 1760 1518 θέσει

156 1554 376 1623 πατρὸς
407 1554 597 1608 αὐτοῦ.

239 1645 538 1711 Μετάϐηθι
600 1675 669 1687 --
726 1646 942 1712 ποιεῖς.
1005 1645 1441 1715 Προσποιοῦνται
1503 1648 1604 1718 μὲν
1670 1647 1759 1701 ἔπ’

1864 816 2152 885 oportebat
2176 832 2300 871 eum
2324 817 2598 871 interdum
2628 820 2850 887 quidem
2873 834 3096 873 manere
3115 819 3450 890 inexpugna-

1867 905 2054 972 bilcm,
2091 914 2279 976 utpote
2312 905 2506 972 Deum,
2545 908 2883 979 quandoque
2916 924 3042 964 vero
3072 920 3330 979 tanquam
3354 910 3451 963 ho-

1866 999 2075 1053 minem
2105 1000 2505 1070 dispensatorie
2535 1002 2749 1055 cedere.

1938 1089 2092 1145 Vera.
2116 1091 2171 1145 2.
2211 1091 2347 1146 Erat
2378 1125 2447 1135 —
2474 1090 2814 1163 Scenopegia.
2845 1093 2969 1150 Hanc
2999 1094 3451 1150 celebrabaturin

1863 1185 2188 1239 memoriam
2232 1185 2367 1249 diei,
2405 1201 2513 1253 quo
2548 1186 2786 1255 primum
2836 1185 3012 1241 Moses
3057 1188 3304 1241 divinum
3338 1187 3451 1241 fiin

1865 1278 2185 1344 tentorium,
2217 1281 2364 1347 quod
2389 1294 2419 1332 a
2452 1278 2693 1333 Beseleel
2726 1278 3053 1334 fabricatum
3080 1290 3183 1333 est.

1938 1458 2089 1515 Vers.
2142 1462 2197 1515 ὅ.
2250 1459 2515 1515 Dixerunt
2576 1490 2646 1501 —-
2705 1460 2841 1529 ejus.
2899 1459 3021 1515 Filii
3071 1460 3300 1532 Josepb,
3362 1465 3455 1533 qui

1864 1552 2157 1621 adaptione
2180 1562 2333 1621 pater
2358 1554 2475 1623 ejus
2501 1562 2638 1607 erat.

1939 1649 2095 1703 νει-ε.
2121 1650 2175 1703 5.
2214 1648 2402 1703 Transi
2424 1679 2491 1687 -
2519 1652 2669 1719 facis.
2719 1648 2961 1723 Fingunt
3002 1650 3224 1722 quidem
3255 1652 3458 1705 utiliter

162 1737 368 1808 ἀγαθῷ
399 1737 811 1807 συμϐουλεύειν,
838 1738 913 1801 ὠς
932 1742 1219 1806 συγγενεῖς
1251 1738 1414 1808 δῆθεν
1445 1738 1542 1793 καὶ⁵
1564 1740 1761 1794 οἰκειό-

1895 1743 2105 1795 uadere
2142 1750 2400 1810 tanquam
2429 1743 2652 1812 cognati
2686 1751 2742 1796 et
2772 1744 2934 1798 amici
2979 1742 3302 1806 familiares,
3339 1742 3461 1796 linis

162 1850 322 1885 τατοι
340 1850 353 1863 ⁶
391 1833 591 1895 σκοπὸς
622 1834 677 1885 δὲ
707 1834 890 1896 αὐτοῖς
918 1832 1180 1903 πονηρὸς,
1210 1834 1275 1885 εκ
1300 1833 1497 1903 φθόνου
1522 1834 1756 1903 τεχθείς.

1895 1848 1999 1887 ’8Γο
2038 1850 2229 1887 eorum
2282 1849 2487 1904 pravus
2536 1845 2673 1902 erat,
2711 1836 2779 1890 ab
2834 1835 3039 1890 invidia
3096 1836 3400 1905 procedens
3447 1853 3460 1888 :

162 1926 512 1996 Ιιειρώμενοι
548 1928 655 1997 γὰρ
686 1894 1019 1996 μεταγαγεῖν
1040 1894 1233 1978 τοῦτον
1265 1894 1342 1989 είς
1368 1926 1467 1994 τὴν
1488 1894 1757 1978 Ἰούδαίαν

1898 1923 2207 1979 onabantur
2257 1894 2526 1994 siquidem
2574 1894 2725 1980 illum
2765 1927 2820 1980 in
2878 1894 3122 1981 Juda-am
3184 1926 3461 1996 pellicere,

162 2016 259 2069 ἵνα
310 2018 571 2088 ἀναιρεθῇ
612 2018 763 2085 παρὰ
798 2016 906 2069 τῶν
938 2015 1249 2087 ζητούντων
1298 2018 1620 2069 ἀποκτεῖναι
1656 2016 1756 2068 αύ-

1895 2024 1928 2068 ιι
1959 2015 2027 2069 ab
2056 2015 2161 2068 illis
2190 2016 2557 2079 occideretur,
2590 2017 2682 2086 qui
2732 2032 2857 2071 eum
2905 2018 3226 2087 quaerebant
3253 2018 3461 2072 interfi-

159 2108 284 2172 τὸν,
318 2109 711 2179 προϐάλλονται
743 2108 802 2160 τὸ
827 2108 939 2161 δεῖν
970 2108 1067 2161 καὶ
1099 2109 1226 2171 τοὺς
1254 2108 1434 2159 ἐκεῖσε
1464 2106 1628 2169 ὄντας
1654 2123 1762 2176 μα.-

1900 2122 2013 2162 ere.
2044 2108 2278 2163 Causam
2322 2119 2507 2163 autem
2542 2110 2942 2179 pretexebant,
2986 2110 3133 2180 quod
3182 2120 3463 2180 oporteret

161 2200 341 2270 θητὰς
387 2201 576 2265 αὐτοῦ,
633 2203 752 2272 ἢτοι
792 2204 919 2263 τοὺς
973 2200 1183 2271 δχλους,
1229 2201 1356 2264 τοὺς
1416 2202 1474 2253 ὲν
1526 2188 1761 2270 Ἰοῦδαίᾳ

1895 2200 2167 2271 ιίεοίρυιοε
2204 2216 2423 2271 quoque
2453 2200 2596 2270 ejus,
2630 2202 2722 2271 qui
2754 2200 2827 2255 ibi
2874 2214 3055 2266 erant,
3085 2203 3199 2257 sive
3256 2203 3461 2267 turbas,

167 2291 600 2360 παρεπομένους
642 2289 817 2361 αὐτῷ,
852 2290 1079 2360 θεωρεῖν
1140 2290 1210 2343 τὰ
1259 2292 1465 2359 σημεῖα
1511 2288 1548 2343 ἃ
1596 2291 1757 2343 ποιεῖ.

1895 2311 1993 2364 luat
2052 2294 2203 2348 illum
2259 2295 2312 2347 in
2356 2292 2544 2348 Judata
2594 2294 2990 2365 sequebantur,
3031 2295 3233 2349 intueri
3288 2295 3464 2365 signa,

1869 2404 1990 2458 qua
2020 2388 2137 2458 ipse
2175 2388 2382 2442 ederet.

240 2476 451 2543 Οὐδείς
481 2506 552 2517 -
583 2472 758 2531 εἶναι.
793 2474 950 2531 Κατὰ
983 2476 1081 2547 μὲν
1110 2475 1171 2530 τὸ
1197 2477 1505 2548 προχείρως
1532 2477 1762 2548 νοούμε-

1942 2476 2097 2533 Vers.
2149 2478 2201 2532 4.
2258 2476 2429 2530 Nemo
2479 2507 2549 2515 —
2587 2492 2714 2531 esse.
2755 2474 2918 2531 Juxta
2970 2475 3272 2531 faciliorem
3306 2477 3466 2530 intel-

170 2588 265 2624 νον
288 2568 510 2623 δοκοῦσι
545 2567 910 2641 παρακνίζειν
941 2570 1105 2623 αὐτὸν
1132 2568 1221 2622 ἴνα
1254 2570 1468 2640 μεταϐῇ
1492 2585 1503 2597 ·
1534 2570 1678 2623 κατὰ
1707 2570 1764 2622 δὲ

1895 2579 2070 2623 actum
2101 2577 2157 2622 et
2186 2568 2278 2638 qui
2302 2568 2355 2622 in
2398 2580 2654 2639 promptu
2689 2576 2796 2632 est,
2826 2568 3086 2623 videntur
3130 2569 3282 2640 illum
3330 2572 3466 2623 inci-

173 2661 238 2714 τὸ
291 2658 588 2731 βαθύτερον
638 2658 1119 2723 ἀποσκώπτουσιν,
1148 2658 1224 2722 ὡς
1273 2658 1446 2713 δειλὸν
1503 2659 1623 2730 ἅμα
1670 2660 1767 2713 καὶ

1895 2677 1987 2716 are
2019 2670 2079 2715 ut
2132 2660 2578 2729 transeat;juxta
2623 2658 3039 2730 profundiorem
3096 2673 3247 2722 vero,
3289 2675 3465 2715 sconn

171 2752 474 2823 φιλόδοξον.
514 2752 586 2804 Τὸ
617 2752 717 2822 μὲν
748 2753 857 2823 γὰρ
886 2756 945 2805 ὲν
979 2752 1213 2822 κρυπτῷ
1264 2770 1319 2806 τι
1350 2754 1524 2806 ποιεῖν
1556 2752 1765 2817 δειλοῦ,

172 2848 236 2900 τὸ
270 2848 325 2899 δὲ
358 2848 540 2916 ζητεῖν
567 2848 624 2898 ὲν
649 2846 933 2917 παρρησίᾳ
973 2840 1137 2910 εἶναι,
1179 2844 1299 2915 ἦτοι
1332 2845 1592 2915 φανερὸν,
1634 2844 1764 2897 ἀπό-

178 2940 439 3005 ϐλεπτον,
471 2939 768 3008 φιλοδόξου.

251 3128 320 3179 Et
353 3155 422 3165 —
456 3126 680 3192 κόσμῳ.
718 3126 780 3177 El
807 3122 982 3177 ταῦτα
1016 3123 1083 3176 τὰ
1118 3126 1322 3193 σημεῖα
1349 3123 1547 3185 ποιεῖς,
1580 3122 1675 3173 καὶ
1703 3121 1765 3173 οὐ

1874 2764 2020 2808 mata
2054 2753 2108 2807 in
2141 2768 2267 2807 eum
2293 2753 2601 2820 iaciebant,
2636 2761 2893 2820 tanquam
2933 2752 2986 2805 in
3023 2752 3279 2807 timidum
3307 2756 3467 2810 simul

1874 2856 1932 2903 ει
1980 2847 2165 2918 gloria:
2213 2846 2497 2916 cupidum.
2552 2845 2835 2914 Siquidem
2875 2845 2932 2899 in
2971 2845 3189 2901 occulto
3246 2846 3467 2916 quidem

1871 2938 2156 3009 quidpiam
2191 2937 2391 3003 facere,
2419 2937 2595 2991 timidi
2628 2945 2712 2992 est
2751 2955 2762 2990 :
2807 2952 3051 3006 quaerere
3080 2946 3262 2992 autem
3289 2938 3464 3007 palam

1872 3029 2160 3094 esse,;sive
2184 3028 2533 3083 manifestum
2548 3038 2597 3083 et
2619 3027 2934 3099 gloriosum,
2952 3028 3138 3097 gloria:
3156 3028 3341 3098 cupidi
3364 3039 3469 3082 est.

1946 3121 2101 3177 Vers.
2155 3120 2210 3175 Α.
2253 3118 2335 3174 Si’
2366 3150 2435 3159 -—
2475 3120 2692 3173 mundo.
2751 3116 2805 3173 Si
2853 3119 2971 3174 haec
3017 3119 3171 3190 signa
3230 3134 3358 3173 vere
3417 3128 3469 3172 et

186 3215 526 3286 φαιιτάζεις,
581 3218 902 3286 φανέρωσον
962 3214 1192 3269 σεαυτὸν
1250 3218 1416 3268 πᾶσιν
1468 3213 1769 3275 Ἰουδαίοις.

1895 3229 1986 3268 ton
2035 3221 2364 3284 apparenter
2390 3211 2548 3277 facis,
2592 3210 2887 3267 manifesta
2919 3211 3155 3281 teipsum
3204 3212 3468 3266 omnibus

190 3310 548 3363 ’Υπὼπτευον
577 3310 685 3379 γὰρ
717 3310 813 3361 καὶ
844 3308 957 3378 (8|)
984 3308 1051 3361 τὰ
1084 3309 1288 3377 σημεῖα
1319 3306 1395 3369 ὡς
1432 3304 1766 3374 φαντασίαν.

1870 3306 2096 3362 ludatis.
2133 3304 2565 3376 Suspicabantur
2600 3318 2837 3374 namque
2869 3304 3024 3375 signa
3084 3304 3202 3359 hac
3244 3304 3472 3375 phanta-

1873 3400 2015 3455 stice
2045 3400 2187 3454 fieri.

250 3498 420 3568 Δῆλον
452 3492 546 3551 οὖν
588 3495 840 3550 ἐντεῦθεν
884 3498 966 3550 δτι
1009 3496 1213 3565 σημεῖα
1256 3492 1481 3563 ἐποίησε
1516 3492 1697 3560 κάκεῖ,
1736 3491 1770 3546 ἃ

1951 3493 2094 3548 Hinc
2129 3507 2259 3565 ergo
2294 3490 2647 3548 manifestum
2677 3500 2779 3555 est,
2813 3489 2959 3560 quod
2994 3489 3160 3544 etiam
3195 3489 3268 3545 ibi
3304 3490 3472 3545 mira-

180 3592 363 3645 πάντα
418 3589 774 3659 παρέδραμεν
828 3588 856 3640 6
926 3589 1203 3655 Ἰωάννης.
1264 3586 1455 3656 ὥσπερ
1500 3587 1593 3640 καὶ
1638 3585 1770 3640 ἄλλα

1895 3586 1999 3640 νυιε
2048 3585 2300 3649 ediderit,
2357 3584 2493 3655 quae}
2547 3582 2731 3638 omnia
2780 3582 3161 3652 μεθίει-ωιτη
3205 3580 3469 3652 Joannes,

179 3680 353 3733 πολλὰ
380 3721 393 3743 ,
432 3680 680 3732 σπεύδων
716 3678 919 3748 μᾶλλον
958 3678 1051 3730 ἐπὶ
1086 3678 1156 3729 τὰ
1196 3678 1433 3748 φέροντα
1468 3675 1628 3746 ξένην
1656 3676 1770 3729 τινὰ

1895 3677 2339 3748 ιιιεωεύωοάυιη
2374 3677 2477 3730 alia
2539 3677 2732 3739 multa,
2770 3673 3035 3731 festinans
3066 3676 3236 3747 magis
3274 3677 3370 3732 'ad
3403 3692 3468 3731 ea

178 3774 458 3842 διήγησιν,
491 3774 585 3825 καὶ
627 3765 702 3826 ὧν
734 3772 783 3823 οῖ
826 3770 977 3824 ἄλλοι
1004 3770 1105 3823 οὐκ
1149 3768 1598 3840 ἐπεμνήσθησαν.
1641 3764 1770 3822 Εἶτα

1895 3785 2007 3839 quae
2059 3785 2263 3825 novam
2304 3769 2542 3840 aliquam
2591 3770 2895 3823 aﬂ‘erebant
2963 3769 3362 3832 narrationem,
3424 3780 3477 3823 et

180 3866 333 3935 λέγει
367 3866 463 3920 καὶ
492 3866 552 3918 τὸ
582 3865 758 3918 αῖτιον
783 3864 883 3933 τῆς
906 3863 1165 3933 τοιαύτης
1198 3862 1458 3933 ὑποψίας.

1895 3879 2117 3934 quorum
2168 3864 2260 3917 alii
2306 3863 2515 3917 nullam
2564 3862 2814 3916 fecerant
2860 3863 3217 3917 mentionem.
3268 3860 3477 3917 Deinde

1884 3971 2105 4011 causam
2135 3958 2302 4010 etiam
2326 3954 2461 4009 dicit
2492 3955 2614 4008 talis
2647 3955 3001 4023 suspicionis.

1960 4048 2115 4104 Vers.
2152 4048 2203 4102 5.
2232 4046 2414 4117 Neque
2440 4077 2513 4086 —
2542 4064 2684 4100 eum.
2726 4046 2914 4116 Neque
2942 4048 3050 4116 ipsi
3095 4047 3394 4101 credebant
3422 4046 3479 4102 in

1889 4157 2038 4206 eum,
2071 4151 2329 4211 tanquam
2363 4141 2419 4193 in
2452 4140 2645 4193 Deum.
2681 4143 2935 4193 Attamen
2968 4139 3022 4192 lii
3054 4140 3144 4208 qui
3183 4150 3313 4194 tunc
3342 4140 3481 4194 tales

186 4238 417 4305 γόνασιν
444 4236 571 4288 ὓστε
582 4252 694 4303 ρον,
719 4235 1004 4289 καὶπολλὰ
1029 4236 1182 4305 παρὰ
1207 4234 1420 4288 πολλῶν
1445 4234 1588 4304 ὑπὲρ
1619 4233 1770 4287 αὐτοί

1895 4243 2070 4297 erant,
2118 4233 2297 4303 magni
2331 4232 2683 4302 postmodum
2726 4229 2905 4283 effecti
2940 4239 3088 4294 sunt,
3138 4230 3419 4297 multaque
3448 4244 3479 4283 a

184 4332 545 4395 πεπόνθασιν,
583 4329 835 4393 Ἰάκωϐος
861 4329 955 4382 καὶ⁷
998 4327 1220 4390 Ἰούδας.
1253 4328 1318 4379 Τί
1349 4322 1442 4381 οὖν
1470 4330 1498 4381 6
1525 4329 1624 4391 τὰς
1650 4346 1760 4397 καρ

1895 4324 2079 4379 multis
2100 4340 2197 4391 pro
2217 4324 2309 4375 illo
2327 4322 2471 4392 passi
2495 4327 2648 4386 sunt,
2673 4318 2911 4374 Jacobus
2937 4320 3190 4374 videlicet
3213 4329 3267 4373 ct
3288 4317 3478 4372 Judas.

182 4424 303 4487 δίας
332 4424 512 4477 αὐτῶν
543 4421 732 4487 είδώς;
762 4422 879 4474 (ιύκ
905 4420 1133 4492 ἧλεγξεν
1169 4421 1368 4482 αὐτοὺς
1393 4421 1667 4491 πονηροὺς
1695 4421 1770 4473 κα¹

1895 4414 2039 4480 Quid
2065 4427 2197 4481 ergo
2236 4412 2305 4474 is,
2338 4410 2431 4481 qui
2463 4426 2654 4465 eorum
2693 4409 2859 4464 corda
2910 4412 3175 4462 noverat?
3222 4410 3343 4462 Non
3395 4424 3481 4463 re-

185 4516 537 4578 ὲπιόούλους,
574 4514 711 4569 ἀλλὰ
737 4515 1110 4584 μακροθύμως
1134 4512 1497 4583 ἀποκρίνεται
1527 4500 1663 4582 πρδς
1695 4512 1770 4565 rbi

1897 4505 2193 4575 prehendit
2219 4502 2361 4567 illos,
2403 4511 2657 4570 tanquam
2699 4499 2871 4553 malos
2891 4508 2945 4553 et
2976 4499 3349 4562 insidiatores,
3383 4500 3481 4553 sed

186 4610 392 4664 σκοπὸν
428 4608 627 4663 αὐτῶν.

1895 4598 2168 4665 patienter
2199 4593 2495 4664 respondet
2530 4592 2595 4646 ad
2637 4592 2995 4645 intentionem
3034 4591 3298 4660 ipsorum.

258 4700 433 4770 Λέγει
489 4729 558 4740 -
603 4696 915 4766 πάρεστιν.
981 4697 1039 4749 Ὀ
1086 4696 1275 4765 καιρδς
1320 4698 1348 4748 6
1396 4696 1550 4766 ἐμὸς,
1595 4698 1623 4749 6
1678 4696 1770 4750 τοῦ

1944 4692 2101 4746 Vers.
2128 4689 2181 4743 6.
2208 4688 2293 4741 Ait
2316 4716 2381 4727 —
2411 4692 2580 4739 adest.
2636 4685 2896 4753 Tempus,
2951 4699 3060 4753 quo
3113 4685 3389 4752 convenit,
3424 4693 3483 4739 ut

186 4794 441 4848 ἀπελθεῖν
488 4810 555 4862 με
593 4793 671 4853 εἰς
712 4792 810 4860 τὴν
857 4789 1116 4843 Ἰουδαίαν
1141 4788 1665 4859 ἁναιρεθησόμενον,
1698 4788 1770 4853 ὼς

1895 4801 1975 4856 ego
1998 4784 2052 4837 in
2078 4782 2317 4837 Iudaeam
2349 4781 2541 4834 vadam
2565 4778 2919 4841 occidendus,
2956 4776 3019 4831 ad
3044 4777 3303 4847 quodyos
3334 4779 3485 4832 labo-

189 4884 554 4947 σπουδάζετε,
588 4882 745 4937 οὔπω
779 4884 1011 4953 πάρεστι
1034 4902 1050 4915 ·
1091 4882 1142 4935 τί
1176 4898 1242 4950 με
1278 4882 1640 4949 κατεπείγετε
1671 4881 1770 4952 πρδ

1895 4881 2038 4944 -atis,
2090 4877 2335 4932 nondum
2360 4873 2549 4928 adest:
2595 4872 2724 4942 quid
2762 4887 2848 4926 me
2881 4876 3085 4943 urgetis
3135 4882 3259 4925 ante
3293 4873 3486 4943 hujus-

188 4976 281 5028 τοῦ
308 4974 547 5026 τοιούτου
574 4974 769 5044 καιροῦ
796 4992 811 5042 ;

1895 4973 2028 5028 nodi
2056 4969 2317 5039 tempus?

274 5068 339 5119 Ὀ
373 5065 443 5118 δὲ
482 5066 688 5134 καιρὸς
732 5096 805 5106 -
834 5065 1092 5133 ἕτοιμος.
1141 5068 1199 5119 ὐ
1231 5064 1418 5135 καιρὸς
1448 5065 1475 5117 6
1514 5064 1770 5134 ὑμέτερος

1965 5066 2117 5120 Vers.
2151 5064 2203 5117 6.
2235 5062 2455 5132 Tempus
2478 5068 2654 5113 autem
2675 5088 2746 5100 —
2769 5066 3043 5128 paratum.
3091 5055 3332 5127 Tempus
3358 5070 3468 5126 quo

193 5162 220 5212 6
254 5160 347 5213 τοῦ
379 5160 632 5214 ἀπελθεῖν
659 5162 803 5231 ὑμᾶς
831 5162 911 5222 είς
939 5162 1038 5230 τὴν
1074 5160 1339 5212 Ἰουδαίαν
1366 5158 1597 5211 πάντοτέ
1634 5158 1770 5209 sorti

1895 5174 1991 5214 vos
2027 5159 2079 5211 in
2126 5156 2366 5210 .ludzcarn
2434 5154 2662 5218 abeatis,
2735 5167 2952 5221 semper
3004 5151 3056 5203 in
3098 5160 3350 5220 promptu
3381 5160 3484 5214 est,

267 4054 422 4108 Οὐδὲ
450 4082 521 4093 -—-
550 4055 760 4107 αὐτόν.
797 4051 921 4106 Οὐδ’
963 4050 1121 4105 αὐτοὶ
1150 4050 1439 4104 ἐπίστευον
1478 4052 1557 4113 είς
1588 4049 1777 4115 αὐτὸν,

181 4146 261 4200 ὡς
292 4148 371 4208 είς
407 4144 565 4196 Θεόν.
600 4142 746 4196 Ἀλλ’
774 4143 923 4212 ὅμως
953 4145 1000 4195 οἱ
1032 4141 1127 4195 νῦν
1162 4141 1395 4195 τοιοῦτοι
1440 4141 1667 4211 μεγάλοι
1700 4158 1787 4208 γε-

194 5253 449 5324 εὑχερής.
498 5253 652 5323 Ἐμοὶ
692 5252 792 5323 μὲν
838 5253 945 5323 γὰρ
1006 5253 1287 5323 ἐμποδίζει
1338 5250 1399 5303 τὸ
1429 5253 1595 5319 μήπω
1630 5266 1775 5319 παρ-

195 5349 337 5400 εῖναι
386 5346 553 5400 αὐτόν
600 5363 615 5379 ο

196 5441 307 5503 τοῖς
352 5438 628 5492 Ἰουδαίοις

1895 5252 2028 5309 mihi
2058 5250 2446 5319 impedimento
2475 5257 2552 5300 est
2581 5256 2818 5313 tempus,
2844 5243 2989 5313 quod
3025 5243 3261 5296 nondum
3289 5241 3443 5294 adest
3471 5259 3484 5293 :

694 5346 825 5417 ὑμῖν
873 5345 930 5399 δὲ
983 5345 1165 5411 οὐδὲν,
1225 5342 1632 5415 συμφρονοῦσιν
1685 5343 1770 5413 ηδτ

1900 5343 2054 5397 vobis
2097 5351 2278 5394 autem
2311 5339 2448 5392 nihil
2478 5347 2563 5391 est
2614 5334 3026 5406 impedimento,
3070 5349 3191 5387 cum
3236 5334 3345 5402 jam
3381 5346 3486 5385 una

1896 5452 1941 5488 cr
1967 5452 2017 5487 ιιι
2054 5433 2256 5488 Judaeis
2290 5430 2560 5484 sentiatis.

1415 5613 1615 5673 Varia)
1656 5611 1966 5673 lectiones
2008 5619 2064 5669 cl
2098 5620 2288 5671 noun.

202 5792 450 5861 pudiaxit
479 5790 944 5861 Tlieopliylactus.
977 5784 1500 5861 Flumeirorationis
1539 5784 1627 5838 hic
1648 5784 1797 5861 alit-if

206 5855 326 5932 imit
355 5855 837 5932 illirysostmifum,
883 5862 1175 5929 deceptum
1207 5856 1589 5932 ior_t_asse__loco
1628 5855 1793 5932 simili

211 5926 379 5991 Marc.
417 5926 487 5995 η,
524 5935 576 5986 :‘i.
604 5926 828 5997 Largior
891 5926 1040 5986 certé
1082 5938 1200 5984 crat
1265 5926 1479 5981 dicendi
1542 5927 1793 5989 materia,

1910 5778 2251 5849 explicandis
2275 5776 2431 5849 illisL
2458 5776 2557 5830 οὐκ
2582 5770 2731 5846 εἶχεν
2747 5772 3019 5839 ἐξουσίαν.

1983 5847 2094 5921 (81)
2125 5852 2229 5901 Καὶ
2262 5854 2368 5917 γάρ
2401 5847 2459 5899 Β.
