4010 6478
554 425 690 490 1267

566 646 666 686 nco
699 631 1000 688 honorem:
1039 649 1161 688 nam
1189 633 1390 704 ubique
1430 633 1649 687 Patrem
1680 647 1742 686 ac
1782 630 1949 685 Deum
1985 647 2130 701 prie-

545 723 808 789 ronehat,
842 735 893 779 et
923 725 987 779 ad
1015 725 1161 778 illum
1187 726 1367 779 omnia
1393 724 1684 790 referebat,
1730 723 1892 778 etiam
1920 725 2134 794 propria

545 831 706 882 opera
734 833 748 870 :
781 817 867 884 qni
898 830 1026 884 ergo
1051 817 1275 888 gloriam
1315 834 1468 873 suam
1496 834 1604 874 non
1633 817 1932 888 quaerebat,
1970 833 2134 888 quam

544 907 615 958 ub
643 922 860 960 causam
895 908 1070 962 aliena
1107 910 1369 965 docturus
1399 909 1558 964 erat?
1597 909 1688 978 qui
1726 917 1914 963 autem
1957 910 2136 965 aliena

548 1011 654 1049 non
701 998 881 1059 docet,
912 1001 1006 1055 sed
1055 1017 1176 1071 qua:
1218 1001 1368 1055 illius
1409 1009 1558 1065 sunt,
1596 1000 1690 1070 qui
1741 1000 1890 1056 misit
1926 1001 2130 1071 ipsum,

553 1090 780 1142 omnino
811 1107 973 1146 verax
994 1101 1102 1148 'est.

595 1183 660 1236 Et
680 1182 800 1236 vide
817 1187 1093 1253 quomodo
1113 1201 1301 1240 oni-tes
1332 1186 1398 1240 ad
1433 1185 1746 1263 fidem,qu_a:
1777 1186 1833 1240 in
1859 1201 1918 1241 se
1945 1195 2136 1247 est,at-

545 1275 810 1340 trahebat,
831 1293 893 1332 ac
915 1277 1128 1332 dicebat
1153 1294 1166 1329 :
1198 1276 1302 1343 Qui
1327 1295 1428 1332 non
1454 1279 1677 1332 honorat
1693 1277 1892 1334 Filium
1913 1297 2014 1333 non
2039 1280 2136 1334 ho-

544 1375 695 1417 norat
725 1365 1072 1434 Palrem,qni
1112 1369 1252 1422 misit
1305 1369 1456 1423 illum
1481 1370 1559 1434 ";
1599 1369 1868 1439 siquidem
1919 1385 1984 1425 ex
2028 1371 2132 1424 hoc

545 1459 828 1528 propriam
872 1461 1096 1530 gloriam
1131 1477 1378 1531 qumrere
1420 1463 1726 1518 videbatur.
1762 1461 1879 1515 Non
1925 1469 2130 1526 tamen,

543 1551 702 1618 quasi
734 1550 967 1620 proprize
991 1558 1201 1606 amator
1225 1551 1434 1621 gloriae,
1465 1552 1581 1606 haec
1608 1550 1826 1606 dicebat
1849 1560 1942 1606 aut
1973 1550 2138 1606 facie-

541 1639 658 1702 bat,
720 1641 815 1695 sed
867 1642 1023 1711 quasi
1087 1641 1368 1695 hominum
1405 1642 1635 1712 cupiens
1682 1642 1944 1696 salutem:
2005 1657 2135 1696 nam

544 1731 682 1786 hanc
718 1747 812 1802 per
847 1733 1031 1794 iidem,
1059 1748 1180 1802 qua:
1206 1733 1263 1787 in
1299 1734 1474 1803 ipsum
1502 1743 1948 1802 erat,procurare
1977 1749 2140 1802 opor-

540 1825 708 1879 tebat.
746 1825 1160 1894 Patermamque
1188 1824 1325 1879 dixit
1363 1843 1376 1879 :
1409 1825 1509 1878 llic
1528 1833 1602 1880 est
1634 1823 1807 1879 Filius
1837 1842 1981 1880 meus
2004 1826 2137 1879 dile-

541 1926 676 1976 ctus,
711 1918 764 1969 in
794 1932 896 1987 quo
929 1917 1056 1970 mihi
1106 1915 1476 1986 complacitum
1512 1926 1612 1980 est,
1667 1917 1838 1985 ipsum
1884 1917 2134 1984 audite”,

543 2006 754 2076 aliaque
780 2007 947 2061 multa
977 2007 1290 2078 huiusmodi
1325 2021 1425 2078 per
1460 2007 1776 2077 prophetas.

626 2092 767 2150 l’ers.
802 2093 887 2148 l8.
918 2094 1088 2149 Est—
1117 2104 1211 2150 est.
1246 2096 1437 2166 Neque
1454 2098 1600 2150 enim
1633 2096 1871 2164 injustus
1900 2106 2007 2162 est,
2044 2093 2136 2165 qui

543 2183 660 2251 ejus
695 2187 888 2252 quaerit
933 2185 1185 2255 gloriam,
1237 2185 1330 2254 qui
1381 2186 1532 2240 misit
1561 2186 1734 2240 illum.
1772 2187 2007 2254 Quidam
2037 2204 2136 2242 au-

541 2289 650 2328 tem
680 2276 1004 2345 injustitiam
1054 2278 1157 2332 hoc
1201 2278 1256 2331 in
1299 2279 1418 2334 loco
1452 2279 1804 2334 mendacium
1852 2281 2137 2336 intellexe-

544 2375 690 2421 runt.
754 2365 1008 2429 Plurimae
1061 2368 1246 2438 itaque
1292 2378 1453 2423 erant
1505 2385 1705 2434 causae,
1740 2386 1838 2425 cur
1907 2373 2134 2427 humilia

543 2459 798 2514 Christus
828 2460 1164 2529 loqueretur:
1207 2471 1318 2515 tum
1354 2477 1421 2515 ne
1453 2460 1728 2532 ingenitus
1761 2477 1882 2516 esse
1916 2472 2136 2532 putare-

547 2561 652 2616 tur,
694 2562 788 2607 aut
823 2553 932 2608 Deo
961 2554 1267 2609 contrarius
1298 2554 1658 2620 crederetur;
1695 2555 1761 2610 ad
1794 2555 1931 2619 haec,
1998 2571 2128 2627 pro-

543 2651 668 2713 pter
701 2645 1012 2700 auditorum
1036 2646 1498 2713 imbecillitatem;
1533 2657 1816 2716 praeterea,
1854 2657 1913 2702 ut
1952 2649 2134 2704 homi-

544 2746 641 2786 nes
669 2733 887 2789 doceret
920 2736 1193 2792 modestos
1214 2752 1357 2803 esse,
1405 2746 1460 2791 et
1485 2738 1623 2792 nihil
1649 2737 1716 2794 de
1750 2754 1808 2795 se
1831 2739 1964 2809 ipsis
1983 2755 2132 2812 mag-

544 2823 767 2878 niﬁcum
799 2826 1016 2894 dicere;
1055 2828 1300 2893 demum,
1341 2838 1400 2884 ut
1433 2838 1691 2900 tanquam
1741 2831 1906 2886 homo
1938 2832 2131 2902 loque-

545 2924 716 2985 retur,
749 2933 813 2972 ac
843 2927 1065 2990 propter
1097 2921 1199 2975 alia
1223 2921 1564 2994 huiusmodi.
1596 2921 1766 2978 Unica
1788 2932 1972 2979 autem
1995 2940 2130 2979 eau-

543 3021 602 3060 sa
633 3016 751 3062 erat
782 3022 880 3063 cur
910 3010 1162 3066 sublimia
1200 3012 1540 3083 loqueretur,
1572 3013 1843 3070 celsitudo
1872 3014 2133 3071 videlicet

545 3097 869 3159 divinitatis.

615 3191 755 3255 Quia
802 3208 934 3248 vero
972 3193 1029 3249 hi
1067 3193 1245 3250 Judaei
1284 3195 1395 3252 duo
1447 3197 1678 3252 crimina
1724 3198 1826 3269 ipsi
1860 3201 2129 3273 impinge-
2155 3214 2201 3278 ο

1784 424 2167 487 EUTHYMII
2207 425 2567 490 ZIGABENI

619 540 774 595 Vers.
817 540 904 596 18.
937 539 1038 608 Qui
1084 572 1152 583 —
1181 550 1277 597 est.
1328 539 1567 598 Gloriam
1622 539 1874 611 intelligit
1926 539 2030 596 hoc
2076 541 2130 594 in
2163 543 2207 600 Α

3678 437 3813 500 1Ξ68

2324 544 2386 596 '0
2443 576 2512 586 —
2558 546 2746 601 ἐστιν.
2799 547 2972 615 Δόξαν
3025 550 3261 607 ἐκιταῦοα
3314 553 3408 624 τὴν
3443 553 3613 624 τιμήν
3659 573 3812 625 φησι.

2242 638 2526 708 Πανταχοῦ
2563 639 2672 710 γὰρ
2702 640 2792 693 τὸν
2834 642 3054 714 Πατέρα
3087 646 3182 698 καὶ
3213 646 3345 700 Θεὸν
3382 648 3680 717 προετίθει,
3721 657 3815 700 και

2239 729 2387 797 αὐτῷ
2420 729 2598 783 πάντα
2633 730 2897 799 ἀνετίθει,
2931 736 3028 787 καὶ
3076 737 3144 788 τὰ
3180 736 3376 792 ἑαυτοῦ
3397 738 3815 809 κατορθώματα.

2237 822 2327 890 Μὴ
2363 821 2544 890 ζητῶν
2610 820 2703 877 οὖν
2739 823 2901 890 δόξαν
2953 825 3111 890 ίδίαν,
3156 829 3300 892 τίνος
3354 831 3539 884 ἕνεκεν
3592 831 3815 900 ἔμελλεν

2239 913 2400 982 ἕτερα
2426 914 2744 983 διδάσκειν;
2789 918 2882 988 Μὴ
2923 917 3193 971 διδάσκων
3231 921 3287 972 δὲ
3335 921 3519 992 ἕτερα,
3565 922 3702 976 ἀλλά
3750 921 3814 974 τὰ

2238 1005 2334 1058 τοῦ
2371 1005 2691 1076 πέμψαντος
2721 1007 2907 1073 αὑτὸν,
2941 1009 3149 1081 ἀληθής
3179 1000 3296 1064 ἐστι
3328 1013 3562 1076 πάντως.

2310 1179 2417 1231 Καὶ
2453 1179 2572 1242 πῶς
2604 1178 2715 1250 (95)
2745 1179 2954 1240 πάντας
2983 1171 3134 1232 εἷλκε
3193 1178 3329 1249 πρὸς
3369 1179 3467 1250 τὴν
3508 1179 3588 1243 είς
3627 1179 3819 1232 ἑαυτὸν

2237 1271 2447 1335 πίστιν,
2482 1272 2574 1326 καὶ
2608 1272 2816 1340 ἔλεγεν,
2860 1270 2921 1326 '0
2935 1271 3022 1341 μὴ
3078 1269 3261 1340 τιμῶν
3289 1270 3394 1324 τὸν
3428 1271 3564 1324 Υίὸν
3590 1272 3661 1324 οὐ
3689 1269 3820 1338 τιμᾷ

2237 1362 2345 1416 τὸν
2374 1361 2607 1430 Πατέρα
2662 1363 2769 1416 τὸν
2803 1361 3126 1444 adma-arta
3161 1361 3385 1426 αὐτόν;
3420 1360 3570 1413 δοκεῖ
3598 1359 3708 1429 γὰρ
3729 1361 3816 1412 ὲν-

2238 1452 2427 1508 τεῦθεν
2449 1453 2609 1518 δόξαν
2648 1452 2784 1507 ίδίαν
2813 1451 3031 1522 ζητεῖν.
3065 1452 3208 1505 Ἀλλ’
3235 1453 3332 1521 οὐχ
3364 1451 3440 1513 ὡς
3470 1450 3629 1520 δόξης
3663 1451 3802 1512 ίδίας

2238 1547 2380 1615 ὲρῶν
2413 1544 2587 1600 ταῦτα
2613 1544 2785 1598 ἐποίει
2814 1545 2907 1599 καὶ
2941 1544 3128 1613 ἔλεγεν
3161 1583 3176 1609 ,
3230 1542 3344 1597 ἀλλ’
3378 1543 3455 1605 ὼς
3506 1541 3676 1594 Θέλων
3720 1541 3821 1610 τήν

2240 1636 2519 1706 σωτηρίαν
2569 1635 2680 1689 τῶν
2725 1634 3032 1707 ἀνθρώπων
3065 1651 3080 1666 ο
3130 1633 3268 1705 αὕτη
3303 1633 3413 1705 γὰρ
3456 1632 3545 1686 διὰ
3593 1635 3692 1701 τῆς
3741 1633 3820 1693 είς,

2239 1730 2405 1783 αὐτὸν
2451 1730 2714 1794 πίστεως,
2763 1731 2858 1783 καὶ
2899 1731 3000 1800 οὐχ
3040 1729 3268 1799 ἑτέρως,
3307 1720 3503 1797 ἔμελλε
3550 1724 3821 1793 γίνεσθαι.

2241 1821 2449 1892 Εῐρηκε
2507 1822 2615 1892 γὰρ
2655 1822 2684 1874 ὁ
2721 1823 2915 1893 Πατήρ
2943 1837 2958 1853 °
2998 1815 3189 1887 Οὗτός
3217 1821 3391 1874 ἐστιν
3419 1823 3450 1874 ό
3479 1819 3608 1887 Υἱός
3631 1835 3750 1887 μου
3791 1821 3824 1871 ὁ

2241 1915 2569 1985 ἀγαπητὸς,
2594 1915 2664 1967 ἐν
2695 1908 2744 1983 ᾧ
2775 1914 2892 1986 (94)
2945 1913 3252 1979 εὐδόκησα
3271 1929 3285 1943 ·
3315 1911 3505 1966 αὐτοῦ
3549 1912 3821 1976 ἀκούετε,

2242 2007 2338 2058 καὶ
2373 2005 2511 2060 ἄλλα
2543 2005 2718 2058 πολλὰ
2743 2003 2972 2059 τοιαῦτα
3005 2005 3094 2058 διὰ
3119 2003 3228 2057 τῶν
3263 2001 3579 2072 προφητῶν.

2312 2098 2422 2152 Καὶ
2457 2123 2522 2136 -
2545 2099 2737 2152 ἐστιν.
2775 2099 2890 2152 Οὐκ
2913 2097 3100 2160 ἄδικος
3134 2096 3245 2167 γὰρ
3277 2098 3304 2149 ό
3335 2094 3512 2164 ζητῶν
3541 2094 3640 2163 τὴν
3666 2092 3821 2157 δόξαν

2238 2190 2334 2243 τοῦ
2370 2190 2686 2261 πέμψαντος
2717 2189 2900 2244 αὐτόν.
2930 2190 3088 2254 Τινὲς
3116 2189 3174 2243 δὲ
3204 2187 3416 2242 ἀδικίαν
3437 2186 3529 2240 ἐπὶ
3548 2185 3642 2239 τοῦ
3671 2203 3819 2257 παρ-

2238 2285 2390 2346 όντος
2447 2285 2505 2337 τὸ
2549 2283 2747 2354 ψεῦδος
2804 2283 3062 2354 ἐνόησαν.
3124 2281 3232 2336 Τοῦ
3303 2281 3400 2351 μὲν
3448 2275 3540 2334 οὖν
3586 2279 3820 2333 ταπεινὰ

2239 2374 2583 2444 φθέγγεσθαι
2605 2376 2698 2428 τὸν
2724 2375 2966 2446 Χριστὸν
2994 2373 3169 2428 πολλά
3199 2373 3268 2427 τὰ
3306 2373 3480 2436 αἴτια,
3518 2370 3575 2424 τὸ
3621 2369 3698 2439 μὴ
3731 2385 3819 2422 vo-

2240 2463 2499 2534 μισθῆναι
2527 2464 2845 2534 ἁγέννηφν,
2876 2464 2937 2517 τὸ
2967 2463 3042 2536 μὴ
3067 2464 3216 2529 δόξαι
3273 2461 3541 2526 ἀντίθεον,
3573 2461 3630 2515 τὸ
3655 2459 3820 2514 ἀσθε-

2237 2554 2327 2618 νὲς
2351 2555 2462 2608 τῶν
2505 2556 2839 2622 ἀκουόντων,
2890 2557 2951 2610 τὺ
2989 2557 3270 2610 διδάσκειν
3313 2557 3441 2618 τοὺς
3496 2552 3821 2624 ἀνθρώπους

2241 2650 2659 2717 μετριοφρονεῐν
2684 2649 2778 2700 καὶ
2814 2648 2982 2719 μηδὲν
3016 2649 3162 2719 μέγα
3197 2649 3381 2712 λέγειν
3407 2647 3536 2716 περὶ
3579 2645 3815 2709 ἑαυτῶν,

2235 2739 2297 2792 τὸ
2347 2739 2422 2802 ὡς
2485 2738 2775 2810 ἄνθρωπον
2828 2740 3032 2810 λέγειν,
3085 2743 3178 2795 καὶ
3250 2741 3386 2794 ἄλλα
3427 2738 3694 2792 ’τοιαῦτα⁶
3724 2736 3820 2790 τοῦ

2234 2831 2290 2885 δὲ
2317 2831 2502 2903 ὑψηλά
2535 2831 2645 2905 (95)
2692 2833 3029 2902 φθέγγεσθαι
3083 2834 3181 2905 μία
3235 2834 3404 2901 αίτία,
3438 2833 3499 2886 τὸ
3555 2831 3688 2902 ὕψος
3719 2830 3820 2900 τῆς

2236 2921 2519 2992 Θεότητος.

2317 3189 2470 3245 Ἐπεὶ
2494 3190 2550 3244 δὲ
2577 3192 2627 3244 οἱ
2665 3189 2916 3244 Ἰουδαῖοι
2962 3182 3111 3244 οὗτοι
3169 3186 3283 3255 (96)
3344 3184 3438 3240 δύο
3489 3184 3818 3255 ἐγκλήματα

544 3282 696 3345 bant,
739 3292 868 3352 puta
903 3284 1036 3357 legis
1060 3287 1568 3358 transgressionem,
1598 3299 1654 3345 et
1679 3292 1826 3361 quod
1856 3291 1969 3346 Deo
1992 3303 2135 3348 esset

2244 3283 2451 3352 ἐπῆγον
2482 3282 2651 3352 αὐτῷ,
2676 3280 3029 3353 παρανομίαν
3053 3280 3147 3334 καὶ
3177 3278 3471 3342 ἀντιθεταν,
3505 3278 3585 3331 ὅτι
3614 3293 3674 3329 τε
3694 3275 3819 3329 ἔλυε

546 3376 853 3432 contrarius
874 3416 889 3443 ,
917 3377 1059 3447 quod
1107 3377 1406 3435 Sabhatum
1435 3381 1696 3450 solveret,
1717 3398 1780 3439 ac
1800 3383 2015 3440 Patrem
2042 3400 2132 3440 su-

549 3483 640 3521 um
672 3468 882 3523 diceret
913 3484 1033 3525 esse
1065 3470 1262 3536 Deum,
1298 3473 1562 3542 aequalem
1613 3490 1738 3531 sese
1769 3475 1979 3531 faciens
2001 3475 2132 3542 Deo,

548 3560 710 3615 veluti
743 3561 972 3632 septimo
1001 3564 1180 3634 capite
1208 3566 1527 3634 praedictum
1561 3577 1644 3622 est
1665 3568 1745 3622 ’δι
1778 3568 1845 3624 de
1884 3585 1992 3627 uno
2017 3572 2138 3640 qui-

549 3655 671 3706 dem
702 3653 774 3709 ibi
807 3655 1090 3726 reSpondit
1115 3657 1216 3724 eis,
1245 3666 1488 3722 ostenso,
1514 3660 1659 3728 quod
1687 3660 1797 3716 Deo
1825 3663 2136 3719 contrarius

551 3763 655 3800 non
697 3756 860 3803 esset:
906 3751 971 3804 de
1006 3751 1182 3806 altero
1217 3760 1402 3806 autem
1447 3768 1593 3808 nunc
1624 3756 1937 3823 respondet,
1965 3765 2020 3811 et
2043 3772 2135 3812 os-

549 3839 740 3907 tendit,
773 3840 893 3896 illos
928 3842 1110 3912 potius
1142 3858 1264 3900 esse
1297 3844 1432 3915 legis
1468 3855 1918 3918 transgressores.

621 3930 779 3989 Vers.
820 3933 907 3988 l9.
941 3935 1131 3990 Nonne
1163 3967 1228 3978 --
1261 3937 1426 4007 legem
1455 3940 1480 3993 Ρ
1510 3936 1706 4006 Legem
1755 3939 2137 3998 universaliter

548 4023 804 4092 appellat,
841 4023 1029 4096 Iegalia
1059 4036 1350 4097 praecepta,
1394 4043 1515 4098 quae
1543 4028 1696 4084 dedit
1729 4029 1925 4096 Moses,
1959 4047 2079 4086 cum
2105 4048 2137 4088 a

549 4116 661 4171 Deo
687 4117 800 4187 ipsa
821 4117 1125 4186 detulisset,
1150 4129 1202 4175 et
1227 4136 1289 4175 ea
1313 4120 1423 4176 illis
1447 4122 1778 4191 scripsisset.
1837 4122 2138 4196 Interrogat

550 4225 681 4278 ergo
708 4226 722 4263 :
756 4210 941 4265 Nonne
972 4211 1133 4266 Moses
1166 4213 1308 4267 dedit
1339 4214 1483 4268 vobis
1516 4215 1866 4286 legem,quem
1898 4217 2139 4273 honora-

551 4303 639 4368 tis,
670 4313 722 4357 ct
754 4317 850 4372 pro
879 4319 986 4372 quo
1016 4305 1367 4378 helligeratis,
1393 4306 1482 4360 cui
1514 4307 1728 4363 locutus
1762 4317 1846 4364 est
1873 4309 2063 4366 Deus?

618 4483 773 4539 Yers.
794 4486 878 4541 19.
912 4486 981 4539 Et
1021 4518 1073 4528 —
1102 4489 1288 4559 legem.
1318 4519 1388 4529 —
1419 4489 1591 4552 Facit,
1617 4488 1751 4553 sive,
1784 4491 1995 4544 Servat.
2029 4490 2136 4546 De-

2237 3377 2299 3430 τδ
2329 3374 2610 3428 Σάϐὁατον
2639 3375 2736 3428 καὶ
2761 3375 2844 3428 ὅτι
2881 3373 3104 3443 Πατέρα
3139 3372 3269 3425 ίδιον
3329 3370 3481 3438 ἔλεγε
3515 3369 3606 3423 τὸν
3659 3369 3816 3433 Θεὸν,

2237 3463 2354 3522 ἴσον
2372 3467 2567 3521 ἑαυτὸν
2593 3465 2767 3519 ποιῶν
2790 3464 2867 3535 τῷ
2899 3463 3042 3534 Θεῷ,
3083 3461 3268 3526 καθὼς
3294 3463 3351 3516 ὲν
3378 3463 3454 3531 τῷ
3477 3462 3693 3533 ἑϐδόμῳ
3727 3479 3820 3515 κε-

2238 3561 2455 3632 φαλαίῳ
2515 3559 2887 3631 προείρηται·
2942 3557 3074 3627 περὶ
3123 3557 3222 3626 μὲν
3255 3555 3350 3609 τοῦ
3403 3556 3521 3618 ἑνὸς
3556 3557 3672 3609 ἐκεῖ
3696 3553 3822 3607 τού-

2237 3672 2351 3718 τοις
2379 3653 2787 3724 ἀπελογήσατο,
2836 3651 3016 3716 δείξας
3061 3651 3145 3704 ὅτι
3197 3651 3298 3704 οὐκ
3355 3649 3505 3702 ἐστιν
3548 3647 3816 3710 ἀντίθεος·

2239 3749 2369 3817 περὶ
2393 3748 2448 3800 δὲ
2478 3745 2571 3799 τοῦ
2603 3745 2792 3815 ἐτέρου
2854 3744 2949 3797 νῦν
2983 3744 3336 3810 ἀπολογεῖται
3394 3742 3488 3795 καὶ
3543 3741 3819 3794 δείκνυσιν

2238 3842 2321 3895 ὅτι
2352 3839 2505 3892 αὐτοὶ
2540 3837 2652 3910 (97)
2696 3836 2897 3908 μᾶλλόν
2920 3837 3027 3890 είσι
3061 3836 3389 3905 παράνομοι.

2310 3936 2391 3989 Οὐ
2420 3964 2489 3973 -
2511 3935 2741 4004 νόμογ;
2775 3930 3097 3992 Καθολικῶς
3131 3930 3279 3998 λέγει
3326 3930 3489 3998 νόμον
3520 3927 3619 3990 τὰς
3662 3943 3820 3996 νομιο

2240 4033 2342 4090 κάς
2362 4024 2580 4088 ἐντολὰς
2627 4024 2692 4088 ἂς
2737 4025 2936 4077 δέδωκε
2989 4022 3100 4094 (98)
3154 4021 3396 4090 Μωῦσῆς
3450 4021 3512 4072 ὲκ
3551 4019 3646 4072 τοῦ
3682 4018 3818 4071 Θεοῦ

2239 4119 2477 4191 κομίσας
2506 4118 2678 4181 αὐτὰς
2711 4118 2804 4169 καὶ
2834 4114 3056 4186 γράψας
3105 4114 3314 4176 ταύτας
3355 4112 3560 4171 αὐτοῖς.
3605 4110 3816 4181 Ἐρωτᾷ

2239 4211 2332 4268 οὖν
2360 4230 2374 4246 ·
2416 4212 2498 4266 Οὺ
2528 4209 2790 4278 Μωυσῆς
2822 4209 3046 4263 ἔδωκεν
3087 4207 3199 4278 (99)
3231 4204 3376 4274 ὑμῖν
3404 4203 3510 4258 τὸν
3551 4205 3760 4271 νόμον,
3790 4203 3818 4254 ὁ

2240 4307 2372 4378 παρ’
2405 4306 2534 4375 ὑμῖν
2564 4305 2875 4374 τιμώμενος
2926 4302 3020 4354 κα)⁸
3047 4297 3452 4367 ὲκδικούμενος,
3508 4287 3552 4364 ᾧ
3587 4293 3815 4364 λελάληο

2240 4417 2336 4454 κεν
2364 4401 2392 4452 ὀ
2421 4397 2554 4460 Θεός
2580 4413 2594 4462 ;

2315 4491 2421 4547 Καὶ
2453 4520 2521 4530 —
2548 4491 2756 4557 νόμον.
2789 4519 2858 4528 -
2891 4487 3060 4552 Ποιεῖ,
3094 4484 3260 4553 ἥγουν
3287 4483 3479 4553 Τηρεῖ.
3516 4477 3649 4534 Εἶτα
3680 4495 3812 4548 προ-

549 4576 673 4631 inde
713 4578 873 4632 etiam
916 4580 1083 4642 addit,
1122 4582 1398 4650 quomodo
1463 4597 1570 4636 non
1639 4591 1861 4637 servent
1933 4583 2132 4655 legem.

2244 4583 2458 4654 στίθησι
2489 4584 2585 4636 καὶ
2610 4581 2723 4642 πῶς
2752 4580 2812 4635 οὺ
2840 4578 3072 4649 τηροῦσι
3108 4577 3200 4629 τὸν
3239 4577 3430 4645 νόμον.

621 4669 774 4724 Vers.
820 4672 901 4728 19.
935 4671 1143 4737 Quid—
1170 4675 1497 4745 interﬁcere?
1536 4675 1672 4730 Cum
1697 4677 1780 4730 lex
1802 4676 1980 4732 dicat:
2012 4677 2132 4732 Non

549 4765 764 4830 occides,
793 4767 920 4836 quid
946 4783 1029 4820 me
1043 4767 1289 4823 occidere
1317 4769 1573 4835 nitimini,
1600 4785 1776 4840 neque
1802 4771 1972 4841 legem
2013 4786 2130 4825 ser-

2316 4675 2466 4731 Τί-
2491 4671 2837 4730 ἀποκτεῖναι
2858 4689 2878 4738 ;
2933 4670 3042 4724 Τοῦ
3079 4670 3247 4738 νόμου
3290 4668 3559 4736 λέγοντος,
3595 4664 3676 4721 Οὐ
3706 4681 3816 4734 go-

2237 4771 2500 4835 νεύσεις,
2541 4768 2593 4821 τί
2623 4784 2689 4838 με
2721 4763 3055 4829 σπουδάζετε
3111 4760 3394 4832 φονεῦσαι,
3436 4760 3574 4828 μήτε
3603 4758 3678 4828 (ι)
3717 4757 3815 4810 αὑ-

553 4867 760 4918 vantes,
796 4873 973 4929 neque
1004 4859 1186 4916 Mosen
1221 4862 1397 4926 veriti,
1430 4863 1518 4930 qui
1545 4877 1661 4916 eam
1697 4861 1849 4917 vobis
1885 4862 2129 4917 tradidit?

2244 4861 2320 4916 τδκ.
2355 4859 2673 4930 τηροῦντες,
2706 4856 2842 4926 μήτε
2861 4853 2954 4907 τὸν
2983 4852 3217 4907 Munius-fa.
3241 4849 3580 4919 αἰδούμενοι,
3614 4847 3703 4900 τὸν
3724 4845 3813 4898 δε-

553 4949 904 5017 impudentia:
949 4951 1218 5022 siquidem
1265 4962 1367 5019 est,
1428 4953 1562 5025 legis
1611 4957 2127 5027 aceusare(c)trans-

552 5053 827 5109 gressores
849 5041 950 5095 alia
977 5042 1109 5103 leuis
1141 5046 1596 5111 transgressione.

659 5180 882 5237 “Joan.
923 5200 976 5247 v,
1017 5183 1109 5238 23.
1223 5184 1266 5217 ³³
1291 5184 1480 5239 Matth.
1513 5201 1643 5251 xvn,
1676 5187 1728 5238 5.

2236 4955 2448 5010 δωκότα
2489 4953 2616 5022 ὑμῖν
2646 4951 2816 5004 αὐτόν
2844 4965 2858 5014 ;
2889 4947 3104 5010 ἀναιδὲς
3137 4943 3246 5018 γὰρ
3265 4944 3392 5006 τοὺς
3461 4940 3812 5011 παρανόμους

2238 5045 2492 5116 ἐγκαλεῖν
2514 5043 2687 5113 ἑτέρῳ
2722 5036 3095 5112 παρανομίαν.

1844 5185 1888 5215 ³⁸
1919 5184 2076 5239 Joan.
2108 5202 2158 5248 v,
2195 5186 2281 5240 18.

1715 5321 1914 5381 Varia:
1961 5320 2265 5383 lectiones
2312 5330 2372 5382 et
2417 5327 2607 5382 notae.

621 5451 730 5517 (95)
763 5449 1064 5504 llentenius
1094 5458 1220 5502 ante
1253 5447 1369 5509 πῶς
1411 5446 1708 5515 interponit
1737 5446 1864 5514 ὅρα,
1894 5461 2000 5513 quo
2041 5456 2117 5497 ta-

551 5538 672 5576 men
697 5537 806 5575 non
833 5531 911 5575 est
942 5534 1100 5589 opus.

620 5593 730 5658 (94)
768 5591 1055 5661 Ηὺδόκησα
1085 5590 1148 5643 Α.

620 5664 731 5727 (95)
771 5661 1006 5728 meum
1035 5663 1099 5714 A.

621 5734 727 5802 (96)
763 5729 921 5787 Οὗτοι
947 5732 1096 5785 abest
1127 5731 1189 5782 Α.

2299 5446 2410 5507 (97)
2445 5446 2607 5498 Αὐτοὶ
2636 5445 2788 5499 abest
2826 5442 2889 5498 Α.

2302 5522 2411 5582 (8⁸3)
2446 5518 2677 5569 Διὲδωκε
2724 5517 2790 5568 Α.

2303 5589 2412 5658 (92))
2452 5587 2693 5638 Δέδωκεν
2751 5587 2816 5638 Α.

2306 5667 2344 5728 (.
2365 5665 2377 5721 )
2438 5659 2540 5709 Τὸν
2577 5658 2763 5726 νόμον.

624 5889 690 5956 (ε)
728 5887 877 5959 Legis
929 5905 1204 5951 acrusarc,
1238 5895 1345 5942 ctc.
1386 5886 1513 5954 Eos,
1570 5888 1656 5958 qui
1701 5888 1844 5959 leges
1907 5884 2127 5951 violant,
2161 5885 2325 5941 alium
2352 5900 2631 5949 accusare,
2661 5891 2715 5936 ιιι
2739 5880 2830 5952 (μή
2863 5881 3008 5952 leges
3049 5877 3283 5934 violarit.
