4010 6482
507 365 643 430 1271

1757 381 2143 443 EUTHYMII
2183 385 2547 452 ZIGABENI

3640 392 3768 455 1972

499 486 697 543 tantes,
733 478 828 534 sed
858 479 924 534 ad
950 495 1038 536 res
1074 481 1242 553 ipsas.
1276 483 1413 543 Item
1440 498 1495 546 et
1519 489 2073 548 aliter:Circumcisit

2206 498 2308 567 ph
2335 500 2609 574 περιτομὴ
2662 503 2891 574 σημεῖον
2948 498 3020 576 ἦν
3056 504 3221 575 μόνον
3286 505 3541 577 Ἑϐραίου
3566 520 3584 537 ο
3627 505 3689 559 τὸ
3716 506 3768 558 δὲ

497 568 720 639 quidem
755 571 932 626 solum
966 573 1213 632 Hebraeis
1248 578 1462 650 signum
1488 592 1629 638 erat:
1659 582 1804 655 quod
1837 594 2019 639 autem
2056 599 2088 640 a

498 678 585 719 me
623 664 821 720 factum
850 676 953 750 est,
985 669 1198 743 integra
1222 672 1325 731 fuit
1367 677 1576 734 sanitas
1610 693 1675 735 ac
1705 678 1908 736 veritas
1945 680 2087 753 ejus,

496 757 639 826 quod
665 756 1095 829 significabatur.

572 845 725 903 Veis.
754 850 845 905 25.
881 851 1141 908 Dicebant
1172 885 1240 896 —
1270 857 1423 913 Vers.
1446 858 1539 915 26.
1576 860 1777 918 dicunt.
1814 861 2086 935 siquidem

497 937 779 994 silentium
816 942 927 998 illis
956 944 1311 1015 imposuerat.

567 1029 727 1087 Vers.
758 1033 851 1089 26.
885 1034 1031 1090 Num
1061 1067 1131 1079 —-
1162 1037 1453 1098 Christus?
1481 1042 1637 1100 Tunc
1662 1045 1808 1100 enim
1847 1055 1901 1101 et
1930 1043 2089 1117 prin-

494 1120 647 1193 cipes
684 1124 741 1179 in
778 1126 935 1182 turba
975 1137 1155 1185 erant.

563 1212 724 1271 Vers.
758 1216 854 1272 27.
882 1218 990 1274 Sed
1019 1252 1087 1263 -
1122 1226 1243 1280 erit.
1304 1226 1466 1297 Atqui
1502 1228 1777 1300 principes
1803 1230 1972 1286 vestri
2000 1231 2089 1287 in-

493 1309 756 1379 terrogati
785 1310 855 1365 ab
883 1309 1117 1380 Herode,
1146 1315 1237 1372 ubi
1269 1318 1582 1375 nasciturus
1629 1329 1777 1376 esset
1803 1320 2083 1390 Christus,

493 1396 756 1455 dixerunt
794 1402 885 1457 ei:
934 1403 1006 1459 In
1035 1408 1302 1464 Bethleem
1344 1410 1546 1467 Judtrte
1567 1412 1612 1446 ⁸⁸
1642 1428 1658 1467 :
1689 1412 1823 1483 quin
1859 1423 1915 1469 et
1958 1430 2086 1486 pro-

2196 590 2328 659 παρ⁹
2362 590 2498 665 ἐμοῦ
2526 594 2794 665 ὶργασθὲν
2838 594 3138 669 ὁλόκληρος
3192 598 3353 667 ὑγεία
3391 598 3485 653 τοῦ
3520 614 3765 668 σεσημα-

2196 684 2416 755 σμένον.

2268 875 2530 946 Ἔλεγον
2562 907 2626 918 -
2654 878 2932 947 λέγουσι.
2985 877 3097 930 Καὶ
3129 875 3236 948 γὰρ
3282 876 3645 948 ἐπεστόμισεν
3675 877 3771 931 αὖ.

2190 964 2336 1029 τούς.

2263 1059 2595 1129 Μήποτε-
2624 1059 2919 1130 Χριστός;
2960 1059 3049 1115 Ἐν
3075 1060 3154 1132 τῷ
3176 1060 3321 1134 ὄχλῳ
3347 1060 3456 1132 γὰρ
3496 1061 3544 1114 oi
3572 1059 3767 1131 ἄρχον-

2189 1168 2282 1216 τες
2313 1147 2458 1221 ἦσαν
2491 1153 2635 1208 τότε.

2263 1240 2451 1297 Ἀ.υά
2473 1272 2547 1282 -
2576 1242 2729 1310 ἐστι,
2764 1243 2875 1298 Καὶ
2904 1244 3025 1321 ⁴μὴν
3054 1243 3104 1296 oi
3135 1241 3399 1314 ἄρχοντες
3451 1242 3609 1312 ὑμῶν
3633 1241 3770 1313 ipa»

2190 1332 2446 1404 τηθέντες
2478 1333 2633 1404 παρὰ
2682 1335 3087 1406 Ἡρώδουρποῦ
3115 1338 3143 1389 ὁ
3194 1334 3431 1403 Χριστὸς
3484 1335 3768 1402 γεννᾶται,

2189 1417 2344 1478 εἶπον
2367 1424 2540 1496 αὐτῷ·
2571 1427 2677 1480 Ἐν
2703 1426 2979 1496 Βηθλεὲμ
3002 1425 3114 1494 τῆς
3137 1424 3424 1491 Ἰουδαίας
3448 1441 3463 1457 ·
3483 1425 3579 1478 καὶ
3609 1440 3771 1495 προσο

489 1489 755 1560 pbetiam,
777 1509 897 1566 quae
926 1495 1033 1553 hoc
1054 1499 1403 1571 signiﬁcaret,
1434 1502 1781 1559 addiderunt:
1808 1506 2073 1576 quomodc

2196 1515 2395 1585 ἔθηκαν
2427 1489 2523 1571 καὶ
2584 1516 2687 1589 τὴν
2714 1489 2875 1571 solito
2905 1489 3172 1588 δηλοῦσαν
3221 1489 3571 1588 προφητείαν
3604 1532 3619 1547 ·
3652 1489 3769 1578 itii»;

489 1594 621 1653 ergo
650 1586 954 1655 nugamini,
989 1589 1239 1649 dicentes
1273 1595 1421 1664 quod
1450 1594 1691 1652 Christus
1720 1614 1837 1651 cum
1862 1599 2082 1665 venerit,

2188 1609 2283 1665 οὖν
2322 1611 2617 1681 φλυαρεῐτε
2646 1613 2731 1667 ὅτι
2768 1612 2836 1667 '0
2865 1613 3142 1682 Χριστὸς,
3180 1612 3328 1667 ὅταν
3366 1612 3635 1683 ἔρχηται,
3664 1612 3767 1666 oi;-

489 1689 639 1729 nemo
666 1682 928 1748 cognoscit
960 1684 1099 1737 unde
1133 1687 1264 1741 erit?
1307 1687 1602 1752 Prwterea,
1630 1690 1677 1744 si
1715 1691 1863 1745 hunc
1904 1692 2073 1748 nostis

2196 1698 2315 1766 δεὶς
2336 1700 2614 1771 γινώσκει
2632 1703 2819 1759 πόθεν
2844 1702 3052 1768 ἐστίνς
3084 1702 3246 1757 Ἀλλὰ
3271 1703 3365 1756 καί⁵
3397 1703 3445 1757 εί
3472 1700 3659 1755 τοῦτον
3688 1701 3764 1771 (‘5)

489 1766 634 1820 unde
663 1768 755 1833 sit,
790 1773 1062 1840 quomodo
1103 1776 1327 1845 quidam.
1376 1795 1442 1834 ex
1476 1779 1633 1835 vobis
1687 1781 1896 1837 dicunt:
1926 1782 2073 1838 Hum

2196 1766 2369 1845 οἴδατε
2399 1790 2566 1845 πόθεν
2594 1792 2733 1858 ἐστὶ,
2755 1793 2874 1857 πῶς
2915 1791 2976 1859 ἐξ
3012 1766 3168 1864 ῠήμῶν
3222 1791 3373 1848 ἄλλοι
3406 1791 3658 1861 λέγουσιν

488 1858 847 1928 ιιοηξηουίηιυε
868 1865 1003 1919 unde
1018 1843 1179 1921 sit“?
1209 1867 1322 1925 Hoc
1337 1871 1499 1927 modo
1521 1873 1723 1929 malitia
1743 1890 1851 1931 non
1882 1876 2073 1933 intelli-

2894 1843 3082 1939 πέσεν
3127 1885 3300 1953 dare;
3326 1843 3581 1942 Τοιοῦιτον
3609 1885 3641 1953 ἡ
3672 1899 3769 1935 πο-

485 1945 582 2015 git,
614 1949 761 2017 quod
798 1952 899 2006 sibi
938 1954 1041 2025 ipsi
1074 1960 1416 2017 contradicat
1443 1978 1508 2019 ac
1551 1966 1717 2036 plane
1758 1968 2080 2026 mentiatur:

487 2052 614 2093 nam
656 2052 739 2097 est
769 2046 1017 2114 qumdam
1065 2050 1265 2106 animae
1301 2053 1562 2111 ebrietas.

539 2130 693 2198 Quod
727 2136 772 2190 si
791 2138 914 2207 quis
944 2139 1147 2197 dictum
1176 2144 1307 2202 illud
1335 2163 1349 2198 :
1375 2148 1518 2204 Unde
1541 2151 1636 2213 sit,
1655 2167 1763 2208 non
1782 2154 1851 2210 de
1882 2154 2003 2212 loco
2027 2165 2083 2211 et

2192 1975 2378 2047 νηρία,
2407 1976 2862 2047 ὲναντιολογοῦσα
2891 1979 2987 2033 καὶ
3016 1977 3326 2050 ψευδομένη
3355 1976 3673 2049 προφανῶς,
3702 1976 3767 2029 οὐ

2194 2068 2411 2139 συνίησι
2445 2108 2460 2133 .
2499 2068 2655 2139 Μέθη
2686 2069 2795 2141 γὰρ
2820 2070 2915 2123 καὶ
2943 2069 3084 2137 αὓτη
3108 2068 3309 2140 ψυχῆς.

2262 2162 2325 2215 El
2352 2161 2412 2215 δέ
2447 2178 2533 2226 τις
2570 2160 2632 2215 τὸ
2658 2162 2853 2217 Πόθεν
2885 2162 2947 2215 οὐ
2979 2162 3111 2232 περὶ
3140 2161 3309 2215 τόπου
3336 2162 3429 2214 καὶ
3483 2159 3766 2232 πατρίδος,

483 2226 683 2295 patria,
719 2231 817 2285 sed
851 2232 917 2287 de
951 2250 1155 2304 genere
1193 2247 1252 2293 et
1293 2253 1446 2309 patre
1497 2243 1853 2314 intellexerit,
1882 2250 2073 2307 .dicere

2196 2253 2327 2307 ἀλλὰ
2361 2255 2490 2325 περὶ
2519 2258 2711 2323 γένους
2738 2252 2836 2308 καὶ
2879 2226 3087 2324 πατρὸς
3144 2253 3335 2324 νοήσῃ,
3385 2252 3531 2306 εἴποι
3568 2226 3636 2305 αν
3662 2250 3769 2303 αὐ.

482 2320 707 2389 poterit,
727 2338 825 2378 eos
844 2327 1051 2383 dixisse
1076 2346 1089 2382 :
1122 2329 1295 2403 Hujus
1326 2335 1547 2403 quidem
1579 2352 1754 2409 genus
1783 2348 1841 2395 et
1868 2351 2078 2412 patrem

483 2414 760 2480 novimus,
787 2426 914 2487 puta
953 2417 1183 2491 Josepli,
1210 2424 1284 2495 ut]
1313 2426 1660 2483 credebatur:
1704 2430 1907 2488 Christi
1948 2450 2079 2491 vero

482 2520 658 2577 genus
687 2520 743 2565 et
774 2510 989 2568 Patrem
1028 2508 1518 2589 nemo'cognoscit,
1545 2538 1612 2578 eo
1640 2526 1787 2596 quod
1817 2542 1929 2584 non
1966 2530 2078 2585 sint

482 2596 603 2653 bzec
637 2598 837 2656 litteris
877 2605 1112 2673 prodita,
1152 2618 1213 2663 ut
1234 2609 1338 2663 dici
1369 2613 1604 2680 possint.

554 2689 712 2749 Vers.
744 2693 1137 2752 28.Clamabat
1163 2730 1230 2743 —
1255 2703 1378 2758 sim.
1405 2703 1705 2772 Clamabat,
1731 2709 2077 2770 confundens

480 2797 600 2852 eos,
638 2784 767 2840 dum
834 2786 909 2842 illi
937 2788 1003 2843 de
1057 2790 1327 2847 industria
1380 2796 1520 2849 male
1575 2808 1799 2867 agerent
1842 2818 1856 2855 :
1910 2803 2074 2858 simul

479 2877 642 2931 etiam
680 2879 939 2935 omnibus
982 2882 1368 2950 manifestans,
1403 2904 1523 2957 quae
1567 2890 1636 2944 ab
1676 2892 1807 2960 ipsis
1857 2895 2075 2951 occulte

480 2969 832 3027 dicebantur.
874 2973 1017 3029 Dicit
1073 2985 1254 3032 autem
1298 2996 1312 3034 :
1346 2979 1413 3033 Et
1447 2998 1526 3035 me
1561 2986 1745 3050 nostis,
1781 2988 1899 3056 quis
1948 2990 2070 3053 sim,

479 3061 609 3131 quia
644 3062 825 3131 Deus;
866 3075 916 3120 et
951 3069 1113 3123 nostis
1152 3072 1290 3125 unde
1326 3073 1448 3137 siin,
1484 3075 1611 3143 quia
1644 3093 1673 3131 a
1708 3077 1868 3135 Patre
1898 3080 2007 3137 Deo
2056 3100 2069 3137 :

2188 2348 2317 2413 τοὺς
2347 2346 2528 2417 λέγειν
2558 2346 2642 2401 ὅτι
2697 2346 2905 2402 Τούτου
2951 2347 3051 2418 μὲν
3097 2346 3320 2417 οίδαμεν
3382 2344 3441 2398 τδ
3485 2344 3641 2411 γένος
3672 2342 3771 2397 καὶ

2185 2442 2277 2496 τὸν
2313 2440 2545 2511 πατέρα,
2576 2438 2801 2513 [δηλαδὴ
2835 2439 2926 2494 τὸν
2949 2439 3026 2512 (4)
3073 2438 3296 2509 Ἰωσὴφ,
3329 2438 3405 2501 ὡς
3429 2437 3603 2489 ἐδόκει
3625 2452 3640 2466 ·
3669 2434 3768 2487 τοῦ

2185 2534 2239 2587 δὲ
2272 2533 2510 2604 Χριστοῦ
2550 2531 2611 2587 τὸ
2645 2532 2804 2601 γένος
2831 2531 2928 2585 καὶ
2960 2531 3052 2585 τίον
3106 2528 3347 2602 Πατέρα]
3377 2528 3553 2591 οὐδεὶς
3600 2526 3769 2596 γινώ-

2188 2643 2331 2689 σκει,
2363 2626 2454 2680 διὰ
2494 2626 2555 2679 τὸ
2586 2622 2661 2699 μὴ
2699 2624 2879 2696 ῥητῶς
2911 2623 3353 2695 ἀναγεγράφθαι.

2259 2717 2658 2786 Ἔκραξεν-
2692 2717 2833 2786 ειμι.
2883 2714 3181 2787 Ἔκραξεν,
3231 2714 3510 2785 ἐντρέπων
3566 2710 3765 2774 αὐτοὺς

2184 2814 2259 2875 ὡς
2297 2809 2783 2874 ὲοε>.οκακοῦντας,
2822 2809 2942 2879 ἅμα
2980 2808 3037 2863 δὲ
3084 2808 3179 2861 καὶ
3226 2809 3363 2861 πᾶσι
3416 2804 3665 2875 φανερῶν
3694 2803 3764 2855 τὰ

2185 2906 2433 2975 κρυφίως
2469 2905 2606 2974 παρ’
2646 2902 2828 2957 αὐτῶν
2856 2900 3152 2969 λεγόμενα.
3188 2899 3354 2965 Λέγει
3394 2896 3449 2950 δὲ
3483 2896 3564 2950 ὅτι
3604 2894 3767 2963 Κάμὲ

2180 2998 2380 3053 οἴδατε
2410 2998 2501 3063 τίς
2522 2999 2661 3067 ειμι,
2706 2997 2788 3049 ὅτι
2826 2995 2960 3059 Θεὸς
2985 3010 2999 3022 ·
3028 2994 3137 3048 Kal
3159 2992 3361 3046 οιδατε
3389 2991 3573 3044 πόθεν
3616 2990 3761 3058 ειμι.

2180 3093 2263 3147 ὅτι
2292 3093 2356 3146 ὲκ
2385 3091 2603 3161 Πατρὸς
2645 3089 2808 3155 Θεοῦ,
2843 3090 2891 3143 εί
2922 3087 3000 3158 (5)
3058 3089 3152 3142 καὶ
3201 3090 3265 3141 ὲκ
3305 3085 3380 3157 (6)
3404 3083 3496 3139 τοῦ
3564 3081 3762 3152 Ἰωσὴφ

478 3168 795 3224 quanquam
856 3173 944 3211 vos
990 3160 1129 3214 scire
1176 3161 1412 3232 (iugatis,
1445 3168 1587 3235 quod
1629 3183 1658 3222 a
1705 3168 1909 3242 Josepb
1965 3174 2068 3229 sim

2196 3184 2381 3239 ειδέναι
2416 3199 2483 3254 με
2516 3160 2959 3253 γπροσποιεῖσθε.
3000 3181 3218 3234 Είδέναι
3246 3177 3303 3231 δὲ
3359 3177 3521 3231 αὑτὸν
3562 3175 3763 3268 αὐτοὺς

479 3245 817 3316 progenitus.
850 3248 1074 3306 Dicebat
1106 3261 1310 3320 autem,
1369 3258 1515 3326 quod
1548 3259 1621 3315 illi
1680 3262 1857 3333 ipsum
1906 3282 2073 3323 nove-

478 3343 606 3389 rant
643 3352 672 3390 a
706 3339 1020 3395 tcst’monio
1070 3341 1321 3410 Joannis,
1381 3345 1450 3401 de
1503 3364 1612 3418 quo
1667 3350 1805 3407 dixit
1846 3373 1859 3407 :
1918 3354 2071 3412 Alius

478 3436 577 3494 est,
623 3428 715 3497 qui
762 3432 1120 3486 testimonium
1164 3436 1398 3503 perhibet
1438 3439 1501 3492 de
1549 3457 1629 3495 me
1656 3441 1735 3509 ";
1768 3443 1837 3499 ab
1884 3447 2071 3516 Operi-

477 3517 585 3573 bus
622 3518 761 3583 suis,
798 3520 866 3575 de
896 3522 1093 3590 quibus
1125 3526 1203 3579 ait
1236 3545 1248 3580 :
1285 3526 1410 3595 Ipsa
1462 3546 1643 3599 opera,
1684 3549 1802 3603 qua:
1847 3552 1940 3606 ego
1984 3539 2070 3607 fa-

478 3612 559 3663 cio
595 3613 951 3668 testimonium
987 3617 1257 3685 perhibent
1287 3621 1351 3673 de
1373 3637 1454 3674 me
1483 3620 1527 3653 ⁸⁸
1550 3640 1566 3688 ;
1589 3631 1644 3678 et
1681 3639 1711 3678 a
1745 3623 2067 3697 Scripturts,

476 3702 545 3757 de
571 3703 770 3772 quibus
816 3706 1070 3761 similiter
1102 3712 1180 3764 ait
1219 3727 1231 3765 :
1266 3710 1383 3767 Illa:
1413 3722 1535 3768 sunt
1568 3731 1685 3786 quae
1708 3720 2069 3776 testimonium

478 3793 749 3861 perhibent
774 3808 838 3850 ae
859 3814 939 3851 me
964 3798 1030 3855 ”.

550 3883 615 3937 Et
650 3889 931 3957 quomodo
961 3890 1099 3947 dixit
1134 3893 1397 3949 vicesimo
1435 3896 1590 3964 juxta
1624 3897 1938 3956 Matthazum
1971 3919 2065 3958 ca-

476 3979 588 4048 pite
622 3996 636 4032 :
690 3978 861 4036 Nemo
893 3985 1035 4038 novit
1084 3985 1281 4040 Filium
1314 3990 1416 4043 nisi
1477 3989 1642 4044 Pater
1662 3994 1745 4047 δοῖ
1768 3994 1905 4060 Quia
1934 3997 2066 4054 illud

474 4076 541 4126 de
580 4080 773 4127 natura
794 4075 1114 4133 divininatis
1141 4094 1254 4134 sua:
1276 4079 1428 4146 dixit,
1455 4083 1556 4139 hoc
1585 4094 1767 4140 autem
1801 4088 2068 4158 simplici-

476 4174 559 4218 tcr
586 4167 653 4220 de
682 4167 897 4233 notitia,
938 4171 1083 4239 quod
1120 4171 1263 4228 Deus
1292 4173 1365 4228 sit
1405 4172 1612 4245 Deique
1645 4176 1844 4234 Filius.

551 4353 704 4408 Vers.
738 4352 832 4409 28.
870 4353 937 4408 Et
967 4385 1037 4397 —--
1062 4359 1199 4411 veni.
1236 4358 1411 4415 Etiam
1469 4362 1835 4435 hoc,_inquit,
1861 4372 2062 4438 nostis;

473 4462 599 4500 nam
635 4454 691 4500 et
715 4446 765 4499 ἱιΙ
798 4447 1052 4516 prrcdicta
1088 4448 1289 4505 docent
1330 4454 1665 4523 testimonia,
1710 4468 1769 4514 et
1797 4465 2059 4527 maxime,

2176 3278 2365 3346 ἔλεγεν
2407 3276 2517 3330 ἀπό
2559 3292 2620 3329 τε
2658 3275 2758 3344 τῆς
2826 3274 3135 3346 μαρτυρίας
3209 3272 3474 3369 Ἰωαννου,
3514 3270 3662 3369 ,περὶ
3694 3262 3758 3369 οὗ

2174 3369 2397 3438 εἴρηκεν
2436 3368 2518 3421 ὅτι
2550 3367 2773 3431 ’Ἄλλος
2801 3364 2974 3419 ἐστὶν
3001 3367 3033 3418 ό
3048 3360 3366 3432 μαρτυρῶν
3397 3360 3530 3428 περὶ
3583 3359 3756 3427 ἐμοῦο

2171 3465 2281 3519 ἀπό
2315 3480 2375 3517 τε
2404 3463 2515 3517 τῶν
2542 3461 2722 3534 ἔργων
2750 3460 2939 3527 αὐτοῦ,
2978 3460 3106 3532 περ)⁸
3134 3453 3211 3513 ὧν
3260 3453 3416 3511 εἶπεν
3452 3456 3538 3510 ὅτι
3593 3453 3760 3510 Αὐτὰ

2171 3557 2246 3612 τὰ
2274 3555 2419 3626 ἔργα
2474 3554 2513 3611 d
2551 3556 2665 3625 tiij
2722 3552 2894 3616 ποιῶ,
2910 3550 3219 3647 ’μαρτυρεῖ
3273 3549 3407 3647 :fepi
3665 3545 3759 3647 agi

2172 3649 2281 3703 ἀπὸ
2314 3649 2421 3701 τῶν
2446 3645 2702 3715 Γραφῶν,
2728 3646 2869 3716 περὶ
2902 3636 2978 3697 ὧν
3030 3643 3232 3714 ὁμοίως
3286 3640 3390 3711 ἔφη
3437 3640 3518 3693 ὅτι
3549 3636 3739 3692 Ἐκεῖ-

2170 3742 2273 3797 ναί
2300 3742 2461 3795 εἰσιν
2484 3740 2546 3792 at
2568 3735 2981 3810 μαρτυροῦσαι
3006 3734 3140 3803 περί
3165 3733 3333 3803 ἐμοῦ.

2247 3916 2355 3969 Καὶ
2386 3914 2505 3976 πῶς
2536 3914 2595 3965 ὲν
2625 3911 2706 3982 τῷ
2735 3906 2970 3979 είκοστῷ
3001 3905 3284 3976 κεφαλαίῳ
3317 3903 3413 3959 τοῦ
3434 3901 3574 3955 κατὰ
3602 3902 3752 3957 Mat-

2173 4008 2323 4062 οαίον
2365 4007 2586 4076 ετρηκεν
2634 4004 2719 4057 ὅτι
2773 4001 2986 4065 Οὐδεὶς
3019 3997 3398 4068 ἐπιγινώσκει
3452 3997 3559 4050 τὸν
3594 3996 3752 4061 Υιὸν,

2169 4099 2378 4169 είμὴό
2402 4096 2641 4166 Πατήρ;
2678 4096 2802 4149 Ὀτι
2841 4095 3019 4149 ἐκεῖνο
3040 4093 3138 4160 μὲν
3168 4088 3290 4144 εἷπε
3333 4090 3464 4161 περὶ
3505 4089 3607 4159 τῆς
3645 4087 3751 4156 φύ-

2172 4208 2312 4253 σεως
2348 4192 2443 4260 τῆς
2476 4190 2732 4259 θεότητος
2757 4185 2925 4239 αὑτοῦ
2949 4202 2964 4216 ο
2999 4185 3159 4237 τοῦτο
3210 4184 3267 4236 δὲ
3306 4184 3439 4252 περὶ
3493 4181 3585 4232 τοῦ
3617 4178 3749 4232 εἰδέ-

2172 4302 2259 4338 ναι
2296 4284 2479 4346 ἁπλῶς
2504 4284 2586 4336 ὅτι
2616 4284 2736 4336 ἐστὶ
2762 4282 2893 4345 Θεὸς
2916 4282 3009 4334 καὶ
3050 4281 3171 4343 ru;
3206 4278 3364 4332 Θεοῦ.

2246 4375 2764 4442 Καί-ἐλήλυθα.
2828 4376 3022 4429 Οἴδατε
3068 4375 3163 4428 καὶ
3198 4370 3374 4431 τοῦτο,
3430 4366 3563 4437 φησί
3605 4384 3619 4400 ο
3655 4367 3749 4419 καὶ

2171 4471 2332 4524 τοῦτο
2374 4470 2485 4540 γὰρ
2529 4471 2588 4522 αἱ
2644 4469 2974 4538 δη).ωθεῖσαι
3041 4462 3344 4537 μαρτυρίαι
3381 4461 3747 4523 διδάσκουσιν,

471 4538 597 4606 quia
632 4538 869 4593 Gloriam
899 4542 1173 4607 propriam
1207 4559 1309 4595 non
1333 4561 1530 4615 quaero,
1553 4550 1645 4603 sed
1668 4551 1895 4621 gloriam
1922 4558 2060 4628 ejus,

2196 4565 2345 4627 ιλλως
2378 4538 2572 4627 rem
2592 4562 2668 4634 (7)
2691 4562 2771 4614 ὅτι
2811 4562 2894 4615 Οὐ
2924 4561 3037 4624 τὴν
3062 4554 3251 4617 δόξαν
3268 4550 3556 4622 τὴνῐδίαν
3574 4550 3746 4620 ζητῶ,

473 4633 561 4701 qui
598 4634 736 4686 misit
771 4651 851 4688 me
877 4635 940 4688 ”.

546 4725 698 4780 νοτε.
727 4728 818 4781 28.
862 4727 967 4783 Sed
990 4762 1055 4770 —
1082 4749 1181 4786 me.
1208 4731 1372 4788 Pater
1391 4749 1455 4790 ac
1488 4736 1649 4802 Deus,
1681 4740 1774 4810 qui
1812 4743 2064 4802 videlicet

469 4818 623 4870 misit
652 4834 757 4883 me,
796 4820 936 4875 sicut
982 4824 1309 4891 promiserat
1357 4842 1455 4896 per
1501 4829 1798 4900 prophetas
1849 4851 1863 4887 :
1914 4837 2062 4906 quod

468 4908 510 4959 si
563 4926 723 4964 verax
774 4921 879 4971 est.
936 4915 1026 4982 qui
1060 4914 1227 4980 misit,
1284 4918 1469 4989 utique
1513 4931 1567 4974 et
1624 4939 1789 4977 verax
1837 4934 1919 4979 est
1966 4928 2059 4997 qui

468 5000 668 5054 missus
685 5014 787 5064 est,
821 5021 943 5058 cum
976 5006 1221 5074 ejusdem
1252 5008 1360 5063 sint
1393 5022 1623 5065 naturae.

536 5090 693 5148 Vers.
719 5095 809 5150 28.
841 5094 1005 5161 Quem
1028 5127 1097 5138 —
1120 5102 1351 5157 novistis.
1384 5102 1585 5162 Utoote
1614 5117 1877 5178 negantes
1899 5111 2051 5167 illum

467 5186 743 5251 operibus.
779 5189 867 5241 Ait
918 5190 1061 5244 enim
1117 5203 1173 5247 et
1222 5196 1504 5263 apostolus
1549 5212 1565 5252 :
1621 5197 1952 5269 Conﬁtentur
2000 5222 2054 5259 se

466 5291 612 5331 nosse
650 5279 839 5345 Deum,
869 5284 1023 5350 factis
1055 5295 1230 5340 autem
1260 5300 1451 5356 negant
1474 5290 1540 5343 ".

573 5418 616 5448 ³⁸
648 5417 840 5477 Matth.
898 5440 955 5487 ιι,
990 5423 1043 5477 5.
1159 5426 1203 5458 ³⁸
1230 5425 1388 5481 Joan.
1426 5444 1501 5491 ix,
1540 5428 1629 5486 29.

464 5483 506 5515 “
537 5485 696 5541 Joan.
740 5509 833 5563 vn,
871 5483 957 5547 l8.
1072 5495 1117 5526 δ’
1147 5494 1257 5552 Tit.
1290 5514 1329 5563 ι,
1367 5486 1457 5553 l6.

1743 5434 1787 5467 ³⁷
1829 5432 1985 5489 Joan.
2040 5453 2092 5501 v,
2141 5436 2229 5491 δε.

2166 4656 2329 4712 ἀλλὰ
2355 4659 2469 4723 τὴν
2492 4655 2683 4719 δόξαν
2712 4652 2814 4708 τοῦ
2839 4646 3194 4717 πέμψαντός
3209 4662 3304 4715 με.

2254 4750 2402 4804 ΑΜ*
2431 4776 2500 4787 —-
2522 4764 2619 4817 με.
2668 4746 2727 4799 Ὀ
2762 4742 2952 4814 Πατὴρ
2982 4745 3077 4795 καὶ
3104 4741 3257 4803 Θεὸς,
3298 4739 3372 4801 ὡς
3401 4737 3621 4806 πέμψας
3653 4753 3745 4803 με,

2162 4839 2345 4903 καθὼς
2368 4837 2456 4892 διὰ
2493 4838 2602 4891 τῶν
2635 4832 2932 4905 προφητῶν
2962 4831 3334 4902 ἐπηγγείλατο
3361 4846 3373 4860 ·
3408 4831 3456 4881 εί
3502 4828 3557 4881 δὲ
3615 4827 3743 4895 ἀλη-

2162 4932 2306 4994 Θινδς
2331 4933 2357 4981 ὁ
2386 4928 2627 4998 πέμψας,
2650 4927 2901 4998 ἀληθινὸς
2921 4928 3029 4998 ἄρα
3050 4926 3143 4980 καὶ
3177 4926 3205 4979 ὁ
3228 4923 3519 4994 πεμφθεὶς,
3548 4922 3644 4993 τῆς
3666 4920 3741 4991 (8i

2162 5020 2327 5073 αὑτοῦ
2357 5018 2573 5087 φύσεως
2597 5016 2693 5073 ὢν.

2238 5114 2348 5165 “Or
2374 5141 2444 5151 —
2470 5110 2693 5166 οἴδατε.
2736 5110 2823 5173 Ὠς
2857 5112 2969 5174 τοῖς
2993 5108 3175 5180 ἔργοις
3198 5103 3523 5177 ἀρνούμενοι
3553 5103 3738 5158 αὐτόν.

2160 5206 2297 5274 Φησὶ
2328 5203 2438 5274 γὰρ
2473 5205 2616 5256 καὶὸ
2666 5202 2988 5264 Ἀπόστολος
3028 5200 3111 5253 ὅτι
3136 5197 3286 5252 Θεὸν
3336 5193 3738 5267 ὁμολογοῦσιν

2160 5295 2404 5361 εὶδένίιι,
2424 5294 2547 5360 τοῖς
2580 5294 2648 5347 δὲ
2676 5295 2874 5363 ἔργοις
2909 5292 3253 5362 ἀρνοῦνται.

2343 5438 2388 5469 ³⁸
2420 5438 2551 5493 ibid.
2592 5438 2683 5492 '56.
2798 5437 2841 5469 "
2875 5436 3004 5491 ibid.
3039 5436 3128 5489 39.
3239 5434 3285 5465 “
3310 5433 3497 5487 Matth.
3532 5445 3604 5484 ιτ.
3641 5427 3731 5483 ἹΞ.

1663 5568 1856 5633 νει-ἰῶ
1907 5570 2212 5634 lectiones
2247 5580 2309 5634 et
2342 5585 2524 5635 notae.

536 5704 613 5817 ea
644 5705 817 5817 ῑοξτο
861 5706 919 5761 υ-
988 5779 999 5788 -

535 5775 613 5841 (ll
644 5775 853 5831 Inclusa
886 5779 1207 5836 exciderunt
1238 5782 1304 5834 Α.

534 5844 613 5915 ιδ)
635 5844 703 5900 At
728 5846 846 5904 loco
887 5850 1002 5912 καί,
1036 5849 1096 5906 Β.

2234 5716 2308 5781 (6)
2340 5716 2552 5770 Είδέναι
2586 5733 2654 5784 με
2688 5716 2754 5769 ἐκ
2803 5716 2895 5769 τοῦ
2951 5716 3149 5788 Ἰωσὴφ
3201 5718 3584 5788 προσποιεῖσθε
3661 5723 3725 5775 Α.

2232 5788 2308 5849 (7)
2344 5788 2466 5839 Ὀτι
2496 5789 2649 5842 abest
2680 5788 2747 5841 A.

2228 5858 2304 5927 (3)
2342 5857 2451 5928 Τῆς
2485 5858 2658 5929 αὐτῆς
2689 5858 2751 5926 Α,
2809 5860 2954 5931 quod
2987 5860 3288 5917 chtcnius
3322 5859 3483 5917 etiam
3548 5861 3726 5917 habet.
