4010 6518
244 467 392 536 1273

1186 469 1577 534 COMMENT.
1638 472 1724 535 IN
1781 472 2163 542 JOANNEM.
2201 505 2273 517 -
2320 484 2479 545 CAP.
2520 486 2653 549 VII.

3406 484 3543 553 1274

314 580 469 651 Ἐγὼ
505 610 573 622 -
604 578 745 651 ειμι.
774 578 921 672 Adet
962 580 1021 647 ἐξ
1044 579 1214 635 αὐτοῦ
1248 584 1390 652 είμι,
1427 581 1487 647 ἐξ
1530 583 1700 637 αὐτοῦ
1745 601 1840 651 γε-

2017 589 2175 647 Vers.
2227 592 2321 649 29.
2373 593 2725 666 Ego—sim.
2793 598 2928 668 Quia
2979 617 3046 656 ex
3096 600 3213 672 ipso
3269 616 3414 665 sum,
3472 617 3541 657 ex

241 673 540 743 γέννημαι.
575 672 681 726 Καὶ
713 671 891 727 ὀπίσω
928 672 985 726 δὲ
1024 674 1271 743 εἴρηκεν,
1304 674 1416 743 Οὐχ
1441 671 1533 727 ὅτι
1566 673 1677 729 τὸν
1719 678 1837 729 Πα-

240 765 386 831 τέρα
415 780 505 830 τις
526 763 809 833 ἑώρακεν,
838 765 891 819 sl
904 762 990 834 μὴ
1017 766 1050 818 d
1074 762 1160 815 ὢν
1178 762 1338 833 παρὰ
1357 763 1463 819 τοῦ
1497 764 1669 821 Θεοῦ.

314 947 602 1013 Κάκεῖνός
628 963 707 1015 με
727 947 1070 1001 ἀπέστειλε.
1099 948 1349 1019 Συνεχῶς
1368 946 1517 1017 λέγει
1559 950 1691 1021 περὶ
1730 951 1835 1019 τῆς

240 1041 570 1105 ἀποστολῆς,
639 1040 973 1111 βουλόμενος
1023 1042 1211 1093 πεῖσαι
1272 1040 1475 1105 αὐτοὺς
1503 1042 1587 1095 ὅτι
1638 1041 1704 1096 ἑκ
1738 1040 1837 1095 τοῦ

240 1132 380 1185 Θεοῦ
412 1133 778 1197 ἀπέσταλται,
817 1134 911 1186 καὶ
966 1132 1068 1186 οὐκ
1110 1130 1259 1185 ἔστιν
1302 1133 1550 1197 ἀντίθεος
1590 1132 1666 1198 ὡς
1700 1150 1842 1203 προ-

241 1224 503 1287 λαϐόντες
534 1227 861 1296 εἰρήκαμεν.
899 1224 1053 1296 Ἀμα
1078 1225 1133 1278 δὲ
1158 1226 1253 1279 καὶ
1284 1226 1364 1288 είς
1400 1225 1704 1297 θεραπείαν
1725 1224 1837 1279 τῶν

242 1318 703 1386 προσισταμένων
732 1317 914 1379 αὐτοῖς
943 1316 1272 1387 θεοπρεπῶν
1301 1316 1569 1385 ῥημάτων
1591 1315 1628 1371 ἃ
1666 1333 1839 1385 παρε-

244 1409 441 1479 μίγνυε
480 1409 737 1474 πολλάκις
764 1412 877 1473 τοῖς
905 1408 1439 1480 ἀνθρωποπρεπὲσιν
1473 1410 1662 1464 αὑτοῦ.

316 1502 602 1569 Ἐζήτουν
633 1533 702 1543 —
725 1501 964 1558 πιάσαι.
1016 1502 1370 1574 Ἐπλήγησαν
1403 1502 1513 1573 γὰρ
1564 1501 1839 1557 ἀκούσαν-

235 1612 333 1661 τες
365 1598 446 1650 ὅτι
480 1598 591 1649 Ὃν
628 1596 801 1665 ὑμεῖς
828 1596 942 1650 οὐκ
961 1593 1186 1651 οῖδατε.

314 1780 426 1835 Kal
453 1810 523 1820 —
563 1779 775 1850 κεῖραι
807 1778 1124 1851 Ἐπείχοντο
1156 1779 1267 1850 γὰρ
1314 1780 1562 1848 ἀοράτως
1598 1778 1705 1835 ὑπὸ
1735 1780 1837 1851 τῆς

244 1872 479 1943 ἐνούσης
511 1874 588 1943 (9)
618 1871 770 1943 αὑτῷ
804 1871 955 1936 θείας
979 1871 1289 1943 δυνάμεως.

312 1965 536 2018 Ὀτι-
561 1963 769 2019 αὐτοῦ.
819 1962 888 2016 Ἦ
925 1962 1023 2017 τοῦ
1076 1962 1459 2034 συλληφθῆναι
1503 1964 1601 2018 καὶ
1636 1963 1835 2017 παθεῖν

242 2056 433 2111 αὐτόν.

313 2148 543 2204 Πολλοὶ
572 2178 641 2190 -—
662 2148 873 2203 αὐτόν.
910 2146 1051 2201 ’Υπό
1077 2163 1139 2201 τε
1168 2147 1278 2200 τῶν
1311 2146 1705 2218 προλαϐόντων
1732 2165 1828 2219 ση-

246 2242 439 2314 μείων,
479 2241 586 2295 ὑπό
609 2258 668 2294 τε
694 2239 805 2294 τῶν
832 2240 959 2311 ἄρτι
992 2240 1270 2310 ῥηθέντων
1286 2240 1466 2309 λόγων
1496 2240 1831 2307 ἑαλωκότες.

310 2336 420 2391 Kal
472 2366 543 2376 —
593 2332 891 2401 ἐποίησεν
904 2350 925 2398 ;
951 2334 1016 2387 El
1070 2335 1162 2385 καὶ
1189 2333 1548 2399 ἐπίστευσαν,
1586 2335 1705 2388 ἀλλ’
1738 2336 1839 2407 οὐχ

239 2426 433 2497 ὑγιῶς.
464 2427 726 2489 Είπὸντις
778 2426 884 2496 γάρ
935 2426 1019 2480 ὅτι
1055 2425 1120 2480 '0
1150 2427 1407 2493 Χριστὸς
1463 2427 1613 2481 ὅταν
1646 2426 1833 2496 ἔλθῃ,

238 2520 452 2587 ιδειξαν
476 2521 561 2575 ὅτι
585 2520 686 2574 οὐκ
710 2521 1041 2573 ἐπίστευσαν
1074 2518 1316 2590 βεϐαίως
1343 2520 1509 2573 αὐτὸν
1550 2514 1695 2573 εἶναι
1742 2521 1836 2574 τὸν

239 2610 503 2682 Χριστὸν,
543 2611 661 2665 ἀλλ’
694 2609 1041 2681 ἀμφιόὁλως,
1075 2610 1153 2674 ὡς
1181 2610 1432 2679 ἀγελαῖοι
1476 2611 1574 2665 καὶ
1614 2612 1834 2682 κοῦφοι.

314 2794 385 2850 Ἢ
420 2796 513 2850 καὶ
536 2793 663 2848 καθ’
691 2793 952 2847 ὑπόθεσιν
979 2792 1141 2847 τοῦτο
1158 2788 1336 2858 εἷπον,
1372 2794 1456 2846 ὅτι
1479 2792 1696 2864 Θῶμεν,
1717 2794 1838 2849 ἔτι·

239 2907 340 2960 ρον
370 2885 513 2943 εἶναι
543 2887 636 2941 τὸν
669 2887 931 2959 Χριστὸν.
965 2886 1041 2951 ὠς
1083 2888 1132 2939 οῖ
1172 2886 1438 2957 ἄρχοντες
1457 2887 1712 2956 λέγουσιν
1736 2903 1749 2917 ⁸
1808 2890 1839 2943 ὀ

242 2984 480 3053 Χριστὸς
506 2981 566 3034 ὃν
599 2981 753 3034 αὐτοί
782 2984 991 3048 φασιν,
1019 2978 1151 3032 ὅταν
1188 2978 1340 3051 ἔλθῃ,
1380 2980 1456 3050 μή
1490 2997 1549 3033 τι
1591 2980 1839 3034 δυνατώ-

238 3093 399 3147 τερος
430 3076 584 3128 ισται
618 3072 817 3127 τούτου
844 3090 858 3137 ;
884 3071 1029 3142 οὐχί,

1947 683 2070 751 ipso
2114 692 2275 739 natus
2330 702 2474 744 sum.
2537 688 2671 744 Nam
2709 700 2763 747 et
2817 693 2871 746 in
2920 693 3303 763 superioribus
3344 693 3480 748 dixit
3521 711 3537 749 :

1943 773 2065 829 Non
2095 777 2235 841 quod
2267 776 2487 833 Patrem
2520 782 2791 853 quispiam
2815 785 3021 847 viderit,
3057 786 3163 839 nisi
3184 786 3228 839 is
3256 784 3347 854 qui
3373 802 3406 839 a
3430 784 3541 840 Deo

1943 878 2019 923 est
2053 867 2120 922 ⁸³.

2016 961 2173 1017 Vers.
2201 961 2293 1017 29.
2334 962 2400 1015 Et
2431 963 2522 1019 ille
2557 982 2637 1020 me
2672 968 2833 1021 misit.
2867 968 3139 1023 Continue
3168 968 3237 1024 de
3275 968 3541 1023 missione

1942 1055 2208 1124 loquitur,
2272 1055 2463 1111 volens
2518 1059 2624 1113 illis
2684 1059 3038 1130 persuadere,
3093 1059 3241 1129 quod
3315 1074 3346 1114 s
3430 1058 3541 1113 Deo

1940 1149 2147 1206 missus
2176 1159 2345 1213 esset,
2376 1165 2478 1207 nec
2513 1151 2623 1206 Deo
2656 1151 2969 1206 contrarius
3000 1160 3166 1215 esset,
3204 1151 3347 1206 sicut
3376 1160 3539 1206 antea

1942 1244 2227 1309 diximus;
2264 1246 2428 1301 simul
2456 1245 2620 1301 etiam
2652 1244 2721 1299 ad
2766 1243 3096 1298 medendum
3127 1242 3329 1298 divinis
3358 1241 3542 1296 verbis

1940 1336 2141 1407 quibus
2173 1337 2294 1391 illos
2328 1335 2657 1399 oﬁenderat,
2692 1350 2813 1404 qua:
2854 1333 3173 1404 frequenter
3202 1331 3385 1388 verbis
3437 1332 3542 1386 hu-

1942 1443 2108 1482 mano
2143 1440 2297 1480 more
2324 1425 2483 1481 dictis
2516 1425 2905 1495 permiscebat.

2017 1520 2172 1575 Vers.
2229 1520 2334 1576 50.
2410 1518 2731 1590 ngrebant
2793 1546 2864 1556 —
2916 1515 3327 1583 apprehendere.
3402 1509 3539 1566 Nam

1940 1629 2084 1685 aegre
2135 1614 2423 1669 audierant
2478 1611 2751 1667 dicentem
2805 1626 2821 1665 :
2883 1607 3054 1673 Quem
3105 1622 3193 1659 vos
3270 1620 3376 1659 non
3443 1619 3540 1657 no-

1943 1704 2112 1759 sistis.

2014 1796 2268 1852 νει-830.
2302 1795 2368 1850 Et
2398 1824 2467 1835 —-
2491 1806 2732 1847 manum.
2773 1788 3129 1843 Tenebantur
3166 1784 3439 1856 siquidem
3472 1781 3541 1838 ab

1945 1888 2096 1943 unita
2143 1887 2243 1957 ipsi
2291 1886 2475 1941 divina
2509 1885 2730 1938 virtute.

2012 1979 2180 2034 Vers.
2244 1979 2353 2033 30.
2414 1975 2553 2042 Quia
2600 2003 2670 2015 --
2709 1972 2847 2042 ejus.
2901 1966 3022 2035 Qua
3080 1965 3259 2023 teneri
3309 1980 3374 2021 ac
3430 1967 3543 2036 pati

1940 2073 2283 2129 decreverat.

2014 2163 2172 2219 Vers:
2208 2164 2299 2217 3t.
2340 2155 2787 2214 Multi—illum.
2831 2155 2871 2206 A
2903 2149 3181 2221 praedictis
3232 2148 3427 2221 signis,
3483 2155 3542 2202 et

1943 2275 1971 2313 a
2003 2254 2353 2312 sermonibus
2386 2250 2548 2307 modo
2586 2246 2748 2303 dictis
2781 2245 2947 2315 capti.

2014 2347 2169 2403 Vers.
2212 2346 2303 2401 3|.
2342 2343 2510 2398 Et—
2538 2341 2695 2413 fecit?
2738 2335 3109 2393 Crediderunt
3136 2331 3382 2400 quidem,
3430 2345 3539 2383 non

1941 2450 2124 2497 tamen
2186 2437 2430 2509 perfecte
2477 2448 2684 2488 :-nam
2763 2430 3009 2485 dicentes
3057 2443 3071 2479 :
3131 2424 3368 2481 Christus
3422 2437 3540 2475 cum

1941 2534 2161 2594 venerit,
2214 2528 2581 2586 ostendebant
2646 2540 2705 2579 se
2754 2538 2869 2578 non
2930 2519 3161 2575 ﬁrmiter
3216 2515 3538 2579 credidisse,

1942 2642 2068 2681 eum
2102 2639 2225 2680 csse
2271 2622 2574 2681 Christum.
2622 2617 2720 2675 sed
2767 2615 2935 2671 dubio
2971 2612 3158 2678 modo,
3208 2618 3402 2681 utp0te
3442 2607 3543 2663 ab-

1940 2720 2067 2791 jecti
2104 2728 2159 2773 et
2186 2717 2354 2771 leves.

2017 2812 2126 2865 Aut
2183 2808 2237 2862 id
2296 2822 2364 2862 ex
2424 2802 2807 2874 suppositione
2876 2799 3135 2854 dixerunt
3190 2811 3205 2848 :
3266 2791 3542 2847 Ponamus

1943 2902 2291 2977 postmodum
2325 2908 2615 2953 venturum
2645 2908 2771 2949 esse
2813 2891 3121 2949 Christum,
3152 2885 3317 2940 veluti
3352 2884 3544 2938 dicunt

1943 2970 2219 3066 principes
2274 2987 2624 3042 sacerdotum
2681 2980 2992 3036 :Christus
3037 2978 3148 3042 ille,
3202 2989 3368 3044 quem
3436 2970 3540 3042 ipsi

1945 3063 2159 3143 dicunt,
2184 3094 2309 3134 cum
2347 3076 2583 3138 venerit,
2630 3088 2764 3127 num
2815 3073 2921 3126 hoc
2960 3068 3132 3140 magis
3184 3063 3539 3121 admirandus

1945 3171 2088 3227 erit?
2118 3183 2487 3239 nequaquam.

316 3244 639 3298 Ἤκουσαν
669 3268 739 3281 -
762 3236 971 3291 ταῦτα.
1030 3235 1316 3288 Ἤκουσαν
1354 3235 1411 3287 ὲν
1447 3233 1614 3307 ἑτέρᾳ
1650 3235 1840 3308 ἡμέρᾳ

2018 3262 2175 3317 Vers.
2208 3233 2299 3316 ἐξ.
2320 3233 2638 3314 Ἀυάὶενιιπι
2668 3283 2737 3296 --
2767 3255 2898 3308 ἠως.
2949 3251 3261 3306 Audierunt
3289 3243 3543 3316 sequenti

242 3336 514 3408 δηλονότι.
549 3329 919 3400 Γογγύζοντος
953 3326 1032 3394 δὲ,
1077 3327 1249 3398 ἤγουν
1296 3327 1395 3380 σὺν
1426 3328 1734 3399 γογγυσμῷ
1763 3329 1840 3401 τῷ

246 3428 389 3484 κατά
424 3429 532 3481 τῶν
564 3423 843 3495 ἀρχόντων
874 3419 1155 3488 λέγοντος.

316 3519 429 3575 Kal
460 3546 531 3556 —
562 3515 775 3569 αὐτόν.
819 3515 909 3578 Ὠς
941 3512 1319 3582 ἀποσχίζοντα
1340 3513 1432 3567 τὸν
1452 3513 1604 3567 λαόν.
1652 3514 1718 3566 Ἦ
1742 3512 1844 3583 τῆς

249 3609 472 3682 μανίας,
536 3607 742 3679 μᾶλλον
805 3606 863 3659 δὲ
914 3606 1016 3676 τῆς
1077 3605 1299 3669 ἀνοίαςί
1355 3608 1518 3659 Αὐτοὶ
1576 3605 1843 3668 πολλάκις

256 3702 719 3773 ιπιχειρήσαντες
750 3700 847 3752 καὶ
877 3698 979 3752 οὐκ
1013 3698 1337 3770 ίσχύσαντες
1377 3701 1493 3761 τοῖς
1529 3698 1844 3768 ὑπηρέταις

248 3796 308 3849 τὸ
337 3796 575 3867 πρᾶγμα
622 3791 961 3862 ἐπέτρεψαν,
1010 3792 1102 3844 τόν
1144 3806 1206 3843 τε
1249 3791 1423 3861 θυμὸν
1478 3790 1844 3861 παραμυθού-

252 3905 428 3961 μενοι,
458 3889 552 3940 καὶ
602 3886 701 3956 τὴν
743 3884 1036 3938 ἀσθένειαν
1074 3882 1287 3937 ἑαυτῶν
1340 3882 1841 3951 συγκαλύπτοντες.

322 4071 513 4131 Εἷπεν
541 4104 608 4116 -
632 4076 771 4144 ειμι.
804 4072 1005 4140 Ἔλεγε
1038 4071 1139 4141 μὲν
1184 4069 1322 4141 πρὸς
1353 4070 1413 4124 τὸ
1432 4069 1665 4142 πλῆθος,
1696 4072 1844 4125 ἀπε-

250 4170 460 4226 τείνετο
514 4169 571 4222 δὲ
612 4167 751 4239 πρὸς
798 4165 928 4230 τοὺς
979 4165 1419 4229 ἀποστείλαντας
1478 4166 1607 4229 τοὺς
1640 4166 1847 4239 ὑπηρέ-

252 4280 372 4327 τας.
406 4260 804 4331 Δυσωπητικδν
827 4259 886 4312 δὲ
912 4258 976 4313 τὸ
1006 4258 1161 4331 ῥῆμα
1185 4256 1327 4327 πρὸς
1360 4257 1715 4330 καταστολὴν
1744 4260 1846 4329 τῆς

254 4356 455 4428 μανίας
509 4352 695 4407 αὐτῶν
722 4368 737 4383 ·
783 4353 916 4407 Ἔτι
959 4350 1185 4420 μικρὸν
1235 4351 1463 4419 χρόνον
1506 4350 1636 4418 μεθ’
1682 4350 1849 4419 ὑμῶν

248 4450 391 4521 ειμι,
428 4449 524 4502 τὸν
572 4446 702 4517 ἄχρι
758 4443 853 4498 τοῦ
904 4444 1099 4514 Πάσχα
1161 4440 1340 4512 δηλῶν
1371 4456 1389 4473 ο
1437 4441 1630 4495 τοῦτον
1688 4443 1850 4496 μόνον

248 4542 608 4613 ἀναμείνατε.

323 4638 437 4695 Kal
464 4666 537 4676 —
574 4652 676 4705 με.
710 4635 843 4689 Ὅτε
888 4630 1187 4703 ἀναληφθῶ
1218 4630 1299 4696 είς
1330 4630 1424 4683 τὸν
1451 4629 1705 4701 οὐρανόν.

328 4820 640 4890 Ζητήσετέ
666 4850 737 4862 —
770 4819 1087 4890 εὑρήσετε.
1135 4816 1298 4880 Εἰκὸς
1338 4815 1448 4887 γὰρ
1499 4815 1736 4876 πολλοὺς
1793 4814 1854 4879 ἐξ

255 4917 442 4971 αὐτῶν
481 4912 850 4987 μνημονεύειν
873 4911 1067 4977 αὐτοῦ,
1106 4911 1203 4965 καὶ
1232 4909 1417 4980 ζητεῖν
1439 4908 1604 4963 αὐτὸν
1629 4908 1850 4979 βοηθὸν,

256 5012 353 5066 καὶ
394 5007 600 5079 μᾶλλον
628 5005 1008 5076 ἁλισκομένων
1042 5003 1154 5059 τῶν
1222 5001 1639 5074 Ἰεροσολύμων.

339 5197 445 5256 Kal
481 5227 554 5237 —
582 5195 805 5253 ἐλθεῖν.
832 5194 1008 5248 Ὅπου
1036 5191 1154 5263 εἰμὶ
1181 5191 1328 5249 τότε.
1357 5188 1521 5261 Δηλοῖ
1545 5189 1603 5244 δὲ
1630 5189 1732 5262 τὴν
1761 5192 1855 5245 ἐπὶ

266 5292 366 5348 τοῦ
399 5290 634 5362 οὐρανοῦ
662 5291 719 5343 ὲν
747 5287 899 5359 δεξιᾷ
943 5286 1038 5339 τοῦ
1074 5285 1297 5357 [ἰατρὸς
1332 5284 1630 5356 καθέδραν.

337 5381 528 5441 Εἶπον
554 5413 627 5423 -
651 5381 888 5447 ἐλθεῒγ;
952 5377 1200 5433 Ἔπαθόν
1243 5395 1297 5433 τι
1327 5377 1464 5448 πρὸς
1485 5378 1625 5441 ,τοὺς
1658 5378 1852 5449 λόγους

265 5477 461 5547 αὐτοῦ,
518 5474 939 5546 δυσωπηθέντες
996 5473 1221 5537 αὐτοὺς,
1271 5472 1369 5525 καὶ
1428 5470 1656 5541 ζητοῦσι
1715 5477 1853 5543 πρὸς

376 5661 420 5692 ⁸⁸
453 5660 609 5716 Jom.
642 5675 717 5727 vt,
742 5660 832 5726 £6,

1946 3351 2202 3407 videlicet
2240 3351 2349 3405 die.
2404 3347 2838 3402 Murmurantem
2880 3357 3031 3407 vero,
3072 3342 3189 3396 sive
3226 3354 3352 3394 cum
3385 3352 3541 3390 mur-

1946 3461 2105 3502 mure
2135 3444 2400 3499 adversus
2436 3438 2718 3511 principes
2759 3438 3094 3506 loquentem.

2023 3539 2176 3593 Vers.
2231 3536 2323 3590 52.
2375 3533 2706 3587 Et—eum.
2767 3526 3053 3596 Tanquam
3106 3528 3543 3578 commoventem

1947 3630 2210 3703 populum
2251 3626 2318 3681 ad
2351 3624 2699 3681 seditionem.
2731 3619 2777 3675 Ο
2813 3616 3173 3673 dementiam.
3220 3612 3393 3679 magis
3444 3624 3546 3664 au-

1950 3735 2060 3779 tem
2096 3719 2397 3775 insaniam!
2433 3716 2569 3771 Cum
2595 3713 2698 3784 ipsi
2729 3711 3042 3781 frequenter
3079 3713 3405 3769 tentassent,
3441 3717 3546 3757 nec

1948 3814 2281 3887 potuissent,
2332 3810 2602 3865 ministris
2660 3819 2776 3860 rem
2838 3800 3290 3857 commiserunt:
3367 3804 3426 3850 ut
3479 3794 3549 3849 de

1949 3906 2139 3960 furore
2171 3900 2605 3958 consolationem
2634 3894 2972 3964 acciperent,
3015 3903 3170 3946 suam
3227 3896 3412 3941 autem
3441 3883 3549 3937 im-

1950 3997 2307 4054 becillitatem
2362 3992 2732 4049 occultarent.

2020 4090 2185 4145 Vers.
2232 4088 2324 4143 33.
2359 4084 2595 4139 Dixit—
2626 4096 2767 4136 sum.
2824 4072 3161 4131 Multitudini
3202 4069 3423 4141 quidem
3462 4068 3549 4121 lo-

1952 4184 2285 4258 quebatur:
2342 4176 2669 4235 intendebat
2731 4179 2915 4226 autem
2974 4168 3042 4222 ad
3103 4164 3405 4224 ministros,
3456 4158 3549 4230 qui

1952 4257 2105 4335 missi
2137 4283 2297 4333 erant
2332 4293 2346 4329 :
2376 4281 2459 4328 est
2500 4271 2649 4326 enim
2696 4262 3025 4338 placationis
3057 4260 3283 4314 verbum
3311 4257 3376 4311 ad
3429 4269 3550 4309 cor-

1953 4370 2269 4441 ruptionem
2300 4363 2529 4421 insaniae
2560 4361 2778 4415 illorum
2819 4370 2834 4412 :
2869 4354 3050 4409 Aa’hue
3076 4347 3281 4405 modico
3320 4359 3552 4413 tempore

1954 4434 2221 4517 vobiscum
2252 4476 2388 4518 sum,
2447 4452 2764 4526 signiﬁcans
2820 4455 3039 4517 tempus
3096 4455 3272 4511 usque
3326 4438 3394 4494 ad
3443 4434 3549 4490 Pa-

1956 4552 2088 4608 scha
2143 4566 2159 4605 :
2211 4551 2315 4605 hoc
2354 4561 2484 4618 ergo
2516 4543 2692 4599 solum
2723 4536 3060 4608 exspectate.

1878 4613 1931 4673 υ
2028 4641 2184 4698 Vers.
2249 4641 2340 4696 55.
2409 4613 2476 4691 ἐι
2519 4664 2591 4677 ——
2636 4649 2739 4687 me.
2817 4628 2957 4684 Cum
3016 4639 3265 4681 assumar
3328 4623 3385 4676 in
3436 4635 3550 4676 cce-

1953 4739 2187 4881 l“Illius.
2217 4825 2308 4879 54.
2337 4819 2599 4887 ριιαξγειίσ
2643 4846 2708 4857 —-
2733 4813 3029 4869 invenietis.
3060 4807 3345 4879 Siquidem
3406 4801 3553 4859 veri-

1956 4919 2132 4976 simile
2187 4925 2293 4980 est,
2348 4912 2495 4983 quod
2556 4907 2714 4965 multi
2789 4919 2980 4961 eorum
3058 4897 3329 4956 recordati
3383 4896 3557 4967 ipsius

1959 5011 2299 5082 quaesierunt
2351 5020 2476 5060 eum
2542 5000 2948 5064 auxiliatorem,
3007 5004 3063 5048 et
3121 4992 3360 5047 maxime
3424 4989 3553 5042 dum

1964 5102 2342 5173 Hierosolyma
2378 5102 2732 5167 caperentur.

2040 5195 2194 5252 Vers.
2223 5171 2317 5249 34.
2362 5191 2431 5245 Et
2461 5219 2529 5229 —
2556 5188 2753 5242 venire.
2789 5183 2885 5239 Ubi
2915 5189 3047 5235 tunc
3099 5193 3216 5233 ero.
3274 5171 3557 5246 Signiﬁcat

1960 5298 2143 5346 autem
2181 5286 2482 5343 sessionem
2526 5282 2595 5336 ad
2624 5281 2902 5335 dexteram
2932 5272 3132 5327 Patris.

2034 5383 2192 5437 Vers.
2254 5378 2345 5434 55.
2403 5376 2662 5431 Dixerunt
2713 5400 2784 5411 —
2828 5366 2988 5422 Vers.
3035 5363 3123 5420 56.
3190 5359 3406 5415 venire?
3465 5355 3558 5410 Ai-

1964 5475 2089 5531 fceti
2136 5468 2542 5542 quodammodo
2579 5473 2705 5523 sunt
2750 5463 2816 5518 ad
2848 5472 3139 5517 sermones
3169 5456 3308 5526 ejus,
3360 5450 3558 5521 quibus

1438 5742 1642 5804 Variae
1670 5741 1981 5803 lectiones
2028 5744 2090 5800 et
2135 5745 2329 5800 notae.

348 5928 421 5998 (9)
504 5923 761 5991 Ἑνςὺςης
792 5923 857 5980 Α.
902 5922 1032 5976 Tale
1077 5922 1205 5992 quid
1284 5922 1502 5978 videtur
1558 5919 1830 5992 reperisse
1864 5915 2191 5973 llcntcuius.
2230 5912 2337 5972 Sed
2381 5913 2457 5969 ita
2492 5907 2877 5982 corrigendum
2920 5915 3065 5963 esset
3093 5904 3411 5975 ἐνωοείσης.
