4010 6470
507 412 653 472 12ῖό

1777 394 2162 461 EUTHYMII
2206 393 2570 457 ZIGABENI

3630 383 3761 452 1276

499 519 880 592 placabantur,
937 527 993 572 et
1048 521 1299 588 quierunt
1347 513 1491 569 inter
1547 527 1690 575 sese,
1735 525 1845 566 non
1902 507 2104 563 intelli-

2219 505 2437 569 ἑαυτοὺς
2470 507 2547 578 μὴ
2573 506 2827 571 νοοῦντες
2867 506 2934 561 τὰ
2965 504 3218 576 ῥηθέντα.
3246 504 3554 576 Διασπορὶν
3581 505 3637 558 δὲ
3669 507 3772 559 τῶν

503 619 702 681 gentes
753 627 816 665 ea
880 624 1002 681 quae
1073 608 1435 664 dicebantur.
1494 604 1901 674 Dispersionem
1963 615 2096 654 vero

502 703 819 760 Graecorum
876 702 1135 757 dicebant
1169 710 1383 772 gentes,
1419 714 1539 769 qua:
1577 697 1778 766 ubique
1825 705 2094 750 terrarum

503 799 764 866 dispersae
811 805 991 862 erant,
1025 806 1082 850 et
1121 794 1272 848 nullo
1306 792 1633 862 prohibente
1675 789 1820 843 inter
1851 802 1910 842 se
1946 801 2097 840 eom-

513 887 908 952 miscebantur.
965 901 1090 940 cum
1143 884 1243 954 ipsi
1298 883 1468 937 solam
1505 879 1880 936 inhabitarent
1927 876 2098 930 Palae-

506 980 734 1042 stinam,
794 993 848 1033 et
883 995 913 1032 a
952 979 1069 1049 lege
1120 974 1552 1047 prohiberentur
1600 972 1812 1027 caeteris
1871 968 2102 1024 commi-

509 1057 648 1124 sceri
687 1071 962 1140 gentibus.
1426 1065 1430 1070 ’

578 1159 737 1214 Vers.
775 1162 861 1213 37.
899 1161 1058 1215 1η-
1084 1160 1251 1216 bibat.
1289 1159 1508 1215 Primus
1541 1172 1606 1211 ac
1635 1164 1948 1226 postremus
1982 1151 2102 1206 dies

513 1254 642 1306 dicti
689 1253 806 1305 festi
857 1255 1320 1324 Scenopegiorum
1354 1252 1531 1321 magni
1564 1249 1934 1311 habebantur,
1975 1245 2103 1313 quia

507 1345 560 1398 in
599 1346 680 1397 his
719 1323 1020 1399 studiosius
1047 1347 1101 1399 in
1123 1323 1297 1400 unum
1329 1344 1540 1400 collecti
1571 1342 1773 1397 divinis
1809 1339 2100 1401 vacabant,

507 1453 602 1492 eos
623 1439 710 1506 qui
736 1438 787 1490 in
817 1439 993 1491 medio
1012 1447 1169 1491 erant
1195 1439 1247 1490 in
1275 1435 1484 1490 deliciis
1511 1439 1926 1488 consumentes.
1951 1428 2106 1483 Tunc

507 1543 657 1598 ergo,
689 1543 814 1582 eum
858 1527 1234 1596 unusquisque
1265 1525 1541 1594 completo
1567 1525 1678 1594 jam
1726 1523 1865 1576 festo
1903 1520 1959 1573 in
1991 1519 2091 1574 do-

508 1636 656 1674 mum
681 1637 833 1674 snam
863 1636 1182 1675 recessurus
1199 1628 1339 1683 erat,
1372 1617 1616 1671 decrevit
1637 1613 1948 1670 volentibus
1973 1611 2107 1666 dare

507 1713 768 1766 viaticum
809 1713 875 1766 ad
925 1712 1182 1769 salutem.
1232 1719 1289 1764 et
1322 1709 1601 1772 clamavit,
1651 1705 1952 1761 ostendens
1995 1719 2104 1773 qua

2217 597 2488 666 Ἐλλήνων
2523 599 2713 668 ἔλεγον
2745 598 2816 653 τὰ
2850 599 3000 669 έθνη,
3034 599 3122 652 διὰ
3164 599 3226 652 τί,
3256 598 3579 668 διεσπάρθαι
3643 614 3777 650 παν-

2201 689 2397 759 ταχοῦ,
2435 692 2532 745 καὶ
2577 690 2877 754 ἀκωλύτως
2922 690 3178 760 ἀλλήλοις
3216 683 3633 760 ἐπιμίγνυσθαι,
3679 688 3778 742 αὒο

2201 786 2286 834 τοὶ
2320 783 2491 853 μόνην
2517 783 2795 846 οἰκοῦντες
2825 783 2924 853 τὴν
2950 783 3348 853 Παλαιστίνην,
3379 784 3473 835 καὶ
3513 781 3664 852 παρὰ
3683 779 3775 833 τοῦ

2205 875 2372 945 νόμου
2407 876 2746 946 κωλυόμενοι
2802 875 3202 945 ἐπιμίγνυσθαι
3252 878 3364 938 τοῖς
3408 873 3778 942 ἀλλογενέσιν.

2289 1135 2394 1187 Ἐν
2421 1162 2489 1172 ——
2518 1131 2758 1186 πινέτω.
2809 1129 2920 1183 Καὶ
2949 1131 2981 1200 ή
3016 1127 3211 1201 πρώτη
3245 1129 3426 1198 ἡμέρα
3474 1125 3572 1195 τῆς
3608 1125 3785 1196 δηλω-

2208 1230 2398 1302 θείσης
2425 1231 2621 1303 ἑορτῆς
2650 1230 2763 1283 τῶν
2816 1227 3212 1298 Σκηνοπηγὶων
3265 1225 3415 1295 καὶὴ
3450 1223 3655 1294 ἐσχάτη
3691 1240 3785 1290 με-

2205 1324 2371 1391 γάλαι
2427 1323 2762 1394 ἐνομίζοντο.
2815 1322 2906 1374 Διὸ
2957 1319 3066 1394 ’καὶ
3119 1317 3538 1386 σπουδαιότερον
3572 1317 3628 1366 ὲν
3659 1313 3790 1366 ταύ-

2205 1432 2328 1478 ταις
2390 1414 2776 1484 συλλεγόμενοι
2822 1415 2937 1476 τοῖς
2997 1409 3162 1472 θείοις
3219 1407 3529 1477 ἐσχόλαζον,
3582 1407 3680 1468 τὰς
3734 1406 3789 1457 ὲν

2205 1509 2285 1579 τῷ
2353 1508 2506 1579 μέσῳ
2563 1508 2764 1576 μᾶλλον
2817 1507 2898 1568 είς
2950 1502 3165 1573 τρυφὰς
3204 1500 3609 1560 ἀναλίσκοντες.
3657 1497 3790 1549 Τότε

2205 1601 2407 1664 τοίνυν,
2435 1602 2524 1655 ὅτε
2553 1597 3057 1671 συμπληρουμένης
3087 1596 3188 1668 ἥδη
3217 1595 3314 1663 τῆς
3344 1592 3538 1663 ἑορτῆς
3567 1591 3792 1658 ἔμελλεν

2209 1696 2516 1764 ἀναχωρεῖν
2568 1693 2805 1753 ἕκαστος
2865 1690 3072 1752 οἴκαδε,
3133 1686 3386 1757 βούλεται
3440 1684 3627 1736 δοῦναι
3680 1685 3794 1745 τοῖς

510 1804 765 1859 libertate
805 1804 1143 1873 loqueretur,
1182 1812 1315 1858 etut
1365 1815 1556 1856 omnes
1602 1799 1899 1864 audirent;
1949 1796 2104 1853 multi

2219 1791 2564 1860 βουλομένοις
2597 1789 2792 1857 ἐφόδια
2821 1786 2962 1858 πρὸς
2993 1782 3307 1856 σωτηρίανο
3340 1781 3434 1835 καὶ
3463 1779 3662 1850 έκραξε
3697 1780 3794 1873 μέν

508 1896 655 1950 enim
679 1870 1268 1958 cranl.—Dixitautein,
1297 1894 1495 1964 Siquis
1528 1893 1663 1957 sitit,
1697 1890 1787 1945 siti
1815 1889 2102 1956 doctrinae,

2219 1884 2387 1956 δηλῶν
2410 1883 2512 1949 τὴν
2545 1882 2865 1954 παρρησίαν
2898 1878 3090 1939 αὑτοῦ,
3127 1877 3223 1930 καὶ
3256 1876 3341 1929 ἵνα
3391 1874 3591 1932 πάντες
3625 1870 3792 1923 ἁκού-

520 1986 709 2042 Veniat
731 1992 800 2043 ad
821 2006 898 2043 me
930 1998 979 2042 et
1005 1989 1146 2042 bibat
1175 1989 1453 2058 potionem
1496 1985 1836 2055 spiritualem
1875 1999 1890 2048 ;
1925 1997 2106 2052 neque

509 2080 657 2134 enim
677 2096 773 2134 eos
799 2094 1062 2145 convoco,
1097 2080 1192 2150 qui
1216 2095 1326 2133 non
1356 2078 1570 2143 sitiunt,
1598 2077 1694 2132 sed
1719 2075 1814 2146 qui
1845 2074 2108 2129 ardenter

509 2180 775 2242 appetunt
809 2171 1126 2242 huiusmodi
1162 2170 1468 2241 potionem.

582 2425 738 2482 Vers.
783 2427 873 2483 58.
918 2428 1021 2494 Qui
1056 2459 1128 2470 —
1166 2428 1314 2484 viva.
1361 2426 1622 2483 Ventrem
1669 2427 1758 2482 hic
1792 2428 1927 2483 dicit
1965 2443 2104 2495 cor;

510 2521 677 2576 veluti
710 2536 832 2576 cum
857 2522 1096 2576 dicitur:
1139 2522 1202 2576 Et
1243 2523 1406 2592 legem
1435 2532 1582 2574 tuam
1607 2522 1663 2574 in
1695 2523 1868 2575 medio
1908 2523 2105 2576 ventris

511 2615 614 2668 mei
643 2614 708 2668 ⁸⁸.
738 2612 996 2668 Flumina
1027 2631 1158 2669 vero
1181 2631 1359 2684 aqum,
1399 2613 1636 2684 Spiritus
1679 2615 2103 2678 abundantiam,

511 2707 710 2762 divinae
732 2710 920 2778 gratire
953 2707 1351 2776 plenitudinem
1389 2724 1402 2771 ;
1437 2709 1565 2759 υἱυιε
1594 2715 1802 2768 autem,
1849 2706 1954 2759 hoc
1997 2714 2104 2771 est,

511 2818 730 2876 semper
759 2801 1060 2876 aper-antis,
1103 2815 1325 2872 semper
1358 2810 1557 2854 mone:
1593 2814 1718 2853 nam
1751 2815 1875 2856 eum
1924 2798 2104 2852 divina

511 2901 682 2969 gratia
723 2900 920 2952 animae
957 2895 1223 2954 insederit
1260 2942 1275 2966 ,
1315 2895 1438 2953 lens
1478 2892 1734 2959 edicitur,
1781 2907 2109 2964 semperque

509 2993 759 3046 scaturit.
796 2992 990 3048 Petrus
1032 2993 1307 3062 siquidem
1356 3002 1413 3046 et
1463 2991 1686 3058 Paulus,
1736 3008 1793 3047 e;
1838 2994 2109 3062 quotquot

512 3084 731 3140 illorum
765 3087 976 3140 similes
1010 3087 1256 3151 fuerunt,
1291 3086 1533 3141 divinam
1567 3085 1800 3158 gratiam
1847 3086 1904 3140 in
1938 3086 2108 3141 corde

511 3173 873 3228 inundantem
927 3175 1217 3236 habentes,
1281 3193 1389 3231 non
1447 3175 1674 3240 ﬂumen,
1733 3180 1827 3232 sed
1882 3176 2104 3232 ﬂumina

511 3267 914 3336 coneipiebant,
962 3269 1134 3324 multo
1175 3268 1322 3323 ﬂuxu
1364 3271 1744 3337 scaturientia,
1783 3287 1906 3340 qua:
1945 3271 2107 3341 quid-

511 3357 638 3425 quid
671 3359 976 3423 accederet,
1013 3360 1366 3415 attrabebant
1391 3360 1487 3432 (e),
1514 3370 1571 3416 et
1611 3360 1918 3415 inﬁdelium
1955 3361 2111 3415 vani-

511 3449 690 3519 loquia
726 3451 887 3506 undis
914 3452 1230 3506 obruebant
1259 3466 1324 3506 ac
1355 3453 1782 3525 demergebant.

582 3641 785 3708 Quinto
845 3651 1027 3697 autem
1080 3643 1260 3714 capite
1307 3642 1449 3699 diuit
1507 3643 1575 3698 ad
1634 3641 2091 3698 Samaritanam:

513 3735 660 3800 Aqua
687 3751 849 3805 quam
886 3752 979 3806 ego
1010 3736 1167 3800 dabo,
1199 3736 1289 3804 ﬁet
1321 3736 1378 3788 iu
1415 3751 1474 3789 eo
1505 3737 1626 3806 fons
1664 3752 1821 3805 aqua:
1865 3735 2109 3790 salientis

512 3830 567 3880 in
608 3829 771 3882 vitam
806 3839 1062 3883 aztemam
1088 3829 1177 3896 ⁸⁸;
1219 3839 1275 3885 et
1315 3829 1391 3885 ibi
1439 3845 1658 3884 rursum
1694 3829 1812 3901 lege
1849 3829 2110 3884 sinnlium

513 3921 807 3976 verborum
841 3923 1275 3978 enarrationem.

585 4103 713 4157 Post
748 4103 953 4158 dictum
989 4105 1357 4172 autem,8icut
1397 4106 1473 4160 ait
1502 4106 1811 4178 Scriptura,
1853 4113 2107 4181 ponenda

511 4201 597 4245 est
628 4191 938 4248 distinctio.
969 4193 1324 4251 Multifariam
1358 4198 1506 4253 enim
1542 4202 1806 4271 praecepit
1826 4201 2109 4273 Scriptura

512 4282 740 4336 credere
773 4282 825 4335 in
852 4283 1029 4340 illum.

585 4368 745 4424 Vcrs.
791 4371 882 4426 59.
939 4371 1319 4430 [loc—eum.
1369 4377 1502 4444 Hoc,
1555 4388 1708 4449 puta,
1751 4381 2000 4435 Flumina
2046 4383 2112 4436 de

514 4469 692 4514 ventre
725 4462 839 4531 ejus
881 4466 1045 4532 ﬂuent
1064 4483 1218 4535 aqua:
1247 4469 1396 4525 vivw.
1438 4471 1513 4527 De
1546 4472 1759 4542 Spiritu
1792 4490 1948 4538 vero,
1989 4474 2108 4531 sive

515 4553 582 4606 de
606 4555 985 4623 spiritualibus
1010 4559 1224 4628 gratiis.

587 4740 743 4795 Vers.
787 4743 876 4797 '59.
928 4743 1169 4800 Nondum
1198 4777 1268 4787 —
1298 4760 1537 4804 sanctus.
1581 4751 1838 4806 Nondum
1887 4763 2005 4808 erat
2053 4757 2110 4810 in

525 4831 654 4898 illis,
697 4837 787 4905 qui
826 4837 880 4890 in
915 4837 1094 4909 ipsum
1114 4842 1418 4897 credebant
1450 4860 1466 4911 ;
1500 4847 1745 4902 nondum
1776 4848 1954 4918 :datus
1989 4858 2109 4904 erat

519 4927 802 4999 discipulis
835 4932 979 5002 ejus.

590 5020 747 5079 Vers.
807 5025 896 5080 ‘59.
958 5025 1096 5092 Quia
1137 5059 1210 5072 -
1251 5030 1603 5102 gloriﬁcatur.
1665 5031 1802 5098 Quia
1859 5035 2105 5091 nonduin

629 5161 677 5194 ⁸⁸
705 5163 857 5220 'Psal.
894 5178 1086 5232 χχχιχ,
1116 5167 1171 5223 9.
1283 5166 1620 5233 “Joan.1v,
1657 5169 1745 5224 14.

2210 1993 2370 2042 σωσι,
2401 1976 2587 2029 πολλοὶ
2617 1977 2792 2036 ὄντες.
2829 1969 2964 2026 Eius
2994 1971 3080 2024 δέ’
3122 1970 3266 2024 Ἐάν
3314 1986 3402 2033 τις
3456 1962 3609 2034 διψᾷ
3636 1963 3796 2033 δίψαν

2207 2070 2599 2133 διδασκαλίας,
2641 2066 2911 2136 ἐρχέσθω
2981 2065 3134 2132 πρός
3203 2079 3319 2131 με,
3405 2061 3502 2113 καὶ
3581 2060 3799 2112 πινέτω

2210 2163 2364 2233 πόμα
2398 2163 2511 2234 (l0)
2549 2161 2923 2232 πνευματικόν
2947 2175 2962 2190 ·
3000 2158 3133 2221 τοὺς
3170 2156 3277 2226 γὰρ
3318 2156 3376 2207 οὐ
3425 2152 3699 2222 διψῶντας
3734 2151 3796 2202 οὑ

2209 2255 2494 2323 συγκαλῶ,
2530 2254 2668 2309 ἀλλὰ
2705 2254 2834 2316 τοὺς
2866 2250 3109 2313 διακαῶς
3150 2249 3391 2317 ἐρῶντας
3427 2242 3522 2297 τοῦ
3551 2242 3800 2297 τοιούτου

2211 2348 2478 2416 πόματος.

2293 2441 2355 2492 '0
2389 2469 2449 2478 —
2486 2438 2724 2504 ζῶντος.
2775 2436 3002 2490 Κοιλίαν
3037 2433 3274 2487 ἐνταῦθα
3317 2433 3468 2501 λέγει
3523 2428 3625 2501 τὴν
3657 2444 3798 2498 καρ-

2209 2532 2352 2596 δίαν,
2388 2531 2462 2594 ὼς
2520 2531 2616 2586 τό·
2670 2530 2780 2584 Καὶ
2833 2530 2943 2583 τὸν
2994 2527 3184 2596 νόμον
3213 2543 3331 2579 σου
3385 2526 3453 2576 ἐν
3485 2523 3656 2593 μέσῳ
3687 2520 3797 2586 τῆς

2210 2625 2444 2688 κοιλίας
2473 2641 2594 2693 μου
2623 2638 2636 2652 °
2677 2618 2984 2690 ποταμοὺς
3013 2618 3081 2671 δὲ
3113 2617 3332 2684 ὕδατος
3384 2615 3482 2683 τὴν
3519 2611 3801 2683 δαψίλειαν

2209 2715 2304 2768 τοῦ
2343 2714 2696 2785 Πνεύματος,
2723 2713 2824 2785 τὴν
2857 2710 3204 2783 πλημμύραν
3227 2709 3326 2777 τῆς
3359 2706 3511 2767 θείας
3539 2705 3760 2774 χάριτος
3783 2718 3798 2731 ·

2210 2807 2423 2870 ζῶντος
2450 2807 2528 2871 δὲ,
2555 2809 2726 2877 ἤγουν
2744 2807 2832 2859 ἀεὶ
2856 2803 3230 2876 ἐνεργοῦντος,
3257 2801 3595 2870 ἀεικινήτου.
3625 2800 3800 2851 Ὅταν

2210 2900 2322 2968 γὰρ
2353 2900 2386 2968 ὴ
2420 2898 2539 2950 θεία
2587 2898 2748 2969 χάρις
2797 2895 3079 2966 ὲνιδρυνθῇ
3135 2893 3302 2963 ψυχῇ,
3357 2891 3505 2962 πηγὴ
3553 2889 3792 2959 γίνεται,

2211 2995 2313 3051 καὶ
2375 2991 2564 3066 βλύζει
2617 2990 2934 3052 διαπαντός.
2996 2989 3108 3045 Καὶ
3138 2986 3246 3061 γὰρ
3301 2987 3397 3040 καὶ
3445 2986 3650 3056 Πέτρος
3705 2983 3803 3036 καὶ

2211 3091 2426 3154 Παῦλος
2467 3090 2563 3145 καὶ
2599 3086 2718 3144 ὅσοι
2751 3082 2877 3140 κατ’
2908 3083 3155 3148 ἐκείνους
3179 3084 3293 3155 (ll)
3328 3080 3426 3151 τὴν
3457 3079 3608 3132 θείαν
3639 3078 3802 3148 χάριν

2155 3228 2176 3250 η
2212 3187 2271 3238 ἐν
2309 3189 2374 3257 τῇ
2407 3183 2607 3256 καρδίᾳ
2640 3181 3087 3254 πλημμυροῦσαν
3135 3176 3380 3250 ἔχοντες,
3429 3173 3488 3225 οὐ
3523 3170 3802 3237 ποταμὸν,

2215 3281 2354 3336 ἀλλὰ
2412 3279 2697 3351 ποταμοὺς
2743 3279 2919 3347 λόγων
2969 3277 3224 3346 ⁴ἠφίεσαν,
3279 3267 3463 3342 πολλῷ
3504 3268 3585 3337 τῷ
3639 3265 3806 3338 ῥοίζῳ

2213 3373 2582 3444 φερομένους,
2617 3374 2716 3426 καὶ
2740 3373 2849 3425 πᾶν
2901 3369 2962 3423 τὸ
3015 3369 3326 3439 προστυχὸν
3353 3360 3802 3437 παρασύρονταςο

2213 3463 2449 3526 καὶτὰς
2505 3465 2616 3516 τῶν
2673 3462 2925 3516 ἀπίστων
2987 3458 3326 3530 κενοφωνίας
3379 3456 3807 3521 ἐπικλύζοντας.

2212 3555 2309 3609 καὶ
2341 3554 2455 3626 (12)
2487 3553 3010 3616 κατακοντίζοντας.

2288 3649 2397 3700 Καὶ
2449 3649 2506 3700 έν
2554 3647 2634 3717 τῷ
2664 3647 2904 3714 πέμπτῳ
2932 3645 2989 3697 δὲ
3038 3643 3318 3715 κεφαλαίῳ
3364 3643 3498 3713 πρὶς
3549 3640 3646 3712 τὴν
3696 3639 3802 3692 Σα-

2217 3744 2472 3812 μαρεῖτιν
2509 3740 2662 3793 εἶπεν
2718 3740 2800 3792 ὅτι
2849 3739 2916 3793 Τὸ
2947 3736 3126 3804 ὕδωρ,
3155 3735 3187 3789 ὃ
3220 3735 3390 3788 δώσω
3418 3730 3597 3797 αὐτῷ,
3628 3731 3803 3801 γενῆν

2212 3842 2386 3881 σεται
2442 3829 2515 3882 ἐν
2583 3826 2748 3893 αὐτῷ
2806 3826 2971 3895 πηγὴ
3036 3827 3260 3891 ὓδατος
3316 3824 3656 3893 ἁλλομένου
3716 3826 3801 3890 εἰς

2215 3920 2370 3988 ζωὴν
2393 3921 2674 3975 αἰώνιον·
2712 3920 2808 3974 καὶ
2863 3918 3142 3988 ἀνάγνωθι
3177 3917 3340 3971 πάλιν
3391 3919 3490 3987 τὴν
3541 3917 3804 3986 ἐξήγησιν

2211 4016 2324 4068 τῶν
2367 4014 2629 4066 τοιούτων
2663 4014 2866 4082 ῥητῶν.

2284 4105 2444 4161 Μετὰ
2477 4106 2532 4159 δὲ
2561 4106 2623 4159 τὸ
2649 4109 2857 4172 Καθὼς
2875 4100 3047 4159 εἶπεν
3074 4104 3113 4173 ἠ
3169 4102 3382 4173 Γραφή
3426 4103 3539 4174 (l3)
3573 4102 3800 4154 ὑποπιο

2213 4201 2394 4254 κτέον.
2423 4200 2710 4270 Διαφόρως
2741 4199 2849 4271 γὰρ
2887 4197 3196 4252 ἐνετείλατο
3225 4199 3259 4269 ἡ
3289 4195 3483 4268 Γραφὴ
3511 4194 3796 4250 πιστεύειν

2213 4288 2287 4353 el;
2319 4292 2506 4348 αὐτόν.

2292 4384 2471 4439 Τοῦτο
2528 4417 2589 4425 -
2631 4387 2840 4441 αὐτὸν.
2878 4383 3072 4448 Τοῦτο,
3106 4385 3296 4451 ποῖονς
3350 4383 3410 4434 τὸ
3443 4379 3704 4449 Ποταμοι
3735 4380 3801 4432 ἐκ

2212 4477 2324 4544 τῆς
2346 4480 2583 4545 κοιλίας
2611 4480 2799 4534 αὐτοῦ
2823 4479 3165 4547 ῥεύσουσιν
3188 4477 3299 4548 (Η)
3325 4473 3543 4537 ὕδατος
3563 4469 3799 4536 ζῶντος.

2138 4574 2185 4631 D
2217 4567 2352 4638 Περὶ
2388 4567 2484 4622 τοῦ
2519 4571 2838 4639 Πνεύματος
2866 4570 2946 4634 δὲ,
2976 4568 3155 4622 είτουν
3194 4569 3325 4639 περὶ
3353 4566 3463 4618 τῶν
3494 4579 3788 4634 πνευματι-

2216 4657 2330 4713 κῶν
2359 4661 2739 4730 χαρισμάτων.

2293 4753 2470 4806 Οὔπω
2497 4782 2563 4793 —
2594 4753 2788 4822 ἅγιον.
2823 4755 2992 4807 Οὔπω
3017 4770 3087 4823 ην
3117 4754 3176 4806 ὲν
3202 4753 3315 4813 τοῖς
3346 4748 3698 4802 πιστεύουσιν
3721 4744 3798 4806 εἰς

2217 4847 2382 4902 αὐτόν
2413 4864 2428 4881 ο
2462 4845 2618 4901 οὔπω
2648 4843 2716 4919 ἦν
2740 4848 3026 4919 δεδομένον
3055 4848 3169 4908 τοῖς
3210 4844 3477 4916 μαθηταῖς
3505 4837 3696 4893 αὐτοῦ.

2288 5035 2419 5086 Ὀτι
2443 5061 2514 5072 -
2544 5032 2876 5100 ἐδοξάσθη.
2908 5032 3035 5086 ’Ότι
3085 5029 3241 5085 οὔπω
3291 5025 3556 5096 ἐδοξάσθη
3587 5022 3679 5078 διὰ
3703 5021 3794 5077 τοί

1755 5333 1954 5396 Variae
1985 5332 2298 5397 lectiones
2339 5342 2401 5397 et
2447 5342 2638 5396 notae.

592 5502 705 5571 (10)
739 5502 1130 5558 Διδασκαλικόν
1159 5503 1222 5557 Δ.

595 5575 707 5643 (ll)
744 5575 971 5629 Videtur
1009 5574 1213 5644 aliquid
1235 5572 1452 5644 deesse.
1523 5574 1597 5627 Ex
1634 5572 1906 5628 I-lentenio
1951 5576 2111 5631 colli-

521 5646 832 5770 gashillum
889 5642 1116 5716 legisse,
1152 5642 1427 5712 ἐγένοντο,
1482 5646 1602 5716 τήν.
1671 5644 1858 5701 l’otcst
1922 5655 2105 5702 tamen

519 5727 630 5771 tnte
678 5733 769 5786 εει.

601 5880 669 5948 (r)
705 5879 1070 5939 Altrallebaut.
1106 5883 1302 5942 Secum
1337 5885 1644 5952 rapiebant.

2299 5507 2414 5574 (12)
2447 5506 2809 5570 Ποντίζοντας
2843 5506 2901 5559 Β.

2296 5571 2409 5642 (15)
2447 5578 2519 5632 Ita
2544 5579 2824 5648 Chrysost.
2858 5587 2989 5634 tom.
3027 5575 3158 5642 ΠΗ,
3192 5592 3245 5646 p.
3282 5573 3387 5629 299
3415 5571 3474 5626 ι).

2297 5649 2409 5721 (14)
2443 5648 2728 5721 ῥεύσονται
2764 5648 2821 5701 Β.
