4010 6514
286 486 427 553 1277

1236 487 1622 563 COMMENT.
1666 484 1748 547 IN
1786 484 2249 551 JOANNEM.--
2286 490 2444 553 CAP.
2489 493 2655 555 VIII.

3419 496 3555 562 1278

286 604 561 674 σταυροῦ·
590 603 747 670 δόξαν
791 602 904 675 γὰρ
954 602 1113 658 καλεῖ
1165 604 1257 658 τὸν
1284 608 1540 675 σταυρόν.
1585 604 1709 667 Τοῖς
1764 605 1862 672 μὲν

2004 606 2298 661 Iorillcatus
2339 619 2460 661 erat
2508 623 2607 678 per
2654 620 2910 673 crucem;
2958 621 3086 662 nam
3132 624 3351 664 crucem
3399 626 3557 667 vovet

284 700 398 769 γὰρ
429 699 610 761 ἄλλοις
652 700 863 752 ἅπασιν
901 696 1107 760 ὄνειδος
1147 691 1237 767 ἧν,
1272 697 1347 760 ὡς
1380 695 1637 766 μεγάλων
1666 695 1871 763 ὲγκλη·

292 794 483 862 μάτων
517 792 793 860 ἐπιτίμιον
817 807 832 822 ο
888 790 1036 859 μόνῳ
1088 789 1147 843 δὲ
1178 790 1258 861 τῷ
1288 789 1515 860 Χριστῷ
1546 789 1673 852 δόξα
1713 787 1873 856 γέγο-

288 900 400 947 νεν,
432 884 508 945 ὡς
535 882 781 953 μεγάλης
811 882 1034 951 ἀγάπης
1071 880 1171 951 τῆς
1202 881 1339 950 πρὸς
1385 880 1529 950 ἡμᾶς
1574 880 1869 947 ἐπιτίμιον.

288 975 387 1037 Τίς
422 976 531 1044 γὰρ
568 971 896 1043 εὐγνώμονα
924 971 1104 1043 ψυχὴν
1158 972 1321 1042 ἔχων,
1372 971 1592 1025 ἀκούων
1623 970 1713 1023 τὸν
1747 970 1873 1021 επέ-

290 1084 448 1119 κεινα
483 1068 671 1135 πάσης
697 1066 869 1137 τιμῆς
910 1064 1249 1135 τηλικαύτην
1281 1064 1509 1132 ἀτιμίαν
1560 1063 1872 1117 ὑποστάντα

289 1159 379 1212 διὰ
408 1162 508 1227 τὴν
539 1160 815 1227 σωτηρίαν
841 1158 948 1209 τῶν
969 1157 1294 1225 ἀνθρώπων,
1319 1157 1378 1209 οὑ
1402 1156 1619 1223 δοξάσει
1645 1154 1867 1219 τοῦτον;

364 1250 476 1318 Πρὸ
507 1251 605 1319 μὲν
635 1246 730 1303 οὖν
772 1250 866 1303 τοῦ
899 1249 1135 1319 σταυροῦ
1188 1250 1249 1302 οὐ
1283 1248 1509 1317 Πνεῦμα
1552 1249 1708 1316 ἅγιον
1757 1247 1869 1315 (15)

286 1339 457 1392 ῐδωκε
490 1343 602 1405 τοῖς
635 1341 925 1412 μαθηταῖς,
966 1342 1080 1395 ἀλλ’
1111 1341 1361 1404 ἐξουσίαν
1386 1340 1711 1411 πνευμάτων
1732 1340 1872 1393 ἀκα-

291 1433 533 1503 θάρτων,
574 1434 716 1488 ὥστε
750 1434 1035 1488 ὲκόάλλειν
1071 1436 1214 1489 αὐτὰ
1262 1436 1355 1488 καὶ
1403 1434 1731 1505 θεραπεύειν
1764 1435 1870 1487 πᾶ-

288 1542 391 1579 σαν
427 1527 581 1579 νόσον
615 1529 709 1579 καὶ
736 1528 923 1579 πᾶσαν
946 1543 948 1545 ’
960 1526 1239 1595 μαλακίαν
1266 1542 1280 1557 ·
1315 1528 1453 1596 μετὰ
1485 1526 1541 1579 δὲ
1579 1526 1673 1579 τὸν
1705 1542 1864 1580 σταυ-

288 1616 384 1686 ρὸν
450 1616 675 1686 Πνεῦμα
732 1616 912 1684 ἅγιον.
967 1616 1123 1670 Ἐπεὶ
1176 1617 1285 1688 γάρ
1336 1618 1725 1686 ἡμαρτηκότες
1774 1616 1872 1669 καὶ

290 1709 803 1777 προσκεκρουκότες
832 1708 1018 1779 ἐχθροὶ
1052 1703 1196 1779 ἦμεν
1219 1707 1315 1761 τοῦ
1341 1706 1477 1761 Θεοῦ
1498 1725 1511 1740 ο
1547 1710 1580 1778 ἡ
1614 1708 1673 1760 δὲ
1706 1707 1873 1779 χάρις

287 1800 387 1853 τοῦ
420 1802 576 1869 άγίου
604 1800 922 1871 Πνεῦματος
946 1802 1129 1871 δωρεά
1158 1804 1307 1855 ἐστιν
1329 1819 1343 1833 ·
1382 1804 1414 1871 ή
1452 1802 1509 1854 δὲ
1540 1800 1721 1871 δωρεά
1757 1803 1872 1864 τοῖς

287 1892 468 1960 φίλοις
511 1893 752 1947 δίδοταιο
792 1893 899 1947 ἔδει
953 1894 1224 1963 πρότερον
1273 1893 1713 1963 προσενεχθῆναι
1772 1893 1873 1964 τὴν

289 1984 434 2054 ὑπὲρ
465 1986 624 2055 ἡμῶν
654 1986 868 2049 θυσίαν,
908 1984 1003 2040 καὶ
1030 1984 1146 2059 (l6)
1176 1985 1531 2056 καταλλαγὴν
1570 1986 1664 2038 καὶ
1698 1988 1869 2038 κατά-

285 2077 442 2131 λυσιν
466 2078 563 2149 τῆς
590 2079 810 2149 ἔχθρας,
837 2079 960 2150 ἥτις
1007 2075 1077 2151 ἦν
1120 2078 1234 2151 (Π)
1264 2081 1297 2149 ἠ
1324 2078 1512 2149 σφαγὴ
1534 2077 1628 2131 τοῦ
1652 2075 1873 2144 λογικοῦ

300 2167 526 2238 ’Δμνοῦ,
560 2171 590 2222 ὁ
632 2170 863 2234 θάνατος
894 2168 989 2224 τοῦ
1022 2170 1263 2243 Χριστοῦ
1285 2186 1301 2204 ·
1354 2170 1450 2224 καὶ
1481 2170 1601 2223 τότε
1651 2167 1875 2239 δοθῆναι

282 2258 387 2326 τὴν
412 2258 646 2327 δωρεάν.

357 2350 680 2404 Πολλοὶ-
702 2351 1033 2421 προφήτης.
1070 2350 1207 2421 Περὶ
1236 2342 1298 2403 οῦ
1332 2351 1578 2419 Μωῦσῆς
1612 2348 1872 2419 ἔγραψεν,

286 2444 363 2508 ὡς
391 2445 654 2509 πολλάκις
684 2447 994 2517 εἰρήκαμεν
1015 2462 1029 2478 ο
1061 2447 1156 2499 καὶ
1186 2445 1404 2516 ἀληθῶς
1433 2439 1588 2508 οὗτος
1619 2440 1689 2516 ῆν
1715 2458 1729 2473 ·
1758 2444 1876 2498 ἀλλ’

292 2538 453 2590 αὐτοὶ
480 2540 772 2608 προφήτην
830 2539 996 2592 αὐτὸν
1052 2537 1239 2600 ἁπλῶς
1297 2534 1439 2591 εῐναι
1490 2536 1875 2607 ὑπελάμϐανον

288 2623 364 2686 ὼς
392 2624 482 2681 τὸν
520 2626 782 2689 Μωῦσέα,
811 2627 907 2679 καὶ
933 2628 1055 2698 οὐχὶ
1085 2630 1183 2681 κα)⁵
1216 2628 1369 2682 Θεόν.

362 2716 573 2771 Ἄλλοι
604 2747 677 2759 -—
716 2720 991 2786 Χριστός.
1036 2722 1144 2774 Καὶ
1170 2721 1389 2790 ἀληθῶς
1421 2718 1577 2788 οὗτος
1608 2720 1706 2781 ἦν’
1740 2724 1877 2778 ἀλλὰ

290 2809 384 2861 καὶ
414 2808 569 2860 αὐτοὶ
594 2807 748 2876 ψιλὸν
771 2808 1058 2878 ἄνθρωπον
1093 2811 1257 2863 αὐτὸν
1282 2812 1555 2881 ἐνόμιζον.

365 2900 580 2952 ’Ἄλλοι
605 2927 673 2938 ——
708 2900 985 2968 ἔρχεται;
1017 2902 1126 2953 Καὶ
1163 2900 1268 2972 μὴν
1320 2904 1443 2957 οὐδὲ
1495 2898 1649 2968 οὗτος
1690 2906 1750 2959 ὲν
1804 2910 1870 2977 τῇ

292 2992 554 3063 Γαλιλαίᾳ
587 2994 935 3061 γεγέννηται.

364 3080 511 3150 Οὐχὶ
548 3109 617 3120 —-
652 3080 932 3151 ἔρχεται;
986 3084 1094 3137 Καὶ
1140 3085 1246 3156 μὴν
1310 3087 1406 3141 καὶ
1462 3079 1616 3151 οὗτος
1662 3089 1874 3141 ἐκεῖθεν

291 3170 377 3246 ἦν,
414 3173 530 3229 ἀλλ’
581 3175 925 3239 ὲθελοκάκως
979 3177 1218 3249 πατρίδα
1262 3179 1439 3251 τούτῳ
1475 3181 1873 3251 ὲπιφημίξουσι

1978 699 2229 768 gloriam,
2264 702 2531 771 siquidem
2565 718 2688 756 cum
2726 703 2937 756 ueteris
2978 702 3234 757 omnibus
3265 713 3413 759 esset
3454 722 3555 775 up-

1976 793 2277 861 probrium,
2318 803 2506 858 utpote
2534 810 2851 865 magnorum
2888 794 3174 850 criminum
3204 796 3558 866 supplicium,

1977 884 2078 938 soli
2114 882 2335 941 Christo
2365 887 2535 956 gloria
2563 886 2703 941 facta
2737 897 2821 941 est
2854 905 2869 946 ξ
2898 888 3033 941 ult-io
3072 888 3331 942 videlicet
3375 890 3558 957 magni

1976 978 2199 1042 amoris,
2226 995 2336 1048 quo
2363 995 2465 1033 nos
2496 980 2707 1035 dilexit.
2743 979 2879 1047 Quis
2911 997 3171 1051 namque,
3207 980 3370 1035 modo
3401 991 3558 1051 grato

1974 1068 2049 1120 sit
2089 1069 2294 1134 animo,
2338 1070 2550 1134 audito,
2601 1072 2747 1139 quod
2796 1071 2841 1125 is
2874 1072 2965 1139 qui
3001 1087 3221 1125 onmem
3260 1071 3561 1124 excedebat

1975 1157 2260 1223 honorem,
2301 1170 2505 1214 tantam
2550 1172 2770 1231 promer
2805 1163 3091 1216 hominum
3132 1163 3363 1216 salutem
3391 1163 3559 1216 susti-

1975 1253 2093 1306 nuit
2122 1254 2495 1323 ignominiam.
2528 1269 2638 1307 non
2664 1254 2991 1325 gloriﬁcabit
3024 1254 3193 1308 eum?

2044 1345 2183 1398 Ante
2207 1359 2424 1398 crucem
2448 1344 2629 1413 itaque
2656 1343 2936 1413 discipulis
2962 1359 3072 1397 non
3102 1345 3254 1398 dedit
3284 1342 3553 1412 Spiritum

1975 1444 2245 1499 sanctum,
2279 1436 2374 1490 sed
2413 1444 2741 1505 potestatem
2777 1436 3069 1505 spirituum
3123 1436 3555 1499 immundorum,

1974 1538 2033 1583 ut
2066 1529 2185 1581 illos
2222 1529 2485 1597 ejicerent
2513 1536 2567 1581 et
2602 1538 2860 1583 curarent
2900 1542 3121 1581 omnem
3158 1528 3408 1580 morbum
3442 1543 3563 1580 om-

1975 1630 2213 1685 nemque
2234 1616 2550 1685 languorem
2576 1615 2621 1650 “
2648 1631 2663 1679 ;
2698 1624 2819 1685 post
2849 1606 3068 1670 crucem
3090 1630 3217 1668 vero
3248 1615 3398 1668 dedit
3439 1616 3567 1684 Spi-

1973 1710 2137 1764 ritum
2182 1718 2455 1764 sanctum.
2508 1708 2644 1762 Cum
2694 1708 2840 1760 enim
2895 1720 3279 1775 peccassemus
3336 1721 3399 1758 ac
3451 1704 3564 1757 Deo

1976 1799 2244 1853 adversati
2292 1798 2605 1861 fuissemus,
2656 1796 2864 1850 inimici
2912 1796 3033 1864 ejus
3076 1810 3343 1849 eramus:
3391 1795 3565 1865 gratia

1978 1905 2107 1945 vero
2169 1890 2407 1959 Spiritus
2459 1888 2655 1949 sancti.
2717 1888 2922 1941 donum
2977 1896 3081 1952 est,
3126 1886 3329 1938 donum
3380 1894 3564 1939 autem

1977 1982 2169 2037 amicis
2216 1981 2377 2035 datur
2422 1999 2435 2045 ;
2476 1980 2766 2049 oportebat
2802 1994 2932 2049 ergo
2967 1979 3202 2048 primum
3236 1975 3422 2031 otl‘erri
3458 1990 3559 2046 pro

1975 2074 2133 2127 nobis
2164 2072 2463 2134 victimam,
2490 2070 2717 2139 ﬁerique
2747 2069 3249 2124 reconciliationem
3280 2083 3345 2121 ac
3375 2067 3570 2121 inimik

1976 2167 2119 2221 cilia:
2156 2165 2512 2229 solutionem,
2563 2180 2683 2235 qua:
2732 2174 2852 2218 erat
2897 2161 3076 2217 Caedes
3110 2160 3233 2230 agni
3279 2158 3562 2214 rationalis

1975 2276 2038 2315 ac
2074 2275 2221 2316 mors
2248 2259 2451 2314 Christi
2481 2278 2494 2313 :
2521 2266 2574 2313 et
2611 2268 2742 2313 tunc
2780 2259 2984 2313 donum
3016 2248 3155 2311 dari.

2053 2356 2211 2409 Vers.
2256 2353 2344 2408 40.
2402 2352 2557 2407 Multi
2598 2382 2667 2392 —
2713 2352 2990 2421 propheta.
3049 2350 3126 2404 De
3184 2363 3294 2418 quo
3348 2345 3567 2418 scripsit

1980 2447 2178 2509 Moses,
2202 2455 2260 2500 ut
2296 2461 2438 2511 sane
2473 2445 2732 2499 diximus.
2766 2443 2832 2499 Et
2873 2460 2998 2499 vere
3028 2444 3117 2499 hic
3150 2450 3290 2502 erat.
3332 2441 3430 2495 sed
3463 2438 3568 2509 ipsi

1978 2540 2299 2608 simpliciter
2319 2554 2442 2591 eum
2473 2536 2796 2607 prophetam
2851 2551 2972 2591 esse
3000 2536 3391 2606 opinabantur,
3422 2534 3567 2589 sicut

1977 2632 2206 2694 Mosem,
2239 2638 2425 2683 etnon
2466 2640 2722 2697 tanquam
2762 2628 2955 2681 Deum.

2052 2724 2208 2779 Vers.
2236 2724 2326 2778 41.
2351 2724 2460 2777 Alii
2493 2752 2564 2763 —-
2598 2721 2863 2776 Christus.
2902 2722 2967 2774 Et
2992 2735 3118 2774 vere
3155 2718 3245 2774 hic
3283 2727 3441 2773 erat:
3471 2717 3568 2772 sed

1979 2830 2031 2874 ct
2065 2818 2117 2873 hi
2144 2819 2349 2872 nudum
2384 2815 2663 2871 hominem
2700 2829 2819 2868 esse
2842 2812 3247 2867 existimabant.

2054 2912 2206 2967 Vers.
2236 2913 2325 2966 41.
2359 2909 2463 2964 Alii
2485 2937 2557 2947 -—
2583 2906 2768 2961 venit?
2796 2904 2959 2973 Atqui
2991 2919 3171 2973 neque
3201 2903 3290 2958 hic
3322 2902 3376 2955 in
3406 2899 3559 2957 Gali-

1980 3003 2079 3056 Ima
2116 3011 2273 3055 natus
2298 3007 2401 3054 est.

2044 3092 2200 3146 Vers.
2232 3093 2322 3146 42.
2357 3091 2632 3144 Nonne—
2652 3089 2790 3143 venit
2815 3089 2839 3141 .9
2869 3086 3030 3157 Atqui
3051 3095 3105 3141 et
3139 3086 3230 3140 hic
3251 3084 3378 3139 inde
3406 3092 3564 3148 erat;

1977 3186 2072 3240 sed
2100 3186 2200 3255 ipsi
2228 3184 2532 3238 voluntaria
2554 3182 2762 3236 malitia
2784 3182 3012 3249 patriam
3045 3180 3175 3233 huic
3198 3178 3565 3248 divulgabant

290 3264 390 3335 τὴν
420 3264 843 3337 Ναζαρὲτ,ὃθεν
872 3262 941 3337 ἦν
978 3268 1010 3336 ή
1044 3268 1228 3338 μήτηρ
1260 3269 1353 3322 καὶ
1381 3271 1408 3322 ὁ
1446 3270 1557 3341 (l8)
1582 3271 1874 3343 νομιζόμε-

1998 3290 2101 3329 :sse
2132 3275 2420 3335 Nazareth,
2454 3273 2598 3325 unde
2636 3279 2753 3325 erat
2785 3278 2981 3332 mater,
3021 3276 3075 3324 et
3120 3267 3213 3336 qui
3259 3268 3565 3337 putabatur

295 3372 380 3420 νος
407 3358 597 3429 πατὴρ
632 3359 821 3422 αὐτοῦ,
859 3360 946 3413 ἵνα
988 3360 1066 3431 μὴ
1098 3362 1163 3413 ὲκ
1232 3362 1481 3433 Βηθλεὲμ
1518 3362 1817 3435 λεγόμενος
1849 3364 1879 3416 6

293 3449 529 3518 Χριστὸς
553 3447 695 3505 εἶναι
726 3451 995 3523 πιστευθῇ
1024 3452 1112 3506 διὰ
1142 3454 1241 3523 τὴν
1270 3454 1635 3525 προφητείαν.

365 3543 600 3613 Σχίσμα
642 3574 712 3586 -
767 3544 977 3600 αὐτόν.
1053 3543 1321 3600 Ἐκάστου
1385 3546 1588 3618 μέρους
1639 3562 1877 3618 φιλονει-

296 3650 538 3699 κουντος.

370 3728 538 3795 Τινὲς
560 3758 632 3771 --
651 3728 860 3785 αὐτόν.
908 3728 1000 3794 Ὦς
1031 3728 1235 3783 πλάνον
1263 3729 1447 3802 δῆθεν.

364 3918 520 3975 Ἀλλ’
546 3951 619 3961 -
650 3919 874 3990 χεῖρας.
943 3919 1320 3989 Ἐπεχομὲνας
1367 3919 1640 3988 ἀοράτως,
1675 3921 1751 3983 ὡς
1785 3920 1881 3975 καὶ

294 4008 466 4064 άνωτέ
476 4025 554 4079 pm
584 4007 904 4077 δεδήλωται.

361 4095 597 4155 Ἦλθον
645 4099 975 4169 ἄνθρωπος.
1013 4099 1285 4170 Ἀπῆλθον
1343 4101 1441 4169 μὲν
1497 4100 1752 4172 δήσοντες
1780 4103 1880 4156 atth-

298 4193 423 4245 εὸνο
495 4192 800 4260 ἐπανῆλθον
856 4193 913 4245 δὲ
974 4194 1219 4257 δεθέντες
1279 4194 1431 4248 αὐτοὶ
1496 4195 1573 4266 τῷ
1642 4198 1881 4267 θαύματι

301 4283 429 4359 Ῑτῶν
461 4285 572 4357 (l9)
604 4284 778 4355 λόγων
807 4285 994 4339 αὐτοῦ.
1031 4288 1142 4340 Καὶ
1167 4288 1216 4339 ot
1242 4288 1342 4358 μὲν
1378 4287 1720 4359 πέμψαντες,
1750 4290 1881 4343 πολ·

299 4377 405 4431 λῶν
434 4376 611 4445 λόγων
661 4377 829 4430 αὑτοῦ
866 4378 1201 4442 ἀκούσαντες
1256 4381 1351 4432 καὶ
1401 4381 1574 4434 πολλὰ
1605 4380 1881 4455 θαύματα]

300 4469 629 4538 θεασάμενοι
668 4469 761 4522 καὶ
795 4470 893 4533 τὰς
937 4472 1065 4542 περὶ
1113 4470 1279 4525 αὑτοῦ
1314 4473 1653 4543 προφητείας
1693 4476 1885 4543 ἀναγι-

300 4560 619 4626 νώσκοντες,
681 4562 775 4614 καὶ
825 4565 979 4630 σοφοὶ
1021 4563 1305 4629 δοκοῦντες
1341 4565 1495 4618 οὐδὲν
1553 4566 1877 4621 άπώναντο·

1984 3377 2136 3438 pater
2162 3368 2301 3436 eius,
2324 3382 2392 3420 ne
2413 3366 2457 3419 si
2474 3380 2537 3419 ex
2556 3364 2835 3431 Bethleem
2855 3377 2975 3416 esse
3006 3360 3305 3425 diceretur,
3343 3368 3573 3429 propter

1984 3456 2327 3527 prophetiam
2358 3453 2614 3507 Christus
2648 3466 2771 3505 esse
2798 3450 3138 3505 crederetur.

2044 3545 2201 3600 Yers.
2236 3546 2326 3599 45.
2362 3543 2563 3598 Seditio
2593 3571 2661 3583 -—
2692 3558 2834 3595 eum.
2880 3538 3218 3608 Unaquaque
3268 3543 3423 3606 parte
3470 3551 3567 3605 pro

1985 3654 2082 3693 sua
2110 3638 2372 3708 opinione
2414 3636 2645 3689 rixante.

2057 3731 2211 3787 Vers.
2242 3731 2331 3785 44.
2368 3729 2680 3795 Quidam—
2703 3743 2842 3780 eum.
2889 3724 3171 3793 Tanquam
3217 3721 3566 3775 seductorem

1983 3824 2261 3880 videlicet.

2067 3917 2225 3972 Vers.
2250 3916 2339 3969 ﬂ.
2373 3912 2476 3969 Sed
2497 3944 2562 3955 —
2586 3927 2798 3965 manus.
2824 3909 3022 3978 Utpote
3049 3905 3397 3961 invisibiliter
3421 3905 3578 3959 cohi-

1984 4011 2148 4075 bitas,
2185 4009 2350 4063 veluti
2383 4006 2639 4075 superius
2674 4015 2954 4059 ostensum
2997 4010 3100 4056 est.

2067 4102 2219 4156 Vers.
2253 4101 2343 4154 45.
2376 4099 2634 4153 Venerunt
2656 4125 2725 4136 -—
2752 4094 2905 4150 Vers.
2953 4091 3044 4147 ιδ.
3092 4092 3265 4144 homo.
3300 4087 3577 4168 ‘Abierunt

1986 4195 2207 4265 quidem
2251 4208 2375 4248 cum
2420 4190 2636 4261 ligaturi
2677 4206 2692 4242 :
2725 4186 2929 4242 reversi
2962 4194 3086 4240 sunt
3119 4194 3302 4237 autem
3340 4182 3582 4235 admira—

1987 4289 2133 4343 tione
2165 4299 2478 4341 sermonum
2505 4283 2624 4353 ejus
2655 4280 2880 4349 alligati.
2904 4277 2982 4331 llli
3008 4291 3137 4348 ergo
3158 4275 3249 4345 qui
3283 4273 3575 4336 miserant,

1988 4394 2112 4435 cum
2174 4378 2377 4432 multos
2420 4377 2540 4443 ejus
2593 4372 2877 4427 audissent
2936 4382 3237 4431 sermones,
3300 4365 3579 4432 multaque

1988 4471 2255 4526 vidissent
2301 4468 2586 4528 miracula,
2640 4481 2703 4520 ac
2746 4460 3064 4534 prophetias
3099 4458 3167 4513 de
3200 4472 3267 4511 eo
3295 4458 3577 4525 legissent,

1984 4564 2293 4635 iudicantes
2341 4576 2462 4615 sese
2507 4558 2807 4628 sapientes,
2854 4552 2991 4607 nihil
3044 4550 3436 4621 profecerunt:
3483 4547 3578 4617 qui

294 4654 342 4705 oi.
370 4652 425 4705 δὲ
452 4653 795 4724 πεμφθέντες
843 4625 1158 4709 τούναντίον
1216 4625 1364 4711 ἅπαν
1399 4658 1510 4711 ἀπὸ
1548 4661 1675 4729 μιᾶς
1703 4660 1874 4730 δημη-

1998 4673 2120 4713 vero
2143 4657 2295 4712 missi
2322 4663 2503 4718 erant,
2527 4651 2753 4707 omnino
2778 4664 2808 4703 e
2828 4648 3047 4703 diverso
3074 4644 3143 4698 ab
3178 4658 3284 4697 una
3311 4640 3580 4695 concione

296 4744 491 4814 γορίας
519 4744 770 4799 ἑάλωσαν
793 4762 808 4777 ο
863 4746 1160 4799 ἀδέκαστον
1189 4748 1297 4819 γάρ
1329 4749 1573 4804 διάνοιαν
1605 4747 1771 4821 εἶχον.
1806 4754 1874 4805 Οὐ

1998 4752 2131 4823 capti
2170 4758 2346 4813 sunt;
2398 4761 2525 4800 nam
2571 4751 2812 4798 mentem
2856 4738 3133 4793 habebant
3176 4735 3572 4800 incorruptam.

295 4838 477 4889 τοίνυν
533 4838 632 4907 τὴν
677 4837 897 4890 σύνεσιν
956 4840 1137 4893 αὐτῶν
1195 4841 1355 4907 μόνον
1401 4842 1517 4896 ἔστι
1580 4842 1874 4914 θαυμάσαι,

1998 4846 2108 4900 Non
2162 4856 2292 4911 ergo
2345 4848 2585 4894 mentem
2637 4835 2812 4888 solum
2866 4846 2930 4885 ac
2986 4825 3335 4899 prudentiam
3387 4837 3579 4877 eorum

298 4928 436 4982 ἀλλὰ
465 4929 559 4981 καὶ
587 4929 687 4999 τὴν
717 4930 1048 5000 παρῤησίαν.
1084 4932 1161 4984 Οὐ
1188 4932 1297 5002 γὰρ
1326 4932 1577 5000 λέγουσιν
1600 4936 1681 4989 ὅτι
1706 4937 1805 4989 Διὰ
1825 4937 1874 4990 τὸ

1998 4934 2249 4993 admirari
2294 4931 2518 5002 dignum
2565 4935 2667 4991 est,
2712 4925 2807 4979 sed
2850 4932 2902 4977 ct
2950 4919 3203 4990 loquendi
3249 4919 3580 4972 libertatem.

301 5023 377 5093 μὴ
410 5022 665 5090 γενέσθαι
701 5022 797 5075 τοῦ
831 5023 963 5075 λαοῦ
998 5027 1189 5077 στάσιν
1222 5028 1519 5096 ἀφήκαμεν
1542 5028 1729 5094 αὐτὸν,
1762 5030 1874 5083 οὺδὶ

1998 5029 2183 5098 Neque
2230 5026 2379 5080 enim
2430 5022 2660 5075 dicunt:
2711 5014 3028 5069 Dimisimus
3080 5012 3260 5073 illum,
3308 5024 3378 5062 ne
3424 5008 3581 5061 ﬁeret

297 5114 632 5169 πλάττονταί
662 5133 783 5169 τινα
813 5116 1109 5186 πρόφασιν,
1152 5117 1264 5170 ἀλλ’
1297 5121 1470 5190 αὐτὴν
1525 5120 1747 5190 λέγουσι
1781 5123 1874 5194 τὴν

1998 5118 2252 5177 lissensio
2277 5117 2331 5170 in
2356 5113 2579 5186 populo,
2609 5122 2786 5177 neque
2818 5106 2984 5160 aliam
3022 5102 3235 5174 lingunt
3269 5099 3579 5155 excusatio-

296 5204 582 5274 ἀλήθειαν,
614 5207 709 5260 καὶ
744 5207 1086 5277 κηρύσσουσι
1122 5210 1221 5281 τὴν
1253 5210 1419 5263 αὑτοῦ
1455 5214 1666 5281 σοφίαν.

408 5404 454 5435 ⁸⁸
480 5402 671 5459 Matth.
696 5420 748 5467 χ,
786 5405 834 5457 l.

1986 5230 2137 5277 nem,
2157 5211 2253 5267 sed
2278 5210 2447 5280 ipsam
2470 5205 2663 5260 dicunt
2679 5201 2987 5265 veritatem,
3010 5212 3075 5252 ac
3094 5196 3241 5254 illius
3273 5192 3580 5265 prwdicant

1991 5305 2333 5378 sapientiam.

1497 5479 1697 5541 Varia;
1735 5481 2043 5551 lectiones
2091 5494 2152 5549 et
2188 5492 2379 5549 notae.

374 5599 482 5668 (15)
514 5601 701 5667 Ἀγιον
729 5599 881 5655 abest
924 5598 989 5654 Α.

374 5672 483 5742 (l6)
522 5670 646 5725 llaec
694 5670 844 5743 nullo
874 5670 1036 5743 modo
1069 5671 1308 5740 pendere
1338 5682 1566 5743 possunt
1618 5692 1681 5729 ex
1719 5693 1884 5733 voca-

301 5740 428 5796 bulo
490 5740 1282 5812 προσενεχθῆναι.Ηεῐιιθηὶιιε
1309 5740 1491 5811 habet,
1538 5746 1676 5812 ﬁeri.
1743 5749 1881 5803 Puto

299 5828 430 5895 ergo
486 5811 772 5893 legendum
828 5826 947 5865 esse
1014 5814 1106 5864 καὶ
1168 5814 1427 5893 γενέσθαι
1506 5811 1878 5886 καταλλαγήν.

303 5882 579 5949 Chrysost.
640 5890 679 5935 ι.
720 5879 856 5939 \lll,
889 5898 939 5949 p.
974 5881 1069 5935 501
1142 5881 1178 5933 Β
1242 5895 1314 5937 lla
1352 5885 1515 5939 habet
1576 5903 1588 5938 :
1642 5888 1751 5939 Καὶ
1782 5889 1878 5949 τὴν

306 5900 579 5952 ιλιι-γεοει.
640 5900 679 5935 ι.
728 5900 856 5939 un,
889 5900 939 5949 p.
974 5900 1069 5935 υυι
1142 5900 1178 5933 ι)
1242 5900 1314 5937 ua
1352 5900 1515 5939 nubet
1576 5903 1588 5938 :
1642 5900 1751 5939 nat
1782 5900 1880 5957 τὴν

306 5951 505 6024 ἔχθραν
540 5953 594 6004 ἐν
623 5954 685 6019 τῇ
720 5953 884 6019 σαρκὶ
926 5952 1313 6024 καταλυθῆναι,
1353 5956 1444 6010 καί
1498 5958 1748 6025 γενέσθιιι
1790 5959 1878 6011 τοῦ

1995 5613 2130 5667 θεοῦ
2166 5612 2373 5682 φίλους,
2396 5608 2653 5682 ῌκαὶᾲτότε
2682 5607 2866 5682 λαβεῖν
2898 5604 3260 5682 τὴν-δωρεάν.

2060 5671 2365 5753 (17)’Ἦτις
2393 5676 2463 5752 ἦν
2493 5680 2687 5753 durum
2720 5671 2961 5753 videtur.
2989 5671 3121 5753 sed
3147 5676 3216 5740 ita
3251 5672 3412 5753 etiam
3443 5671 3557 5724 llcn

1993 5744 2193 5808 lenius.
2228 5752 2385 5807 Nunc
2417 5744 2602 5805 malim
2635 5760 2753 5817 post
2779 5748 2994 5814 θυσίαν,
3032 5748 3153 5803 loco
3193 5744 3308 5808 καὶ,
3352 5744 3452 5805 είς.

2061 5826 2106 5893 (l
2119 5825 2174 5893 δ)
2203 5820 2639 5893 Ὀνομαζόμε-νος
2689 5820 2753 5873 Α.

2061 5890 2169 5967 (l9)
2203 5890 2415 5950 Inclusa
2440 5891 2763 5949 exciderunt
2796 5890 2857 5944 Δ.
