4010 6484
449 425 590 488 1279

1692 415 2009 478 EUTHYM
2022 414 2081 474 ll
2121 410 2451 474 ZlG’ABEN
2462 410 2484 468 l

3584 397 3719 461 1280

518 542 675 597 Vera.
732 540 822 596 ιτ.
882 536 1287 607 Responderunt
1327 566 1400 579 —
1441 535 1644 592 seducti
1679 533 1857 589 estis?
1907 530 2044 587 Vide

2220 526 2671 597 Ἀπεκρίθησαν
2725 550 2795 563 -—
2844 519 3285 587 πεπλάνησθε;
3337 520 3481 588 Ὅρα
3529 518 3722 588 φθόνου

444 630 666 689 invidie
692 630 1051 687 dementiam.
1083 629 1220 686 Nam
1247 644 1375 688 cum
1403 628 1742 697 interrogare
1764 623 2043 696 Oporluis-

446 734 550 790 set,
587 740 651 779 ac
675 724 888 779 discere
923 723 1056 794 quid
1089 723 1309 780 locutus
1332 729 1505 788 esset,
1528 719 1631 791 ipsi
1666 718 1809 775 nihil
1842 718 2042 774 borum

447 815 854 891 prastolantur,
897 815 996 873 sed
1034 817 1223 871 statim
1259 815 1339 871 eis
1383 812 1702 878 adulantur,
1752 819 2044 883 parcentes

447 910 616 964 etiam
668 915 726 963 et
777 922 888 962 non
939 908 1180 963 austeris
1232 906 1417 964 verbis
1470 914 1737 972 utentes;
1776 903 2046 960 timebant

446 1000 592 1055 enim
625 1013 692 1054 ne
717 999 961 1066 perfecte
996 999 1074 1054 illi
1107 997 1480 1053 adbzererent.

523 1089 679 1145 Vers.
730 1090 819 1144 48.
878 1089 1023 1145 Nunt
1068 1089 1184 1160 quis
1224 1117 1298 1130 —
1339 1087 1491 1143 Vers.
1531 1086 1620 1144 ‘9.
1665 1086 1848 1157 legem.
1898 1084 2045 1153 Quin

449 1181 567 1237 haec
588 1182 765 1252 major
803 1190 891 1239 est
918 1182 1091 1238 vestri
1107 1181 1409 1243 accusatio,
1428 1180 1575 1251 quod
1600 1181 1757 1236 turba
1784 1179 2043 1241 credidit,

447 1288 547 1328 vos
575 1283 758 1329 autem
792 1290 904 1329 non
937 1273 1272 1330 credidistis.
1304 1272 1509 1344 Legem
1547 1288 1681 1330 vero
1719 1272 2045 1344 simpliciter

446 1364 747 1432 appellant,
782 1373 955 1420 totam
986 1380 1202 1420 sacram
1230 1364 1600 1435 Scripturam.

526 1454 682 1512 νοτε.
717 1457 807 1512 49.
847 1455 1179 1511 Ετεεειαιιάί
1223 1467 1369 1510 sunt.
1406 1455 1573 1527 Atqui
1600 1458 1689 1511 lex
1723 1454 1847 1511 illos
1880 1469 2045 1510 exse-

448 1558 653 1615 cratur,
679 1550 771 1621 qui
802 1550 977 1621 legem
1000 1558 1404 1617 contemnunt;
1434 1565 1532 1605 vos
1552 1565 1682 1621 ergo
1700 1548 2045 1612 exsecrandi,

448 1641 542 1708 qui
587 1640 764 1711 legem
812 1639 1219 1706 contemnitis;
1274 1639 1353 1695 illi
1380 1655 1514 1696 vero
1570 1640 1746 1709 legem
1796 1647 2046 1700 servant,

449 1730 741 1785 credentes
798 1729 858 1785 in
899 1743 1069 1796 eum;
1114 1727 1274 1800 jubet
1305 1743 1544 1799 namque
1581 1726 1670 1782 lex
1712 1725 1939 1783 credere
1989 1726 2046 1781 in

451 1822 647 1875 Deum.

522 1910 683 1967 Yers.
720 1912 812 1969 50.
845 1914 937 1969 Ait
958 1945 1029 1957 —
1051 1913 1210 1970 Vera.
1242 1913 1333 1969 5i.
1366 1912 1533 1983 faciat
1561 1913 1587 1966 2
1622 1909 1846 1967 Addidit
1874 1922 2046 1964 evan—

402 2074 415 2092 .
449 2008 664 2077 gelista,
710 2007 851 2062 Cum
877 2018 1029 2064 esset
1053 2024 1199 2064 unus
1226 2008 1297 2064 de
1332 2022 1563 2077 numero
1593 2019 1814 2070 eorum,
1855 2013 2047 2058 osten-

452 2099 612 2163 dens,
644 2099 791 2169 quod
810 2099 977 2154 etiam
996 2099 1218 2170 quidam
1240 2113 1273 2155 e
1298 2097 1643 2168 principibus
1670 2094 2048 2157 crediderant,

451 2190 580 2245 l;cet
608 2190 712 2260 ipsi
745 2191 1021 2256 dicerent,
1048 2190 1261 2245 nullum
1282 2204 1348 2245 ex
1375 2188 1724 2260 principibus
1745 2185 2052 2242 credidisse

453 2282 509 2335 in
539 2283 744 2351 ipsum.
787 2281 981 2353 Arguit
1018 2296 1151 2353 ergo
1181 2295 1279 2337 eos
1307 2279 1668 2346 Nicodemus,
1723 2278 1871 2348 quod
1914 2276 2052 2349 legis

453 2380 642 2427 essent
662 2382 1123 2442 transgressores,
1171 2372 1388 2429 occulte
1421 2382 1604 2428 tamen
1625 2382 1681 2427 et
1713 2371 1905 2441 paucis
1926 2385 2053 2425 ver-

454 2464 567 2518 bis:
586 2464 829 2519 nondum
844 2468 990 2521 enim
1004 2466 1430 2524 convenientem
1445 2466 1677 2538 adeptus
1690 2476 1810 2520 erat
1825 2465 2055 2535 loquen-

453 2556 867 2630 di‘libertatem.
891 2557 1028 2612 Nam
1052 2558 1098 2613 si
1121 2573 1234 2613 non
1254 2557 1599 2614 condemnat
1618 2557 1704 2611 lex
1730 2556 2055 2627 priusquam

454 2649 642 2703 audiat
670 2658 726 2703 et
754 2659 1075 2721 cognoscat,
1112 2650 1215 2721 ipsi
1249 2666 1381 2707 vero
1410 2650 1867 2705 condemnabant
1916 2661 2051 2701 eum

455 2754 750 2812 antequam
779 2742 1068 2799 audissent
1116 2751 1175 2798 et
1208 2741 1621 2815 cognovissent,
1654 2742 1829 2813 legem
1858 2741 2052 2811 utique

458 2838 1047 2909 transgrediebantur.-

534 2926 689 2982 Vers.
728 2928 816 2984 52.
869 2929 1263 2997 Responderunt
1296 2957 1365 2969 —-
1392 2944 1446 2986 es
1476 2928 1501 2982 ἵ
1541 2927 1680 2983 Num
1734 2928 1859 2984 ideo
1888 2928 1963 2983 illi
1996 2944 2057 2984 es

455 3020 681 3084 auxilio,
706 3021 849 3090 quod
880 3021 1129 3091 ejusdem
1164 3021 1241 3076 sis
1271 3020 1509 3089 regionis
1541 3031 1597 3076 et
1626 3021 1865 3091 patrias?
1896 3021 2055 3089 Vide,

456 3127 622 3181 quam
653 3127 847 3182 aspere
877 3128 941 3166 ac
970 3112 1229 3167 ferociter
1257 3114 1673 3184 respondeant?

535 3201 686 3258 νει-ε.
726 3204 815 3257 51.
850 3202 1109 3259 Scrutare
1130 3234 1199 3245 —
1222 3207 1538 3260 surrexerit.
1578 3204 1723 3260 Sane
1751 3205 1906 3260 illum
1936 3205 2057 3261 sine
2086 3196 2129 3252 C

460 3293 812 3350 discussione
863 3296 1239 3351 condemnare
1291 3312 1404 3352 non
1436 3298 1752 3367 oportebat,
1807 3297 1885 3351 illi
1931 3312 2064 3352 vero

459 3389 733 3458 injuriose
780 3389 1023 3447 dicunt-3
1070 3389 1353 3462 Interroga
1387 3399 1443 3446 et
1470 3392 1647 3455 disce.
1683 3408 1867 3463 neque
1915 3393 2062 3446 enim

460 3484 607 3537 nosti
655 3481 992 3550 Scripturas.
1050 3482 1252 3537 Verum
1300 3485 1344 3538 si
1398 3499 1494 3538 eas
1536 3500 1644 3537 non
1706 3485 1881 3549 novit,
1915 3501 2057 3556 quo-

465 3574 626 3629 modo
658 3589 764 3640 vos,
793 3575 861 3628 de
894 3575 1027 3645 legis
1052 3577 1487 3645 transgressione
1507 3577 1683 3648 arguit
1712 3577 1735 3630 ?

540 3760 693 3815 Scire
742 3769 926 3814 autem
966 3767 1205 3830 Oportet,
1239 3760 1385 3831 quod
1431 3777 1497 3816 ea
1538 3776 1663 3832 quas
1703 3763 1773 3817 ab
1808 3761 1913 3818 hoc
1946 3762 2066 3818 loco

468 3851 741 3905 habentur
778 3865 951 3920 usque
984 3851 1052 3906 ad
1075 3866 1227 3918 eum,
1261 3868 1371 3922 quo
1397 3852 1640 3908 dicitur:
1688 3852 1891 3909 Iterum
1944 3870 2067 3925 ergo

471 3944 673 3997 locutus
700 3952 774 3997 est
801 3943 907 3997 illis
932 3942 1085 3998 Iesus
1110 3943 1290 3999 dicens
1311 3961 1330 4000 :
1359 3944 1476 4016 Ego
1500 3963 1619 4000 sum
1646 3945 1739 4000 tua:
1765 3947 1953 4001 mundi
1978 3947 2024 3978 ⁸⁷
2050 3966 2063 4001 :

472 4036 528 4090 in
559 4034 928 4089 exactioribus
945 4034 1375 4105 exemplaribus,
1407 4046 1502 4089 aut
1536 4051 1650 4089 non
1682 4034 2062 4100 inveniuntur,

472 4135 568 4181 aut
590 4126 750 4182 obelo
781 4125 1036 4181 confossa
1062 4135 1215 4190 sunt,
1247 4143 1315 4182 eo
1347 4126 1497 4197 quod
1531 4127 1815 4199 illegitima
1838 4127 2068 4182 videan-

474 4233 563 4274 tur
594 4231 647 4274 et
666 4220 871 4274 addita.
900 4220 965 4273 Et
987 4220 1154 4290 hujus
1179 4233 1567 4289 argumentum
1590 4230 1676 4275 est
1706 4221 1850 4290 quod
1876 4236 2066 4276 eorum

472 4314 901 4385 Chrysostomus
938 4312 1147 4366 nullam
1185 4314 1411 4368 omnino
1439 4312 1926 4368 fecitmentionem
1957 4314 2021 4383 (Γ)
2053 4330 2066 4367 :

475 4409 635 4462 nobis
672 4418 855 4462 tamen
891 4407 966 4477 (g)
999 4409 1218 4461 animus
1249 4415 1335 4461 est
1380 4406 1549 4461 etiam
1602 4408 1718 4463 haec
1763 4406 2065 4472 declarare,

476 4501 621 4569 quod
668 4500 903 4553 utilitate
947 4515 1057 4553 non
1110 4508 1360 4561 careant,
1396 4500 1536 4554 sicut
1572 4510 1629 4553 et
1654 4508 1819 4569 caput
1851 4498 1918 4553 de
1946 4514 2071 4552 mu-
2104 4540 2151 4595 υ

2150 624 2372 697 μανίαν.
2427 621 2556 675 Δέον
2589 621 2701 690 γάρ
2750 618 3027 689 ἐρωτῆσαι
3084 617 3179 671 καὶ
3209 614 3398 686 μαθεῖν
3431 614 3484 667 τί
3529 612 3725 683 nexu-

2149 737 2278 785 σεν,
2328 718 2380 771 ol
2419 715 2478 769 δὲ
2524 714 2625 768 οὐκ
2666 712 2979 782 ἠνέσχοντο,
3004 708 3119 765 ἀλλ’
3148 707 3309 770 εὐθὺς
3336 705 3728 762 κολακεύουσιν

2147 812 2348 872 αὐτοὺς
2381 808 2463 861 ἔτι
2502 803 2836 874 φειδόμενοι,
2886 802 2985 855 καὶ
3035 800 3139 855 οὐκ
3168 798 3440 870 αὐστηρίᾳ
3467 796 3731 869 χρῶνται,

2147 899 2453 963 δεδοικότες
2486 896 2565 968 μὴ
2598 894 2791 950 τέλεον
2824 892 2975 964 αὐτῷ
3006 889 3372 963 προπεθῶσι.

2221 1069 2319 1138 Μή
2392 1086 2485 1135 τις
2534 1094 2604 1106 ——
2645 1064 2859 1134 νόμον.
2892 1060 3043 1130 Αὕτη
3079 1058 3281 1129 μᾶλλον
3313 1059 3346 1128 η
3407 1056 3608 1122 μείζων
3632 1076 3733 1111 κα-

2146 1164 2387 1236 τηγορία
2417 1160 2596 1231 ὑμῶν,
2652 1159 2737 1212 ὅτι
2771 1158 2800 1211 δ
2842 1154 2940 1227 μὲν
2982 1152 3138 1224 δχλος
3171 1152 3491 1204 ὶπίστευσεν
3515 1190 3530 1213 ,
3577 1149 3734 1217 ὑμεῖς

2149 1260 2207 1314 δὲ
2247 1256 2618 1329 ἠπιστήκατε.
2653 1249 2837 1322 Νόμον
2864 1246 2922 1302 δι
2960 1243 3196 1300 ἐνταῦθα
3223 1243 3444 1313 λέγουσι
3474 1240 3575 1322 τὴν
3604 1241 3734 1311 ὃλην

2147 1350 2375 1420 Γραφὴν
2412 1343 2621 1407 ἁπλῶς.

2240 1434 2698 1505 Ἐπικατάρατοί
2725 1434 2868 1488 εισι.
2897 1429 3009 1485 Καὶ
3025 1427 3131 1499 μὴν
3148 1429 3176 1482 δ
3202 1425 3367 1497 νόμος
3398 1422 3734 1493 ὲπικατηρά-

2154 1551 2285 1588 σατο
2338 1533 2452 1594 τοῖς
2482 1524 2742 1582 ἀθετοῦσι
2770 1524 2865 1577 τὸν
2891 1522 3057 1592 νόμον
3075 1536 3092 1553 ο
3143 1520 3305 1589 ὑμεῖς
3333 1515 3429 1571 οὖν
3464 1514 3731 1572 ἐπικατά-

2153 1642 2311 1698 ρατοι
2340 1624 2388 1677 οἱ
2413 1619 2742 1681 ἀθετοῦντες
2795 1615 2889 1669 τδν
2935 1615 3102 1685 νόμον
3129 1629 3144 1643 ⁸
3182 1612 3383 1665 ἐκεῖνοι
3417 1608 3475 1662 δὲ
3504 1607 3734 1681 τηροῦσι

2149 1716 2243 1770 τδν
2275 1714 2442 1784 νόμον
2465 1707 2819 1781 πιστεύοντες
2848 1706 2926 1768 είς
2957 1702 3121 1758 αὐτόν
3150 1717 3166 1735 ν
3202 1701 3419 1755 κελεύει
3447 1700 3557 1771 γὰρ
3590 1700 3619 1752 6
3646 1698 3733 1754 νό-

2078 1846 2122 1903 B
2157 1827 2258 1883 μος
2292 1804 2572 1861 πιστεύειν
2601 1802 2697 1903 είς.
2711 1796 2992 1903 τὸν-Θεδν.

2224 1902 2400 1972 Λέγει
2433 1929 2506 1942 -—
2536 1894 2733 1958 ποιεῖ;
2767 1892 2841 1946 To
2866 1885 2974 1957 Εἷς
3004 1887 3091 1943 ὢν
3116 1887 3187 1954 ἐξ
3216 1885 3418 1942 αὐτῶν
3465 1883 3740 1955 προσέθη-

2152 2014 2252 2053 κεν
2277 1995 2306 2048 ὁ
2333 1987 2755 2060 εὐαγγελιστὴς,
2804 1982 3025 2046 δεικνὺς
3074 1982 3159 2035 δτι
3185 1979 3279 2035 καί
3314 1995 3457 2041 τινες
3493 1978 3603 2030 τῶν
3638 1976 3740 2046 ἀρ⁴

2154 2089 2359 2158 χόντων
2410 2082 2763 2139 ἐπίστευσαν,
2799 2076 2848 2129 εί
2881 2074 2975 2127 καὶ
3008 2071 3163 2125 αὐτοὶ
3222 2066 3377 2123 εἷπον
3421 2069 3503 2121 ὅτι
3554 2065 3733 2158 οὐδεὶς

2154 2152 2263 2232 τῶν
2295 2175 2575 2245 ἀρχόντων
2610 2170 2937 2222 ἑπίστευσεν
2986 2166 3071 2227 είς
3116 2159 3302 2215 αὐτόν.
3355 2159 3598 2229 Ἐλέγχει
3643 2152 3740 2211 οὖν

2156 2267 2355 2331 αὐτοὺς
2390 2266 2418 2319 δ
2448 2262 2760 2330 Νικόδημος
2788 2254 3116 2335 παραϐάτας
3139 2250 3232 2308 τοῦ
3257 2252 3449 2322 νόμου,
3489 2251 3626 2321 πλὴν
3652 2250 3742 2303 λε·-

2154 2361 2396 2435 ληθότως
2430 2357 2526 2411 καὶ
2561 2355 2701 2426 μετά
2749 2349 2963 2420 φειδοῦς
2990 2363 3005 2380 ⁶
3063 2345 3218 2402 οὔπω
3247 2347 3356 2418 γὰρ
3401 2346 3501 2416 τὴν
3535 2344 3742 2416 προσή-

2156 2467 2362 2510 κουσαν
2388 2444 2504 2518 εἶχε
2540 2442 2870 2516 παρρησίαν.
2917 2440 2981 2494 Εἰ
3007 2439 3118 2511 γάρ
3141 2440 3169 2493 ὀ
3199 2439 3364 2508 νόμος
3393 2437 3457 2490 οὐ
3480 2435 3744 2507 κατακρί-

2157 2565 2240 2602 νει
2280 2543 2387 2617 πρὸ
2416 2539 2513 2595 τοῦ
2554 2537 2794 2593 ἀκοῦσαι
2846 2533 2942 2588 καὶ
3002 2532 3231 2602 γνῶναι,
3265 2530 3421 2585 αὐτοὶ
3469 2529 3528 2583 δὲ
3578 2530 3744 2583 κατέ-

2158 2655 2356 2713 κριναν
2390 2635 2557 2692 αὐτὸν
2599 2633 2709 2702 πρὸ
2737 2631 2903 2700 λόγου
2941 2628 3040 2682 καὶ
3085 2623 3459 2694 διαγνώσεως,
3498 2621 3744 2694 παρέϐη-

2160 2751 2262 2789 σαν
2288 2732 2401 2805 ἀρα
2428 2728 2521 2784 τὸν
2541 2727 2731 2799 νόμον.

2170 2911 2173 2915 ‘
2231 2899 2681 2968 Ἀπεκρίθησαν
2708 2924 2775 2934 -
2796 2886 2886 2954 el;
2909 2888 3030 2960 Μὴ,
3059 2886 3161 2957 τῆς
3189 2885 3360 2957 αὐτῆς
3390 2884 3540 2956 αὐτῷ
3564 2881 3744 2955 χώρας

2164 2998 2261 3054 καὶ
2301 2992 2568 3064 πατρίδος
2593 2988 2692 3051 ὢν,
2723 2986 2812 3040 διὰ
2856 2982 3017 3037 τοῦτο
3069 2980 3283 3051 βοηθεῖς
3332 2978 3521 3048 αὐτῷ;
3570 2977 3744 3031 Βλέπε

2162 3088 2283 3151 πῶς
2321 3083 2715 3157 ἀγροικότερον
2748 3078 2843 3133 καὶ
2895 3071 3277 3146 θυμικώτερον
3334 3071 3742 3141 ἀποκρίνονται.

2233 3178 2613 3249 Ἐρεύνησον
2642 3204 2711 3215 -
2760 3167 3093 3241 ἐγήγερται.
3134 3164 3248 3217 Καὶ
3297 3162 3403 3234 μὴν
3449 3163 3550 3216 οὐκ
3594 3159 3747 3216 εἶπεν

2165 3276 2248 3329 ὃτι
2281 3270 2572 3343 προφήτης
2629 3264 2801 3330 ἔστιν,
2850 3258 2967 3315 ἀλλ’
2998 3259 3081 3313 ὅτι
3134 3254 3539 3326 κατακριθῆναι
3585 3256 3749 3311 αὑτὸν

2167 3364 2543 3429 ἀνεξετάστως
2572 3359 2636 3413 οὐ
2669 3356 2809 3430 χρήο
2859 3355 2912 3407 οἱ
2964 3351 3022 3405 δὲ
3079 3349 3413 3419 ὑϐριστικῶς
3456 3350 3748 3418 λέγουσιν*

2166 3460 2479 3533 Ἐρώτησον
2506 3454 2619 3527 (20)
2653 3454 2746 3506 καὶ
2780 3448 2919 3521 μάθε
2937 3466 2952 3483 ·
2976 3448 3039 3503 οὐ
3062 3447 3172 3517 γὰρ
3199 3442 3348 3508 οἶδας
3378 3443 3477 3508 τάς
3504 3442 3746 3516 Γραφάς.

2167 3532 2284 3608 1m
2318 3553 2368 3604 ει
2398 3549 2499 3601 οὑκ
2524 3544 2665 3599 οἶδεν
2696 3541 2891 3607 αὐτὰς,
2930 3540 3049 3603 πῶς
3086 3537 3233 3609 ὑμᾶς
3258 3532 3451 3606 ήλεγξε
3483 3533 3749 3604 παραδαι.

2171 3660 2364 3706 νοντας
2399 3641 2492 3694 τὸν
2522 3640 2690 3708 νόμον
2705 3654 2722 3703 ;

2241 3737 2368 3808 Χρὴ
2396 3737 2453 3789 δὲ
2489 3734 2603 3805 (21)
2640 3730 2933 3798 γινώσκειν
2963 3725 3046 3779 ὅτι
3094 3723 3161 3777 τά
3198 3722 3447 3777 ἐντεῦθεν
3476 3723 3603 3793 ἄχρι
3634 3719 3749 3782 τοῦ,

2170 3834 2369 3888 Πάλιν
2410 3824 2526 3884 οὖν
2582 3823 2893 3891 ἐλάλησεν
2930 3817 3136 3885 αὐτοῖς
3178 3822 3211 3873 ὀ
3237 3814 3483 3883 Ἰησοῦς
3531 3813 3750 3883 λέγων·

2170 3921 2317 3994 Ἐγώ
2352 3921 2471 3989 ειμι
2520 3914 2588 3971 τὸ
2626 3912 2753 3985 φῶς
2794 3911 2903 3965 τοῦ
2953 3912 3231 3978 κόσμου’
3279 3906 3429 3976 παρά
3478 3906 3589 3974 ('22)
3642 3905 3755 3967 τοῖς

2172 4012 2461 4086 ἀκριϐέσιν
2500 4007 2864 4076 ἀντιγράφοις
2895 4004 2928 4073 ἢ
2961 4002 3060 4073 οὐχ
3105 4001 3336 4073 εὓρηται
3367 4002 3399 4069 ἢ
3440 3997 3751 4053 nontam.

2173 4106 2265 4161 Διὸ
2297 4116 2587 4174 φαίνονται
2644 4098 3059 4167 παρέγγραπτα
3118 4095 3213 4148 καὶ
3273 4090 3600 4161 προσθήκη·
3652 4089 3751 4141 καὶ

2172 4197 2367 4253 τούτου
2399 4195 2707 4266 τεκμήριον
2763 4190 2825 4243 τὸ
2878 4187 3013 4258 μηδὲ
3068 4186 3159 4239 τὸν
3206 4184 3593 4255 Χρυσὸστομον
3642 4180 3754 4251 (23)

2173 4292 2313 4354 ὅλως
2364 4282 2740 4358 μνημονεῦσαί
2762 4280 2947 4335 αὐτῶν
2979 4278 3118 4349 (24).
3164 4276 3463 4347 Πειρατέον
3510 4274 3566 4329 δὲ
3605 4274 3755 4342 ὅμως

2176 4384 2309 4453 ἡμῖν
2340 4378 2439 4432 καὶ
2474 4375 2654 4430 ταῦτα
2677 4370 3020 4441 διασαφῆσαι
3046 4384 3061 4399 ⁶
3094 4368 3195 4421 οὐκ
3219 4366 3448 4437 ἄμοιρον
3481 4364 3590 4434 γὰρ
3620 4364 3759 4432 ὠφε-

2173 4473 2329 4534 λείας
2357 4468 2479 4523 οὐδὲ
2516 4468 2576 4521 τὸ
2601 4469 2665 4519 ὲν
2702 4464 2916 4526 τούτοις
2949 4461 3249 4530 κεφάλαιον
3282 4459 3343 4513 τὸ
3373 4460 3505 4530 περὶ
3534 4458 3634 4530 τῆς
3662 4457 3758 4512 ἐπὶ

480 4554 614 4649 liere
669 4593 723 4647 in
779 4592 1050 4648 adulterio
1114 4554 1479 4663 deprehensa,
1540 4591 1687 4661 quod
1722 4554 1892 4646 'inter
1947 4590 2057 4644 haec

2180 4566 2398 4639 μοιχείᾳ
2431 4556 2877 4630 κατειλημμένης
2909 4554 3193 4624 γυναικός.

482 4687 727 4757 ponitur.

588 4830 631 4862 ⁵⁷
664 4829 830 4884 Joan.
861 4844 979 4893 vm,
1012 4829 1099 4884 ιε.

1687 4893 1888 4955 νει-ιω
1920 4889 2231 4953 lectiones
2268 4895 2331 4949 et
2363 4896 2553 4949 notas.

557 5031 670 5102 (20)
700 5026 797 5083 Hic
817 5023 1286 5102 interpretationis
1318 5023 1507 5102 locum
1533 5020 2072 5102 obtinethocjoca-

484 5088 696 5162 bulum.
723 5100 829 5153 Sed
856 5088 1279 5167 Cbr'ysostotnus
1297 5093 1647 5167 multotiesjd
1666 5090 1871 5167 tribuit
1890 5088 2037 5141 Evan
2055 5115 2068 5127 -

488 5170 909 5249 gelistmLVide
930 5162 1063 5221 tom.
1092 5164 1314 5249 V_lll,_p_.
1478 5164 1539 5229 Ε,
1561 5162 1773 5249 βοείᾳ.
1812 5229 1961 5249 ut“
2019 5229 2029 5249 ε

564 5246 675 5314 (et)
708 5239 1075 5314 llunclocum
1127 5233 1642 5314 landat_ltichard_us
1684 5233 1965 5287 Siuionius
2019 5233 2074 5283 in

492 5304 728 5370 Historia
766 5310 955 5365 critica
990 5316 1172 5361 textus
1199 5306 1266 5359 N.
1303 5306 1369 5360 Τ.
1393 5320 1449 5374 p.
1483 5304 1607 5360 145.

563 5387 677 5455 (22)
704 5382 829 5455 Ἐπί
862 5377 1162 5455 Simonius.

569 5446 681 5521 {‘23)
715 5452 895 5515 Ὀλως
934 5448 1138 5521 omittit
1168 5446 1334 5501 idem.

2179 5013 2577 5086 Chrysostomi,
2624 5008 3020 5086 en_sque_Novi
3068 5007 3440 5086 _'_l'estamenti,
3494 5006 3584 5076 qni
3621 5022 3757 5086 _cu_i_n

2181 5078 2403 5141 scholiis
2432 5092 2579 5138 sunt.
2609 5082 2779 5135 Crisis
2832 5079 3101 5150 Eutliymii
3176 5078 3421 5148 arguitur
3484 5078 3762 5150 vocabulis

2182 5158 2276 5209 καὶ
2314 5155 2508 5209 τούτου
2542 5153 2863 5220 τεκμήριον.
2895 5148 3100 5206 Eadem
3128 5152 3194 5205 de
3228 5164 3391 5220 causa
3424 5162 3586 5220 supra
3610 5148 3759 5201 solli-

2182 5228 2369 5282 citavit
2414 5225 2575 5280 Lucae
2629 5218 2735 5284 rx,“
2768 5223 2856 5276 55.
2920 5221 3238 5291 Euthymins
3290 5218 3521 5291 debebat
3564 5233 3759 5291 nosse:

2180 5294 2954 5368 ChrysostomumAexclu_sisse
2975 5288 3136 5368 eliam
3160 5290 3347 5368 Matth:
3368 5304 3542 5368 um,“
3559 5288 3764 5368 ιιι-εξ

2188 5379 2244 5422 et
2295 5359 2407 5421 alia
2444 5365 2734 5433 permulta.
2792 5363 3136 5433 Copiosgde
3171 5364 3272 5416 hoc
3326 5361 3446 5414 loco
3494 5359 3760 5433 disputavi

2190 5382 2244 5422 ει
2301 5382 2407 5421 ana
2480 5382 2734 5420 ermuua.
2792 5382 3026 5433 hoplose
3069 5382 3136 5415 (te
3171 5382 3272 5416 ltOC
3328 5382 3446 5414 meo
3494 5382 3760 5427 ιιιδμυιίινι

2190 5439 2245 5493 in
2292 5453 2414 5493 mea
2442 5382 2679 5491 Test.
2727 5434 2983 5490 editione.
3011 5429 3169 5487 Nunc
3221 5442 3428 5485 tantum
3452 5430 3613 5492 addo,
3660 5428 3765 5496 legi

716 5498 1329 5591 ’Ᾰέέεῑιέᾔᾶἑιξιλρρἆέᾱ
1371 5527 1520 5571 nunc
1574 5515 1833 5585 appellat,
1864 5512 2057 5569 codice:

2190 5510 2343 5563 illum
2370 5510 2548 5561 locum
2570 5508 2623 5561 in
2654 5504 3028 5596 Eva‘ngeliario
3046 5502 3317 5569 Gothano,
3343 5500 3594 5558 Octobris
3608 5498 3694 5554 die
3711 5502 3767 5565 8,

573 5726 637 5794 (fi
663 5723 740 5776 Ac
775 5722 1023 5791 profecto
1056 5720 1112 5794 in
1142 5718 1403 5794 omnibus
1424 5715 1547 5794 ejus
1587 5712 1849 5785 operibus
1871 5709 2079 5765 nullum

506 5788 668 5861 Ituj'us
698 5788 1031 5847 narratEOnis
1061 5788 1580 5861 invenivestigium.

576 5852 652 5937 (9)
682 5864 844 5918 Nobis
874 5872 1073 5918 tamen.
1094 5870 1201 5918 ctc.
1235 5852 1544 5916 Periculum
1568 5868 1749 5914 tamen
1770 5852 2081 5911 faciendum

2203 5582 2280 5641 uti
2309 5582 2419 5649 jam
2448 5588 2733 5633 notaverat
2754 5575 3095 5632 Wetstenius

2191 5704 2358 5760 etiam
2390 5702 2509 5756 haec
2561 5699 2858 5771 explicare.
2900 5694 3011 5750 Nec
3052 5690 3526 5771 _enim__utilijatis
3554 5702 3767 5771 _e_xgp_e_rs

2188 5785 2293 5836 cst,
2326 5773 2470 5842 quod
2508 5773 2595 5826 hic
2637 5759 2787 5827 inest
2818 5778 3001 5840 caput,
3034 5767 3102 5821 de
3147 5764 3372 5820 muliere
3402 5761 3455 5815 in
3501 5759 3766 5815 adulterio

2190 5847 2610 5917 comprehensa.
