4010 6480
280 429 417 497 1281

1213 439 1603 501 (ΖΟΜΜΕΧΤ.
1647 440 1727 499 IN
1762 442 2146 510 JOANNEM.
2186 471 2253 484 ·-
2293 446 2452 507 CAP.
2490 448 2658 516 VIII.

3420 459 3558 525 1282

350 546 551 600 Καὶ-
582 549 787 603 αὐτοῦ.
867 549 1250 623 Ὀργισθιντες
1300 551 1395 604 ἰπὶ
1445 552 1523 622 τῷ
1575 552 1721 624 λόγῳ
1767 554 1845 607 toi

2047 555 2202 614 Vers.
2246 559 2336 615 53.
2370 560 2440 615 Et
2472 593 2543 603 -—
2582 578 2761 619 suum.
2810 562 3079 638 Indignati
3124 569 3196 625 ob
3246 585 3559 630 sermonem

276 636 620 708 Νικοδήμου,
655 642 749 693 καὶ
793 641 1125 712 φοσηθέντες
1178 642 1393 713 μήποτε
1430 641 1528 695 καὶ
1552 641 1714 708 ἀλλος
1744 642 1859 698 τῶν

274 729 555 799 ἀρχόντων
576 732 717 785 εῐποι
742 732 983 788 τοιαῦτα.

348 819 461 875 Kal
514 824 758 890 Ἰησοῦς
792 824 908 895 (25)
937 856 1007 867 —
1056 822 1327 881 Ἐλαιῶν.

274 912 363 966 διά
396 915 586 978 νυκτὸς
614 916 931 988 tamquam.

348 1028 600 1094 Ὀρθρου
625 1058 696 1068 -ο
724 1030 969 1097 αὐτούς.
1003 1030 1149 1084 Λαδν
1179 1032 1418 1087 ινταῢθά
1444 1050 1579 1104 φησι
1609 1032 1737 1097 τοὺς
1762 1032 1853 1087 λί-

273 1131 471 1183 γοντας
527 1120 609 1172 ὅτι
666 1116 858 1186 Οὗτός
912 1122 1085 1176 ἐστιν
1146 1122 1446 1191 ἀληθῶς-ό
1495 1123 1859 1193 προφήτης’

272 1209 369 1260 καὶ
399 1210 546 1274 τοὺς
577 1210 837 1281 λέγοντας
883 1209 1042 1276 αὖθις
1088 1215 1169 1268 ὅτι
1214 1212 1405 1282 Οὗτός
1461 1216 1635 1270 ἐστιν
1659 1218 1687 1271 ὁ
1722 1218 1859 1284 Xpt-

1417 824 1714 880 Ἐκκλίνων
1769 825 1871 897 τὴν

1970 647 2277 713 Nlcodemi,
2324 665 2390 708 ac
2448 653 2709 712 timentes
2748 671 2819 713 ne
2865 657 3008 715 forte
3061 663 3228 717 etiam
3279 665 3557 737 quispiam

1970 741 2109 797 alius
2136 744 2342 799 similia
2363 744 2596 800 diceret.

2038 832 2190 891 CAP.
2217 835 2354 891 VIII.
2387 837 2543 893 Vers.
2584 840 2639 893 I.
2661 839 2813 896 Iesus
2855 853 3119 898 autem—
3140 844 3438 905 Oliuarum.
3461 847 3560 907 De-

1973 924 2186 982 clinans
2220 937 2521 986 nocturnas
2551 931 2806 989 insidias.

2035 1016 2191 1075 νει-ε.
2223 1019 2279 1076 2.
2318 1022 2541 1078 Summo
2566 1054 2640 1064 -
2670 1025 2809 1080 illos.
2857 1025 3129 1097 Populum
3180 1030 3271 1087 hic
3314 1032 3557 1103 appellat

1978 1121 2077 1163 eos
2104 1110 2198 1179 qui
2232 1110 2490 1167 dicebant
2536 1128 2551 1167 :
2583 1112 2686 1168 Hic
2717 1126 2796 1170 est
2831 1133 2945 1172 uere
2978 1120 3236 1187 propheta
3262 1136 3281 1175 :
3314 1121 3555 1193 itemque

1966 1212 2101 1263 eos,
2162 1202 2254 1270 qui
2294 1203 2552 1257 dicebant
2587 1221 2600 1257 :
2649 1207 2751 1259 Hic
2805 1216 2880 1260 est
2923 1206 3210 1276 Christus;
3255 1211 3402 1281 quod
3440 1226 3553 1268 non

269 1299 419 1363 στός
440 1315 453 1330 ·
482 1302 618 1370 ὅπερ
673 1304 773 1357 οὐκ
803 1306 1125 1373 ἐνεγκόντες
1153 1307 1204 1360 οἱ
1247 1306 1518 1369 Ἰουδαῖοι,
1571 1307 1767 1361 σκόπει
1805 1326 1845 1363 τι

1972 1289 2210 1348 ferentes
2248 1292 2440 1361 Judzei,
2486 1296 2609 1351 vide
2644 1297 2775 1367 quid
2819 1299 3233 1371 malignentur?

268 1392 687 1460 πονηρεύόνται.

345 1484 634 1551 Ἄγουσιν
668 1518 734 1530 -—
756 1490 1222 1559 μοιχευομένην.
1262 1490 1390 1549 Ἐπ’
1418 1493 1744 1561 αὐτοφώρῳ
1771 1490 1860 1547 λέ-

267 1586 427 1641 γετιι
459 1574 520 1627 τὸ
546 1577 947 1646 αύτελέγκτως,
975 1579 1318 1649 αὐτοφανῶς,
1362 1581 1665 1652 προδήλως.

351 1752 454 1806 'Er
477 1782 543 1793 —
602 1756 811 1811 αὐτοῦ.
851 1756 1218 1838 Γινώσκοντες
1253 1759 1363 1829 γάρ
1388 1758 1551 1815 αὐτὸν
1576 1759 1854 1829 ἐλεήμονα

265 1849 360 1898 καὶ
402 1847 687 1918 συμπαθῆ,
728 1849 1075 1921 προσεδόκων
1108 1851 1189 1905 δτι
1222 1851 1472 1921 φείσεται
1524 1850 1720 1921 αὐτῆς,
1757 1852 1852 1904 καὶ

2030 1478 2186 1535 Vers.
2223 1482 2276 1537 3.
2307 1482 2586 1538 Adducunt
2614 1513 2686 1525 —
2716 1483 2874 1542 Vers.
2909 1486 2963 1543 ι.
2998 1489 3343 1544 adulterium
3361 1508 3551 1562 perpe-

1960 1581 2213 1628 trantem.
2260 1573 2380 1627 'Err’
2409 1574 2733 1649 αὐτοφώρῳ,
2770 1578 2875 1634 hoc
2898 1589 3000 1646 est,
3045 1582 3328 1653 manifeste
3370 1593 3427 1641 et
3458 1586 3554 1640 de-

1957 1665 2227 1732 prehense,
2248 1666 2320 1719 ita
2342 1674 2402 1720 ut
2423 1669 2609 1738 negari
2641 1684 2751 1723 non
2783 1672 2977 1740 possit.

2035 1750 2189 1808 Vers.
2215 1754 2267 1809 5.
2297 1752 2363 1808 In
2385 1785 2454 1794 —
2472 1754 2629 1811 Vers.
2670 1757 2722 1813 6.
2749 1759 2923 1813 illum.
2950 1759 3358 1831 Cognoscentes
3378 1763 3549 1830 enim,

1952 1860 2077 1899 eum
2122 1846 2537 1902 misericordem
2576 1863 2699 1903 esse
2739 1865 2803 1904 ac
2851 1854 3309 1923 compatientem,
3338 1856 3548 1927 cogita-

264 1936 452 1988 λοιπὸν
494 1938 673 2003 ἕξουσι
709 1941 1054 2013 κατηγορίαν
1092 1942 1213 1996 κατ’
1268 1940 1459 2007 αύκτοῦ,
1496 1942 1572 2005 ὡς
1611 1943 1845 2012 παρανό-

1972 1944 2090 1993 bant
2138 1939 2285 2008 quod
2338 1951 2487 1996 esset
2528 1941 2604 1996 illi
2644 1944 3000 2012 parciturus,
3060 1952 3118 2001 et
3179 1948 3254 2003 ita
3304 1949 3550 2005 habituri

265 2045 382 2098 μως
416 2029 731 2101 φειδομένου
762 2030 866 2101 τῆς
891 2032 1001 2085 ἀπὸ
1030 2031 1124 2086 τοῦ
1155 2033 1323 2102 νόμον
1352 2032 1745 2106 λιθαζομένης.

344 2284 409 2341 '0
432 2288 500 2341 δὲ
554 2287 800 2356 Ἰησοῦς
825 2317 897 2329 -
933 2288 1069 2359 γῆν.
1102 2288 1285 2361 Ὅπερ
1325 2289 1554 2345 εἰώθασι
1588 2290 1855 2356 πολλάκις

264 2387 443 2437 ποιεῖν
475 2386 525 2437 οἱ
565 2384 641 2455 μὴ
675 2384 923 2448 θέλοντες
975 2382 1373 2454 ἀποκρίνεσθαι
1399 2382 1517 2455 (26)
1551 2384 1692 2456 πρὸς
1724 2387 1855 2449 τοὺς

264 2476 591 2547 ιρωτῶντας
640 2476 849 2548 ἄκαιρα
909 2476 1000 2529 καὶ
1031 2477 1231 2542 ἀνάξια
1256 2492 1273 2510 ο
1300 2478 1460 2546 γνοὺς
1508 2476 1619 2549 γὰρ
1672 2477 1854 2531 αὐτῶν

262 2570 364 2639 τὴν
396 2570 646 2642 μηχανὴν
670 2573 1055 2641 προσεποιεῖτο
1086 2569 1321 2641 γράφειν
1350 2569 1433 2633 είς
1475 2569 1574 2640 τὴν
1606 2569 1732 2640 γῆν,
1758 2568 1855 2624 καὶ

264 2662 342 2731 μὴ
376 2665 659 2732 προσέχειν
681 2660 764 2726 οἷς
796 2662 1007 2733 ελεγον.

351 2755 444 2815 Ὠς
467 2782 536 2793 -
558 2754 771 2820 αὑτήν.
798 2754 940 2826 Ὅρα
967 2754 1160 2823 σοφίαν
1191 2753 1293 2824 τῆς
1318 2752 1653 2823 αὐτοσοφίας
1678 2770 1852 2807 κατα-

264 2847 630 2916 σοφιζομένην
688 2846 1018 2916 εὐμηχάνως
1048 2847 1146 2908 τὰς
1183 2848 1435 2917 μηχανὰς
1464 2843 1672 2901 αὐτῶν.
1704 2845 1850 2918 Ὅρα

262 2937 378 2999 πῶς
412 2938 526 3007 ἅμα
558 2940 654 2990 καϊ
687 2937 777 2990 τὸν
810 2937 975 3003 νόμον
1002 2937 1265 3007 ἐτήρησε,
1302 2938 1393 2991 καὶ⁵
1443 2935 1543 3005 τῆς
1588 2937 1853 3004 γυναικὸς

259 3026 537 3094 ἐφείσατο.
582 3026 879 3097 Ἐπέτρεψε
900 3028 1009 3096 γὰρ
1031 3027 1122 3079 τὸν
1152 3024 1540 3095 ἀναμάρτητον
1572 3023 1633 3089 ιε
1664 3023 1850 3078 αὐτῶν

259 3118 530 3188 ἄρξασθαι
568 3118 665 3171 τοῦ
728 3118 1025 3172 λιθοϐολεῖν
1082 3118 1273 3189 αὐτὴν,
1307 3116 1466 3180 εἰδὼς
1520 3116 1732 3179 πάντας
1792 3117 1853 3170 ἐν

257 3214 581 3283 ἁμαρτίαις.

331 3307 439 3362 Kal
470 3307 659 3361 πάλιν
681 3336 750 3347 ——
794 3304 929 3376 τῆν.
966 3306 1085 3361 Ἵνα
1112 3305 1189 3377 μὴ
1220 3304 1509 3376 βλέποντος
1542 3307 1623 3369 είς
1648 3302 1848 3367 αὐτοὺς

256 3403 625 3472 αἰσχύνωνται
679 3403 810 3473 ῥᾷον
847 3401 1021 3464 οὕτως
1055 3400 1433 3471 ἐλεγχθέντες,
1469 3402 1566 3454 καὶ
1600 3400 1708 3465 ἵνα,
1764 3398 1839 3464 ὡς

255 3496 423 3549 αὑτοῦ
464 3496 628 3565 δῆθεν
663 3494 1065 3565 ἀσχολουμένου
1103 3494 1182 3557 είς
1209 3492 1271 3545 τὸ
1301 3494 1559 3562 γράφειν,
1601 3492 1696 3563 ἐξῇ
1744 3493 1848 3547 αὐ-

252 3592 370 3653 τοῖς
401 3588 833 3659 ύπαναχωρῆσαι
858 3586 965 3658 πρὸ
992 3584 1378 3659 φανερωτέρας
1415 3584 1843 3654 καταγνώσεως’

254 3680 351 3734 κα)⁸
404 3681 586 3736 αὐτῶν
648 3681 756 3751 γὰρ
805 3678 1049 3748 ἐφείδετο
1097 3677 1164 3731 δι’
1224 3676 1534 3748 ὑπερϐολὴν
1607 3686 1847 3748 χρηστο-

253 3790 437 3846 τητος.

326 3868 391 3918 οι
422 3864 491 3918 δὲ
522 3894 595 3905 -
626 3863 923 3933 ἐσχάτων.
960 3862 1148 3927 Οὐδεὶς
1186 3863 1296 3934 γὰρ
1326 3862 1716 3935 ἀναμάρτητον
1765 3863 1847 3915 εί-

254 3960 374 4011 πεῐν
398 3958 591 4011 ἑαυτὸν
620 3958 875 4026 ἠδύνατο.

322 4050 434 4103 Kal
466 4077 528 4088 —
554 4051 946 4116 κατέκρινενς
1005 4046 1493 4117 Ἀναχωρήσαντες
1546 4047 1657 4118 γὰρ
1692 4048 1840 4118 ἀφῆ-

254 4157 360 4193 καν
392 4140 559 4211 αὐτὴν
586 4140 795 4193 άνετον·
825 4140 949 4191 ἐπεὶ
976 4138 1031 4191 δὲ
1063 4140 1277 4203 ἄνετον,
1308 4140 1528 4201 πάντως
1567 4139 1665 4191 καὶ
1704 4140 1841 4191 ἀκα-

254 4231 514 4303 τάκριτον
551 4231 613 4283 τὸ
643 4230 731 4283 ἐπ’
760 4229 945 4293 αὐτοῖς
983 4242 996 4256 ⁸
1032 4223 1069 4298 ἦ
1092 4231 1200 4299 γάρ
1250 4227 1318 4280 ἂν
1352 4230 1613 4297 συνέσχον
1645 4228 1838 4297 αὑτήν.

331 4415 396 4471 Ἡ
418 4444 480 4456 --
512 4413 871 4481 κατακρίνω.
902 4409 967 4464 Ei
1002 4409 1111 4480 γάρ
1147 4411 1348 4463 ἐκεῖνοι
1378 4409 1656 4479 ἄνθρωποι
1686 4409 1838 4472 ὄντες

246 4510 307 4563 οὐ
341 4506 670 4576 κατέκρινάν
700 4520 783 4567 σε,
818 4503 999 4572 πολλῷ
1034 4500 1238 4573 μᾶλλον
1277 4501 1398 4553 οὐδὲ
1431 4501 1541 4569 ἐγώ
1574 4515 1634 4552 σε
1670 4515 1840 4552 κατα-

247 4603 441 4675 κρίνω,
468 4599 600 4662 Θεὸς
632 4595 707 4650 ὣν
738 4598 833 4651 καὶ
862 4595 957 4649 τοῦ
984 4594 1149 4665 νόμου
1181 4593 1406 4664 Κύριος.

319 4788 589 4856 Πορεύου
619 4817 690 4829 -
719 4783 1042 4855 ἁμάρτανε.
1093 4779 1420 4852 ’Δρκοῦντος
1454 4776 1549 4832 τοῦ
1579 4775 1837 4847 τηλικού-

242 4899 338 4935 του
368 4881 661 4952 θριάμϐου,
708 4880 804 4932 καὶ
833 4877 935 4947 τῆς
988 4874 1223 4927 ινώπιον
1253 4871 1528 4925 τοσούτων
1568 4869 1835 4941 αἰσχύνης

242 4978 323 5040 εἰς
371 4973 645 5044 τιμωρίαν
672 4988 684 5001 ·
719 4970 862 5040 ιγνω
896 4970 1005 5040 γάρ
1039 4967 1209 5040 αὐτὴν
1255 4970 1353 5017 καὶ
1407 4963 1831 5033 μετανοήσασαν

242 5068 594 5138 ὀλοκαρδίως.

314 5160 508 5215 Πάλιν
540 5186 612 5197 --—
641 5156 897 5224 κόσμου.
959 5150 1049 5214 Ὧς
1109 5147 1364 5219 φωτίζων
1403 5147 1493 5199 τὸν
1538 5144 1663 5198 νοῦν
1718 5144 1832 5198 τῶν

242 5252 571 5323 ἀνθρώπων,
596 5250 687 5303 καὶ
712 5245 924 5317 ὁδηγῶν
950 5244 1063 5297 ἀπὸ
1089 5243 1190 5313 τῆς
1223 5241 1432 5310 πλάνης
1463 5241 1544 5301 είς
1575 5238 1676 5309 τὴν
1702 5236 1834 5307 ἀλή-

244 5348 396 5400 θειαν
423 5348 515 5396 καὶ
542 5346 648 5395 ἀπὸ
678 5340 779 5411 τῆς
810 5338 1090 5409 ἁμαρτίας
1120 5337 1202 5400 είς
1228 5336 1329 5409 τὴν
1359 5332 1585 5405 ἀρετὴν,
1631 5331 1725 5383 καὶ
1754 5330 1831 5392 ὡς

243 5438 623 5509 καταλάμπων
656 5433 754 5489 καὶ
818 5430 1125 5501 φαιδρύνων
1154 5430 1214 5484 τὸ
1250 5427 1584 5499 ἡγεμονικὸν
1615 5423 1822 5488 αὐτῶν,

1936 5425 2249 5480 cxhilarans

1961 2038 2149 2085 essent
2202 2030 2469 2088 adversus
2514 2047 2641 2088 eum
2698 2035 3128 2099 accusationem,
3168 2047 3358 2109 utpote
3413 2040 3548 2111 legis

1961 2124 2399 2193 transgressione
2429 2123 2505 2179 illi
2529 2135 2871 2195 parcentem,
2897 2142 3018 2196 qua:
3038 2113 3348 2185 secundum
3372 2131 3546 2203 legem

1958 2211 2249 2283 Iapidanda
2278 2225 2418 2271 erat.
3120 2290 3127 2293 γ

2030 2302 2185 2360 Vers.
2221 2306 2274 2360 6.
2310 2306 2744 2364 Jesus—terra.
2785 2309 2944 2377 Quod
2992 2310 3321 2382 frequenter
3368 2313 3550 2370 facere

1959 2396 2162 2461 solent,
2207 2398 2300 2467 qui
2342 2399 2683 2470 respondere
2723 2400 2917 2455 nolunt
2947 2402 3260 2473 importuna
3297 2406 3549 2477 indigna-

1959 2504 2064 2560 que
2088 2489 2441 2560 rogantibus:
2469 2491 2685 2561 cognita
2706 2492 2853 2546 enim
2870 2493 3088 2548 illorum
3113 2495 3546 2563 machinatione,

1959 2579 2198 2651 ﬁngebat
2240 2596 2300 2636 se
2346 2582 2402 2634 in
2436 2591 2579 2635 terra
2620 2581 2886 2648 scribere,
2933 2598 3036 2640 nec
3094 2585 3181 2640 his
3221 2587 3537 2654 attendere,

1956 2687 2078 2742 qua
2116 2671 2392 2728 dicebant.

2027 2761 2193 2819 Vers.
2258 2766 2311 2819 7.
2363 2763 2793 2819 Cum—illum.
2840 2763 2979 2822 Vide
3039 2767 3365 2837 sapientiam
3404 2770 3546 2840 ejus,

1955 2856 2049 2926 qui
2106 2857 2225 2927 ipsa
2275 2866 2362 2911 est
2422 2857 2743 2927 Sapientia.
2814 2856 2951 2912 Nam
3007 2860 3279 2930 sagaciter
3332 2862 3546 2917 illorum

1956 2948 2172 3019 decepit
2206 2949 2648 3006 machinationes
2684 2968 2697 3005 :
2748 2951 2912 3006 simul
2944 2963 2997 3007 et
3046 2953 3320 3008 servando
3367 2960 3541 3025 tegent

1954 3048 2008 3097 et
2043 3042 2316 3108 parcendo
2342 3042 2577 3097 mulieri.
2606 3040 2887 3113 Siquidem
2909 3045 2957 3098 ei
2987 3047 3079 3115 qui
3106 3061 3173 3100 ex
3206 3047 3343 3115 ipsis
3363 3066 3391 3099 ιι
3420 3064 3548 3117 pec-

1955 3144 2078 3188 eato
2134 3132 2395 3188 immunis
2443 3142 2633 3201 esset,
2695 3136 2953 3204 permlsit
3009 3146 3069 3191 ut
3124 3152 3245 3192 eam
3301 3139 3545 3208 lapidare

1873 3265 1920 3329 Ο
1957 3226 2222 3295 inciperet
2256 3245 2269 3281 :
2308 3226 2490 3281 sciens
2520 3242 2714 3281 omnes
2746 3227 2992 3296 peccatis
3022 3243 3145 3283 esse
3173 3230 3465 3284 obnoxios.
3507 3256 3521 3266 -

2027 3316 2183 3375 Vers.
2216 3318 2270 3374 8.
2304 3318 2636 3389 Rursumque
2658 3348 2730 3359 —
2754 3328 2901 3373 terra
2921 3357 2936 3373 .
2965 3318 3036 3374 Ut
3060 3320 3190 3374 dum
3219 3321 3334 3389 ipse
3366 3322 3417 3374 in
3450 3337 3546 3375 eos

1950 3426 2060 3466 non
2096 3411 2411 3481 respiceret,
2446 3409 2836 3465 erubescerent
2867 3409 3046 3465 lenius
3075 3410 3353 3481 redarguti
3382 3425 3398 3465 :
3439 3413 3546 3465 nti-

1950 3518 2057 3573 que
2117 3502 2188 3556 ita
2240 3502 2331 3557 illo
2401 3501 2458 3556 in
2532 3500 2826 3556 scribendo
2867 3513 3154 3571 occupato,
3209 3502 3421 3569 liceret,
3464 3518 3545 3557 e:s

1951 3595 2154 3649 sensim
2194 3593 2512 3657 abscedere,
2560 3600 2867 3660 antequam
2902 3592 3246 3647 manifestius
3286 3595 3544 3647 condem-

1948 3693 2213 3739 narentur
2250 3701 2264 3738 :
2299 3698 2427 3737 nam
2461 3697 2559 3736 sua
2593 3695 2808 3735 summa
2840 3681 3180 3752 benignitate
3212 3682 3376 3736 etiam
3408 3682 3539 3751 ipsis

1948 3778 2229 3848 parcebat.

2022 3864 2176 3922 Vers.
2221 3867 2273 3922 9.
2304 3866 2472 3920 Atilii
2502 3894 2574 3905 —
2620 3874 2931 3936 postremos.
2983 3862 3177 3917 Nullus
3207 3864 3357 3918 enim
3430 3863 3543 3918 sci-

1949 3976 2112 4032 psum
2133 3976 2163 4014 a
2197 3970 2423 4031 peccato
2452 3959 2756 4014 immunem
2784 3959 2969 4012 dicere
2990 3967 3224 4027 poterat.

2020 4048 2179 4105 Vers.
2210 4051 2264 4105 9.
2307 4050 2376 4104 Et
2408 4079 2476 4088 —
2501 4049 2656 4104 Vcrs.
2687 4049 2770 4103 I0.
2806 4049 3172 4103 condemnavit
3198 4048 3221 4100 1’
3246 4047 3502 4102 Reccden
3525 4074 3538 4086 ο

1952 4153 2032 4199 les
2067 4157 2309 4211 namque
2334 4140 2663 4195 dimiserant
2691 4155 2811 4194 eam
2854 4140 3139 4204 intactam,
3200 4138 3386 4207 utique
3426 4152 3535 4191 non

1946 4233 2391 4296 condemnatam,
2425 4233 2576 4302 quod
2614 4230 2682 4285 ad
2721 4244 2781 4285 se
2802 4229 3141 4300 pertinebat,
3204 4227 3407 4296 alioqui
3434 4244 3535 4298 op-

1943 4327 2279 4398 pressissent
2318 4341 2460 4380 eam.

2020 4418 2173 4473 Vers.
2214 4419 2296 4473 11.
2329 4416 2548 4483 Ωαιε-
2581 4419 2890 4470 condemno.
2938 4415 3077 4469 Nam
3140 4415 3184 4471 si
3253 4414 3351 4481 illi,
3409 4430 3534 4468 cum

1944 4509 2199 4567 homines
2234 4508 2367 4573 sint,
2404 4517 2457 4561 te
2474 4522 2583 4561 non
2609 4506 3137 4571 condemnavcrunt,
3168 4505 3339 4569 multo
3362 4507 3535 4576 ritagis

1862 4613 1917 4674 1)
1943 4617 2066 4673 ego,
2100 4599 2193 4669 qui
2227 4600 2370 4654 Deus
2399 4613 2546 4662 sum,
2574 4598 2825 4668 legisque
2856 4595 3144 4661 Dominus,
3168 4605 3220 4650 te
3256 4611 3367 4650 non
3400 4612 3537 4650 con-

2073 4708 2168 4747 no.

2073 4708 2168 4747 no.

1940 4697 2176 4840 deam.
2203 4784 2290 4838 II.
2318 4783 2419 4837 Abi
2445 4814 2515 4825 —-
2541 4782 2857 4850 peccaveris.
2893 4780 3040 4834 Satis
3070 4780 3216 4836 enim
3257 4790 3375 4835 crat
3414 4781 3535 4836 talis

1940 4878 2263 4950 divulgatio,
2333 4887 2388 4933 et
2417 4892 2597 4933 coram
2650 4884 2730 4930 tot
2774 4872 3105 4927 adversariis
3154 4873 3532 4959 erub‘esccntia

1942 4987 2040 5042 pro
2072 4969 2344 5039 supplicio
2378 4986 2392 5023 :
2422 4968 2659 5022 maxime
2682 4981 2809 5021 cum
2848 4963 3019 5018 sciret
3050 4966 3198 5034 quod
3233 4962 3383 5016 illam
3416 4972 3529 5017 toto

1942 5065 2108 5120 corde
2133 5063 2449 5134 paeniteret.

2015 5154 2171 5210 Vers.
2208 5154 2294 5209 12.
2329 5152 2536 5207 Iterum
2566 5180 2636 5191 ——
2665 5150 2877 5205 mundi.
2912 5147 3116 5218 Utpote
3156 5158 3397 5202 mentem
3426 5149 3529 5201 lio-

1942 5247 2151 5302 minum
2182 5244 2501 5298 illuminans
2524 5252 2579 5297 et
2606 5242 2676 5297 ab
2708 5256 2896 5297 errore
2913 5241 3122 5295 ducens
3139 5240 3205 5292 ad
3222 5241 3527 5304 veritatem,

1940 5349 1969 5387 a
2002 5342 2223 5402 peccato
2249 5331 2315 5385 ad
2345 5332 2605 5386 virtutem
2640 5348 2652 5384 :
2699 5338 2756 5384 et
2809 5339 3069 5399 tanquam
3136 5328 3420 5383 illustrans
3464 5342 3529 5382 ac

2322 5424 2535 5477 animas
2606 5437 2825 5488 eorum,
2926 5418 3397 5492 quemadmodum
3471 5420 3524 5472 in

243 5533 425 5593 καθὼς
462 5534 556 5585 καὶ
602 5534 659 5583 ὲν
693 5527 998 5600 προοιμίοις
1030 5525 1126 5577 τοῦ
1190 5523 1457 5593 παρόντος
1488 5520 1825 5588 Εὑαγγελίου

1972 5518 2211 5573 ἰ-ιιωιιιὶο
2237 5516 2524 5589 ῃτιιεεοοιίε
2550 5516 2827 5587 Evangelii
2852 5513 3238 5579 disseruimus,
3294 5512 3385 5567 ubi
3433 5510 3524 5566 di-

1402 5703 1601 5765 Varim
1646 5700 1957 5764 lectiones
1993 5708 2055 5761 et
2102 5708 2292 5765 notae.

335 5848 425 5913 9.5)
484 5851 587 5905 Pro
618 5846 842 5917 vulgari,
876 5846 1031 5920 λοιπε
1070 5841 1455 5920 autemquod
1516 5837 1818 5894 ﬂentenius

243 5915 474 5988 euiluit,
520 5915 748 5989 uterque
780 5921 969 5984 habet,
1001 5915 1109 5968 Kal.
1135 5915 1366 5984 Ἰησοῦς.

2004 5836 2115 5907 (26)
2167 5831 2594 5903 Ἀποκρὶνατθαι
2629 5833 2695 5885 Α.
