4010 6494
464 417 608 484 1283

1711 415 2093 476 EUTHYMII
2132 415 2461 477 ZIGABEN
2466 417 2495 476 Ι

3599 430 3728 494 1284

461 534 610 591 citur
637 551 651 588 :
690 530 761 587 Et
782 533 892 587 vita
919 539 1033 585 erat
1053 529 1146 584 lux
1162 528 1433 583 hominum
1462 527 1531 585 ⁸⁸.
1556 527 1672 583 Hoc
1694 538 1875 583 autem
1902 529 2042 583 dixit

2164 531 2488 599 λελάϐομεν,
2520 530 2650 583 ἔνθα
2692 534 2866 586 κεῖται
2924 534 3007 600 τὸ,
3057 536 3163 590 Καὶ
3196 538 3232 607 ἡ
3262 537 3377 607 ζωὴ
3417 534 3493 609 ἦν
3518 543 3582 595 τὸ
3611 545 3725 612 φῶς

461 635 689 697 propter
714 625 960 679 diversas
993 622 1061 678 de
1092 638 1151 677 se
1179 622 1467 693 opiniones
1501 621 1739 677 illorum.

533 810 690 866 Vers.
744 809 833 863 12.
890 807 995 874 Qui
1048 837 1121 847 --
1175 806 1423 863 tenebris.
1464 806 1521 861 ln
1553 819 1743 862 errore
1810 814 1863 859 et
1920 818 2050 875 pec-

466 913 609 960 cato.

542 996 695 1049 \‘ers.
733 994 815 1048 12.
846 995 951 1050 Sed
977 1024 1047 1035 -—
1075 994 1210 1049 eius.
1247 991 1513 1048 Eternze.

539 1085 688 1142 Vers.
733 1089 817 1142 13.
853 1086 1115 1140 Dixerunt
1146 1116 1208 1125 —
1238 1083 1391 1141 Vers.
1449 1084 1539 1139 14.
1599 1101 1795 1140 meum.
1855 1083 2052 1149 Quare

466 1179 610 1232 circa
643 1178 822 1234 media
858 1178 1078 1248 septimi
1122 1178 1341 1247 capitis,
1404 1178 1495 1233 ubi
1557 1178 1800 1247 dicitur:
1853 1175 1915 1232 Si
1960 1193 2053 1248 ego

467 1272 821 1324 testimonium
853 1270 1092 1339 per/tinea
1121 1270 1185 1324 de
1210 1286 1292 1323 me
1320 1272 1458 1337 ipso,
1490 1271 1850 1324 testimonium
1879 1285 2054 1323 meum

466 1378 567 1423 non
603 1370 679 1414 est
714 1376 895 1415 verum
934 1360 977 1392 “
1008 1378 1021 1415 :
1052 1361 1109 1415 in
1159 1361 1307 1415 illius
1375 1360 1646 1431 siquidem
1701 1363 2055 1416 enarratione

462 1454 629 1507 etiam
653 1454 818 1520 hujus
847 1454 1096 1509 lactaest
1149 1453 1379 1507 mentio.
1438 1452 1669 1519 Quidam
1725 1468 1855 1508 vero
1901 1453 2056 1506 aiunt

464 1546 611 1613 quod
643 1545 774 1599 illud
805 1553 1065 1614 tanquam
1094 1545 1259 1599 homo
1282 1545 1503 1606 dixerit.
1551 1546 1655 1599 hoc
1698 1552 1882 1599 autem
1930 1555 2054 1599 tan-

465 1654 629 1705 quam
654 1637 819 1701 Deus,
840 1638 1139 1693 ostendens
1163 1652 1223 1693 se
1246 1654 1354 1693 non
1377 1639 1584 1693 nudum
1605 1654 1727 1694 esse
1746 1631 2054 1708 hominem,

465 1741 626 1798 prout
656 1729 755 1799 ipsi
785 1730 1227 1798 suspicabantur.

538 1820 692 1877 Vers.
734 1822 821 1875 14.
853 1822 994 1888 Quia
1034 1852 1104 1863 —
1140 1824 1389 1878 venerim.
1429 1824 1475 1878 A
1510 1824 1671 1880 Patre
1709 1825 1842 1880 Deo.

2154 620 2273 674 τῶν
2298 619 2647 689 ἀνθρώπων.
2684 621 2856 676 Τοῦτο
2887 623 2942 677 δὲ
2978 621 3100 679 εἷπε
3131 626 3217 680 διὰ
3248 630 3345 692 τὰς
3381 631 3507 699 περὶ
3532 632 3722 686 ἑαυτοῦ

2153 713 2445 785 διαφόρους
2481 716 2779 786 ὑπολήψεις
2813 716 2926 788 (27)
2958 717 3156 772 αὐτῶν.

2236 809 2300 861 'U
2333 838 2403 847 —
2439 809 2677 877 σκοτίᾳ.
2726 809 2816 863 Ἐν
2846 814 2911 883 τῇ
2954 811 3133 884 πλάνῃ
3160 813 3253 865 καὶ
3286 817 3351 885 τῇ
3385 816 3651 887 ἁμαρτία.

2242 996 2398 1049 Ἀλλ’
2418 1026 2491 1036 -
2536 994 2708 1063 ζωῆς.
2741 995 2851 1066 Τῆς
2879 994 3123 1050 αίωνίου.

2228 1087 2419 1141 Εἶπον
2442 1117 2514 1127 -
2533 1104 2675 1157 μου.
2712 1089 2956 1158 Ζήτησον
2994 1088 3125 1158 περὶ
3155 1087 3223 1141 τὰ
3275 1088 3416 1159 μέσα
3445 1088 3539 1144 τοῦ
3584 1090 3730 1144 £666-

2161 1198 2264 1251 μου
2284 1181 2583 1252 κεφαλαίου
2605 1180 2688 1254 [τὸ
2705 1182 2842 1234 Ἐὰν
2861 1181 2975 1252 ἐγὼ
2984 1180 3265 1252 μαρτυρῶ
3278 1181 3390 1253 (28)
3409 1182 3539 1251 περὶ
3563 1184 3734 1253 ἐμαυο

2157 1273 2347 1341 τοῦ,’ή
2389 1276 2688 1345 μαρτυρία
2715 1289 2835 1342 μου
2891 1275 3004 1329 οὐκ
3048 1276 3222 1328 ἐστιν
3264 1272 3495 1342 ἀληθής
3522 1288 3537 1303 ⁶
3579 1277 3634 1327 ὲν
3673 1276 3737 1346 τῇ

2159 1368 2419 1441 ἐξηγήσει
2449 1370 2556 1439 γὰρ
2585 1367 2820 1441 ἐκείνου]
2865 1366 3141 1431 καὶκτοῦτο
3169 1370 3575 1441 ἐμνημονεύθη.
3598 1370 3738 1424 Φασὶ

2158 1463 2217 1517 δέ
2247 1479 2390 1526 τινες
2420 1464 2501 1516 ὅτι
2532 1465 2708 1517 ἐκεῖνο
2743 1463 2843 1533 μὲν
2871 1459 3022 1516 εἶπεν
3050 1461 3125 1527 ὠς
3153 1462 3463 1535 ἄνθρωπος,
3496 1461 3654 1516 τοῦτο
3674 1461 3733 1513 δὲ

2158 1558 2234 1621 ὡς
2263 1558 2419 1625 Θεὸς,
2444 1558 2724 1627 ἐμφαίνων
2754 1560 2836 1611 ὅτι
2860 1559 2959 1613 οὐκ
2997 1558 3113 1612 ἐστι
3145 1556 3299 1627 ψιλὸς
3324 1556 3633 1629 ἄνθρωπος,
3661 1554 3735 1619 ὡς

2162 1651 2317 1704 αὐτοὶ
2345 1651 2841 1721 ὑπολαμϐάνουσιν.

2236 1818 2448 1877 Ὀτι-
2477 1815 2691 1891 ἦλθον.
2734 1817 2831 1873 Ἐκ
2860 1820 3071 1891 Πατρδς
3104 1820 3259 1875 Θεοῦ.

532 1910 691 1967 Vers.
732 1913 817 1967 H.
849 1912 916 1965 Et
942 1932 1045 1984 quo
1075 1918 1229 1969 vado.
1261 1915 1343 1969 Ad
1383 1917 1639 1971 eumdem
1690 1918 1869 1987 ipsum
1926 1924 2051 1986 post

2228 1912 2337 1967 Καὶ
2373 1910 2491 1966 ποῦ
2546 1910 2776 1981 ὑπάγω.
2810 1912 2909 1978 Είς
2952 1912 3067 1983 (29)
3106 1912 3270 1966 αὑτὸν
3326 1912 3465 1982 μετὰ
3490 1912 3551 1963 τὸ
3590 1910 3739 1973 τέλος

464 2005 627 2060 linem
661 2006 823 2073 hujus
853 2007 1305 2077 dispensationis.
1342 2010 1483 2076 Quia
1505 2024 1637 2065 vero
1702 2010 1843 2077 scio,
1896 2011 2047 2081 quod

2164 2008 2254 2076 τῆς
2309 2004 2627 2075 οἰκονομίας
2685 2002 2908 2075 ταύτης.
2954 2004 3111 2059 Ἐπεὶ
3143 2005 3255 2075 (30)
3315 2004 3372 2058 δὲ
3404 1999 3519 2056 οἰδα
3562 2002 3645 2055 ὅτι
3678 2002 3740 2053 ὲκ

464 2113 496 2151 a
517 2095 677 2153 Patre
706 2098 813 2154 Deo
845 2102 1111 2166 venerim,
1135 2116 1190 2156 et
1212 2102 1281 2155 ad
1316 2117 1442 2156 eum
1474 2102 1655 2173 ipsum
1682 2103 1842 2171 vado,
1864 2103 2056 2174 utique

463 2189 637 2245 Filius
659 2189 755 2245 Dei
795 2206 917 2245 sum
943 2202 996 2246 et
1019 2192 1185 2247 Deus.
1217 2193 1407 2265 Itaque
1438 2194 1545 2249 (ide
1577 2195 1776 2264 dignus
1828 2210 1949 2251 sum
1998 2204 2054 2251 et

462 2281 580 2351 ipsa
614 2281 769 2349 ﬁdes,
812 2283 958 2337 sicut
985 2294 1040 2337 et
1065 2283 1182 2353 ipsa
1208 2288 1433 2340 veritas.

543 2373 708 2436 Vers‘;
733 2375 947 2435 fi‘fi'vs
975 2392 1048 2420 '-—°
1075 2380 1234 2437 vada.
1281 2388 1331 2423 -‘
1373 2379 1627 2448 Nescitis,
1672 2381 1816 2437 sicut
1855 2390 2048 2437 osten-

464 2472 617 2536 ditis,
646 2472 789 2528 sicut
819 2472 1113 2537 siumlatis,
1146 2474 1253 2528 hoc
1275 2481 1383 2539 est,
1432 2472 1657 2529 Nescire
1688 2474 1970 2539 videmini,
2001 2476 2055 2531 in

463 2565 692 2618 veritate
723 2572 904 2619 tamen
932 2566 1083 2620 scitis
1122 2583 1136 2618 :
1164 2565 1286 2620 ideo
1317 2564 1482 2619 etiam
1515 2565 1771 2635 superius
1799 2566 1955 2631 dixit,
1987 2563 2059 2618 Et

462 2668 544 2707 me
566 2655 712 2708 scitis
752 2664 802 2708 et
840 2655 979 2709 unde
1003 2657 1104 2709 sim
1130 2657 1274 2712 scitis
1314 2657 1384 2713 '°.

532 2745 687 2802 Vers.
722 2748 811 2802 15.
862 2746 1056 2802 Vos—
1092 2748 1368 2828 judicatis.
1395 2746 1725 2815 Carnallter,
1780 2748 2058 2803 sensuali-

469 2845 573 2904 ter,
610 2854 796 2893 crasso
825 2839 988 2911 modo
1018 2840 1088 2894 ad
1123 2842 1175 2893 id
1203 2841 1407 2907 solum,
1469 2840 1617 2911 quod
1674 2852 1925 2911 apparet,
1971 2840 2056 2895 inc

473 2908 978 2999 tuentes,nibilque
1004 2931 1299 2985 sublimius
1328 2946 1393 2985 ac
1421 2908 2058 3004 spiritualejcogitantes.

467 3020 667 3077 Sciens
693 3033 900 3089 autem,
930 3039 1026 3079 eos
1053 3023 1296 3077 dicturos
1319 3043 1332 3077 :
1358 3021 1425 3076 Et
1447 3038 1643 3092 quare,
1663 3023 1709 3079 si
1733 3033 1912 3094 potes,
1946 3036 2060 3078 non

454 3116 622 3186 punis
650 3130 773 3181 nos,
806 3115 899 3187 qui
932 3116 1006 3169 ita
1032 3115 1370 3185 judicemus,
1396 3116 1474 3169 ait
1502 3133 1517 3170 :

534 3206 693 3264 νει-ο.
735 3209 823 3263 15.
866 3206 975 3279 Ego
1007 3236 1078 3248 —
1122 3224 1465 3279 quemquam.
1528 3206 1648 3264 Non
1675 3207 1862 3279 judico
1884 3224 2054 3265 nunc.

2085 3255 2133 3315 ϐ

2158 2100 2372 2173 Πατρὸς
2402 2100 2535 2153 Θεοῦ
2579 2097 2745 2172 ἦλθον
2799 2100 2895 2153 καὶ
2927 2101 3008 2162 είς
3039 2099 3201 2152 αὐτὸν
3251 2098 3470 2166 ὑπάγω,
3522 2094 3737 2155 πάντως

2158 2194 2285 2257 Tib,-
2310 2193 2404 2246 τοῦ
2434 2193 2567 2246 Θεοῦ
2598 2195 2715 2264 ειμι
2740 2192 2833 2247 καὶ
2854 2191 3010 2255 Θεός.
3037 2190 3149 2245 Καὶ
3178 2190 3363 2243 λοιπον
3419 2184 3737 2255 ἀξιόπιστός

2157 2288 2295 2358 είμι.
2328 2285 2421 2339 καὶ¹
2450 2286 2796 2351 αύτόπιστος,
2826 2284 2902 2349 ὡς
2935 2283 3317 2355 αὑτοαλήθεια.

2244 2378 2434 2448 Ὑμεῖς
2456 2408 2526 2418 -
2547 2376 2778 2447 ὑπάγω.
2803 2400 2875 2418 —-
2897 2377 3019 2431 Οὐκ
3048 2375 3270 2439 albata,
3296 2373 3370 2437 ὡς
3401 2371 3632 2437 δοκεῖτε,
3662 2368 3738 2431 ὡς

2159 2469 2439 2541 φαίνεσθε,
2472 2471 2547 2533 ὡς
2575 2468 2959 2540 προσποιεῖσθε
2984 2483 3001 2501 ο
3031 2470 3095 2540 τῇ
3125 2467 3234 2539 γὰρ
3266 2464 3494 2538 ἀληθείᾳ
3534 2464 3731 2517 οτδατε.

2157 2566 2251 2618 Διὸ
2272 2565 2366 2617 καὶ
2390 2564 2651 2634 ἀνωτέρω
2672 2558 2827 2616 εἶπεν
2883 2562 2965 2617 ὃτι
2993 2558 3157 2632 Κάμὲ
3176 2559 3395 2626 cloare,
3421 2563 3516 2613 καὶ
3543 2556 3739 2611 οῖδατσ

2159 2658 2349 2713 πόθεν
2371 2657 2511 2728 ειμι.

2246 2750 2445 2821 Ὑμεῖς
2473 2780 2544 2791 -
2573 2749 2828 2818 κρίνετε.
2888 2747 3203 2819 Σαρκικῶς,
3234 2744 3503 2815 αίσθητῶς
3522 2786 3538 2809 ,
3562 2762 3739 2815 παχυ-

2164 2843 2368 2917 μερῶς,
2404 2832 2542 2913 πρὸς
2589 2842 2751 2912 μόνον
2796 2841 2858 2896 τδ
2910 2840 3238 2911 φαινόμενον
3289 2838 3601 2908 βλέποντες,
3644 2838 3737 2890 καί⁵

2164 2935 2336 3007 μηδὶν
2368 2933 2699 3006 ὑψηλότερον
2727 2935 2822 2989 καὶ
2851 2931 3224 3004 πνευματικὸν
3254 2930 3584 2993 ἐννοοῦντες.
3642 2928 3735 2981 Et.

2161 3026 2270 3090 δὼς
2317 3026 2374 3083 δὲ
2405 3027 2605 3091 αὐτοὺς
2647 3027 2943 3097 μέλλοντας
2990 3027 3163 3079 είπεῖν
3214 3026 3296 3077 ὅτι
3332 3024 3440 3077 Καὶ
3483 3021 3623 3075 διατί
3678 3020 3736 3073 οὐ

2164 3121 2412 3187 κολάζεις
2440 3122 2611 3192 ἡμᾶς,
2649 3121 2935 3192 κρίνοντας
2961 3118 3153 3181 οὕτως,
3184 3120 3232 3171 εί
3264 3116 3415 3190 δύνῃ,
3447 3114 3630 3185 φησίν·

2248 3215 2391 3285 Ἐγὼ
2417 3244 2487 3255 -
2514 3211 2757 3267 οὐδένα.
2817 3210 2890 3266 Οὒ
2927 3212 3100 3282 κρίνω
3129 3208 3243 3263 νῦν.
3278 3209 3389 3261 Καὶ
3426 3206 3601 3259 ὀπίσω
3630 3204 3737 3275 γὰρ

459 3296 597 3353 Nam
626 3308 682 3355 et
718 3300 775 3354 in
811 3301 1191 3371 superioribus
1225 3300 1387 3356 tertio
1440 3302 1624 3372 capite
1680 3300 1822 3357 dixit
1856 3320 1870 3357 :
1934 3300 2055 3357 Non

2164 3307 2222 3359 ιν
2249 3305 2330 3375 τῷ
2357 3307 2525 3375 τρίτῳ
2553 3303 2837 3374 κεφαλαίῳ
2857 3298 3029 3355 εἶπεν·
3067 3304 3147 3356 Οὐ
3182 3299 3291 3371 γὰρ
3317 3299 3677 3355 ἀπέστειλεν
3705 3299 3738 3351 ό

459 3390 601 3444 enim
639 3392 783 3445 misit
812 3390 952 3447 Deus
973 3392 1178 3447 Filium
1201 3409 1358 3447 suum
1386 3394 1441 3448 in
1468 3395 1746 3462 mundum,
1777 3404 1835 3449 ut
1857 3394 2061 3465 judicet

451 3482 741 3547 mundum,
794 3486 885 3537 sed
916 3493 974 3537 ut
996 3483 1237 3539 salvetur
1261 3485 1488 3540 mundus
1539 3503 1632 3556 per
1679 3487 1852 3559 ipsum
1888 3488 1971 3556 “;
2006 3496 2063 3544 et

460 3590 684 3631 rursum
704 3578 821 3646 lege
851 3578 1052 3632 dictam
1080 3580 1156 3634 ibi
1172 3580 1605 3634 enarrationem.
1628 3578 1707 3635 Ne
1736 3588 1925 3636 autem
1954 3581 2058 3637 ite-

460 3677 583 3718 rum
618 3665 807 3719 dicant
839 3684 852 3719 :
880 3666 1179 3738 Propterea
1197 3670 1335 3724 dicis
1371 3688 1384 3723 :
1416 3680 1542 3728 Non
1561 3671 1777 3743 judico,
1801 3673 1931 3742 quia
1960 3687 2061 3728 nos

459 3755 837 3812 condemnare
887 3758 1228 3824 non-audes,
1267 3760 1436 3817 infert
1471 3779 1486 3817 :

536 3868 699 3924 Vers.
738 3868 825 3925 16.
888 3868 1041 3934 Quod
1070 3871 1350 3926 si—est.
1418 3903 1489 3913 —
1562 3870 1749 3927 Verum
1812 3882 1913 3941 est,
1976 3874 2052 3929 si-

462 3974 530 4015 ve
585 3969 820 4025 rectum,
854 3974 909 4014 et
945 3962 1060 4032 jam
1092 3977 1223 4017 vere
1322 3964 1633 4020 condemno
1683 3978 1800 4020 vos.
1855 3964 2062 4022 Deinde

461 4052 629 4106 etiam
671 4051 827 4116 dicit,
860 4054 1138 4122 quomodo
1171 4069 1359 4109 verum
1420 4058 1495 4112 sit
1541 4056 1810 4126 judicium
1877 4073 2059 4113 suum.

536 4141 695 4198 Vers.
732 4143 818 4197 16.
863 4142 1269 4208 Quia-Pater.
1295 4146 1435 4212 Quia
1471 4146 1623 4203 solus
1648 4161 1761 4201 non
1793 4162 1938 4213 sum,
1966 4148 2061 4219 qui

461 4235 673 4306 judico,
698 4236 793 4290 sed
821 4252 921 4307 ego
940 4246 996 4290 et
1025 4235 1209 4303 Pater,
1234 4231 1506 4308 siquidem
1532 4238 1716 4293 omnia
1739 4239 1899 4294 nobis
1923 4250 2060 4295 sunt

460 4330 776 4381 communia
813 4344 826 4393 ;
863 4340 917 4382 et
945 4329 1073 4397 quia
1101 4332 1247 4399 quod
1276 4345 1377 4402 ego
1404 4330 1614 4401 judico,
1649 4330 1753 4386 hoc
1784 4339 1840 4387 et
1861 4330 2057 4388 Pater:

462 4438 571 4478 una
603 4422 751 4477 enim
783 4423 1053 4477 ambobus
1083 4433 1168 4478 est
1196 4424 1470 4489 voluntas,
1504 4432 1563 4478 ut
1591 4423 1918 4494 praedictum
1944 4434 2055 4492 est,

462 4525 521 4569 et
544 4514 707 4571 Pater
749 4530 845 4570 vos
889 4515 1241 4585 condemnat,
1265 4517 1358 4588 qui
1381 4531 1494 4569 non
1537 4516 1765 4574 creditis
1791 4516 1930 4574 Filio
1959 4532 2060 4574 suo

463 4621 631 4676 quem
660 4606 778 4676 ipse
809 4605 983 4661 misit.

2165 3397 2311 3466 Θεὸς
2337 3400 2447 3452 τὸν
2474 3396 2608 3451 Υἱδν
2635 3395 2823 3451 αὐτοῦ
2871 3398 2957 3462 εις
2984 3394 3092 3449 τὸν
3134 3394 3389 3463 κόσμον,
3436 3392 3537 3446 ἵνα
3563 3392 3737 3461 κρίνει

2162 3491 2271 3547 τὸν
2301 3492 2557 3561 κόσμον,
2589 3488 2729 3544 ἀλλ’
2757 3490 2859 3543 ἵνα
2886 3486 3053 3558 σωθῇ
3087 3489 3120 3542 ό
3166 3487 3395 3555 κόσμος
3417 3483 3495 3539 δι’
3527 3481 3733 3539 αὑτοῦ·

2164 3587 2257 3639 καὶ
2308 3583 2586 3652 ἀνάγνωθι
2618 3582 2785 3637 πάλιν
2817 3583 2916 3653 τὴν
2974 3582 3091 3634 ἐκεῖ
3146 3579 3405 3652 ῥηθεῖσαν
3455 3577 3736 3648 ἐξήγησιν.

2165 3678 2283 3733 Ἰνα
2330 3677 2387 3731 δὲ
2420 3678 2497 3749 μὴ
2527 3677 2621 3729 καὶ
2653 3674 2806 3741 αὖθις
2841 3676 3067 3729 εἴπωσιν
3096 3674 3177 3728 ὅτι
3206 3672 3305 3727 Διά
3353 3670 3509 3725 τοῦτο
3540 3671 3740 3740 λέγεις,

2165 3770 2242 3823 Οὐ
2279 3770 2471 3842 κρίνω,
2502 3769 2577 3833 ὡς
2626 3770 2703 3842 μὴ
2749 3769 2973 3842 θαρρῶν
3022 3768 3351 3837 κατακρίναι
3399 3766 3564 3836 ἡμᾶς,
3618 3766 3741 3818 ἑπι-

2165 3866 2344 3933 φέρειο

2236 3952 2345 4007 Καί
2370 3952 2479 4008 ἐὰν
2505 3982 2576 3994 --
2600 3952 2788 4007 ἐστιν.
2816 3981 2890 3992 -
2926 3950 3173 4023 Ἀληθής
3199 3952 3389 4019 ἐστιν,
3430 3952 3548 4024 ἦτοι
3580 3950 3737 4022 ὀρθὴ,

2161 4045 2369 4101 δικαία.
2401 4045 2512 4099 Καὶ
2543 4044 2729 4099 λοιπὸν
2780 4044 2999 4116 ἀληθῶς
3044 4046 3360 4116 κατακρίνω
3393 4045 3558 4115 ὑμᾶς.
3606 4040 3738 4096 Είτα

2163 4141 2312 4208 λέγει
2343 4139 2437 4194 καὶ
2468 4138 2585 4203 πῶς
2612 4138 2821 4210 ἀληθής
2854 4140 3003 4192 ἔστιν
3033 4138 3066 4210 ἡ
3098 4138 3277 4209 κρίσις
3310 4136 3497 4190 αὐτοῦ.

2234 4233 2369 4287 Ὀτι
2398 4259 2469 4273 —-
2502 4231 2727 4302 Πατήρ.
2754 4233 2880 4285 Ὀτι
2908 4231 3066 4303 μόνος
3098 4231 3200 4285 οὐκ
3232 4231 3347 4302 εἰμὶ
3377 4231 3598 4303 κρίνων,
3627 4228 3739 4283 ἀλλ’

2164 4326 2276 4394 ἐγὼ
2305 4327 2397 4380 καί
2417 4328 2446 4380 ὁ
2481 4327 2693 4398 Πατήρ
2720 4325 2875 4381 κοινὰ
2904 4327 3013 4396 γὰρ
3047 4326 3179 4396 ἡμῖν
3223 4324 3403 4378 πάντα
3428 4339 3441 4352 °
3474 4324 3567 4377 καὶ
3599 4324 3741 4387 ἐπεὶ,

2162 4423 2298 4489 ὅπερ
2329 4420 2439 4489 ἐγὼ
2470 4422 2665 4493 κρίνω,
2726 4419 2887 4474 τοῦτο
2916 4419 3011 4472 καὶ
3037 4420 3066 4473 ὀ
3086 4418 3298 4491 Πατήρο
3336 4417 3396 4471 ἓν
3423 4418 3532 4489 γὰρ
3563 4417 3742 4486 ἀμφο-

2164 4514 2366 4583 τέροις,
2391 4512 2466 4576 ὡς
2490 4511 2837 4584 προείρηται,
2860 4512 3071 4583 θέλημα
3091 4528 3107 4545 ο
3125 4513 3220 4565 καὶ
3239 4513 3266 4565 ὁ
3288 4510 3477 4582 Πατὴρ
3497 4511 3605 4581 ἄρα
3632 4508 3742 4579 (51)

2088 4610 2131 4664 1)
2165 4606 2491 4673 κατακρινεῖ
2512 4604 2677 4673 ὑμᾶς,
2702 4603 3069 4667 ἀπιστοῦντας
3090 4602 3170 4675 τῷ
3190 4604 3588 4672 ἀπεσταλμένη)
3613 4609 3742 4671 παρ’

546 4698 696 4751 Vers.
743 4699 829 4753 17.
855 4697 1024 4752 Porro
1056 4728 1124 4739 —
1154 4708 1254 4754 est.
1327 4699 1519 4754 Vestra
1594 4700 2056 4770 quemadmodum

2164 4696 2327 4751 αὑτοῦ
2361 4696 2476 4767 Υίῷ
2506 4696 2697 4753 αὑτοῦ.

466 4803 569 4842 vos
589 4789 853 4859 jactatis;
897 4806 1024 4843 nam
1061 4806 1147 4846 me
1172 4800 1634 4862 transgressorem
1663 4792 1867 4848 dicitis.
1905 4792 2062 4859 Quod

468 4880 523 4936 si
569 4880 803 4935 duorum
828 4882 1110 4936 hominum
1155 4884 1533 4939 testimonium
1567 4899 1760 4939 verum
1795 4896 1902 4952 est,
1937 4887 2063 4941 inde

469 4973 733 5045 colligere
765 4973 869 5043 ipsi
905 4974 1159 5044 potestis,
1198 4976 1343 5046 quod
1376 4977 1550 5031 multo
1599 4978 1775 5049 magis
1824 4978 2063 5033 duorum

462 5065 1003 5137 judicumjudicium
1062 5083 1255 5123 verum
1338 5076 1423 5123 est
1512 5079 1565 5123 ct
1637 5071 1878 5126 maxime
1966 5080 2054 5126 ta-

465 5163 617 5219 lium.
671 5163 997 5235 Hujusmodi
1044 5174 1231 5221 autem
1282 5164 1527 5221 obscura
1590 5164 1910 5237 frequenter
1969 5167 2053 5221 lo-

570 5372 615 5416 ”
639 5372 798 5430 Joan.
836 5391 876 5441 ι,
900 5386 957 5430 4.
1094 5377 1141 5409 ’⁸
1172 5376 1334 5434 Joan.
1358 5394 1412 5446 ν,
1452 5379 1543 5435 51.

1657 5380 1702 5410 ³⁸
1725 5376 1886 5432 Joan.
1912 5393 2009 5441 vn,
2032 5376 2122 5432 9.9.

2235 4786 2344 4841 Καὶ
2360 4818 2431 4827 —
2461 4787 2612 4842 ἐστι.
2631 4816 2702 4827 --
2727 4786 2811 4854 Τῷ
2827 4786 3108 4857 ὑμετέρῳ,
3128 4788 3204 4851 ὼς
3223 4789 3378 4842 αὐτοὶ
3396 4788 3741 4859 βρενθύεσθε·

2162 4880 2482 4953 παράνομον
2534 4880 2645 4951 γὰρ
2681 4881 2782 4951 ἐμὲ
2818 4880 3027 4949 λέγετε.
3061 4881 3125 4935 Et
3160 4880 3218 4933 δὲ
3252 4880 3347 4934 δύο
3375 4881 3676 4953 ἀνθρώπων
3710 4884 3744 4952 η

2166 4973 2445 5045 μαρτυρία
2471 4972 2699 5045 ἀληθὴς,
2731 4974 2792 5027 τὸ
2820 4973 3073 5029 ἐντεῦθεν
3112 4975 3274 5029 αὐτοὶ
3327 4974 3743 5043 συλλογίσασθε,

2164 5069 2247 5120 ὅτι
2267 5067 2448 5137 πολλῷ
2468 5066 2669 5137 μᾶλλον
2686 5066 2781 5119 δύο
2798 5067 3000 5139 κριτῶν
3018 5070 3049 5141 ὴ
3069 5069 3248 5139 κρίσις
3266 5068 3494 5139 ἀληθὴς,
3515 5069 3609 5123 καὶ
3626 5069 3746 5121 τότε

2172 5160 2284 5230 (52)
2320 5161 2598 5213 τοιούτων.
2644 5161 3091 5233 Συνεσκιασμένα
3116 5163 3174 5217 δὲ
3195 5163 3267 5217 τὰ
3300 5162 3521 5218 τοιαῦτα
3551 5164 3747 5217 πολλα-

2232 5378 2274 5408 ⁵¹
2306 5377 2461 5432 .loan.
2498 5394 2578 5446 ιιι,
2622 5382 2707 5434 17.

1704 5565 1908 5628 Varie":
1952 5564 2257 5627 lectiones
2290 5572 2351 5627 et
2380 5572 2571 5627 noue.

546 5727 656 5805 (2.7)
688 5717 763 5805 pe
785 5729 994 5805 quibus
1018 5746 1189 5802 supra
1214 5750 1313 5802 vn,
1347 5733 1439 5805 40,
1468 5737 1557 5791 41.

544 5800 655 5867 με)
688 5800 899 5854 Inclusa
927 5800 1127 5858 absunt
1163 5806 1229 5858 A.

544 5872 655 5940 (29)
688 5874 826 5941 Πρὸς
870 5878 1053 5930 αὑτὸν.

2248 5733 2363 5804 (30)
2389 5734 2639 5799 Ἐπειδὴ,
2668 5736 2873 5790 omisso
2897 5737 2975 5799 δέ,
3005 5745 3067 5790 Α.

2244 5806 2355 5873 (51)
2390 5805 2723 5874 Κατακρίνει
2749 5808 2816 5858 Α.

2246 5877 2356 5946 (52)
2386 5873 2550 5929 Forte
2589 5873 2701 5930 καὶ
2728 5879 2917 5933 τλῦτα.
