4010 6512
248 478 393 543 1285

1171 472 1560 537 COMMENT.
1602 469 1683 531 IN
1724 466 2107 531 JOANNEM.
2149 494 2218 509 -
2256 472 2414 535 CAP.
2459 474 2625 537 VIII.

3384 486 3519 551 127.6

241 594 340 662 χοῦ
368 594 519 661 λέγει
548 593 638 647 διὰ
670 591 767 663 τὴν
801 591 1087 647 ἀσθένειαν
1123 591 1325 655 αὐτῶν,
1355 592 1441 644 ἵνα
1477 591 1707 653 ἐκείνοις
1734 591 1832 660 μὲν

1953 589 2127 657 luitur
2154 601 2382 660 propter
2410 606 2600 646 eorum
2637 591 3066 649 imbecillitatem
3094 606 3177 661 ,ut
3236 597 3344 655 illis
3396 604 3522 671 qui-

242 686 331 755 εἴη
385 686 705 755 ἀσυμφανῆ,
760 687 873 749 τοῖς
922 683 1317 755 δυνατωτέροις
1377 684 1434 736 δὲ
1484 685 1834 753 Χριστιανοϊς

244 780 492 846 ἐμφανῆ,
530 776 657 829 Ἐπὶ
684 775 907 830 πάντων
932 772 1027 830 οὖν
1056 774 1168 830 τῶν
1204 775 1463 830 τοιούτων
1491 775 1700 847 ταύτην
1749 778 1836 846 γε*

245 886 426 923 νωσκε
456 868 553 939 τὴν
584 870 672 922 αῑτ
682 870 788 923 ίαν.

318 961 469 1032 Ἐγὼ
491 962 862 1031 -ἐμαυτοῦ.
899 962 1068 1018 Πάλιν
1091 963 1226 1036 πρὸς
1252 963 1337 1017 τόο
1367 962 1451 1017 Σὺ
1476 964 1612 1032 περὶ
1646 980 1835 1019 σεαυ-

242 1052 353 1107 τοῦ
375 1054 716 1123 μαρτψεῖς,
732 1058 963 1109 ποιεϊται
982 1057 1075 1109 τδν
1094 1056 1275 1126 λόγον,
1302 1056 1447 1125 Ἐ’γώ
1470 1060 1609 1125 ειμι.
1633 1057 1831 1123 λέγων,

243 1148 278 1199 ό
302 1146 624 1215 μαρτυρῶν
651 1150 785 1218 περὶ
812 1149 1096 1219 ἐμαυζοῦ,
1122 1150 1171 1203 ει
1202 1149 1297 1203 καὶ
1330 1149 1509 1213 οὐδεὶς
1564 1152 1836 1220 μαρτυρεῖ

242 1239 375 1305 περὶ
410 1239 605 1293 ἑαυτοῦ
635 1257 649 1271 ο
688 1242 800 1311 ἐγὼ
859 1243 960 1312 μὲν
992 1242 1101 1316 γὰρ
1135 1242 1211 1307 ὡς
1261 1243 1417 1308 Θεὸς,
1443 1244 1619 1307 οὐδεὶς
1662 1246 1719 1298 δὲ
1757 1245 1833 1310 ὡς

241 1332 550 1401 ἄνθρωπος.

312 1517 424 1571 Καὶ
458 1547 525 1558 -
554 1504 776 1588 Πατήρ.
809 1519 873 1572 Et
906 1519 982 1588 μὴ
1008 1517 1121 1589 ιγὼ
1151 1520 1292 1575 δοκῶ
1319 1522 1450 1591 ὑμῖν
1491 1520 1829 1587 ἀξιόπιστος.

240 1612 533 1680 Μαρτυρεῖ
576 1610 687 1683 γὰρ
722 1610 811 1665 διὰ
842 1610 938 1665 τοῦ
978 1619 1259 1684 προφήτου
1314 1614 1517 1682 λέγων·
1559 1614 1693 1669 Ἰδοὺ
1738 1615 1830 1669 τέ-

241 1702 403 1756 θεικά
436 1720 496 1756 σε
526 1704 607 1767 εἰς
628 1705 744 1772 φῶς
769 1703 963 1769 ὲθνῶν,
991 1704 1183 1777 [ἧγουν
1212 1706 1326 1774 (55)
1354 1707 1436 1769 εις
1457 1707 1519 1761 τὸ
1542 1702 1684 1762 εἶναι
1717 1708 1832 1777 φῶς

243 1791 465 1864 ἑθνῶν.]
501 1792 836 1865 Προείρηται
866 1794 924 1848 δι
960 1798 1057 1849 καὶ
1093 1798 1151 1851 ὲν
1188 1797 1266 1869 τῷ
1292 1797 1509 1869 ἑϐδόμῳ
1542 1800 1830 1871 κεφαλαίῳ

242 1890 361 1952 πῶς
390 1891 420 1943 ὁ
450 1891 639 1962 Πατὴρ
676 1894 948 1963 μαρτυρεῖ
980 1892 1113 1964 περὶ
1144 1893 1334 1959 αὑτοῦ,
1364 1893 1497 1948 ἔνθα
1537 1896 1716 1948 κεῖται
1741 1894 1825 1959 τὸ,
1866 1932 1910 1993 Β

239 1984 349 2036 Καὶ
381 1982 414 2034 ό
449 1978 693 2051 πέμψας
714 1998 791 2050 με
815 1983 1021 2054 Πατὴρ
1042 1984 1179 2055 (54),
1213 1986 1397 2053 αὐτὸς
1413 1987 1833 2057 μεμαρτύρηκε

239 2071 378 2138 περὶ
401 2071 572 2141 ἐμοῦ.

316 2164 571 2234 Ἔλεγον
598 2193 672 2209 -
707 2167 860 2236 σοῦ;
914 2170 1141 2240 Ἔλεγον
1175 2171 1337 2224 τοῦτο
1367 2171 1832 2242 προσποιούιιενοι

238 2257 455 2325 ἀγνοεῖν
488 2259 611 2315 τινα
640 2261 788 2330 λέγει
812 2263 1052 2333 Πατέρα,
1075 2264 1170 2317 καὶ
1197 2264 1571 2335 πειράζοντες.

326 2446 634 2516 Ἀπεκρίθη
694 2479 767 2489 -
826 2468 965 2520 μου.
1028 2450 1163 2525 [Ὦς
1220 2452 1334 2523 (35)
1398 2454 1829 2525 προσπυιεισθεο

240 2539 309 2609 τῇ
337 2539 569 2611 ἀληθείᾳ.
600 2541 711 2613 γὰρ
741 2542 945 2607 οῐδατε,
974 2544 1160 2609 καθὼς
1186 2548 1282 2601 καὶ
1308 2545 1569 2617 ἀνωτέρω
1592 2546 1829 2617 δεδήλω-

239 2648 355 2684 ται.
387 2633 458 2685 Ἦ
485 2631 647 2686 τοῦτο
676 2628 798 2687 εἷπε
818 2678 832 2701 ,
869 2636 1007 2689 διότι
1072 2638 1502 2707 προσεποιοῦντο
1540 2639 1831 2707 γινώσκειν

241 2724 405 2777 αὐτὸν
436 2725 553 2779 υἱὸν
586 2725 682 2778 τοῦ
710 2726 913 2798 Ἰωσὴφ
933 2767 948 2791 ,
978 2728 1153 2796 λέγων
1174 2747 1189 2761 ο
1218 2731 1281 2783 Εἰ
1311 2728 1486 2795 οὕτως
1516 2732 1720 2797 οἴδατε,
1751 2731 1829 2797 ὡς

240 2818 653 2887 προσποιεῖσθε,
675 2820 824 2873 Οὔτε
852 2821 958 2890 ἐμὲ
975 2821 1177 2876 οἴδατε
1196 2838 1210 2852 ·
1237 2824 1299 2877 οὐ
1324 2825 1433 2895 γὰρ
1458 2826 1570 2893 ἐγὼ
1596 2827 1711 2890 υἱὸς
1732 2826 1829 2879 τοῦ

241 2906 483 2978 Ἰωσήφ·
535 2910 675 2963 οὔτε
720 2912 829 2966 τὸν
876 2912 1108 2982 Πατέρα
1145 2932 1305 2985 μου·
1358 2916 1471 2988 (ὅθ)
1526 2919 1588 2972 οὐ
1640 2918 1749 2989 γὰρ
1801 2919 1831 2973 ὁ

253 2998 450 3070 Ἰωσὴφ
474 3003 659 3073 πατήρ
684 3020 811 3073 μου.

314 3095 385 3145 El
406 3122 476 3132 —
498 3093 695 3161 ᾔδειτε
712 3094 811 3149 ἄν.
833 3096 980 3161 Μιᾶς
997 3096 1107 3167 γὰρ
1129 3097 1434 3170 ἀμφότεροι
1458 3099 1692 3169 φύσεως.
1718 3100 1832 3155 Καὶ

241 3184 300 3235 εν
330 3183 408 3253 τῷ
441 3185 821 3257 ἑκκαιδεκάτῳ
853 3186 910 3239 δὲ
942 3188 1231 3261 κεφαλαίῳ
1265 3191 1404 3261 πρὸς
1436 3192 1530 3246 τδν
1557 3194 1829 3248 Φίλιππον

1937 680 2059 735 dem
2080 684 2291 737 occulta
2323 683 2454 745 sint.
2476 684 2877 740 robustioribus
2904 702 3032 743 vero
3053 688 3381 748 Christianis
3409 710 3523 749 ma-

1936 774 2157 831 nifesta.
2202 777 2262 832 In
2290 777 2546 833 omnibus
2571 795 2703 850 ergo
2744 780 3025 837 similibus
3084 799 3308 839 causam
3372 786 3518 843 hanc

1937 867 2243 936 agnoscito.

2008 955 2167 1014 Vers.
2196 959 2284 1015 18.
2312 959 2424 1031 Ego
2446 991 2515 1001 —
2536 964 2751 1033 meipso.
2777 962 3016 1020 Rursum
3051 967 3117 1021 ad
3150 968 3229 1034 id,
3254 973 3396 1038 quod
3438 975 3520 1027 di-

1936 1059 2172 1106 xerant:
2214 1054 2288 1105 Ἰὶι
2322 1055 2679 1110 testimonium
2715 1058 2952 1123 perhibes
3024 1059 3089 1114 de
3136 1064 3320 1133 teipso,
3372 1069 3518 1124 hunc

1939 1138 2069 1196 facit
2098 1157 2413 1199 sermonem
2456 1146 2647 1201 dicens
2674 1164 2688 1201 :
2720 1147 2832 1218 Ego
2864 1153 3227 1207 testimonium
3278 1159 3521 1223 perhibeo

1935 1235 1997 1288 de
2025 1238 2237 1303 meipso,
2271 1238 2485 1293 etiamsi
2526 1255 2688 1296 nemo
2722 1242 3006 1311 perhibeat
3029 1246 3097 1300 de
3151 1249 3333 1317 seipso
3364 1268 3379 1317 ;
3417 1268 3519 1324 ego

1936 1328 2206 1397 siquidem
2241 1339 2503 1400 tanquam
2544 1331 2688 1389 Deus
2720 1372 2736 1399 ,
2806 1350 2970 1390 nemo
3018 1344 3203 1393 autem
3258 1350 3515 1412 tanquam

1937 1420 2125 1476 homo.

2008 1512 2174 1567 γει-ε.
2210 1512 2295 1569 £8.
2334 1514 2401 1567 Et
2425 1544 2495 1555 —
2524 1512 2709 1572 Pater.
2744 1516 2797 1572 Si
2833 1535 2934 1589 ego
2960 1521 3114 1575 vobis
3164 1523 3269 1577 title
3323 1525 3519 1596 dignus

1935 1604 2281 1659 nonvideor.
2349 1603 2479 1660 Fert
2503 1615 2685 1661 autem
2750 1610 3128 1667 testimonium
3184 1614 3373 1672 dicens
3414 1633 3513 1688 per

1935 1694 2262 1765 prophetam
2294 1712 2305 1752 :
2337 1695 2498 1751 Ροεηί
2526 1706 2575 1753 ιε
2598 1699 2654 1753 in
2708 1700 2875 1755 lucem
2924 1708 3161 1773 gentium
3186 1707 3253 1771 “,
3299 1708 3413 1762 sive
3463 1723 3521 1762 ut

1937 1784 2028 1840 lus
2068 1786 2144 1841 sis
2172 1787 2441 1859 gentium.
2503 1787 2837 1847 Praedictum
2908 1804 2991 1850 est
3052 1808 3235 1852 autem
3290 1801 3520 1869 septimo

1937 1877 2101 1932 etiam
2137 1878 2336 1947 capite,
2369 1881 2646 1948 quomodo
2677 1880 2838 1938 Pater
2865 1885 2933 1940 de
2962 1886 3080 1957 ipso
3101 1888 3245 1943 l‘erat
3272 1891 3522 1945 testimo-

1940 1966 2115 2031 nium,
2152 1967 2245 2022 ubi
2277 1967 2480 2024 dicitur
2513 1989 2526 2025 :
2564 1968 2632 2023 Et
2690 1973 2780 2042 qui
2837 1976 2979 2028 misit
3040 1994 3123 2032 me
3170 1980 3358 2045 Pater,
3412 1982 3523 2050 ipse

1937 2062 2295 2115 testimonium
2314 2062 2571 2131 perhibuit
2589 2064 2654 2117 de
2681 2082 2763 2118 me
2786 2066 2855 2121 ”.

2010 2152 2162 2209 Vers.
2196 2154 2284 2211 19.
2340 2154 2887 2212 Dixerunt—tuus!
2941 2159 3203 2219 Dicebam
3256 2165 3361 2221 hoc
3415 2167 3521 2222 ﬁn-

1933 2258 2142 2319 gentes,
2176 2261 2237 2301 se
2261 2246 2514 2318 ignorare
2544 2262 2840 2318 quemnam
2873 2252 3083 2309 diceret
3138 2254 3381 2325 Patrem,
3449 2273 3515 2313 ac

1934 2347 2238 2397 tentantes.

2004 2433 2162 2489 Vers.
2209 2434 2296 2490 i9.
2341 2433 2631 2505 Respondit
2679 2465 2749 2476 —
2808 2453 3005 2491 meum.
3048 2436 3520 2503 Quemadmodum

1934 2526 2209 2582 simulatis
2252 2546 2266 2582 :
2297 2544 2422 2582 nam
2460 2529 2513 2582 in
2556 2528 2787 2584 veritate
2818 2530 3024 2605 nostis,
3047 2533 3517 2600 quemadmodum

1936 2618 2196 2687 superius
2225 2626 2514 2675 ostensum
2544 2629 2651 2675 est.
2681 2622 2792 2675 Aut
2821 2621 2929 2676 hoc
2989 2623 3145 2688 dixit,
3171 2624 3298 2693 quia
3348 2626 3524 2681 simu-

1933 2708 2118 2762 labant
2140 2724 2201 2763 se
2230 2710 2371 2764 scire
2396 2710 2542 2779 quod
2581 2710 2723 2766 [ilius
2764 2720 2910 2767 esset
2936 2712 3165 2782 Josepb.
3186 2714 3328 2770 Dicit
3347 2730 3512 2786 ergo:

1936 2799 1992 2855 Si
2027 2814 2117 2854 me
2147 2800 2221 2855 ita
2257 2801 2613 2872 cognoscitis,
2644 2812 2702 2856 ut
2730 2801 2955 2874 ﬁngitis,
2995 2820 3159 2874 neque
3215 2822 3295 2859 me
3313 2811 3472 2860 nostis
3499 2822 3522 2874 ;

1934 2910 2045 2950 non
2080 2912 2200 2950 sum
2222 2895 2371 2950 enim
2406 2895 2550 2951 illius
2564 2896 2767 2966 Joseph
2795 2918 2808 2951 :
2846 2914 3012 2969 neque
3033 2897 3246 2955 Patrem
3308 2918 3523 2969 meum;

1933 3003 2061 3042 nam
2098 2986 2306 3057 Joseph
2343 3002 2453 3042 non
2482 2997 2569 3043 est
2602 2998 2758 3059 pater
2784 3005 2965 3046 meus.

2008 3079 2165 3135 Vers.
2203 3081 2290 3135 19.
2330 3078 2390 3134 Si
2415 3108 2488 3119 -—
2518 3082 2700 3151 utique
2729 3084 3120 3153 cognavissetis.
3180 3082 3313 3139 Nam
3358 3088 3523 3141 unius

1935 3185 2128 3226 sumus
2160 3170 2325 3226 ambo
2358 3180 2593 3226 naturas.
2620 3172 2674 3224 in
2707 3172 3101 3257 decimo-sexto
3129 3175 3293 3230 etiam
3343 3178 3524 3247 capite

240 3274 499 3347 εἴρηκενο
550 3278 615 3331 '0
662 3278 937 3348 ἑωρακὼς
983 3280 1112 3350 ἐμὲ,
1147 3281 1369 3350 ἑώρακε
1417 3286 1526 3339 τὸν
1572 3287 1828 3355 Πατέρα,

1953 3263 2073 3319 lixit
2096 3265 2165 3318 ad
2196 3264 2507 3335 Philippum
2543 3282 2557 3318 :
2589 3262 2693 3329 Qui
2720 3267 2848 3319 uidit
2870 3282 2971 3333 me,
2990 3269 3119 3321 vidit
3142 3266 3430 3323 etPatrctu
3453 3270 3520 3337 ⁵⁸,

241 3365 415 3436 ἧγουν
442 3368 469 3419 ὀ
502 3366 798 3438 νενοηκὼς,
824 3370 853 3421 δ
892 3370 1077 3437 γνούς.
1107 3370 1330 3441 Εῑδησιν
1354 3374 1464 3445 γὰρ
1489 3375 1585 3428 καὶ
1634 3377 1827 3448 ὅρασιν

240 3457 346 3508 οὐκ
400 3455 667 3527 αἰσθητήν
732 3475 921 3529 φησιν,
953 3459 1090 3513 ἀλλὰ
1136 3462 1359 3533 νοητήν.
1424 3463 1574 3519 Ἐπεὶ
1622 3466 1679 3519 δὲ
1727 3469 1829 3539 ἐμὰ

243 3548 637 3618 προσποιεῖσθε
671 3548 747 3622 μὴ
774 3552 996 3613 ειδέναι.
1028 3551 1342 3617 ἀκολούθως
1370 3555 1467 3609 καὶ
1493 3556 1589 3611 τὸν
1609 3560 1831 3631 Πατέρα

245 3658 351 3711 μου
378 3643 771 3710 προσποιεῖσθε
806 3645 883 3715 μὴ
924 3645 1150 3701 ειδέναι.

319 3734 511 3788 Ταῦτα
530 3733 1047 3805 -ταζοςρυλακίψ,
1064 3737 1251 3793 Ταῦτα
1267 3742 1335 3794 τὰ
1355 3742 1829 3813 παρῤησιαστικά.

261 3826 671 3898 Επεσημήνατο
704 3828 812 3899 γὰρ
840 3829 933 3883 τὸν
962 3830 1146 3897 τόπον,
1178 3832 1442 3887 δεικνύων
1482 3833 1582 3906 τὴν
1616 3836 1834 3907 mpm-

247 3922 370 3974 σὶαν
394 3920 491 3974 τοῦ
521 3921 868 3977 διδασκάλου.
910 3924 1323 3994 Γαζοφυλάκιον
1350 3927 1429 3992 δὲ,
1455 3926 1518 3981 τὺ
1553 3928 1833 4000 θησαυροο

247 4012 539 4083 φυλάκων,
567 4015 697 4084 περὶ
729 4009 791 4069 οὖ
819 4014 1159 4088 πλατύτερον
1183 4019 1240 4072 ὲν
1283 4017 1363 4089 τῷ
1404 4022 1831 4095 τεσσαρακοστῷ

246 4105 454 4177 πρώτῳ
476 4105 759 4175 κεφαλαίῳ
773 4106 868 4160 τοῦ
898 4108 1045 4162 κατὰ
1072 4110 1300 4180 Μάρκον
1322 4111 1651 4182 εἰρήκαμεν.

321 4287 633 4348 Διδάσκων
674 4289 745 4344 ἐν
776 4288 859 4355 τῷ
904 4288 1058 4358 ιερῷ.
1090 4291 1337 4363 Δημοείᾳ
1359 4306 1378 4325 ·
1408 4291 1467 4345 ὲν
1497 4291 1678 4363 τούτῳ
1710 4292 1835 4366 ογὰρ

250 4376 318 4455 ἧν
342 4384 437 4436 καὶ
463 4382 522 4435 τὸ
548 4379 980 4453 γαζοφυλάκιον.

322 4475 435 4529 Καὶ
456 4504 527 4514 -
550 4476 759 4531 αὐτόν.
792 4474 949 4531 Οὕτω
972 4475 1510 4549 παρρησιαζόμενον.

1936 3357 2054 3411 sive
2078 3357 2358 3427 cognovit,
2393 3356 2684 3413 intellexit.
2717 3357 2851 3411 Nam
2879 3357 3145 3413 visionem
3177 3368 3231 3413 et
3249 3361 3525 3431 cognitio-

1936 3462 2063 3501 nem
2111 3448 2244 3503 dicit
2301 3463 2412 3503 non
2444 3446 2782 3511 sensibilem,
2813 3446 2911 3502 sed
2944 3446 3364 3518 intelligibileni.
3416 3449 3524 3505 Sed

1938 3540 2067 3610 quia
2098 3556 2187 3595 me
2216 3553 2327 3594 non
2356 3556 2522 3597 nosse
2548 3556 2646 3595 vos
2670 3539 2963 3605 simulatis,
2992 3554 3335 3612 consequens
3357 3544 3522 3598 etiam

1939 3640 2024 3686 est
2054 3642 2115 3686 ut
2146 3640 2199 3686 et
2235 3631 2453 3687 Patrem
2482 3648 2666 3686 meum
2698 3646 2797 3687 vos
2827 3647 2938 3686 non
2988 3646 3149 3687 nosse
3174 3632 3417 3703 ﬁngatis.

2012 3723 2174 3780 νει-ε.
2208 3724 2300 3779 20.
2338 3725 2463 3779 Hac
2484 3754 2555 3766 —
2578 3724 2984 3796 gazophylacio.
3019 3724 3146 3780 Haec
3176 3726 3340 3781 verba
3388 3726 3527 3781 libe-

1942 3832 2002 3873 re
2084 3817 2251 3873 dicta.
2312 3810 2651 3888 Signiﬁcavit
2715 3826 2899 3872 autem
2950 3817 3152 3883 locum,
3229 3818 3527 3887 ostendens

1942 3910 2162 3965 dicendi
2228 3910 2545 3965 libertatem
2613 3909 2791 3980 ipsius
2884 3909 3146 3965 doctoris.
3234 3908 3523 3982 Gamphy-

1942 4002 2140 4058 lacium
2171 4018 2302 4057 vero
2338 4001 2583 4057 thesauri
2651 4000 3042 4071 repositorium
3107 4011 3247 4066 erat,
3294 4002 3363 4057 de
3417 4017 3527 4072 quo

1942 4095 2106 4151 latius
2136 4096 2375 4150 diximus
2404 4094 2823 4166 quadragesimo
2876 4094 3050 4160 primo
3075 4094 3236 4163 juxta
3282 4093 3543 4149 Marcum

1942 4189 2145 4260 capite.

2016 4280 2174 4336 Vers.
2199 4279 2291 4337 20.
2316 4279 2519 4333 Docens
2539 4278 2592 4332 in
2617 4278 2831 4347 templo.
2860 4276 3083 4334 Publice
3108 4294 3127 4346 ;
3149 4294 3280 4333 nam
3303 4278 3359 4333 in
3387 4290 3530 4334 tem-

1943 4376 2035 4449 plo
2063 4376 2227 4430 etiam
2261 4356 2382 4429 erat
2408 4372 2885 4443 gazOphylacium.
3246 4436 3263 4463 ‘

2016 4467 2173 4523 Vers.
2202 4466 2292 4523 ‘20.
2323 4465 2393 4520 Et
2431 4494 2503 4505 —
2554 4480 2694 4519 eum.
2750 4463 2890 4519 Cum
2940 4464 3016 4519 ita
3061 4464 3527 4536 libere-loquere-

1949 4574 2057 4619 llll’.

326 4664 540 4718 Ὀτι-
564 4663 775 4718 αὐτοῦ.
810 4662 877 4717 Ἦ
903 4661 995 4717 τοῦ
1030 4661 1403 4735 συλληφθῆναι
1426 4664 1522 4717 καὶ
1539 4664 1832 4736 ἀναιρεθῆ-

2018 4654 2178 4710 Vers.
2239 4652 2329 4707 20.
2377 4650 2516 4717 Quia
2555 4679 2628 4690 —
2673 4648 2808 4719 ejus.
2866 4649 2983 4736 Qua
3039 4649 3437 4722 comprehendi
3472 4659 3532 4706 et

254 4773 344 4809 ναι
371 4754 555 4808 αὐτόν.
589 4753 739 4807 Ἔδει
764 4753 874 4825 γὰρ
899 4752 1089 4807 τοῦτον
1112 4752 1194 4808 ἐτι
1215 4756 1713 4827 θαυματουργῆσαι
1740 4759 1839 4812 καὶ

1945 4749 2065 4819 capi
2098 4756 2307 4820 posset.
2339 4746 2535 4800 Adhuc
2559 4742 2708 4798 enim
2739 4729 3042 4812 oporteb‘at
3078 4757 3205 4797 eum
3262 4742 3528 4797 miracula

256 4848 467 4913 διδάξαι
506 4849 601 4901 καὶ
651 4846 881 4910 πολλοὺς
925 4847 1005 4911 εἱς
1043 4847 1231 4900 πίστιν
1283 4848 1717 4915 ἐπισπάσασθαι,
1761 4849 1832 4914 ὡς

1953 4842 2161 4915 operari
2191 4856 2257 4895 ac
2320 4839 2539 4901 docere.
2600 4834 2911 4905 multosque
2932 4833 2999 4889 ad
3032 4834 3193 4889 ﬁdem
3227 4835 3530 4902 attrahere,

257 4947 351 4998 καὶ
382 4940 747 5012 προλαϐόντες
774 4939 1099 5012 εἰρήκαμεν.
1127 4940 1380 5011 Συνεχῶς
1400 4939 1459 4993 δι
1482 4940 1643 4995 τοῦτο
1665 4942 1838 5012 λέγει,

256 5033 475 5096 δεικνὺς
522 5034 605 5084 ὅτι
646 5030 905 5095 πολλάκις
937 5032 1395 5103 ἐπιχειρήσαντες
1431 5032 1532 5086 οὐκ
1564 5032 1838 5105 ἠδυνήθη-

261 5142 387 5189 σαν,
441 5126 537 5179 καὶ
580 5124 662 5177 ὅτι
710 5124 819 5178 οὐδ’
869 5124 1097 5196 ὕστερον
1149 5126 1464 5197 ἐκράτησαν
1520 5126 1589 5181 ἂν
1650 5109 1833 5195 αὐτὸν,

260 5217 311 5270 sl
347 5216 422 5288 μὴ
451 5216 560 5288 (57)
592 5216 754 5279 αὐτὸς
777 5215 1065 5287 ἠθέλησεν.

368 5476 415 5511 ³⁸
448 5473 556 5531 lsa.
593 5490 742 5541 sus,
800 5474 853 5530 6.
983 5474 1032 5507 ⁵³
1064 5473 1221 5531 Joan.
1253 5490 1306 5540 v,
1340 5474 1431 5529 37.

1946 4926 2091 4992 sicut
2116 4935 2168 4988 in
2224 4928 2663 5002 praecedentibus
2725 4926 2987 4982 diximus.
3015 4925 3290 4981 Continue
3344 4934 3528 4980 autem

1948 5032 2052 5086 hoc
2114 5026 2266 5091 dicit,
2326 5020 2624 5079 ostendens
2669 5020 2819 5090 quod
2887 5018 3206 5089 frequenter
3287 5018 3340 5073 id
3410 5027 3531 5072 ten-

1948 5132 2130 5179 tantes
2149 5134 2260 5174 non
2302 5121 2622 5187 potuerunt,
2675 5122 2733 5166 et
2787 5111 2935 5182 quod
2999 5124 3279 5180 nunquam
3335 5116 3530 5180 poten-

1951 5217 2121 5272 tiores
2148 5212 2217 5267 ad
2240 5224 2365 5266 eum
2404 5204 2928 5278 apprehendendum
2962 5201 3218 5270 fuissent,
3275 5200 3379 5255 nisi
3413 5200 3529 5270 ipsa

1953 5308 2239 5366 voluisset.

1541 5475 1588 5507 “
1611 5474 1773 5535 Joan.
1803 5493 1921 5543 xxv,
1940 5477 1996 5533 9.

1463 5632 1667 5697 Varias
1697 5631 2005 5701 lectiones
2038 5635 2101 5692 et
2140 5635 2332 5691 nota).

341 5804 458 5872 (33)
490 5801 702 5856 Inclusa
736 5799 1057 5872 exciderunt
1080 5802 1139 5853 Α,

339 5871 457 5946 (54)
480 5874 655 5946 ᾼὺτὸς
686 5873 887 5946 omittit
915 5871 975 5946 B.

343 5942 455 6010 (55)
478 5944 689 5999 Inclusa
719 5942 1007 6014 absuntﬁ.

2022 5798 2136 5869 (56)
2165 5797 2283 5869 Μου
2310 5792 2487 5866 ᾔδειτε
2520 5792 2606 5869 ἂν.
2644 5788 2860 5869 caeteris
2886 5784 3105 5843 omissis
3145 5785 3209 5840 Α.

2025 5865 2138 5942 (57)
2171 5868 2281 5923 Καί
2306 5865 2607 5935 interponit
2634 5865 2701 5917 Λ.
