4010 6470
536 388 677 452 ῙὋΊ

528 589 672 643 catis
728 586 831 642 hos
871 586 1002 641 dicit
1044 596 1168 638 esse
1226 581 1530 648 immunes,
1591 581 1687 639 sed
1745 592 2014 652 quantum
2063 582 2131 638 ad

532 681 607 743 id,
645 693 700 735 ιιι
733 694 912 735 caecus
944 677 1123 741 ﬁeret,
1164 685 1220 731 et
1266 674 1390 731 illos
1431 683 1489 732 et
1542 674 1694 730 hunc
1729 672 1852 731 sine
1907 684 2136 745 peccato

537 791 659 829 esse
693 773 908 829 asserit.

604 867 952 935 llincitaque
981 863 1270 928 discimus,
1317 863 1465 935 quod
1499 878 1599 933 pro
1646 861 1981 933 parentibus
2039 862 2134 934 qui

529 973 897 1035 peccaverunt
964 977 1075 1016 non
1115 962 1420 1030 puniuntur
1456 958 1575 1015 filii.
1625 957 1952 1028 Quanquam
1984 959 2133 1013 enim

531 1063 587 1116 in
644 1060 783 1114 libro
838 1057 1007 1113 Exodi
1083 1058 1152 1113 de
1205 1056 1317 1111 Deo
1368 1055 1638 1126 scriptum
1679 1064 1763 1109 est
1814 1070 1827 1106 :
1895 1052 2135 1108 Reddens

530 1162 747 1223 peccata
780 1162 997 1222 patrum
1048 1152 1105 1204 in
1136 1149 1300 1219 ﬁlios,
1336 1149 1393 1203 in
1425 1148 1641 1203 tertium
1668 1157 1715 1202 et
1747 1157 2000 1217 quartam
2043 1164 2135 1219 ge-

531 1246 953 1310 nerationem“,
1010 1255 1195 1300 tamen
1254 1253 1479 1315 propter
1546 1242 1696 1299 solos
1751 1241 1874 1298 illos
1926 1242 2132 1299 dictmn

529 1348 634 1401 est,
690 1338 784 1409 qui
842 1337 913 1391 ab
954 1335 1219 1392 lsraelitis
1255 1334 1554 1406 progeniti,
1586 1342 1778 1389 essent
1831 1333 1991 1388 idolis
2030 1333 2137 1388 im-

530 1432 807 1486 molaturi.
866 1430 1004 1485 Nam
1079 1431 1208 1499 quia
1259 1428 1454 1484 imitati
1512 1427 1738 1483 fuerunt
1790 1427 2133 1498 impietatem

528 1535 822 1595 parentum
859 1538 1113 1586 suorum,
1144 1523 1240 1593 qui
1297 1522 1353 1575 in
1398 1519 1635 1592 Egypto
1664 1520 1977 1576 idololatra:
2007 1519 2134 1577 fue-

1768 380 2157 443 EUTHYMII
2224 382 2588 443 ZIGABENI

603 495 762 549 γει-ε.
812 494 869 550 3.
902 491 1211 562 Respondit;
1235 488 1459 560 —ejus.
1502 487 1622 544 Non
1675 491 1905 547 omnino
1943 506 1973 545 a
2006 506 2133 562 pec—
2161 494 2209 554 Α

3686 383 3817 448 13M

2310 494 2634 564 Ἀπεκρίθη
2668 525 2734 536 -
2757 495 2969 550 αὐτοῦ.
2997 496 3072 550 Οὐ
3104 478 3383 560 παντελῶς
3406 498 3817 569 ἀναμαρτήτους

2236 585 2438 649 αὐτούς
2473 603 2662 656 φησιν,
2701 585 2820 640 ἀλλ’
2851 586 2980 641 ὅσον
3020 588 3098 649 εις
3124 587 3187 641 τὸ
3223 588 3577 660 τυφλωθῆναι
3607 607 3816 657 τουτον,

2235 680 2663 752 ἀναμαρτήτους
2700 680 2993 745 κάκείνους
3055 682 3153 736 καὶ
3191 682 3376 753 τοῦτον
3412 684 3574 756 ,(76).

2319 848 2610 905 Ἐντεῦθεν
2654 852 2843 907 λοιπδν
2882 853 2999 925 (77)
3034 852 3390 925 μανθάνομεν
3437 856 3521 910 ὅτι
3569 855 3821 925 πατέρων

2233 943 2669 1014 ἁμαρτανόντων
2696 946 2758 999 οὐ
2792 946 3123 1012 κολάζονται
3158 949 3368 1013 παῖδες.
3403 950 3466 1003 Εἰ
3496 950 3604 1021 γὰρ
3633 953 3729 1003 καὶ
3767 952 3823 1002 ὲν

2237 1042 2306 1112 τῇ
2347 1025 2551 1113 Ἐξόδῳ
2585 1042 2721 1114 περ).
2765 1041 2864 1097 τοῦ
2913 1042 3053 1097 Θεοῦ
3101 1043 3412 1114 γέγραπται
3474 1045 3557 1099 ὅτι
3598 1046 3828 1101 ’Δποόι-

2235 1134 2387 1202 δοὺς
2413 1136 2707 1206 ἁμαρτίας
2736 1136 3012 1206 πατέρων
3034 1136 3133 1191 ἐπὶ
3162 1139 3342 1192 τέκνα
3367 1139 3465 1193 ἐπι
3505 1142 3713 1208 τρίτην
3735 1141 3828 1194 και

2234 1227 2534 1297 τετάρτην
2558 1228 2805 1299 γενεάνο
2836 1229 2975 1283 ἀλλὰ
3002 1229 3071 1284 δι’
3100 1230 3349 1294 ἐκείνους
3384 1231 3582 1301 μόνους
3615 1234 3830 1301 εἰρηται

2235 1323 2367 1387 τοὺς
2392 1322 2694 1393 μέλλοντας
2720 1325 2787 1378 ἐκ
2813 1322 2926 1377 τῶν
2965 1323 3321 1396 Ἰσραηλιτῶν
3352 1324 3828 1394 εἰδωλολατρῆσιε.

2249 1416 2401 1470 Ἐπεὶ
2434 1416 2545 1489 γὰρ
2578 1415 2861 1486 ἐζήλωσαν
2887 1417 2997 1489 τὴν
3028 1417 3290 1472 ἀσέϐειαν
3318 1417 3429 1471 τῶν
3464 1419 3521 1482 ἐν
3572 1419 3834 1489 Αἰγύπτῳ

2238 1509 2835 1582 είδωλολατρησάντων
2885 1511 3091 1579 γονέων
3139 1511 3345 1577 αὐτῶν,
3384 1512 3672 1566 ἀπέδωκεν
3730 1514 3828 1565 αὖ·

530 1629 678 1681 rant,
730 1617 929 1672 merito
963 1616 1297 1687 supplicium
1329 1613 1550 1669 illorum
1584 1613 1824 1670 reddidit
1868 1614 1950 1671 eis
2003 1629 2017 1667 :
2055 1612 2121 1669 si-

2237 1606 2352 1666 τοῖς
2398 1604 2499 1677 τὴν
2538 1606 2827 1696 τιμωρίαν.
2846 1606 3077 1660 ἐκείνων
3124 1607 3372 1669 είκότως.
3425 1600 3525 1660 Ὧν
3574 1608 3686 1677 γὰρ
3718 1609 3827 1661 ἶσαι

526 1711 747 1781 quidem
808 1724 1045 1778 quorum
1102 1708 1334 1779 aequalia
1398 1707 1566 1763 fuere
1648 1708 1872 1773 deliela,
1937 1708 2134 1761 horum

2239 1699 2295 1750 αί
2327 1699 2600 1771 ἁμαρτίαι
2639 1700 2774 1771 (78),
2802 1700 3019 1764 τούτοις
3061 1700 3177 1753 ῐσαι
3208 1701 3427 1763 πάντως
3455 1701 3551 1753 καὶ
3582 1704 3638 1753 αἱ
3669 1702 3830 1754 κολά-

527 1800 756 1870 mqualia
792 1815 1012 1870 quoque
1069 1807 1200 1853 sunt
1239 1797 1532 1869 supplicia.
1592 1796 1945 1851 Postmodum
2004 1813 2121 1851 vcrc

2242 1810 2378 1858 σεις.
2425 1795 2699 1868 ’Ὕστερον
2744 1799 2857 1868 γὰρ
2903 1797 3218 1868 νομοθετῶν
3268 1797 3354 1853 διὰ
3385 1799 3686 1862 Μωῦσέως.
3730 1816 3832 1868 φη-

525 1893 700 1962 Ιοεειιι
752 1900 1024 1957 statuens,
1072 1892 1147 1946 ait
1197 1906 1295 1962 per
1342 1891 1525 1945 Mosen
1575 1906 1588 1942 :

525 1987 627 2056 ﬁlii
691 2000 785 2054 pro
847 1988 1111 2055 patribus.
1180 2002 1345 2057 neque
1410 1994 1586 2051 patres
1645 2001 1739 2054 pro
1790 1985 1915 2055 ﬁliis
1946 1987 2014 2040 ”.
2068 1984 2133 2041 Et

526 2096 718 2136 rursus
748 2096 847 2151 per
879 2080 1131 2135 Ezechiel
1166 2080 1298 2135 dicit
1348 2097 1363 2133 :
1426 2077 1555 2145 Qui:
1582 2080 1723 2133 vobis
1761 2092 1835 2134 est
1872 2081 2131 2150 parabole

525 2175 635 2228 lucc
664 2174 719 2225 in
754 2184 896 2228 terra
934 2172 1129 2236 Israel,
1175 2182 1230 2227 ut
1268 2174 1481 2237 dicatis,
1539 2172 1725 2227 Patres
1790 2173 2132 2228 comederunt

522 2283 683 2321 uvam
740 2267 1008 2331 acerbam,
1074 2277 1123 2322 et
1182 2268 1363 2321 dentes
1418 2267 1655 2336 ﬁliorum
1698 2267 2133 2337 obstupuerunt?

527 2360 647 2415 Vivo
680 2378 793 2432 ego,
841 2362 970 2416 dicit
1004 2362 1281 2427 Dominus,
1316 2362 1365 2415 si
1408 2361 1506 2415 erit
1567 2362 1810 2430 deinceps
1867 2361 2131 2432 parabole

522 2457 653 2516 haec,
716 2456 806 2508 sed
870 2470 1050 2509 eorum
1084 2457 1172 2524 qui
1245 2454 1570 2509 comederint
1638 2471 1797 2509 uvam
1881 2457 2130 2511 acerbam

522 2546 701 2600 dentes
733 2545 1091 2615 obstupesceut
1132 2546 1201 2599 ⁸³.

595 2637 753 2694 Vers.
790 2638 847 2691 3.
894 2637 999 2695 Sed
1030 2666 1098 2677 --
1130 2640 1264 2707 ipso.
1324 2636 1505 2709 Opera
1551 2637 1646 2693 Dei
1702 2648 1865 2694 vocat
1918 2637 2127 2693 forma-

526 2730 733 2785 tionem
767 2733 1052 2785 oculorum
1092 2728 1222 2783 caeci
1269 2728 1337 2783 de
1369 2728 1617 2798 pulvere.
1675 2726 1816 2795 Quia
1867 2726 2018 2781 enim
2072 2727 2125 2781 in

521 2821 782 2877 confesso
813 2834 931 2876 erat
959 2836 1098 2889 opus
1155 2819 1327 2876 fuisse
1383 2820 1480 2877 Dei
1552 2821 1947 2875 formationem
2003 2834 2128 2875 eor-

519 2913 669 2985 poris
702 2914 875 2968 Adam
912 2914 981 2970 de
1034 2914 1263 2985 pulvere
1306 2928 1321 2967 :
1360 2914 1450 2969 hic
1513 2915 1681 2970 etiam
1727 2914 1919 2971 oculos
1970 2914 2125 2977 caeci,

520 3010 952 3079 pulcherrimam
1008 3010 1259 3081 corporis
1288 3020 1526 3079 partem,
1565 3008 1768 3065 format
1811 3009 1881 3065 de
1930 3009 2127 3079 pulve-

516 3117 579 3158 re
633 3118 647 3155 :
687 3111 748 3158 ut
781 3103 911 3158 hinc
942 3102 1168 3159 iudubie
1214 3102 1359 3157 Deus
1389 3113 1672 3174 appareat,
1706 3109 1903 3173 utpote
1969 3117 2124 3171 mque

1649 1889 1773 1945 Non
1839 1892 2121 1945 morientut

2241 1885 2358 1938 σίν·
2420 1888 2543 1940 Οὐκ
2601 1887 3054 1943 ἀποθανοῦνται
3094 1888 3307 1954 παῖδες
3349 1886 3504 1955 ὑπὲρ
3538 1887 3830 1956 πατέρων,

2238 1975 2382 2031 οὐδὲ
2434 1977 2691 2046 πατέρες
2742 1978 2895 2047 ὑπὲρ
2953 1981 3220 2033 παίδων-ο
3275 1980 3371 2031 καὶ
3419 1979 3507 2031 διὰ
3570 1980 3833 2049 Ἰεζεκίὴλ

2238 2068 2403 2122 πάλιν
2443 2069 2630 2138 λέγει·
2658 2053 2734 2125 ’Τί
2771 2072 2915 2141 ὑμῖν
2956 2072 2993 2140 ἡ
3034 2072 3345 2141 παραϐολὴ
3391 2073 3565 2138 αὕτη,
3604 2074 3820 2141 λεγόν-

2237 2179 2377 2228 των,
2411 2166 2477 2218 Οἱ
2514 2164 2768 2234 πατέρες
2802 2166 3035 2237 ἔφαγον
3079 2164 3337 2237 ὄμφακα,
3370 2167 3464 2219 καὶ
3492 2168 3547 2221 οι
3587 2166 3832 2233 ὀδόντες

2234 2256 2359 2310 τῶν
2401 2257 2633 2312 τέκνων
2671 2258 2784 2330 (79)
2853 2258 3245 2329 ὠμοδίίισαν;
3308 2259 3400 2313 Ζῶ
3469 2259 3605 2329 ἐγὼ,
3671 2260 3831 2329 λέγει

2234 2351 2473 2420 Κύριος,
2516 2354 2572 2406 εί
2616 2352 2789 2408 ἔσται
2840 2354 2879 2422 ἡ
2932 2353 3248 2423 παραϐολὴ
3277 2354 3454 2424 αὓτην
3508 2356 3672 2410 cum
3718 2354 3835 2409 τῶν

2232 2446 2557 2516 φαγόντων
2581 2447 2690 2501 τὸν
2722 2446 2962 2517 ὄμφακα
2985 2445 3441 2518 ὠμοδιάσουσιν
3466 2454 3520 2505 οὶ
3560 2451 3833 2517 ὀδόντες.

2331 2622 2467 2673 Αλλ
2514 2648 2585 2659 -—
2618 2634 2801 2684 αυτῳ.
2835 2620 3017 2690 Ἔργα
3064 2618 3160 2674 τοῦ
3192 2620 3329 2674 Θεου
3371 2636 3515 2690 Αεγει
3561 2623 3661 2694 τὴν
3717 2625 3829 2677 ἀπὸ

2232 2713 2357 2785 χοὸς
2388 2713 2591 2769 πλάσιν
2633 2713 2742 2768 τῶν
2770 2713 3073 2785 ὀφθαλμῶν
3112 2714 3208 2769 τοῦ
3254 2716 3479 2785 τυφλοῦ.
3524 2715 3681 2770 Ἐπεὶ
3721 2719 3829 2787 γὰρ

2230 2807 2671 2879 ὁμολογούμενον
2715 2808 2878 2877 ἔργον
2930 2810 3068 2863 Θεοῦ
3122 2804 3193 2880 ἦν
3238 2810 3272 2880 ἡ
3311 2810 3417 2865 ἀπὸ
3470 2809 3595 2880 χοὸς
3632 2810 3827 2875 πλάσις

2230 2902 2326 2955 τοῦ
2353 2899 2611 2971 σώματος
2636 2901 2732 2955 τοῦ
2771 2902 2966 2971 Ἀδὰμ,
2997 2902 3108 2956 ἀπὸ
3135 2902 3261 2973 χοὸς
3287 2903 3384 2957 καὶ
3408 2904 3573 2968 αὐτὸς
3602 2904 3826 2960 πλάττει

2229 2996 2361 3060 τοὺς
2390 2995 2710 3066 ὀφθαλμοὺς
2737 2996 2833 3051 τοῦ
2859 2996 3088 3067 τυφλοῦ,
3113 2998 3176 3050 τὸ
3208 2996 3496 3052 κάλλιστον
3537 2998 3705 3067 μέρος
3734 2998 3828 3051 τοῦ

2231 3088 2513 3161 σώματος,
2548 3090 2638 3145 ἱνα
2665 3090 2921 3146 ἐντεῦθεν
2970 3092 3169 3163 φανείη
3197 3090 3310 3164 (80)
3354 3091 3487 3157 Θεὸς
3514 3094 3824 3165 ἀναμφιῆό-

518 3205 735 3266 potens,
780 3206 839 3252 ut
883 3196 1077 3254 Deus:
1111 3214 1237 3252 nam
1283 3196 1380 3267 qui
1422 3196 1858 3267 pulclp‘rrimam
1907 3207 2119 3264 partem

2229 3182 2360 3250 λως,
2389 3178 2480 3240 οἷα
2508 3184 2578 3239 τὰ
2602 3183 2696 3239 ῐσα
2741 3185 2819 3259 τῷ
2850 3184 2969 3256 Θεῷ
2999 3185 3323 3257 δυνάμενος.
3366 3187 3425 3242 '0
3459 3188 3567 3262 γὰρ
3602 3189 3663 3243 τὸ
3695 3190 3822 3244 κάλ-

516 3287 590 3341 ita
619 3285 897 3353 formavit,
928 3296 1115 3359 posset
1141 3298 1196 3344 et
1228 3297 1401 3345 totum
1448 3287 1737 3345 ferinasse.

580 3472 690 3526 Aut
742 3488 907 3543 opera
946 3471 1041 3528 Dei
1102 3472 1237 3529 dicit
1273 3473 1553 3529 occultam
1625 3474 1957 3535 divinitatis,
2004 3492 2118 3533 sua:

508 3568 836 3637 potentiam,
881 3583 1004 3639 quae
1063 3575 1195 3623 tunc
1252 3567 1425 3640 magis
1469 3568 1748 3639 apparuit.
1811 3568 1958 3637 Quid
2029 3586 2119 3626 er-

508 3655 618 3725 go?
676 3657 783 3713 nisi
842 3658 933 3713 hic
982 3658 1187 3715 damno
1235 3657 1467 3715 allectus
1539 3659 1759 3725 fuisset,
1833 3677 1945 3716 non
2019 3678 2118 3730 po-

507 3758 689 3805 terant
750 3750 913 3806 aliter
978 3751 1326 3807 manifestari
1398 3751 1518 3823 Dei.
1559 3753 1778 3823 opera?
1850 3744 2117 3812 Poterant

502 3844 755 3913 quidem,
809 3845 906 3901 sed
966 3861 1147 3916 neque
1180 3845 1269 3902 hic
1316 3845 1521 3902 damno
1575 3847 1809 3904 aﬂ'ecws
1861 3859 1967 3914 est,
2004 3850 2115 3906 imo

502 3937 689 4007 potius
746 3938 1075 3995 beneﬁcium
1128 3940 1345 4011 accepit
1388 3956 1402 3996 :
1459 3954 1566 4011 per
1610 3941 1915 3997 caecitatem
1979 3957 2116 3999 oeu-

500 4028 680 4084 lorum
722 4033 973 4101 corporis
1029 4044 1190 4103 aptos
1240 4033 1453 4090 habens
1481 4033 1682 4090 animae
1729 4034 1943 4091 oculos.
1977 4035 2113 4092 Nam

498 4140 624 4193 quae
680 4124 900 4180 illorum
958 4136 1045 4181 est
1113 4126 1347 4192 utilitas,
1386 4126 1432 4182 si
1484 4126 1541 4182 lii
1591 4127 1765 4184 clausi
1812 4127 1961 4184 sint?
2019 4128 2113 4183 Li.

494 4217 670 4272 citum
729 4217 913 4289 itaque
961 4218 1064 4273 fuit
1122 4219 1371 4276 Creatori
1424 4236 1633 4277 aecum
1691 4223 1841 4279 hunc
1898 4240 2107 4289 creare,

498 4326 611 4364 non
655 4311 960 4380 puniendo,
1008 4311 1105 4368 sed
1159 4313 1568 4382 dispensatorio
1608 4317 1796 4379 modo,
1834 4326 1893 4372 ut
1943 4333 2109 4387 opera

498 4403 596 4458 Dei
657 4403 1174 4474 manifestarentur,
1210 4417 1267 4463 et
1297 4406 1391 4464 hic
1430 4424 1498 4462 ex
1542 4424 1613 4464 eo
1671 4422 1905 4483 apertos,
1946 4412 2114 4467 habe-

498 4506 582 4550 ret
624 4496 821 4551 nnimae
864 4496 1077 4552 oculos.

2225 3277 2413 3332 λιστον
2468 3279 2635 3351 μέρος
2683 3277 2829 3335 οὕτω
2880 3280 3117 3347 πλάσας,
3167 3280 3391 3346 δυνατὸς
3439 3283 3535 3336 καὶ
3577 3283 3640 3337 τὸ
3703 3284 3821 3338 ὅλον

2234 3370 2467 3429 πλάσαι.

2305 3468 2378 3521 Ἢ
2410 3467 2550 3538 ἔργα
2592 3466 2691 3522 τοῦ
2717 3466 2856 3521 Θεοῦ
2888 3484 3024 3538 φησι
3051 3467 3151 3539 τὴν
3181 3469 3573 3541 κεκρυμμένην
3593 3470 3823 3543 δύναμιν

2218 3562 2323 3633 τῆς
2368 3561 2628 3633 θεότητος
2676 3560 2875 3627 αὑτοῦ,
2914 3560 3040 3633 ἥτις
3089 3562 3456 3633 τότειμᾶλλον
3510 3564 3705 3635 ἐφάνη.
3756 3564 3820 3617 Ἰί

2218 3651 2351 3724 οὗν;
2384 3658 2430 3709 εί
2464 3655 2541 3728 μὴ
2575 3654 2850 3727 ἐκολάσθη
2880 3650 3059 3723 οὗτος,
3107 3657 3207 3710 οὐκ
3241 3656 3369 3727 ὲνῆν
3398 3657 3603 3726 ἑτέρως
3652 3674 3819 3725 φανες

2224 3750 2466 3824 ρωθῆναι
2519 3749 2605 3821 τὰ,
2635 3747 2775 3820 ἔργα
2803 3748 2899 3803 τοῦ
2950 3748 3121 3813 Θεοῦς
3180 3749 3338 3819 Ἐνῆν
3383 3749 3483 3820 μὲν
3514 3750 3656 3821 (81),
3703 3751 3819 3805 ἀλλ’

2218 3845 2343 3899 οὐδὲ
2375 3838 2533 3909 οὗτος
2582 3842 2893 3913 ἐκολάσθη,
2954 3842 3158 3914 μᾶλλον
3190 3842 3293 3913 μὲν
3332 3842 3428 3898 οῦν
3471 3844 3817 3917 εὐηργετήθη

2217 3938 2307 3993 διὰ
2351 3937 2455 4009 τῆς
2500 3936 2808 4009 πηρώσεως
2853 3935 2965 3990 τῶν
3024 3936 3117 3991 τοῦ
3181 3937 3437 4009 σώματος
3501 3938 3815 4010 ὀφθαλμῶν,

2217 4030 2532 4101 ἀναϐλέψας
2563 4030 2693 4095 τοὺς
2722 4032 2825 4099 τῆς
2859 4030 3065 4103 ψυχῆς.
3102 4031 3168 4085 Τί
3203 4032 3315 4105 γὰρ
3340 4031 3534 4102 ὄφελος
3563 4035 3813 4100 ὲκείνων,

2215 4125 2349 4181 ὅταν
2388 4118 2539 4179 οὗτοι
2593 4124 2670 4197 μὴ
2722 4124 3035 4196 βλέπωσιν;
3107 4124 3269 4196 Ἐξῆν
3321 4124 3416 4180 οὖν
3478 4126 3556 4197 τῷ
3609 4127 3815 4199 κτίστῃ

2214 4219 2421 4291 τυφλὸν
2454 4220 2619 4274 αὑτὸν
2650 4218 2861 4287 κτίσαι,
2880 4219 2942 4273 οὐ
2963 4220 3334 4289 κολαστικῶς,
3370 4220 3487 4274 ἀλλ’
3534 4222 3814 4292 οἰκονομι-

2216 4314 2352 4379 κῶς,
2386 4314 2479 4369 [va
2494 4331 2552 4367 τε
2597 4313 2665 4367 τὰ
2702 4312 2841 4385 ἔργα
2869 4312 2966 4366 τοῦ
2996 4312 3131 4368 Θεοῦ
3165 4313 3480 4385 φανερωθῇο
3517 4314 3611 4368 καὶ
3653 4315 3815 4379 αὐτὸς

2216 4406 2473 4463 ιντεῦθεν
2500 4405 2787 4481 ἁνασλέψῃ
2812 4406 2914 4478 τὴν
2937 4406 3139 4478 ψυχήν.

572 4566 809 4633 Quidum
848 4583 978 4623 vero
1004 4568 1305 4624 dictionem
1361 4582 1444 4638 ut,
1475 4586 1586 4627 non
1634 4573 1915 4629 causulem
1968 4592 2095 4630 esse

2276 4578 2432 4642 Τινὲς
2484 4577 2540 4631 δὲ
2616 4576 2677 4629 τὺ
2717 4576 2820 4629 ινα
2876 4575 2977 4628 οὐκ
3014 4574 3377 4641 αἰτιολογικὸν
3425 4575 3675 4644 λέγουσιν
3728 4581 3814 4629 ὲν-

497 4658 713 4724 dicunt,
735 4659 831 4715 sed
864 4661 987 4729 ejus
1025 4661 1172 4730 quod
1206 4661 1455 4719 futurum
1496 4675 1615 4720 erat
1654 4666 2101 4736 signiticativam,

497 4760 629 4817 puta
663 4756 809 4820 quod
845 4768 1010 4823 opera
1040 4753 1133 4809 Dei
1194 4755 1599 4812 manifestanda
1640 4770 1798 4813 erant
1854 4760 1907 4813 in
1959 4760 2099 4830 ipso.

497 4842 565 4895 Et
596 4844 776 4898 simile
824 4859 946 4900 ease
986 4847 1163 4913 aiunt,
1198 4848 1345 4917 quod
1397 4850 1600 4905 dicitur
1652 4867 1664 4903 :
1716 4849 1782 4904 1η
1833 4852 2098 4922 judicium

493 4949 588 5003 e30
637 4937 693 4989 in
750 4939 1006 4991 mundum
1069 4941 1208 5003 veni,
1256 4950 1310 4994 ut
1351 4943 1443 5013 qui
1494 4958 1594 4995 non
1634 4944 1805 4998 eidem
1860 4946 2095 5008 videant,

492 5033 542 5078 et
570 5028 659 5097 qui
708 5028 882 5083 vident
921 5032 1045 5085 cazci
1084 5032 1220 5101 ﬁunt
1246 5034 1335 5098 lu;
1378 5037 1531 5090 aiunt
1580 5037 1727 5089 enim
1758 5038 2091 5109 significare:

493 5120 638 5189 quod
672 5123 765 5192 qui
800 5139 910 5178 non
943 5126 1134 5181 vident
1163 5126 1448 5192 videbunt,
1486 5144 1539 5184 et
1572 5131 1663 5201 qui
1698 5131 1884 5184 vident
1916 5147 2093 5185 ese-Le-

596 5302 641 5337 "
682 5304 849 5367 Exod.
867 5325 961 5377 xx,
991 5311 1044 5366 5.
1159 5314 1205 5344 κ’
1246 5313 1404 5370 Deut.
1435 5316 1677 5381 umidi.

1790 5317 1836 5348 ⁸³
1870 5316 2069 5372 Ezeelt.
2103 5334 2263 5383 xvus,
2296 5321 2422 5377 2-4.

2210 4672 2410 4737 ταῦθα,
2456 4670 2593 4725 ἀλλὰ
2628 4670 2927 4742 δηλωτικὸν
2981 4669 3078 4722 τοῦ
3112 4668 3401 4738 μέλλοντος
3444 4670 3530 4721 ὃτι
3567 4687 3813 4740 φανερωο

2210 4765 2477 4835 θήσονται
2532 4762 2603 4817 τὰ
2666 4763 2807 4833 ἔργα
2871 4761 2968 4816 τοῦ
3028 4759 3169 4813 Θεοῦ
3229 4762 3287 4813 ὲν
3330 4760 3502 4831 αὐτῷ.
3558 4762 3810 4817 Τοιοῦτον

2206 4858 2263 4911 δὲ
2295 4858 2408 4927 (82)
2443 4851 2591 4909 εἷναι
2610 4854 2706 4909 καὶ
2730 4856 2821 4908 τόο
2848 4857 2951 4922 Εἰς
2988 4854 3170 4924 κρίμα
3195 4852 3310 4923 ἐγὼ
3325 4855 3414 4920 εἷς
3440 4855 3550 4907 τὸν
3578 4856 3808 4925 κόσμον

2204 4947 2431 5003 τοῦτον
2476 4943 2692 5017 ἦλθον,
2741 4949 2842 5001 ἵνα
2893 4950 2947 5001 οι
2988 4946 3074 5015 μὴ
3114 4946 3449 5013 βλέποντες
3492 4946 3802 5012 βλέπωσι,

2204 5039 2302 5094 καὶ
2335 5041 2390 5095 οι
2405 5038 2755 5105 βλέποντες
2779 5037 3019 5112 [τυφλοὶ
3044 5038 3156 5109 (85)
3179 5036 3488 5109 γένωνται.
3509 5040 3803 5111 Σημαίνειν

2204 5134 2315 5202 γὰρ
2365 5134 2449 5185 ὅτι
2508 5134 2557 5185 οἱ
2624 5131 2701 5204 μὴ
2748 5132 3039 5202 βλέποντες
3089 5131 3381 5202 βλέψουσι,
3440 5133 3535 5185 καὶ
3577 5136 3626 5187 οί
3686 5132 3801 5205 βλέ-

2537 5320 2583 5351 ⁸⁸
2620 5320 2782 5377 Joan.
2820 5339 2894 5387 Ix,
2927 5324 3018 5379 59.

1702 5473 1905 5534 Variae
1933 5476 2245 5540 lectiones
2283 5488 2346 5540 et
2374 5490 2568 5542 unlai.

567 5629 676 5709 (76)
710 5627 889 5709 Credo
923 5632 1238 5686 addendum
1269 5649 1391 5689 esse
1440 5636 1613 5703 λέγει,
1644 5648 1737 5693 aut
1774 5641 2089 5709 ἀποφαίνει,

491 5710 585 5751 aut
609 5702 713 5753 tale
745 5701 897 5768 quid.

566 5770 677 5837 (77)
745 5773 1123 5838 illquinqu
1159 5776 1222 5830 Α.

564 5841 675 5905 (725)
717 5842 936 5895 Ἰὀὺῑων
967 5846 1031 5895 Α.

564 5914 673 5973 ιῖυι
708 5913 779 5965 ιω
804 5912 964 5969 etiam
990 5915 1467 5988 laudstCltrysust.
1492 5931 1624 5975 tutu.
1651 5921 1781 5987 Vlll,
1820 5939 1851 5993 ν
1894 5923 1997 5978 527
2023 5922 2080 5979 Β.

2278 5646 2390 5714 (δυ)
2441 5647 2589 5718 φανῇ
2623 5648 2687 5702 Α.

2275 5718 2386 5777 (δι)
2430 5716 2591 5787 Ἐνῆν
2624 5720 2724 5787 μέν
2752 5716 2952 5772 absunt
3010 5722 3075 5773 Δ.

2272 5787 2385 5855 (8:!)
2410 5787 2613 5840 Τοῦτον
2632 5789 2687 5841 δέ
2717 5788 2775 5841 Β.

2271 5857 2383 5929 (85)
2416 5856 2631 5915 Inclusa
2664 5858 2989 5916 exciderunt
3033 5860 3105 5914 Δ.
