3976 6498
196 443 343 510 1311

1167 438 1559 502 COMMENT.
1602 432 1679 494 lN
1726 428 2107 495 JOANNEM.
2142 459 2207 471 -
2251 435 2413 497 CAP.
2448 435 2555 496 1X.

3365 428 3504 497 i318

196 556 427 629 ἤνοιξαν
453 557 543 608 ita!
571 553 721 609 ἄλλοι
748 549 1191 623 όφθαλμούς(97)
1224 568 1236 580 ·
1267 550 1471 619 τυφλοῦ
1502 548 1560 601 δὲ
1590 548 1657 597 εκ
1713 556 1802 609 γε.

1926 542 2115 597 simile.
2148 542 2288 599 ϐαιςί
2310 560 2549 616 namque
2580 559 2771 601 ocuios
2793 544 2884 600 alii
2949 542 3116 600 etiam
3142 547 3504 614 aperuerunt,

196 652 362 719 νετῆς
391 648 505 719 (98)
525 647 719 710 οὐδείς.
745 646 948 699 Λοιπὸν
993 645 1176 699 τοίνυν
1216 644 1277 697 rb
1325 638 1667 712 ὕπερὸἀ).λον
1706 632 1803 686 τοῦ

198 740 486 810 θαύματος
524 740 667 792 θεῖόν
719 755 843 791 τινα
913 736 1152 790 δεικνύει
1186 735 1280 788 τὸν
1323 732 1566 803 ἐργάτην
1606 724 1801 781 αὑτοῦ.

218 833 284 885 '0
329 832 437 903 γὰρ
469 832 655 901 μεῖζον
706 832 927 885 πάντων
966 829 1077 882 τῶν
1105 824 1469 898 ἀνθρωπίνων
1504 820 1805 890 θαυμάτων

211 925 389 978 ποιῶν
412 924 619 994 μείζων
649 925 758 993 άρα
786 922 1011 975 πάντων
1045 918 1355 991 ἀνθρώπων
1386 917 1556 972 ἐστίν.

294 1101 742 1171 Ἀπεκρίθησαν
798 1130 867 1140 --
930 1096 1131 1169 ripae;
1184 1096 1301 1152 Οὐκ
1383 1097 1628 1167 ἧνεγκαν
1714 1092 1807 1146 τὸν

205 1192 464 1264 Ααμπρὸν
523 1191 747 1263 ἔλεγχον
803 1191 898 1246 καὶ
946 1193 1046 1262 τὴν
1092 1189 1373 1261 περιτρανῆ
1420 1187 1614 1254 νίκην·
1651 1202 1807 1255 περι-

206 1286 521 1357 τραπείσης
561 1284 618 1338 δὲ
655 1285 758 1356 τῆς
803 1285 1078 1354 πονηρίας
1126 1282 1271 1336 κατὰ
1319 1280 1419 1351 τῆς
1471 1280 1685 1334 ἑαυτῶν
1715 1294 1808 1329 κε·-

209 1378 425 1448 φαλῆς,
466 1376 821 1447 ὀργισθέντες
862 1376 1086 1447 ὕϐριζον
1119 1374 1230 1446 (99)
1280 1374 1468 1437 αὑτὸν,
1515 1371 1805 1440 λέγοντες.-

218 1469 597 1538 Ἀμαρτωλὸς
644 1468 727 1522 σὺ
759 1468 1096 1538 ἐγεννήθης
1135 1467 1298 1531 ὅλως,
1346 1466 1516 1538 ἧγουν
1567 1462 1679 1534 τὴν
1714 1463 1811 1532 ἀρ-

208 1566 340 1635 χὴν,
372 1566 436 1615 ὲκ
466 1562 693 1632 πρώτης
736 1564 984 1633 ἡλικίας.
1027 1561 1452 1634 ’Υπελάμϐανον
1488 1559 1599 1630 γὰρ
1643 1556 1810 1612 αὑτὸν

205 1656 455 1727 ἀνοήτως
500 1656 567 1708 δι’
603 1656 882 1727 ἁμαρτίας
908 1655 1064 1719 τινάς
1110 1656 1314 1725 τυφλὸν
1344 1652 1681 1723 γεννηθῆναι
1731 1654 1810 1713 εἰς

209 1748 495 1813 ἀπόδειξιν
527 1747 621 1801 τοῦ
670 1745 815 1804 εἶναι
847 1750 1014 1805 αὑτὸν
1063 1749 1419 1821 άμαρτωλόν.
1471 1744 1666 1801 Καίτοι
1714 1743 1810 1797 καὶ

209 1842 546 1915 ἁμαρτωλὸς
586 1843 685 1896 ἐὰν
718 1839 810 1914 ἦν,
853 1845 983 1906 τοὺς
1011 1842 1207 1913 λόγους
1250 1842 1359 1896 ἔδει
1406 1841 1602 1894 τούτου
1657 1837 1807 1891 δοκι-

208 1938 408 2006 μάσαι,
443 1939 491 1989 εἰ
526 1935 749 2007 ἀληθεῖς
774 1938 904 1989 είσιο
940 1936 992 1989 τί
1021 1936 1130 2008 γὰρ
1157 1936 1360 1991 ἄτοπον
1400 1930 1588 2002 simia;

282 2032 392 2083 Kal
429 2059 497 2069 --
529 2031 668 2093 ἔξω.
713 2030 1181 2098 Ἀποσυνάγωγον
1246 2029 1516 2101 ἐποίησαν
1549 2028 1642 2082 τὸν
1699 2030 1806 2101 κή-

211 2139 356 2192 ρυκα
405 2122 505 2192 τῆς
565 2123 854 2195 ἀληθείας,
913 2124 989 2186 ὼς
1026 2120 1281 2193 μαθητὴν
1335 2121 1498 2192 δῆθεν
1528 2119 1623 2173 τοῦ
1675 2121 1811 2190 Χρι-

209 2212 366 2268 στοῦ.
408 2215 502 2284 Μὴ
530 2214 857 2285 δυνηθέντες
902 2214 1013 2285 γάρ
1068 2213 1378 2284 ἐπηρεάσαι
1408 2212 1487 2283 τῷ
1538 2211 1808 2282 θαύματι,

207 2306 529 2360 τούναντίον
560 2306 617 2360 δὲ
653 2308 859 2375 μᾶλλον
920 2307 1257 2379 περιϐόητον
1295 2307 1430 2361 αὐτὸ
1460 2307 1548 2361 διὰ
1570 2307 1673 2378 τῆς
1710 2326 1812 2363 πο-

207 2397 687 2468 λυπραγμοσύνης
719 2401 1071 2469 ποιήσαντες,
1110 2396 1331 2452 κενοῦσι
1375 2397 1457 2471 (1)
1506 2398 1600 2453 τὸν
1634 2399 1809 2474 θυμὸν

210 2493 357 2546 κατά
385 2490 482 2545 τοῦ
519 2491 978 2563 θεραπευθέντος.

288 2584 596 2638 Ἤκουσεν
634 2614 703 2625 -
736 2585 924 2644 Θεοῦ;
965 2585 1232 2656 Ἔρχεται
1287 2589 1478 2658 μεῖζον
1512 2588 1812 2661 εὐεργετή-

213 2691 325 2728 σων
353 2676 449 2728 τὸν
478 2674 816 2745 ἐκϐληθέντα
856 2677 925 2732 δι’
962 2678 1151 2743 αὑτὸν,
1191 2679 1289 2733 κα)⁹
1320 2681 1507 2734 δίδωσι
1541 2681 1603 2733 τὸ
1627 2682 1809 2750 κεφάο

210 2767 370 2820 λαιον
404 2767 517 2820 τῶν
582 2768 832 2836 ἀγαθῶν,
885 2770 1175 2841 γνωρίζων
1224 2772 1420 2824 ἑαυτὸν
1474 2770 1648 2842 αὐτῷ,
1714 2772 1811 2825 καὶ

216 2858 474 2929 μαθητὴν
506 2858 682 2931 άληθῆ
724 2859 932 2913 ποιῶν·
984 2862 1047 2915 τὸ
1094 2862 1151 2915 δὲ
1201 2862 1286 2917 σὺ
1347 2862 1416 2917 δι’
1442 2864 1689 2930 ἐκείνους
1720 2859 1813 2918 εἴ-

214 2967 318 3005 πεν
349 2949 427 3020 (‘2)
479 2952 873 3017 ἀπιστοῦντας.

286 3132 608 3202 Ἀπεκρίθη
637 3163 708 3173 -
733 3134 956 3199 αὐτόν;
1004 3134 1389 3209 Ἀνεπτερὼθη
1425 3138 1505 3208 τῷ
1536 3135 1704 3207 λόγῳ,
1736 3138 1813 3202 ὠς

1908 632 2034 685 caeci
2069 647 2201 688 vero
2246 650 2275 689 a
2334 636 2625 692 nativitate
2685 633 2893 693 nullus.
2956 634 3272 707 Magnitudo
3320 633 3506 705 itaque

1910 724 2164 781 miraculi
2200 728 2448 783 divinum
2490 728 2801 799 quempiam
2850 743 2974 784 esse
3004 728 3127 799 ejus
3186 726 3505 784 effectorem

1907 819 2174 874 ostendit.
2231 818 2368 875 Nam
2397 821 2491 890 qui
2523 820 2702 888 majus
2756 819 2974 891 aliquod
3016 819 3129 877 edit
3158 819 3504 887 miraculum,

1908 925 2074 979 quam
2107 911 2218 966 sint
2248 913 2505 969 universa
2534 915 2771 969 humana
2787 913 3073 979 miracula,
3108 915 3298 984 utique
3329 913 3507 984 major

1909 1011 1995 1058 est
2024 994 2603 1063 cunctis‘honiinibus.

1979 1096 2137 1154 Vera.
2201 1099 2291 1155 54.
2342 1098 2746 1172 Responderunt
2776 1129 2846 1142 -—
2884 1101 3025 1155 nos?
3076 1098 3193 1152 Non
3259 1098 3507 1154 tulerunt

1909 1194 2257 1250 manifestam
2279 1196 2730 1269 redargutionem
2753 1208 2819 1250 ac
2839 1193 3153 1265 praeclaram
3182 1191 3504 1247 victoriam:

1909 1300 2185 1343 conversa
2233 1296 2420 1344 autem
2471 1289 2683 1345 malitia
2717 1289 2773 1344 in
2818 1303 2979 1344 suum
3043 1287 3286 1357 ipsorum
3317 1294 3505 1357 caput,

1909 1379 2179 1452 indignati
2205 1391 2338 1436 sunt
2360 1381 2439 1437 illi
2474 1379 2724 1438 dicentes
2754 1380 3047 1436 :Peccator
3103 1378 3318 1434 omnino
3349 1387 3509 1433 natus

1911 1486 1985 1539 ea,
2017 1471 2133 1526 sive
2152 1471 2224 1527 ab
2249 1471 2429 1537 initio,
2456 1486 2487 1527 a
2515 1472 2690 1544 prima
2711 1472 2896 1527 statim
2946 1479 3130 1527 aetate.
3178 1466 3510 1540 insipienter

1911 1578 2152 1634 namque
2182 1563 2579 1636 opinabantur,
2608 1574 2835 1635 propter
2855 1572 3081 1635 peccata
3143 1561 3325 1633 aliqua
3384 1576 3509 1617 esse

1912 1665 2100 1710 natum
2126 1671 2360 1723 caecum,
2389 1666 2451 1713 ut
2474 1657 2974 1713 ostenderenteum
2989 1670 3112 1711 esse
3132 1663 3476 1726 peccatorem
3491 1691 3512 1711 .

1912 1748 2075 1820 Atqui
2113 1750 2330 1806 etiamsi
2359 1760 2620 1823 peccator
2649 1759 2786 1815 erat,
2812 1764 3101 1807 sermones
3124 1749 3246 1820 ejus
3267 1747 3510 1819 probare

1914 1842 2183 1911 oportuit,
2216 1844 2264 1898 si
2293 1843 2409 1899 veri
2442 1853 2629 1900 essent
2652 1859 2667 1899 :
2688 1844 2820 1915 quid
2842 1843 2993 1899 enim
3014 1842 3238 1899 absurdi
3258 1841 3514 1898 dixerat?

1840 1910 1885 1967 Β
1960 1910 2138 1990 νει-ε.
2163 1934 2250 1990 54.
2281 1934 2353 1989 Et
2374 1965 2439 1978 --
2456 1936 2625 2006 foras.
2666 1910 2749 1992 Al)
2783 1910 3016 1992 ecclesia
3057 1943 3113 1991 et
3131 1932 3397 1991 concione
3422 1949 3514 1989 re-

1919 2029 2180 2100 pulerunt
2216 2044 2535 2100 praeconem
2571 2029 2843 2092 veritatis,
2882 2038 3141 2100 tanquam
3185 2026 3393 2084 Christi
3422 2027 3508 2082 di-

1917 2110 2212 2191 scipulum.
2270 2120 2407 2176 Cum
2454 2126 2604 2176 enim
2653 2120 2976 2176 miraculum
3020 2117 3343 2174 calumniari
3396 2134 3512 2173 non

1914 2215 2247 2284 potuissent,
2273 2212 2384 2269 imo
2414 2214 2601 2284 potius
2646 2227 2676 2268 e
2699 2212 2919 2269 diverso
2979 2210 3195 2267 celebre
3248 2209 3382 2266 illud
3416 2227 3512 2265 vc-

1915 2307 2165 2363 hementi
2222 2323 2289 2363 ac
2369 2308 2590 2363 curiosa
2642 2305 3063 2377 investigatione
3115 2304 3507 2370 reddidissent,

1915 2414 2073 2453 suum
2098 2397 2392 2455 ell'undunt
2426 2397 2671 2454 furorem
2701 2398 2969 2453 adversus
3006 2411 3129 2451 eum
3161 2394 3253 2467 qui
3286 2405 3512 2452 curazus

1922 2490 2123 2545 fuerat.

1988 2582 2147 2639 Vers.
2188 2583 2278 2639 35.
2333 2584 2791 2641 Audiuit—Dei!
2854 2582 3020 2638 Venit
3072 2591 3130 2636 ut
3160 2582 3337 2652 majus
3379 2596 3513 2637 con-

1918 2676 2085 2731 ferret
2105 2675 2435 2731 beneﬁcium
2472 2676 2572 2738 illi.
2610 2678 2701 2747 qui
2730 2684 2956 2747 propter
2988 2691 3047 2729 sc
3074 2674 3255 2729 fuerat
3280 2674 3510 2744 ejectus,

1916 2770 2175 2839 quodque
2198 2773 2465 2824 bonorum
2508 2783 2676 2840 caput
2710 2780 2797 2825 est
2828 2760 3038 2834 trib'uit,
3096 2783 3219 2847 sese
3261 2767 3338 2822 illi
3372 2784 3513 2840 pra:-

1914 2861 2051 2915 bcns
2071 2862 2533 2931 cognoscendum,
2558 2878 2624 2918 ac
2656 2876 2845 2916 verum
2873 2860 3115 2916 efllciens
3155 2861 3510 2932 discipulum.

1920 2952 2077 3019 Quod
2113 2963 2298 3007 autem
2331 2954 2408 3009 ait
2439 2972 2453 3009 :
2483 2954 2578 3019 Tu,
2607 2967 2833 3025 propter
2872 2953 2995 3008 illos
3030 2952 3186 3021 dixit,
3242 2954 3337 3024 qui
3398 2968 3512 3008 non

1919 3045 2240 3100 Credebant.

2022 3133 2177 3191 νει-ε.
2226 3137 2316 3191 56.
2370 3136 2656 3205 [inpendit
2689 3166 2758 3178 ——
2783 3153 2902 3190 eum
2929 3138 2955 3191 .’
3010 3138 3120 3207 Spe
3158 3135 3305 3191 bona
3337 3134 3412 3207 (ο)
3447 3135 3515 3190 ad

212 3226 435 3297 hoth
482 3228 565 3291 είς
607 3225 669 3279 τὸ
732 3224 1048 3295 πιστεῦσαι,
1113 3230 1210 3281 καὶ
1266 3229 1425 3299 ζητεῖ
1480 3228 1675 3301 μαθεῖν
1727 3230 1810 3294 τίς

1926 3243 2232 3285 sermonem
2280 3242 2499 3286 erectus
2532 3241 2637 3294 est.
2699 3240 2959 3302 tanquam
3014 3239 3239 3302 paratus
3269 3230 3338 3287 ad
3380 3247 3511 3287 cre-

216 3322 370 3373 ὲστιν
393 3333 407 3348 °
440 3319 502 3372 οὑ
532 3317 642 3391 γὰρ
672 3317 951 3390 ἠπίστατο
1001 3320 1086 3383 τίς
1124 3321 1299 3373 ἐστιν.

287 3493 440 3553 Bias
466 3528 533 3538 —
562 3498 757 3553 ἐστιν.
780 3498 1171 3568 -Ἓώρακας
1205 3500 1415 3563 αὐτὸν.
1438 3500 1689 3574 οὐιπρότε
1699 3518 1810 3573 ρον,

214 3591 355 3646 ἀλλά
385 3591 508 3647 νῦν.
539 3593 649 3645 Καὶ
673 3593 776 3646 οὐκ
806 3589 985 3660 εἶπεν,
1050 3591 1193 3661 Ἐγώ
1222 3594 1338 3663 ειμι
1368 3597 1395 3647 ό
1426 3593 1647 3660 ἀνοίξας
1684 3594 1814 3659 τοὺς

218 3686 541 3758 ὀφθαλμούς
576 3703 692 3741 σου.
732 3685 1000 3740 Βούλεται
1030 3687 1142 3758 γὰρ
1174 3688 1352 3754 δείξαι
1382 3690 1443 3741 τὸ
1476 3688 1815 3761 ἀπερίεργον

223 3781 324 3850 τῆς
368 3779 804 3845 πίστεωςαύτοῦ
858 3782 995 3854 πρὸς
1025 3780 1299 3851 ὠφέλειαν
1344 3783 1457 3835 τῶν
1509 3782 1815 3852 τηνικαῦτα

220 3876 536 3945 παρόντων,
570 3874 667 3927 καὶ
705 3874 982 3946 ἐντροπὴν
1020 3874 1131 3928 τῶν
1181 3875 1278 3926 καὶ
1318 3874 1491 3927 πολλὰ
1529 3874 1815 3947 διδαχθέν-

215 3982 349 4031 των,
389 3964 695 4019 καὶπολλὰ
744 3969 953 4037 σημεῖα
992 3966 1377 4038 θεασαμένων,
1439 3968 1532 4021 καὶ
1589 3970 1667 4040 μὴ
1720 3987 1815 4023 πι-

220 4061 569 4112 στευσάντων
595 4058 697 4113 Est.
733 4061 914 4115 Μόνον
938 4060 1049 4131 γὰρ
1079 4060 1326 4124 ἀκούσας
1382 4061 1467 4115 ὅτι
1514 4061 1571 4115 '0
1604 4064 1815 4118 λαλῶν

209 4151 367 4220 μετὰ
449 4150 562 4204 σοῦ
625 4152 859 4218 ἐκεῖνός
939 4151 1154 4219 ἐστιν,
1232 4151 1398 4215 εὐθὺς
1464 4154 1811 4211 ἐπίστευσεν.

218 4240 442 4311 Ἥψατο
470 4243 583 4313 γὰρ
607 4244 634 4295 ὁ
660 4242 822 4312 λόγος
848 4243 1049 4297 αὐτίκα
1079 4242 1182 4314 τῆς
1206 4242 1375 4298 αὐτοῦ
1408 4244 1614 4317 ψυχῆς,
1637 4247 1815 4320 εὑρὼν

221 4336 399 4407 αὐτὴν
434 4335 672 4409 ἀγαθὴν,
708 4337 806 4391 καὶ
832 4336 1191 4409 κατέλαμψεν
1241 4337 1417 4410 αὐτὴν
1446 4341 1526 4404 είς
1570 4340 1815 4412 ἐπίγνω-

220 4446 308 4482 σιν
329 4429 425 4483 καὶ
448 4430 655 4485 πίστιν.
690 4428 829 4502 Ὅρα
862 4432 995 4502 γάρ.

306 4524 371 4577 '0
412 4524 483 4578 δὲ
518 4555 584 4567 -
620 4524 804 4591 αὐτῷ.
843 4525 1260 4599 Προσεκύνησε,
1292 4526 1529 4599 βεϐαιῶν
1567 4530 1650 4585 δτι
1689 4533 1817 4587 tnt-

222 4634 442 4672 στευσε.

295 4713 403 4766 Καὶ
434 4741 505 4753 --
542 4712 855 4781 τόνων-ται.
889 4712 1003 4768 Καὶ
1053 4714 1163 4785 μὴν
1212 4714 1390 4767 ὀπίσω
1416 4716 1677 4787 εἴρηκεν·
1730 4719 1813 4771 ὅτι

214 4806 340 4857 Οὐκ
381 4803 747 4859 ἀπέστειλεν
779 4808 813 4861 ὀ
849 4808 997 4873 Θεὸς
1040 4807 1152 4859 τὸν
1194 4805 1332 4861 Υιὸν
1360 4808 1545 4863 αὑτοῦ
1576 4812 1663 4877 εις
1707 4813 1816 4867 τὸν

222 4896 482 4964 κόσμον,
516 4895 619 4949 ιτα
650 4898 830 4965 κρίνῃ
861 4896 969 4951 τὸν
1019 4896 1275 4966 κόσμον.
1318 4897 1481 4953 Ἀλλά
1512 4901 1689 4970 κρῖμα
1715 4900 1813 4955 νῦν

218 4986 285 5038 τὸ
320 4986 643 5057 κατάκριμα
673 4987 849 5056 λέγει,
889 4987 973 5040 ὅτι
1010 4984 1105 5051 Εἰς
1134 4987 1461 5058 κατάκριμα
1494 4988 1605 5057 ἐγὼ
1650 4991 1812 5063 ἐνηνο

222 5076 497 5149 θρὼπησά
550 5096 735 5133 τινων.
807 5078 1240 5151 Ἐφερμηνεύων
1290 5080 1401 5149 γὰρ
1469 5080 1560 5133 τὸν
1620 5080 1802 5151 λόγον,

326 5261 372 5295 ⁸³
405 5258 563 5315 Joan.
596 5277 681 5325 tu,
717 5262 807 5317 Π.

1920 3321 2157 3375 dendum
2204 3341 2218 3377 :
2259 3334 2313 3377 et
2345 3325 2562 3378 discere
2616 3325 2836 3394 quaerit,
2871 3324 3128 3394 quianam
3169 3325 3241 3381 sit
3274 3343 3289 3393 ;
3334 3340 3513 3398 neque

1916 3412 2065 3465 enim
2090 3412 2321 3477 sciebat,
2345 3415 2469 3484 quis
2513 3425 2684 3469 esset.

1997 3506 2155 3562 Vers.
2186 3509 2277 3562 37.
2320 3506 2681 3562 Dixit—est.
2736 3504 2926 3561 Vidisti
2973 3524 3136 3563 eum:
3174 3523 3286 3563 non
3333 3508 3509 3579 prius,

1917 3604 2013 3659 sed
2042 3617 2209 3657 nunc.
2239 3600 2359 3656 Non
2385 3599 2539 3667 dixit,
2581 3600 2695 3671 Ego
2727 3615 2871 3664 sum,
2926 3602 3021 3672 qui
3081 3602 3273 3673 aperui
3326 3602 3515 3658 oculus

1918 3706 2063 3751 tuos.
2114 3693 2242 3748 Vult
2294 3694 2444 3747 enim
2479 3692 2893 3762 simplicitatem
2940 3707 3007 3748 ac
3054 3692 3515 3764 praeparationem

1919 3789 1997 3856 (ρ)
2023 3784 2148 3840 fidei
2184 3783 2331 3838 illius
2391 3784 2705 3846 ostendere.
2758 3783 2827 3837 ad
2874 3796 3066 3839 eorum
3125 3785 3217 3853 qui
3281 3798 3524 3854 prasen-

1921 3890 2003 3934 tes
2031 3886 2192 3933 erant
2224 3876 2544 3943 utilitatem,
2647 3890 2711 3930 ac
2745 3874 3126 3931 confusionem
3174 3892 3390 3939 eorum,
3413 3858 3523 3949 qui

1918 3987 2044 4028 cum
2068 3970 2241 4026 multa
2262 3968 2442 4025 edocti
2464 3979 2674 4034 essent,
2705 3968 2988 4039 multaque
3009 3969 3160 4040 signa
3191 3969 3517 4040 conspexis-

1917 4071 2065 4127 sent,
2095 4078 2210 4117 non
2241 4071 2423 4115 tamen
2463 4059 2644 4115 adhuc
2695 4060 3020 4115 credebant.
3061 4058 3198 4114 Nam
3244 4061 3347 4117 hoc
3394 4059 3515 4115 solo

1918 4154 2139 4211 audito:
2174 4152 2240 4207 Et
2271 4153 2364 4224 qui
2393 4152 2631 4223 loquitur
2670 4161 2848 4205 tecum
2888 4151 3001 4221 ipse
3019 4162 3117 4217 est,
3160 4151 3346 4206 statim
3394 4166 3520 4206 cre-

1920 4246 2093 4313 didit;
2129 4258 2317 4302 sermo
2343 4257 2582 4313 namque
2636 4243 2878 4297 animam
2908 4241 3056 4297 illius
3092 4250 3320 4312 repente
3380 4243 3512 4297 teti-

1918 4340 2017 4414 git.
2039 4352 2275 4408 cumque
2297 4337 2499 4392 bonam
2532 4317 2677 4389 illam
2705 4333 3028 4400 invenisset,
3048 4334 3115 4390 ad
3144 4334 3519 4405 cognitionem

1917 4447 1984 4488 ac
2009 4431 2173 4487 fidem
2204 4444 2323 4484 eam
2362 4428 2714 4483 illuminavit.
2753 4426 2890 4482 Vide
2920 4428 3093 4483 enim.

1990 4524 2148 4581 Vers.
2178 4522 2270 4580 38.
2304 4522 2486 4576 Atille
2514 4552 2584 4565 —
2616 4538 2759 4576 eum.
2787 4521 3069 4585 Adoravit,
3092 4519 3428 4577 conﬁrmans
3459 4534 3519 4577 se

1850 4609 1894 4665 Ι)
1921 4620 2166 4675 credere.

1990 4709 2152 4767 Vers.
2188 4707 2279 4764 '59.
2312 4707 2472 4762 Et—
2496 4708 2656 4777 fiant.
2699 4706 2861 4778 Atqui
2893 4706 3147 4778 superius
3189 4704 3343 4761 dixit:
3399 4705 3524 4761 Non

1919 4806 2062 4859 misit
2083 4804 2224 4858 Deus
2248 4801 2447 4857 Filium
2474 4818 2630 4856 suum
2662 4802 2719 4855 iit
2751 4800 3034 4865 mundum,
3060 4810 3115 4854 tu
3137 4799 3342 4871 judice!
3368 4818 3523 4855 mim-

1917 4898 2115 4963 dam”,
2145 4897 2240 4952 sed
2260 4897 2526 4967 judicium
2558 4904 2715 4952 voc-at
2742 4895 2832 4949 hic
2860 4894 3398 4949 condemnationem.
3436 4893 3518 4949 Ad

1920 4990 2457 5057 condemnationem,
2485 4990 2684 5061 inquit,
2711 4988 3075 5057 quorumdam
3118 5002 3218 5060 ego
3262 4988 3519 5043 incarna-

1919 5097 2010 5139 tus
2084 5097 2256 5137 sum:
2294 5097 2418 5136 nam
2462 5081 2832 5152 interpretans
2872 5093 3184 5137 sermonem
3230 5076 3402 5133 addit:
3448 5075 3520 5137 Ut

1412 5338 1616 5400 Varias
1650 5337 1959 5403 lectiones
1996 5348 2061 5403 et
2100 5351 2293 5404 noue.

294 5499 408 5572 (97)
444 5500 790 5572 Ὀφθαλμούς
814 5501 1021 5559 omittit
1076 5501 1137 5556 Β.

294 5571 405 5643 (98⁷)
436 5571 703 5643 limiti:
755 5578 823 5628 Αο

298 5641 410 5713 (99)
449 5641 707 5713 ’Υὸρίζυυ
716 5662 819 5700 σιν.

296 5798 370 5870 (ο)
413 5795 515 5867 Spe
563 5797 724 5866 bona,
779 5810 888 5856 etc.
937 5800 1194 5857 Elevatus
1244 5808 1331 5857 est
1381 5816 1635 5863 sermone
1684 5806 1809 5871 hoc,

228 5882 512 5941 tanquam.

303 5943 377 6015 φ)
444 5938 877 6013 Simplicitatem,
947 5952 1054 6001 etc.
1123 5940 1222 5999 llic
1312 5943 1504 6001 abesse
1577 5954 1812 6017 poterat,

2002 5508 2077 5577 (l)
2111 5506 2334 5561 Κινοῦσι
2366 5507 2430 5559 Δ.

2004 5576 2081 5649 (2)
2114 5580 2250 5643 Τοὺς
2281 5578 2497 5632 videtur
2528 5576 2864 5632 addendum.

1922 5821 1987 5857 ac
2019 5802 2647 5878 ριζιεραναιιοζιεηιτῆοη]
2676 5804 2738 5855 τὸ
2764 5803 3098 5878 ἀπερίεργον
3152 5805 3252 5877 τῆς
3282 5805 3524 5878 πίστεως

1924 5885 2010 5946 est
2033 5876 2155 5944 ejus
2188 5875 2280 5946 qui
2322 5873 2649 5946 simpliciter
2682 5873 2885 5940 credit,
2915 5873 3008 5946 qui
3041 5877 3161 5934 sine
3188 5873 3342 5932 Omni
3408 5878 3522 5933 Ita.»-

1927 5944 2215 6016 sitatione,’
2240 5945 2584 6003 dubitatione
2637 5954 2692 6003 et
2737 5946 2909 6002 nimia
2934 5944 2947 5946 “
2969 5948 3286 6006 curiositate
3321 5949 3518 6007 credit.
