3976 6510
212 456 350 522 1361

1151 464 1540 527 COMMENT.
1587 464 1666 524 IN
1706 462 2085 526 JOANNEM.
2120 493 2184 504 -
2225 469 2382 529 CAP.
2430 470 2573 530 XII.

3376 471 3525 535 1362‘

202 570 397 622 καῦτα
462 572 875 627 πιστευσάντων
916 576 1259 648 ἐμαρτύρει·
1302 580 1331 632 ὀ
1376 579 1534 649 ὄχλος
1593 579 1652 633 δὲ
1698 579 1807 632 τῶν

1930 596 2097 633 -oru:n
2130 581 2221 651 qui
2245 597 2375 635 tunc
2408 581 2776 643 crediderant,
2824 582 3198 637 trstinmuium
3256 583 3512 653 perbibe-

204 664 572 719 ἀκουσάντων
616 666 937 739 ὑπήντησεν
964 670 1115 741 αὑτῷ
1146 673 1269 741 μετ’
1304 673 1512 728 αὐτῶν.

282 870 352 921 οι
383 862 498 923 οὖν
523 868 834 937 Φαρισαῖοι
866 901 934 913 —
959 871 1219 941 ἀπῆλθε.
1240 872 1471 946 Κόσμον
1501 876 1569 930 τά
1620 876 1805 948 πλήθη

203 956 504 1028 λέγουσιν·
551 960 777 1017 Ὀπίσω
828 963 897 1018 δὲ
943 965 1134 1020 αὐτοῦ
1187 965 1489 1035 ἀπῆλθεν,
1539 967 1660 1022 ἀντὶ
1710 969 1804 1023 τοῦ

216 1052 544 1106 ’Λκολουθεῖ
576 1054 749 1125 αὐτῷ.
790 1056 852 1110 ΕΞ
886 1057 987 1126 μὶν
1020 1054 1127 1129 ,οὖν
1167 1060 1506 1130 Φαρισαίους
1564 1060 1805 1115 ἐνταῦθα

202 1145 427 1213 νοήσεις
450 1144 576 1207 τοὺς
613 1146 1094 1213 ἰπιὸουλεύοντας,
1133 1150 1446 1221 μέμφονται
1478 1154 1693 1216 ἑαυτοῖς
1727 1151 1807 1216 ὡς

202 1236 312 1289 οὐκ
347 1237 603 1292 ἀνύουσιν
632 1240 787 1294 οὐδὲν
817 1241 905 1295 διὰ
941 1242 1219 1313 ρᾳθυμίαν
1241 1260 1255 1275 ο
1284 1246 1333 1298 εί
1361 1244 1418 1298 δὲ
1448 1244 1652 1315 μᾶλλον
1678 1248 1808 1309 τοὺς

203 1326 618 1395 πιστεύσαντας
646 1330 749 1400 μὲν
774 1330 1124 1401 κρύπτοντας
1156 1332 1214 1385 δὲ
1244 1334 1345 1404 τὴν
1377 1333 1566 1387 πίστιν
1586 1333 1680 1389 διὰ
1712 1332 1805 1386 τὸν

203 1418 379 1488 φόϐον
421 1419 531 1473 τῶν
595 1421 774 1476 ἄλλων
800 1438 815 1453 ·
884 1421 1196 1493 μέμφονται
1245 1423 1371 1477 καθ’
1433 1426 1663 1488 ἑαυτοὺς
1689 1427 1805 1485 τοῖς

201 1510 663 1567 ἐπιϐουλεύουσιν
697 1515 773 1576 ὡς
807 1514 987 1584 μάτην
1017 1513 1383 1575 σπουδάζουσι
1419 1516 1512 1569 καὶ
1538 1516 1641 1570 οὐκ
1673 1515 1805 1568 ἀνύ-

200 1616 361 1652 ουσιν
394 1603 570 1656 οὐδέν.

202 1752 371 1808 ΚΕΦ.
427 1751 530 1808 IE'.
572 1753 712 1823 Περὶ
758 1741 879 1809 τῶν
930 1755 1399 1824 προσελθόντων
1466 1757 1803 1823 Ἑλλήνων.

276 1871 489 1932 *Ησαν
544 1906 610 1916 -
662 1880 866 1951 ἑορτῇ.
927 1881 1126 1935 Πολλοὶ
1182 1882 1293 1953 γὰρ
1348 1881 1619 1952 Ἕλληνες
1687 1884 1802 1955 (62)

203 1967 592 2039 ἀσπαζόμενοι
654 1974 757 2041 τὴν
819 1972 1126 2043 θρησκείαν
1178 1972 1290 2027 τῶν
1355 1973 1659 2039 Ἰουδαίων,
1709 1976 1805 2029 καὶ

205 2059 460 2125 θέλοντες
489 2064 749 2132 γενέσθαι
781 2065 1121 2135 προσήλυτοι
1186 2066 1473 2120 ἀνέσαινον
1507 2068 1601 2121 καὶ
1639 2084 1808 2138 προσ-

204 2151 437 2205 εκύνουν
472 2156 529 2206 ιν
559 2157 625 2226 τῇ
663 2158 850 2229 ἑορτῇ.

283 2258 464 2318 Οὗτοι
516 2294 584 2306 -
624 2265 796 2320 ίδεῖν.
864 2267 1233 2332 ’Δκούσαντες
1292 2271 1393 2339 τὴν
1450 2270 1581 2339 περὶ
1624 2270 1801 2324 αὑτοῦ

208 2353 403 2422 φήμην
439 2354 694 2411 θέλουσιν
723 2358 893 2411 αὑτὸν
936 2360 1090 2413 ἰδεῖν.

284 2463 565 2532 Ἔρχεται
595 2494 668 2503 --
700 2467 973 2535 Ἀνδρέᾳ.
1012 2468 1158 2538 Περὶ
1196 2469 1307 2523 τῶν
1360 2470 1635 2543 Ἑλλήνων
1674 2472 1799 2527 τού-

206 2571 342 2617 των,
378 2556 453 2618 ὡς
477 2556 589 2625 (65)
620 2556 877 2627 πρώτων.

284 2663 397 2718 Kal
456 2664 648 2719 πάλιν
684 2696 754 2708 -
788 2668 1134 2733 ἀνθρώπου.
1193 2670 1348 2725 Ἐπεὶ
1400 2674 1523 2726 τότε
1579 2675 1805 2744 ἔμελλεν

208 2758 509 2811 ἀποθανεῖν
536 2760 623 2812 ὅτε
654 2762 702 2811 οἱ
742 2759 841 2827 μὲν
878 2760 1125 2814 Ἰουδαῖοι
1160 2764 1477 2834 κυρώσουσι
1505 2766 1597 2818 τὸν
1632 2767 1802 2820 αὐτοῦ

210 2846 471 2910 θάνατον,
504 2848 571 2899 τὰ
594 2848 649 2899 δὲ
681 2847 811 2917 ἔθνη
862 2848 1123 2916 ἄρξονται
1170 2853 1577 2921 προσέρχεσθαι
1611 2855 1760 2925 αὖτῷ
1788 2873 1801 2885 ·

1913 672 2007 725 bat
2040 687 2056 737 ;
2091 672 2250 727 turba
2269 688 2414 749 .vero
2461 688 2653 729 eorum
2701 673 2793 744 qui
2849 674 3159 737 audierant.
3201 675 3418 731 obviam
3459 678 3509 730 ei

1912 778 2035 816 cum
2073 763 2180 818 illis
2218 764 2509 835 processit.

1987 870 2138 927 Vers.
2182 872 2270 929 19.
2306 871 2565 930 Phariswi
2588 891 2710 945 ergo
2740 905 2804 917 —
2829 878 2979 931 abiit.
3010 875 3269 931 Mundam
3324 877 3515 932 dicunt

1912 965 2343 1021 multitudinem.
2383 967 2512 1022 Post
2545 984 2666 1023 eum
2717 969 2867 1031 abiit,
2920 970 3024 1024 hoc
3080 978 3186 1029 est.
3250 973 3503 1040 sequitur

1911 1068 2059 1107 eum.
2095 1052 2149 1108 Si
2182 1054 2345 1125 igitur
2371 1071 2467 1125 per
2499 1055 2803 1113 Phariszus
2844 1058 3122 1125 intelligas
3164 1058 3514 1114 insidiatores

1912 1144 2012 1200 sibi
2037 1146 2165 1217 ipsis
2190 1147 2565 1218 indignantur,
2602 1152 2746 1220 quod
2777 1167 2888 1222 ρεαδ
2914 1150 3145 1223 segnitie
3196 1150 3332 1205 nihil
3387 1166 3511 1219 pro-

1911 1237 2214 1303 ﬁciant;si
2251 1255 2383 1294 vero
2441 1256 2559 1303 eos.
2618 1243 2712 1311 qui
2763 1242 3135 1305 crediderant,
3194 1243 3291 1298 sed
3351 1241 3511 1299 ﬁdem

1909 1338 2134 1398 propter
2163 1330 2395 1385 aliorum
2445 1333 2697 1388 timorem
2734 1334 3103 1396 occultabant,
3158 1333 3513 1406 indignantur

1910 1421 2056 1489 apud
2116 1437 2175 1476 sc
2226 1422 2668 1486 insidiatoribus.
2725 1424 2871 1495 quod
2930 1424 3133 1479 frustra
3176 1422 3506 1487 laborarent,

1910 1512 2159 1581 nihilque
2190 1515 2543 1586 proﬁcerent.

2125 1742 2276 1797 CAP.
2311 1742 2426 1797 XV.
2460 1741 2533 1797 De
2588 1743 2782 1799 σηπία
2814 1744 2901 1808 qui
2931 1751 3285 1796 accesserunt.

1984 1870 2135 1926 \‘crs.
2164 1871 2255 1926 20.
2288 1869 2462 1924 Erant
2496 1900 2563 1913 --
2595 1875 2751 1940 (suo.
2795 1869 2942 1924 “ulti
3001 1868 3274 1938 siquidem
3331 1865 3506 1922 Gra‘ci

1909 1961 2115 2014 cultum
2138 1966 2385 2014 amantes
2406 1956 2743 2020 Iudaeorum,
2764 1967 2821 2012 et
2848 1958 3135 2025 cupientes
3161 1956 3277 2011 ﬁeri
3317 1971 3510 2027 prose-

1908 2048 1998 2121 Iyt‘.
2032 2050 2408 2105 ascendebant
2430 2058 2483 2105 et
2513 2049 2884 2105 adorabantin
2909 2048 3071 2103 festo.

1982 2270 2137 2326 Vers.
2166 2271 2257 2326 2|.
2288 2270 2354 2324 Hi
2386 2300 2455 2310 —-—
2484 2270 2676 2324 videre.
2712 2268 2848 2324 Cum
2883 2267 2950 2321 de
2980 2267 3100 2335 ejus
3134 2267 3276 2321 fama
3328 2266 3520 2321 audis»

1908 2372 2055 2426 sent,
2084 2365 2316 2433 cupiunt
2336 2376 2460 2417 eum
2493 2360 2701 2415 videre.

1981 2467 2134 2523 Vers.
2191 2468 2281 2522 22.
2348 2467 2491 2521 Venit
2535 2495 2601 2508 -—
2636 2467 2885 2520 Andreae.
2955 2466 3027 2519 De
3094 2464 3297 2520 Griecis
3374 2466 3499 2521 istis

1910 2567 2167 2627 tanquam
2204 2555 2425 2625 majori.

1980 2667 2138 2724 Vers.
2165 2667 2259 2722 22.
2288 2666 2621 2738 Rursumque
2652 2698 2719 2708 —
2755 2666 2909 2722 Vers.
2941 2668 3033 2722 ‘33.
3077 2667 3324 2721 hominis.
3372 2665 3511 2732 Quia

1910 2772 2040 2815 tunc
2076 2760 2323 2815 futurum
2360 2769 2499 2823 erat,
2532 2770 2591 2814 ut
2640 2770 2967 2823 moreretur,
3025 2774 3151 2813 cum
3206 2757 3379 2812 ιιιόωί
3441 2758 3515 2813 dc

1906 2854 2027 2920 ejus
2054 2862 2226 2906 morte
2247 2852 2574 2906 sententiam
2605 2851 2880 2917 tulissent,
2914 2860 3107 2920 gentes
3135 2866 3265 2904 vero
3291 2852 3357 2904 ad
3386 2866 3512 2904 ettm

210 2941 407 3010 γέγονε
438 2939 495 2993 δὲ
540 2940 642 3009 ήδη
681 2942 777 2994 καῖ⁹
807 2940 971 2995 τοῦτο
1006 2944 1232 2997 κάκεῖνο
1252 2958 1267 2972 ⁶
1299 2946 1359 3010 ἐξ
1407 2945 1580 2996 ἐθνῶν
1613 2946 1720 3017 γὰρ
1752 2947 1801 2999 o!

1929 2946 2174 3001 iccedere
2200 2945 2520 3013 coepissent.
2584 2944 2741 2998 Nunc
2793 2953 2976 2997 autem
3028 2953 3082 2997 et
3133 2943 3239 2997 hoc
3274 2952 3331 2997 et
3382 2942 3515 2997 illud

214 3033 476 3103 ῥηθέντες
505 3032 789 3102 Ἕλληνες.
821 3034 994 3105 Φησίν
1028 3052 1041 3065 ·
1082 3034 1373 3106 Ἐλήλυθεν
1402 3038 1430 3087 ὁ
1462 3038 1674 3107 καιρδς,
1714 3038 1802 3091 ἵνα

1929 3040 2113 3091 ’actum
2169 3044 2254 3090 est
2288 3052 2303 3100 ;
2341 3050 2467 3089 nam
2510 3044 2567 3091 et
2604 3034 2736 3089 dicti
2775 3033 2949 3089 Graeci
2981 3049 3011 3088 e
3047 3034 3302 3104 gentibus
3336 3045 3496 3089 erant

211 3128 496 3181 ἀποθάνω.
525 3128 680 3181 Μετά
710 3128 822 3197 γὰρ
856 3127 948 3180 τὸν
980 3127 1212 3183 θάνατον
1252 3131 1348 3184 καὶ
1373 3129 1475 3200 τὴν
1501 3132 1802 3185 ἀνάστασιν

1929 3131 1996 3184 lit
2026 3148 2039 3182 :
2076 3128 2235 3183 Venit
2269 3136 2585 3197 tempus.ut
2614 3128 2840 3189 moriar,
2876 3125 3148 3195 siquidem
3182 3135 3307 3195 post
3363 3141 3512 3181 mor—

212 3219 405 3288 εμελλε
429 3219 760 3287 ὼξασθῆναι
793 3223 850 3273 ὲν
876 3224 1012 3273 πᾶσι
1052 3224 1166 3284 τοῖς
1194 3222 1401 3284 ἔθνεσι,
1426 3224 1799 3294 κηρυχθέντος

1929 3237 2016 3276 ειη
2039 3236 2102 3276 ac
2118 3223 2590 3275 resurrectionem
2620 3218 3008 3289 gloriﬁcandus
3030 3226 3151 3271 erat
3177 3218 3230 3271 in
3258 3217 3515 3271 omnibus

212 3311 307 3363 τοῦ
338 3313 680 3380 Εὑαγγελίου
702 3314 758 3366 ἐν
787 3315 896 3385 ὅλῳ
928 3313 1007 3385 τῷ
1038 3315 1252 3385 κόσμῳ.
1284 3315 1388 3370 Καὶ
1416 3318 1503 3369 ὅτε
1535 3317 1722 3384 ἔδοξαν
1750 3321 1798 3372 οἱ

1929 3316 2181 3386 gentibus,
2209 3313 2510 3385 praedicato
2540 3310 2837 3383 Evangelia
2891 3312 2947 3363 in
2985 3309 3245 3363 universo
3281 3309 3508 3372 mundo,

225 3403 475 3460 Ἰουδαῖοι
504 3407 695 3461 σϐέσαι
726 3408 826 3478 τὴν
852 3409 1013 3473 δόξαν
1057 3410 1246 3476 αὑτοῦ,
1283 3410 1405 3466 τότε
1440 3410 1554 3482 (64)
1595 3412 1799 3481 μᾶλλον

1929 3410 2151 3477 ﬁuntque
2226 3405 2554 3461 exstinxisse
2631 3404 2731 3457 sibi
2804 3401 2905 3456 visi
2994 3408 3124 3454 sunt
3174 3398 3347 3454 Judaei
3398 3398 3519 3466 ejus

214 3498 461 3569 ἔλαμψεν
486 3501 567 3563 είς
597 3502 781 3555 πᾶσαν
819 3503 919 3572 τήν
951 3503 1305 3576 οἰκουμένην.

288 3611 483 3685 [Ἐπεὶ
516 3612 629 3681 (65)
660 3609 755 3668 οὗν
821 3614 1069 3669 Ἰουδαῖοι
1121 3617 1221 3685 μὲν
1269 3618 1409 3687 μετὰ
1460 3618 1801 3688 διασκέψεως

214 3704 506 3776 ἐκύρωσαν
537 3707 629 3759 τὸν
667 3706 837 3761 αὑτοῦ
880 3706 1135 3775 θάνατον,
1166 3709 1235 3761 τὰ
1276 3708 1407 3779 ἔθνη
1435 3710 1491 3763 δὲ
1524 3709 1803 3781 ἐζήτησαν

216 3797 404 3860 αὐτὸν,
437 3797 654 3863 ἀνάξιον
678 3795 748 3871 ἦν
780 3803 878 3871 τῆς
922 3799 1017 3853 τοῦ
1064 3800 1203 3853 Θεοῦ
1234 3800 1590 3872 δικαιοσύνης
1626 3819 1804 3874 παρα-

221 3888 405 3959 μένειν
426 3889 509 3943 ἔτι
544 3892 657 3953 τοῖς
676 3890 925 3954 ἀνιάτοις
961 3894 1055 3944 καὶ
1088 3893 1359 3963 περιορᾷν
1390 3892 1519 3955 τοὺς
1545 3894 1802 3964 ἑτοίμους

218 3984 299 4047 εἰς
330 3984 651 4055 θεραπείαν.
712 3985 825 4038 Καὶ
868 3985 1014 4038 διστί
1052 3984 1127 4055 μὴ
1176 3984 1379 4054 μετέϐη
1421 3986 1546 4039 τότε
1596 3987 1690 4040 ἐπὶ
1737 3986 1806 4040 τὰ

219 4076 347 4149 ἔθνη
374 4094 388 4141 ;
420 4079 519 4130 Διά
552 4077 614 4131 τὸ
643 4077 921 4150 περιελεῖν
973 4080 1155 4133 πᾶσαν
1208 4078 1511 4147 ἀπολογίαν
1550 4081 1809 4150 ἀγνωμο-

222 4169 389 4239 σύνης
405 4170 514 4222 τῶν
550 4170 825 4223 Ἰουδαίων
845 4171 939 4224 ὀὗ
965 4171 1127 4241 μόνον
1157 4170 1267 4239 γὰρ
1289 4170 1453 4234 αὐτὸς
1482 4171 1543 4225 οὐ
1574 4171 1807 4242 μετέϐη,

218 4261 336 4316 ἀλλ’
365 4262 485 4317 οὐδὲ
521 4263 651 4326 τοὺς
683 4263 932 4335 μαθητὰς
968 4264 1180 4333 ἀφῆκεν
1203 4266 1281 4324 είς
1306 4262 1425 4317 ὁδὸν
1448 4263 1622 4317 ἐθνῶν
1637 4264 1810 4318 dna).-

220 4355 357 4417 θεῖν.
393 4356 489 4409 καὶ
526 4356 696 4426 μυρία
754 4358 983 4427 πάσχων
1014 4355 1122 4409 ὑπὸ
1177 4356 1288 4409 τῶν
1336 4356 1656 4426 ἀχαρίστων
1707 4357 1809 4411 οὐκ

220 4448 393 4515 ἀνῆκε
458 4447 751 4513 διδάσκων,
822 4446 1171 4518 θεραπεύων,
1231 4449 1327 4502 καὶ
1380 4449 1561 4503 πάντα
1608 4449 1811 4520 τρόπον

222 4540 559 4610 εὐεργετῶν,
595 4542 701 4606 ἕως
736 4542 949 4595 ἀνεῖλον
981 4542 1197 4616 αὑτόν.]

306 4657 487 4727 Ἀμὴν
519 4688 590 4699 -ο
608 4658 797 4728 φέρει.
832 4657 1341 4731 Παραμυθοὺμενος
1381 4659 1509 4723 τοὺς
1554 4659 1809 4731 μαθητὰς
1842 4615 1895 4674 D

223 4748 313 4803 διὰ
341 4751 795 4822 παραδείγματος
822 4752 1213 4806 ἀποδείκνυσιν
1254 4754 1340 4806 ὅτι
1397 4753 1683 4824 συμφέρον
1711 4753 1812 4807 καὶ

224 4842 528 4910 ἀναγκαῖον
572 4844 868 4899 ἀποθανεῖν
934 4844 1120 4899 αὐτόν.
1182 4846 1403 4916 Τρόπον
1450 4846 1557 4917 γὰρ
1605 4846 1753 4900 σίτου
1788 4848 1818 4901 6

226 4935 458 5001 θάνατος
483 4935 595 5006 (66)
625 4936 791 4991 αὐτοῦ
816 4936 1047 5001 πολλοὺς
1068 4937 1513 5009 καρποφορήσει,
1549 4937 1646 4989 καὶ
1673 4955 1820 5004 γονι-

231 5025 478 5097 μώτατος
507 5028 660 5083 ἕσται
687 5030 785 5083 καὶ
819 5030 1131 5101 κερδαλέος.
1154 5030 1252 5084 Διά
1277 5030 1376 5099 τὴν
1404 5029 1815 5103 προρρηθεῖσαν

230 5120 340 5191 γὰρ
369 5121 551 5174 αἰτίαν
601 5123 742 5193 μετά
772 5122 864 5176 τὸν
899 5122 1130 5177 θάνατον
1161 5121 1327 5177 αὐτοῦ
1373 5121 1599 5193 ἔμελλον
1636 5126 1685 5175 ni
1720 5142 1822 5193 μα-

232 5208 391 5281 θηταὶ
447 5210 561 5284 (67)
610 5212 777 5267 αὐτοῦ
814 5212 1195 5284 ἀποσταλῆναι
1232 5215 1311 5277 είς
1360 5214 1421 5266 τὸ
1479 5212 1821 5284 μαθητεῦσαι

1904 3508 2158 3580 gloriam,
2194 3514 2327 3559 tunc
2354 3504 2408 3557 in
2454 3502 2715 3557 universo
2744 3501 2879 3555 orbe
2927 3503 3098 3572 magis
3142 3498 3507 3569 reSplenduit.

1976 3620 2114 3686 Quia
2154 3634 2281 3691 ergo
2307 3616 2480 3673 Judaei
2508 3631 2634 3672 cum
2674 3615 3067 3671 deliberatione
3094 3612 3422 3670 sententiam
3451 3609 3520 3666 de

1906 3714 2027 3784 ejus
2058 3722 2232 3768 morte
2262 3711 2523 3775 tulerant,
2556 3707 2844 3779 indignum
2878 3717 2996 3761 erat
3052 3706 3146 3761 Dei
3179 3705 3410 3777 iustitia,
3447 3714 3508 3759 ut

1907 3805 2114 3862 diutius
2171 3803 2314 3874 apud
2349 3801 2681 3858 incurabiles
2725 3808 3098 3870 permaneret,
3136 3813 3365 3868 eosque,
3414 3798 3509 3867 qui

1909 3898 1976 3953 ad
2010 3897 2351 3952 sanationem
2398 3893 2572 3966 parati
2621 3902 2800 3959 erant,
2839 3892 3174 3963 despiceret.
3216 3891 3287 3946 Et
3339 3905 3512 3960 quare

1912 4000 2043 4046 tunc
2099 3988 2166 4044 ad
2217 3997 2411 4060 gentes
2473 4002 2585 4042 non
2650 3987 2933 4043 transivit?
2981 3985 3052 4043 Ut
3107 3999 3331 4039 omnem
3413 3981 3516 4052 (ec)

1910 4082 2222 4139 Iudaeorum
2245 4080 2314 4136 de
2339 4079 2565 4151 perﬁdia
2585 4080 2998 4151 responsionem
3017 4074 3472 4133 circumcluderet
3497 4091 3510 4125 :

1914 4191 2024 4231 non
2050 4175 2225 4230 solum
2265 4174 2416 4228 enim
2456 4173 2573 4244 ipse
2609 4188 2719 4227 non
2748 4171 3024 4235 transivit,
3056 4169 3151 4225 sed
3203 4182 3307 4223 nec
3344 4167 3513 4222 disci-

1914 4269 2072 4341 pulos
2107 4267 2163 4321 in
2206 4267 2353 4322 viam
2403 4266 2650 4339 gentium
2681 4266 2834 4321 abire
2884 4262 3157 4335 permisit,
3212 4276 3513 4332 passusque

1915 4363 1983 4417 ab
2014 4360 2242 4432 ingratis
2281 4360 2589 4425 innumera,
2660 4375 2771 4415 non
2807 4360 3030 4430 reliquit
3078 4358 3236 4421 illos.
3279 4356 3509 4416 docens.

1918 4470 2119 4509 sanans
2147 4469 2210 4507 ae
2241 4453 2418 4508 modis
2453 4452 2709 4507 omnibus
2742 4451 3003 4507 beneﬁcia
3035 4458 3321 4523 praestans,
3341 4452 3516 4505 donec

1919 4547 2072 4601 illum
2103 4544 2447 4601 occiderunt.

1998 4657 2156 4715 Vers.
2220 4656 2314 4713 24.
2345 4656 2515 4711 Amen
2540 4684 2611 4696 —-
2637 4656 2809 4726 affert.
2839 4654 3144 4725 Discipulos
3178 4653 3518 4719 consolatur,

1923 4750 2222 4807 ostendens
2254 4764 2353 4819 per
2379 4748 2711 4819 exemplum,
2740 4748 2885 4818 quod
2916 4747 3047 4802 utile
3078 4746 3152 4802 sit
3179 4760 3519 4805 neneeessa-

1926 4843 2069 4898 rium
2112 4848 2174 4896 ut
2234 4839 2353 4909 ipse
2417 4836 2708 4905 moriatur;
2752 4853 2879 4893 nam
2934 4837 2990 4892 in
3059 4837 3282 4893 modum
3345 4837 3510 4893 tritici

1928 4948 2076 4989 mors
2116 4932 2236 5001 ejus
2271 4932 2475 4987 multos
2504 4930 2700 4985 afferet
2728 4929 2965 4993 fructus,
2983 4927 3198 4998 eritque
3220 4928 3413 4984 fertilis
3455 4943 3519 4984 ac

1929 5026 2099 5081 utilis.
2138 5025 2363 5094 Propter
2393 5023 2707 5094 przcdictam
2737 5023 2885 5078 enim
2927 5036 3148 5076 causam
3206 5032 3331 5092 post
3372 5037 3519 5075 mor-

1931 5130 2042 5176 tem
2070 5133 2223 5174 suam
2259 5116 2557 5188 discipulos
2595 5131 2725 5171 suos
2760 5115 3031 5171 missurus
3079 5123 3200 5169 erat
3230 5113 3285 5167 in
3318 5127 3515 5170 omnes

1930 5220 2142 5285 gentes,
2167 5220 2227 5265 ut
2250 5210 2362 5281 jam
2394 5222 2542 5264 mors
2574 5206 2698 5279 ejus
2737 5206 2847 5262 vita
2887 5215 3035 5263 esset
3066 5205 3338 5277 gentium.
3374 5204 3519 5261 Mor-

1405 5394 1608 5458 Variaa
1648 5394 1962 5459 lectiones
1991 5401 2053 5456 et
2091 5397 2279 5455 notae.

312 5564 767 5635 (62ΓΙΙσπάζοντο
808 5567 870 5617 Λ.

311 5639 427 5705 (65)
493 5638 702 5707 Πρώτῳ
767 5637 1191 5707 νυνι-ἰετιιιιῑιιιη,
1254 5637 1488 5693 refertur
1546 5639 1692 5699 enim
1763 5637 1831 5691 ad

241 5708 460 5777 ἁνδρὲᾳ.
506 5710 679 5778 Atque
714 5709 783 5760 ita
821 5708 1146 5761 llarttteuius.

318 5780 428 5850 (6-1)
459 5780 677 5832 Μᾶλλον
717 5782 871 5833 abest
903 5781 965 5831 Λ.

2012 5568 2123 5633 (65)
2151 5567 2361 5621 Inclusa
2405 5565 2606 5619 absunt
2644 5562 2709 5617 Α.

2011 5628 2120 5704 (liii)
2148 5636 2351 5699 Αὑτούς
2388 5637 2592 5690 omisso
2632 5631 2856 5695 πολλούς
2893 5628 2949 5684 Β.

2011 5709 2121 5763 ’671
2153 5706 2326 5761 Αὑτοῦ
2357 5707 2513 5762 abest
2560 5705 2625 5758 Α.

330 5942 423 6013 (ec)
462 5939 526 5995 Ut
560 5957 784 5999 onmem.
823 5950 928 5997 ctc.
966 5938 1032 5997 Ut
1084 5956 1299 5996 OlllllClll
1361 5943 1693 6011 ingratorum
1736 5940 2046 5997 Judteorum
2066 5936 2476 5997 excusationem
2509 5932 2743 5987 tolleret.
