3976 6492
557 409 689 468 1363

1790 408 2174 470 ΕΗἸἪΥΜΠ
2214 410 2571 472 ZiGABENi

3676 416 3798 479 13H

549 533 658 570 tem
688 528 864 571 autem
896 517 1055 572 tritici
1080 516 1322 587 intellige
1350 517 1480 570 milii
1504 516 1910 581 corruptionem
1939 516 2104 583 ipsius

2239 516 2417 572 πάντα
2449 518 2518 572 τὰ
2549 518 2699 586 ἔθνη.
2755 521 2848 572 καὶ
2888 519 3075 573 λοιπδν
3109 524 3136 574 ὁ
3207 521 3435 583 θάνατος
3495 519 3659 572 αὐτοῦ
3693 522 3798 589 ζωὴ

551 609 754 662 Deinde
782 608 902 662 illos
924 623 1138 676 quoque
1165 608 1435 671 accendit,
1466 617 1520 663 ut
1549 618 1775 661 mortem
1804 606 2127 676 despiciant,

548 715 647 754 nec
689 701 741 754 in
778 699 1069 768 propositis
1123 700 1381 769 periculis
1423 698 1722 753 retincndm
1773 697 1895 752 vita:
1947 699 2124 768 cupidi

547 788 675 849 sint,
706 801 867 856 supra
906 787 1084 851 iidem,
1120 801 1236 856 quae
1277 787 1330 840 in
1365 787 1538 856 ipsum
1570 797 1670 839 est.

614 991 767 1045 \‘ers.
800 991 895 1046 25.
941 992 1044 1056 Qui
1076 1023 1144 1030 —
1177 1009 1313 1046 eam.
1348 991 1448 1059 Qui
1487 1001 1729 1061 tempore
1763 995 2008 1061 martyrii
2043 993 2125 1046 vi-

540 1094 604 1133 tro
639 1085 934 1137 retinenda:
977 1081 1211 1151 cupidus
1247 1092 1350 1148 est,
1405 1083 1712 1153 obsequens
1770 1083 1964 1136 animat
2011 1098 2122 1136 suze

542 1173 661 1240 plus
688 1191 847 1240 quam
883 1184 1350 1243 oporteat,amans
1385 1191 1502 1229 eam
1557 1174 2122 1245 male-concupiscen-

543 1274 671 1318 tem:
737 1262 820 1318 Ne
874 1267 1162 1336 gradieris,
1197 1267 1290 1329 ait,
1350 1267 1405 1320 in
1440 1268 1868 1334 concupiscentiis
1929 1269 2121 1322 anima:

542 1367 646 1410 tua:
681 1357 744 1411 ⁸ο.
781 1357 882 1424 Qui
913 1369 1059 1413 amat
1091 1375 1211 1415 eam
1243 1375 1406 1430 supra
1445 1359 1638 1424 Deum,
1678 1361 1866 1429 perdet
1900 1376 2016 1414 eam
2066 1360 2118 1412 in

542 1441 723 1497 futuro
769 1444 992 1506 saeculo,
1036 1445 1140 1500 hoc
1183 1457 1271 1501 est
1325 1447 1379 1500 in
1438 1448 1768 1516 supplicium
1815 1447 2090 1517 conjiciet,

539 1540 595 1583 ut
623 1530 717 1598 qui
753 1530 910 1586 ﬁdem
946 1532 1267 1600 prodiderit.

623 1618 875 1699 Vegs.25.
917 1619 1051 1674 Et-
1081 1637 1217 1677 eam.
1255 1620 1356 1689 Qui
1404 1626 1738 1679 contrarium
1793 1623 1961 1684 facit.
2013 1626 2118 1679 hoc

532 1720 631 1774 ρει,
661 1711 750 1780 qui
797 1711 1097 1766 retinendae
1136 1714 1258 1768 vitae
1300 1729 1410 1768 non
1463 1714 1629 1769 nimis
1658 1715 1892 1784 cupidus
1927 1725 2031 1781 est,
2063 1725 2118 1769 et

534 1811 745 1856 emtera.
779 1801 988 1857 Similia
1013 1818 1229 1874 quoque
1259 1804 1565 1876 dixitjuxta
1599 1804 1760 1861 ﬁnem
1792 1807 1988 1862 decimi
2017 1822 2116 1858 no-

530 1893 587 1944 ni
633 1894 786 1960 juxta
823 1894 1136 1952 Mattbaum
1191 1898 1409 1968 capitis,
1451 1909 1506 1953 et
1528 1899 1651 1955 aliis
1686 1899 1741 1954 in
1778 1901 1932 1955 locis.

597 1984 751 2038 Vers.
789 1987 881 2041 26.
914 1985 975 2040 Si
1006 2017 1070 2028 —
1097 1999 1372 2059 sequatur.
1405 1988 1489 2045 Me
1532 2001 1814 2061 sequatur,
1861 2008 1960 2062 per
1993 1993 2115 2047 imi-

527 2075 812 2144 tationem,
841 2077 945 2133 hoe
974 2087 1080 2145 est,
1109 2080 1153 2134 si
1192 2081 1313 2151 quis
1349 2097 1503 2137 meus
1541 2083 1773 2138 voluerit
1797 2089 1918 2140 esse
1951 2085 2114 2140 disci-

529 2166 712 2234 pulus,
757 2184 843 2224 me
881 2170 1138 2226 imitetur.
1188 2171 1654 2238 Quemadmodum
1695 2177 1841 2230 enim
1887 2192 2113 2231 necesse

526 2263 606 2306 est
636 2255 948 2310 ministrum
983 2259 1135 2327 sequi
1173 2259 1478 2325 dominum,
1518 2262 1588 2314 ita
1616 2276 1833 2331 quoque
1866 2263 2108 2334 discipu-

525 2343 634 2396 lum
664 2355 880 2414 oportet
908 2349 1061 2418 sequi
1086 2360 1500 2420 praeceptorem.

597 2433 753 2490 Vers.
785 2435 875 2490 26.
911 2433 982 2490 Et
1027 2468 1096 2478 —
1126 2441 1247 2492 erit.
1291 2439 1400 2493 Aut
1457 2441 1597 2494 idem
1653 2455 1869 2496 rursum
1929 2450 2111 2511 prote-

521 2535 675 2581 stans
703 2526 854 2592 dicit,
885 2537 1002 2592 aut,
1028 2538 1312 2600 postquam
1337 2532 1403 2586 de
1437 2534 1691 2602 prtesenti
1728 2532 1990 2588 malorum
2022 2545 2107 2588 to-

525 2619 750 2674 lerantia
799 2620 954 2688 dixit,
1003 2621 1074 2678 de
1118 2623 1300 2678 futura
1343 2625 1509 2678 etiam
1563 2624 1774 2680 addidit
1817 2623 2104 2680 fruitione:

519 2710 620 2774 Qui
656 2727 741 2766 me
782 2713 1029 2781 sequitur
1058 2715 1110 2767 in
1143 2717 1341 2770 emtum
1383 2717 1733 2771 conscendet.

591 2801 746 2860 Vero.
780 2804 868 2859 26.
905 2803 972 2858 Et
1009 2835 1077 2846 —
1138 2807 1316 2862 I’atcr.
1373 2809 1706 2864 Gloriilcabit
1758 2825 1904 2878 eum,
1981 2820 2103 2867 tan-

518 2909 680 2963 quam
709 2896 1020 2952 ministrum
1053 2899 1272 2971 legitimi
1313 2900 1427 2954 Filii
1451 2901 1556 2956 sui.
1587 2899 1699 2957 lloc
1731 2912 1909 2957 autem
1942 2905 2102 2971 dixit,

517 2987 773 3054 quoniam
811 2989 992 3045 adhuc
1022 2989 1234 3046 Patrem
1279 3007 1399 3048 esse
1435 2995 1689 3064 majorem
1716 3011 1781 3050 eo
1817 2996 2100 3066 putabant.

519 3078 596 3134 Ne
628 3081 751 3150 quis
779 3093 960 3137 autem
991 3085 1158 3150 dicat,
1191 3085 1332 3155 quod
1366 3086 1521 3141 facile
1550 3087 1618 3140 de
1645 3097 1817 3143 morte
1861 3089 2099 3158 philoso-

2241 609 2349 663 τῶν
2383 609 2576 665 ἐθνῶν.
2604 611 2849 666 Θάνατον
2875 611 2932 665 δὲ
2970 611 3119 666 σίτου
3182 614 3290 666 νόει
3350 630 3439 682 μοι
3466 611 3566 682 τὴν
3601 612 3796 682 φθορὰν

2238 705 2424 759 αὑτοῦ.
2455 700 2591 758 Εἶτα
2624 705 2935 775 παραθήγει
2963 703 3056 759 καὶ
3086 706 3283 768 αὐτοὺς
3321 707 3412 758 ἐπὶ
3439 705 3499 758 τὸ
3527 720 3789 773 καταφρο-

2236 797 2348 848 νεῖν
2377 795 2471 850 τοῦ
2506 797 2762 859 θανάτου,
2795 797 2890 850 καὶ
2923 797 2998 865 μὴ
3028 796 3339 866 φιλοψυχεῖν
3368 799 3424 848 ὲν
3443 799 3550 855 τοῖς
3581 812 3795 863 προκει-

2243 891 2424 957 μένοις
2462 889 2734 952 κινδύνοις
2760 889 2900 956 ὑπὲρ
2935 888 3035 955 τῆς
3061 889 3142 949 είς
3182 888 3346 940 αὐτὸν
3378 888 3630 950 πίστεως.

2317 984 2380 1036 Ὀ
2402 1012 2471 1022 -—
2505 982 2718 1048 αὑτήν.
2760 982 2818 1033 Ὀ
2869 980 3178 1050 ςιλοψυχῶν
3213 981 3268 1030 ἐν
3313 979 3486 1048 καιρῷ
3519 979 3625 1048 (68)
3661 997 3766 1049 μαρ

2232 1072 2442 1140 τυρίου,
2476 1072 2504 1122 ό
2538 1068 2902 1138 χαριζόμενος
2926 1067 3169 1138 τῇιψυχῇ
3199 1068 3350 1134 παρὰ
3373 1068 3432 1119 τὸ
3460 1068 3598 1130 δέον,
3647 1070 3673 1120 ό
3710 1086 3793 1133 φι-

2233 1161 2340 1214 λῶν
2367 1160 2537 1229 αὐτὴν
2571 1157 2950 1227 ἐπιθυμοῦσαν
2984 1156 3169 1219 κακῶς
3195 1172 3208 1185 °
3239 1155 3336 1224 Μὴ
3382 1158 3637 1225 πορεύου
3686 1157 3793 1225 (69)

2231 1252 2360 1322 γὰρ,
2395 1251 2580 1320 φησὶν,
2607 1250 2673 1302 ἐν
2699 1248 2828 1312 ταῖς
2863 1247 3196 1315 ἐπιθυμίαις
3221 1244 3330 1312 τῆς
3369 1245 3574 1314 ψυχῆς
3596 1261 3732 1299 σουο
3765 1247 3792 1296 ό

2229 1340 2403 1410 φιλῶν
2430 1341 2597 1405 αὐτὴν
2623 1338 2775 1408 παρὰ
2825 1336 2916 1390 τὸν
2956 1335 3091 1419 Θεδν
3139 1335 3400 1388 ἀπολέσει
3442 1334 3610 1405 αὐτὴν
3639 1336 3695 1388 ἐν
3718 1333 3794 1402 τῷ

2230 1432 2477 1503 μέλλοντι
2501 1429 2680 1494 αἰῶνι,
2713 1428 3014 1501 [τουτέστιν
3036 1425 3171 1493 (70),
3191 1428 3271 1488 εἰς
3299 1426 3517 1478 κόλασιν
3541 1425 3790 1495 ἐμϐαλεῖ,

2226 1523 2302 1586 ὡς
2332 1521 2740 1592 προδεδωκυῖαν
2766 1520 2866 1588 τὴν
2899 1517 3130 1590 πίστιν.]

2297 1613 2406 1668 Kal
2444 1643 2509 1653 ——
2535 1614 2749 1677 αὐτήν.
2796 1612 2856 1665 Ὀ
2877 1611 3186 1663 τούναντίον
3227 1610 3416 1672 ποιῶν,
3463 1609 3628 1679 ἧγουν
3658 1609 3685 1661 ὁ
3717 1608 3789 1677 μὴ

2226 1703 2560 1774 φιλοψυχῶν,
2594 1705 2685 1757 καὶ
2707 1703 2775 1756 τὰ
2797 1703 2943 1772 ἑξῆς.
2968 1703 3170 1772 Εῐρηκε
3191 1700 3247 1753 δὲ
3273 1700 3497 1753 τοιαῦτα
3528 1702 3621 1752 καὶ
3657 1702 3790 1768 πρὶς

2225 1796 2304 1867 τῷ
2331 1798 2474 1849 τέλει
2511 1795 2606 1848 τοῦ
2637 1795 3126 1849 ὲννεακαιδεκάτου
3154 1793 3452 1862 κεφαλαίου
3503 1790 3598 1844 τοῦ
3653 1792 3790 1843 κατὰ

2148 1879 2187 1932 Β
2219 1889 2495 1943 Ματθαῖον
2529 1888 2648 1960 [και
2679 1885 2790 1957 (7t)
2825 1889 2882 1939 ὲν
2913 1884 3143 1958 ἄλλοις]

2301 1980 2437 2033 Ἐὰν
2474 2009 2542 2020 -ρ-
2585 1980 3008 2034 ἀκοντουθείτω.
3075 1977 3230 2046 Ἐμοὶ
3291 1972 3651 2028 ἀκολουθείτω
3699 1971 3787 2024 διὰ

2221 2075 2528 2145 μιμήσεως,
2580 2074 2864 2126 τουτέστιν
2908 2071 3004 2124 ἐὰν
3057 2071 3182 2137 ἐμοὶ
3251 2066 3624 2139 μαθητεὺηταί
3682 2081 3786 2126 τις,

2215 2168 2314 2237 ἐμὲ
2345 2166 2636 2236 μιμείσθω.
2676 2165 2891 2234 Ὥσπερ
2916 2164 3023 2234 γὰρ
3056 2163 3352 2229 ἀναγκαῖον
3382 2161 3471 2211 τὸν
3506 2156 3786 2226 ὑπηρέτην

2213 2260 2443 2313 ἕπεσθαι
2476 2259 2553 2328 τῷ
2593 2256 2789 2326 κυρίῳ,
2848 2254 2993 2308 οὕτω
3044 2256 3138 2306 καὶ
3175 2251 3268 2304 τὸν
3317 2248 3566 2320 μαθητὴν
3592 2247 3668 2315 τῷ
3698 2245 3780 2297 δι-

2209 2349 2480 2419 δασκάλῳ.

2280 2443 2393 2498 Καὶ
2423 2471 2494 2482 -
2523 2441 2714 2496 ἕσται.
2749 2439 2818 2495 Ἦ
2853 2439 3016 2491 πάλιν
3049 2436 3109 2490 τὸ
3132 2435 3266 2490 αὐτὸ
3301 2434 3451 2500 λέγει
3483 2431 3784 2499 διαμαρτυ-

2213 2537 2461 2607 ρόμενος,
2502 2535 2534 2606 ﬂ
2560 2538 2688 2606 περὶ
2712 2535 2811 2604 τῆς
2841 2531 3152 2602 ἐνεστώσης
3187 2527 3562 2587 κακοπαθείας
3585 2523 3778 2584 εἰπὼν,

2209 2627 2519 2698 προσέθηκε
2565 2627 2659 2680 καὶ
2687 2626 2816 2696 περὶ
2843 2625 2944 2694 τῆς
2987 2622 3287 2692 μελλούσης
3321 2617 3668 2678 ἀπολαύσεως
3700 2615 3781 2666 ὅτι

2219 2721 2278 2772 Ὀ
2316 2721 2439 2786 ἐμοὶ
2461 2717 2774 2771 ἀκολουθῶν
2814 2717 2895 2776 εἰς
2921 2716 3014 2767 τὸν
3047 2713 3278 2783 οὐρανὸν
3303 2708 3662 2780 ἀναϐήσεται.

2277 2813 2386 2868 Καὶ
2411 2841 2481 2852 -—
2510 2809 2731 2878 Πατήρ.
2767 2809 2993 2872 Δοξάσει
3036 2808 3214 2860 αὑτὸν.
3247 2805 3320 2867 ὡς
3371 2802 3652 2870 ὑπηρέτην
3681 2795 3776 2850 τοῦ

2206 2905 2434 2975 γνησίου
2460 2902 2590 2956 Υἱοῦ
2616 2902 2802 2955 αὑτοῦ.
2827 2900 2998 2953 Τοῦτο
3025 2900 3080 2952 δὲ
3105 2893 3245 2961 εἷπε,
3269 2896 3404 2947 διότι
3432 2893 3512 2945 ἔτι
3543 2891 3636 2943 τδν
3660 2891 3776 2943 Πα-

2204 2997 2338 3067 τέρα
2382 2995 2606 3065 μείζονα
2635 2992 2804 3047 αὑτοῦ
2857 2990 3127 3061 ἐνόμιζον.
3168 2989 3287 3041 Ἵνα
3323 2987 3377 3038 δὲ
3419 2984 3492 3054 μὴ
3533 2982 3664 3052 εἴπῃ
3692 2998 3772 3042 τις

2203 3088 2286 3140 ὅτι
2315 3086 2471 3149 ἐκτὸς
2523 3085 2622 3154 τῆς
2667 3083 3018 3153 ἀνθρωπίνης
3076 3079 3361 3138 ἀσθενείας
3424 3073 3496 3126 ὢν
3531 3072 3768 3133 εὐκόλως

521 3171 741 3238 phatur,
785 3182 843 3227 ut
884 3176 973 3244 qui
1006 3187 1156 3231 extra
1211 3178 1502 3232 humanam
1539 3179 1611 3232 sit
1645 3179 2097 3242 imbecillitatem,

2224 3179 2332 3249 τερὶ
2363 3177 2600 3229 θανάτου
2653 3176 2960 3244 φιλοσοφεῖ,
3020 3172 3296 3226 δείκνυσιν
3335 3170 3416 3221 ὃτι
3459 3168 3554 3219 καὶ
3610 3164 3772 3225 αὐτὸς

521 3264 776 3330 ostendit,
807 3267 948 3335 quod
980 3276 1035 3321 et
1069 3269 1204 3338 ipse,
1247 3278 1502 3334 tanquam
1540 3272 1722 3334 homo,
1760 3272 1982 3327 indutus
2010 3284 2095 3328 est

522 3365 730 3410 natura:
756 3358 1091 3422 inﬁrmitate,
1127 3361 1248 3415 ideo
1285 3364 1456 3431 primo
1492 3375 1702 3418 natura:
1735 3367 2004 3432 concedit,
2040 3376 2100 3422 ut

520 3450 662 3516 quod
688 3464 842 3504 suum
874 3461 957 3506 est
989 3454 1248 3523 patiatur,
1272 3456 1467 3510 deinde
1497 3457 1736 3527 seipsum
1764 3459 1829 3512 ad
1863 3459 2101 3513 toleran-

527 3542 655 3595 tiam
686 3542 975 3610 confortat,
1014 3557 1237 3615 propter
1265 3549 1315 3601 id
1347 3549 1492 3618 quod
1528 3551 1900 3606 necessarium
1935 3563 2010 3605 est
2036 3567 2100 3608 ac

519 3635 675 3689 utile.
713 3634 846 3690 Vide
874 3639 1017 3692 enim
1043 3639 1172 3707 quid
1215 3639 1359 3694 dicat
1386 3659 1400 3696 :

590 3725 743 3783 Vers.
778 3729 869 3797 27,
916 3731 1070 3786 Nunc
1111 3762 1180 3772 —
1224 3734 1438 3788 turbata
1492 3745 1588 3789 est.
1631 3733 1884 3789 Humano
1938 3735 2099 3790 modo

523 3830 792 3875 commota
839 3836 1040 3892 angore
1070 3823 1301 3894 trepidat
1344 3835 1566 3895 prepter
1613 3827 1911 3880 instantem
1954 3843 2100 3882 mor-

514 3918 643 3965 tem.

585 4002 742 4062 Vcrs.
777 4006 866 4060 ετ.
911 4005 980 4061 Et
1013 4009 1140 4078 quid
1179 4011 1396 4068 dicant?
1429 4011 1605 4067 Haeret
1642 4029 1750 4082 prae
1783 4014 1996 4068 timore.

591 4097 748 4154 Vers.
769 4099 859 4154 27.
884 4100 1049 4155 Pater
1067 4130 1132 4141 —
1156 4103 1276 4157 hac.
1310 4104 1500 4159 Libera
1531 4120 1616 4159 me
1639 4119 1702 4159 ex
1737 4105 1841 4160 hoc
1865 4105 2093 4160 terribili

515 4207 579 4245 ac
613 4191 831 4248 funesto
862 4201 1125 4266 tempore.
1151 4195 1445 4266 Postquam
1475 4199 1606 4262 hate,
1640 4207 1701 4253 ut
1742 4200 2094 4264 homo,dixit,

516 4287 752 4342 humana
800 4287 1093 4346 formidine
1123 4291 1511 4358 circumdatus,
1553 4295 1791 4364 seipsum
1830 4293 2097 4352 refocillat

512 4393 576 4433 ac
612 4378 882 4435 confortat
921 4381 1130 4437 dicens:

583 4472 738 4528 Vers.
770 4473 861 4528 27.
900 4473 1004 4530 Sed
1041 4505 1110 4516 ——
1142 4477 1298 4532 hanc.
1351 4475 1642 4546 Propterea
1695 4488 1940 4537 servatus
1969 4497 2090 4538 sum

2201 3265 2275 3327 ὡς
2309 3264 2596 3333 ἄνθρωπος
2622 3263 2934 3331 περίκειται
2957 3260 3058 3330 τὴν
3088 3259 3219 3313 deft:
3260 3275 3371 3311 έιαν
3402 3257 3499 3321 τῆς
3531 3254 3768 3322 φύσεως.

2202 3357 2295 3408 Atla
2361 3355 2579 3425 πρῶτον
2627 3355 2724 3425 μὲν
2763 3354 3040 3424 συγχωρεῖ
3091 3354 3156 3422 τῇ
3215 3350 3373 3419 φύσει
3427 3350 3658 3417 πάσχειν
3715 3346 3772 3397 τὸ

2203 3448 2357 3509 ίδιον,
2392 3443 2514 3499 εἶτα
2548 3445 2964 3516 παραθαῤῥύνει
2999 3445 3195 3497 ἑαυτὸν
3254 3445 3334 3506 είς
3379 3442 3439 3493 τδ
3477 3439 3771 3506 ὑπομεῖναι

2200 3543 2287 3594 διὰ
2318 3540 2378 3593 τὸ
2411 3540 2704 3608 ἀναγκαῖον
2740 3539 2833 3593 καὶ
2857 3540 3148 3611 χρήσιμον.
3181 3538 3324 3608 Ὅρα
3363 3535 3471 3606 γὰρ
3501 3534 3552 3587 τί
3595 3549 3728 3602 φησι
3755 3547 3771 3592 ς

2275 3707 2403 3762 Νῦν
2437 3737 2505 3746 ——
2543 3706 2916 3774 τετάρακται.
2969 3704 3355 3776 ’Δνθρωπίνως
3404 3699 3773 3772 τεθορύϐηται

2203 3799 2493 3868 ἀγωνιῶσα
2519 3798 2607 3853 διὰ
2632 3798 2720 3852 τὸν
2745 3798 3030 3867 ἐγγίζοντα
3063 3799 3312 3852 θάνατον.

2269 4013 2376 4067 Kal
2409 4011 2467 4064 τί
2497 4011 2677 4076 sine);
2730 4007 3128 4079 Ἀπορούμενος
3156 4006 3261 4060 ὑπὸ
3285 4004 3384 4075 τῆς
3406 4004 3662 4073 ἀγωνίας.

2272 4107 2462 4175 Πάτερ
2493 4139 2560 4150 -—
2589 4107 2834 4174 ταύτης.
2884 4104 3072 4158 Ῥῦσαί
3101 4121 3167 4173 με
3197 4106 3259 4156 ἐκ
3296 4102 3390 4155 τοῦ
3424 4101 3619 4171 καιροῦ
3652 4100 3775 4154 τού-

2198 4220 2314 4267 του,
2349 4201 2442 4254 τοῦ
2467 4200 2721 4272 φοϐεροῦ,
2743 4199 2835 4254 τοῦ
2863 4198 3270 4268 θανατηφόρου.
3300 4194 3484 4247 Ταῦτα
3506 4193 3677 4246 εἰπὼν
3698 4193 3771 4256 ὡς

2201 4294 2484 4366 ἄνθρωπος
2506 4295 2600 4346 καὶ
2628 4294 2704 4356 ὡς
2730 4291 3084 4362 ἀνθρωπίνην
3119 4290 3326 4342 δειλίαν
3357 4286 3768 4359 περιὸεόλημέ-

2199 4402 2309 4449 νος,
2334 4384 2637 4438 ἀνακτᾶται
2668 4383 2862 4436 ἑαυτδν
2892 4381 2987 4434 καὶ
3009 4379 3374 4450 ὲπιρῥωννύει
3403 4379 3580 4445 λέγων
3604 4393 3617 4406 ·

2281 4476 2461 4532 Ἀλλὰ
2499 4509 2559 4519 -
2584 4477 2831 4542 ταύτην.
2869 4473 2972 4526 Δια
3027 4473 3187 4525 τοῦτο
3222 4471 3496 4542 ἑτηρήθην
3531 4469 3635 4532 ἕως
3676 4469 3769 4521 τοῦ

513 4567 568 4620 in
612 4565 714 4620 hoc
756 4575 990 4636 tempus,
1021 4575 1079 4621 ut
1122 4583 1270 4623 nunc
1297 4584 1562 4634 morerer;
1600 4570 1714 4640 jam
1751 4571 1934 4641 itaque
1964 4572 2094 4627 viri-

2224 4574 2295 4628 ιῠν
2317 4572 2511 4644 καιροῦ
2537 4571 2623 4624 διὰ
2670 4571 2730 4623 τὸ
2764 4569 3062 4623 ἀποθανεῖν
3115 4569 3172 4620 ἐν
3215 4566 3409 4634 τούτῳ,
3440 4565 3534 4618 καὶ
3582 4564 3768 4615 λοιπὸν

510 4658 636 4714 liter
674 4658 815 4713 ferre
845 4667 1081 4728 oportet.
1124 4659 1333 4716 Relicta
1371 4676 1498 4733 ergo
1537 4663 1692 4717 nobis
1731 4664 1995 4720 naturalis
2029 4664 2096 4718 ti-

513 4751 680 4804 moris
708 4767 961 4805 mensura
1009 4767 1071 4806 ac
1101 4751 1435 4807 fortitudinis
1487 4766 1864 4821 monumento,
1901 4771 2094 4811 rursus

512 4844 636 4898 ait:

587 4936 738 4992 Vcrs.
771 4937 859 4991 ‘98.
903 4937 1060 4991 Pater
1089 4967 1160 4978 --
1189 4953 1394 4992 nomen.
1434 4937 1589 5003 Quod
1650 4939 1793 5010 apud
1841 4945 2094 4997 cmlestes

515 5031 746 5085 virtutes
823 5029 1187 5101 gloriﬁcatum
1261 5040 1362 5098 est,
1427 5031 1666 5100 gloriliea
1735 5034 1899 5088 etiam
1957 5034 2089 5089 illud

513 5137 694 5176 coram
752 5121 1063 5175 lto-i:inibus
1130 5132 1328 5177 terram
1385 5124 1783 5189 incolentibus,
1849 5141 1948 5196 per
2001 5141 2087 5192 ea,

514 5231 634 5284 qua:
665 5215 716 5268 in
752 5223 923 5268 morte
956 5230 1074 5267 mea
1111 5213 1292 5270 futura
1313 5225 1440 5272 sunt
1469 5217 1643 5289 signa;
1685 5219 1920 5290 glorifica
1959 5221 2089 5275 illud

516 5322 612 5372 per
643 5305 863 5374 gloriam
897 5306 1133 5358 truninis
1174 5310 1300 5374 mei,
1331 5309 1597 5378 siquidem
1643 5327 1758 5363 mea
1794 5312 1959 5380 gloria
2001 5323 2088 5366 tua

515 5409 616 5452 ρει.

621 5515 666 5546 ⁸ο
693 5516 856 5571 Eccli.
903 5533 1052 5578 ut”,
1095 5520 1161 5573 5O

2198 4669 2301 4740 χρὴ
2332 4667 2519 4737 φέρειν
2548 4664 2838 4735 γενναίως.
2880 4661 3193 4716 Ἀπολιπὼν
3241 4657 3336 4714 οὖν
3375 4661 3510 4730 ἡμῖν
3564 4659 3771 4730 μέτρον

2199 4763 2436 4830 φυσικῆς
2495 4756 2722 4820 δειλίας,
2755 4759 2850 4810 καὶ
2892 4754 3263 4825 ὑπογραμμὸν
3317 4753 3563 4822 ἀνδρίας,
3609 4753 3767 4805 πάλιν

2196 4857 2362 4923 λέγει’

2270 4949 2456 5012 Πάτερ
2487 4977 2557 4987 -
2595 4946 2802 5017 ὄνομα.
2869 4941 3276 5012 Δεδοξασμένον
3333 4941 3392 4995 ὃν
3439 4943 3588 5010 παρὰ
3647 4945 3767 5004 ταῖς

2197 5043 2480 5114 οὐρανίαις
2537 5039 2819 5110 δυνάμεσι,
2861 5038 3086 5101 δόξασον
3135 5037 3269 5090 αὐτὸ
3308 5038 3401 5089 καὶ
3453 5035 3605 5105 παρὰ
3658 5039 3767 5098 τοῖς

2197 5136 2290 5189 ἐπὶ
2324 5136 2426 5204 γῆς
2453 5133 2762 5204 ἀνθρώποις
2790 5131 2877 5184 διὰ
2894 5130 2999 5184 τῶν
3028 5130 3329 5199 μελλόντων
3351 5130 3441 5181 ἐπὶ
3459 5129 3534 5198 τῷ
3553 5130 3767 5198 θανάτῳ

2202 5244 2302 5297 μου
2333 5225 2588 5291 γενέσθαι
2636 5225 2900 5296 σημείων.
2957 5221 3190 5288 Δόξασον
3223 5223 3355 5288 αὐτὸ
3389 5223 3478 5276 διὰ
3515 5223 3615 5292 τῆς
3670 5224 3764 5277 τοῦ

2197 5318 2332 5389 ἐμοῦ
2372 5317 2634 5388 ὀνόματος
2670 5316 2828 5388 δόξης
2849 5335 2861 5349 ·
2896 5319 2929 5386 ἡ
2953 5315 3185 5388 γὰρέμὴ
3219 5315 3345 5380 δόξα
3373 5316 3462 5387 σή.

1728 5593 1927 5654 Vat-ite
1968 5592 2272 5655 lectiones
2305 5600 2360 5653 et
2405 5600 2590 5655 uotae.

589 5755 693 5819 ius;
721 5758 1035 5828 Μαρτ-,ιρεις
1070 5761 1123 5813 B-

521 5830 804 5951 ᾇϋδίϋὲίίιι
831 5831 1110 5899 (mil-“sat.
1149 5832 1292 5886 hunc
1323 5829 1500 5885 ιιιςιιιιι
1539 5833 1739 5888 laudat.
1781 5843 1819 5887 t.
1867 5831 2000 5897 Vili,
2032 5850 2084 5902 ιι.

2272 5765 2380 5820 (7οι
2413 5762 2621 5817 inclusa
2661 5765 2856 5816 absunt
2887 5766 2947 5817 Α.

2269 5837 2378 5902 (Τί)
2420 5835 2626 5888 Inclusa
2656 5836 2843 5888 absunt
2890 5841 2950 5890 Α.
