3976 6468
490 388 628 454 13ὂῖ

1718 379 2099 442 EUTHYMH
2139 377 2499 437 ZIGABENI

3605 376 3734 435 1368

487 497 591 555 sibi
621 496 929 552 concilians
973 510 1038 549 ac
1065 494 1387 549 communia
1423 491 1605 548 omnia
1658 490 1977 555 ostendens,
2013 496 2069 543 et

2190 488 2411 554 Πάντας
2453 488 2697 541 ἑλκύσω
2741 487 2891 554 πρὸς
2940 485 3237 555 ἐμαυτόν·
3298 483 3397 537 οὐκ
3437 484 3728 537 ἔνιντιολοο

487 589 851 660 :rqualitatem
886 602 985 658 per
1014 586 1139 643 talia
1168 587 1571 643 demonstrans.

559 866 715 924 νει-ε.
739 868 829 922 55.
863 865 979 922 Hoc
996 896 1067 907 -—
1086 875 1217 922 esset
1242 865 1547 919 moriturus.
1585 860 1730 927 lloc,
1761 859 2024 932 quidnam
2049 860 2073 912 2

488 960 548 1015 Si
571 959 840 1015 excitatus
874 961 1044 1030 fuero,
1079 958 1347 1029 siquidem
1371 955 1769 1011 exaltationem
1818 954 1872 1007 in
1907 967 2073 1007 cruce

489 1052 780 1108 innuebat.

565 1146 720 1202 vers.
748 1147 837 1202 δι.
865 1146 1145 1213 Respondit
1165 1175 1235 1186 --
1255 1144 1482 1197 hominis
1504 1144 1530 1198 2
1559 1141 1735 1199 Etiam
1760 1140 1849 1196 hic
1873 1140 2071 1210 legem.

487 1238 813 1309 simpliciter
867 1237 1113 1292 divinam
1164 1235 1445 1307 appellant
1500 1234 1865 1304 Scripturam.
1913 1233 2071 1297 Nam,

486 1329 870 1400 frequentibus
916 1329 1037 1399 ejus
1087 1328 1144 1382 in
1188 1326 1325 1382 locis
1359 1325 1742 1381 immortalitas
1771 1323 2076 1380 divinitatis

487 1421 694 1479 Christi
746 1421 1129 1493 signiﬁcatur:
1158 1419 1623 1491 quemadmodum
1652 1418 1817 1472 etiam
1867 1426 2075 1472 morta-

490 1517 615 1571 litas
641 1516 1002 1571 humanitatis
1024 1514 1170 1585 ejus.
1198 1524 1255 1570 et
1280 1514 1518 1568 maxime
1545 1513 1601 1567 in
1640 1511 1875 1567 Psalmis
1915 1510 2072 1567 Davi-

488 1610 649 1665 dicis.

560 1701 630 1757 Et
658 1700 780 1756 vide
836 1700 1087 1756 dolosum
1143 1714 1336 1754 eorum
1400 1706 1688 1754 conatum.
1741 1696 1880 1753 Cum
1926 1697 2074 1752 enim

487 1792 746 1863 superius
774 1793 843 1848 de
872 1800 1048 1847 morte
1084 1792 1455 1861 disputantem
1486 1789 1775 1845 audissent
1801 1804 1867 1845 ac
1888 1788 2076 1844 dicen-

2175 583 2312 651 γῶν,
2352 582 2487 635 ἀλλὰ
2523 580 2590 633 τὰ
2626 580 2717 633 τοῦ
2768 578 2981 649 Πατρός
3026 577 3415 647 οἰκειούμενος,
3454 579 3544 628 καὶ
3589 581 3734 629 κοινα

2176 677 2355 731 πάντα
2383 673 2665 739 δεικνύων,
2695 672 2790 725 καὶ
2832 673 2892 725 τὸ
2921 671 3036 725 ἴσον
3071 672 3158 725 διὰ
3178 672 3285 725 τῶν
3318 670 3577 724 τοιούτων
3603 686 3732 739 παρ-

2178 748 2365 827 ιστῶν.

2251 865 2435 921 Τοῦτο
2457 893 2528 903 ——
2546 860 2983 928 ἀποθνήσκειν.
3011 857 3205 915 Τοῦτο,
3238 858 3390 909 ποῖον
3411 870 3425 921 ;
3454 854 3537 909 το.
3561 854 3744 907 Ὅταν·

2175 954 2397 1028 ὑψωθῶ
2418 973 2433 987 ·
2459 954 2730 1024 ὑπεδήλου
2753 951 2860 1022 γὰρ
2887 953 2984 1017 τὴν
3008 949 3102 1002 ἐπὶ
3129 947 3221 1001 τοῦ
3251 946 3485 1015 σταυροῦ
3513 945 3739 1016 ὕψωσεν.

2261 1139 2577 1207 Ἀπεκρίθη
2640 1166 2711 1176 —-—
2782 1132 3142 1202 drﬂpdmov;
3225 1128 3517 1183 Κάνταῦθι
3579 1126 3743 1195 νόμον

2176 1237 2427 1301 λέγουσιν
2470 1230 2655 1292 ἁπλῶς
2695 1231 2793 1299 τὴν
2845 1227 2997 1296 θεῖαν
3032 1226 3275 1294 Γραφήν.
3326 1221 3594 1291 Πολλαχοῦ
3637 1221 3744 1285 γὰρ

2177 1328 2347 1396 αὐτῆς
2369 1325 2431 1378 τὸ
2454 1322 2723 1375 ἀθάνατον
2745 1319 2846 1389 τῆς
2869 1319 3127 1384 θεότητος
3156 1314 3249 1368 τοῦ
3278 1314 3511 1383 Χριστοῦ
3544 1311 3745 1380 σημαί-

2178 1438 2352 1486 νεται,
2403 1418 2597 1488 ὥσπερ
2648 1414 2743 1469 καὶ
2798 1414 2862 1467 τὸ
2909 1411 3107 1480 θνητὸν
3172 1409 3270 1477 τῆς
3330 1406 3747 1476 evomam-.0,-

2178 1511 2370 1576 αὐτοῦ,
2395 1515 2485 1564 καὶ
2518 1509 2720 1580 μᾶλλον
2750 1508 2809 1561 ὲν
2841 1507 2951 1568 τοῖς
2983 1504 3292 1564 Δα-ιῖτικοῖς
3324 1500 3589 1569 Ψαλμοῖς.

2252 1692 2399 1763 Ὅρα
2434 1688 2549 1759 (75)
2579 1688 2638 1742 δὲ
2662 1684 3027 1755 κακουργίαν.
3076 1679 3437 1743 Ἀκούσαντες
3468 1677 3577 1748 γὰρ
3609 1678 3747 1729 am.

2177 1785 2323 1856 τὲρω
2352 1783 2483 1855 περὶ
2522 1780 2615 1836 τοῦ
2648 1779 2884 1835 θανάτου
2921 1776 3414 1846 φιλοσοφήσαντος,
3452 1772 3549 1823 καὶ
3581 1785 3750 1839 προσ-

489 1854 601 1938 tein
637 1901 651 1937 :
684 1881 900 1953 Oportet
920 1882 1155 1937 exaltari
1173 1854 1237 1935 Τ
1240 1883 1390 1937 ilium
1414 1882 1641 1937 hominis
1663 1880 1710 1913 “
1740 1884 2071 1952 (quanquam

2190 1854 2366 1941 ῠέντος
2421 1854 2504 1930 ὅτι
2553 1873 2655 1928 Δεῖ
2688 1868 3005 1941 ὑψωθῆναι
3049 1867 3157 1921 τὸν
3216 1866 3352 1919 Υἱὸν
3384 1864 3487 1918 τοῦ
3528 1862 3751 1931 ἀνθρώ-

489 1975 595 2029 hoc
622 1974 951 2045 evangelista
1007 1989 1117 2028 non
1159 1973 1474 2029 addiderit:
1511 1973 1780 2043 siquidem
1820 1973 1987 2028 variis
2021 1972 2077 2026 in

488 2068 627 2122 locis
682 2067 786 2122 hoc
823 2066 904 2122 eis
928 2067 1143 2121 locutus
1174 2067 1314 2137 est);
1358 2080 1483 2121 eum
1520 2066 1686 2121 etiam
1728 2081 1879 2120 nunc
1918 2064 2075 2121 addi-

487 2158 655 2221 derit,
687 2156 746 2213 Si
778 2158 1047 2212 exattatus
1081 2159 1252 2229 fuero,
1287 2159 1705 2223 intellexerunt,
1740 2159 1888 2229 quod
1918 2159 2075 2213 exal-

491 2252 755 2307 iationem
785 2250 993 2307 diceret
1050 2260 1307 2315 mortem,
1340 2250 1469 2305 licet
1494 2267 1599 2306 non
1634 2251 1702 2306 de
1735 2266 1796 2305 ea
1829 2266 1949 2320 quae
1978 2266 2078 2321 per

487 2359 706 2399 crucem
734 2343 911 2404 ﬁeret,
946 2342 1303 2411 conciperent
1330 2360 1343 2396 :
1376 2351 1432 2396 et
1456 2342 1585 2396 hinc
1616 2342 1910 2412 sperabant
1944 2355 2077 2396 con-

488 2435 633 2491 vinci
685 2451 845 2506 posse
897 2435 1078 2506 ipsum
1134 2450 1243 2488 non
1277 2447 1400 2488 esse
1442 2432 1723 2487 Christum
1753 2474 1768 2499 ,
1814 2440 2072 2502 tanquam

487 2530 733 2583 dicentes
762 2547 774 2583 :
807 2525 917 2582 Nos
946 2527 1255 2581 audivimus
1288 2540 1353 2579 ex
1398 2524 1706 2596 Scriptura,
1739 2525 1882 2593 quod
1909 2523 2075 2579 Chri-

487 2635 577 2676 tus
598 2637 706 2675 non
730 2621 1028 2675 moriatur:
1057 2626 1115 2675 et
1136 2619 1411 2688 quomodo
1434 2626 1490 2671 tu
1523 2616 1679 2678 dicis,
1713 2616 1860 2685 quod
1889 2616 2073 2688 ipsum

490 2714 626 2769 mori
660 2715 967 2783 Oporteat?
1024 2713 1253 2778 Deinde,
1293 2728 1363 2766 ne
1417 2711 1521 2766 hoc
1556 2710 1623 2765 de
1654 2725 1720 2765 co
1770 2710 1956 2765 dicere
1994 2710 2075 2765 vi-

486 2810 745 2872 deantur,
777 2809 933 2862 aiunt
968 2827 978 2861 :

560 2901 719 2958 γει-3.
757 2900 846 2956 54.
883 2901 1014 2966 Quis
1051 2933 1121 2942 η·
1167 2902 1393 2956 hominis
1417 2906 1443 2959 .’
1478 2902 1690 2957 Etenim
1742 2902 1787 2956 si
1821 2901 2075 2958 Christus

487 3005 593 3063 est,
626 3010 736 3049 non
769 2994 1004 3049 moritur
1034 3012 1049 3059 ;
1080 2994 1224 3064 quod
1269 2994 1313 3049 si
1354 2994 1611 3061 moritur,
1643 3009 1751 3048 non
1798 3001 1885 3048 est
1913 2991 2075 3048 Chri-

486 3096 626 3142 stus.
653 3085 841 3155 Atqui,
884 3099 915 3138 ο
946 3084 1272 3140 dementes!
1314 3084 1511 3140 debilis
1538 3094 1623 3139 est
1665 3085 1804 3140 ratio
1843 3091 2025 3139 vestra
2057 3098 2071 3138 :

486 3195 615 3234 nam
640 3178 831 3233 et.boc
860 3188 914 3233 et
949 3176 1084 3232 illud
1109 3192 1299 3231 verum
1323 3186 1408 3232 est
1438 3195 1453 3233 :
1485 3177 1815 3232 immortalis
1848 3176 2071 3247 quidem

485 3278 570 3326 est
622 3268 932 3334 divinitate,
980 3267 1227 3324 mortalis
1287 3277 1473 3323 autem
1537 3269 1902 3323 humanitate.
1961 3267 2071 3323 Sed

483 3362 739 3420 Christus
759 3374 908 3418 nunc
940 3378 1047 3418 non
1078 3362 1287 3427 docuit,
1319 3364 1594 3433 quomodo
1624 3364 1954 3420 immortalis
1977 3379 2072 3419 es-

484 3463 589 3520 set,
625 3453 720 3509 sed
754 3454 1029 3524 quomodo
1054 3453 1333 3520 mortalis;
1376 3455 1576 3522 sciens,
1607 3471 1705 3512 eos
1749 3472 1858 3512 non
1886 3470 2073 3513 susce-

481 3558 679 3618 pturos
712 3547 779 3603 de
810 3563 908 3603 sua
935 3548 1345 3603 immortalitate
1371 3564 1710 3605 sermonem.

555 3641 857 3697 Considera
884 3657 1147 3714 namque,
1170 3643 1338 3712 quod,
1364 3659 1489 3699 cum
1517 3644 1682 3699 etiam
1709 3659 1923 3711 vocem,
1949 3661 2071 3715 qua:

484 3735 554 3789 de
596 3735 737 3790 coelo
774 3744 1020 3801 venerat,
1070 3737 1357 3791 audissent
1378 3752 1440 3790 ac
1477 3736 1747 3792 dixissent
1785 3756 1799 3792 :
1837 3739 2070 3809 Angelus

482 3829 532 3882 ei
560 3827 764 3882 locutus
802 3840 899 3896 est,
928 3828 1106 3883 adhuc
1138 3838 1320 3884 tamen
1357 3830 1745 3898 maligna:.tur.
1783 3830 1909 3887 Ideo
1937 3832 2071 3886 sim-

482 3921 706 3991 pliciter
734 3936 831 3975 eos
864 3922 1146 3977 admonet.

552 4011 711 4069 Vers.
759 4014 850 4071 35.
897 4013 1039 4069 Dicit
1088 4048 1159 4058 --
1192 4017 1660 4087 comprehendant.
1698 4016 1902 4074 Lucem
1936 4019 2070 4073 dicit

479 4107 744 4177 seipsum.
777 4108 914 4162 Nam
974 4119 1030 4163 et
1076 4109 1131 4163 in
1165 4109 1607 4178 praecedentibus
1652 4111 1908 4166 dicebat:
1956 4110 2069 4182 Ego

477 4211 595 4248 sum
628 4195 719 4249 lux
763 4194 969 4260 mundi,
1000 4197 1091 4267 qui
1110 4198 1348 4267 sequitur
1386 4214 1470 4251 me
1501 4214 1602 4252 non
1634 4197 1875 4253 ambulat
1907 4200 1961 4251 in
1993 4209 2070 4252 te-

479 4292 652 4347 nebris
678 4293 747 4346 ”.
773 4291 1044 4348 Modicum
1079 4302 1263 4349 autem
1296 4303 1513 4363 tempus
1550 4294 1604 4349 id
1632 4294 1784 4361 dicit,
1825 4295 1969 4365 quod
2000 4295 2068 4352 ad

477 4395 715 4443 mortem
766 4402 941 4457 usque
997 4388 1207 4443 deerat.
1264 4386 1385 4442 Prae
1438 4387 1779 4442 humanitate
1815 4403 1947 4459 ergo
2004 4404 2069 4444 ac

477 4480 818 4553 benignitate
852 4489 1188 4551 protestatur
1217 4491 1273 4537 et
1303 4483 1563 4537 admonet
1604 4484 1741 4545 illos,
1779 4493 1838 4538 ut
1870 4483 1922 4537 in
1948 4483 2069 4539 luce

2178 1987 2301 2027 που
2317 1987 2330 2002 ·
2355 1970 2405 2023 si
2436 1968 2625 2039 καὶμὴ
2648 1958 2960 2037 προσέθηκε
2986 1959 3146 2014 τοῦτο
3169 1956 3601 2025 όεὺαγγέλιστής
3624 1970 3637 1983 ’
3659 1956 3753 2006 καὶ

2182 2068 2293 2139 γὰρ
2340 2065 2613 2134 διαφόρως
2664 2060 2819 2128 ἔλεγε
2862 2056 3024 2111 τοῦτο
3054 2054 3190 2124 πρὸς
3224 2052 3422 2114 αὐτούς
3444 2068 3458 2082 ο
3498 2050 3619 2103 ἐπεὶ
3654 2050 3746 2101 ui.

2180 2159 2277 2215 νῦν
2325 2155 2477 2213 ιῐπεν
2535 2155 2619 2209 ὅτι
2646 2154 2834 2207 ὀταν
2873 2146 3115 2218 ὑψωθῶ,
3152 2144 3391 2214 συνῆκαν
3422 2143 3505 2196 ὅτι
3537 2141 3742 2210 ὕψωσεν

2192 2252 2286 2305 τὸν
2346 2248 2584 2304 θάνατον
2628 2246 2801 2313 λέγει,
2852 2244 2902 2296 sl
2956 2241 3061 2313 atat
3107 2238 3184 2312 μὴ
3235 2237 3334 2309 τὴν
3376 2235 3470 2290 ἐπὶ
3520 2232 3751 2313 σταυροῦ

2177 2345 2433 2414 ἐνόησαν,
2468 2342 2562 2397 καὶ
2597 2338 3012 2410 προσεδόκησαν
3047 2331 3299 2389 ἐντεῦθεν
3338 2331 3553 2397 ἐλέγξαι
3584 2328 3746 2382 αὑτὸν

2184 2441 2260 2512 μὴ
2286 2440 2415 2491 ὄντα
2453 2436 2710 2508 Χριστὸν,
2746 2432 2946 2486 ὡσανεὶ
2975 2430 3223 2498 λέγοντες
3245 2442 3261 2459 ο
3308 2424 3749 2493 Ἦκούσαμεν.ὲκ

2177 2532 2278 2600 τῆς
2308 2528 2532 2599 Γραφῆς
2571 2526 2654 2579 ὅτι
2679 2526 2707 2577 ὁ
2728 2521 2965 2593 Χριστὸς
2993 2520 3096 2572 οὐκ
3116 2516 3470 2587 ἀποθνήσκει,
3503 2517 3591 2567 καὶ
3628 2514 3747 2574 πῶς

2182 2623 2247 2676 σὺ
2278 2622 2461 2688 λέγεις
2493 2620 2592 2672 ὅτι·
2619 2615 2916 2670 ἀποθανεῖν
2956 2610 3073 2683 (76)
3113 2610 3217 2681 χρὴ
3256 2608 3455 2672 αὑτόνς
3486 2600 3639 2672 Εἶτα,
3669 2604 3756 2657 ἵνα

2186 2716 2261 2787 μὴ
2297 2713 2496 2779 δόξωσι
2534 2712 2664 2782 περὶ
2696 2706 2865 2763 αὐτοῦ
2901 2705 3063 2760 τοῦτο
3094 2704 3299 2772 λέγειν,
3342 2699 3475 2771 φασι
3500 2716 3515 2732 ·

2256 2899 2351 2963 Τίς
2388 2925 2456 2936 -—-
2486 2890 2806 2962 ἀνθρώπου
2837 2907 2857 2955 ;
2895 2890 2956 2942 Εἰ
2989 2887 3090 2957 μὲν
3117 2884 3227 2956 γάρ
3257 2886 3406 2939 ἔστιν
3435 2885 3463 2937 ὁ
3494 2882 3749 2954 Χριστὸς,

2192 2992 2297 3045 οὑκ
2343 2988 2720 3057 ἀποθνήσκειο
2770 2984 2819 3034 el
2872 2981 2930 3034 δὲ
2973 2977 3331 3049 ἀποθνήσκει,
3373 2975 3474 3028 οὐκ
3528 2974 3674 3027 ἔστιν
3724 2972 3753 3024 ό

2178 3080 2438 3155 Χριστός.
2469 3078 2583 3132 Καὶ
2608 3076 2742 3147 μὴν,
2774 3072 2819 3126 ὣ
2843 3072 3061 3142 ἀνόητοι
3087 3070 3100 3123 l
3135 3067 3333 3137 σαθρὸς
3353 3067 3381 3119 ό
3401 3066 3555 3135 λόγος
3576 3064 3751 3133 ὑμῶν’

2182 3177 2302 3231 ἔστι
2332 3172 2444 3245 γὰρ
2475 3172 2571 3225 καὶ
2598 3168 2759 3224 τοῦτο
2789 3167 3031 3236 κάκεῖνο,
3060 3163 3327 3223 ἀθάνατος
3364 3160 3461 3231 μὲν
3486 3160 3552 3229 τῇ
3588 3158 3750 3211 ἀθεό-

2180 3286 2327 3341 τητι,
2368 3266 2562 3335 θνητὸς
2626 3262 2684 3316 δὲ
2740 3264 2805 3331 τῇ
2834 3256 3236 3329 ἁνθρωπότητι.
3291 3254 3432 3307 Ἀλλ’
3466 3254 3494 3306 ό
3524 3252 3753 3323 Χριστὸς

2180 3363 2282 3415 οὒκ
2324 3357 2537 3421 ἐδίδαξε
2595 3354 2692 3409 νῦν
2724 3352 2843 3415 πῶς
2884 3352 2983 3421 μέν
3023 3351 3174 3403 ἐστιν
3220 3346 3512 3410 ἀθάνατος,
3557 3343 3750 3407 πῶςδὲ

2180 3452 2393 3525 θνητος,
2432 3448 2590 3513 εἰδὼς
2632 3446 2835 3510 αὐτοὺς
2864 3444 2927 3498 οὐ
2972 3439 3452 3515 παραδεξομένους
3492 3438 3585 3491 τὸν
3622 3439 3751 3506 περὶ

2178 3552 2280 3623 τῆς
2302 3549 2564 3619 θεότητος
2592 3542 2758 3599 αὑτοῦ
2792 3541 2976 3610 λόγον.

2252 3643 2451 3694 Σκόπει
2498 3638 2607 3708 γὰρ
2638 3638 2721 3690 ὅτι
2753 3636 2849 3690 καὶ
2890 3633 2995 3703 τὴν
3043 3629 3309 3685 ἐλθοῦσαν
3338 3626 3522 3697 φωνὴν
3551 3626 3618 3679 ὲκ
3658 3622 3750 3676 τοῦ

2178 3733 2414 3804 οὐρανοῦ
2466 3730 2879 3795 ὲνωτισθέντες,
2938 3727 3035 3781 καὶ
3082 3726 3330 3785 εἰπόντες
3385 3722 3471 3775 ὅτι
3521 3718 3751 3787 ἄγγελος

2178 3829 2327 3900 αὐτῷ
2371 3827 2696 3896 λελάληκεν,
2746 3824 2829 3878 ἔτι
2880 3819 3308 3893 πονηρεύονται.
3356 3815 3446 3869 Διὸ
3496 3812 3754 3884 παραινεῖ

2178 3920 2362 3983 αὐτοῖς
2395 3916 2607 3980 ἁπλῶς.

2255 4006 2440 4064 Εἶπεν
2468 4040 2535 4051 --
2567 4005 2900 4074 καταλάϐῃ.
2931 4001 3049 4063 Φῶς
3080 3998 3274 4053 ἑαυτὸν
3298 3995 3468 4063 λέγει.
3503 3994 3616 4046 Καὶ
3642 3994 3749 4061 γὰρ

2178 4104 2275 4156 καὶ
2308 4100 2594 4174 προλαϐὼν
2658 4099 2843 4166 ἔλεγεν
2868 4114 2882 4130 ο
2923 4093 3072 4165 Ἐγώ
3100 4096 3217 4163 ειμι
3255 4090 3322 4144 τὸ
3368 4087 3488 4159 φῶς
3514 4084 3621 4140 τοῦ
3655 4086 3753 4137 κό-

2176 4212 2359 4263 σμου,
2382 4198 2414 4248 ό
2436 4189 2788 4248 ἀκολουθῶν
2826 4188 2954 4259 ἐμοὶ
2980 4190 3053 4242 οὐ
3076 4186 3163 4257 μὴ
3188 4179 3563 4253 περιπατήσῃ
3586 4179 3654 4233 ἐν
3678 4176 3749 4244 τῇ

2177 4289 2412 4355 σκοτίᾳ.
2462 4286 2677 4356 Μικρὸν
2730 4285 2788 4337 δὲ
2842 4280 3039 4353 χρόνον
3110 4278 3249 4349 φησὶ
3323 4277 3417 4329 τον
3481 4273 3610 4343 ἄχρι
3658 4268 3750 4323 τοῦ

2180 4382 2415 4437 θανάτου
2446 4377 2635 4433 αὑτοῦ.
2679 4377 2819 4430 Ὑπὸ
2847 4371 3263 4445 φιλανθρωπίας
3298 4368 3476 4422 τοίνυν
3510 4365 3748 4434 διαμαρ-

2175 4475 2428 4546 τύρεται,
2467 4474 2560 4526 καὶ
2593 4470 2917 4537 κατεπείγει
2956 4466 3156 4528 αὐτοὺς
3199 4465 3277 4527 εἰ,
3322 4464 3381 4515 τὸ
3427 4461 3751 4530 περιπατεῖν

479 4574 785 4639 ambulent,
823 4575 928 4629 hoc
957 4582 1039 4629 est
1063 4585 1364 4645 sequantur
1391 4590 1517 4629 cum
1540 4591 1664 4630 cum
1692 4575 1902 4630 lumine
1925 4590 2067 4645 prae-

2190 4574 2234 4622 iv
2265 4566 2342 4638 τῷ
2376 4569 2539 4636 φωτὶ,
2573 4564 2743 4635 ἤγουν
2778 4559 3094 4616 ἀκολουθεῖν
3138 4556 3287 4627 αὐτῷ
3321 4552 3750 4624 φωταγωγοῡντι

479 4675 702 4721 euntem
733 4666 988 4735 viamque
1014 4676 1564 4732 commonstrantem,
1598 4675 1652 4720 et
1691 4668 1812 4736 ejus
1839 4666 2069 4721 credant

478 4759 848 4813 sermonibus.
897 4758 998 4812 Per
1030 4759 1290 4814 tenebras
1320 4772 1453 4812 vero
1504 4774 1750 4814 errorem
1798 4757 2064 4828 intelligo,

478 4866 590 4921 quo
623 4866 718 4906 eos
766 4853 1110 4907 seduxerunt
1159 4850 1380 4906 illorum
1423 4850 1733 4921 pontiﬁces,
1770 4860 2063 4921 postquam

478 4944 761 4999 Christum
798 4945 1217 5009 interfecerunt,
1248 4943 1585 4999 afﬁrmantes
1620 4942 1764 5014 quod
1804 4943 2066 4998 seductor

478 5037 700 5094 fuisset.

549 5132 934 5203 lntelliguntur
964 5147 1185 5203 quoque
1231 5130 1560 5202 simpliciter
1608 5129 1871 5195 Tenebrae,
1908 5143 2065 5183 error

477 5224 815 5289 Judaiormn,
856 5227 949 5296 qui
996 5226 1335 5298 corporalem
1391 5224 1599 5280 cultum
1632 5232 1940 5285 servantes,
1974 5238 2064 5276 ar-

586 5435 634 5469 “
656 5434 812 5491 Joan.
838 5452 921 5500 Ill,
951 5435 1004 5504 8,
1038 5453 1150 5508 xw,
1176 5438 1265 5495 28.
1383 5436 1430 5469 "
1447 5435 1609 5493 Joan.
1637 5452 1753 5503 vm,
1787 5434 1875 5489 12.

2176 4665 2272 4716 καὶ
2306 4659 2610 4727 ίδηγοῦντι,
2642 4659 2739 4710 καὶ
2768 4651 3049 4707 πιστεύειν
3077 4653 3188 4712 τοῖς
3217 4650 3395 4717 λόγοις
3421 4644 3533 4717 (77)
3559 4643 3746 4699 αὐτοϋ.

2176 4756 2405 4809 Σκοτίαν
2432 4754 2490 4806 δὲ
2522 4752 2629 4805 νοῶ
2651 4750 2750 4821 τὴν
2781 4746 3009 4817 πλάνην,
3039 4746 3105 4815 ῆν
3136 4743 3447 4811 ἐπλάνησαν
3470 4738 3666 4799 αὐτοὺς
3699 4738 3747 4790 οἱ

2174 4852 2437 4922 ἄρχοντες
2469 4846 2649 4901 αὐτῶν
2685 4845 2825 4916 μετὰ
2855 4843 2914 4895 τὸ
2940 4840 3152 4902 ἀνελεῖν
3204 4838 3292 4890 τὸν
3323 4834 3577 4905 Χριστὸν,
3613 4831 3747 4899 πληο

2176 4942 2582 5014 ροφορήσαντες
2617 4941 2700 4991 ὃτι
2730 4936 2928 4999 πλάνος
2955 4930 3047 5007 ἦν.

2243 5125 2468 5180 Noctem
2521 5122 2580 5176 δὲ
2628 5120 2845 5175 σκοτία
2900 5119 2995 5173 καὶ
3064 5118 3098 5188 ή
3171 5114 3358 5178 ἁπλῶς
3406 5111 3583 5181 πλάνη
3637 5107 3745 5163 τῶν

2183 5217 2490 5273 ’ῐουδαίωνσ
2541 5216 2639 5287 τὴν
2678 5215 2788 5286 γὰρ
2840 5211 3162 5283 σωματικὴν
3213 5206 3472 5277 λατρείαν
3525 5202 3735 5277 φυλάσο

1678 5620 1882 5685 Variae
1929 5618 2237 5683 lectiones
2266 5629 2327 5683 et
2359 5628 2553 5682 notas.

552 5788 664 5862 (75)
693 5791 805 5856 Γάρ
836 5808 933 5862 pro
956 5794 1011 5846 δέ
1046 5794 1109 5847 Α.

556 5861 667 5934 (76)
704 5864 793 5913 Δεῖ
816 5861 913 5933 pro
935 5866 1041 5935 χρή
1074 5866 1136 5923 Α.

2229 5789 2342 5857 (77)
2383 5790 2471 5859 Τῷ
2509 5788 2648 5858 λόγῳ
2688 5790 2740 5841 Α.
