3976 6498
268 450 417 510 1373

1179 455 1572 518 COMMENT.
1611 456 1692 516 IN
1744 453 2130 519 JOANNEM.
2173 463 2257 493 --ι
2282 457 2457 516 ειν..
2486 457 2625 516 xn.
2667 430 2671 433 ’

3405 451 3541 512 ιιτι

344 558 550 626 ’σμως
583 587 648 599 -—
683 556 854 614 Θεοῦ.
893 560 1010 614 Οὐκ
1061 561 1173 633 ἄρα
1221 562 1487 634 ἄρχοντες
1523 559 1685 634 ἦσαν,
1729 562 1863 616 ἀλλὰ

2041 561 2194 618 Vers.
2223 563 2314 619 Η.
2352 564 2716 618 Verumtamen
2737 559 2976 616 —Vers.
3001 561 3086 616 45.
3110 558 3228 614 Dei.
3264 558 3541 629 Siquidem

261 646 450 699 δοῦλοι
481 647 637 718 δόξης
680 650 1053 722 ἀνθρωπίνης.
1107 655 1207 708 Διὰ
1256 656 1413 709 τοῦτο
1463 659 1556 708 καὶ
1587 658 1615 708 ὁ
1646 656 1849 726 Κύριος

264 738 460 804 ἔλεγεν
483 739 696 804 αὐτοῖς’
730 742 860 806 Πῶς
881 743 1147 799 δύνασθε
1169 746 1340 814 ὑμεῖς
1370 749 1716 811 πιστεῦσαι,
1754 748 1850 801 δό-

264 831 387 891 ξαν
413 832 572 896 παρὰ
608 834 902 902 ἀλλήλων
932 837 1370 906 λαμϐάνοντες,
1399 839 1496 892 καί
1520 841 1634 905 τὴν
1662 839 1852 903 δόξαν

268 924 389 984 τὴν
417 923 574 991 παρὰ
609 925 714 979 τοῦ
735 929 930 993 μόνου
960 931 1106 984 Θεοῦ
1124 934 1194 985 οὺ
1219 931 1569 998 ζητοῦντεςῖ

350 1016 586 1081 Ἰησοῦς
620 1049 690 1058 -
709 1036 808 1087 με.
847 1020 1122 1086 Ἐνδόντος
1152 1028 1264 1086 τοῖς
1297 1023 1410 1094 (85)
1456 1024 1734 1088 Ἰουδαίοις
1756 1024 1850 1078 τοῦ

265 1106 474 1177 θυμοῦ,
527 1109 690 1162 πάλιν
739 1112 981 1184 ἀνεφάνη
1035 1116 1129 1168 καὶ
1177 1116 1445 1170 διδάσκει.
1505 1116 1573 1172 Ὀ
1616 1119 1671 1170 δὲ
1703 1119 1853 1184 λέγει

262 1199 509 1253 τοιοῦτόν
567 1203 753 1254 ἐστιν·
813 1203 875 1258 '0
922 1209 1225 1262 πιστεύων
1290 1212 1377 1275 εις
1425 1210 1532 1279 ἐμὲ
1581 1212 1854 1266 πιστεύει

265 1293 354 1355 εἰς
377 1292 484 1344 τὸν
509 1291 831 1360 πέμψαντά
852 1315 929 1365 με
955 1313 966 1325 ’
994 1299 1054 1351 οὐ
1087 1301 1248 1367 μόνον
1269 1301 1403 1354 διότι
1435 1302 1534 1370 μία
1563 1303 1725 1370 φύσις
1759 1305 1852 1357 καὶ

271 1383 463 1452 θεότης
491 1386 720 1456 ἀμφοῖν,
751 1389 889 1444 ἀλλὰ
915 1392 1007 1445 καὶ
1038 1393 1174 1447 διότι
1199 1397 1233 1465 ὴ
1263 1397 1342 1459 είς
1369 1397 1460 1448 τὸν
1491 1399 1850 1467 ἀπεσταλμέ-

269 1491 359 1526 νον
393 1477 528 1545 τιμὴ
564 1480 652 1540 εἰς’
677 1480 770 1534 τὸν
824 1483 1222 1538 ἀποστείλαντα
1269 1487 1559 1542 διαϐαίνει.
1593 1491 1665 1542 Τὸ
1694 1490 1750 1542 δὲ
1781 1493 1853 1544 οὺ

269 1570 542 1622 πιστεύει
597 1572 685 1635 είς
725 1574 831 1640 ἐμὲ
873 1575 1021 1630 δοκεῖ
1072 1577 1172 1646 μὲν
1222 1581 1545 1652 ἀρνήσεως,
1625 1582 1742 1636 ἔστι
1796 1584 1852 1636 δὲ

274 1657 482 1724 μᾶλλον
526 1663 847 1742 προτροπῆς
893 1666 974 1726 είς
1032 1666 1092 1718 τὸ
1135 1666 1442 1722 πιστεύειν.
1493 1669 1752 1723 Τοιοῦτον
1795 1669 1852 1722 δέ

267 1751 386 1802 ἐστι
427 1750 520 1803 καὶ
566 1754 624 1803 τό
645 1770 656 1782 ·
724 1757 766 1806 0
794 1754 899 1821 ἐμὲ
931 1756 1258 1824 δεχόμενος
1318 1761 1430 1812 οὐκ
1455 1759 1561 1828 ἐμὲ
1590 1758 1848 1828 δέχεται,

266 1840 430 1892 ἀλλὰ
497 1841 604 1895 τὸν
654 1843 1108 1900 ἀποστείλαντά
1161 1865 1258 1917 με.
1331 1849 1685 1919 Ἰδιωματικὰ
1743 1853 1851 1920 γὰρ

266 1931 361 1983 καὶ
390 1932 499 1999 (84)
541 1935 609 1987 τὰ
643 1935 892 1990 τοιαῦτα.

340 2022 461 2092 Χρὴ
503 2024 557 2075 δὲ
599 2025 893 2092 γινώσκειν
931 2029 1013 2082 ὄτι
1049 2029 1244 2104 ἕτερόν
1293 2035 1411 2087 ἐστι
1455 2034 1518 2087 τὸ
1567 2034 1854 2088 πιστεύειν

267 2113 443 2184 αὐτῷ,
473 2117 566 2168 καὶ
616 2118 805 2187 ἕτερόν
843 2121 958 2174 ἐστι
1003 2125 1061 2175 τὸ
1111 2125 1395 2179 πιστεύειν
1431 2129 1513 2189 εἰς
1553 2128 1753 2180 αὐτόν·
1793 2105 1863 2181 τὸ¹

270 2206 371 2276 μὲν
393 2208 502 2279 γάρ
525 2212 639 2262 ἐστι
661 2211 722 2264 τὸ
748 2213 1029 2268 πιστεύειν
1050 2220 1163 2281 τοῖς
1189 2218 1368 2286 λόγοις
1389 2220 1576 2280 αὑτοῦ.
1601 2221 1630 2274 ὃ
1645 2202 1740 2274 καὶ
1763 2223 1856 2274 ἐπὶ

265 2299 375 2350 τῶν
396 2301 571 2354 ἄλλων
603 2304 909 2375 ἀνθρώπων
937 2308 1193 2376 λέγεται·
1235 2312 1296 2365 τὸ
1325 2313 1382 2365 δέ
1416 2316 1534 2366 ἐστι
1572 2316 1854 2369 πιστεύειν

266 2393 347 2453 εἰς
377 2392 479 2462 τὴν
528 2394 761 2448 Θεόττιτα
811 2399 1002 2465 αὐτοῦ,
1037 2402 1173 2472 ὅπερ
1222 2404 1317 2456 ἐπὶ
1360 2403 1499 2457 Θεοῦ
1551 2406 1717 2476 μόνου
1769 2407 1855 2460 λέ-

267 2499 448 2550 γεται.

338 2575 447 2628 Καὶ
481 2605 547 2617 --
583 2595 682 2647 με.
739 2579 984 2652 Θεωρίαν
1027 2583 1124 2652 τὴν
1158 2585 1247 2638 διὰ
1289 2586 1385 2640 τοῦ
1432 2587 1525 2642 νοῦ
1553 2587 1737 2658 λέγει·
1769 2592 1852 2644 ὃτι

277 2662 338 2717 Ὅ
367 2666 528 2732 γνοὺς
559 2669 657 2739 τὴν
691 2670 830 2740 ἐμὴν
868 2672 1098 2742 θεότητα
1141 2674 1286 2741 ἔγνω
1331 2677 1431 2748 τὴν
1491 2680 1585 2732 τοῦ
1638 2682 1851 2751 Πατρός

266 2773 400 2826 μου.
441 2760 555 2813 Μία
590 2762 700 2831 γὰρ
736 2766 831 2817 καὶ
860 2767 893 2835 ή
925 2767 1065 2836 αὑτὴ
1100 2765 1295 2837 θεότης
1324 2772 1382 2823 ἐν
1404 2772 1557 2841 ἡμῖν.
1601 2774 1714 2826 Καὶ
1739 2773 1851 2842 ἐγὼ

265 2849 431 2903 τεκών
456 2852 573 2921 εἰμι
604 2852 698 2906 τοῦ
732 2855 947 2924 [Ἰατρὸς
971 2858 1415 2929 ἀπαράλλακτος.

340 3031 552 3103 Θεωρεῖ
584 3035 641 3087 δέ
670 3052 754 3097 τις
797 3036 896 3108 τὴν
921 3038 1016 3092 τοῦ
1061 3040 1299 3110 Χριστοῦ
1330 3041 1566 3112 θεότητα
1603 3045 1706 3099 ούκ
1744 3046 1853 3100 ἀπὸ

264 3127 365 3195 τῆς
391 3127 609 3194 φύσεως
647 3129 856 3198 αὐτῆς’
909 3129 1223 3201 ἀθεώρητος
1279 3133 1390 3204 γὰρ
1436 3137 1468 3204 ἡ
1504 3135 1626 3190 θεία
1663 3139 1850 3205 φύσις,

1955 657 2209 726 princeps
2262 671 2370 709 non
2402 663 2574 718 erant,
2599 654 2693 708 sed
2735 653 2876 709 servi
2908 653 3090 724 gloria:
3118 652 3367 705 humanm
3414 650 3546 703 Prn-

1956 755 2140 814 pterca
2180 747 2342 800 etiam
2384 746 2646 800 Dominus
2680 744 2786 800 illis
2814 744 3050 797 dicebat:
3099 741 3368 807 Quomodo
3405 752 3519 808 poti?

1959 839 2059 892 stis
2085 855 2172 890 vos
2198 839 2550 900 credere,cum
2587 837 2816 905 gloriam
2858 853 2888 888 τι
2917 835 3053 888 vobis
3088 843 3266 885 mutuo
3301 835 3544 893 mutatis,

1956 940 2006 983 et
2039 931 2265 998 gloriam
2299 946 2415 996 qua-
2450 948 2482 982 a
2515 930 2626 983 solo
2653 928 2765 982 Deo
2793 936 2986 981 estnon
3005 925 3255 994 qmeratis
3277 923 3362 976 5"1'

2030 1022 2181 1077 Vers.
2212 1024 2298 1077 44.
2323 1021 2476 1076 Jesus
2494 1039 2668 1076 —-me.
2688 1021 2928 1090 Mitigata
2954 1017 3262 1072 Judmorum
3285 1017 3361 1068 ira
3378 1029 3549 1082 app--

1956 1113 2067 1169 ruit
2105 1115 2307 1168 iterum
2335 1125 2388 1168 et
2413 1114 2594 1169 docet.
2621 1113 2774 1179 Quod
2803 1121 2987 1165 autem
3018 1109 3173 1166 dicit.
3207 1105 3544 1160 tantumdem

1957 1216 2061 1269 est,
2100 1222 2165 1263 ac
2199 1208 2242 1260 si
2272 1207 2439 1260 dicat:
2470 1206 2574 1271 Qui
2601 1207 2765 1259 credit
2796 1207 2852 1257 in
2876 1220 2978 1266 me,
3003 1203 3167 1256 credit
3199 1201 3254 1251 in
3285 1215 3426 1262 eum,
3459 1197 3549 1265 qui

1959 1316 2040 1352 me
2063 1300 2202 1352 misit
2233 1319 2243 1350 τ
2277 1315 2382 1353 non
2403 1299 2576 1353 solum
2604 1299 2730 1367 quia
2759 1313 2863 1350 una
2894 1305 2974 1350 cst
3006 1304 3200 1349 natura
3217 1301 3269 1347 et
3290 1291 3550 1346 divinitas

1957 1392 2266 1448 amborum.
2304 1407 2493 1444 verum
2535 1391 2728 1451 etiam,
2762 1389 2887 1459 quia
2921 1390 3105 1442 Ιιοιιοτι
3121 1386 3168 1437 ei
3221 1385 3311 1454 qui
3347 1385 3549 1437 missus

1957 1483 2365 1544 ?Sl.thl|lllilllS,
2407 1482 2669 1536 redundat
2704 1482 2758 1534 in
2803 1498 2926 1535 eum
2958 1480 3048 1549 qui
3110 1480 3276 1533 misit.
3309 1477 3372 1531 Et
3402 1478 3546 1546 quod

1958 1573 2054 1637 ait,
2092 1571 2215 1627 Non
2256 1574 2418 1626 credit
2455 1573 2506 1624 in
2546 1589 2646 1630 me,
2697 1572 2915 1626 videtur
2947 1569 3164 1639 quidem
3221 1568 3548 1636 negationis.

1958 1665 2054 1720 sed
2093 1666 2262 1734 magis
2300 1676 2382 1719 est
2412 1663 2806 1719 exhortationis
2841 1663 2906 1715 ad
2938 1661 3291 1716 credendum.
3359 1658 3550 1713 Simile

1959 1772 2174 1825 quoque
2205 1765 2360 1810 θδιιιι
2383 1755 2533 1808 illud:
2565 1754 2668 1819 Qui
2695 1755 2981 1819 susceperit
3011 1771 3107 1808 me.
3150 1769 3249 1805 non
3283 1768 3360 1804 me
3385 1753 3554 1804 susci-

1959 1849 2176 1915 pit,_sed
2212 1865 2329 1901 eum
2361 1847 2450 1913 qui
2497 1847 2645 1898 misit
2683 1846 2832 1899 me”.
2867 1843 2999 1898 Nam
3031 1853 3079 1898 et
3126 1842 3243 1895 baro
3273 1841 3551 1894 idiomatis

1957 1948 2084 1994 sunt
2109 1939 2323 2006 aliaque
2349 1937 2689 2006 hujusmodi.

2032 2030 2182 2084 Scire
2212 2039 2392 2082 autem
2427 2037 2661 2096 oportet,
2706 2027 2849 2093 quod
2891 2025 3036 2078 aliud
3091 2034 3175 2078 est
3200 2022 3424 2077 credere
3477 2024 3548 2081 ei.

1957 2138 2119 2193 quam
2150 2121 2375 2176 credere
2402 2119 2458 2173 in
2501 2134 2652 2183 eum;
2720 2119 2850 2172 illud
2889 2117 3161 2186 siquidem
3191 2127 3295 2178 est,
3327 2116 3553 2170 credere

1958 2211 2308 2268 sermonibus
2360 2209 2658 2279 ejus.quod
2695 2210 2760 2264 de
2778 2209 2992 2263 caeteris
3042 2208 3205 2261 etiam
3237 2205 3553 2260 hominibus

1958 2303 2198 2369 dicitur;
2226 2302 2334 2355 hoc
2359 2311 2542 2354 autem
2571 2308 2676 2361 est,
2710 2299 2933 2353 credere
2956 2299 3007 2351 in
3037 2294 3381 2352 divinitatem
3409 2293 3550 2363 ejus,

1955 2395 2099 2466 quod
2125 2395 2193 2449 de
2245 2394 2362 2448 solo
2387 2392 2496 2448 Deo
2529 2391 2754 2446 dicitur.

2031 2590 2185 2645 Vers.
2219 2589 2310 2644 45.
2349 2591 2416 2642 Et
2453 2618 2525 2626 —
2563 2603 2663 2641 me.
2701 2586 2977 2641 Visionem
3025 2601 3146 2640 eam
3204 2584 3356 2646 dicit,
3425 2601 3546 2650 qum

1955 2684 2154 2738 mentis
2169 2689 2270 2741 est.
2311 2695 2373 2733 ac
2395 2678 2440 2733 si
2462 2679 2624 2733 dicat:
2646 2676 2746 2743 Qui
2781 2674 3552 2743 meamoognovitdivitatem-

1951 2791 2072 2829 eam
2103 2789 2320 2843 quoque
2349 2788 2485 2839 cogn
2511 2772 2629 2829 wit,
2657 2786 2778 2837 que
2812 2768 2996 2821 Puris
3034 2776 3153 2828 est;
3191 2781 3317 2818 nam
3350 2781 3455 2817 una
3500 2775 3555 2816 rt

1954 2866 2146 2920 eadem
2164 2864 2314 2917 estin
2337 2860 2786 2916 nobisdiviuitas:
2805 2869 2860 2913 et
2881 2873 2981 2928 ego
3007 2856 3182 2910 Patris
3206 2856 3385 2924 imago
3405 2870 3522 2907 smn
3538 2894 3551 2914 .

1955 2973 2058 3028 per
2079 2957 2265 3012 omnia
2295 2956 2372 3010 illi
2404 2954 2621 3009 similis.

2035 3051 2198 3105 Videt
2224 3057 2406 3103 autem
2436 3047 2710 3117 quispiam
2761 3044 2964 3100 Christi
3021 3040 3390 3099 divinitatem,
3442 3052 3550 3088 non

1958 3158 2020 3198 ex
2050 3153 2249 3196 natura
2280 3156 2401 3205 sua;
2469 3140 2655 3193 divina
2695 3137 2964 3205 siquidem
3022 3145 3216 3186 natura
3248 3129 3542 3182 invisibilis

265 3219 361 3271 καὶ
406 3219 688 3282 παντελῶς
742 3221 1066 3290 ἀνεννόητος
1117 3224 1260 3278 κατά
1310 3227 1392 3278 τό·
1461 3227 1611 3280 Θεὸν
1653 3228 1856 3296 οὐδεὶς

1978 3245 2068 3295 est.
2105 3251 2166 3288 ac
2197 3233 2419 3304 penitus
2453 3230 2828 3299 intelligibilis,
2849 3227 3002 3297 juxta
3024 3224 3177 3278 illud:
3208 3221 3373 3275 Deum
3403 3235 3554 3272 neno

265 3311 492 3379 ἑώρακε
524 3312 796 3367 πώποτε·
849 3314 966 3367 ἀλλ’
1012 3315 1120 3368 ἀπὸ
1151 3317 1260 3369 τῶν
1308 3317 1635 3388 θεοπρεπῶν
1670 3321 1847 3391 ἔργων

266 3404 363 3456 καὶ
384 3404 562 3470 λόγων
589 3403 780 3460 αὐτοῦ.

340 3496 491 3565 Ἐγὼ
523 3499 912 3564 -ἐλήλυθα,
964 3500 1085 3564 Φῶς
1127 3502 1319 3572 νοητὸν
1373 3501 1517 3557 λύων
1550 3507 1610 3558 τὸ
1660 3508 1851 3575 νοητδν

271 3588 489 3652 σκότος,
537 3591 633 3644 καὶ
662 3592 750 3645 διὰ
791 3592 900 3646 τῶν
946 3595 1276 3663 θεοπρεπῶν
1320 3594 1499 3665 εργων
1541 3599 1637 3650 καὶ
1674 3599 1850 3668 λόγων

269 3684 686 3750 παραδεικνύων
713 3687 810 3748 τὰς
838 3689 1063 3751 ἀκτῖνας
1085 3691 1186 3759 τῆς
1221 3689 1477 3761 Θεότητος
1503 3694 1617 3754 τοῖς
1641 3693 1848 3762 ὑγιέσιν

267 3775 591 3848 ὀφθαλμοῖς.

345 3868 478 3922 ἰνα
504 3899 576 3910 -
605 3870 799 3940 μείνῃ.
829 3871 908 3942 Τῇ
940 3872 1042 3940 τῆς
1066 3872 1299 3945 πλάνης,
1325 3876 1391 3946 τῇ
1422 3876 1520 3945 τῆς
1549 3877 1849 3950 ἁμαρτίας.

268 3957 556 4028 Διαφόρως
602 3960 659 4012 δὲ
691 3959 758 4012 τὰ
799 3960 940 4013 αὐτὰ
986 3961 1136 4029 λέγει
1182 3963 1725 4035 διαμαρτυρόμενος,
1758 3970 1854 4022 καὶ

270 4053 338 4120 τῇ
368 4052 624 4124 συνεχείᾳ
659 4053 901 4122 μαλάξαι
932 4054 994 4107 τὸ
1023 4055 1262 4126 σκληρὸν
1289 4056 1392 4125 τῆς
1418 4059 1650 4128 καρδίας
1673 4061 1857 4113 αὐτῶν

274 4141 628 4212 βουλόμενος,
661 4147 757 4200 καὶ
794 4149 902 4201 πᾶν
932 4149 1201 4219 εἰσφέρων
1234 4149 1292 4202 τὸ
1322 4150 1550 4205 ἑαυτοῦ*
1581 4151 1668 4207 διὰ
1697 4153 1857 4207 τοῦτο

273 4237 384 4306 γὰρ
416 4240 508 4290 καὶ
540 4237 760 4307 ἐκραξε.

343 4331 452 4383 Kal
481 4359 552 4370 -—
576 4331 784 4388 αὐτόν.
822 4331 913 4386 Ἐν
943 4333 1019 4404 τῷ
1053 4334 1149 4388 νῦν
1176 4334 1354 4390 αἰῶνι.

311 4449 314 4452 ~
349 4419 436 4476 Οὐ
467 4451 534 4463 -—
569 4423 820 4492 κόσμον.
859 4422 997 4478 Eine
1027 4428 1120 4480 καὶ
1153 4429 1213 4482 ὲν
1246 4430 1322 4500 τῷ
1368 4427 1538 4501 τρίτῳ
1573 4431 1858 4499 κεφαλαίῳ

274 4513 357 4568 ὅτι
409 4517 532 4570 Οὐκ
573 4515 938 4572 ἀπέστειλεν
975 4522 1009 4573 ό
1058 4521 1204 4586 Θεὸς
1245 4521 1354 4576 τὸν
1383 4523 1518 4577 Υίόν
1555 4524 1743 4579 αὑτοῦ
1773 4528 1858 4592 είς

279 4607 384 4660 τὸν
433 4611 692 4678 κόσμον,
753 4611 857 4665 ἵνα
905 4614 1080 4682 κρίνῃ
1134 4614 1242 4668 τὸν
1284 4617 1542 4685 κόσμον,
1579 4616 1718 4672 ἀλλ’
1760 4619 1861 4672 ἵνα

275 4699 442 4768 σωθῇ
496 4704 528 4756 ό
577 4703 807 4772 κόσμος
849 4703 925 4759 δι’
956 4705 1168 4762 αὐτοῦ.
1221 4707 1330 4760 Καὶ
1382 4708 1657 4777 ἀνάγνωθι
1698 4709 1862 4764 πάλιν

277 4795 395 4845 ἐκεῖ
422 4796 522 4863 τὴν
547 4792 808 4864 ἐξήγησιν
839 4792 899 4850 εὗ
925 4795 1178 4866 ἔχουσαν.

362 4884 414 4936 Ὀ
443 4916 508 4926 -
538 4889 747 4943 αὐτόν.
796 4889 856 4942 '0
886 4890 1133 4944 ἀπειθῶν
1161 4892 1287 4962 ἐμοὶ
1315 4895 1409 4948 καὶ
1451 4895 1526 4968 μὴ
1571 4897 1864 4967 δεχόμενος

279 4976 346 5029 τὰ
398 4979 621 5050 ῥήματά
683 4999 785 5050 μου
835 4982 950 5053 ἔχει
1011 4985 1101 5038 τὸν
1131 4985 1246 5054 (85)
1299 4990 1723 5059 κατακρίνοντα,
1770 4993 1863 5048 τὸν

278 5071 572 5143 ἐλέγχοντα
600 5073 786 5128 αὐτόν.
817 5076 915 5140 Τίς
943 5075 1002 5130 δέ
1030 5079 1178 5130 ἐστιν
1209 5074 1386 5145 οὗτος,
1419 5082 1669 5137 ἄκουσον.

315 5163 415 5307 θὈ
439 5164 623 5232 λόγος
649 5193 721 5202 -
750 5162 960 5233 ἡμέρᾳ.
988 5165 1084 5229 Τίς
1121 5166 1178 5220 δὲ
1210 5167 1239 5221 ὁ
1267 5167 1422 5236 λόγος
1461 5163 1638 5233 οὗτος,
1675 5172 1863 5223 ὲνωτιτ

349 5272 460 5307 τιτι.

281 5270 460 5326 συητι.

424 5440 467 5472 ⁸⁷
490 5438 646 5495 Joan.
679 5460 732 5507 ν,
762 5442 852 5498 Η.
967 5441 1011 5473 ⁵⁸
1044 5440 1208 5498 Mare.
1235 5442 1418 5509 tx,57._

1531 5441 1576 5472 "
1609 5440 1766 5497 Joan.
1803 5459 1839 5508 ι,
1874 5442 1963 5498 18.

1964 3329 2088 3384 vidit
2119 3327 2423 3396 unquam".
2445 3326 2540 3379 sed
2568 3338 2632 3378 ex
2657 3322 2919 3392 operibus
2950 3318 3150 3374 divinis
3188 3316 3556 3384 ejusquesciu

1964 3421 2241 3477 monibus.

2039 3514 2196 3569 Vers.
2232 3512 2322 3566 46.
2358 3511 2471 3578 Ego
2495 3538 2556 3552 —-
2588 3507 2726 3561 veni.
2751 3505 2868 3558 Lux
2902 3498 3292 3557 intellectualis
3323 3497 3542 3552 solvens

1956 3607 2216 3662 tenebras
2258 3602 2588 3663 intellectus,
2624 3615 2718 3668 per
2757 3596 2938 3652 divina
2975 3609 3135 3661 opera
3169 3606 3233 3646 ac
3259 3589 3440 3654 verba,
3473 3587 3556 3640 di-

1957 3701 2203 3756 \‘inilalis
2233 3699 2416 3752 radios
2457 3696 2604 3749 sanis
2637 3691 2937 3747 ostendens
2965 3685 3160 3742 oculis.

2027 3879 2186 3934 Vers.
2212 3877 2303 3931 46.
2338 3876 2399 3933 Ut
2438 3905 2508 3916 —
2533 3883 2772 3928 maneat.
2825 3871 2958 3937 Qua:
2986 3869 3188 3925 suntin
3213 3881 3400 3921 errore
3432 3878 3558 3932 pec-

1959 3974 2087 4028 cati.
2139 3972 2484 4038 Frequenter
2525 3969 2690 4022 etiam
2751 3966 2942 4020 eadem
3001 3959 3363 4018 contestando
3404 3957 3553 4016 dicit.

1961 4066 2286 4122 assiduitate
2324 4063 2516 4117 volens
2560 4061 2759 4115 durum
2802 4059 3019 4111 illorum
3055 4071 3149 4108 eor
3201 4053 3468 4110 emoliire.
3505 4063 3557 4104 et

1958 4155 2224 4226 quidquid
2270 4153 2336 4207 ad
2372 4167 2431 4207 se
2485 4151 2700 4213 atlinet,
2739 4150 2794 4203 in
2823 4147 3061 4201 medium
3085 4145 3365 4198 adducens
3390 4161 3402 4196 :
3430 4157 3558 4211 pto-

1962 4258 2153 4320 pterea
2189 4245 2457 4315 siquidem
2485 4242 2652 4298 etiam
2671 4241 2961 4296 clamabat.

2043 4338 2198 4394 Vers.
2231 4338 2321 4392 47.
2357 4335 2427 4390 Et
2453 4351 2686 4388 —-eum.
2727 4334 2782 4387 In
2819 4342 3073 4403 praesenti
3107 4333 3324 4386 szeculn.

2045 4433 2206 4487 Vers.
2249 4432 2339 4486 47.
2385 4428 2569 4500 Neque
2599 4457 2670 4468 --
2701 4427 2976 4481 mundum.
3033 4425 3176 4479 Dixit
3201 4426 3364 4479 etiam
3395 4427 3554 4479 tertio

1966 4525 2142 4595 capite
2168 4542 2179 4576 :
2201 4522 2322 4577 Non
2354 4523 2495 4576 misit
2527 4519 2666 4573 Deus
2699 4517 2896 4572 Filium
2917 4534 3070 4570 suum
3114 4522 3468 4579 inmundum,
3500 4526 3556 4568 ut

1967 4617 2272 4670 condemnet
2328 4613 2604 4675 mundum,
2637 4611 2726 4665 sed
2777 4619 2833 4664 ut
2879 4610 3113 4662 salvetur
3163 4608 3390 4662 mundus
3465 4625 3559 4676 ρει·

1969 4725 2085 4762 cuin
2106 4705 2152 4738 ⁶⁰
2189 4723 2202 4760 :
2234 4713 2290 4759 et
2323 4704 2398 4758 ibi
2426 4718 2644 4773 quoque
2677 4703 2795 4772 lege
2849 4701 3257 4772 enarrationem
3289 4717 3410 4770 qum:
3458 4717 3558 4768 op-

1971 4800 2106 4853 tima
2139 4805 2246 4852 est.

2044 4889 2199 4945 Vers.
2255 4889 2344 4942 48.
2413 4887 2518 4953 Qui
2550 4914 2620 4927 —
2653 4887 2847 4955 ipsum.
2922 4885 3024 4951 Qui
3063 4884 3196 4938 mihi
3239 4900 3346 4937 non
3381 4893 3556 4952 paret.

1975 4996 2080 5037 nec
2105 4980 2338 5050 susipicit
2365 4981 2532 5034 verba
2562 4995 2702 5043 mea,
2747 4980 2913 5033 habet
2934 4980 3026 5048 qui
3055 4993 3114 5033 se
3173 4977 3465 5031 convincat
3497 4992 3558 5030 ac

1975 5075 2323 5136 condemnet;
2358 5072 2482 5139 quis
2513 5073 2583 5127 sit
2607 5082 2788 5126 autem
2821 5073 2886 5132 is,
2922 5073 3132 5126 audito.

2047 5167 2204 5222 Vers.
2244 5166 2328 5220 tu.
2364 5163 2553 5219 Sermo
2587 5195 2654 5207 —
2687 5166 2793 5220 die.
2825 5166 2958 5231 Quis
2993 5178 3174 5220 autem
3210 5166 3282 5219 sit
3317 5166 3402 5220 hic
3438 5180 3558 5219 scr-

1979 5275 2086 5325 Ino,
2124 5260 2364 5327 adverte.

2080 5443 2124 5474 “
2172 5443 2330 5499 Joan.
2370 5462 2456 5509 ιιι,
2493 5446 2573 5500 l7.

1510 5603 1712 5665 Varia
1756 5602 2062 5667 lectiones
2097 5611 2158 5664 et
2188 5613 2376 5666 notae.

357 5779 805 5842 ($5)Geniti\'um
843 5778 1008 5834 habet
1061 5777 1384 5834 llentenius.
1453 5777 1559 5835 Sed
1609 5778 1851 5833 dativum

282 5853 501 5906 sidemr
532 5848 854 5921 liutlmnius
886 5850 1137 5921 elegisse,
1163 5867 1230 5904 ne
1258 5850 1438 5918 plures
1469 5849 1687 5918 genitivi
1719 5865 1854 5903 con.

285 5942 368 5980 cu:
389 5934 588 5980 lettrnt.

2035 5780 2148 5839 (8M
2186 5781 2293 5832 Καὶ
2315 5780 2488 5836 ταῦτα
2509 5782 2574 5835 Α.

2037 5851 2145 5914 (⁸³)
2173 5852 2276 5903 Τὶν
2315 5852 2564 5920 κρίνοντα
2610 5852 2669 5902 Α.
