3976 6470
502 396 645 463 1375

571 514 727 571 Vers.
781 516 870 572 «I9.
927 515 1065 581 Quia
1100 545 1170 554 —
1200 513 1414 584 loquar.
1476 510 1614 579 Quia
1658 509 1917 565 dicebant
1968 522 2074 561 nou
2108 506 2153 565 Α

498 622 623 663 esse
658 624 782 663 eum
815 623 845 661 ο
877 606 1004 668 Deo.
1038 614 1094 661 et
1150 614 1439 675 propterea
1478 620 1591 657 non
1627 600 1960 659 obediebant
2000 601 2073 663 ei,

1724 391 2106 455 EUTHYMII
2148 390 2508 453 ZIGABENI

3612 384 3742 445 lRTG

2253 507 2383 560 Ὀτι
2406 538 2472 549 --
2498 502 2776 571 λαλήσω.
2816 501 2973 557 Ἐπεὶ
2999 500 3185 569 Ιλεγον
3222 500 3304 553 ὅτι
3350 496 3448 551 οὐκ
3491 495 3634 549 ἐστιν
3679 498 3743 550 εκ

2179 598 2276 652 τοῦ
2310 598 2470 664 Θεοῦ,
2498 598 2595 652 καὶ
2624 597 2712 652 διὰ
2741 595 2899 650 τοῦτο
2940 595 3041 649 οὐκ
3078 593 3354 647 ιπείθοντο
3386 588 3551 659 αὐτῷ,
3585 592 3744 660 φησιν

502 701 621 754 ait:
655 699 710 753 In
738 698 1043 753 novissimo
1089 698 1178 752 die
1238 712 1441 758 sermo.
1473 710 1633 763 quem
1676 694 1893 748 locutus
1956 708 2076 747 sum

2202 692 2262 742 in
2292 689 2382 743 Ἑν
2403 692 2467 761 τῇ
2485 690 2688 761 ἐσχάτῃ
2711 688 2894 760 ήμιρᾳ
2910 688 2939 740 ό
2956 686 3113 753 λόγος
3130 684 3187 738 δν
3212 682 3447 754 ἑλάλησα
3464 680 3633 749 λέγων
3664 681 3744 732 ὄτι

500 793 721 848 dicens.
785 789 931 856 quod
964 806 1035 844 cx
1088 790 1297 859 tneipso
1350 803 1456 841 non
1505 803 1624 841 sum
1672 787 1909 850 loculus,
1983 784 2079 841 sed

504 885 683 942 Pater.
708 883 799 951 qui
828 882 977 936 misit
994 897 1102 945 me,
1120 882 1237 951 ipse
1250 880 1384 935 mihi
1408 887 1740 949 prteceptum
1762 877 1936 941 dedit,
1953 875 2081 947 quid

501 976 677 1028 dicam
695 976 893 1036 etquid
913 975 1124 1041 loquar,
1144 974 1231 1027 ille
1254 971 1645 1027 condemnabit
1671 986 1825 1032 eum.
1842 969 1963 1023 loco
1987 984 2079 1021 ae-

501 1067 766 1120 cusatoris
785 1066 1139 1127 constitutus,
1161 1065 1518 1128 convincens,
1539 1075 1870 1131 omnemque
1887 1076 2083 1131 ampu-

504 1167 625 1209 tans
640 1158 1009 1218 occasionem,
1028 1171 1188 1225 quem
1207 1156 1467 1222 operibus
1482 1153 1824 1220 conllrmavi,
1845 1170 1913 1207 ex
1934 1153 2082 1206 unmi

503 1256 654 1316 parte
691 1248 1016 1311 ost-atdens,
1078 1247 1219 1316 quod
1257 1246 1368 1300 Deo
1410 1262 1519 1301 non
1541 1246 1644 1301 sim
1676 1247 2008 1301 contrarius.

574 1339 729 1395 Vcrs.
767 1339 857 1394 50.
891 1340 957 1394 Et
997 1372 1067 1381 —
1096 1352 1193 1395 est.
1218 1340 1425 1411 Utpote
1459 1342 1623 1395 vitam
1644 1340 1951 1394 concilians
2008 1354 2083 1391 a3-

503 1443 739 1497 ternam,
783 1442 1043 1504 tanquam
1101 1434 1170 1488 ad
1234 1435 1402 1489 vitam
1470 1436 1748 1489 adducens
1794 1444 2081 1490 aeternam.

503 1525 645 1579 Sunt
679 1542 811 1596 ergo
851 1526 1277 1593 inescusabiles,
1327 1529 1418 1598 qui
1454 1543 1519 1583 ea
1574 1543 1689 1582 non
1752 1527 2085 1596 suspiciunt,

501 1631 622 1683 qua:
656 1615 793 1669 mihi
829 1628 1101 1686 prmcepta
1121 1626 1349 1681 sunt,ut
1383 1617 1598 1686 loquar,
1640 1615 1899 1671 videlicet
1923 1612 2086 1669 verbal

503 1722 647 1770 mea,
676 1707 979 1762 doctrinam
1024 1724 1199 1761 meant
1240 1718 1333 1763 :et
1357 1708 1460 1762 sibi
1506 1708 1640 1777 ipsis
1671 1720 1799 1762 sunt
1855 1706 2083 1772 inimici,

502 1805 691 1865 utpote
716 1796 879 1850 vitam
912 1812 1021 1851 non
1055 1797 1421 1865 suscipientes
1456 1804 1743 1851 aeternam.

578 1886 703 1943 lla-c
758 1904 929 1943 vero:
993 1889 1135 1953 Quid
1196 1890 1373 1943 dicam
1408 1898 1461 1942 et
1519 1888 1649 1956 quid
1679 1888 1893 1955 loquar.
1944 1887 2086 1941 idem

504 1980 837 2047 signiﬁcant.
901 1978 1066 2033 Multa
1126 1988 1310 2034 autem
1379 1988 1510 2033 sunt
1582 1979 1893 2049 hujusmodi
1947 1979 2089 2050 apud

505 2086 717 2126 sacram
742 2071 1109 2141 Scripturam.

579 2164 731 2217 Vers.
760 2164 849 2217 56.
893 2164 1022 2227 Qun:
1050 2163 1344 2233 —loquor.
1401 2162 1466 2217 Et
1507 2178 1605 2233 per
1664 2163 1983 2231 praedictam
2035 2171 2092 2218 et

508 2270 602 2323 per
633 2264 954 2322 praesentem
982 2256 1337 2317 sententiam,
1370 2269 1591 2309 rursum
1654 2255 1871 2309 inducit
1904 2271 2000 2309 cos
2024 2256 2089 2309 ad

507 2348 691 2409 Iidem,
724 2347 1284 2413 parcensadhncillis
1336 2363 1450 2416 pra:
1507 2347 1777 2402 immensa
1834 2348 2090 2418 benigni-

509 2446 638 2491 tate.
678 2438 751 2490 De
817 2438 1133 2507 hujusmodi
1170 2450 1351 2494 autem
1426 2438 1737 2493 humilitate
1802 2439 2090 2494 verborum

508 2530 917 2598 dispensatorie
966 2532 1261 2595 dictorum,
1328 2532 1496 2585 variis
1538 2532 1594 2584 in
1651 2530 1787 2585 locis
1827 2530 2087 2585 diximus.

506 2622 601 2674 IIIa
631 2637 868 2690 namque
905 2642 917 2674 :
947 2627 985 2677 Α
1024 2625 1222 2692 meipso
1252 2640 1353 2677 non
1386 2625 1503 2678 ueni
1530 2624 1574 2656 ⁶¹
1613 2641 1628 2689 ;
1658 2634 1750 2676 et:
1779 2623 1866 2677 Ea:
1895 2624 2093 2692 meipso

509 2730 609 2765 non
633 2731 748 2767 sum
778 2715 983 2769 locutus
1013 2717 1097 2781 ";
1141 2727 1197 2770 et
1227 2735 1241 2769 :
1273 2717 1391 2787 Ipse
1415 2718 1543 2770 mihi
1572 2726 1896 2787 praceptum
1919 2716 2088 2780 dedit,

508 2806 635 2872 quid
670 2807 845 2857 dicam
876 2808 1074 2876 etquid
1106 2807 1374 2877 loquar“,
1438 2823 1503 2861 ac
1542 2807 1767 2871 similia,
1824 2806 2093 2861 manifes-

512 2896 622 2948 tius
656 2896 879 2965 quzdcm
909 2900 1260 2961 euntirmant,
1296 2900 1443 2969 quod
1480 2899 1591 2953 Deo
1618 2914 1728 2952 non
1761 2901 1833 2955 sit
1867 2911 2092 2954 contra-

509 2987 626 3040 rius
655 3004 668 3040 :
702 2990 1365 3044 secretiusveroinnuunt
1390 2991 1536 3059 quod
1596 2988 1745 3044 Patri
1805 2990 2092 3059 sitaaqua-

509 3079 597 3132 lis.

2182 782 2242 848 ἐξ
2284 780 2527 852 ἐμαυτοῦ
2557 781 2658 834 οὐκ
2686 779 2947 846 ἐλάλησα,
2980 775 3096 831 ἀλλ’
3132 778 3160 829 ὁ
3188 773 3410 844 πέμψας
3442 790 3507 843 με
3537 772 3744 839 Πατὴρ,

2182 872 2347 935 αὑτός
2381 889 2471 942 μοι
2504 869 2812 924 ἐνετείλατο
2834 868 2887 920 τί
2918 867 3056 919 εῐπω
3082 865 3174 918 καὶ
3202 862 3257 915 τί
3286 862 3522 931 λαλήσω,
3548 860 3748 918 ἐκεῖνος

2182 964 2363 1034 κρινεῖ
2410 964 2597 1026 αὑτὸν,
2650 962 2711 1013 εν
2739 958 2911 1025 -τάξει
2962 956 3273 1027 κατηγόρου
3324 955 3610 1023 ἱστάμενος
3658 952 3749 1003 καὶ

2182 1052 2496 1125 διελέγχων,
2574 1050 2671 1105 καὶ
2729 1051 2915 1105 πᾶσαν
2960 1046 3261 1113 ἀπολογίαν
3308 1040 3627 1113 περιαιρῶν,
3692 1039 3747 1092 δν

2184 1146 2468 1199 ιϐεϐαίουν
2493 1146 2604 1210 τοῖς
2642 1144 2845 1215 ἔργοις,
2877 1139 3218 1210 πανταχόθεν
3243 1136 3506 1192 δεικνύων
3535 1134 3615 1188 ὅτι
3652 1133 3748 1185 οὐκ

2185 1241 2300 1307 είμὶ
2331 1238 2598 1300 ἀντίθεος.
2862 1312 2873 1320 .

2255 1331 2362 1384 Kal
2394 1357 2462 1369 —-
2488 1328 2681 1384 ἐστιν.
2724 1327 2813 1391 Ὠς
2847 1317 2994 1396 ζωὴν
3037 1322 3257 1378 αίώνιον
3289 1318 3643 1393 προξενοῦσα,
3679 1317 3751 1377 ὡς

2187 1423 2269 1483 εἰς
2312 1420 2458 1490 ζωὴν
2489 1418 2710 1473 αἰώνιον
2744 1419 2977 1486 ἄγουσα.
3006 1414 3427 1481 ’Δναπολόγητοι
3458 1410 3550 1463 οὖν
3592 1410 3637 1461 οἱ
3681 1406 3754 1475 μὴ

2186 1510 2570 1583 δεχόμενοιτά
2626 1510 2952 1564 ἑνταλθέντα
3006 1525 3097 1579 μοι
3143 1505 3469 1573 λαληθῆναι,
3527 1501 3642 1569 ήτοι
3691 1499 3754 1547 τὰ

2190 1604 2416 1676 ῥήματά
2464 1620 2590 1675 μου,
2643 1603 2743 1673 τὴν
2785 1600 3135 1656 διδασκαλίαν
3176 1613 3316 1667 μουο
3356 1596 3447 1648 καὶ
3490 1590 3758 1646 tnta-aulai

2190 1700 2330 1751 εἰσιν
2353 1697 2565 1751 ἑαυτῶν
2594 1696 2670 1759 ὡς
2708 1693 2783 1766 μὴ
2814 1693 3096 1764 δεχόμενοι
3126 1692 3225 1759 τὴν
3252 1685 3467 1741 αἰώνιον
3506 1684 3669 1750 ζωήν.

2263 1893 2338 1945 Τὸ
2379 1892 2437 1946 δέ
2458 1911 2472 1923 θ
2503 1891 2569 1945 Τί
2596 1893 2734 1946 είπω
2767 1891 2861 1945 καὶ
2907 1890 2958 1944 τί
2987 1890 3208 1961 λαλήσω
3250 1891 3310 1943 τὸ
3350 1888 3479 1941 aii-rb
3528 1884 3757 1955 δηλοῦσι.

2196 1982 2378 2039 Πολλά
2410 1984 2465 2037 δὲ
2502 1981 2727 2036 τοιαῦτα
2757 1980 2911 2053 παρά
2940 1984 3006 2053 τῇ
3037 1982 3251 2050 Γραφῇ.

2271 2163 2332 2215 Ἀ
2363 2190 2431 2201 -
2450 2159 2642 2215 λαλῶ.
2673 2160 2784 2215 Καὶ
2817 2158 2905 2213 διά
2931 2158 3026 2212 τοῦ
3058 2154 3478 2229 προρρηθέντος,
3534 2154 3626 2207 καὶ
3675 2153 3763 2205 διὰ

2193 2254 2286 2307 τοῦ
2339 2256 2610 2326 παρόντος
2648 2252 2849 2325 ῥητοῦ,
2900 2251 3061 2306 πάλιν
3095 2251 3280 2318 ινάγει
3310 2251 3531 2310 τούτους
3558 2248 3636 2309 είς
3675 2245 3760 2298 πί·

2197 2363 2335 2410 στιν,
2368 2347 2448 2401 ἔτι
2473 2346 2792 2415 φειδόμενος
2822 2344 3003 2398 αὐτῶν
3033 2341 3139 2397 ὑπὸ
3180 2341 3280 2411 τῆς
3320 2340 3549 2409 ἀπείρου
3580 2336 3755 2405 φιλαν-

2196 2440 2464 2511 θρωπίας.
2518 2438 2655 2509 Περὶ
2703 2440 2889 2510 μέντοι
2936 2436 3038 2507 τῆς
3081 2434 3469 2503 ταπεινότητος
3516 2432 3622 2485 τῶν
3655 2448 3763 2483 τοι·

2196 2532 2369 2586 ούτων
2405 2532 2769 2602 οἰκονομικῶν
2821 2530 3083 2602 ῥημάτων
3129 2526 3400 2599 διαφόρως
3447 2528 3763 2595 είρήκαμεν.

2198 2625 2270 2677 Τὸ
2293 2627 2404 2695 γὰρ
2438 2624 2567 2679 Ἀπ’
2594 2624 2859 2694 ἐμαυτοῦ
2888 2624 2999 2677 οὐκ
3024 2620 3313 2691 ἐλήλυθα,
3339 2619 3430 2672 καὶ
3455 2618 3558 2682 Ἐξ
3583 2618 3763 2685 ἐμαυ-

2195 2716 2301 2770 τοῦ
2329 2718 2442 2769 οὐκ
2471 2716 2773 2784 ἐλάλησα,
2798 2716 2893 2769 καὶ
2922 2715 3114 2781 Αὐτός
3136 2731 3239 2784 μοι
3266 2711 3536 2780 ἐντολὴν
3561 2711 3762 2772 ἔδωκε,

2194 2808 2253 2861 τί
2292 2808 2442 2861 εἴπω
2483 2808 2581 2862 καί
2625 2808 2684 2861 τί
2713 2807 2990 2874 λαλήσω,
3021 2808 3114 2860 κάι
3139 2806 3207 2860 τά
3242 2803 3485 2863 τοιαῦτα,
3520 2803 3764 2873 φανερώ-

2194 2916 2356 2967 τερον
2390 2898 2493 2969 μὲν
2548 2900 2607 2953 τὸ
2644 2898 2720 2970 μὴ
2761 2896 2903 2952 εἶναι
2950 2898 3117 2952 αὐτὸν
3158 2896 3401 2951 ἀντίθεον
3451 2893 3726 2966 βεϐαιοῦσι
3750 2935 3764 2955 ,

2195 2990 2576 3063 κρυφιώτερον
2603 2991 2662 3045 δι
2689 2992 2751 3046 τὸ
2782 2988 2923 3046 εῖναι
2953 2990 3116 3045 αὐτὸν
3156 2990 3275 3044 ίσον
3301 2988 3380 3059 τῷ
3409 2988 3583 3057 Πατρὶ
3624 2986 3757 3039 ὐπο-

2198 3086 2477 3155 φαίνουσι.

581 3169 736 3224 CAP.
774 3170 907 3225 XIII.
945 3171 1102 3227 νοτε.
1147 3173 1197 3225 l.
1228 3173 1367 3227 Ante
1398 3204 1469 3213 —
1493 3173 1731 3229 Patrem.
1768 3173 1904 3229 Nam
1940 3182 2089 3246 post-

2268 3179 2389 3248 Πρὸ
2430 3207 2500 3217 -
2543 3176 2796 3244 Πατέρα.
2848 3173 3166 3229 ’Δποθανων
3215 3172 3321 3243 γὰρ
3371 3173 3461 3225 καὶ
3500 3172 3759 3238 ἀναστὰς,

507 3278 670 3331 quam
701 3272 950 3317 mortuus
972 3272 1057 3317 est
1081 3280 1145 3319 ac
1171 3266 1500 3332 resurrexit,
1542 3281 1573 3319 a
1609 3277 1751 3320 terra
1804 3268 1861 3321 in
1892 3269 2092 3324 cmlum

512 3357 787 3423 migravit.

586 3446 737 3501 Vers.
772 3448 819 3500 ί.
854 3447 987 3502 Cum
1012 3449 1284 3504 dilexisset
1315 3480 1384 3490 ——
1411 3467 1519 3506 eos.
1552 3451 1717 3512 Suos.
1752 3462 1913 3506 vocat
1936 3452 2098 3507 disci-

513 3536 691 3603 pulos,
720 3547 910 3606 utpote
942 3541 1285 3597 domesticos
1322 3554 1545 3614 propter
1577 3544 1973 3600 obedientiam.
1997 3544 2095 3600 Sui

511 3638 695 3680 autem
727 3631 983 3698 appellati
1018 3649 1242 3703 quoque
1279 3646 1410 3690 sunt
1466 3653 1661 3692 omnes
1714 3637 1911 3701 Judaei,
1971 3647 2093 3692 tan-

512 3737 675 3788 quam
714 3725 933 3792 cognati
966 3744 977 3778 :
1016 3725 1124 3779 imo
1160 3728 1326 3781 etiam
1358 3743 1551 3782 omnes
1597 3731 1758 3783 simul
1818 3730 2092 3793 homines.

510 3822 771 3882 tanquam
801 3830 1067 3873 creaturae
1092 3820 1283 3888 ipsius.
1322 3821 1548 3875 Addidit
1581 3834 1786 3887 autem,
1822 3822 2096 3888 Quierant

512 3908 567 3957 in
600 3910 817 3962 mundo.
857 3908 991 3963 Nam
1032 3914 1124 3978 qui
1185 3914 1295 3981 jam
1331 3916 1383 3966 in
1412 3914 1613 3969 virtute
1672 3915 1878 3970 mortui
1910 3924 2091 3981 erant,

509 3999 631 4065 ejus
659 4000 823 4053 etiam
850 4006 1056 4071 proprii
1110 4004 1460 4070 dicebantur,
1513 4007 1790 4061 Abraham
1840 4006 2095 4062 videlicet

514 4089 660 4145 Isaac
677 4102 731 4145 et
759 4092 950 4157 laeuh,
978 4097 1185 4165 quique
1218 4100 1705 4167 temporeillorum
1737 4100 1874 4169 justi
1906 4109 2089 4156 erant.

513 4186 645 4238 Cum
678 4188 962 4243 dilexisset
1015 4207 1147 4263 ergo
1204 4194 1506 4262 discipulos
1546 4195 1612 4247 ad
1672 4196 1725 4249 id
1756 4210 1927 4261 usque
1958 4204 2095 4249 tem-

512 4277 683 4344 POI’iS.
717 4288 847 4332 tunc
883 4282 1051 4351 magis
1081 4283 1271 4337 dilexit
1296 4299 1414 4338 eos.
1444 4282 1601 4347 Nam,
1624 4284 1681 4337 in
1738 4284 1918 4353 ﬁnem,
1950 4284 2093 4339 idem

510 4367 779 4437 signiﬁcat
824 4375 967 4440 quod
1004 4378 1379 4429 vehementer.
1418 4374 1559 4441 Quia
1612 4376 1758 4429 enim
1789 4377 1900 4447 jam
1929 4376 2098 4430 mori-

517 4466 677 4513 turus
714 4472 852 4525 erat,
874 4479 1080 4533 eosque
1114 4468 1433 4528 relicturus,
1500 4467 1850 4521 dilectionem
1919 4468 2097 4522 inlen-

2204 3270 2406 3341 μετέϐη
2437 3269 2547 3322 ἀπὸ
2577 3268 2679 3338 τῆς
2706 3268 2810 3339 γῆς
2837 3267 2917 3329 είς
2941 3265 3033 3320 τὸν
3064 3263 3316 3336 οὐρανόν.

2266 3448 2617 3520 Ἀγαπήσας
2649 3476 2719 3489 -
2746 3446 2986 3513 αὐτούς.
3023 3445 3211 3510 Ίδίους
3243 3445 3387 3513 λέγει
3420 3446 3545 3508 τοὺς
3585 3445 3764 3515 μαθηο

2194 3540 2315 3604 τὰς,
2346 3538 2423 3604 ὡς
2454 3539 2694 3602 οἰκείους
2718 3538 2812 3591 διά
2839 3539 2940 3606 τήν
2971 3538 3304 3592 εὐπείθειαν.
3340 3538 3491 3590 Ἱδιοι
3516 3537 3574 3590 δὲ
3600 3537 3764 3590 αὐτοῦ

2198 3630 2732 3702 προσηγορεύθησαν
2758 3629 2857 3683 καὶ
2909 3631 2963 3683 οί
3011 3630 3211 3694 πάντες
3249 3628 3490 3683 Ἰουδαῖοι
3520 3629 3595 3691 ὠς
3635 3644 3766 3696 συγ-

2196 3724 2413 3792 γενείς⁹
2445 3723 2540 3775 καὶ
2581 3724 2631 3775 οί
2681 3724 2999 3792 σύμπαντες
3032 3722 3308 3789 ἄνθρωποι
3336 3720 3411 3784 ὡς
3439 3720 3755 3791 δημιουργή-

2200 3833 2349 3886 ματα
2373 3814 2563 3869 αὑτοῦ.
2605 3813 2751 3880 Τοὺς
2781 3814 2851 3868 ἐν
2895 3813 2976 3878 τῷ
3021 3814 3227 3883 κόσμῳ
3261 3813 3319 3867 δὲ
3347 3808 3489 3878 εἷπε,
3516 3813 3650 3866 διότι
3679 3815 3765 3866 καῖ

2196 3908 2244 3960 οί
2299 3907 2753 3976 τετελευτηκότες
2819 3907 2879 3962 ὲν
2947 3908 3118 3977 ἀρετῇ
3187 3906 3309 3960 ίδιοι
3366 3904 3530 3960 αὐτοῦ
3600 3902 3764 3978 ἦσαν,

2208 3998 2463 4071 Ἀϐραὰμ
2498 4000 2594 4053 καὶ
2647 4001 2839 4054 Ἰσαάκ
2873 4000 2969 4054 καὶ⁸
3011 3997 3229 4064 Ἰακὼϐ,
3279 4001 3375 4052 καὶ
3408 4000 3458 4051 οί
3490 4000 3609 4052 κατ’
3632 4000 3744 4052 ἐκεί

2196 4109 2323 4155 νους
2360 4092 2587 4147 δίκαιοι.
2631 4093 2955 4163 ’Δγαπήσας
2986 4090 3103 4157 οὖν,
3147 4091 3315 4163 φησὶ,
3366 4092 3491 4154 τοὺς
3524 4091 3769 4162 μαθητὰς

2197 4184 2326 4255 ἄχρι
2349 4184 2445 4238 τοῦ
2481 4185 2604 4237 τότε
2647 4184 2876 4254 καιροῦ,
2928 4185 3051 4239 τότε
3094 4184 3297 4256 μᾶλλον
3341 4183 3625 4253 ἠγάπησεν
3677 4187 3767 4236 αὒ-

2196 4276 2325 4340 τούς
2344 4293 2359 4309 ·
2391 4278 2452 4331 τὺ
2474 4278 2584 4349 γὰρ
2617 4280 2721 4344 Είς
2748 4277 2923 4344 τέλος
2948 4279 3010 4332 τὸ
3035 4278 3240 4347 σφόδρα
3272 4276 3440 4346 δηλοῖ.
3485 4276 3639 4329 Ἐπεὶ
3662 4277 3769 4347 γὰρ

2199 4368 2425 4439 ιμελλεν
2455 4370 2555 4441 ήδη
2595 4370 2894 4424 ἀποθανεῖν
2929 4369 3024 4423 καὶ
3070 4370 3358 4423 ἀπολιπεῖν
3393 4368 3589 4434 αὐτοὺς
3610 4411 3623 4435 ,
3655 4372 3761 4423 ἑπι-

2197 4462 2366 4514 τείνει
2418 4461 2519 4532 τὴν
2564 4462 2787 4532 ἀγάπην
2831 4465 2913 4527 είς
2959 4463 3296 4535 ιμπύρευμα
3350 4467 3569 4537 μνήμης
3609 4466 3768 4519 αὑτοῦ

512 4552 587 4605 dit
627 4554 690 4605 ael
724 4558 1107 4611 accensionem
1142 4559 1868 4613 vehementiorismemoriae
1894 4559 2087 4629 ipsius.

2202 4553 2588 4623 σφοδροτέρας.
2648 4554 2885 4625 Σημεῖον
2933 4556 2989 4609 δὲ
3032 4556 3135 4625 τῆς
3169 4558 3475 4621 ὲπιτάσεως
3518 4559 3578 4611 τὸ
3624 4558 3763 4625 νίψα-

511 4644 734 4712 Signutn
768 4663 897 4699 vero
926 4649 1254 4704 intentionis
1282 4650 1409 4712 fuit,
1430 4652 1565 4705 lotio
1594 4652 1795 4721 pedum
1826 4652 2044 4706 illorttm
2073 4669 2089 4708 :

510 4748 635 4785 nam
664 4737 753 4803 qui
792 4738 1030 4805 aliquem
1090 4740 1365 4794 ferventer
1423 4752 1593 4807 amat,
1658 4759 1726 4799 ne
1783 4754 2093 4799 extremum

508 4827 732 4893 quidem
760 4830 877 4897 ejus
936 4832 1301 4885 ministerium
1359 4833 1592 4890 devitat.

585 4920 735 4972 Vers.
770 4922 822 4975 2.
853 4921 920 4975 Et
953 4939 1097 4977 cana
1120 4927 1288 4994 facta.
1323 4926 1380 4979 In
1415 4927 1745 4993 diversorio,
1769 4930 1825 4983 in
1852 4929 2089 4985 instrato

510 5013 836 5067 ccenaeulo:
871 5015 997 5083 quia
1028 5016 1173 5071 facta
1199 5034 1451 5087 vespera,
1488 5021 1783 5075 sicutdixit
1806 5022 2095 5078 Mattheus

511 5106 770 5158 accubuit
809 5121 933 5161 cum
960 5109 1253 5166 duodecim
1278 5112 1343 5165 “.
1373 5112 1570 5177 Quaere
1598 5129 1729 5183 ergo
1781 5116 1925 5169 hanc
1965 5132 2097 5170 sen-

514 5196 743 5250 tentiam
789 5201 1135 5269 sexagesitno
1189 5204 1355 5257 tertio
1418 5206 1537 5273 ejus
1586 5206 1792 5275 capite,
1852 5223 1917 5263 ac
1977 5208 2096 5277 lege

512 5305 753 5354 omnem,
782 5309 902 5361 qua:
933 5295 1004 5349 ibi
1034 5297 1158 5351 data
1184 5310 1288 5362 est,
1322 5300 1753 5368 expositionem.

585 5475 740 5532 Vers.
782 5476 835 5533 2.
872 5477 1005 5534 Cum
1038 5481 1638 5538 diabolus—traderet.
1666 5486 1800 5539 Cum
1824 5487 1935 5556 iam
1962 5497 2093 5541 tunc

517 5570 903 5638 cogitationem
945 5573 1283 5633 immisiSSet.
1318 5577 1538 5643 quando
1570 5587 1907 5647 unguentum
1949 5579 2089 5633 ellu-

518 5658 600 5713 dit
638 5678 803 5729 super
830 5674 993 5730 caput
1024 5663 1153 5719 Jesu
1184 5665 1397 5731 mulier,
1434 5666 1501 5720 de
1549 5684 1653 5735 qua
1698 5668 1919 5737 scripsit
1958 5670 2093 5723 Mat-

523 5752 717 5807 thmns.
753 5755 943 5821 Qumre
969 5773 1098 5828 ergo
1125 5758 1279 5828 juxta
1308 5758 1469 5813 linem
1497 5763 1822 5832 sexagesimi
1864 5765 2091 5819 secundi

628 5894 668 5926 "
701 5892 856 5949 Joan.
888 5911 982 5959 \‘II.
1006 5896 1098 5953 28.
1208 5898 1434 5954 “10m.
1480 5915 1584 5965 \‘IV,
1623 5900 1701 5955 l0.

1829 5902 1872 5933 ⁸³
1893 5902 2053 5959 Joan:
2085 5918 2181 5967 xu,
2230 5902 2313 5958 59.

2196 4648 2324 4708 τοὺς
2378 4647 2545 4710 πόδας
2589 4647 2792 4701 αὐτῶν.
2845 4648 2907 4701 '0
2957 4648 3066 4721 γὰρ
3106 4650 3335 4718 ἀγαπῶν
3382 4669 3505 4705 τινα
3556 4652 3767 4722 θερμῶς

2196 4739 2316 4793 οὐδὲ
2344 4743 2446 4810 τὴν
2473 4741 2708 4813 ἐσχάτην
2741 4740 3047 4810 ὑπηρεσίαν
3075 4742 3239 4796 αὐτοῦ
3269 4747 3630 4815 παραιτεῖται.

2271 4924 2381 4980 Kal
2428 4924 2683 4981 δείπνου
2739 4928 3094 4999 γενομένου.
3141 4926 3232 4980 Ἐν
3278 4926 3356 4998 τῷ
3408 4926 3763 4997 καταλύματι,

2196 5018 2333 5071 ὅπου
2361 5017 2423 5070 τὸ
2454 5021 2801 5087 ἐστρωμένον
2831 5021 3111 5090 ἀνώγεων,
3139 5020 3229 5073 ὅτε
3264 5020 3420 5090 ὀψίας
3449 5021 3765 5089 γενομένης.

2195 5112 2271 5173 ὡς
2302 5106 2421 5163 εἷπε
2462 5111 2763 5175 Ματθαῖος,
2798 5113 3048 5165 ἀνέκειτο
3095 5112 3233 5183 μετά
3265 5111 3375 5165 τῶν
3402 5112 3631 5167 δώδεκα.
3664 5116 3765 5183 Ζή-

2194 5220 2360 5274 τησον
2410 5200 2504 5257 οὖν
2552 5207 2703 5259 τουτὶ
2757 5206 2819 5257 τὸ
2852 5205 3016 5275 ῥητὸν
3048 5207 3107 5258 ὲν
3148 5205 3227 5275 τῷ
3286 5206 3564 5275 ἑξηκοστῷ
3608 5208 3767 5275 τρίτῳ

2196 5300 2479 5369 κεφαλαίῳ
2512 5300 2704 5357 αὐτοῦ.
2745 5300 2843 5353 καὶ
2873 5298 3152 5367 ἀνάγνωθι
3186 5300 3365 5353 πᾶσαν
3390 5301 3488 5369 τὴν
3517 5301 3632 5353 ἐκεῖ
3679 5302 3743 5369 pr,

2203 5393 2390 5445 θεῖσαν
2418 5394 2701 5461 ἐξήγησιν.

2281 5484 2393 5538 Τοῦ
2424 5484 2710 5538 διαϐόλου
2736 5515 2808 5527 -
2844 5482 3109 5553 παραδῷ.
3151 5484 3288 5554 Ἤδη
3336 5482 3659 5553 βεϐληκότος
3688 5486 3755 5537 ὶο

2204 5576 2401 5645 γισμὸν
2428 5578 2569 5643 τότε,
2602 5578 2688 5629 ὅτε
2714 5578 2773 5629 τὸ
2812 5580 2983 5647 μύρον
3008 5576 3263 5648 κατέχεεν
3286 5579 3377 5630 ἐπὶ
3404 5577 3502 5645 τὴν
3532 5580 3764 5646 κεφαλήν

2204 5668 2296 5719 τοῦ
2339 5667 2575 5736 Χριστοῦ
2611 5669 2643 5736 ἡ
2687 5666 2847 5736 γυνὴ,
2905 5667 3031 5736 περὶ
3065 5661 3134 5737 ἦς
3173 5667 3448 5729 Martiale;
3497 5668 3762 5735 ἱστόρησε.

2205 5762 2444 5830 Ζήτησον
2477 5756 2568 5812 οὖν
2608 5762 2742 5831 πρὸς
2772 5758 2849 5831 τῷ
2883 5760 3025 5814 τέλει
3065 5760 3158 5815 τοῦ
3194 5758 3485 5830 ἑξηκοστοῦ
3518 5760 3759 5832 δευτέρου

2426 5900 2470 5933 ⁸⁵
2493 5900 2683 5958 Matth.
2711 5917 2859 5969 xxvr,
2889 5902 2979 5957 20.
