3976 6496
259 404 289 470 1
304 409 415 473 37⁸1

1199 408 1601 481 COMMENT.
1632 406 1716 468 IN
1751 404 2132 469 JOANNEM.
2166 429 2236 441 -
2272 404 2429 465 CAP.
2469 404 2647 466 XIII.

3411 401 3548 470 17.78

256 521 571 592 κεφαλαίου
627 514 803 576 αἰοτοῦ
843 522 939 577 τόν
1006 522 1215 594 Ἀμὴν,
1270 525 1436 596 ἀμὴν
1482 528 1649 596 λέγω
1691 524 1853 596 ὑμῖν.

1979 522 2158 594 :apitis
2185 523 2378 592 ipsius,
2404 522 2497 579 ubi
2530 523 2735 580 dicitur
2762 523 2963 579 :Amen
2982 525 3103 579 dico
3123 524 3293 590 vobis,
3324 525 3520 581 ubiczm
3538 559 3553 568 -

256 611 424 668 ὅπου
450 612 571 667 ἐὰν·
595 613 871 684 κηρυχθῇ
914 616 980 670 τὸ
1013 614 1390 686 Εὐαγγέλιον
1417 616 1596 673 τοῦτο
1629 618 1700 671 ἐν
1730 616 1855 682 ὅλῳ

257 703 349 769 τῷ
369 705 596 774 κόσμῳ,
630 707 724 759 καὶ
754 706 820 760 τὰ
850 706 1000 776 ἑξῆς.
1036 709 1147 763 Καὶ
1169 708 1448 775 ἀνάγνωθι
1474 709 1536 763 τὸ
1570 708 1724 773 τέλος
1752 707 1852 777 τῆς

257 797 384 848 ἐκεῖ
418 798 680 869 meum;
710 798 1049 871 ἐξηγήσεως.

339 886 513 941 Τοῦτο
556 888 613 941 δὲ
658 889 1035 961 παρενέϐαλεν
1081 892 1110 945 ό
1149 892 1568 965 εὐαγγελιστὴς,
1611 893 1855 965 ικπλητ-

256 980 494 1047 τόμενος
548 980 648 1051 τὴν
694 981 1145 1053 ὑπερϐάλλουσαν
1178 983 1273 1037 τοῦ
1314 984 1564 1058 Σωτῆρος
1598 984 1856 1050 ἀνεξικα-

262 1070 411 1135 κίαν,
453 1070 536 1124 ὅτι
566 1072 663 1126 καὶ
706 1074 904 1128 τούτου
939 1075 1068 1140 τοὺς
1108 1076 1279 1141 πόδας
1307 1076 1482 1148 ινιψε,
1520 1076 1853 1147 μελετῶντος

256 1160 367 1231 ήδη
398 1162 691 1232 προδοῦναι
726 1166 913 1222 αὐτόν.

574 1275 733 1332 ΚΕΦ.
775 1276 897 1346 ις’.
930 1278 1070 1347 Περὶ
1103 1279 1211 1334 τοῦ
1232 1297 1523 1351 νιπτηρος

342 1389 610 1457 Ειδὼςσν
653 1392 878 1462 χεῖρας.
918 1391 1009 1458 Ὠς
1034 1394 1148 1466 Υίῷ
1176 1396 1385 1468 γνησίῳ
1419 1400 1512 1452 καὶ
1545 1404 1852 1470 μονογενεῐ.

273 1483 794 1556 ’Δνθρωποπρεπῶς
824 1484 881 1538 δὲ
913 1481 1071 1539 εἶπεν
1114 1488 1198 1541 δτι
1230 1488 1411 1543 πάντα
1441 1490 1674 1546 δέδωκεν
1702 1494 1853 1565 αὐτῷ

258 1577 289 1627 ὁ
323 1576 516 1645 Πατὴρ
555 1577 636 1637 είς
677 1576 779 1640 τὰς
829 1577 1046 1646 χεῖρας,
1105 1578 1450 1649 μιμούμενος
1483 1583 1576 1636 τὸν
1617 1584 1853 1655 Χριστὸν

259 1666 486 1721 τοιοῢτα
533 1668 768 1734 λέγοντα
820 1670 949 1740 περὶ
987 1671 1188 1727 ἑαυτοῦ
1228 1673 1493 1737 πολλάκις
1535 1677 1660 1729 κατ’
1706 1680 1855 1732 obto-

260 1758 481 1828 νομίαν,
510 1760 585 1823 ὼς
612 1759 889 1832 διαφόρως
918 1764 1242 1834 εἰρήκαμεν.
1274 1766 1484 1835 Ὠσπερ
1512 1767 1571 1820 δὲ
1600 1769 1627 1821 ό
1659 1769 1852 1848 Πατὴρ

1963 632 2065 687 qua
2089 615 2442 685 pradicatum
2493 616 2652 685 fuerit
2669 621 2764 669 hoc
2814 616 3171 688 Evangeliun
3202 616 3255 670 in
3302 620 3548 673 universo

1960 707 2158 761 mundo
2182 706 2252 771 “,
2277 713 2333 761 et
2361 714 2586 772 cetera,
2624 716 2681 761 et
2716 709 2836 780 lege
2864 709 3030 763 linem
3062 713 3200 763 data:
3220 710 3294 765 ibi
3319 712 3536 780 exposi-

1963 797 2151 853 tionis.

2030 888 2149 944 Hoc
2175 898 2364 944 autem
2401 887 2737 957 interposuit
2765 889 3107 969 evangelista
3133 905 3260 944 cum
3321 902 3549 957 stupore

1960 980 2239 1035 admirans
2294 980 2656 1036 excellentem
2721 981 2927 1036 Christi
2986 983 3359 1044 clementiam,
3422 999 3549 1051 quia

1961 1072 2129 1141 hujus
2159 1073 2326 1128 etiam
2353 1074 2523 1145 pedes
2563 1072 2716 1140 lavit,
2749 1075 2841 1144 qui
2888 1076 2943 1129 in
2979 1075 3233 1145 proximo
3274 1088 3393 1129 erat
3422 1092 3550 1129 eutu

1959 1166 2288 1223 traditurus.

2239 1277 2396 1334 CAP.
2444 1276 2587 1332 XVI.
2649 1278 2726 1333 De

2036 1391 2193 1446 νει-ε.
2216 1393 2271 1447 ’5.
2300 1388 2482 1446 Sciens
2512 1422 2581 1432 —
2613 1408 2825 1446 manus.
2846 1392 3128 1462 Tanquam
3156 1393 3557 1464 FJioIegitimo

1960 1492 2016 1537 et
2079 1483 2387 1554 unigenito.
2454 1485 2713 1538 Humano
2743 1493 2928 1538 autem
2961 1500 3113 1539 more
3146 1484 3283 1539 dixit
3314 1503 3330 1538 :
3362 1486 3553 1541 Ooimia

1966 1574 2107 1628 dedit
2142 1575 2246 1643 ipsi
2272 1573 2435 1628 Pater
2454 1575 2510 1628 in
2538 1590 2749 1639 manus,
2781 1573 3065 1629 Christum
3100 1575 3279 1645 ipsum
3310 1577 3555 1642 imitans,

1965 1665 2057 1735 qui
2100 1666 2427 1735 lrequenter
2464 1666 2781 1734 huiusmodi
2802 1666 2873 1720 de
2897 1682 2957 1722 se
2980 1667 3385 1736 dispensatorie
3416 1671 3557 1723 solet

1968 1757 2173 1823 dicere,
2198 1757 2344 1812 sicut
2379 1757 2543 1811 variis
2588 1758 2643 1811 in
2675 1757 2814 1812 locis
2869 1757 3133 1811 diximus.
3178 1758 3333 1813 Sicut
3371 1774 3554 1813 autem

2800 1279 2995 1334 latione
3050 1280 3268 1350 pedum.

262 1850 606 1921 παραδίδωσι
660 1852 740 1924 τῷ
786 1852 901 1923 Υίῷ
928 1892 943 1917 ,
988 1852 1135 1907 οὕτω
1165 1857 1260 1910 καὶ
1298 1859 1326 1910 ό
1369 1857 1499 1921 Υἱὸς
1540 1859 1618 1930 τῷ
1650 1847 1851 1933 [lat-pi.

1979 1848 2133 1903 Pater
2184 1848 2353 1905 tradit
2410 1847 2571 1912 Filio,
2641 1848 2721 1902 sic
2770 1857 2825 1903 et
2874 1848 3046 1904 Filius
3082 1848 3256 1903 Patri.
3288 1851 3378 1903 Ait
3404 1854 3555 1905 enim

259 1940 405 2003 Φησὶ
439 1941 552 2012 γὰρ
587 1941 831 2005 Παῦλοςο
869 1942 1051 1998 Ὅταν
1082 1944 1330 2013 παραδῷ
1368 1945 1485 2015 τὴν
1521 1948 1853 2012 ,ϐασιλείαν

1979 1938 2165 1994 Paulus
2186 1955 2203 1996 :
2227 1938 2361 1995 Cum
2394 1939 2674 1993 tradiderit
2703 1956 2921 2010 regnum
2951 1939 3060 1993 Deo
3082 1948 3130 1993 et
3171 1938 3327 1993 Patri
3351 1940 3419 1995 “.

259 2030 348 2098 τῷ
382 2032 505 2098 Θεῷ
532 2034 631 2089 καὶ
662 2035 871 2103 "arpi.

338 2122 452 2177 Kal
481 2153 553 2164 -—
580 2124 820 2194 ὑπάγει.
885 2124 977 2190 Ὠς
1028 2126 1157 2192 Υίδς
1184 2127 1322 2183 Θεοῦ
1355 2131 1451 2184 καὶ
1490 2130 1645 2194 Θεός.
1684 2132 1855 2202 Φησὶν

261 2208 363 2268 οὖν
386 2214 469 2268 ὅτι
504 2215 663 2280 εἰδὼς
703 2217 898 2272 ἑαυτὸν
926 2218 1375 2300 παντοκράτορα,
1402 2223 1498 2275 καὶ
1535 2221 1665 2274 Υἱδν
1692 2221 1852 2288 θεοῦ,

262 2305 366 2360 καὶ
404 2306 675 2378 τοσαύτης
717 2308 819 2379 μὶν
858 2309 1142 2376 ὶξουσίας,
1191 2310 1531 2381 τηλικαύτης
1572 2311 1632 2365 δὲ
1673 2312 1853 2379 ἀξίας,

264 2397 421 2466 ὅμως
460 2399 542 2461 εἰς
590 2400 767 2469 ἄκραν
814 2402 1129 2471 συγκατέδη
1176 2402 1541 2457 ταπείνωσιν·
1596 2404 1716 2475 ἃμα
1756 2408 1856 2478 μὲν

261 2488 365 2559 τὴν
390 2491 470 2553 εἰς
495 2492 621 2553 τοὺς
648 2491 899 2563 μαθητὰς
920 2495 1143 2565 ἀγάπην
1164 2493 1609 2566 ὶνδεικνύμενος,
1654 2498 1772 2569 ἆμα
1796 2499 1855 2553 δὲ

267 2581 545 2636 παιδεύων
583 2585 783 2647 αὐτοὺς
815 2590 1288 2658 ταπεινοφρονεῐν.

344 2670 670 2741 Ἐτείρεται
697 2705 767 2715 —
797 2675 1016 2746 ἱμάτια.
1063 2679 1140 2732 Οὐ
1168 2679 1367 2745 πάντα,
1401 2680 1535 2735 ἀλλὰ
1565 2682 1625 2735 τὸ
1654 2680 1857 2747 ἔξωθεν

273 2766 645 2835 περιϐόλαιον,
698 2768 730 2839 η
782 2770 879 2823 καὶ
931 2770 993 2823 τὸ
1052 2772 1173 2843 μετ’
1222 2775 1420 2843 ἐκεῖνο,
1463 2776 1602 2848 πρὸς
1648 2778 1710 2830 τὺ
1739 2775 1854 2850 (86)

266 2856 538 2927 εὐσταλὴς
570 2854 731 2914 εἶναι.

344 3036 454 3088 Kal
484 3035 693 3089 λαϐὼν
722 3066 795 3077 -
818 3038 1058 3094 ἑαυτόν.
1099 3040 1191 3111 Τῷ
1217 3041 1412 3114 λεντίῳ
1436 3044 1692 3111 διέζωσεν
1727 3048 1853 3100 ἑαυ-

264 3129 359 3181 τὸν
391 3129 525 3199 πρὸς
572 3132 634 3181 τὸ
678 3132 988 3201 ἐκμάσσειν
1031 3133 1098 3186 δι’
1143 3134 1310 3188 αὐτοῦ
1358 3139 1486 3202 τοὺς
1535 3139 1703 3203 πόδας
1741 3140 1852 3193 τῶν

263 3221 635 3289 νιπτομένωι.

338 3309 851 3383 Εἶτα-νιπτῆρα.
882 3317 1053 3381 Αὐτὸς
1080 3320 1170 3373 καὶ
1202 3320 1263 3373 τὸ
1294 3320 1439 3391 ὕδωρ
1468 3324 1724 3394 κομίσας,
1758 3328 1852 3378 καὶ

264 3405 447 3459 πάντα
494 3408 635 3476 μετὰ
687 3408 871 3480 πάσης
917 3412 1227 3482 προθυμίας
1274 3415 1699 3486 αὑτουργήσας,
1766 3418 1853 3471 ἵνα

267 3500 362 3551 καὶ
392 3500 553 3568 ἡμεῖς
586 3500 962 3565 διακονοῦντες
1014 3504 1193 3558 πάντα
1223 3508 1365 3575 μετὰ
1415 3510 1595 3579 πάσης
1644 3511 1852 3581 προθυ-

268 3592 399 3661 μίας
428 3592 542 3662 (87)
584 3594 1000 3664 αὐτουργῶμεν,
1053 3596 1133 3657 εὶς
1170 3599 1379 3651 ἐκεῖνον
1423 3602 1852 3664 ἀποϐλέποντες,

266 3683 362 3733 καὶ
394 3682 468 3751 μὴ
518 3682 900 3751 ὲπαιρὼμεθαο
937 3687 989 3736 τί
1014 3686 1124 3755 γὰρ
1153 3687 1314 3757 ἡμεῖς
1366 3691 1500 3758 πρὸς
1552 3693 1641 3744 τὸν
1685 3692 1852 3758 Θεόν;

267 3775 341 3826 Τὸ
373 3776 561 3843 μέντοι
586 3774 819 3841 λέντιον,
851 3777 945 3829 καὶ
974 3778 1067 3829 τὸν
1096 3780 1356 3849 νιπτῆρα,
1390 3782 1483 3834 καὶ
1510 3782 1609 3852 τὴν
1640 3785 1851 3857 ὑδρίαν,

265 3867 375 3919 ἀπὸ
414 3866 509 3919 τοῦ
556 3867 940 3920 οἰκοδεσπότου
975 3859 1194 3934 πάντως
1246 3872 1438 3926 ἐλαϐεν
1485 3876 1699 3948 εἰς-τὴν
1732 3883 1855 3931 τότε

266 3963 486 4031 χρῆσιν.

338 4142 447 4198 Kal
475 4172 545 4184 —-
567 4142 810 4212 Πέτρον.
877 4143 1033 4200 Ἐπεὶ
1059 4146 1263 4219 ἤρξατο
1301 4148 1529 4218 νίπτειν,
1577 4148 1695 4206 εἶτα
1722 4150 1855 4225 ἦ).οε

265 4237 403 4303 πρὸς
452 4235 546 4289 τόν
578 4237 810 4309 Πέτρον,
859 4240 1107 4309 φαίνεται
1156 4242 1239 4295 ὅτι
1290 4242 1404 4313 (88)
1450 4247 1667 4317 πρῶτον
1702 4249 1856 4319 ἔνιψε

263 4330 391 4391 τοὺς
439 4328 607 4392 πόδας
645 4328 739 4383 τοῦ
799 4330 1176 4402 Ἰσκαριώτου,
1226 4333 1344 4405 ἅμα
1398 4335 1499 4407 μὲν
1548 4340 1856 4410 εὐεργετῶν

264 4422 395 4490 ἄχρι
431 4420 663 4475 θανάτου
693 4422 788 4477 καὶ
816 4423 997 4494 τιμῶν
1017 4424 1110 4478 τὸν
1141 4428 1408 4499 προδότην
1434 4431 1625 4498 αὐτοῦ,
1652 4434 1736 4487 ῐνα
1761 4436 1856 4489 καὶ

264 4517 427 4585 ⁴ἡμεῖς
451 4514 654 4584 ὁμοίως
689 4515 959 4585 ποιῶμεν,
991 4518 1108 4586 ἆμα
1134 4517 1191 4571 δὲ
1220 4520 1313 4597 καὶ
1339 4520 1661 4593 βουλόμενος
1691 4525 1854 4580 αὐτὸν

2035 2115 2193 2173 Vers.
2223 2115 2278 2171 3.
2314 2114 2472 2169 Et—
2496 2115 2619 2169 iret.
2643 2112 2930 2184 Tanquam
2967 2113 3141 2169 Filius
3172 2115 3267 2169 Dei
3300 2131 3365 2170 ac
3388 2116 3553 2175 Deus.

1959 2208 2053 2263 Ait
2082 2222 2259 2279 ergo:
2300 2204 2496 2260 Sciens
2554 2205 2799 2274 seipsum
2855 2204 3291 2273 omnipotentem
3349 2220 3415 2259 ac
3450 2204 3546 2260 Dei

1959 2297 2159 2353 Filium
2185 2313 2205 2351 :
2232 2296 2361 2352 licet
2386 2305 2549 2351 tanta:
2603 2306 2750 2350 esset
2792 2294 2902 2365 (hit)
2934 2297 3241 2365 potestatis,
3320 2298 3555 2367 talisque

1960 2389 2266 2460 dignitatis,
2298 2390 2366 2443 ad
2398 2398 2700 2442 extremam
2736 2398 2921 2441 tamen
2949 2388 3240 2443 descendit
3268 2388 3555 2444 humilita-

1963 2490 2097 2545 tem,
2126 2490 2242 2536 tum
2283 2482 2633 2536 dilectionem
2675 2497 2803 2551 erga
2860 2482 3164 2551 discipulos
3223 2485 3551 2550 ostendens,

1963 2581 2076 2627 tum
2108 2587 2204 2626 eos
2233 2573 2407 2625 animi
2440 2573 2769 2626 modestiam
2799 2572 3063 2627 edocens.

2032 2661 2186 2717 Vers.
2222 2663 2277 2717 4.
2310 2660 2493 2735 Surgit
2520 2692 2591 2702 —
2617 2664 2954 2719 vestimenta.
3013 2665 3136 2717 Non
3189 2668 3395 2731 omnia,
3452 2668 3553 2723 sed

1961 2754 2299 2809 exteriorem
2386 2754 2675 2819 amictum,
2746 2765 2841 2808 aut
2898 2757 3067 2809 etiam
3139 2756 3552 2820 indumentum.

1958 2848 2103 2916 quod
2134 2848 2274 2901 vesti
2310 2846 2385 2900 illi
2406 2847 2666 2901 exteriori
2700 2846 3037 2911 adhaerebat,
3067 2862 3178 2916 quo
3210 2849 3553 2904 succinctior

1957 2922 2105 2994 esset
2137 2940 2205 2993 ad
2236 2939 2292 2994 id
2358 2940 2504 3008 quod
2523 2939 2705 2993 facere
2746 2940 2995 3009 parabat.

2027 3031 2185 3087 Vers.
2248 3033 2304 3087 4.
2364 3032 2596 3102 Cumque
2655 3035 2943 3102 accepisset
2973 3063 3037 3072 —
3082 3050 3155 3087 se.
3200 3032 3399 3089 Lintea
3429 3050 3554 3092 sese

1958 3124 2246 3197 praecinxit
2285 3126 2352 3181 ad
2380 3125 2748 3194 extergendos
2780 3127 3139 3181 lavandorum
3175 3128 3366 3195 pedes.

2035 3330 2190 3386 Vcrs.
2250 3330 2302 3384 5.
2356 3327 2897 3396 Deinde—pelvim.
2957 3326 3081 3396 Ipse
3138 3329 3302 3382 etiam
3354 3346 3551 3400 aquam

1956 3421 2185 3482 ferebat,
2244 3427 2300 3472 et
2372 3418 2628 3472 universa
2708 3433 2833 3472 cum
2901 3419 3052 3470 omni
3122 3423 3554 3489 promptitudine

1958 3512 2199 3584 propriis
2220 3510 2477 3565 manibus
2501 3509 2738 3563 iaciebat
2827 3518 2888 3563 ut
2934 3519 2990 3563 et
3025 3524 3125 3564 nos
3152 3510 3549 3581 iiiiuistratites,

1956 3613 2153 3658 cuncta
2177 3617 2301 3656 cum
2337 3605 2486 3655 omni
2525 3599 2965 3669 promptitudine
2999 3614 3097 3668 per
3159 3602 3417 3670 nosipsos
3465 3605 3549 3656 ia-

1957 3696 2192 3760 ciamus,
2250 3695 2305 3747 in
2386 3694 2541 3747 illum
2629 3693 3037 3760 reapicientes:
3104 3709 3286 3760 neque
3374 3698 3554 3749 extol-

1957 3789 2173 3842 lamnr:
2228 3784 2358 3855 quid
2436 3785 2585 3839 enim
2676 3799 2875 3838 sumus
2928 3800 3050 3845 nos,
3130 3787 3177 3839 si
3244 3786 3310 3839 ad
3376 3784 3549 3841 Deum

1957 3874 2638 3933 conferamur?Linteum
2671 3876 2883 3943 itaque,
2923 3876 3126 3940 pelvim
3180 3890 3243 3930 ac
3300 3878 3549 3948 hydriam

1956 3986 1989 4025 a
2031 3968 2421 4037 patrefamilias
2473 3966 2668 4038 procul
2714 3968 2885 4021 dubio
2930 3968 2985 4020 in
3016 3984 3144 4023 eum
3194 3978 3324 4025 tunc
3387 3988 3549 4027 usum

1957 4062 2193 4131 accepit.

2030 4153 2188 4210 Vers.
2244 4154 2297 4209 5.
2331 4154 2498 4208 Et—
2532 4152 2687 4208 Vers.
2752 4153 2806 4207 6.
2872 4151 3113 4207 Petrum.
3169 4154 3305 4219 Quia
3366 4156 3551 4211 lavare

1956 4249 2132 4318 coepit
2181 4263 2245 4301 ac
2311 4246 2666 4317 postmodum
2703 4247 2856 4299 venit
2888 4245 2954 4299 ad
2990 4244 3238 4309 Petrum,
3298 4260 3547 4317 apparet,

1956 4342 2104 4413 quod
2136 4340 2372 4411 primum
2402 4338 2599 4393 laverit
2631 4337 2798 4407 pedes
2853 4336 3151 4403 lscariotae,
3216 4338 3380 4392 simul
3425 4340 3549 4410 qui.

1956 4439 2081 4494 dem
2117 4434 2389 4492 beneﬁcio
2441 4433 2687 4488 alliciens
2738 4448 2803 4487 ac
2861 4432 3141 4488 honorans
3203 4434 3545 4503 proditorem

1957 4546 2118 4585 suum
2152 4543 2325 4598 usque
2348 4528 2417 4582 ad
2456 4535 2719 4590 mortem,
2752 4533 2813 4581 ut
2842 4534 2899 4580 et
2925 4541 3027 4581 nos
3051 4525 3307 4580 similiter
3377 4527 3548 4584 facia-

268 4608 673 4680 κατανυγῆναι,
703 4608 929 4663 τοιαῦτα
958 4609 1101 4665 κατὰ
1132 4610 1227 4665 τοῦ
1256 4601 1501 4667 τοιούτου
1548 4617 1850 4688 κηδεμόνος

1979 4636 2102 4678 nus.
2140 4619 2316 4675 Simul
2373 4618 2541 4673 etiam
2582 4618 2881 4689 compungi
2934 4618 3127 4672 volens
3196 4617 3371 4684 illum,
3449 4620 3545 4690 qui

263 4698 674 4767 διανοούμενον.

337 4790 786 4858 Kal—adduc;
830 4792 903 4844 Σὺ
932 4793 961 4845 δ
990 4792 1119 4858 Υἱὸς
1158 4796 1254 4847 τοῦ
1312 4795 1497 4864 ’Θεοῦ;
1545 4798 1855 4870 Εκπλαγεὶς

267 4885 381 4954 γὰρ
416 4878 540 4938 εῐπε
574 4884 756 4952 τοῦτο,
790 4887 885 4938 καὶ
912 4886 1118 4957 σφόδρα
1144 4886 1494 4957 εὐλαϐηθείς.

339 5060 660 5136 Ἀπεκρίθη
695 5091 767 5101 -
800 5060 954 5127 ἄρτι.
1010 5064 1076 5115 ’0
1113 5064 1226 5133 ἐγὼ
1253 5064 1492 5119 διδάσκω
1524 5067 1612 5121 διὰ
1654 5070 1845 5124 τούτου

266 5155 361 5209 τοῦ
394 5155 745 5226 πράγματος.

343 5315 386 5346 ⁸⁸
422 5316 612 5373 Matth.
646 5333 795 5383 xxvr,
830 5317 919 5373 l5.
1031 5318 1077 5349 "
1105 5318 1125 5373 I
1153 5319 1278 5376 Cor.
1315 5335 1405 5383 xv,
1435 5319 1529 5375 24.

1956 4713 2088 4767 talia
2136 4712 2405 4767 adversus
2452 4710 2620 4766 talem
2654 4712 3085 4781 gubernatorem
3117 4709 3404 4781 cogitaret.

2028 4804 2187 4860 Vers.
2219 4803 2271 4858 6.
2305 4802 2376 4858 Et
2412 4832 2480 4847 --
2511 4804 2711 4874 pedes?
2740 4802 2825 4857 Tu
2852 4802 2946 4873 qui
3018 4802 3191 4857 Filius
3220 4803 3312 4856 Dei
3347 4804 3455 4859 es?
3484 4804 3544 4860 In

1957 4904 2242 4965 stuporem
2284 4910 2482 4950 versus
2513 4895 2619 4950 hoc
2673 4894 2835 4961 dixit,
2904 4909 2969 4949 ac
3031 4894 3395 4950 vehementer
3417 4912 3545 4952 cum

1958 4986 2271 5041 reverentia
2310 4987 2544 5041 veritus.

2028 5075 2186 5133 Vers.
2223 5079 2274 5132 7.
2334 5076 2622 5147 Respondit
2660 5108 2730 5122 —
2806 5077 2981 5133 modo.
3042 5076 3199 5145 Quod
3229 5094 3328 5150 ego
3352 5078 3454 5134 hac
3483 5096 3545 5135 re

1955 5166 2149 5223 doceo.

1452 5479 1653 5541 Varias
1686 5478 2004 5542 lectiones
2038 5485 2100 5542 et
2135 5487 2327 5541 notas.

337 5648 447 5715 (86)
482 5647 751 5705 Εὑσταλές
793 5647 858 5698 Α.

337 5722 448 5786 (87)
479 5717 694 5785 Αὑτοαρ
710 5718 820 5780 (ia;
854 5720 917 5770 A.

2033 5647 2143 5727 {88)
2180 5647 2409 5704 Esthacc
2446 5646 2818 5719 Chrysostomi
2869 5650 3082 5721 opinio,
3120 5660 3250 5706 tom.
3291 5652 3427 5719 \lll,
3468 5671 3527 5727 p.

1940 5717 2045 5771 “5
2080 5724 2141 5771 Α.

340 5877 448 5948 (ωδ)
486 5876 853 5930 Licet—esset.
881 5873 935 5928 In
977 5875 1163 5931 Graeco
1200 5886 1406 5931 tantum
1433 5886 1534 5941 cst,
1559 5892 1622 5929 ac
1650 5887 1809 5930 tanta:
1834 5876 2128 5946 potestatis.
