3976 6480
476 338 614 403 1379

1708 304 2084 396 summu
2129 335 2489 396 messem
2530 372 2537 377 ς

3582 340 3714 400 1350

544 446 694 503 Vcrs.
739 443 791 500 6.
831 444 973 501 Scies
1003 462 1176 500 autem
1211 454 1405 513 prstea.
1464 441 1693 510 Quando
1749 446 1849 497 hoc
1879 443 2053 497 mani-

2232 442 2451 515 Γνώσῃ
2484 443 2551 497 δὲ
2589 444 2739 516 μετρ
2784 444 2988 498 ταῦτα.
3038 445 3164 499 Ὅτε
3219 443 3514 514 φανερώεω
3568 451 3716 499 αᾲτῡ.

472 538 769 592 l'cstavcro.
822 536 950 591 Nam
984 537 1145 606 paulo
1202 545 1323 603 post
1349 534 1416 588 de
1450 536 1550 588 hoc
1609 534 1863 589 dicturus
1918 544 2053 588 est:

473 629 531 683 Si
578 647 672 699 ego
724 630 832 683 lavi
889 639 1086 683 vestros
1160 628 1313 697 pedes
1368 626 1620 680 Dominus
1657 634 1705 679 et
1760 623 2052 695 Magister,

475 735 525 776 et
552 739 637 776 vos
689 722 881 775 debetis
926 722 1147 774 invicem
1178 720 1273 773 alii
1328 721 1555 772 alterunt
1596 719 1775 771 luvare
1817 720 1970 786 pedes
1988 720 2053 771 ".

477 813 574 868 Vel
648 816 791 867 scies
836 825 1049 883 postea,
1122 827 1246 867 cum
1302 826 1387 866 me
1446 810 1653 864 videris
1708 809 1763 863 in
1827 806 2056 865 "coelum

476 916 839 974 assumptum,
876 921 997 959 cum
1062 904 1275 960 venerit
1331 919 1498 974 super
1539 918 1634 958 vos
1700 902 2053 957 Paracletus:

482 1010 610 1052 tunc
665 998 816 1052 enim
868 999 1032 1065 scies,
1090 997 1266 1068 qualis
1328 996 1491 1067 quale
1548 994 1778 1051 fecerim
1837 1011 1975 1065 Opus
2004 1005 2057 1049 et

476 1106 665 1158 quare.

553 1180 693 1234 Vers
780 1180 831 1235 8.
869 1181 960 1234 Ait
991 1189 1361 1235 ——a:tcrnum.
1409 1178 1524 1234 Hoc
1577 1188 1679 1244 est,
1736 1193 2057 1249 nunquam;

478 1272 830 1327 asseverabat
860 1274 1009 1325 cnim
1042 1276 1319 1326 honorans
1348 1272 1501 1326 illum
1536 1286 1601 1325 ac
1629 1286 1916 1325 venerans.

552 1364 707 1418 νει-ε.
747 1362 799 1416 8.
838 1363 1122 1433 Respondit
1152 1392 1221 1403 -—
1257 1363 1412 1417 Vers.
1452 1364 1507 1418 9.
1546 1372 1726 1431 caput.
1751 1362 1870 1415 Non
1902 1359 2057 1425 dixit,

480 1471 642 1527 quam
675 1454 745 1507 ob
775 1470 995 1509 causam
1032 1457 1133 1509 hoc
1170 1454 1394 1517 iaceret,
1428 1456 1608 1507 sciens
1633 1452 1706 1506 illi
1763 1468 1871 1506 non
1901 1466 2061 1520 posse

478 1564 544 1600 eu
587 1547 748 1599 modo
782 1546 1128 1614 persuaderi,
1163 1547 1257 1598 sed
1293 1544 1478 1613 potius
1530 1543 1704 1613 magis
1733 1553 2061 1614 repugnatu-

477 1653 644 1700 rum;
686 1638 778 1690 sed
808 1652 933 1690 cum
971 1652 1084 1706 pra:
1137 1636 1309 1690 nimio
1372 1651 1556 1690 amore
1586 1646 1939 1704 repugnaret,
1994 1648 2060 1688 ex

478 1731 581 1784 huc
618 1729 1051 1797 illipersnadct:
1110 1729 1478 1782 comminatus
1534 1743 1771 1798 namque
1824 1727 2060 1781 excisio-

475 1837 626 1884 nem,
679 1822 930 1890 protinus
992 1836 1117 1873 eum
1176 1820 1478 1882 inclinavit,
1536 1820 1814 1890 fecitque,
1859 1831 1917 1873 ut
1967 1820 2056 1874 ille

478 1913 715 1983 amplius
769 1924 940 1983 petat,
1009 1928 1171 1981 quam
1216 1914 1369 1981 prius
1418 1915 1485 1968 ab
1518 1929 1583 1967 eo
1636 1915 1962 1983 petebatur:
2004 1922 2059 1967 et

481 2013 689 2054 tantum
743 2018 801 2055 se
824 2002 1108 2055 oderatad
1138 2000 1189 2056 id
1231 2003 1603 2057 ministerium
1642 2004 2054 2073 perferendum,

476 2104 739 2161 quantum
766 2096 917 2164 prius
934 2094 999 2148 ad
1022 2095 1457 2166 repugnandum,
1482 2095 1590 2149 imo
1616 2098 1780 2157 etiam
1801 2096 2055 2165 amplius.

477 2183 599 2237 Non
630 2194 864 2248 tantum,
895 2186 1095 2253 inquit,
1128 2185 1303 2251 pedes,
1338 2186 1428 2237 sed
1459 2194 1507 2237 et
1535 2200 1722 2236 inaniis
1751 2194 1799 2237 et
1859 2196 2013 2253 caput
2039 2200 2057 2237 :

484 2274 563 2328 ita
593 2274 760 2328 nimia
786 2274 1079 2327 dilectione
1100 2282 1157 2327 et
1186 2274 1422 2327 nrimum
1456 2273 1777 2338 obsistebat,
1807 2283 1860 2328 et
1913 2287 2061 2344 post-

481 2366 705 2419 modum
729 2364 1091 2419 concedebat.

548 2477 704 2531 Vers.
746 2478 831 2531 10.
868 2479 1007 2531 Dicit
1039 2508 1110 2519 —
1132 2480 1280 2534 estis.
1302 2478 1381 2534 Ne
1412 2480 1771 2550 opinarentur
1798 2480 2058 2533 lotioncm

478 2569 646 2633 banc,
683 2566 1130 2637 puriﬁcationem
1154 2570 1447 2637 quamdam
1486 2571 1811 2639 csse,quale
1856 2580 1911 2624 et
1967 2570 2063 2624 ba-

485 2663 708 2730 ptisma,
767 2661 1087 2728 huiusmodi
1117 2660 1432 2731 opinionem
1467 2663 1851 2733 exemplariter
1900 2664 2063 2717 solvit

477 2754 702 2805 ditens:
738 2751 839 2815 Qui
872 2751 1009 2805 lotus
1060 2762 1155 2813 est,
1191 2768 1294 2806 non
1355 2754 1548 2823 indiget
1573 2752 1770 2817 lavari,
1801 2756 1901 2808 nisi
1926 2755 2061 2809 solos

480 2845 653 2914 pedes,
708 2844 910 2912 quibus
967 2842 1231 2898 calcando
1273 2843 1553 2899 lavacrum
1618 2848 1924 2916 egreditur,
1964 2845 2060 2901 sed

480 2947 565 2990 est
596 2937 833 2989 mundus
861 2946 1027 3002 totus,
1061 2944 1250 3005 utpote
1280 2937 1389 3007 jam
1413 2937 1578 2999 lotus.
1634 2936 1703 2991 Et
1754 2955 1841 2993 vos
1876 2940 2061 3013 mundi

478 3029 625 3092 estis,
659 3042 856 3097 nempe
889 3028 1137 3082 mundati
1169 3029 1282 3098 jam
1345 3044 1445 3098 per
1492 3029 1827 3095 doctrinam,
1896 3046 2061 3100 quam

483 3137 580 3175 vos
612 3121 795 3185 docui,
831 3131 885 3175 et
918 3121 1132 3186 abjécta
1163 3121 1313 3176 omni
1337 3123 1611 3192 pravitate
1636 3139 1702 3179 ac
1737 3124 1967 3179 malitia.

550 3298 685 3352 Nam
742 3305 794 3352 et
816 3297 1243 3369 Chrysostomus
1276 3297 1649 3368 interpretans
1677 3298 1830 3365 illud,
1862 3298 1931 3353 Et
1980 3315 2068 3355 vos

481 3391 667 3443 mundi
683 3392 828 3455 estis,
855 3391 931 3444 ait
956 3391 1119 3444 etiam
1161 3391 1439 3462 adjectum
1493 3406 1637 3456 esse,
1698 3392 1927 3463 Propter
1956 3409 2072 3448 ser-

480 3498 699 3537 munem
748 3498 911 3552 quem
958 3484 1177 3538 locutus
1218 3498 1341 3538 sum
1375 3483 1549 3538 vobis.
1597 3483 1785 3554 Itaque
1815 3485 2069 3540 doctrina

479 3590 592 3630 non
632 3590 773 3644 opus
805 3586 891 3628 est
912 3576 1090 3640 vobis,
1123 3583 1185 3630 ut
1222 3574 1569 3629 mundemini
1623 3574 1693 3630 ab
1743 3576 1832 3630 bis
1868 3575 2070 3646 quibus

478 3668 589 3736 jam
621 3666 908 3719 emundati
947 3668 1099 3732 estis,
1134 3664 1238 3722 nisi
1274 3677 1335 3721 ut
1365 3666 1498 3721 solis
1525 3667 1762 3737 pedibus
1784 3666 2066 3734 laveminl,

480 3765 709 3827 propter
732 3772 976 3822 causam,
996 3773 1159 3828 quam
1182 3773 1331 3814 nunc
1356 3774 1469 3816 non
1486 3759 1665 3825 scitis,
1684 3758 1868 3815 scietis
1884 3768 2069 3814 autem

480 3858 693 3917 postea.

552 3938 710 3993 Vers.
745 3939 829 3996 10.
859 3939 961 3995 Sed
983 3957 1086 3994 non
1107 3957 1302 3996 omnes.
1324 3941 1443 3998 Non
1466 3957 1661 3997 omnes
1699 3942 1887 3998 mundi
1913 3943 2066 4000 estis.

554 4032 715 4087 Vers.
767 4033 855 4088 tl.
919 4031 1230 4087 Sciebat—
1266 4038 1412 4091 estis.
1460 4035 1696 4092 Noverat
1756 4052 1905 4105 eum,
1972 4040 2067 4108 qui

482 4129 856 4199 praecipitatus
885 4136 941 4183 et
971 4130 1377 4184 contaminatus
1401 4140 1539 4185 erat.

557 4219 719 4276 Yers.
752 4223 838 4275 12.
874 4221 1005 4278 Cum
1028 4251 1097 4262 -—
1120 4223 1304 4278 vobis?
1360 4222 1686 4295 lgnorantes
1745 4223 2065 4294 interrogat,

488 4329 598 4384 quo
651 4315 977 4370 attentiores
1039 4314 1274 4370 reddat:
1331 4332 1455 4371 nam
1504 4326 1793 4387 postquam
1858 4315 2065 4371 factum

481 4415 585 4467 est,
620 4406 737 4460 vult
760 4421 908 4460 nunc
937 4406 1137 4461 docere
1168 4406 1316 4476 quod
1368 4408 1720 4479 ignorabant.

556 4496 711 4552 Vers.
760 4497 847 4555 15.
908 4497 1003 4552 Vos
1054 4500 1352 4553 «etenim.
1416 4499 1551 4553 Sum
1614 4501 1741 4566 ista,
1807 4481 2146 4569 tanquamD

488 4585 655 4641 Deus.
708 4586 843 4641 Nam
872 4603 997 4643 cum
1033 4590 1323 4660 discipulis
1350 4590 1583 4660 loquens
1648 4607 1770 4648 sese
1838 4593 2063 4663 detegit.

485 4677 687 4733 Dicens
720 4680 904 4749 itaque
934 4697 947 4734 :
979 4682 1077 4737 Vos
1108 4684 1281 4737 dicitis
1306 4699 1324 4748 ;
1366 4699 1465 4739 vos
1493 4700 1583 4740 me
1632 4686 1707 4740 ita
1738 4687 2061 4757 appellatis:

488 4785 799 4825 sermonem
864 4773 1066 4828 invidia
1144 4790 1333 4831 carere
1376 4776 1525 4833 fecit.
1589 4779 1812 4834 Addens
1880 4790 2060 4834 autem

484 4859 640 4927 Sum,
671 4864 982 4932 bujusmodi
1012 4866 1356 4921 conﬁrmavit
1400 4870 1816 4940 appellationes,
1864 4887 1966 4926 nec
1996 4872 2065 4927 ad

487 4954 738 5019 gratiam,
768 4957 862 5010 sed
895 4965 1124 5028 propter
1155 4960 1447 5015 veritatem
1501 4962 1676 5018 dictas
1716 4963 2064 5019 demonstra—

486 5043 582 5099 vit.
624 5046 743 5100 Jan:
776 5064 905 5120 ergo
923 5051 1053 5106 hinc
1076 5052 1499 5108 ratiocinemini.

597 5292 638 5323 ⁸⁷
664 5294 823 5347 Joan.
855 5308 969 5357 λιιι,
1010 5297 1092 5351 is.

2087 3140 2134 3203 C

2159 536 2274 588 υὺκ
2325 537 2405 598 εἰς
2458 518 2673 605 μακρὰν
2707 536 2811 605 γᾶρ
2854 538 2971 602 ipsi
2996 538 3122 606 περὶ
3177 537 3362 590 τούτου
3400 540 3477 588 Et:
3513 542 3572 590 Ei
3611 539 3717 605 ἐγὼ

2159 628 2343 694 ἔνιψα
2368 628 2529 695 ὑμῶν
2557 625 2693 693 τοὺς
2724 625 2933 691 πόδας,
2961 631 2993 681 ό
3018 630 3231 694 Κύριος
3256 630 3350 681 καὶ
3384 632 3414 683 ό
3444 629 3657 682 διδάσκ
3697 655 3718 671 -

2159 724 2291 784 λος.
2340 720 2439 773 καί
2483 718 2651 788 ὑμεῖς
2697 722 2969 788 ὀφείλετε
2998 721 3289 790 ἀλλήλων
3328 724 3556 775 νίπτειν
3585 726 3721 790 τοὺς

2161 811 2372 875 πέδας,
2410 814 2501 863 καὶ
2526 811 2590 863 τὰ
2625 812 2841 882 ἑξῆςοῆ
2876 810 3059 881 γνώσῃ
3096 812 3233 881 μετὰ
3269 814 3459 875 ταῦτα,
3494 816 3623 867 ὅταν
3658 834 3722 885 με

2166 900 2277 970 ἴδῃς
2314 901 2833 970 ἀναλαμὸανόμενον
2865 904 2945 964 εἰς
2979 900 3068 953 τὸν
3092 901 3339 971 οὐρανὸν,
3373 904 3499 956 ὅταν
3531 906 3655 976 ἔλθῃ
3700 910 3724 959 ὁ

2164 993 2521 1063 Ιιαράκλητος
2568 995 2655 1062 ἐφ’
2685 994 2861 1062 ὑμᾶς·
2900 994 3020 1045 τότε
3052 993 3159 1063 γὰρ
3202 994 3380 1065 γνώσῃ
3426 997 3605 1065 ἡλίκος
3651 997 3722 1050 ὧν

2164 1084 2352 1152 ἡλίκον
2385 1084 2543 1152 ἔργον
2572 1086 2804 1154 ἐποίησα
2837 1085 2928 1136 καὶ
2957 1085 3117 1139 διατί.

2236 1177 2409 1243 Λέγει
2424 1207 2489 1217 -
2509 1176 2713 1231 αἰῶνα.
2734 1206 2803 1217 —
2824 1180 2929 1244 Είς
2958 1178 3064 1231 τὸν
3082 1179 3408 1245 αἱῶνα,ἀντὶ
3434 1181 3523 1235 τοῦ
3552 1184 3687 1237 Π.)τέ
3708 1204 3719 1215 ·

2163 1266 2563 1338 διισχυρίζεται
2586 1268 2694 1337 γὰρ
2721 1269 2897 1339 τιμῶν
2930 1268 3094 1344 αὐτὸν
3126 1272 3217 1323 καὶ
3247 1270 3364 1325 λίαν
3393 1272 3721 1343 αἰδούμενοῗ.

2235 1359 2546 1429 Ἀπεκρίθη
2576 1390 2644 1401 -
2668 1360 2966 1429 κεφαλήν.
3003 1362 3117 1414 Οὐκ
3146 1357 3264 1414 εἶπε
3302 1363 3398 1433 μὲν
3426 1364 3567 1426 τίνος
3612 1364 3725 1417 ιντο

2164 1469 2260 1504 κεν
2300 1450 2459 1504 τοῦτο
2484 1454 2648 1515 ποιεῖ,
2684 1450 2969 1519 γινώσκων
3000 1452 3161 1505 αὐτὸν
3200 1452 3273 1521 μὴ
3305 1452 3728 1522 πεισθησὸμενιν

2164 1546 2273 1599 ἀπὸ
2326 1544 2559 1611 τούτου,
2623 1545 2825 1612 μᾶλλον
2870 1543 2970 1612 μὲν
3007 1540 3100 1598 οὖν
3148 1546 3236 1596 ἐπὶ
3286 1544 3443 1597 πλέον
3484 1548 3730 1614 ἐνστησό-

2168 1652 2361 1706 μενον·
2410 1638 2533 1687 ἐπεὶ
2572 1636 2627 1688 δὲ
2674 1634 2782 1689 ἀπὸ
2831 1635 3032 1705 πολλῆς
3086 1637 3307 1707 ἀγάπης
3344 1637 3726 1706 διῑσχυρίζετο,

2165 1728 2273 1780 ἀπὸ
2304 1727 2509 1796 ταύτης
2536 1726 2703 1779 αὑτὸν
2734 1726 2933 1780 πείθει.
2969 1726 3297 1796 Ἀπειλήσας
3327 1728 3433 1797 γὰρ
3465 1727 3730 1780 ἔκπτωσιν

2167 1820 2363 1883 αὐτῆς,
2411 1820 2609 1873 αὐτίκα
2654 1819 2842 1873 τοῦτον
2885 1820 3187 1882 ὑποκλίνει,
3221 1820 3312 1871 καὶ
3346 1821 3488 1872 ποιεί
3533 1818 3731 1888 μᾶλλοι

2168 1914 2337 1964 αἰτεῖν
2367 1910 2395 1963 ὃ
2425 1911 2538 1982 (89)
2571 1911 2702 1983 πρὶν
2736 1914 3053 1982 παρῃτεῖτο,
3102 1912 3195 1965 καὶ
3226 1912 3489 1982 τοσαύτην
3526 1912 3734 1964 ίκεσίαν

2167 2007 2443 2078 εἰσφέρειν
2465 2009 2598 2077 ὅσην
2629 2007 2895 2078 πρότερον
2924 2006 3201 2075 εἰσέφερεν
3232 2006 3501 2069 ἔνστασιν,
3534 2003 3734 2074 μᾶλλην

2166 2099 2221 2152 δὲ
2249 2103 2341 2152 καὶ
2372 2100 2613 2153 πλείονα.
2658 2099 2752 2167 Μὴ
2789 2100 2928 2165 τοὺς
2968 2100 3157 2166 πόδας
3184 2100 3312 2168 γὰρ,
3344 2098 3494 2166 φησὶ,
3520 2099 3733 2166 μόνον,

2166 2192 2326 2246 ἀλλὰ
2358 2193 2453 2245 καί
2494 2191 2598 2257 τὰς
2632 2192 2835 2261 χεῖρας
2873 2194 2969 2245 καί
3004 2192 3116 2259 τὴν
3158 2191 3449 2259 κεφαλήν.
3484 2189 3639 2242 Οὕτω
3668 2187 3735 2239 δι’

2170 2284 2481 2355 ὑπερϐολὴν
2508 2285 2730 2355 ἀγάπης
2756 2286 2850 2338 καὶ
2889 2284 3103 2355 πρῶτον
3136 2286 3349 2353 ἐνέστη,
3391 2284 3483 2335 καὶ
3510 2282 3737 2351 ὕστερον

2168 2380 2418 2432 ἐνέδωκε.

2242 2470 2413 2541 Λέγει
2442 2501 2513 2515 -—-
2541 2472 2704 2526 ἐστε.
2740 2472 2858 2528 Ἵνα
2893 2471 2965 2543 μὴ
3010 2470 3354 2525 ύπολάδωσιν
3388 2472 3467 2522 ὅτι
3509 2470 3541 2537 η
3594 2466 3735 2535 vidi;

2169 2564 2309 2634 αὕτη
2361 2564 2658 2635 καθάρσιόν
2705 2584 2758 2619 τι
2808 2568 2979 2629 ἐστιν,
3032 2559 3143 2617 οἷον
3189 2564 3283 2616 καὶ
3336 2562 3393 2615 τὸ
3429 2562 3733 2631 βάπτισμα,

2168 2659 2286 2712 λύει
2332 2659 2432 2726 τὴν
2470 2657 2730 2728 τοιαύτην
2778 2656 3013 2726 ὑποψίαν
3064 2653 3602 2725 παραδειγματικῶς,
3653 2654 3735 2705 ὅτι

2185 2748 2247 2802 '0
2272 2748 2645 2817 λελουμένος
2684 2752 2755 2801 οὺ
2785 2744 2984 2817 χρῄζει
3010 2748 3369 2807 λούσασθαι,
3404 2746 3451 2797 εί
3481 2742 3565 2814 μὴ
3600 2742 3736 2806 τοὺς

2170 2840 2363 2905 πόδας
2391 2840 2690 2908 νίψασθαι
2728 2840 2981 2908 μόνους,
3012 2838 3147 2890 διότι
3176 2836 3384 2899 τούτοις
3420 2834 3735 2905 περιπατῶν

2171 2932 2343 2997 ἔξεισι
2377 2932 2472 2983 τοῦ
2500 2929 2726 2998 λουτροῦ
2749 2946 2762 2959 ο
2801 2929 2920 2984 ἀλλ’
2951 2929 3065 2981 ἐστι
3098 2927 3332 2996 καθαρὸς
3364 2927 3501 2989 ὅλος,
3540 2926 3613 2987 ὡς
3636 2925 3736 2994 ἤδη

2168 3012 2538 3091 νλελουμένοςέ
2602 3018 2718 3073 Καὶ
2781 3019 2950 3089 ὑμεῖς
3011 3020 3256 3087 καθαροί
3286 3018 3456 3081 ἐστε,
3508 3016 3581 3077 ὡς
3637 3016 3739 3085 ἠδη

2172 3111 2599 3185 καθαρισθέντες
2661 3112 2768 3165 ὑπὸ
2827 3111 2928 3179 τῆς
2995 3111 3343 3173 διδασκαλίας
3400 3112 3465 3180 ἢν
3524 3091 3739 3171 ἐδίδαξα

2174 3190 2340 3276 ὑμᾶς,
2368 3205 2465 3259 καὶ
2500 3204 2757 3275 ῥίψαντες
2787 3205 2969 3257 πᾶσαν
3001 3204 3198 3257 κακίαν
3225 3203 3315 3256 καὶ
3348 3202 3630 3271 πονηρίαν.

2254 3294 2615 3367 Ἐρμηνεύων
2659 3294 2770 3364 γὰρ
2796 3295 2824 3346 ὁ
2867 3294 3257 3364 Χρυσόστομος
3303 3293 3363 3345 τό
3384 3308 3397 3323 ⁸
3431 3291 3539 3345 Καὶ
3572 3289 3740 3360 ὑμεῖς

2172 3389 2424 3456 καθαροί
2472 3387 2643 3440 ἐστε·
2696 3384 3055 3457 προσκεῖσθαι
3096 3384 3208 3456 (90)
3237 3384 3381 3452 λέγει
3412 3384 3504 3437 καὶ
3529 3383 3610 3435 τὸ’
3642 3382 3740 3435 Διά

2170 3481 2263 3535 τὸν
2314 3481 2478 3550 λόγον
2506 3480 2570 3533 δν
2608 3479 2885 3549 λελάληκα
2928 3480 3083 3547 ὑμῖν,
3127 3480 3303 3533 είτουν
3356 3478 3452 3549 τὴν
3483 3478 3739 3530 διδασκα-

2171 3570 2312 3625 λίαν.
2363 3570 2438 3624 Οὐ
2493 3571 2726 3643 χρῄζετε
2762 3568 2856 3624 οὖν
2904 3569 3305 3640 καθαρισθῆναι
3356 3562 3429 3623 ὧν
3484 3567 3740 3638 ἑκαθαρί·

2173 3662 2375 3732 σθητε,
2437 3664 2487 3715 εί
2549 3662 2625 3735 μὴ
2680 3664 2807 3727 τοὺς
2873 3662 3038 3725 πόδας
3099 3661 3357 3732 νίψασθαι
3397 3660 3610 3731 μόνους,
3654 3658 3743 3711 διὰ

2173 3754 2409 3823 πρᾶγμα
2468 3753 2499 3808 δ
2559 3754 2660 3809 οὐκ
2714 3753 2895 3808 οἴδατε
2944 3753 3105 3825 ἅρτιξ,
3166 3752 3441 3823 γνώσεσθε
3491 3751 3549 3805 δὲ
3605 3749 3744 3821 μετὰ

2170 3844 2371 3903 ταῦτα.

2257 3939 2423 3994 Ἀλλ’
2444 3939 2583 4010 οὐχί
2608 3940 2856 4007 πάντες.
2881 3940 2959 3996 Οὐ
2992 3938 3197 4004 πάντες
3235 3938 3467 4010 καθαροί
3516 3942 3661 3995 ἐστι.

2248 4029 2421 4103 ’ῌδει
2453 4059 2525 4071 ——
2549 4031 2712 4086 ἐστε.
2745 4032 2902 4104 ᾝδιι
2929 4031 3093 4086 αὐτὸν
3120 4030 3621 4102 ὲκτραχηλισθέντα
3651 4034 3743 4105 καὶ

2174 4128 2523 4201 ρυπωθέντα.

2243 4220 2384 4274 Ὅτε
2408 4251 2479 4260 -
2512 4220 2686 4291 ὑμῖν;
2731 4221 2944 4295 Ἑρωτᾷ
2989 4222 3341 4292 ἀγνοοῦντας,
3387 4222 3475 4277 τνα
3502 4220 3742 4295 διεγείρῃ

2171 4313 2251 4377 είς
2288 4313 2586 4383 προσοχήν.
2612 4313 2767 4367 Μετὰ
2795 4314 2904 4386 γὰρ
2923 4315 2985 4368 τὸ
3008 4316 3255 4385 ποιῆσαι,
3285 4315 3468 4368 λοιπὸν
3495 4314 3742 4385 βούλεται

2171 4404 2379 4471 διδάξαι
2409 4405 2469 4459 τὸ
2500 4406 2697 4476 άγνοού
2706 4425 2892 4477 μενον.

2256 4495 2443 4565 Ὑμεῖς
2477 4526 2547 4538 ——
2571 4498 2705 4567 γάρ.
2740 4500 2871 4570 Είμὶ
2913 4501 3107 4567 ταῦτα,
3139 4502 3214 4566 ὡς
3242 4500 3391 4564 Θεός.
3434 4502 3579 4571 Πρὸς
3622 4503 3745 4564 τοὺς

2176 4586 2433 4657 μαθητὰς
2498 4591 2607 4662 γὰρ
2676 4592 3063 4666 διαλεγόμενος
3128 4595 3464 4649 ἐκκαλύπτει
3529 4595 3740 4651 ἑαυτὸν.

2176 4678 2359 4734 Εἰπὼν
2407 4682 2507 4753 μὲν
2537 4682 2631 4737 οὖν
2659 4685 2743 4738 ὅτι
2787 4685 2985 4757 ’Υμεῖς
3014 4687 3262 4758 φωνεῖτέ
3298 4704 3394 4756 με,
3444 4688 3600 4758 ὑμεῖς
3647 4708 3742 4741 κα-

2172 4774 2315 4828 λεῖτέ
2341 4794 2409 4847 με
2453 4778 2649 4843 οὓτως,
2676 4780 2955 4851 ἀνεπαχθῆ
2980 4783 3072 4835 τὸν
3097 4783 3251 4851 λόγον
3292 4784 3511 4851 ἔποίησε
3536 4799 3547 4810 ·
3580 4800 3743 4853 προσ·

2174 4870 2290 4933 Οεὶς
2320 4870 2375 4922 δὲ
2412 4871 2495 4923 ὃτι
2526 4872 2685 4941 Είμί,
2721 4871 3021 4926 ἑὸεὸαίωσέ
3053 4892 3111 4927 τε
3146 4875 3240 4939 τὰς
3267 4874 3518 4936 τοιαύτας
3546 4893 3744 4945 προση-

2174 4963 2390 5033 γορίας,
2424 4964 2519 5017 καὶ
2545 4965 2620 5035 μὴ
2651 4966 2788 5033 πρὸς
2814 4966 2997 5036 χάριν,
3024 4965 3159 5020 άλλά
3201 4968 3334 5036 πρὸς
3367 4967 3625 5037 ἀλήθειαν
3655 4968 3744 5020 λε-

2178 5051 2413 5118 γομένας
2442 5050 2713 5116 ἀπέδειξε.
2760 5052 2965 5105 Λοιπὸν
3007 5053 3189 5106 τοίνυν
3221 5053 3470 5106 ἐντεῦθεν
3499 5054 3743 5123 συλλογί-

2178 5140 2350 5203 ζεται.

1670 5370 1869 5433 Varias
1898 5371 2204 5436 lectiones
2234 5382 2295 5438 et
2333 5384 2536 5441 notua.

555 5559 667 5629 (89)
699 5562 768 5613 Ἢ
801 5562 930 5630 πρὶν
962 5560 1350 5630 παραιτεῖσθαι
1384 5563 1449 5614 Α.

557 5630 669 5698 \90)
700 5633 978 5701 Cbrysost.
1012 5644 1143 5685 tom.
1171 5632 1300 5693 Ylll,
1338 5648 1389 5701 p.
1419 5630 1520 5686 M6
1544 5631 1601 5685 Β.
1633 5646 1739 5685 non
1770 5630 1920 5696 dicit,
1954 5632 2069 5688 hzec

486 5703 867 5772 προσκεῖσθαι,
925 5704 1017 5757 sed
1072 5719 1133 5756 ea
1176 5703 1554 5772 explicationis
1582 5718 1746 5755 causa
1802 5702 1968 5756 inlcrt
2000 5721 2063 5757 ex

484 5769 639 5824 Juan.
706 5790 791 5839 xv,
822 5776 873 5829 5.
917 5772 1049 5827 Dum
1093 5769 1438 5846 ergo—addit,
1493 5776 1706 5827 videtur
1765 5774 1971 5840 diL'CIC,
2008 5776 2060 5829 id

2184 5567 2565 5642 προσκεῖσθαι.
2592 5566 2698 5622 Aut
2727 5584 2795 5623 ex
2830 5570 3093 5625 vocabulo
3121 5570 3402 5642 ἐπήγαγεν
3463 5572 3514 5628 id
3579 5575 3737 5630 colle-

2180 5641 2256 5715 git
2289 5638 2634 5707 Euthymius,
2662 5710 2673 5715 _
2705 5655 2814 5709 quo
2851 5651 3029 5715 tamen
3078 5638 3405 5699 haudach
3460 5645 3739 5715 diligenter

2181 5714 2435 5774 utitur,ut
2470 5725 2534 5764 ex
2568 5710 2753 5765 multis
2789 5714 3052 5783 exemplis
3086 5724 3315 5769 constat.
