3976 6510
195 438 344 504 1381

1124 429 1506 494 COMMENT.
1540 427 1618 487 IN
1660 425 2036 489 JOANNEM.
2074 449 2142 463 -
2181 428 2339 489 CAP.
2373 428 2545 488 XIII.

3339 429 3474 494 1382

263 546 621 612 Ει-πόὸαςκ
655 545 767 598 Οὔκ
797 561 950 597 ειπεν
983 543 1064 595 ὅτι
1105 541 1232 594 Ἐὰν
1264 539 1373 606 ἐγὼ
1400 541 1426 592 ὁ
1464 538 1625 606 φύσει
1677 537 1790 590 Κύ-

1971 535 2130 594 Vers.
2170 536 2570 607 “Si—pedes.
2597 538 2713 592 Non
2744 539 2904 604 dixit,
2929 539 2984 597 Si
3016 557 3139 612 ego,
3164 543 3254 613 qui
3279 553 3474 600 natura

197 656 322 708 ριος
353 636 512 704 ἔνιψα
542 637 568 688 ὑ
577 635 691 705 μῶν
713 634 818 687 τῶν
835 634 995 702 φύσει
1020 631 1226 684 δούλων
1245 630 1370 691 τοὺς
1390 628 1584 693 πόδας,
1607 626 1790 697 πολλῷ

203 732 418 802 μᾶλλον
443 732 596 800 ὑμεῖς
628 731 677 782 οῑ
711 729 990 800 ὁμόδουλοι
1028 727 1272 795 ὀφείλετε
1304 725 1550 795 ἀλλήλων
1577 724 1790 778 νίπτειν

200 826 334 887 τοὺς
361 824 528 885 πόδας
572 839 585 852 ·
626 823 734 875 οὐδ’
765 823 844 874 ὃτι
888 821 1012 873 Ἐὰν
1044 819 1153 887 ἐγὼ
1183 817 1340 888 ἔνιψα
1375 819 1501 880 τοὺς
1529 816 1624 870 τοῦ
1652 834 1788 888 προ-

194 914 385 977 δότου,
438 913 619 984 πολλῷ
672 913 874 983 μᾶλλον
923 913 1084 981 ὑμεῖς
1117 912 1246 972 τοὺς
1292 910 1404 962 τῶν
1456 909 1787 962 ἐπιϐούλων·

201 1006 346 1059 ε).λά
375 1008 464 1060 διά
508 1006 617 1060 τῶν
666 1006 845 1076 ἔργων
904 1005 1079 1058 ταῦτα
1129 1001 1400 1074 δηλώσας,
1457 1004 1639 1071 ἀφῆκε
1689 1003 1790 1072 τὴν

190 1099 482 1168 διάκρισιν
505 1098 688 1152 αὐτῶν
719 1101 783 1168 τῇ
822 1097 1132 1164 συνειδήσει
1164 1095 1274 1150 τῶν
1304 1095 1698 1164 ἀκροωμένων.

285 1192 734 1261 ’Υπόδειτμα-
766 1190 928 1260 ὑμῖν.
973 1187 1313 1257 ’Υπόδειγμα
1362 1186 1464 1256 τῆς
1509 1187 1566 1238 ὲν
1597 1186 1790 1259 ἀγάπῃ

194 1282 590 1349 ταπεινώσεως
639 1284 817 1343 ἔδωκα
854 1284 984 1353 ὑμῖν
1029 1282 1117 1336 διὰ
1175 1281 1275 1350 τῆς
1319 1279 1580 1349 τοιαύτης
1648 1281 1791 1349 πρά-

197 1372 378 1444 ξέωςί

274 1465 412 1525 Ἵνα
442 1497 507 1507 -
539 1466 770 1535 ποιῆτε.
819 1467 909 1530 Ἐξ
950 1466 1174 1534 ἀγάπης
1216 1462 1662 1534 ταπεινούμενοι,
1695 1465 1793 1517 καὶ

196 1560 586 1623 διακονοῦντες
618 1563 732 1624 τοῖς
767 1558 1163 1628 ὑποϐεόηκόσι.
1194 1557 1388 1611 Καίτοι
1409 1575 1471 1626 γε
1495 1559 1659 1620 αὐτὸς
1690 1558 1788 1627 μὲν

197 1650 270 1722 ἦν
302 1653 440 1724 ὑπὲρ
482 1653 692 1706 ἔννοιαν
719 1655 812 1706 καὶ
857 1652 1042 1721 λόγον·
1091 1653 1250 1720 ἡμεῖς
1281 1651 1338 1703 δέ
1391 1651 1559 1719 ἐσμεν
1594 1650 1663 1720 γῆ
1698 1649 1794 1703 καὶ

202 1746 436 1810 σποδὸς,
469 1745 564 1798 καὶ
590 1746 790 1814 τέφρα,
833 1744 927 1797 καὶ
972 1745 1144 1807 κόνις,
1178 1744 1272 1796 καὶ
1303 1743 1356 1794 εἰ
1381 1759 1430 1795 τι
1459 1741 1666 1795 τούτων
1698 1742 1791 1794 εύ-

202 1834 548 1904 τελέστερον.
576 1835 747 1889 Ὅταν
775 1835 830 1887 δὲ
852 1836 913 1888 οὐ
942 1836 1102 1904 μόνον
1131 1835 1192 1887 οὐ
1214 1834 1622 1903 ταπεινούμεθα
1653 1835 1790 1907 πρὸς

197 1928 334 1988 τοὺς
365 1902 682 1991 ιλάττονας,
725 1927 842 1980 ἀλλ’
870 1902 990 1980 οὐδὲ
1033 1926 1168 1996 πρὸς
1200 1928 1328 1989 τοὺς
1357 1902 1650 1996 μείζονας·
1697 1902 1792 1981 καὶ
1826 1902 1862 1955 Β

198 2015 262 2064 ο)
291 2015 454 2081 μόνον
485 2014 545 2066 οὺ
579 2014 843 2084 νίπτομεν
887 2016 1014 2077 τοὺς
1060 2015 1230 2079 πόδας
1271 2015 1379 2069 τῶν
1417 2015 1642 2079 δούλων,
1672 2016 1788 2069 ἀλλ’

197 2104 327 2155 οὐδὲ
352 2105 462 2156 τῶν
495 2105 686 2174 φίλων,
721 2110 768 2158 οἱ
802 2109 899 2160 καὶ
930 2108 1057 2170 τοὺς
1102 2106 1210 2160 τῶν
1241 2106 1545 2160 ἐπιϐούλων
1579 2109 1791 2162 νίπτειν

199 2196 555 2261 ὀφείλοντες·
602 2199 764 2258 ποίας
810 2199 908 2250 οὐκ
957 2199 1022 2250 ἂν
1053 2199 1247 2268 εἴημεν
1288 2198 1430 2263 ἀξιοι
1463 2200 1788 2266 καταδίκης,

198 2288 263 2337 ού
304 2287 463 2355 μό.ον
505 2287 566 2338 οὐ
612 2287 945 2357 μιμούμενοι
993 2287 1052 2342 τὸ
1093 2289 1245 2342 δοθὲν
1295 2290 1623 2360 ὑπόδειγμα,
1654 2289 1790 2344 ἀλλὰ

201 2382 303 2431 καὶ
349 2379 407 2444 ἐξ
462 2380 714 2442 ἐναντίας
770 2382 1076 2450 ἱστάμενοι,
1134 2385 1226 2434 καὶ
1287 2383 1429 2436 κατὰ
1492 2383 1791 2456 διάμετρον

202 2471 587 2540 ἐπαιρόμενοι,
622 2474 713 2526 καὶ
740 2473 839 2544 τὴν
885 2474 1109 2545 ὀφειλὴν
1143 2475 1242 2530 οὐκ
1281 2477 1646 2540 ἀποδιδόντες.
1680 2478 1790 2532 Καὶ

201 2563 376 2632 ὑμεῖς
401 2564 532 2634 γὰρ,
566 2567 751 2634 φησὶν,
785 2567 1058 2635 ὀφείλετε
1077 2567 1370 2638 ἀλλήλων
1391 2571 1624 2623 νίπτειν
1651 2570 1793 2645 τοὺς

201 2654 396 2722 πόδας
409 2693 421 2707 .

295 2747 487 2816 ’Λμὴν
523 2781 588 2790 -
616 2749 826 2806 αὐτόν.
859 2750 1060 2805 Λοιπὸν
1095 2746 1210 2815 οὖν,
1242 2754 1290 2804 εἰ
1326 2753 1436 2820 ἐγὼ
1467 2755 1493 2806 ὁ
1525 2755 1792 2825 ἀευγκρί-

205 2857 315 2902 τως
371 2841 576 2911 μείζων
649 2841 828 2906 οὕτως
892 2844 1292 2913 ὲταπεινὼθην,
1350 2846 1532 2916 πολλῷ
1588 2849 1793 2916 μᾶλλον

204 2931 386 2997 ὑμεῖς.
418 2931 528 2982 Καὶ
559 2931 716 2984 τοῦτο
744 2931 800 2984 δὲ
829 2934 928 3001 τῆς
951 2933 1162 3002 ἀφάτου
1189 2938 1576 3000 ταπεινώσεως
1597 2937 1790 3001 αὑτοῦ,

203 3024 266 3075 τὸ
297 3022 480 3076 δοῦναι
501 3025 693 3078 ἑαυτὸν
718 3026 1092 3097 παράδειγμα,
1117 3028 1209 3081 τὸν
1230 3030 1486 3102 Πλάστην
1512 3033 1624 3094 τοῖς
1654 3032 1793 3086 πλάο

206 3129 404 3184 σμασι,
428 3117 521 3168 καὶ
545 3115 748 3186 τρόπον
762 3119 886 3170 τινα
903 3117 1293 3189 συγκρίνεσθαι
1320 3121 1411 3174 τὸν
1435 3121 1789 3192 ἀσύγκριτον.

1896 628 2162 685 Dominus
2188 645 2331 694 sum,
2364 633 2468 686 lavi
2520 642 2736 688 vestros
2757 634 2948 702 pedes,
2979 637 3072 704 qui
3105 646 3299 689 natura
3332 653 3371 690 Si
3397 640 3476 691 rvi

1891 720 2051 784 estis,
2083 720 2449 793 multomagis
2481 735 2579 776 vos
2630 724 2869 780 invicem
2935 728 3209 790 conservi,
3269 727 3477 779 debetis

1840 842 1844 847 τ
1891 813 1981 866 alii
2017 814 2244 867 aliorum
2279 814 2468 867 lavare.
2507 816 2696 884 pedes.
2723 816 3106 885 Nequedixit:
3141 815 3194 870 Si
3221 832 3322 887 ego
3347 834 3477 886 pro-

1890 903 2085 958 ditoris
2111 904 2214 958 lavi
2247 908 2436 974 pedes,
2469 907 2641 961 multo
2673 909 2847 976 magis
2883 924 2980 963 vos
3032 909 3423 964 insidiatorum
3460 925 3474 962 :

1891 996 1986 1049 sed
2031 997 2143 1050 hrec
2181 1011 2282 1066 per
2320 1012 2485 1067 opera
2533 999 3089 1068 signiticanerorum
3148 1001 3477 1070 disputatio-

1891 1103 2017 1140 nem
2043 1087 2263 1158 reliquit
2289 1089 2599 1143 auditorum
2621 1090 2998 1145 conscientia).

1967 1176 2122 1233 Vers.
2158 1180 2244 1236 15.
2279 1179 2600 1250 Exemplum
2637 1214 2710 1222 --
2738 1183 2899 1236 vobis.
2949 1183 3271 1252 Exemplum
3295 1183 3479 1252 dejec—

1896 1270 2060 1324 tionis
2091 1271 2142 1325 in
2164 1272 2476 1338 dilectione,
2515 1273 2614 1326 hoc
2643 1287 2808 1342 opere
2834 1274 3027 1328 tradidi
3056 1275 3227 1329 vobis.

1964 1449 2101 1505 Vers
2162 1451 2250 1507 l5.
2288 1453 2350 1509 Ut
2387 1483 2458 1492 —
2503 1454 2739 1524 faciatis.
2785 1453 2861 1509 Ex
2911 1455 3208 1510 dilectione
3251 1456 3474 1526 dejecli,

1891 1559 1954 1600 ac
1987 1545 2224 1600 subditis
2254 1546 2663 1601 ministrantes.
2696 1547 2765 1601 At
2791 1563 2926 1602 vero
2949 1548 3066 1617 ipse
3087 1549 3310 1618 quidem
3347 1559 3470 1606 erat

1895 1638 2091 1708 major,
2114 1653 2276 1708 quam
2309 1640 2540 1710 intelligi
2603 1655 2667 1694 ac
2712 1640 2820 1695 dici
2853 1638 3039 1710 posset
3086 1657 3101 1697 :
3140 1657 3240 1696 nos
3293 1651 3476 1696 autem

1893 1745 2086 1786 sumus
2120 1734 2264 1786 terra
2283 1724 2338 1787 et
2363 1732 2524 1796 cinis,
2576 1733 2759 1804 pulvis
2777 1743 2834 1788 et
2867 1749 3113 1798 cccnum,
3163 1743 3256 1789 aut
3278 1735 3324 1789 si
3349 1737 3477 1805 quid

1896 1823 1983 1878 IIIS
2013 1824 2174 1881 vilius
2193 1834 2298 1879 est.
2325 1825 2558 1890 Quando
2590 1841 2723 1880 vero
2758 1841 2868 1880 non
2904 1836 3120 1881 tantum
3181 1827 3247 1880 ad
3305 1829 3482 1882 mino-

1895 1931 1984 1969 res
2043 1932 2151 1970 non
2219 1916 2509 1985 dejicimus
2593 1932 2714 1983 nos,
2773 1919 2870 1973 sed
2944 1934 3126 1987 neque
3193 1919 3260 1972 ad
3309 1903 3513 1990 mago?

1895 2021 1982 2060 res
2019 2022 2032 2059 :
2063 2022 2166 2061 nec
2204 2008 2378 2062 solum
2415 2009 2585 2078 pedes
2603 2024 2889 2064 servorum
2927 2025 3038 2064 non
3067 2011 3334 2074 lavamus,
3374 2013 3469 2065 sed

1895 2114 2076 2170 neque
2108 2101 2435 2162 amicorum.
2484 2117 2610 2157 cum
2646 2103 2812 2156 etiam
2885 2103 3479 2158 insidiatorumlavarc

1894 2187 2194 2246 debeamus
2219 2210 2231 2244 :
2259 2209 2389 2262 qua,
2419 2194 2678 2257 obsecro,
2713 2195 3167 2250 condemnationc
3187 2195 3334 2265 digni
3369 2210 3481 2248 non

1894 2286 2148 2340 erimus?
2199 2288 2290 2355 qui
2324 2301 2432 2341 non
2529 2288 2704 2343 solum
2764 2287 2968 2343 Christi
3023 2303 3134 2343 non
3194 2271 3481 2342 imitamur

1895 2379 2227 2448 exemplum,
2289 2396 2477 2434 verum
2532 2383 2698 2435 etiam
2760 2398 2790 2437 e
2846 2382 3126 2436 contrario
3185 2386 3476 2452 erigimur,

1895 2479 1948 2526 ct
1988 2488 2050 2524 ex
2078 2473 2346 2527 diametro
2391 2474 2724 2540 extollimur,
2763 2489 2865 2530 nec
2910 2475 3055 2544 quod
3091 2474 3332 2529 debitum
3394 2486 3480 2530 est

1895 2566 2253 2619 exsolvimus.
2276 2566 2345 2619 Et
2378 2583 2488 2628 vos,
2516 2566 2714 2637 inquit,
2747 2568 2948 2622 debetis
2973 2569 3195 2622 invicem
3216 2568 3313 2623 alii
3342 2569 3480 2622 alio-

1897 2675 2014 2712 rum
2042 2657 2225 2713 lauare
2258 2660 2434 2726 pedes.

1972 2748 2123 2804 Vera.
2166 2750 2255 2804 16.
2307 2750 2566 2804 Amen—
2621 2749 2797 2804 illum.
2862 2747 3050 2834 Itaque
3106 2751 3152 2807 si
3204 2767 3324 2822 ego,
3385 2751 3479 2822 qui

1900 2841 2406 2910 incomparabiliter
2438 2842 2615 2912 major
2690 2859 2834 2908 sum,
2875 2845 3146 2913 meipsum
3188 2847 3326 2898 adeo
3382 2847 3480 2900 de-

1893 2936 2025 3004 jeci,
2058 2937 2233 2990 multo
2260 2936 2431 3006 magis
2492 2951 2612 2991 vos.
2665 2935 2732 2991 Et
2781 2937 2890 2992 hoc
2955 2945 3137 2991 autem
3184 2937 3475 2994 ineﬂ‘ahilis

1899 3029 2222 3083 humilitatis
2247 3029 2419 3099 ipsius
2449 3039 2556 3091 est,
2581 3030 2730 3099 quod
2764 3045 2887 3085 sese
2916 3031 3132 3086 dederit
3163 3033 3476 3103 exemplum

1896 3119 2209 3176 Creatorem
2274 3121 2528 3176 videlicet
2587 3122 2854 3176 creaturis
2905 3139 2920 3178 :
2973 3131 3028 3177 et
3079 3122 3481 3192 quodammodo

1901 3229 1960 3268 se
1984 3214 2398 3282 comparaverit,
2429 3216 2516 3282 qui
2553 3215 2997 3284 incoutparabilis
3024 3224 3126 3270 est.

281 3291 418 3348 Εῐπε
445 3295 502 3349 δὲ
534 3296 592 3349 τὸ
621 3299 795 3368 νόημα
821 3298 983 3351 τοῦτο
1008 3299 1103 3353 καὶ
1129 3301 1186 3352 ὲν
1219 3300 1297 3370 τῷ
1320 3301 1791 3375 ἐννεακαιδεκάτῳ

1908 3263 1956 3268 --
1991 3263 2397 3282 η---,η------,
2433 3263 2516 3282 .,_-
2553 3263 2995 3284 --_--._-,_-__----
3028 3263 3126 3270 η--

1971 3305 2116 3359 Dixit
2154 3317 2332 3360 autem
2395 3318 2450 3361 et
2489 3306 2632 3361 hanc
2682 3309 3007 3360 sententiam
3057 3306 3271 3361 decimo
3334 3323 3480 3365 nono

209 3388 496 3459 κεφαλαίῳ
524 3390 616 3441 τοῦ
645 3390 787 3443 κατά
817 3391 1124 3445 Ματθαίον·
1149 3394 1243 3444 καὶ
1274 3393 1517 3463 ζήτησον
1548 3397 1668 3448 ἐκεῖ
1693 3398 1754 3448 τό
1779 3412 1792 3428 ο

212 3482 336 3532 Οὐκ
351 3479 482 3532 ἔστι
500 3480 774 3550 μαθητὴς
794 3481 949 3551 ὑπὲρ
965 3483 1072 3537 τὸν
1096 3483 1480 3539 διδάσκαλον
1494 3485 1584 3552 9i)
1605 3488 1792 3552 αὑτοῦ,

210 3573 304 3624 καὶ
335 3572 404 3624 τά
433 3571 583 3642 ἑξῆς.

283 3663 420 3736 [(92)
480 3667 603 3720 Οὐκ
651 3665 783 3721 ἐστι
837 3665 1086 3734 δοῦλος.
1135 3667 1277 3730 Ἕως
1330 3669 1394 3722 ἂν
1441 3670 1472 3720 ὁ
1523 3673 1622 3739 μέν
1678 3675 1794 3723 ἐστι

210 3755 396 3819 δοῦλος
441 3756 654 3818 τούτου,
685 3759 713 3809 ό
748 3755 804 3827 δὲ
849 3756 1142 3821 ἀπόστολος
1180 3757 1413 3810 ὲκεὶνου.
1469 3759 1792 3822 Ἐλάτῖωοις

211 3853 323 3916 γὰρ
350 3849 442 3900 καὶ
470 3851 530 3900 τὸ
559 3846 852 3915 δουλεύειν,
875 3853 965 3903 καὶ
1005 3848 1067 3901 τὸ
1102 3850 1582 3920 ἀποστέλλ.εσθαι.]

281 3941 350 3991 Εἰ
374 3969 444 3978 -
469 3939 642 3993 αὐτά.
667 3939 729 3993 Εἰ
756 3941 931 3994 ταῦτα
984 3941 1189 4007 οῐδατε,
1216 3941 1285 3995 τὰ
1317 3943 1586 4013 ρηθέντα*
1617 3946 1797 4000 οἴδατε

211 4020 268 4080 δὲ
299 4029 462 4094 αὐτὰ,
494 4031 626 4100 παρ’
659 4029 796 4100 ἐμοῦ
833 4031 1098 4100 μαθόντες
1127 4047 1143 4062 ⁸
1172 4033 1463 4101 Μακάριοι
1486 4035 1656 4101 ἐστε,
1689 4037 1798 4091 ἐὰν

212 4118 426 4189 saeuire
469 4120 641 4175 αὐτά.
691 4123 806 4175 Οὐκ
840 4122 1005 4194 ἀρκεῖ
1028 4122 1140 4196 γὰρ
1196 4124 1398 4179 διδόναι
1454 4128 1638 4198 μόνον,
1663 4131 1799 4184 ἀλλὰ

213 4213 324 4283 ’(ρὴ
348 4213 443 4267 καὶ
472 4217 668 4267 ποιεῖν.

292 4308 374 4359 Οὐ
423 4335 472 4346 -
510 4305 686 4376 λέγω.
713 4306 788 4360 Τό
818 4322 832 4335 ⁸
871 4305 1014 4363 Ἐὰν
1041 4306 1252 4378 ποιῆτε
1304 4310 1475 4364 αὐτά.
1512 4312 1645 4383 Περὶ
1702 4314 1797 4367 τοῦ

228 4398 398 4452 Ἰούδα
442 4401 552 4469 γάρ
580 4399 741 4454 τοῦτο
790 4399 1082 4468 ἐλεγεν,ὸς
1129 4403 1190 4454 οὐ
1242 4402 1405 4472 μόνον
1453 4405 1554 4458 οὐκ
1602 4408 1798 4476 ἔμελλε

215 4492 470 4561 ποιήσειν
498 4492 661 4555 αὐτὰ,
696 4491 813 4544 ἀλλ’
843 4492 953 4545 οὐδ’
985 4491 1118 4548 ἀλλο
1144 4509 1197 4547 τι
1223 4495 1331 4548 τῶν
1364 4497 1795 4568 ἐντεταλμένων,

215 4583 320 4654 ἢδη
352 4583 450 4656 τὴν
481 4585 770 4656 προδοσίαν
806 4587 1069 4657 μελετῶν.

304 4677 445 4746 Ἐγὼ
471 4708 540 4718 --
570 4679 965 4749 ἐξελεξάμην.
1015 4674 1168 4744 Οἶδα,
1193 4681 1269 4744 ὡς
1318 4682 1474 4748 Θεὸς,
1521 4682 1665 4747 τίνες
1696 4687 1797 4752 μὲν

215 4771 327 4824 τῶν
361 4773 492 4843 παρ’
523 4772 657 4841 ἐμοῦ
685 4773 1021 4843 ἐκλεγέντων
1075 4776 1398 4847 ποιήσουσιν
1448 4777 1611 4841 αὐτὰ,
1634 4779 1714 4841 τίς
1744 4778 1799 4830 δὲ

217 4869 280 4920 οὐ
317 4867 556 4938 ποιήσει.
579 4869 684 4919 Καὶ
719 4866 979 4938 ἀνωτέρω
1019 4866 1079 4921 δὲ
1111 4867 1282 4934 εἰπὼν
1342 4869 1425 4922 ὅτι
1481 4870 1590 4923 Καὶ
1629 4869 1801 4939 ὑμεῖς

217 4961 467 5027 καθαροί
495 4959 655 5022 ἐστε,
687 4959 822 5012 ἀλλ’
841 4959 977 5028 οὐχὶ
1000 4959 1244 5027 πάντες·
1271 4964 1365 5015 καὶ
1411 4964 1470 5015 ἐν
1517 4963 1800 5031 διαφόροις

216 5052 277 5107 δὲ
305 5055 515 5124 καιροῖς
562 5052 735 5106 πολλὰ
791 5051 1020 5107 τοιαῦτα
1069 5055 1474 5125 φθεγξάμενος,
1532 5055 1798 5108 νύττοντα

224 5146 385 5214 μόνον
414 5149 475 5197 το
499 5145 597 5198 τοῦ
620 5146 879 5215 προδότου
928 5147 1189 5213 συνειδὸς,
1223 5149 1315 5201 καὶ
1347 5147 1463 5218 ἅμα
1503 5147 1604 5218 μὲν
1644 5149 1801 5202 διδά-

224 5256 424 5292 σκοντα
479 5241 562 5294 ὃτι
618 5240 680 5293 οὐ
736 5238 990 5292 λανθάνει
1046 5239 1436 5303 ἐπιϐουλεύων,
1481 5240 1596 5310 ἀμα
1628 5239 1802 5295 δὲκαὶ

224 5337 305 5397 εἰς
367 5334 736 5403 μεταμέλειαν
770 5332 863 5386 καὶ
909 5332 1197 5404 διόρθωσιν
1249 5331 1654 5402 ὲκκαλούμενα,
1699 5334 1801 5388 οὐκ

224 5442 432 5478 επεισε.

335 5613 380 5645 ⁸⁸
403 5611 591 5666 Matth.
621 5628 674 5676 χ,
697 5611 790 5665 24.
902 5609 946 5645 ⁸⁸
986 5609 1145 5667 Joan.
1173 5627 1292 5678 xui,
1319 5612 1407 5668 l0.

1898 3400 2076 3469 capite
2111 3400 2265 3469 juxta
2300 3399 2610 3453 Mattha-um
2634 3391 2660 3453 ἰ
2691 3399 2762 3453 i'hi
2812 3415 2940 3471 ergo
2985 3416 3166 3469 quaere
3196 3403 3340 3469 quod
3395 3403 3479 3457 di-

1898 3496 2041 3547 citur
2075 3512 2088 3548 :
2135 3491 2258 3547 Non
2281 3503 2369 3547 est
2403 3491 2688 3561 discipulus
2729 3509 2894 3562 supra
2938 3494 3252 3562 magistrum
3296 3498 3475 3562 suum,

1897 3592 1951 3638 et
1985 3595 2181 3638 (autem
2215 3582 2282 3638 ⁸⁸.

1972 3675 2050 3747 Ἠ-
2084 3675 2206 3730 Νοη
2239 3687 2312 3729 est
2354 3692 2553 3730 servus.
2581 3676 2829 3740 Quandiu
2865 3676 2954 3729 ille
2991 3677 3210 3744 quidem
3251 3685 3334 3730 est
3361 3692 3484 3731 ser-

1900 3783 2000 3823 vus
2028 3770 2212 3838 huius,
2249 3769 2338 3822 hic
2365 3769 2652 3837 apostolus
2682 3769 2824 3836 ejus.
2879 3766 3161 3823 Inferioris
3191 3769 3338 3823 enim
3393 3779 3478 3825 cst

1899 3862 2250 3924 conditionis,
2282 3869 2337 3916 et
2368 3860 2600 3922 servire,
2649 3871 2704 3913 et
2742 3860 2996 3913 nuntium
3030 3860 3192 3914 mitti.

1971 3954 2129 4009 νει-ε.
2166 3955 2254 4009 l7.
2313 3953 2575 4008 Si—ea.
2607 3951 2664 4006 Si
2723 3951 2838 4006 haec
2861 3953 3107 4016 novistis,
3157 3967 3276 4021 qua:
3329 3953 3484 4008 dicta

1900 4058 2047 4112 sunt,
2082 4047 2311 4101 novistis
2343 4054 2525 4100 autem
2573 4061 2658 4108 ea,
2709 4060 2833 4098 cum
2884 4059 2914 4097 a
2977 4059 3062 4098 me
3122 4044 3422 4100 didaccrLIEs
3462 4067 3478 4101 :

1901 4139 2081 4194 Beatis
2140 4139 2288 4192 eritis
2336 4140 2392 4191 si
2439 4139 2672 4207 faceretis
2725 4152 2825 4200 ea,
2879 4150 3056 4205 neque
3114 4135 3256 4190 enim
3318 4150 3486 4190 nosse

1902 4226 2118 4290 sullicit,
2147 4228 2239 4280 sed
2271 4235 2326 4280 et
2355 4228 2535 4280 facere
2560 4235 2797 4294 oportet.

1972 4316 2242 4371 Vel-3.18.
2284 4316 2404 4369 Non
2473 4345 2539 4355 —
2587 4316 2723 4368 dico.
2788 4313 2947 4378 Puta,
2998 4312 3059 4369 Si
3105 4315 3331 4384 feceritis
3383 4331 3478 4371 ea.

1901 4406 2036 4462 Nam
2061 4411 2130 4464 de
2159 4408 2296 4463 Juda
2330 4407 2431 4461 hoc
2457 4408 2693 4471 dicebat,
2731 4407 2822 4476 qui
2863 4423 2973 4460 non
3007 4408 3181 4477 solum
3214 4405 3278 4460 ea
3309 4405 3484 4460 lactu-

1903 4518 1996 4556 rus
2025 4517 2132 4555 non
2172 4511 2311 4567 erat,
2345 4503 2441 4556 scd
2482 4517 2582 4556 nec
2611 4503 2760 4556 aliud
2792 4502 3091 4571 quidquam
3143 4517 3332 4555 eorum
3361 4516 3482 4570 qua:

1826 4624 1874 4683 Β
1904 4602 2171 4661 przccepla
2201 4601 2376 4654 erant,
2418 4591 2486 4645 de
2514 4590 2821 4660 proditione
2845 4591 2956 4657 jam
3001 4606 3186 4643 curam
3226 4590 3482 4643 'l.ahens.

1978 4683 2133 4739 νει-ε.
2170 4683 2250 4737 l8.
2284 4681 2396 4752 Ego
2427 4713 2496 4722 -—
2529 4682 2794 4751 elegerint.
2830 4680 2986 4748 Novi,
3026 4693 3279 4749 unquam
3314 4691 3484 4744 Ueu-,

1906 4775 2134 4847 quinam
2158 4790 2223 4830 ex
2249 4776 2438 4830 electis
2465 4775 2600 4828 meis
2622 4773 2816 4829 facturi
2835 4782 2968 4828 sunt
2995 4789 3082 4840 ea,
3112 4784 3186 4837 et,
3204 4775 3393 4841 etquis
3412 4777 3484 4829 sit

1909 4875 2001 4941 qui
2029 4886 2136 4926 non
2156 4870 2340 4925 faciet.
2368 4868 2630 4940 Superius
2657 4883 2872 4938 quoque
2895 4866 3030 4920 dixit
3064 4885 3076 4920 :
3101 4866 3168 4922 Et
3191 4883 3277 4920 eos
3303 4869 3485 4922 mutuli

1905 4967 2047 5029 estis,
2079 4967 2168 5018 sed
2189 4980 2292 5017 non
2321 4979 2497 5016 omnes
2524 4963 2568 4993 ⁶⁹
2595 4978 2609 5027 ;
2645 4961 2916 5029 variisque
2949 4961 3286 5030 temporibus
3316 4961 3484 5014 multa

1910 5058 2223 5128 huiusmodi
2265 5059 2478 5112 locutus
2513 5067 2617 5118 est,
2663 5070 2784 5126 quae
2821 5054 2990 5108 solius
3025 5054 3320 5122 proditores
3343 5071 3485 5124 pun-

1905 5158 2093 5219 gerent
2120 5149 2532 5209 conscientiam,
2560 5145 2828 5214 simulque
2858 5145 3138 5207 docerent,
3171 5143 3317 5211 quod
3354 5158 3480 5196 eum

1907 5257 2018 5297 non
2059 5242 2252 5297 lateret
2281 5241 2550 5311 proditor,
2591 5249 2647 5293 et
2674 5239 2828 5292 illum
2860 5235 2929 5291 ad
2981 5238 3358 5307 paenitentiam
3416 5250 3481 5288 ae

1906 5338 2303 5392 correctionem
2353 5342 2648 5389 evocarent
2696 5348 2710 5386 :
2783 5345 2973 5387 verum
3042 5343 3154 5384 non
3197 5343 3484 5398 persuase-

1910 5439 2057 5482 runt.

1418 5775 1618 5835 Varia)
1665 5772 1965 5835 lectiones
1998 5779 2058 5832 et
2090 5782 2278 5838 noue.

301 5856 413 5925 (9|)
443 5854 616 5907 Αὑτοῦ
646 5855 798 5910 abest
832 5855 897 5908 Α.

302 5919 414 5998 (9‘2)
454 5925 578 5982 llaec
629 5937 853 5996 uterque
897 5927 952 5982 in
991 5924 1230 5995 margine
1285 5924 1465 5983 habet.
1524 5925 1686 5978 Caret
1723 5921 1787 5979 iis
1821 5919 2142 5974 llcnlenius.
