3976 6546
174 496 318 563 I385

1064 483 1457 547 COMMENT.
1502 482 1581 542 IN
1622 480 2003 543 JOANNEM.
2032 505 2092 515 -
2140 480 2303 539 CAP.
2339 478 2512 538 XIII.

3293 479 3432 548 I336

171 610 325 681 ἀξιον
357 602 683 674 ἀγαπᾶσθαι
722 597 888 653 πλιον
933 594 1024 651 διὰ
1070 592 1383 657 πλεονεξίαν
1416 589 1620 660 ἀρετῆς
1655 606 1754 658 με·

1891 590 1986 642 icet
2011 586 2247 649 ceteris,
2282 594 2342 639 ut
2366 586 2461 655 qui
2494 584 2617 653 plus
2650 584 2797 656 diligi
2830 585 3025 657 dignus
3049 596 3189 654 erat,
3229 591 3300 646 ob
3324 594 3431 648 vir-

167 700 341 771 γάλης
370 698 440 769 ἠν
461 694 623 758 αὐτὸς
644 690 931 761 ἀπέκρυψε
951 687 1040 743 διὰ
1076 682 1573 759 μετριοφροσύνην.

238 883 475 952 Λέγεται
504 882 561 934 δὲ
592 878 687 933 καὶ
712 876 973 932 τοσοῦτον
1014 876 1079 927 ὲκ
1115 874 1369 941 νεότητος
1407 869 1749 940 ἑπιμελήσαο

168 978 297 1031 σθαι
325 975 725 1045 καθαρότητος,
750 972 826 1033 ὡς
851 968 930 1040 μή
966 966 1126 1022 ἐᾶσαί
1153 982 1283 1019 ποτε
1314 963 1452 1035 μηδὲ
1490 960 1753 1032 λογισμὸν

169 1068 400 1137 αίσχρὸν
432 1063 703 1133 ἀνασῆναι
726 1064 807 1125 είς
842 1059 944 1130 τήν
984 1058 1217 1129 καρδίαν
1259 1054 1462 1110 αὐτοῦ’
1496 1053 1755 1123 λογισμὸν

168 1160 227 1213 δὲ
254 1158 483 1228 αίσχρὸν
539 1156 599 1209 οὐ
651 1154 749 1223 τήν
783 1152 1020 1221 φυσικὴν
1072 1151 1287 1220 κίνησιν
1345 1147 1577 1217 οἰητέον,
1621 1144 1758 1198 ἀλλά

169 1252 273 1322 τὴν
310 1246 698 1319 προαιρετικὴν
722 1243 1044 1314 φαντασίαν.
1076 1243 1168 1295 Διδ
1197 1241 1292 1294 καὶ
1319 1239 1587 1309 παρθένος
1609 1234 1762 1288 ὓστε-

178 1361 270 1413 ρον
307 1338 697 1409 ἐπωνομάσθη.
735 1335 909 1389 Τοῦτο
949 1335 1008 1389 δδ
1050 1334 1379 1404 προτέρημα
1399 1330 1495 1383 καὶ
1524 1331 1590 1398 τῇ
1626 1328 1759 1380 Θεο-

171 1435 320 1502 τόκῳ
347 1432 581 1503 προσῆν.

247 1528 413 1595 Λέγει
446 1527 503 1579 δὲ
534 1527 561 1579 ό
607 1526 718 1597 (95)
782 1521 1178 1593 Xpuodstopo;
1230 1517 1314 1570 ὅτι
1363 1515 1555 1584 ἠγάπα
1600 1512 1764 1566 αὑτὸν

175 1618 341 1671 πλέον
405 1618 498 1671 καὶ
524 1616 591 1669 δι’
642 1613 1089 1684 ὑπερϐάλλουσαν
1139 1604 1646 1675 ταπεινοφροσύνην
1672 1603 1766 1654 καὶ

176 1711 484 1781 πραότητα,
510 1709 656 1777 άπερ
691 1706 964 1773 ἐκτήσατο
990 1701 1129 1771 μετά
1156 1699 1217 1752 τδ
1241 1696 1645 1766 ἑπιτιμηθῆναι
1674 1694 1768 1747 διὰ

177 1802 278 1872 τὴν
306 1800 619 1872 προεδρίαν.
642 1797 831 1851 Ταῦτα
858 1796 968 1865 γὰρ
1000 1794 1097 1847 καὶ
1123 1792 1216 1845 τὸν
1250 1789 1492 1857 Μωῦσῆν
1523 1786 1765 1855 ὕψωσαν.

1857 678 1990 733 tutis
2041 693 2251 749 magna
2295 677 2727 748 przerogativam,
2752 693 2916 747 quam
2980 679 3099 749 ipse
3153 682 3431 741 modestia:

1858 784 2020 825 causa
2052 770 2366 824 occultavit.

1940 862 2147 916 Dicitur
2170 871 2352 917 autent
2406 871 2611 916 tantam
2668 877 2697 916 a
2745 877 2914 931 puero
2956 878 3140 918 curam
3182 866 3437 923 habuisse

1858 951 2135 1021 puritatis,
2186 959 2347 1023 utne
2380 959 2592 1020 turpem
2637 951 2858 1021 quidem
2888 952 3274 1023 cogitationem
3333 971 3439 1011 un-

1858 1060 2019 1114 quam
2054 1044 2107 1098 in
2138 1058 2233 1098 cor
2260 1057 2419 1098 suum
2439 1044 2735 1099 ascendere
2764 1044 3070 1111 permiserit
3100 1063 3116 1101 :
3146 1043 3319 1117 turpis
3347 1064 3445 1104 au-

1860 1140 1971 1188 tem
2000 1131 2279 1203 cogitatio,
2320 1146 2429 1186 non
2463 1132 2531 1186 de
2560 1146 2708 1187 motu
2740 1133 2973 1186 naturali
2994 1134 3310 1203 accipienda
3334 1149 3438 1205 est,

1861 1219 1962 1275 sed
1995 1220 2064 1274 de
2093 1219 2379 1290 phantasia
2400 1220 2738 1287 voluntaria;
2772 1221 2898 1276 ideo
2923 1222 3087 1275 etiam
3120 1223 3270 1294 vi.-go
3297 1220 3445 1294 posi-

1863 1313 2086 1368 modum
2118 1313 2536 1383 cognominatus
2592 1323 2698 1368 est.
2755 1312 2868 1368 Hoc
2926 1330 3055 1369 vero
3107 1315 3494 1386 privilegium‘

1869 1402 1961 1460 Dei
1986 1418 2205 1473 quoque
2244 1403 2504 1459 Genitrici
2538 1405 2726 1458 datum
2758 1413 2896 1458 erat.

1939 1495 2084 1552 Dicit
2129 1506 2311 1550 autem
2385 1494 2830 1566 Cbrysostomus,
2911 1498 3054 1566 quod
3113 1497 3277 1551 etiam
3333 1512 3453 1549 am-

1865 1587 2010 1658 plius
2057 1603 2183 1641 eum
2233 1586 2509 1659 diligebat,
2574 1597 2794 1656 propter
2855 1588 3211 1643 t-xccllentem
3284 1588 3455 1643 animi

1872 1680 2241 1741 humilitatem
2276 1695 2343 1736 ac
2375 1681 2874 1745 mansuetudinem,
2902 1696 3038 1749 quas
3065 1682 3296 1750 adeptus
3341 1692 3458 1735 erat

1873 1784 2166 1843 postquam
2202 1775 2268 1829 de
2326 1773 2739 1844 praeeminentia
2778 1782 3066 1843 correptus
3116 1774 3314 1830 fuerat.
3374 1773 3457 1828 Si-

1874 1867 2094 1936 quidem
2124 1867 2207 1923 lia:
2238 1867 2471 1923 virtutes
2493 1866 2657 1922 etiam
2686 1865 2871 1938 llosen
2911 1865 3315 1921 exaltaveruut.

250 1962 457 2017 Σκόπει
482 1961 539 2015 δὲ
563 1962 659 2015 καὶ
690 1960 851 2013 τοῦτο
881 1958 965 2016 ὅτι
998 1958 1093 2011 καὶ
1119 1958 1234 2019 τοῖς
1265 1953 1467 2009 πάθεσι
1493 1950 1588 2004 τοῦ
1617 1949 1767 2004 διδα-

1943 1957 2242 2013 Considera
2272 1972 2403 2013 vero
2418 1965 2476 2014 et
2506 1959 2631 2024 hoc,
2649 1936 2925 2029 quomodo
2946 1956 3096 2013 solus
3120 1973 3151 2012 e
3178 1956 3463 2027 discipulis

182 2055 386 2109 σκάλου
440 2053 601 2124 μόνος
661 2053 771 2106 τῶν
825 2046 1087 2122 μαθητῶν
1146 2048 1478 2119 παρέμεινεν
1506 2044 1665 2113 ἄχρις
1699 2042 1766 2095 ἂν

182 2147 613 2215 ἐξέπνευσε.Δώ
660 2145 835 2199 ταῦτα
880 2138 976 2198 οὖν
1022 2142 1120 2195 καὶ
1176 2140 1432 2211 ἠγαπᾶτο
1466 2137 1649 2198 πλέον,
1673 2135 1769 2187 καὶ

181 2241 432 2294 ἀνέκειτο
461 2237 604 2291 κατά
623 2236 715 2289 τὸν
744 2236 938 2306 καιρὸν
957 2236 1169 2288 ἐκεῖνον
1186 2234 1245 2286 ὲν
1266 2230 1347 2301 τῷ
1366 2229 1554 2299 κόλπῳ
1578 2226 1766 2292 αὐτοῦ,

182 2330 259 2393 ὡς
299 2330 431 2392 παῖς
471 2331 529 2381 ὲν
559 2328 745 2399 κόλπῳ
777 2326 1007 2396 πατρὸς,
1047 2323 1331 2391 ἀναλόγως
1360 2320 1597 2390 ἑγγίζων
1624 2317 1773 2387 αὐτῷ

183 2420 273 2473 διά
300 2419 399 2490 τήν
429 2420 536 2473 ἀπὸ
565 2420 665 2489 τῆς
692 2420 894 2488 ἀρετῆς
927 2415 1233 2485 ἐγγύτητα.
1281 2412 1443 2480 Εἰκὸς
1473 2412 1581 2483 γὰρ
1608 2411 1774 2464 αὑτὸν

186 2512 386 2581 γνόντα
436 2512 539 2579 ἠδη
591 2510 687 2563 τὸν
741 2508 974 2563 θάνατον
1028 2506 1121 2560 τοῦ
1181 2504 1508 2558 διδασκάλου
1568 2501 1775 2572 σφόδρα

190 2600 635 2670 σκυθρωπάζειν,
682 2601 777 2653 καὶ
823 2598 915 2653 διὰ
974 2596 1132 2651 τοῦτο
1201 2595 1341 2665 μετά
1387 2595 1479 2647 τδν
1537 2592 1776 2661 νιπτῆρα

190 2694 608 2765 προσκληθῆναι
636 2693 734 2747 καὶ
755 2693 1056 2745 ἀναπεσεῖν
1079 2691 1197 2743 ἐκεῖ
1226 2688 1385 2759 χάριν
1410 2688 1774 2758 παρηγορίας.

194 2785 445 2854 Ἔγραψε
483 2786 581 2855 μὲν
610 2783 704 2838 οὖν
743 2782 1016 2847 ταῦτα,οὑ
1042 2780 1497 2851 φιλοτιμούμενος
1520 2796 1533 2810 ·
1556 2777 1778 2848 καὶγὰρ

193 2877 413 2947 φεύγων
440 2879 533 2932 τὸν
558 2880 792 2948 κόμπον,
816 2876 877 2930 τὸ
892 2876 1090 2930 ἑαυτοῦ
1108 2871 1546 2947 παρεσιὼπησεν
1580 2869 1777 2939 ὄνομα.

278 3063 419 3116 Ἀλλ’
446 3062 633 3129 ἐπειδὴ
664 3059 1016 3130 παρέδραμον
1042 3059 1089 3111 oI
1121 3055 1272 3110 ἄλλοι
1298 3053 1686 3123 εὐαγγελισταὶ
1711 3051 1783 3104 τά

196 3156 330 3225 περὶ
359 3153 456 3206 τοῦ
486 3153 827 3223 ὲμϐαφέντος
862 3150 1082 3222 ψωμίου
1116 3150 1212 3202 καὶ
1258 3147 1506 3208 ὃοθὲντος
1532 3143 1612 3215 τῷ
1652 3142 1785 3198 Ἰού-

1872 2050 1927 2105 in
1957 2052 2197 2123 magistri
2243 2051 2628 2108 aﬂlictiouibus
2659 2052 3049 2122 permanserit,
3102 2050 3281 2106 donec
3345 2054 3463 2122 spi—

1872 2142 2039 2196 ritum
2069 2142 2381 2196 exhalasset
2411 2159 2425 2195 :
2452 2141 2522 2196 ob
2546 2142 2663 2197 haec
2687 2157 2816 2213 ergo
2850 2142 3017 2196 etiam
3050 2141 3285 2212 amplius
3334 2156 3461 2196 eum

1873 2232 2153 2303 diligebat,
2190 2249 2253 2288 ac
2277 2241 2521 2303 tempore
2574 2234 2665 2289 illo
2688 2233 2742 2287 in
2773 2235 2897 2289 sinu
2920 2234 3042 2303 ejus
3108 2234 3466 2289 recumbebat

1876 2336 2136 2395 tanquam
2190 2326 2332 2380 ﬁlius
2376 2326 2429 2378 in
2467 2328 2593 2381 sinu
2628 2327 2803 2397 patris
2838 2343 2854 2393 ;
2884 2327 3335 2396 appropinquans
3386 2327 3465 2381 εἰ..

1876 2414 2080 2470 militer
2098 2415 2148 2470 ei
2183 2425 2407 2486 propter
2420 2416 2641 2471 virtutis
2656 2417 3141 2487 propinquitatem.
3182 2415 3463 2486 Siquidem

1876 2506 2179 2561 verisimile
2193 2515 2297 2571 cst,
2313 2507 2485 2576 quod,
2505 2509 2834 2578 praecognita
2858 2523 2969 2578 1am
2990 2508 3233 2579 magistri
3262 2517 3464 2574 morte,

1880 2608 2110 2655 mmstus
2143 2598 2440 2654 admodum
2479 2607 2619 2661 erat,
2656 2608 2711 2654 et
2736 2607 3026 2669 propterea
3088 2610 3211 2670 post
3264 2602 3465 2670 pedum

1881 2690 2145 2745 lationem
2171 2690 2378 2745 ascitus
2406 2689 2607 2755 fuerat,
2639 2691 2825 2761 ibique
2854 2692 3187 2746 recubuerat
3223 2709 3236 2746 :
3269 2707 3468 2749 conso-

1882 2781 2109 2837 lationis
2141 2797 2269 2852 ergo
2296 2780 2468 2852 gratia
2496 2782 2579 2852 (ii)
2612 2780 2730 2838 bare
2763 2782 3001 2854 scripsit,
3041 2798 3150 2839 non
3194 2783 3475 2855 gloriatio-

1882 2873 1969 2929 nis
2010 2890 2024 2928 :
2066 2889 2192 2928 nam
2250 2874 2463 2945 fugiens
2506 2874 2852 2944 iactantiam,
2886 2875 2973 2930 sui
3024 2875 3196 2946 ipsius
3265 2891 3470 2934 nomen

1882 2965 2170 3021 conticuit.

1956 3056 2157 3111 Verum
2194 3071 2319 3111 cum
2352 3056 2532 3112 caeteri
2586 3057 2936 3128 evangelista
2993 3059 3474 3129 praetermisissent

1886 3163 2009 3218 quae
2026 3148 2095 3203 de
2122 3148 2453 3204 intinctione
2483 3157 2538 3204 et
2558 3148 2887 3205 offulaJudaa
2919 3150 3043 3205 data
3084 3152 3426 3223 contigerant
3457 3169 3472 3208 :

197 3244 285 3310 δα,
313 3243 523 3313 μέλλων
574 3242 945 3321 διηγήσασθαι
974 3239 1153 3305 τοῦτο,
1186 3236 1506 3305 ἀναγκαίως
1550 3234 1774 3295 ἐνέπεσε

1891 3248 2207 3294 narraturus
2238 3240 2363 3305 hoc,
2391 3240 2586 3296 incidit
2617 3242 2935 3297 necessario
2974 3243 3029 3297 in
3061 3243 3259 3299 horum
3308 3259 3476 3298 enar-

197 3338 293 3389 καὶ
337 3337 418 3398 είς
473 3335 571 3405 τὴν
606 3336 814 3387 τούτων
861 3331 1227 3400 ἀπαγγελίαν.
1258 3328 1413 3381 Ἐπεὶ
1455 3326 1566 3393 γὰρ
1594 3323 1778 3386 αὐτὸς,

198 3428 524 3499 ἐπιτραπεὶς
553 3428 703 3496 παρὰ
730 3424 825 3478 τοῦ
853 3425 1090 3493 Πέτρου,
1114 3422 1368 3493 ἠρώτησε
1404 3418 1654 3490 κρυφίως
1697 3416 1782 3479 τίς

200 3524 349 3577 ἐστιν
388 3524 415 3574 ὁ
451 3520 783 3591 παραδιδοὺς
815 3518 979 3571 αὐτόν
1001 3533 1015 3547 ο
1042 3518 1343 3584 ἀναγκαῖον
1371 3508 1439 3583 ἦν
1471 3513 1647 3564 εἰπεῖν
1676 3508 1781 3561 ποῦ

199 3612 563 3681 ἀνακείμενος
612 3608 844 3680 ἠδύνατο
908 3607 1118 3677 ἐρωτᾷν
1180 3604 1449 3675 κρυφίως,
1500 3604 1598 3654 καὶ
1664 3600 1783 3661 πῶς

198 3706 425 3776 ἐθάρρει
454 3704 571 3755 ἐκεῖ
597 3718 655 3754 τε
682 3698 1003 3754 ἀνακεῖσθαι
1036 3700 1127 3751 καὶ
1153 3697 1366 3768 ἐρωτᾷν
1402 3690 1710 3763 μυστικῶς.

276 3798 348 3850 'H
378 3797 441 3848 τὸ
473 3795 572 3865 μὲν
605 3795 927 3846 ἀνακεῖσθαι
961 3792 1019 3843 ἐν
1068 3789 1147 3860 τῷ
1177 3788 1362 3858 κόλπῳ
1413 3784 1580 3839 αὑτοῦ
1626 3800 1782 3852 φησι,

202 3888 378 3961 δηλῶν
431 3887 531 3958 τήν
586 3885 961 3955 ὑπεράπειρον
994 3883 1325 3935 ταπείνωσιν
1350 3878 1468 3937 ,τοῦ
1490 3875 1587 3948 τήν
1627 3874 1787 3939 δόξαν

205 3980 621 4050 ὑπεραπείρου·
662 3978 723 4030 τὸ
775 3977 834 4029 δὲ
891 3974 1217 4045 ἀγαπᾶσθαι
1291 3970 1464 4038 λέγει,
1519 3968 1787 4029 δεικνύων

203 4072 399 4129 ἑαυτόν
450 4088 506 4124 τε
558 4070 884 4141 εὐχάριστον
934 4068 1188 4121 κάκεῖνον
1244 4062 1785 4134 φιλανθρωπότατον.

206 4166 320 4220 Καὶ
353 4168 435 4220 ὅτι
464 4165 563 4235 μὲν
588 4164 845 4235 ἠγαπᾶτο
875 4161 1157 4232 ὁμολογεῖ·
1182 4158 1322 4212 διατί
1356 4157 1412 4209 δὲ
1441 4155 1697 4228 ἠγαπᾶτο
1725 4156 1785 4207 οὐ

211 4257 596 4329 προστίθησιν,
672 4254 1013 4325 εὐχαριστῶν
1073 4252 1172 4323 μὲν
1227 4253 1345 4321 ἅμα
1422 4252 1517 4304 καὶ
1571 4265 1790 4320 μετριο-

205 4349 443 4423 φρονῶν.

279 4443 453 4498 Νεύει
482 4439 956 4510 -λότδι.Δύτδς
999 4438 1100 4503 μὲν
1148 4437 1250 4490 οὐκ
1290 4434 1596 4505 ἐθάρρησεν
1647 4435 1789 4503 ἐρω-

1887 3330 2182 3385 rationem.
2212 3332 2369 3397 Nam,
2399 3333 2530 3401 quia
2563 3333 2785 3388 hortatu
2836 3333 2983 3388 Petri
3041 3335 3180 3389 clam
3235 3336 3475 3391 interro-

1886 3431 2110 3491 gaverat
2158 3421 2414 3492 quisnam
2438 3435 2587 3479 esset
2653 3429 2744 3494 qui
2776 3440 2902 3480 eum
2936 3426 3198 3490 traderet,
3246 3430 3477 3485 necesse

1887 3523 2005 3569 erat
2028 3515 2234 3578 dicere.
2296 3518 2573 3585 quomodo
2611 3519 2981 3584 recumberet,
3014 3527 3073 3583 ut
3110 3519 3249 3574 clam
3307 3532 3474 3576 ciete~

1888 3605 1964 3661 ris
1996 3616 2183 3675 posset
2218 3608 2579 3677 interrogare.
2605 3619 2659 3662 et
2690 3625 2800 3679 quo
2819 3618 2979 3679 paeto
3027 3626 3197 3666 ausus
3258 3620 3345 3667 est
3402 3612 3478 3668 ibi

1886 3697 2209 3751 recumbere
2230 3713 2295 3753 ac
2333 3709 2548 3754 secreto
2577 3700 2932 3772 interrogare.

1957 3781 2067 3838 Aut
2101 3785 2417 3842 recubuisse
2434 3801 2494 3842 se
2526 3787 2656 3842 dicit
2683 3788 2738 3842 in
2794 3789 2918 3844 sinu
2951 3789 3092 3860 ejus,
3152 3790 3477 3847 immensam

1888 3874 2039 3929 illius
2070 3876 2433 3931 manifestans
2464 3878 2852 3946 humilitatem,
2891 3880 2983 3949 qui
3049 3881 3330 3936 immensae
3358 3864 3481 3937 erat

1890 3968 2077 4038 gloria:
2116 3986 2130 4023 :
2159 3984 2218 4023 se
2244 3984 2378 4025 vero
2404 3969 2555 4041 diligi
2578 3971 2677 4036 ait,
2709 3971 3029 4041 significans
3068 3981 3122 4027 et
3145 3987 3205 4028 se
3263 3987 3479 4044 gratum

1890 4071 1947 4115 et
1984 4063 2136 4116 illum
2160 4062 2481 4117 humanum.
2506 4063 2813 4118 Conﬁtetur
2842 4080 2995 4136 ergo,
3027 4067 3173 4135 quod
3199 4067 3470 4139 diligeba-

1891 4164 2011 4220 tur;
2033 4168 2255 4209 causam
2282 4168 2415 4208 vero
2462 4166 2562 4208 cur
2582 4153 2901 4224 diligeretur
2920 4171 3030 4211 non
3048 4157 3222 4224 addit,
3249 4160 3410 4215 simul
3428 4172 3483 4218 et

1892 4258 2076 4318 gratus
2106 4254 2163 4300 et
2188 4245 2491 4301 modestus.

1965 4430 2122 4485 Vers.
2153 4430 2243 4485 24.
2274 4429 2463 4484 lnnuit
2530 4459 2599 4470 —
2636 4430 2856 4484 diceret.
2917 4430 3035 4500 Ipse
3060 4430 3283 4501 quidem
3315 4446 3483 4487 ausus

208 4535 378 4606 τῆσαι
428 4533 517 4587 διὰ
543 4532 644 4601 τήν
677 4530 859 4583 αίτίαν
888 4528 957 4601 ἠν
987 4528 1291 4599 εἰρήκαμεν
1322 4527 1377 4579 ὲν
1405 4525 1484 4595 τῷ
1511 4525 1774 4596 ἑξηκοστιῖ

1892 4532 2118 4601 nonest
2146 4527 2500 4594 interrOgare,
2540 4531 2761 4593 propter
2790 4538 3017 4578 causam
3062 4538 3224 4594 quam
3258 4540 3484 4597 sexage-

207 4599 461 4696 τετάρτῳ
495 4599 779 4695 κεφαλαίῳ
817 4599 920 4676 τοῦθ
949 4622 1091 4675 κατά
1115 4620 1394 4675 Ματθαίον
1415 4636 1429 4649 ·
1456 4619 1536 4690 τῷ
1564 4620 1774 4692 Ἰωάννῃ

1900 4618 2044 4673 simo
2075 4622 2273 4685 quarto
2290 4613 2447 4682 juxta
2468 4611 2787 4668 Matthamm
2815 4616 2997 4684 capite
3014 4615 3288 4683 diximus;
3316 4616 3484 4673 Joan-

207 4719 267 4772 δὲ
294 4717 453 4771 τοῦτο
484 4714 804 4784 ἐπέτρεψεν,
828 4715 903 4777 ὡς
953 4714 1297 4783 ἠγαπημένῳ
1340 4711 1575 4781 μάλιστα
1606 4710 1686 4781 τῷ
1715 4712 1796 4765 δι-

1897 4713 1954 4767 ni
2029 4724 2157 4764 vero
2222 4708 2326 4762 hoc
2385 4707 2663 4763 commisit
2744 4717 3002 4779 tanquam
3068 4725 3096 4763 a
3147 4723 3484 4782 praeceptore

207 4807 491 4877 δασκάλῳ,
519 4806 614 4859 καὶ
662 4806 1005 4875 ἀνακειμένῳ
1058 4802 1362 4875 τηνικαῦτα
1410 4803 1470 4855 ὲν
1502 4802 1583 4873 τῷ
1610 4803 1774 4871 κόλπιε

1900 4802 2136 4859 maxime
2192 4799 2415 4864 dilecto,
2460 4801 2553 4868 qui
2594 4808 2725 4855 tunc
2771 4801 2827 4854 in
2862 4801 2985 4856 sinu
3014 4803 3136 4873 ejus
3196 4804 3485 4859 recumbe-

208 4898 403 4953 αὑτοῦ.

296 4989 638 5045 Ἐπιπεσὼν
664 4988 733 5042 δὲ
764 4987 994 5054 ἐκεῖνος
1021 4986 1209 5053 οὕτως
1237 5017 1304 5027 -—-
1331 4986 1543 5050 tam;
1578 4986 1793 5051 Οὕτως,

208 5083 289 5146 ὡς
326 5083 593 5144 ἀνέκειτο,
616 5082 867 5133 τουτέστι
906 5079 983 5149 μή
1022 5079 1283 5141 ἀναστάς,
1318 5078 1456 5131 ἀλλὰ
1492 5080 1651 5148 μόνον
1698 5096 1794 5149 με·

1898 4896 2013 4951 bat.

1976 4989 2132 5045 Vers.
2160 4990 2251 5044 25.
2281 4987 2413 5045 Cum
2450 5004 2572 5060 ergo
2596 4987 2687 5041 ille
2746 4988 3068 5042 recumberet
3113 4989 3189 5042 ita
3245 5019 3317 5029 —
3363 4993 3482 5045 est?

1899 5085 1999 5145 Ita,
2024 5082 2187 5137 sicuti
2217 5081 2598 5149 recumbebat,
2632 5081 2736 5137 hoc
2766 5089 2872 5145 est,
2919 5096 3029 5135 non
3056 5081 3321 5148 elevatus,
3383 5083 3482 5138 sed

207 5175 576 5245 ταστραφείς.
620 5173 682 5227 Ὅ
708 5174 815 5245 ¹μιν
843 5171 938 5226 οὖν
967 5172 1221 5238 Ἰωάννης
1250 5170 1309 5237 ἐξ
1356 5169 1665 5241 άπλότητος
1699 5173 1774 5223 ια’

1903 5186 2113 5233 tantum
2142 5176 2465 5231 conversus.
2510 5172 2757 5229 Joannes
2786 5173 2970 5244 itaque
3001 5189 3069 5228 ex
3126 5172 3480 5244 simplicitate

207 5269 445 5339 ἀγάπης
464 5266 757 5321 ἀπέπεσεν.
795 5262 963 5320 Οὔπω
994 5264 1104 5335 γάρ
1152 5262 1313 5335 φύσει
1334 5262 1468 5316 Θεδν
1490 5262 1653 5317 αὐτὸν
1683 5263 1799 5331 ἑγί·

207 5378 424 5417 νωσκεν
445 5375 461 5392 ⁶
501 5359 667 5425 αὐτὸς
707 5359 765 5412 δὲ
814 5360 1078 5431 ἠνέσχετο
1103 5358 1206 5413 κάν
1238 5355 1417 5426 τούτῳ
1444 5354 1793 5425 ψυχαγωγῶν

206 5454 397 5508 αὐτόν.

1904 5286 1971 5325 ac
2004 5267 2302 5323 dilectione
2338 5266 2745 5330 recumbebat;
2790 5264 3037 5320 nondum
3089 5265 3236 5321 enim
3281 5274 3480 5322 natura

1903 5362 2077 5416 Deum
2128 5374 2251 5413 esse
2304 5357 2668 5430 cognoscebat
2702 5374 2716 5423 ;
2747 5358 2861 5427 ipse
2912 5372 3044 5413 vero
3101 5358 3480 5430 permittebat,

1904 5453 2070 5509 etiam
2096 5453 2151 5506 in
2178 5451 2281 5507 hoc
2298 5450 2543 5505 animum
2571 5449 2717 5505 illius
2753 5449 3056 5506 oblectans.

1404 5663 1613 5727 Val-im
1645 5663 1953 5725 lectiones
1991 5666 2052 5722 et
2080 5667 2270 5722 notas.

284 5750 399 5823 (95)
427 5750 589 5807 Tom.
628 5748 767 5818 VIII,
790 5766 846 5820 p.
873 5749 977 5807 I94
1002 5749 1070 5804 Δ.

287 5908 371 5980 (ii)
418 5908 597 5980 Χάριν
618 5906 988 5978 παρηγορίας,
1040 5902 1205 5966 male,
1256 5910 1318 5957 ut
1347 5896 1585 5968 videtur,
1617 5895 1774 5967 inter]

1920 5892 2190 5952 retulitad
2231 5892 2515 5969 sequentia
2547 5891 2753 5965 ἔγραψε
2786 5892 2981 5949 ταῦτα.

538 6002 814 6062 ΡΑτιιοι..
848 6002 964 6059 Gn.
1004 5999 1269 6061 CXXIX.

3124 5984 3200 6050 Ην
