3976 6508
236 462 387 529 1293

1160 463 1527 525 COMMENT
1588 462 1665 523 IN
1702 456 2077 523 ῙΟΛΝΝΕΜ.
2117 486 2183 497 -
2219 462 2382 522 CAP.
2418 461 2573 523 XIV.

3356 458 3493 523 1394

239 572 546 640 ἐμαυτὸν,
575 569 670 625 καὶ
700 570 772 625 τά
799 571 951 639 ἑξῆς.
990 572 1153 625 Ὥστε
1187 572 1503 634 ούδδοῦτως
1532 571 1640 625 ῑδει
1684 571 1815 625 ἀθυ-

1934 572 2067 627 ιίιιιο
2128 573 2369 641 deiectos
2420 588 2589 638 esse;
2652 572 2777 642 quia
2840 586 2970 628 vero
3020 571 3133 641 jam
3182 573 3311 626 olim
3354 590 3493 643 pm-

242 662 396 729 μεϊν.
440 661 593 714 Ἐπεὶ
621 660 678 715 δι
710 660 876 715 πάλαι
908 661 1353 732 παρεσκεύασται
1383 663 1445 715 τὺ
1475 660 1681 731 πλῆθος
1709 661 1817 713 τῶν

244 752 456 819 μονῶν,
490 755 586 807 καὶ
621 754 1117 825 ἀποκεκλήρωνται
1164 755 1277 817 τοῖς
1314 752 1509 820 ἀξίοις.
1542 752 1649 824 χρὴ
1683 752 1817 823 θαρο

244 845 391 911 ῥεῖν.
422 845 518 897 καὶ
560 844 635 914 μὴ
666 844 1093 913 ἀπογινώσκειν.

324 933 479 986 Ἔστι
507 934 564 986 δδ
594 935 687 989 καὶ
712 937 915 1007 δτέρως
944 937 1138 1001 είπεῖν,
1169 937 1253 989 ὅτι
1279 937 1387 990 Καὶ
1421 936 1530 991 ἐὰν
1552 933 1819 1004 πορευθῶ

240 1022 559 1084 ἑτοιμάσαι
591 1025 734 1093 ὑμῖν
760 1027 970 1089 τόπον,
1000 1028 1171 1097 ηῆγουν
1200 1028 1511 1094 ὲγκαινίσαι
1542 1029 1674 1098 ύμῖν
1697 1028 1821 1082 ἄνθ·

242 1112 335 1164 δον
361 1114 496 1183 πρὸς
533 1113 625 1167 τὸν
654 1114 907 1185 ούρανδν,
934 1118 1002 1186 ἢν
1034 1117 1206 1180 οὐδεὶς
1231 1117 1445 1171 οὐδέπω
1472 1118 1582 1171 τῶν
1610 1116 1819 1189 ἀνθρώ-

243 1218 370 1254 πων
402 1204 619 1270 ἀνῆλθε,
657 1206 820 1259 πάλιν
853 1206 1086 1278 ἔρχομαι
1115 1211 1258 1263 κατὰ
1289 1208 1388 1281 τὴν
1413 1209 1675 1282 δευτέραν
1705 1229 1810 1281 μου

244 1293 580 1363 παρουσίαν,
639 1298 734 1350 καὶ
793 1299 1189 1370 παραλήψομαι
1244 1301 1387 1371 ὑμᾶς
1417 1303 1553 1374 πρὸς
1580 1303 1820 1373 ἐμαυτὸν

246 1386 591 1449 ἀναστάντας
622 1388 685 1439 ὲκ
729 1389 964 1460 νεκρῶν,
998 1391 1535 1460 συμϐασιλεύσοντάς
1569 1411 1661 1464 μοι
1685 1396 1820 1449 αἰώ-

241 1476 399 1536 νίως.
435 1476 496 1528 Et
528 1478 637 1545 γὰρ
688 1481 781 1532 καὶ
808 1482 1174 1546 ἀποθανόντες
1203 1484 1339 1554 πρὸς
1380 1485 1540 1538 αὐτὸν
1568 1486 1819 1555 ἀνῆλθον,

245 1565 372 1618 ἀλλ’
395 1567 454 1619 ού
488 1567 631 1636 μετὰ
678 1570 786 1622 τῶν
822 1571 1107 1641 σωμάτων,
1141 1574 1235 1627 καὶ
1283 1577 1331 1626 εί
1366 1574 1605 1630 σύνεισιν
1647 1577 1820 1648 αὐτῷ.

246 1656 370 1708 ἀλλ’
407 1658 469 1710 οὐ
513 1659 1023 1727 συμΰασιλεύοντες.
1088 1663 1241 1717 Ἐπεὶ
1284 1666 1339 1719 δὲ
1374 1666 1529 1730 είδὼς
1572 1668 1640 1721 τὰ
1666 1668 1822 1737 κινήο

253 1764 407 1816 ματα
432 1748 538 1800 τῶν
561 1751 797 1820 καρδιῶν
814 1752 1022 1820 αὐτῶν,
1078 1754 1221 1822 ἔγνω
1268 1757 1673 1827 ιπιθυμοῦντας
1716 1776 1823 1828 μαι

250 1837 370 1890 θεῖν
418 1839 519 1891 ποῦ
561 1841 782 1910 ὑπάγει,
834 1844 927 1897 καὶ
964 1845 1063 1917 τὴν
1093 1847 1214 1900 ὁδὸν
1269 1848 1368 1919 τὴν
1399 1850 1641 1917 ἄγουσαν
1686 1850 1820 1904 ὅπου

249 1928 474 1995 ὑπάγει.
516 1932 651 2003 φησί
674 1949 688 1963 ·

326 2023 435 2075 Καὶ
472 2053 533 2063 -—
567 2024 803 2091 016a“;
842 2024 932 2090 Ἐξ
957 2020 1033 2079 ὧν
1058 2027 1331 2098 διαφόρως
1375 2024 1529 2083 εἶπον
1570 2030 1719 2100 ὑμῖν,
1750 2032 1829 2086 oi-

251 2111 381 2165 δατε
416 2114 509 2165 καὶ
557 2114 865 2183 ἀμφότερα,
924 2118 972 2169 ei
1016 2118 1420 2189 ἁναμνησθῆτε.
1482 2121 1690 2190 ’Υπῆγε
1728 2122 1827 2193 μὲν

250 2199 349 2253 οὖν
382 2201 516 2270 πρὸς
546 2202 636 2255 τὸν
663 2204 884 2273 Πατέρα
925 2206 1019 2273 ἀφ’
1085 2200 1148 2260 οὗ
1181 2208 1277 2261 καὶ
1312 2209 1561 2279 ἐξῆλθεν.
1595 2211 1744 2274 Ὁδὸς
1769 2212 1826 2266 δέ

251 2290 409 2343 ἔστιν
437 2293 622 2357 αὐτὸς,
665 2292 732 2347 δι’
757 2286 818 2347 οῦ
848 2295 1119 2366 ἐρχόμεθα
1150 2298 1289 2370 πρὸς
1333 2300 1427 2354 τὸν
1476 2303 1721 2375 Πατέρα,
1749 2304 1826 2369 ὡς

260 2378 465 2449 προῖὼν
492 2383 627 2451 ἐρεῖ.

330 2472 500 2543 Λέγει
521 2504 572 2515 -
607 2476 862 2545 siderat;
894 2479 1055 2550 ᾭετο
1080 2482 1188 2555 γὰρ
1232 2484 1489 2555 αἰσθητὸν
1528 2484 1672 2541 εῐναί
1700 2506 1825 2543 τινα

256 2561 422 2616 τόπον
455 2565 591 2620 ὅπου
630 2567 856 2637 ὑπάγει,
902 2571 996 2623 καὶ
1024 2571 1141 2627 ὁδὸν
1171 2576 1372 2645 ὁμοίως
1402 2576 1681 2647 τοιαύτην.

326 2750 497 2816 Λέγει
524 2780 593 2791 —-
624 2750 759 2818 ζωή.
822 2751 973 2817 Ὀδός
1028 2756 1130 2825 μὲν
1184 2757 1265 2811 ὅτι
1299 2759 1365 2811 δι’
1401 2759 1534 2829 ἐμοῦ
1565 2760 1820 2832 ἔρχεσθεο

255 2838 490 2909 ἀλήθεια
518 2841 596 2902 δὲ.
630 2844 713 2896 ὅτι
741 2844 1012 2914 ἀληθεύω,
1062 2847 1157 2900 καὶ
1193 2849 1412 2913 πάντως
1435 2850 1586 2905 ἔσται
1615 2855 1788 2908 ταῦτα
1806 2870 1823 2888 ο

253 2930 370 3000 ζωὴ
399 2931 476 2994 δὲ,
525 2934 607 2986 ὅτι
638 2936 732 2987 καὶ
778 2936 873 2988 τοῦ
918 2936 1153 2991 Θανάτου
1194 2940 1454 3011 κυριεύω.
1488 2944 1550 2995 Εί
1582 2943 1676 2997 οῦν
1714 2946 1826 3012 ἐγώ

249 3021 372 3089 εἰμι
402 3021 435 3091 ή
466 3021 601 3086 όδός,
634 3024 886 3095 ὁδηγήσω
934 3028 1078 3098 ὑμᾶς
1100 3044 1117 3059 ο
1158 3031 1207 3082 εί
1240 3029 1296 3082 δὲ
1328 3031 1422 3084 καὶ
1451 3031 1701 3101 ἀλήθεια,
1756 3035 1818 3089 οὐ

250 3109 520 3178 ψεύδομαι
549 3130 564 3145 ο
609 3117 657 3169 εί
711 3116 767 3169 δὲ
816 3119 911 3172 καὶ
963 3118 1098 3190 ζωὴ.
1130 3120 1250 3173 οὐδὲ
1278 3122 1307 3175 ό
1336 3121 1567 3187 θάνατος
1602 3124 1825 3197 διαστή-

254 3218 340 3255 σει
372 3202 515 3272 ὑμᾶς
552 3205 709 3275 ἐμοῦ.

329 3294 538 3361 Οὐδεὶς
572 3298 826 3369 -ἐμοῦ.
866 3300 957 3354 Ἐν
1003 3300 1081 3370 τῷ
1110 3302 1286 3373 ἐνάτῳ
1317 3303 1373 3356 δὲ
1413 3305 1695 3377 κεφαλαίῳ
1742 3302 1824 3360 εἷ-

254 3404 384 3440 πεν·
418 3390 630 3458 Οὐδεὶς
676 3392 927 3450 δύναται
970 3396 1171 3451 ἐλθεῖν
1218 3399 1366 3467 πρὸς
1415 3399 1543 3470 ἐμὲ,
1589 3402 1697 3456 ἐὰν
1736 3404 1823 3474 μὴ

253 3482 289 3533 ό
314 3480 515 3562 Πατὴρ
556 3485 589 3536 ό
619 3483 863 3553 πέμψας
890 3504 968 3557 με
994 3488 1230 3557 ἐλκύσῃ
1268 3491 1477 3545 αὐτόν’
1518 3492 1547 3545 ὁ
1588 3493 1689 3563 μὲν
1716 3496 1824 3567 γὰρ

254 3570 459 3636 ἑλκύει,
489 3574 589 3628 όδὲ
606 3576 821 3647 όδηγεῖο
858 3580 953 3633 καὶ
983 3580 1287 3654 ἀμφότεροι
1343 3585 1702 3656 συνεργοῦσιν
1744 3593 1825 3652 ei;

254 3661 353 3731 τὴν
378 3663 655 3733 σωτηρίαν
694 3667 803 3720 τῶν
831 3668 1157 3738 ἀνθρώπων.

321 3754 391 3807 El
423 3785 493 3796 -
527 3758 840 3825 ἐγνώκειτε
877 3761 973 3813 ἄν.
1041 3762 1323 3835 ’Δνωτὲρω
1374 3765 1474 3835 μὶν
1523 3767 1693 3821 εἰπὼν
1740 3770 1820 3825 ὅτι

256 3846 334 3915 (4)
360 3849 465 3901 Καὶ
501 3849 653 3905 ὅπου
677 3853 883 3922 ὑπάγω
908 3853 1128 3917 οἴδατε,
1154 3856 1256 3909 καὶ
1283 3856 1400 3925 τὴν
1418 3858 1562 3912 ὀδόν
1581 3860 1781 3915 οἴδατε
1806 3879 1819 3892 ·

254 3938 524 4007 ιδήλωσεν
552 3941 633 3994 ὅτι
660 3944 754 3997 καὶ
778 3946 867 3998 τδν
901 3946 1120 4019 Πατέρα
1150 3949 1323 4003 οίδασι
1348 3950 1442 4003 καὶ
1479 3950 1647 4004 αὐτόν
1671 3970 1686 3984 ·
1737 3955 1823 4006 tv-

253 4027 429 4083 ταῦθα
459 4029 516 4083 δὲ
542 4032 862 4103 ἐπαγαγὼν,
907 4037 986 4091 ὅτι
1021 4035 1088 4092 Et
1125 4038 1439 4108 ἐγνώκειτέ
1460 4057 1559 4109 με,
1595 4042 1691 4095 καί
1720 4043 1828 4095 τὸν

256 4121 485 4189 Πατέρα
531 4141 653 4192 μου
716 4126 1027 4196 ἐγνώκειτε
1090 4129 1204 4193 ἄν,
1278 4130 1539 4201 ἐνέφηνεν
1595 4133 1677 4186 ὅτι
1727 4135 1822 4187 καὶ

255 4211 421 4265 αὐτὸν
449 4213 704 4281 ἀγνοοῦσι
744 4219 843 4272 καὶ
895 4219 989 4271 τὸν
1023 4220 1265 4290 Πατέρα.
1298 4222 1409 4275 Καὶ
1462 4218 1732 4293 πολλαχοῦ
1764 4224 1823 4278 δὲ

254 4303 417 4358 τοῦτο
454 4310 617 4361 ποιεί.
669 4308 824 4363 Ἐπεὶ
854 4312 965 4381 γὰρ
991 4310 1288 4380 ἐγίνωσκον
1317 4313 1417 4383 μὲν
1448 4314 1543 4367 καὶ
1576 4316 1821 4386 ἀμφοτὲ-

258 4409 410 4463 ρους,
440 4395 538 4466 οὐχ
568 4397 643 4460 ὡς
674 4400 952 4469 προσῆκον
979 4402 1071 4456 δέ’
1107 4401 1335 4474 ὕστερον
1373 4406 1484 4476 γὰρ
1540 4408 1823 4480 ἑπιφοιτῆ-

1916 674 2104 733 parata
2139 671 2224 717 est
2251 663 2598 718 multitudine
2627 662 2996 723 mansionum,
3027 676 3091 715 ac
3118 660 3298 730 dignis
3344 673 3491 719 sorte

1918 753 2221 809 distributae
2272 760 2422 819 sunt,
2478 753 2731 810 ﬁduciam
2800 752 3001 807 habere
3054 760 3351 821 oportet,et
3382 768 3493 807 non

1918 843 2233 913 desperare.

1988 933 2173 988 Potest
2230 942 2286 987 et
2341 933 2499 988 aliter
2565 932 2671 987 dici
2720 952 2736 989 ε
2786 932 2938 997 Quod
3009 930 3224 986 etiamsi
3318 931 3497 987 abiero

1918 1032 1977 1077 ut
2024 1036 2317 1094 praeparent
2371 1025 2510 1079 vobis
2566 1024 2761 1087 locum,
2818 1022 3095 1086 videlicet,
3154 1030 3213 1076 ut
3241 1019 3496 1077 innovem

1918 1113 2073 1167 vobis
2126 1129 2413 1169 ascensum
2474 1115 2532 1170 in
2587 1114 2810 1178 calum,
2863 1129 2970 1184 quo
3025 1113 3211 1168 nullus
3257 1128 3498 1182 unquam

1918 1203 2198 1259 hominum
2248 1206 2542 1271 ascendit,“
2570 1222 2785 1262 rursum
2843 1206 3055 1261 veniam
3108 1206 3349 1259 secundo
3399 1205 3500 1261 ad-

1918 1304 2112 1361 ventu,
2167 1305 2226 1351 et
2277 1311 2552 1353 assumam
2600 1313 2699 1353 vos
2751 1296 2820 1352 ad
2891 1296 3181 1366 meipsum,
3260 1294 3498 1350 resusci—

1922 1386 2066 1432 latos
2113 1393 2178 1433 cx
2229 1380 2477 1445 mortuis,
2513 1390 2573 1434 ut
2638 1379 2985 1448 conregnetis
3037 1378 3174 1433 mihi
3226 1377 3282 1431 in
3328 1387 3495 1433 ater-

1919 1483 2075 1521 num.
2128 1468 2451 1536 Quanquam
2497 1469 2647 1524 enim
2699 1468 2902 1523 mortui
2938 1475 3068 1523 ante
3122 1484 3250 1522 eum
3300 1482 3495 1522 ascen-

1919 1556 2137 1617 derunt,
2187 1556 2282 1611 sed
2307 1572 2412 1611 non
2447 1572 2571 1610 cum
2614 1556 2973 1626 corporibus;
3010 1565 3064 1610 et
3095 1556 3140 1610 si
3185 1556 3349 1610 simul
3373 1571 3497 1610 cum

1920 1661 1989 1701 co
2038 1657 2185 1709 sunt,
2228 1656 2284 1702 at
2316 1663 2425 1703 non
2461 1648 2625 1702 simul
2662 1658 2912 1719 regnant.
2947 1649 3087 1714 Quia
3143 1663 3273 1703 vero
3321 1648 3501 1703 sciens

1920 1742 2105 1788 motus
2175 1736 2424 1791 cordium
2502 1737 2771 1806 ipsorum,
2828 1739 3085 1809 cognovit
3124 1753 3324 1807 cupere
3380 1736 3503 1792 illos

1921 1822 2067 1878 scire
2109 1839 2218 1894 quo
2255 1823 2380 1889 iret,
2421 1835 2478 1881 et
2508 1826 2648 1880 viam
2710 1840 2833 1894 quae
2882 1840 2947 1881 eo
2973 1826 3203 1882 duceret
3227 1840 3336 1895 quo
3376 1825 3517 1888 iret,

1998 2026 2158 2083 Vcrs.
2215 2029 2272 2083 4.
2308 2029 2659 2086 lit—scitis.
2717 2032 2796 2086 Ex
2852 2031 2961 2097 his,
3009 2045 3131 2100 quae
3189 2030 3503 2099 frequenter

1926 2119 2039 2175 dixi
2071 2119 2250 2182 vobis,
2288 2129 2343 2176 et
2375 2121 2481 2177 hoc
2511 2132 2567 2177 et
2594 2122 2725 2176 illud
2774 2122 2969 2186 nostis,
3017 2121 3060 2175 si
3112 2118 3502 2174 recordamini.

1927 2212 2005 2266 Ad
2061 2211 2274 2267 Patrem
2316 2228 2553 2282 namque
2602 2212 2719 2267 ibat
2770 2228 2798 2266 a
2844 2228 2959 2281 quo
2986 2212 3152 2267 etiam
3201 2212 3440 2266 exiverat
3485 2225 3501 2261 :

1928 2301 2014 2357 via
2052 2311 2234 2357 autem
2281 2303 2399 2372 ipse
2446 2310 2551 2365 est.
2589 2319 2692 2371 per
2743 2318 2905 2373 quem
2949 2303 3089 2357 imus
3139 2302 3207 2357 ad
3261 2301 3500 2367 Patrem,

1927 2391 2096 2445 veluti
2130 2392 2182 2444 in
2211 2392 2569 2460 sequentibus
2608 2393 2855 2448 dicturus
2902 2401 3006 2448 est.

1996 2478 2156 2535 Vera.
2189 2482 2240 2536 5.
2284 2482 2419 2536 Dicit
2453 2513 2521 2529 -—
2564 2484 2744 2538 scire?
2782 2482 3012 2538 Putabat
3055 2496 3294 2552 namque
3325 2481 3507 2538 sensi-

1927 2570 2094 2625 bilem
2160 2571 2396 2641 aliquem
2466 2575 2643 2627 locum
2694 2587 2840 2638 esse,
2889 2589 2998 2644 quo
3039 2573 3162 2639 iret,
3229 2581 3283 2628 et
3312 2573 3504 2629 eodem

1927 2660 2092 2715 modo
2139 2661 2282 2716 viam
2311 2677 2432 2716 esse
2471 2662 2728 2717 similem.

1998 2752 2156 2808 Vers.
2182 2754 2567 2810 6:Ait—aita.
2587 2756 2679 2809 Via
2704 2756 2945 2825 Quidem,
2978 2755 3105 2825 quia
3138 2760 3235 2826 per
3271 2769 3354 2809 me
3386 2771 3508 2825 gra-

1928 2846 2157 2913 dimini;
2195 2848 2397 2903 veritas
2442 2857 2646 2912 autem,
2689 2848 2816 2915 quia
2879 2863 3010 2903 vera
3068 2848 3281 2918 loquor,
3337 2858 3393 2903 et
3441 2863 3506 2902 ea

1929 2937 2288 2993 infallibiliter
2334 2947 2534 3005 erunt;
2573 2939 2683 2994 vita
2730 2954 2882 3003 vero,
2914 2938 3039 3009 quia
3089 2939 3253 2995 morti
3286 2954 3507 3010 quoque

1928 3026 2199 3082 dominor.
2241 3024 2300 3080 Si
2361 3041 2492 3096 ergo
2542 3041 2645 3098 ego
2686 3026 2773 3081 via
2840 3042 2981 3094 sum,
3045 3027 3237 3083 ducam
3318 3028 3509 3096 utique

1928 3132 2061 3181 vos;
2102 3116 2145 3171 si
2204 3115 2372 3172 etiam
2407 3117 2633 3181 veritas,
2678 3134 2786 3173 non
2844 3119 3128 3185 mentior;
3180 3118 3321 3188 quod
3363 3118 3407 3173 si
3454 3125 3511 3172 et

1851 3218 1896 3276 c
1927 3208 2054 3269 vita,
2086 3223 2265 3277 neque
2305 3224 2452 3264 mors
2486 3225 2583 3265 vos
2628 3225 2658 3264 a
2696 3226 2782 3265 me
2818 3211 3110 3281 separabit.

1996 3299 2153 3355 Vers.
2187 3300 2240 3354 6.
2280 3299 2453 3355 Nemo
2476 3330 2549 3341 —
2579 3318 2681 3355 me.
2724 3300 2882 3356 Nono
2918 3317 3048 3356 vero
3099 3304 3280 3372 capite
3314 3302 3451 3355 dixit
3488 3320 3501 3354 :

1928 3389 2099 3446 Nemo
2146 3400 2315 3461 potest
2358 3394 2536 3447 venire
2574 3394 2646 3448 ad
2696 3410 2798 3457 me,
2833 3394 2937 3447 nisi
2982 3393 3164 3461 Pater,
3224 3395 3315 3465 qui
3368 3396 3509 3449 misit

1926 3496 2026 3539 me.
2096 3483 2317 3535 traxerit
2364 3498 2483 3536 eum
2507 3483 2553 3514 ’τ
2605 3499 2620 3537 :
2674 3482 2765 3539 ille
2814 3482 3082 3553 siquidem
3156 3486 3341 3551 trahit,
3422 3487 3511 3541 hic

1926 3579 2105 3623 autem
2140 3569 2292 3624 ducit
2354 3578 2410 3625 et
2464 3572 2628 3627 ambo
2684 3582 3050 3642 cooperantur
3099 3573 3167 3628 ad
3223 3574 3505 3631 hominum

1926 3662 2184 3715 salutem.

1998 3750 2158 3807 νει-ε.
2219 3752 2274 3806 7.
2329 3752 2389 3808 Si
2438 3783 2506 3795 —
2547 3754 2727 3824 utique
2798 3757 3184 3826 cognovissetis.
3246 3756 3509 3827 Superius

1924 3838 2145 3908 quidem
2180 3839 2509 3896 dicens:Et
2562 3858 2663 3913 quo
2715 3860 2807 3915 ego
2840 3846 2977 3899 vado
3034 3847 3200 3912 scitis,
3256 3856 3306 3901 et
3367 3848 3507 3903 viam

1924 3930 2067 3985 scitis
2098 3930 2165 3995 “,
2222 3931 2572 4002 signiﬁcavit,
2608 3935 2753 4002 quod
2806 3942 2863 3989 et
2913 3935 3131 3991 Patrem
3192 3945 3249 3992 et
3306 3954 3366 3993 se
3412 3955 3508 3995 co‘

1926 4031 2272 4093 gnoseerent.
2334 4022 2435 4078 Hic
2486 4032 2670 4079 autem
2714 4025 3024 4096 adjiciens:
3076 4026 3137 4083 Si
3180 4031 3505 4099 cognovisse-

1927 4113 1992 4166 tis
2024 4128 2124 4177 me,
2183 4121 2232 4167 et
2280 4111 2499 4168 Patrem
2555 4129 2725 4169 meum
2762 4118 2941 4186 utique
2975 4120 3363 4186 cognovissetis,
3414 4137 3502 4176 os-

1925 4202 2119 4263 tendit,
2165 4201 2307 4270 quod
2342 4212 2399 4257 et
2446 4217 2505 4258 se
2534 4212 2591 4259 et
2645 4204 2864 4262 Patrem
2915 4206 3253 4277 ignorarent.
3283 4209 3339 4263 Id
3403 4225 3502 4263 au-

1928 4301 2034 4348 tem
2087 4293 2273 4348 multis
2342 4293 2399 4349 in
2438 4293 2573 4350 locis
2620 4294 2752 4351 facit
2795 4304 2811 4347 :
2854 4311 2980 4353 nam
3026 4298 3153 4368 quia
3206 4308 3503 4369 utrumque

1919 4381 2348 4455 cognoscebant,
2401 4392 2459 4443 at
2514 4400 2649 4451 non,
2700 4396 2761 4440 ut
2823 4389 3190 4443 conveniebat
3235 4398 3500 4460 (postmo-

256 4501 357 4539 σαν
383 4486 444 4539 τὺ
477 4490 745 4556 πανάγιον
776 4491 1005 4563 Πνεῦμα
1051 4496 1457 4550 κατεσκεύασεν
1485 4500 1671 4564 αὐτοῖς
1718 4519 1821 4557 τε-

1934 4477 2052 4532 dum
2108 4479 2255 4532 enim
2304 4478 2643 4535 descendens
2711 4478 2945 4551 Spiritus
2981 4482 3226 4545 sanctus,
3310 4483 3497 4550 perfe-

253 4571 406 4627 λείαν
436 4577 535 4645 τὴν
563 4577 796 4643 γνῶσιν·
832 4581 961 4635 ποτὲ
992 4582 1091 4652 μὲν
1125 4584 1210 4637 ὅτι
1270 4584 1600 4652 γινώσκουσι
1648 4590 1819 4659 λέγει,

254 4666 390 4722 διότι
415 4672 767 4741 ὁπωσδήποτε
801 4678 1158 4743 γινώσκουσι’
1198 4680 1328 4732 ποτὶ
1360 4680 1415 4735 δὲ
1450 4682 1533 4735 ὅτι
1562 4684 1623 4736 ού
1657 4684 1822 4752 γινώ-

254 4777 465 4825 σκουσι,
491 4763 625 4817 διότι
665 4766 737 4829 ὡς
763 4768 931 4839 ἐχρῆν
953 4770 1011 4823 ού
1035 4769 1380 4834 γινώσκουσι.
1404 4772 1517 4827 Νῦν
1538 4773 1595 4827 δέ
1624 4793 1787 4846 φησιν
1804 4790 1819 4805 '

253 4853 324 4905 Ei
356 4851 667 4919 ἐγνώκειτέ
712 4873 809 4924 με,
838 4859 909 4921 ὡς
939 4859 1066 4929 χρὴ,
1105 4860 1189 4923 τίς
1232 4861 1349 4930 είμι
1401 4862 1459 4914 τδ
1506 4863 1816 4934 νοούμενον,

252 4942 352 5030 ita!
406 4946 512 4997 τὸν
562 4946 794 5013 Πατέρα
835 4965 954 5016 μου
1008 4950 1315 5018 ἐγνώκειτε
1363 4951 1478 5006 ἄν’
1537 4954 1660 5009 ἐπεὶ
1712 4958 1819 5030 γάρ

248 5028 372 5096 ἶσος
397 5036 523 5105 ἐμοὶ
553 5037 650 5090 καὶ
677 5039 1102 5110 ἀπαράλλακτός
1132 5044 1301 5107 ἐστιν,
1336 5047 1364 5098 ό
1388 5046 1661 5118 νενοηκὼς
1719 5028 1820 5119 lth

252 5126 477 5199 νενόηκε
504 5125 581 5198 (5)
610 5128 704 5182 τὸν
731 5130 969 5203 Πατέρα.

324 5286 436 5339 Καὶ
467 5316 538 5327 --
560 5288 769 5345 αὐτόν.
830 5289 987 5343 Ἐπεὶ
1021 5292 1119 5361 ἐμὲ
1144 5293 1464 5360 γινώσκετε,
1504 5298 1553 5349 εί
1600 5297 1695 5350 καὶ
1747 5298 1822 5371 μὴ

251 5376 328 5439 ὡς
353 5376 480 5447 χρὴ,
506 5376 698 5431 λοιπὸν
728 5379 1028 5447 γινώσκετε
1069 5384 1161 5437 καὶ
1197 5384 1358 5437 αὑτὸν
1388 5386 1671 5453 ὡσαύτως.

397 5588 443 5618 ⁸⁷
470 5587 629 5642 Joan.
683 5606 757 5653 vn,
806 5591 894 5646 44.
1005 5592 1049 5624 ⁸⁸
1077 5592 1235 5648 Joan.
1286 5609 1392 5658 xw,
1426 5595 1479 5651 4.

1925 4577 2070 4624 ctam
2123 4569 2204 4624 eis
2245 4570 2477 4640 praebuit
2536 4571 3253 4643 cognitionem),interdum
3277 4574 3500 4645 quidem

1923 4660 2077 4725 dicit,
2130 4662 2276 4731 quod
2338 4668 2699 4732 cognoscunt,
2758 4663 2884 4733 quia
2946 4674 3224 4736 utcunque
3292 4681 3499 4739 cogno-

1922 4761 2127 4807 scunt:
2187 4751 2515 4822 quandoque
2574 4767 2723 4818 vero,
2765 4756 2911 4827 quod
2978 4770 3086 4810 non
3138 4764 3499 4826 cognoscunt,

1922 4842 2049 4911 quia
2079 4857 2209 4906 non,
2248 4851 2306 4895 ut
2333 4852 2570 4911 oportet,
2610 4854 2968 4914 cognoscunt.
3000 4845 3157 4901 Nunc
3200 4861 3339 4902 vero
3367 4848 3444 4901 ait
3479 4865 3493 4901 :

1921 4934 1980 4990 Si
2022 4934 2381 5004 cognoviuetis
2412 4933 2530 5003 me,!
2556 4943 2613 4990 ut
2676 4942 2915 5003 oportet,
2976 4935 3100 5007 quis
3143 4938 3269 5002 sim,
3322 4953 3499 5008 quan—

1924 5036 2038 5082 tum
2075 5027 2143 5081 ad
2194 5026 2551 5094 intellectum,
2592 5037 2642 5080 et
2702 5026 2913 5083 Patrem
2956 5045 3127 5081 meum
3169 5030 3347 5100 utique
3406 5048 3493 5084 co-

1924 5117 2270 5186 gnovt'ssetis;
2312 5131 2434 5172 nam
2478 5132 2602 5173 cum
2648 5118 2781 5173 mihi
2831 5118 2903 5173 sit
2930 5120 3176 5189 aequalis,
3226 5130 3282 5174 et
3333 5136 3364 5175 a
3408 5137 3496 5177 me

1927 5207 2326 5276 inseparabilis,
2351 5208 2442 5275 qui
2487 5209 2865 5280 mecognovit,
2883 5218 2933 5264 et
2951 5207 3165 5265 Patrem
3213 5212 3487 5280 cognovit.

2001 5297 2159 5353 Vers.
2216 5298 2271 5352 Ἰ.
2323 5298 2390 5352 Et
2442 5329 2511 5340 —
2559 5316 2701 5354 eum.
2763 5299 2899 5355 Cum
2967 5317 3054 5358 mc
3134 5306 3497 5374 cognoscatis,

1924 5405 2235 5460 quanquam
2301 5406 2413 5445 non
2470 5402 2528 5446 ut
2591 5400 2829 5461 oportet,
2890 5409 3230 5464 consequens
3296 5404 3381 5451 est
3440 5406 3498 5451 ut

1927 5491 1981 5536 et
2025 5482 2198 5551 ipsum
2249 5484 2501 5538 similiter
2549 5487 2915 5555 cognoscatis.

1442 5734 1644 5795 Varia:
1684 5736 1990 5799 lectiones
2028 5746 2089 5797 ct
2124 5748 2311 5798 ηοω.

326 5854 401 5920 (4)
469 5854 591 5905 Ὅτι
646 5855 797 5910 abest
844 5856 902 5909 Β.

2002 5864 2077 5933 (.3)
2110 5862 2215 5916 Kal
2252 5860 2464 5915 videtur
2506 5861 2796 5916 excidisse.
