3976 6474
521 374 662 444 1395
1730 380 1938 441 EUTH
1948 380 2103 439 ΥΜΙΙ

2221 382 2555 443 ilGABENI
3629 381 3765 446 i396

587 487 1015 560 Chrysostomus
1071 507 1234 558 vero,
1285 492 1617 565 Cognoscelis
1669 491 2099 560 interpretatur,

2289 493 2350 546 '0
2405 495 2462 546 δὲ
2519 496 2903 567 Χρυσόστομος
2953 496 3028 564 (6)
3087 498 3406 554 Γνώσεσθε
3450 497 3759 567 ἑρμηνεύειν

517 590 673 649 puta,
757 598 868 639 non
933 595 1056 655 post
1157 585 1389 640 multum
1452 595 1686 655 tempus.
1758 581 2099 654 cognoscetis

2221 585 2374 656 ήγουν
2427 588 2552 640 ὅσον
2596 587 2748 640 οὔπω
2804 585 3077 656 γνώσεσθε
3139 589 3320 655 αὑτὸν,
3349 591 3420 653 ὼς
3468 603 3761 660 προσηκον.

514 688 642 728 eum
682 684 744 729 ut
787 687 1024 746 oportet,
1076 679 1166 735 ubi
1217 695 1382 752 super
1431 697 1524 736 vos
1585 679 1825 749 Spiritus
1872 685 2099 731 sanctus

2221 679 2657 750 ἐπιφοιτήσαντος
2687 681 2817 751 ὑμῖν
2849 679 2943 733 τοῦ
2969 681 3123 748 ἁγίου
3153 681 3483 750 Πνεύματος.

517 766 887 824 descenderit.

590 857 749 915 Vers.
818 861 870 916 7.
941 862 1005 917 Et
1062 867 1265 921 vidistis
1329 882 1468 920 eum.
1554 862 1730 919 Etiam
1797 857 2100 930 potentiam

2279 853 2385 905 Καί
2417 848 2715 915 ἑωράκατε
2749 846 2954 901 αὐτόν.
2990 847 3101 901 Καὶ
3153 847 3431 914 ἑωράκατε
3479 845 3576 914 τὴν
3606 845 3765 898 δύνα-

515 949 636 1018 ejus
687 950 900 1006 vidistis
965 970 1064 1024 per
1111 971 1289 1010 meam
1356 954 1681 1026 potentiam,
1748 967 1847 1022 per
1914 948 2098 1005 divina

2221 961 2300 997 ttv
2325 943 2492 996 αὐτοῦ
2523 941 2612 994 διὰ
2641 942 2741 1009 τῆς
2774 940 2912 1010 ἐμῆς
2947 938 3252 1007 δυνάμεως,
3294 937 3379 990 διὰ
3408 937 3514 989 τῶν
3545 936 3767 1005 θεοπρε-

517 1040 694 1113 signa,
745 1058 868 1115 qua
920 1045 1066 1103 dedi.
1132 1046 1267 1102 Nam
1327 1024 1450 1118 qua:
1503 1061 1606 1117 ego
1667 1059 1914 1116 possum,
1987 1041 2103 1094 haec

2221 1035 2325 1088 πῶν
2358 1033 2602 1103 σημείων
2653 1026 2730 1085 ὧν
2763 1031 3020 1101 ἐποίησα.
3083 1029 3150 1081 Ἀ
3199 1027 3306 1097 γὰρ
3356 1025 3466 1093 ἐγὼ
3511 1024 3762 1094 δύναμαι,

518 1141 576 1187 et
607 1133 721 1189 ille.

2221 1125 2384 1179 ταῦτα
2412 1125 2685 1186 κάκεῖνος.

585 1224 740 1282 Vers.
787 1227 844 1284 8.
888 1227 1024 1284 Dicit
1056 1261 1126 1272 —
1165 1232 1332 1285 nobis.
1363 1262 1434 1272 —
1465 1230 1532 1285 Et
1576 1229 1763 1299 stt/ﬁcit
1810 1227 1974 1290 vobis,
2041 1235 2103 1281 ut

516 1319 609 1389 qui
670 1331 725 1376 te
759 1321 872 1392 jam
920 1333 1080 1379 antea
1125 1326 1504 1395 cognovimus.
1543 1323 1680 1389 Quia
1725 1336 1858 1391 ergo
1903 1320 2103 1390 quaesi-

514 1412 594 1467 vit
647 1428 812 1469 nosse
875 1415 1116 1481 Patrem,
1164 1417 1404 1472 ostendit
1458 1415 1714 1469 Christus
1774 1412 1916 1482 quod
1975 1426 2102 1467 eum

513 1502 625 1573 jam
685 1514 894 1561 nosset.

589 1592 745 1651 γει-ε.
784 1597 838 1652 9.
900 1599 990 1651 Ait
1017 1628 1088 1638 «-
1118 1598 1402 1669 Philippe?
1440 1595 1886 1666 lnterrogationis
1921 1599 2105 1648 sermd

515 1695 600 1742 est
653 1705 666 1741 :
729 1687 900 1742 Tanto
947 1698 1178 1755 tempore
1217 1689 1477 1744 vobiscum
1521 1704 1660 1752 sum,
1714 1686 1896 1741 divina
1954 1685 2103 1756 signa

2279 1215 2449 1285 Λέγει
2474 1245 2544 1255 —
2576 1214 2741 1282 ἡμῖν.
2771 1243 2840 1253 -
2870 1213 2975 1265 Καὶ
3010 1210 3182 1279 ἀρκεῖ
3218 1208 3382 1277 ἡμῖν,
3419 1209 3492 1270 ὡς
3529 1208 3583 1259 σὲ
3635 1205 3769 1265 τέως

2207 1311 2530 1378 ὲγνωκόαιν.
2585 1307 2736 1360 Ἐπεὶ
2767 1300 2859 1358 οὖν
2887 1304 3123 1376 ἐζήτησε
3155 1301 3357 1369 γνῶναι
3397 1300 3486 1352 τὸν
3529 1299 3764 1368 Πατέρα,

2206 1404 2484 1458 δείκνυσιν
2509 1403 2536 1454 ὁ
2567 1396 2802 1470 Χριστὸς
2837 1398 2920 1450 ὅτι
2958 1390 3100 1448 οἶδεν
3127 1394 3312 1447 αὐτόν.

2279 1587 2449 1657 Λέγει
2485 1615 2553 1625 -
2581 1571 2889 1642 diurnas;
2931 1578 3066 1632 Κατ’
3092 1575 3357 1647 ἐρώτησιν
3389 1575 3417 1626 ὀ
3453 1573 3627 1640 λόγος.
3671 1569 3769 1624 To-

2207 1681 2436 1734 σοῦτον
2467 1677 2688 1746 χρόνον
2737 1672 2861 1742 μεθ’
2907 1669 3074 1739 ὑμῶν
3121 1671 3259 1738 ειμι,
3308 1668 3636 1734 θεοσημείας
3681 1665 3769 1731 ὲρ-

516 1792 771 1848 operans,
815 1788 871 1835 et
904 1779 973 1833 ab
1016 1780 1101 1835 bis
1149 1795 1256 1834 non
1309 1779 1610 1850 cognovisti
1661 1791 1768 1840 me,
1823 1778 1947 1844 quis
1996 1775 2098 1831 sim

2221 1772 2529 1841 γαζόμενος,
2568 1767 2662 1820 καὶ
2686 1767 2785 1820 οὐκ
2831 1765 3078 1831 ἔγνωκάς
3143 1778 3210 1831 με
3266 1760 3372 1812 ἀπὸ
3415 1759 3636 1821 τούτων,
3691 1756 3772 1816 τίς

515 1845 780 1940 dignitate
825 1878 882 1926 et
929 1872 1214 1942 potentia?
1270 1845 1417 1941 quod
1479 1871 1624 1925 Deus
1690 1867 2100 1938 omnipotens?

2221 1865 2322 1932 εἰμι
2348 1860 2446 1932 τὴν
2483 1859 2641 1923 ἀξίαν
2667 1857 2764 1910 καὶ
2789 1855 2886 1926 τὴν
2909 1854 3144 1923 δύναμιν
3174 1869 3188 1915 ;
3234 1852 3315 1904 ὅτι
3361 1850 3490 1910 Θεὸς
3520 1845 3774 1902 παντοδῦ-

518 1961 667 2016 Sane
717 1961 943 2016 omnino
986 1963 1292 2033 cognovisti
1339 1978 1447 2027 me,
1489 1970 1545 2016 et
1578 1974 1924 2030 consequens
1973 1974 2103 2028 ergo

2221 1971 2396 2023 ιαμος.
2443 1952 2552 2004 Ναὶ
2585 1949 2804 2011 πάντως
2840 1945 3088 2013 ἔγνωκάς
3122 1960 3222 2011 με’
3277 1944 3370 1995 καὶ
3427 1942 3476 1994 εί
3524 1938 3768 2008 ἔγνωκάς

512 2062 614 2108 est.
658 2064 717 2109 ut
769 2062 824 2109 et
881 2053 1094 2110 Patrem
1156 2055 1532 2126 cognoveris:
1587 2068 1713 2107 nam
1755 2053 1943 2123 imago
2005 2068 2103 2122 per

514 2146 696 2199 omnia
722 2145 916 2201 similis
970 2162 1090 2202 sum
1139 2162 1239 2218 ego
1279 2146 1476 2201 Patris.

597 2231 752 2288 Vers.
788 2235 842 2290 9.
911 2232 1086 2300 Qui—
1141 2235 1380 2289 Patrem.
1446 2233 1552 2300 Qui
1609 2249 1788 2288 meam
1853 2234 2104 2306 cognovit

514 2324 834 2396 dignitatem
912 2335 967 2381 et
1046 2328 1388 2398 potentiam,
1449 2327 1707 2399 cognovit
1797 2336 1853 2381 et
1929 2326 2104 2381 Patris

515 2419 834 2489 dignitatem
891 2433 954 2474 ac
1021 2421 1384 2490 potentiam:
1447 2434 1636 2475 sumus
1701 2435 1938 2495 namque
2007 2435 2104 2489 per

519 2507 700 2563 omnia
745 2508 972 2575 similes,
1006 2519 1062 2566 et
1137 2526 1278 2566 unus
1331 2525 1427 2580 per
1474 2509 1706 2564 alterum
1751 2494 1943 2564 mutuo
1975 2524 2105 2581 cog-

516 2604 818 2658 nascimur.

609 2692 767 2749 Vers.
839 2697 894 2751 9.
952 2695 1110 2749 Et—
1142 2695 1398 2751 Patrem?
1433 2694 1720 2761 Quomodo
1770 2711 2105 2766 cogno'cere

515 2787 694 2856 cupis,
757 2802 918 2858 quem
985 2789 1096 2858 jam
1152 2788 1496 2860 cognovisti?
1549 2789 1828 2858 quomodo
1879 2789 2102 2858 quaeris,

514 2878 662 2947 quod
701 2876 908 2933 habes?

586 2967 709 3021 Alio
744 2983 963 3038 quoque
1000 2969 1164 3025 modo
1188 2970 1572 3042 intelliguntur
1610 2971 1727 3027 haec
1750 2972 1934 3036 verba,
1963 2974 2105 3042 quod

514 3060 794 3129 quaerebat
828 3059 1109 3132 Philippus
1139 3061 1325 3118 videre
1347 3063 1562 3118 Patrem
1599 3064 1948 3120 sensibilibns
1970 3080 2104 3120 ocu-

2210 2067 2299 2120 με,
2343 2047 2531 2101 λοιπὸν
2564 2045 2811 2112 ἔγνωκας
2841 2043 2932 2095 τὸν
2956 2042 3174 2110 Πατέρα
3195 2054 3208 2069 ο
3243 2037 3406 2090 εἰκὼν
3439 2039 3543 2105 γὰρ
3588 2036 3773 2103 dmp-

2206 2141 2472 2202 ἀλλακτος
2496 2138 2606 2205 ἐγὼ
2630 2135 2724 2189 τοῦ
2763 2134 3002 2203 Πατρός.

2291 2235 2353 2287 Ὀ
2383 2263 2453 2273 --
2478 2230 2731 2298 Πατέρα.
2775 2229 2834 2280 '0
2876 2225 3131 2295 ἐγνωκὼς
3178 2223 3275 2293 τὴν
3329 2223 3351 2274 ὲ
3364 2221 3467 2291 μὴν
3498 2218 3649 2284 ἀξίαν
3683 2217 3778 2268 καὶ

2205 2327 2458 2396 δύναμιν,
2493 2323 2697 2391 ἔγνωκε
2755 2320 2852 2391 τὴν
2917 2317 3011 2370 τοῦ
3070 2315 3318 2382 Πατρό;·
3369 2312 3777 2383 ἀπαράλλακτοι

2207 2418 2315 2486 γὰρ
2342 2417 2526 2486 ἡμεῖς,
2559 2415 2651 2467 καὶ
2675 2412 2743 2464 δι’
2773 2410 3020 2480 ἀλλήλων
3049 2406 3462 2479 γνωριζόμενοι.

2280 2699 2388 2754 Καὶ
2409 2729 2480 2737 -
2514 2695 2747 2762 Πατέρα
2766 2713 2785 2759 ;
2812 2693 2936 2752 Πῶς
2970 2690 3145 2753 Θέλεις
3180 2690 3382 2756 γνῶναι
3411 2688 3468 2741 ὃν
3497 2687 3778 2756 ἕτνωκαςς

2207 2792 2325 2854 πῶς
2357 2790 2542 2859 ζητεῖς
2573 2787 2600 2840 ὃ
2627 2787 2808 2858 ἐχεις;

2276 2984 2541 3038 Νοοῦνται
2588 2980 2645 3034 δὲ
2693 2980 2785 3033 καὶ
2833 2978 3035 3048 ἑτέρως
3089 2973 3158 3029 τὰ
3211 2971 3372 3044 ῥητὰ,
3417 2972 3496 3024 ὅτι
3549 2969 3780 3038 ἐζήτησε

2212 3079 2309 3148 μὲν
2352 3079 2380 3129 ὁ
2425 3074 2694 3136 Φίλιππος
2753 3071 2880 3124 ίδεῐν
2936 3068 3027 3122 τὸν
3080 3065 3297 3136 Πατέρα
3345 3065 3454 3125 τοῖς
3499 3063 3775 3130 αίσοητοῖς

513 3152 601 3214 lis,
660 3153 885 3207 audiens
943 3153 1189 3221 fortassis
1234 3168 1263 3208 a
1317 3154 1504 3209 multis
1542 3154 1862 3225 frequenter
1920 3157 2100 3212 visum

2221 3167 2522 3238 ὃφθαλμοῖς,
2549 3165 2677 3226 ἴσως
2709 3160 2924 3216 ἀκούων
2949 3159 3213 3230 ὁραθῆναι
3260 3156 3472 3218 πολλοῖς
3517 3155 3780 3216 πολλάκις

514 3258 636 3298 esse
691 3245 992 3314 prophetis,
1054 3245 1236 3310 specie
1276 3260 1341 3299 ac
1405 3245 1575 3317 ﬁgura
1614 3248 1874 3312 humana,
1930 3247 2107 3305 addit-

515 3350 673 3404 que:
714 3333 781 3388 Et
827 3336 1012 3404 sufﬁcit
1055 3337 1220 3398 nobis,
1278 3346 1336 3391 ut
1382 3339 1475 3407 qui
1525 3339 1704 3408 ipsum
1742 3339 1938 3394 Filium
1992 3342 2104 3410 jam

515 3427 729 3482 videret
775 3441 838 3481 ac
864 3436 1070 3483 nosset.
1117 3427 1376 3484 Christus
1423 3440 1605 3485 autem
1645 3433 1912 3494 ostendit.
1957 3436 2105 3501 quod

519 3532 700 3584 neque
731 3531 788 3570 se
818 3518 1029 3571 vidisset
1049 3533 1231 3588 neque
1257 3530 1447 3576 nosset
1476 3523 1778 3577 secundum
1805 3523 2106 3580 divinitatis

519 3617 796 3662 naturam.
829 3607 967 3664 Dicit
996 3626 1124 3682 ergo
1156 3613 1204 3666 ei
1253 3613 1462 3682 prolata
1494 3615 1748 3686 negative
1785 3617 2055 3678 sententia
2089 3635 2102 3672 :

519 3698 685 3752 Tanto
715 3707 945 3766 tempore
967 3703 1237 3756 vobiscum
1283 3720 1398 3758 sum
1434 3714 1485 3759 et
1517 3722 1619 3758 non
1653 3709 1937 3777 cognovisti
2005 3725 2102 3774 me,

526 3789 801 3857 Philippe;
848 3805 975 3844 nam
1031 3791 1214 3846 divina
1267 3803 1464 3849 natura
1515 3797 1683 3850 videri
1738 3813 1847 3851 non
1908 3807 2105 3867 potest,

516 3896 620 3935 nec
655 3881 932 3953 cognosci.
965 3881 1068 3948 Qui
1095 3886 1221 3939 vidit
1277 3902 1379 3950 me,
1431 3889 1561 3941 vidit
1607 3897 1659 3942 et
1703 3886 1972 3952 Patrem;
2013 3889 2102 3959 qui

513 3989 646 4030 vero
700 3989 788 4032 me
817 3975 1001 4032 videre
1053 3993 1164 4034 non
1203 3990 1403 4051 potest,
1439 3996 1618 4052 neque
1665 3980 1879 4037 Patrem
1920 3982 2106 4038 videre

517 4078 721 4138 potest.
769 4068 836 4122 Et
868 4073 1141 4141 quomodo
1184 4083 1241 4128 tu
1283 4074 1419 4130 dicis
1472 4091 1486 4128 :
1543 4074 1770 4131 Ostende
1819 4076 1962 4131 nobis
1998 4075 2107 4130 Pa-

518 4167 671 4224 trem,
706 4174 831 4213 cum
869 4175 972 4216 nec
1003 4177 1090 4217 me
1129 4163 1351 4230 videris,
1395 4179 1497 4219 nee
1546 4165 1888 4236 cognoveris,
1934 4181 2108 4234 quan-

517 4267 680 4322 quam
715 4260 766 4306 te
791 4253 1034 4323 opinaris
1059 4263 1114 4308 et
1141 4255 1340 4312 vidisse
1366 4266 1422 4311 et
1453 4257 1777 4327 cognovisse
1809 4257 1936 4312 me?

592 4363 748 4420 Vers.
790 4366 876 4420 10.
931 4366 1147 4422 Non—
1176 4370 1310 4424 est?
1363 4370 1520 4437 Quod
1578 4381 1771 4427 mutuo
1829 4388 1972 4428 unus
2012 4389 2108 4445 per

515 4454 750 4510 alterum
811 4457 1196 4528 cognoscimur
1273 4471 1531 4532 tanquam
1593 4463 1820 4518 omnino
1875 4464 2104 4520 similes.

2213 3264 2323 3315 τῶν
2353 3257 2657 3331 προφητῶν
2701 3257 2758 3307 ὲν
2807 3252 3136 3322 ἀνθρωπίνῳ
3189 3248 3316 3302 εῐδει
3368 3249 3460 3301 καὶ
3520 3247 3778 3316 σχήματι.

2214 3352 2326 3406 Καὶ
2386 3347 2723 3418 προσέθηκεν
2769 3345 2850 3397 ὅτι
2899 3342 3008 3396 Καί
3053 3339 3224 3409 ἀρκεῖ
3263 3338 3424 3407 ἡμῖν,
3483 3338 3557 3399 ὡς
3607 3336 3773 3388 αὐτὸν

2214 3447 2354 3505 τέως
2381 3441 2524 3511 ὀρῶν
2553 3438 2648 3492 καὶ
2678 3435 2856 3500 εἰδώς.
2883 3435 3136 3487 Δείκνυσι
3158 3433 3214 3486 δὲ
3243 3435 3268 3484 ὁ
3292 3431 3526 3500 Χριστὸς
3558 3430 3638 3481 ὅτι
3660 3426 3782 3479 οὔτε

2214 3536 2376 3593 αὐτὸν
2407 3530 2549 3586 εἶδεν
2581 3529 2703 3583 οὐδὲ
2732 3523 2839 3581 οἵδε
2867 3525 3011 3581 κατὰ
3039 3525 3137 3597 τὴν
3168 3523 3329 3592 φύσιν
3360 3522 3458 3590 τῆς
3505 3521 3780 3587 Θεότητος.

2213 3630 2377 3698 Λέγει
2417 3622 2509 3679 οὖν
2542 3622 2691 3692 αὑτῷ
2716 3621 2860 3676 κατά
2889 3623 3190 3688 ἀπόφασιν·
3235 3615 3531 3670 Τοσοῦτον
3563 3616 3784 3680 χρόνον·

2210 3721 2339 3794 μεθ’
2368 3719 2536 3790 ὑμῶν
2568 3721 2707 3787 ειμι,
2735 3716 2835 3770 καί
2889 3716 3000 3769 οὐκ
3048 3711 3312 3782 ἔγνωκάς
3363 3726 3460 3778 με,
3501 3708 3777 3760 Φίλιππε.

2226 3816 2483 3875 ’Λθὲατος
2515 3811 2625 3883 γὰρ
2672 3813 2704 3880 ή
2749 3809 2870 3863 Θεία
2922 3807 3081 3877 φύσις
3113 3805 3202 3857 καὶ
3234 3803 3529 3870 ἄγνωστος.
3569 3800 3666 3872 ['0
3703 3799 3778 3866 (7)

2213 3905 2486 3977 ἑωρακὼς
2532 3902 2637 3973 ἐμὲ
2680 3901 2902 3971 ἑώρακε
2954 3901 3060 3954 τὸν
3105 3896 3369 3964 Πατέρα·
3404 3897 3429 3947 ὁ
3455 3893 3510 3945 δὲ
3569 3895 3666 3962 ἐμὲ
3700 3892 3782 3965 μή

2213 4002 2511 4071 δυνάμενος
2565 3998 2694 4050 [δεῖν
2744 3995 2864 4048 οὐδὲ
2928 3992 3018 4046 τὸν
3077 3991 3295 4059 Πατέρα
3357 3987 3577 4040 δύναται
3631 3985 3776 4036 ίδεῖν.

2213 4095 2325 4151 Καὶ
2357 4094 2476 4156 ’πῶς
2519 4092 2582 4145 σὺ
2607 4091 2809 4158 λέγεις,
2841 4086 3048 4150 Δεῖξον
3076 4084 3221 4154 ἡμῖν
3247 4083 3353 4135 τὸν
3384 4079 3609 4148 Πατέρα
3633 4119 3647 4142 ,
3683 4075 3781 4160 ἐμὲ

2217 4189 2293 4260 μὴ
2355 4186 2498 4251 ἰδὼν,
2548 4185 2684 4255 μήτε
2717 4181 2905 4250 γνοὺς,
2962 4179 3010 4231 εἰ
3064 4179 3158 4231 καὶ
3209 4173 3608 4244 ὑπολαμϐάνεις
3658 4170 3783 4223 ίδεῖν

2217 4282 2312 4336 καὶ
2337 4281 2540 4347 γνῶναί
2567 4297 2631 4348 με
2649 4275 2690 4346 ;]

2289 4374 2371 4426 Οὐ
2409 4401 2477 4410 —
2503 4371 2713 4433 ἐστιν;
2741 4369 2862 4421 Ὀτι
2886 4367 2953 4420 δι’
2998 4361 3243 4433 ἀλλήλων
3267 4354 3665 4428 γνωριζόμεθα,
3707 4352 3780 4414 ὡς

2216 4464 2652 4534 ἀπαράλλακτοι.
2690 4463 2936 4530 Ζήτησον
2981 4457 3038 4510 δὲ
3068 4454 3204 4526 πρδς
3227 4452 3302 4522 τῷ
3327 4451 3466 4504 τέλει
3500 4447 3593 4500 τοῦ
3622 4446 3783 4498 65x5:-

518 4547 716 4613 Quzere
797 4558 983 4606 autem
1047 4551 1192 4607 circa
1278 4552 1442 4608 tinem
1509 4555 1708 4610 decimi
1761 4558 1956 4626 capitis
2015 4557 2103 4611 ubi

2221 4574 2306 4611 του
2329 4555 2628 4624 κεφαλαίου
2655 4554 2714 4606 τό
2735 4569 2748 4582 ·
2791 4552 2926 4605 Ἵνα
2953 4545 3141 4615 γνῶτε
3161 4546 3258 4596 καί
3285 4539 3650 4605 πιστεύσητε
3697 4536 3783 4589 ὅτι

516 4638 718 4694 dicitur
769 4657 782 4696 :
841 4639 910 4696 Ut
962 4643 1286 4713 cognoscatis
1352 4652 1401 4696 et
1469 4645 1722 4712 credatis,
1799 4647 1937 4709 quod
1990 4645 2106 4701 Pa-

518 4741 597 4787 ter
636 4734 691 4787 in
725 4751 806 4789 me
837 4745 936 4804 est,
978 4746 1030 4791 et
1075 4752 1168 4807 ego
1214 4738 1267 4790 in
1317 4754 1375 4791 eo
1405 4738 1473 4804 ",
1514 4747 1571 4793 et
1627 4738 1746 4809 lege
1798 4741 1919 4811 ejus
1949 4755 2111 4795 enar-

516 4825 809 4882 rationem.

589 4919 746 4974 Vers.
802 4922 888 4975 ttl.
958 4921 1118 4976 Verba
1150 4951 1221 4963 -
1259 4923 1464 4995 loquor.
1502 4922 1608 4979 Sed
1649 4938 1679 4978 a
1730 4923 1922 4990 Patre;
1964 4926 2108 4995 quod

517 5007 564 5062 si
604 5024 632 5061 a
666 5008 844 5077 Patre,
891 5012 1080 5081 utique
1113 5027 1143 5065 a
1180 5013 1409 5083 meipso;
1454 5028 1580 5067 nam
1611 5027 1734 5082 qua:
1785 5027 1906 5067 mea
1955 5024 2104 5079 sunt,

517 5099 682 5154 etiam
736 5101 879 5156 illius
910 5113 1058 5171 sunt;
1102 5115 1158 5160 et
1201 5119 1322 5176 qua:
1371 5105 1537 5170 illius,
1574 5106 1734 5160 etiam
1790 5121 1906 5160 mea
1952 5116 2101 5163 sunt.

515 5190 712 5247 Omnia
792 5194 1059 5264 siquidem
1111 5196 1424 5253 communia
1478 5207 1532 5253 et
1573 5196 1801 5268 aequalia
1855 5198 2103 5268 posside-

513 5301 659 5344 mus.
726 5286 923 5345 Dicens
961 5300 1144 5346 autem
1199 5292 1266 5346 de
1320 5292 1690 5359 sermonibus,
1751 5293 1885 5349 dicit
1938 5294 2099 5350 etiam

513 5379 580 5434 de
611 5380 867 5450 operibus

623 5517 667 5549 ”
700 5517 856 5571 Joan.
890 5535 944 5584 κ,
969 5519 1057 5574 38.

2209 4652 2279 4706 ἐν
2309 4650 2440 4719 ἐμοὶ
2473 4652 2504 4702 ό
2552 4647 2780 4714 Πατὴρ,
2832 4641 2994 4713 κάγὼ
3035 4641 3106 4694 ἐν
3149 4633 3338 4700 αὐτῷ’
3388 4632 3481 4686 καὶ
3513 4627 3781 4699 ἀνάγνωθι

2207 4746 2306 4815 τὴν
2347 4741 2612 4812 ἐξήγησιν
2643 4738 2832 4793 αὑτοῦ.

2290 4933 2366 4988 Τὰ
2382 4931 2625 5002 ῥήματα
2652 4960 2720 4971 -
2743 4926 2937 4983 λαλῶ.
2991 4925 3132 4978 Ἀλλ’
3163 4923 3271 4976 ἀπὸ
3291 4920 3384 4974 τοῦ
3417 4917 3647 4987 Πατρός.
3673 4916 3780 4968 Καὶ

2215 5028 2264 5080 εί
2295 5024 2404 5080 ἀπὸ
2434 5024 2527 5078 τοῦ
2564 5021 2799 5094 Πατρὸς,
2851 5021 2959 5091 ἄρα
2993 5020 3086 5072 ἀπ’
3118 5014 3356 5087 ἐμαυτοῦ
3382 5029 3395 5042 ·
3431 5013 3497 5064 τὰ
3527 5013 3631 5080 ἐμὰ
3677 5011 3782 5077 γὰρ

2212 5115 2446 5179 ἐκείνου,
2479 5114 2572 5169 καὶ
2611 5115 2678 5168 τὰ
2706 5113 2916 5165 ἐκείνου
2978 5109 3087 5179 ὲ.μά
3110 5126 3122 5138 ·
3155 5105 3328 5160 πάντα
3362 5104 3470 5172 γὰρ
3503 5101 3656 5152 κοινὰ
3689 5099 3780 5151 καὶ

2209 5205 2302 5264 ἶσα
2331 5206 2674 5276 κεκτήμεθα.
2706 5200 2890 5256 Εἰπὼν
2941 5201 2997 5254 δὲ
3039 5199 3169 5271 περὶ
3222 5196 3332 5250 τῶν
3379 5194 3576 5263 λόγων,
3630 5191 3775 5258 λέγει

2209 5305 2302 5359 καὶ
2332 5299 2596 5372 περὶτῶν
2630 5297 2809 5368 ἔργων

1685 5590 1910 5687 [Varias
1939 5589 2246 5652 lectiones
2283 5593 2345 5648 et
2375 5593 2565 5648 notae.

588 5755 661 5820 (6)
698 5758 850 5812 Tom.
883 5758 1019 5823 Vill,
1055 5773 1106 5827 p.
1140 5759 1264 5812 452.
1299 5757 1362 5813 C.
1401 5758 1568 5813 Recte
1602 5767 1784 5812 autem
1823 5757 1962 5812 dixit
1991 5758 2096 5811 hoc

512 5824 634 5882 ineo
659 5824 1068 5900 interpretatur:
1084 5827 1318 5883 Fat-ilius
1335 5829 1481 5885 enim
1497 5839 1614 5884 erat
1634 5829 1706 5885 ita
1723 5829 2095 5899 interpretari.

2209 5755 2350 5824 Ergo
2387 5762 2596 5808 textum
2632 5749 2866 5824 mutavit
2891 5749 3334 5824 AChrysostcmus.

2279 5821 2357 5897 (7)
2392 5824 2601 5881 Inclusa
2630 5822 2827 5879 desunt
2875 5821 2939 5876 Λ.
