3976 6472
532 336 676 400 i399

1750 343 2135 408 EUTHYMII
2174 349 2537 413 ZIGABENI

3635 364 3771 430 ηοο

519 446 768 498 notitiam
799 444 931 500 dare
960 441 1030 501 de
1056 442 1263 516 Spiritu
1290 456 1480 503 sancto
1510 466 1522 501 :
1556 448 1753 515 Alium,
1781 453 1981 522 inquit,
2002 455 2098 508 Pa-

2212 461 2481 527 μαοηταῖς
2510 462 2578 516 τὰ
2614 462 2744 534 περὶ
2796 462 2891 519 τοῦ
2923 466 3082 536 ἁγίου
3128 469 3465 541 Πνεῦματος.
3504 474 3693 531 Ἀλλον
3714 478 3771 531 δι

515 531 807 596 racletum,
837 542 1096 602 tanquam
1137 549 1249 599 me,
1280 534 1398 590 sive
1436 537 1840 594 admonitorem
1871 555 1936 595 ac
1967 558 2105 612 pra:-

514 629 793 692 reptorem
844 624 900 678 in
944 626 1342 682 certaminibus
1401 629 1620 685 virtutis
1673 646 1690 685 :
1745 630 2000 687 solatium
2036 649 2103 689 ac

514 714 819 771 subsidium
868 715 923 770 in
980 718 1387 775 afﬂictionibus.
1445 720 1637 777 Dicens
1682 722 1866 792 itaque
1910 724 2100 788 alium,

514 807 752 861 ostendit
801 824 1162 878 personarum
1210 812 1598 868 dill‘erentiam.
1647 813 1885 871 Dicendo
1916 828 2101 872 autem

514 897 877 965 Paraclelum,
903 902 1019 959 sive
1038 905 1474 969 Consolatorem,
1495 904 1681 961 docuit
1710 915 1922 961 natura:
1949 910 2104 964 iden-

517 991 729 1043 titatem
765 1008 781 1044 :
824 993 1098 1061 siquidem
1148 994 1529 1050 consolatores
1581 1006 1711 1052 sunt
1748 1007 1804 1053 et
1835 998 2008 1054 Filius
2047 1009 2102 1054 ct

511 1081 751 1150 Spiritus
774 1093 1020 1141 sanctus.

582 1170 702 1227 Non
741 1184 923 1230 tamen
968 1177 1109 1232 dixit
1150 1193 1165 1231 :
1212 1177 1449 1245 Mittam,
1482 1195 1551 1234 ne
1610 1179 1706 1235 Dei
1750 1180 2101 1238 adversarius

510 1277 633 1318 esse
671 1265 973 1334 videretur,
1019 1279 1075 1324 et
1112 1273 1270 1341 quasi
1325 1271 1564 1343 alicujus
1618 1273 1848 1329 alterius
1900 1276 2101 1332 virtute

510 1354 690 1409 facere
726 1370 1009 1414 sermones
1062 1379 1075 1415 :
1129 1361 1224 1417 sed
1260 1377 1405 1417 nunc
1437 1362 1659 1433 quidem
1692 1375 2010 1436 rogaturum
2042 1381 2102 1422 se

508 1444 728 1498 Patrem
762 1449 1036 1517 promisit,
1070 1461 1125 1507 et
1172 1461 1399 1523 prOpter
1427 1454 1630 1509 dictam
1660 1468 1904 1523 causam,
1941 1465 1997 1513 et
2042 1465 2104 1512 ut

511 1535 620 1592 tide
649 1539 849 1610 dignus
893 1542 1210 1599 haberetur.
1258 1542 1318 1599 In
1350 1546 1711 1615 sequentibus
1754 1557 1936 1602 autem
1971 1557 2102 1619 pro:

507 1630 679 1693 priam
694 1632 933 1687 ostendit
948 1633 1266 1703 dignitatem
1282 1636 1470 1692 dicens
1494 1654 1509 1692 :
1534 1636 1596 1693 Si
1653 1655 1748 1710 ego
1775 1656 1874 1694 non
1895 1642 2104 1709 abiero,

506 1717 825 1776 Paracletus
847 1738 959 1777 non
987 1726 1155 1780 veniet
1193 1728 1263 1781 ad
1292 1744 1379 1782 vos
1408 1745 1427 1792 ,'
1458 1729 1505 1784 si
1536 1739 1715 1784 autem
1756 1733 1955 1799 abiero,
1979 1738 2103 1789 mit-

505 1821 620 1865 tam
657 1813 799 1868 vobis
831 1831 951 1869 eum
983 1818 1050 1872 ".
1104 1818 1170 1874 Et
1233 1835 1452 1875 rursum
1510 1837 1524 1872 :
1570 1821 1805 1892 Accipite
1832 1823 2099 1895 Spiritum
2134 1824 2173 1880 Β

504 1914 752 1957 sanctum
773 1906 836 1959 ".

578 1996 685 2052 Sed
716 1999 992 2066 quomodo
1024 2000 1092 2060 ab
1123 2001 1233 2054 alio
1273 2001 1434 2057 datur
1472 2019 1537 2059 ac
1563 2004 1821 2070 mittitur,
1855 2009 1948 2077 qui
1974 2008 2100 2064 ubi-

504 2104 613 2156 que
661 2105 907 2159 prtesens
960 2101 1064 2158 est,
1131 2108 1341 2163 suaque
1393 2095 1591 2150 dividit
1640 2096 1888 2168 singulis,
1937 2108 2103 2168 prout

503 2182 621 2237 vult
662 2183 992 2239 charismata
1023 2185 1068 2218 ”
1102 2184 1126 2238 ?
1161 2184 1279 2239 Non
1318 2194 1575 2257 tanquam
1613 2203 1809 2243 servus
1840 2190 2002 2245 datur
2039 2206 2104 2247 ac

504 2275 764 2341 mittitur,
793 2275 889 2330 sed
937 2286 1189 2345 tanquam
1236 2277 1482 2346 ejusdem
1536 2286 1767 2343 naturae,
1814 2288 1871 2334 et
1909 2280 2100 2335 eadem

503 2367 698 2423 volens
741 2382 866 2423 cum
899 2367 1062 2423 Patre
1092 2384 1154 2422 ac
1186 2368 1350 2423 Filio.
1386 2367 1505 2424 Non
1539 2371 1686 2424 enim
1723 2371 1866 2426 sicut
1907 2374 2021 2427 hazc
2044 2373 2100 2427 in

504 2458 775 2514 creaturis
827 2457 1155 2529 signiﬁcant,
1192 2458 1265 2515 ita
1303 2469 1357 2513 et
1412 2461 1468 2514 in
1499 2459 1774 2516 Trinitate
1827 2463 2100 2521 iucreata.

508 2550 575 2605 Et
610 2551 772 2606 datur
804 2552 1026 2621 quidem
1058 2567 1087 2606 a
1122 2553 1307 2619 Patre,
1334 2565 1523 2626 utpote
1555 2556 1624 2611 ab
1652 2556 1745 2613 illo
1771 2561 2101 2628 procedens,

504 2641 743 2697 mittitur
773 2657 904 2698 vero
933 2659 964 2698 a
1000 2644 1138 2699 Filio
1171 2645 1326 2715 quasi
1372 2661 1677 2715 cooperans
1713 2656 1770 2702 et
1825 2665 1935 2703 non
1971 2666 2104 2704 con-

506 2738 729 2792 trarius.
763 2734 920 2792 Nunc
944 2739 1130 2807 itaque
1158 2738 1275 2793 dari
1303 2755 1368 2794 ac
1398 2739 1536 2793 mitti
1569 2742 1648 2795 ait
1671 2742 1943 2811 Spiritum
1972 2758 2103 2797 san-

505 2837 698 2883 ctum:
746 2828 800 2883 in
842 2831 1199 2899 sequentibus
1228 2841 1411 2886 autem
1461 2833 1626 2887 etiam
1669 2833 1833 2904 hujus
1863 2836 2103 2890 ostendit

504 2929 835 2991 potestatem
883 2921 1075 2978 dicens
1121 2940 1133 2976 :
1186 2921 1318 2979 Cum
1360 2934 1540 2977 autem
1570 2926 1768 2979 venerit
1818 2925 1907 2979 ille
1943 2926 2013 2987 ⁸⁸,
2047 2936 2104 2981 et

504 3021 699 3069 caetera
712 3054 724 3067 .

577 3104 735 3159 Vers.
772 3105 1303 3161 l6.Ut-—a'termtm.
1338 3105 1561 3172 Quinec
1597 3115 1720 3176 post
1748 3116 1979 3161 mortem
2013 3122 2104 3162 ve-

505 3203 678 3248 stram
704 3204 1015 3265 separetur.
1061 3194 1267 3250 Deinde
1298 3197 1463 3251 etiam
1492 3197 1674 3263 docet,
1701 3197 1825 3267 quis
1855 3199 1926 3253 sit
1960 3200 2101 3255 alius

504 3284 846 3341 Paracletus.

578 3376 733 3433 Vers.
774 3380 862 3433 l7.
896 3378 1157 3447 Spiritum
1190 3382 1453 3437 veritatis.
1489 3380 1603 3435 Iloc
1630 3392 1736 3447 est,
1774 3398 1963 3438 verum
1985 3383 2101 3439 sive

503 3471 864 3539 pra-Cinnam,
893 3482 1158 3541 quantum
1197 3472 1264 3527 ad
1316 3473 1453 3527 alios
1479 3472 1722 3543 spiritus.
1757 3473 1890 3527 Nam
1915 3482 1970 3529 et
2002 3490 2101 3528 an-

503 3563 659 3633 gelus
696 3562 897 3617 dicitur
938 3562 1166 3632 spiritus
1200 3572 1252 3617 et
1288 3564 1469 3617 anima
1509 3573 1565 3617 et
1594 3572 1792 3618 ventus
1826 3578 1890 3618 ac
1923 3564 2101 3633 plera-

503 3664 615 3720 que
643 3652 769 3705 alia.
810 3652 890 3707 Ne
925 3664 1109 3706 autem
1145 3653 1312 3707 alium
1345 3652 1597 3723 spiritum
1631 3653 1939 3715 audientes,
1978 3667 2099 3708 sus-

503 3742 758 3810 picentur
797 3743 963 3798 etiam
1002 3744 1155 3799 illum
1180 3758 1303 3799 esse
1342 3745 1397 3798 in
1431 3758 1617 3811 carne,
1649 3757 1712 3799 ac
1745 3743 2098 3800 scnsibilibus

502 3835 781 3889 visibilem
814 3835 1010 3900 oculis,
1048 3835 1159 3890 ait:

578 3929 735 3984 Vers.
775 3929 861 3983 i7.
898 3928 1066 3993 Quem
1100 3959 1163 3969 —
1192 3930 1456 3999 accipere.
1485 3928 1603 3984 Non
1635 3935 1817 3999 potest
1846 3926 2097 3999 accipere

502 4020 866 4076 sensibiliter.

576 4112 731 4167 Vers.
759 4113 845 4165 Π.
881 4110 1021 4177 Quia
1047 4144 1114 4151 —
1146 4130 1283 4167 eum.
1339 4113 1731 4184 Corporaliter,
1766 4128 1890 4169 cum
1916 4112 1988 4168 sit
2014 4111 2095 4167 iu-

501 4205 823 4277 corporalis.

574 4293 733 4349 Vers.
798 4294 882 4348 17.
942 4293 1051 4347 Nec
1106 4297 1369 4365 cognoscit
1417 4313 1557 4349 eum.
1610 4298 1745 4351 Cum
1790 4296 1943 4351 illum
1986 4311 2095 4349 non

500 4390 704 4444 videat.

2209 550 2589 625 Παράκ).ητον,
2622 556 2699 620 ὡς
2728 554 2850 627 ἐμὲ,
2881 557 3024 630 ἦτοι,
3052 564 3382 637 παραινὴην
3398 570 3491 621 καὶ
3515 568 3776 640 ἀλείπτην

2208 645 2266 738 εν
2325 644 2656 738 causam;
2710 647 2814 717 τῆς
2860 649 3097 722 ἀρετῆς,
3138 654 3228 707 καὶ
3274 656 3385 726 (10)
3423 657 3781 729 ψυχαγωγίαν

2206 737 2265 789 ἐν
2307 737 2679 809 ταῖςθλίψεσι
2725 741 2819 794 καὶ
2863 742 3168 816 ἀντίληψιν.
3198 748 3382 803 Εἰπὼν
3430 751 3527 820 μὲν
3553 747 3664 813 οὖν.
3696 755 3777 807 ὅτι

2207 828 2424 893 ἄλλον,
2459 829 2627 896 ἔδειξε
2667 831 2778 887 τῶν
2816 834 3168 892 ὑποστάσεων
3197 839 3259 893 τὺ
3298 842 3569 912 διάφορον*
3599 846 3779 915 φήσας

2204 921 2284 986 δὲ,
2324 922 2408 975 ὅτι
2446 922 2864 992 Παράκλητον,
2899 926 3102 993 ἐδίδαξε
3153 933 3250 1001 τῆς
3289 933 3498 1001 φύσεως
3542 936 3604 988 τδ
3653 951 3779 991 ταυ-

2205 1016 2320 1071 τὸν.
2357 1016 2710 1089 Παράκλητοι
2752 1018 2863 1091 γὰρ
2894 1022 2987 1074 καὶ
3018 1022 3048 1073 ὁ
3078 1023 3204 1086 Υἱὸς
3234 1026 3328 1079 καὶ
3363 1025 3424 1079 τὺ
3453 1028 3679 1097 Πνεῦμα
3716 1028 3777 1081 τὸ

2205 1105 2380 1175 ἅγιον.

2275 1195 2391 1249 Οὐκ
2418 1192 2541 1250 εἷπε
2588 1198 2774 1264 δὶ,ὅτι
2818 1198 3061 1268 Πέμφω,
3100 1202 3185 1255 ἴνα
3239 1204 3313 1275 μὴ
3360 1207 3596 1272 ἀντίθεος
3640 1205 3777 1263 εἶναι

2203 1285 2332 1358 δόξῃ
2363 1304 2471 1351 τις.
2497 1288 2593 1342 καὶ
2611 1288 2689 1351 ὡς
2721 1287 2831 1342 ἀπὸ
2874 1288 3043 1361 ἄλλης
3062 1292 3207 1356 τινὸς
3238 1295 3485 1359 ἐξουσίας
3510 1300 3777 1355 ποιεῖσθαι

2203 1378 2333 1442 τοὺς
2363 1378 2577 1449 λόγους.
2621 1379 2781 1434 Ἀλλὰ
2825 1381 2921 1436 νῦν
2953 1384 3055 1452 μὲν
3105 1385 3374 1456 ἐρωτῆσαι
3425 1389 3514 1440 τὸν
3564 1389 3779 1461 Πατέρα

2204 1469 2594 1540 ἐπηγγείλατο,
2643 1470 2732 1525 διά
2778 1488 2836 1525 τε
2877 1471 2977 1543 τὴν
3020 1474 3276 1545 ῥηθεῖσαν
3324 1477 3520 1543 αίτίαν,
3557 1482 3651 1533 καὶ
3689 1480 3779 1535 ῖνα

2202 1561 2429 1636 λογισθῇ
2462 1564 2797 1632 ἀξιόπιστος.
2830 1565 3043 1637 Προϊὼν
3070 1567 3127 1621 δὲ
3154 1568 3214 1622 τὸ
3258 1570 3454 1623 οίκεϊον
3493 1572 3778 1640 ἐμφανίζει

2204 1658 2442 1729 ἀξίωμα,
2465 1659 2643 1729 λέγων
2658 1676 2672 1693 ο
2704 1660 2848 1716 Ἐὰν
2872 1654 2989 1733 ἐγὼ
3004 1660 3090 1730 μὴ
3112 1661 3370 1725 ἀπέλθω,
3400 1666 3433 1717 ό
3468 1664 3779 1732 Παράκλη-

2203 1767 2308 1815 τος
2328 1751 2442 1804 οὐκ
2470 1750 2791 1805 ἐλεύσεται
2822 1752 2974 1820 πρὸς
2996 1749 3173 1821 ὑμᾶς.
3226 1751 3366 1806 Ἐὰν
3390 1751 3457 1805 δὲ
3490 1753 3777 1822 πορευθῶ,

2203 1839 2422 1909 πέμψω
2468 1841 2658 1895 αὑτὸν
2710 1839 2862 1910 πρὸς
2919 1838 3095 1910 ὑμᾶς.
3155 1839 3266 1895 Καὶ
3324 1839 3517 1894 πάλιν·
3562 1838 3779 1895 Λάϐετε

2205 1931 2447 2002 Πνεῦμα
2472 1932 2663 2003 ἄτιον.

2286 2025 2449 2078 Ἀλλὰ
2485 2024 2602 2087 πῶς
2639 2025 2771 2091 παρ’
2808 2023 2967 2080 ἄλλου
3015 2024 3218 2079 δίδοται
3263 2025 3357 2079 καὶ
3398 2024 3672 2095 πέμπεται
3718 2025 3779 2078 τὸ

2205 2117 2487 2188 πανταχοῦ
2537 2118 2733 2189 παρὸν,
2777 2118 2872 2173 καὶ
2901 2117 3145 2190 διαιροῦν
3198 2116 3303 2188 ίδίᾳ
3341 2115 3552 2183 ἑκάστῳ
3602 2116 3779 2179 καθὼς

2208 2210 2459 2278 βούλεται
2509 2210 2578 2265 τὰ
2636 2212 2985 2282 χαρίσματας
3041 2210 3152 2280 Οὐχ
3197 2208 3273 2272 ὡς
3319 2207 3539 2273 δοῦλον,
3570 2209 3779 2271 ἀλλ’ὡς

2202 2301 2461 2369 δμοφυὲς,
2490 2302 2584 2354 καὶ
2616 2300 2685 2354 τὰ
2710 2301 2850 2355 αὐτὰ
2886 2299 2964 2371 τῷ
2996 2299 3174 2369 Πατρὶ
3208 2303 3301 2353 καὶ⁵
3326 2298 3403 2367 τῷ
3432 2297 3545 2367 Υίῷ
3593 2297 3776 2367 βουλό-

2208 2409 2389 2463 μενον.
2433 2394 2510 2448 Οὐ
2550 2392 2662 2463 γὰρ
2689 2392 2879 2464 ὥσπερ
2926 2392 3019 2446 ἰπὶ
3059 2390 3166 2443 τῶν
3196 2389 3444 2454 κτιστῶν,
3487 2387 3627 2443 οὕτω
3671 2390 3765 2442 καὶ

2204 2485 2297 2537 ἐπὶ
2339 2484 2438 2553 τῆς
2480 2484 2737 2537 ἀκτίστου
2777 2480 3009 2553 Τριάδος
3048 2480 3118 2533 τὰ
3166 2477 3386 2533 τοιαῦτα
3436 2477 3775 2550 σημαίνουσι.

2207 2576 2316 2629 Καὶ
2347 2576 2547 2629 δίδοται
2580 2576 2680 2646 μὲν
2710 2576 2772 2627 ὲκ
2802 2573 2897 2626 τοῦ
2926 2571 3160 2641 Πατρὸς,
3195 2571 3270 2632 ὡς
3304 2570 3363 2635 ἐξ
3409 2568 3571 2623 αὐτοῦ
3613 2571 3776 2623 ἐκπο-

2207 2665 2533 2737 ρευόμενον⁸
2564 2664 2844 2735 πέμπεται
2883 2664 2941 2716 δὲ
2988 2662 3145 2733 Παρὰ
3178 2661 3270 2716 τοῦ
3300 2659 3451 2723 Υίοῦ,
3484 2660 3557 2721 ὡς
3591 2676 3777 2730 συνερ-

2203 2756 2301 2823 γὸν
2352 2758 2447 2810 καὶ
2496 2757 2597 2810 οὐκ
2649 2753 2916 2808 ἐναντίον.
2958 2753 3073 2807 Νῦν
3117 2754 3215 2823 μὲν
3264 2748 3357 2805 οὖν
3400 2749 3633 2805 δίδοσθαι
3682 2751 3777 2805 καὶ

2205 2847 2523 2918 πέμπεσθαί
2551 2864 2686 2916 φησι
2732 2846 2787 2899 τὸ
2818 2844 3045 2916 Πνεῦμα
3066 2848 3125 2898 τδ
3167 2843 3347 2912 ἇγιον·
3390 2843 3695 2914 προϐαίνων
3720 2840 3776 2896 δὲ

2204 2942 2302 2995 καὶ
2339 2941 2439 3012 τὴν
2489 2940 2678 2994 τούτου
2705 2939 2979 2993 δείκνυσιν
3029 2938 3297 3004 ἐξουσίαν,
3335 2936 3506 3006 λέγων
3535 2955 3550 2969 ο
3592 2936 3776 2988 Ὅταν

2206 3034 2274 3088 δὲ
2297 3035 2343 3101 (1
2359 3034 2407 3104 1)
2432 3033 2582 3101 ἔλθῃ
2616 3032 2865 3100 ἐκεῖνος.

2284 3123 2735 3180 Ἵνα-αἰῶνα.
2773 3123 2926 3194 Μηδὲ
2987 3123 3125 3194 μετὰ
3175 3122 3274 3194 τὴν
3322 3120 3574 3189 τελευτὴν
3623 3118 3775 3190 ὑμῶν

2204 3216 2597 3285 ἀφιστάμενος.
2634 3211 2769 3270 Εἶτα
2800 3215 3069 3285 διδάσκει,
3117 3213 3213 3268 καὶ
3255 3214 3337 3277 τίς
3373 3215 3523 3266 ἐστιν
3548 3213 3575 3265 ὁ
3620 3210 3777 3274 ἄλλος

2204 3307 2589 3377 Παράκλητος.

2278 3403 2349 3454 Τὸ
2381 3400 2627 3471 Πνεῦμα
2649 3401 2763 3470 τῆς
2784 3399 3094 3467 ἀληθείας.
3123 3400 3195 3453 Τὸ
3228 3399 3499 3469 ἀληθινὸν,
3556 3398 3672 3469 ἦτοι
3699 3399 3759 3451 to

2204 3490 2487 3563 ἐξαίρετον
2543 3492 2684 3564 πρὸς
2725 3492 2795 3546 τὰ
2843 3491 2980 3547 ἄλλα
3037 3491 3342 3562 πνεύματα.
3399 3490 3620 3560 Πνεῦμα
3664 3490 3775 3560 γὰρ

2199 3584 2419 3653 λέγεται
2447 3583 2544 3637 καὶ
2567 3583 2596 3636 ὀ
2617 3583 2870 3652 ἄγγελος,
2896 3583 2990 3638 καὶ
3018 3585 3053 3657 ἠ
3094 3583 3239 3654 ψυχὴ
3270 3584 3365 3637 καὶ
3387 3585 3416 3637 ὁ
3439 3584 3636 3652 ἄνεμος
3678 3584 3773 3636 καὶ

2202 3677 2368 3749 ἕτερα
2405 3676 2647 3731 πλείονα.
2699 3677 2819 3731 Ἵνα
2869 3676 2926 3731 δὲ
2973 3676 3048 3748 μὴ
3102 3676 3431 3738 ἀκούσαντες
3479 3676 3557 3728 ὅτι
3614 3673 3774 3729 ἄλλον

2202 3768 2597 3840 παράκλητον,
2640 3768 3026 3822 ὖποπτεύσωσι
3075 3770 3325 3822 κάκεῖνον
3383 3767 3644 3837 ἐνσαρκον
3679 3766 3774 3819 καὶ

2201 3862 2396 3931 ὁρατὸν
2425 3860 2705 3930 αἰσθητοῖς
2731 3861 3050 3932 ὀφθαλμοῖς,
3082 3862 3245 3933 φησίν
3276 3876 3293 3891 °

2277 3954 2348 4005 Ὃ
2369 3982 2441 3993 —
2469 3953 2703 4007 λαϐεῖν.
2734 3952 2809 4007 Οὐ
2839 3952 3062 4007 δύναται
3084 3952 3267 4006 λαϐεῖν
3293 3951 3583 4025 αἰσθητῶς.

2270 4116 2395 4169 Ὅτι
2418 4145 2491 4156 -
2516 4119 2685 4172 αὑτό.
2716 4115 3055 4187 Σωματικῶς
3083 4116 3402 4187 ’Δσώματον
3430 4116 3559 4186 γάρ.

2273 4296 2429 4351 Οὐδὲ
2454 4297 2735 4367 γινώσκει
2757 4299 2923 4353 αὐτό.
2953 4298 3046 4371 Μὴ
3080 4296 3206 4354 ῑδὼν
3231 4298 3385 4353 αὐτό.

572 4479 905 4550 Intelligitur
920 4487 1102 4534 autem
1136 4491 1191 4535 et
1220 4482 1383 4536 aliter
1409 4501 1421 4538 τ
1448 4482 1593 4553 quod
1624 4484 1669 4538 is
1697 4485 1785 4539 cui
1817 4487 2094 4542 mundana

2275 4484 2495 4538 Νοεῖται
2520 4485 2577 4539 δὲ
2609 4486 2703 4539 καὶ
2731 4484 2958 4555 ἑτέρως,
2993 4486 3075 4540 ὅτι
3115 4488 3144 4540 δ
3193 4486 3433 4556 κοσμικὰ
3460 4486 3671 4557 φρονῶν
3706 4488 3768 4542 οὐ

500 4587 644 4626 θυι-τε
698 4582 846 4636 sunt,
889 4588 1001 4626 non
1050 4580 1233 4643 potest
1283 4573 1433 4628 illum
1484 4576 1784 4645 suscipere,
1816 4578 1944 4649 quia
1976 4595 2089 4635 non

497 4666 649 4719 videt
692 4680 838 4730 eum,
872 4664 1142 4735 siquidem
1177 4674 1479 4722 excaecatus
1513 4675 1599 4722 est
1630 4669 1806 4723 oculis
1844 4670 2091 4725 intellec-

499 4756 741 4811 tualibus
777 4775 791 4812 :
850 4772 953 4812 nec
1004 4758 1289 4827 cognoscit
1323 4773 1470 4823 eum,
1510 4775 1634 4814 cum
1680 4759 1817 4815 nihil
1853 4762 2089 4819 sublime

498 4849 673 4917 possit
702 4849 1030 4921 intelligere.

569 4938 729 4995 Vers.
769 4943 855 4995 t7.
918 4940 1017 4996 Vos
1046 4973 1115 4981 —
1159 4961 1298 4998 eum.
1347 4945 1748 5014 Propemodum
1794 4948 1946 5004 illum
1990 4964 2085 5005 co-

500 5033 778 5099 gnoscitis.
828 5034 963 5089 Nam
1013 5046 1137 5107 post
1187 5039 1353 5091 breve
1392 5047 1608 5108 tempus
1657 5039 1956 5096 descendet
2016 5057 2082 5097 ac

501 5124 721 5180 docebit
760 5143 875 5182 vos.

574 5215 688 5284 Vel,
721 5223 1049 5291 cognoscitis
1099 5240 1220 5279 eum
1275 5240 1342 5279 ex
1384 5226 1488 5279 mei
1549 5225 1883 5298 cognitione.
1928 5226 2085 5284 Sicut

618 5387 658 5416 "
686 5386 843 5441 Joan.
877 5405 990 5453 xu,
1013 5393 1066 5445 7.
1214 5395 1261 5428 "
1309 5396 1469 5450 Joan.
1499 5414 1591 5461 xx,
1618 5397 1710 5451 29..

2194 4577 2419 4632 δύναται
2444 4577 2807 4646 ὐποδέξασθαι
2828 4578 2982 4643 αὐτὸ,
3005 4578 3087 4633 ὅτι
3116 4579 3177 4632 οὗ
3200 4578 3395 4649 θεωρεῖ
3412 4578 3564 4643 αὐτὸ,
3588 4596 3767 4651 πεπη-

2196 4670 2441 4740 ρωμένος
2484 4669 2561 4723 ὢν
2604 4672 2729 4734 τοὺς
2768 4673 2992 4741 νοητοὺς
3043 4671 3387 4742 ὀφθαλμούς
3438 4672 3559 4726 οὐδὲ
3605 4674 3767 4741 γινώ-

2197 4776 2318 4812 σκει
2355 4762 2514 4827 αὐτὸ,
2549 4763 2715 4833 μηδὲν
2744 4762 2948 4833 ὑψηλὸν
2973 4766 3176 4818 ἐννοεῖν
3208 4764 3428 4835 ἰσχύων.

2276 4932 2478 5003 ’Υμεῖς
2526 4965 2597 4976 --
2622 4936 2792 4990 αὐτό.
2825 4934 3122 4990 Γινώσκετε
3152 4938 3274 4991 ὅσον
3306 4935 3476 4994 οὔπω.
3526 4939 3638 4992 Οὐκ
3687 4939 3766 5003 είς

2202 5027 2421 5097 μακρὰν
2442 5026 2552 5096 γὰρ
2585 5025 2932 5099 ἐπιφοιτήσει
2963 5029 3061 5083 καὶ
3089 5030 3288 5096 διδάξει
3323 5031 3487 5101 ὑμᾶς.

2268 5224 2338 5284 Ἦ
2370 5228 2663 5297 γινώσκετε
2707 5229 2839 5284 αὐτὸ
2872 5229 2980 5284 ἀπὸ
3008 5231 3100 5285 τοῦ
3138 5230 3424 5302 γινώσκειν
3463 5233 3591 5305 ius.
3634 5232 3763 5287 Ὠσ-

1823 5395 1869 5428 ’δ
1909 5398 1927 5451 1
1966 5399 2086 5453 Cor.
2119 5416 2214 5462 xu,
2252 5400 2336 5452 li.

1736 5558 1932 5620 Varite
1981 5560 2283 5625 lectiones
2329 5572 2389 5624 et
2421 5572 2607 5625 nota}.

576 5721 687 5798 ΗΟ)
722 5723 829 5776 Hoc
862 5726 951 5798 καί
988 5742 1094 5779 non
1154 5725 1670 5798 agnoscitlientenii
1706 5728 1909 5781 versio.
1968 5729 2077 5783 Sed
2187 5731 2458 5795 corrigere
2495 5732 2645 5798 πρός.

502 5807 605 5846 nec
644 5796 721 5848 sic
757 5796 1101 5864 acquiescere
1135 5811 1377 5865 possum.
1422 5796 1596 5855 Malim
1630 5814 1758 5869 ergo
1787 5800 1905 5855 loco
1965 5802 2076 5865 καί,

2264 5802 2373 5873 (il)
2407 5803 2470 5853 ΔΞ
2533 5806 2683 5857 abest
2741 5801 2808 5856 ιθ..
