3976 6508
239 447 390 520 1801

1205 448 1591 513 COMMENT.
1634 449 1719 513 IN
1756 450 2141 519 IOANNEM.
2170 451 2435 522 -ἶϐΑΡ,
2457 458 2618 519 XIV;

3301 441 3304 443 λ
3366 454 3507 522 ttoa

238 583 352 635 περ
376 564 489 635 γὰρ
512 562 541 616 ό
564 558 831 631 νενοηκὼς
860 557 960 629 tu}
990 558 1212 630 νενόηκε
1240 560 1331 614 τὸν
1389 561 1640 633 Πατέρα·
1677 559 1819 615 οὕτω

1956 566 2068 620 nim
2121 568 2213 637 qui
2242 568 2395 623 novit
2447 584 2560 632 me,
2588 567 2743 623 novit
2781 576 2837 623 et
2865 568 3110 634 Patrem;
3135 568 3209 623 ita
3245 584 3491 636 rursum,

237 656 412 711 σπάιλιν
460 655 490 709 ό
529 653 799 725 νενοηκὼς
843 651 945 721 ἐμὲ
1015 652 1237 721 νενόηκε
1285 653 1347 705 τὸ
1392 650 1645 723 Πνεῦμω
1696 655 1822 724 μιᾶς

238 751 357 819 γὰρ
399 747 450 800 οἱ
485 746 636 815 τρεῖς
667 743 855 805 οὐσίας
892 743 987 795 καὶ
1022 741 1237 811 φύσεως
1275 744 1370 795 καὶ
1405 741 1689 813 δυνάμεως
1728 741 1824 795 καὶ

238 838 427 903 ἀξίας.

320 929 455 982 Ὀτι
490 959 555 969 -
584 924 778 996 μένει.
832 925 1044 996 Ὥσπερ
1079 924 1190 993 γάρ
1232 926 1261 978 ὁ
1306 923 1496 999 Πατὴρ
1535 940 1635 991 μετ
1685 921 1820 993 ἐμοῦ

238 1018 423 1073 ἔστιν*
454 1017 598 1071 οὕτω
619 1017 716 1068 καὶ
744 1016 806 1068 τὸ
834 1014 1089 1086 Πνεῦμαο
1118 1014 1420 1085 ἀχώριστος
1442 1014 1555 1085 γάρ
1580 1016 1613 1084 ἡ
1646 1031 1824 1084 μακα-

248 1108 343 1181 ρία
379 1108 573 1177 Τριάς.

314 1198 423 1252 Kal
457 1198 527 1250 ἐν
556 1195 700 1265 ὑμῖν
722 1197 914 1250 ἔσται.
946 1194 1037 1266 Μὴ
1064 1194 1410 1263 ἀποθνῆσκον
1435 1194 1571 1264 (ii),
1588 1193 1660 1256 ὡς
1686 1192 1818 1263 ἐγώ.

241 1290 381 1342 Οὒδὶ
402 1290 511 1357 γὰρ
542 1285 967 1357 ινηνθρώπησεν
1011 1286 1087 1350 ὡς
1118 1286 1248 1354 ἐγώ.
1286 1288 1439 1340 Ἐπεὶ
1485 1288 1541 1341 δὲ
1582 1286 1822 1340 τοσαῦτα

236 1376 415 1429 εἰπὼν
431 1374 584 1429 οὔπω
605 1377 703 1444 τὴν
726 1376 962 1444 ἀθυμίαν
984 1375 1161 1427 αὐτῶν
1186 1374 1462 1440 ἐξέϐαλεν,
1487 1375 1585 1446 ἀδη
1595 1375 1820 1445 μονούν-

236 1478 353 1515 των
383 1462 463 1514 ἔτι
486 1464 579 1516 καί
609 1461 1013 1530 ἀλγυνομένων,
1052 1462 1127 1524 ὡς
1148 1462 1403 1533 ὀρφανῶν
1424 1464 1527 1534 ἤδη
1547 1463 1820 1531 καταλιμ-

241 1554 592 1622 πανομένων,
616 1551 919 1622 θεραπεύει
952 1553 1014 1604 τὸ
1036 1551 1277 1607 τοιοῦτον
1304 1552 1491 1621 ἀλγος.

312 1724 435 1776 Οὐκ
454 1721 863 1789 -όρφανούς,
886 1721 1168 1791 [ἰατρικῆς
1195 1722 1598 1793 εὐσπλαγχνίας
1627 1723 1687 1776 τὸ
1719 1723 1818 1793 ῥῆ-

244 1829 346 1883 μα,
386 1811 585 1881 πολλὴν
640 1812 865 1879 είσάγον
904 1812 1254 1883 παράκλησιν
1306 1815 1397 1865 καὶ
1435 1813 1813 1882 ψυχαγωγίαν.

236 1903 319 1955 οὐ
346 1901 689 1955 παντάπασιν
715 1902 913 1970 ἀφήσω
939 1902 1086 1971 ὑμᾶς
1109 1903 1177 1955 τά
1202 1903 1388 1955 τεκνία
1413 1918 1539 1972 μου.

314 2074 604 2142 Ἔρχομαι
635 2073 785 2142 πρὸς
814 2070 989 2139 ὑμᾶς.
1031 2072 1302 2143 Ἔρχομαι
1341 2072 1504 2128 πάλιν
1549 2074 1687 2142 μετά
1724 2072 1823 2143 τὴν

234 2167 545 2234 τριήμερον
596 2166 934 2230 ἀνάστασιν,
980 2166 1028 2218 εί
1069 2165 1164 2218 καὶ
1212 2165 1288 2237 μὴ
1334 2166 1409 2229 ῶς
1446 2166 1509 2217 τὸ
1557 2168 1821 2236 πρότερον

240 2258 625 2325 συνεσόμενος.

318 2350 448 2402 Ἔτι
472 2378 535 2389 -
569 2348 789 2417 θεωρεῖ.
830 2347 1194 2402 Ἀποθανόντα
1217 2348 1291 2412 ὡς
1314 2349 1621 2419 ἄνθρωπον.

329 2532 529 2602 ’Υμεῖς
584 2560 654 2572 -
705 2548 804 2600 με.
867 2528 1330 2600 Ἐπιφαινόμενον
1386 2529 1519 2600 ὑμῖν
1582 2530 1646 2583 ὲκ
1705 2531 1826 2584 δια-

242 2625 609 2693 λειμμάτων,
648 2622 897 2685 συνόντος
949 2621 1079 2691 ὑμῖν
1130 2621 1221 2673 ἀεὶ
1275 2620 1370 2673 τοῦ
1424 2619 1585 2674 ἀλλου
1634 2622 1822 2691 Παρα‹

243 2717 473 2786 κλήτου.

322 2807 452 2859 Ὀτι
493 2803 608 2876 ἐγὼ
637 2804 729 2865 ζῶ.
766 2803 873 2868 Ζῶ,
908 2802 1070 2857 πάλιν
1122 2801 1363 2865 ἀναστὰς
1396 2803 1459 2854 ἐκ
1487 2801 1717 2871 νεκρῶν.

327 2987 434 3043 Kal
476 2987 647 3056 ὑμεῖς
694 2986 976 3055 ζήσεσθε.
1031 2982 1125 3054 Μὴ
1177 2981 1567 3052 ἀναιρούμενοι
1624 2984 1824 3037 αὐτίκα

247 3084 349 3135 σὺν
400 3083 545 3150 ἐμοὶ,
585 3078 701 3131 ἀλλ’
734 3079 839 3132 ὑπὸ
865 3078 962 3147 τῆς
1011 3078 1153 3147 ἐμῆς
1201 3078 1484 3149 δυνάμεως
1524 3077 1610 3148 icp’
1643 3077 1824 3133 ἱκανὸν

1926 659 2018 727 qui
2051 662 2201 714 novit
2234 676 2340 722 me.
2374 661 2527 715 novit
2553 669 2610 715 et
2636 658 2903 729 Spiritum
2927 668 3200 715 sanctum.
3225 657 3361 716 Nam
3390 669 3504 717 tres

1926 749 2089 805 unius
2127 760 2257 806 sunt
2304 752 2623 807 substantia:
2652 766 2716 807 ac
2750 758 2984 818 naturas,
3030 750 3289 822 potentia:
3323 766 3387 807 ac
3414 751 3525 807 di-A

1923 840 2166 910 gnitatis.

1995 928 2150 985 Vers.
2184 931 2271 986 17.
2309 931 2445 997 Quia
2478 961 2551 972 —
2588 939 2785 986 manet.
2823 929 2980 985 Sicut
3018 929 3166 984 enim
3202 928 3361 985 Pater
3386 945 3507 985 me-

1922 1031 2048 1069 cum
2111 1026 2218 1086 est,
2276 1018 2350 1072 ita
2402 1029 2468 1092 ,ει
2526 1018 2768 1088 Spiritus
2820 1026 3065 1073 sanctus.
3135 1016 3505 1087 inseparabile

1926 1107 2198 1176 siquidem
2236 1117 2321 1162 est
2350 1110 2509 1163 beata
2538 1108 2806 1163 Trinitas.

2000 1196 2147 1254 νοτε.
2206 1200 2291 1254 17.
2332 1199 2397 1254 Et
2432 1201 2488 1253 in
2550 1200 2692 1253 vobis
2740 1200 2862 1254 erit.
2896 1197 3012 1254 Non
3064 1196 3333 1264 moriens,
3357 1197 3504 1252 sicut

1922 1304 2021 1360 ego
2054 1306 2068 1345 :
2098 1305 2275 1359 neque
2300 1290 2447 1344 enim
2496 1290 2816 1345 inmrnatus
2851 1297 2958 1350 est.
3001 1287 3146 1342 sicut
3189 1302 3311 1357 ego.
3353 1285 3491 1351 Quia

1921 1394 2061 1434 vero
2112 1396 2238 1435 cum
2277 1390 2386 1434 tam
2428 1380 2598 1434 multa
2640 1377 2887 1444 dixisset,
2943 1376 3187 1431 nondum
3226 1372 3504 1429 tristitiam

1918 1471 2133 1525 illorum
2168 1471 2464 1539 repulerat,
2495 1469 2621 1539 quia
2657 1469 2893 1539 graviter
2936 1468 3115 1521 adhuc
3154 1466 3404 1522 ferebant
3433 1478 3499 1518 ac

1918 1560 2244 1625 maerebant,
2283 1568 2341 1614 ut
2374 1560 2465 1628 qui
2498 1559 2605 1627 jam
2628 1558 2862 1627 orpbani
2894 1557 3359 1626 relinquerentur,
3384 1553 3496 1608 bu-

1912 1650 2156 1720 jusmodi
2189 1660 2344 1705 curat
2379 1649 2717 1704 mmstitiam.

1997 1741 2156 1797 Vers;
2187 1743 2273 1799 l8.
2300 1742 2507 1796 Non—
2541 1742 2831 1811 orphanos.
2856 1739 3107 1795 Paterna:
3138 1736 3508 1793 miserationis

1918 1834 2143 1888 verbum
2200 1843 2306 1901 est,
2360 1833 2585 1887 multam
2646 1831 2887 1885 all‘crens
2952 1830 3386 1885 consolationem
3440 1843 3506 1882 ac

1922 1926 2360 1980 oblectationem.
2382 1924 2731 1995 Nequaquam
2770 1938 2866 1977 vos
2889 1923 3188 1977 relinquam
3234 1920 3508 1989 orpbanos

1925 2016 2021 2084 qui
2051 2015 2145 2069 lilii
2178 2016 2284 2069 mei
2310 2016 2466 2071 estis.

1998 2104 2156 2161 νει-ε.
2194 2106 2280 2161 18.
2335 2107 2545 2161 Veniam
2582 2108 2652 2161 ad
2697 2123 2807 2160 vos.
2859 2104 3091 2158 Veniam
3136 2116 3355 2156 rursum
3382 2106 3510 2172 post

1930 2196 2073 2250 tertii
2094 2196 2201 2249 diei
2233 2197 2717 2261 resurrectionem,
2740 2211 3051 2265 quanquam
3084 2208 3217 2257 non,
3242 2198 3301 2245 ut
3330 2189 3505 2259 prius,

1931 2300 2033 2340 COD
2042 2300 2288 2340 versans.

1999 2373 2157 2429 Vers.
2200 2374 2286 2429 19.
2325 2374 2509 2429 Adhuc
2535 2401 2607 2413 —
2628 2372 2846 2428 videbit.
2878 2369 3015 2426 Cum
3052 2380 3307 2439 tanquam
3341 2370 3509 2423 homo

1929 2466 2159 2519 moriar.

2001 2553 2152 2608 Vers.
2179 2553 2265 2607 19.
2298 2551 2393 2606 Vos
2422 2581 2490 2594 -—
2517 2567 2623 2607 me.
2648 2551 3013 2621 Apparentetn
3045 2549 3194 2603 vobis
3212 2562 3309 2619 pcr
3342 2548 3511 2601 inter-

1926 2644 2093 2698 missa
2136 2652 2398 2712 tempora,
2429 2651 2790 2697 conversantc
2824 2655 3042 2698 semper
3075 2639 3351 2694 vobiscum
3399 2637 3509 2691 alio

1925 2732 2229 2788 Paracleto.

1997 2826 2152 2881 Vers.
2194 2825 2279 2881 19.
2320 2823 2460 2890 Quia
2507 2838 2599 2893 ego
2627 2823 2823 2876 vivam.
2853 2820 3042 2876 Vivam
3085 2836 3272 2875 rursus
3301 2837 3331 2874 a
3361 2835 3509 2873 mor-

1927 2915 2035 2970 tuis
2065 2928 2372 2983 resurgens.

1995 3005 2152 3059 Vers.
2211 3003 2297 3058 19.
2358 3002 2427 3056 Ει
2482 3016 2571 3055 uos
2640 3000 2842 3055 uinetis.
2893 2997 3012 3052 Non
3067 2996 3248 3051 statim
3296 3008 3509 3048 mecum

1926 3093 2235 3156 interfecti,
2263 3092 2390 3147 -sed
2434 3104 2555 3145 mea
2586 3090 2787 3143 virtute
2829 3087 3003 3142 multo
3042 3086 3220 3142 adhuc
3265 3094 3511 3153 tempore

248 3170 699 3241 συντηρούμενοι.
727 3170 795 3223 Ἥ
830 3172 922 3223 καὶ
964 3170 1125 3239 ὑμεῖς
1151 3166 1381 3240 ζήσεσθε
1420 3170 1559 3240 μετά
1590 3171 1821 3223 θάνατον

1956 3185 2255 3239 :onservati.
2298 3179 2416 3245 Vcl,
2474 3195 2573 3235 vos
2617 3178 2811 3235 vivetis
2870 3178 3036 3231 etiam
3096 3184 3220 3246 post
3274 3182 3505 3227 mortem

244 3265 351 3333 τὴν
379 3263 656 3333 μακαρίαν
682 3261 851 3330 ζωήν.

332 3355 436 3407 Ἕν
459 3384 530 3394 -
554 3370 694 3420 μου.
732 3352 820 3403 Ἐν
850 3348 1031 3421 ἐκείνῃ
1063 3353 1129 3421 τῇ
1158 3350 1362 3421 ἡμέρᾳ,
1427 3353 1491 3419 τῇ
1538 3351 1640 3421 τῆς
1695 3351 1825 3404 ἀνα-

247 3446 494 3509 στάσεώς
520 3462 621 3516 μου
641 3444 907 3515 δηλονότι,
934 3443 1208 3511 γνώσεσθε
1224 3444 1303 3495 ὅτι
1329 3442 1442 3509 ἐγὼ
1460 3444 1517 3495 ὲν
1548 3442 1625 3511 τῷ
1650 3443 1826 3515 Πατρί

252 3555 380 3609 μου,
410 3537 493 3590 ὅτι
542 3536 651 3603 ἐγὼ
688 3533 992 3604 ἀδιαίρετος
1031 3531 1127 3585 τοῦ
1170 3532 1380 3600 Πατρός
1412 3548 1538 3601 μου,
1571 3533 1628 3585 ὲν
1657 3530 1733 3600 τῷ
1762 3532 1830 3585 τά

246 3628 390 3680 αὐτὰ
422 3628 616 3695 ἐκείνῳ
649 3623 932 3678 δύνασθαι.

323 3722 431 3775 Kal
458 3747 528 3759 -—
558 3719 723 3788 ὑμῖν.
756 3718 867 3770 Kal
887 3717 971 3770 ὅτι
1004 3717 1097 3769 καὶ
1133 3714 1292 3783 ὑμεῖς
1318 3716 1377 3769 ἐν
1405 3715 1527 3785 ἐμοὶ
1559 3713 1829 3784 φρουροῦ-

254 3831 406 3885 μενοι
441 3812 536 3865 καλ
565 3809 948 3879 νευροῦμενοι·
986 3807 1142 3875 κάγὼ
1171 3810 1229 3861 ὲν
1259 3808 1411 3875 ὑμῖν,
1447 3806 1700 3876 φρουρῶν
1735 3805 1831 3858 καὶ

250 3901 461 3973 νευρῶν
490 3902 656 3970 ὑμᾶς.
685 3898 964 3952 Γνώσεσθε
1000 3898 1056 3950 δὲ
1088 3898 1282 3960 ταῦτα,
1303 3895 1411 3949 τῶν
1435 3896 1641 3966 ἐχθρῶν
1665 3912 1833 3949 κατα-

256 3995 645 4063 στελλομένων,
679 3993 833 4061 ὑμῶν
880 3990 1435 4061 παρρησιαζομένων,
1481 3987 1578 4040 τοῦ
1662 3986 1829 4058 κηρύ·

252 4102 465 4158 γματος
498 4083 621 4137 καθ’
654 4082 893 4151 ἑκάστην
931 4080 1219 4142 ἀνθοῦντος
1259 4076 1355 4149 τὴν
1386 4080 1619 4149 ἡμέραν.

335 4180 392 4232 ’0
427 4180 524 4247 μὲν
561 4176 655 4229 οὖν
683 4174 915 4244 Χριστος
943 4175 1000 4226 ὲν
1030 4172 1106 4241 τῷ
1140 4172 1338 4242 Πατρὶ,
1367 4172 1508 4224 κατά
1546 4170 1701 4239 λόγον
1733 4174 1836 4225 lao-

254 4270 552 4339 δυναμίας’
596 4269 647 4320 oi.
692 4268 748 4320 δὲ
793 4262 1081 4319 ἀπόστολοι
1124 4257 1185 4317 ἐν
1229 4260 1397 4331 αὐτῷ,
1438 4262 1529 4315 καί⁵
1576 4262 1739 4324 αὐτὸς
1776 4263 1834 4317 ὲν

255 4363 461 4425 αὐτοῖς,
515 4358 656 4412 κατὰ
700 4358 859 4425 λόγον
920 4348 1364 4426 βοηθείας-.,Οῐδε
1413 4353 1521 4422 γάρ
1562 4353 1596 4424 ἡ
1641 4353 1836 4423 Γραφὴ

256 4453 519 4513 πολλάκις
540 4450 652 4511 τοῖς
677 4448 860 4509 αὐτοῖς
884 4447 1123 4517 ῥήμασιν
1148 4445 1241 4497 ἐπὶ
1267 4443 1402 4497 Θεοῦ
1424 4445 1517 4497 καὶ
1533 4443 1834 4515 ἀνθρώπων

1847 3232 1894 3295 C

1930 3278 2043 3331 vita
2072 3276 2251 3330 beata.

2002 3365 2157 3420 νει-ε.
2194 3363 2577 3419 20.1n—meo.
2598 3362 2656 3416 In
2679 3361 2771 3416 illo
2798 3360 2907 3425 die,
2936 3355 3353 3413 resurrectionis
3375 3369 3513 3409 mea:

1927 3456 2205 3518 videlicet,
2238 3454 2598 3523 cognoscetis.
2641 3451 2788 3521 quod
2830 3465 2928 3518 ego
2957 3465 2988 3504 a
3019 3448 3178 3503 Patre
3209 3461 3332 3501 meo
3368 3444 3513 3500 indi-

1930 3545 2082 3601 visus
2114 3544 2240 3603 sim,
2264 3542 2457 3597 eadem
2490 3550 2685 3611 potens
2711 3554 2834 3594 cum
2866 3537 2981 3591 illo.

2004 3724 2254 3782 Venit)
2299 3728 2369 3779 Et
2392 3725 2644 3778 -υοῡίε,
2680 3721 2748 3775 Ει
2791 3719 2935 3788 quod
2968 3734 3066 3773 vos
3115 3717 3276 3773 etiam
3313 3717 3369 3770 in
3402 3731 3512 3779 me,

1938 3816 2195 3874 custoditi
2234 3832 2299 3871 ac
2344 3814 2583 3870 roborati
2617 3829 2635 3868 ε
2679 3820 2735 3868 et
2762 3826 2861 3881 ego
2902 3809 2956 3864 in
2987 3809 3161 3873 vobis,
3192 3808 3510 3864 custodiens

1932 3925 1998 3965 ac
2022 3910 2289 3964 roborans
2321 3922 2432 3962 vos.
2472 3905 2598 3962 Haec
2642 3914 2821 3959 autem
2858 3903 3221 3968 cognoscetis,
3255 3898 3516 3969 repressis

1938 4000 2203 4065 inimicis,
2230 3998 2495 4067 vobisque
2525 3997 2698 4051 libere
2721 3992 3092 4064 loquentibus,
3120 4006 3185 4044 ac
3222 3990 3515 4058 Evangelia

1936 4093 1994 4147 in
2032 4092 2150 4146 dies
2178 4088 2427 4145 ﬂorente.

2005 4183 2255 4238 Chrlstus
2280 4181 2459 4250 itaque
2487 4180 2540 4234 in
2564 4180 2750 4243 Patre,
2779 4175 2991 4229 ratione
3046 4172 3292 4242 ejusdem
3319 4180 3518 4243 poten-

1938 4275 2065 4340 tias;
2099 4270 2333 4343 apostoli
2376 4285 2506 4326 vero
2530 4268 2586 4324 in
2622 4282 2689 4323 eo
2711 4277 2765 4322 et
2788 4266 2905 4336 ipse
2937 4264 2993 4317 in
3024 4262 3148 4327 illis,
3179 4263 3388 4317 ratione
3416 4277 3517 4316 au-

1936 4365 2074 4421 xilii.
2111 4362 2392 4433 Siquidem
2425 4359 2577 4414 novit
2617 4357 2933 4427 frequenter
2988 4351 3275 4423 Scriptura
3311 4350 3516 4406 eisdem

1936 4456 2122 4513 verbis
2143 4463 2198 4509 et
2223 4453 2291 4509 de
2323 4451 2432 4506 Deo
2449 4462 2504 4506 et
2527 4449 2746 4504 bomiue
2775 4445 2985 4516 positis,
3005 4458 3117 4497 non
3140 4442 3389 4497 similiter
3416 4442 3516 4494 uti.

260 4545 539 4615 κειμένοις
586 4540 687 4610 οὐχ
735 4538 937 4608 ὁμοίως
983 4536 1309 4607 κεχρῆσθαι.
1361 4536 1471 4589 Καὶ
1528 4537 1557 4590 ό
1599 4537 1828 4607 Χριστὸς

1956 4548 2079 4602 Nam
2112 4552 2167 4598 et
2206 4541 2457 4597 Christus
2496 4547 2554 4594 et
2585 4552 2687 4592 nos
2728 4535 2824 4590 lilii
2870 4533 2965 4589 Dei
3009 4548 3074 4588 ac
3123 4532 3211 4587 dei
3261 4530 3517 4593 dicimur,

260 4642 391 4711 γάρ,
422 4638 519 4691 καὶ
557 4635 718 4705 ἡμεῖς
769 4632 875 4683 ulol
911 4629 1045 4682 Θεοῦ
1101 4631 1195 4681 καὶ
1224 4627 1340 4680 θεοὶ
1391 4626 1697 4696 λεγόμεθα,
1741 4628 1836 4681 καὶ

262 4728 427 4784 είκὼν
454 4726 612 4790 Θεοῦ,
642 4725 737 4776 καὶ
760 4722 885 4785 δόξα
918 4721 1054 4774 Θεοῦ
1074 4737 1086 4751 ι
1116 4719 1252 4774 ἀλλά
1275 4719 1410 4773 πολὺ
1444 4720 1505 4773 τὸ
1550 4719 1831 4792 διάφορον.

264 4818 377 4871 Καὶ
406 4815 575 4869 πολλά
608 4810 875 4881 πολλαχοῦ
908 4808 1151 4862 τοιαῦτα.

341 4910 399 4961 '0
431 4936 498 4947 —
515 4922 611 4974 με.
654 4904 769 4957 Οὐκ
802 4904 963 4972 ἀρκεῖ
993 4901 1101 4971 γὰρ
1142 4899 1205 4953 τὸ
1236 4898 1380 4969 ἔχειν
1425 4900 1596 4962 αὐτὰς
1652 4899 1834 4970 μόνον,

264 5001 403 5057 ἀλλά
433 4999 539 5071 χρὴ
558 4999 649 5052 καὶ
681 4997 856 5049 ποιεῖν
882 4994 1071 5055 αὑτάς.
1094 4991 1273 5045 Εἰπὼν
1300 4992 1359 5045 δὲ
1389 4990 1547 5045 τοῦτο
1577 4991 1673 5045 καὶ
1697 4990 1835 5057 πρό-

264 5108 445 5163 τερον,
472 5089 620 5157 λέγει
647 5087 777 5141 αὐτὸ
807 5087 901 5139 καὶ
930 5084 1048 5149 νῦν,
1084 5082 1365 5152 ἐμφαίνων
1390 5082 1471 5135 ὅτι
1496 5081 1594 5150 τῆς
1618 5081 1840 5155 ἀγάπης

265 5182 433 5237 αὑτοῦ
466 5184 711 5251 σημεῖον,
742 5180 801 5230 οὐ
844 5178 906 5230 τὸ
947 5178 1177 5243 ἀθυμεῖν
1211 5174 1303 5227 ἐπὶ
1339 5172 1417 5243 τῷ
1450 5172 1715 5245 χωρισμῷ
1742 5175 1841 5227 αὑ.

265 5272 361 5326 τοῦ
384 5290 398 5303 ·
428 5271 587 5324 τοῦτο
617 5270 725 5341 γὰρ
763 5269 964 5331 δειλίας
1001 5267 1199 5337 μᾶλλόν
1237 5266 1419 5319 ἐστιν·
1454 5264 1591 5319 ἀλλά
1632 5266 1695 5321 τὸ
1739 5282 1840 5336 φυ-

270 5364 493 5420 λάσσειν
520 5365 618 5426 τὰς
644 5361 862 5424 ὲντολάς
884 5360 1069 5414 αὐτοῦ.

353 5456 419 5509 '0
449 5485 517 5495 —
548 5456 755 5509 αὐτόν.
815 5456 926 5507 Καὶ
974 5452 1086 5520 ἐγὼ
1132 5453 1206 5514 ῶς
1251 5451 1389 5521 μετὰ
1437 5450 1498 5503 τὸ
1545 5450 1847 5521 ἀναστῆναι

270 5546 661 5607 ἀποκαταστὸκ
691 5547 771 5607 είς
794 5545 852 5597 τὸ
877 5544 1139 5613 πρότερον
1161 5542 1399 5613 ἀξίωμα.
1432 5542 1574 5609 Ὅρα
1612 5540 1668 5594 δὲ
1714 5542 1846 5596 θαυ-

1937 4648 1993 4694 et
2029 4638 2206 4705 imago
2243 4647 2307 4688 ac
2336 4630 2503 4703 gloria
2550 4628 2647 4683 Dei
2683 4646 2697 4682 :
2725 4626 2821 4683 sed
2847 4640 3042 4697 magna
3077 4632 3159 4679 est
3189 4621 3518 4687 diﬂ’ereutia,

1936 4740 1992 4787 et
2015 4727 2184 4782 multa
2208 4721 2373 4778 variis
2399 4722 2455 4776 in
2479 4720 2613 4776 locis
2642 4719 2844 4774 similia
2887 4715 3265 4772 inveniuntur.

2014 4907 2170 4961 Vers.
2210 4905 2301 4959 2|.
2336 4902 2437 4968 Qui
2467 4931 2535 4941 —
2563 4917 2665 4955 me.
2695 4899 2880 4968 Neque
2901 4898 3046 4954 enim
3068 4895 3266 4952 sulIicit
3320 4910 3381 4951 ea
3406 4904 3526 4949 tan-

1947 5006 2063 5053 tum
2098 4995 2324 5059 habere,
2355 4992 2451 5049 sed
2491 5001 2545 5047 et
2572 4991 2750 5047 facere
2784 4992 2873 5045 illa
2905 4998 3139 5059 oportet.
3178 4987 3312 5043 Cum
3340 4994 3523 5040 autem

1950 5091 2054 5144 hoc
2089 5088 2325 5158 primum
2351 5084 2599 5147 dixisset,
2638 5097 2787 5137 nunc
2828 5095 3046 5136 rursum
3082 5079 3224 5134 idem
3252 5080 3399 5143 dicit,
3433 5092 3525 5132 os-

1950 5182 2183 5238 tendens
2203 5178 2346 5250 quod
2378 5175 2686 5232 dilectionis
2724 5174 2896 5244 ipsius
2935 5172 3145 5242 signum
3183 5186 3291 5225 non
3314 5177 3400 5225 est
3425 5171 3525 5223 do-

1949 5273 2066 5329 lere
2102 5272 2171 5327 de
2209 5268 2550 5340 separatione
2582 5266 2731 5336 ejus;
2770 5282 2898 5321 nam
2930 5264 2984 5319 id
3016 5263 3320 5317 timiditatis
3350 5262 3528 5332 potius

1950 5374 2055 5427 est,
2089 5361 2186 5416 sed
2215 5367 2481 5431 praecepta
2518 5356 2637 5425 ejus
2673 5368 2914 5410 servare.

2024 5452 2179 5507 Vers.
2212 5450 2305 5505 2!.
2341 5448 2443 5514 Qui
2487 5462 2700 5500 —-ettm.
2731 5446 2797 5500 Et
2827 5461 2950 5516 ego,
2992 5454 3249 5514 tanquam
3284 5449 3409 5511 post
3444 5455 3532 5495 re-

1953 5541 2347 5598 surrectionem
2410 5540 2465 5593 in
2514 5535 2799 5608 pristinam
2853 5534 3139 5591 restitutus
3187 5530 3529 5602 dignitatem.

1434 5714 1632 5778 Vario:
1663 5715 1969 5779 lectiones
2000 5723 2058 5777 ct
2090 5722 2278 5779 noue.

350 5820 461 5893 (i2)
512 5818 914 5890 Ἀποθνήσκων,
955 5819 993 5871 A
1006 5858 1019 5875 .
