3976 6464
491 376 635 442 Ῑίθξι

489 594 693 650 servat,
724 585 921 655 inquit,
954 594 1221 655 pracepta
1247 601 1390 653 mea,
1414 586 1590 658 diligit
1616 601 1702 641 me
1732 604 1747 640 :
1773 588 1865 656 qui
1895 595 2077 641 autem

490 676 666 746 diligit
694 691 808 741 me,
839 675 1085 747 diligitur
1116 695 1145 732 a
1178 677 1338 734 Patre
1368 693 1490 733 meo
1516 694 1531 744 ;
1555 693 1717 748 quem
1747 692 1879 732 vero
1926 676 2081 732 Pater

489 769 762 833 dilexerit,
805 779 858 824 et
900 785 1000 842 ego
1031 772 1257 826 omnino
1301 770 1545 840 diligam.
1593 779 1780 841 utpote
1813 770 2082 825 ambobus

489 862 674 914 eadem
700 867 754 914 et
778 861 1089 916 volentibus
1116 871 1170 917 et
1198 861 1651 932 suscipientibus.

561 950 718 1009 Vers.
759 952 853 1006 2L
892 951 966 1007 Et
995 983 1064 997 --
1094 955 1373 1022 meipsum.
1411 953 1692 1009 Interdum
1725 953 1946 1025 quidem
1976 954 2080 1008 hu-

489 1060 651 1099 mano
679 1060 851 1108 more,
876 1046 1202 1116 quandoque
1231 1062 1363 1102 vero
1392 1047 1580 1103 divino
1608 1048 1918 1119 splendore.
1969 1045 2083 1102 Hoc

488 1146 667 1190 autem
697 1137 926 1192 audiens
954 1137 1122 1192 Judas
1151 1137 1355 1201 Jacobi,
1387 1140 1478 1209 qui
1507 1148 1562 1196 et
1591 1140 1826 1196 Lebeus
1857 1140 2081 1195 diccba-

489 1236 577 1279 tur
615 1235 671 1280 et
698 1226 1025 1294 Thaddaeus,
1057 1230 1287 1299 putavit,
1332 1230 1478 1301 quod
1526 1232 1693 1287 veluti
1729 1234 1930 1287 mortui
1977 1245 2080 1286 sae-

490 1320 609 1386 plus
642 1318 874 1382 faciunt.
907 1321 962 1375 in
1010 1322 1243 1379 somniis
1291 1322 1748 1381 manifestaturus
1768 1334 1913 1381 esset
1937 1324 2082 1395 seip-

487 1424 630 1464 sum:
686 1411 919 1482 ideoque
967 1415 1239 1482 turbatus,
1288 1431 1400 1470 non
1446 1429 1531 1474 est
1558 1434 1741 1500 _ausus
1787 1421 2076 1492 explicare,

485 1502 629 1570 quod
663 1503 896 1565 volebat.
939 1515 1105 1573 puta:
1144 1505 1242 1562 Hei
1273 1508 1451 1576 nobis,
1487 1511 1613 1580 quia
1637 1513 1911 1579 morieris,
1939 1522 1994 1566 et
2025 1512 2080 1566 in

486 1594 711 1646 modum
766 1596 968 1650 mortui
1024 1598 1459 1655 manifestandus
1506 1617 1586 1670 es,
1633 1603 1728 1658 sed
1775 1603 1882 1658 alio
1917 1604 2081 1660 modo

485 1700 583 1754 per
611 1688 1090 1758 interrogationem
1127 1705 1279 1745 suam
1309 1694 1549 1749 ostendit
1585 1696 1971 1752 turbationem.

556 1776 711 1830 Vers.
771 1779 1045 1834 22.-Dirit
1082 1813 1147 1825 --
1195 1785 1614 1851 mundo?Quid
1676 1788 1878 1843 factum
1949 1791 2058 1844 est?

1735 382 2055 447 EUTIIYM
2067 383 2122 444 [Ι
2161 380 2525 445 ZIGABENI

488 490 792 548 Considera
839 507 972 548 vero
1021 492 1469 563 consequentiam
1522 492 1920 550 admirabilem.
1971 494 2072 561 Qui

2196 497 2392 568 ιαστὴν
2443 492 2767 549 ἀκολουθίαν
2789 508 2803 524 ⁸

3613 382 3744 448 ita!

2866 497 2924 554 '0
2967 497 3150 571 τηρῶν
3210 497 3308 560 τὰς
3357 495 3568 560 ἐντολάς
3625 516 3744 567 μου,

2185 595 2350 665 φησὶν
2380 637 2394 662 ,
2429 597 2617 668 ἀγαπᾷ
2655 613 2754 668 με’
2786 597 2815 649 6
2840 595 2896 648 δὲ
2934 591 3163 659 ἀγαπῶν
3206 606 3292 658 με,
3336 587 3748 656 ἀγαπηθήσεται

2184 684 2288 737 ὑπὸ
2322 688 2411 740 τοῦ
2445 688 2656 756 Πατρός
2687 705 2789 758 μου
2810 702 2824 716 ο
2889 685 2947 738 ὃν
2967 685 3025 737 δὲ
3049 681 3325 751 ἀγαπήσει
3355 680 3382 731 6
3412 680 3598 749 Πατήρ
3626 697 3750 747 μου,

2183 777 2276 828 καὶ
2319 775 2430 843 ἐγὼ
2464 779 2734 847 ἀγαπήσω
2761 776 2997 837 πάντως,
3028 772 3102 834 ὡς
3149 769 3467 838 ἀμφοτέρων
3506 769 3573 821 τὰ
3615 769 3754 820 αὺτά

2188 864 2453 920 θελόντων
2488 868 2580 920 καὶ
2611 864 3048 936 ἀποδεχομένων.

2254 960 2365 1014 Καὶ
2395 991 2464 1001 -
2493 960 2773 1031 ἐμαυτόν.
2808 960 2941 1011 [loris
2978 956 3076 1024 μὲν
3097 951 3598 1023 ἀνθρωποπρεπῶς,
3626 951 3753 1003 ποτὶ

2183 1052 2240 1106 δὲ
2278 1052 2348 1107 δι’
2386 1053 2724 1122 ἑλλάμψεως.
2770 1049 2940 1103 Τοῦτο
2968 1048 3022 1101 δὲ
3060 1045 3298 1106 ἀκούσας
3341 1044 3540 1106 Ἰούδας
3579 1046 3606 1095 ό
3656 1043 3754 1094 ’ῐαο

2185 1144 2263 1198 κώ
2276 1144 2372 1198 ϐου
2405 1147 2432 1198 6
2457 1147 2548 1199 καὶ
2565 1144 2827 1207 Λεϐϐαῖος
2850 1143 2959 1212 (13)
2994 1141 3088 1193 καὶ
3114 1140 3368 1201 Θαδδαῖος
3397 1135 3748 1203 καλούμενος,

2183 1237 2435 1308 ἐνόμισεν
2475 1237 2578 1299 ὄτι,
2615 1233 2689 1297 ὡς
2748 1237 2797 1287 οί
2861 1234 3048 1305 νεκροὶ
3093 1230 3347 1292 πολλάκις
3391 1231 3447 1281 ἐν
3503 1227 3748 1296 ὀνείροις,

2187 1329 2482 1397 ὲμφανίσει
2539 1329 2755 1381 ἑαυτόν.
2827 1326 2932 1380 Διὸ·
2970 1327 3067 1399 atat
3128 1321 3414 1392 συγχυθεὶς
3455 1321 3554 1373 οὐκ
3613 1319 3757 1370 ἐτόλ-

2189 1438 2333 1490 μησε
2383 1420 2482 1490 μὲν
2547 1422 2723 1473 εἰπεῖν
2779 1418 2806 1472 ὃ
2848 1417 3130 1478 ἐϐούλετο,
3161 1412 3272 1469 οἷον
3318 1412 3453 1466 Οὐαὶ
3494 1412 3640 1480 ὑμῖν,
3676 1411 3755 1463 ὅτι

2185 1509 2599 1581 ἀποθνήσκεις,
2657 1511 2754 1563 καὶ
2818 1507 3011 1577 νεκροῦ
3089 1506 3287 1578 τρόπον
3365 1503 3754 1575 ιμφανίζεσθαι

2185 1602 2405 1673 μέλλεις
2434 1643 2448 1668 ,
2499 1604 2701 1675 ἑτέρως
2738 1602 2794 1655 δὲ
2841 1602 2910 1655 δι’
2960 1601 3279 1671 ἐρωτήσεως
3341 1597 3438 1668 τὴν
3497 1598 3755 1666 σύγχυσιν

2184 1695 2495 1763 ὑποφαίνει.

2255 1787 2426 1856 Λέγει
2456 1817 2526 1828 --
2567 1788 2808 1855 κόσμιρ;
2860 1786 2954 1848 Τὸ,
2980 1784 3046 1837 Τί
3073 1785 3297 1852 γέγονες
3346 1782 3745 1851 όυσςροροῦντός

486 1869 722 1938 graviter
752 1869 982 1924 ferentis
1021 1883 1104 1926 est
1139 1888 1201 1927 ac
1232 1877 1454 1930 turbati.
1488 1879 1628 1942 Quid
1675 1880 1895 1954 accidit,
1927 1883 2071 1950 quod

2196 1884 2298 1940 ἔστι
2337 1848 2432 1934 παὶ
2476 1848 2868 1953 συγχεομένου.
2894 1878 2958 1929 Τί
2991 1848 3337 1946 συμϐέϐηκεν
3365 1848 3470 1929 ὅτι-
3493 1848 3626 1945 ἡμῖν
3655 1877 3756 1944 Ep.-

485 1960 649 2015 nobis
677 1961 1115 2020 manifestandus
1152 1981 1212 2021 es
1237 1967 1292 2022 in
1343 1971 1590 2038 somniis,
1623 1983 1677 2028 et
1716 1987 1828 2029 non
1871 1975 2078 2030 mundo

486 2062 757 2106 consueto
811 2056 987 2110 more?
1026 2072 1151 2110 nam
1199 2059 1326 2128 quia
1357 2062 1622 2118 nolebant
1649 2071 1709 2118 ut
1752 2075 2076 2133 moreretur,

487 2142 859 2198 admirandam
894 2161 962 2200 ac
986 2147 1334 2217 desperatam
1367 2154 1634 2220 putabant
1662 2164 1890 2210 mortem
1926 2158 2070 2228 ejus.

561 2236 715 2292 Vers.
757 2238 845 2290 25.
887 2238 1172 2308 Respondit
1199 2272 1268 2284 —-
1300 2244 1576 2313 faciemus.
1607 2276 1676 2289 —
1704 2252 1783 2302 Ad
1811 2265 1950 2315 eum,
1984 2251 2079 2320 qui

487 2341 574 2381 me
611 2327 806 2399 diligit,
866 2345 966 2401 ego
995 2342 1048 2386 et
1075 2331 1236 2388 Pater
1269 2336 1552 2402 veniemus,
1587 2339 1690 2394 hoc
1723 2349 1808 2396 est
1836 2379 1850 2406 ,
1878 2343 1955 2396 ita
1976 2357 2076 2412 ap-

487 2417 799 2485 parebimus
827 2420 969 2476 sicut
1007 2420 1168 2479 Pater
1204 2441 1380 2493 meus,
1414 2436 1470 2483 et
1513 2443 1624 2484 non
1657 2432 1805 2487 sicut
1852 2434 2076 2501 mortui;

486 2517 534 2558 et
567 2509 890 2563 mansionem
917 2514 1059 2581 apud
1085 2530 1200 2568 eum
1230 2517 1482 2588 faciemus
1502 2535 1521 2573 :
1545 2537 1696 2578 more
1715 2523 1900 2580 divino
1932 2525 1986 2580 in
2013 2501 2089 2581 eo.

488 2599 969 2674 habitantes,qu0d
997 2608 1339 2666 somniorum
1377 2615 1490 2668 neu
1525 2624 1631 2671 est.

556 2784 711 2840 νοτε.
736 2787 826 2841 24.
855 2785 956 2853 Qui
979 2822 1045 2834 —
1067 2792 1270 2851 Patris.
1294 2795 1565 2868 Ostendit,
1595 2802 1813 2871 quodis
1838 2807 1928 2875 qui
1961 2823 2079 2862 ser-

485 2892 676 2931 mones
709 2895 835 2936 suos
871 2898 981 2936 non
1012 2898 1212 2954 servat,
1247 2904 1348 2945 nec
1377 2906 1459 2958 se,
1495 2909 1594 2948 nec
1632 2893 1848 2953 Patrem
1882 2899 2072 2971 diligit.

483 2970 577 3022 Ait
625 2971 794 3027 enim:
834 2972 937 3038 Qui
976 2993 1078 3031 nou
1135 2981 1306 3052 diligit
1350 3000 1450 3046 me,
1483 3002 1745 3042 sermones
1780 3007 1918 3044 meos
1975 3009 2078 3048 non

2184 1972 2498 2045 φανισθήση
2525 1975 2581 2024 ὲν
2608 1971 2861 2042 ὀνείροις,
2886 1970 2982 2022 καὶ
3001 1968 3121 2038 οὐχὶ
3143 1968 3220 2037 τῷ
3272 1967 3459 2036 κόσμῳ
3482 1966 3752 2036 συνήθωςς

2192 2064 2300 2117 ὑπὸ
2341 2065 2450 2132 γάρ
2477 2063 2573 2116 τοῦ
2617 2062 2692 2134 μὴ
2726 2062 2898 2116 θέλειν
2926 2060 3012 2114 ῐνα
3042 2059 3287 2128 ἀποθάνῃ
3329 2058 3624 2128 παράδοξον
3667 2062 3757 2110 καὶ

2183 2157 2502 2210 ἀνέλπιστον
2533 2155 2701 2226 ᾤοντο
2725 2155 2814 2206 τὸν
2842 2153 3070 2207 θάνατον
3099 2150 3285 2205 αὑτοῦ.

2264 2268 2574 2336 Ἀπεκρίθη
2617 2297 2688 2308 -
2732 2267 3084 2335 ποιήσομεν.
3120 2263 3275 2334 Πρὸς
3305 2264 3411 2316 τὸν
3439 2260 3760 2332 ἀγαπῶνται

2176 2375 2254 2429 με
2286 2357 2395 2427 ἐγὼ
2439 2358 2533 2410 καὶ
2579 2357 2606 2410 6
2649 2358 2837 2428 Πατήρ
2883 2372 2986 2425 μου
3028 2353 3427 2423 ἐλευσόμεθα,
3455 2355 3758 2417 τουτέστιν,

2182 2449 2357 2511 οὕτως
2407 2449 2890 2520 ἑμφανισθήσομαι
2938 2448 3014 2511 ὡς
3063 2447 3091 2500 ὁ
3147 2447 3336 2516 Πατήρ
3383 2463 3516 2516 μου,
3551 2447 3646 2499 καὶ
3665 2446 3760 2515 οὐχ

2183 2543 2260 2608 ὡς
2304 2543 2354 2595 οἱ
2402 2541 2608 2610 νεκροί.
2645 2540 2772 2595 Kai‘
2800 2539 3002 2608 μονὴν
3046 2535 3363 2606 παράὺτῷ
3399 2538 3760 2607 ποιήσομεν,

2181 2636 2459 2699 οἰκοῦντες
2494 2635 2552 2688 ὲν
2582 2632 2732 2704 αὑτῷ
2773 2631 3111 2702 θεοπρεπῶς,
3154 2633 3289 2702 ὅπερ
3331 2630 3621 2700 ὀνειράτων
3663 2629 3762 2682 οὐκ

2181 2726 2351 2781 ἐστιν.

2264 2818 2329 2872 '0
2355 2848 2423 2857 —
2451 2818 2701 2888 Πατρός.
2752 2817 3160 2870 ’Λποδείκνυσιν
3208 2817 3288 2870 ὅτι
3336 2817 3364 2868 6
3406 2816 3531 2878 τοὺς
3572 2814 3763 2882 λόγους

2183 2909 2349 2963 αὐτοῦ
2379 2910 2452 2980 μὴ
2476 2910 2678 2980 τηρῶν,
2698 2909 2820 2962 οῦτε
2855 2909 3015 2962 αὑτὸν
3039 2908 3228 2979 ἀγαπᾷ
3256 2906 3376 2960 οὔτε
3404 2907 3490 2960 τὸν
3520 2907 3758 2974 Πατέρα.

2182 3001 2351 3070 Λέγει
2404 3001 2534 3072 γὰρ,
2566 3002 2648 3056 ὅτι
2696 3000 2756 3054 '0
2803 3000 2889 3069 μὴ
2941 2999 3188 3069 ἀγαπῶν
3229 3016 3306 3068 με
3362 2998 3502 3064 τοὺς
3545 2999 3761 3066 λόγους

484 3071 676 3117 servat.
720 3062 852 3128 Qua:
879 3075 1058 3122 autem
1090 3068 1235 3139 dico,
1265 3089 1372 3126 non
1409 3091 1527 3130 mea
1557 3087 1706 3143 sunt,
1744 3082 1840 3135 sed
1891 3081 2076 3138 Patris

2196 3062 2296 3148 που
2339 3062 2426 3146 οὐ·
2462 3062 2649 3161 τἠρεῖο
2684 3092 2720 3146 ἃ.
2767 3062 2824 3145 δέ
2861 3062 3004 3160 λέγω
3030 3089 3130 3144 οῦκ
3160 3062 3295 3143 εἰσιν
3330 3062 3638 3159 ὲμὰςάλλά
3667 3089 3760 3140 τοῦ

485 3155 619 3208 mei.
656 3153 864 3226 Itaque,
916 3160 1007 3228 qui
1050 3177 1200 3218 meos
1246 3179 1353 3219 non
1389 3178 1571 3223 servat
1602 3185 1923 3238 sermones,
1971 3190 2075 3230 nec

2196 3186 2414 3256 [Ιατρδς
2454 3153 2744 3255 τηρῶν
2771 3183 2826 3236 δὲ
2857 3153 2981 3245 τοῦς
2995 3181 3190 3251 λόγους
3220 3198 3342 3249 μου,
3364 3153 3432 3233 ὀὐ
3457 3180 3616 3251 τηρεῖ
3637 3179 3761 3242 τοὺς

485 3244 660 3302 Patris
687 3260 868 3304 servat
901 3253 1184 3310 sermones
1212 3269 1226 3310 :
1258 3257 1348 3326 qui
1374 3273 1502 3315 vero
1530 3260 1706 3317 Patris
1748 3279 1856 3319 non
1885 3276 2068 3322 servat

485 3351 788 3401 sermones,
810 3357 986 3413 neque
1005 3345 1220 3404 Patrem
1245 3350 1436 3422 diligit,
1465 3353 1738 3423 siquidem
1769 3357 2078 3416 dilectionis

486 3429 700 3497 s‘gnum
775 3442 859 3489 est
915 3437 1226 3495 observatio
1274 3457 1722 3516 praeceptorum.
1789 3450 2078 3516 Quomodo

486 3531 669 3575 autem
725 3540 927 3594 sermo,
1005 3547 1169 3599 quem
1232 3533 1493 3604 loquitur,
1559 3543 1627 3594 sit
1681 3543 1799 3612 ejus
1859 3554 1914 3599 et
1967 3563 2078 3600 non

489 3614 561 3665 sit
585 3615 726 3682 ejus,
754 3618 864 3686 jam
897 3623 1268 3688 praediximus.
1306 3625 1507 3683 Verum
1559 3633 1686 3700 quia
1718 3636 1946 3700 scit-bat,
1983 3655 2078 3694 eos

488 3707 736 3772 quaedam
773 3726 882 3764 non
912 3713 1234 3786 intelligere,
1270 3719 1325 3774 in
1348 3721 1671 3791 quibusdam
1698 3738 1879 3783 autem
1902 3732 2068 3786 etiam

491 3798 770 3868 dubitare,
810 3807 1080 3873 promittit
1122 3819 1176 3864 et
1204 3826 1394 3867 eorum
1438 3812 1560 3884 quae
1607 3819 1952 3889 ignorabant,
2023 3835 2080 3881 et

489 3907 676 3948 eorum
717 3895 785 3950 de
813 3901 1012 3966 quibus
1043 3904 1415 3974 ambigebant,
1470 3909 1910 3984 intelligentiam.

559 3982 714 4076 γει-ε.
753 3985 842 4040 25.
887 3989 1013 4044 ch
1054 4021 1118 4036 -
1157 4013 1487 4053 manem.-—
1526 3982 1675 4070 Ha’c,
1703 4021 1824 4076 quae
1846 4009 2079 4067 obscura

487 4073 764 4132 videntur.
808 4080 1029 4135 Addidit
1056 4096 1237 4142 autent
1279 4107 1291 4144 :
1324 4091 1480 4161 Apud
1521 4110 1608 4149 vos
1644 4073 1881 4166 manens,
1911 4103 2076 4157 etiam

490 4167 618 4222 hinc
648 4173 940 4230 ostendens
965 4181 1108 4246 quod
1142 4183 1301 4251 paulo
1332 4195 1453 4255 post
1483 4189 1596 4244 abit
1625 4191 1694 4246 ad
1725 4193 1962 4251 Patrem.

562 4258 714 4316 Vers.
749 4264 838 4319 26.
872 4267 1180 4328 l’aracletus
1212 4287 1391 4331 autem
1421 4310 1492 4319 —
1519 4285 1719 4340 omnia.
1767 4286 1898 4354 Quae
1929 4291 2080 4347 vide-

488 4349 629 4421 licet!
650 4355 716 4409 ad
772 4374 868 4412 vos
907 4367 1271 4436 spei-tantm).
1324 4368 1556 4427 Nomine
1618 4394 1732 4430 meo
1781 4391 1988 4450 autem,
2025 4386 2078 4442 id

487 4454 572 4498 est
596 4455 653 4498 ut
677 4448 764 4504 hic
797 4466 880 4504 me
909 4457 1128 4521 referat,
1151 4470 1207 4514 et
1235 4462 1369 4517 meis
1397 4464 1653 4537 fungatur
1685 4471 1915 4530 vicibus.
1938 4448 2075 4534 Nam

2184 3279 2377 3345 ὶόγους
2421 3277 2514 3329 τοῦ
2569 3277 2820 3346 Πατρός⁸
2856 3279 2931 3346 μὴ
2966 3272 3149 3344 τηρῶν
3189 3272 3245 3325 δὲ
3289 3273 3410 3334 τοὺς
3441 3272 3629 3339 λόγους
3669 3272 3760 3325 τοῦ

2183 3370 2429 3440 Πατρός,
2483 3369 2602 3423 οὐδὲ
2652 3369 2743 3422 τον
2801 3368 3021 3436 Πατέρα
3066 3366 3279 3435 ἀγαπᾷ.
3309 3365 3620 3434 Τεκμήριον
3652 3364 3760 3435 γὰρ

2185 3465 2297 3537 (Η)
2329 3463 2548 3534 ἀγάπης
2574 3464 2608 3532 ὴ
2635 3464 2865 3530 τήρησις
2899 3459 3005 3512 τῶν
3038 3458 3290 3511 ἐντολῶν.
3311 3457 3432 3520 Πῶς
3463 3456 3518 3509 δὲ
3552 3462 3579 3509 ο
3605 3456 3760 3525 λόγος

2180 3559 2239 3612 ὃν
2266 3556 2529 3627 λέγεικαὶ
2567 3553 2734 3608 αὑτοῦ
2770 3556 2906 3617 ἐστι,
2939 3553 3034 3606 καὶ
3061 3551 3159 3604 οὐκ
3179 3549 3326 3603 ἐστιν
3360 3549 3545 3614 αὐτοῦ,
3578 3567 3762 3620 προειο

2185 3652 2458 3723 ρήκαμεν.
2513 3648 2662 3700 Ἐπεὶ
2699 3646 2756 3699 δὲ
2802 3646 3096 3712 ἐγίνωσκεν
3141 3643 3335 3704 αὐτοὺς
3381 3644 3500 3696 τινὰ
3546 3643 3642 3712 μὲν
3686 3643 3758 3712 μὴ

2186 3739 2492 3802 συνιέντας,
2531 3737 2589 3790 ἐν
2619 3755 2726 3790 τισι
2767 3737 2822 3789 δὲ
2857 3737 2951 3789 καὶ
2980 3735 3442 3806 ἀμφιϐάλλοντας,
3489 3736 3762 3806 ὑπισχνεῖ-

2182 3849 2272 3884 ται
2296 3831 2387 3884 καὶ
2411 3831 2508 3901 τὴν
2553 3829 2658 3883 τῶν
2687 3829 3075 3898 ἀγνοουμένων
3106 3828 3198 3882 καὶ
3231 3828 3325 3897 τὴν
3360 3828 3467 3880 τῶν
3494 3827 3762 3898 ἀμφιϐαλ-

2181 3922 2433 3992 λομένων
2457 3921 2825 3974 διδασκαλίαν.

2256 4011 2451 4065 Ταῦτα
2491 4041 2564 4050 —
2589 4012 2811 4080 μένων.
2860 4011 3072 4077 Ταῦτα,
3116 4011 3182 4063 τά
3226 4009 3483 4063 δοκοῦντα
3538 4010 3755 4079 ἀσαφῆ·

2181 4102 2241 4158 τὸ
2304 4103 2360 4155 δὲ
2427 4103 2568 4171 [Iap‘
2610 4102 2752 4170 ὑμῖν
2799 4102 3002 4172 μένων
3063 4102 3444 4174 προσέθηκεν,
3487 4104 3760 4172 ἐμφαίνων

2183 4194 2464 4250 κάνταῦθα
2493 4197 2576 4249 ὅτι
2600 4193 2694 4249 τοῦ
2731 4193 2924 4248 λοιποῦ
2972 4196 3160 4251 ἄπεισι
3200 4197 3341 4265 πρὸς
3383 4197 3473 4250 τὸν
3519 4197 3756 4266 Πατέρα.

2265 4286 2326 4340 '0
2352 4286 2421 4339 δὲ
2447 4285 2839 4354 Παράκλητος
2869 4316 2937 4327 -
2968 4286 3191 4341 πάντα.
3233 4285 3315 4341 Τὰ
3356 4288 3761 4359 προσιστάμενα

2184 4378 2315 4448 ὑμῖν
2372 4376 2598 4449 δηλαδή.
2651 4376 2724 4430 Τὸ
2773 4377 2864 4443 δὲ,
2913 4379 3014 4432 Ἐν
3067 4378 3146 4444 τῷ
3199 4379 3443 4448 ὀνόματί
3489 4398 3628 4448 μου,
3679 4381 3760 4444 τλ,

2182 4471 2297 4527 ἀντ’
2344 4471 2503 4541 ἐμοῦ,
2538 4470 2795 4541 σημαίνει
2827 4471 3082 4526 ἐνταῦθα.
3126 4472 3280 4524 Ἐπεὶ
3308 4473 3413 4542 γὰρ
3436 4472 3595 4536 αὐτὸς
3628 4473 3760 4540 πλη-

488 4541 612 4606 quia
648 4542 760 4611 ipse
789 4550 1056 4618 completa
1097 4552 1504 4624 dispensatione
1553 4564 1803 4621 ascendit
1856 4570 1924 4624 ad
1974 4570 2076 4627 Pa-

2196 4563 2369 4634 ρώσας
2425 4563 2523 4633 τὴν
2581 4563 2902 4633 οἰκονομίαν
2945 4563 3148 4632 ἀνῆλθε
3205 4563 3338 4634 πρὸς
3388 4541 3478 4616 τὸν
3526 4565 3760 4634 Πατέρα,

491 4639 648 4697 trem,
683 4637 946 4706 reliquum
972 4651 1088 4698 erat
1123 4654 1181 4699 ut
1214 4648 1332 4704 loco
1362 4651 1481 4721 ejus
1513 4656 1870 4716 descenderet
1896 4663 2075 4730 Spiri-

493 4729 578 4775 tus
605 4738 850 4790 sanctus.
887 4747 955 4785 ne
993 4733 1325 4808 Paracletus,
1372 4746 1488 4800 sive
1532 4747 1873 4831 ex‘bortator,
1917 4729 2076 4814 nobis

489 4814 765 4884 deﬂectet,
809 4823 946 4879 sicut
972 4827 1048 4880 ait
1087 4828 1380 4903 Gregorius
1419 4814 1748 4912 T-heologus.

563 4908 626 5009 iit
661 4927 828 4979 quare
860 4925 988 4973 tunc
1010 4937 1122 4976 non
1143 4923 1350 4991 docuit,
1381 4944 1501 4998 qua:
1527 4932 1592 4986 ad
1618 4908 1738 4989 illos
1762 4936 1869 5007 (ΙιΙι)
1900 4943 2068 5009 perti-

489 5001 719 5057 nebant?
759 5006 895 5072 Quia
926 5013 1161 5082 amplius
1201 5017 1346 5076 ferre
1369 5037 1479 5077 non
1513 5001 1784 5097 poterant,
1817 5001 1958 5088 sicut
1989 5035 2078 5091 di-

492 5101 576 5143 cet
612 5093 663 5145 in
693 5103 1065 5166 sequentibus.

565 5183 716 5244 Vers.
749 5192 840 5247 26.
878 5195 943 5247 Et
973 5223 1042 5238 ——
1081 5199 1244 5257 vobis.
1291 5201 1600 5261 Pertectius
1639 5209 1707 5265 ad
1741 5215 2063 5291 memoriam

2182 4654 2373 4708 λοιπὸν
2398 4655 2513 4706 ἀντ’
2548 4653 2712 4706 αὑτοῦ
2755 4653 2987 4723 κατῆλθε
3023 4655 3084 4706 τὸ
3117 4653 3340 4724 Πνεῦμα
3366 4654 3426 4707 τὸ
3463 4655 3646 4722 ἆγιον,
3679 4656 3762 4707 ἵνα

2181 4745 2540 4816 Παράκλητος
2578 4745 2713 4816 ἡμῖν
2747 4745 2824 4816 μὴ
2864 4743 3048 4817 λείπῃ.
3083 4744 3260 4809 καθώς
3312 4762 3480 4818 φησιν
3525 4748 3552 4800 ό
3580 4746 3763 4799 650er-

2179 4853 2272 4905 γος
2299 4837 2622 4908 Γρηγόριος.

2249 4930 2358 4982 Καὶ
2387 4929 2530 4982 διατι
2564 4929 2664 4982 οὐκ
2714 4930 2879 4992 αὐτὸς
2921 4929 3127 4997 ἐδίδαξε
3174 4933 3294 4984 τότε
3343 4935 3411 4985 τὰ
3472 4933 3763 5002 προσιστὰ-

2176 5037 2348 5092 iuva;
2403 5021 2551 5075 Διότι
2600 5021 2702 5074 οὐκ
2756 5021 3022 5092 ἠδύναντο
3078 5023 3368 5091 βαστάζειν
3419 5022 3638 5089 πλεῖον,
3687 5024 3759 5088 ὡς

2174 5114 2382 5183 προῖὼν
2418 5115 2555 5184 ἐρεῖ.

2234 5208 2344 5263 Καὶ
2377 5208 2612 5278 -ὺμῖν.
2656 5207 2984 5283 Ἀναμνήσει
3014 5208 3347 5263 τελεώτεοον
3390 5211 3756 5280 τελεωτέρους

1729 5391 1928 5454 Variae
1963 5390 2273 5457 lectiones
2303 5399 2368 5457 et
2422 5401 2613 5458 notas.

569 5527 680 5601 (15)
743 5531 978 5596 Λεϐαἶος
1023 5535 1088 5590 Α.

569 5690 656 5756 (ᾖ)
693 5692 886 5771 Αάηυοδ
913 5707 1169 5771 spectant.
1207 5697 1291 5771 Ta
1323 5703 1742 5771 προσιστάμενα
1787 5722 1894 5758 τινι
1954 5718 2082 5762 sunt

494 5772 555 5836 et
587 5778 706 5843 qua:
733 5766 1146 5843 aliqtieunntale
1178 5766 1400 5829 habent,
1432 5788 1553 5843 quso
1589 5766 1636 5825 ci
1669 5775 1897 5830 molesta
1927 5790 2075 5843 sunt,

496 5833 553 5881 Itt
594 5833 791 5901 quibus
816 5835 1068 5892 oﬂelldit.
1107 5839 1267 5911 Ergo,
1301 5857 1382 5895 t‘os
1407 5833 1691 5903 nﬂi‘ndtmt.

2272 5546 2381 5616 (id)
2411 5548 2499 5612 Δέ,
2529 5563 2625 5620 pro
2649 5548 2780 5619 γάρ,
2823 5548 2884 5603 Α.

2267 5708 2376 5772 (Mt)
2439 5706 2566 5773 Quae
2625 5708 2696 5761 ad
2757 5708 2897 5773 illos,
2966 5707 3036 5762 Ea
3072 5709 3122 5762 in
3184 5709 3381 5779 quibus
3411 5707 3755 5763 edendi-batt-

2193 5785 2298 5832 lut'.
