3976 6506
262 467 413 530 1105

1221 465 1606 526 COMMENT.
1653 463 1736 524 IN
1779 463 2158 530 IOANNEM.
2200 492 2268 504 ·-
2303 468 2463 532 CAP.
2499 471 2651 534 XIV.

3371 475 3507 543 1406

253 579 610 648 γενομένους.
669 578 862 642 τΕἰκὺς
911 580 1021 651 (15)
1073 581 1179 651 γὰρ
1230 580 1429 643 αὐτοὺς
1488 578 1832 632 ἐπιλαθέσθαι

1951 582 2174 637 reducet
2205 584 2304 654 (ﬁ-
2335 586 2754 655 perfectioribus
2801 587 2979 658 factis)
3018 587 3154 644 Nam
3213 591 3511 649 verisimile

254 690 445 725 τινων.

335 762 608 829 Εἰρήνην
644 761 859 829 ἀφίημι
901 761 1065 830 ὑμῖν.
1111 764 1172 813 Ol
1224 763 1321 830 μὲν
1355 760 1505 814 ἄλλοι
1556 761 1830 830 ἅνθρωποι

255 851 703 918 ἀποθνήσκοντες
734 853 994 921 χρήματα
1036 853 1130 905 καὶ
1168 853 1426 923 κτήματα
1457 856 1570 914 τοῖς
1610 853 1830 915 οἰκείοις

255 945 486 1010 ἀφιᾶσιν
507 961 520 974 ο
554 947 580 996 6
617 944 672 995 δέ
707 944 940 1012 Χριστὸς
984 945 1208 1014 εἰρήνην
1240 947 1353 1007 τοῖς
1387 945 1536 1008 ἰδίοις
1583 943 1831 1012 ἀφῆκεν,

255 1035 502 1103 εἰρήνην,
535 1034 594 1085 τὸ
625 1033 798 1098 γλυκὺ
827 1034 918 1086 καὶ
952 1037 1182 1104 πρᾶγμα
1207 1035 1297 1087 καὶ
1322 1035 1510 1104 ὄνομα.
1546 1033 1829 1102 Εἰρήνην,

255 1123 447 1191 φησιν,
497 1123 708 1191 ἀφίημι
744 1122 910 1193 ὑμῖν,
970 1124 1056 1176 ἴνα
1101 1125 1422 1194 εἰρηνεὺητε
1475 1124 1613 1193 πρὸς
1671 1125 1836 1193 ἀλλή-

253 1214 384 1274 λους
410 1213 519 1281 (16)
549 1216 642 1266 καὶ
675 1212 808 1282 πρὶς
847 1214 942 1280 ἐμέ
969 1230 983 1243 ο
1012 1215 1105 1266 καὶ
1139 1214 1324 1266 λοιπὸν
1344 1214 1494 1268 οὐδὲν
1514 1215 1660 1285 ὑμᾶς
1686 1218 1719 1285 ἡ
1738 1215 1832 1269 τοῦ

261 1304 475 1370 κόσμου
508 1303 717 1372 ταραχὴ
747 1302 940 1371 βλάψει
969 1302 1080 1355 οὐδ’
1105 1304 1407 1372 ἐμποδξσει.

331 1394 606 1460 Εἰρήνην
645 1425 714 1435 -
761 1394 926 1463 ὑμῖν.
979 1395 1091 1464 Τὴν
1147 1395 1269 1465 ἐμοὶ
1314 1395 1691 1466 πεφιλημένην
1737 1396 1837 1467 τὴν

252 1488 350 1538 ἐπὶ
393 1488 507 1546 τοῖς
545 1487 948 1554 ψυχωφελέσιν,
989 1488 1049 1542 οὐ
1081 1487 1178 1559 τὴν
1215 1487 1314 1542 τοῦ
1351 1490 1558 1560 κόσμου
1599 1492 1696 1561 τὴν
1740 1491 1836 1543 ἐπὶ

247 1581 363 1640 τοῖς
397 1578 818 1646 ψυχοὸλασέσιν.

332 1761 415 1812 Οὐ
447 1759 700 1829 -ὑμῖν,
751 1753 811 1814 '0
849 1762 947 1831 μὲν
993 1762 1102 1832 γὰρ
1129 1763 1354 1832 κόσμος,
1388 1763 1559 1832 ἠγουν
1605 1763 1656 1816 οἰ
1706 1779 1837 1816 κοσ-

1933 683 2036 736 cst,
2064 689 2157 728 eos
2183 677 2428 744 quaedam
2465 679 2720 733 oblivioni
2757 680 3062 750 tradidisse,

2034 764 2172 820 Vers
2237 767 2328 819 27.
2380 765 2577 822 Pacem
2645 771 2883 840 relinquo
2932 771 3100 826 vobis.
3130 771 3233 825 Alii
3291 772 3509 841 quidem

1934 853 2185 909 homines
2234 857 2530 912 morientes
2581 860 2839 928 pecunias
2885 875 2948 914 ac
2998 861 3372 930 possessiones
3412 861 3511 917 do-

1935 945 2174 1001 tuesticis
2204 947 2517 1015 relinquunt
2544 964 2558 1013 ;
2587 949 2838 1004 Christus
2884 964 3013 1004 vero
3055 965 3242 1019 pacem
3280 949 3393 1004 suis
3423 965 3510 1004 rc-

1934 1033 2149 1102 linquit,
2180 1051 2390 1106 pacem,
2417 1039 2572 1106 cujus
2596 1050 2650 1094 et
2675 1056 2758 1094 res
2775 1050 2829 1095 et
2854 1057 3047 1094 nomen
3073 1042 3231 1096 dulce
3255 1058 3268 1094 :
3298 1041 3512 1108 Pacem,

1935 1124 2134 1195 inquit.
2175 1129 2410 1198 relinquo
2433 1134 2590 1196 vobis,
2621 1140 2681 1186 ut
2704 1134 2908 1202 paciﬁci
2941 1149 3068 1205 erga
3098 1149 3194 1188 vos
3227 1145 3416 1188 mutuo
3441 1132 3516 1186 si-

1937 1220 2010 1274 tis
2065 1228 2118 1272 et
2165 1212 2293 1288 erga
2321 1236 2423 1284 me,
2458 1230 2510 1274 et
2533 1223 2604 1275 ita
2657 1223 2809 1277 vobis
2856 1225 3002 1278 nulla
3043 1225 3230 1280 mundi
3280 1223 3517 1278 turbatio

1935 1311 2227 1380 quidquam
2273 1311 2511 1375 nocebit,
2566 1328 2744 1380 neque
2787 1315 3176 1384 impedimento
3232 1317 3352 1370 erit.

2007 1399 2160 1452 Vers.
2209 1398 2299 1452 27.
2355 1397 2550 1453 l’accm
2578 1431 2648 1440 —
2679 1403 2841 1457 vobis.
2897 1404 3028 1470 Quae
3070 1421 3098 1458 a
3143 1421 3231 1460 me
3283 1421 3517 1475 amatur,

1935 1505 2056 1561 qua:
2102 1502 2323 1561 pr0pter
2354 1493 2442 1547 illa
2478 1510 2594 1562 qum
2635 1495 2832 1550 animae
2875 1507 3128 1567 prosunt,
3173 1503 3514 1560 conceditur:

1935 1595 2046 1634 non
2078 1581 2264 1634 mundi
2306 1596 2493 1650 pacem
2542 1598 2662 1652 qua:
2691 1583 2761 1638 ob
2803 1599 2866 1638 ea
2901 1601 3020 1659 qua
3052 1598 3249 1643 nocent
3301 1591 3516 1658 anima},

1942 1679 2158 1725 servatu
2168 1687 2211 1725 I‘.

2010 1763 2164 1818 Vers.
2203 1765 2294 1819 27.
2340 1765 2461 1820 Non
2502 1795 2571 1808 -—
2613 1768 2774 1823 vobis.
2811 1768 3085 1839 Siquidem
3132 1774 3369 1828 mundus
3401 1775 3518 1830 sive

259 1849 400 1916 μικὰ
426 1849 769 1916 φρονοῦντες,
793 1851 1016 1918 εἰρήνην
1046 1850 1281 1903 διδόασιν
1311 1850 1421 1918 (i7)
1469 1850 1717 1919 ἀλλήλοις
1745 1852 1832 1906 ἐπὶ

1951 1856 2212 1910 mundana
2247 1857 2543 1925 sapientes,
2581 1875 2767 1928 pacem
2794 1872 2985 1916 mutuo
3011 1863 3143 1918 dant
3175 1866 3300 1920 mali
3329 1881 3517 1922 causa:

253 1939 445 2007 κακῷ·
477 1940 586 2006 ἐγὼ
607 1940 662 1991 δὲ
704 1940 929 2010 εἰρήνην
962 1941 1156 2011 δίδωμι
1193 1944 1320 2011 ὑμῖν
1351 1943 1447 2015 ’ἐπ’
1484 1943 1692 2010 ἀγαθῷ.

335 2032 406 2082 Ἦ
459 2032 572 2100 (18)
614 2035 641 2086 6
699 2033 799 2101 μὲν
848 2035 1052 2101 κόσμος
1118 2036 1378 2102 χρήματα
1432 2035 1526 2088 καὶ
1585 2035 1838 2103 κτήματα

249 2121 436 2173 δίδωσι
478 2125 588 2185 τοῖς
645 2123 844 2176 αὐτοῦ’
890 2124 1001 2191 ἐγὼ
1059 2123 1116 2175 δὲ
1171 2125 1397 2194 εἰρήνην
1449 2124 1641 2194 δίδωμι
1707 2126 1835 2196 ὑμῖν

249 2213 366 2274 τοῖς
419 2215 590 2281 ἐμοῖς.
653 2215 806 2267 Ἐπεὶ
862 2215 918 2267 δὲ
978 2215 1038 2267 τὸ
1103 2215 1341 2283 Ἀςρίημι
1393 2215 1569 2283 ὑμῖν,
1624 2216 1837 2286 ἀναχώ-

254 2319 420 2371 ρησιν
446 2305 727 2372 ἐμφαῖνον,
759 2303 1024 2374 σύγχυσιν
1055 2305 1276 2359 πλείονα
1304 2307 1486 2368 αὐτοῖς
1521 2307 1831 2376 ἐνεποίησε,

257 2396 430 2464 φησί’

325 2486 421 2553 Μὴ
456 2517 523 2528 —-
547 2487 1019 2556 δειλιάτω.⁹ορᾶς
1059 2489 1143 2541 ὅτι
1169 2489 1229 2542 οὐ
1259 2474 1514 2541 τοσοῦτον
1540 2489 1648 2542 ἀπὸ
1684 2490 1835 2559 φιλο-

258 2581 544 2646 στοργίας,
580 2581 704 2632 ὅσον
737 2580 844 2633 ἀπὸ
879 2579 1082 2642 δειλίας
1117 2579 1372 2649 επασχον,
1402 2581 1638 2648 οἰόμενοι
1721 2581 1834 2634 δια--

261 2671 750 2742 σπαραχθήσεσθαι
777 2671 926 2741 παρὰ
955 2671 1063 2724 τῶν
1086 2671 1295 2742 ἐχθρῶν
1321 2671 1509 2724 αὑτοῦ.

332 2841 662 2896 Ἠκούσατε
717 2868 789 2878 —
818 2836 993 2907 ὑμᾶς.
1024 2838 1138 2890 Οὐκ
1167 2834 1318 2890 εἷπον
1366 2837 1448 2890 ὅτι
1480 2837 1705 2905 Ὑπάγω
1731 2838 1830 2909 μό-

257 2952 368 2995 νον,
401 2933 516 2986 ἀλλ’
545 2935 626 2986 ὅτι
655 2935 750 2988 καὶ
792 2937 1072 3004 Ἔρχομαι
1111 2935 1260 3003 πρὸς
1308 2932 1487 3004 ὑμᾶς.
1535 2935 1736 2988 Λοιπὸν
1781 2935 1830 2988 τί

255 3025 490 3078 δειλιᾶτε
512 3043 525 3090 ;

327 3119 394 3170 Εἰ
428 3147 494 3156 -
519 3119 767 3186 Πατέρα.
797 3119 1013 3188 Ἐπειδὴ
1042 3118 1194 3173 οὔπω
1239 3119 1365 3190 περὶ
1411 3119 1510 3188 τῆς
1558 3118 1701 3188 ἐμῆς
1733 3135 1831 3170 πε-

1937 1964 2037 2017 ego
2063 1964 2196 2003 vero
2241 1965 2428 2020 pacem
2459 1952 2529 2006 do
2559 1953 2712 2008 vobis
2745 1954 2868 2007 boni
2899 1969 3089 2010 causa.

2005 2035 2112 2089 Aut
2136 2036 2292 2097 aliter
2317 2055 2328 2090 :
2359 2038 2595 2092 mundus
2617 2040 2880 2106 pecunias
2918 2057 2980 2094 ac
3008 2044 3380 2109 possessiones
3403 2045 3517 2099 suis

1935 2123 2182 2192 largitur,
2215 2139 2314 2193 ego
2353 2139 2481 2177 vero
2526 2139 2710 2190 pacem
2754 2125 2824 2178 do
2870 2127 3049 2186 vobis,
3084 2130 3175 2197 qui
3221 2131 3323 2183 mei
3358 2131 3517 2185 estis.

1935 2213 2071 2280 Quia
2111 2224 2292 2268 autem
2319 2215 2573 2269 dicendo:
2605 2214 2800 2269 Pacem
2830 2217 3068 2287 relinquo
3095 2222 3258 2284 vobis,
3291 2237 3398 2290 quo
3428 2237 3516 2276 se-

1934 2304 2273 2373 parationem
2313 2303 2607 2372 indicabat,
2637 2306 2898 2376 majorem
2927 2309 3004 2362 eis
3036 2308 3296 2378 injccerat
3334 2313 3516 2368 turba-

1933 2393 2157 2452 tionem,
2184 2392 2259 2445 ait
2293 2409 2306 2444 :

2016 2479 2171 2536 Vers.
2211 2483 2302 2536 27.
2352 2483 2428 2537 Ne
2485 2515 2555 2525 —-
2613 2487 2885 2552 formidet.
2956 2486 3138 2554 Vides,
3191 2490 3337 2560 quod
3407 2506 3518 2546 non

1936 2579 2146 2626 tantum
2200 2575 2400 2629 amo-ris
2435 2575 2807 2646 magnitudine
2839 2579 3220 2642 mouebantur,
3254 2591 3520 2649 quantum

1932 2662 2224 2720 formidine
2249 2684 2265 2723 :
2294 2677 2563 2735 putantes,
2597 2683 2654 2724 se
2696 2669 3086 2740 discerpendos
3123 2672 3191 2726 ab
3233 2672 3376 2727 illius
3410 2672 3514 2727 ini-

1938 2772 2115 2811 mICli.

2001 2848 2160 2904 Vcrs.
2187 2849 2275 2905 28.
2301 2851 2712 2908 Audistis-vos.
2732 2853 2848 2908 Non
2873 2853 3045 2908 solum
3063 2855 3169 2908 dixi
3193 2856 3337 2924 quod
3364 2857 3518 2924 vado,

1931 2944 2024 2998 sed
2059 2944 2223 2997 etiam
2255 2946 2398 3014 quod
2427 2948 2570 2999 venio
2608 2949 2682 3000 ad
2714 2964 2821 3001 vos.
2854 2948 2992 3013 Quid
3026 2964 3156 3016 ergo
3183 2948 3523 3002 formidatis?

2009 3111 2164 3168 Vers.
2211 3114 2300 3167 28.
2350 3113 2411 3168 Si
2441 3145 2509 3154 —
2552 3113 2785 3169 Patrem.
2815 3116 2949 3180 Quia
2999 3116 3064 3169 de
3106 3132 3222 3172 mea
3279 3118 3518 3171 nondum

253 3205 679 3278 πληροφόρησθε
745 3211 1060 3280 δυνάμεως,
1113 3212 1205 3264 καὶ
1255 3212 1388 3264 διότι
1460 3210 1827 3279 ἀποθνήσκω,

1951 3205 2204 3260 certiores
2234 3206 2356 3260 facti
2392 3207 2521 3260 estis
2549 3207 2810 3276 potentia,
2849 3217 2905 3261 ct
2932 3209 3056 3276 quia
3097 3210 3320 3270 morior,
3359 3219 3518 3276 puta-

163 3326 174 3330 --
255 3297 504 3364 νομίζετέ
559 3316 625 3367 με
683 3299 758 3369 μὴ
809 3300 1069 3354 δύνασθαι
1104 3301 1240 3370 μετὰ
1274 3300 1501 3354 θάνατον
1547 3303 1831 3371 συντηρεῖν

268 3390 456 3457 ὑμᾶς’
512 3391 756 3458 ὀφείλετε
812 3392 1061 3462 χαίρειν,
1122 3393 1204 3445 ὅτι
1264 3387 1450 3454 εἷπον,
1506 3393 1831 3460 Πορεύομαι

260 3480 414 3546 πρὸς
464 3481 568 3533 τὸν
603 3483 853 3550 Πατέρα,
897 3485 986 3535 τὸν
1029 3484 1328 3552 δυνάμενον
1372 3483 1648 3546 ἐξελέσθαι
1688 3484 1829 3550 ὑμᾶς

259 3573 443 3641 πάσης
472 3575 788 3644 ἐπιδουλῆς,
811 3575 1118 3638 ἐννοοῦντες
1147 3577 1229 3629 ὃτι
1263 3575 1585 3644 πρεσϐεύσω
1615 3575 1830 3636 πάντως

257 3664 400 3731 ὑπὲρ
425 3665 597 3732 ὑμῶν.

334 3758 454 3810 Ὅτι
480 3791 550 3799 -
576 3759 1032 3819 ὲστί.-Μει¹ζων
1059 3759 1176 3828 μού
1197 3758 1348 3820 ἐστι,
1387 3760 1451 3827 τῇ
1489 3756 1830 3825 δυνάμει,ὼς

259 3851 420 3919 ὑμεῖς
453 3852 682 3915 δοκεῖτε,
716 3853 810 3905 ἆτε
855 3852 1320 3922 περιφανέστερον
1355 3851 1410 3901 ἐν
1442 3852 1559 3910 ταῖς
1589 3849 1830 3917 Γραφαίς

256 3944 788 4012 ἀνακηρυττόμενος.
832 3944 1012 3996 Ταῦτα
1043 3944 1098 3994 δὲ
1134 3945 1308 3995 πάντα
1358 3941 1505 4008 λέγει
1554 3956 1828 4007 συγκατα-

258 4034 460 4085 ϐαίνων
511 4037 574 4104 τῇ
636 4035 898 4102 ὑπολήψει
949 4033 1042 4086 καὶ
1095 4032 1352 4102 ἀσθενείᾳ
1401 4031 1510 4082 τῶν
1551 4029 1826 4099 μαθητῶν,

259 4127 356 4179 καὶ
390 4126 446 4191 ἐξ
478 4126 649 4194 αὐτῆς
679 4126 778 4193 τῆς
811 4127 910 4177 οὐκ
933 4125 1096 4195 ὀρθῆς
1125 4123 1303 4175 αὐτῶν
1330 4121 1646 4189 ὑπολήψεως
1682 4121 1833 4188 ἐλέγ-

258 4237 370 4288 χων
408 4216 627 4280 αὐτούς.
678 4219 836 4270 Κατὰ
862 4218 968 4288 γὰρ
999 4217 1089 4270 τὸν
1124 4216 1296 4285 ἀληθῆ
1332 4215 1521 4280 λόγον,
1564 4213 1593 4266 6
1644 4214 1832 4284 Πατὴρ

261 4308 460 4378 μείζων
494 4307 610 4378 μὶν,
641 4308 766 4360 ἀλλ’
787 4309 846 4360 οὐ
875 4312 938 4376 τῇ
978 4308 1202 4376 δυνάμει
1224 4323 1238 4336 ⁸
1270 4306 1414 4375 μόνῳ
1450 4303 1505 4356 δὲ
1539 4303 1616 4373 τῷ
1649 4305 1829 4371 αἰτίῳ,

255 4402 339 4452 ὅτι
368 4402 538 4461 αἴτιος
579 4401 656 4470 τῷ
690 4399 800 4470 Υἱῴ
844 4401 942 4470 τῆς
985 4401 1309 4470 γεννήσεως.
1359 4399 1455 4451 Ἐκ
1482 4397 1574 4450 τοῦ
1621 4396 1832 4466 Πατρὸς

259 4493 370 4561 γὰρ
401 4495 430 4545 ὁ
463 4491 612 4554 Υἱός.

1940 3299 2030 3363 tis,
2066 3314 2151 3352 me
2185 3308 2303 3367 post
2329 3309 2555 3352 mortem
2590 3315 2696 3351 non
2725 3315 2881 3367 posse
2918 3315 3011 3354 vos
3033 3316 3388 3361 conservare;
3421 3302 3518 3356 de-

1937 3393 2077 3446 betis
2111 3402 2287 3444 tamen
2314 3393 2565 3459 gaudere,
2606 3390 2748 3459 quod
2783 3390 3010 3443 dixerim
3062 3409 3075 3444 :
3122 3388 3267 3442 Vado
3310 3393 3378 3443 ad
3412 3390 3522 3444 Pa—

1940 3493 2091 3545 trem,
2119 3485 2210 3551 qui
2244 3493 2436 3551 potens
2471 3492 2555 3535 est
2591 3497 2687 3535 vos
2713 3481 2780 3536 ab
2813 3481 3067 3535 omnibus
3095 3481 3307 3535 insidiis
3339 3481 3519 3551 eripe-

1939 3588 2021 3638 re,
2077 3580 2491 3641 cognoscentes,
2532 3571 2675 3638 quod
2726 3569 2952 3624 omnino
3000 3568 3269 3636 legatione
3328 3568 3523 3638 fungar

1938 3681 2036 3735 pro
2089 3665 2264 3718 vobis.

2008 3755 2162 3812 Vers.
2222 3757 2314 3810 28.
2362 3754 2497 3820 Quia
2524 3785 2596 3795 ——
2629 3764 2722 3808 est.
2748 3782 2816 3796 --
2843 3753 3023 3821 Major
3070 3769 3151 3805 me
3179 3759 3275 3813 est,
3312 3760 3370 3804 ut
3424 3765 3522 3804 vos

1937 3848 2161 3918 putatis,
2197 3855 2449 3915 tanquam
2479 3842 2822 3897 manifestius
2865 3842 2920 3894 in
2947 3839 3243 3906 Scripturis
3278 3839 3519 3906 promul-

1937 3950 2112 4011 gatus.
2146 3939 2268 3993 ch
2314 3947 2494 3991 autem
2528 3935 2704 3989 omnia
2739 3933 2868 3987 dicit
2893 3931 3176 4000 indulgens
3229 3927 3522 3996 sustticioni

1937 4050 1998 4087 ae
2035 4030 2384 4085 imbecillitati
2416 4028 2648 4083 illorum,
2684 4034 2736 4076 et
2756 4039 2821 4077 ex
2845 4023 2960 4090 ipsa
2992 4035 3100 4074 non
3137 4026 3286 4072 recta
3323 4033 3515 4070 eorum

1938 4123 2193 4192 Opinione
2216 4134 2451 4191 arguens
2474 4118 2616 4170 illos.
2659 4115 2789 4168 Nam
2822 4116 2876 4166 in
2904 4112 3130 4165 veritate
3161 4109 3320 4164 Pater
3351 4107 3523 4176 major

1936 4214 2157 4284 quidem
2202 4222 2304 4268 est.
2361 4219 2416 4264 at
2467 4223 2575 4260 non
2625 4203 2883 4275 potentia.
2941 4202 3035 4256 sed
3087 4202 3202 4254 solo
3262 4198 3517 4267 principii

1938 4307 2118 4369 modo,
2151 4304 2274 4372 quia
2304 4301 2435 4355 Filio
2457 4297 2784 4368 principium
2810 4303 2892 4350 est
2915 4291 3285 4366 generationis
3310 4307 3324 4344 :
3352 4289 3524 4357 siqui-

1939 4400 2060 4453 dem
2092 4413 2155 4450 ex
2193 4397 2346 4450 l‘atre
2387 4405 2469 4448 cst
2501 4393 2692 4447 Filius.

332 4586 438 4638 Kal
465 4615 535 4625 —-
575 4587 963 4652 πιστεύσητε.
1013 4584 1224 4655 Εἵρηκα
1269 4585 1399 4654 ὑμῖν
1447 4582 1516 4636 τὰ
1565 4583 1695 4652 περ)¹
1731 4581 1831 4650 τῆς

2008 4582 2161 4636 Vers.
2187 4580 2278 4635 29.
2303 4580 2371 4634 Et
2401 4609 2471 4620 -—
2497 4579 2744 4632 credatis.
2772 4575 2892 4630 Dixi
2929 4573 3105 4634 vobis,
3132 4584 3252 4638 quae
3287 4577 3415 4623 sunt
3451 4569 3520 4622 de

261 4672 570 4740 ἀποδημίας
620 4675 711 4726 καὶ
745 4673 908 4727 πάλιν
954 4675 1244 4743 ἐπιδημίας
1299 4691 1428 4743 μου,
1473 4673 1567 4726 καὶ
1607 4671 1675 4724 τὰ
1709 4670 1834 4739 περὶ

259 4761 358 4815 τοῦ
401 4764 562 4817 ἄλλου
600 4765 978 4834 Παρακλήτου,
1014 4767 1097 4818 ἴνα
1145 4766 1274 4817 ὅταν
1307 4764 1559 4832 γένηται,
1609 4760 1831 4815 πιστεύ-

266 4871 395 4922 σητε
448 4855 527 4906 ὅτι
569 4856 745 4907 πάντα
781 4856 872 4907 mi.
902 4851 1016 4907 οἰδα
1065 4857 1157 4907 καὶ
1197 4854 1455 4923 δύναμαι.
1505 4854 1694 4915 Οὕτως
1741 4850 1834 4906 οὖν

264 4947 802 5016 παραμυθησάμενος
828 4949 1044 5010 αὐτοὺς,
1079 4947 1241 5000 πάλιν
1281 4947 1428 5014 λέγει
1473 4946 1544 4998 τὰ
1587 4945 1830 5015 λυπηρὰ,

268 5021 631 5108 {fair/axem
680 5040 887 5090 τούτων
935 5037 1229 5107 γυμνάζων
1273 5038 1468 5099 αὐτοὺς
1521 5038 1600 5099 εἰς
1643 5039 1703 5089 τὸ
1759 5036 1835 5106 μὴ

266 5129 634 5198 θορυϐηθὴναι
669 5128 809 5181 κατὰ
856 5129 945 5180 τὸν
975 5133 1163 5200 καιρὸν
1207 5129 1315 5180 τῶν
1354 5128 1559 5183 δεινῶν.
1608 5129 1680 5180 Τὸ
1725 5130 1835 5198 γάρ

273 5219 642 5286 προπδοκηθέν
673 5221 1016 5290 ὁμαλώτερον
1040 5220 1194 5273 εἰωθε
1239 5218 1610 5290 προσδάλλειν.

342 5312 571 5363 Οὐκέτι
611 5341 682 5351 -—
715 5312 934 5379 ἅρχων.
995 5311 1262 5364 Ἐνταῦθα
1309 5311 1511 5379 κόσμον
1556 5309 1652 5378 μὲν
1689 5308 1836 5378 λέγει

264 5403 365 5472 τὴν
395 5404 590 5456 κακίαν
610 5420 625 5434 ο
660 5407 896 5476 ἄρχοντα
922 5405 978 5458 δὲ
1001 5405 1091 5458 τὸν
1113 5405 1390 5458 διάϐολον·
1432 5401 1494 5455 οὐ
1539 5403 1646 5472 γὰρ
1676 5401 1837 5472 οὐρα-

1936 4691 2055 4729 mea
2091 4671 2450 4743 profectione,
2492 4685 2555 4723 ac
2596 4684 2810 4721 rursum
2874 4667 2940 4719 de
2974 4680 3093 4717 meo
3119 4662 3317 4721 reditu,
3346 4669 3402 4714 et
3455 4661 3521 4713 de

1933 4763 2040 4818 alio
2087 4761 2387 4821 Paracleto,
2447 4769 2506 4812 ut
2562 4774 2685 4812 cum
2749 4756 2862 4809 fieri
2921 4754 3189 4818 videritis,
3234 4751 3516 4819 ‘credalis,

1933 4855 2078 4925 quod
2104 4853 2286 4906 omnia
2313 4862 2369 4905 et
2396 4851 2641 4904 noverim
2674 4858 2726 4901 et
2755 4850 2982 4916 possim.
3020 4846 3093 4898 Ita
3125 4845 3512 4898 COIISUIalUI'US

1937 4961 2052 5007 eos,
2089 4958 2306 4996 rursum
2351 4941 2522 4995 tristia
2572 4939 2741 4998 dicit,
2789 4940 2980 4990 borum
3042 4933 3343 5002 frequentia
3407 4932 3524 4983 lilOS

1937 5052 2218 5101 exercens,
2281 5050 2350 5089 ne
2409 5032 2770 5102 periculorum
2830 5041 3074 5097 tempore
3143 5029 3512 5088 turbarentur,

1937 5129 2202 5199 siquidem
2235 5126 2375 5195 quod
2403 5132 2772 5193 exspectatum
2805 5131 2887 5176 est
2912 5123 3078 5174 levius
3105 5121 3230 5173 ferri
3265 5120 3401 5172 solet

2015 5310 2169 5364 Vers.
2200 5306 2432 5363 50.1am
2469 5322 2570 5358 non
2597 5335 2660 5346 -—
2687 5305 2946 5373 princeps.
2985 5297 3244 5355 Mundum
3287 5300 3516 5366 appellat

1943 5406 2053 5468 hic,
2109 5401 2404 5465 malitiam;
2461 5396 2764 5467 principem
2827 5409 2978 5458 vero,
3045 5392 3319 5447 diabolum
3358 5409 3370 5443 :
3409 5403 3520 5442 non

1463 5586 1661 5647 Variae
1698 5585 2005 5647 lectiones
2048 5588 2109 5644 et
2137 5587 2330 5642 noue.

346 5753 981 5830 (15).lnclusa_uterqt_ne
1029 5757 1079 5810 in
1145 5758 1406 5830 margine.
1462 5756 1835 5827 Τελεωτέρους

272 5825 599 5896 γενομένους
631 5826 888 5896 omiserat
927 5827 1218 5896 interpres.

347 5895 459 5957 (IU)
531 5893 615 5944 Ἐν
649 5893 911 5960 ἀλλήλοις.
950 5898 1014 5950 Λ.

2015 5752 2128 5824 (l7)
2147 5751 2434 5824 ΑΔίδωσιν,
2453 5749 2516 5824 ᾼ.
2546 5749 2714 5824 _Forte
2737 5732 2971 5824 διδοξσιν
2999 5746 3190 5802 voluit.

2017 5817 2125 5896 (18)
2146 5822 2276 5877 Post
2304 5823 2336 5894 ἢ
2374 5822 2522 5876 addit
2546 5820 2816 5890 interpres
2850 5817 3044 5880 ἄλλως.
