3976 6474
514 396 654 463 14οἹ

1750 381 2137 448 EUTHYMII
2179 380 2543 443 ZIGABENI

3628 370 3768 436 “08

511 514 659 568 enim
712 509 853 566 cmlo
883 522 945 564 ac
972 516 1131 564 terra
1183 503 1518 566 dominatur,
1571 497 1668 554 sed
1718 494 1937 551 malitiae
1988 492 2094 563 (ll),

2224 496 2291 549 toﬁ
2317 495 2412 550 καὶ
2444 493 2550 565 γῆς
2591 492 2775 565 ἀρχαι.
2838 489 2992 545 Ἐπεὶ
3043 476 3233 543 ’πάντα
3274 484 3341 540 ἀν
3373 482 3631 553 ἀνέτρεψε
3669 486 3766 538 ttat

510 607 659 676 quod
707 604 891 660 omnia
930 600 1187 659 straverit
1228 615 1293 656 ac
1344 592 1690 678 pervenerit,
1744 588 1866 661 Ipse
1917 595 2102 643 autem

513 697 717 753 dicitur
756 696 923 750 etiam
966 696 1222 765 princeps
1264 690 1635 746 tenebrarum.
1695 684 1813 740 sive
1870 681 2102 753 peccati.

512 788 604 845 Ait
652 801 824 858 ergo:
863 784 1028 840 Venit
1075 784 1365 839 adversum
1415 795 1503 836 me
1531 776 1782 834 diabolus
1824 789 1949 830 cunt
1978 788 2105 844 per-

517 876 695 932 versis
724 875 949 939 ludatis,
981 871 1105 928 data
1135 872 1239 927 sibi
1272 885 1304 925 e
1333 868 1583 940 supernis
1632 874 1924 938 potestate.
1964 861 2099 917 Nam

517 981 575 1024 et
608 968 751 1038 apud
797 966 999 1020 Lucam
1047 964 1184 1019 dixit
1233 962 1302 1018 ad
1343 978 1465 1027 eos,
1510 960 1603 1032 qui
1631 974 1692 1016 se
1736 955 2104 1027 comprehen-

516 1061 751 1117 debant:
791 1056 921 1113 Hec
973 1066 1050 1111 est
1076 1058 1209 1112 hora
1266 1066 1439 1112 vestra
1494 1064 1543 1110 et
1590 1062 1821 1124 potestas
1863 1053 2109 1105 tenebra-

514 1169 632 1206 rum
667 1152 735 1205 ”.

589 1241 747 1296 Vers.
780 1242 867 1296 50.
898 1241 966 1296 Et
998 1270 1059 1280 —
1084 1240 1392 1310 quidquam.
1434 1234 1493 1291 In
1517 1234 1641 1290 aliis
1665 1233 1886 1305 quidem
1916 1229 2107 1287 homi-

515 1333 681 1388 nibus
710 1341 994 1403 peccatum
1025 1340 1109 1386 est
1141 1345 1303 1385 causa
1355 1329 1571 1391 mortis,
1599 1327 1783 1381 nullus
1832 1324 2101 1394 siquidem

516 1422 732 1493 peccati
762 1439 958 1493 expers
988 1431 1095 1486 est,
1132 1421 1258 1478 ideo
1294 1420 1477 1476 nullus
1521 1417 1846 1474 immortalis
1870 1433 1887 1483 ;
1910 1416 1964 1470 in
2016 1430 2107 1470 me

517 1530 651 1571 vero
696 1528 808 1568 non
845 1515 1008 1569 habet
1065 1514 1229 1569 ullam
1261 1514 1454 1568 mortis
1509 1525 1730 1566 causam
1763 1526 1780 1575 ;
1811 1522 1913 1580 ego
1961 1507 2110 1561 enim

518 1602 727 1672 absque
756 1609 984 1671 peccato
1023 1615 1167 1660 sum.
1205 1606 1260 1654 et
1290 1606 1579 1669 propterea
1625 1594 2107 1658 condemnabitur,

518 1693 665 1747 sicut
696 1692 849 1763 prius
881 1692 1102 1747 decimo
1136 1692 1330 1761 quinto
1377 1690 1555 1759 capite
1582 1687 1986 1749 enarravimus,
2016 1686 2109 1740 ubi

518 1785 725 1840 dicitur
752 1803 772 1839 :
800 1783 959 1839 Nam:
974 1784 1239 1854 judicium
1275 1792 1348 1837 est
1376 1782 1532 1852 hujus
1556 1779 1764 1845 mundi,
1796 1795 1934 1833 nunc
1963 1778 2111 1848 prino

520 1892 637 1947 σφε
666 1878 823 1946 hujus
849 1876 1031 1930 mundi
1051 1876 1296 1945 cjicietur
1318 1875 1463 1945 foras
1499 1873 1568 1927 ".

592 1962 755 2021 Vers.
786 1966 876 2021 3|.
913 1962 1015 2021 Sed
1044 1994 1113 2005 -—
1134 1964 1378 2018 Patrem.
1410 1962 1519 2019 Sed
1549 1961 1779 2027 morior,
1807 1969 1867 2017 ut
1892 1977 2115 2033 cognos-

520 2064 648 2111 cant
679 2071 899 2121 omnes,
959 2055 1105 2126 quod
1140 2055 1360 2126 diligam
1394 2051 1635 2119 Patrem,
1666 2053 1939 2108 obediens
1970 2053 2116 2108 illius

520 2148 788 2203 voluntati
827 2165 844 2214 ;
879 2147 1133 2202 voluntas
1160 2154 1342 2202 autent
1392 2144 1513 2216 ejus
1554 2154 1660 2209 est,
1700 2153 1762 2200 ut
1790 2144 1993 2201 moriar
2016 2158 2117 2214 pro

522 2239 699 2294 salute
720 2238 1031 2293 hominum.

592 2333 751 2390 Vers.
779 2332 869 2386 δι.
901 2331 971 2385 Et
998 2315 1065 2373 Σ-
1094 2330 1261 2398 facio.
1296 2329 1368 2386 Ut
1400 2336 1761 2400 cognoscant,
1793 2328 1938 2398 quod
1971 2342 2108 2398 prae-

519 2433 741 2492 ceptum
765 2422 888 2491 ejus
915 2422 1159 2477 moriens
1193 2420 1545 2492 adimpleam.

589 2513 750 2569 Vers-
786 2512 875 2567 51.
908 2511 1141 2584 Surgite.
1173 2528 1356 2567 eamus
1385 2513 1530 2568 hinc.
1575 2512 1780 2570 Videtis
1818 2509 2116 2581 discipulos

522 2604 818 2662 admodum
864 2614 1197 2669 metuentes,
1242 2612 1298 2660 et
1352 2619 1412 2660 se
1457 2605 1568 2675 jam
1629 2604 2017 2675 comprehendi
2051 2618 2118 2659 ac

523 2697 758 2753 interﬁci
795 2696 1180 2768 imaginantes,
1222 2706 1278 2751 et
1295 2706 1583 2766 propterea
1607 2697 1800 2753 crebro
1818 2706 2115 2751 retrorsum

526 2806 587 2845 se
646 2788 1041 2850 convertenda,
1104 2802 1214 2842 non
1270 2788 1408 2842 satis
1461 2786 1548 2841 his
1594 2802 1717 2856 qua:
1770 2787 2112 2851 dicebantur,

526 2881 813 2937 advertere
845 2895 863 2934 :
896 2878 1169 2949 siquidem
1214 2878 1516 2933 maximum
1543 2879 1652 2933 illis
1675 2891 1936 2950 angorem
1957 2876 2118 2931 indu-

525 2974 711 3038 cebat,
746 2982 863 3027 tum
918 2971 1075 3026 locus
1126 2970 1402 3047 publicus,
1437 2982 1555 3027 tum
1609 2987 1718 3027 nos
1750 2982 1805 3027 et
1844 2971 2118 3043 praecipue

527 3064 674 3132 quod
722 3063 995 3118 dixisset:
1040 3060 1192 3115 Venit
1240 3062 1484 3132 princeps
1519 3064 1703 3117 mundi
1739 3064 1809 3128 ",
1860 3062 2119 3117 transfert

527 3156 652 3210 illos
682 3155 737 3209 in
775 3156 951 3209 locum
984 3156 1153 3210 alium
1181 3156 1465 3219 tutiorem,
1499 3170 1610 3225 quo
1637 3154 2017 3216 existimantes
2061 3156 2119 3210 in

2204 586 2525 642 κατέϐαλεν.
2568 584 2629 639 '0
2652 582 2811 645 αὐτὸς
2855 582 2915 637 δὲ
2945 582 3039 635 καὶ
3076 582 3257 650 ἄρχων
3277 575 3371 633 τοῦ
3398 575 3618 638 σκότους
3654 574 3772 628 δνο-

2208 678 2461 749 μάζεται,
2496 676 2666 745 ἧγουν
2688 674 2786 744 τῆς
2816 670 3110 743 ἁμαρτίας.
3142 668 3310 740 Φησὶν
3339 665 3432 721 οὖν
3458 666 3541 719 ὅτι
3581 664 3778 733 Ἐρχεο

2206 789 2296 825 ται
2343 770 2476 824 κατ’
2500 766 2637 837 έμοῢ
2684 768 2713 821 ό
2749 764 2993 827 διάϐολος
3031 762 3168 834 μιτά
3203 762 3310 815 τῶν
3351 757 3598 829 πονηρῶν
3640 758 3769 810 ἰου-

2206 864 2393 927 δαίων,
2426 859 2674 929 δοθείσης
2714 859 2901 921 αὐτοῖς
2925 856 3169 922 ἐξουσίας
3204 854 3429 910 ἀνωθεν.
3474 848 3629 925 [Elite
3668 851 3774 921 γὰρ

2213 955 2307 1009 καὶ
2337 951 2451 1024 (19)
2484 952 2543 1004 έν
2568 949 2647 1019 τῷ
2690 949 2829 1003 κατά
2876 948 3089 1001 Λουκᾶν
3135 944 3446 1013 Εὐαγγελίῳ
3484 942 3617 1013 προς
3646 940 3777 1002 τοὺς

2210 1042 2684 1113 συλλαμϐάνοντας
2706 1039 2868 1093 αὐτόν
2883 1054 2896 1068 ⁶
2924 1038 3004 1091 ὅτι
3034 1036 3194 1103 Αὕτη
3223 1034 3388 1105 ὑμῶν
3403 1036 3577 1089 ἐστιν
3599 1032 3637 1095 ἠ
3656 1030 3772 1100 ὥρα

2210 1137 2306 1191 καὶ
2340 1136 2379 1203 ἠ
2425 1133 2678 1199 ἐξουσία
2719 1130 2826 1186 τοῦ
2855 1130 3138 1194 σκότους.

2288 1227 2394 1281 Καὶ
2442 1255 2505 1266 -
2545 1223 2749 1279 οὐδέν.
2805 1221 2930 1275 Ἐπὶ
2977 1220 3077 1290 μὲν
3104 1218 3212 1272 τῶν
3262 1216 3434 1270 ἄλλων
3482 1213 3781 1283 ἀνθρώπων

2212 1324 2383 1377 αἴτιον
2415 1319 2513 1373 τοῦ
2550 1317 2664 1388 (20)
2696 1306 2925 1369 θανάτου
2951 1315 2983 1384 ἡ
3000 1310 3288 1381 ἀμαρτία·
3322 1308 3493 1370 οὐδεὶς
3517 1308 3623 1376 γάρ
3647 1310 3779 1359 ἀνα-

2217 1414 2515 1483 μάρτητος,
2562 1409 2642 1461 διδ
2672 1406 2767 1458 καὶ
2799 1404 2975 1467 οὐδεὶς
3006 1402 3271 1463 ἀθάνατος
3290 1415 3304 1430 ⁶
3335 1400 3392 1451 ὲν
3434 1398 3554 1467 ἐμοὶ
3596 1397 3652 1450 δὲ
3680 1398 3783 1451 οὐκ

2214 1505 2328 1574 ἔχει
2361 1501 2514 1555 οὐδὲν
2548 1501 2721 1554 αῐτιον
2764 1495 3035 1551 θανάτουσ
3070 1492 3450 1561 ἀναμάρτητος
3495 1489 3602 1559 γὰρ
3648 1488 3781 1555 ἐγώ.

2214 1597 2305 1649 Διὸ
2335 1594 2429 1648 καὶ
2478 1589 2968 1661 κατακριθήσεται,
3018 1583 3223 1658 [καθὼς
3250 1582 3359 1654 (il)
3409 1581 3787 1651 προεξηγησά-

2217 1687 2357 1758 μεθα
2379 1688 2436 1740 ὲν
2455 1682 2533 1754 τῷ
2550 1680 3021 1748 πεντεκαιδεκάτῳ
3041 1674 3339 1745 κεφαλαίῳ,
3363 1672 3487 1725 ἔνθα
3509 1674 3684 1725 κεῖται
3703 1670 3787 1722 τόδ

2216 1776 2351 1832 Νῦν
2406 1775 2609 1845 κρίσις
2656 1769 2789 1825 ἐστὶ
2846 1767 2958 1822 τοῦ
3008 1766 3243 1834 κόσμου
3294 1763 3547 1825 τούτου,
3595 1759 3713 1813 νῦν
3754 1761 3789 1810 ὁ

2145 1862 2186 1916 Β
2216 1865 2420 1934 ἅρχων
2442 1862 2551 1916 τοῦ
2589 1861 2822 1927 κόσμου
2851 1856 3067 1910 τούτου
3100 1852 3527 1918 ἐκϐληθύσεται
3563 1846 3729 1919 ἕξοι]

2306 1951 2473 2009 Ἀλλ’
2526 1980 2595 1992 --
2633 1946 2889 2015 Πατέρα.
2957 1942 3094 1998 Ἀλλ’
3122 1940 3467 2008 ἀποθνήσκω,
3503 1938 3586 1990 ἵνα
3617 1936 3789 2004 γνῶσι

2223 2048 2425 2107 πάντες
2461 2045 2542 2096 ὅτι
2572 2039 2771 2109 ἀγαπῶ
2805 2038 2898 2090 τδν
2925 2034 3168 2105 Πατέρα,
3200 2030 3488 2087 ὑπακούων
3520 2027 3683 2081 αὐτοῦ
3709 2026 3791 2095 τῷ

2224 2136 2518 2205 θελήματι.
2550 2131 2776 2201 Θέλημα
2806 2128 2863 2180 δὲ
2895 2124 3060 2179 αὑτοῦ
3093 2123 3386 2177 ἀποθανεῖν
3416 2136 3482 2192 με
3516 2119 3654 2187 ὑπὲρ
3693 2117 3792 2187 τῆς

2226 2226 2504 2297 σωτηρίας
2529 2224 2639 2276 τῶν
2674 2220 2772 2274 ἀνθ
2781 2219 3003 2291 ρώπων.

2296 2319 2404 2373 Kal
2436 2348 2506 2358 —
2534 2313 2704 2369 ποιῶ.
2735 2314 2845 2367 Καὶ
2884 2313 2971 2365 ἵνα
2997 2310 3194 2379 γνῶσιν
3222 2309 3301 2362 ὅτι
3343 2304 3538 2375 πληρῶ
3566 2302 3665 2373 τὴν
3705 2302 3793 2354 έν-

2222 2414 2386 2484 τολήν
2415 2410 2582 2467 αὐτοῦ
2604 2409 2987 2479 ἀποθνήσκων.

2306 2504 2663 2577 Ἐγείρεσθε,
2695 2503 2933 2571 ἄγωμεν
2965 2497 3264 2553 ἐντεῦθεν.
3293 2493 3515 2549 Βλέπων
3542 2490 3665 2554 τοὺς
3688 2506 3794 2558 μα-

2225 2595 2395 2666 θητὰς
2453 2593 2658 2670 σφόδρα
2706 2590 3024 2651 δειλιῶντας
3070 2587 3164 2641 καὶ
3213 2581 3642 2653 φανταζομένους
3688 2578 3790 2670 ήδη

2224 2688 2353 2751 τοὺς
2384 2669 2827 2754 συλληψομένους
2848 2681 2943 2734 καὶ
2976 2678 3395 2748 ἀναιρήσοντας,
3432 2674 3523 2727 καὶ
3553 2672 3642 2725 διὰ
3666 2669 3791 2723 τοῦ·

2222 2795 2285 2832 το
2331 2778 2510 2831 πυκνά
2552 2772 3131 2845 μεταστρεφομένους,
3178 2771 3272 2823 καὶ
3327 2768 3399 2838 μή
3449 2762 3789 2832 δυναμένους

2223 2868 2521 2949 προσέχειν
2537 2868 2650 2929 τοῖς
2669 2864 2981 2935 λεγομένοις
3004 2879 3019 2894 ’
3052 2860 3145 2917 καὶ
3174 2860 3281 2931 γάρ
3302 2857 3576 2912 ένεποίουν
3609 2855 3791 2949 αὐτοῖς

2224 2960 2488 3029 ἀγωνίαν,
2510 2945 2612 3013 ’καὶ
2640 2960 2668 3011 ό
2696 2957 2883 3021 τόπος,
2910 2954 3210 3023 κατάδηλος
3237 2952 3330 3013 ῶν,
3355 2952 3447 3003 καὶ
3478 2950 3511 3020 ή
3548 2946 3664 3011 νὺξ,
3698 2945 3793 2997 καὶ

2223 3053 2283 3107 τὸ
2310 3052 2485 3105 εἰπεῖν
2513 3052 2596 3105 ὅτι
2634 3049 2918 3118 Ἔρχεται
2947 3050 2981 3101 ό
3009 3045 3115 3100 τοῦ
3156 3044 3386 3112 κόσμου
3414 3041 3615 3109 ἄρχων
3638 3054 3652 3070 ο
3692 3052 3791 3106 με·

2225 3146 2381 3212 τάγει
2413 3142 2635 3203 τούτους
2676 3143 2755 3203 είς
2806 3142 2990 3211 ἕτερον
3018 3138 3183 3191 τόπον
3226 3134 3645 3203 ἀσφαλέστερον,
3679 3130 3787 3188 ἵνα,

529 3250 647 3302 luto
676 3261 819 3311 esse,
852 3246 1057 3316 absque
1087 3248 1196 3303 ullo
1244 3256 1394 3303 metu
1424 3207 1678 3302 audirent
1711 3264 1726 3302 :
1761 3263 1886 3302 nam
1921 3262 2112 3319 magna

2224 3207 2545 3309 νομίσαντες
2577 3236 2636 3288 έν
2681 3207 2949 3303 ἀσφαλείᾳ
3006 3228 3363 3298 καταστῆναι,
3421 3226 3556 3296 μετά
3607 3223 3789 3284 ἀδείας

524 3335 769 3391 audituri
808 3336 1258 3407 crantdogmata.
1298 3336 1504 3392 Deinde
1535 3351 1753 3391 rursum
1788 3336 1902 3391 ait:

603 3517 738 3587 Cap.
795 3516 913 3571 XV.
944 3515 1103 3573 Vers.
1162 3518 1213 3573 l.
1269 3517 1385 3590 Ego
1420 3547 1493 3558 -—
1531 3535 1678 3573 uera.
1703 3516 1759 3573 Id
1784 3531 1867 3574 est
1895 3519 2115 3587 eximia,

530 3606 986 3677 incorruptibilis,
1018 3608 1324 3678 spiritualis
1358 3626 1371 3662 :
1406 3608 1677 3678 siquidem
1705 3610 1823 3664 haec
1854 3608 2120 3679 frequen-

532 3708 617 3755 ter
642 3698 916 3769 signiﬁcat
948 3714 1150 3754 nomen
1185 3699 1462 3769 ἀληθινόν.

601 3792 775 3844 Aliter
802 3806 1020 3860 quoque
1049 3790 1273 3854 dicitur,
1308 3789 1438 3845 Vitis
1466 3806 1614 3855 uera,
1640 3788 1767 3859 quia
1810 3803 1909 3859 pro
1937 3788 2118 3844 fructu

530 3880 743 3952 profert
772 3882 1084 3935 veritatem.

599 3972 671 4027 Se
689 3974 866 4043 ipsum
885 3972 1065 4041 itaque
1086 3972 1253 4027 vitem
1272 3973 1544 4038 nominat,
1562 3982 1753 4045 utpote
1787 3972 2117 4044 praebentem

528 4064 875 4119 dulcedinem
897 4080 961 4119 ac
991 4065 1216 4119 humani
1253 4066 1438 4119 cordis
1460 4066 1728 4130 lzetitiam,
1754 4066 1924 4136 ipsam
1966 4066 2119 4120 vide-

528 4155 657 4210 licet
685 4155 1153 4225 praedicationem,
1180 4170 1342 4226 quam
1370 4156 1533 4210 etiam
1600 4154 1876 4225 Scriptura
1930 4154 2115 4209 vinum

529 4247 791 4316 appellat,
821 4256 875 4300 et
921 4255 1182 4316 tanquam
1221 4246 1460 4301 radicem
1506 4246 1904 4317 discipulorum
1948 4265 1962 4300 :
1997 4246 2117 4316 pal-

531 4339 693 4392 mites
730 4352 859 4392 vero
890 4337 1211 4407 discipulos,
1239 4337 1395 4407 quasi
1456 4353 1521 4391 ex
1580 4338 1699 4409 ipso
1749 4338 2119 4410 germinantes

529 4442 786 4485 Sermone
812 4428 1096 4489 doctrinae,
1131 4438 1187 4482 et
1214 4442 1314 4497 per
1343 4442 1466 4482 eum
1498 4429 1733 4483 nutritos
1760 4428 1826 4487 ad
1887 4427 2119 4482 fructiﬁ-

2220 3329 2521 3385 ἀκούσωσι.
2569 3328 2679 3380 Καὶ
2722 3325 2833 3395 γὰρ
2883 3323 3108 3394 ἔμελλον
3171 3320 3419 3392 μεγάλων
3465 3314 3789 3370 ἀκούσεσθαι

2220 3421 2530 3492 δογμάτων,
2553 3415 2669 3472 εἶτα
2682 3417 2843 3473 πάλιν
2871 3416 3056 3485 φησίν·

2304 3509 2454 3579 Ἐγὼ
2517 3537 2589 3551 --
2649 3505 2930 3573 ἀληθινή.
2999 3506 3067 3558 Ἥ
3115 3500 3785 3570 έξαίρετος,ήάφθαρτος,

2222 3602 2258 3673 ή
2310 3600 2684 3671 πνευματική.
2725 3596 2912 3651 Ταῦτα
2960 3594 3069 3663 γάο
3120 3592 3378 3652 πολλάκις
3434 3591 3491 3641 τὸ
3542 3586 3789 3658 ἀληθινὸν

2218 3691 2386 3763 δηλοῖ.

2293 3784 2428 3857 [Καὶ
2465 3782 2667 3852 ἑτέρως
2709 3780 2820 3851 (τε)
2852 3778 2911 3833 δι
2942 3780 3238 3847 Ἀμπελος
3286 3771 3569 3844 ἀληθινὴ]
3619 3774 3651 3843 ή
3688 3771 3786 3842 τήν

2221 3875 2481 3945 ἀλήθειαν
2511 3869 2964 3943 καρποφοροῦσα.

2294 3964 2576 4035 ⁸Ἄμπελον
2610 3963 2707 4034 μὲν
2729 3958 2822 4017 οὖν
2863 3961 3057 4017 ἑαυτὸν
3084 3960 3355 4031 ὀνομάζει,
3383 3959 3457 4020 ὡς
3486 3958 3785 4028 παρέχοντα

2219 4057 2283 4112 τὸ
2311 4056 2568 4126 νόστιμον
2622 4053 2720 4107 καὶ
2768 4053 3061 4125 εὐφραῖνον
3107 4051 3334 4121 καρδίαν
3367 4049 3651 4119 ἀνθρώπου
3693 4048 3787 4115 κή-

2222 4164 2431 4221 ρυγμα,
2462 4146 2491 4200 ὃ
2517 4148 2611 4199 καὶ
2637 4142 2780 4199 οῐνον
2818 4146 2851 4215 ή
2896 4143 3086 4215 Γραφὴ
3134 4139 3523 4214 προσαγορεύει
3549 4154 3562 4169 ·
3593 4139 3684 4191 καὶ
3710 4139 3784 4193 ὡς

2224 4240 2384 4311 ῥίζαν
2430 4237 2542 4291 τῶν
2576 4236 2836 4308 μαθητῶν
2862 4251 2877 4266 ·
2919 4235 3174 4303 κλήματα
3208 4232 3318 4301 (κδ)
3350 4230 3407 4283 δὲ
3445 4231 3569 4292 τοὺς
3613 4228 3786 4298 μαθη-

2220 4328 2319 4391 τάς
2368 4327 2441 4389 ὠς
2472 4326 2533 4391 ἐξ
2565 4324 2732 4380 αὐτοῦ
2781 4324 3189 4394 βλαστήσαντας
3222 4321 3300 4391 τῷ
3332 4321 3470 4388 λόγῳ
3508 4322 3603 4390 τῆς
3645 4317 3786 4371 διδασ

2219 4420 2467 4486 σκαλίας,
2502 4420 2591 4471 καὶ
2615 4417 2683 4469 δι’
2718 4415 2885 4469 αὐτοῦ
2908 4414 3270 4486 τρεφομένους
3292 4415 3371 4476 είς
3408 4412 3781 4482 καρποφορίαν

531 4519 803 4575 cationem
838 4529 1177 4574 maturorum
1230 4520 1536 4582 botrorum,
1570 4522 1686 4576 sive
1716 4522 2001 4586 virtutum,
2054 4530 2112 4575 ut

2224 4514 2467 4586 βοτρύων
2496 4512 2735 4583 ὡραίων,
2761 4511 2938 4565 εῐτουν
2962 4509 3190 4581 ἀρετῶν,
3208 4510 3301 4561 καὶ
3324 4507 3565 4575 παροχὴν
3584 4505 3777 4573 ὁμοίως

530 4620 586 4669 et
609 4613 709 4682 ipsi
744 4611 994 4666 similiter
1029 4612 1303 4683 praebeant
1332 4611 1517 4666 vinum
1548 4611 1830 4667 doctrinae.

606 4700 761 4758 Vers.
837 4704 977 4757 I.Et
1030 4703 1283 4758 Patcr—
1315 4714 1412 4758 est.
1462 4703 1714 4767 Curator,
1768 4718 1877 4758 non
1930 4713 2113 4756 tamen

531 4796 753 4859 radicis,
788 4796 881 4850 sed
912 4796 1219 4866 palmitum.
1262 4795 1402 4850 Vere
1460 4800 1574 4851 Itaac
1600 4796 1726 4850 vilis
1764 4794 1958 4850 eximia
2008 4802 2112 4858 est,

533 4890 586 4941 in
619 4903 725 4959 qua
755 4889 821 4943 de
856 4890 985 4944 solis
1028 4888 1336 4960 palmitibus
1366 4904 1551 4944 curam
1606 4889 1807 4943 habere
1852 4894 2067 4955 oportet
2099 4902 2115 4952 ;

640 5031 687 5064 "
709 5030 869 5089 Joan.
897 5049 1007 5101 nt,
1042 5034 1129 5089 l3.
1224 5034 1272 5067 "
1311 5031 1446 5087 Luc.
1479 5046 1612 5099 uti,
1651 5033 1745 5090 55.
1813 5033 1855 5063 ⁸⁷
1883 5031 2041 5087 Joatt.
2075 5032 2175 5097 ni,
2224 5029 2315 5082 51.

2219 4605 2313 4660 τοῦ
2346 4602 2725 4658 διδασκαλικοῦ
2756 4601 2926 4655 οἴνου.

2292 4698 2405 4768 (ει)
2421 4699 2485 4751 '0
2505 4695 2964 4763 Πατὴρ-ἐστιν.
2993 4691 3053 4744 Ὀ
3071 4687 3369 4761 ἐπιμελητῇ
3384 4707 3425 4753 ·,
3456 4686 3592 4755 πλὴν
3607 4685 3665 4739 οὐ
3684 4684 3780 4752 τῆς

2224 4790 2408 4861 ῥίζης,
2444 4786 2578 4841 ά).λά
2611 4785 2721 4839 τῶν
2749 4784 2980 4838 κλάδων.
2998 4782 3296 4850 Ἑξαίρετος
3327 4779 3435 4848 γάρ
3454 4777 3615 4838 ὅντως
3643 4775 3778 4844 αὕτη

2226 4884 2259 4953 ή
2297 4881 2564 4951 ἄμπελος,
2600 4878 2741 4930 κατὰ
2771 4877 2895 4939 τοὺς
2938 4873 3163 4936 κλάδους
3196 4872 3355 4942 μόνον
3400 4867 3627 4939 δεομένη
3666 4868 3779 4918 ἑπι-

2425 5025 2472 5058 “
2491 5023 2650 5080 Joan.
2686 5038 2795 5087 xw,
2826 5020 2918 5077 50.

1732 5184 1931 5249 Variis
1962 5184 2262 5246 lectiones
2295 5188 2357 5245 et
2387 5186 2577 5243 notae.

642 5354 971 5411 I9llnclusa
1028 5356 1226 5410 absunt
1281 5354 1348 5409 Α.

638 5425 730 5489 Q0)
796 5425 927 5489 Τοῦ,
958 5427 1108 5481 abest
1158 5426 1229 5481 Δ.

617 5496 729 5558 (⁷21)
756 5497 968 5551 Inclusa
993 5496 1194 5551 absunt
1236 5496 1303 5549 A.

617 5568 730 5636 (2‘2)
764 5567 974 5622 inclusa
995 5568 1195 5621 absunt
1270 5568 1335 5619 Α.

620 5635 734 5708 (23)
780 5637 971 5708 Ὑμεῖς
992 5636 1062 5690 τά
1088 5638 1363 5705 κλήματα,
1394 5652 1459 5691 ex
1492 5650 1651 5691 versu
1718 5636 1773 5702 5,
1836 5635 1955 5700 Hic,
2012 5650 2114 5704 pro

2213 5366 2367 5475 nozre
2393 5364 2543 5475 Asuo,
2599 5344 2765 5402 Infert
2802 5344 3084 5415 Chrysost.
3132 5352 3175 5397 t.
3214 5336 3351 5404 VIII,
3400 5351 3457 5407 p.
3509 5333 3613 5390 μϐ
3700 5329 3767 5392 Β.

2287 5474 2405 5561 (all
2424 5474 2582 5553 .Kal,
2603 5496 2730 5542 ante
2756 5488 2785 5539 ὁ
2808 5485 3018 5561 ῌατήρ,
3046 5483 3191 5555 quod
3217 5474 3523 5537 llentenius
3552 5484 3761 5543 expres-

2218 5556 2308 5628 sit,
2342 5556 2539 5616 neuter
2557 5572 2804 5614 meorum
2826 5556 3009 5612 habet.

629 5796 709 5872 χιι)
736 5797 836 5854 Sed
873 5800 1113 5866 malum,
1148 5808 1254 5855 etc.
1294 5798 1573 5869 Siquidem
1609 5798 1790 5853 omnia
1846 5802 2111 5850 everteret
2134 5799 2188 5847 et
2216 5786 2496 5859 ilejicerct.
