3976 6486
484 391 617 461 Mli

556 508 714 563 γει-ε.
745 504 801 560 6.
830 507 898 559 Et
928 534 999 548 --
1022 506 1323 574 conjicient.
1348 506 1647 562 Gebennae.

550 598 701 652 Vers.
726 598 777 651 6.
808 597 876 652 Et
899 600 1174 655 ardebant.
1200 598 1708 663 lnllammabuntur,
1731 613 1842 653 non
1872 608 2053 654 tamen

478 689 889 744 comburentur.
919 689 1036 743 Non
1064 697 1346 743 manentes
1372 699 1551 743 autem
1578 690 1630 743 in
1664 704 1748 754 se,
1782 689 1917 744 dicit
1939 704 2051 743 non

478 799 573 839 eos
605 784 804 847 solum,
840 784 930 852 qui
978 783 1047 837 ab
1080 782 1173 835 illo
1213 792 1343 834 sunt
1388 782 1655 851 amputati
1682 791 1776 836 aut
1806 780 2053 847 abscissi,

479 874 574 926 sed
608 884 663 926 et
697 873 818 926 Illos
850 873 941 939 qui
989 888 1100 924 non
1135 870 1364 923 ﬁrmiter
1412 887 1537 925 eum
1583 887 1649 925 eo
1707 872 2052 940 copulantur.

554 964 701 1017 Vers.
740 964 790 1016 7.
823 960 881 1015 Si
918 992 974 1001 —
1019 962 1179 1014 vobis.
1216 960 1359 1014 Nihil
1384 966 1531 1015 extim
1570 962 1847 1033 indignum
1879 969 2048 1030 petet,

479 1055 569 1123 qui
603 1054 656 1105 in
693 1053 783 1104 Dei
825 1054 1108 1120 praeceptis
1141 1060 1419 1104 versatur.
1453 1050 1751 1107 Considera
1787 1067 1914 1106 vero
1952 1052 2056 1105 hoc

479 1159 599 1197 esse
629 1144 907 1197 Christum
944 1145 997 1196 in
1029 1144 1313 1213 discipulis
1354 1158 1601 1205 manere,
1634 1144 1800 1197 verba
1848 1144 1969 1213 ejus
1998 1144 2053 1197 in

478 1234 585 1287 illis
616 1249 862 1298 manere,
890 1237 1005 1288 sive
1030 1235 1256 1299 servari,
1300 1243 1395 1287 aut
1422 1250 1586 1304 opere
1616 1234 1825 1303 perlici.

548 1421 707 1474 νει-ε.
742 1422 794 1474 8.
823 1419 888 1474 1η
930 1449 1002 1459 -
1046 1421 1308 1488 αΙΤεναιὶε.
1353 1451 1423 1461 --
1460 1422 1796 1491 Ctoriﬁcatus
1825 1432 1919 1488 est,
1952 1422 2056 1479 hoc

476 1523 582 1577 est,
612 1513 1035 1567 Glorilicabitur.
1065 1511 1134 1566 Ut
1162 1512 1423 1576 alferatis,
1453 1514 1505 1568 id
1535 1529 1640 1579 εει,
1667 1514 1710 1569 si
1740 1516 2052 1571 attuleritis.

481 1606 643 1658 Multa
697 1606 968 1673 siquidem
1001 1613 1132 1658 sunt
1184 1605 1329 1673 apud
1364 1604 1701 1675 Scripturam
1740 1606 2056 1676 hujusmodi

477 1696 758 1749 idiomala.

550 1788 701 1841 Vers.
737 1787 788 1841 8.
848 1786 914 1840 Et
966 1816 1033 1827 —
1090 1787 1363 1849 ἀξιείριιίί.
1419 1785 1655 1841 Perfecti
1720 1786 2053 1845 eliiciamini.

479 1872 889 1929 Observandum
946 1874 1129 1943 igitur,
1167 1874 1312 1942 quod
1362 1874 1406 1927 is
1447 1876 1539 1943 qui
1594 1875 1840 1930 fructum
1894 1878 2052 1933 alIert

480 1969 783 2035 cepiosum,
816 1967 903 2019 hic
938 1964 1214 2033 perlectus
1242 1962 1471 2019 efﬁcitur
1502 1964 1708 2021 Christi
1731 1967 2051 2038 discipulus.

479 2055 779 2112 Glorilicari
813 2065 993 2109 autem
1023 2054 1163 2108 dixit
1193 2054 1412 2110 Patrem
1448 2065 1501 2111 et
1553 2057 1811 2127 gaudere,
1867 2060 1923 2113 in
1959 2075 2055 2114 co-

477 2148 630 2217 piosa
655 2144 1076 2199 l'ructilleatione
1122 2153 1177 2197 et
1224 2144 1472 2214 perfecto
1511 2145 1837 2215 discipulatu
1866 2146 2055 2216 ipsius,

478 2239 778 2291 adhortans
808 2250 903 2290 eos
950 2236 1017 2289 ad
1053 2237 1195 2289 hanc
1229 2250 1368 2301 rem,
1406 2246 1662 2305 tanquam
1708 2236 1776 2291 ad
1806 2236 1859 2290 id
1911 2238 2056 2307 quod

480 2330 709 2384 Domino
735 2338 945 2399 gratum
977 2336 1082 2382 est.

553 2416 704 2472 Vers.
736 2418 790 2471 9.
823 2416 971 2472 Sicut
1022 2449 1095 2459 —
1140 2437 1248 2475 vos.
1295 2420 1374 2475 Eo
1410 2419 1574 2473 modo
1609 2434 1718 2489 quo
1749 2434 1836 2473 me
1868 2419 2059 2474 dilexit

478 2513 660 2576 Pater,
721 2521 976 2581 tanquam
1043 2513 1297 2568 videlicet
1365 2512 1656 2567 facientem
1714 2512 2053 2567 voluntatem

479 2618 677 2657 suam:
738 2602 811 2656 ita
855 2611 911 2656 et
943 2618 1043 2672 ego
1121 2603 1285 2658 dilexi
1354 2618 1469 2669 vos,
1529 2612 1786 2673 tauquam
1845 2603 2058 2659 scilicet

478 2693 739 2749 facientes
771 2694 1102 2748 voluntatem
1132 2709 1329 2750 meam.

548 2782 609 2837 ln
658 2784 1101 2854 praecedentibus
1147 2786 1365 2854 quidem
1403 2786 1525 2839 data
1560 2792 1645 2841 est
1678 2801 1708 2839 a
1744 2786 1902 2841 nobis
1951 2786 2061 2842 dis-

482 2875 677 2931 tinctio
706 2874 774 2929 de
804 2876 964 2937 sicut,
1013 2876 1451 2943 quemadmodum
1493 2886 1546 2931 et
1587 2877 1877 2943 similibus,
1914 2879 2059 2949 quod

479 2983 601 3023 eum
619 2968 686 3022 de
698 2967 877 3029 Patre,
899 2966 1039 3022 Filio
1070 2983 1133 3021 ac
1153 2969 1359 3037 Spiritu
1379 2978 1569 3023 saneto
1587 2970 1863 3035 dicuntur,
1882 2988 2061 3041 aequa-

480 3060 686 3123 litatem
712 3060 1061 3130 signiﬁcant;
1094 3075 1218 3114 cum
1252 3076 1380 3114 vero
1401 3064 1467 3115 de
1505 3060 1614 3116 Deo
1637 3070 1694 3117 et
1728 3062 2058 3131 hominibus,

481 3151 892 3207 similitudinem
967 3153 1256 3222 designant
1298 3168 1531 3207 :veruni
1587 3154 1889 3211 similitudo
1948 3171 2059 3211 non

481 3246 680 3315 ubique
712 3262 808 3316 per
831 3246 1012 3299 omnia
1044 3246 1272 3315 quadrat
1300 3247 1437 3315 (nn).

552 3335 708 3391 Vers.
744 3337 797 3391 9.
828 3336 1035 3390 Manete
1062 3365 1131 3377 -
1164 3353 1300 3391 mea.
1331 3340 1568 3394 Rursum
1619 3340 1871 3412 astringit
1932 3341 2056 3396 illos

482 3427 551 3483 ad
576 3443 657 3481 se.

555 3520 707 3574 Vers.
755 3519 843 3574 l0.
871 3517 929 3574 Si
967 3550 1036 3561 —
1087 3520 1386 3577 dilectione.
1420 3523 1486 3577 Et
1515 3524 1791 3593 quomodo
1832 3524 2062 3581 moreris

481 3608 631 3663 velut
662 3610 824 3663 homo
870 3624 1066 3665 carens
1116 3613 1373 3667 auxilio?
1408 3612 1543 3679 Quia
1574 3614 1691 3667 vult
1740 3615 1845 3669 hoc
1896 3616 2060 3671 Pater

482 3706 540 3751 et
570 3713 697 3767 ego,
736 3714 836 3768 pro
894 3700 1178 3756 hominum
1208 3702 1385 3758 salute
1430 3720 1443 3757 :
1476 3703 1601 3773 quia
1652 3703 1792 3761 hanc
1846 3721 2064 3775 quoque

482 3803 596 3842 rem
622 3789 763 3844 duco
792 3790 1043 3861 gloriam.
1078 3793 1231 3847 Sicut
1262 3809 1389 3864 ergo
1420 3810 1521 3866 ego
1550 3794 1782 3851 dilectus
1838 3813 1867 3850 a
1903 3796 2063 3854 Patre

483 3892 663 3936 tamen
692 3899 792 3952 pro
812 3884 966 3938 vobis
998 3888 1221 3949 morior,
1275 3888 1355 3941 sic
1382 3897 1436 3941 et
1461 3904 1555 3943 vos
1589 3891 1661 3943 ita
1686 3905 1716 3944 a
1742 3907 1830 3945 me
1853 3892 2060 3958 dilecti,

483 3974 791 4027 tiioriemini
829 3982 1007 4028 tamen
1050 3991 1148 4045 pro
1199 3992 1308 4033 me.
1358 3977 1493 4032 Nam
1548 3979 1857 4050 huiusmodi
1911 3997 2058 4037 mors

478 4064 631 4133 juxta
644 4063 1046 4133 beneplacitum
1072 4076 1175 4133 est,
1195 4082 1303 4122 non
1322 4082 1388 4121 ex
1409 4070 1534 4124 odio
1554 4080 1648 4124 aut
1669 4070 2059 4127 imbecillitate.

554 4321 711 4376 Vers.
741 4321 827 4375 ll.
863 4319 1063 4376 Hazc—
1086 4333 1317 4377 maneat.
1348 4322 1472 4380 Haec
1503 4326 1861 4383 consolatoria
1893 4330 2061 4386 verba

483 4412 703 4469 loeutus
759 4427 880 4467 sum
936 4414 1108 4478 vobis,
1140 4415 1232 4484 qui
1292 4415 1363 4471 ob
1419 4431 1596 4471 meam
1653 4419 2061 4477 discruciamlnl

1747 394 2132 457 EUTHYMII
2171 390 2540 456 ZIGABENI

2083 506 2137 567 Δ

3580 392 3715 459 1412

2230 505 2338 559 Καὶ
2363 534 2433 543 -
2453 502 2787 568 βάλλουσι.
2823 503 2897 558 To
2930 505 3029 574 τῆς
3058 504 3300 575 γεέννης.

2226 596 2334 651 Kal
2356 595 2604 650 καίεται.
2633 595 2744 650 Καὶ
2763 595 3072 664 φλέγονται,
3095 594 3157 648 οὐ
3182 595 3287 666 μὴν
3309 595 3715 653 κατακαίονται.

2156 688 2231 742 Οὐ
2264 688 2525 757 μένοντας
2557 688 2615 742 εδ
2649 688 2708 742 ἐν
2737 686 2885 757 αὐτῷ
2912 687 3062 755 λέγει
3103 686 3164 739 οὗ
3208 686 3366 756 μόνον
3407 687 3532 749 τοὺς
3582 688 3717 740 ἀπο-ι

2158 780 2425 842 κοπέντας
2476 778 2507 849 ἢ
2557 778 2989 848 ἀποσχισθέντας
3038 777 3225 841 αὑτοῦ,
3274 776 3408 830 ἀλλά
3456 779 3549 830 καὶ
3594 780 3724 841 τοὺς

2159 870 2406 941 μηδόλως
2434 870 2809 937 συναφθέντας
2840 870 3011 940 αὐτῷ.

2242 960 2382 1016 Ἐὰν
2412 991 2481 1003 —-
2514 961 2675 1030 ὑμῖν.
2713 961 2879 1014 Οὐδὶν
2929 963 3037 1029 γὰρ
3088 959 3305 1025 ἀνάξιον
3372 961 3655 1030 αἰτήσεται
3698 964 3723 1014 6

2157 1055 2277 1117 ταῖς
2327 1053 2569 1117 ἐντολαῖς
2595 1052 2688 1105 τοῦ
2715 1052 2849 1105 Θεοῦ
2898 1051 3410 1121 ἐμπολιτευόμενος.
3444 1054 3644 1105 Σκόπει
3669 1055 3725 1106 δὲ

2160 1146 2243 1199 ὅτι
2268 1144 2429 1200 τοῦτό
2466 1148 2581 1199 ἑστι
2612 1145 2674 1199 τὸ
2714 1146 2897 1216 μένειν
2928 1145 3018 1198 τὸν
3049 1145 3287 1215 Χριστὸν
3321 1146 3379 1197 ὲν
3409 1146 3520 1206 τοῖς
3549 1144 3728 1214 μαθη-

2156 1241 2297 1303 ταῖς,
2322 1239 2382 1290 τὸ
2409 1236 2477 1290 τὰ
2513 1238 2738 1307 ῥήματα
2763 1234 2930 1289 αὐτοῦ
2965 1236 3148 1305 μένειν
3196 1238 3253 1288 ὲν
3306 1237 3508 1300 αὐτοῖς,
3545 1237 3723 1288 εἶτουν

2156 1328 2465 1398 τηρεῖσθαι,
2506 1327 2869 1398 ἐνεργεῖσθαι.

2244 1419 2340 1473 Ἐν
2363 1450 2434 1461 --
2455 1422 2693 1489 φέρητε.
2729 1422 2802 1473 Τὸ
2838 1420 2936 1491 μὲν
2977 1419 3300 1485 ἐδοξάσθη,
3351 1422 3469 1473 ἀντὶ
3495 1418 3609 1483 τοῦ,
3643 1419 3723 1471 δο-

2160 1508 2403 1575 ξάζεται.
2436 1513 2508 1564 Τὸ
2540 1513 2598 1565 δε
2647 1513 2746 1564 ἵνα
2798 1512 3037 1581 φέρητε,
3068 1513 3188 1566 ἀντὶ
3228 1511 3321 1565 τοῦ
3367 1513 3460 1563 ἐὰν
3500 1512 3722 1581 φέρητε.

2162 1602 2339 1655 Πολλὰ
2372 1605 2482 1674 γὰρ
2516 1602 2741 1657 τοιαῦτα
2769 1604 3037 1674 ἰδιώματα
3065 1606 3217 1673 παρὰ
3250 1606 3315 1674 τῇ
3342 1604 3555 1673 Γραφῇ.

2230 1788 2342 1840 Καὶ
2365 1786 2726 1856 -μαθηταί.
2760 1785 2895 1839 ’Δπα
2907 1784 3283 1855 ρτισθήσεσθε.
3305 1781 3725 1854 Παρατηρητέον

2159 1873 2251 1931 οὖν
2293 1880 2375 1931 ὅτι
2408 1882 2435 1931 ὁ
2472 1878 2684 1949 καρπὸν
2721 1879 2889 1931 πολὺν
2923 1880 3126 1949 φέρων,
3170 1871 3325 1939 οὗτος
3366 1876 3724 1944 ἀπαρτίςεται

2161 1972 2408 2043 μαθητὴς
2452 1971 2547 2024 τοῦ
2595 1969 2860 2041 Χριστοῦ.
2894 1969 3222 2034 Δοξάξεσθαι
3251 1968 3323 2029 δὲ,
3355 1968 3473 2036 ἦτοι
3514 1966 3723 2035 χαίρειν

2158 2065 2251 2118 τὸν
2282 2066 2501 2133 Πατέρα
2550 2058 2727 2129 εἶπεν,
2762 2066 2820 2116 ὲν
2841 2067 2908 2133 τῇ
2944 2063 3111 2133 πολλῇ
3145 2060 3494 2133 καρποφορίᾳ
3523 2060 3616 2111 καὶ
3644 2074 3729 2109 τεο

2158 2156 2279 2227 λείᾳ
2314 2156 2585 2227 μαθητείςι
2614 2155 2803 2221 αὑτοῦ,
2837 2156 3279 2225 προτρεπόμενος
3309 2153 3506 2213 αὐτοὺς
3548 2150 3638 2201 ἐπὶ
3667 2146 3729 2199 τὸ

2160 2250 2418 2317 πρᾶγμα,
2442 2247 2518 2311 ώς
2540 2247 2636 2299 επὶ
2667 2245 3029 2299 εὐαπόδεκτον
3058 2244 3136 2315 τῷ
3170 2246 3307 2317 Θεῷ.

2227 2417 2435 2484 Καθὼς
2455 2447 2525 2457 —
2552 2415 2724 2487 ὑμᾶς.
2758 2418 2855 2469 ‘Ov
2882 2416 3078 2488 τρόπον
3102 2417 3357 2487 ἡγάπησέ
3383 2435 3450 2489 με
3473 2421 3499 2472 ὁ
3517 2420 3729 2492 Πατὴρ,

2159 2513 2235 2575 ώς
2271 2511 2525 2564 ποιοῦντα
2573 2510 2778 2581 δηλαδὴ
2810 2512 2869 2563 τὶ
2897 2510 3111 2580 θέλημα
3145 2511 3310 2565 αὑτοῦ
3338 2527 3352 2543 ο
3398 2511 3541 2566 οὕτω
3572 2513 3727 2581 κάγὼ

2160 2602 2426 2671 ἠγάπησα
2456 2602 2622 2671 ὑμᾶς,
2665 2600 2740 2664 ὡς
2767 2599 3053 2663 ποιοῦντας
3084 2603 3143 2653 τὸ
3172 2602 3380 2671 θέλημά
3408 2619 3529 2671 μου.

2232 2684 2653 2765 Προδιέσταλται
2671 2692 2727 2745 δι
2743 2696 2871 2764 ημῖν
2889 2695 2967 2746 ὅτι
2985 2693 3043 2745 τὸ
3059 2693 3254 2760 καθὼς
3276 2695 3369 2747 καὶ
3386 2695 3452 2746 τὰ
3482 2695 3729 2761 τοιαῦτα,

2161 2785 2290 2836 ὅταν
2317 2786 2417 2853 μὲν
2448 2784 2545 2836 ἐπὶ
2570 2782 2664 2837 τοῦ
2693 2784 2905 2854 Harpe;
2928 2784 3023 2836 καὶ
3038 2783 3131 2835 τοῦ
3165 2784 3293 2837 Υίοῦ
3322 2786 3413 2837 καὶ
3443 2785 3534 2838 τοῦ
3570 2786 3727 2853 ἀγίου

2166 2872 2482 2943 ιινεύματος
2505 2874 2796 2942 λέγωνται,
2824 2875 3043 2944 ἰσότητα
3072 2874 3325 2945 δηλοῦσιν
3350 2891 3363 2904 ·
3390 2876 3519 2930 ὅταν
3546 2874 3603 2929 δὲ
3636 2876 3728 2928 επὶ

2163 2964 2298 3018 Θεοῦ
2338 2967 2431 3019 καὶ
2454 2966 2778 3037 ἀνθρώπων,
2821 2969 3113 3037 ὁμοιότητα
3159 2969 3533 3038 σημαίνουσιν’
3583 2970 3617 3041 ἡ
3674 2968 3729 3021 δὲ

2164 3057 2421 3127 ὁμοιότης
2455 3058 2515 3110 οὐ
2559 3059 2905 3111 παντάπασιν
2932 3057 3366 3128 ἀπαράλλακτος.

2237 3336 2495 3392 Μείνατε
2519 3366 2590 3377 -
2611 3336 2747 3407 ἐμῇ.
2779 3338 2950 3393 Πάλιν
2984 3340 3299 3412 επισφίγγει
3337 3341 3553 3406 αὐτούς.

2246 3503 2475 3559 Ἐὰν-
2505 3503 2723 3575 ἀγάπῃ.
2758 3506 2864 3560 Καὶ
2901 3507 3017 3569 πῶς
3060 3507 3441 3581 ἀποθνήσκεις,
3478 3511 3609 3565 ώσεὶ
3636 3513 3732 3567 ἄν·

2164 3596 2382 3666 θρωπος
2414 3596 2717 3666 ἀϐοήθητος
2747 3615 2763 3665 ;
2797 3601 2940 3652 Διότι
2968 3598 3112 3682 θέλε-ι
3154 3600 3310 3653 τοῦτο
3345 3603 3438 3655 καὶ
3476 3604 3500 3655 .3
3547 3604 3731 3675 Πατὴρ

2164 3687 2321 3755 κάγὼ
2349 3687 2488 3756 ὑπὲρ
2517 3687 2615 3757 τῆς
2648 3688 2923 3759 σωτηρίας
2972 3688 3077 3741 τῶν
3124 3690 3453 3761 ἀνθρώπων,
3486 3695 3604 3747 ἐπεὶ
3634 3699 3728 3748 καὶ

2163 3780 2323 3844 δοξαν
2378 3782 2438 3835 τὸ
2478 3782 2712 3851 πρᾶγμα
2746 3784 2982 3853 ἥγημαι.
3028 3784 3237 3856 Ὠτπερ
3266 3785 3359 3839 οὖν
3391 3786 3526 3854 εγὼ,
3561 3788 3731 3850 οὕτως

2164 3872 2537 3943 ἀγαπώμενος
2575 3875 2680 3926 ὑπὸ
2719 3874 2814 3926 τοῦ
2852 3876 3084 3944 Harpe”
3114 3878 3263 3945 ὅμως
3298 3879 3627 3950 ἀποθνήσκω
3664 3883 3733 3933 δι’

2164 3965 2329 4035 ὑμᾶς·
2360 3964 2503 4018 οὕτω
2526 3965 2623 4017 καὶ
2642 3965 2824 4035 ὑμεῖς,
2841 3966 3016 4029 οὓτως
3041 3967 3393 4039 ἀγαπώμενοι
3418 3972 3548 4042 παρ’
3572 3971 3730 4042 ἐμοῦ,

2162 4058 2311 4126 ὅμως
2364 4056 2727 4111 ἀποθανεῖσθε
2780 4058 2849 4111 δι’
2898 4059 3021 4129 ἐμέ.
3084 4060 3220 4114 Κατ’
3258 4062 3505 4117 εὐδοκίαν
3552 4065 3659 4136 γὰρ
3704 4066 3733 4117 ὁ

2162 4150 2406 4213 τοιοῦτος
2457 4148 2709 4215 θάνατος,
2771 4151 2832 4203 οὐ
2888 4152 3033 4206 κατὰ
3081 4155 3433 4225 ἀποστροφὴν
3490 4155 3524 4224 ἦ
3568 4157 3732 4210 ἀσθέ-

2163 4256 2337 4296 νειαν.

2239 4331 2437 4388 Ταῦτα
2480 4363 2551 4373 -
2596 4336 2797 4403 μείνῃ.
2844 4334 3031 4388 Ταῦτα
3077 4336 3143 4389 τὰ
3178 4338 3604 4409 παραμυθητικά
3635 4343 3735 4411 ρή-

2168 4441 2315 4496 ματα
2374 4425 2651 4495 λελάληκα
2703 4428 2833 4497 ὑμῖν
2875 4429 3195 4498 ἀνιωμένοις
3247 4432 3336 4482 ἐπὶ
3390 4432 3468 4501 τῷ
3519 4432 3733 4505 θανάτῳ

483 4518 711 4559 mortem
747 4522 761 4567 ;
799 4514 856 4558 ut
881 4506 1165 4575 gaudium,
1194 4508 1339 4576 quod
1364 4518 1482 4577 erat
1514 4520 1738 4580 propter
1769 4526 1878 4579 me,
1914 4515 2057 4584 quod

2173 4538 2293 4591 μου,
2333 4520 2421 4574 ἴνα
2471 4522 2505 4591 ἡ
2556 4521 2701 4591 χαρὰ
2745 4523 2777 4591 ἡ
2830 4520 2896 4573 δι’
2934 4523 3053 4591 ἐμὲ,
3095 4525 3159 4591 ἣν
3205 4523 3450 4593 ἑχαίρετε
3486 4528 3570 4576 ἐπ’
3612 4529 3735 4594 ἐμοὶ

482 4598 550 4651 de
576 4612 664 4652 me
697 4598 1037 4668 gaudebatis,
1097 4599 1273 4654 donec
1328 4601 1658 4655 advenirent
1690 4603 1809 4659 haec
1860 4607 2059 4675 tristia,

485 4704 596 4744 non
627 4700 1047 4759 corrumpatur;
1085 4693 1177 4746 sed
1220 4692 1275 4746 in
1308 4694 1461 4749 \obis
1493 4706 1727 4760 maneat,
1785 4714 1907 4753 cum
1939 4714 2063 4755 cer-

487 4783 652 4836 tiores
676 4782 803 4837 l'acti
844 4784 981 4847 sitis,
1015 4783 1158 4851 quod
1188 4800 1290 4837 non
1333 4785 1626 4855 relinquam
1658 4804 1745 4843 vos
1772 4792 2058 4858 orphanos,

486 4874 577 4926 sed
608 4874 798 4926 iterum
829 4874 1034 4927 ueniam
1060 4874 1129 4926 ad
1161 4890 1267 4927 vos.

561 4963 716 5018 Vers.
764 4965 847 5017 ll.
880 4963 947 5017 Et
975 4993 1044 5008 σ-
1068 4970 1414 5034 compleatur.
1459 4967 1525 5022 Et
1560 4978 1617 5023 ut
1649 4971 1905 5041 gaudium
1963 4988 2063 5028 ve-

488 5063 685 5116 strum.
719 5058 861 5125 quod
879 5058 944 5110 de
966 5071 1052 5110 me
1069 5069 1173 5121 est,
1191 5060 1549 5127 compleatur,
1580 5060 1718 5116 sicut
1742 5062 1812 5116 ab
1837 5064 2063 5119 exordio

488 5149 607 5215 ejus
637 5149 1054 5216 exsliectabatis,
1090 5159 1371 5219 sperantes
1414 5166 1633 5221 semper
1676 5167 1887 5208 mecqu
1923 5170 2060 5210 con-

487 5241 717 5292 versari.

563 5328 719 5383 Vers.
756 5331 839 5383 li.
879 5329 993 5385 Hoc
1044 5364 1109 5373 —-
1143 5350 1250 5387 vos.
1284 5333 1351 5391 Ut
1388 5334 1623 5405 diligatis
1670 5352 1765 5393 vos
1818 5339 2054 5394 invicem

489 5422 625 5477 adeo
666 5424 1041 5490 vehementer,
1075 5437 1133 5480 ut
1166 5428 1329 5481 etiam
1360 5444 1458 5497 pro
1489 5430 1643 5491 vobis
1672 5432 1903 5487 invicem
1936 5449 2058 5487 mo-

490 5513 704 5567 riamiui
743 5531 758 5567 :
791 5528 891 5586 ego
926 5516 1079 5572 enim
1109 5519 1189 5574 sic
1234 5519 1399 5574 dilexi
1455 5535 1574 5587 vos,
1629 5530 1688 5575 ut
1739 5523 1903 5577 etiam
1958 5539 2057 5593 pro

2169 4615 2332 4684 μέχρι
2365 4612 2474 4665 τῶν
2512 4613 2854 4683 σκυθρωπῶν
2898 4614 3123 4677 τούτων,
3155 4617 3228 4684 μὴ
3279 4617 3569 4686 ἀφανισθῇ,
3599 4618 3732 4669 ἀλλά

2165 4708 2224 4760 ιν
2249 4707 2379 4773 ὑμῖν
2425 4706 2585 4775 μείνῃ
2619 4704 3126 4773 βεὸαιωθεῖσιν,ὃτι
3163 4709 3284 4759 Οὐκ
3331 4708 3545 4775 ἀφήσω
3583 4708 3735 4777 ὑμᾶς

2165 4798 2486 4865 ὀρφανοὺς,
2520 4798 2685 4851 ἀλλὰ
2726 4797 2909 4851 πάλιν
2938 4798 3184 4868 ἔρχομαι
3224 4801 3373 4869 πρὸς
3403 4802 3574 4869 ὑμᾶς.

2249 4984 2360 5037 Καὶ
2400 5014 2468 5025 —
2517 4984 2828 5055 πληρωθῇ.
2868 4988 2977 5040 Καὶ
3018 4988 3100 5039 ἵνα
3136 4990 3167 5056 ἡ
3214 4988 3355 5061 χαρὰ
3402 4990 3612 5059 ὑμῶνή
3648 4988 3735 5041 ἐπ’

2174 5080 2296 5151 ἐμοὶ
2340 5077 2627 5147 πληρωθῇ.
2676 5077 2753 5138 ὡς
2812 5080 2871 5128 ὲν
2930 5080 3070 5147 ἀρχῇ
3133 5080 3301 5149 αὐτῆς
3350 5081 3730 5148 προσεδοκᾶτε,

2172 5174 2485 5237 ἐλπίζοντες
2514 5171 2600 5225 ἀεί
2637 5188 2727 5241 μοι
2768 5173 3027 5224 συνεῖναι.

2232 5340 2388 5406 Αὕτη
2443 5368 2512 5378 -—
2570 5338 2748 5407 ὑμᾶς.
2794 5339 2911 5391 Ἵνα
2972 5340 3221 5407 ἀγαπᾶτε
3286 5341 3547 5410 ἀλλήλους
3592 5339 3733 5392 οὕτω

2167 5431 2432 5501 σφοδρῶς,
2447 5429 2522 5491 ώς
2540 5430 2783 5499 καὶὺπὲρ
2806 5430 3053 5501 ἀλλήλων
3068 5432 3451 5503 ἀποθνήσκειν·
3476 5432 3613 5485 οὕτω
3627 5435 3734 5502 γὰρ

2173 5522 2330 5590 -ιάγὼ
2355 5521 2620 5590 ἠγάπησα
2641 5521 2806 5593 ὑμᾶς,
2828 5522 2902 5586 ὠς
2926 5524 3021 5577 καὶ
3039 5524 3178 5595 ὑπὲρ
3195 5524 3347 5592 ὑμῶν
3374 5525 3734 5587 ἀποθνήσκειν

1684 5697 1890 5760 Variae
1926 5697 2240 5763 lectiones
2272 5704 2335 5762 et
2364 5706 2555 5761 notae.

569 5817 681 5887 (nn)
714 5816 977 5882 Quadrat.
1006 5817 1238 5887 Similis,
1267 5836 1375 5876 non
1402 5822 1696 5879 absimilis.
