3976 6530
110 2008 123 2021 ‘
218 2006 551 2073 ἀγαλλιᾶσθε
580 2006 927 2079 ὐσριζόμενοι
971 2010 1094 2079 μεθ’
1137 2011 1316 2080 ημῶν.
1384 2010 1621 2065 Ἔπειτα
1652 2014 1793 2068 ἀπο-

226 443 355 507 ιιι]
1140 442 1531 503 ΕΟΜΜΕΝΤ.
1578 443 1660 504 ΙΝ
1698 444 1803 503 1οΔ

1926 444 2076 504 iEM.
2120 468 2187 479 --
2224 444 2379 507 CAP.
2417 446 2539 508 XV.
3326 448 3457 514 1413

220 555 319 626 μού
351 550 499 611 ἔστι.
528 557 830 627 Εὑψυκιϊτε
883 552 977 611 οὖν
1019 557 1089 610 τὰ
1114 557 1275 625 ὃμοια
1333 554 1412 624 τῷ
1475 553 1787 624 διδασκάλῳ

1926 562 1994 616 st,
2030 562 2095 607 ut
2125 551 2171 609 si
2204 556 2317 625 (qq)
2349 557 2457 610 mei
2494 555 2629 611 estis
2659 555 2934 626 discipuli,
2961 557 3108 613 bono
3127 559 3248 617 sitis
3274 562 3458 616 animo

218 648 519 718 πάσχοντες
548 650 646 703 καὶ
670 648 792 703 κατ’
821 650 967 720 τινος
996 646 1426 709 ἀκολουθοῦντες
1457 663 1572 715 μοι.

1926 648 1956 697 d
2001 644 2195 699 similia
2226 662 2349 701 cum
2390 658 2726 717 praeceptore
2777 647 3108 716 suﬂerenda,
3152 662 3209 704 et
3242 666 3337 707 uer
3366 668 3457 708 ve-

1891 736 2049 805 stigia
2078 752 2165 792 me
2193 729 2554 807 sequendum.

1971 826 2130 883 νει-τ.
2167 829 2257 883 20.
2290 827 2352 884 Si
2383 859 2454 869 —
2478 832 2784 886 servabunt.
2821 830 3009 902 Neque
3042 833 3277 903 graviter
3320 833 3435 889 fera

222 910 354 977 μήτε
388 910 485 963 τοῦ
508 910 669 978 λόγου
702 910 860 979 ὑμῶν
912 909 1303 980 ἀθετουμὲνου.
1339 910 1408 963 Ἀ
1437 910 1548 980 γὰρ
1574 910 1657 972 τίς
1687 909 1789 979 sps

1926 919 1984 983 is,
2022 920 2168 989 quod
2216 935 2313 976 vos
2338 932 2758 992 persequantur,
2791 933 2886 977 aut
2912 924 3056 992 quod
3088 934 3296 979 vestros
3325 940 3464 981 con~

220 998 572 1065 ινεδείξαντο,
610 999 786 1055 ταῦτα
832 1001 927 1053 καὶ
978 1002 1058 1063 si;
1116 1002 1262 1071 ὑμᾶς
1290 999 1646 1065 ἐνδείξονται,
1695 1001 1790 1053 καὶ

1926 1017 2140 1062 emnant
2167 1023 2453 1064 sermones
2488 1027 2500 1063 ι
2532 1025 2654 1080 quas
2690 1011 2837 1065 enim
2875 1012 2931 1065 in
2963 1026 3048 1065 me
3077 1012 3459 1076 ostenderunt,

232 1092 530 1159 ‘Apxetbr,
583 1095 737 1161 φησὶ,
788 1090 871 1157 τῷ
930 1092 1152 1158 δούλῳ,
1201 1094 1303 1147 Ira
1335 1091 1579 1161 γένηται
1618 1092 1699 1158 ὡς
1757 1094 1791 1144 ό

1926 1113 2010 1153 sec
2027 1100 2191 1153 etiam
2221 1099 2277 1153 in
2304 1114 2400 1154 vos
2416 1100 2703 1156 ostendent
2732 1120 2747 1158 :
2771 1111 2825 1157 et
2843 1102 3052 1171 suﬁcit,
3078 1104 3275 1174 inquit,
3296 1120 3463 1169 serra,

217 1188 418 1250 κύριος
431 1187 641 1241 αὐτοῦ.

1934 1200 1950 1243 t
1980 1192 2046 1243 sit
2080 1193 2216 1245 sicut
2248 1194 2496 1246 dominus
2532 1193 2648 1264 ejus
2678 1194 2723 1247 ⁸.

298 1272 473 1326 Ἀλλὰ
511 1303 583 1315 -
609 1292 750 1341 μου.
787 1274 971 1327 Ταῦτα
1009 1277 1211 1339 πάντα,
1245 1273 1534 1338 διώκοντες
1564 1273 1791 1345 δηλαδὴ,

1966 1279 2124 1336 Vers.
2158 1281 2249 1337 2i.
2280 1281 2386 1339 Sed
2415 1312 2483 1325 -ο
2521 1300 2715 1339 meum.
2745 1284 2871 1340 Haec
2908 1285 3117 1351 omnia,
3174 1295 3303 1356 puta
3335 1301 3462 1357 per-

220 1366 311 1417 καὶ
347 1365 439 1417 τὸν
470 1366 631 1434 λόγον
662 1366 815 1435 ὑμῶν
849 1369 925 1437 μὴ
963 1365 1282 1435 τηροῦντες.
1318 1368 1380 1420 El
1402 1364 1497 1418 οὖν
1538 1367 1794 1434 ἀγαπᾶτὲ

1926 1381 2211 1442 equentes,
2257 1384 2311 1429 et
2361 1389 2674 1431 sermonem
2719 1386 2960 1431 νεειτυω
3005 1393 3117 1432 non
3153 1390 3459 1435 servantes.

223 1472 309 1524 με,
327 1464 603 1527 χαρήσετε
629 1460 868 1523 πάντως,
893 1458 974 1511 δτι
990 1458 1059 1511 δι’
1075 1458 1175 1528 ἐμὲ
1197 1458 1371 1512 ταῦτα
1393 1460 1653 1529 πάσχετε,
1674 1461 1796 1513 ἐπεὶ

1926 1464 1953 1513 ii
1987 1477 2116 1532 ergo
2142 1462 2364 1533 diligitis
2412 1478 2519 1528 me,
2559 1463 2864 1534 gaudebitis
2891 1464 3138 1530 omnino,
3182 1466 3310 1535 quia
3349 1468 3467 1523 haec

222 1548 373 1615 κάγὼ
408 1548 479 1602 δι’
511 1550 655 1617 ὑμᾶς
675 1564 690 1580 '
733 1552 827 1601 καὶ
857 1550 1016 1619 ὑμεῖς
1048 1550 1146 1620 μὲν
1173 1549 1317 1619 ὑπὲρ
1344 1551 1646 1615 Δεσπότου,
1682 1549 1794 1618 ἐγὼ

1926 1564 2120 1623 »τοριει-
2161 1568 2248 1609 me
2278 1556 2551 1625 patimini,
2581 1555 2711 1627 quia
2742 1565 2800 1611 et
2830 1573 2930 1629 ego
2972 1568 3196 1627 propter
3238 1574 3335 1614 vos
3364 1576 3378 1613 :
3411 1569 3469 1615 et

221 1639 273 1691 δὲ
302 1642 441 1712 ὑπὲρ
476 1642 703 1696 δούλων.
734 1638 867 1696 Εἶτα
895 1641 1077 1713 τίθησι
1107 1644 1203 1696 καὶ
1224 1641 1392 1713 ἄλλην
1418 1642 1793 1714 παραμυθίαν.

1926 1662 1995 1700 ’05
2041 1645 2263 1715 quidem
2316 1662 2419 1717 pro
2471 1646 2727 1712 Domino,
2784 1665 2887 1720 ego
2936 1665 3068 1705 vero
3116 1665 3215 1722 pro
3265 1651 3465 1706 servis.

1899 1737 2106 1791 Deinde
2134 1737 2289 1806 ponit
2330 1747 2387 1794 et
2416 1737 2576 1793 aliam
2609 1740 3064 1796 consolationem.

285 816 831 885 Βία-τηρήσουσι.
866 816 1022 886 Μήτε
1064 817 1391 887 διωκόμενοι
1436 816 1784 885 δυσφορείτε,

290 1823 412 1875 Ὅτι
438 1853 509 1866 —-
540 1840 637 1893 με.
669 1824 793 1878 Ὀτι
832 1824 1085 1879 ἁθιτοῦσι
1142 1825 1236 1879 τὸν
1273 1827 1673 1881 ἀποστείλαντά
1704 1845 1795 1896 με.

1974 1829 2127 1883 Vera.
2191 1828 2282 1883 2t.
2341 1827 2480 1894 Quia
2511 1846 2711 1886 —-me.
2765 1829 2902 1896 Quia
2931 1840 3293 1889 contemnunt
3342 1847 3467 1888 eum

221 1914 500 1967 τουτέστιν
533 1915 819 1985 ὑϐρίζουσι
855 1916 1068 1971 καὶτὸν
1102 1917 1340 1988 Πατέρα.
1380 1918 1583 1971 Λοιπὸν
1612 1892 1791 1973 τοίνυν

1926 1919 1990 1987 (υἱ
2025 1932 2111 1972 Ine
2140 1892 2476 1983 amandavit,
2506 1916 2612 1973 hoc
2640 1927 2747 1981 est,
2776 1892 2995 1975 Patrem
3022 1934 3241 1990 quoque
3268 1928 3468 1975 contu-

1896 2008 2057 2063 melia
2111 2007 2377 2063 alliciunt.
2431 2008 2679 2064 Gaudete
2735 2010 2919 2081 itaque
2956 2012 3242 2066 nobiscum
3287 2010 3467 2067 allecti

1898 2104 2251 2157 contumelia.
2295 2102 2427 2157 Post
2458 2101 2573 2157 haec
2606 2100 2827 2157 Judaeos
2877 2104 3028 2157 omni
3074 2106 3250 2173 privat
3284 2106 3467 2168 venia,

1897 2192 2044 2261 quod
2080 2192 2149 2247 de
2199 2192 2469 2247 industria
2510 2200 2797 2264 perperam
2834 2194 3045 2265 operati
3072 2194 3200 2258 sint,
3237 2193 3472 2267 taliaque

1901 2284 2361 2356 perpetraverint.

291 2373 352 2425 Ei
387 2402 461 2415 -—
482 2372 702 2430 αὐτῶν.
729 2375 792 2428 Εἰ
823 2374 899 2447 μὴ
926 2375 1142 2444 ἐδίδαξα
1169 2376 1369 2441 αὐτοὺς
1391 2377 1669 2448 ἁμαρτίαν
1697 2378 1799 2431 οὐκ

1977 2374 2127 2429 Vers.
2175 2375 2265 2429 22.
2289 2374 2350 2429 Si
2377 2404 2447 2414 —
2470 2391 2587 2430 suo.
2618 2373 2676 2430 Si
2708 2390 2816 2431 non
2847 2373 3154 2432 docuissein
3192 2391 3310 2442 eos,
3342 2391 3473 2446 pcc-

222 2461 386 2533 ei/pv,
422 2466 714 2532 διώκοντες
754 2468 852 2521 καὶ
900 2468 1219 2539 ὑϐρίζοντες
1271 2470 1375 2540 ἐμὲ
1401 2486 1460 2523 τε
1508 2472 1605 2524 καὶ
1654 2471 1797 2541 ὑμᾶς

1926 2476 2085 2520 muni
2124 2481 2234 2520 non
2285 2466 2555 2523 haberent
2598 2466 2979 2537 persequendo
3027 2481 3093 2521 ae
3143 2467 3472 2522 contumelia

224 2558 345 2617 τοὺς
381 2560 571 2627 ἐμοὺς,
609 2560 686 2624 ὡς
724 2564 863 2631 μήτε
901 2562 985 2625 τίς
1037 2563 1155 2633 ειμι
1205 2562 1457 2632 λέγοντα,
1507 2567 1648 2634 μήτε
1690 2565 1800 2619 ἀπὸ

1926 2558 2185 2611 illiciendo
2240 2565 2296 2612 et
2350 2572 2439 2612 me
2478 2567 2533 2612 et
2592 2572 2710 2621 vos,
2768 2557 2863 2627 qui
2925 2558 3035 2611 mei
3089 2556 3242 2621 estis,
3282 2566 3474 2626 utpote

224 2651 330 2702 τῶν
361 2652 595 2720 Γρα·,;ὦν
615 2653 775 2706 τοῦτο
802 2655 1136 2710 δεικνύοντα.

1926 2665 2012 2703 ιυιι
2070 2649 2343 2704 dicentem
2404 2648 2532 2717 quis
2585 2661 2789 2713 essem,
2824 2660 2927 2701 nec
2971 2646 3024 2702 id
3078 2661 3110 2701 a
3174 2645 3474 2717 Scripturis

1902 2742 2304 2800 ostendentem.

1979 2830 2136 2886 Veis.
2169 2831 2259 2887 23.
2294 2830 2398 2897 Qui
2428 2861 2495 2871 —
2526 2832 2659 2885 odit.
2705 2829 2970 2901 Explauat
3002 2839 3057 2884 et
3085 2839 3247 2899 auget
3277 2844 3475 2899 pecca-

225 2100 404 2166 στερεῐ
437 2100 565 2163 τοὺς
607 2100 892 2165 Ἰουδαίους
919 2102 1137 2169 ἁπάσης
1159 2102 1493 2175 συγγνώμης
1536 2104 1794 2158 ιθελοκα-

225 2188 477 2255 κοῦντας,
502 2190 596 2242 καὶ
623 2190 851 2246 τοιαῦτα
878 2192 1411 2264 διαπραττομένους.

303 2817 367 2871 ὀ
396 2820 671 2887 -μισεῖ,
712 2822 1009 2893 Σαφηνίζει
1037 2824 1132 2877 καὶ
1178 2824 1336 2890 αὔξει
1374 2826 1472 2897 τὴν
1524 2827 1800 2899 ἁμαρτίαν

225 2911 426 2976 αὐτῶν,
460 2913 632 2980 λέγων
668 2915 750 2968 ὅτι
776 2915 871 2968 καὶ
900 2918 932 2982 ἡ
966 2916 1058 2969 τοῦ
1082 2917 1215 2969 Υίοῦ
1249 2916 1430 2988 ὕϐρις,
1456 2919 1553 2973 τοῦ
1587 2921 1801 2992 Πατρός

1939 2940 2027 2977 um
2060 2923 2276 2977 illorum
2309 2924 2519 2987 dicens,
2569 2923 2713 2991 quod
2761 2921 2886 2977 Filii
2934 2921 3156 2991 injuria,
3183 2918 3360 2974 Patris
3391 2928 3478 2975 est

226 3005 375 3056 ἐςτιν
406 3003 587 3075 ὖὸρις.
646 3005 831 3059 Εἰπὼν
862 3006 919 3058 δὲ
954 3008 1083 3077 περὶ
1109 3010 1205 3078 τῆς
1236 3008 1588 3074 διδασκαλίας
1610 3012 1801 3079 αὑτοῦ,

1927 3014 2130 3082 njnria.
2160 3011 2451 3081 Postquam
2481 3020 2664 3067 autem
2690 3010 2830 3066 dixit
2857 3010 2926 3066 de
2968 3010 3216 3067 doctrina
3243 3023 3365 3076 sua,
3393 3009 3480 3065 di-

226 3094 375 3164 λέγει
407 3098 503 3150 καὶ
537 3096 665 3166 περὶ
698 3098 806 3152 τῶν
834 3100 1078 3168 σημείων
1109 3099 1302 3154 αὑτοῦ.

1926 3102 1981 3157 rit
2008 3103 2171 3156 etiam
2208 3102 2275 3157 de
2304 3102 2474 3173 signis
2502 3100 2639 3156 suis.

294 3190 367 3241 El
394 3217 466 3228 ——
494 3184 682 3257 εἶχον.
715 3190 823 3243 Καὶ
850 3189 1021 3253 ὅντως
1064 3191 1218 3245 αὐτοὶ
1259 3192 1467 3246 τούτων
1499 3193 1797 3265 μάρτυρες.

1984 3191 2140 3248 Vcrs.
2186 3192 2277 3246 24.
2316 3192 2377 3248 Si
2421 3221 2492 3233 -—
2536 3193 2811 3247 haberent.
2858 3191 2926 3247 Et
2977 3207 3104 3247 vere
3150 3192 3257 3264 ipsi
3310 3200 3480 3247 testes

225 3277 476 3346 λέγοντες
495 3282 577 3334 ὄτι
600 3280 896 3335 Οὐδέποτε
916 3283 1104 3348 οὕτως
1127 3283 1322 3352 ἐφάνη
1342 3285 1412 3339 ἐν
1427 3283 1507 3349 τῷ
1524 3285 1799 3355 Ἰσραὴλ,

1926 3296 2066 3340 arant.
2094 3284 2341 3340 dicentes
2369 3300 2390 3339 :
2426 3282 2721 3355 Nunquam
2766 3284 3016 3356 apparuit
3044 3284 3120 3338 sic
3153 3284 3207 3336 in
3232 3282 3406 3337 Israel
3431 3285 3479 3350 ',

227 3374 322 3427 καὶ
356 3372 521 3443 ἕτερα
555 3374 803 3429 τοιαῦτα.

1926 3377 2119 3447 iliaque
2150 3377 2369 3431 similia.

299 3463 432 3518 Νῦν
457 3492 528 3503 -—
552 3462 872 3532 ἑωράκασι.
898 3466 979 3518 Τὰ
1006 3466 1232 3520 τοιαῦτα
1258 3466 1415 3535 ἔργα.

1980 3466 2137 3520 Vers.
2183 3466 2274 3521 24.
2329 3464 2487 3521 Nunc
2515 3495 2584 3505 -
2610 3468 2873 3521 uiderunt.
2912 3463 3235 3537 llujusmodi
3284 3480 3475 3535 opera.

297 3560 406 3613 Kal
427 3576 638 3627 -μου.
686 3561 970 3630 Ἀνωτέρω
1002 3562 1111 3632 γὰρ
1137 3556 1313 3623 εἶπεν,
1360 3562 1443 3615 ὅτι
1482 3560 1538 3614 Ὀ
1558 3562 1663 3631 ἐμὲ
1690 3564 1802 3634 (57)

221 3651 423 3720 μισῶν
455 3652 567 3723 (58)
596 3654 694 3706 καὶ
724 3653 831 3706 τὸν
854 3652 1087 3720 Πατέρα
1122 3672 1242 3721 μου
1269 3655 1459 3723 μισεῖ.
1494 3656 1605 3709 Kal.
1640 3655 1805 3709 ἀλλα·

228 3745 325 3815 χοῦ
357 3745 542 3799 πάλινο
590 3745 643 3797 '0
650 3746 738 3814 μὴ
765 3744 948 3813 τιμῶν
966 3744 1077 3799 τὸν
1110 3745 1268 3815 ΥΙὸν,
1296 3749 1369 3801 οὐ
1396 3745 1533 3816 τιμᾷ
1562 3747 1669 3802 τὸν
1687 3751 1806 3802 11a-

227 3838 369 3905 τέρα
390 3838 497 3890 τὸν
517 3837 837 3907 πέμψαντα
873 3842 1077 3894 αὐτόν.

311 3929 467 3982 Ἀλλ’
498 3958 571 3969 ——
588 3928 839 3997 δωρεάν.
871 3931 1167 3984 Κάνταῦθα
1198 3932 1261 3985 τὸ
1286 3933 1421 3986 Ἵνα
1444 3932 1545 3985 οὐκ
1571 3932 1807 3986 αίτιολο-

229 4022 407 4089 γικὺν,
440 4021 581 4077 ἀλλὰ
608 4023 930 4093 δηλωτικὸν,
987 4024 1081 4077 τοῦ
1120 4024 1436 4094 μέλλοντος,
1480 4026 1565 4079 ὅτι
1618 4025 1806 4095 μέλλει

227 4116 587 4186 πληρωθῆναι
621 4119 649 4169 ό
678 4116 839 4185 λόγος
870 4111 1051 4179 οὗτος.
1085 4117 1272 4187 Νόμον
1328 4119 1385 4171 δὲ
1413 4118 1564 4187 λέγει
1592 4118 1691 4189 τὴν
1725 4119 1806 4188 βί-

230 4208 356 4259 ϐλον
393 4207 501 4259 τῶν
526 4207 775 4277 Ψαλμῶν
809 4211 865 4264 ὲν
971 4211 1325 4280 γέγραπται,
1354 4211 1437 4263 ὃτι
1462 4210 1572 4264 Καὶ
1597 4214 1806 4277 λόγοις

226 4300 454 4370 μίσους
476 4300 841 4355 ἐκύκλωσάν
872 4318 971 4371 με,
1015 4303 1114 4355 καὶ
1152 4302 1549 4372 ἑπολέμησάν
1581 4320 1657 4372 με
1698 4302 1808 4357 δω-

226 4387 397 4457 ρεάν.
449 4390 749 4461 Ἐμίσησαν
805 4392 899 4445 οὖν
939 4393 1106 4447 αὐτὸν
1152 4392 1390 4462 δωρεὰν,
1434 4396 1554 4464 ἦτοι
1600 4394 1803 4466 μάτην,

231 4481 542 4550 ανευλόγως
577 4482 710 4553 (39),
739 4483 829 4537 διὰ
860 4484 960 4555 τὴν
982 4486 1251 4555 πονηρίαν
1279 4485 1486 4540 αὐτῶν.

1982 3553 2137 3610 Vers.
2178 3556 2269 3611 24.
2300 3556 2369 3612 Et
2394 3588 2466 3599 —-
2495 3573 2690 3612 meum.
2724 3557 2988 3625 Superius
3022 3570 3259 3626 namque
3290 3555 3429 3611 dixit
3457 3572 3473 3609 :

1910 3650 2013 3716 Qui
2060 3667 2142 3703 me
2180 3651 2315 3712 odit,
2359 3651 2404 3705 is
2448 3662 2496 3705 et
2542 3651 2763 3706 Patrem
2806 3666 2980 3704 meum
3018 3650 3126 3703 odit
3162 3649 3227 3704 ¹⁶.
3260 3649 3328 3703 Et
3358 3665 3484 3703 rur-

1909 3759 2029 3798 sum
2065 3743 2195 3798 alibi
2229 3760 2244 3796 :
2284 3743 2384 3808 Qui
2438 3760 2543 3798 nou
2583 3745 2808 3798 honorat
2836 3740 3060 3806 Filium,
3110 3757 3215 3796 non
3261 3741 3483 3795 honorat

1908 3835 2145 3901 Patrem,
2186 3838 2273 3906 qui
2314 3836 2455 3889 misit
2484 3834 2636 3889 illum
2666 3835 2729 3890 “.

1982 3925 2137 3981 Vers.
2178 3926 2269 3981 25.
2313 3926 2421 3981 Sed
2472 3955 2536 3968 ~
2592 3926 2782 3995 gratis.
2834 3927 3015 3982 Etiam
3050 3928 3142 3982 hic
3181 3927 3350 3982 dictio
3404 3937 3483 3991 ut,

1912 4035 2024 4074 non
2080 4029 2165 4077 est
2212 4020 2468 4085 causalis,
2524 4020 2623 4075 sed
2680 4019 2849 4074 futuri
2905 4019 3289 4090 significativa,
3341 4020 3486 4089 quod

1911 4114 2154 4167 futurum
2184 4113 2275 4178 sit,
2318 4120 2378 4166 ut
2408 4111 2498 4167 hic
2525 4126 2707 4167 sermo
2735 4112 3093 4182 compleatur.
3123 4112 3322 4183 Legem
3356 4128 3489 4167 vero

1910 4206 2043 4261 dicit
2074 4205 2271 4259 librum
2319 4194 2685 4269 Psaliuorum,
2726 4205 2793 4259 in
2840 4219 2951 4274 quo
2979 4206 3243 4274 scriptum
3270 4213 3354 4259 est
3380 4222 3394 4257 :
3421 4203 3488 4257 Et

1909 4296 2235 4353 sermonibus
2280 4298 2395 4351 odii
2446 4296 2899 4351 circumdederunt
2940 4314 3021 4351 me
3058 4307 3107 4351 et
3152 4313 3490 4367 Oppugnave-

1910 4402 2032 4446 runt
2070 4407 2151 4445 me
2199 4392 2366 4461 gratis
2406 4392 2470 4444 υ.
2508 4388 2760 4446 Oderunt
2812 4404 2945 4460 ergo
2977 4391 3133 4445 illum
3177 4388 3347 4460 gratis
3375 4389 3492 4443 sive

1913 4486 2134 4557 frustra,
2186 4486 2389 4557 absque
2449 4486 2684 4552 ratione,
2737 4492 2959 4555 propter
3001 4499 3156 4538 suam
3201 4483 3486 4537 malitiam.

305 4572 424 4626 ἰνα
452 4575 507 4627 δὲ
541 4552 616 4644 μὴ
645 4576 875 4629 εἴπωσιν
907 4552 957 4629 οι
988 4552 1282 4631 ἀπόστολοι
1303 4594 1317 4609 ο
1368 4578 1431 4631 Et
1467 4578 1529 4631 σὲ
1580 4578 1803 4643 ἐδίωξαν

1987 4579 2067 4634 Ne
2092 4552 2276 4633 autem
2300 4552 2497 4635 dicunt
2522 4552 2796 4649 apostoli:
2831 4552 2889 4633 Si
2938 4584 2991 4631 te
3022 4576 3297 4647 persecuti
3342 4584 3490 4637 sunt,

233 4665 449 4717 καὶτὸν
478 4665 640 4733 λόγον
687 4683 781 4719 σου
832 4668 933 4721 οὐκ
969 4670 1270 4739 ἐτήρησαν,
1303 4670 1353 4721 εί
1389 4668 1615 4722 τοιαῦτα
1667 4670 1808 4722 διδα-

230 4758 456 4831 χθέντες
477 4761 571 4811 καὶ
592 4758 818 4813 τοιαῦτα
843 4761 1151 4823 ἑωρακότες
1171 4761 1325 4815 οὐδὲν
1344 4760 1653 4823 ἁπὼναντο,
1679 4762 1728 4811 εἰ
1748 4760 1807 4813 σὲ

1918 4684 1971 4726 ct
2043 4686 2353 4727 sermonem
2419 4680 2572 4725 tuum
2628 4685 2736 4725 non
2807 4676 3211 4733 servaverunt;
3272 4670 3316 4723 si
3367 4683 3491 4721 cum

1922 4768 2046 4819 talia
2110 4764 2289 4819 edocti
2350 4772 2499 4829 sunt,
2556 4763 2791 4833 taliaque
2845 4763 3124 4825 viderunt,
3181 4760 3317 4815 nihil
3385 4760 3491 4814 illis

234 4852 332 4904 xui.
366 4852 458 4904 τὸν
486 4852 704 4921 Πατέρα
741 4868 835 4906 σου
893 4855 1263 4924 μεμισήκασι,
1320 4838 1580 4923 μέλλουσι
1628 4853 1685 4906 δὲ
1716 4856 1803 4907 κα)

1926 4856 2163 4928 profuit;
2221 4858 2267 4911 si
2327 4867 2378 4912 te
2431 4866 2487 4912 et
2532 4857 2747 4912 Patrem
2780 4865 2933 4910 tuum
2982 4855 3239 4917 oderunt,
3294 4853 3493 4907 similia

234 4942 315 5005 si;
364 4945 513 5013 ἡμᾶς
574 4944 647 4997 τὰ
708 4946 870 5014 ὅμοια
924 4945 1292 5012 ἐνδείξασθαι,
1328 4946 1473 5009 τινος
1512 4948 1701 5000 ἕνεκεν
1729 4947 1803 5011 εἰς

1926 4961 2141 5017 quoque
2169 4946 2460 5002 adversum
2502 4962 2605 5002 nos
2632 4945 3108 5009 demonstrabunt,
3135 4959 3299 5014 quam
3331 4944 3494 5014 igitur

236 5036 513 5098 τοιούτους
574 5036 933 5101 ἀποστέλλεις
996 5040 1185 5108 quae;

343 5223 367 5253 ⁸
401 5219 593 5274 Matth.
624 5235 677 5285 ι,
711 5223 801 5281 25.

1263 5040 1493 5108 Ἐπάγει
1557 5058 1631 5093 πα
1640 5057 1813 5111 ραμυ-

1922 5043 1993 5097 ob
2043 5056 2264 5097 causam
2321 5044 2388 5095 ad
2441 5039 2577 5094 taics
2626 5054 2727 5094 nos
2779 5037 2990 5093 mittis?
3042 5036 3251 5091 inducit
3301 5049 3497 5089 conso-

901 5225 922 5259 '
954 5223 1143 5282 Matth.
1194 5242 1272 5293 tx,
1311 5227 1402 5282 55.
1482 5226 1525 5256 “
1550 5225 1709 5281 Joan.
1739 5239 1828 5279 xv.
1859 5221 1950 5277 23.
2030 5224 2069 5254 “
2100 5224 2255 5278 Joan.
2293 5237 2346 5285 ν,
2383 5222 2472 5275 23.
2552 5222 2596 5253 “
2632 5221 2768 5278 Psal.
2806 5236 2955 5287 cvm,
2988 5220 3044 5274 2.

1421 5379 1625 5442 Varia:
1653 5379 1957 5442 lectiones
1989 5390 2050 5442 et
2097 5390 2284 5441 noue.

310 5545 425 5617 (37)
454 5545 654 5617 Murth
685 5546 809 5617 me.
845 5548 910 5601 Α.

1997 5545 2106 5611 (39)
2146 5542 2449 5598 Hentcnins
2500 5542 2730 5599 fortasse
2763 5543 2970 5611 reperit
3000 5559 3128 5596 aveo
3150 5542 3334 5612 λόγου,
3385 5539 3492 5595 Sed

309 5614 420 5689 (.38)
452 5616 548 5670 Hic
578 5614 728 5672 addit
759 5618 953 5684 codex,
977 5618 1042 5674 A.
1070 5620 1238 5688 μισεῖ.
1269 5615 1437 5673 Paulo
1468 5628 1589 5689 post
1626 5625 1803 5671 autem

1926 5615 2023 5671 hoc
2052 5630 2266 5686 quoque
2302 5614 2530 5685 probum
2564 5616 2601 5670 ἰ.
2630 5633 2682 5671 e.
2746 5616 2845 5667 οὐκ
2875 5614 3131 5681 εὐλόγως.

239 5686 461 5741 omittit.

310 5848 416 5917 (νει)
456 5848 514 5903 Ut
544 5878 611 5889 -
638 5849 699 5901 si.
733 5846 1033 5917 Siquidem.

570 5943 837 5999 Panum.
881 5944 992 6000 (in.
1035 5941 1291 6002 CXXIX.

3094 5935 3168 5997 45
