3976 6496
465 395 605 457 ΗΠ)

1686 377 2068 442 EUTHYMII
2109 373 2468 437 ZIGABENI

3579 372 3709 435 16ἓο

466 509 754 569 lationem,
801 504 1009 568 dicens,
1045 503 1192 573 quod
1238 501 1473 573 Spiritus
1519 506 2050 565 sanctus-coopera-

2170 487 2299 554 llzv,
2341 488 2517 552 λέγων
2571 488 2652 540 ὅτι
2702 486 2759 540 τὸ
2813 485 3041 557 Πνεῦμα
3086 485 3148 538 τὸ
3193 485 3347 555 άγιον
3401 500 3722 556 συνεργησεε

465 601 616 655 bitur
658 599 788 654 illis.

853 704 1004 760 CAP.
1040 703 1204 759 XVII.
1241 702 1319 757 De
1343 703 1641 758 Paracleto.

537 799 692 852 Vers.
746 797 833 851 26.
884 796 1112 851 Cum—
1158 812 1258 850 me.
1296 793 1373 850 De
1408 810 1528 848 mea
1575 791 1882 848 divinitate.
1918 789 2050 844 Nam

465 908 588 947 cum
625 891 781 943 Pater
827 885 1184 942 multifariam
1217 885 1586 942 testimonium
1617 882 1958 954 perhibuerit
1987 881 2054 936 de

466 999 572 1049 me,
591 983 823 1052 Spiritus
837 990 1060 1036 sanctus
1076 977 1657 1051 quoquemultilariam
1675 977 2051 1032 testimonium

465 1073 687 1128 omnino
753 1072 1083 1142 perbibebit.
1160 1069 1565 1124 Testiﬁeabitur
1616 1076 1797 1123 autem
1865 1067 2052 1121 lucens

467 1166 519 1217 in
572 1164 831 1219 cordibus
886 1163 1082 1219 vestris
1135 1161 1204 1216 ad
1240 1163 1500 1232 majorem
1560 1159 1968 1224 ce‘rtitudinem,
2000 1163 2054 1210 et

467 1256 726 1310 miracula
750 1267 986 1325 operans
1003 1253 1070 1308 ad
1091 1269 1291 1308 nomen
1315 1268 1516 1308 meum.
1542 1250 1678 1307 Vide
1695 1260 1878 1306 autem
1907 1249 2050 1320 quod

469 1347 631 1400 mittit
665 1347 884 1417 quidem
910 1362 1034 1402 eum
1067 1355 1122 1401 et
1147 1344 1336 1412 Filius,
1367 1353 1622 1416 tanquam
1651 1345 1896 1415 ejusdem
1925 1358 2049 1397 eum

472 1439 629 1492 Patre
661 1439 889 1493 honoris
924 1454 938 1491 :
974 1453 1162 1492 verum
1196 1437 1251 1492 id
1279 1453 1309 1490 a
1355 1437 1532 1498 Patre,
1569 1447 1696 1505 puta
1743 1435 2048 1505 proceden-

473 1541 607 1583 tem.
667 1527 920 1584 Procedit
969 1529 1152 1598 itaque
1199 1543 1229 1581 a
1281 1525 1464 1590 Patre,
1507 1536 1765 1595 tanquam
1813 1525 1880 1579 de
1927 1526 2050 1592 ejus

469 1620 796 1674 substantia.
845 1619 972 1674 Ideo
994 1620 1158 1674 etiam
1189 1616 1373 1672 omnia
1412 1631 1533 1687 qua:
1575 1615 1748 1670 Patris
1772 1624 1900 1669 sunt
1945 1630 2050 1669 no-

469 1715 565 1773 vit,
612 1713 756 1766 sicut
784 1719 840 1766 et
882 1711 1070 1766 Filius.

543 1805 702 1870 Quod
735 1805 780 1860 si
815 1813 972 1876 roget
1003 1804 1150 1875 quis,
1177 1819 1275 1860 cur
1304 1806 1467 1859 etiam
1500 1801 1671 1857 Filius
1705 1817 1813 1856 non
1848 1802 2047 1858 dicitur

473 1899 590 1966 ipse
625 1895 884 1964 Spiritus,
921 1911 1046 1950 cum
1081 1895 1246 1950 etiam
1289 1897 1360 1949 ab
1395 1894 1588 1949 eodem
1630 1893 1701 1948 sit
1730 1893 1913 1955 Patre,
1966 1893 2050 1947 di-

467 1980 680 2047 cemus,
711 1988 839 2056 quia
882 2002 992 2041 non
1022 1995 1187 2041 natus
1217 1995 1320 2051 est,
1353 1984 1818 2056 quemadmodum
1855 1982 2047 2048 Filius,

467 2079 561 2132 sed
600 2078 706 2132 alio
741 2078 903 2133 modo
931 2078 1197 2148 procedit.
1234 2077 1362 2132 Ideo
1395 2075 1529 2130 Ναιί
1561 2073 1782 2146 quidem
1816 2077 2051 2130 vocabu-

468 2171 576 2223 lum
640 2169 778 2223 Filio
834 2170 1133 2234 convertit,
1180 2169 1544 2225 Procedentis
1609 2183 1742 2224 vero
1794 2167 2046 2238 Spiritui.

471 2263 712 2316 Rursum
760 2264 804 2318 si
847 2273 1036 2335 pergat
1067 2265 1435 2335 interrogans,
1482 2264 1615 2333 quid
1660 2264 1734 2318 sit
1786 2263 1880 2318 illa
1927 2279 2053 2334 pro-

469 2363 669 2420 cessio,
705 2371 994 2427 pergemus
1021 2367 1078 2412 et
1108 2373 1212 2413 nos
1239 2358 1513 2422 dicentes,
1556 2359 1882 2412 invertendo
1916 2373 2053 2428 pau-

471 2449 665 2511 lulum,
690 2449 832 2518 quod
863 2449 937 2502 ait
965 2448 1263 2520 Gregorius
1291 2448 1637 2520 Theologus:
1667 2448 1764 2504 Dic
1794 2458 1852 2503 tu
1884 2465 2052 2520 gene-

473 2539 739 2592 rationem
779 2539 920 2604 Filii,
952 2547 1007 2593 et
1051 2554 1152 2594 nos
1185 2549 1435 2594 naturam
1469 2539 1791 2608 eloquentur
1820 2555 2050 2609 proces-

471 2627 643 2682 sionis
673 2626 908 2698 Spiritus
938 2644 952 2684 :
982 2636 1036 2682 ct
1065 2643 1128 2682 ex
1158 2643 1314 2698 :cquo
1341 2627 1847 2698 pugnabimus(rr),
1869 2628 1923 2681 in
1956 2627 2051 2683 Dei

472 2721 728 2792 mysteria
775 2732 1030 2791 tanquam
1071 2736 1172 2788 per
1215 2729 1568 2775 transennam
1615 2721 2040 2790 prospicientes.

540 2814 723 2879 Quare
775 2823 957 2868 autem
1013 2813 1186 2868 Filius
1237 2820 1293 2867 et
1349 2812 1588 2883 Spiritus
1646 2829 1756 2868 non
1793 2815 2054 2869 dicuntur

469 2905 690 2970 fratres,
730 2920 853 2960 cum
893 2905 1147 2961 eumdem
1183 2906 1423 2961 habeant
1469 2906 1724 2962 Patrem?
1754 2905 1890 2973 Quia
1929 2923 2043 2962 non

472 3001 665 3054 eodem
711 2999 872 3054 modo
918 3015 982 3053 ex
1027 2999 1119 3053 illo
1164 3007 1291 3053 sunt
1324 3013 1339 3065 ;
1371 2998 1640 3069 siquidem
1671 3001 1759 3055 ille
1778 3001 2053 3070 nascitur,

472 3094 562 3148 lllC
599 3109 729 3147 vero
771 3091 1042 3164 procedit.
1304 3095 1306 3105 '

2155 580 2366 643 αὐτοῖς.

2398 695 2555 750 ΚΕΦ.
2594 694 2698 747 ΙΖ’.
2730 691 2870 760 Περὶ
2922 690 3030 745 τοῦ
3069 690 3487 758 Παρακλήτου.

2228 788 2415 841 Ὅταν
2437 817 2503 827 -
2535 786 2701 854 ἐμοῦ.
2732 783 2868 855 Περὶ
2890 783 2992 854 τῆς
3014 783 3154 853 ἐμῆς
3186 782 3459 851 θεότητος.
3486 779 3591 832 Τοῦ
3621 781 3724 848 γὰρ

2155 881 2371 951 Πατρδς
2401 878 2677 949 διαφόρως
2709 875 3164 947 μαρτυρήσαντος
3196 874 3325 943 περὶ
3349 872 3506 942 ἐμοῦ,
3549 874 3644 924 καὶ
3670 873 3725 921 τὸ

2156 974 2383 1044 Πνεῦμα
2414 972 2475 1024 τὸ
2535 972 2690 1038 ἅγιον
2745 967 3021 1039 διαφόρως
3094 965 3436 1038 μαρτυρήσει
3486 964 3723 1026 πάντως.

2154 1065 2521 1134 Μαρτυρήσει
2551 1063 2608 1115 δὲ
2656 1061 2938 1130 ἐλλάμπον
2992 1059 3112 1120 ταῖς
3171 1057 3423 1128 καρδίαις
3464 1055 3620 1126 ὑμῶν
3649 1057 3727 1112 εἰς

2153 1161 2533 1234 πληροφορῐαν
2561 1159 2932 1230 τελειοτέραν,
2959 1157 3054 1209 καὶ
3089 1153 3494 1222 τερατουργοῦν
3525 1154 3618 1206 ἐπὶ
3651 1151 3728 1218 τῷ

2151 1253 2382 1324 ὀνόματί
2445 1269 2572 1322 μου.
2607 1251 2778 1322 [Ὅρα
2804 1250 2918 1319 (40)
2972 1247 3028 1300 δὲ
3075 1247 3158 1301 ὅτι
3196 1247 3405 1316 πέμπει
3463 1246 3562 1313 μὲν
3598 1246 3728 1297 αὐτὸ

2153 1347 2248 1400 καὶ
2284 1343 2436 1410 Υἱὸς,
2462 1343 2538 1407 ὡς
2562 1345 2828 1414 ὁμότιμος
2848 1340 3156 1411 τῷἪατρὶ,
3203 1339 3354 1408 παρὰ
3384 1337 3479 1389 τοῦ
3514 1336 3727 1408 Πατρδς

2148 1437 2230 1498 δὲ,
2270 1437 2346 1500 ὡς
2371 1436 2523 1507 παρὰ
2552 1434 2647 1488 τοῦ
2678 1433 2890 1504 Πατρδς
2925 1431 3390 1501 ἐκπορευόμενον.
3445 1427 3606 1499 Παρὰ
3637 1427 3728 1479 τοῦ

2152 1531 2363 1600 Πατρδς
2402 1531 2457 1583 δὲ
2503 1526 2895 1598 ἐκπορεύεται,
2940 1525 3017 1590 ὡς
3074 1527 3137 1577 ἐκ
3177 1525 3272 1595 τῆς
3318 1523 3508 1586 οὐσίας
3561 1522 3727 1575 αὑτοῦ

2151 1624 2230 1677 δν.
2265 1625 2354 1676 Διὸ
2383 1625 2479 1677 καὶ
2513 1618 2623 1676 οἶδε
2663 1623 2840 1676 πάντα
2891 1621 2961 1674 τὰ
2986 1619 3082 1672 τοῦ
3137 1617 3370 1688 Πατρδς,
3413 1617 3599 1686 ὥσπερ
3635 1615 3728 1668 καὶ

2150 1717 2178 1768 ὁ
2207 1713 2352 1777 Υἱός.

2225 1807 2288 1859 Ei
2314 1806 2372 1858 δέ
2407 1822 2492 1868 τις
2520 1806 2702 1875 ἐρωτᾷ
2725 1803 2843 1867 πῶς
2883 1804 2942 1856 οὗ
2985 1802 3202 1868 λέγεται
3255 1802 3349 1853 καὶ
3403 1801 3464 1852 τὸ
3512 1797 3731 1866 Πν;ῦμα

2158 1897 2301 1961 Υἱὸς,
2336 1893 2422 1949 οἷα
2454 1898 2518 1949 ἐκ
2552 1895 2646 1948 τοῦ
2685 1895 2851 1948 αὑτοῦ
2886 1895 3103 1965 Πατρὶς
3159 1893 3226 1946 ὗν
3251 1931 3266 1955 ,
3327 1892 3560 1962 ἐροῦμεν
3595 1890 3728 1943 διότι

2152 1989 2214 2043 οὔ
2241 1989 2496 2058 γεννᾶται
2549 1988 2625 2049 ὡς
2675 1989 2703 2040 ὁ
2737 1987 2886 2050 Υἱὸς,
2945 1986 3062 2041 ἀλλ’
3110 1984 3473 2054 ἐκπορεύεται
3528 1983 3730 2052 τρόπον

2153 2089 2364 2159 ἕτερον.
2400 2088 2494 2139 Διὸ
2539 2085 2616 2156 τῷ
2649 2083 2896 2155 γεννητῷ
2941 2084 3039 2153 μὲν
3087 2082 3283 2152 κλῆσις
3343 2080 3496 2146 Υἱὸς,
3529 2078 3606 2149 τῷ
3640 2081 3732 2131 ἐκο

2155 2178 2409 2250 πορευτῷ
2450 2178 2506 2231 δέ
2538 2177 2786 2246 Πνεῦμα.
2835 2176 2896 2228 El
2927 2175 2983 2227 δὲ
3018 2173 3426 2244 προσερωτήσει
3467 2170 3551 2234 τις
3582 2171 3729 2222 ἐστιν

2153 2268 2292 2341 αὕτη
2331 2271 2365 2339 ὴ
2413 2268 2762 2338 ἐκπόρευσις,
2826 2262 3210 2334 προσεροῦμεν
3263 2262 3291 2314 ὅ
3338 2277 3504 2330 φησιν
3558 2259 3728 2328 (Η)ό

2152 2361 2416 2428 Θεολόγος
2445 2359 2773 2431 Γρηγόριος,
2805 2357 3003 2428 μικρὸν
3033 2355 3444 2421 ὑπαλλάξαντες
3475 2354 3558 2405 ὅτι
3593 2351 3730 2403 Εἰπέ

2157 2455 2222 2508 σὺ
2251 2454 2354 2525 τὴν
2391 2454 2652 2524 γέννησιν
2679 2451 2773 2504 τοῦ
2814 2450 2969 2514 Υἱοῦ,
3013 2450 3110 2503 καὶ
3139 2449 3302 2519 ἡμεῖς
3341 2444 3735 2515 φυσιολογήσο-

2157 2563 2257 2616 μεν
2285 2545 2386 2616 τὴν
2413 2545 2748 2614 ἐκπόρευσιν
2773 2542 2868 2595 τοῦ
2893 2541 3232 2610 Πνεύματος,
3280 2540 3375 2592 καὶ
3436 2535 3733 2607 παραπλη-

2155 2639 2414 2708 κτίσομεν
2439 2638 2639 2706 ἐπίσης
2662 2637 2740 2698 εις
2763 2634 2900 2689 Θεοῦ
2942 2635 3219 2706 μυστήρια
3247 2630 3729 2703 παρακύπτοντες.

2226 2817 2337 2870 Καὶ
2385 2816 2532 2870 διατί
2592 2819 2620 2869 ὀ
2673 2815 2803 2879 Υἱὸς
2841 2815 2935 2867 καὶ
2993 2813 3054 2866 τὸ
3107 2813 3332 2882 Πνεῦμα
3389 2813 3449 2865 οὔ
3484 2811 3735 2880 λέγονται

2154 2907 2401 2976 ἀδελφοὶ,
2440 2907 2534 2960 τὸν
2581 2905 2746 2959 αὐτὸν
2798 2905 3019 2974 ἔχοντες
3073 2905 3325 2975 Πατέρα;
3353 2901 3498 2957 Διότι
3533 2902 3594 2955 οὖ
3646 2902 3737 2956 τὸν

2157 3001 2323 3055 αὑτὸν
2354 3001 2563 3070 τρόπνν
2585 2977 2728 3052 εἰσὶν
2749 2998 2807 3064 ἐξ
2838 2996 3007 3051 αὐτοῦ
3031 3015 3042 3027 ’
3076 3002 3102 3051 ὁ
3129 3001 3242 3078 μὲν
3295 2998 3403 3070 γὰρ
3450 2999 3735 3067 γεννᾶται,

2158 3095 2217 3148 τὺ
2241 3094 2296 3147 δέ
2325 3092 2719 3165 ἐκπορεύεται.

549 3187 708 3240 νυτε.
735 3186 828 3240 27.
863 3185 934 3240 Et
975 3215 1047 3226 —
1072 3186 1220 3240 εειὶε.
1272 3186 1466 3242 Testes
1494 3201 1812 3241 sermonum
1844 3194 1902 3241 et
1929 3200 2052 3255 ope-

2230 3189 2339 3245 Kai
2361 3217 2429 3230 -
2449 3188 2613 3244 ~é0’té.
2647 3190 2757 3242 Καὶ
2784 3189 2943 3260 ὑμεῖς
2974 3189 3253 3260 μάρτυρες
3282 3187 3391 3241 τῶν
3432 3187 3606 3257 λόγων
3641 3191 3737 3242 καὶ

471 3295 593 3333 rum
642 3292 914 3344 meorum,
954 3292 1019 3332 ac
1056 3293 1193 3332 mea:
1223 3277 1422 3333 divina:
1447 3276 1709 3348 potentiae
1740 3276 1846 3331 ﬁde
1878 3275 2051 3348 digni,

470 3373 595 3441 quia
634 3371 702 3425 ab
743 3369 899 3424 initio
945 3369 1354 3439 prmdicationis
1404 3383 1767 3438 meorumque
1817 3368 2056 3422 miracu-

476 3463 655 3516 lorum
713 3475 929 3514 meeum
983 3459 1138 3525 estis,
1182 3468 1238 3514 ct
1286 3460 1514 3514 omnino
1556 3459 1859 3514 multos‘ad
1890 3458 2052 3513 ﬁdem

472 3551 778 3614 addueetis,
814 3562 997 3618 neque
1046 3547 1191 3602 enim
1223 3562 1420 3602 omnes
1451 3547 1861 3602 similiter‘mali
1900 3556 2051 3602 sunt.

543 3644 696 3698 CAP.
750 3641 889 3697 XVI.
944 3641 1098 3696 Vers.
1151 3641 1203 3695 I.
1257 3639 1387 3696 Haec
1413 3641 1866 3712 —-oﬁ‘endamini;
1916 3641 2053 3699 Cum

483 3736 656 3788 malos
698 3735 944 3789 videritis
995 3743 1387 3804 persequentes
1421 3749 1542 3799 vos,
1589 3749 1654 3789 ac
1701 3733 1900 3806 injuria
1937 3735 2052 3788 am-

476 3828 707 3891 eientes,
738 3827 831 3881 sed
863 3835 1260 3896 cognoscentes
1298 3825 1417 3896 (σε),
1445 3825 1588 3894 quod
1623 3824 1938 3893 I’aracletus
1963 3841 2054 3881 vo-

476 3919 560 3973 bis
587 3918 902 3985 auxilietur,
937 3918 1084 3972 bono
1114 3916 1237 3970 sitis
1271 3916 1478 3980 animo,
1510 3931 1574 3970 ac
1603 3915 1836 3971 viriliter
1857 3915 2054 3989 agatis.

551 4010 711 4064 Vers.
747 4010 801 4063 9..
849 4006 1023 4063 Extra
1053 4023 1353 4078 synagogas
1381 4037 1451 4048 —
1472 4022 1582 4061 vos.
1617 4006 1942 4064 Praedictum
1973 4017 2058 4063 est

475 4105 626 4155 enim
669 4100 734 4163 ",
770 4100 914 4168 quod
946 4105 1261 4154 statuerunt
1301 4097 1498 4162 Judaei,
1532 4106 1592 4152 ut
1631 4099 1679 4153 si
1710 4102 1838 4168 quis
1869 4101 2056 4155 conli-

481 4204 690 4246 ti-retur
735 4194 913 4261 ipsum
970 4205 1094 4246 esse
1140 4190 1459 4256 Christum,
1515 4200 1672 4245 extra
1711 4189 2054 4262 Svnagogam

477 4287 790 4355 ejiceretur.

561 4377 712 4433 Vers.
759 4379 813 4433 2.
852 4377 958 4432 Sed
985 4407 1052 4418 —
1085 4375 1219 4432 Deo.
1268 4375 1375 4431 Sed
1413 4375 1747 4446 procedente
1785 4384 2054 4446 tempore,

481 4476 679 4544 inquit,
740 4473 877 4527 adeo
924 4470 1222 4537 insanient,
1277 4477 1539 4539 tantoque
1590 4467 1773 4523 studio
1819 4476 2057 4524 vestram

482 4568 820 4624 :leet-tabunt
875 4573 1130 4630 mortem,
1169 4573 1228 4618 ut
1281 4576 1409 4618 eum
1462 4561 1554 4632 qui
1611 4577 1708 4618 vos
1764 4561 2055 4622 occiderit.

489 4669 679 4732 putent
712 4657 1045 4713 sacriﬁcium
1082 4671 1147 4711 ac
1197 4654 1471 4710 victimam
1518 4654 1784 4709 obtulisse
1832 4656 1967 4718 Deo,
2002 4662 2058 4709 et

482 4756 777 4823 opinentur
805 4750 1043 4806 coluisse
1075 4762 1201 4802 eum
1233 4746 1428 4817 magis,
1467 4745 1625 4815 eique
1657 4745 1959 4816 placuisse,
1997 4753 2060 4800 ut

485 4844 578 4913 qui
619 4843 937 4896 seductores
983 4853 1048 4894 ac
1098 4837 1386 4908 pestiferos
1441 4838 1722 4893 occiderit.
1763 4838 2059 4908 Postquam

485 4935 734 5007 prxdixit
772 4933 963 4997 tristia,
995 4931 1145 4986 addit
1175 4929 1372 4985 iterum
1408 4930 1860 4984 consolationem.

595 5054 636 5084 ⁸³
657 5053 813 5108 Joan.
848 5069 919 5118 ιιι,
944 5051 1035 5104 20.

2157 3283 2334 3354 ἔργων
2361 3301 2488 3354 μου,
2519 3282 2613 3335 καὶ
2639 3285 2740 3354 τῆς
2760 3283 2902 3352 ἐμῆς
2932 3281 3271 3354 (θεοπρεποῦς
3293 3281 3573 3350 δυνάμεως
3592 3281 3735 3346 ἀξιό-

2160 3392 2368 3440 πιστοι,
2425 3374 2558 3428 διότι
2597 3374 2691 3428 ἀπ’
2742 3373 2917 3445 ἀρχῆς
2955 3372 3049 3426 τοῦ
3105 3371 3465 3443 κηρύγματος
3511 3367 3739 3424 καὶτῶν

2159 3465 2458 3536 Θαυμάτων
2496 3464 2615 3534 μετ’
2667 3463 2805 3534 ἐμοῦ
2856 3465 3001 3530 ἐστε,
3033 3464 3130 3516 καὶ
3171 3463 3402 3525 πολλοὺς
3432 3462 3543 3532 (ίὲ)
3596 3462 3738 3514 πάν-

2155 3573 2263 3620 τως
2297 3556 2599 3627 άγρεύσετε
2655 3557 2796 3626 πρδς
2860 3556 2959 3626 τὴν
3011 3557 3230 3610 πίστιν·
3267 3557 3326 3609 οὐ
3375 3555 3484 3626 γὰρ
3536 3556 3736 3618 πάντες

2156 3650 2362 3720 ὁμοίως
2394 3648 2648 3719 πονηροί.

2229 3740 2423 3795 Ταῦτα
2456 3739 3040 3802 -σκανδαλισθῆτα
3089 3739 3258 3793 Ὅταν
3290 3740 3435 3811 ἴδητε
3483 3740 3606 3802 τοὺς
3641 3757 3740 3792 πο-

2155 3831 2360 3902 νηροὺς
2411 3830 2705 3895 διώκοντας
2733 3831 2875 3901 ὑμᾶς
2901 3832 2996 3885 καὶ
3029 3831 3353 3897 κακοῦντας,
3398 3831 3511 3885 ἀλλ’
3535 3831 3621 3885 ἵνα
3652 3849 3739 3898 γι-

2156 3921 2460 3986 νώσκοντες
2502 3923 2587 3976 ὅτι
2616 3924 2643 3973 ὁ
2675 3922 3036 3992 Παράκλητος
3068 3922 3351 3993 ἐπικουρεῖ
3394 3922 3546 3992 ὑμῖν,
3583 3922 3739 3991 εὐψυ-

2157 4016 2301 4085 χεῐτε
2336 4014 2433 4066 xal.
2468 4012 2812 4084 ἀνδρίζεσθε.

2240 4105 2776 4175 ’Λποσυναγώγους
2815 4137 2884 4147 —-
2918 4104 3097 4175 ὑμᾶς.
3143 4105 3468 4177 ΙΙροείρηται
3518 4105 3626 4175 γὰρ
3661 4105 3741 4160 Ξτι

2159 4197 2446 4250 συνέθεντο
2479 4199 2528 4251 οἱ
2571 4197 2840 4261 Ἰουδαῖοι,
2862 4197 2972 4260 ἵνα,
2999 4197 3094 4252 ἐάν
3122 4215 3207 4260 τις
3222 4196 3388 4250 αὑτὸν
3420 4197 3739 4270 ὁμολογήσῃ

2157 4291 2419 4361 Χριστὸν,
2450 4291 2884 4359 ἀποσυνάγωγος
2913 4288 3161 4360 γένηται.

2241 4383 2397 4437 Ἀλλ’
2422 4413 2488 4426 -—-
2513 4379 2656 4447 Θεῷ.
2686 4381 2851 4434 Ἀλλὰ
2878 4382 3163 4452 προϊόντος
3187 4380 3282 4436 τοῦ
3306 4383 3524 4453 χρόνου,
3545 4381 3736 4453 φησιν,

2168 4475 2427 4530 τοσοῦτον
2447 4475 2856 4546 ἐκμανήσονται
2880 4473 2974 4526 καὶ
3002 4473 3474 4544 περισπούδαστον
3495 4475 3742 4542 ποιήσον-

2167 4587 2259 4623 ται
2292 4571 2384 4623 τὺν
2409 4569 2640 4623 θάνατον
2678 4568 2852 4639 ὑμῶν,
2877 4567 3019 4621 ὥστε
3062 4568 3154 4621 τὸν
3184 4568 3573 4620 ἀποκτείνοντα
3631 4567 3738 4636 (45)

2170 4663 2312 4733 ὑμᾶς
2345 4661 2520 4715 δοκεῖν
2555 4661 2745 4715 θυσίαν
2775 4659 3105 4730 προσφέρειν
3155 4658 3232 4729 τῷ
3267 4657 3409 4729 Θεῷ,
3437 4660 3530 4711 καὶ
3581 4657 3738 4727 νομι-

2172 4754 2286 4819 ζειν
2313 4749 2559 4806 εὖσεδεῐν
2588 4753 2790 4824 μᾶλλον
2821 4753 2913 4806 καὶ
2939 4752 3253 4823 εὐαρεστεῖν
3295 4751 3460 4821 αὐτῷ,
3479 4751 3553 4814 ὼς
3599 4751 3740 4804 dno-

2171 4846 2447 4899 κτείνοντα
2477 4845 2733 4910 πλάνους,
2773 4845 2863 4898 καὶ
2910 4843 3218 4914 λυμεῶνας,
3273 4844 3367 4897 καὶ
3403 4842 3738 4910 οεοστυγεῖς.

2174 4932 2461 5003 Προειπὼν
2493 4932 2549 4986 δὲ
2576 4933 2646 4987 τά
2669 4933 2910 5005 λυπηρὰ,
2944 4933 3138 5003 ἐπάγει
3169 4933 3329 4988 πάλιν
3368 4931 3736 5004 παραμυθίαν.

1703 5117 1898 5180 Varia:
1941 5116 2251 5182 lectiones
2289 5129 2346 5182 et
2389 5127 2578 5184 notae.

559 5245 671 5314 (40)
702 5246 920 5300 Inclusa
955 5245 1154 5298 absunt
1178 5246 1244 5299 Α.

563 5311 673 5384 (41)
716 5315 894 5370 Locus
911 5315 1153 5384 Gregorii
1187 5314 1441 5369 Nazianz.
1476 5311 1706 5384 inierat,
1739 5313 1806 5368 de
1847 5313 2054 5384 Spiritu

490 5383 701 5447 saneto,
728 5401 779 5455 p.
813 5385 939 5451 2‘2l,
968 5383 1085 5438 init.
1118 5383 1187 5438 ita
1226 5384 1428 5455 habet:
1509 5383 1606 5455 Τίς
1651 5383 1745 5436 οὖν
1804 5385 1836 5452 η
1892 5383 2056 5437 ἐκπό-

492 5475 675 5526 ρευσις
698 5454 734 5522 ;'
770 5457 891 5509 εἰπέ
920 5457 984 5508 σὺ
1014 5454 1475 5526 τὴνάγεννησίαν
1507 5454 1600 5506 τοῦ
1626 5455 1860 5526 Πατρδς,
1898 5457 2054 5523 καγῦι

485 5531 586 5598 τὴν
620 5531 872 5599 γέννησιν
899 5527 992 5578 τοῦ
1019 5525 1148 5579 Υὶοῦ
1182 5525 1582 5595 φυσιολογήσω,
1634 5525 1728 5577 καὶ
1761 5525 1857 5593 τὴν
1889 5527 2054 5578 sm.

559 5682 656 5754 (η.)
686 5683 750 5738 ει
777 5701 840 5738 επ
875 5701 1023 5754 ωᾳηο
1058 5683 1408 5752 pugnabiums
1431 5709 1499 5720 --
1524 5679 1947 5754 prospicientes.
1985 5681 2052 5733 Et

490 5752 762 5820 s‘militer,
816 5752 972 5824 quaSi
1033 5757 1347 5816 delirantes,
1407 5752 2051 5819 COIliblllillr—[H‘OSPI-

490 5839 631 5878 CCI‘C.

2170 5260 2354 5323 ρευσιν
2386 5247 2486 5323 τοῦ
2527 5249 2864 5323 Πνευματος.
2905 5249 3000 5323 καὶ
3025 5248 3546 5320 παράπληκτισομεν
3570 5261 3733 5320 αμφω

2167 5316 2412 5388 εεςέξεοῦ
2447 5316 2719 5388 μὐστήρια
2756 5316 3226 5387 παρακόπτοντες.

2237 5387 2350 5454 (49.)
2385 5388 2574 5450 Πάλιν,
2613 5387 2718 5456 pro
2774 5389 3003 5452 πολλούς
3026 5388 3085 5445 Β.

2235 5457 2347 5526 (43)
2397 5458 2820 5512 ’Λποκτείναντα
2846 5461 2911 5525 Δ,
2944 5469 3001 5515 ιιι
3045 5470 3127 5514 est
3157 5459 3209 5513 in
3243 5469 3412 5514 textu.

2239 5685 2343 5761 (ss)_
2357 5684 2460 5761 Sed
2478 5695 2859 5761 cognoscentes.
2890 5686 3007 5741 Ἵνα
3028 5703 3131 5742 non
3156 5689 3730 5761 expressitiuterpres,

2164 5769 2224 5807 ac
2254 5756 2556 5809 redundare
2590 5757 2820 5811 videtur.
