3976 6540
224 463 352 528 1421

283 575 393 632 Καὶ
451 605 518 614 ——
581 572 705 640 ἐμέ.
755 569 833 622 Δι’
887 566 977 630 οὓς
1032 565 1208 620 ταῦτα
1260 563 1658 635 ὑποστήσεσοε.
1690 564 1870 628 ΚαὶΑ

220 670 373 738 ἀρκεῖ
424 667 554 733 ὑμῖν
590 665 670 728 είς
702 657 1049 729 παράκλησιν
1110 658 1169 709 τὸ
1191 657 1258 710 δι’
1289 657 1434 726 ἡμᾶς
1473 657 1646 708 ταῦτα
1699 655 1799 707 πά-

221 776 384 828 σχειν.
407 758 528 810 Οὐκ
562 755 839 823 ἔγνωσαν
864 752 932 804 δὲ
962 753 1066 805 τὸν
1095 750 1327 816 Πατέρα
1347 747 1490 802 οὐδὲ
1512 749 1616 817 ἐμὲ
1651 746 1800 799 ἐκόνι-

219 866 327 914 τες,
355 848 429 911 ὠς
461 844 943 905 ὲΟελοκακοῦντες.

299 1030 472 1086 Ἀλλὰ
516 1058 589 1069 -
638 1027 801 1098 ὑμῖν.
864 1028 1003 1091 Ἵνα,
1047 1027 1177 1079 ὅταν
1238 1024 1368 1094 ἔλθῃ
1404 1026 1431 1076 ὁ
1459 1021 1650 1092 καιρὸς
1699 1021 1797 1090 τῆς

217 1121 446 1185 διώξεως
497 1121 590 1172 καὶ
624 1120 958 1188 ἀναιρέσεως
1000 1116 1173 1187 ὑμῶν,
1206 1115 1586 1186 μνημονεύητε
1620 1113 1687 1168 αὑ
1701 1113 1801 1165 τῶν

216 1211 288 1269 ὧν
317 1214 380 1283 δὴ
414 1213 528 1284 (44)
561 1212 838 1281 λελάληκα
870 1211 1021 1280 ὑμῖν,
1051 1211 1219 1280 {now
1269 1210 1356 1262 ἵνα
1419 1207 1800 1278 μνημονεύητε

218 1307 294 1358 ὅτι
322 1307 433 1371 ἐγὼ
469 1297 626 1356 εἶπον
662 1306 790 1373 ὑμῖν
821 1303 1024 1365 πάντα,
1053 1304 1129 1364 ὡς
1162 1303 1342 1355 πάντα
1376 1299 1669 1363 εἰδὼς,καὶ
1714 1300 1802 1352 ἵνα

219 1396 322 1450 ἀπὸ
357 1395 456 1463 τῆς
494 1393 729 1464 ἀληθοῦς
762 1395 1218 1464 προαγορεύσεως
1251 1392 1358 1445 τῶν
1396 1391 1508 1462 (45)
1546 1391 1800 1458 σκυθρω-

220 1490 329 1539 πῶν
356 1487 566 1556 ἡγῆσθέ
607 1503 674 1555 με
702 1486 893 1538 πιστὸν
925 1486 1021 1538 καὶ
1056 1487 1151 1537 ἐπὶ
1181 1486 1302 1548 ταῖς
1338 1484 1573 1551 ἀγαθαῖς
1625 1485 1804 1550 ἐπαγ-

220 1579 442 1645 γελίαις.
479 1578 540 1630 Ὀ
595 1579 701 1647 γάρ
753 1578 981 1631 ἀπατῶν
1016 1576 1076 1628 οὐ
1136 1576 1391 1644 προλέγει
1421 1575 1488 1627 τά
1518 1575 1802 1641 ἀπάγοντα

222 1674 308 1739 τῆς
334 1671 447 1740 (46)
476 1670 717 1737 ἀπάτης,
741 1668 880 1722 ἀλλὰ
907 1669 1046 1738 μόνα
1082 1669 1150 1720 τὰ
1175 1667 1428 1720 ἕλκοντα.

288 1841 477 1894 Ταῦτα
505 1840 563 1893 δὲ
595 1839 688 1892 καὶ
717 1839 784 1892 τὰ
808 1837 1035 1891 τοιαῦτα
1065 1837 1305 1904 συνεχῶς
1329 1835 1512 1897 αὐτοῖς
1533 1835 1800 1902 ἐπιλέγει.

1168 432 1552 516 L‘OMMENT.
1604 453 1679 511 1N
1722 450 2102 513 JOANNEM.
2133 473 2203 489 --
2242 449 2400 510 CAP.
2442 448 2597 509 xvr.

3341 448 3480 510 lli-SE!

1983 561 2132 615 Vers.
2167 561 2218 614 5.
2270 557 2335 612 Et
2379 587 2448 597 --
2499 574 2601 612 me.
2635 555 2866 624 Propter
2898 574 3037 627 quos
3070 560 3184 614 hac
3233 563 3476 616 sustine—

1907 653 2034 708 bitis
2087 673 2098 707 :
2150 664 2204 708 et
2251 653 2382 707 satis
2425 664 2508 706 cst
2541 650 2696 706 vobis
2727 652 2794 705 ad
2839 651 3295 718 consolationem,
3335 654 3482 722 quod

1909 745 2022 799 haec
2079 754 2300 814 propter
2348 759 2447 798 nos
2489 741 2795 812 patiamini.
2837 740 2959 794 Non
3006 752 3258 796 noverunt
3299 753 3480 797 autem

1906 837 2143 902 Putrem,
2196 852 2358 905 neque
2390 852 2492 900 ine,
2531 835 2692 904 idque
2740 835 3065 898 voluntarie,
3103 844 3298 903 sponte
3328 834 3482 889 vide-

1906 931 2033 983 licet
2064 930 2333 983 deteriora
2363 937 2660 982 sectantes.

1977 1021 2135 1075 Vers.
2175 1023 2230 1076 4.
2266 1020 2370 1075 Sed
2404 1050 2472 1059 ——
2501 1020 2664 1073 vobis.
2719 1016 2807 1083 Ut,
2859 1032 2983 1070 cum
3029 1017 3244 1071 venerit
3271 1027 3486 1084 tempus

1909 1113 2315 1184 persecutionis
2376 1127 2441 1166 ac
2501 1112 2695 1165 mortis
2767 1117 2984 1174 vestrze,
3053 1107 3485 1162 reminisramini

1909 1221 2101 1260 eorum
2155 1221 2276 1274 qua:
2308 1203 2559 1258 videlicet
2608 1204 2826 1256 locutus
2859 1216 2981 1257 sum
3023 1201 3179 1255 vobis
3211 1218 3225 1254 :
3257 1200 3390 1265 sive,
3428 1209 3490 1254 ut

1911 1295 2302 1359 recordemini,
2347 1293 2492 1362 quod
2546 1305 2647 1364 ego
2686 1289 3037 1360 prtedixerim
3095 1290 3250 1345 vobis
3304 1289 3488 1344 omnia

1914 1398 2172 1456 tanquam
2229 1386 2482 1439 universa
2527 1397 2870 1454 cognoscens
2905 1401 2917 1436 :
2952 1390 3009 1436 et
3050 1390 3169 1436 uta
3215 1398 3343 1436 vera
3397 1384 3495 1436 tri-

1913 1480 2081 1534 stium
2121 1478 2599 1547 pra-nuntiatione,
2659 1475 2872 1529 ﬁdelem
2903 1489 2989 1528 me
3030 1473 3276 1528 habeatis
3325 1475 3489 1528 etiam

1911 1571 1964 1624 in
1996 1571 2264 1625 bonorum
2298 1567 2776 1640 promissionibus.
2804 1565 2938 1619 Nam
2969 1565 3228 1635 deceptor
3259 1565 3346 1637 (tt)
3378 1581 3490 1620 non

1914 1675 1978 1713 ea
2021 1660 2292 1729 praedicit,
2343 1672 2463 1727 quae
2495 1673 2525 1710 a
2567 1655 2896 1725 deceptione
2947 1652 3249 1720 abducunt,
3298 1655 3394 1710 sed
3428 1670 3494 1710 ea

1912 1759 2123 1802 tantum
2160 1765 2282 1817 qua:
2318 1747 2628 1802 attrahunt.

1999 1840 2125 1894 llaec
2151 1855 2280 1893 vero
2302 1848 2361 1893 et
2387 1838 2587 1892 similia
2625 1837 2947 1906 frequenter
2977 1833 3058 1889 eis
3096 1835 3358 1903 inculcat,
3413 1847 3494 1904 ut,

225 1933 327 1995 ίνα,
351 1933 482 1984 ὅταν
514 1931 767 1999 πάσχωσι
794 1931 870 1999 μὴ
899 1927 1260 1999 θορύϐωνται,
1287 1927 1597 1996 προειδότες
1619 1926 1798 1991 τοῦτο,

1928 1933 2036 1987 Ιυιιι
2061 1934 2204 2003 passi
2239 1933 2466 1997 fuerint,
2491 1948 2603 1986 non
2635 1933 2950 1995 turbentur,
2977 1924 3108 1988 eum
3137 1935 3240 1986 hoc
3271 1934 3495 2002 praesci-

224 2023 350 2093 μηδὲ
387 2022 801 2092 μαλακίζωνται
849 2019 1212 2087 γινώσκοντες
1262 2019 1343 2071 ὅτι
1384 2018 1472 2072 διὰ
1522 2017 1612 2071 τὸν
1666 2016 1800 2069 Θεὸν

224 2117 516 2184 πάσχουσι.
561 2115 722 2182 Μέγα
753 2113 860 2184 γὰρ
884 2113 1176 2181 φάρμακον
1207 2113 1265 2163 ὲν
1290 2113 1401 2172 τοῖς
1432 2110 1572 2178 ὑπὲρ
1602 2111 1801 2178 ἀρετῆς

220 2208 413 2276 ἀγῶσι,
450 2209 512 2259 τὸ
546 2207 836 2272 γινώσκειν
871 2203 1012 2272 ὑπὲρ
1046 2203 1190 2264 τίνος
1221 2206 1248 2256 ὁ
1274 2199 1450 2270 ἁγών.
1493 2204 1605 2255 Καὶ
1652 2203 1800 2271 ἡμᾶς

221 2300 330 2362 οὖν,
365 2299 509 2368 ὑπὲρ
541 2295 707 2351 καλοῦ
743 2296 1071 2365 πάσχοντας,
1091 2293 1529 2364 παραμυθείσὸω
1553 2294 1614 2346 τὸ
1636 2292 1799 2362 γινώ-

223 2405 370 2441 σκειν
401 2389 483 2440 ὅτι
519 2387 660 2455 ὑπὲρ
688 2385 854 2438 καλοῦ
883 2385 1168 2454 πάσχομεν
1193 2400 1207 2414 ’
1237 2385 1286 2435 εί
1318 2384 1428 2451 γὰρ
1469 2383 1608 2452 ὑπὲρ
1659 2385 1798 2451 ἀγα-

223 2477 392 2546 πητοῦ
423 2490 509 2538 τις
539 2479 763 2545 πάσχων
805 2476 1007 2546 χαίρει,
1053 2474 1235 2544 πολλῷ
1291 2475 1492 2544 μᾶλλον
1529 2474 1671 2544 ὑπὲρ
1707 2473 1802 2527 τοῦ

221 2567 353 2620 Θεοῦ
383 2567 480 2619 καὶ
512 2565 651 2635 ὑπὲρ
677 2566 896 2635 ἀρετῆς.

293 2659 487 2713 Ταῦτα
523 2690 585 2699 -—
613 2657 796 2726 ἤμην.
823 2659 947 2711 Ὅτι
970 2658 1091 2727 μεθ’
1117 2658 1273 2730 ὑμῶν
1301 2659 1393 2712 καὶ
1419 2659 1520 2712 οὐκ
1548 2660 1802 2728 ἐμέλλετε

223 2752 364 2805 οὕτω
397 2750 613 2813 παθεῖν,
642 2751 749 2814 ἓως
797 2749 916 2818 μεθ’
971 2749 1125 2820 ὑμῶν
1175 2751 1346 2820 ήμην.
1388 2749 1503 2803 Νῦν
1531 2750 1587 2802 δὲ
1633 2750 1807 2804 ταῦτα

224 2845 384 2911 λέγω,
407 2842 543 2894 διότι
575 2841 886 2911 χωρίζομαι
924 2841 1101 2910 ὑμῶν,
1132 2842 1228 2895 καὶ
1256 2840 1570 2908 ἐγγίζουσιν
1601 2842 1704 2911 ἤδη
1740 2842 1806 2895 τὰ

223 2933 374 2986 δεινά
408 2933 562 3001 ὑμῖν.

291 3025 402 3076 Καὶ
437 3024 544 3093 μὴν
571 3022 667 3076 καὶ
694 3022 753 3087 ἐξ
782 3023 977 3094 ἀρχῆς,
1032 3023 1122 3075 ὅτε
1156 3023 1416 3075 ἐκάλεσεν
1460 3024 1680 3088 αὐτοὺς,
1712 3024 1808 3077 καὶ

225 3114 326 3188 [εἰς
367 3116 478 3187 (47)
497 3115 799 3186 ἀποστολὴν
835 3113 1072 3186 stateem]
1127 3109 1280 3168 εἶπεν
1312 3114 1496 3179 αὐτοῖς
1559 3115 1672 3185 (48)
1725 3117 1808 3169 ὅτι

236 3207 394 3262 Ἰδοὺ
424 3206 541 3276 ἐγὼ
562 3207 924 3261 ἀποστέλλω
959 3205 1114 3275 ὑμᾶς
1139 3207 1218 3272 ὡς
1239 3207 1506 3273 πρόϐατα
1546 3206 1617 3258 ἐν
1640 3209 1809 3275 μέσῳ

1908 2027 2340 2094 verintzneque
2394 2034 2712 2094 torpescant
2770 2026 3030 2091 scientes,
3081 2026 3224 2095 quod
3273 2033 3498 2094 pr0pter

1906 2117 2076 2171 Deum
2109 2116 2324 2186 passuri
2378 2117 2508 2170 sint.
2561 2114 2815 2186 Magnum
2877 2117 3148 2187 siquidem
3192 2119 3496 2170 remedium

1905 2221 1990 2263 est
2047 2211 2134 2264 liis
2165 2209 2258 2279 qui
2289 2224 2389 2279 pro
2420 2212 2619 2262 virtute
2659 2208 2967 2273 decertant,
3009 2221 3341 2279 cognoscere
3398 2224 3498 2277 pro

1905 2317 2015 2371 quo
2039 2302 2109 2356 sit
2139 2312 2442 2356 certamen.
2481 2301 2550 2355 Et
2577 2301 2739 2354 nobis
2798 2316 2929 2372 ergo
2984 2317 3084 2370 pro
3141 2302 3375 2355 honesto
3406 2316 3500 2370 pa-

1909 2392 2172 2446 tientibus
2202 2391 2565 2446 consolationi
2595 2391 2684 2455 sit,
2737 2405 3071 2459 cognoscere
3094 2393 3239 2460 quod
3273 2407 3372 2459 pro
3404 2395 3500 2444 ho-

1906 2494 2066 2538 nesto
2121 2485 2242 2554 (αα)
2273 2485 2534 2554 patimur.
2586 2481 2721 2536 Nam
2773 2483 2815 2535 si
2849 2498 2949 2552 pro
2985 2481 3187 2536 dilecto
3226 2484 3348 2552 quis
3385 2495 3501 2553 pati

1907 2576 2125 2642 gaudet,
2155 2574 2329 2628 multo
2358 2574 2540 2644 magis
2574 2588 2674 2642 pro
2707 2572 2816 2626 Deo
2841 2581 2896 2625 et
2926 2587 3026 2641 pro
3059 2571 3282 2627 virtute.

1982 2664 2136 2720 Vers.
2171 2666 2226 2721 4.
2262 2666 2391 2720 Παίς
2417 2695 2487 2705 -
2533 2681 2701 2719 eram.
2736 2664 2875 2730 Quia
2928 2664 3206 2719 vobiscum
3241 2680 3392 2718 eram
3443 2675 3500 2718 ct

1910 2756 1984 2810 ita
2016 2757 2230 2825 passuri
2265 2772 2372 2810 non
2417 2755 2604 2818 eratis,
2640 2754 2883 2823 quandiu
2949 2754 3226 2814 vobiscum
3293 2770 3495 2809 essent.

1909 2847 2068 2925 Nunc
2098 2859 2283 2902 autem
2316 2848 2433 2902 haec
2491 2847 2638 2908 dico,
2684 2846 2813 2916 quia
2845 2861 3071 2915 scparor
3118 2861 3147 2898 a
3206 2847 3380 2912 vobis,
3444 2856 3501 2901 et

1907 2938 2020 3006 jam
2058 2943 2264 2992 instant
2294 2938 2450 2992 vobis
2481 2937 2744 3004 pericula.

1984 3028 2147 3095 Atqui
2201 3028 2368 3082 etiam
2401 3027 2471 3081 ab
2522 3026 2702 3091 initio,
2747 3041 2874 3080 cum
2935 3025 3153 3081 vocavit
3189 3041 3304 3092 θος,
3342 3034 3398 3080 et
3445 3026 3504 3080 in

1915 3117 2282 3188 aposrolatum
2335 3115 2628 3181 ordinavit,
2678 3116 2818 3170 dixit
2856 3117 2937 3171 eis
2973 3132 2990 3171 :
3023 3115 3158 3170 Ecce
3213 3133 3305 3186 ego
3352 3119 3503 3172 mitto

1914 3225 2023 3273 vos,
2060 3217 2315 3278 tanquam
2366 3224 2483 3261 oves
2517 3209 2574 3261 in
2623 3208 2793 3261 medio
2840 3207 3082 3274 luporum
3124 3209 3187 3262 ".
3221 3210 3288 3264 Et
3324 3227 3338 3263 :
3369 3211 3504 3265 Tra-

222 3297 593 3354 λύκωνοκαὶ
644 3297 728 3349 ὃτι
784 3295 1262 3365 Παραδώσουσιν
1311 3293 1466 3364 ὑμᾶς
1515 3297 1602 3359 είς
1629 3296 1807 3349 συνέ-

1928 3302 2037 3355 1εηι
2068 3318 2157 3356 vos
2186 3304 2256 3354 ad
2287 3302 2535 3368 concilia,
2562 3308 2612 3354 et
2634 3301 2690 3353 in
2717 3303 2991 3371 synagogis
3022 3303 3135 3355 suis
3161 3301 3504 3358 verberabant

224 3387 505 3454 δμαα,καὶ
551 3387 623 3439 ἐν
661 3387 790 3450 ταῖς
838 3385 1216 3455 συναγωγαῖς
1270 3385 1471 3438 αὐτῶν
1510 3384 1810 3454 μαστιγώ-

222 3495 456 3534 σουσιν
508 3477 722 3551 [ὑμᾶς’
756 3479 866 3549 (49)
899 3480 995 3532 καὶ
1060 3480 1141 3531 ὅτι
1181 3478 1313 3531 Ἐπὶ
1361 3479 1661 3547 ἡγεμόνας
1711 3479 1810 3532 καί

220 3569 509 3637 ,Βασιλεῖς
540 3557 886 3639 ἀχθήσεσθε
923 3569 1137 3624 ἕνεκεν
1166 3569 1311 3638 ἐμοῦ
1340 3587 1354 3599 θ
1375 3573 1464 3622 καὶ
1525 3569 1607 3621 ὅτι
1639 3571 1813 3622 Ἐσε-

227 3670 337 3719 σθε
355 3663 713 3732 μισούμενοι
734 3661 855 3717 ὑπὸ
881 3661 1121 3714 πάντων
1178 3659 1275 3713 διὰ
1307 3661 1372 3713 τὸ
1419 3659 1610 3728 ὄνομα
1653 3679 1772 3729 μου
1795 3677 1809 3692 ·

229 3756 327 3808 καὶ
387 3755 469 3806 ὅτι
503 3754 598 3821 Μὴ
623 3753 894 3822 φοϐῆσθε
934 3755 1054 3806 ἀπὸ
1094 3749 1213 3804 τῶν
1232 3753 1712 3806 ἀποκτεινόντων
1744 3753 1811 3805 τὸ

229 3846 457 3918 σὼμιν]
488 3850 581 3899 καὶ
610 3847 780 3900 πολλὰ
818 3844 1068 3899 τοιαῦτα.

301 3939 426 4003 Πῶς
464 3935 558 3992 οὖν
597 3935 749 3992 εἶπεν
798 3940 880 3992 ὅτι
931 3937 1121 3993 Ταῦτα
1174 3936 1316 4007 ὑμῖν
1348 3937 1416 4001 ἐξ
1466 3936 1660 4006 ἀρχῆς
1699 3939 1812 3991 οὐκ

228 4028 447 4094 εἴπον;
475 4031 621 4084 Διότι
650 4029 883 4084 ἐνταῦθα
913 4030 975 4082 τὸ
1015 4029 1208 4083 Ταῦτα
1267 4029 1431 4098 ἕτερα
1471 4029 1601 4099 παρ’
1627 4030 1812 4079 ὲκείνα

229 4124 400 4194 δηλοῖ,
419 4125 560 4193 φημὶ
592 4122 656 4192 δὴ
689 4123 782 4175 τό·
819 4121 973 4175 Ἀλλ’
1025 4122 1263 4188 ἔρχεται
1290 4119 1434 4187 ὥρα,
1458 4118 1636 4172 εἵτουν
1687 4119 1812 4185 Ἐγ-

228 4214 376 4284 γίζει
400 4231 414 4244 ·
451 4214 544 4265 καὶ
576 4213 635 4264 τό
655 4229 670 4243 ο
710 4212 846 4266 Ἵνα
893 4213 1013 4277 πᾶς
1044 4215 1076 4265 ό
1105 4211 1470 4275 ἀποκτείνας
1498 4205 1656 4276 ὑμᾶς
1690 4205 1812 4279 [δύο

231 4307 309 4372 ξῃ
335 4305 444 4376 (ΞΟ)
479 4304 764 4372 ,λατρείαν
783 4302 1149 4374 προσφέρειν
1173 4302 1253 4368 τῷ
1283 4301 1453 4373 Θεῷ.]
1484 4302 1523 4353 Τ
1529 4301 1669 4353 αὔτα
1703 4300 1810 4370 γὰρ

233 4399 331 4454 νῦν
370 4393 524 4452 εἶπεν
564 4399 772 4460 αὐτοῖς,
801 4396 1158 4467 φοῦερώτερα
1187 4396 1413 4449 ἐκείνων
1445 4395 1598 4447 ὄντα.

301 4490 432 4544 Νῦν
467 4519 526 4529 --
564 4487 850 4558 ὑπάγεις;
893 4486 1034 4542 Ἰδὼν
1096 4487 1296 4551 αὐτοὺς
1346 4485 1523 4550 οὓτως
1569 4487 1675 4540 ὑπὸ
1711 4487 1812 4554 τῆς

233 4583 475 4652 ἀθυμίας
514 4581 1086 4646 καταπαλαισθέντας,
1109 4582 1185 4645 ὡς
1228 4581 1478 4651 ἀφώνους
1533 4582 1810 4650 γενέσθαι,

236 4677 334 4728 καὶ
365 4677 439 4744 μὴ
473 4674 736 4727 δύνασθαι
763 4676 914 4744 αὑτῷ
943 4675 1290 4745 προσλαλεῖν,
1309 4677 1560 4739 ὀνειδίζει
1585 4676 1682 4746 τὴν
1706 4675 1815 4730 ἀπὸ

231 4766 335 4834 τῆς
388 4765 646 4834 τοιαύτης
697 4763 936 4834 ἀθυμίας
967 4765 1144 4836 σιγὴν,
1172 4767 1380 4835 λέγων·
1415 4767 1546 4821 Νῦν
1592 4765 1704 4837 (51)
1750 4766 1818 4819 δὲ

313 4929 358 4959 ¹⁶
387 4926 578 4981 Matth.
614 4943 668 4989 Χ,
726 4929 811 4985 16.
926 4931 969 4962 ’⁵
1003 4929 1135 4984 ibid.
1174 4931 1371 4994 Π,18,
1403 4929 1496 4984 22.

1915 3410 2026 3459 vos,
2087 3403 2135 3447 et
2170 3395 2240 3446 ad
2303 3409 2444 3465 reges
2479 3403 2526 3445 et
2562 3394 2809 3462 prasides
2844 3393 3106 3446 duceniini
3159 3409 3382 3462 prapter
3421 3412 3502 3449 me

1916 3497 1964 3541 et
2021 3487 2167 3539 eritis
2221 3486 2341 3538 odio
2401 3485 2570 3538 habiti
2622 3489 2688 3538 ab
2740 3484 2978 3538 omnibus
3050 3497 3264 3554 promer
3312 3505 3498 3543 nomen

1917 3593 2090 3630 meum
2125 3578 2188 3631 ”.
2228 3577 2514 3646 Itemque:
2551 3573 2632 3629 Ne
2650 3576 2790 3629 vobis
2832 3577 2897 3630 ab
2949 3577 3027 3630 his
3081 3579 3385 3644 timueritis,
3415 3583 3504 3651 qui

1917 3671 2156 3724 occidunt
2192 3685 2380 3738 corpus
2412 3670 2476 3734 ¹⁶,
2500 3683 2566 3724 ac
2601 3669 2770 3723 multa
2805 3668 3142 3739 hujusmodi.

1989 3934 2278 3998 Quomodo
2311 3948 2442 4004 ergo
2467 3933 2580 3986 ait:
2616 3931 2745 3988 Han:
2779 3935 2921 3988 vobis
2954 3933 3018 3986 ab
3041 3934 3193 3987 initio
3222 3951 3324 3988 non
3352 3935 3506 3992 dixi?

1917 4023 2058 4090 Quia
2087 4025 2255 4081 dictio
2281 4025 2410 4089 liazc,
2451 4024 2504 4077 in
2538 4025 2790 4094 praesenti
2827 4025 2931 4078 alia
2957 4026 3026 4080 ab
3061 4026 3170 4081 illis
3188 4027 3456 4097 signiﬁcat
3488 4047 3501 4083 ε

1916 4118 2040 4171 dico
2071 4119 2242 4181 'sane,
2277 4118 2372 4171 sed
2400 4117 2545 4171 Venit
2592 4117 2706 4170 sive
2745 4118 3142 4188 appropinquat
3199 4131 3418 4188 tempus,
3451 4138 3502 4175 ui

1921 4210 2152 4279 quisquis
2183 4209 2504 4280 interfecerit
2552 4225 2664 4270 vos,
2697 4209 2942 4261 videatur
3003 4211 3201 4262 cultum
3251 4221 3504 4278 prwstare

1921 4301 2063 4356 Deo:
2085 4317 2210 4354 nam
2236 4302 2351 4355 haec
2376 4300 2514 4355 divit
2542 4314 2712 4364 nunc,
2738 4315 2858 4368 qua:
2888 4303 3329 4369 praecedentibus
3348 4315 3505 4358 erant

1917 4393 2371 4448 formidabilium.

1991 4492 2146 4546 Vers.
2185 4491 2238 4545 5.
2275 4488 2429 4543 Nunc
2455 4519 2523 4532 --
2555 4491 2714 4544 abis?
2746 4491 2951 4545 Videas
3007 4506 3102 4545 eos
3164 4491 3218 4544 in
3292 4499 3502 4545 tantum

1920 4583 2138 4637 tristitia
2177 4583 2469 4652 absorptos
2495 4584 2619 4653 (vv),
2649 4594 2706 4636 ut
2768 4585 2906 4638 muti
2973 4582 3338 4644 edicerentur,
3401 4599 3504 4637 nec

1924 4690 2246 4744 responsum
2277 4673 2328 4729 ei
2367 4675 2495 4729 dare
2519 4685 2761 4745 possent,
2793 4674 3087 4745 exprobrat
3125 4676 3203 4729 eis
3223 4674 3500 4728 silentium

1927 4786 1957 4824 a
1991 4770 2084 4824 tali
2145 4769 2359 4824 tristitia
2407 4777 2611 4835 ortum,
2662 4769 2851 4824 dit-ens
2886 4767 3082 4822 :Nunc
3139 4779 3316 4824 autem
3375 4769 3502 4821 abeo

1608 4931 1650 4964 ⁸⁸
1700 4929 1830 4986 ibid.
1870 4929 1959 4984 ‘28.

1399 5087 1602 5146 Variae
1648 5087 1954 5149 lectiones
1999 5093 2061 5146 et
2104 5093 2295 5146 notae.

313 5258 423 5330 (M)
456 5259 688 5330 Δηλάδή,
726 5260 845 5313 loco
886 5258 970 5328 δή,
1019 5261 1085 5311 Α.

312 5323 422 5401 ('55)
471 5323 710 5401 Ἑχθρῷν
741 5323 1052 5401 anteaL'sed
1077 5343 1141 5382 ex
1172 5327 1518 5382 correctione
1571 5323 1821 5395 eiusdem

237 5398 453 5464 manus,
517 5398 648 5452 exuo
660 5400 876 5469 ρωπῶν.
912 5398 972 5450 Β.

312 5470 424 5541 (46)
471 5464 715 5538 Ἀγάπής
753 5470 807 5522 in
840 5476 1221 5541 contextu,qet_
1241 5481 1408 5541 supra
1440 5466 1690 5541 άπάτης,

237 5536 540 5607 Utrumque
577 5541 646 5594 ah
671 5536 863 5594 eadem
893 5554 1078 5593 manu.
1112 5537 1296 5594 Codex
1347 5538 1392 5591 Α
1462 5539 1627 5592 habet
1670 5536 1817 5590 ἁπά-

238 5627 337 5684 της
371 5619 605 5664 tantum.

314 5769 402 5909 £15)
430 5767 704 5838 Dcccptor.
731 5771 897 5825 Forte
934 5771 1086 5843 legit,
1115 5771 1143 5822 ὁ
1173 5766 1454 5824 ἀπατεὼν.

339 5847 429 5907 ιλιι)
456 5839 561 5893 Pro
589 5844 824 5896 honesto.
858 5841 913 5894 In
939 5843 1128 5896 Graeco
1157 5849 1263 5906 est,
1289 5856 1384 5908 pro
1407 5856 1454 5891 ai

339 5839 429 5907 ιλιι)
456 5839 561 5893 Pro
589 5844 824 5896 honesto.
858 5841 913 5894 In
939 5839 1128 5896 Gracco
1157 5849 1263 5906 est,
1289 5856 1384 5908 pro
1407 5845 1609 5891 amato.

316 5905 420 5982 (vv)
450 5911 749 5982 Apsorptos.
794 5912 1040 5967 Griecum
1080 5905 1255 5977 notat,
1289 5905 1458 5963 'lucta
1517 5910 1698 5976 victos,
1760 5905 1815 5962 id

2003 5252 2116 5320 (47)
2153 5254 2362 5310 inclusa
2397 5256 2597 5310 desunt
2622 5258 2688 5309 Α.

2000 5325 2114 5390 (48)
2173 5328 2368 5390 Αὑτοῖς
2399 5327 2604 5380 omittit
2639 5328 2735 5392 A._

1999 5393 2109 5463 (49)
2172 5396 2387 5450 Inclusa
2446 5395 2650 5450 omittit
2700 5397 2763 5448 Α.
2830 5395 3030 5451 Eorum
3117 5396 3238 5453 loco
3320 5408 3500 5453 autem

1925 5465 2110 5524 habet,
2174 5470 2268 5519 καὶ
2299 5469 2365 5520 τὰ
2397 5465 2545 5533 ἑξῆς.

1999 5534 2112 5604 (50)
2138 5536 2348 5591 Inclusa
2380 5536 2578 5591 absunt
2618 5539 2682 5593 A.

1995 5604 2107 5675 (51)
2136 5607 2201 5658 Δέ
2236 5607 2389 5661 abest
2418 5609 2482 5661 Α.

1925 5773 2030 5837 est,
2062 5776 2385 5834 prostratos.
2417 5766 2694 5837 interpres
2711 5768 2922 5823 videtur
2949 5768 3227 5827 invenisse
3258 5786 3499 5826 καταπο-

1927 5834 2119 5899 Οὲντας
2152 5851 2246 5890 aut
2269 5834 2826 5902 κατακοντισθέντας.
