3976 6492
484 392 618 452 1423

1712 374 2096 435 ΕυΤιιΥΜιι
2138 374 2500 434 ΖΙΟΛΒΕἪ

3603 376 3735 438 ιιιι

477 510 544 558 ad
581 522 699 559 eum
734 507 821 572 qui
863 502 1002 555 misit
1039 515 1137 563 me,
1162 509 1207 551 et
1256 510 1405 548 nemo
1458 493 1749 561 interrogat
1808 504 1907 552 me,
1957 485 2068 552 Quo

2186 486 2386 557 ὑπάγω
2408 488 2553 557 πρὸς
2581 488 2687 541 τὸν
2714 487 3034 558 πέμψαντά
3051 507 3147 559 με,
3172 491 3268 544 καὶ
3319 490 3515 558 οὐδεὶς
3569 492 3742 560 ὲμυτᾷ

476 599 629 652 «bis?

546 690 710 760 Atqui
753 691 949 744 Petrus
987 680 1343 752 interrogavit
1394 692 1517 731 eum
1544 676 1734 729 dicens
1775 692 1786 725 :
1826 669 2064 730 Domine,

478 779 715 847 quo-abis
748 777 833 830 ⁸⁷2
872 774 978 831 Sed
1013 772 1084 827 ibi
1118 787 1249 825 sane
1281 770 1480 822 Petrus
1508 766 1716 825 dicens,
1770 761 1883 826 Quo
1909 760 2067 847 abis?

477 843 695 927 deloco
738 864 1136 937 interrogavit;
1200 861 1287 915 hic
1317 876 1467 923 vero,
1512 857 1624 921 Quo
1658 855 1815 908 abis?
1856 843 2063 924 signili-

476 972 585 1024 eat,
623 959 763 1027 Quid
809 955 959 1029 agis?
1021 953 1215 1010 Solent
1270 964 1507 1020 namque
1564 947 1660 1017 qui
1690 962 1833 1016 κει-ο
1857 945 2064 1009 ferunt,

477 1058 549 1106 ita
582 1063 843 1106 revocare
875 1063 1025 1112 eum,
1062 1048 1155 1117 qui
1188 1052 1415 1114 repente
1464 1041 1678 1111 prosilit
1708 1039 1774 1093 ad
1810 1052 2065 1093 mortem.

474 1143 729 1213 Oportuit
756 1156 885 1212 ergo
912 1151 967 1194 et
991 1138 1291 1206 discipulos
1323 1134 1533 1198 dicere,
1568 1130 1683 1197 Quo
1738 1131 1851 1183 abis
1874 1131 1899 1182 .’
1928 1130 2063 1191 sive,

474 1236 615 1302 Quid
639 1233 776 1305 agis,
825 1248 928 1288 nos
952 1227 1313 1300 relinquens?

545 1326 727 1379 Potest
761 1335 979 1393 quoque
1012 1331 1065 1375 et
1100 1319 1208 1373 alio
1241 1316 1404 1372 modo
1432 1315 1564 1379 dici,
1596 1313 1742 1384 quod
1774 1327 1897 1368 cum
1961 1312 2065 1366 Pe-

477 1428 562 1473 tro
619 1420 993 1490 interrogante
1056 1431 1165 1469 non
1216 1412 1613 1484 respondisset,
1677 1424 1786 1479 quo
1865 1408 2065 1470 abiret,

473 1509 715 1579 oportuit
745 1525 844 1564 eos
879 1523 1100 1563 rursum
1131 1507 1495 1575 interrogare.

545 1600 698 1654 Vers.
736 1597 789 1651 6.
834 1598 939 1652 Sed
969 1627 1040 1637 —
1080 1613 1189 1650 cor.
1235 1594 1541 1650 Admodum
1570 1589 1877 1646 contristati
1908 1587 2064 1653 estis,

474 1704 528 1746 et
558 1700 848 1762 propterea
870 1691 1071 1745 siletis.

546 1781 697 1836 Vers.
747 1783 795 1834 7.
851 1779 953 1834 Sed
1018 1809 1087 1821 —
1138 1778 1298 1831 vobis.
1387 1775 1588 1845 Utpole
1649 1773 1763 1842 ipsa
1846 1773 2063 1826 veritas.

2162 598 2261 648 με,
2289 579 2414 633 Ποῦ
2442 581 2699 650 ὑπάγεις
2716 596 2733 644 ;

2242 672 2351 725 Καὶ
2392 672 2498 744 μὴν
2520 676 2547 726 ὁ
2577 673 2783 744 Πέτρος
2800 672 3087 745 ἠρώτησεν
3116 674 3304 739 αὑτὸν,
3325 673 3525 726 εἰπών’
3551 676 3743 742 Κύριε,

2169 764 2285 817 ποῦ
2324 766 2603 835 iraeirae,-
2649 765 2789 819 Ἀλλ’
2820 768 2937 820 ἐκεῖ
2970 767 3067 837 μὲν
3097 768 3123 820 ὁ
3158 767 3363 838 Πέτρος
3384 767 3587 819 εἰπών·
3628 768 3746 820 Ποῦ

2167 858 2460 928 inditae;
2493 862 2620 930 περὶ
2636 862 2805 913 τόπον
2829 860 3115 931 ἠρώτησεν
3136 877 3150 892 ·
3179 859 3413 913 ἐνταῦθα
3442 860 3597 923 δὲτὸ,
3625 859 3745 913 Ποῦ

2169 951 2454 1020 ὺπὰγειςς
2481 953 2542 1005 τὸ
2590 953 2633 1005 Τ
2641 953 2656 1005 ι
2718 955 2927 1017 ποιεῐς;
2957 954 3270 1022 ὑποφαίνει.
3301 954 3535 1008 Εἰώϐασι
3565 955 3671 1022 γὰρ
3698 954 3745 1006 οι

2167 1046 2619 1111 δεινοπαθοῦντες
2654 1045 2828 1110 οὕτως
2878 1048 3175 1115 ἐπιφωνεῖν
3222 1046 3300 1115 τῷ
3332 1046 3466 1117 πρὸς
3519 1048 3748 1099 θάνατον

2168 1140 2434 1209 ὀρμῶντι.
2466 1137 2723 1195 Ἐδειοῦν
2749 1140 2845 1194 καὶ
2876 1144 3004 1203 τοτις
3039 1140 3288 1212 μαθητὰς
3312 1140 3609 1207 ἐπιλέγειν,
3628 1141 3748 1194 Ποῦ

2168 1230 2457 1299 excire!“
2489 1232 2682 1303 ἡγουν,
2711 1232 2776 1285 Τί
2809 1235 2984 1296 ποιεῖς
3003 1230 3398 1302 ἀπολιμπάνων
3425 1231 3612 1300 quin

2244 1322 2403 1375 Ἐστι
2439 1322 2493 1375 δὲ
2525 1323 2621 1377 καὶ
2662 1321 2865 1393 ἑτέρως
2916 1324 3115 1385 εἰπεῖν,
3148 1320 3252 1382 ὅτι,
3287 1316 3473 1387 ἐπειδὴ
3500 1317 3620 1369 τότε
3656 1315 3747 1367 τοῦ

2173 1418 2381 1485 Πέτρου
2418 1416 2822 1486 ἐρωτήσαντος,
2853 1413 2953 1467 οὐκ
2987 1412 3345 1481 ἀπεκρίνατο,
3372 1406 3474 1461 ποῦ
3526 1407 3745 1475 ὑπάγει,

2170 1507 2338 1578 ἐχρῆν
2363 1508 2565 1571 αὐτοὺς
2592 1507 2758 1562 πάλιν
2783 1506 3081 1578 ἐρωτῆσαι.

2240 1599 2411 1655 Ἀλλ’
2450 1630 2518 1639 -—-
2554 1599 2830 1668 καρδίαν.
2886 1598 3105 1669 Σφόδρα
3155 1596 3487 1666 ἐλυπήθητε,
3535 1591 3631 1645 καὶ
3661 1590 3749 1643 δια

2172 1694 2329 1747 τοῦτο
2357 1695 2571 1761 σιγᾶτε.

2255 1788 2407 1840 Ἀλλ’
2431 1816 2498 1827 -
2527 1784 2690 1853 ὑμῖν.
2726 1783 2814 1843 Ὠς
2840 1777 3228 1849 αὐτοαλήθεια.
3255 1776 3373 1829 Κᾶν
3401 1774 3509 1844 γὰρ
3540 1772 3744 1843 μνριά-

474 1872 794 1944 Qnanquam
828 1872 976 1928 enim
1010 1872 1159 1926 inille
1187 1869 1366 1926 modis
1405 1870 1553 1923 anxii
1588 1868 1730 1932 sitis,
1780 1870 2065 1922 veritatem

2186 1897 2259 1943 ιις
2293 1850 2690 1949 λυπῇσθείτὴν
2720 1874 2984 1945 ἀλήθειαν
3010 1872 3175 1939 λέγω,
3203 1869 3296 1922 καὶ
3319 1867 3415 1920 οὐκ
3445 1862 3749 1933 ἀποκρύψω

475 1966 671 2026 dicam,
700 1982 803 2020 nec
826 1965 1001 2020 tristia
1028 1964 1340 2029 occultabo,
1374 1962 1519 2017 sicut
1543 1962 1578 2015 ii
1613 1962 1704 2031 qui
1739 1961 1807 2015 ad
1839 1964 2065 2032 gratiam

476 2060 793 2128 liquuntur.
830 2059 1035 2113 Deinde
1075 2054 1412 2112 consolando
1473 2053 1717 2109 ostendit
1749 2052 1938 2107 utilem
1990 2054 2070 2108 eis

473 2166 595 2205 esse
627 2166 782 2205 suam
813 2150 1234 2221 profectionem.

551 2244 703 2298 γει-ε.
742 2244 790 2297 7.
829 2243 1055 2312 Expedit
1096 2271 1166 2281 —-
1192 2258 1297 2296 vos.
1331 2240 1439 2295 Vos
1464 2240 1685 2309 quidem
1727 2240 1955 2309 optatis,
2008 2249 2070 2293 ut

474 2352 575 2409 ego
620 2351 810 2392 verser
836 2336 1148 2400 vobiscum,
1188 2349 1375 2388 verum
1432 2333 1579 2386 aliud
1623 2332 1778 2386 vobis
1826 2332 2068 2400 expedit.

476 2429 863 2483 l’rocuratoris
930 2436 1015 2481 cst
1066 2436 1271 2491 autem,
1326 2441 1436 2478 non
1493 2425 1777 2495 indulgere
1830 2424 2068 2485 dilectis.

475 2536 599 2574 cum
636 2520 851 2573 inutilia
901 2517 1327 2588 concupiscunt.
1368 2515 1504 2569 Nam
1543 2516 1671 2584 quia
1719 2514 1958 2585 desuper
1998 2519 2069 2567 ita

476 2622 677 2665 sanctae
699 2609 950 2663 Trinitati
982 2608 1157 2662 visum
1192 2617 1296 2672 est,
1342 2617 1401 2661 ut
1436 2607 1599 2660 Pater
1627 2606 1846 2675 quidem
1876 2606 1943 2659 ad
1980 2605 2071 2660 Fi-

479 2705 608 2756 lium
647 2717 740 2756 eos
775 2700 1075 2755 attraheret
1107 2717 1121 2753 :
1157 2698 1327 2753 Filius
1360 2708 1544 2752 autem
1585 2697 1711 2752 illos
1737 2698 1979 2760 doceret,
2012 2713 2073 2752 ac

479 2792 717 2863 Spiritus
757 2802 979 2847 sanctus
1014 2792 1163 2861 ipsos
1186 2791 1477 2861 perﬁceret
1510 2805 1522 2839 :
1553 2802 1604 2843 et
1626 2789 1738 2858 jam
1779 2790 1888 2844 duo
1920 2804 2072 2843 com-

488 2888 634 2956 pleta
666 2898 845 2948 erant,
884 2884 1171 2954 Oportebat
1206 2893 1260 2937 et
1292 2883 1515 2937 tertium
1564 2881 1771 2951 perlici,
1810 2896 2074 2935 consum-

482 2979 779 3033 mationem
836 2979 1090 3034 videlicet
1152 2976 1396 3047 Spiritus
1428 2978 1603 3031 Sancti
1632 2978 1766 3046 (ει-ατ).
1803 2976 1920 3031 Non
1954 2985 2074 3031 erat

478 3081 660 3128 autem
682 3086 923 3142 mquam,
957 3082 1014 3125 ut
1047 3074 1152 3125 hoc
1202 3070 1382 3137 lieret,
1425 3071 1529 3125 nisi
1583 3081 1872 3141 postquam
1908 3070 2075 3126 Filius

2171 1971 2236 2024 τὰ
2269 1969 2511 2037 λυπηρὰ,
2537 1968 2613 2029 ὡς
2637 1968 2684 2019 οἱ
2719 1967 2973 2033 λέγοντες
3028 1962 3161 2032 πρὸς
3195 1962 3375 2030 χάριν,
3428 1952 3545 2009 εἶτα
3601 1971 3746 2021 παρ-

2171 2058 2388 2131 ηγορῶν
2405 2058 2646 2111 δείκνυσι
2680 2054 3071 2109 λυσιτελοῦσαν
3094 2052 3277 2113 αὐτοῖς
3310 2051 3406 2119 τὴν
3437 2045 3749 2117 ἀποδημίαν

2173 2151 2367 2207 αὑτοῦ.

2244 2242 2540 2314 Συμξσέρει
2564 2272 2637 2285 -
2658 2239 2836 2311 ὑμᾶς.
2875 2239 3067 2309 Ὑμεῖς
3105 2238 3205 2308 μὲν
3229 2236 3485 2307 βούλεσθε
3512 2232 3748 2288 συνεῖναῐ

2175 2350 2243 2403 με
2279 2335 2438 2403 ὑμῖν*
2470 2332 2587 2385 ἐστι
2629 2332 2686 2384 δὲ
2718 2331 2780 2383 τὸ
2833 2331 3121 2399 συμφέρον
3165 2328 3389 2399 ἓτερον·
3448 2326 3747 2396 κηδομέν-υ

2172 2427 2229 2478 δὲ
2276 2428 2336 2478 τὸ
2388 2425 2465 2495 μὴ
2502 2425 2787 2495 φείδεσθαι
2817 2424 2926 2476 τῶν
2982 2421 3382 2493 ἡγαπημένων,
3412 2419 3538 2472 ὅταν
3572 2417 3749 2483 ἀσύμ-

2174 2536 2315 2590 φορα
2346 2518 2668 2590 βούλωνται.
2689 2516 2841 2569 Ἐπεὶ
2867 2517 2975 2585 γὰρ
3002 2514 3297 2585 εὐδόκησεν
3325 2510 3530 2566 ἀνωθεν
3564 2512 3597 2581 ἡ
3621 2510 3749 2576 ἁγία

2174 2613 2345 2683 Τριάς
2396 2612 2488 2665 τὸν
2538 2611 2639 2679 μὲν
2677 2609 2897 2679 Πατέρα
2952 2607 3181 2659 ἑλκύσαι
3237 2605 3435 2666 αὐτοὺς
3495 2600 3631 2672 πρὸς
3660 2604 3751 2654 τὸν

2176 2705 2307 2757 Υιόν
2329 2722 2341 2734 ο
2369 2706 2463 2757 τὸν
2495 2705 2549 2756 δὲ
2583 2703 2709 2756 Υἱὸν
2740 2702 2889 2767 διδαξ
2905 2720 2948 2751 ιι
2988 2698 3188 2761 αὺτούς
3212 2714 3229 2730 '
3261 2697 3321 2749 τὸ
3350 2697 3406 2748 δὲ
3439 2695 3667 2763 Πνεῦμα
3695 2694 3751 2746 τὸ

2176 2799 2331 2864 ἅγιον
2365 2795 2653 2847 τελειῶσαι
2690 2795 2884 2855 αὑτοῦ,
2909 2812 2921 2823 ·
2960 2794 3057 2843 καὶ
3088 2791 3154 2844 τὰ
3189 2789 3286 2859 μὲν
3320 2788 3412 2841 δύο
3443 2787 3543 2857 ἥδη
3593 2787 3752 2855 γεγό-

2174 2904 2365 2941 νασινο
2405 2888 2514 2940 ἔδει
2555 2888 2615 2940 δὲ
2666 2866 2922 2955 γενέσθαι
2959 2886 3053 2938 καὶ⁸
3086 2884 3147 2935 τὸ
3176 2883 3380 2953 τρίτον,
3409 2882 3506 2946 τὴν
3536 2882 3623 2933 διὰ
3656 2880 3749 2933 τοῦ

2176 2982 2334 3049 ἁγίου
2369 2980 2690 3049 [ινεύματος
2740 2978 3023 3031 τελείωσιν
3051 2992 3064 3007 ’
3094 2977 3191 3030 οὐκ
3232 2972 3298 3046 ἦν
3339 2975 3395 3027 δὲ
3422 2974 3565 3036 εἰκὸς
3595 2970 3753 3023 τοῦτο

2178 3074 2374 3130 ἐλθεῖν.
2401 3073 2479 3142 μὴ
2512 3070 2841 3132 ἀπελθόντος
2874 3069 2968 3122 τοῦ
3001 3068 3131 3121 Υἱοῦ
3156 3084 3171 3101 ο
3207 3070 3371 3137 φησὶν
3410 3067 3491 3119 ὅτι
3524 3062 3753 3133 Συμφέ-

480 3165 815 3219 recessisset.
845 3164 1069 3233 Expedit
1110 3164 1286 3234 itaque
1319 3165 1457 3217 vobis
1486 3172 1541 3216 ut
1577 3179 1668 3235 ego
1687 3166 1895 3218 abeam.
1920 3164 2068 3219 Sicut

2186 3183 2262 3219 οει
2293 3168 2459 3235 ὑμῖν,
2484 3166 2586 3218 ἵνα
2635 3163 2751 3235 ὲλὼ
2798 3162 3062 3225 ἀπέλθω,
3116 3161 3312 3214 καὶτὰ
3359 3160 3504 3230 ἑξῆς.
3538 3158 3752 3226 Ὥσπερ

479 3252 727 3317 cnim,Si
757 3271 848 3324 ego
876 3271 978 3307 non
1035 3255 1235 3317 abiero,
1283 3253 1596 3308 Paraclems
1658 3271 1762 3307 non
1804 3256 1970 3308 veniet
2004 3256 2072 3308 ad

479 3361 611 3401 eos:
648 3345 719 3398 ita
748 3345 932 3409 etiam,
978 3347 1021 3399 si
1070 3346 1385 3400 l’aracletus
1438 3360 1549 3399 non
1592 3346 1806 3400 venerit
1848 3346 1913 3400 ad
1954 3361 2070 3411 vos,

479 3453 820 3507 nequaquam
885 3438 1271 3507 perﬁciemini.
1354 3437 1593 3492 Necesse
1668 3446 1751 3490 est
1810 3451 1961 3507 ergo,
2015 3447 2073 3491 ut

481 3548 581 3602 ego
634 3535 849 3593 abeam,
918 3531 1189 3600 completo
1254 3534 1367 3602 jam
1416 3545 1607 3600 opere,
1660 3530 1807 3599 quod
1871 3545 1959 3584 me
1986 3532 2069 3584 l'a-

481 3637 607 3678 cere
635 3625 898 3693 Oportuit,
927 3632 983 3678 ut
1012 3623 1150 3677 alius
1174 3625 1491 3677 exhortator
1538 3621 1822 3688 adveniat,
1866 3634 2072 3690 vosque

481 3718 747 3789 perﬁciat.

553 3809 708 3864 Vcrs.
744 3810 796 3862 8.
853 3806 1082 3876 Cumque
1140 3806 1339 3859 venerit
1375 3834 1443 3844 —
1469 3807 1695 3875 judicio.
1735 3836 1803 3851 σ-
1844 3809 2067 3877 Arguet,

484 3903 587 3956 hoc
612 3909 717 3962 est,
763 3896 1154 3953 condemnabit
1208 3896 1422 3950 tandem
1452 3898 1563 3966 (yy)
1596 3898 1790 3963 malos,
1846 3898 2071 3953 inexcu-

482 3992 685 4047 sabiles
758 3989 979 4060 penitus
1030 3988 1451 4055 demonstrabit,
1513 4004 1638 4042 cum
1714 4004 1801 4043 me
1853 3997 2070 4045 mortuo

481 4082 1038 4152 eximiasapparahit
1069 4080 1373 4143 doctrinas,
1404 4090 1459 4134 et
1482 4088 1541 4133 ut
1594 4080 1745 4151 signa
1771 4080 1903 4135 ﬁant
1954 4098 2070 4137 ma-

482 4178 624 4231 xima
651 4177 715 4229 ad
743 4175 847 4230 mei
874 4174 1114 4229 nominis
1132 4173 1555 4229 invocationem.
1584 4172 1723 4240 Quid
1764 4190 1893 4245 ergo
1922 4185 2063 4245 post-

484 4271 587 4326 hac
621 4270 914 4325 adversum
960 4283 1049 4323 me
1082 4268 1290 4333 dicent,
1323 4268 1469 4337 quod
1508 4270 1578 4322 sit
1604 4270 1798 4323 rationi
1827 4284 2070 4324 consen-

488 4361 750 4417 taneum?
783 4360 953 4430 Cujus
1022 4360 1190 4415 etiam
1242 4360 1441 4413 mortui
1505 4375 1708 4413 nomen
1771 4360 1897 4414 talia
1934 4376 2073 4429 pra:-

485 4465 633 4511 stare
662 4454 911 4526 poterit?
940 4451 1188 4523 profecto
1219 4452 1378 4507 nihil.
1413 4453 1619 4506 Deinde
1660 4468 1725 4505 ca
1775 4452 1939 4507 etiam
1972 4469 2070 4507 ex-

486 4550 688 4619 planat,
713 4548 786 4601 de
808 4547 1007 4615 quibus
1039 4544 1160 4599 illos
1197 4555 1410 4615 arguet.

560 4639 709 4695 Vers.
743 4640 794 4694 9.
828 4640 903 4691 De
929 4665 1003 4677 ——
1033 4653 1133 4691 me.
1169 4636 1302 4691 Nam
1337 4636 1715 4695 irremissibilc
1736 4645 1841 4691 erit
1871 4651 2070 4708 pecca-

488 4744 625 4797 tum,
658 4734 837 4787 adhuc
870 4733 922 4786 in
955 4747 1043 4785 me
1061 4747 1169 4786 non
1195 4730 1437 4785 credere.

560 4826 712 4881 Vers.
754 4826 840 4879 10.
880 4824 957 4878 De
986 4852 1055 4863 —
1081 4840 1177 4878 me.
1202 4825 1341 4877 Justi
1376 4838 1612 4893 namque
1646 4823 1914 4878 indicium
1957 4836 2067 4891 est,

488 4919 752 4973 accedere
803 4918 869 4970 ad
929 4917 1119 4981 Deum,
1166 4915 1436 4984 simulque
1477 4932 1601 4970 cum
1638 4932 1705 4971 eo
1736 4933 1879 4972 esse.
1936 4918 2070 4972 Nam

489 5014 593 5068 hoc
623 5011 892 5080 signiﬁcat
922 5027 935 5065 :
965 5009 1033 5064 Et
1067 5010 1284 5078 post/iac
1319 5026 1420 5063 non
1468 5009 1707 5064 videbitis
1755 5028 1855 5064 me.
1892 5009 2073 5081 Itaque

488 5106 595 5161 nisi
648 5106 831 5175 justus
899 5118 1099 5169 essem,
1166 5118 1275 5157 non
1332 5104 1651 5157 accederem
1704 5105 1770 5158 ad
1834 5103 2004 5157 Deum
2055 5122 2065 5156 :

633 5241 796 5299 Joan.
825 5256 944 5307 xm,
974 5240 1063 5294 '56.

2176 3259 2303 3327 γὰρ,
2348 3256 2482 3309 Ἐὰν
2537 3256 2650 3326 ἐγὼ
2693 3254 2780 3324 μὴ
2827 3254 3089 3319 ἀπέλθω,
3123 3255 3154 3306 ό
3185 3252 3573 3319 Παρὰκλητος
3644 3252 3753 3302 ciu

2173 3349 2488 3402 ἐλεύσεται
2522 3350 2671 3415 πρὸς
2703 3345 2859 3416 ὑμᾶς
2882 3362 2894 3375 ⁸
2926 3346 3067 3398 οὕτω
3088 3344 3202 3407 καὶ,
3221 3346 3313 3396 ὲάν
3343 3346 3369 3396 ὁ
3398 3340 3753 3412 Παράκλητος

2174 3442 2273 3493 οὐκ
2305 3440 2588 3493 ἐλεύσεται
2628 3440 2763 3510 πρὸς
2798 3440 2966 3509 ὑμᾶς,
2988 3440 3047 3490 οὐ
3078 3437 3527 3505 τελειωθῄσεσθε.
3558 3437 3752 3500 Ἀναείν

2175 3534 2327 3585 καῖον
2377 3532 2472 3586 οὖν
2530 3533 2717 3584 λοιπὸν
2768 3534 2868 3601 ἐμὲ
2926 3531 3207 3597 ἀπελθεῖν,
3240 3528 3639 3598 πεπληρωκότα
3696 3528 3752 3577 τὸ

2174 3626 2335 3695 ἔργον
2364 3623 2392 3678 ὃ
2428 3624 2536 3677 ἔδει
2591 3624 2821 3694 ποιῆσαί
2876 3640 2968 3693 με,
3016 3623 3105 3675 ῖνα
3135 3626 3161 3675 ό
3190 3621 3348 3683 ἄλλος
3402 3619 3751 3691 παράκλητος

2175 3718 2305 3787 ἔλθη
2334 3716 2429 3769 καὶ
2460 3715 2727 3787 τελειώσῃ
2754 3717 2918 3785 ὑμᾶς.

2245 3808 2353 3861 Καὶ
2402 3806 2690 3861 ἐλθὼνρ-
2718 3806 2995 3873 κρίσεως.
3043 3836 3114 3845 —-
3173 3806 3458 3875 Ἐλέγξει,
3508 3801 3751 3855 τουτέστι

2174 3897 2543 3953 Καταδικάσει
2571 3898 2757 3951 τέλεον
2794 3900 2922 3961 τοὺς
2964 3901 3261 3970 πονηροὺς,
3309 3902 3750 3977 ἀναπολογήτους

2174 3992 2523 4046 παντάπασιν
2559 3990 2671 4063 (52)
2719 3992 3005 4062 ἀποφήνῃ,
3060 3993 3211 4059 ὅταν,
3234 3995 3594 4060 ἀποθανόντος
3624 4016 3747 4068 μου.

2176 4084 2575 4157 παρασκευάσῃ
2613 4084 2821 4155 ὑψηλὰς
2856 4086 2972 4157 (55)
3008 4086 3363 4152 διδασκαλίας
3393 4092 3485 4143 καὶ
3517 4091 3750 4161 μέγιστα

2176 4181 2378 4247 σημεῖα
2407 4177 2780 4231 ἐπιτελεῖσθαι
2812 4178 2926 4249 (54)
2955 4180 3050 4232 επὶ
3081 4184 3145 4251 τῇ
3200 4182 3395 4252 κλήσει
3428 4183 3518 4236 τοῦ
3554 4185 3749 4255 ὀνόμα-

2172 4271 2262 4333 τός
2292 4287 2416 4338 μου.
2442 4270 2507 4320 Τί
2551 4270 2658 4338 γὰρ
2692 4270 2912 4340 ὲροῦσιν
2949 4272 3028 4325 ἔτι
3072 4273 3194 4326 κατ’
3220 4274 3354 4343 ἐμοῦ
3387 4274 3642 4345 εὖλογον;
3676 4273 3750 4331 Ui:

2175 4366 2268 4417 καὶ
2294 4362 2657 4426 ἀποθανόντος
2684 4365 2988 4434 τηλικαῦτα
3020 4365 3248 4421 δύναται
3267 4368 3327 4420 τὸ
3358 4368 3527 4436 ὄνομα
3555 4371 3747 4438 μόνον;

2179 4457 2386 4516 Ὄντως
2415 4454 2589 4510 οὐδὲν.
2620 4453 2752 4508 Εἶτα
2783 4458 3153 4527 ἐφερμηνεύει
3185 4458 3279 4511 καὶ
3310 4458 3395 4527 ἐφ’
3430 4455 3508 4522 οἵ,
3542 4461 3748 4530 ἐλέγξει

2105 4548 2145 4603 D
2176 4551 2391 4612 αὐτούς.

2249 4641 2388 4709 Περὶ
2421 4670 2487 4680 -
2520 4639 2645 4710 ἐμέ.
2688 4640 2959 4711 Ἀμαρτία
3009 4643 3117 4713 γὰρ
3152 4648 3539 4711 ἀσυγγνωστος
3583 4645 3641 4697 τὸ
3673 4646 3748 4715 μὴ

2179 4732 2458 4787 πιστεύειν
2494 4733 2576 4786 ἔτι
2612 4735 2692 4797 εις
2722 4734 2846 4804 ἐμὲ.

2251 4827 2591 4895 Περὶ-με.
2622 4829 2842 4880 Δικαὶου
2875 4826 2983 4897 γὰρ
3008 4829 3295 4899 γνώρισμα
3328 4829 3387 4882 τὸ
3420 4829 3747 4898 πορεύεσθαι

2178 4920 2314 4989 πρὸς
2346 4920 2436 4971 τὸν
2467 4921 2599 4972 Θεὸν
2633 4922 2725 4971 καὶ
2756 4924 2995 4974 συνεῖναι
3026 4922 3197 4993 αὐτῷ.
3233 4922 3402 4975 Τοῦτο
3452 4925 3559 4994 γὰρ
3601 4923 3746 4992 δηλοί

2180 5015 2271 5065 τό*
2298 5012 2403 5067 Καὶ
2428 5012 2626 5067 οὐκέτι
2647 5013 2912 5081 θεωρεῖτέ
2934 5032 3027 5083 με.
3056 5017 3164 5069 Καὶ
3198 5018 3401 5081 λοιπον,
3427 5018 3475 5071 εἰ
3507 5018 3580 5086 μὴ
3604 5020 3747 5088 ἥμην

2180 5107 2407 5171 δίκαιο;,
2430 5107 2527 5159 οὐκ
2552 5108 2619 5160 ἀν
2652 5108 2997 5179 ἐπορευόμην
3039 5111 3176 5180 πρὸς
3215 5112 3304 5164 τὸν
3348 5110 3570 5182 Πατέρα
3591 5125 3604 5138 ⁸
3634 5109 3746 5172 πῶς

1702 5310 1902 5371 \‘arim
1934 5310 2241 5373 lectiones
2273 5321 2333 5371 et
2368 5320 2558 5374 notae.

562 5474 672 5545 (52)
730 5475 1026 5543 Ἀποφανεῖ
1083 5474 1490 5544 corrigendum,
1559 5472 1706 5543 quod
1762 5473 2070 5529 llentenius

489 5545 650 5600 etiam
683 5548 865 5600 habet.

566 5620 679 5687 (5)5)
716 5619 919 5670 Durum
954 5617 1079 5681 hoc,
1110 5620 1525 5684 παρασκευάσει
1551 5613 1909 5678 διδασκαλίας
1975 5616 2067 5668 καὶ

564 5734 675 5801 (xx)
713 5732 947 5801 Spiritus
977 5731 1169 5785 sancti.
1210 5730 1312 5801 Per
1348 5730 1610 5799 Spiritum
1645 5742 1921 5787 sanetum.

561 5800 666 5873 (μω
702 5800 945 5856 Tandem.
977 5804 1223 5858 Prorsus.
1252 5800 1411 5856 Forte
1440 5805 1588 5866 tim;
1627 5804 1835 5858 invenit

2176 5474 2568 5529 ἐπιτελεῖσθαι.
2604 5475 2782 5531 Malim
2818 5492 2945 5549 ergo
2970 5487 3093 5549 post
3126 5478 3477 5545 διδασκαλίας
3507 5480 3741 5549 interpo-

2175 5560 2307 5600 nere
2338 5549 2611 5612 γίνεσθαι.

2244 5615 2355 5687 (54)
2398 5616 2678 5671 Τελείσθαι
2706 5617 2767 5671 Β.
