3976 6486
1028 38 2127 50 ___—__—_——_’

1028 38 2127 50 ___—__—_——_’

253 429 401 495 1125

1180 438 1566 503 COMMENT.
1606 441 1689 502 IN
1728 439 2108 505 JOANNEM.
2144 469 2213 484 -·-
2252 449 2411 509 CAP.
2452 451 2603 512 ΧΠ.

3372 454 3508 520 1428

248 547 469 641 γὰρ-ἀν
509 546 837 641 ἁμαρτωλὸς
871 549 1214 641 καὶγπλάνος
1254 556 1349 609 καὶ⁵
1395 558 1711 627 παράνομος
1742 556 1835 609 καὶ

1946 560 2208 627 quomodo
2281 579 2517 633 namque
2609 576 2863 636 peccator
2924 583 2986 625 ac
3026 569 3302 635 seductor,
3373 571 3507 641 legis

249 636 507 698 ἀντίθεος
568 638 860 710 πορευθείη
906 640 1044 711 πρὸς
1077 641 1170 695 τὸν
1210 642 1424 698 δίκαιον
1453 647 1548 699 καὶ⁵
1576 646 1830 717 ἀληθινὸν

251 728 352 779 καὶ
388 728 690 800 νομοθέτην
723 733 819 784 καὶ
849 732 1026 800 Θεόν;

326 914 439 967 Καὶ
471 914 636 968 πόθεν
680 917 840 986 δῆλον
878 920 961 973 ὅτι
997 921 1133 990 πρὸς
1179 922 1273 977 τὸν
1302 924 1438 979 Θεὸν
1471 924 1585 997 (55)
1617 928 1829 996 ἀπῆλθε

251 1003 351 1055 καὶ
392 1002 646 1059 σύνεστιν
694 1008 874 1078 αὐτῷ;
915 1011 1122 1079 Πόθενς
1166 1014 1301 1068 Ἀπὸ
1346 1017 1445 1087 τῆς
1498 1016 1592 1071 τοῦ
1670 1019 1826 1087 ἀγίου

254 1093 577 1162 Ιίνεύματος
615 1100 946 1168 μαρτυρίας,
996 1102 1098 1171 τῆς
1123 1103 1194 1158 δι’
1235 1105 1560 1177 ἀλλάμψεως
1608 1112 1704 1163 καὶ
1734 1128 1828 1180 ση-

254 1183 537 1252 psit-md);
575 1188 920 1259 προείρηται,
948 1193 1065 1246 ἐπὶ.
1091 1194 1173 1266 τῷ
1197 1197 1424 1267 ὀνόματι
1475 1202 1644 1255 αὑτοῦ
1686 1219 1830 1271 γινο-

254 1274 429 1344 μένης
462 1277 597 1347 (56)-

326 1366 527 1422 Οὐκέτι
555 1370 611 1423 δὲ
666 1372 924 1445 θεωρεῖτέ
960 1395 1051 1447 με,
1114 1380 1255 1447 μετά
1286 1380 1387 1452 τῆς
1431 1382 1528 1436 νῦν
1581 1384 1829 1455 δηλονότι

247 1458 467 1552 ἀδοξίας
529 1464 623 1517 καὶ
676 1467 991 1532 εὐτελείας·
1023 1470 1247 1541 ἔμελλον
1318 1478 1428 1548 γὰρ
1464 1477 1630 1533 αὑτὸν
1673 1483 1827 1552 δρᾷν,

248 1551 370 1605 ἀλλ’
397 1554 494 1624 οὐχ
530 1554 605 1618 ὡς
637 1557 699 1609 τὺ
728 1560 1014 1629 πρότερον.

325 1644 465 1711 Περὶ
480 1647 844 1715 -κέκριται,
864 1652 1026 1706 Ὀτιό
1049 1654 1299 1721 διάϐολος
1315 1661 1714 1734 κατακέκριται
1736 1668 1830 1722 καὶ

253 1736 586 1827 ἐκϐέϐληται
615 1740 716 1808 τῆς
733 1741 1059 1808 δυναστείας
1089 1749 1277 1818 αὐτοῦ,
1304 1754 1503 1821 μηκέτι
1525 1755 1827 1827 δυνάμενος

248 1826 390 1919 ὅλως
424 1827 612 1899 φέρειν
639 1830 701 1882 τὸ
730 1832 862 1901 ἐμὸν
896 1834 1089 1905 ὄνομα,
1108 1839 1243 1893 ἀλλά
1274 1848 1590 1914 παραυτίκα
1619 1826 1827 1919 δραπεο

248 1918 448 2008 τεύων.
499 1923 622 1987 Πῶς
651 1925 697 1977 δ’
726 1925 793 1979 ἂν
832 1928 993 1984 τοῦτο
1047 1933 1339 2001 πέπονθεν,
1370 1939 1418 1991 εί
1476 1940 1631 2008 φίλον
1656 1918 1829 1997 αὐτὸν

249 2005 421 2104 εἶχον,
453 2012 527 2077 ὡς
564 2016 615 2067 oi
648 2023 876 2090 πονηροὶ
931 2023 1214 2093 λέγουσιν’
1258 2030 1340 2084 ὅτι
1370 2035 1429 2085 έν
1467 2005 1544 2104 τῷ
1604 2036 1829 2102 Βεελζεο

249 2100 637 2198 ϐοῦλμᾶρχοντι
680 2110 792 2163 τῶν
828 2112 1125 2179 δαιμονίων
1161 2120 1407 2176 ἐκϐάλλω
1438 2100 1526 2178 τὰ-
1554 2100 1823 2198 δαιμόνια,

249 2192 347 2246 καὶ
390 2195 472 2247 ὅτι
500 2194 781 2266 δαιμόνιον
810 2201 941 2274 ἔχω,
965 2206 1062 2259 καὶ
1092 2208 1161 2263 τὰ
1184 2212 1446 2279 τοιαῦτα;

318 2370 433 2423 Ἵνα
478 2371 536 2425 δὶ
582 2373 673 2426 τὸν
707 2374 865 2443 λόγον
917 2377 1518 2457 ἀνακεφαλαιὼσωμεν,
1574 2390 1821 2459 Ἐλθὼν,

250 2465 437 2531 φησὶν,
468 2468 501 2519 ό
520 2468 911 2537 Παρὰκλητος
933 2472 1165 2542 ἐλέγξει
1192 2477 1336 2543 τοὺς
1366 2485 1670 2551 πονηρούς
1689 2503 1703 2517 ·
1730 2489 1825 2540 ἐπὶ

249 2556 498 2628 ἁμαρτίᾳ
535 2560 633 2627 μὲν
660 2562 741 2614 ὅτι
767 2563 1164 2635 ἁμαρτάνουσι,
1193 2571 1267 2640 μὴ
1306 2573 1658 2640 πιστεύοντες
1702 2577 1783 2631 ἔτι
1807 2595 1819 2609 °

252 2645 345 2697 επὶ
363 2645 677 2722 δικαιοσύνῃ
696 2651 775 2717 δὲ,
793 2654 872 2706 ὅτι
890 2654 1101 2719 δίκαιος
1119 2658 1228 2728 ἐγὼ
1248 2664 1338 2715 καὶ
1355 2663 1451 2733 οὐχ
1472 2666 1821 2737 ἁμαρτωλὸς,

248 2738 327 2828 ᾡς
357 2739 511 2791 αὐτοὶ
543 2740 828 2808 λέγουσιν·
852 2747 946 2799 ἐπὶ
987 2750 1167 2817 κρίσει
1205 2751 1263 2805 δὲ
1295 2753 1418 2823 ἦτοι
1474 2760 1821 2828 κατακρίσει,

246 2826 336 2920 ὃτι
365 2832 762 2902 κατακέκριται
796 2836 824 2889 ὀ
850 2836 1035 2907 ἄρχων
1056 2841 1166 2894 τῶν
1187 2841 1506 2912 δαιμονίων,
1534 2848 1609 2911 ὡς
1630 2826 1823 2920 ἐχθρὸς

250 2918 350 2971 καὶ
376 2920 439 2973 οὐ
473 2922 627 2989 φίλος
653 2940 778 2994 μου.

325 3090 455 3144 Ἔτι
488 3120 556 3133 —
586 3092 738 3161 ἄρτι.
781 3094 1017 3160 ’Λτελετς
1048 3099 1203 3165 ὄντες
1250 3102 1352 3171 ἔτι,
1404 3106 1500 3160 καὶ
1532 3108 1701 3179 μήπω
1733 3111 1823 3166 διὰ

1934 658 2333 722 transgressor,
2447 655 2653 726 Deique
2748 660 3115 725 adversarius,
3198 662 3507 729 perveniret

1930 743 1998 796 ad
2064 758 2189 797 eum
2264 746 2355 815 qui
2422 749 2604 816 justus
2653 760 2757 815 cst,
2838 768 3021 817 verax,
3112 752 3390 823 legislator
3444 768 3511 807 ac

1932 835 2077 891 Deus
2098 836 2122 890 τ

2003 930 2107 985 Sed
2136 932 2279 989 unde
2328 934 2675 990 manifestum
2712 935 2842 998 erit,
2881 937 3027 1006 quod
3052 937 3117 991 ad
3149 938 3317 992 Deum
3349 938 3508 992 abeat

1930 1029 2127 1076 etcum
2165 1040 2231 1079 eo
2262 1025 2377 1079 sit?
2406 1026 2580 1082 Unde.
2618 1028 2661 1080 A
2703 1026 2942 1097 Spiritus
2972 1028 3143 1083 sancti
3173 1031 3505 1086 testimonio.

1929 1114 2492 1182 perillustrationem,
2519 1126 2579 1171 ut
2632 1118 2839 1173 dictum
2890 1127 2999 1184 est,
3053 1135 3117 1175 ac
3162 1121 3337 1191 signa,
3390 1137 3509 1190 qua:

1930 1219 2032 1275 per
2063 1220 2264 1262 nomen
2304 1208 2426 1279 ejus
2443 1209 2696 1264 edenlur.

1999 1373 2234 1430 Posthac
2257 1386 2435 1429 autem
2460 1392 2569 1431 non
2608 1378 2857 1433 videbitis
2887 1394 2992 1443 me,
3022 1393 3147 1433 cum
3181 1380 3285 1434 hac
3314 1379 3510 1433 videli-

1929 1473 2019 1520 cet
2051 1466 2348 1535 ignominia
2396 1476 2449 1521 et
2484 1468 2813 1537 abjcctione,
2864 1468 3131 1539 siquidem
3158 1468 3329 1523 visuri
3386 1483 3509 1522 cum

1930 1565 2111 1621 erant,
2140 1557 2234 1611 sed
2270 1573 2377 1612 non
2406 1568 2465 1613 ut
2508 1560 2680 1628 prius.

2005 1647 2157 1701 Vers.
2197 1648 2281 1703 ll.
2321 1647 2397 1701 De
2422 1678 2493 1687 -—
2513 1650 2786 1720 judicatus
2812 1660 2915 1705 est.
2939 1651 3076 1718 Quia
3104 1650 3353 1707 diabolus
3382 1656 3512 1704 con‘

1932 1738 2216 1794 demnatus
2267 1748 2369 1804 est,
2406 1749 2463 1795 et
2512 1748 2921 1809 potentatnsuo
2972 1742 3201 1812 eiet-tus,
3249 1755 3355 1794 non
3419 1754 3514 1806 po-

1931 1835 2053 1881 tens
2068 1829 2301 1896 posthac
2354 1844 2539 1884 meum
2571 1831 2795 1886 omnino
2826 1832 2971 1887 ferre
2991 1846 3213 1895 nomen,
3270 1830 3365 1883 sed
3401 1839 3509 1882 sta-

1932 1916 2029 1969 tim
2075 1916 2333 1986 fugiens:
2369 1921 2666 1988 quomodo,
2706 1922 2962 1985 obsecro,
3020 1921 3071 1976 id
3111 1920 3184 1974 illi
3226 1921 3504 1988 continge-

1932 2018 2034 2069 ret.
2063 2010 2110 2064 si
2135 2011 2369 2065 amicum
2392 2027 2517 2068 eum
2549 2013 2831 2079 haberem,
2891 2012 3058 2068 veluti
3127 2012 3323 2067 dicunt
3362 2011 3509 2066 mali.

1930 2100 2075 2169 quod
2126 2117 2222 2171 per
2276 2101 2566 2159 Beelzebul
2629 2104 2931 2175 principem
2984 2103 3378 2159 daemoniorum
3410 2102 3508 2170 eji.

1929 2188 2069 2243 ciam
2099 2190 2369 2246 daemonia
2394 2192 2459 2257 η,
2510 2193 2764 2262 quodque
2815 2192 3143 2249 daemonium
3181 2193 3407 2247 habeam
3444 2190 3511 2253 ".

1930 2291 1988 2337 et
2014 2290 2209 2336 caetera
2240 2282 2558 2351 bujusmodi
2581 2282 2606 2338 ί

2000 2371 2073 2427 Ut
2116 2382 2300 2427 autem
2361 2388 2675 2428 sermonem
2742 2375 3058 2428 summatim
3120 2375 3437 2444 colligamus
3488 2387 3501 2423 :

1930 2463 2065 2519 Cum
2105 2468 2301 2520 uenerit
2358 2465 2693 2527 Paracletus.
2746 2475 2935 2535 arguet
3002 2467 3250 2519 mundum
3287 2466 3350 2517 de
3395 2479 3515 2534 pec-

1928 2563 2067 2618 cato,
2117 2557 2243 2622 quia
2286 2564 2534 2624 peccant,
2579 2555 2673 2624 qui
2721 2555 2904 2609 adhuc
2942 2571 3052 2609 non
3116 2555 3391 2620 credunt;
3448 2553 3514 2608 de

1922 2645 2135 2713 justitia
2168 2657 2372 2707 autem,
2406 2647 2735 2715 quiajustus
2772 2663 2872 2718 ego
2916 2662 3045 2700 sum.
3074 2656 3129 2700 et
3179 2661 3287 2699 non
3310 2660 3506 2716 pecca-

1931 2742 2035 2800 tor,
2068 2737 2209 2790 sieut
2238 2736 2338 2805 ipsi
2366 2737 2595 2803 dicunt;
2633 2739 2697 2792 de
2749 2740 2956 2807 judicio
3014 2754 3165 2801 vero,
3209 2739 3323 2793 sive
3378 2752 3511 2792 con-

1928 2829 2302 2890 demnatione,
2391 2830 2516 2899 quia
2609 2831 3007 2885 condemnatus
3098 2839 3181 2884 est
3259 2829 3514 2899 princeps

1929 2919 2345 2987 daemoniorum,
2379 2929 2637 2991 tanquam
2676 2922 2954 2987 inimicus,
3007 2931 3064 2976 et
3140 2937 3250 2975 non
3303 2921 3513 2976 amicus

1928 3026 2107 3067 meus.

2012 3104 2167 3159 Vers.
2220 3102 2305 3157 12.
2350 3102 2536 3158 Adhuc
2565 3132 2631 3143 —-
2677 3119 2834 3158 nunc.
2893 3102 3030 3158 Cum
3092 3103 3271 3157 adhuc
3306 3103 3515 3171 imper-

245 3179 360 3275 τῷν
394 3184 451 3233 ιν
481 3181 571 3275 τῷᾲ
598 3186 819 3275 σταυρῷ
862 3189 956 3239 καὶ
1013 3192 1079 3259 τῇ
1113 3192 1408 3247 ἀναστάσει
1445 3214 1546 3265 μου
1579 3202 1824 3270 φρικτῶν

1946 3192 2054 3248 'ecti
2097 3192 2239 3255 sitis,
2293 3201 2349 3248 et
2370 3193 2600 3248 necdum
2639 3210 2736 3263 per
2762 3194 3089 3248 horrendam
3136 3193 3237 3263 (zz)
3292 3193 3513 3263 passio-

250 3273 344 3324 καὶ
402 3273 721 3341 παραδόξων
796 3279 1197 3349 προκόψαντες,
1242 3285 1381 3355 μηδὲ
1466 3288 1823 3362 ινδυσάμενοι

1946 3300 2077 3350 tem,
2114 3300 2176 3339 ac
2223 3284 2556 3355 inopinatam
2590 3286 3056 3341 resurrectionem
3093 3299 3269 3339 meam
3330 3283 3516 3354 profe-

246 3363 479 3434 δύναμιν
513 3365 570 3430 ιε
600 3367 791 3435 ὕψους.

323 3458 509 3511 Ὅταν
560 3489 633 3499 -
670 3456 982 3529 ἀλὴθειαν.
1037 3464 1130 3529 Et;
1161 3465 1221 3518 τὸ
1254 3468 1450 3524 εἰδέναι
1489 3473 1672 3526 πᾶσαν
1725 3474 1823 3546 τὴν

246 3549 511 3619 ἀλήθειαν
543 3553 652 3605 τῶν
692 3554 855 3607 θείων
911 3558 1219 3626 δογμάτων,
1277 3562 1381 3628 τὴν
1440 3567 1825 3635 προσήκουσαν

246 3644 497 3713 δηλονότι·
524 3647 900 3717 γνωρισθῆναι
942 3650 1091 3720 ὑμῖν.
1123 3647 1263 3705 Εἶτα
1282 3654 1370 3708 ἵνα
1404 3657 1825 3728 μὴ,τηλικαῦτα

251 3737 383 3805 περὶ
433 3735 527 3788 τοῦ
580 3738 738 3805 ἁγίου
787 3740 1112 3810 Πνεῦματος
1164 3744 1521 3810 ἀκούσαντες,
1555 3751 1739 3819 μεῖζον
1766 3752 1828 3806 τὸ

252 3827 479 3897 Πνεῦμα
508 3831 798 3896 νομίσωσι,
827 3834 922 3885 καὶ
955 3834 1034 3896 είς
1068 3835 1303 3906 ἐσχάτην
1358 3837 1619 3892 ἀσέϐειαν
1653 3843 1827 3913 ἐμπέ-

250 3934 443 3979 σωσιν,
466 3919 667 3987 ἐπάγει
690 3922 994 3991 θεραπείαν
1029 3925 1122 3977 καί
1150 3942 1316 3996 φησιν
1346 3943 1361 3960 ο

314 4013 397 4063 Οὐ
422 4039 490 4049 --
511 4010 749 4065 ἑαυτοῦ.
770 4013 980 4084 Ὠσπερ
1005 4014 1113 4067 οὐδ’
1158 4017 1290 4084 ἐγὼ,
1332 4018 1516 4084 καθὼς
1549 4021 1825 4093 διαφόρως

250 4102 749 4172 προδιεστειλάμην
774 4120 788 4134 ο
820 4105 971 4157 οὐδὲν
1000 4107 1109 4175 γὰρ
1141 4108 1272 4160 [διον
1296 4110 1472 4164 οὐδενὶ⁵
1522 4112 1624 4181 τῆς
1664 4114 1826 4182 ἁγίας

249 4192 503 4262 Τριάδος,
522 4192 658 4263 πλὴν
679 4196 1031 4266 ἀγεννησίας,
1059 4200 1153 4251 καὶ
1174 4202 1505 4272 γεννήσεως,
1529 4205 1625 4257 καὶ
1656 4207 1824 4259 imo-

250 4283 518 4356 ρεὺσεως,
540 4283 675 4339 ἀλλά
705 4286 862 4341 κοινά
898 4287 1076 4342 πάντα
1105 4291 1268 4362 αὐτῇ.

1926 3374 2131 3438 ocritis,
2158 3390 2339 3445 neque
2379 3375 2553 3431 induti
2584 3376 2707 3431 sitis
2736 3376 2937 3430 virtute
2966 3392 3031 3430 es
3067 3376 3177 3430 alto
3204 3378 3274 3429 ⁸⁰.

2003 3464 2156 3520 Vers.
2222 3463 2310 3517 15.
2359 3460 2588 3518 Cum—
2633 3462 2929 3518 ueritatem.
2992 3465 3071 3520 Ad
3138 3465 3260 3530 hoc,
3292 3473 3350 3519 ut
3379 3464 3518 3520 scia-

1932 3557 2002 3611 tis
2043 3570 2260 3610 omnem
2289 3555 2573 3609 veritatem
2610 3555 2923 3610 divinorum
2972 3556 3309 3626 dogmatum.
3348 3572 3511 3625 quam

1931 3647 2187 3701 videlicet
2219 3645 2444 3715 expedit
2468 3645 2623 3699 vobis
2647 3660 2999 3716 cognoscere.
3029 3646 3260 3708 Deinde,
3293 3661 3364 3699 ne
3418 3662 3514 3699 au-

1933 3738 2060 3792 ditis
2083 3737 2280 3792 talibus
2309 3736 2378 3790 de
2422 3735 2630 3805 Spiritu
2672 3747 2883 3801 sancto,
2917 3737 3179 3806 majorem
3236 3736 3508 3791 existima-

1934 3834 2056 3879 rent
2080 3839 2201 3879 esse
2228 3823 2511 3894 Spiritum,
2541 3833 2598 3878 et
2622 3824 2680 3877 in
2713 3834 3013 3878 extremam
3068 3824 3365 3879 inciderint
3412 3825 3516 3878 im-

1938 3912 2221 3979 pietatem,
2256 3909 2525 3964 medelam
2581 3909 2826 3980 adjungit
2851 3909 3041 3964 dicens
3068 3928 3081 3963 :

2004 4002 2158 4057 Vers.
2207 4002 2295 4057 15.
2346 3999 2563 4053 Non—
2615 4002 2918 4069 semetipso.
2988 4001 3143 4055 Sicut
3177 4017 3353 4070 neque
3393 4017 3515 4072 ego,

1935 4090 2397 4161 quemadmodum
2502 4090 2671 4144 variis
2746 4089 2801 4143 in
2868 4091 3008 4144 locis
3092 4091 3511 4161 explicavimus.

1936 4181 2215 4252 Siquidem
2280 4181 2419 4234 nihil
2488 4180 2583 4234 ulli
2655 4190 2857 4235 sanctae
2943 4180 3229 4236 Trinitatis
3325 4197 3513 4250 perso-

1935 4290 2020 4328 na:
2078 4271 2357 4343 proprium
2411 4280 2517 4337 est,
2568 4280 2768 4340 praeter
2800 4272 3307 4337 innascibilitatem,
3365 4273 3510 4326 nati-

1932 4364 2155 4418 vitatem
2210 4372 2268 4419 et
2324 4364 2754 4434 processionem,
2818 4364 2914 4418 sed
2990 4363 3173 4418 omnia
3229 4364 3313 4418 eis
3365 4377 3518 4418 com-

1936 4456 2142 4511 munia.

334 4544 499 4600 Ἀλλ’
534 4545 909 4615 -λαλήσεω
962 4547 1104 4603 Ὅσα
1131 4548 1199 4603 ἂν
1254 4552 1463 4626 ἀκούσῃ
1521 4556 1676 4627 παρὰ
1732 4558 1825 4612 τοῦ

2002 4547 2160 4603 Vers.
2211 4545 2298 4601 l5.
2347 4542 2452 4600 Sed
2477 4577 2547 4586 —
2586 4545 2849 4616 loquetur.
2928 4542 3280 4614 Quaecunque
3328 4542 3517 4598 audie-

250 4636 490 4703 ῐιατρὸς,
512 4634 541 4686 δ
566 4636 660 4688 καὶ
687 4653 753 4689 πε
763 4636 816 4707 pl.
849 4638 1087 4706 ἐμαυτοῦ
1118 4640 1379 4706 πολλάκις
1402 4643 1630 4715 εἴρηκα,
1649 4646 1827 4714 δηλῶν

1946 4639 2004 4693 rit
2028 4652 2059 4691 a
2093 4638 2275 4700 Patre,
2309 4635 2454 4690 sicut
2478 4636 2641 4691 etiam
2670 4636 2991 4705 frequenter
3021 4635 3088 4690 de
3140 4635 3350 4705 meipso
3378 4634 3504 4689 dixi.

249 4727 312 4780 τὸ
335 4726 643 4795 ὁμοούσιον,
671 4726 765 4780 καὶ
791 4728 1052 4795 ὁμοφυὶς,
1076 4730 1171 4783 καὶ
1196 4730 1337 4798 ἴσον,
1378 4735 1474 4786 καὶ
1505 4736 1826 4807 ἀπαράλλα-

1946 4729 2246 4800 ιίεηίίιοοιιε
2311 4727 2632 4782 substantia:
2708 4742 2772 4781 ac
2855 4732 3063 4781 natura:
3137 4725 3514 4786 identitatem,

252 4835 407 4873 κτον.
437 4819 647 4891 Ὠσπερ
677 4820 785 4890 γὰρ
815 4821 843 4872 ὁ
870 4820 997 4883 Υίὸς
1017 4821 1290 4894 πλήρωμα
1307 4825 1473 4895 νόμου
1492 4828 1588 4880 καὶ
1611 4846 1827 4898 προφη-

1946 4821 2323 4890 equalitatem,
2414 4834 2479 4873 ac
2578 4818 2954 4873 omnimodam
3068 4817 3509 4871 similitudinem.

251 4909 466 4974 τῶν,τά
518 4910 771 4971 τυπικῶς
825 4912 1314 4984 προδιαγραφέντα
1380 4916 1687 4985 βεϐαιώσας
1734 4919 1826 4975 διὰ

1946 4912 2391 4981 Quemadmodum
2451 4912 2597 4967 enim
2674 4910 2848 4964 Filius
2936 4910 3182 4980 impletio
3233 4909 3371 4981 legis
3429 4918 3515 4964 est

252 5001 356 5069 τῆς
388 4998 682 5069 ἀληθείας·
720 4998 863 5053 οὕτω
895 5002 989 5053 καὶ
1020 5002 1081 5055 τὸ
1105 5003 1247 5056 θεῖον
1283 5005 1506 5075 Πνεῦμα
1548 5008 1826 5079 πλήρωμα

1946 5025 1996 5063 ις
2036 5006 2457 5078 prophetarum,
2526 5005 2757 5059 veritate
2802 5003 3156 5067 confirmans,
3199 5017 3320 5071 qua:
3361 5002 3512 5071 prius

331 5184 375 5215 “
410 5184 602 5243 Matth.
636 5208 731 5259 xu,
756 5193 847 5251 24.
964 5196 1006 5228 ⁸⁸
1031 5194 1188 5250 Joan.
1222 5214 1316 5259 vn,
1348 5197 1441 5258 9.0,
1521 5198 1566 5229 "
1604 5196 1735 5252 Luc.
1768 5213 1911 5262 XXIV,
1946 5200 2035 5253 49.

1427 5374 1635 5437 Varia;
1664 5375 1974 5437 lectiones
2018 5382 2077 5435 et
2122 5384 2311 5439 notua.

328 5538 441 5601 (55)
468 5538 543 5592 Ita
576 5540 639 5594 Α.
676 5539 782 5597 Sed
814 5541 951 5612 God.
983 5543 1021 5597 Β
1050 5544 1102 5596 in
1156 5551 1411 5597 contextu
1458 5542 1641 5609 habet,
1691 5542 1828 5612 πρὸς

2008 5557 2119 5618 tab)
2182 5545 2488 5617 Γενομένης
2531 5546 2595 5600 Α.

260 5607 368 5671 τόν,
401 5620 457 5662 et
484 5625 672 5679 supra,
703 5614 792 5666 αὑ.
837 5608 948 5667 ἱίο.
986 5612 1171 5677 αὐτόν,
1212 5622 1267 5667 et
1316 5612 1469 5665 Θεόν.

333 5765 434 5888 (ars)
470 5765 574 5888 Pe;
596 5767 935 5833 horrendam,
969 5776 1077 5824 etc.
1109 5767 1214 5824 Per
1260 5783 1325 5824 ea
1362 5784 1484 5839 qua:
1541 5770 1597 5825 in
1639 5782 1801 5825 cruce
1845 5776 1901 5824 et
1934 5768 2338 5826 resurrecﬁone
2367 5783 2485 5825 mea
2533 5766 2784 5825 accident
2813 5766 3084 5822 horrenda
3137 5777 3189 5823 et
3222 5765 3506 5830 mirabilia,

333 5854 362 5888 υ
388 5850 531 5888 0001⁵1
565 5853 628 5888 is.

264 5846 628 5895 proieceritis.
