3976 6492
507 414 530 476 l
543 411 648 475 ιετ

1719 420 2030 481 EUTl‘lYM
2047 420 2102 482 ῐῐ
2143 423 2504 484 ZIGABENI

3597 407 3741 471 1428

507 523 792 590 [igitrative
875 523 1077 594 scripta
1154 535 1314 581 erant
1353 544 1366 581 :
1411 527 1481 582 ita
1555 542 1775 597 quoque
1831 539 1886 582 et
1939 529 2080 582 divi-

2188 533 2282 586 τοῦ
2313 531 2650 600 Εὑαγγελίου
2682 528 3032 601 ἀναπληροῦν
3060 527 3129 581 τὰ
3151 525 3247 580 τοῦ
3269 520 3420 590 Υἱοῦ,
3438 518 3615 584 καθὼς
3646 524 3741 573 καὶ

508 633 613 672 nus
695 617 934 686 Spiritus
1005 617 1255 688 impletio
1307 628 1391 674 est
1437 621 1741 691 Evangelii,
1821 637 1882 676 ea
1958 639 2079 692 quae

506 706 632 762 Filii
657 713 782 760 sunt
806 706 1132 777 adimplens,
1176 707 1317 764 sicut
1346 717 1400 763 et
1445 707 1610 764 Filius
1660 725 1723 766 ea
1748 727 1869 780 qure
1907 711 2081 766 Patris

507 807 657 851 sunt.

575 890 730 944 Vers.
758 890 846 943 l5.
881 889 952 944 Et
993 919 1064 930 ——
1103 892 1264 944 vobis.
1292 889 1372 944 Ne
1402 890 1616 945 incaute
1644 892 1722 963 (α)
1775 893 2075 962 prrecipite-

504 981 660 1040 mini.
690 980 854 1035 etiam
911 981 1209 1052 prophetiae
1239 982 1310 1053 (ὁ)
1341 998 1405 1038 ac
1437 985 1877 1054 praecognitionis
1910 985 2079 1055 gratia

503 1073 694 1144 dignos
723 1074 938 1130 elﬁciet.

577 1166 728 1220 Vers.
761 1165 847 1218 id.
889 1164 987 1220 Ille
1017 1183 1099 1220 me
1146 1166 1484 1238 gloriﬁcabit.
1515 1169 1617 1223 Per
1638 1200 1641 1201 ν
1666 1185 1866 1224 nomen
1897 1185 2077 1223 meum

499 1255 647 1312 vires
671 1257 939 1325 praebens,
972 1273 1106 1312 mea:
1158 1259 1554 1314 incarnationis
1590 1261 1908 1329 mysterium
1962 1260 2079 1329 pla-

503 1348 636 1402 nius
671 1347 1230 1405 vobismanit‘estans.

574 1438 728 1493 Vers.
789 1439 874 1493 Η.
940 1439 1080 1504 Quia
1112 1469 1171 1482 -
1201 1441 1360 1495 vobis.
1413 1439 1490 1495 De
1545 1456 1662 1494 mea
1703 1440 1928 1494 scientia
1965 1481 1978 1494 .
2017 1456 2078 1493 ea

502 1531 778 1596 videlicet,
809 1547 927 1600 quae
952 1531 1134 1586 Patris
1161 1539 1263 1585 est.
1303 1533 1531 1602 Accipiet
1590 1542 1797 1594 autem,
1837 1532 1941 1584 hoc
1999 1542 2082 1584 est

501 1619 719 1672 Audiet.
755 1619 896 1674 Dicit
937 1629 1120 1674 tamen
1151 1621 1286 1683 haec,
1323 1621 1619 1675 demittens
1647 1635 1773 1675 sese
1805 1621 1872 1674 ad
1917 1619 2081 1673 disci-

503 1713 752 1778 pulorum
812 1711 1262 1766 imbecillitatem.
1293 1710 1428 1765 Nam
1471 1712 1723 1781 accipere
1768 1720 1822 1764 et
1872 1711 2079 1775 audire,

500 1807 874 1855 creaturarum
904 1811 1033 1857 sunt
1066 1821 1080 1858 :
1107 1803 1369 1872 siquidem
1408 1804 1649 1857 increata
1673 1800 1909 1857 Trinitas
1932 1803 2081 1856 novit

502 1895 709 1958 omnia,
746 1906 799 1949 et
829 1912 1106 1966 nunquam
1151 1897 1260 1951 ullo
1292 1895 1517 1966 indiget.
1555 1895 1759 1950 Deinde
1813 1896 2080 1966 interpre-

503 1995 670 2054 tatur,
705 1987 849 2056 quod
883 1988 1042 2054 dixit,
1074 1988 1148 2042 De
1182 2004 1314 2042 meo.

577 2076 734 2131 Vers.
797 2078 881 2131 15.
953 2077 1430 2132 Omnia—vobis.
1513 2076 1646 2132 Nam
1711 2094 1834 2132 cum
1905 2079 2085 2133 omnia

499 2181 620 2234 qua:
647 2164 823 2221 Patris
848 2178 978 2222 sunt
1012 2183 1131 2222 mea
1181 2169 1314 2233 sint,
1356 2184 1524 2222 unum
1566 2178 1747 2222 autem
1782 2170 1977 2222 horum
2011 2170 2080 2224 sit

503 2258 614 2311 haec
650 2257 875 2312 scientia
922 2258 1119 2312 merito
1150 2259 1296 2323 dixi;
1365 2261 1508 2327 quo-.l
1553 2260 1629 2313 De
1683 2277 1794 2313 meo
1841 2262 2082 2336 accipiet,

505 2349 607 2403 hoc
635 2355 738 2411 est,
772 2348 1092 2402 Contormia
1131 2364 1346 2404 mecum
1391 2359 1446 2403 et
1479 2350 1665 2404 audiet
1713 2359 1762 2404 et
1795 2351 2081 2404 annuntia-

503 2441 576 2493 bit
601 2440 757 2505 vobis,
814 2440 1064 2508 nihilque
1126 2439 1431 2504 dissonum,
1524 2450 1713 2512 utpote
1776 2443 1912 2497 mihi
1990 2458 2086 2514 per

504 2533 684 2587 omnia
741 2533 988 2603 aequalis.
1048 2537 1396 2602 Quaecunque
1454 2548 1583 2604 ergo
1641 2535 1911 2602 docuerit,
1963 2552 2083 2591 mea

503 2635 652 2688 sunt,
685 2635 741 2680 et
797 2640 1043 2680 meorum
1077 2625 1425 2682 ad-imoletiva
1482 2642 1798 2683 sermonum
1834 2638 1890 2684 et
1944 2644 2081 2699 ope-

503 2732 647 2772 rum.
1190 2771 1194 2773 .

573 2812 641 2867 Et
677 2827 846 2884 quare
881 2829 987 2867 non
1041 2813 1189 2868 venit
1211 2812 1447 2883 Spiritus
1475 2826 1716 2880 sanctus,
1744 2815 1873 2869 dum
1903 2815 2080 2871 adhuc

502 2913 649 2960 esset
678 2919 802 2959 cum
835 2905 913 2959 eis
944 2903 1157 2960 Filius?
1203 2904 1447 2959 Primum
1500 2906 1744 2974 quidem,
1800 2908 1926 2976 quia
1962 2907 2079 2962 sul-

503 2994 717 3049 ﬁciebat
746 2994 935 3057 Filius,
985 2995 1076 3063 qui
1112 3010 1234 3048 cum
1288 2995 1367 3048 eis
1411 2995 1752 3050 versabatur.
1807 2994 2074 3050 Praeterea

506 3099 652 3149 vero,
685 3085 810 3155 quia
855 3085 1090 3140 necdum
1150 3085 1331 3141 occiso
1379 3088 1554 3155 Agno,
1609 3087 1702 3156 qui
1755 3103 1856 3158 pro
1885 3089 2073 3142 mundi

2184 619 2336 686 οὗτος
2365 622 2432 677 τὰ
2464 621 2556 676 τοῦ
2584 621 2819 694 Πατρός.

2253 898 2363 952 Kal
2389 897 2639 966 -ῠμῖν.
2664 895 2743 948 Τά
2797 894 3078 966 μέλλοντα,
3109 890 3250 945 ὥστε
3305 889 3379 961 μὴ
3449 888 3738 957 εμπῖπτειν

2183 992 2325 1061 ὑμᾶς
2395 991 2745 1058 ἀφυλάκτως,
2802 988 2897 1041 καὶ
2948 983 3354 1055 προγνωστικοῦ
3409 980 3740 1054 χαρίσματος

2181 1084 2425 1148 ἀξιώσει.

2267 1177 2519 1239 Ἐκεῖνος
2572 1175 2677 1243 ἐμὲ
2713 1172 2976 1238 δοξάσει.
3005 1171 3093 1224 Ἐν
3119 1170 3197 1233 τῷ
3227 1167 3342 1238 ὲμῷ
3376 1167 3603 1236 ὀνόματι
3641 1166 3740 1228 τὰς

2182 1269 2465 1340 ἐνεργείας
2489 1268 2688 1330 διδοὺς,
2718 1263 3119 1335 ἀποκαλύπτων
3151 1263 3278 1330 ὑμῖν
3316 1259 3640 1330 τρανότερον
3675 1259 3737 1309 τδ

2185 1361 2485 1430 μυστήριον
2526 1362 2622 1426 τῆς
2659 1357 2800 1425 ἐμῆς
2836 1340 3324 1422 ὲνανθοωπήσεως.

2257 1453 2387 1503 Ὅτι
2417 1479 2484 1489 --
2514 1447 2674 1516 ὑμῖν.
2716 1447 2813 1498 Ἐκ
2840 1437 3108 1513 τῆς,’ἐμῆς
3141 1441 3412 1510 γνώσεως,
3474 1440 3592 1508 ἦτοι
3646 1437 3742 1504 τῆς

2181 1543 2275 1596 τοῦ
2329 1542 2564 1610 Πατρός.
2600 1539 2867 1606 migrarat
2925 1537 2978 1588 Et
3026 1534 3146 1586 ἀντὶ
3199 1531 3291 1584 τοῦ
3359 1528 3625 1581 ’Λκούσει.
3663 1527 3741 1578 Τὰ

2180 1629 2411 1682 τοιαῦτα
2430 1629 2485 1679 δὲ
2513 1623 3004 1694 συγκαταὸατικῶς
3037 1622 3182 1687 λέγει
3235 1619 3318 1672 διὰ
3340 1617 3435 1687 τὴν
3461 1617 3741 1668 ἀσθένειαν

2183 1722 2290 1773 τῶν
2316 1719 2592 1791 μαθητῶν.
2626 1717 2701 1771 Τὸ
2749 1719 2850 1786 γὰρ
2885 1714 3182 1784 λαμϐάνειν
3226 1711 3319 1763 καὶ
3363 1709 3579 1763 ἀκούειν
3633 1707 3741 1758 τῶν

2185 1813 2421 1867 κτιστῶν
2448 1813 2588 1865 εἰσιν
2616 1829 2625 1841 ⁸
2661 1813 2691 1880 ὴ
2719 1811 2775 1863 δὲ
2798 1809 3052 1868 ἄκτιστος
3079 1804 3247 1874 Τριὰς
3277 1799 3384 1854 οἶδε
3434 1801 3627 1858 πάντα.
3651 1799 3742 1850 καὶ

2190 1903 2282 1956 ἐπὶ
2316 1903 2482 1955 πᾶσιν
2515 1901 2768 1971 ἀνενδεὴς
2792 1903 2959 1952 ἐστιν.
2989 1892 3119 1950 Εἶτα
3152 1891 3514 1962 ὲφερμηνεύει
3543 1891 3600 1942 τὸ
3636 1892 3738 1941 Ἐκ

2189 1996 2295 2050 τοῦ
2323 1994 2491 2064 ἐμοῦ.

2259 2088 2461 2142 Πάντα
2497 2115 2565 2125 -——-
2597 2083 2760 2153 ῠμῖν.
2793 2080 2947 2134 Ἐπεὶ
2970 2079 3079 2148 γὰρ
3104 2079 3281 2129 πάντα
3303 2077 3399 2128 ὅσα
3429 2073 3538 2142 ἔχει
3571 2073 3598 2123 ό
3631 2074 3745 2125 Πα-

2188 2177 2449 2250 τὴρ,ὲμά
2508 2174 2758 2238 ὲστιν,ἒν
2783 2172 2840 2225 δὲ
2894 2169 3098 2223 τούτων
3138 2169 3233 2221 καὶ
3277 2165 3537 2235 ἠγνῶσις
3584 2162 3742 2229 αὕτη,

2187 2269 2412 2331 εἰκότως
2442 2264 2594 2320 εἶπεν
2626 2267 2706 2317 ὅτι
2748 2265 2844 2315 Ἐκ
2873 2261 2977 2316 τοῦ
3015 2260 3157 2329 ἐμοῦ
3193 2259 3471 2326 λήψεται,
3498 2255 3743 2308 τουτέστι

2187 2360 2406 2429 Συνῳδά
2442 2376 2531 2428 μοι
2572 2358 2668 2410 καὶ
2713 2353 2936 2410 ἀκούσει
2983 2345 3077 2405 καί
3109 2348 3420 2418 ἀναγγελεῖ
3454 2347 3615 2415 ὑμῖν,
3647 2345 3744 2397 καὶ

2185 2452 2338 2506 οὐδὲν
2391 2450 2616 2521 ἀπᾷδον,
2663 2449 2740 2510 ὼς
2777 2446 2919 2499 κατά
2983 2444 3157 2497 πάντα
3211 2442 3322 2504 ῐσος
3354 2440 3497 2510 ἐμοί.
3543 2439 3744 2492 Λοιπὸν

2184 2543 2385 2607 τοίνυν,
2414 2541 2557 2611 ἅπερ
2604 2541 2672 2593 ἂν
2719 2538 2923 2609 διδάξῃ,
2979 2536 3091 2606 ὲμά
3147 2536 3281 2599 ἔστι,
3338 2535 3430 2585 καὶ
3457 2531 3564 2586 τῶν
3596 2529 3745 2600 ὲμῶν

2183 2631 2634 2705 ἀναπληρωτικά.

2254 2822 2387 2896 [Καὶ
2424 2821 2534 2894 (57)
2588 2821 2733 2872 διατί
2780 2819 2880 2871 ούκ
2929 2811 3061 2888 ἦλθε
3110 2815 3173 2868 τὸ
3221 2811 3445 2880 Πνεῦμα
3479 2809 3537 2862 τὸ
3567 2810 3742 2876 ἅγιε-ν.

2182 2917 2432 2978 συνόντος
2486 2915 2670 2978 αὐτοῖς
2702 2912 2783 2965 ἔτι
2840 2909 2934 2963 τοῦ
2987 2907 3155 2972 Υίοῦς
3197 2905 3392 2974 Πρῶτα
3443 2904 3557 2973 μὲν,
3607 2903 3744 2956 διότι

2179 3006 2343 3075 ἢρκει
2392 3003 2567 3056 συνὼν
2607 3003 2793 3061 αὐτοῖς
2818 3002 2844 3053 ό
2874 2999 3001 3061 Υἱός
3021 3013 3036 3027 ⁸
3069 2997 3258 3049 ἔπειτα
3290 2994 3366 3055 δὲ,
3392 2994 3526 3046 διότι
3576 2997 3744 3062 μήπω

2177 3094 2273 3148 τοῦ
2318 3094 2517 3163 Ἀμνοῦ
2543 3092 2635 3145 τοῦ
2657 3093 2909 3160 αἴροντος
2952 3089 3051 3158 τὴν
3097 3085 3369 3156 ἁμαρτίαν
3400 3081 3493 3136 τοῦ
3534 3083 3743 3149 κόσμου

502 3185 726 3246 peccato
750 3176 1059 3230 immolatus
1078 3186 1180 3237 est,
1212 3176 1458 3230 nondum
1485 3178 1719 3232 solutum
1747 3184 1866 3232 erat
1884 3193 2076 3248 pecca-

2196 3186 2474 3249 τυθέντος,
2496 3183 2648 3236 οῦπω
2681 3182 2844 3251 ἐλύθη
2871 3183 2904 3252 ἡ
2935 3179 3177 3251 ἁμαρτία
3196 3193 3211 3207 ·
3260 3179 3424 3246 μήπω
3453 3177 3512 3229 δὲ
3541 3177 3745 3244 ταύτης

503 3278 654 3324 tum:
685 3270 790 3324 hoc
815 3279 994 3324 autem
1027 3269 1271 3323 nondum
1308 3269 1505 3332 soluto,
1551 3269 1644 3322 Dei
1674 3283 1798 3338 erga
1833 3269 2086 3325 homines

503 3362 873 3416 reconciliatio
895 3359 1134 3414 nondum
1161 3359 1297 3414 facta
1327 3369 1481 3414 erat:
1512 3360 1753 3415 nondum
1783 3375 1910 3415 vero
1943 3359 2083 3416 facta

503 3450 969 3514 reconciliatione,
999 3466 1106 3504 non
1141 3451 1384 3521 Oportuit
1413 3451 1527 3504 dari
1579 3452 1805 3522 gratiam
1842 3450 2082 3521 Spiritus

504 3543 699 3597 sancti.
736 3541 835 3596 Ubi
867 3557 994 3595 vero
1023 3542 1161 3597 facta
1190 3552 1276 3598 est
1315 3543 1709 3609 reconciliatio,
1744 3554 1798 3600 et
1853 3544 2086 3615 apostoli

505 3633 575 3687 ad
603 3631 845 3703 pericula
875 3633 1248 3695 mittebantur,
1278 3649 1342 3688 ac
1370 3635 1666 3689 certamina
1696 3635 2085 3706 aggredieban—

506 3733 614 3787 tur,
652 3729 705 3775 et
737 3719 982 3790 urgentis
1016 3729 1134 3773 erat
1155 3720 1517 3783 necessitatis,
1552 3730 1680 3775 tunc
1701 3721 1919 3775 demum
1951 3721 2090 3775 alius

502 3813 652 3868 venit
683 3812 1017 3866 exhortator.

573 3924 639 3978 Et
681 3936 850 3991 quare
879 3937 988 3976 non
1016 3923 1195 3976 statim
1231 3933 1352 3992 post
1382 3923 1839 3978 resurrectionem
1895 3923 2088 3978 venit?

504 4017 593 4081 Ut,
627 4017 682 4070 in
714 4017 884 4070 multo
908 4015 1054 4069 illius
1091 4015 1251 4085 positi
1290 4015 1578 4077 desiderio,
1610 4031 1734 4070 eum
1759 4015 1926 4070 multa
1959 4031 2081 4069 cum

503 4110 673 4178 gratia
734 4109 1094 4178 susciperent.
1155 4106 1368 4160 Etenim
1425 4106 1601 4160 donec
1655 4120 1777 4159 cum
1833 4106 1913 4159 eis
1972 4114 2088 4161 erat

501 4199 772 4263 Christus,
813 4197 863 4250 in
896 4194 1190 4250 alllictione
1226 4210 1333 4248 non
1378 4205 1535 4248 erant
1566 4210 1580 4260 ;
1609 4203 1663 4247 at
1691 4194 1782 4247 ubi
1835 4196 2084 4259 recessit,

501 4292 686 4347 nudati
717 4300 771 4345 et
819 4290 873 4343 in
912 4289 1082 4342 multo
1131 4288 1328 4342 timore
1373 4301 1435 4340 ac
1482 4286 1736 4340 maestitia
1783 4285 2086 4352 constituti,

502 4385 666 4440 multa
684 4399 806 4439 eum
829 4382 1098 4435 hilaritate
1117 4379 1532 4450 acjucnnditate
1554 4378 1816 4448 Spiritum
1834 4387 2080 4433 sanctum

502 4488 657 4533 erant
680 4476 1005 4546 suscepturi.

573 4569 1040 4633 Quemadmodum
1073 4576 1252 4621 autem
1288 4564 1447 4619 Pater
1467 4579 1527 4616 ca
1559 4578 1676 4632 quae
1697 4571 1826 4617 sunt
1870 4563 1925 4617 in
1957 4578 2077 4618 esse

501 4661 676 4728 potuit
707 4659 1024 4728 producere,
1056 4658 1223 4711 Filius
1251 4666 1428 4710 tamen
1462 4670 1523 4707 ea
1557 4654 1834 4722 produxit,
1877 4655 2076 4724 utejus

504 4753 775 4805 il'St-atnus
835 4747 1129 4818 potentiam
1191 4761 1254 4800 ac
1311 4743 1645 4800 divinitatem
1681 4761 1694 4797 :
1729 4744 1801 4798 ita
1858 4759 2076 4814 quoque

502 4841 671 4898 Filius
691 4851 907 4914 poterat
931 4855 1052 4911 quae
1086 4839 1311 4894 alterius
1340 4845 1493 4891 erant
1518 4835 1780 4890 Paracleti
1815 4836 1870 4889 in
1908 4837 2076 4891 disci-

2104 4507 2160 4567 D

2185 3277 2463 3347 λυθείσης,
2486 3275 2640 3329 οῦπω
2667 3273 2984 3342 καταλλαγὴ
3011 3271 3105 3324 τοῦ
3138 3269 3272 3323 Θεοῦ
3323 3269 3455 3338 πρὸς
3497 3269 3619 3329 τοὺς
3653 3268 3746 3319 ἀν-

2185 3369 2439 3440 θρώπους
2467 3368 2683 3436 ἐγένετο
2702 3383 2716 3395 ·
2752 3366 2924 3436 μήπω
2945 3364 3001 3416 δὲ
3036 3360 3385 3427 καταλλαγῆς
3415 3356 3737 3424 γενομένης,

2187 3461 2286 3514 οὐκ
2310 3459 2415 3513 ἔδει
2459 3459 2678 3529 δοθῆναι
2726 3456 2825 3527 τὴν
2863 3457 3022 3526 χάριν
3063 3452 3156 3506 τοῦ
3209 3452 3365 3519 ἁγίου
3409 3448 3744 3515 Πνεύματος.

2184 3555 2312 3607 Ὅτε
2340 3551 2398 3605 δὲ
2440 3552 2536 3605 καὶ
2583 3548 2898 3615 καταλλαγὴ
2945 3544 3156 3613 γέγονε,
3197 3543 3294 3595 καὶ
3355 3542 3404 3593 οἱ
3454 3539 3740 3593 ἀπόστολοι

2191 3646 2328 3715 πρὸς
2376 3643 2655 3697 κινδύνους
2709 3641 3038 3709 ἐπέμποντο,
3077 3637 3172 3688 καὶ¹
3210 3633 3346 3702 πρὸς
3377 3633 3500 3694 τοὺς
3531 3630 3744 3698 ἀγῶνας

2188 3734 2508 3794 ἀπεδύοντο,
2554 3731 2666 3800 (58)
2701 3730 2792 3783 καὶ
2828 3728 2985 3800 χρεία
3018 3725 3112 3778 τοῦ
3150 3724 3455 3792 ἀλείφοντος
3510 3717 3602 3792 ἦν,
3625 3723 3742 3774 τότε

2189 3825 2377 3880 λοιπὸν
2408 3824 2436 3876 ό
2462 3823 2621 3885 ἄλλος
2651 3820 3006 3892 παράκλητος
3031 3819 3269 3888 ἔρχεται.

2258 3918 2369 3972 Καὶ
2388 3915 2530 3970 διατι
2563 3917 2638 3983 μὴ
2672 3913 2809 3983 μετὰ
2835 3914 2934 3983 τὴν
2961 3914 3257 3965 ἀνάστασιν
3298 3911 3458 3975 εύοὺς
3486 3910 3700 3979 ἔρχεται
3725 3925 3740 3970 ;

2189 4010 2328 4073 Ἵνα,
2362 4007 2420 4060 ὲν
2452 4005 2620 4076 πολλῇ
2664 4004 2830 4057 αὐτοῦ
2877 4003 3241 4064 καταστάντες
3277 4002 3556 4070 ἐπιουμίᾳ,
3610 3999 3745 4068 μετὰ

2188 4102 2390 4171 πολλῆς
2440 4100 2604 4154 αὑτὸν
2639 4101 2817 4169 χαρᾶς
2873 4098 3253 4161 ὑποδέξωνται.
3309 4095 3453 4154 Ἕως
3490 4096 3586 4162 μὲν
3637 4095 3743 4163 γὰρ

2187 4193 2354 4261 συνῆν
2389 4190 2571 4252 αὐτοῖς
2603 4191 2630 4243 ό
2661 4188 2921 4259 Χριστὸς,
2969 4189 3067 4239 οὐκ
3121 4183 3260 4254 ἦσαν
3293 4187 3348 4237 ὲν
3397 4184 3590 4253 ολίψει·
3625 4185 3743 4236 ἐπεὶ

2186 4284 2243 4338 δὲ
2273 4281 2506 4352 ἀπῆλθε,
2566 4278 2948 4350 γυμνωθέντες
2989 4279 3084 4330 καὶ
3115 4279 3171 4329 ὲν
3231 4275 3407 4344 πολλῷ
3452 4277 3596 4345 φόϐῳ
3651 4277 3743 4327 καὶ

2190 4373 2400 4444 ἀθυμίᾳ
2430 4371 2736 4441 γενόμενοι,
2798 4369 3004 4438 σφόδρα
3028 4368 3194 4439 ἡδέως
3228 4367 3446 4436 ἔμελλον
3489 4366 3743 4430 ὑποδέξα-

2188 4467 2311 4520 σθαι
2337 4466 2398 4518 τὸ
2431 4463 2654 4535 Πνεῦμα
2684 4462 2742 4515 τὸ
2777 4463 2952 4530 ἆγιυν.

2260 4560 2473 4627 Ὠσπερ
2504 4558 2560 4610 δὲ
2591 4558 2618 4609 ό
2651 4554 2839 4624 Πατὴρ
2873 4552 3103 4621 ἠδύνατο
3125 4554 3194 4605 τὰ
3223 4551 3352 4605 ὄντα
3383 4550 3738 4620 παραγαγεῖν,

2185 4655 2213 4706 ὁ
2243 4650 2372 4712 Υἱὸς
2409 4649 2466 4701 δὲ
2523 4647 2696 4701 ταῦτα
2756 4646 3103 4717 παρήγαγεν.
3137 4645 3222 4696 ἴνα
3277 4642 3535 4712 μάθωμεν
3583 4639 3741 4692 αὐτοῦ

2186 4746 2285 4811 τὴν
2319 4741 2550 4812 δύναμιν
2593 4740 2686 4792 καὶ
2736 4738 2988 4806 θεότητα·
3056 4735 3220 4809 [οὕτω
3271 4735 3377 4804 (59)
3428 4733 3570 4785 καὶὸ
3618 4732 3741 4794 Υίὸς

2187 4835 2420 4906 ἠδύνατο
2447 4833 2515 4885 τὰ
2553 4830 2648 4884 τοῦ
2707 4829 2866 4884 ἄλλου
2923 4829 3282 4899 Παρακλήτου
3319 4824 3650 4896 ὲργάσασῦαι
3683 4824 3740 4874 ὲν

1686 4996 1886 5059 Variae
1917 4995 2222 5060 lectiones
2267 5001 2328 5056 et
2372 5003 2560 5056 notae.

578 5159 689 5225 (ΞΠ)
718 5156 761 5210 Α
809 5154 988 5210 verbis
1047 5153 1157 5208 Καὶ
1179 5150 1322 5205 διατί
1350 5150 1416 5204 ad
1445 5149 1579 5219 δήλη
1610 5147 1838 5218 γένηται
1879 5148 2079 5203 desunt

505 5229 685 5283 omnia
710 5228 761 5280 in
791 5226 913 5279 cod.
950 5225 1015 5278 Α.

579 5301 691 5363 (ΐὶὃ)
768 5293 1187 5366 Elegantissime
1278 5290 1765 5366 ἀποδύεσθαι-ιρι.
1832 5289 2077 5366 ἀλείφειν

501 5358 703 5444 μυρίη.
727 5358 892 5444 Prius
915 5364 1129 5444 restitui
1154 5361 1559 5444 quoque'tlebet
1580 5358 1882 5444 Libit‘nio’iu
1912 5359 2074 5444 epist.

504 5427 627 5495 ὒιΠ,
656 5454 709 5501 p.
755 5436 843 5489 ubi
871 5435 1040 5489 codex
1072 5427 1241 5500 Moéq.
1286 5427 1362 5485 ita
1396 5431 1596 5491 habet:
1641 5427 1877 5501 Ἐλπίζω
1931 5428 1984 5480 δέ
2019 5446 2077 5481 σε

505 5513 601 5560 καὶ
630 5499 719 5558 διὰ
744 5506 839 5557 τοῦ
870 5503 1062 5559 παιδὸς
1091 5499 1326 5562 πολλοὺς
1358 5502 1489 5569 ἡμῖν
1513 5499 1760 5566 ἐλέγξειν
1821 5499 2057 5569 ῥήτορας

505 5578 679 5640 οῦτως
706 5575 800 5641 ὀξὺ
831 5574 1127 5646 βλέποντος
1157 5574 1253 5625 καὶ
1287 5568 1528 5643 ῥέοντος,
1553 5569 1612 5622 ὃν
1635 5569 1822 5639 ibi]qu
1850 5568 1960 5620 δεῖν
1987 5569 2080 5620 εύ-

583 5746 659 5802 (οι)
691 5740 826 5791 Ante
853 5755 913 5791 ne
946 5736 1174 5792 incaute.
1207 5734 1413 5799 omisit,
1442 5731 1671 5787 Futura.

2182 5147 2279 5208 οὺς
2335 5145 2609 5214 ἀποδύντα
2664 5141 3188 5214 [νιιιεονάποὸόντα]
3247 5141 3517 5206 παλαίειν,
3594 5141 3739 5203 ὅπως

2188 5217 2262 5284 μὴ
2313 5212 2681 5279 παρελθόντα
2730 5213 2922 5284 καιρὸν
2951 5212 3221 5284 ζητῷμεν.

2258 5280 2364 5355 ἰ59)
2393 5284 2523 5350 Qum
2556 5283 2642 5337 hic
2667 5280 3052 5355 inclusas-ant,
3073 5280 3392 5355 legunturin
3421 5295 3597 5355 marg.
3618 5280 3736 5355 cod.

2184 5353 2535 5410 B.'a'manu
2611 5353 2924 5406 recentiori.
2987 5353 3263 5406 Excidisse
3318 5357 3495 5402 autem
3552 5353 3739 5404 viden-

2185 5437 2273 5480 tur
2323 5427 2393 5479 ob
2449 5424 2645 5492 duplex
2694 5423 2940 5490 θεότητα.
2994 5421 3104 5489 Ego
3157 5437 3261 5473 non
3304 5420 3556 5492 dubitavi
3608 5422 3741 5471 rcci-

2189 5511 2341 5567 pere,
2379 5490 2677 5567 praesertim
2741 5509 2862 5546 cum
2894 5492 3194 5546 llentenius
3245 5490 3403 5544 etiam
3458 5492 3651 5544 habeat
3690 5492 3738 5540 in

2189 5566 2286 5622 sua
2310 5566 2780 5634 interpretatione.

582 5812 654 5868 (bl
694 5809 751 5861 1³ι
769 5811 1003 5862 υηῖιιθίίω.
1041 5807 1196 5860 Ferte
1228 5821 1358 5874 ergo
1391 5805 1535 5875 legit,
1572 5803 1919 5872 προφητικῆς
1949 5803 2041 5855 καὶ
2078 5823 2080 5831 ι

2185 5818 2342 5870 γνοστ
2355 5804 2496 5873 ικῆς.
