3976 6520
240 464 367 526 1529

1109 460 1494 524 COMMENT.
1533 458 1617 520 1N
1667 455 2046 520 JOANNEM.
2083 482 2152 494 —
2191 459 2347 523 CAP.
2389 462 2550 522 XVI.

3361 457 3499 521 1430

237 583 344 642 τοῖς
398 580 690 653 μαθηταῖςο
726 580 788 634 τὸ
821 579 1049 650 Πνεῦμα
1093 581 1150 634 δὲ
1188 581 1248 634 τὸ
1300 581 1456 649 άγιον
1487 581 1804 650 εἰργάσατο,
1838 626 1840 632 λ

1963 575 2056 630 alis
2115 578 2352 647 cperari,
2417 594 2480 634 ea
2537 586 2718 633 tamen
2783 587 3040 648 Operatus
3109 585 3196 632 est
3259 575 3496 646 Spiritus

236 671 319 722 ἵνα
350 672 618 742 μάθωμεν
655 673 750 726 καὶ
777 671 947 726 αὐτοῦ
996 671 1094 742 τὴν
1123 671 1354 741 δύναμιν
1383 672 1477 725 καὶ
1527 667 1806 739 θεότητα.]

245 765 394 820 Ἐπεὶ
425 767 532 836 γὰρ
564 767 689 836 περὶ
729 768 828 837 μὲν
860 765 954 819 τοῦ
991 766 1204 831 Πατρὸς
1248 766 1422 826 οὐδεὶς
1462 763 1804 833 ἀμφέϐαλλε,

236 859 357 924 περὶ
378 857 432 909 δὲ
467 858 564 911 τοῦ
595 858 726 911 Υξοῦ
755 857 850 912 καὶ
881 857 975 910 τοῦ
1004 858 1159 924 ἁγίου
1204 855 1521 925 Ιινεύματος
1552 854 1804 923 ἠγνόουν,

233 944 316 995 διὰ
364 947 524 999 τοῦτο
554 950 580 998 ὸ
617 949 715 1016 μὲν
763 949 831 1000 δι’
884 947 1358 1014 ὲνανθρωπήσεως
1390 945 1568 1015 ὁμιλεῖ
1598 945 1807 1006 αὐτοῖς,

237 1033 294 1084 τὸ
319 1033 373 1086 δὲ
401 1036 604 1104 τρόπον
633 1037 821 1106 ἕτερον
853 1034 1192 1099 καταοτίζει.

311 1215 418 1266 Καὶ
472 1217 596 1268 ἐπεὶ
631 1217 760 1286 περὶ
809 1217 908 1286 μὲν
945 1216 1038 1268 τοῦ
1076 1216 1292 1285 [ἰατρὸς
1341 1215 1514 1269 πολλὰ
1544 1217 1807 1286 ἤκουσαν,

237 1303 325 1354 τὸν
350 1306 405 1357 δὲ
437 1307 566 1359 Υίδν
594 1307 856 1368 πολλάκις
896 1303 1038 1360 εἶδον
1065 1307 1389 1378 θεοπρεπῶς
1416 1307 1810 1377 ἐργαζόμενον,

238 1396 330 1463 τὴν
360 1398 416 1448 δὲ
476 1398 572 1451 τοῦ
629 1400 785 1466 ἁγίου
829 1399 1148 1468 Πνεῦματος
1185 1399 1341 1464 ἀξίαν
1371 1397 1494 1452 οὔτε
1522 1399 1588 1452 δι’
1617 1401 1812 1468 ἀκοῆς,

238 1485 356 1539 οὔτε
384 1490 448 1542 δι’
483 1491 657 1558 ὅψεως
708 1491 1028 1558 ἐγίνωσκον,
1084 1492 1270 1545 λοιπὸν
1320 1493 1470 1562 παρὰ
1505 1491 1699 1545 τούτου
1724 1509 1814 1545 τε·

239 1578 528 1647 λειοῦνται,
563 1585 649 1636 ἵνα
682 1587 776 1636 καὶ
835 1585 934 1654 τὴν
966 1586 1161 1638 τούτου
1192 1587 1424 1656 θεότητα
1479 1585 1815 1655 γνωρίσωσι.

241 1672 335 1725 Διὰ
363 1674 521 1728 τοῦτο
551 1679 645 1728 καὶ
676 1678 765 1728 ἐπὶ
794 1676 889 1728 τοῦ
915 1677 1061 1730 θείου
1096 1677 1524 1746 βαπτίσματοςή
1556 1680 1816 1750 ζωοπάρ·

241 1779 360 1831 οχος
410 1767 583 1835 Τριάς
641 1768 1158 1837 παραλαμϐάνεται,
1198 1769 1296 1838 οὐχ
1327 1770 1405 1831 ὡς
1438 1768 1532 1821 τοῦ
1561 1769 1681 1832 ἑνὸς
1727 1771 1821 1836 μό-

247 1870 336 1906 νου
364 1859 436 1924 μὴ
472 1858 768 1928 ἀρκοῦντος
794 1861 872 1920 είς
897 1859 1282 1928 άναγέννησιν,
1317 1859 1432 1911 ἀλλ’
1463 1860 1549 1911 ἵνα
1581 1860 1670 1912 διὰ
1719 1861 1818 1928 τῆς

247 1950 534 2011 κοινωνίας
563 1951 672 2002 τῶν
703 1950 1044 2019 ὲπικλήσεων
1075 1952 1107 2020 ή
1135 1951 1391 2003 κοινωνία
1421 1952 1520 2019 τῆς
1571 1950 1824 2022 θεότητος

250 2037 377 2108 δήλη
411 2040 686 2114 γένηται.]

322 2134 549 2200 Μικρὸν
588 2164 652 2174 —-
685 2152 775 2200 με.
807 2133 1166 2204 Τεθαμμένον
1199 2135 1304 2196 ὑπὸ
1334 2138 1460 2205 γῆν.

321 2223 430 2275 Καὶ
455 2240 633 2290 -ινμε.
682 2225 1018 2278 Ἀναστάντα
1058 2226 1120 2277 ἐκ
1149 2227 1379 2298 νεκρῶν.

321 2310 454 2365 Ὀτι
495 2342 552 2351 -
596 2313 848 2381 Πατέρα.
892 2315 1150 2368 Διάὸασιν
1179 2314 1459 2384 πανταχοῦ
1491 2315 1553 2368 τὸ
1603 2317 1835 2386 πρᾶγμα

252 2403 429 2467 καλεῖ,
486 2404 701 2467 δεικνὺς
758 2405 839 2457 ὅτι
892 2406 952 2458 οὐ
1010 2407 1492 2476 κατασχεθήσεται
1551 2407 1645 2459 ἐπὶ
1697 2408 1832 2460 πολὺ

255 2498 406 2566 παρὰ
431 2495 523 2549 τοῦ
556 2497 810 2550 θανάτου.
843 2497 1118 2567 Χαρίεντα
1148 2497 1244 2567 μὲν
1274 2494 1367 2551 οὖν
1395 2499 1523 2568 περὶ
1553 2498 1647 2551 τοῦ
1673 2499 1837 2552 ἄλλου

255 2587 618 2659 Παρακλήτου
677 2589 1188 2658 ἐπαγγειλάμενος,
1246 2588 1467 2657 λυπηρὰ
1530 2590 1693 2642 πάλιν
1740 2592 1840 2643 t1:-

260 2679 461 2748 ήγαγε.
495 2681 600 2732 Καὶ
632 2680 894 2742 πολλάκις
923 2681 1023 2752 ἤδη
1048 2681 1208 2734 τοῦτο
1239 2683 1508 2749 πεποίηκε
1541 2685 1638 2735 καὶ
1677 2686 1840 2746 ποιεῖ,

259 2775 370 2835 τοῖς
429 2771 702 2842 θυμήρεσι
737 2773 805 2825 τὰ
855 2773 1112 2843 θυμαλγῆ
1161 2773 1508 2840 ἀναπλέκων,
1545 2772 1631 2829 οἷα
1685 2776 1844 2829 τοῦτο

265 2863 366 2932 μὲν
395 2865 733 2936 παρηγορῶν
765 2869 1239 2931 καταπίπτοντας,
1272 2867 1431 2920 τοῦτο
1460 2868 1516 2920 δὲ
1547 2868 1845 2937 γυμνάζων

262 2956 528 3019 ἑστῶτας.
564 2959 626 3010 οι
659 2957 769 3025 γὰρ
804 2958 861 3008 ὲν
887 2961 1003 3020 τοῖς
1036 2959 1249 3028 ῥήμασι
1287 2960 1353 3012 τὰ
1385 2960 1695 3014 ἁπευκταϊα
1755 2979 1850 3031 με-

264 3050 596 3123 λετήσαντες
646 3053 1024 3124 εὐφορὼτερον
1081 3053 1310 3124 ἔμελλον
1370 3057 1541 3110 οἴσειν
1597 3057 1736 3110 αυτὰ
1790 3058 1848 3110 ὲν

264 3148 379 3207 τοῖς
417 3147 762 3214 πράγμασιν.

1911 676 2150 727 sanctus.
2185 676 2243 721 ιιι
2266 669 2382 738 ejus
2412 682 2628 738 quoque
2654 667 2928 723 discamus
2978 665 3272 734 potentiam
3305 681 3367 720 ac
3413 664 3499 717 di-

1911 757 2217 812 vinitatem.
2254 759 2389 813 Nam
2424 759 2551 829 quia
2596 759 2662 814 de
2701 757 2859 812 Patre
2898 757 3115 826 quidem
3162 757 3345 809 nullus
3389 756 3500 809 lite-

1910 852 2134 916 sitaliat,
2157 853 2225 907 de
2256 853 2389 906 Filio
2410 862 2592 907 autem
2622 867 2687 906 ac
2719 851 2923 921 Spiritu
2955 860 3145 906 sancto
3196 848 3501 919 ignorantia

1913 945 2256 1004 tenebantur.
2294 954 2581 1014 propterea
2610 943 2699 998 ille
2748 957 2878 997 sane
2914 958 3010 1010 pcr
3065 939 3498 992 incarnationem

1913 1050 2037 1088 cum
2071 1036 2149 1090 eis
2181 1045 2534 1091 conversatus
2572 1043 2676 1097 est,
2729 1033 2817 1088 hic
2854 1048 2986 1086 vero
3020 1032 3127 1086 alio
3164 1029 3322 1082 tumin
3375 1043 3504 1096 per.

1916 1130 2067 1183 ιύεξι.

1984 1223 2254 1276 Praeterea
2309 1219 2377 1274 de
2433 1217 2594 1272 Patre
2660 1217 2882 1287 quidem
2942 1216 3118 1270 multa
3175 1215 3506 1268 audierant:

1918 1311 2111 1366 Filium
2142 1325 2359 1380 quoque
2391 1309 2590 1379 smpius
2621 1309 2803 1363 divina
2848 1315 3167 1378 operantem
3207 1319 3478 1374 conspexe
3498 1338 3513 1348 η

1919 1412 2040 1457 rant
2072 1421 2084 1457 :
2121 1401 2365 1472 Spiritus
2385 1401 2557 1456 sancti
2593 1411 2775 1455 autem
2835 1400 3175 1470 dignitatem,
3210 1413 3386 1466 neque
3417 1412 3514 1448 au-

1918 1497 2059 1560 ditu,
2090 1512 2266 1566 neque
2294 1505 2519 1566 aspectu
2547 1494 2971 1567 cognoscebant.
2999 1494 3080 1548 Ab
3101 1493 3204 1546 hoc
3229 1491 3409 1559 itaque
3434 1488 3507 1558 (ς)

1919 1588 2303 1657 perficiuntur,
2331 1598 2389 1641 ut
2410 1589 2530 1657 ejus
2553 1601 2771 1656 quoque
2791 1585 3132 1641 divinitatem
3156 1588 3509 1652 cognoscant.

1921 1679 2214 1747 Propterea
2269 1679 2432 1732 etiam
2497 1677 2550 1730 in
2605 1676 2788 1730 divino
2853 1675 3180 1744 baptismate
3238 1670 3518 1726 viviﬁcans

1923 1769 2163 1824 Trinitas
2194 1769 2487 1823 assumitur
2515 1786 2527 1820 ε
2556 1783 2665 1821 non
2699 1766 2840 1834 quod
2876 1780 2982 1819 una
3012 1764 3124 1818 sola
3164 1777 3395 1832 persona
3447 1761 3510 1813 ad

1925 1862 2393 1932 regenerationem
2426 1876 2535 1914 non
2567 1858 2816 1922 suiliciat,
2859 1856 2952 1911 sed
2982 1865 3040 1909 ut
3067 1872 3163 1926 per
3214 1853 3515 1907 invocatio-

1936 1954 2018 2008 nis
2050 1952 2601 2009 communicationem
2625 1950 2850 2005 Deitatis
2889 1944 3313 2004 communicatio
3345 1944 3504 2014 signi-

1934 2047 2142 2103 ﬁcetur.
3115 2105 3117 2107 ,

2010 2143 2162 2200 Vers.
2196 2139 2280 2196 l6.
2316 2138 2518 2194 Pusillo
2551 2167 2619 2177 —
2643 2152 2743 2190 me.
2775 2135 2887 2190 Sub
2920 2147 3060 2188 terra
3114 2131 3410 2201 sepultum.

2009 2235 2166 2288 νει-ε.
2203 2233 2287 2287 l6.
2318 2232 2384 2287 Et
2416 2262 2464 2271 —
2516 2247 2616 2284 me.
2652 2229 2754 2285 libi
2795 2244 2826 2282 a
2859 2228 3092 2282 mortuis
3143 2237 3522 2279 resurrexero.

2011 2326 2166 2382 Vers.
2201 2325 2286 2380 16.
2320 2323 2459 2389 Quia
2499 2352 2562 2364 -
2599 2321 2835 2375 Patrem.
2871 2317 3153 2374 Passionis
3188 2313 3520 2387 ’mysterium

1942 2420 2180 2489 appellat
2212 2417 2416 2487 ubique
2449 2414 2759 2478 transitum,
2818 2411 3141 2484 ostendens,
3201 2408 3349 2478 quod
3410 2420 3523 2460 non

1943 2511 2112 2566 nmlto
2151 2520 2397 2579 tempore
2426 2504 2586 2560 morti
2633 2503 2754 2559 erit-
2780 2500 3083 2570 subjectus.
3121 2497 3307 2567 Itaque
3363 2503 3529 2565 post-

1943 2603 2250 2674 quamlzeta
2284 2601 2352 2655 de
2391 2599 2565 2653 altero
2626 2594 2911 2650 Paraclcto
2969 2589 3244 2662 promisit,
3306 2601 3527 2642 rursum

1949 2671 2121 2748 tristia
2183 2689 2413 2753 inducit,
2471 2687 2636 2756 idque
2699 2684 3018 2756 frequenter
3079 2691 3134 2736 et
3167 2671 3299 2735 fecit
3322 2678 3431 2749 jam
3473 2686 3530 2732 et

1948 2783 2097 2848 facit,
2152 2782 2289 2836 laetis
2348 2779 2526 2835 tristia
2587 2778 2953 2848 permiscens,
3018 2783 3079 2828 ut
3128 2773 3256 2826 hinc
3310 2769 3527 2840 quidem

1949 2874 2264 2930 consoletur
2319 2871 2586 2941 deiectos,
2639 2869 2772 2923 hinc
2832 2882 2965 2921 vero
2992 2873 3203 2921 stantes
3255 2869 3528 2916 exerceat.

1950 2967 2084 3020 Nam
2099 2964 2190 3034 qui
2223 2964 2278 3017 in
2309 2961 2493 3016 verbis
2520 2959 2801 3015 horrenda
2840 2957 3074 3028 primum
3109 2953 3363 3009 meditati
3409 2951 3533 3006 fue-

1951 3067 2097 3121 rant,
2132 3071 2194 3110 ca
2226 3053 2577 3126 postmodum
2635 3051 2690 3104 in
2749 3049 2914 3105 rebus
2969 3045 3316 3103 tolerabilius
3369 3042 3532 3098 laturi

1953 3157 2130 3204 erant.

339 3229 532 3287 Εἶπον
575 3265 639 3275 —-
678 3235 874 3290 λαλεῖ.
913 3235 1124 3288 Ἐδόκει
1155 3235 1263 3306 γάρ
1319 3237 1503 3300 αὐτοῖς
1533 3238 1840 3311 παραϐολήν

2025 3241 2184 3298 Vers.
2215 3241 2301 3294 Π.
2347 3239 2603 3293 Dixerunt
2631 3267 2699 3277 --
2731 3235 2886 3291 Vers.
2921 3233 3007 3292 18.
3037 3233 3304 3303 loquatur.
3346 3227 3530 3298 Siqui-

265 3341 393 3376 τινα
429 3326 708 3379 κάνταῦθα
736 3327 941 3394 λέγειν,
977 3327 1053 3390 ὡς
1087 3328 1179 3380 καὶ
1205 3329 1263 3379 ὲν
1291 3327 1368 3396 τῷ
1391 3329 1534 3382 κατὰ
1571 3331 1850 3385 Ματθαϊον

270 3418 709 3486 προειρήκαμεν.
742 3419 902 3480 Ἴσως
929 3420 986 3472 δὲ
1019 3420 1111 3472 καὶ
1131 3420 1194 3473 τὸ
1219 3419 1449 3490 σφοδρὸν
1472 3422 1570 3491 τῆς
1612 3421 1854 3492 ἀθυμίας

268 3505 373 3576 τὴν
400 3507 765 3574 ἀναισθησίαν
799 3511 1006 3580 ταύτην
1047 3511 1366 3579 ἐνεποίησεν
1422 3512 1628 3579 αὐτοῖς,
1671 3514 1765 3566 καὶ
1804 3515 1853 3566 οἱ

272 3598 539 3661 πολλάκις
567 3599 744 3653 ταῦτα
777 3602 1121 3663 ἀκούσαντες
1161 3603 1303 3656 οὕτω
1334 3588 1603 3657 διέκειντο
1646 3605 1720 3666 ὡς
1752 3623 1856 3676 μη-

273 3689 469 3744 δέποτε
503 3692 669 3763 μηδὲν
699 3695 901 3747 τούτων
932 3696 1253 3767 ἀκηκοότες.

358 3878 552 3947 Ἔγνω
601 3909 670 3918 --
703 3897 814 3948 με;
847 3876 978 3933 Εἶτα
1024 3881 1372 3953 διερμηνευει
1418 3883 1477 3936 τὸ
1507 3882 1856 3953 ζητούμενον.

371 4063 558 4133 Ἀμὴν
606 4095 667 4105 —
719 4064 911 4134 ὑμεῖς.
941 4065 1034 4135 Μὴ
1066 4063 1404 4136 θεωροῦντες
1433 4081 1498 4134 με
1545 4065 1620 4128 ὡς
1661 4066 1864 4136 τεθαμυ

289 4157 451 4229 μένον
484 4157 586 4209 ὑπὸ
613 4157 738 4225 γῆν.

371 4251 434 4302 '0
472 4246 540 4301 δὲ
577 4253 808 4316 κόσμος
835 4246 1184 4316 χαρήσεται.
1217 4247 1280 4300 Οἱ
1312 4247 1560 4317 πονηροὶ,
1592 4247 1668 4310 ὡς
1693 4247 1870 4301 άπαλο

287 4342 546 4410 λαγέντες
581 4358 706 4410 μου.

373 4433 560 4500 Ὑμεῖς
585 4432 653 4484 δὲ
690 4430 1148 4499 λυπηθήσεσθε.
1174 4431 1318 4502 Πρὸς
1341 4432 1532 4503 καιρόν
1553 4451 1694 4486 τινα.
1728 4432 1874 4503 Ὅρα

291 4527 349 4580 δὲ
379 4527 495 4584 πῶς
529 4523 673 4590 εἷπε,
703 4527 1013 4579 κλαύσετε
1039 4524 1138 4577 καί
1172 4524 1507 4593 θρηνήσετε
1539 4526 1637 4579 καὶ
1669 4529 1871 4591 λυπη-

1956 3339 2079 3393 dem
2115 3335 2430 3407 parabolam
2489 3334 2571 3388 eis
2621 3333 2913 3387 videbatur
2982 3329 3221 3399 aliquam
3249 3328 3412 3381 etiam
3445 3324 3533 3380 hic

1957 3424 2166 3488 dicere,
2202 3423 2346 3477 sicut
2375 3433 2432 3477 et
2464 3423 2516 3474 in
2546 3419 2839 3491 Evangelia
2875 3418 3033 3488 juxta
3059 3416 3374 3470 Matthaeum
3404 3429 3540 3484 prae-

1958 3515 2218 3570 diximus.
2250 3513 2528 3570 Fortassis
2553 3522 2734 3567 autem
2790 3521 2846 3567 et
2901 3509 3140 3564 tristitie
3196 3506 3538 3562 vehementia

1960 3607 2438 3664 insensibilitatem
2469 3607 2613 3660 banc
2629 3605 2709 3660 eis
2739 3604 3005 3674 iniecerat
3031 3618 3046 3654 :
3076 3610 3133 3656 et
3153 3600 3248 3669 qui
3284 3598 3542 3669 frequen-

1967 3712 2047 3756 ter
2085 3701 2202 3755 haec
2230 3700 2542 3763 audierant,
2599 3698 2679 3753 sic
2717 3695 2894 3751 affecti
2956 3701 3138 3756 erant,
3196 3691 3353 3763 quasi
3405 3689 3545 3745 nihil

1961 3810 2203 3864 unquam
2229 3795 2426 3849 horum
2453 3794 2760 3849 audissent.

2034 3890 2190 3945 νει-ε.
2226 3891 2313 3946 19.
2341 3890 2591 3961 Cognovit
2625 3918 2691 3929 ——
2715 3904 2798 3941 me
2835 3890 2858 3942 ?
2890 3885 3100 3941 Deinde
3139 3885 3283 3956 quod
3335 3897 3547 3954 quaere-

1965 3985 2099 4039 bant
2142 3983 2560 4052 interpretatur.

2042 4073 2204 4128 Vers.
2234 4073 2323 4128 20.
2382 4072 2777 4125 Amen—vos.
2813 4068 2930 4123 NOII
2979 4067 3231 4123 videntes
3285 4081 3400 4133 me,
3448 4066 3552 4122 sub

1971 4176 2118 4221 terra
2137 4165 2398 4219 videlicet
2430 4163 2728 4233 sepultum.

2043 4255 2201 4311 Vers.
2238 4253 2732 4310 20.}!unrlusvero
2792 4253 3070 4323 gaudebit,
3130 4249 3256 4305 Mali
3317 4247 3550 4312 scilicet,

1974 4360 2231 4418 tanquam
2265 4364 2293 4402 a
2328 4363 2416 4402 me
2439 4347 2670 4402 liberati.

2049 4439 2201 4495 νει-9.
2238 4440 2327 4494 ΞΟ,
2371 4438 2470 4493 Vos
2497 4450 2672 4493 autem
2693 4436 3166 4493 contristabimiui.
3219 4434 3299 4489 Ad
3335 4432 3555 4502 aliquod

1979 4543 2216 4601 tempus.
2246 4531 2380 4586 Vide
2407 4541 2613 4596 autem,
2645 4529 2921 4600 quomodo
2980 4526 3215 4582 dixerit:
3272 4525 3558 4579 Plorabitis

293 4619 577 4684 θήσεσθε,
605 4618 897 4686 γυμνάζων
924 4616 1121 4678 αὐτοὺς
1149 4618 1242 4669 ἐπὶ
1284 4617 1446 4670 πλέον
1485 4619 1565 4680 εἰς
1591 4616 1840 4688 ὑπομονὴ

1979 4633 2026 4676 et
2057 4622 2480 4677 lamentabimini
2530 4640 2591 4676 ac
2623 4619 3084 4680 contristabimim’,
3115 4618 3183 4672 ad
3213 4617 3556 4672 tolerantiam

294 4711 385 4766 διὰ
411 4712 507 4781 τῆς
543 4711 825 4780 συνεχείας
868 4707 968 4762 καὶ
998 4709 1304 4772 ἑπιτάσεως
1348 4710 1456 4762 τῶν
1498 4710 1868 4775 άλγυνόντων.

380 4893 534 4949 Ἀλλ’
577 4923 645 4933 -
693 4893 1032 4962 γενήσεται.
1067 4892 1236 4946 Πάλιν
1284 4892 1634 4962 θεωρούντων
1669 4911 1762 4962 με.
1799 4893 1876 4958 ὡς

301 4989 606 5044 ἀναστάντα
651 4989 714 5040 ἐκ
751 4987 962 5056 νεκρῶν
990 4987 1115 5073 ἤδη.
1141 4981 1274 5039 Εἶτα
1304 4987 1485 5058 τίθησι
1517 4987 1612 5040 καὶ
1639 4986 1751 5056 (60)
1779 5004 1871 5040 κο-

304 5081 501 5150 σμικδν
517 5080 905 5152 ἀναντίρρητον
925 5080 1273 5152 παράδειγμα
1289 5080 1384 5152 τῆς
1408 5077 1507 5150 τὴν
1531 5078 1709 5150 λύπην
1734 5080 1876 5146 ἀφα-

306 5171 556 5242 νιζούσης
586 5191 655 5244 χα
663 5189 694 5242 ρ
705 5175 784 5236 ig.

1982 4715 2218 4783 amplius
2245 4728 2340 4769 eos
2359 4728 2647 4775 exercens,
2687 4727 2784 4782 per
2839 4709 3307 4765 continuationem
3357 4708 3434 4777 (d)
3467 4722 3556 4761 eo.

1985 4821 2102 4858 rum
2136 4821 2257 4874 quae
2291 4819 2526 4859 mmrore
2560 4803 2817 4858 afficiant.

2053 4895 2213 4951 Vers.
2247 4898 2336 4951 ΞΟ.
2369 4896 2474 4951 Sed
2506 4924 2573 4936 —
2607 4903 2857 4949 vertetur.
2890 4892 3027 4948 Cum
3061 4906 3150 4946 me
3173 4891 3374 4946 iterum
3411 4889 3561 4944 vitie—

1989 4988 2113 5041 bitis
2140 5003 2205 5041 ex
2241 4987 2471 5042 mortuis
2495 4985 2905 5041 resuscitatum.
2956 4983 3166 5038 Deinde
3225 4983 3563 5053 ponitetiam

1991 5079 2211 5149 vulgare
2251 5077 2320 5150 (ε)
2371 5093 2434 5132 ac
2477 5078 2840 5133 certissimum
2872 5076 3183 5148 exemplum
3231 5075 3298 5130 de
3346 5073 3561 5147 gaudio.

1991 5171 2135 5240 quod
2175 5184 2514 5233 mmroremo
2549 5170 2728 5226 medio
2755 5169 2921 5225 tollit.

1507 5366 1718 5430 νοιδίων
1743 5365 2052 5431 lectiones
2090 5375 2150 5430 et
2185 5378 2374 5433 notua.

386 5532 495 5603 (60)
523 5535 758 5604 Μικρὸν,
791 5549 889 5601 pro
928 5533 1190 5603 κοσμικόν
1220 5532 1283 5586 Α.

410 5693 458 5760 c)
487 5692 564 5745 Ab
591 5694 685 5744 hoc
707 5692 900 5757 itaque.
931 5689 1169 5759 Denique
1201 5688 1268 5742 ab
1305 5689 1429 5744 hoc.

385 5695 464 5835 Et!)
494 5762 976 5835 continuationem.
1004 5759 1425 5835 Continuatione

410 5756 464 5834 tl)
494 5762 976 5834 Contittuatiouem.
1004 5756 1480 5834 Contin‘uationem
1530 5756 1890 5834 etintentio-

319 5827 466 5902 nom.
493 5833 612 5887 Non
641 5832 852 5887 videtur
876 5829 1094 5902 legisse,
1125 5829 1561 5895 καὶὲπιτάσεως,
1595 5827 1649 5883 id
1679 5839 1763 5885 est
1791 5831 1888 5884 αὐ-

322 5901 385 5971 ξή
394 5921 549 5966 σεως.

2071 5687 2139 5761 (ε)
2182 5687 2430 5761 Vulgare.
2465 5685 2522 5740 ln
2551 5684 2740 5761 Graeco
2762 5689 2879 5761 est,
2904 5681 3253 5761 mundanum,
3285 5679 3340 5736 id
3375 5688 3481 5761 est,
3502 5694 3563 5734 er

1996 5750 2184 5826 rebus,
2216 5750 2337 5828 qua:
2364 5758 2419 5811 in
2450 5756 2657 5828 mundo
2709 5754 2888 5810 solent
2935 5752 3204 5820 accidere,
3258 5750 3548 5823 repetitum

1993 5828 2106 5886 Nisi
2140 5825 2317 5885 κοινόν
2337 5825 2546 5900 legerit.
