3976 6476
524 391 660 453 1435

1750 397 2134 458 ΕΠἹἨῩΜΙΙ
2175 397 2300 459 ZTG
2314 399 2538 460 ΑΒΕΝῙ

3635 401 3769 467 lilii

517 505 682 560 solvis
722 505 866 574 quod
895 505 1107 574 quzerit.
1140 503 1270 559 Nam
1324 516 1376 560 et
1399 507 1560 561 nobis
1615 507 2090 575 conquirentihus,

2235 507 2262 560 ὁ
2283 524 2297 537 ο
2325 509 2553 576 Μικρὸν
2579 508 2678 562 καί
2707 510 2778 562 οὺ
2806 509 3068 578 θεωρεῖτέ
3085 527 3182 580 με,
3214 510 3309 564 καί
3333 510 3516 565 πάλιν
3539 518 3771 580 μικρὸν,

523 595 648 665 quill
687 604 856 657 esset,
919 596 1124 650 Pusillo
1175 608 1407 665 tempore
1455 614 1564 652 non
1634 597 1877 650 videbitis
1927 613 2033 660 me,
2056 605 2105 651 et

519 704 730 742 rursum
756 688 947 754 pusillo
969 697 1296 759 temporehet
1327 691 1571 744 uidebit-is
1623 705 1723 753 me,
1756 699 1811 743 et
1867 697 2102 756 caetera;

521 796 632 834 non
667 782 1036 850 interrogatus
1069 782 1461 852 interpretatus
1496 797 1555 836 es
1585 797 1673 847 ea,
1727 789 1784 835 et
1818 782 2106 851 quiescere

524 870 701 924 fecisti
745 881 987 925 mentem
1021 881 1289 927 nostram.

599 958 753 1015 vers.
811 963 901 1016 50.
972 962 1076 1025 Per
1125 966 1221 1017 hoc
1248 994 1317 1004 —
1348 961 1503 1018 Vera.
1569 965 1659 1019 51.
1703 965 1964 1019 creditis?
1998 965 2106 1035 Ipsi

524 1053 794 1120 siquidem
854 1065 1108 1125 tanquam
1134 1056 1363 1127 gratiam
1413 1057 1647 1126 aliquam
1712 1057 1785 1109 illi
1834 1066 2107 1125 praestan-

525 1155 608 1198 tes
629 1144 891 1200 dixerunt
925 1164 939 1200 :
986 1145 1064 1200 Ex
1092 1145 1198 1202 hoc
1229 1146 1473 1217 perfecte
1531 1148 1841 1210 credimus,
1904 1149 2046 1217 quod
2077 1165 2105 1202 a

528 1237 640 1290 Deo
677 1236 877 1294 missus
918 1239 1018 1304 sis,
1046 1241 1192 1309 quod
1228 1239 1403 1295 Filius
1432 1239 1526 1293 Dei
1548 1238 1642 1293 sis.
1696 1237 1814 1309 Ipse
1851 1254 1982 1293 vero
2008 1254 2102 1294 ex.

524 1328 799 1397 probrans
828 1329 907 1384 eis
948 1330 1325 1398 imperfectam
1355 1330 1533 1386 adhuc
1563 1329 1744 1395 fidem,
1788 1331 1864 1384 ait
1893 1349 1904 1382 :
1949 1329 2105 1384 Modo

525 1420 747 1490 perfecte
763 1421 996 1477 creditis.
1016 1421 1262 1477 Necdum
1287 1422 1485 1486 adhuc,
1515 1430 1704 1492 arguet
1730 1422 1876 1474 enim
1901 1437 1963 1476 ac
1981 1437 2110 1477 con-

525 1515 711 1569 vincet
749 1532 846 1571 vos
877 1526 1092 1586 tempus
1110 1517 1258 1589 quod
1280 1518 1392 1586 jam
1424 1519 1611 1572 instat.

603 1604 754 1661 Vers.
821 1607 911 1662 52.
947 1608 1083 1663 Ecce
1153 1639 1223 1654 —-
1270 1609 1610 1681 relinquatis.
1684 1612 1923 1682 Tempus
1979 1613 2111 1666 dicit

528 1698 767 1768 impetus
792 1716 981 1755 eorum
1035 1701 1125 1771 qui
1165 1717 1288 1756 eum
1319 1703 1602 1771 proditore
1645 1704 1861 1757 venturi
1929 1713 2108 1768 erant,

528 1805 651 1845 cum
699 1805 892 1846 omnes
946 1793 1198 1863 discipuli
1267 1795 1390 1862 ejus
1451 1794 1645 1851 relicto
1708 1812 1773 1852 eo
1831 1796 2106 1866 fugerunt,

531 1885 699 1939 veluti
737 1887 957 1955 scripsit
992 1886 1274 1942 Matthmns
1305 1890 1347 1920 “
1377 1907 1391 1953 ;
1463 1900 1591 1944 tunc
1624 1892 1766 1943 enim
1798 1891 1962 1944 timor
2010 1891 2113 1944 im-

531 1974 824 2042 perfectam
873 1993 1060 2030 eorum
1122 1977 1278 2033 fidem
1343 1982 1609 2043 ostendit,
1671 1997 1794 2036 cum
1851 1984 1918 2037 ad
1994 1999 2114 2036 mo-

533 2066 716 2120 dicum
757 2078 971 2139 tempus
999 2070 1390 2128 oﬂ‘endiculum
1415 2075 1558 2144 passi
1585 2076 1696 2130 sint
1757 2076 1824 2131 de
1857 2078 2113 2146 passione

532 2159 726 2226 ipsius.

608 2248 762 2306 νει-ε.
795 2253 881 2306 52.
932 2257 997 2308 Et
1033 2285 1101 2294 —
1133 2265 1228 2312 est.
1294 2256 1523 2327 Semper
1573 2275 1785 2316 mecum
1840 2273 2116 2328 versatur,

533 2351 727 2411 utpote
761 2343 1168 2415 inseparabilis.

604 2432 752 2488 Vcrs.
786 2435 874 2489 55.
939 2437 1066 2492 Hac
1088 2441 1438 2496 —Itabeatis.
1471 2473 1542 2483 —
1571 2443 1696 2497 Ha'c
1737 2445 1939 2499 locutus
1994 2462 2114 2500 sum

535 2522 702 2587 vobis,
727 2541 835 2580 non
869 2529 1168 2597 perfectam
1217 2534 1372 2588 vobis
1431 2536 1651 2591 tradens
1684 2538 1961 2601 notitiam,
2022 2539 2116 2591 sed

538 2630 609 2670 ne
639 2628 866 2688 propter
891 2623 1258 2693 cogitationes
1296 2628 1585 2696 patiamini
1613 2629 1664 2681 in
1699 2645 1784 2682 me
1814 2628 2122 2683 offendicu-

535 2705 673 2768 lum.
711 2719 805 2763 aut
846 2713 1164 2777 turbemini.
1215 2732 1338 2771 cum
1406 2721 1864 2788 comprehendar,
1912 2721 2120 2790 ligabor

537 2806 593 2851 et
620 2799 882 2866 abducar,
918 2804 1130 2874 aliaque
1166 2807 1406 2864 humano
1431 2825 1582 2864 more
1616 2812 1809 2879 patiar.

611 2885 767 2945 Vers.
805 2891 891 2944 55.
920 2891 1072 2945 In—
1107 2897 1386 2952 habebitis.
1452 2899 1570 2951 Non
1626 2901 1800 2953 solum
1835 2914 1958 2954 cum
2020 2915 2118 2969 pa-

539 2977 667 3042 tiar,
695 2993 886 3034 verum
924 2984 1092 3061 etiam
1124 2987 1367 3054 quandiu
1418 2989 1472 3041 in
1506 2989 1708 3043 mundo
1732 2990 1837 3044 hoc
1861 2990 2119 3057 fueritis;

539 3075 667 3123 nam
701 3086 942 3140 prtesens
973 3077 1082 3129 vita
1112 3079 1347 3132 stadium
1397 3090 1483 3135 cst
1502 3097 1566 3135 ac
1601 3082 1751 3135 locus
1775 3081 2123 3136 exercitatio-

2210 599 2310 652 καί
2351 601 2580 668 ὄψεσθέ
2600 619 2697 670 με,
2728 603 2822 656 καὶ
2853 602 2914 655 τδ
2951 605 3095 673 ἑξῆς·
3137 606 3209 674 μὴ
3246 604 3538 674 ἐρωτηθεὶς
3592 607 3773 676 ἡρμή-

2210 708 2408 756 νευσας
2440 693 2603 757 αὐτὰ,
2636 693 2729 747 καὶ
2760 694 3067 758 ἁνέπσυσας
3099 695 3254 764 ἡμῶν
3283 697 3379 766 τὴν
3412 698 3652 751 διάνοιαν

2297 948 2401 999 Ἐν
2453 947 2642 1012 τούτῳ
2674 977 2743 986 -
2786 947 3143 1012 mandare;
3201 947 3364 1002 Αὐτοὶ
3420 950 3538 1016 μὲν,
3594 948 3780 1018 ὥσπερ

2213 1040 2374 1110 χάριν
2409 1040 2532 1094 τινὰ
2569 1041 2903 1111 παρέχοντες
2936 1041 3106 1110 αὐτῷ,
3139 1037 3289 1093 εἷπον
3322 1043 3403 1093 ὅτι
3439 1042 3574 1095 Ἀπὸ
3593 1043 3780 1095 τούτου

2213 1132 2546 1200 πιστεύομεν
2572 1132 2802 1196 ἐντελῶς
2829 1134 2910 1184 ὅτι
2939 1135 3002 1185 ἐκ
3026 1131 3122 1184 τοῦ
3154 1133 3287 1185 Θεοῦ
3342 1134 3672 1202 ἀπεστάλης,
3699 1135 3780 1185 ὅτι

2213 1223 2346 1285 Υἱὸς
2376 1217 2426 1274 εἴ
2459 1223 2553 1275 τοῦ
2595 1223 2753 1276 Θεοῦ’
2793 1222 3070 1292 αὐτὸίδὲ,
3103 1221 3375 1285 ὀνειδίζων
3406 1221 3586 1282 αὐτοῖς
3616 1221 3783 1286 ἀτελῆ

2212 1313 2293 1367 ἔτι
2328 1315 2530 1380 πίστιν,
2571 1317 2754 1384 φησὶν.
2796 1317 2952 1383 Ἄρτι
2986 1315 3296 1368 πιστεύετε
3336 1312 3630 1376 ἑιτε.ίῶς;
3663 1313 3784 1366 Οὐδ’

2214 1407 2364 1477 ἄρτιο
2398 1406 2609 1475 ἐλέγξει
2645 1407 2752 1478 γὰρ
2784 1406 2930 1476 ὑμᾶς
2965 1409 2991 1459 δ
3019 1405 3258 1475 ἐφεστὼς
3300 1404 3398 1476 ήδη
3431 1405 3642 1474 καιρός.

2287 1593 2444 1647 Ἰδοὺ
2493 1621 2563 1632 --
2604 1594 2816 1662 ἀφῆτε.
2880 1594 2983 1647 Τὸν
3039 1591 3228 1665 καιρὸν
3267 1592 3414 1660 λέγει
3445 1591 3543 1660 τῆς
3596 1590 3786 1658 ἐφόδου

2215 1684 2322 1736 τῶν
2388 1687 2533 1753 ἀμφὶ
2601 1685 2695 1737 τὸν
2750 1685 3042 1753 προδότην,
3096 1686 3183 1736 ὅτε
3224 1685 3271 1735 οί
3337 1683 3576 1752 μαθηταὶ
3622 1682 3787 1733 αὖτοῦ

2218 1777 2415 1836 πάντες
2448 1778 2677 1841 ἀφέντες
2711 1779 2871 1830 αὑτὸν
2910 1777 3133 1846 ἔφυγον,
3182 1776 3256 1838 ὠς
3286 1775 3522 1845 ἔγραψεν
3570 1774 3597 1825 ὁ
3638 1774 3792 1825 Mr:-

2151 1855 2188 1907 Β
2220 1867 2391 1929 θαῖος·
2429 1870 2548 1920 τότε
2605 1869 2714 1939 γάρ
2748 1871 2774 1919 ὁ
2808 1868 2971 1936 φόϐος
3020 1867 3181 1936 ἀτελῆ
3223 1868 3319 1934 τὴν
3372 1865 3552 1918 πίστιν
3610 1865 3791 1918 αὐτῶν

2225 1957 2444 2027 ἥλεγξε,
2480 1958 2980 2010 σκανδαλισῢὲντων
3003 1956 3195 2026 μικρδν
3243 1957 3353 2025 (69)
3391 1956 3482 2008 ἐπὶ
3521 1952 3596 2023 τῷ
3629 1952 3791 2004 πάθει

2221 2067 2410 2104 αυτου.

2296 2257 2410 2311 Kal
2444 2289 2507 2298 -—
2543 2260 2695 2313 ἐστι.
2733 2261 2912 2313 Συνών
2946 2277 3038 2330 μοι
3077 2258 3183 2323 ἀεὶ,
3220 2259 3293 2320 ὡς
3320 2256 3638 2327 ἀχώριστος.

2303 2429 2568 2484 Ταῦτα-
2585 2428 3060 2498 ἔχητε-Ταῦτα
3087 2427 3400 2492 λελάληκα
3430 2423 3591 2493 ὑμῖν,
3620 2425 3680 2475 οὐ
3715 2440 3766 2472 τε
3784 2453 3798 2460 -

2228 2522 2382 2575 λείαν
2442 2521 2645 2589 γνῶσιν
2695 2519 3022 2589 παραδιδοὺς
3068 2520 3216 2587 ὑμῖν,
3266 2516 3381 2569 ἀλλ’
3434 2517 3520 2568 ἶνα
3554 2515 3638 2567 ἐπ’
3675 2515 3800 2583 ἐμοὶ

2233 2614 2306 2683 μὴ
2345 2613 2674 2680 στασιάζητε
2737 2617 2847 2673 τοῖς
2906 2610 3205 2678 λογισμοϊ,,
3269 2608 3398 2678 μηδὲ
3426 2607 3798 2676 ταράσσησθε,

2227 2707 2316 2758 ὅτε
2374 2705 2822 2772 συλλαμϐάνομαι
2872 2703 2964 2754 καὶ
3025 2701 3329 2768 δεσμοῦμαι
3365 2700 3458 2752 καὶ
3515 2699 3798 2765 ἀπάγομαι

2229 2799 2326 2852 καὶ
2359 2797 2532 2851 τάλλα
2564 2796 2756 2865 πάσχω
2782 2794 3285 2864 ἀνθρωποπρεπῶς.

2314 2887 2418 2940 Ἕν
2467 2917 2533 2927 -—-
2567 2885 2755 2950 ἕξετε.
2813 2886 2924 2954 Οὐχ
2963 2886 3050 2936 ὅτε
3083 2885 3275 2952 πάσχω
3312 2883 3490 2952 μόνον,
3544 2882 3657 2934 ἀλλ’
3698 2882 3800 2942 ἕως

2231 2980 2297 3033 ἂν
2335 2980 2390 3031 ἒν
2421 2977 2498 3048 τῷ
2529 2979 2721 3049 κόσμῳ
2769 2979 2943 3045 τούτῳ
2985 2976 3127 3028 ἐστέο
3165 2976 3376 3028 στάδιον
3411 2977 3518 3043 γάρ
3549 2977 3577 3026 ὁ
3609 2977 3797 3042 παρὼν

2233 3073 2368 3142 βίος,
2423 3074 2519 3124 καὶ
2571 3073 2979 3142 γυμναστήριον
3027 3071 3136 3124 τῶν
3197 3069 3445 3138 ἀθλητῶν
3486 3067 3577 3121 τοῦ
3641 3067 3797 3132 Θεοῦ,

543 3163 629 3217 nis
656 3164 986 3221 athletarum
1011 3169 1125 3232 Dei,
1154 3171 1271 3225 sive
1327 3174 1636 3244 exploratio
1691 3191 1884 3229 eorum
1909 3175 2002 3244 qui
2036 3192 2121 3228 me

2235 3165 2328 3218 καὶ
2363 3164 2611 3231 δοκίμιον
2650 3164 2761 3216 τῶν
2801 3163 3140 3232 ἀγαπώντων
3177 3179 3264 3231 με.
3312 3160 3661 3233 [Προείρηται
3687 3161 3797 3230 (ἶο)

541 3254 793 3325 diligunt.
832 3257 1157 3314 Praedictum
1190 3273 1277 3318 est
1301 3265 1468 3329 enim,
1505 3266 1648 3335 quod
1678 3276 1913 3320 arctaeat
1971 3275 2125 3336 porta

543 3357 592 3396 et
616 3349 801 3400 stricta
829 3350 936 3412 via,
966 3367 1083 3421 quae
1118 3353 1260 3406 ducit
1285 3356 1354 3407 ad
1384 3356 1547 3408 vitam
1578 3357 1645 3409 ".
1681 3354 1759 3409 Ne
1817 3365 2000 3411 autem
2036 3358 2128 3411 de—

539 3436 803 3506 jiciantur
833 3442 1145 3508 audientes,
1170 3447 1316 3514 quod
1347 3457 1453 3500 tota
1483 3450 1591 3502 vita
1629 3451 1842 3519 passuri
1867 3451 2129 3505 sintalllt-

544 3529 778 3594 ctiones,
800 3532 1074 3588 confortat
1100 3551 1196 3592 eos
1221 3537 1430 3592 dicens.

628 3622 779 3709 ἵετε,
806 3625 895 3678 55.
928 3626 1033 3680 Sed
1059 3658 1129 3666 —
1158 3632 1436 3684 mundum.
1497 3632 1611 3684 Hoc
1635 3641 1716 3686 est
1745 3632 2005 3685 malitiam
2068 3647 2131 3686 ac

549 3715 752 3768 malum
796 3716 970 3781 illum,
1002 3722 1092 3788 qui
1127 3722 1290 3792 huius
1322 3731 1475 3792 pater
1503 3724 1754 3778 cst.Nam
1808 3726 2129 3794 praedictum

548 3814 652 3870 est,
680 3809 825 3876 quod
864 3812 1121 3882 princeps
1168 3815 1356 3870 mundi
1402 3815 1566 3884 hujus
1609 3816 1892 3885 judicatus
1950 3825 2036 3870 est
2064 3816 2128 3880 ’⁸,

550 3898 667 3952 sive
697 3901 946 3960 devictus
977 3916 1082 3960 est.
1118 3906 1195 3962 Ne
1229 3923 1358 3979 ergo
1410 3910 1744 3964 timueritis:
1784 3924 2132 3976 consequens

550 3992 694 4043 enim
729 4003 831 4056 est,
895 3996 1145 4052 vincente
1193 4010 1555 4069 praeceptore,
1603 4002 1771 4054 etiam
1825 3999 2130 4066 discipulos

554 4083 646 4151 qui
683 4099 808 4138 cum
861 4087 1142 4144 imitantur
1175 4092 1392 4147 vicisse.
1424 4093 1673 4163 Quiergo
1701 4092 1859 4147 malis
1891 4090 2134 4145 alliciunt

550 4184 605 4228 et
643 4178 907 4231 oecidunt
932 4196 1159 4249 corpus,
1190 4185 1604 4252 superabantur
1628 4185 1695 4239 ab
1727 4186 1910 4237 anima
1928 4193 2131 4247 vestra,

549 4277 714 4336 atque
751 4269 824 4331 id,
879 4273 1024 4339 quod
1078 4276 1194 4343 capi
1252 4286 1458 4344 potest.
1491 4278 1727 4332 tollent:
1782 4276 1851 4330 ab
1888 4291 1950 4330 ea
2001 4290 2133 4328 vero

549 4377 671 4428 qum
704 4363 820 4429 capi
843 4365 1048 4433 nequit,
1087 4367 1382 4422 manifeste
1416 4368 1803 4422 devincentur.

621 4453 773 4508 CAP.
817 4455 976 4510 XVII.
1003 4455 1162 4513 Vera.
1190 4461 1235 4512 1.
1261 4460 1386 4513 Hice
1409 4491 1477 4499 —
1496 4460 1700 4514 ccelum.
1725 4461 1852 4515 Post
1872 4460 2128 4516 admoni—

552 4546 776 4610 tionem,
807 4549 872 4603 ad
901 4550 1220 4617 orationem,
1251 4563 1507 4622 tanquam
1548 4553 1730 4617 homo,
1768 4555 2128 4618 convertitur,

513 4634 515 4636 ’
551 4638 830 4692 instruens
854 4642 1126 4704 homines,
1169 4653 1229 4696 ut
1264 4642 1318 4695 in
1349 4643 1743 4698 tentationibus
1763 4645 1828 4698 ad
1853 4643 2022 4698 Deum
2046 4662 2132 4700 re-

551 4733 804 4793 spiciant.
840 4734 1201 4802 omnibusque
1231 4736 1434 4790 relictis
1459 4736 1524 4790 ad
1545 4752 1670 4791 eum
1712 4738 2051 4808 confugiant,
2079 4749 2134 4793 et

556 4823 624 4877 ab
665 4839 730 4876 eo
787 4833 973 4892 petant
1019 4827 1302 4880 auxilium.
1337 4829 1438 4881 Hic
1472 4828 1651 4897 itaque
1679 4844 1898 4882 sursum
1956 4829 2136 4884 elevat

552 4915 757 4977 oculos,
801 4917 1003 4971 docens
1061 4918 1423 4974 intentionem
1469 4937 1532 4976 ac
1570 4921 2039 4976 indistractionem
2082 4925 2134 4976 in

554 5008 911 5064 orationibus.
958 5009 1097 5064 Alibi
1148 5027 1277 5065 vero
1339 5015 1569 5082 procidit
1601 5017 1656 5070 in
1701 5017 1970 5080 faciem",
2018 5026 2135 5072 sta-

631 5174 676 5204 ²⁶
707 5172 898 5229 Matth.
925 5192 1075 5242 xm,
1112 5177 1202 5232 56.
1307 5179 1352 5211 ³⁷
1380 5177 1574 5234 Matth.
1612 5196 1712 5245 vn,
1751 5179 1841 5234 H.

1956 5178 2000 5209 ’³
2030 5178 2190 5232 Joan.
2212 5192 2298 5230 ενι
2349 5175 2436 5229 Η.

2231 3261 2337 3327 γὰρ
2393 3261 2475 3312 ὅτι
2517 3259 2630 3330 (71)
2685 3258 2872 3326 Στενὴ
2922 3259 2958 3324 ἡ
3009 3259 3170 3322 πύλη
3231 3257 3328 3309 καί
3379 3254 3797 3323 τεθλιμμὲνηή

2231 3350 2394 3414 ὁδὸς,
2427 3351 2462 3417 ἡ
2487 3350 2810 3419 ἀπάγουσα
2843 3351 2929 3415 είς
2955 3349 3067 3416 τὴν·
3093 3347 3263 3414 ζωήν-ο
3308 3349 3396 3400 ἵνα
3434 3348 3489 3399 δὲ
3527 3347 3600 3416 μὴ
3635 3365 3800 3399 καταο

2233 3444 2474 3496 πέσωσιν
2502 3443 2834 3503 ἀκούσαντες
2860 3444 2940 3495 ὅτι
2965 3442 3050 3496 διὰ
3075 3442 3186 3512 βίου
3213 3443 3414 3504 παντὸς
3436 3439 3795 3508 θλισήσονται,

2235 3556 2308 3590 πα
2320 3537 2650 3609 ραθαρῤύνει
2692 3534 2935 3607 αὐτούς]

2319 3629 2503 3683 Ἀλλὰ
2531 3659 2596 3668 --
2617 3628 2871 3695 κόσμον.
2903 3627 3013 3696 Τὴν
3041 3625 3305 3696 πονηρίαν
3333 3625 3426 3678 καὶ
3455 3623 3546 3675 τὸν
3573 3623 3800 3689 πονηρὲ-θ

2233 3724 2323 3775 τὸν
2375 3722 2583 3790 ταύτης
2634 3721 2868 3789 πατέρα.
2925 3720 3252 3789 Προείρηται
3299 3718 3407 3785 γὰρ
3436 3719 3514 3769 ὅτι
3563 3717 3592 3767 ὁ
3622 3715 3799 3783 ἄρχων

2234 3814 2326 3867 τοῦ
2355 3815 2561 3882 κόσμου
2591 3809 2782 3863 τούτου
2812 3811 3084 3878 κέκριται,
3113 3810 3234 3880 ἦτοι
3267 3807 3794 3860 καταπεπάλαισται.

2235 3907 2327 3976 Μὴ
2381 3904 2619 3975 φοὸἦσθε
2655 3899 2769 3956 οὖν·
2824 3902 2916 3955 τοῦ
2969 3901 3286 3956 διδασκάλου
3322 3900 3430 3969 γὰρ
3463 3899 3798 3967 νικήσαντος,

2234 3999 2526 4052 ἀκόλουθον
2556 3997 2648 4050 καὶ
2684 3997 2810 4057 τοὺς
2847 3995 3099 4066 μαθητας
3135 3996 3378 4062 νικῆσαι,
3436 3992 3799 4061 μιμουμένους

2237 4089 2419 4141 αὐτόν.
2449 4087 2514 4142 Οί
2539 4089 2648 4158 γὰρ
2665 4086 2961 4148 κακοῦντες
2987 4088 3080 4138 καὶ
3103 4084 3516 4142 ἀποκτείνοντες
3567 4083 3624 4134 τὸ
3649 4083 3799 4150 σῶμα

2236 4181 2638 4251 ἡττηθήσονται
2669 4178 2769 4246 τῆς
2813 4177 2988 4247 ψυχῆς
3024 4175 3197 4244 ὑμῶν,
3231 4174 3324 4227 καὶ
3378 4173 3437 4225 τὸ
3472 4173 3571 4242 μὲν
3603 4171 3802 4241 ληπτὸν

2237 4273 2584 4341 αἱρήσουσιν,
2612 4269 2718 4322 ὑπὸ
2755 4267 2810 4320 δὲ
2845 4268 2937 4320 τοῦ
2994 4265 3237 4336 ἀλήπτου
3279 4264 3589 4334 περιφανῶς
3636 4279 3799 4315 κατα-

2238 4364 2720 4433 παλαιωθήσονται.

2315 4453 2505 4507 Ταῦτα
2543 4485 2607 4494 -
2661 4455 2941 4522 οὐρανόν.
2980 4449 3136 4503 Μετά
3188 4448 3285 4517 τὴν
3347 4446 3664 4515 παραίνεσιν
3716 4446 3800 4495 ἐπὶ

2238 4545 2402 4616 εὐχὴν
2429 4545 2712 4612 τρέπεται,
2777 4545 2850 4605 ὡς
2903 4541 3208 4609 ἄνθρωπος,
3241 4537 3508 4590 παιδεύων
3563 4537 3681 4594 τοὺς
3715 4538 3801 4586 ἀνι

2238 4641 2491 4709 θρώπους
2523 4639 2579 4688 ἐν
2614 4639 2728 4696 τοῖς
2760 4635 3088 4703 πειρασμοῖς
3120 4632 3256 4700 πρὸς
3285 4631 3374 4682 τὸν
3405 4630 3534 4683 Θεὸν
3566 4630 3798 4698 βλέπειν,

2238 4735 2330 4786 καὶ
2358 4733 2534 4785 πάντα
2555 4731 2792 4796 ἀλεέντας
2818 4730 2898 4790 είς
2929 4727 3094 4780 αὑτὸν
3116 4726 3503 4793 καταφεύγειν,
3551 4723 3644 4776 καὶ
3674 4721 3798 4791 παρ’

2241 4827 2405 4879 αὐτοῦ
2445 4824 2710 4877 αἰτεῖσθαι
2742 4822 3016 4892 βοήθειαν.
3077 4818 3340 4872 Ἐνταῦθα
3403 4817 3502 4883 μὲν
3557 4813 3650 4869 οὖν
3694 4815 3801 4867 ἀνω

2239 4919 2386 4988 αῐρει
2442 4917 2568 4978 τοὺς
2627 4913 2959 4982 ὀφθαλμοὺς,
3001 4912 3266 4964 διδάσκων
3321 4909 3382 4961 τὸ
3436 4906 3653 4967 ἐκτενὲς
3714 4905 3802 4956 καὶ

2239 5011 2654 5081 ἀπερίσπαστον
2681 5011 2739 5061 ὲν
2768 5009 2888 5069 ταῖς
2922 5005 3033 5078 (72)
3066 5006 3273 5074 εὐχαῖς·
3310 5000 3568 5074 [ἀλλαχοῦ
3610 4999 3665 5050 δὲ
3697 4997 3804 5068 (73)

2549 5177 2592 5206 "
2623 5172 2817 5228 Matth.
2855 5188 3003 5236 un,
3030 5170 3118 5225 59.

1760 5339 1963 5403 Variae
1997 5341 2306 5403 lectiones
2347 5346 2408 5398 et
2438 5341 2630 5398 notua.

633 5511 745 5581 (69)
779 5510 1066 5580 lntcrpres
1094 5512 1366 5566 intellexit
1431 5513 1644 5584 χρόνον.
1684 5514 1790 5570 Alii
1839 5524 2020 5569 tamen
2079 5520 2135 5568 in

559 5594 798 5656 mentem
833 5585 1019 5636 venire
1040 5585 1209 5656 possit
1240 5591 1333 5638 aut
1366 5585 1426 5636 οὑ
1462 5585 1680 5654 μικρὸν,
1729 5595 1825 5640 aut
1877 5587 2014 5656 μετὰ
2047 5603 2137 5655 μι-

561 5655 712 5718 κςόι,
750 5653 1005 5723 nimirum
1034 5654 1247 5723 χρόνον.

630 5723 738 5790 (Ἷυ)
767 5722 978 5777 inclusa
1022 5722 1223 5778 Ottliltlt
1247 5726 1310 5779 Α.

629 5794 738 5870 (7ft
781 5794 854 5847 Ex
894 5795 1132 5870 hocloeo
1163 5811 1325 5870 nemo
1347 5797 1586 5870 Colligat.
1616 5796 1964 5870 Euthymium
1992 5796 2133 5865 apud

562 5861 1129 5931 Matthxumprobarc
1172 5867 1274 5932 ὅτι,
1306 5883 1404 5933 pro
1424 5861 1494 5920 τίξ
1537 5867 1647 5922 Hoc
1681 5861 1826 5922 enim
1875 5871 1954 5922 ὅτι
2003 5861 2134 5922 cen-

2244 5517 2349 5569 tics
2379 5516 2432 5570 in
2467 5517 2574 5569 hoc
2610 5515 2749 5569 libro
2783 5512 2918 5566 nihil
2951 5509 3052 5584 nisi
3110 5511 3289 5584 locum
3353 5509 3681 5584 Litterarum
3720 5519 3800 5584 sa-

2242 5600 2460 5640 crarum
2493 5602 2555 5642 ac
2588 5585 2853 5640 vocabula
2903 5583 3085 5651 aliquo
3145 5583 3305 5636 modo
3362 5580 3578 5634 laudata
3641 5580 3799 5646 signi-

2240 5654 2386 5710 fleat.

2315 5728 2423 5796 (7‘2)
2459 5728 2798 5799 Προσευχαῖς
2832 5724 2894 5777 Α.

2310 5799 2426 5861 (75)
2469 5795 2721 5856 Omissis.
2749 5812 2869 5864 qua:
2893 5795 3206 5849 hicinclusa
3233 5800 3380 5849 sunt.
3418 5799 3540 5861 post
3574 5803 3796 5858 προσίοι

2241 5869 2385 5934 χαῖς,
2425 5870 2570 5937 legit,
2613 5869 2673 5921 τὸ
2707 5868 2763 5920 δὲ
2810 5866 3068 5937 ἐλήλυθεν
3105 5867 3136 5935 ἡ
3171 5863 3287 5934 ὥρα
3321 5864 3385 5916 Α.
