3976 6488
258 385 398 450 iiii

1221 383 1602 442 COMMENT.
1650 385 1726 444 ιη
1768 386 2138 447 JOANNEM.
2175 411 2244 422 '-
2282 389 2437 448 CAP.
2479 389 2666 449 XVII.

3382 397 3519 463 Hi2

254 504 319 567 τῇ
366 502 431 568 σῇ
452 496 701 567 ἐξουσίαν
734 495 841 565 πρὸ
863 491 955 546 τοῦ
989 492 1078 545 τὸν
1119 492 1322 562 κόσμον
1366 493 1639 560 γενέσθαι,
1669 512 1822 547 τουτη

1946 506 2273 562 iotestatem;
2295 499 2611 568 priusquam
2650 500 2735 553 bic
2754 501 2985 555 mundus
2998 499 3171 567 fieret,
3198 504 3248 559 id
3266 519 3367 568 est,
3389 524 3513 567 ante

250 591 372 640 ἐστι
404 590 510 657 πρὸ
542 589 759 642 πάντων
784 585 875 637 καὶ
903 584 1010 637 ἀεί.
1044 581 1129 655 [τὸ
1158 583 1215 635 δὲ
1250 582 1383 653 (8'2),
1410 585 1517 637 Kal
1551 585 1687 652 νῦν,
1717 588 1839 639 ἀντὶ

251 680 371 740 τοῦ,
404 681 627 734 Λοιπόν.

328 772 435 823 Καὶ
463 774 622 841 ἡμεῖς
656 769 836 823 τοίνυν
882 766 1269 837 ἀπολαύσομεν
1299 770 1508 838 ταύτης
1539 768 1641 837 τῆς
1671 768 1861 837 56511;-

252 862 353 915 ἐὰν
384 860 759 933 μιμησώμεθα
792 861 977 914 αὐτόν.
1012 861 1152 929 Φησὶ
1175 861 1286 928 γὰρ
1315 861 1343 912 ό
1371 859 1617 922 Παῦλος’
1648 860 1832 927 Εἴπερ

249 954 719 1022 συμπάσχομεν,
785 954 886 1004 ἵνα
917 951 1016 1005 καὶ
1041 948 1580 1018 συνδοξασθῶμεν.
1604 951 1831 1017 Μυρίων

249 1045 361 1113 ἄρα
386 1044 640 1114 δακρύων
662 1042 801 1107 ἄξιοι
834 1043 1053 1104 πάντως
1075 1042 1147 1107 oi,
1174 1043 1434 1108 τοιαύτης
1464 1042 1832 1111 προκειμένης

249 1137 433 1205 δόξης,
476 1136 833 1198 ἐκπίπτοντες
863 1132 1034 1198 αὐτῆς
1071 1132 1159 1185 διὰ
1196 1132 1496 1203 ρᾳθυμίαν,
1537 1132 1631 1184 καὶ
1665 1132 1827 1198 δίκην

256 1225 614 1293 μαινομένων
656 1225 753 1277 καὶ
806 1224 1052 1293 ἀνοήτων
1102 1222 1547 1285 ἐπιῦουλεύοντες
1598 1225 1831 1285 ἑαυτοῖς.

255 1316 365 1365 Καὶ
390 1318 435 1367 εἰ
469 1314 544 1385 μὴ
570 1315 791 1378 κόλασις
830 1317 939 1383 γὰρ
965 1311 1055 1382 ἦν,
1090 1312 1419 1366 ἀθλιώτατοι
1451 1316 1523 1378 οἱ,
1564 1314 1833 1384 συμδασι-

252 1402 443 1455 ὶεῦσαι
484 1406 578 1457 καὶ
611 1404 1044 1472 συνδοξασθῆναι
1070 1404 1146 1474 τῷ
1179 1404 1292 1473 Υίῷ
1327 1405 1421 1457 τοῦ
1458 1405 1592 1457 Θεοῦ
1630 1407 1827 1475 παρὸν,

246 1490 587 1559 τηλικούτων
634 1492 857 1562 ἀγαθῶν
899 1494 1133 1553 ἑαυτοὺς
1177 1492 1639 1562 ἀποστεροῦντες.
1705 1494 1828 1545 Οὐκ

246 1581 392 1645 ἀξια
412 1584 541 1653 γὰρ,
568 1586 723 1652 φησι,
756 1584 826 1635 τὰ
850 1582 1167 1650 παθήματα
1185 1581 1292 1634 τοῦ
1314 1581 1432 1634 νῦν
1452 1581 1664 1649 καιροῦ
1686 1582 1835 1649 πρὸς

248 1674 367 1740 τὴν
384 1673 741 1742 μέλλουσαν
767 1673 958 1739 δόξαν
983 1671 1491 1741 ἀποκαλυφθῆναι
1513 1677 1601 1738 εὶς
1626 1670 1828 1742 ἡμὰς-1.

1937 589 2120 642 omnia
2150 597 2202 643 et
2236 604 2475 659 semper.
2502 589 2657 654 Quod
2684 600 2865 645 autem
2889 591 3110 656 dicitur,
3140 592 3210 647 Et
3230 612 3384 663 nunc,
3414 602 3515 655 hoc

1937 688 2041 745 est,
2075 670 2360 748 Deinceps.

2006 766 2073 820 Et
2100 782 2201 822 nos
2225 783 2355 838 ergo
2395 768 2497 822 hac
2523 768 2770 823 fruemur
2795 770 2986 839 gloria,
3011 771 3057 825 si
3081 788 3203 825 eum
3254 773 3519 829 fuerimus

1937 859 2157 913 imitati.
2189 858 2280 913 Ait
2301 859 2450 914 enim
2477 858 2677 915 Paulus
2709 878 2721 913 :
2753 859 2810 915 Si
2838 863 3189 930 compatimur
3219 873 3276 917 ut
3307 874 3354 918 et
3378 862 3518 918 Eon-

1933 948 2289 1020 giariﬁcemur
2317 949 2383 1003 ”.
2415 948 2650 1004 Omnino
2679 967 2811 1007 sane
2851 954 3150 1007 innumeris
3193 955 3340 1025 digni
3390 965 3518 1009 sunt

1935 1042 2208 1112 lacrymis,
2237 1042 2329 1110 qui
2365 1057 2488 1095 cum
2521 1044 2795 1111 proposita
2851 1045 2924 1099 sit
2976 1046 3287 1113 bujusmodi
3322 1047 3514 1115 gloria,

1935 1148 2032 1187 sua
2057 1135 2285 1204 segnitie
2312 1135 2380 1189 ab
2398 1151 2459 1190 ea
2491 1136 2820 1198 exciderint,
2852 1146 2909 1191 et
2938 1152 3092 1192 more
3124 1137 3517 1192 insanientium

1935 1240 2002 1279 ac
2027 1225 2365 1279 dementiam
2421 1226 2525 1280 sibi
2584 1228 2716 1295 ipsis
2757 1228 2981 1281 insidias
3013 1229 3342 1297 paraverint.
3383 1227 3517 1283 Nam

1935 1315 2034 1369 etsi
2057 1314 2264 1369 nullum
2287 1324 2431 1371 esset
2465 1315 2815 1386 supplicium,
2841 1318 3135 1371 miserrimi
3168 1327 3345 1371 tamen
3376 1319 3518 1386 judi-

1934 1415 2209 1459 carcnturr
2235 1407 2326 1475 qui
2353 1422 2476 1460 cum
2505 1406 2609 1460 sibi
2629 1416 2875 1476 paratum
2907 1407 3120 1471 fuisset,
3151 1416 3210 1461 ut
3235 1422 3357 1461 cum
3383 1406 3520 1463 Filio

1937 1494 2029 1546 Dei
2050 1504 2449 1563 cunregnarent
2472 1505 2526 1549 ct
2547 1496 3112 1564 congloriticareutur,
3144 1497 3241 1565 ipsi
3255 1512 3375 1551 seSe
3399 1498 3518 1551 tali-

1938 1583 2041 1637 bus
2073 1582 2704 1652 privassentbonis.Non
2736 1595 2860 1637 sunt
2893 1588 3039 1638 enim
3062 1586 3333 1655 condigna:
3377 1586 3518 1656 afﬂi-

1936 1677 2127 1729 ctione:
2152 1677 2311 1745 hujus
2331 1677 2577 1744 temporis
2604 1677 2675 1730 ad
2697 1678 2930 1745 futuram
2950 1678 3320 1747 gloriam,quce
3345 1679 3517 1732 matti-

1936 1769 2210 1837 {estubitur
2237 1784 2359 1837 erga
2396 1766 2559 1821 nos“.

334 1858 722 1926 Ἐφανέρωσά
756 1887 821 1898 —-
846 1856 1201 1923 ἀνθρώποις.
1233 1853 1419 1907 Εἰπὼν
1442 1854 1525 1906 ὅτι
1563 1855 1633 1907 Τὸ
1653 1854 1828 1923 ἔργον

2004 1857 2159 1912 Vers.
2180 1858 2234 1911 6.
2260 1856 2598 1927 Manifestavi
2616 1886 2689 1897 —-
2704 1858 3021 1913 hominibus.
3040 1856 3330 1928 Postquam
3359 1859 3515 1915 dixit:

244 1950 597 2013 ἐτελείωσα,
648 1948 1001 2020 ὲπεξηγεῖται
1045 1948 1141 1999 τὸν
1177 1947 1356 2014 λόγον.
1410 1948 1520 1999 Καὶ
1566 1946 1673 2015 μὴν
1716 1946 1829 2008 τοῖς

261 2040 541 2103 Ἰουδαίοις
612 2040 1075 2110 πεφανερωμένον
1141 2034 1210 2109 ἦν
1266 2039 1326 2089 τὸ
1392 2038 1561 2107 ὄνομα
1617 2037 1824 2089 αὑτοῦ·

246 2131 470 2201 ᾔδεισαν
509 2134 617 2201 γὰρ
676 2134 758 2183 ὃτι
807 2132 937 2192 Θεός
970 2132 1115 2183 ἐστιν
1141 2145 1156 2159 ·
1190 2128 1323 2182 ἀλλά
1355 2129 1481 2197 περὶ
1510 2127 1618 2179 τῶν
1653 2128 1828 2182 ἄλλων

251 2221 422 2274 ἐθνῶν
449 2221 620 2287 λέγει,
656 2215 737 2282 οἷς
772 2221 1052 2288 ἄγνωστον
1082 2218 1245 2271 τοῦτο
1273 2216 1361 2287 ἦν.

321 2314 391 2364 Ἢ
417 2314 585 2382 ὄνομα
619 2314 767 2380 λέγει
798 2314 858 2363 τὸ
887 2311 1176 2380 πατρικὸν,
1209 2312 1291 2363 ὅτι
1323 2312 1440 2361 ἐστὶ
1468 2308 1662 2379 Πατὴρ
1695 2309 1826 2362 Υῑοῦ

249 2406 497 2474 γνησίου.
530 2404 703 2457 Τοῦτο
756 2406 862 2473 γὰρ
901 2403 1109 2471 ἀφανὲς
1141 2403 1330 2464 αὺτοῖς
1376 2402 1437 2453 ὃν
1486 2403 1619 2471 παρ’
1653 2401 1824 2455 αὑτοῦ

249 2495 593 2566 ἐφανερώθη.

326 2583 444 2649 Οὓς
483 2614 547 2623 —
581 2580 770 2653 ἦσαν.
809 2584 895 2645 Ὠς
927 2583 1083 2637 Θεοῦ.

322 2679 430 2729 Καὶ
476 2708 541 2717 -
580 2677 865 2742 δέδωκας.
910 2677 995 2738 Ὠς
1026 2678 1126 2745 ῐσῳ
1192 2674 1329 2745 Περὶ
1370 2674 1480 2726 τῶν
1512 2672 1823 2725 ἀποστόλων

250 2767 308 2819 δὲ
352 2770 379 2817 ὁ
418 2768 592 2834 λόγος.
647 2767 901 2818 Δείκνυσι
947 2766 1003 2817 δὲ
1058 2764 1339 2817 κάνταῦθα
1384 2764 1468 2815 ὅτι
1533 2763 1634 2814 οὐκ
1674 2762 1821 2812 ἐστιν

247 2857 513 2922 ἀντίθεος,
565 2858 662 2910 καὶ
719 2858 798 2910 ὅτι
852 2856 1104 2925 δούλημά
1161 2858 1277 2907 ἐστι
1338 2855 1433 2907 τοῦ
1490 2854 1706 2923 Harpe;
1763 2851 1822 2904 τὸ

254 2948 529 2999 πιστεύειν
576 2947 770 3008 αὐτοὺς
812 2946 889 3006 εἰς
932 2946 1021 2996 τὸν
1055 2944 1213 2995 Υιόν⁹
1268 2945 1316 2993 ει
1366 2944 1496 3010 γὰρ,
1544 2941 1618 3003 ὣς
1678 2956 1821 3001 τινες

249 3036 530 3106 ληροῦσιν,
556 3038 643 3089 ὅτε
668 3032 809 3107 ἦσαν
837 3036 930 3087 τοῦ
961 3036 1193 3103 ιιατρὸς,
1222 3034 1322 3086 οὐκ
1352 3030 1492 3104 ἦσαν
1513 3032 1608 3085 τοῦ
1648 3031 1778 3082 Υἱοῦ
1806 3070 1819 3093 ,

250 3128 458 3191 λοιπὸν,
505 3128 629 3189 δοὺς
676 3128 872 3188 αὐτοὺς
902 3126 979 3196 τῷ
1010 3124 1145 3195 Υἱῷ,
1198 3126 1393 3193 ἐξέστη
1439 3123 1646 3186 αὐτῶν,
1686 3123 1822 3189 ὅπερ

248 3217 468 3271 ἄτοπον.
502 3217 770 3282 Δέόωκας
794 3216 860 3269 δέ
887 3232 1014 3284 μοι,
1042 3214 1183 3278 εἶπε,
1229 3215 1351 3267 καθ’
1369 3214 1426 3266 ὃν
1450 3215 1638 3284 εἴρηκε
1670 3213 1824 3281 λόγον

250 3309 516 3378 πρότερον
533 3324 548 3338 ·
568 3308 648 3360 ὃτι
667 3307 875 3372 Οὐδεὶς
903 3307 1152 3361 δύναται
1177 3306 1379 3360 ἐλθεῖν
1399 3306 1548 3372 πρὸς
1570 3304 1694 3373 ἐμὲ,
1719 3305 1821 3358 ἐὰν

246 3398 332 3466 μὴ
360 3399 392 3450 ό
422 3396 622 3463 Πατὴρ
654 3400 687 3449 ό
720 3398 963 3464 πέμψας
992 3412 1062 3464 με
1109 3396 1339 3462 ἐλκύσῃ
1373 3396 1577 3447 αὐτόν.

337 3487 495 3540 Ἀλλὰ
536 3488 653 3549 πῶς
694 3487 1089 3557 εἴρηκενοοῦς
1140 3486 1397 3551 δέδωκάς
1444 3504 1545 3555 μοι
1597 3486 1666 3539 ἐκ
1718 3486 1825 3539 τοῦ

252 3582 528 3647 mimico;
568 3579 852 3649 προλαϐὼν
901 3581 1007 3649 γὰρ
1056 3579 1162 3649 ἔφη
1198 3578 1331 3647 πρὸς
1368 3578 1562 3641 αὐτοὺς
1611 3580 1691 3631 ὃτι
1734 3578 1828 3632 Ἐκ

252 3673 355 3727 τοῦ
387 3675 623 3743 κόσμου
652 3673 763 3727 οὐκ
793 3671 954 3724 ἐστέ.
987 3672 1207 3739 Κόσμον
1238 3672 1351 3721 ἐκεῖ
1380 3671 1477 3739 μὲν
1505 3672 1633 3733 τοὺς
1664 3688 1831 3741 πονη-

254 3771 375 3837 ροὺς
415 3767 718 3837 ὠνόμασεν,
763 3766 999 3819 ἐνταῦθα
1026 3764 1082 3818 δὲ
1111 3764 1257 3833 λέγει
1279 3766 1377 3834 τὴν
1400 3763 1576 3817 κτίσιν
1603 3767 1826 3832 ταύτην.

324 3860 433 3913 Καὶ
464 3888 534 3899 -
564 3857 947 3925 τετηρήκασι.
977 3858 1049 3909 Τὸ
1080 3856 1293 3925 θέλημά
1325 3872 1419 3909 σου
1462 3856 1831 3928 πεπληρώκαο

256 3967 364 4015 σιν,
394 3952 452 4001 ὲν
485 3948 562 4019 τῷ
594 3946 889 4000 πιστεῦσαι
921 3949 1001 4008 είς
1034 3948 1160 4015 ἐμὲ.

326 4043 455 4096 Νῦν
491 4070 560 4081 -
612 4041 764 4094 ἐστι.
813 4067 882 4081 -
932 4037 1084 4102 Νῦν,
1135 4037 1255 4107 ἦτοι
1317 4038 1454 4107 μετὰ
1507 4039 1567 4091 τὸ
1614 4039 1827 4106 μαθεῖν,

256 4136 571 4201 Ἐγνωσαν
597 4132 685 4185 ὅτι
712 4128 908 4183 πάντα
934 4128 1043 4198 (85)
1067 4127 1185 4181 ὅσα
1219 4126 1485 4193 δέδωκάς
1511 4146 1633 4196 μοι,
1669 4145 1825 4181 τουτ-

253 4230 423 4288 έστιν,
461 4226 601 4276 Ὅσα
645 4222 788 4291 λέγω
833 4222 926 4273 καὶ
963 4220 1222 4283 διδάσκω,
1280 4221 1396 4273 ἀπὸ
1430 4220 1547 4273 σοῦ
1585 4226 1725 4285 εἱσι,
1762 4220 1830 4273 σά

264 4323 401 4370 εἰσιν
437 4316 770 4385 ἐντάλματα,
806 4313 901 4366 καὶ
934 4313 1086 4367 οὐδὲν
1146 4313 1274 4365 ἰδιον
1318 4315 1440 4380 ἐμοὶ
1472 4312 1503 4380 ἢ
1552 4312 1830 4382 ἀλλότριόν

258 4428 373 4465 σου.
399 4406 530 4463 Εἶτα
558 4408 826 4477 λέγεικαὶ
860 4406 1024 4460 πόθεν
1071 4404 1229 4457 τοῦτο
1264 4404 1530 4472 ἔγνωσαν.

1936 1947 2081 2017 Opus
2114 1950 2497 2011 consummavi,
2533 1948 2954 2019 explanatnune
2985 1965 3319 2006 sermonem.
3350 1952 3518 2021 Atqui

1929 2037 2130 2095 Judmis
2182 2040 2586 2095 manifestatum
2636 2051 2758 2096 erat
2816 2058 3016 2098 nomen
3068 2044 3207 2110 ejus;
3256 2054 3520 2101 noverant

1931 2133 2075 2185 enim
2113 2135 2257 2201 quod
2283 2133 2429 2189 Deus
2470 2135 2751 2196 esset,sed
2807 2134 2910 2189 hoc
2942 2134 3009 2189 de
3033 2135 3153 2190 aliis
3186 2135 3315 2189 dicit
3340 2137 3518 2206 genti-

1931 2224 2053 2286 bus,
2079 2225 2278 2291 quibus
2311 2228 2363 2280 id
2393 2226 2637 2296 ignotum
2667 2233 2805 2279 erat.

1998 2315 2107 2366 Aut
2132 2330 2331 2369 nomen
2369 2316 2504 2371 dicit
2531 2326 2841 2386 paternum,
2876 2315 3021 2385 quod
3074 2314 3239 2370 Pater
3274 2317 3343 2370 sit
3393 2316 3516 2371 Filii

1928 2407 2206 2458 naturalis.
2243 2406 2374 2459 Nam
2410 2422 2534 2461 cum
2571 2409 2621 2460 id
2654 2422 2747 2461 eos
2772 2408 2982 2473 lateret,
3009 2407 3079 2460 ab
3108 2407 3225 2476 ipso
3284 2407 3515 2462 manife-

1930 2505 2129 2548 Statum
2169 2508 2273 2549 est.

2004 2583 2152 2637 \‘ers.
2180 2584 2230 2637 (ἱ.
2258 2582 2393 2647 Quos
2422 2615 2491 2624 —
2520 2597 2694 2639 erant.
2734 2584 3012 2655 Tanquam
3046 2586 3164 2641 Dei;

1999 2674 2155 2729 Vcrs.
2178 2676 2228 2727 6.
2252 2672 2400 2726 Et—
2432 2676 2640 2728 dedisti.
2660 2677 2939 2745 Tanquam
2958 2677 3172 2746 aequali.
3216 2676 3307 2731 Est
3335 2687 3516 2732 autem

1928 2766 1994 2819 de
2049 2760 2305 2833 apostolis
2340 2781 2541 2820 sermo.
2570 2766 2688 2831 Quo
2737 2771 2899 2823 etiam
2948 2770 3039 2823 hic
3085 2770 3344 2835 ostendit,
3375 2772 3518 2840 quod

1928 2869 2038 2907 non
2062 2856 2132 2907 sit
2166 2857 2271 2907 beo
2301 2857 2900 2926 contrarius,quodqne
2942 2856 3119 2912 Patris
3150 2869 3233 2912 est
3270 2858 3518 2914 voluntas

1926 2957 1983 2998 ut
2011 2947 2233 2998 credant
2264 2947 2318 2998 in
2348 2947 2564 3002 Filium.
2593 2950 2726 3002 Nam
2760 2950 2830 3013 si,
2863 2959 2919 3001 ut
2956 2949 3175 3017 quidam
3219 2960 3514 3019 nugantur,

1924 3047 2046 3086 cum
2097 3032 2269 3088 Patris
2298 3043 2476 3098 erant,
2529 3050 2642 3089 non
2670 3043 2827 3089 erant
2878 3036 2998 3100 filii,
3035 3051 3378 3105 consequens
3433 3046 3516 3091 est

1926 3134 2007 3191 ut,
2046 3139 2172 3178 cum
2227 3139 2323 3178 eos
2356 3125 2571 3179 dederit
2612 3123 2775 3191 Filio,
2824 3127 3142 3179 alienaverit
3188 3141 3283 3182 eos
3313 3144 3329 3192 ;
3360 3128 3509 3197 quod

1929 3214 2226 3267 absurdum
2288 3224 2396 3268 est.
2453 3216 2680 3281 Dedisti,
2741 3215 2934 3284 inquit,
2971 3216 3122 3281 mihi,
3152 3216 3303 3285 juxta
3354 3234 3515 3285 quem

1928 3304 2149 3357 modum
2177 3304 2341 3357 etiam
2374 3304 2786 3372 priusdixerat,
2815 3306 2985 3358 Nemo
3039 3314 3202 3373 potest
3256 3306 3429 3359 venire
3443 3308 3513 3360 ad

1930 3412 2030 3457 me,
2066 3397 2166 3449 nisi
2189 3395 2370 3463 Pater,
2404 3400 2491 3467 qui
2525 3399 2665 3451 misit
2701 3416 2802 3461 me,
2837 3404 3061 3452 traaerit
3088 3417 3207 3453 eum
3230 3403 3298 3453 δ’.

2001 3484 2107 3540 Sed
2148 3489 2419 3556 quomodo
2448 3488 2585 3541 dixit
2616 3488 2791 3553 tQuos
2819 3490 3006 3543 dedisti
3037 3491 3164 3542 mihi
3199 3492 3262 3543 de
3301 3493 3512 3555 mundo,

1930 3591 2052 3630 cum
2092 3578 2242 3646 prius
2267 3580 2467 3632 dixerit
2506 3580 2572 3632 ad
2613 3596 2708 3634 eos
2740 3599 2752 3633 :
2793 3580 2868 3632 De
2896 3583 3088 3631 mundo
3139 3596 3242 3633 non
3270 3582 3393 3633 estis
3422 3580 3465 3610 δ’
3493 3584 3515 3632 ἳ

1931 3667 2009 3721 lbi
2051 3669 2271 3736 quidem
2332 3671 2504 3723 malos
2562 3671 2859 3739 appellavit
2907 3671 3218 3725 mundum:
3258 3671 3347 3727 hic
3386 3688 3516 3727 vero

1930 3756 2191 3811 fabricam
2221 3758 2392 3824 ipsam
2428 3762 2783 3813 mundialem.

2002 3847 2310 3901 V'ers.6.Et
2344 3878 2409 3887 —
2440 3858 2797 3902 servaverunt.
2821 3849 3169 3905 Voluntatem
3190 3859 3337 3905 tuam
3362 3866 3516 3905 com-

1931 3940 2235 4010 pleverunt,
2276 3942 2548 3995 credendo
2583 3943 2637 3995 in
2662 3958 2771 3995 me.

2002 4030 2156 4084 Vers.
2187 4033 2239 4085 7.
2269 4029 2422 4083 Nunc
2447 4060 2519 4069 —
2542 4044 2684 4084 sunt.
2715 4059 2786 4070 --
2817 4033 2990 4096 Nunc,
3024 4041 3313 4102 postquam
3367 4034 3514 4089 vide-

1932 4122 2057 4176 licet
2085 4124 2413 4187 didicerunt,
2444 4132 2789 4192 cognoverunt
2815 4125 2952 4193 quod
2984 4127 3161 4177 omnia
3188 4140 3304 4194 qua:
3328 4127 3515 4179 dedisti

1933 4216 2083 4277 mihi,
2115 4215 2218 4267 hoc
2275 4223 2377 4277 est,
2422 4218 2770 4284 Quaecunque
2821 4215 2942 4269 dico
2989 4230 3054 4270 ac
3107 4216 3298 4281 dOceo,
3340 4218 3431 4270 abs
3468 4228 3515 4271 te

1930 4316 2072 4370 sunt,
2124 4309 2215 4360 tua
2261 4317 2393 4360 sunt
2436 4316 2725 4376 pmcepta,
2772 4317 2827 4362 et
2881 4307 3017 4361 nihil
3056 4308 3192 4362 milii
3234 4310 3516 4377 proprium

1933 4405 2017 4450 est
2045 4407 2140 4449 aut
2184 4396 2421 4449 alienum
2455 4414 2483 4449 a
2519 4406 2591 4450 te.
2627 4396 2831 4452 Deinde
2864 4398 3029 4452 etiam
3068 4397 3201 4452 dicit
3235 4400 3379 4452 unde
3414 4400 3515 4452 hoc

1858 4515 1906 4573 υ
1934 4498 2323 4557 cognoverunt.

331 4597 463 4648 Ὀτι
500 4624 572 4635 -
608 4593 997 4657 ἀπέστειλας.
1048 4589 1220 4643 Τοῦτο
1274 4588 1521 4653 ἔγνωσαν
1567 4588 1675 4642 ἀπὸ
1720 4590 1827 4641 τῶν

260 4689 522 4759 ῥημάτων
568 4679 643 4739 ὧν
692 4685 903 4737 δέδωκα
951 4683 1159 4743 αὐτοῖς.
1210 4682 1319 4734 Καὶ
1370 4683 1478 4750 γὰρ
1526 4681 1826 4751 διαρρήδην

263 4778 540 4830 ἐδίδασκον
564 4778 648 4829 ὅτι
682 4776 749 4829 σά
785 4778 924 4826 εἰσιν
962 4774 1061 4825 ὅσα
1095 4771 1237 4839 λέγω
1274 4771 1369 4824 καὶ
1412 4770 1672 4837 διδάσκω,
1729 4772 1827 4822 καὶ

259 4868 413 4922 αὐτοὶ
434 4866 625 4919 ἔλαϐον
656 4864 948 4927 εὐπειθῶς.

332 4960 517 5014 Ταῦτα
565 4960 623 5011 δὲ
668 4961 765 5011 καὶ
815 4959 883 5009 τὰ
925 4954 1148 5009 τοιαῦτα
1195 4953 1503 5021 διαλέγεται
1557 4954 1691 5021 πρὸς
1734 4953 1826 5005 τὸν

265 5055 501 5123 Ιιατέρα,
534 5052 792 5105 δεικνύων
831 5053 939 5113 τοῖς
978 5049 1252 5119 μαθηταῖς
1291 5041 1403 5101 οἷον
1447 5050 1559 5117 ἕχει
1610 5046 1831 5115 φίλτρον

268 5146 458 5200 ιὺτών.
500 5145 557 5196 '0
584 5144 690 5213 γὰρ
725 5145 800 5211 μὴ
838 5143 998 5211 μόνον
1032 5141 1102 5193 τὰ
1136 5141 1267 5210 παρ’
1314 5140 1512 5191 ἑαυτοῦ
1551 5140 1830 5208 παρέχων,

269 5238 398 5289 ἀλλὰ
459 5236 552 5287 καὶ
613 5234 771 5288 ἄλλον
834 5236 914 5295 εἰς
972 5232 1134 5285 τοῦτο
1191 5230 1548 5300 παρακαλῶν,
1606 5231 1831 5282 πλείονα

268 5329 494 5383 δεικνύει
525 5330 613 5381 τὸν
650 5327 832 5381 πόθον.

369 5469 412 5499 ³⁵
442 5465 599 5521 Rom.
640 5484 755 5531 vm,
787 5467 874 5521 17.
988 5465 1033 5498 ⁸⁸
1073 5466 1203 5521 ibid.
1242 5465 1331 5519 18.

1440 5462 1660 5519 “Joan.
1698 5479 1773 5526 γι,
1800 5462 1888 5517 Η.

2012 4586 2164 4640 Vers.
2230 4587 2283 4639 8.
2331 4583 2465 4648 Quia
2501 4614 2569 4624 —
2610 4586 2820 4639 misisti.
2865 4583 2977 4639 lloc
3042 4596 3417 4655 cognoverunt
3452 4602 3514 4640 ex

1934 4678 2138 4741 verbis,
2170 4692 2291 4745 quae
2346 4678 2470 4731 dedi
2525 4676 2626 4730 eis.
2675 4677 2955 4744 Siquidem
3012 4688 3197 4747 aperte
3251 4679 3515 4732 docebam

1936 4778 2025 4823 tua
2060 4784 2179 4823 esse
2208 4784 2547 4837 quacunque
2583 4769 2827 4821 dicebam
2869 4783 2933 4833 ae
2970 4770 3251 4823 docebam.
3283 4770 3349 4823 Et
3414 4770 3515 4838 ipsi

1934 4870 2281 4930 acceperunt,
2311 4859 2465 4913 facile
2484 4859 2763 4928 persuasi.

2009 4955 2133 5009 Haec
2162 4964 2342 5008 autem
2370 4962 2423 5007 ct
2447 4952 2643 5005 similia
2670 4951 2911 5021 loquitur
2951 4954 3017 5007 ad
3044 4952 3279 5016 Patrem,
3336 4967 3511 5006 osten-

1937 5050 2072 5103 dens
2104 5048 2410 5117 discipulis,
2469 5060 2631 5115 quem
2660 5060 2789 5117 erga
2825 5046 2945 5099 illos
2990 5047 3219 5100 haberet
3252 5062 3513 5098 amorem.

1935 5128 2067 5192 Nam
2092 5140 2184 5208 qui
2220 5154 2327 5191 non
2370 5147 2578 5191 tantum
2616 5152 2711 5190 sua
2742 5137 2949 5202 tribuit,
2988 5138 3082 5190 sed
3136 5148 3185 5192 et
3246 5139 3417 5190 alium
3451 5140 3516 5189 ad

1937 5232 2039 5284 hoc
2084 5236 2357 5299 precatur,
2407 5226 2947 5282 vehementissimum
3023 5230 3258 5282 ostendit
3306 5226 3512 5281 deside-

1934 5336 2097 5376 ηυιῐι.

2003 5462 2049 5492 ⁸¹
2078 5461 2238 5517 Joan.
2273 5478 2365 5529 xv,
2393 5462 2482 5518 19.

1503 5609 1700 5669 Variae
1742 5608 2046 5669 lectiones
2081 5618 2140 5667 et
2173 5614 2363 5666 nota).

333 5743 444 5809 (8'2)
496 5740 706 5795 Inclusa
731 5742 930 5797 absunt
954 5742 1017 5793 Α.

334 5817 443 5876 ιδῦ)
476 5813 581 5864 Καὶ
616 5812 670 5874 ἆ,
707 5827 801 5875 pro
861 5818 978 5871 an,
1014 5813 1068 5866 Β.
1123 5812 1408 5874 Ἕγνωταν
1442 5819 1647 5872 autem.
1702 5810 1820 5863 loco

1931 5738 2179 5805 ἔγνωκαν
2206 5751 2365 5790 versu
2390 5737 2440 5799 7,
2476 5747 2597 5789 cum
2632 5731 3019 5801 Cbrysostomo
3067 5727 3217 5799 legit,
3244 5726 3335 5798 qui
3370 5742 3451 5781 rex
3500 5766 3511 5779 .

1935 5809 1963 5859 7
2004 5820 2058 5863 et
2105 5807 2137 5863 8
2164 5806 2364 5863 confud
2391 5815 2429 5859 t.
