3976 6478
513 374 647 434 1ν4ϊ3

577 479 730 533 Vera.
766 478 817 533 9.
849 476 959 548 Ego
996 503 1061 514 —
1102 487 1246 541 rogo.
1283 468 1387 521 Pro
1414 466 1493 521 eis
1520 476 1569 520 te
1591 479 1802 535 precor,
1830 475 2084 529 tanquam
2118 471 2160 526 Α

507 575 690 627 homo.
724 569 858 623 Nam
883 576 937 621 et
975 566 1065 620 hic
1095 571 1151 618 et
1182 563 1235 615 in
1279 557 1533 629 sequenti
1570 554 1835 610 sententia
1876 552 2089 621 capitur

508 663 697 733 ερωτῶ
726 676 826 729 pro
864 659 1092 713 obsecro.

582 750 732 805 V’ers.
758 750 811 805 9.
859 751 978 803 Non
1006 777 1077 789 —
1106 754 1249 799 sunt.
1288 743 1408 797 Non
1444 754 1542 811 pro
1592 737 1799 792 mundo
1834 736 2091 790 universo

507 859 718 913 precor,
749 842 843 897 sed
881 857 979 911 pro
1007 841 1090 894 liis
1115 839 1207 908 qui
1243 836 1474 891 credunt
1500 833 1553 885 in
1584 846 1670 885 me
1701 847 1716 892 ;
1742 844 1867 883 nam
1893 828 1983 898 qui
2037 827 2092 880 in

508 950 717 987 menon
732 932 988 995 credunt,
1006 931 1198 985 nolunt
1225 939 1283 981 ut
1305 940 1402 995 pro
1427 928 1507 978 eis
1536 936 1712 977 orem.
1756 921 2095 989 Frequenter

508 1037 690 1078 autem
744 1024 897 1092 ponit
930 1021 1153 1075 verbum
1211 1018 1420 1079 dedisti,
1482 1023 1541 1069 ut
1600 1012 1808 1066 ﬁrmius
1857 1010 2091 1073 discant,

506 1116 647 1184 quod
713 1114 891 1167 Patris
939 1111 1188 1164 voluntas
1247 1108 1313 1162 sit
1366 1116 1426 1160 ut
1465 1107 1720 1159 credatur
1774 1102 1827 1155 in
1877 1097 2092 1153 Filium.

511 1206 704 1258 Verum
736 1218 885 1272 quia,
925 1200 1145 1263 Dedisti,
1172 1208 1227 1253 et
1269 1199 1361 1251 Tui
1402 1206 1545 1257 sunt,
1603 1211 1664 1246 ac
1693 1192 1913 1253 similia,
1964 1188 2096 1243 insi-

507 1295 784 1362 pientibus
875 1307 1070 1362 pravas
1125 1299 1447 1361 generatum
1509 1296 1667 1341 erant
1736 1282 2096 1353 suspiciones,

509 1402 700 1453 nempe
724 1384 869 1453 quod
899 1385 1070 1451 major
1094 1390 1147 1436 et
1172 1381 1447 1449 antiquior
1461 1387 1605 1433 esset
1629 1376 1801 1429 Patris
1818 1374 2093 1444 potentia,

515 1476 614 1527 has
644 1474 806 1525 solvit
826 1473 1020 1527 dicens
1052 1489 1065 1525 :

592 1563 746 1618 Vers.
804 1566 889 1618 IO.
926 1565 993 1616 Et
1025 1590 1094 1601 ——
1129 1577 1265 1614 mea.
1304 1559 1465 1614 Vides
1544 1559 1816 1612 honorum
1881 1557 2102 1627 aequali—

510 1658 872 1711 tatemYnam
933 1656 1036 1707 hoc
1098 1652 1368 1723 signiﬁcat
1426 1666 1575 1705 nunc
1636 1652 1737 1704 ista
1792 1653 2099 1705 conversio.

509 1754 642 1804 Cum
673 1752 818 1803 enim
850 1749 1008 1814 dixit,
1035 1748 1129 1801 Tui
1158 1758 1301 1810 sunt,
1348 1747 1610 1809 ostendit,
1655 1746 1801 1814 quod
1833 1744 1993 1799 etiam
2044 1742 2097 1796 lii

508 1842 597 1907 qui
629 1841 729 1893 sibi
771 1840 878 1893 dati
926 1846 1071 1902 sunt,
1111 1847 1350 1907 paternae
1381 1837 1489 1889 sint
1514 1836 1818 1906 potestatis,
1867 1849 1936 1888 ne
1980 1834 2103 1903 quis

507 1945 638 1999 ergo
676 1918 1040 1998 potentidrem
1070 1936 1288 1998 putaret
1311 1926 1548 1987 Patrem,
1578 1925 1787 1979 addidit
1823 1940 1836 1977 :
1870 1922 1939 1977 Et
1983 1938 2101 1975 mea

508 2024 683 2074 omnia
722 2031 815 2073 tua
833 2030 977 2085 sunt,
1004 2029 1051 2072 et
1088 2031 1182 2071 tua
1214 2032 1330 2070 mea
1359 2025 1503 2068 sunt.
1534 2013 1717 2083 Itaque
1745 2014 1909 2067 etiam
1947 2023 2103 2066 ante-

507 2129 669 2181 quam
697 2114 983 2174 darentur,
1027 2109 1149 2163 Filii
1174 2118 1349 2173 erant,
1389 2121 1444 2160 et
1475 2116 1769 2175 postquam
1812 2106 1921 2159 dati
1954 2113 2102 2168 sunt,

508 2184 685 2258 Patris
720 2210 1161 2272 permanserunt,
1194 2201 1297 2253 hoc
1358 2207 1460 2261 est,
1518 2212 1736 2266 semper
1794 2195 2101 2257 amborum,

508 2304 697 2363 utpote
736 2292 1033 2362 aequalium
1063 2292 1116 2343 in
1159 2289 1457 2343 honoribus
1484 2299 1540 2341 et
1595 2285 1770 2340 bonis.
1830 2286 1937 2339 Eos
1978 2298 2106 2353 ergo

508 2388 639 2440 milii
676 2385 897 2448 dedisti,
927 2384 1019 2452 qui
1052 2382 1157 2434 mei
1193 2388 1371 2433 erant.
1414 2378 1615 2433 Dedisti
1662 2391 1795 2430 vero
1841 2376 1952 2429 dixi
1990 2374 2103 2428 dis-

508 2476 840 2549 pensatorie,
874 2484 932 2528 ut
954 2483 1308 2545 cognoscant,
1342 2471 1485 2540 quod
1540 2484 1650 2524 non
1690 2476 1886 2539 praeter
1910 2467 2107 2522 volun-

518 2579 687 2623 tatem
714 2578 861 2621 tuam
892 2566 992 2619 hos
1020 2562 1360 2617 attraxerim.

581 2657 733 2712 Veis.
774 2653 860 2707 IO.
894 2652 961 2706 Et
992 2681 1062 2690 ——
1092 2654 1182 2707 eis.
1214 2651 1389 2705 Etiam
1423 2656 1747 2717 potestatem
1780 2647 2006 2711 [habens
2051 2647 2105 2700 in

512 2748 598 2801 his
631 2760 749 2816 quae
792 2756 882 2797 tua
912 2752 1061 2806 sunt,
1094 2742 1235 2795 sicut
1271 2741 1325 2793 in
1367 2740 1450 2791 his
1480 2753 1601 2805 qua:
1642 2750 1761 2789 mea
1794 2754 1806 2789 :
1839 2739 2104 2804 quemad-

517 2839 735 2893 modmn
776 2844 831 2889 et
898 2845 953 2888 tu
988 2836 1042 2887 in
1084 2833 1168 2886 bis
1202 2848 1319 2899 qua:
1373 2846 1492 2885 mea
1537 2837 1683 2893 sunt,
1724 2829 1866 2883 sicut
1915 2829 1971 2883 in
2024 2829 2106 2884 his

512 2945 633 2999 quae
670 2928 780 2982 t'ua.

585 3021 697 3085 Vel,
732 3017 1061 3089 gloi-iticatus
1092 3030 1212 3069 sum
1270 3015 1323 3068 in
1354 3014 1657 3083 discipulis,
1691 3011 1783 3082 qui
1830 3010 1963 3066 mihi
1996 3009 2108 3065 dati

514 3122 669 3176 sunt,
701 3109 1119 3181 agnoscentibus
1151 3123 1237 3161 me
1264 3107 1553 3160 Dominum
1584 3120 1765 3168 suum,
1788 3111 1842 3157 et
1879 3103 2109 3157 adoran-

514 3207 658 3260 tibus
685 3221 747 3257 ac
779 3200 1201 3272 praedicantibus
1239 3216 1323 3253 me
1354 3200 1547 3252 Deum.

584 3298 738 3352 Vers.
791 3296 876 3349 ll.
917 3294 983 3348 Et
1022 3319 1094 3334 --
1135 3296 1350 3346 mundo.
1403 3292 1567 3346 I’anlo
1607 3300 1730 3362 post
1785 3290 2101 3344 [norit-Irus.

513 3389 750 3443 Rursum
783 3396 963 3440 autem
1016 3399 1321 3439 sermonem
1374 3383 1441 3437 de
1486 3394 1662 3437 morte
1717 3397 1821 3435 sua
1876 3378 2104 3439 indm-it,

518 3484 992 3534 commendaturus
1034 3491 1130 3529 eos
1172 3485 1424 3543 tanquam
1461 3474 1625 3528 homo
1670 3479 1778 3526 Deo
1822 3488 1883 3527 ac
1927 3470 2104 3525 Patri.

514 3574 601 3627 Ait
625 3586 772 3639 ergo,
802 3569 924 3622 Jam
986 3583 1089 3621 non
1138 3583 1253 3620 sum
1284 3568 1339 3619 in
1377 3567 1595 3623 mundo.
1634 3565 1775 3619 sicut
1820 3566 2103 3623 hactenus,

511 3680 635 3719 cum
686 3665 766 3716 eis
828 3674 1116 3716 conversar
1146 3687 1171 3713 ο
1205 3670 1259 3712 ct
1316 3661 1668 3721 conﬁrmans,
1728 3658 1997 3725 inungens
2043 3670 2106 3708 ac

513 3755 802 3810 consolans
831 3754 975 3807 illos.

586 3844 743 3900 Vcrs.
814 3847 897 3899 ll.
951 3845 1020 3898 Et
1056 3874 1123 3884 —
1164 3852 1308 3896 sunt.
1371 3840 1622 3895 Nondum
1686 3840 2003 3903 morientes,
2052 3847 2108 3892 ct

514 3950 802 4009 propterea
854 3947 946 3992 tuo
976 3944 1137 4008 egent
1171 3934 1394 3989 auxilio.
1432 3933 1568 3987 Cum
1620 3943 1803 3987 autem
1854 3929 2102 3997 dixisset,

514 4032 632 4087 lam
659 4047 763 4084 non
802 4047 919 4083 sum
962 4031 1018 4083 in
1060 4035 1272 4091 mundo,
1306 4028 1702 4094 interpretatur
1730 4024 1835 4076 hoc
1870 4023 2058 4077 dicens
2088 4038 2102 4074 :

588 4121 741 4176 Vers.
793 4123 880 4174 ll.
926 4120 988 4174 Et
1020 4150 1088 4160 —
1116 4119 1283 4171 venio.
1328 4116 1483 4169 Sicut
1536 4114 1706 4168 Filius
1757 4114 1824 4167 ad
1866 4113 2103 4177 Patrem,

517 4218 905 4268 co..summato
930 4211 1039 4280 jam
1074 4222 1259 4277 Opere,
1301 4216 1359 4260 ut
1381 4206 1584 4260 dictum
1619 4216 1719 4259 est.

589 4302 754 4357 Vers.
810 4304 893 4356 ll.
928 4300 1092 4353 Pater
1122 4330 1185 4339 —
1222 4314 1321 4351 me.
1357 4297 1457 4351 Per
1488 4312 1685 4351 nomen
1734 4306 1885 4350 tuum
1927 4294 2105 4349 omni-

516 4403 731 4463 potens,
787 4390 929 4459 quod
966 4398 1021 4442 ct
1063 4404 1162 4458 ego
1201 4396 1394 4440 natura
1452 4385 1648 4439 habeo.
1707 4383 1840 4438 Nam
1896 4394 1951 4437 et
2007 4397 2107 4453 ego

1728 353 2109 415 EUTIIYMII
2163 348 2526 411 ZIGABENI

2274 457 2421 526 Ἐγὼ
2457 486 2525 495 -
2553 450 2767 522 ἐρωτῶ.
2812 450 2983 519 ’Υπὲρ
3022 448 3196 500 αὐτῶν
3233 441 3529 515 παρακαλῶ
3566 458 3643 506 σε,
3677 444 3745 503 ὼς

2195 551 2290 605 ἄνθ
2300 566 2496 621 ρωπος.

2271 724 2352 777 Οὐ
2385 750 2450 762 -—
2480 722 2658 774 εἰσιν.
2697 717 2771 769 Οὐ
2804 712 2934 784 περὶ
2970 710 3065 764 τοῦ
3101 712 3308 779 κόσμου
3339 706 3541 769 παντὸς
3574 721 3749 772 παρα-

2196 814 2369 876 καλῶ,
2398 810 2532 865 ἀλλὰ
2567 810 2694 877 περὶ
2724 807 2832 859 τῶν
2866 802 3233 857 πιστευόντων
3266 802 3346 861 εἰς
3378 798 3500 867 ὲμέ.
3549 794 3613 850 Οἱ
3650 794 3752 861 γὰρ

2202 911 2276 980 μὴ
2305 904 2657 961 πιστεύοντες
2685 902 2744 953 οὐ
2795 899 3041 950 θέλουσιν
3073 895 3161 947 ἵνα
3195 893 3324 962 περὶ
3355 890 3533 943 αὐτῶν
3577 905 3753 957 παρα-

2198 983 2389 1053 καλῶν
2428 995 2654 1055 Πυκνῶς
2688 992 2744 1043 δὲ
2783 991 2965 1058 τίθησι
3006 988 3064 1040 τὸ
3095 985 3382 1049 Δέδωκας,
3424 982 3512 1035 ἵνα
3552 981 3758 1049 μάθωσι

2201 1091 2546 1162 βεϐαιότερον
2573 1088 2653 1139 ὅτι
2678 1084 2891 1151 θέλημα
2912 1078 3004 1132 τοῦ
3030 1077 3238 1146 Πατρός
3264 1079 3375 1127 ἐστι
3398 1072 3457 1125 τὸ
3483 1069 3760 1123 πιστεύειν

2201 1160 2277 1243 εἰς
2314 1180 2402 1231 τὸν
2442 1177 2592 1229 Υἱόν.
2635 1171 2823 1245 [Ἐπεὶ
2858 1168 2971 1241 (84)
3003 1168 3059 1220 δὲ
3097 1166 3157 1218 τὸ
3208 1163 3472 1227 Δέδωκὰς
3505 1177 3629 1229 μοι,
3669 1160 3761 1209 καὶ

2200 1274 2261 1326 τὸ
2296 1272 2400 1325 Σοί
2428 1273 2566 1330 εισι,
2601 1267 2693 1319 καὶ
2722 1265 2791 1318 τὰ
2821 1254 3049 1320 τοιαῦτα
3075 1255 3301 1326 ἔμελλον
3324 1252 3624 1323 ἐμποιῆσαι
3651 1251 3763 1310 τοῖς

2204 1366 2489 1423 ἀσυνέτοις
2546 1357 2784 1427 ὑποψίας
2823 1353 3063 1424 πονηρὰς
3108 1352 3189 1403 ὅτι
3238 1346 3498 1418 μείζωνὴ
3543 1341 3765 1408 ἐξουσία

2202 1460 2293 1512 τοῦ
2331 1455 2542 1526 [ἰατρὸς
2571 1453 2666 1505 καὶ
2702 1446 3133 1521 προγενεστέρα,
3164 1441 3279 1493 λύει
3308 1438 3511 1500 ταύτας
3540 1429 3762 1502 λέγων]

2273 1550 2382 1604 Καὶ
2436 1524 2505 1586 έ-
2549 1542 2682 1612 ἐμά.
2729 1537 2883 1601 Εἶδες
2928 1535 3237 1604 ἱσοτιμίαν;
3277 1530 3436 1583 τοῦτο
3474 1528 3582 1595 γὰρ
3616 1524 3768 1593 δηλοῖ

2203 1642 2297 1697 νῦν
2346 1643 2378 1709 ἡ
2410 1635 2767 1705 ἁντιστροφή.
2823 1628 3005 1684 Εἰπὼν
3056 1627 3155 1696 μὲν
3194 1619 3284 1675 οὖν
3324 1622 3403 1675 ὅτι
3438 1618 3541 1671 Σοί
3582 1618 3764 1676 εἰσιν,

2206 1733 2404 1797 ἓδ-ιξεν
2450 1732 2531 1784 ὅτι
2575 1728 2668 1782 καὶ
2718 1724 2961 1783 δοθέντες
3017 1716 3161 1786 αὐτῷ
3220 1714 3320 1782 τῆς
3374 1706 3622 1774 ἐξουσίας
3665 1703 3759 1755 τοῦ

2139 1818 2177 1870 Β
2211 1829 2423 1897 Πατρός
2464 1826 2622 1877 εἰσιν.
2659 1821 2776 1872 Ἵνα
2806 1816 2862 1867 δὲ
2919 1812 2993 1884 μὴ
3023 1809 3219 1879 νομίσῃ
3264 1821 3347 1867 τις
3380 1798 3632 1854 ἐντεῦθεν
3674 1796 3757 1848 ὅτι

2189 1887 2762 1984 ἐξουσιαστικώτερός
2803 1911 2951 1961 ἐστιν
2982 1907 3010 1957 ὁ
3042 1903 3251 1971 Πατὴρ,
3286 1894 3591 1966 προσέθηκε
3614 1907 3629 1921 ·

2205 1980 2277 2066 τὰ
2300 2010 2411 2079 ἐμὰ
2435 2006 2648 2065 πάντα,
2673 1980 2759 2055 od
2780 2001 2931 2062 ἐστι,
2959 1994 3055 2050 καὶ
3080 1993 3149 2047 τὰ
3174 1989 3255 2045 σὰ
3277 1988 3409 2056 ἐμά.
3433 1985 3620 2057 (Ὥστε

2207 2105 2300 2156 καὶ
2332 2103 2436 2171 np‘.
2483 2099 2574 2151 τοῦ
2614 2094 2835 2163 δοθῆναι
2878 2090 2968 2143 τοῦ
3027 2086 3157 2140 Υἱυῦ
3192 2080 3355 2155 ἦσαν,
3407 2078 3499 2132 καὶ
3538 2074 3675 2147 μετὰ
3709 2074 3770 2124 τὸ

2205 2165 2421 2263 δοθῆναι
2468 2189 2562 2242 τοῦ
2615 2187 2849 2255 Πατρὺς,
2893 2180 3165 2235 τουτέστιν
3210 2175 3295 2228 ἀεὶ
3336 2169 3665 2242 ἀμφοτέρων
3694 2165 3772 2227 ὡς

2211 2260 2490 2354 ἰσοτίμων.
2536 2280 2785 2339 Δέδωκας
2828 2274 2922 2328 οὖν
2971 2288 3062 2343 μοι
3092 2270 3214 2332 τοὺς
3265 2266 3451 2331 ἐμούς.
3501 2260 3773 2321 Δέδωκας

2207 2380 2262 2431 δὲ
2303 2374 2455 2428 εἶπον
2502 2367 2888 2439 οἰκονομικῶς,
2921 2366 3009 2418 ἵνα
3062 2362 3265 2431 γνῶσιν
3289 2359 3369 2410 ὅτι
3400 2356 3459 2408 οὐ
3513 2352 3664 2423 παρὰ
3713 2351 3775 2401 τὸ

2212 2471 2302 2523 σὸν
2338 2467 2551 2536 θέλημα
2582 2461 2806 2524 τούτους
2838 2448 3281 2523 ὲπεσπασάμην].

2282 2654 2393 2708 Kal
2423 2681 2494 2692 ——-
2518 2647 2739 2708 αὐτοῖς.
2770 2645 2877 2697 Καὶ
2901 2639 3154 2707 ἐξουσίαν
3182 2636 3289 2707 ἔχω
3309 2635 3368 2686 ὲν
3400 2633 3514 2694 τοῖς
3547 2630 3661 2692 σοῖς
3697 2627 3772 2691 ὡς

2209 2749 2385 2816 ἐμοῖς,
2417 2743 2605 2809 ὥσπερ
2632 2740 2726 2792 καὶ
2759 2737 2822 2787 σὺ
2847 2737 2903 2788 ὲν
2931 2735 3045 2797 τοῖς
3073 2732 3223 2798 ἐμοῖς
3251 2727 3325 2791 ὡς
3358 2726 3492 2787 σοῖς.

2284 3009 2375 3071 Ἦ,
2408 3004 2727 3071 δεδόξασμαι
2763 3000 2817 3051 ἐν
2852 2999 2959 3058 τοῖς
2991 2994 3187 3047 δοθεῖσξ
3223 3009 3311 3061 μοι
3347 2988 3616 3059 μαθηταῖς
3653 2988 3773 3037 ἑπι-

2135 3149 2179 3207 c
2212 3098 2402 3169 γνοῦσι
2463 3097 2560 3167 μὲν
2613 3095 2818 3164 Κύριον
2868 3086 3076 3142 ἑαυτῶν
3122 3085 3215 3138 καὶ
3267 3079 3631 3152 προσκυνοῦσι
3683 3078 3776 3129 καὶ

2346 3192 2355 3205 '
2444 3206 2447 3207 ν
2514 3190 2549 3207 ν’
2633 3204 2649 3207 _
2684 3186 2779 3207 1.)-)
2808 3204 2814 3207 .

2211 3190 2549 3264 κηρύττουσί
2588 3204 2653 3257 με
2683 3186 2835 3238 Θεό-ιι.

2279 3284 2391 3340 Kal
2442 3312 2512 3323 -——
2561 3281 2787 3347 κόσμῳ.
2832 3275 2984 3330 Μετὰ
3021 3272 3211 3344 μικρὸν
3258 3268 3633 3338 ἀποθνήσκων.
3665 3266 3775 3317 Πά-

2208 3381 2291 3433 λιν
2340 3380 2456 3451 (86)
2509 3376 2564 3429 δὲ
2620 3376 2831 3440 εἰσάγει
2868 3371 2929 3423 τὸ
2979 3369 3108 3438 περὶ
3160 3367 3253 3417 τοῦ
3306 3365 3534 3418 θανάτου
3584 3359 3772 3421 αὑτοῦ,

2212 3472 2422 3543 μέλλων
2453 3469 2674 3531 αὐτοὺς,
2722 3468 2795 3528 ὡς
2830 3464 3135 3532 ἄνθρωπος,
3169 3455 3508 3528 παραθέσθαι
3552 3453 3627 3523 τῷ
3657 3452 3773 3519 Θεῷ

2208 3570 2302 3619 καὶ
2327 3562 2523 3633 Πατρί.
2552 3563 2719 3631 Φησὶν
2751 3557 2842 3611 οὖν
2894 3558 2977 3610 ὅτι
3023 3553 3229 3607 Οὐκέτι
3274 3550 3385 3621 (87)
3415 3550 3527 3617 εἰμὶ
3575 3548 3644 3599 ἐν
3695 3544 3770 3607 τῷ

2208 3660 2436 3728 κόσμω,
2495 3656 2750 3723 καθάπερ
2780 3651 2908 3721 ἄχρι
2961 3649 3073 3712 νῦν,
3115 3646 3310 3704 συνὼν,
3348 3642 3442 3695 καὶ
3466 3639 3760 3709 στηρίζων,

2210 3753 2305 3805 καὶ
2338 3750 2598 3817 ἀλείφων,
2634 3746 2730 3797 καὶ
2763 3740 3093 3814 παρηγορῶν
3126 3736 3321 3799 αὐτούς
3354 3734 3489 3804 (88).

2282 3845 2413 3918 (Καὶ
2439 3844 2549 3912 (89)
2580 3871 2651 3880 -
2678 3840 2822 3894 εῑσί.
2846 3838 3031 3905 Μήπω
3069 3832 3522 3898 ἀποθνήσκοντες,
3557 3824 3649 3877 καὶ
3682 3822 3769 3875 διὰ

2212 3937 2370 3989 τοῦτο
2414 3934 2514 4002 τῆς
2557 3933 2652 4001 σῆς
2694 3931 2900 3983 δέονται
2937 3926 3208 3996 βοηθείας.
3247 3918 3424 3973 Εἰπὼν
3450 3918 3504 3970 δὲ
3538 3917 3618 3969 ὅτι
3648 3917 3769 3968 οὐκ

2208 4030 2324 4100 εὶμί
2358 4029 2426 4081 ἐν
2454 4025 2534 4090 τῷ
2565 4027 2793 4092 κόσμῳ,
2817 4019 3179 4091 ἐφερμηνεύει
3206 4017 3361 4068 τοῦτο
3391 4016 3561 4081 λέγων
3581 4029 3595 4042 ο

2279 4122 2389 4177 Καὶ
2438 4149 2509 4162 —-
2559 4116 2854 4187 ἔρχομαι).
2917 4116 3003 4177 Ὠς
3061 4113 3186 4174 Υἱὶς
3238 4109 3369 4180 πρὸς
3414 4107 3653 4176 Πατέρα,
3713 4102 3776 4155 τὸ

2212 4217 2371 4285 ἔργον
2402 4214 2718 4284 τελειώσας,
2754 4210 2829 4271 ὼς
2862 4212 3097 4278 εἰρηται.

2280 4310 2476 4376 Πάτερ
2510 4337 2578 4347 —-
2603 4323 2727 4376 μοι.
2776 4304 2875 4357 Διὰ
2903 4301 2996 4355 τοῦ
3026 4299 3284 4369 ὀνόματός
3316 4313 3407 4349 σου
3437 4293 3529 4346 τοῦ
3573 4308 3774 4346 πακτο-

2222 4404 2466 4474 δυνάμου
2498 4402 2525 4454 ὃ
2556 4402 2663 4470 ἔχω
2696 4398 2857 4468 φύσει
2884 4394 3062 4461 κάγώ.
3100 4391 3251 4465 (Θεὸς
3296 4388 3406 4459 (9U)
3435 4388 3540 4456 γὰρ
3569 4383 3771 4454 κάγώ].

518 4490 662 4541 Deus
690 4502 834 4539 sum.
870 4484 1072 4537 lterum
1100 4491 1282 4534 autem
1313 4480 1408 4543 ait,
1444 4478 1685 4543 Donasti,
1725 4493 1792 4530 ne
1816 4477 1928 4530 Deo
1956 4476 2102 4529 vide-

2215 4497 2386 4550 Πάλιν
2434 4494 2490 4546 δὲ
2538 4493 2599 4544 τὸ
2652 4490 2938 4553 Δέὃωκας,
2978 4487 3064 4538 ἵνα
3094 4486 3168 4555 μὴ
3210 4482 3333 4553 δόξῃ
3382 4478 3650 4541 ἀντίθεοςθ
3676 4478 3711 4549 ἦ
3748 4477 3775 4528 ὃ

520 4595 670 4633 retur
703 4592 823 4631 esse
854 4574 1192 4630 contrarius.
1240 4572 1352 4637 Vel,
1383 4572 1525 4641 quod
1557 4570 1754 4625 dedisti
1786 4568 1941 4636 mihi,
1978 4579 2102 4624 tan-

517 4688 678 4741 quam
716 4671 949 4724 homini.

593 4765 743 4818 Vcrs.
776 4764 861 4816 ll.
912 4762 973 4818 Ut
1001 4762 1108 4816 sint
1139 4777 1321 4814 unum.
1357 4758 1574 4813 Unitate
1600 4758 1748 4825 ﬁdei,
1788 4772 1906 4829 qute
1932 4757 1985 4811 in
2015 4771 2103 4811 me

520 4864 620 4917 est,
665 4862 719 4906 et
771 4862 957 4905 mutua
1018 4851 1325 4918 dilectione,
1379 4850 1446 4904 de
1489 4864 1594 4919 qua
1629 4850 1879 4919 superius
1932 4849 2103 4903 multa

518 4947 596 4999 eis
637 4954 986 5015 praeceperat.

590 5040 743 5093 Vers.
779 5040 860 5091 ll.
894 5037 1041 5092 Sicut
1073 5054 1184 5091 nos.
1211 5035 1465 5093 I’raedixit
1494 5037 1663 5104 enim,
1710 5038 1819 5109 Ego
1871 5049 1919 5091 et
1943 5036 2103 5090 Pater

522 5150 681 5186 unum
710 5149 889 5186 sumus
916 5131 979 5185 “.
1026 5131 1183 5187 Prius
1211 5142 1394 5186 autem
1424 5132 1540 5186 aliis
1570 5132 1622 5185 in
1658 5131 1791 5186 locis
1842 5127 2102 5183 disserui-

638 5252 684 5282 ⁸⁸
708 5250 865 5305 Joan.
889 5266 945 5318 ι,
971 5249 1065 5305 50.

2211 4588 2449 4649 δέδωκάς
2491 4603 2609 4655 μοι,
2640 4585 2714 4646 ὡς
2746 4581 3041 4651 ἀνθρώπῳ.

2284 4756 2420 4811 Ἵνα
2465 4748 2616 4807 ὦσιν
2662 4751 2752 4804 ἓν.
2805 4750 2921 4801 ἰνα
2968 4742 3102 4800 ῶσιν
3146 4745 3224 4811 ἓν,
3266 4748 3331 4814 τῇ
3356 4743 3544 4796 ὲνώσει
3574 4745 3671 4811 τῆς
3695 4744 3774 4803 εἰς

2211 4850 2314 4922 ἐμὲ
2367 4847 2625 4911 πίστεως,
2704 4843 2800 4896 καὶ
2868 4842 2966 4912 τῆς
3043 4843 3123 4903 εἰς
3201 4837 3461 4908 ἀλλήλους
3529 4836 3770 4905 ἀγάπης.

2217 4943 2372 5017 [napi
2426 4938 2537 5012 (91)
2588 4935 2658 5011 ἦς
2707 4937 2960 5008 ἀνωτέρω
3005 4932 3176 4987 πολλὰ
3216 4932 3395 4993 αὐτοῖς
3423 4928 3769 4999 barathro].

2278 5034 2488 5097 Καθὼς
2538 5031 2727 5099 ἡμεῖς.
2780 5029 3108 5102 [Προείρηκε
3162 5027 3273 5098 (92)
3323 5024 3463 5093 γὰρ’
3512 5023 3591 5075 ὃτι
3634 5020 3773 5090 Ἐγὼ

2212 5131 2310 5183 καὶ
2359 5131 2390 5181 ὀ
2443 5126 2646 5193 Πατὴρ
2692 5123 2763 5177 ἐν
2790 5123 3001 5192 ἐσμεν.
3040 5115 3563 5193 Προδιεστειλὰμεθα
3592 5114 3652 5170 δὲ
3681 5114 3772 5167 καὶ

1733 5361 1933 5423 Variae
1961 5363 2271 5424 lectiones
2303 5368 2365 5423 et
2396 5367 2584 5422 notas.

594 5499 705 5565 (84)
747 5497 955 5552 Inclusa
978 5497 1176 5552 omittit
1203 5500 1267 5551 Α.

592 5571 703 5637 (85)
734 5569 947 5623 Inclusa
984 5570 1267 5622 absuntA.

593 5638 702 5707 (36)
738 5640 907 5691 Πάλιν
939 5640 1130 5705 ἐπάγει
1159 5642 1225 5693 Α.

596 5711 707 5779 (87)
740 5711 863 5779 έὈτι
899 5711 996 5761 οὐκ
1026 5712 1139 5776 εἰμί
1168 5712 1230 5761 Α.

599 5782 710 5847 (⁸8)
736 5778 864 5834 Ροεῑ
920 5780 1145 5845 Αὐτοὺς.
1181 5780 1328 5835 addit
1373 5783 1413 5833 A
1442 5797 1453 5833 :
1484 5781 1553 5833 Tt
1581 5779 1635 5832 δὲ
1692 5782 1781 5833 nt
1817 5779 1926 5847 ἐγὼ
1964 5780 2098 5849 πρὸς

2218 5496 2277 5547 σὲ
2308 5496 2562 5566 ἔρχομαι.

2285 5564 2405 5638 (89)
2437 5566 2649 5620 Inclusa
2687 5565 2886 5638 absunt
2912 5564 2977 5617 Α.

2288 5634 2399 5705 (90)
2428 5638 2640 5691 Inclusa
2672 5635 2993 5689 exciderunt
3015 5634 3077 5687 Δ.

2281 5712 2392 5768 tat)
2429 5708 2637 5761 Inclusa
2674 5709 2873 5759 absunt
2910 5708 2977 5760 A.

2284 5780 2394 5849 (9:2)
2430 5781 2639 5831 Inclusa
2677 5777 2877 5832 absunt
2904 5777 2967 5830 A.
