3976 6486
1134 46 2088 55 -Ῠ--ῤ-Ῠ

218 395 374 457 1445

1176 391 1562 454 COMMENT.
1605 392 1688 454 IN
1729 390 2202 454 JOANNEM.—
2239 393 2395 456 CAP.
2437 395 2627 458 XVII.

3359 404 3494 468 1446

209 516 277 564 ὲν
313 511 498 574 ἄλῖοις
525 512 601 564 ὅτι
633 509 694 562 τὸ
725 509 930 575 Καθὼς
964 511 1056 564 xz't
1081 509 1148 565 τὰ
1176 510 1407 564 τοιαῦτα
1442 511 1536 563 ἐπὶ
1573 510 1675 580 μὲν
1701 509 1795 578 τῆς

1917 523 2049 571 mus,
2079 507 2221 577 quod
2250 507 2431 572 καθὼς
2457 509 2616 576 sicut,
2641 517 2694 562 et
2718 511 2937 574 similia,
2961 512 3029 566 de
3065 524 3250 571 sancta
3267 523 3490 588 quidem

209 605 378 669 ἁγίας
412 604 639 674 Τριαδος
679 604 902 673 ἰσότητα
950 601 1225 670 δηλοῦσιν,
1275 605 1369 655 ἐπὶ
1419 603 1476 656 δὲ
1511 601 1651 656 Θεοῦ
1690 603 1784 654 καὶ

208 695 523 765 ἀνθρώπων
567 694 827 764 ὁμοίωσίν
875 713 1019 748 τινα.
1063 696 1158 746 Ἐν
1205 689 1300 748 οὖν
1343 695 1484 746 είσιν
1533 695 1561 746 ὀ
1605 694 1796 763 Πατὴρ

229 791 328 840 καὶ
355 792 380 841 6
411 787 585 860 Υίὸ;],
619 787 809 858 ὥσπερ
843 792 910 857 τῇ
942 789 1102 860 οὐσίᾳ
1134 789 1231 842 καὶ
1259 791 1371 849 τοῖς
1414 787 1616 852 ἄλλοις,
1653 787 1796 840 οὕτω

217 878 321 932 καὶ
349 881 414 947 τῇ
450 879 692 947 ὁμονοίᾳ.
741 881 946 932 Λοιπὸν
976 876 1067 933 οὖν
1114 881 1195 945 τὸ,
1229 872 1433 946 Καθὼς
1463 880 1657 948 ἡμεῖς,
1708 882 1794 934 διὰ

207 967 277 1019 τὸ
310 968 609 1038 ἀδιαίρετον
639 971 733 1022 καὶ
765 970 1154 1040 ἀδιάῥρηκτον.

295 1058 431 1111 Ὀτε
460 1087 526 1100 —-
557 1074 694 1114 σου.
723 1060 850 1112 Ὅτε
882 1061 1031 1130 ήμην
1074 1065 1131 1112 ὲν
1161 1062 1236 1132 τῷ
1267 1062 1455 1131 κόσμῳ
1478 1063 1552 1125 ὡς
1584 1063 1793 1132 ἂνθρω-

211 1164 356 1204 πος·
417 1151 502 1202 ἀεὶ
567 1153 672 1222 γὰρ
723 1153 842 1220 εἰμι
888 1151 960 1214 ὡς
1021 1153 1194 1215 Θεός”
1252 1155 1339 1206 ὅτε
1394 1153 1503 1222 ἐγὼ
1562 1156 1794 1225 ἐτήρουν

228 1241 428 1305 αὐτοὺς
478 1244 536 1296 ὲν
596 1247 660 1312 τῇ
711 1244 940 1312 δυνάμει
970 1262 1086 1307 σου,
1139 1245 1303 1314 ⁸ίλγουν
1346 1249 1404 1298 ὲν
1437 1249 1554 1299 σοίο
1604 1251 1637 1317 ἡ
1685 1249 1791 1318 ὲμὴ

213 1331 330 1398 γὰρ
357 1333 583 1402 δύναμις
620 1336 708 1405 σὴ,
745 1336 837 1386 καὶ
867 1337 976 1402 ὲγὼ
1011 1337 1104 1388 καὶ
1141 1339 1205 1388 σὺ
1237 1337 1294 1388 ἓν
1318 1338 1511 1402 ἐσμεν.

292 1420 393 1472 Καὶ
425 1423 500 1485 ὡς
539 1423 828 1492 ἄνθρωπος
873 1423 926 1475 δὲ
973 1425 1147 1477 ταῦτα
1183 1428 1278 1479 καὶ
1313 1428 1382 1481 τὰ
1415 1427 1644 1482 τοιαῦτα
1676 1430 1790 1482 δια-

213 1509 452 1578 λέγεται,
484 1517 579 1566 καὶ
600 1517 688 1566 διὰ
715 1515 813 1582 τὴν
840 1515 1124 1568 ἀσθένειαν
1153 1517 1264 1569 τῶν
1292 1519 1575 1588 μαθητῶν.
1600 1518 1791 1590 [Ἐπεὶ

217 1606 331 1671 γὰρ
378 1606 509 1676 (93),
564 1606 732 1658 πολλὰ
789 1608 917 1676 περὶ
971 1609 1068 1676 τῆς
1123 1609 1254 1678 παρ’
1311 1610 1478 1662 αὑτοῦ
1531 1611 1788 1682 βοηθείας

211 1695 568 1760 ἀκούσαντες,
630 1702 723 1751 καί
782 1695 863 1752 ὅτι
925 1701 1121 1754 Πάλιν
1168 1703 1392 1770 ὄψομαι
1449 1703 1629 1773 ὑμᾶς,
1689 1709 1790 1761 καὶ

1902 597 2170 652 Trinitate
2227 599 2394 663 dicta,
2455 601 2818 670 aequalitatem
2871 603 3312 674 signiticeut;de
3376 613 3486 676 Deo

1896 704 2028 743 vero
2053 698 2106 743 et
2131 691 2465 754 hominibus,
2508 693 2919 748 similitmliuem
2950 697 3264 762 quamdam.
3306 701 3490 760 Unum

1900 795 2029 850 ergo
2064 793 2190 835 sunt
2221 781 2378 838 Pater
2399 793 2450 838 et
2478 783 2671 848 Filius,
2701 787 2842 839 sicut
2872 788 3108 841 essentia
3147 800 3201 844 et
3237 792 3374 857 aliis,
3407 796 3484 851 ita

1894 858 2063 926 etiam
2093 875 2405 928 concordia.
2475 873 2616 928 Dicit
2672 875 2874 945 itaque,
2908 876 3057 930 Sicut
3114 895 3226 945 nos,
3268 893 3490 953 propter

1900 967 2283 1021 iizdivisioncm
2313 963 2377 1021 ac
2401 969 2943 1037 inseparabilitatem.

1971 1059 2123 1113 Vers.
2157 1060 2242 1115 12.
2278 1061 2414 1114 Cum
2441 1091 2510 1100 —
2541 1072 2709 1132 tum".
2756 1063 2890 1116 Cum
2923 1079 3100 1120 essem
3153 1066 3206 1120 in
3257 1077 3484 1136 mundo,

1899 1160 1959 1204 ut
2000 1151 2184 1215 homo,
2225 1153 2317 1220 qui
2345 1167 2563 1221 semper
2589 1154 2644 1206 in
2677 1168 2742 1208 eo
2768 1170 2912 1222 sum,
2944 1165 3003 1209 ut
3034 1156 3198 1223 Deus,
3229 1168 3358 1212 tunc
3383 1176 3484 1233 ego

1896 1244 2180 1296 servabam
2214 1258 2308 1298 eos
2341 1260 2438 1312 per
2478 1245 2733 1299 virtutem
2764 1255 2933 1312 tuam,
2962 1250 3075 1304 sive
3101 1265 3198 1319 per
3226 1260 3278 1305 te
3305 1268 3320 1314 ;
3355 1267 3484 1308 nam

1896 1350 2014 1389 mea
2058 1337 2228 1390 virtus
2263 1348 2353 1390 tua
2378 1346 2481 1402 est,
2513 1348 2568 1391 et
2606 1352 2705 1409 ego
2730 1349 2783 1392 et
2814 1348 2871 1393 tu
2905 1355 3074 1394 unum
3099 1356 3310 1397 sumus.

1967 1423 2092 1476 Haec
2122 1433 2302 1476 autem
2339 1432 2394 1476 et
2420 1425 2613 1478 similia
2638 1425 2898 1494 loquitur.
2929 1437 2983 1480 et
3008 1439 3263 1496 tanquam
3298 1430 3484 1498 homo,

1893 1521 1948 1566 et
1993 1524 2213 1582 propter
2245 1515 2634 1583 discipulorum
2688 1517 3137 1572 imbecillitatem.
3203 1519 3485 1589 Siquidem

1893 1602 2020 1670 quia
2054 1604 2237 1658 multis
2300 1606 2365 1658 de
2426 1606 2546 1674 ejus
2597 1606 2798 1660 auxilio
2877 1593 3102 1675 auditis,
3156 1620 3212 1664 et
3247 1609 3488 1668 :Iterum

1892 1692 2072 1745 videbo
2121 1708 2228 1755 vos,
2261 1703 2308 1744 et
2344 1694 2590 1760 gaudebit
2643 1710 2731 1746 cor
2787 1702 3037 1755 vestrum,
3110 1706 3159 1749 et
3223 1699 3483 1767 gaudium

213 1787 540 1855 χαρήσεται
583 1788 749 1857 ὑμῶν
780 1791 815 1856 ἡ
847 1791 1079 1858 καρδία,
1123 1794 1221 1846 καὶ
1252 1793 1364 1859 τὴν
1404 1796 1597 1864 χαρὰν
1624 1798 1789 1866 ὑμῶν

1917 1794 2117 1838 νέειν-ποι
2150 1801 2296 1837 nemo
2354 1783 2500 1837 tollet
2528 1802 2559 1837 a
2599 1786 2736 1838 vobis
2762 1777 2837 1852 “,6
2891 1788 3134 1843 nondum
3187 1789 3426 1858 perfecte
3456 1809 3488 1847 ιι

211 1874 410 1944 οὐδεὶς
456 1855 629 1943 αἴρει⁷
656 1883 756 1949 ἀφ’
794 1855 991 1951 ὑμῶν’-
1047 1885 1147 1937 οὐκ
1208 1855 1607 1956 ἀπηλλάγησαν
1637 1855 1790 1943 θ’ῠπω

1917 1891 2130 1929 noerore
2153 1874 2364 1928 liberati
2392 1885 2579 1934 erant:
2617 1876 2763 1930 Patri
2789 1879 3050 1948 deinceps
3078 1855 3282 1949 pro—eis
3313 1883 3489 1953 loqui-

211 1968 318 2035 τῆς
355 1972 594 2040 ἀθυμίας
629 1973 811 2025 τέλεον
833 1991 846 2004 ·
889 1975 966 2042 τῷ
1005 1975 1180 2044 Πατρὶ
1218 1975 1403 2030 λοιπὸν
1437 1979 1578 2047 ὑπὲρ
1609 1981 1790 2032 αὐτῶν

210 2057 543 2128 διαλέγεται,
587 2061 672 2114 ἵνα
702 2063 805 2115 κᾶν
854 2060 986 2130 γοῦν
1031 2065 1110 2130 τῷ
1143 2065 1322 2136 Πατρὶ
1358 2069 1792 2139 παρατιθέμενοι

211 2150 588 2224 θαρῥήσωσιν.
657 2156 893 2218 ’Λτελείς
951 2156 1062 2224 γὰρ
1123 2157 1278 2219 ὄντες
1328 2159 1428 2228 οὐχ
1481 2159 1625 2212 οὕτω
1676 2163 1790 2224 τοῖς

215 2238 438 2308 ὑψηλοῖς
471 2243 566 2295 καὶ
604 2243 802 2313 θεοπρε
818 2246 937 2296 πέσι
969 2247 1212 2315 ῥήμασιν
1247 2248 1535 2302 ἐπίστευον
1562 2249 1637 2311 ὼς
1677 2255 1792 2314 τοῖς

211 2333 622 2404 ταπεινοτέροις
651 2337 746 2389 καὶ
779 2337 1361 2410 ἁνθρωποπρεπέσιν].

291 2423 404 2490 Οὓς
426 2455 495 2465 --
526 2428 851 2492 ἀπωλείας.
901 2429 1128 2494 Ὶούδας,
1171 2433 1197 2482 6
1227 2433 1517 2502 προδότης,
1541 2437 1568 2487 6
1600 2436 1790 2502 φίλταὲ

208 2529 306 2576 τος
357 2517 455 2585 τῆς
502 2518 798 2581 ἀπωλείας,
842 2521 870 2572 6
922 2520 1172 2590 φιληθεὶς
1214 2524 1356 2593 αὐτῇ
1410 2528 1505 2577 καὶ
1558 2529 1790 2595 φιλήσας

211 2605 405 2676 αὐτήν.
449 2608 749 2663 Ἀπώλειαν
771 2612 828 2663 δὲ
856 2612 964 2663 νόει
1010 2613 1108 2682 τὴν
1146 2613 1254 2666 ἀπὸ
1280 2615 1374 2668 τοῦ
1406 2617 1542 2669 Θεοῦ
1574 2618 1792 2671 ἔκπτω-

210 2695 300 2747 σίν
367 2716 424 2750 τε
472 2701 567 2752 καὶ
631 2701 1011 2769 ἀλλοτρίωσιν,
1058 2705 1090 2774 ἢ
1147 2705 1242 2757 καὶ
1273 2707 1364 2757 τὸν
1413 2707 1662 2761 διάϐολον
1716 2711 1792 2772 ὡς

207 2787 552 2844 ἀπολλύοντα
583 2792 708 2857 τοὺς
740 2794 1104 2864 πειθομένους
1130 2795 1301 2865 αύτῷ.
1335 2796 1649 2868 [Ἂπὼλετο
1677 2801 1790 2871 (94)

209 2878 321 2948 γᾶρ
369 2883 397 2934 6
466 2882 666 2946 Ἰούδας
713 2886 980 2948 ἑκουσίως
1023 2886 1125 2954 ⁸διὰ
1174 2889 1484 2958 φαυλότητα
1534 2893 1791 2962 προαιρέ-

211 2987 373 3034 σεως.
424 2973 536 3027 Καὶ
589 2976 699 3045 μὴν
749 2978 846 3030 καὶ
878 2977 1031 3030 ἄλλοι
1088 2979 1197 3031 ἀπὸ
1246 2980 1356 3031 τῶν
1413 2981 1791 3050 ἑϐδομήκοντα

213 3063 476 3132 μαθητῶν
529 3067 829 3134 ἀπώλοντο,
897 3070 1014 3122 ἀλλ’
1067 3067 1323 3137 ού“τότε,
1380 3072 1493 3123 ἀλλ’
1542 3072 1787 3143 ὕστερον.

208 3157 344 3210 Τότε
373 3159 430 3212 δὲ
463 3161 622 3229 μόνος
658 3163 686 3213 6
715 3162 986 3233 προδότης
1021 3163 1314 3236 ἁπώλετο].

284 3250 418 3304 Ἵνα
445 3250 481 3316 ἠ
516 3251 728 3321 Γμιςρὴ
757 3253 1064 3322 πληρωθῇ.
1109 3255 1171 3306 Ἢ
1196 3255 1479 3326 Δαυῖτικὴ,
1513 3259 1544 3326 ἡ
1582 3258 1778 3312 πολλαο

209 3337 308 3413 χδῦ
329 3345 456 3413 περὶ
474 3339 568 3409 τῆς
588 3342 861 3404 ἀπωλείας
885 3343 1046 3398 αύτοὶ
1073 3342 1533 3413 διαλαμϐάνουσα,
1557 3349 1651 3399 xui.
1669 3349 1792 3417 μᾶ).⁴

211 3436 305 3488 λον
329 3439 385 3490 ὲν
410 3438 488 3508 τῷ
513 3438 793 3508 ἑκατοστῷ
818 3436 987 3507 ὀγδόῳ
1022 3435 1245 3506 ψαλμῷ.
1283 3437 1580 3491 Κάνταῦθα
1613 3440 1794 3493 τοίνυν

213 3529 278 3580 τὸ
304 3529 405 3606 {ra
431 3531 530 3582 οὐκ
552 3530 730 3592 αἰτίας
762 3530 880 3582 ἐστὶ
909 3528 1225 3598 δηλωτικὸν,
1256 3527 1393 3581 ἀλλὰ
1440 3529 1534 3581 τοῦ
1564 3531 1785 3594 πάντως

215 3621 503 3690 ἐσομένου,
535 3621 617 3674 ὅτι
645 3619 833 3690 μέλλει
857 3620 891 3690 ὴ
925 3619 1118 3690 Γραφὴ
1144 3618 1525 3689 πληρωθῆναι.

284 3806 415 3859 Νῦν
445 3806 810 3876 -ἐρχομαι,
863 3805 1031 3859 Πάλιν
1083 3805 1143 3858 τὸ
1191 3807 1349 3874 Πρὸς
1396 3807 1472 3860 σὲ
1515 3809 1796 3878 ἔρχομαι,

216 3896 405 3967 ὥσπερ
439 3899 534 3951 καὶ
585 3899 644 3951 1:6
685 3898 850 3966 Παρὰ
900 3898 1009 3951 τοῦ
1061 3897 1210 3951 Θευῦ
1247 3898 1534 3966 ἐξῆλθον,
1590 3903 1685 3953 καὶ
1734 3905 1802 3960 τὰ

228 3988 480 4052 τοιαῦτα,
530 3992 595 4059 τῇ
650 3989 901 4058 συνεχείᾳ
947 3988 1164 4050 πάντως
1211 3991 1304 4042 ἐπὶ
1355 3989 1519 4048 πλέον
1567 3990 1802 4064 βεῦαιῶν

217 4083 402 4141 αὐτοῖς
427 4081 621 4148 ταῦτα,
656 4083 748 4134 καὶ
772 4081 888 4150 ἅμα
926 4085 1280 4155 παραμυθίαν
1313 4085 1563 4139 ἐντεῦθεν
1610 4088 1671 4140 οὐ
1704 4091 1802 4157 τὴν

219 4171 494 4240 τυχοῦσαν
533 4175 812 4246 παρέχων.

297 4267 408 4316 Καὶ
440 4292 514 4307 -—
547 4267 774 4333 αὐτοῖς.
829 4269 1014 4322 Ταῦτα
1059 4267 1226 4333 λαλῶ,
1269 4270 1329 4320 ὲν
1366 4269 1444 4338 τῷ
1491 4269 1681 4340 κόσμῳ
1730 4269 1804 4322 ὢν

221 4359 323 4412 ἑτι.
369 4358 576 4421 Ταῦτα,
621 4361 783 4424 troia;
812 4360 907 4426 T6,
963 4361 1118 4427 Πρὸς
1165 4360 1239 4413 σὲ
1285 4361 1551 4428 ἔρχομαι,
1601 4361 1695 4412 καὶ
1723 4362 1804 4420 τὸ.

227 4451 503 4518 Τήρησον
541 4452 784 4516 αὐτούς.
838 4448 1026 4504 Ταῦτα
1073 4449 1189 4514 οὖν,
1244 4455 1433 4521 φησὶν,
1483 4451 1651 4517 λαλῶ,
1709 4452 1795 4504 ἵνα

1896 1977 2002 2029 tur,
2029 1977 2084 2022 ut
2111 1968 2258 2020 Patri
2277 1984 2494 2037 quoque
2514 1971 2904 2032 commendati,
2922 1972 3061 2025 bono
3079 1981 3262 2028 essent
3280 1977 3485 2030 animo.

1892 2057 2028 2111 Cum
2061 2059 2208 2111 enim
2273 2059 2576 2128 imperfecti
2602 2070 2823 2127 ,esscnt,
2888 2077 2995 2115 non
3039 2063 3109 2116 ita
3149 2065 3477 2121 sublimibus

1893 2163 1957 2202 ac
1995 2149 2196 2203 divinis
2220 2149 2402 2202 verbis
2433 2150 2748 2216 credebant,
2786 2153 3244 2220 quemadmodum
3307 2158 3494 2212 humi-

1893 2240 2124 2295 lioribus
2161 2256 2225 2295 ac
2257 2257 2410 2295 more
2438 2242 2680 2296 humano
2708 2243 2888 2298 dictis.

1968 2424 2121 2478 Yers.
2187 2425 2271 2479 12.
2327 2423 2464 2489 Quos
2502 2455 2572 2466 -
2609 2427 2934 2495 perditionis.
3000 2427 3168 2483 Judas
3219 2431 3485 2499 proditor.

1895 2515 2303 2570 amantissimus
2332 2515 2679 2584 perditionis,
2710 2518 2942 2572 dilectus
2997 2521 3065 2574 ab
3091 2535 3178 2586 ea,
3235 2523 3491 2593 illamque

1895 2607 2147 2677 diligens.
2204 2608 2578 2663 Perditiouem
2613 2624 2743 2663 vero
2775 2610 3013 2680 intellige
3043 2628 3227 2666 casum
3261 2624 3316 2668 et
3357 2618 3490 2670 alie-

1897 2700 2171 2754 nationem
2207 2717 2238 2754 a
2265 2701 2396 2774 Deo,
2435 2713 2529 2756 aut
2560 2703 2724 2766 etiam
2760 2703 3036 2758 diabolum
3073 2707 3272 2776 ipsum,
3303 2720 3492 2778 utpote

1896 2791 2214 2859 perdentem
2238 2793 2358 2845 illos
2396 2794 2488 2863 qui
2521 2794 2570 2848 ei
2600 2794 2883 2850 obediunt.
2912 2796 3083 2850 Periit
3104 2808 3283 2852 autem
3316 2798 3486 2856 Jutlas

1896 2894 2214 2953 spontanee,
2288 2899 2512 2956 pr0pter
2571 2887 2865 2941 voluntatis
2925 2889 3264 2957 pravitatem.
3328 2895 3492 2961 Atqui

1896 2977 2056 3029 etiam
2075 2977 2164 3030 alii
2186 2977 2252 3031 de
2273 2979 2613 3047 septuaginta
2642 2979 2944 3047 perierunt,
2983 2996 3167 3036 verum
3192 2999 3299 3038 non
3331 2994 3488 3052 tunc,

1897 3080 2022 3118 nam
2060 3067 2206 3119 solus
2231 3067 2478 3135 proditor
2519 3077 2647 3120 tunc
2690 3068 2850 3137 periit

1974 3249 2126 3304 Vers.
2191 3251 2275 3304 l2.
2332 3253 2394 3306 Ut
2455 3250 2735 3320 Scriptura
2787 3253 3490 3322 compleretur..Davidica,

1901 3355 2020 3406 qua:
2050 3339 2366 3406 frequenter
2398 3341 2466 3395 de
2493 3342 2612 3410 ejus
2635 3345 2939 3412 perditione
2974 3345 3232 3415 loquitur,
3257 3357 3314 3402 et
3352 3365 3492 3418 pra:-

1903 3421 2063 3500 cipue
2099 3432 2306 3500 psalmo
2337 3435 2636 3487 centesimo
2667 3435 2992 3490 octavo..Et
3021 3436 3111 3490 hic
3149 3453 3279 3505 ergo
3331 3440 3496 3495 dictio

1905 3532 1986 3585 ut,
2027 3536 2137 3575 non
2202 3532 2284 3576 est
2329 3539 2507 3578 causa:
2555 3524 2936 3594 signiﬁcativa,
2992 3529 3087 3583 sed
3147 3532 3286 3596 ejus,
3346 3533 3492 3599 quod

1907 3621 2140 3672 omnino.
2190 3618 2432 3672 futurum
2484 3629 2620 3684 erat,
2664 3629 2792 3689 puta
2843 3621 2984 3689 quod
3040 3620 3316 3690 Scriptura
3349 3639 3498 3679 com-

1907 3709 2168 3778 pleretur.

1979 3802 2135 3856 Vers.
2173 3803 2255 3858 l3.
2287 3804 2683 3862 Nune-tento.
2719 3808 2952 3862 Rursum
2989 3811 3184 3879 repetit
3209 3813 3308 3881 (Ιι),
3333 3811 3416 3866 Ad
3451 3825 3497 3868 te

1908 3896 2079 3960 renio,
2115 3899 2253 3954 sient
2281 3902 2403 3958 (ειμι
2437 3901 2542 3953 Deo
2575 3903 2731 3963 exivi,
2760 3902 2877 3954 hac
2915 3900 3355 3970 frequentissime
3392 3905 3497 3960 iliis

1910 3991 2262 4055 conﬁrmans,
2300 3992 2460 4045 simul
2494 3992 2675 4044 etiam
2699 3992 3136 4047 consolationem
3193 3993 3322 4050 binc
3375 4010 3486 4050 non

1913 4081 2186 4150 vulgarem
2223 4082 2489 4136 tribuens.

1989 4263 2270 4317 Vers.15.
2308 4264 2374 4316 Et
2419 4293 2486 4302 —
2549 4265 2859 4333 semetipsis.
2916 4268 3041 4321 Haec
3096 4268 3313 4337 loquor,
3367 4284 3492 4324 cum

1917 4354 2094 4408 adhuc
2126 4355 2180 4407 in
2225 4355 2430 4407 mundo
2461 4369 2616 4418 sum;
2655 4355 2793 4416 haec,
2827 4357 3114 4424 quaenam?
3145 4352 3224 4410 Ad
3257 4370 3304 4411 te
3329 4361 3497 4425 venio,

1921 4453 1995 4506 et,
2040 4447 2205 4500 Serva
2238 4462 2343 4502 eos.
2377 4445 2500 4499 ch
2527 4461 2678 4516 ergo,
2709 4446 2905 4515 inquit,
2935 4447 3149 4517 loquor,
3184 4457 3243 4502 ut
3267 4450 3498 4520 habeant

223 4546 388 4614 ἔχωσι
413 4542 510 4614 τὴν
540 4544 716 4613 χαρὰν
741 4543 841 4614 τὴν
874 4544 1004 4613 περὶ
1026 4542 1162 4614 ἐμοῦ
1192 4543 1432 4612 ὁλοτελῆ,
1462 4543 1795 4613 πληροφορη

1917 4539 2168 4607 gaudium
2194 4537 2261 4590 de
2299 4553 2420 4589 me:
2459 4536 2698 4605 perfecte
2731 4539 2996 4593 certiores
3032 4538 3214 4594 elfecti
3245 4540 3391 4609 quod
3413 4555 3498 4595 me

225 4637 409 4698 θέντες
438 4635 520 4687 ὅτι
548 4637 642 4688 καὶ
678 4634 778 4703 ἐμὲ
800 4634 859 4687 ού
894 4634 1112 4702 καθέξει
1141 4637 1167 4688 6
1204 4634 1358 4705 ᾅδης,
1402 4633 1496 4687 καί
1533 4652 1591 4686 σε
1625 4635 1805 4699 ἕξουσι

229 4726 442 4795 βοηθὸν.
485 4727 547 4778 Εἰ
574 4726 685 4796 γὰρ
717 4727 814 4780 xui.
843 4726 1150 4790 ἐπίστευον,
1188 4725 1351 4788 ἀλλὰ,
1402 4729 1568 4795 μήπω
1592 4743 1801 4794 καταρι-

227 4820 524 4882 τισθὲντες,
573 4817 934 4886 ἐκυμαίνοντο
983 4819 1092 4880 τοῖς
1132 4816 1420 4887 λογισμοῖς
1463 4817 1653 4883 πάλιν,
1708 4819 1805 4870 καὶ

229 4911 459 4979 ἠρεμεῖν
491 4909 592 4962 οὐκ
627 4909 916 4979 ἠδύναντο.

304 5000 402 5073 [Ἢ
423 5001 554 5072 (95),
574 5000 758 5055 Ταῦτα
769 4999 933 5064 λαλῶ,
961 5000 1028 5053 τὰ
1054 4999 1283 5054 ταπεινὰ
1305 4999 1398 5052 καὶ
1424 4999 1815 5070 ἀνθρωποπρε-

232 5093 331 5162 πῆ,
372 5095 477 5158 ἵνα,
515 5091 943 5161 ἀναπαυομένης
975 5091 1074 5162 τῆς
1106 5088 1367 5153 ἀσθενοῦς
1391 5090 1527 5152 τέως
1561 5089 1801 5152 διανοίας

338 5277 380 5308 ⁸⁵
412 5275 565 5330 Joan.
592 5289 702 5340 xvi,
729 5274 821 5331 22.

1919 4644 2027 4682 non
2057 4628 2314 4682 retinebit
2350 4629 2619 4691 infernus,
2658 4636 2711 4683 et
2745 4637 2797 4682 te
2829 4629 3112 4683 habebunt
3163 4631 3492 4698 adjutorem.

1918 4720 2238 4790 Quanquam
2272 4722 2416 4775 enim
2448 4722 2769 4786 credebant,
2810 4722 3054 4776 nondum
3098 4732 3275 4775 tamen
3312 4733 3497 4777 mente

1919 4813 2228 4883 compositi,
2265 4812 2687 4884 cogitationibus
2723 4813 2900 4866 adhuc
2963 4812 3323 4876 ﬂuctuabant,
3395 4827 3498 4866 nec

1920 4905 2208 4974 quiescere
2240 4913 2514 4972 poterant.

1992 4996 2114 5062 Vel,
2153 4996 2279 5050 Haec
2305 4997 2500 5065 loquor
2530 4996 2756 5051 humilia
2780 5012 2844 5052 ac
2905 5011 3055 5052 more
3111 4996 3351 5048 bumano
3417 5002 3498 5058 ut,

1921 5096 2173 5144 cessante
2203 5087 2260 5159 (ἱ)
2294 5087 2509 5142 interim
2544 5087 2863 5145 inﬁrmitate
2898 5087 3099 5144 mentis
3139 5100 3355 5149 eorum,
3406 5084 3496 5138 ab.

1423 5390 1617 5453 Varia)
1661 5391 1968 5454 lectiones
2013 5397 2074 5452 et
2118 5397 2303 5452 notua.

311 5540 418 5606 (95)
440 5539 654 5592 Inclusa
686 5537 886 5591 absunt
921 5540 985 5592 A.

311 5541 398 5606 (95
440 5540 654 5592 Inclusa
686 5540 886 5591 absunt
921 5540 985 5592 A.

311 5540 421 5681 uni
461 5610 674 5664 Inclusa
716 5609 917 5663 absunt
960 5610 1024 5662 A.

313 5769 622 5842 (Itiflepetit,
655 5783 762 5823 non
783 5779 867 5823 est
897 5771 962 5842 in
982 5768 1190 5823 Graeco.

317 5837 380 5912 (ἡ)
415 5837 753 5905 υιεεδδειηιρ,
782 5849 887 5894 etc.
924 5838 988 5892 Ut
1046 5840 1428 5909 acquiescente
1471 5837 1684 5892 inﬁrma
1740 5841 1834 5894 ad.

1999 5538 2112 5609 (95)
2133 5537 2344 5593 inclusa
2385 5537 2583 5592 absunt
2604 5537 2668 5589 Α.

1937 5769 2048 5823 huc
2068 5779 2251 5822 mente
2301 5783 2514 5832 eorum,
2550 5767 2711 5837 plene
2737 5763 3027 5835 (perfecte)
3080 5762 3373 5836 gaudeant,
3419 5779 3501 5817 me

1941 5855 2051 5894 non
2078 5839 2352 5894 contrario
2378 5849 2675 5908 apparenle
2711 5837 2838 5891 Deo.
