3976 6482
523 358 659 424 1447

1740 352 2086 414 ΕΠΤΗΥΜΙ
2100 355 2124 412 ι
2172 351 2535 417 ZIGABENI

3624 352 3754 421 ίιιε

517 471 694 527 solute
718 467 1013 539 gaudeant,
1047 479 1118 521 ne
1147 477 1234 520 me
1262 461 1375 519 Deo
1403 461 1736 519 contrarium
1766 476 1890 518 esse
1920 462 2089 532 suspi-

2202 462 2402 528 αὐτῶν,
2458 463 2727 535 χαίρωσιν
2778 463 3037 532 inclite,
3072 463 3150 529 ὡς
3202 461 3280 536 μὴ
3319 462 3606 532 δοκοῦντός
3654 487 3754 539 μου

515 570 741 707 emitr:
794 648 880 702 i4.
941 646 1057 717 Ego
1083 676 1152 687 —
1176 647 1393 700 mundo.
1423 644 1645 699 Tradidi
1668 643 1751 699 eis
1782 657 2095 698 sermonem

514 752 670 795 tuum
694 739 1098 808 evangelicum,
1148 747 1205 792 et
1268 739 1397 792 mali
1424 737 1657 792 oderunt
1720 750 1835 801 eos,
1890 743 1951 790 ut
2001 736 2095 806 qui

514 846 621 885 non
650 832 763 885 sint
815 844 883 884 ex
924 829 1077 900 ipsis,
1132 839 1394 899 quautum
1461 828 1530 883 ad
1583 828 1956 881 innocentiam
2002 834 2097 880 aut

513 921 942 991 simplicitatem.
972 918 1107 975 Nam
1144 922 1273 975 etin
1338 916 1781 988 praecedentibus
1829 916 1968 972 dixit
2024 917 2094 971 ad

511 1027 649 1068 eos:
683 1012 742 1066 Si
793 1014 857 1066 de
910 1013 1108 1065 mundo
1162 1010 1412 1081 fuissetis,
1466 1008 1692 1061 mundus
1741 1005 1888 1076 quod
1938 1021 2094 1059 suum

508 1113 660 1168 esset,
700 1105 1030 1174 diligeret".
1058 1100 1213 1168 Nam,
1268 1102 1547 1165 mundum,
1577 1109 1633 1155 et
1667 1101 1740 1155 ihi
1778 1109 1832 1154 et
1858 1099 1950 1153 hic
1997 1112 2094 1152 vo-

508 1204 598 1248 cat
625 1193 820 1258 malos,
861 1203 1084 1263 propter
1106 1191 1297 1245 mundi
1339 1204 1406 1245 ac
1433 1189 1779 1258 voluptatum
1821 1201 2089 1241 amorem.

507 1284 692 1354 Itaque
710 1300 833 1339 cum
860 1291 1080 1354 propter
1109 1297 1426 1339 sermonem
1450 1290 1603 1335 tuum
1626 1280 1751 1335 odio
1765 1280 2089 1342 habeantur,

507 1377 725 1431 custodi
758 1377 902 1432 illos.

576 1467 732 1522 Vera.
772 1466 861 1522 15.
894 1466 1019 1521 Non
1048 1466 1303 1520 --malo.
1346 1464 1659 1521 Orationem
1715 1474 1941 1536 promer
1994 1479 2092 1519 eos

503 1560 781 1627 explanat,
852 1566 914 1612 ut
945 1556 1325 1612 conﬁdentiori
1356 1558 1525 1627 magis
1544 1556 1868 1618 sintanimo,
1903 1564 2092 1625 utpote

505 1664 616 1703 non
645 1647 830 1703 statim
860 1648 1135 1711 morituri,
1189 1647 1510 1717 priusquam
1550 1646 1992 1716 pradicaveriut,
2035 1654 2091 1699 et

502 1744 659 1813 quasi
696 1741 868 1797 Patris
896 1741 1146 1796 custodia
1175 1739 1423 1797 fruituri.
1457 1739 1526 1795 Et
1546 1742 1635 1796 hic
1661 1741 1845 1812 ὲρατῶ
1868 1740 2083 1812 signiti—

502 1847 585 1888 cat
612 1834 869 1889 obsecro.

573 1926 730 1981 Vers.
764 1926 847 1981 l6.
890 1925 965 1980 De
990 1952 1063 1966 -
1084 1936 1229 1981 sunt.
1261 1925 1405 1982 Idem
1437 1925 1619 1982 adhuc
1658 1926 1725 1998 (j)
1765 1926 2093 1997 frequenter

500 2016 653 2083 dicit,
685 2016 800 2071 sive
832 2018 941 2071 ulla
981 2017 1367 2072 immutatione
1427 2016 1580 2088 prius
1612 2016 1721 2071 illis
1767 2018 2088 2084 testiﬁcans,

502 2121 570 2160 ne
605 2109 921 2169 turbentur,
962 2106 1009 2160 si
1044 2105 1174 2160 odio
1204 2106 1535 2170 habeantur,
1582 2103 1821 2159 scientes
1858 2105 2089 2158 omnino

501 2201 834 2255 contrariam
896 2215 1021 2255 esse
1102 2200 1295 2254 virtuti
1370 2198 1656 2253 malitiam.
1718 2196 1896 2251 Simul
1952 2212 2093 2266 quo-

500 2309 608 2363 que
635 2293 819 2347 laudat
843 2308 937 2347 eos
959 2293 1105 2362 apud
1143 2290 1384 2354 Patrem,
1422 2291 1592 2345 etiam
1632 2290 1759 2344 hinc
1792 2291 2091 2344 ostendens

502 2388 610 2439 illis
638 2384 992 2438 dilectionem
1036 2398 1193 2438 suam
1214 2397 1341 2454 erga
1374 2384 1543 2452 ipsos.
1576 2380 1717 2435 Dicit
1740 2397 1870 2452 ergo
1923 2380 2091 2436 coele-

501 2489 613 2533 stcs
639 2492 734 2531 eos
766 2491 887 2531 esse
917 2476 1090 2541 cives.
1121 2490 1229 2529 non
1268 2474 1566 2539 mundana,
1605 2476 1703 2530 sed
1732 2476 1982 2532 caelestia
2004 2491 2091 2530 sa-

502 2570 746 2639 pientes.

577 2659 729 2714 Vers.
786 2657 873 2713 l6.
932 2656 1082 2711 Sicut
1144 2685 1213 2698 --
1280 2672 1421 2711 sunt.
1496 2654 1680 2711 Etiam
1772 2657 2092 2713 consolatur

502 2769 599 2808 eos
658 2750 1022 2806 similitudine
1072 2748 1144 2804 ad
1204 2748 1471 2821 seipsum,
1529 2758 1584 2805 et
1622 2750 1691 2805 ad
1743 2749 2089 2805 tolerantiam

500 2843 726 2899 excitat.

575 2937 735 2992 Vers.
807 2936 895 2990 I7.
982 2933 1271 3004 Sanctiﬁca
1306 2965 1373 2975 —
1413 2943 1584 2989 tuam.
1636 2932 1871 2988 Sanctos
1924 2932 2089 2987 facito

501 3029 651 3098 ipsos
672 3043 769 3097 per
819 3025 1090 3098 Spiritum
1142 3026 1575 3090 sanctissimum,
1639 3040 1738 3095 per
1797 3025 2088 3079 veritatem

500 3118 877 3189 dogmatum:
974 3130 1102 3169 nam
1190 3131 1318 3170 vera
1400 3116 1655 3187 dogmata
1743 3113 2089 3168 sanctiﬁcant

504 3210 806 3260 hominem.
868 3206 1081 3261 Deinde
1129 3204 1465 3271 manifestat,
1521 3204 1657 3273 quid
1730 3204 1894 3270 dicat,
1950 3201 2088 3257 Veri-

502 3306 695 3351 tatem.

576 3390 729 3445 Vers.
763 3390 851 3445 I7.
888 3388 1161 3446 Sermo—
1187 3398 1287 3444 est.
1344 3390 1539 3445 Sermo
1583 3400 1901 3461 nogmatum
1933 3397 2087 3457 tuus,

501 3485 619 3539 sive
650 3499 681 3537 a
710 3494 762 3539 te
800 3500 899 3555 per
929 3484 1195 3554 Spiritum
1222 3494 1474 3539 sanctum
1511 3483 1621 3539 illis
1671 3483 1910 3539 infusus.
1950 3482 2086 3538 Nam

501 3576 759 3646 superius
788 3576 929 3631 dixit
958 3576 1191 3648 Spiritus
1226 3576 1460 3631 veritatis
1490 3575 1643 3630 ducet
1667 3591 1755 3629 vos
1784 3576 1838 3629 in
1879 3591 2087 3633 omnem

503 3670 775 3724 veritatem
809 3668 880 3723 “.

570 3854 745 3909 Aliter
774 3867 995 3923 quoque
1018 3851 1307 3925 intelligite
1346 3872 1359 3906 :
1396 3851 1689 3921 Sanctiﬁca
1716 3868 1803 3907 eos
1829 3866 1923 3921 per
1952 3854 2090 3907 veri-

503 3957 665 4001 tatem
720 3955 890 4011 tuam,
926 3947 1033 4002 hoc
1094 3956 1199 4012 est,
1258 3944 1493 4017 Segrega
1552 3960 1646 4000 eos
1700 3961 1800 4015 per
1847 3944 2094 4017 Evange-

503 4041 637 4095 lium
659 4048 809 4093 tuum
840 4056 857 4109 ;
901 4038 1085 4096 Sermo
1115 4055 1342 4110 namque
1368 4049 1511 4103 tuus,
1544 4045 1677 4108 puta
1716 4031 2089 4110 evangelicus,

502 4130 697 4183 veritas
725 4139 823 4183 est.

574 4222 751 4278 Patris
773 4233 957 4277 autem
986 4220 1063 4278 ait
1089 4237 1212 4279 esse
1241 4237 1576 4287 sermonem,
1634 4223 1776 4277 sicut
1818 4221 1985 4277 etiam
2033 4222 2091 4277 in

2203 551 2500 625 ἁντιθέου].

2287 647 2430 715 Ἐγὼ
2462 677 2530 688 --
2559 648 2815 718 κόσμου.
2852 649 3077 705 Δὲδωκα
3124 652 3309 718 αὐτοῖς
3338 653 3431 709 τδν
3468 653 3625 721 λόγον
3669 669 3761 706 σου

2201 737 2294 791 τὸν
2336 738 2716 805 εὐαγγελικὸν,
2766 741 2863 794 καὶ
2906 741 2957 794 οἱ
3001 744 3229 813 πονηροὶ
3262 746 3530 816 ἐμίσησαν
3571 744 3764 805 αὐτοὺς

2199 828 2277 892 ὡς
2305 830 2381 899 μὴ
2423 822 2588 893 ὖνταξ
2635 830 2695 898 ἐξ
2747 831 2931 885 αὐτῶν
2976 835 3102 888 ὅσον
3148 836 3241 889 ἐπὶ
3274 839 3339 909 τῇ
3389 838 3619 908 ἀκακία.
3657 839 3764 890 Καὶ

2205 919 2497 988 προλαϐὼν
2544 921 2655 992 γὰρ
2707 918 2829 975 εἶπε
2878 924 3015 995 πρὸς
3070 927 3264 991 αὐτοὺς
3304 931 3385 982 ὅτι
3430 931 3495 983 ει
3538 930 3607 983 ὲκ
3659 928 3764 983 τοῦ

2201 1013 2436 1081 κόσμου
2457 1008 2584 1083 ἦτε,
2610 1016 2644 1067 ό
2668 1014 2899 1083 κόσμος
2916 1013 2996 1071 ἂν
3021 1014 3088 1069 τὸ
3112 1016 3269 1072 lator-
3289 1019 3501 1087 ἐφίλει.
3527 1022 3767 1088 Κόσμον

2201 1103 2312 1172 γὰρ
2343 1107 2439 1155 καὶ
2472 1105 2594 1157 ἐκεῖ
2628 1106 2724 1158 καὶ
2755 1104 2994 1160 ενταῦθα
3028 1107 3153 1169 τοὺς
3192 1110 3459 1179 πονηροὺς
3496 1108 3653 1162 καλεῖ
3681 1108 3766 1160 διὰ

2198 1191 2260 1244 τὸ
2287 1193 2623 1264 φιλόκοσμον
2658 1195 2757 1249 καὶ
2806 1195 3115 1266 φιλήδονον.
3161 1200 3269 1252 Καὶ
3319 1200 3528 1260 λοιπὸν,
3576 1199 3649 1264 ὡς
3679 1200 3767 1251 διὰ

2198 1283 2291 1339 τὸν
2324 1286 2485 1355 λόγον
2519 1304 2616 1340 σου
2645 1289 3003 1361 μισηθέντας,
3050 1290 3377 1361 διαφύλαξον
3406 1291 3623 1356 αὐτούς.

2273 1475 2397 1530 οὐκ
2413 1504 2484 1515 -
2506 1474 2799 1544 πονηροῦ.
2827 1476 3125 1546 Σαφηνίζει
3144 1476 3247 1549 τὴν
3272 1477 3435 1549 εὐχὴν
3459 1477 3527 1531 δι’
3549 1479 3766 1542 αὐτοὺς,

2156 1559 2167 1571 ’
2202 1565 2290 1619 ἵνα
2327 1567 2651 1639 θαρῤήσωσι
2678 1567 2903 1637 μᾶλλον,
2935 1567 3013 1632 ὡς
3040 1570 3143 1622 οὐκ
3164 1570 3364 1623 αὐτίκα
3383 1570 3765 1641 τεθνηξόμενοι

2200 1660 2308 1731 πρὸ
2334 1660 2429 1714 τοῦ
2472 1659 2738 1732 κηρύξαι,
2773 1660 2912 1716 ἀλλὰ
2960 1664 3052 1716 καὶ
3093 1662 3193 1731 τῆς
3226 1665 3377 1733 παρὰ
3415 1662 3506 1716 τοῦ
3551 1664 3768 1733 Πατρός

2200 1751 2453 1822 φυλακῆς
2508 1750 2933 1814 ἀπολαύσοντες.
2986 1750 3282 1806 Κάνταῦθα
3330 1752 3386 1806 δὲ
3419 1753 3453 1823 ἠ
3497 1752 3766 1823 ἐρώτησις

2122 1823 2169 1880 Β
2193 1842 2293 1914 τὴν
2322 1843 2679 1913 παράκλησιν
2713 1843 2994 1913 σημαίνει.

2279 1933 2385 1989 Ἐκ
2413 1967 2481 1979 -
2504 1939 2645 1991 εισι.
2666 1934 2917 2005 Συνεχῶς
2948 1937 3041 1988 καὶ
3073 1934 3230 1988 τοῦτο
3270 1933 3444 2003 λέγει,
3471 1947 3762 2002 προσμαρο

2194 2025 2377 2095 τυρῶν
2404 2025 2592 2089 αὐτοῖς
2634 2026 2697 2078 τὸ
2732 2025 3031 2094 ἁπόνηρον,
3080 2024 3166 2076 ἵνα
3199 2020 3569 2094 βεδαιωθῶσιν
3596 2023 3672 2084 εἰς
3704 2023 3766 2071 τῦ

2200 2120 2275 2191 μὴ
2309 2116 2660 2189 θορυϐεῖσθαι
2697 2115 3044 2187 μισούμενοι,
3091 2116 3293 2177 ειδότες
3341 2116 3424 2167 ὃτι
3461 2113 3763 2167 ἀντίκειται

2193 2214 2263 2281 τῇ
2292 2210 2461 2281 ἀρετῇ
2509 2210 2727 2270 πάντως
2768 2210 2804 2279 ἡ
2841 2208 3033 2262 κακία.
3090 2207 3244 2276 ’Δμα
3289 2206 3348 2259 δὲ
3404 2206 3499 2258 καὶ
3554 2204 3766 2259 inanis!

2194 2303 2395 2365 αὐτοὺς
2423 2301 2574 2371 παρὰ
2603 2299 2683 2370 τῷ
2717 2299 2913 2368 “arpi,
2955 2295 3213 2353 δεικνύων
3258 2298 3439 2361 αὐτοῖς
3468 2294 3765 2349 κάντεῦθεν

2194 2394 2295 2467 τὴν
2327 2396 2408 2457 εἰς
2438 2394 2637 2457 αὐτοὺς
2682 2392 2906 2462 ἀγάπην
2948 2392 3141 2447 αὐτοῦ.
3173 2390 3343 2462 Φησὶν
3369 2384 3463 2448 οὖν
3489 2390 3571 2442 ὅτι
3604 2386 3770 2456 οὐρα-

2195 2486 2470 2539 νοποὶίται
2507 2484 2621 2555 (96)
2670 2485 2833 2551 εἰσιν,
2883 2485 2943 2538 οὐ
2977 2483 3217 2554 κοσμικὰ
3260 2479 3601 2554 φρονοῦντες,
3630 2478 3767 2533 ἀλλὰ

2193 2577 2445 2649 οὐράνια.

2265 2671 2471 2735 Καθὼς
2498 2698 2569 2711 -—
2604 2669 2745 2739 εἰμί.
2791 2669 2905 2721 Καὶ
2948 2669 3017 2739 τῇ
3058 2667 3194 2738 πρὸς
3244 2665 3434 2719 ἑαυτὸν
3481 2663 3762 2733 ὁμοιότητι

2200 2763 2515 2833 παρηγορεῖ
2547 2760 2797 2826 τούτουέ,
2834 2759 2930 2813 καὶ
2972 2758 3229 2829 διεγείρει
3271 2759 3407 2828 πρὸς
3460 2756 3761 2825 ὑπομονήν.

2278 2949 2555 3020 Ἃτίασον
2579 2979 2652 2990 -
2680 2965 2822 3003 σου.
2862 2946 3079 3016 ’Δγιους
3106 2945 3330 3013 ποίησον
3356 2944 3443 2998 διὰ
3472 2942 3564 2998 τοῦ
3586 2959 3764 2997 πανα-

2192 3042 2315 3111 γίου
2353 3040 2676 3109 Πνεύματος
2725 3041 2785 3092 ἐν
2833 3040 2901 3109 τῇ
2944 3037 3176 3108 ἀληθείᾳ
3208 3036 3317 3090 τῶν
3346 3035 3661 3104 δογμάτων·
3690 3033 3764 3087 τὰ

2117 3176 2161 3234 c
2196 3137 2306 3205 γὰρ
2334 3133 2512 3203 ἀληθῆ
2546 3132 2800 3202 δόγματα
2830 3131 3119 3199 ἁγιάξουσι
3166 3130 3259 3184 τὸν
3284 3128 3592 3200 ἄνθρωπον.
3626 3121 3764 3181 Εῐτα

2193 3228 2454 3299 διασαφεῖ
2476 3226 2530 3279 τι
2560 3224 2709 3293 λέγει
2752 3223 3085 3292 Ἀλήθειαν.

2279 3393 2524 3462 Ολότος
2549 3420 2620 3431 -
2644 3389 2839 3443 ἐστιν.
2896 3388 2955 3443 '0
2989 3386 3168 3455 λόγος,
3199 3387 3229 3440 ὁ
3257 3386 3367 3441 τῶν
3398 3386 3706 3457 δογμάτων,
3734 3388 3765 3438 ὁ

2195 3485 2309 3550 σὸς,
2340 3485 2510 3556 {now
2562 3486 2590 3536 ὁ
2626 3481 2783 3552 παρὰ
2830 3479 2925 3534 σοῦ
2957 3476 3060 3533 ’διὰ
3102 3478 3197 3533 τοῦ
3247 3480 3403 3547 ἁγίου
3449 3477 3763 3546 υνεύματος

2190 3576 2555 3649 ἑνηχούμενος
2590 3576 2799 3635 αὐτοῖς.
2855 3574 3060 3645 Εἰρηκε
3118 3576 3227 3643 γὰρ
3256 3573 3510 3641 ἀνωτέρω
3582 3571 3661 3623 ὅτι
3692 3570 3762 3622 Τὸ

2191 3668 2441 3736 Πνεῦμα
2477 3666 2588 3736 τῆς
2616 3667 2909 3735 ἀληθείας
2938 3666 3226 3737 ὁδηγήσει
3256 3662 3409 3734 ὑμᾶς
3438 3665 3524 3729 εις
3557 3662 3765 3717 πᾶσαν

2190 3759 2309 3829 τὴν
2332 3758 2645 3829 ἀλήθειαν.

2266 3852 2514 3925 [Neci-rat
2548 3851 2659 3923 (97)
2681 3851 2739 3905 δὲ
2771 3851 2865 3906 καὶ
2903 3850 3106 3921 ἑτέρως
3144 3849 3203 3901 sb
3244 3846 3513 3918 Ἇγίασον
3541 3846 3761 3910 αὐτοὺς

2191 3946 2265 3999 ἐν
2288 3943 2365 4014 τῇ
2397 3945 2654 4011 ἀληθείᾳ
2678 3961 2820 4009 σου,
2858 3944 2980 3998 ἀντὶ
3017 3941 3136 4007 τοῦ,
3167 3941 3454 4012 ’Δφὸρισον
3480 3940 3675 4003 αὐτοὺς
3704 3943 3762 3992 ὲν

2193 4034 2273 4106 τῷ
2314 4033 2636 4104 Εὐαγγελίῳ
2680 4049 2797 4087 σου.
2857 4033 2911 4086 Ὀ
2946 4034 3132 4102 λόγος
3159 4033 3269 4101 γὰρ
3302 4033 3334 4085 ὀ
3362 4030 3497 4098 σὸς,
3525 4030 3702 4083 εἴτουν
3732 4032 3763 4081 ὁ

2194 4126 2575 4195 εὐαγγελικὸς,
2599 4125 2857 4195 ἁλήθειὰ
2878 4125 3035 4180 ἐστι.

2267 4218 2375 4271 Τοῦ
2418 4218 2631 4289 [ἰατρὸς
2666 4217 2724 4270 δὲ
2775 4218 2867 4271 τὸν
2896 4218 3055 4286 λόγον
3078 4211 3218 4270 εἶναι
3250 4232 3413 4286 φησι,
3456 4212 3634 4276 καθὼς
3667 4214 3761 4265 καὶ

505 4316 945 4385 praecedentibus
1023 4315 1201 4370 dixit:
1264 4316 1380 4386 Ego
1419 4331 1485 4369 ea:
1536 4317 1730 4384 meipso
1802 4331 1904 4369 non
1974 4331 2089 4369 sum

2202 4310 2485 4384 προλαϐὼν
2515 4308 2668 4363 εἶπεν
2689 4312 2771 4364 ὅτι
2796 4310 2945 4381 Ἐγὼ
2964 4310 3033 4375 ἐξ
3058 4307 3317 4380 ἐμαυτοῦ
3336 4309 3445 4361 οὐκ
3463 4307 3759 4371 ἐλάλησα,

504 4408 734 4472 locutus,
755 4408 844 4460 sed
869 4406 1052 4471 Pater,
1072 4409 1161 4478 qui
1186 4408 1325 4460 misit
1354 4423 1458 4469 me,
1482 4408 1592 4475 ipse
1612 4408 1740 4461 mihi
1772 4417 2089 4479 praceptqu

2202 4405 2335 4460 ἀλλ’
2381 4409 2413 4459 ό
2455 4404 2699 4475 πέμψας
2746 4422 2824 4475 με
2874 4403 3099 4472 Πατὴρ,
3140 4402 3323 4469 αὑτός
3361 4419 3463 4471 μοι
3507 4397 3761 4465 ἐντολὴν

502 4499 642 4551 dedit
684 4500 811 4567 quid
846 4499 1019 4551 dicam
1053 4509 1102 4551 et
1127 4498 1253 4569 quid
1275 4497 1463 4568 loquar
1480 4497 1544 4551 ".

2202 4497 2406 4561 ἔδωκε,
2441 4499 2497 4551 τι
2519 4498 2667 4551 εἴπω
2696 4498 2797 4551 καὶ
2829 4499 2887 4551 τι
2926 4494 3224 4565 λαλήσωῘ.

577 4560 733 4645 Vers.
766 4591 848 4645 18.
878 4588 1026 4643 Sicut
1051 4560 1435 4643 —'muudnm.
1487 4588 1645 4646 Sicut
1694 4601 1753 4645 tu
1794 4590 2082 4645 hominum

2266 4560 2470 4653 Καθὼς
2502 4622 2570 4631 —-
2604 4593 2861 4661 κόσμον.
2895 4560 3094 4653 liceo;
3131 4560 3218 4656 σύ,
3254 4587 3422 4641 θέλων
3457 4588 3553 4657 τὴν
3587 4603 3750 4655 σωτη-

508 4682 736 4752 cnpiens
783 4683 1042 4747 salutem,
1106 4698 1196 4737 me
1239 4682 1485 4737 misisti:
1548 4684 1622 4737 ita
1685 4695 1741 4739 et
1766 4699 1867 4755 ego
1937 4686 2085 4738 illam

2202 4684 2320 4751 ρεαν
2352 4683 2459 4735 τῶν
2495 4681 2819 4753 ἀνθρώπων,
2861 4684 2965 4751 ἐμὲ
3023 4680 3385 4744 ἀπέστειλαςυ
3429 4678 3570 4731 οὕτω
3610 4679 3760 4744 κάγὼ

506 4777 758 4844 cupiens,
794 4776 916 4827 misi
948 4789 1065 4831 eos.
1104 4773 1197 4829 Vel
1233 4776 1376 4830 sicut
1408 4783 1491 4840 tu,
1549 4776 1645 4846 qui
1711 4775 1874 4831 Pater
1932 4792 2089 4831 meus

2202 4772 2364 4827 θέλων
2396 4775 2569 4844 αὐτὴν
2592 4775 2893 4829 ἀπέστειλα
2918 4773 3116 4837 αὐτούς
3141 4788 3156 4805 ⁶
3184 4773 3219 4843 ἢ
3248 4771 3431 4835 καθὼς
3462 4773 3549 4833 σὺ,
3580 4771 3758 4839 Πατήρ

508 4882 587 4933 cs,
627 4868 819 4921 misisti
847 4881 954 4934 me,
989 4868 1063 4921 ita
1090 4878 1145 4923 et
1178 4882 1301 4939 ego,
1338 4869 1432 4939 qui
1485 4868 1646 4923 Pater
1692 4885 1886 4924 eorum
1936 4885 2084 4935 sum,

2202 4882 2302 4936 μου
2344 4864 2442 4934 ὢν,
2478 4867 2579 4937 ἐμὲ
2610 4869 2943 4933 ἀπέστειλας
2966 4885 2980 4898 ·
3013 4868 3155 4921 οὕτω
3182 4865 3338 4935 κάγὼ
3370 4864 3559 4935 Πατὴρ
3584 4862 3757 4917 αὐτῶν

651 5050 697 5081 ⁸⁸
746 5048 1003 5117 Joan.xv,
1034 5050 1123 5106 I9.

1237 5048 1285 5081 “
1305 5047 1464 5106 Joan.
1488 5064 1600 5117 xu,
1636 5050 1727 5106 i3.
1872 5050 1916 5082 ι’
1938 5048 2101 5106 Joan.
2142 5065 2244 5116 ιιι,
2273 5051 2364 5107 49.

1727 5212 1924 5275 Variae
1950 5212 2260 5277 lectiones
2295 5217 2355 5273 et
2387 5219 2580 5275 notua.

586 5384 697 5455 (96)
721 5385 1008 5455 Chrysost.
1034 5391 1075 5438 t.
1103 5382 1244 5449 VIII,

510 5456 756 5525 οὖρανῶν
789 5454 1043 5523 γεγόνασι
1074 5454 1309 5509 πολῖται.
1350 5456 1490 5507 Ilittc
1550 5455 1626 5508 illi
1676 5454 2090 5524 οὐρανοπολίται

512 5531 654 5594 apud
681 5526 988 5597 Thcophyl.
1018 5542 1071 5596 p.
1091 5527 1213 5581 801.
1248 5527 1338 5579 lin.
1366 5526 1509 5595 apud
1534 5528 1795 5580 Ammon.
1822 5525 2086 5580 inCatcu.

1301 5400 1355 5455 p.
1384 5383 1510 5439 483.
1566 5384 1623 5437 Π.
1656 5384 1912 5439 dixerat:
1952 5381 2091 5455 iTth
2201 5381 2663 5455 Corder,p._4l5.

2285 5452 2397 5521 (97)
2433 5453 2647 5507 Inclusa
2677 5451 2881 5507 absunt
2905 5450 2970 5507 Α.
3006 5450 3311 5507 IIentenius
3344 5466 3442 5522 pcr
3488 5450 3758 5506 confusio-

2199 5538 2326 5580 nem
2360 5522 2630 5578 vecalium
2656 5524 2872 5578 videtur
2889 5524 3085 5593 legisse
3106 5525 3298 5576 νοεῖτε.

2192 5682 2391 5753 legisse
2462 5682 2885 5754 προμαρτυρὼ.
2970 5681 3111 5749 Quid
3199 5695 3329 5735 vero
3383 5680 3499 5734 Ioco
3568 5680 3752 5750 ἀκόνη.

584 5687 649 5754 (j)
689 5684 835 5739 Idem
859 5684 1052 5748 adhuc,
1085 5694 1191 5739 etc.
1219 5682 1492 5739 Continuo
1530 5684 1635 5739 hoc
1656 5698 1883 5754 quoque
1925 5684 2078 5748 dicit,

2197 5769 2287 5823 ρον
2310 5754 2523 5823 legerit,
2551 5758 2759 5824 ignoro.

514 5764 719 5810 testans
749 5771 845 5811 eos
869 5770 1035 5824 puros
1066 5770 1187 5808 esse
1222 5771 1251 5807 a
1284 5758 1507 5816 malum,
1552 5764 1611 5808 ut
1660 5762 2079 5816 contirmeutur.

514 5842 582 5881 ne
618 5827 925 5893 turbentur,
956 5825 1001 5881 si
1028 5828 1173 5881 odio.
1209 5826 1351 5881 Loco
1379 5827 1818 5896 προσμαρτυρῶν
1870 5826 2084 5880 videtur
