3976 6520
270 445 418 507 ηις)

1162 432 1554 494 COMMENT.
1598 431 1680 490 IN
1722 428 2100 491 JUANNEM.
2142 451 2215 466 -
2252 426 2410 486 CAP.
2446 427 2642 486 XVII.

3387 428 3522 494 1450

263 562 347 612 ὢν
399 551 692 608 ἀπέστειλα
743 546 958 607 αύτούς.
1024 543 1183 597 Ἀλλὰ
1230 547 1293 598 σὺ
1343 543 1442 614 μὲν
1488 543 1683 612 Πατήρ
1738 555 1840 611 μου

1957 537 2069 592 misi
2102 552 2218 592 eos.
2258 535 2366 591 Sed
2399 546 2456 592 tu
2503 536 2723 606 quidem
2782 544 2974 590 natura
3025 535 3186 590 Patcr
3231 553 3385 594 meus
3442 558 3522 604 es.

264 649 461 716 φύσει·
492 644 601 713 ἐγὼ
628 643 684 695 δὲ
725 638 923 707 Πατὴρ
955 635 1158 696 αὐτῶν,
1198 635 1274 697 ὡς
1304 635 1534 703 κτίστης
1568 635 1663 685 καὶ
1702 649 1835 702 προ-

262 739 465 809 νοητὴς
520 737 615 791 καὶ
658 730 995 791 διδάσκαλος.
1067 727 1156 788 Ὦς
1205 725 1430 794 γεγονὸς
1489 725 1547 777 δὲ
1593 725 1740 792 λέγει
1784 723 1845 776 τὸ

263 829 660 899 γενησόμενον,
692 824 779 875 διὰ
806 822 868 874 τὸ
898 820 999 891 ήδη
1048 817 1264 887 μέλλειν
1293 815 1615 869 ἀποστεῖλαι
1646 815 1844 876 αὐτοὺς

266 921 408 992 μετὰ
439 919 552 988 (98)
586 914 808 985 μικρόν.

335 1010 446 1062 Καὶ
481 1036 549 1048 —--
575 1007 857 1074 ἐμαυτόν.
903 1001 1044 1070 Ἐγὼ
1077 999 1348 1059 ἑκουσίοις
1388 995 1637 1062 θυσιάζω
1673 999 1847 1066 ἐμαυο

265 1102 385 1154 τόν.
441 1101 738 1166 Ἀγιασμδν
765 1097 873 1165 γὰρ
900 1093 1134 1148 ἐνταῦθα
1187 1094 1278 1146 τὸν
1330 1089 1633 1157 θυσιασμδν
1663 1089 1834 1159 λέγει.

266 1191 460 1257 Ἀγιον
495 1191 604 1256 γὰρ
633 1187 849 1249 λέγεται
901 1187 998 1238 καὶ
1037 1186 1077 1254 ὴη
1113 1183 1298 1249 θυσία,
1342 1181 1437 1235 καὶ
1490 1181 1604 1252 (99)
1663 1181 1835 1234 πολλὰ

265 1283 530 1352 σημαίνει
549 1281 609 1333 τὺ
631 1279 814 1348 ἅγιον.

341 1466 475 1518 Ἵνα
515 1492 581 1502 ——
612 1461 881 1527 ἀληθείᾳ.
922 1461 1038 1514 Ἰνα
1082 1462 1176 1514 καὶ
1211 1461 1363 1514 αὐτοὶ
1408 1456 1508 1514 ὦσι
1547 1462 1840 1531 τεθυμένοι

264 1558 326 1609 ὲν
360 1554 590 1624 ἀληθινῇ
625 1553 810 1625 θυσίᾳ.
867 1553 1077 1624 Ίί”γὰρ
1103 1552 1302 1623 νομικὴ
1363 1551 1526 1606 θυσία
1554 1554 1725 1615 τύπος
1754 1549 1844 1624 ἦν,

260 1650 366 1703 οὐκ
395 1649 641 1720 ἀλήθεια.
668 1649 785 1700 ἰνα
813 1647 871 1700 δὲ
900 1641 1004 1700 ὦσι
1025 1646 1338 1717 τεθυμένοι,
1367 1645 1443 1706 ὼς
1468 1646 1568 1715 τῆς
1602 1645 1850 1716 κεφαλῆς

263 1741 450 1802 αὐτῶν
501 1741 783 1810 τυθείσης.

341 1832 410 1886 'H
464 1832 538 1896 ὡς
583 1833 675 1885 καὶ
728 1831 885 1885 αὐτοὶ
936 1829 1212 1900 θυόμενοι.
1258 1830 1694 1899 Ἑλογίσθημεν
1716 1827 1845 1896 γὰρ,

1948 643 2049 699 ego
2074 643 2201 682 vero
2225 627 2387 683 Pater
2422 644 2635 692 eorum,
2665 638 2918 698 tanquam
2953 639 3169 684 creator
3200 640 3254 685 et
3279 633 3527 702 provisor

1948 735 2013 774 ac
2053 719 2334 790 magister.
2368 718 2527 784 Quod
2570 729 2754 773 autem
2813 719 3056 774 futurum
3103 731 3208 787 est,
3269 729 3525 793 tanquam

1948 813 2150 866 factum
2184 812 2338 878 dicit,
2367 827 2432 867 eo
2462 811 2607 881 quod
2658 811 2772 881 jam
2822 813 2986 883 paulo
3060 823 3182 884 post
3225 828 3371 872 esset
3433 833 3529 874 eos

1947 904 2239 958 missurus.

2023 993 2178 1049 Vers.
2209 997 2292 1050 19.
2317 994 2385 1048 Et
2421 1023 2490 1034 —
2535 994 2812 1064 meipsum.
2848 993 2960 1065 Ego
2985 993 3530 1055 voluntarieimmolo

1951 1090 2242 1159 meipsum.
2272 1089 2406 1143 Nam
2448 1089 2549 1144 hoc
2589 1091 2640 1143 in
2668 1090 2789 1144 loco
2811 1091 3090 1146 victimam
3143 1093 3274 1147 dicit
3322 1094 3530 1148 sancti--

1951 1177 2281 1232 ﬁcationem.
2315 1177 2575 1232 Sanctum
2636 1180 2781 1233 enim
2809 1181 3008 1234 dicitur
3037 1190 3092 1235 et
3144 1183 3261 1251 ipsa
3315 1181 3528 1237 hostia:

1951 1271 2121 1325 multa
2157 1287 2375 1341 quoque
2419 1272 2678 1326 dicuntur
2731 1283 2946 1337 sancta,
3008 1282 3267 1343 tanquam
3316 1275 3531 1346 signum

1952 1363 2281 1418 sanctitatis.

2025 1453 2178 1508 Vers.
2209 1455 2294 1508 l9.
2343 1455 2406 1510 Ut
2434 1483 2505 1494 -
2532 1454 2829 1510 veritatem.
2887 1455 2958 1511 Ut
2986 1463 3043 1509 et
3107 1456 3210 1524 ipsi
3269 1458 3531 1512 immolati

1952 1544 2061 1598 sint
2091 1561 2188 1611 per
2221 1561 2406 1600 veram
2435 1547 2668 1601 hostiam
2711 1564 2724 1600 :
2764 1547 2952 1618 legalis
2980 1548 3251 1618 siquidem
3303 1551 3525 1606 victima

1953 1635 2124 1703 ﬁgura
2149 1646 2285 1701 erat,
2325 1653 2435 1692 non
2470 1638 2693 1703 veritas,
2737 1649 2797 1693 ut
2834 1649 2889 1693 et
2913 1639 3015 1709 ipsi
3069 1640 3332 1696 immolati
3399 1643 3533 1707 sint,

1954 1727 2131 1794 capite
2155 1726 2410 1782 videlicet
2442 1727 2685 1796 ipsorum
2721 1727 3030 1783 immolato.

2029 1815 2126 1871 Vel
2161 1818 2353 1880 etiam,
2383 1826 2644 1887 tanquam
2691 1828 2747 1873 et
2785 1821 2888 1889 ipsi
2918 1820 3209 1878 immolati.
3236 1822 3421 1877 Habiti
3448 1841 3538 1877 su-

263 1925 454 1992 φησὶν,
487 1924 567 1988 ὡς
612 1924 876 1990 πρόϐατα
907 1919 1150 1990 σφαγῆς
1170 1937 1184 1951 ·
1236 1920 1328 1972 καί
1353 1936 1368 1950 ο
1409 1916 1849 1987 Παραστήσατε

1958 1925 2092 1973 mus,
2119 1910 2316 1979 inquit,
2339 1911 2472 1964 sicut
2499 1928 2613 1966 oves
2635 1913 2765 1967 credi
2793 1914 3058 1982 deputans
3073 1915 3148 1980 “;
3169 1923 3224 1970 et
3249 1913 3536 1971 :Exhibete

260 2018 338 2069 τὰ
379 2014 533 2084 μέλη
585 2013 662 2084 (1)
710 2011 899 2082 ὑμῶν,
959 2010 1184 2066 θυσίαν
1238 2008 1455 2069 ζῶσαν.
1515 2010 1675 2062 Ἔστι
1736 2007 1846 2076 γὰρ

271 2107 500 2160 θύεσθαι
579 2107 673 2160 καὶ
725 2105 848 2174 δίχα
900 2103 1137 2174 σφαγῆς.
1174 2103 1288 2157 Ἵνα
1316 2103 1372 2154 δὲ
1411 2102 1486 2173 μὴ
1515 2103 1714 2172 νομίσῃ
1761 2118 1846 2163 τις

263 2197 410 2266 ὑπὲρ
451 2196 558 2250 τῶν
606 2194 922 2250 ἀποστόλων
972 2195 1152 2266 μόνων
1198 2194 1367 2248 ταῦτα
1423 2193 1607 2260 λέγειν
1656 2192 1843 2261 αὑτὸν,

262 2292 456 2362 φησίν.

337 2383 420 2434 Οὐ
470 2411 540 2421 -
589 2372 761 2435 ὦσιν.
822 2378 976 2447 Ἅμα
1020 2378 1115 2431 καὶ
1145 2375 1590 2447 παρεμυθήσατο
1645 2375 1843 2437 αὐτοὺς

262 2473 451 2539 πάλιν,
497 2473 681 2536 δείξας
717 2473 801 2525 ὅτι
845 2471 934 2523 διὰ
976 2469 1071 2524 τοῦ
1129 2470 1490 2540 κηρύγματος
1521 2469 1703 2521 αὐτῶν
1751 2469 1844 2522 καὶ

260 2566 413 2621 ἄλλοι
446 2565 663 2619 ἔσονται
699 2562 964 2636 μαθηταί.

335 2748 542 2814 Καθὼς
585 2761 658 2788 ι-
702 2741 835 2800 ὧσι.
870 2742 1072 2805 Καθὼς
1127 2743 1191 2796 σὺ
1246 2743 1305 2796 ὲν
1350 2745 1416 2814 τῇ
1473 2743 1580 2812 ἔιμῇ
1632 2743 1840 2812 ἀγάπῃ,

259 2842 417 2910 κάγὼ
441 2847 498 2895 ὲν
525 2843 591 2909 τῇ
629 2841 715 2908 σῇ,
749 2839 836 2890 ἵνα
871 2838 964 2889 καὶ
993 2835 1144 2888 αὐτοὶ
1181 2837 1239 2887 ὲν
1291 2835 1445 2905 ἡμῖν,
1479 2835 1647 2906 ἤγουν
1687 2837 1745 2887 ὲν
1777 2837 1842 2904 τῇ

260 2935 344 2996 είς
391 2932 540 3002 ἡμᾶς
587 2932 796 2994 πίστει,
825 2927 883 2978 ἒν
930 2921 1086 2980 ὦσιν.
1148 2928 1341 2990 ὐντες
1396 2929 1506 2996 γὰρ
1556 2929 1614 2979 ὲν
1664 2928 1728 2996 τῇ
1765 2929 1845 2988 είς

258 3021 410 3089 ἡμᾶς
459 3019 641 3070 πίστει
693 3017 772 3083 ἓν,
825 3015 1040 3069 ἔσονται
1090 3015 1186 3068 καὶ
1237 3017 1294 3066 ὲν
1345 3019 1411 3086 τῇ
1439 3019 1520 3079 είς
1578 3015 1845 3086 ἀλλήλους

257 3114 451 3182 ἀγάπῃ
499 3111 578 3164 ἓν.
640 3108 883 3180 [Εἰρηκε
956 3107 1032 3178 (ὲ)
1102 3109 1210 3176 γὰρ
1254 3109 1337 3160 ὅτι
1419 3109 1474 3160 Ὀ
1529 3110 1687 3177 ἔχων
1737 3110 1845 3173 τὰς

258 3202 515 3266 ἐντολάς
575 3217 688 3266 μου
738 3199 834 3252 καί
887 3198 1081 3268 τηρῶν
1132 3200 1353 3265 αὐτὰς,
1385 3197 1622 3264 ἐκεῖνός
1673 3201 1844 3254 ἐστιν

259 3299 292 3349 ό
321 3292 567 3364 ἀγαπῶν
587 3308 662 3362 με
683 3308 694 3322 ·
739 3291 835 3343 καί
863 3305 878 3319 ·
902 3290 1059 3358 Αὕτη
1106 3289 1279 3343 ἐστίν
1305 3290 1344 3357 ἠ
1373 3291 1594 3359 ἐντολὴ
1629 3292 1666 3359 ἠ
1702 3292 1836 3362 ἐμὴ,

256 3365 372 3437 ἵνα¹
397 3382 667 3452 ἀγαπᾶτε
705 3381 1045 3450 ἀλλήλους.
1107 3381 1204 3433 Ἐκ
1241 3383 1340 3451 τῆς
1386 3382 1611 3450 ἀγάπης
1657 3384 1839 3435 τοίνυν

257 3478 352 3528 καὶ
389 3475 643 3544 ὁμονοίας
692 3472 1026 3544 ἀρξάμενος,
1080 3473 1162 3536 είς
1203 3471 1412 3542 ταύτην
1463 3477 1628 3528 πάλιν
1676 3478 1834 3529 κατέ-

258 3567 440 3619 κλεισε
476 3565 566 3617 τὸν
617 3564 792 3631 λόγον,
837 3562 1051 3624 δεικνὺς
1096 3562 1179 3616 ὅτι
1220 3562 1470 3633 θεοφιλὲς
1520 3566 1616 3618 καὶ
1682 3583 1838 3631 περι-

258 3657 597 3709 σπούδαστον
621 3657 652 3724 ἡ
676 3652 916 3724 drawn].

329 3752 452 3805 Ἵνα
482 3779 554 3790 —
581 3750 968 3813 ἀπέστειλας.
999 3775 1042 3787 -
1066 3748 1211 3814 Ἵνα,
1249 3749 1682 3812 πιστεύσαςτοίς
1700 3750 1839 3802 ἀπο·

259 3843 491 3907 στόλοις,
545 3839 848 3906 πιστεύσῃ
881 3837 971 3891 ὅτι
1005 3839 1088 3892 σύ
1126 3855 1204 3908 με
1245 3839 1634 3913 ἀπέστειλας.
1667 3840 1840 3893 Τοῦτο

257 3937 368 4007 γὰρ
400 3935 652 4006 μέλλουσι
687 3932 1003 4004 κηρύττειν.
1054 3931 1223 3985 Οὐδὲν
1250 3933 1360 4002 γὰρ
1412 3932 1584 3996 οὕτως
1616 3933 1840 4003 ἔμελλεν

257 4027 570 4098 ἐμποδίζειν
618 4023 696 4094 τῷ
757 4023 1077 4092 κηρύγματι
1120 4023 1194 4085 ὡς
1249 4024 1312 4075 τὸ
1357 4024 1658 4093 διεσχίσθαι
1711 4024 1838 4088 τοὺς

256 4115 529 4184 κήρυκας,
573 4115 638 4182 τῇ
669 4128 732 4163 τε
768 4111 1006 4180 διαφορᾷ
1032 4110 1134 4180 τῆς
1174 4111 1431 4179 πίστεως,
1469 4114 1563 4166 καὶ
1599 4115 1666 4183 τῇ
1701 4114 1839 4184 πρὸς

256 4205 519 4275 ἀλλήλους
562 4203 829 4272 ἀπεχθείᾳ
857 4240 873 4266 ,
923 4202 1141 4273 ἐπειδὴ,
1184 4205 1547 4274 μαχομένων,
1595 4205 1834 4273 ἐροῦσιν,

255 4297 358 4349 οὐκ
393 4292 669 4363 εἰρηνικοῦ
711 4289 850 4346 εἶναι
883 4291 1132 4362 μαθητάς
1154 4307 1169 4322 °
1205 4294 1253 4345 εί
1287 4295 1344 4346 δὲ
1393 4296 1495 4348 οὐκ
1532 4296 1836 4367 εἰρηνικοῦ,

253 4389 375 4441 οὐδὲ
415 4387 568 4457 παρὰ
614 4384 708 4438 σοῦ
737 4383 1176 4448 ἀποσταλέντεςο
1211 4388 1742 4456 ὁμογνωμονοῦντων
1777 4389 1836 4442 δὲ

252 4483 348 4534 καὶ
377 4483 474 4543 τὰς
505 4477 728 4541 ἐντολάς
761 4495 865 4545 μου
911 4480 1310 4547 φυλαττόντων,
1359 4479 1658 4548 γνώσονται
1693 4485 1832 4535 πάν-

1951 2001 2180 2055 membra
2203 2013 2373 2056 vestra
2438 2002 2665 2057 hostiam
2723 2005 2979 2059 viventem
3009 2005 3077 2061 “.
3145 2004 3337 2062 Potest
3386 2009 3534 2063 enim

1950 2091 2116 2145 etiam
2182 2093 2302 2147 sine
2377 2091 2525 2147 caede
2602 2093 2876 2147 immolari
2961 2095 3162 2149 hostia.
3245 2098 3328 2151 Ne
3413 2099 3536 2168 quis

1951 2191 2132 2235 autem
2160 2196 2287 2236 eum
2314 2191 2532 2253 putaret
2575 2182 2693 2238 haec
2719 2199 2820 2253 pro
2847 2174 2978 2241 solis
3018 2186 3279 2257 apostolis
3327 2187 3532 2255 dicere,

1949 2273 2131 2327 subdit
2157 2291 2172 2326 :

2027 2367 2276 2424 νει-830.
2306 2366 2428 2423 Non
2451 2399 2520 2409 —
2550 2367 2706 2425 Vers.
2744 2371 2835 2424 2L
2893 2373 3022 2426 sint.
3080 2370 3258 2428 Simul
3314 2391 3533 2446 quoque

1949 2470 2044 2510 eos
2143 2457 2343 2512 iterum
2402 2458 2715 2523 consolatus
2778 2471 2887 2526 est,
2987 2463 3287 2519 ostendens
3385 2468 3533 2536 quod

1951 2565 2048 2620 per
2071 2564 2260 2605 eorum
2294 2551 2738 2621 praedicationem
2780 2553 2871 2607 alii
2929 2569 3150 2624 quoque
3188 2556 3320 2612 ﬁent
3359 2559 3527 2615 disci-

1948 2643 2082 2712 puli.

2025 2733 2178 2788 Vers.
2212 2734 2304 2792 2i.
2339 2735 2491 2791 Sicut
2521 2768 2588 2778 -ι
2624 2741 2757 2794 sint.
2795 2740 2950 2796 Sicut
2983 2741 3119 2797 tuin
3154 2744 3261 2799 mei
3322 2754 3378 2799 et
3431 2760 3529 2816 ego

1950 2825 2000 2877 in
2029 2825 2102 2881 tui
2132 2826 2446 2894 dilectione,
2481 2839 2539 2884 ut
2565 2840 2619 2885 et
2641 2831 2821 2902 ipsi'in
2850 2832 3030 2900 nobis,
3051 2835 3164 2891 sive
3190 2837 3246 2891 in
3275 2839 3379 2894 ﬁde
3410 2856 3532 2910 qua:

1947 2929 2031 2972 est
2076 2919 2128 2972 in
2161 2934 2281 2984 nos,
2311 2936 2479 2974 unum
2512 2923 2646 2977 sint.
2679 2922 2814 2978 Nam
2843 2927 2936 2995 qui
2970 2928 3027 2981 in
3057 2927 3181 2996 ﬁde,
3217 2947 3336 3002 quae
3364 2945 3450 2989 est
3477 2937 3533 2990 in

1947 3025 2048 3064 nos
2075 3026 2245 3064 unum
2309 3023 2456 3078 sunt,
2516 3023 2677 3068 erunt
2701 3031 2921 3087 quoque
2945 3019 2998 3072 in
3036 3031 3222 3076 mutua
3276 3026 3420 3081 inter
3473 3045 3533 3084 se

1947 3089 2240 3160 dilectione
2273 3120 2467 3161 unum.
2506 3107 2652 3163 Dixit
2681 3112 2826 3165 enim
2870 3128 2882 3163 :
2928 3113 3033 3177 Qui
3066 3115 3218 3170 habet
3271 3133 3532 3191 prwcepla

1949 3211 2062 3247 mea
2091 3205 2138 3248 et
2167 3206 2342 3250 servat
2381 3213 2466 3262 ea,
2499 3198 2583 3250 hic
2614 3203 2805 3270 estqui
2833 3201 3005 3272 diligit
3039 3221 3120 3257 me
3147 3206 3193 3237 '°
3225 3224 3241 3274 ;
3281 3218 3337 3263 et
3367 3229 3381 3264 :
3417 3211 3530 3266 Hoc

1946 3294 2021 3338 est
2047 3297 2366 3356 pra'ceptum
2408 3303 2604 3351 meum,
2665 3300 2720 3341 ut
2788 3291 3025 3361 diligatis
3073 3309 3162 3348 vos
3216 3297 3439 3353 invicem
3460 3301 3526 3356 ⁸¹.

1941 3376 2079 3433 Cum
2132 3395 2261 3450 ergo
2309 3395 2340 3434 a
2401 3380 2697 3443 dilectione
2751 3391 2809 3437 et
2884 3386 3179 3443 concordia
3244 3389 3530 3463 inceperit,

1942 3489 2161 3528 rursum
2239 3475 2292 3528 in
2349 3474 2449 3529 hac
2505 3473 2778 3529 conclusit
2825 3489 3164 3544 sermonem,
3237 3485 3532 3542 ostendens

1941 3567 2090 3636 quod
2115 3565 2226 3620 Deo
2259 3567 2422 3622 chara
2457 3568 2528 3620 sit
2557 3582 2622 3621 ac
2651 3581 2849 3639 niagno
2888 3569 3069 3625 studio
3096 3571 3402 3630 affectanda
3439 3578 3526 3633 di-

1942 3658 2127 3712 lectio.

2012 3750 2166 3803 \'ers.
2192 3749 2284 3802 21.
2320 3749 2801 3805 Ut—miseris.—
2827 3752 2914 3816 Ut,
2961 3754 3192 3812 credens
3244 3752 3528 3828 apostolis,

1941 3837 2120 3890 credat
2187 3837 2324 3907 quod
2370 3845 2428 3890 tu
2486 3854 2568 3892 me
2621 3838 3002 3894 miseris.Nam
3031 3843 3136 3897 hoc
3158 3846 3530 3914 praedicaturi,

1939 3938 2069 3984 sunt
2099 3946 2113 3983 :
2140 3937 2197 3983 et
2222 3929 2357 3983 nihil
2389 3928 2529 3984 adeo
2584 3929 2690 3984 erit
2736 3930 3126 4000 impedimento
3161 3937 3528 4004 praedicationi

1939 4021 2082 4075 sicut
2112 4020 2318 4076 divisos
2374 4035 2497 4076 esse
2544 4021 2957 4090 praedicatores,
3033 4023 3158 4078 ﬁdei
3210 4026 3529 4086 diversitate

1939 4127 2002 4166 ac
2035 4121 2225 4167 mutua
2275 4111 2418 4167 inter
2470 4127 2530 4167 se
2581 4112 2888 4168 inimicitia.
2957 4112 3015 4168 Si
3084 4116 3231 4170 enim
3276 4118 3420 4174 inter
3469 4136 3530 4176 sc

1937 4204 2322 4276 pugnaverint,
2355 4203 2540 4259 dicent
2571 4218 2666 4259 eos
2698 4219 2807 4258 non
2856 4218 2980 4260 esse
3011 4206 3223 4276 paciﬁci
3277 4211 3525 4282 magistri

1937 4294 2236 4364 discipulos
2279 4311 2293 4348 :
2330 4293 2478 4363 quod
2513 4295 2560 4347 si
2599 4307 2712 4348 non
2749 4293 2983 4362 paciﬁci,
3015 4310 3119 4351 nec
3154 4311 3186 4352 ε
3239 4304 3292 4353 te
3345 4302 3523 4359 missi.

1936 4387 1994 4443 Si
2013 4400 2143 4440 vero
2161 4385 2459 4439 concordes
2485 4383 2689 4439 iuerint
2705 4395 2760 4440 et
2785 4394 3058 4457 praecepta
3098 4402 3222 4443 mea
3237 4393 3519 4449 custodie-

1938 4475 2071 4544 rint,
2105 4492 2301 4533 omnes
2330 4487 2665 4549 cognoscent
2690 4479 2835 4549 quod
2863 4481 2972 4536 mei
3007 4481 3121 4536 sint
3154 4481 3428 4554 discipuli,
3469 4496 3525 4541 ct

251 4587 344 4632 τες
373 4571 457 4622 ὅτι
497 4569 619 4639 ἐμοὶ
662 4567 906 4638 μαθηταί
933 4570 1062 4635 εισι,
1092 4570 1187 4622 καὶ
1226 4570 1310 4623 ὅτι
1362 4567 1426 4621 σύ
1474 4585 1544 4639 με
1579 4571 1835 4624 ἀπέστει-

1957 4571 2086 4642 ιυοᾱ
2117 4580 2175 4624 ιιι
2203 4584 2290 4625 me
2331 4571 2567 4624 miseris.

251 4660 369 4722 λας.

320 4752 430 4804 Καὶ
461 4781 533 4792 -
561 4753 788 4820 αὐτοῖς.
823 4753 936 4823 Τὴν
964 4752 1072 4808 ἀπὸ
1098 4751 1208 4805 τῶν
1235 4752 1582 4822 διδαγμάτων
1603 4755 1698 4808 καὶ
1719 4754 1831 4807 τῶν

249 4843 571 4912 θαυμάτων,
616 4843 672 4915 [ἢ
716 4846 796 4916 (ὅ)
845 4845 940 4898 καὶ
967 4846 1066 4915 τὴν
1113 4843 1222 4896 ἀπὸ
1243 4843 1342 4912 τῆς
1370 4843 1684 4917 όμονοίας.]
1715 4847 1830 4899 Οὐκ

247 4932 468 4984 ἔλαττον
491 4935 599 5003 γὰρ
628 4935 690 4987 ἐκ
726 4935 930 5004 ταύτης
958 4934 991 5004 ἢ
1023 4937 1090 4987 ὲκ
1117 4932 1326 4985 τούτων
1355 4932 1693 4998 δοξάζονται.
1725 4936 1830 4989 Δέο

244 5023 406 5078 dolata
444 5023 503 5076 δὲ
541 5021 683 5091 εἰπε,
732 5025 1060 5095 παραδηλῶν
1099 5025 1382 5079 κάνταῦθα
1410 5026 1585 5079 καὶτὸ
1627 5023 1826 5080 ἑαυτοῦ

245 5116 486 5185 ἀξίωμα,
518 5115 698 5169 καὶτὸ
725 5118 861 5187 πρὸς
895 5117 987 5172 τὸν
1033 5116 1260 5188 Πατέρα
1294 5117 1582 5188 ὁμότιμον,
1631 5117 1824 5189 ὥσπερ

246 5208 340 5262 καὶ
368 5209 426 5262 ὲν
454 5209 639 5273 ἄλλοις
672 5209 960 5276 πολλάκις.

357 5347 403 5379 ⁸³
429 5347 575 5407 Psal.
612 5365 767 5414 mu,
800 5347 892 5402 22.

2011 4752 2163 4806 Vers.
2195 4753 2284 4806 22.
2316 4752 2386 4806 Et
2429 4781 2480 4792 -
2517 4754 2608 4808 eis.
2643 4753 2774 4820 Qum
2813 4770 2844 4808 a
2868 4754 3120 4812 doctrina
3143 4767 3200 4813 et
3243 4757 3522 4829 miraculis

1933 4844 2201 4914 procedit,
2240 4852 2338 4898 aut
2359 4859 2479 4913 qua:
2503 4859 2534 4899 a
2567 4845 2860 4901 concordia
2887 4862 2904 4913 ;
2946 4836 3123 4918 neque
3145 4851 3292 4905 enim
3322 4867 3387 4907 ex
3418 4852 3523 4908 hac

1934 4938 2118 4991 minus
2166 4951 2332 5007 quam
2361 4950 2429 4991 ex
2457 4936 2564 4992 illis
2596 4937 2988 5008 gloriﬁcantur.
3016 4940 3344 4998 Dediautem
3379 4943 3522 4999 dixit

1937 5028 2100 5083 etiam
2123 5027 2234 5092 hic,
2270 5036 2326 5082 et
2347 5043 2499 5082 suam
2534 5028 2827 5085 insinuans
2861 5029 3206 5103 dignitatem,
3239 5042 3295 5088 et
3333 5049 3518 5105 arqua-

1937 5119 2043 5172 lem
2073 5134 2195 5172 cum
2232 5119 2396 5173 Patre
2425 5119 2686 5176 honorem
2723 5137 2737 5172 :
2769 5121 3231 5189 quemadmodum
3257 5123 3517 5194 lrequen-

1937 5221 2022 5265 ter
2060 5209 2180 5263 aliis
2203 5209 2256 5262 in
2279 5209 2436 5263 locis.
2872 5197 2879 5202 ’

1013 5348 1059 5381 δ’
1085 5350 1246 5406 Rom.
1283 5366 1384 5417 xu,
1420 5350 1474 5404 l.
1549 5349 1595 5380 '°
1624 5347 1784 5404 Joan.
1821 5347 2042 5414 x1v,2l.
2120 5350 2162 5381 "
2192 5349 2350 5404 Joan.
2377 5365 2468 5414 xv,
2507 5345 2592 5400 12.

1447 5510 1647 5572 Varia;
1691 5510 2004 5574 lectiones
2037 5519 2098 5574 et
2141 5519 2332 5573 nota}.

317 5654 428 5726 (98)
457 5653 614 5708 Κατὰ
655 5655 854 5726 μικρόν
887 5655 947 5711 Β.

314 5727 426 5795 (99)
451 5727 854 5796 interpreshic
892 5741 1125 5796 prorsus
1156 5728 1421 5784 dissentit
1442 5744 1472 5785 a
1503 5730 1644 5786 meis
1662 5731 1822 5788 cod-i-

235 5794 552 5868 cib'ustSed
592 5794 914 5868 liaacrlectié
953 5799 1128 5868 magis
1163 5799 1364 5866 placet.

312 5867 388 5936 (1)
422 5865 500 5919 lla
556 5880 623 5919 ex
677 5864 1073 5936 Chrysostomo
1135 5864 1342 5934 laudat,
1408 5880 1539 5925 tom.
1574 5871 1714 5939 Vill,
1770 5889 1829 5943 p.

575 5960 848 6021 Pamon.
901 5961 1019 6020 Gn.
1057 5961 1290 6022 CXXIX
1306 6003 1322 6023 .

1927 5661 2032 5718 684
2062 5664 2128 5717 C.

1997 5733 2074 5802 (ὲ)
2100 5731 2314 5791 Inclusa
2357 5734 2560 5789 absunt
2583 5735 2649 5789 Α.

1992 5805 2070 5874 (5)
2104 5803 2317 5861 Inclusa
2345 5806 2543 5860 absunt
2582 5809 2648 5860 A.

3118 5968 3192 6030 46
