3976 6516
214 447 344 509 1153

1050 442 1441 503 COMMENT.
1487 442 1565 502 lN
1605 442 1978 506 JOANNEM.
2022 470 2090 481 --
2130 445 2288 504 CAP.
2331 438 2553 504 XVIII.

3294 444 3431 511 mi

206 559 339 621 ώπῳ
370 554 483 623 τὴν
573 554 761 620 δόξαν
815 554 1034 624 Κυρίου
1080 552 1613 621 κατοπτριζόμενοι.
1663 555 1774 605 Με-

1891 555 2035 609 :tiam
2066 554 2197 609 dicit
2231 554 2428 609 Paulus
2453 574 2463 608 :
2487 555 2700 607 Delecla
2729 553 2864 622 facie
2906 552 3125 623 gloriam
3170 553 3260 608 Dei
3311 574 3427 611 con-

216 649 363 716 γίστη
421 651 531 717 γὰρ
588 647 753 709 ὅντως
818 647 978 711 δόξα,
1035 645 1097 698 τὸ
1170 644 1394 715 θεωρεῖν
1444 645 1542 713 τὴν
1610 644 1767 708 δόξαν

209 736 386 790 αὑτοῦ.

275 828 460 897 Πάτερ
512 827 721 882 δίκαιε.
753 828 972 881 Δίκαιον
1019 826 1181 879 αὐτὸν
1227 824 1371 892 λέγει
1430 823 1546 889 νῦν,
1577 824 1653 888 ὼς
1685 824 1769 877 Θέ-

208 920 379 983 λοντα,
420 921 496 989 μὴ
538 920 716 988 μόνοις
758 918 1053 981 Ἰουδαίοις,
1090 916 1223 969 ἀλλὰ
1254 918 1416 969 πᾶσιν
1463 916 1771 983 ἀνθρώποις

208 1011 637 1080 ἐπιγνωσθῆναι,
685 1011 770 1062 ἴνα
825 1010 1023 1070 πάντες
1069 1006 1367 1071 σώζωνται,
1440 1008 1534 1059 καὶ
1584 1007 1770 1075 μηδεὶς

213 1101 280 1152 δι’
308 1102 529 1168 ἄγνοιαν
570 1102 856 1170 ἀπόληται.
909 1099 1079 1151 Τοῦτο
1132 1096 1245 1168 (10)
1306 1098 1415 1165 γὰρ
1468 1098 1773 1167 ἀκροτάτης

207 1192 550 1261 δικαιοσύνης
573 1194 667 1245 καὶ⁵
706 1191 1063 1258 ἁγαοότητος.

275 1284 379 1337 Kal
411 1312 483 1322 —
516 1283 688 1352 ἔγνω.
724 1282 819 1353 (⁸0
854 1281 950 1350 μὲν
980 1280 1137 1343 ἄλλος
1170 1280 1283 1352 (11)
1320 1279 1540 1348 κόσμος,
1572 1277 1687 1330 οὐδ’
1714 1278 1772 1330 ὂ·-

206 1374 306 1436 λως
338 1374 479 1443 (1Ξ)’
509 1376 556 1425 οί
600 1374 655 1426 δὲ
699 1374 941 1426 Ἰουδαῖοι
984 1372 1133 1443 (l5),
1162 1373 1376 1442 Πατέρα
1410 1390 1535 1442 μου,
1578 1370 1668 1425 διὰ
1712 1372 1773 1424 τὸ

205 1464 563 1518 ἐθελοκακεῖν.
588 1463 608 1535 ]

282 1647 430 1713 Ἐγὼ
452 1679 521 1690 --
537 1649 747 1717 ἔγνων.
782 1650 964 1703 Φύσει.

274 1738 381 1792 Kal
437 1765 505 1778 -
564 1740 949 1806 ἀπέστειλας.
992 1741 1055 1794 Ol
1111 1739 1347 1811 μαθηταί
1386 1757 1487 1808 μου
1532 1739 1772 1808 ἔγνωσαν

202 1828 378 1894 τοῦτο,
400 1828 497 1897 ἀφ’
518 1822 590 1882 ὧν
619 1825 771 1883 εἷπον
799 1832 893 1884 καὶ
914 1829 1125 1900 ἔπραξα
1148 1830 1486 1901 Θεοπρεπῶς.

269 2012 377 2065 Kal
408 2042 481 2052 —
512 2028 651 2066 σου.
699 2013 771 2065 Τὸ
807 2013 905 2083 τῆς
950 2012 1307 2082 πατρότητος.
1334 2012 1519 2066 Ταῦτα
1559 2012 1670 2080 (ll)
1712 2013 1767 2067 δὲ

203 2103 293 2155 καὶ
324 2102 588 2172 ἀνωτέρω
613 2104 821 2174 εἴρηκε,
854 2106 945 2156 καὶ
968 2102 1062 2158 νῦν
1086 2104 1233 2171 λέγει
1268 2102 1426 2158 πάλιν
1451 2104 1769 2172 ἐπαναλαμ-

199 2196 394 2250 σάνων.

270 2283 383 2338 Kal
423 2288 719 2354 γνωρίσω.
781 2287 906 2340 Ἐπὶ
937 2286 1096 2340 πλέον
1147 2286 1235 2339 διὰ
1268 2285 1359 2338 τοῦ
1401 2286 1553 2353 ἁγίου
1599 2286 1765 2340 Πνεύ-

201 2395 387 2447 ματος.
423 2379 587 2449 Ὁρᾷς
617 2380 698 2431 ὅτι
727 2378 915 2449 ὥσπερ
948 2380 975 2433 ὁ
1004 2378 1193 2448 Πατὴρ
1214 2376 1360 2444 λέγει
1382 2377 1469 2431 διὰ
1491 2378 1582 2429 τοῦ
1608 2378 1763 2445 ἁγίου

201 2467 548 2536 Πνεύματος,
594 2467 736 2520 οὕτω
782 2470 877 2521 καὶ
928 2468 955 2521 ὁ
1002 2468 1127 2530 Υἱὸς
1175 2467 1433 2535 γνωρίζει
1487 2466 1555 2519 δι’
1598 2467 1763 2519 αὑτοῦ

196 2554 233 2607 ἃ
264 2554 511 2615 βούλεται
534 2558 645 2619 τοῖς
669 2555 959 2626 μαθηταῖς.
1002 2556 1121 2623 Ἀφ’
1147 2550 1220 2608 ὧν
1248 2555 1404 2618 αὖθις
1431 2555 1492 2607 τὸ
1522 2556 1762 2624 ἰσότιμον

200 2645 292 2696 καὶ
321 2646 614 2715 σύμφωνον
647 2649 745 2716 τῆς
776 2648 936 2715 ἁγίας
971 2646 1195 2716 Τριάδος
1219 2646 1514 2700 δείκνυται.

269 2828 397 2881 Ἵνα
423 2858 496 2870 -—
519 2823 577 2899 ᾖ.
612 2828 888 2898 Γνωρίσω,
920 2830 1106 2900 φησὶν,
1141 2830 1325 2894 αὐτοῖς
1369 2831 1461 2883 hri.
1502 2830 1666 2884 πλέον
1687 2830 1765 2912 ,τὸ

205 2918 377 2989 δνομὰ
406 2936 523 2985 σου,
562 2919 647 2972 ἵνα
691 2918 847 2972 τοῦτο
876 2920 1061 2988 σαφῶς
1096 2925 1476 2991 γνωρισάντων
1516 2923 1609 2975 καὶ
1650 2923 1762 2975 δια·

199 3013 456 3076 γνόντων,
496 3010 575 3062 ὅτι
616 3010 833 3078 γνήσιος
881 3008 1005 3071 Υἱὸς
1028 3009 1138 3076 έγώ
1183 3010 1293 3078 (15)
1347 3026 1443 3063 σου
1478 3012 1572 3062 καὶ
1604 3010 1761 3080 φύσει

200 3100 501 3168 ἀγαπητὸς,
535 3101 566 3168 ὴ
591 3099 815 3169 τοιαύτη
845 3100 1059 3169 ἀγάπη,
1095 3100 1128 3169 ἠ
1151 3100 1349 3169 γνησία
1380 3102 1472 3154 καὶ
1496 3101 1677 3170 φύσει,
1704 3105 1762 3155 έν

203 3192 387 3253 αὐτοῖς
414 3192 497 3258 εῐη
529 3190 929 3259 γνωριζομένη.

270 3280 441 3349 Κάγὼ
476 3281 545 3331 ὲν
573 3280 792 3345 αὐτοῖς.
844 3279 1015 3348 Κάγὼ
1055 3282 1113 3333 έν
1149 3280 1330 3344 αὐτοῖς
1372 3274 1418 3333 ὦ
1466 3280 1646 3349 πλέον,
1678 3282 1767 3336 διὰ

202 3373 437 3435 πίστεως
479 3372 744 3442 μείζονος,
775 3371 872 3425 ἅτε
899 3373 1297 3443 γνωριζόμενος
1335 3374 1519 3435 αὐτοῖς
1559 3375 1762 3427 έντελέ-

196 3480 409 3535 στερον.
440 3463 606 3516 Πάλιν
626 3462 718 3516 οὖν
748 3464 827 3526 είς
853 3464 1075 3533 ἀγάπην
1100 3464 1381 3535 κατέληξε,
1410 3466 1612 3537 ταύτην
1643 3467 1764 3519 ὲπι-

193 3556 311 3617 θεὶς
345 3557 423 3625 τῷ
447 3555 587 3625 λόγῳ
616 3555 912 3611 τελείωσιν.
934 3556 1269 3626 Τελειωτικὴ
1301 3557 1408 3627 γὰρ
1429 3556 1535 3609 τῶν
1558 3559 1767 3626 ἀρετῶν

195 3649 228 3718 η
266 3646 478 3715 ἀγάπη.

272 3737 463 3792 Ταῦτα
489 3765 559 3778 --
586 3738 793 3793 αὐτοῦ.
821 3741 1064 3809 Ζήτησον
1091 3742 1146 3793 ἐν
1166 3741 1246 3811 τῷ
1274 3739 1551 3811 ἑξηκοστῷ
1569 3744 1764 3811 τετάρ-

194 3843 272 3897 τῳ
299 3826 578 3896 κεφαλαίῳ
604 3827 697 3880 τοῦ
724 3832 865 3883 κατὰ
890 3830 1165 3883 Ματοαῖον
1195 3831 1253 3884 τό
1270 3847 1283 3860 ·
1306 3831 1415 3883 Καὶ
1448 3831 1765 3900 ὑμνήσαν-

196 3934 297 3983 τες
328 3917 590 3985 ἐξῆλθον
617 3923 707 3985 εἰς
743 3919 809 3972 τὸ
849 3919 987 3987 ὅρος
1020 3921 1139 3973 τῶν
1176 3919 1442 3978 Ἐλαιῶν.
1476 3923 1623 3974 Ἐκεῖ
1658 3924 1765 3993 γὰρ

194 4006 438 4078 δξηγήθη
478 4009 572 4060 καὶ
611 4012 738 4079 περὶ
764 4009 991 4063 τούτων.
1025 4011 1185 4064 Ἀλλὰ
1215 4014 1308 4064 καὶ
1346 4011 1604 4082 περὶτῶν
1637 4011 1765 4080 ἑξῆς

200 4099 538 4169 πλατύτερον
562 4117 621 4152 τε
654 4100 748 4152 καὶ
774 4101 1166 4172 ἀκριϐέστερον
1202 4104 1260 4155 ὲν
1289 4104 1481 4173 ἐκείνῳ
1506 4102 1583 4173 τῷ
1603 4105 1765 4169 εὐαγ-

197 4191 423 4259 γελιστῇ
450 4190 850 4261 δεδηλώκαμεν.

269 4281 427 4350 "(iam
458 4310 525 4321 —-
564 4283 772 4336 τόπον.
813 4278 944 4337 Εἶτα
991 4283 1158 4352 λέγει,
1208 4285 1303 4338 καὶ
1350 4285 1513 4337 πόθεν
1577 4285 1763 4339 τοῦτον

192 4370 512 4442 έγίνωσκεν.

269 4465 399 4517 Ὀτι
427 4494 501 4508 -
522 4466 735 4521 αὐτοῦ.
763 4466 1027 4530 Πολλάκις
1056 4465 1285 4537 ηὺλῗίσθη
1318 4470 1454 4523 ἐκεῖ.

279 4556 342 4609 ’0
385 4556 497 4610 οὖν
540 4556 768 4624 Ἰούδας
804 4589 870 4599 -
900 4558 1120 4613 ὅπλων.
1168 4560 1249 4611 Τὰ
1294 4560 1431 4614 ὅπλα
1474 4563 1760 4630 ἐπήγοντο,

189 4649 493 4711 δεδοικότες
526 4652 650 4712 τοὺς
685 4652 980 4720 ἑπομένους
1009 4651 1177 4721 αὐτῷ.
1207 4653 1305 4707 Διὰ
1336 4653 1492 4707 τοῦτο
1523 4655 1630 4723 γὰρ
1670 4656 1763 4707 καὶ

190 4743 337 4810 ἀωρὶ
367 4741 475 4794 τῶν
504 4742 715 4795 νυκτῶν
743 4742 998 4810 ἐπῆλθον.

279 4832 368 4884 Ἐν
398 4831 473 4903 τῷ
503 4833 777 4903 ἑξηκοστῷ
806 4834 863 4886 δὲ
897 4835 1133 4906 πέμπτῳ
1172 4835 1454 4907 κεφαλαίῳ
1492 4835 1585 4889 τοῦ
1622 4837 1763 4889 κατά

190 4922 471 4977 Ματθᾱῖον
521 4923 727 4994 ὲρῤήθη
775 4924 903 4995 περὶ
941 4926 1177 4991 τούτων,
1232 4925 1381 4997 [ἔνθα
1428 4927 1538 4996 (16)
1585 4930 1760 4978 κεῖται

191 5013 256 5065 τό
283 5027 297 5040 ·
344 5013 454 5067 Kal
477 5012 564 5066 ἔτι
590 5014 773 5067 αὑτοῦ
811 5015 1185 5081 λαλοῦντος,
1221 5016 1350 5071 ἰδοὺ
1421 5016 1631 5083 lauda;-
1673 5012 1760 5081 εἷς

270 5208 319 5244 ⁵⁸
342 5208 386 5263 ll
418 5210 545 5267 Cor.
574 5228 657 5279 ιιι,
689 5212 776 5270 18.
853 5216 898 5249 ³³
928 5216 1118 5273 Matth.
1154 5234 1301 5284 τινι,
1333 5221 1424 5276 50.

1536 5219 1582 5251 ⁸⁴
1609 5221 1742 5276 ibid.
1772 5219 1864 5274 47.

1870 644 2183 714 ιεηιιηαηιεε
2210 645 2278 699 ⁸⁸.
2315 646 2592 715 Siquidem
2637 659 2767 699 vere
2828 644 3059 697 maxima
3112 653 3194 699 est
3239 646 3428 717 gloria,

1868 737 1989 806 ejus
2018 738 2205 792 videre
2244 736 2492 808 gloriam.

1940 826 2092 883 Vers.
2124 828 2213 881 25.
2233 830 2398 880 Pater
2419 826 2585 894 juste.
2616 823 2832 881 Justum
2890 839 3015 878 eum
3076 839 3223 879 nunc
3282 825 3433 891 dicit,

1872 928 2067 988 utpote
2105 920 2375 973 volentem
2402 933 2508 971 non
2536 933 2563 970 ιι
2596 918 2725 973 solis
2777 916 2997 979 Judazis,
3055 931 3243 978 verum
3273 917 3433 971 etiam

1866 1010 1937 1064 ab
1995 1010 2248 1064 omnibus
2291 1008 2608 1063 hominibus
2658 1009 2900 1078 agnosci,
2944 1016 3005 1062 ut
3051 1021 3243 1062 omnes
3300 1007 3433 1061 salvi

1872 1100 2085 1163 ﬁerent,
2120 1108 2175 1153 et
2200 1100 2385 1154 nullus
2421 1115 2519 1168 per
2576 1097 2937 1167 ignorantiam
3002 1098 3247 1168 periret:
3309 1112 3434 1151 nam

1872 1190 1922 1243 id
1962 1201 2217 1244 extrema:
2236 1190 2460 1258 iustitia:
2475 1197 2558 1242 est
2578 1203 2641 1242 ac
2664 1187 2948 1242 bonitatis.

1946 1280 2099 1335 Vers.
2123 1279 2216 1335 25.
2244 1280 2312 1334 Et
2338 1308 2409 1319 ——
2439 1280 2698 1348 cognovit.
2728 1278 2971 1333 Gentiles
3003 1276 3223 1347 quidem
3285 1278 3437 1331 nullo

1875 1370 2057 1435 modo,
2083 1370 2467 1424 cum~adorent
2493 1369 2669 1434 idola;
2699 1367 2872 1422 iudici
2910 1382 3038 1422 vero
3064 1383 3175 1422 non
3232 1383 3438 1437 cogno-

1872 1470 2069 1516 verunt
2099 1460 2323 1529 te.quia
2362 1467 2555 1531 sponte
2597 1468 2902 1530 peccantes,
2932 1466 3129 1528 negant
3166 1466 3219 1513 te
3257 1473 3436 1513 meum

1870 1568 1993 1607 esse
2018 1553 2251 1606 Patrem.

1939 1641 2095 1698 Vers.
2126 1643 2220 1697 25.
2247 1643 2357 1714 Ego
2385 1673 2455 1682 —
2475 1644 2709 1713 cognovi.
2764 1643 2985 1697 Natura.

1942 1732 2107 1788 Vers.
2135 1733 2225 1788 25.
2260 1732 2326 1785 Ει
2353 1764 2422 1773 -
2444 1735 2651 1787 misisti.
2693 1734 2947 1804 Discipuli
2975 1733 3079 1788 mei
3108 1733 3211 1788 hoc
3234 1748 3438 1810 cogno-

1870 1831 2068 1879 verunt
2094 1839 2160 1878 ex
2186 1824 2272 1877 bis
2302 1840 2421 1893 qua:
2443 1838 2537 1878 eos
2575 1824 2757 1893 docui,
2805 1834 2859 1878 ct
2884 1826 3072 1879 divino
3096 1825 3259 1879 modo
3308 1837 3439 1894 cpe-

1871 1925 2022 1968 ratus
2052 1929 2195 1967 sum.

1941 2002 2096 2058 Vers.
2120 2004 2211 2058 26.
2250 2003 2407 2057 Et—
2433 2012 2605 2057 tuum.
2637 2003 2847 2059 Nomen
2879 2004 3243 2074 paternitatis.
3312 2004 3439 2059 Haac

1868 2105 2048 2152 autem
2082 2100 2245 2153 etiam
2269 2101 2519 2170 superius
2538 2099 2693 2167 dixit,
2752 2107 2808 2154 et
2845 2114 2992 2154 nunc
3046 2099 3244 2154 iterum
3282 2114 3440 2171 repe-

1871 2191 2035 2245 tendo
2057 2190 2211 2246 dicit.

1936 2282 2091 2338 Vers.
2121 2282 2213 2337 26.
2246 2283 2315 2337 Et
2334 2290 2515 2337 notum
2532 2283 2752 2355 faciam.
2770 2282 3019 2354 Amplius
3048 2299 3146 2353 per
3173 2282 3435 2353 Spiritum

1865 2384 2135 2429 sanctum.
2202 2376 2386 2441 Vides,
2423 2376 2568 2445 quod
2620 2376 2763 2431 sicut
2818 2373 2979 2430 Pater
3034 2375 3271 2445 loquitur
3340 2392 3437 2446 per

1865 2464 2128 2536 Spiritum
2155 2477 2428 2532 sanctum,
2468 2467 2542 2521 ita
2579 2476 2640 2522 et
2692 2466 2860 2520 Filius
2920 2476 3107 2519 notum
3167 2465 3295 2521 facit
3340 2481 3438 2537 per

1862 2558 2037 2627 ipsum
2103 2559 2383 2629 discipulis
2424 2574 2544 2628 quas
2611 2558 2896 2613 voluerit?
2943 2572 3013 2612 ex
3060 2557 3259 2627 quibus
3309 2575 3433 2613 rur-

1864 2666 1983 2705 sum
2012 2651 2235 2705 honoris
2268 2650 2550 2719 aequalitas
2570 2665 2633 2705 ac
2669 2650 2961 2705 concordia
3019 2657 3219 2705 sanctae
3252 2648 3434 2705 Trini-

1864 2743 1992 2796 tatis
2030 2742 2358 2797 ostenditur.

1936 2831 2090 2886 Vers.
2132 2834 2223 2888 26.
2251 2833 2313 2888 Ut
2345 2834 2516 2887 —sit.
2546 2832 2743 2886 Notum
2786 2832 3001 2896 faciam,
3066 2833 3261 2903 inquit,
3319 2848 3437 2888 am-

1866 2922 2010 2991 plius
2065 2938 2265 2976 nomen
2319 2934 2493 2987 tuum,
2535 2935 2595 2978 ut
2648 2940 2771 2978 cum
2815 2924 2919 2978 hoc
2965 2926 3321 2994 cognoverint
3374 2941 3439 2981 ac.

1864 3011 2156 3067 didicerint
2202 3014 2346 3081 quod
2386 3014 2644 3068 naturalis
2670 3014 2774 3068 sim
2804 3013 2975 3068 Filius
3001 3027 3145 3079 tuus,
3169 3024 3434 3071 etnatura

1864 3103 2115 3167 dilectus,
2147 3103 2463 3173 bujusmodi
2494 3104 2734 3168 dilectio,
2786 3121 2907 3174 quae
2970 3106 3204 3176 ingenua
3264 3115 3347 3162 est
3382 3119 3437 3163 et

1793 3192 1836 3250 C
1872 3208 1967 3263 per
2000 3204 2268 3258 naturam,
2295 3194 2365 3247 sit
2392 3195 2447 3246 in
2489 3194 2569 3247 eis
2601 3208 2699 3261 per
2714 3194 3101 3264 cognitionem.

1938 3286 2091 3342 Vers.
2126 3284 2217 3339 26.
2245 3284 2311 3337 Et
2341 3300 2433 3354 ego
2460 3284 2515 3337 in
2553 3284 2648 3337 eis.
2683 3284 2750 3337 Et
2782 3300 2882 3355 ego
2912 3285 2965 3338 in
2999 3285 3081 3339 eis
3119 3287 3293 3356 magis
3335 3288 3435 3342 sim

1867 3394 1966 3452 per
1997 3379 2159 3433 ﬁdem
2193 3378 2474 3447 majorem,
2543 3385 2732 3448 utpote
2792 3377 3093 3448 perfectius
3123 3382 3206 3435 eis
3251 3389 3435 3436 notus.

1870 3472 2069 3528 lterum
2103 3484 2233 3540 ergo
2255 3470 2309 3523 in
2344 3468 2692 3524 dilectionem
2718 3469 3050 3536 terminavit,
3085 3471 3226 3525 hanc
3258 3471 3438 3540 impo-

1867 3571 2007 3612 nens
2023 3560 2264 3615 sermoni
2298 3561 2847 3613 consummationem.
2868 3557 3004 3613 Nam
3033 3560 3301 3630 perfectio
3327 3561 3438 3615 vir-

1869 3656 2041 3701 tutum
2071 3659 2153 3704 est
2181 3650 2419 3704 dilectio.

1939 3739 2090 3794 CAP.
2124 3738 2313 3794 XVlll.
2350 3740 2503 3794 Vers.
2542 3742 2589 3795 l.
2612 3743 2739 3795 Hac
2763 3770 2833 3782 -—
2858 3742 2994 3811 ejus.
3051 3741 3246 3808 Quaere
3279 3760 3439 3819 sexa-

1868 3831 2076 3901 gesimo
2111 3843 2305 3901 quarto
2338 3832 2515 3900 capite
2566 3830 2845 3904 Evangelii
2890 3833 3045 3901 juxta
3102 3832 3437 3902 Mattliaaum,

1869 3920 1959 3974 ubi
1990 3920 2208 3989 ponitur
2238 3938 2251 3974 :
2287 3920 2355 3973 Et
2380 3922 2532 3975 dictis
2559 3921 2800 3975 laudibus
2842 3924 3082 3976 exierunt
3134 3922 3191 3976 in
3210 3936 3437 3978 montem

1866 4012 2137 4068 Oliuarum
2160 4016 2234 4080 ";
2263 4028 2388 4067 nam
2408 4014 2481 4067 ibi
2507 4013 2575 4068 de
2599 4014 2684 4068 his
2703 4022 3009 4068 enarratum
3033 4025 3135 4069 est.
3158 4014 3266 4070 Sed
3285 4026 3338 4071 et
3371 4018 3438 4073 de

1869 4102 1937 4157 iis
1976 4118 2097 4171 quae
2129 4113 2455 4173 sequuntur,
2488 4103 2650 4157 latius
2669 4111 2725 4159 et
2755 4103 3001 4159 exactius
3035 4102 3091 4157 in
3146 4103 3239 4158 illo
3267 4119 3438 4160 evan.

1867 4191 2059 4263 gelista
2070 4190 2521 4260 signiﬁcavimus.

1941 4284 2095 4339 Vers.
2136 4284 2189 4337 2.
2230 4283 2440 4337 Sciebat
2490 4284 2775 4339 —locum.
2836 4283 3043 4341 Deinde
3091 4286 3255 4342 etiam
3310 4290 3439 4345 dicit

1869 4376 2013 4429 unde
2044 4379 2146 4429 hoc
2181 4376 2411 4430 sciebat.

1938 4467 2094 4523 Vers.
2123 4468 2177 4521 2.
2207 4467 2355 4533 Quod
2380 4496 2451 4507 —-
2469 4468 2598 4521 suis.
2631 4467 2969 4536 Frequenter
2992 4480 3304 4525 versaretur
3330 4471 3431 4526 ibi.

1938 4560 2093 4613 Vers.
2120 4559 2172 4611 5.
2196 4558 2368 4610 Judas
2410 4573 2530 4628 ergo
2563 4586 2631 4597 —
2662 4560 2847 4611 armis.
2871 4557 3035 4612 Arma
3068 4559 3433 4625 adduxerunt,

1868 4650 2123 4702 timentes
2148 4662 2242 4702 eos
2268 4648 2360 4717 qui
2387 4647 2759 4717 sequebantur
2783 4647 2970 4702 Jesum
2996 4664 3011 4702 :
3042 4664 3170 4702 nam
3231 4656 3437 4724 et'pro-

1869 4751 2055 4810 pterca
2102 4740 2485 4809 intempestivo
2538 4742 2715 4794 noctis
2776 4748 3019 4808 tempore
3074 4741 3433 4795 advenerunt.

1943 4834 2017 4885 De
2054 4832 2138 4885 bis
2167 4841 2350 4885 autem
2383 4832 2588 4887 dictum
2603 4841 2686 4885 est
2709 4831 3050 4900 sexagesimo
3066 4833 3257 4901 quinto
3281 4831 3436 4901 juxta

1867 4922 2180 4976 Mattbxum
2198 4923 2397 4991 capite,
2422 4921 2513 4976 ubi
2533 4922 2732 4976 dicitur
2756 4938 2772 4975 :
2793 4921 2860 4975 Et
2891 4920 3063 4975 adhuc
3089 4937 3148 4975 eo
3168 4921 3435 4991 loquente,

1867 5031 1982 5068 ecce
2010 5015 2176 5068 ludas
2199 5031 2332 5068 unus
2364 5015 2428 5069 de
2458 5014 2730 5069 duodecim
2768 5013 3003 5079 venit";
3036 5027 3161 5068 nam
3214 5027 3337 5083 qum
3375 5012 3431 5065 in

1352 5399 1548 5461 Varim
1591 5398 1905 5463 lectiones
1947 5407 2008 5461 et
2051 5407 2239 5461 notte.

270 5577 383 5651 (10)
416 5580 525 5651 ac,
549 5578 669 5632 loco
700 5580 829 5651 γάρ,
876 5582 940 5636 Α.

199 5649 622 5775 ἁίέέἐῐγᾶῗειυεδ
648 5649 850 5706 absunt
890 5655 957 5708 A.
991 5653 1248 5714 Hentenii
1271 5661 1450 5715 versio
1483 5660 1573 5715 hic
1599 5662 1763 5715 etiam

202 5860 213 5871 .
284 5790 408 5871 (l2)_
430 5789 632 5871 llllell.‘
671 5790 837 5871 ἔγνω.
869 5791 1056 5871 _Forte_
1078 5796 1486 5857 l‘lcnteniusltic
1520 5802 1763 5856 additum

202 5860 434 5925 invenit,
467 5859 555 5913 διὰ
585 5860 645 5913 τὸ
678 5862 1109 5935 εἰδωλολατρείν.

1942 5590 2056 5659 (15)
2098 5590 2211 5659 Οὐχ
2237 5592 2336 5653 ὡς.
2370 5590 2831 5660 interponendum
2870 5591 3107 5656 videtur,
3146 5598 3205 5644 ut
3242 5590 3314 5644 sit
3339 5588 3434 5654 οὐχ

1868 5662 1942 5723 ὡς
2009 5661 2230 5726 Πατέρα
2263 5678 2387 5730 μου,
2422 5661 2593 5716 intell.
2651 5660 2912 5728 ἔγνωσαν.

1941 5732 2054 5797 (ll)
2091 5731 2223 5798 Γάρ,
2267 5733 2383 5785 loco
2420 5731 2497 5797 δέ,
2537 5732 2598 5785 Α.

1941 5801 2051 5868 (15)
2089 5802 2191 5853 Σου
2223 5801 2332 5868 ἐγώ
2354 5802 2416 5852 Α.

1940 5872 2051 5941 (16)
2087 5872 2296 5926 lnclusu
2321 5872 2521 5926 omittit
2546 5874 2613 5924 A.
