3976 6484
465 380 601 446 H63

463 501 688 552 verbum
748 495 1095 562 manifestata
1146 503 1295 548 sunt.
1376 494 1484 549 lsta

460 603 585 642 cum
614 586 880 642 brevitate
905 595 1112 649 narrat,
1134 594 1393 654 tanquam
1418 584 1486 639 ab
1504 584 1630 638 aliis
1655 585 1766 653 jam
1799 584 2034 653 scripta:

1691 382 2074 443 EUTHYMII
2117 383 2475 443 ZIGABENI

1563 504 1744 550 autem
1803 493 2039 549 Joannes

2172 513 2257 550 ον.
2318 499 2444 569 [Ἑν
2509 500 2746 569 ἐπιτομῇ
2808 497 2923 567 (42)
2964 497 3020 550 δέ
3080 496 3377 551 καὶταῦτα
3415 498 3704 563 διέξεισινό

2142 589 2416 660 Ἰωάννης,
2482 588 2560 653 ὡς
2629 593 2742 652 τοῖς
2800 589 2982 652 ἄλλοις
3033 589 3407 661 ἱστορηθέντα,
3455 592 3695 644 σπεύδων

3570 381 3702 446 HM

461 680 686 734 studens
718 689 772 734 et
807 678 896 733 hic
927 678 1184 741 recitare,
1232 693 1353 748 quae
1405 676 1682 744 prmterita
1737 682 1919 728 erant.
1973 674 2040 728 Et

2172 682 2475 750 manens:
2554 682 2838 737 κάνταῦθα
2895 683 2963 735 τὰ
3034 681 3539 751 παραλελειμμένα.
3596 684 3704 736 Καὶ

461 789 558 828 cur
585 772 808 827 omnino
852 787 1041 826 eorum
1076 768 1346 836 meminit,
1381 785 1504 840 qum
1541 769 1609 822 ab
1655 767 1776 822 aliis
1825 782 2036 821 memo-

2139 775 2284 827 διατί
2330 774 2469 837 ὅλως
2515 779 2849 845 μνημονεύει
2901 772 3009 826 τῶν
3055 769 3534 842 μνημονευθέντων
3591 777 3702 836 τοῖς

461 875 577 919 rata
631 863 802 918 sunt?
850 863 988 930 Quia
1016 864 1175 918 aliter
1228 876 1571 931 nequaquam
1631 868 1761 929 apte
1794 859 2038 913 scribere

2172 869 2356 932 ,λλοιςς
2382 869 2526 922 Διότι
2555 871 2656 922 οὐκ
2680 867 2743 920 ἂν
2767 867 2973 938 ἑτέρως
3003 864 3230 935 ἔμελλεν
3265 864 3538 934 ἁρμοδίως
3569 865 3708 918 ἱστο-

461 965 675 1025 poterat
706 972 826 1026 qua
857 957 1059 1025 scripta
1092 972 1201 1011 non
1231 963 1410 1010 erant.

530 1047 686 1108 Vers.
719 1049 774 1105 4.
812 1029 991 1104 Emittit
1022 1079 1091 1089 —-
1123 1051 1288 1119 foras.
1343 1048 1460 1103 Hoc
1491 1055 1595 1113 est,
1627 1056 1780 1102 extra
1835 1055 2036 1116 ρεπιο-

460 1157 623 1195 rium.

530 1232 688 1290 Vers.
749 1235 805 1290 ι.
868 1234 930 1290 Ut
986 1261 1057 1271 —
1116 1233 1400 1286 inveniam.
1453 1231 1567 1286 lloc
1615 1231 1769 1296 dicit,
1816 1239 2038 1283 tentans

463 1335 705 1380 mentem
739 1341 950 1381 eorum.

539 1416 698 1472 Vers.
755 1419 809 1472 5.
854 1417 1031 1472 Exivit
1093 1448 1160 1458 -—
1215 1417 1607 1470 vestimentum.
1656 1415 1852 1470 Eduxit
1911 1430 2035 1469 eum

2143 960 2306 1029 ρῆσαι
2337 961 2406 1014 τὰ
2437 957 2818 1029 ἀνιστόρητα.)

2226 1053 2517 1122 Ἐξῆλθεν
2556 1084 2623 1096 —-
2653 1052 2790 1116 ἔξω.
2837 1049 2983 1111 Ἕξω
3028 1047 3121 1100 τοῦ
3169 1045 3620 1117 πραιτωρίου.Τὸ
3649 1044 3708 1096 δὲ

2147 1148 2280 1211 Ἴδε,
2317 1149 2439 1201 ἀντὶ
2465 1148 2559 1201 τοῦ
2594 1147 2751 1202 Ἰδού.

2214 1242 2348 1294 Ἵνα
2385 1268 2457 1280 —-
2504 1241 2790 1307 εὑρίσκω.
2818 1237 2990 1290 Τοῦτο
3019 1237 3129 1308 (45)
3165 1251 3314 1303 Αεγει
3345 1234 3447 1303 τῆς
3480 1232 3708 1301 γνώμης

2143 1333 2324 1386 αὐτῶν
2352 1332 2830 1400 ἀποπειρώμενος.

2225 1421 2521 1488 Ἐξῆλθεν
2549 1451 2619 1461 -
2643 1421 2886 1491 ιμὰτιον.
2924 1419 3248 1491 [Ἑξήγαγεν
3277 1417 3389 1486 (Η)
3415 1415 3572 1468 αὑτὸν
3613 1429 3710 1465 πε-

467 1506 691 1562 ludibrii
730 1507 869 1562 stola
902 1509 1158 1562 vestitum
1195 1523 1208 1558 :
1242 1516 1301 1560 ut
1335 1506 1482 1559 hunc
1513 1504 1567 1557 in
1603 1512 1760 1559 tanto
1787 1503 2038 1559 videntes

2172 1514 2541 1584 νιὸεϐλημένον
2593 1517 2692 1584 τὴν
2744 1511 2937 1584 στολὴν
2992 1513 3088 1580 τῆς
3125 1509 3342 1582 χλεύης,
3383 1510 3467 1561 ἵνα
3510 1509 3565 1559 ἐν
3599 1506 3712 1556 ἀτι-

462 1600 778 1669 opprobrio,
805 1600 1142 1654 satiarentur
1167 1613 1230 1652 ac
1259 1598 1635 1668 placarentur.

539 1785 688 1840 Vers.
720 1786 775 1840 5.
815 1785 878 1838 Et
917 1816 989 1826 —
1030 1787 1204 1840 homo.
1239 1787 1416 1840 Homo
1470 1785 1602 1860 dixit
1652 1801 1763 1854 prae
1793 1800 2040 1854 compas-

462 1877 636 1942 sione,
667 1884 730 1932 ut
752 1884 807 1929 et
847 1876 945 1944 ipsi
983 1877 1364 1945 compassione
1391 1884 1759 1930 moverentur.

533 1967 688 2024 Vers.
745 1970 795 2023 6.
828 1968 956 2025 Cum
989 1999 1057 2009 —
1083 1986 1220 2022 eum.
1257 1968 1535 2038 Tanquam
1592 1967 1694 2022 feri
1740 1983 1926 2030 canes,
1978 1982 2043 2020 eo

463 2061 636 2116 solum
680 2061 836 2126 viso,
913 2062 1205 2116 furibunde
1273 2062 1636 2127 oblatrabant,
1698 2062 1854 2130 quasi
1916 2061 2043 2116 ferae

460 2155 669 2218 bestiae,
723 2171 844 2225 quae
878 2165 1166 2210 venatores
1209 2157 1269 2225 (ll
1308 2156 1612 2210 sentientes
1645 2157 1828 2210 statim
1860 2155 2044 2209 incur-

463 2255 591 2298 runt
623 2264 636 2300 :
684 2261 810 2299 nam
842 2246 1048 2302 invidia
1085 2247 1244 2311 ebrii,
1285 2247 1339 2300 in
1377 2247 1579 2301 caedem
1627 2247 1888 2301 adversus
1917 2261 2044 2300 eum

463 2335 963 2391 debacchabantur.

537 2427 688 2481 Vers.
724 2429 777 2482 6.
809 2429 896 2482 Ait
938 2458 1008 2471 —
1049 2432 1268 2483 crimen.
1313 2429 1442 2496 Vos,
1476 2431 1674 2500 inquit,
1720 2431 1814 2500 qui
1851 2431 2039 2499 injusti

465 2522 619 2575 estis.
656 2520 932 2576 Permittit
959 2533 1140 2578 autem
1189 2539 1378 2577 eorum
1411 2526 1694 2594 potestati,
1733 2524 2045 2594 indignatus

465 2615 533 2667 de
565 2615 828 2668 violentia
859 2630 922 2670 ac
951 2615 1291 2684 impudentia
1318 2617 1557 2670 illorum.

535 2705 690 2760 Vers.
757 2707 812 2759 7.
900 2706 1300 2777 Responderunt
1359 2739 1430 2749 -—
1513 2711 1654 2781 fecit.
1729 2711 2041 2768 Naturalem

463 2797 737 2854 videlicet.
778 2799 893 2856 Hoc
921 2810 1106 2855 autem
1165 2801 1423 2856 dixerunt
1478 2802 1802 2872 iniustitiam
1868 2806 2046 2874 repel-

464 2893 665 2948 lentes,
697 2891 883 2962 Itaque
931 2909 1151 2948 rursum
1191 2893 1258 2948 ad
1290 2894 1454 2948 aliam
1499 2895 1835 2950 transierunt
1877 2913 2040 2951 accu-

465 2983 756 3039 sationem.
809 2985 950 3051 Quid
984 3001 1116 3056 ergo
1154 2986 1451 3041 Christus?
1520 2987 1656 3041 Cum
1721 2989 1788 3043 de
1846 2989 2046 3045 talibus

465 3093 587 3130 eum
626 3087 976 3143 accusarent,
1020 3079 1256 3145 tacebat,
1304 3080 1509 3134 dictum
1563 3080 1851 3149 complens
1915 3097 2044 3150 pro-

464 3169 742 3238 pheticum
782 3188 795 3223 :
833 3168 958 3223 Non
988 3173 1197 3240 aperuit
1231 3188 1285 3225 os
1313 3189 1469 3226 suum
1506 3172 1578 3227 “.

541 3259 691 3314 Vers.
730 3261 782 3315 8.
826 3261 958 3314 Cum
989 3291 1055 3303 -—
1084 3263 1280 3316 timuit.
1324 3262 1403 3316 Ne
1426 3262 1698 3331 quomodo
1727 3263 1780 3317 in
1813 3265 2046 3318 veritate

470 3355 610 3406 Deus
639 3365 804 3418 esset,
824 3364 879 3408 et
913 3370 1038 3409 eum
1068 3355 1430 3426 disperderet,
1462 3356 1534 3410 ita
1562 3355 1630 3410 ab
1661 3356 1780 3426 ipso
1808 3355 2045 3411 allectus

467 3448 818 3501 contumelia.

542 3538 695 3593 Vers.
718 3541 767 3594 9.
802 3540 868 3594 Et
918 3569 986 3580 —
1045 3543 1152 3596 tu?
1202 3539 1320 3596 Jam
1372 3556 1482 3595 non
1534 3542 1851 3614 interrogat,
1909 3542 2050 3608 Quid

470 3633 637 3701 fecisti
673 3633 753 3685 '5?
786 3634 903 3695 sed,
951 3633 1093 3689 Unde
1131 3650 1183 3688 es
1211 3637 1304 3690 tu.’
1325 3651 1354 3687 e
1378 3635 1538 3700 cmlo,
1566 3651 1638 3689 an
1667 3651 1698 3690 e
1726 3634 1908 3690 terra?

543 3723 697 3778 Υιτε.
731 3725 783 3779 9.
817 3723 970 3778 λειω
1021 3736 1200 3778 autem
1240 3756 1310 3767 —
1345 3727 1411 3779 ei.
1451 3725 1584 3780 Nam
1639 3727 1786 3796 quod
1839 3727 2051 3782 discere

468 3817 685 3886 qnmrit,
733 3816 842 3884 jam
885 3817 1172 3883 didicerat,
1207 3817 1427 3886 quando
1475 3819 1771 3874 audierat:
1815 3818 2051 3888 Regnum

470 3925 642 3963 meum
667 3923 771 3962 non
809 3917 880 3962 est
912 3925 973 3962 ex
1005 3910 1100 3962 hoc
1129 3911 1343 3963 mundo.
1383 3902 1447 3964 Et
1477 3910 1619 3965 sicut
1651 3922 1780 3965 tunc
1812 3911 2049 3966 molliter

470 3999 703 4055 allectus
733 4000 870 4053 nihil
903 4016 1026 4054 cum
1050 4001 1289 4071 juverat,
1317 4003 1389 4056 ita
1416 4013 1471 4058 et
1493 4017 1641 4056 nunc
1666 4002 1909 4056 futurum
1932 4011 2049 4058 erat

472 4098 533 4144 ut
565 4089 700 4144 nihil
717 4091 955 4160 juvaret,
992 4108 1113 4148 cum
1146 4093 1372 4162 ignavus
1398 4104 1547 4149 esset
1577 4109 1641 4148 ac
1669 4093 2046 4149 meticulosus.

545 4274 703 4329 Vers.
752 4275 837 4329 10.
897 4277 982 4329 Ait
1016 4308 1082 4319 -—
1115 4277 1206 4330 te?
1243 4277 1308 4329 Et
1341 4285 1579 4331 terretur
1607 4287 1663 4332 et
1694 4286 1896 4344 terret;
1931 4277 2056 4333 irri-

478 4377 628 4422 tatus
681 4369 828 4422 enim
888 4370 1033 4438 quod
1085 4370 1186 4424 sibi
1233 4386 1304 4425 ne
1342 4372 1517 4442 ipsum
1579 4371 1799 4439 quidem
1850 4370 2055 4426 foventi

475 4461 824 4531 respondeat,
857 4461 1119 4529 deinceps
1152 4463 1333 4518 vibrat
1367 4473 1718 4534 potestatem.
1755 4463 1860 4518 Sed
1893 4479 1925 4517 ο
1968 4465 2051 4518 in-

2071 1843 2118 1901 Β

2145 1611 2245 1678 μτᾳ
2277 1605 2518 1674 τοσαύτῃ
2541 1604 2729 1657 τοῦτον
2766 1603 2970 1665 ἰδόντες
3001 1600 3306 1673 κορεσθῶσι
3342 1599 3435 1653 καὶ
3457 1598 3712 1664 δυσωπη-

2145 1698 2330 1771 θῶσι.]

2220 1795 2420 1847 Καὶ-
2451 1792 2783 1861 ἄνθρωπος.
2831 1790 2887 1842 Ὀ
2917 1787 3202 1858 ἄνθρωπος
3234 1781 3386 1838 εἶπεν
3431 1780 3534 1834 ὑπὸ
3580 1795 3719 1846 συμ-

2147 1886 2402 1949 παθείαε,
2435 1886 2522 1938 ἵνα
2554 1887 2648 1937 καὶ
2675 1882 2828 1937 αὑτοὶ
2861 1879 3315 1950 συμπαθήσωσιν.

2221 1979 2360 2030 ’Ὅτε
2385 2006 2455 2016 —-
2475 1977 2682 2029 αὐτόν.
2721 1974 2809 2036 Ὦς
2839 1973 3107 2042 ἀνήμεροι
3137 1970 3318 2034 κύνες,
3365 1967 3560 2025 ἰδόντες
3618 1963 3715 2032 μό-

2147 2087 2236 2124 νον
2268 2069 2402 2139 (45),
2432 2066 2698 2136 ἐμμανῶς
2752 2063 3196 2133 καθυλάκτησαν,
3248 2060 3346 2132 [ὡς
3379 2057 3491 2130 (46)
3536 2057 3717 2122 ἄγριοι

2149 2164 2333 2233 θῆρες,
2370 2161 2682 2228 αἰσθόμενοι
2737 2157 2830 2211 τοῦ
2894 2157 3229 2226 θηράματος,
3269 2151 3435 2218 ὀξέως
3483 2147 3718 2215 ἐπέδρα-

2150 2274 2270 2325 μον.
2297 2254 2388 2323 Τῷ
2415 2253 2597 2323 φθόνῳ
2631 2254 2741 2322 γὰρ
2771 2249 3141 2320 μεθύσαντες,
3176 2248 3254 2309 εις
3276 2245 3366 2298 τὸν
3395 2242 3512 2296 κατ’
3554 2237 3718 2293 αὑτοῦ

2149 2352 2309 2421 φόνον
2343 2342 2869 2416 ἐξεϐακχεύθησαν]

2219 2442 2390 2511 Λέγει
2411 2469 2482 2481 ——
2512 2437 2730 2494 αἰτίαν.
2775 2437 2988 2506 Ὑμεῖς,
3022 2433 3208 2504 φησὶν,
3235 2431 3282 2483 οἱ
3311 2429 3503 2483 ἄδικοι.
3533 2426 3717 2493 Παρα-

2149 2537 2318 2606 χωρεῖ
2348 2534 2405 2586 δὲ
2458 2532 2672 2593 τούτοις
2701 2533 2802 2600 τῆς
2854 2528 3124 2594 ἐξουσίας,
3159 2517 3576 2590 δυσανασχετῶν
3625 2515 3718 2567 ἐπὶ

2148 2632 2212 2698 τῇ
2258 2627 2350 2697 βίᾳ
2389 2625 2484 2678 καὶ
2515 2621 2870 2694 ἀναισχυντίᾳ
2902 2619 3107 2674 αὐτῶν.

2235 2715 2668 2782 Ἀπεκρίθησαν
2717 2742 2785 2752 -—
2841 2711 3114 2778 ἐποίησε.
3182 2705 3406 2776 Γνήσιον
3458 2698 3720 2770 δηλονότι.

2148 2808 2603 2878 Ἀποτριόόμενοι
2627 2805 2682 2857 δὲ·
2712 2803 2812 2873 τὴν
2839 2801 3075 2863 ἀδικίαν,
3127 2797 3285 2850 τοῦτο
3339 2789 3513 2845 εἷπον.
3547 2789 3714 2841 Πάλιν

2149 2901 2241 2957 οὖν
2281 2900 2366 2968 ἐφ’
2393 2899 2592 2968 ἑτέραν
2629 2895 3013 2966 μετεπήδησαν
3073 2886 3404 2959 κατηγορίαν
3451 2883 3540 2934 ὑπ’
3585 2881 3722 2933 ἀπο-

2155 2996 2297 3065 ρίας.
2343 2994 2408 3045 Τί
2445 2987 2539 3043 οὖν
2565 2990 2592 3042 ὁ
2641 2987 2877 3058 Χριστός
2899 3003 2926 3052 ς,
2968 2981 3207 3036 Τοιαῦτα
3255 2974 3724 3046 κατηγορούντων.

2152 3087 2387 3150 ἐσιώπα,
2423 3081 2652 3153 πληρῶν
2709 3080 2771 3132 τὸ
2807 3073 3164 3148 προφητικόν·
3215 3073 3296 3124 ὅτι
3343 3071 3463 3122 Οὐκ
3502 3065 3728 3133 ἀνοίγει

2072 3192 2120 3256 c
2149 3181 2216 3234 τὸ
2256 3177 2452 3245 στόμα
2499 3173 2705 3229 αὐτοῦ.

2225 3243 2423 3324 "Ore;-
2448 3266 2734 3336 ἐφοϐήθη.
2754 3263 2984 3331 Μήποτε
3001 3261 3068 3330 τῇ
3094 3258 3205 3325 (47)
3226 3252 3453 3324 ἀληθείᾳ
3467 3247 3597 3309 Θεός
3616 3243 3726 3312 (ιε)

2149 3367 2289 3426 ἐστι,
2323 3362 2418 3415 καὶ
2468 3356 2827 3428 ὲξολοθρεύσῃ
2875 3352 3087 3415 τοῦτον,
3143 3348 3318 3410 οὕτως
3365 3341 3725 3427 ὑδριζόμενος

2155 3455 2288 3525 παρ’
2319 3453 2433 3524 (49)
2464 3450 2638 3520 αὐτῷ.

2224 3521 2336 3604 Καὶ
2373 3521 2444 3587 €—
2472 3546 2599 3609 σύ;
2640 3540 2839 3596 Οὐκέτι
2872 3537 3075 3608 ἐρωτᾷ,
3124 3534 3184 3589 Τί
3244 3528 3552 3596 ἐποίησας,
3596 3521 3731 3576 ἀλλά

2153 3642 2324 3696 Πόθεν
2355 3634 2408 3691 εἴ
2437 3640 2523 3701 σὺ,
2561 3636 2621 3701 ἐξ
2650 3629 2882 3703 οὐρανοῦ
2914 3630 2947 3698 ἢ
2981 3631 3046 3682 ἐκ
3074 3628 3205 3696 γῆςς

2235 3733 2300 3784 '0
2326 3729 2395 3783 δὲ
2433 3727 2761 3794 Ἰησοῦς-
2789 3720 2968 3785 αὐτῷ.
2999 3719 3140 3771 Διότι
3169 3718 3306 3785 ὅπερ
3332 3712 3511 3779 ἐζήτει
3538 3704 3729 3776 μαθεῖν

2153 3821 2379 3892 ἔμαθεν,
2413 3821 2501 3874 ὅτε
2545 3819 2780 3888 ἤκουσεν
2831 3815 2914 3865 ὅτι
2983 3809 3056 3865 Ἦ
3074 3806 3361 3873 ,βασιλεία
3399 3802 3436 3868 ἡ
3471 3798 3580 3892 ἐμή
3610 3797 3728 3848 οὐκ

2152 3890 2328 3970 ἐστιν
2364 3912 2432 3965 ἐκ
2481 3908 2590 3963 τοῦ
2645 3907 2879 3974 κόσμου
2919 3903 3156 3957 τούτου.
3213 3898 3344 3970 [Καὶ
3393 3894 3503 3966 (50)
3538 3890 3728 3956 ὥσπερ

2152 4009 2297 4072 τότε,
2321 3999 2585 4074 μαλακῶς
2606 3997 3058 4066 ἀντιποιούμενος
3080 3992 3214 4062 (51),
3240 3989 3392 4041 οὐδὲν
3421 3983 3724 4054 ὠφέλησεν,

2153 4099 2326 4159 οὕτως
2361 4095 2483 4148 οὺδέ
2512 4091 2610 4146 νῦν
2643 4090 2869 4158 ἔμελλεν
2893 4087 3221 4157 ὠφελήσειν,
3245 4080 3508 4149 ἄνανδρος
3531 4075 3607 4128 ῶν
3631 4075 3726 4126 καὶ

2155 4186 2473 4261 ψοφοδεὴς-1

2227 4257 2396 4348 Λέγει
2426 4309 2491 4319 -
2530 4293 2604 4332 σε
2624 4294 2642 4343 ;
2677 4276 2789 4329 Καὶ
2822 4273 3074 4345 φοϐεῖται
3109 4270 3206 4324 καὶ
3236 4265 3412 4337 φοϐεῖ.
3458 4257 3735 4332 Παροξυν-

2160 4376 2275 4438 θεὶς
2301 4374 2410 4445 γὰρ
2458 4372 2595 4425 διότι
2626 4370 2748 4424 οὐδὲ
2778 4367 2927 4439 αὐτῷ
2981 4364 3058 4436 τῷ
3114 4362 3373 4417 θάλποντι
3405 4356 3568 4445 αύτδν
3596 4355 3732 4445 ἁπεέ

2161 4464 2346 4535 κρίθη,
2373 4443 2557 4516 λοιπὸν
2571 4461 2825 4516 ἐπέσεισε
2845 4457 2944 4530 τὴν
2963 4455 3234 4522 ἐξουσίαν.
3259 4449 3423 4514 Ἀλλ’,
3438 4443 3483 4501 ὧ
3504 4446 3692 4514 ἀνόητε
3716 4444 3730 4496 ι

477 4553 736 4614 sensate!
769 4553 813 4606 si
869 4562 1196 4622 potestatem
1251 4555 1421 4610 habes
1475 4556 1654 4625 ipsum
1711 4555 2046 4621 absolvendi,

2172 4560 2210 4611 εἰ
2233 4556 2486 4622 ἐξουσίαν
2508 4555 2653 4626 ἔχεις
2681 4551 2951 4607 ἀπολῦσαι
2982 4548 3164 4612 αὑτὸν,
3193 4544 3311 4607 πῶς
3331 4543 3430 4595 οὐκ
3453 4537 3732 4599 ἀπολύεις,

476 4646 754 4714 quomodo
782 4661 890 4700 non
929 4647 1185 4712 absolvis,
1215 4663 1336 4701 cum
1368 4648 1508 4702 scias
1544 4663 1668 4702 eum
1717 4662 1903 4702 carere
1947 4648 2056 4704 cri-

475 4739 644 4802 mine,
696 4749 751 4794 et
802 4739 1121 4810 frequenter
1167 4742 1272 4798 hoc
1305 4742 1683 4797 testimonium
1735 4743 1804 4798 de
1831 4759 1900 4799 eo
1928 4759 2056 4814 per-

476 4833 741 4890 hibueris.

549 4999 594 5030 “
623 4999 726 5054 Isa.
783 5002 965 5070 Lm,7.
1079 5005 1124 5037 ⁷³
1158 5001 1315 5059 Joan.
1349 5022 1498 5072 mn,
1529 5007 1617 5062 56.

2165 4651 2321 4714 εἰδὼς
2351 4650 2617 4717 ἀναίτιον,
2651 4647 2745 4702 καὶ
2776 4644 3052 4716 διαφόρως
3103 4639 3261 4695 τοῦτο
3300 4632 3732 4708 προσμαρτυρῶν

2165 4743 2315 4814 αὐτῷ
2341 4759 2356 4808 ;

1662 5146 1859 5207 Variis
1889 5145 2196 5210 lectiones
2229 5149 2286 5206 et
2318 5148 2509 5206 notae.

558 5272 669 5341 (42)
697 5273 904 5327 Inclusa
938 5272 1138 5326 desunt
1168 5273 1232 5324 A.

557 5345 670 5410 (45)
717 5344 839 5400 Ιιςιιο
879 5343 1156 5414 prioribus
1182 5344 1364 5413 jungit
1396 5343 1459 5396 A.

558 5416 668 5483 (Η)
708 5417 832 5470 llzec
864 5417 1065 5470 absunt
1106 5416 1173 5470 Α.

557 5487 670 5553 (is)
699 5489 896 5540 Αὐτόν.

554 5558 667 5619 (46)
710 5559 921 5612 Inclusa
957 5567 1153 5613 oesunt
1184 5555 1249 5608 A.

554 5628 665 5697 (Π)
703 5630 780 5700 Τῇ
802 5631 1008 5685 omittit
1037 5632 1099 5684 Α.

556 5767 614 5833 Η)
658 5765 957 5828 Venatorrs.
983 5772 1039 5824 In
1075 5773 1261 5825 Graeco
1284 5781 1365 5823 est
1401 5772 1641 5841 θήραμα.
1672 5789 1777 5824 non
1801 5770 2061 5839 θηρατής.

487 5835 718 5907 Θήραμα
765 5857 892 5897 vero
945 5851 1027 5896 est
1087 5861 1166 5897 res
1204 5859 1320 5911 qam
1355 5835 1582 5908 rapitur.
1636 5845 1794 5913 Ergo,
1829 5835 2062 5910 p'rwda'm

2245 5270 2361 5340 (tsi
2390 5270 2572 5324 Malim
2615 5264 2671 5339 ᾗ.

2247 5337 2357 5412 (49)
2403 5342 2564 5395 Forte
2621 5337 2752 5410 παρ’
2781 5337 2965 5412 αὑτοῦ.

2245 5410 2356 5476 (50)
2402 5413 2610 5465 Inclusa
2638 5411 2840 5464 absunt
2878 5410 2943 5462 A.

2248 5470 2358 5551 (51)
2393 5483 2659 5552 lntellige,
2710 5481 2824 5554 ’τοῦΔ
2873 5478 3049 5547 Ἰησοῦ
3109 5478 3221 5539 τοῖς
3289 5473 3585 5554 Ἰουδμίοιςτ
3639 5470 3734 5523 Aut

2178 5543 2520 5622 simpliciter,
2553 5543 2743 5606 contra
2773 5543 2978 5614 nitens,
3010 5565 3068 5604 se
3098 5561 3379 5618 opponens
3411 5543 3633 5598 Iudaeis.

2177 5772 2476 5824 sentientes.
2501 5768 2592 5822 Sic
2623 5767 2772 5821 verbi
2805 5781 2991 5829 causa,
3017 5779 3138 5819 cum
3172 5760 3329 5828 lupus
3360 5773 3515 5829 ovem
3541 5755 3725 5818 cernit,

2180 5844 2442 5911 impetum
2473 5841 2527 5894 in
2565 5855 2684 5895 eam
2712 5839 2858 5894 iacit.
2888 5828 2998 5893 lloc
3031 5849 3158 5904 ergo
3194 5841 3274 5888 est
3307 5830 3415 5900 lupi
3443 5828 3674 5899 θήραμα.
