3976 6478
259 383 403 451 ΗΕΒ

1197 396 1579 460 COMMENT.
1625 401 1704 462 IN
1743 403 2122 469 JOANNEM.
2162 429 2228 446 ε·-
2269 413 2424 474 CAP.
2462 415 2619 475 XIX.

3388 424 3524 487 1465

324 506 651 576 Ἀπεκρίθη
683 535 752 546 —-
778 504 1028 560 ἄνωθεν.
1056 508 1376 579 Ἀπεκρίθη,
1404 516 1705 568 κατασπὼν
1738 517 1831 585 τὴν

2013 523 2166 578 Vers.
2199 525 2280 578 II.
2306 525 2592 596 Respondit
2614 558 2673 569 —
2694 535 2953 600 supernis.
2982 534 3300 604 Respondit,
3327 540 3523 595 fastum

250 597 361 650 άπὸ
388 600 491 666 τῆς
530 600 782 664 ἐξουσίας
808 599 978 668 ὀφρῦν
999 602 1189 664 αὑτοῦ,
1211 604 1303 657 καί
1327 622 1512 672 φησιν·
1536 609 1656 660 Οὺκ
1679 603 1838 674 εἶχες

250 689 557 751 ἐξουσίαν
607 690 895 759 οὐδεμίαν
925 695 1053 745 κατ’
1078 695 1247 762 ἐμοῦ,
1283 698 1334 747 εὶ
1351 697 1436 763 μὴ
1467 693 1542 764 ἦν
1571 713 1667 750 σοι
1693 713 1840 765 συγκ-

249 784 686 852 κεχωρημένον
713 785 780 837 ἐκ
816 785 985 850 Θεοῦ,
1012 783 1211 856 [δηλῶν
1237 787 1350 855 (59.)
1381 788 1501 840 κατ’
1526 790 1838 857 οἰκονομίαν

247 875 369 925 τινὰ
408 875 700 944 θειοτέραν
757 877 1008 945 πάσχειν.
1049 877 1168 929 ἰνα
1214 879 1268 929 δὲ
1303 879 1376 947 μὴ
1411 879 1650 942 ἀκούσας
1679 879 1837 933 τοῦτο

247 967 449 1037 νομίσῃ
487 968 776 1038 ἀπηλλάχθ
791 988 837 1022 ιι
871 969 1244 1038 ἐγκλήματος,
1273 971 1520 1040 ἐπήγαγε

320 1151 430 1203 Διὰ
467 1150 900 1219 τοῦτο-ἕχει.
940 1154 1086 1205 Διότι
1130 1153 1382 1218 ἐξουσίαν
1417 1153 1583 1223 ἔχεις,
1616 1155 1712 1206 καὶ
1737 1158 1835 1208 οὐκ

243 1241 517 1304 ἀπολύεις
544 1261 634 1310 με,
665 1244 763 1295 οὐκ
788 1242 1121 1296 ἀπολέλυσαι
1150 1245 1446 1312 ἁμαρτίας,
1481 1248 1528 1296 εἰ
1563 1247 1655 1296 καὶ
1683 1246 1838 1297 ἐλάτ-

241 1348 403 1394 τονος
453 1332 558 1400 τῆς
585 1334 694 1385 τῶν
730 1333 1089 1401 παραδόντων
1147 1335 1212 1404 μέ
1252 1351 1352 1386 σοι.
1391 1336 1497 1386 Καὶ
1537 1337 1647 1406 γάρ
1681 1331 1833 1389 οὗτοι

245 1422 347 1490 μὲν
380 1425 689 1492 μιαιφόνοι,
733 1426 796 1477 σὺ
824 1425 881 1477 δὲ
910 1424 1113 1487 ἁπαλὸς
1153 1427 1251 1476 καὶ
1274 1427 1614 1496 εὐρίπιστος.

325 1605 434 1657 Ἐκ
470 1633 541 1642 -
570 1605 776 1658 αὐτόν.
839 1603 1271 1675 [Καταπλαγεὶς
1313 1606 1425 1676 (55)
1467 1607 1596 1670 τοὺς
1641 1609 1834 1676 λόγους

241 1697 434 1752 αὑτοῦ.
486 1699 728 1751 Ἰουδαῖοι
781 1698 862 1761 δὲ,
919 1700 1014 1750 καὶ
1063 1698 1344 1770 θεοπρεπῆ
1407 1703 1609 1769 σημεῖα
1666 1700 1833 1754 αὑτοῦ

241 1790 421 1842 πολλὰ
455 1791 820 1858 θεασάμενοι,
856 1788 1058 1857 μᾶλλον
1099 1790 1443 1862 ἐμαίνοντο]

1941 613 2256 684 obiurgans,
2285 617 2377 684 qui
2416 618 2488 671 illi
2524 620 2594 672 ob
2635 631 2956 689 potestatem
3006 629 3350 681 accrescebat
3400 633 3521 701 (ιη),

1941 713 1996 756 et
2046 705 2120 757 ait
2180 704 2344 758 :Non
2399 707 2623 762 haberes
2674 721 2978 778 potestatem
3029 715 3192 767 ullam
3248 718 3520 770 adversth

1941 810 2043 858 me,
2076 796 2179 848 nisi
2234 806 2365 850 esset
2423 799 2514 850 tibi
2572 801 2756 853 datum
2819 819 2846 855 e
2894 806 3154 871 supernis,
3211 809 3521 875 signiﬁcans

1941 883 2120 936 divina
2162 887 2394 954 quadam
2432 888 2844 953 dispensatione
2886 907 2944 946 se
2989 893 3119 960 pati.
3181 893 3261 947 Ne
3315 906 3518 955 autem,

1942 974 2045 1030 hoc
2116 978 2323 1040 audito,
2388 980 2750 1035 arbitraretur
2806 998 2927 1037 sese
2983 985 3186 1038 absolvi
3252 987 3507 1048 crimine,

1941 1067 2224 1134 subjunxit
2258 1087 2271 1123 :

2010 1155 2164 1210 Vers.
2207 1159 2293 1210 II.
2335 1158 2622 1226 Propterea
2653 1189 2721 1201 -—
2774 1162 2944 1215 habet.
2991 1164 3128 1225 Ouia
3192 1173 3516 1232 potestatem

1940 1252 2129 1312 babes,
2160 1269 2260 1307 nec
2292 1255 2528 1309 absolvis
2559 1271 2665 1314 me.
2699 1271 2808 1308 non
2834 1272 2893 1309 es
2927 1257 3183 1310 immunis
3211 1273 3238 1309 a
3269 1267 3516 1326 put‘Catn,

1938 1362 2246 1415 quanquam
2307 1350 2486 1400 minus
2509 1348 2579 1402 sit
2619 1357 2846 1416 peccato
2895 1365 3086 1401 eorum
3141 1351 3232 1416 qui
3292 1364 3378 1400 me
3418 1345 3516 1400 tibi

1940 1434 2316 1490 tradiderunt:
2346 1435 2614 1502 siquidem
2655 1435 2728 1487 illi
2762 1436 3047 1488 homicidae
3075 1445 3203 1489 sunt
3231 1434 3508 1495 scelerati,

1940 1535 1996 1579 tu
2031 1541 2162 1579 vero
2189 1527 2365 1578 mollis
2394 1527 2664 1596 facileque
2699 1528 2976 1581 credulus.

2007 1617 2161 1671 Vers.
2184 1619 2272 1671 12.
2295 1618 2374 1671 Ea:
2410 1647 2462 1657 -—
2479 1636 2617 1673 eum.
2638 1619 2992 1697 Sermonibus
3015 1621 3131 1682 eius
3166 1617 3512 1686 perterritus.

1935 1706 2102 1760 Judzei
2137 1723 2290 1770 vero,
2315 1709 2404 1775 qui
2457 1709 2635 1761 divina
2663 1711 2782 1775 ejus
2829 1709 2980 1778 signa
3022 1708 3332 1777 frequenter
3374 1721 3515 1761 con-

1939 1807 2245 1865 spexerant,
2271 1799 2504 1866 amplius
2529 1800 2892 1853 insaniebant.

307 1884 374 1934 οι
425 1882 498 1933 δὲ
558 1856 946 1935 Ἰουδαῖοιγ-
979 1856 1252 1946 Καίσαρι.
1304 1856 1526 1943 Ἰδόντες
1574 1883 1831 1955 ἀνόνητον

1971 1856 1984 1865 ’
2012 1890 2162 1944 Vers.
2209 1856 2292 1943 η.
2342 1856 2515 1943 juda’i
2563 1901 2739 1943 autem
2771 1921 2830 1930 -—
2860 1892 3078 1944 Ca'sari.
3137 1889 3322 1942 Intuiti
3365 1885 3518 1954 obje-

238 1975 332 2024 τδιν
368 1973 752 2042 προϐληθέντα
783 1972 968 2041 νόμον,
999 1973 1094 2024 καὶ
1127 1973 1350 2039 γνόντες
1377 1973 1458 2024 ὅτι
1512 1972 1666 2042 ζητεῖ
1696 1979 1832 2028 ἁπο-

239 2064 408 2116 λῦσαι
451 2065 636 2128 αὐτὸν,
672 2065 833 2116 πάλιν
869 2065 960 2116 ἐπὶ
1000 2064 1098 2132 τὴν
1139 2065 1478 2134 κατηγορίαν
1508 2069 1606 2132 τῆς
1637 2084 1834 2136 τυραν-

240 2156 388 2218 νίδος
425 2155 866 2226 μεταχωροῦσιν,
916 2155 991 2216 ὡς
1035 2155 1094 2206 οὐ
1127 2155 1445 2222 παροπτέαν
1489 2155 1566 2225 τῷ
1593 2157 1830 2226 Πιλάτῳ,

240 2246 332 2300 διὰ
388 2251 484 2300 τὸν
538 2249 644 2300 άπὸ
699 2247 793 2298 τοῦ
842 2247 1118 2316 Καίσαρος
1173 2247 1356 2314 φόῆον.
1391 2249 1513 2300 Οὐκ
1551 2245 1830 2316 εἷφιλος,

239 2338 424 2392 εἵτουν
455 2338 665 2401 εὔνους.
708 2338 1030 2404 Ἀντιλέγει
1065 2339 1143 2403 δὲ,
1172 2338 1289 2408 ἦτοι
1326 2338 1621 2409 Ἀνταίρει.

313 2522 432 2574 Καὶ
469 2520 574 2574 ποῦ
606 2515 761 2585 οὗτος
790 2523 1108 2591 τυραννίδος
1134 2521 1245 2594 (54)
1279 2523 1454 2588 ὲά).ω;
1486 2524 1651 2576 πόθεν
1675 2523 1835 2594 ἔχετε

241 2614 421 2679 δεῖξαι
455 2613 645 2680 τοῦτο;
682 2614 790 2666 ἀπὸ
840 2614 938 2682 τῆς
983 2614 1338 2683 άλουργίδοςς
1377 2617 1485 2667 ἀπὸ
1520 2614 1614 2667 τοῦ
1646 2616 1829 2685 διαδή-

251 2722 459 2774 ματος;
498 2706 605 2756 ἀπὺ
656 2705 748 2756 τοῦ
803 2705 1113 2773 όχήματοςς
1167 2705 1272 2757 ἀπὸ
1305 2705 1402 2773 τῆς
1448 2705 1616 2774 ἄλλης
1663 2723 1838 2773 παρα-

250 2799 458 2867 σκευῆς
487 2799 582 2850 κα¹ι
621 2797 734 2850 τῶν
769 2799 1155 2867 παρασήμων;
1188 2797 1249 2849 οὐ
1295 2798 1475 2850 πάντα
1509 2792 1578 2866 ἦν
1616 2798 1838 2866 εὐτελὴς

244 2892 343 2942 καὶ
388 2891 595 2959 τροφὴν
631 2890 723 2940 καὶ
764 2889 955 2956 στολὴν
1005 2889 1100 2940 καὶ
1145 2887 1362 2956 οἴκησιν
1405 2887 1596 2940 καὶτὰ
1637 2889 1834 2952 λοιπάς

249 2983 395 3052 μετά
447 2980 656 3034 δώδεκα
716 2981 893 3050 μόνων
926 2981 1356 3048 περιερχόμενος
1417 2979 1699 3049 μαθητῶν,
1746 2981 1837 3032 καὶ

245 3075 457 3127 τούτων
489 3073 752 3146 οἰκτρῶν·
797 3075 865 3127 τὰ
891 3073 1061 3126 πλείω
1093 3073 1149 3125 δὲ
1193 3073 1373 3142 μόνος.

325 3350 394 3402 '0
416 3343 528 3403 οὖν
553 3348 890 3415 Πιλάτος-
910 3346 1171 3403 Γαϐαθᾶ.
1198 3347 1446 3418 Νομίσας
1470 3346 1832 3419 προσκρούειν

242 3441 325 3512 τῷ
383 3439 663 3509 Καίσαρι,
730 3441 824 3492 καὶ
885 3439 1241 3505 κινδυνεύειν,
1322 3440 1371 3492 ει
1455 3438 1674 3507 παρίδοι
1733 3439 1834 3507 τὴν

243 3533 509 3599 τοιαύτην
543 3533 882 3602 κατηγορίαν
921 3532 1297 3596 ἀνεξέταστον,
1333 3533 1541 3602 ἠγαγεν
1584 3531 1689 3594 ἔξω
1719 3530 1832 3600 (55)

242 3625 347 3692 τῆς
382 3625 588 3685 πόλεως
635 3624 726 3675 τὸν
766 3621 994 3692 Ἰησοῦν,
1027 3624 1121 3675 καὶ
1153 3623 1409 3675 ἐκάθισεν
1453 3625 1544 3675 ἐπὶ
1590 3622 1834 3692 βήματος

243 3715 508 3784 δημοσίᾳ,
542 3715 629 3766 ἵνα
666 3713 876 3776 πάντας
908 3712 1021 3782 ἔχοι
1058 3713 1346 3784 μάρτυρας
1375 3711 1476 3780 τῆς
1507 3711 1830 3777 ἐξετάσεως.

319 3892 434 3952 Ἦν
461 3929 528 3941 -
560 3896 724 3962 ἕκτη.
782 3897 1284 3965 Παρεσημειὼσατο
1324 3895 1417 3946 καὶ
1464 3893 1562 3964 τὴν
1620 3893 1834 3963 ἡμέραν

243 3989 339 4041 καὶ
379 3989 478 4056 τὴν
513 3987 684 4057 ὥραν,
733 3988 998 4040 δεικνύων
1053 3989 1135 4040 ὅτι
1184 3987 1244 4039 οὒ
1283 3987 1443 4054 μόνον
1498 3989 1554 4037 ὲν
1598 3986 1734 4054 αὐτῇ
1766 3986 1831 4054 τῇ

247 4076 436 4146 ἡμέρᾳ
468 4079 560 4128 τοῦ
609 4078 799 4146 Πάσχα
822 4119 836 4141 ,
872 4079 1008 4130 ἀλλὰ
1055 4082 1151 4131 καὶ
1182 4077 1283 4145 τῆς
1332 4077 1545 4146 ἡμέρας
1586 4077 1684 4145 ἠδη
1720 4076 1835 4126 κλι-

243 4168 448 4237 νούσης
483 4169 578 4221 καὶ
620 4169 948 4239 ὲγγιζούσης
994 4173 1062 4240 τῇ
1110 4170 1320 4241 ἑσπέρᾳ
1355 4170 1450 4236 τῆς
1495 4168 1711 4236 ἑορτῆς,
1744 4168 1834 4218 ὅτε

244 4261 309 4312 τὸ
349 4261 541 4330 Πάσχα
596 4261 774 4326 ἔθυον,
821 4263 1173 4332 δικαστήριον
1240 4261 1617 4330 θανατηφόρον
1672 4276 1830 4310 συνεο

246 4353 501 4422 κρότουν,
535 4354 585 4405 οἱ
639 4355 745 4424 πρὸ
795 4355 1023 4425 βραχέος
1081 4356 1322 4425 μιασμὺν
1381 4353 1722 4424 ἡγησάμενοι
1773 4352 1834 4404 τὸ

248 4443 505 4510 ἔπιὸἧναι
532 4444 626 4496 τοῦ
660 4445 890 4515 δικαστη
902 4446 1018 4514 ρίου
1031 4488 1042 4499 .

1934 1990 2076 2035 ctam
2117 1981 2289 2047 legem
2323 1980 2492 2034 fuisse
2528 1981 2810 2043 inutilem,
2846 1991 2900 2033 et
2955 1981 3317 2047 intelligentes
3369 1977 3515 2044 quod

1935 2085 2058 2123 eum
2086 2070 2244 2122 vellet
2275 2070 2573 2130 absolvere,
2634 2072 2700 2123 ad
2735 2072 3136 2124 accusationem
3187 2070 3380 2120 iterum
3438 2077 3518 2136 ty.

1936 2161 2184 2215 rannidis
2249 2161 2562 2223 divertunt,
2627 2177 2784 2230 quam
2844 2162 3038 2214 timore
3092 2159 3324 2211 (Taisaris
3403 2173 3514 2210 non

1936 2261 2122 2322 posset
2155 2254 2306 2320 parvi
2343 2253 2582 2321 pendere
2624 2252 2847 2305 Pilatus.
2899 2252 3010 2304 Non
3051 2268 3102 2304 es
3135 2251 3354 2310 amicus,
3399 2250 3515 2300 sive

1936 2345 2248 2399 benevolus.
2311 2343 2637 2397 Contradicit
2692 2360 2843 2407 vero,
2903 2346 3005 2397 hoc
3066 2352 3166 2404 est,
3235 2343 3514 2395 Adversa-

1940 2443 2031 2490 tur
2056 2439 2157 2504 (ιι).

2009 2525 2237 2590 Verum,
2278 2526 2557 2595 quomodo
2622 2526 2710 2578 hic
2777 2524 3116 2594 tyrannidem
3172 2524 3515 2578 meditatur?

1938 2619 2088 2672 unde
2120 2619 2220 2671 hoc
2246 2620 2472 2685 potestis
2505 2618 2840 2670 ostendere?
2871 2632 2932 2668 au
2958 2632 2986 2668 a
3011 2625 3160 2668 veste
3181 2615 3516 2684 purpurea?

1940 2710 2354 2764 adiadcmate?
2414 2712 2481 2763 ab
2527 2710 2762 2762 habitu?
2842 2710 3022 2761 aliove
3080 2717 3364 2776 apparatu,
3425 2716 3520 2760 aut

1942 2801 2290 2871 Insignibus?
2359 2816 2540 2853 annon
2582 2799 2766 2852 omnia
2820 2799 3145 2864 abiectionis
3198 2808 3356 2851 erant
3414 2799 3511 2864 (ο),

1939 2893 2053 2946 sive
2084 2893 2425 2955 alimentum,
2482 2893 2596 2945 sive
2647 2892 2986 2951 indumenta,
3027 2892 3143 2945 sive
3197 2891 3415 2943 domum
3453 2905 3516 2942 ac

1939 2983 2408 3037 conversationem
2438 2991 2532 3035 aut
2566 2991 2761 3034 caetera
2801 2983 3106 3048 spectetis?
3129 2999 3252 3035 cum
3303 2982 3516 3035 duode-

1942 3071 2049 3124 cim
2092 3078 2302 3122 tantum
2357 3069 2687 3121 circumiens
2727 3069 3032 3136 discipulis,
3094 3070 3270 3138 iisque
3325 3071 3513 3122 admo-

1861 3186 1904 3244 ο
1945 3161 2073 3215 dum
2127 3160 2423 3215 humilibus
2477 3169 2533 3213 et
2593 3159 2858 3228 abiectis,
2924 3160 3033 3212 imo
3073 3171 3129 3212 et
3190 3161 3510 3228 plerumque

1940 3249 2109 3303 solus.

2005 3341 2160 3397 νει-ε.
2200 3342 2287 3396 15.
2349 3341 2554 3395 Pilatus
2619 3358 2838 3411 ergo—
2887 3341 3150 3396 Gabatha.
3206 3341 3518 3395 Arbitratus

1937 3452 2058 3492 sese
2105 3436 2443 3490 otI'ensurum
2499 3433 2770 3488 Caesarem
2824 3449 2888 3488 ac
2943 3434 3402 3502 periclitaturam,
3469 3431 3517 3485 si

1939 3528 2253 3598 hujusmodi
2294 3526 2704 3583 accusationem
2739 3525 3101 3580 indiscussam
3133 3522 3516 3590 praetereundo

1937 3628 2343 3681 contemneret,
2386 3618 2537 3671 duxit
2594 3614 2781 3670 Jesum
2850 3625 3004 3668 extra
3074 3614 3411 3682 praetorium,
3455 3627 3518 3666 ac

1939 3711 2159 3781 publice
2196 3712 2460 3780 seditpro
2496 3710 2779 3772 tribunali,
2830 3717 2891 3761 ut
2938 3706 3232 3761 universos
3291 3706 3519 3758 haberet

1938 3817 2053 3857 suae
2085 3803 2458 3872 inquisitionis
2491 3812 2681 3856 testes.

2011 3890 2161 3945 Vers.
2205 3893 2292 3945 M.
2321 3891 2747 3944 Erat—sexta.
2799 3889 2950 3944 Diem
2992 3905 3055 3942 ac
3107 3889 3297 3940 horam
3351 3885 3521 3955 signi-

1937 3983 2138 4046 ﬁcavit,
2163 3984 2458 4038 ostendens
2506 3983 2652 4050 quod
2675 3997 2784 4036 non
2815 3982 2988 4036 solum
3016 3981 3135 4050 ipso
3164 3979 3253 4033 die
3274 3978 3515 4039 Paschaa,

1935 4089 2124 4129 verum
2153 4077 2315 4127 etiam
2360 4074 2580 4144 diejam
2639 4074 2972 4136 declinante,
3024 4074 3256 4141 Iestique
3290 4086 3518 4140 vespera

1939 4167 2430 4235 appropinquante,
2459 4166 2678 4234 quando
2704 4165 2908 4219 Pascha
2934 4164 3317 4227 immolabant,
3345 4161 3516 4216 fune-

1936 4268 2078 4311 stum
2138 4257 2377 4311 tribunal
2428 4257 2825 4322 convocabant,
2885 4256 2982 4324 qui
3032 4256 3190 4323 paulo
3244 4264 3373 4308 ante
3395 4255 3518 4308 Ioco

1934 4349 2132 4420 piaculi
2169 4349 2463 4413 habebant,
2490 4347 2803 4416 huiusmodi
2832 4346 3067 4400 tribunal
3093 4345 3372 4399 accedere.

321 4537 430 4589 Καὶ
467 4567 535 4578 -
562 4537 750 4605 ὑμῶν.
799 4540 984 4606 Ἀφεὶς
1018 4539 1267 4604 ἐξετάσαι
1301 4536 1462 4591 πάλιν
1489 4541 1568 4602 είς
1601 4540 1660 4592 τὸ
1697 4539 1824 4591 δυσ-

2005 4539 2160 4594 Vers.
2202 4538 2286 4591 I4.
2317 4537 2670 4590 Et—vester.
2695 4534 2904 4588 Relicta
2935 4531 3283 4587 discussione
3318 4528 3515 4582 iterum

249 4630 470 4700 ωπῆσαι
510 4629 732 4694 τούτους
776 4631 1063 4700 ἐτράπετο.
1090 4629 1231 4702 [Ἴδε
1255 4629 1365 4701 (56)
1404 4631 1535 4701 γὰρ,
1569 4629 1760 4700 φησὶν,
1795 4633 1829 4684 ὁ

1937 4632 2004 4687 ad
2035 4630 2358 4702 placandum
2381 4645 2478 4685 eos
2535 4628 2919 4686 convertitur:
2973 4627 3130 4690 Ecce,
3184 4621 3387 4693 inquit,
3426 4635 3520 4674 rex

1444 4805 1652 4868 Varias
1696 4805 2004 4869 lectiones
2036 4813 2098 4869 et
2139 4811 2330 4869 notae.

323 4977 434 5043 (52)
470 4976 685 5031 Inclusa
722 4979 921 5032 desunt
954 4974 1036 5032 Α-

322 5048 433 5117 (53)
457 5048 673 5102 Inclusa
709 5050 910 5102 absunt
943 5049 1008 5102 A.

291 5116 433 5197 ⁸(ὄρ)
457 5118 792 5197 Ῑυραννίδος
809 5116 1662 5197 altaxeaﬂarestaﬂectatiregni
1688 5131 1822 5197 cnn-

251 5188 418 5241 vinci.
456 5185 650 5244 Nescio
704 5203 853 5258 ergo,
905 5189 1052 5242 unde
1107 5189 1180 5243 sit
1223 5189 1541 5260 interpretis
1580 5185 1824 5241 'medita-

253 5272 360 5313 μιν.

322 5413 418 5482 (m)
446 5413 806 5469 Accrescebat.
845 5414 963 5470 Non
995 5424 1079 5470 est
1108 5415 1164 5468 in
1193 5412 1400 5467 Graeco.
1455 5413 1619 5467 Forte
1647 5428 1818 5480 προσ·

252 5483 489 5551 φύουσαν
523 5486 750 5538 invenit.
783 5485 966 5540 Redde
1022 5505 1034 5539 :
1088 5485 1375 5552 respondit,
1427 5493 1481 5536 ιιι
1504 5484 1671 5546 eiusa
1724 5499 1818 5550 po-

255 5555 416 5606 tentia
443 5553 759 5625 (sublatum)
789 5556 1127 5620 supercilium
1153 5554 1470 5607 detraheret.
1516 5553 1817 5607 Potentiam

253 5625 395 5677 enim
416 5638 510 5677 seu
551 5631 870 5693 potestatem
906 5625 1160 5686 habebat,
1195 5634 1252 5676 ut
1287 5638 1504 5692 prases.

325 5697 401 5757 tn)
437 5689 772 5774 Adversatur.
802 5695 856 5746 In
889 5694 1077 5774 graeco
1134 5689 1529 5774 ἀνταίρειρωε
1579 5700 1681 5770 est.
1722 5689 1815 5744 Di-

2005 4974 2116 5044 (55)
2151 4974 2456 5029 Hentenius
2481 4991 2496 5029 :
2523 4972 2883 5042 πραιτωρίόυ.
2914 4971 3131 5044 Πόλεως
3157 4979 3305 5026 certe
3333 4967 3515 5044 locum

1933 5041 2042 5101 non
2080 5046 2263 5099 habet.
2288 5041 2699 5099 Coudemn’atus
2724 5041 2869 5097 enim
2895 5043 3115 5096 demum
3137 5048 3287 5096 extra
3321 5041 3514 5092 urbem

1935 5117 2177 5170 ducitur.
2207 5116 2418 5182 L‘onjici
2449 5115 2643 5184 possit,
2690 5115 2786 5182 τῆς
2808 5112 2983 5184 πύλης
3013 5123 3109 5167 aut
3135 5111 3230 5163 τοῦ
3264 5109 3516 5171 πυλῶνος

1933 5187 2031 5238 τοῦ
2052 5187 2420 5256 ίπραιτωρίου.

2006 5255 2119 5326 (56)
2151 5255 2364 5311 Inclusa
2397 5257 2598 5311 absunt
2637 5256 2702 5308 A.

1927 5410 2330 5536 g1;I;st[ttntivum
2387 5410 2683 5480 ἀντάρτης.
2737 5408 2874 5464 Vide
2919 5407 3200 5478 ChrySOSt.
3253 5415 3292 5460 ι.
3322 5405 3385 5466 ν,
3451 5420 3508 5472 p.

2090 5499 2168 5536 tn.

2090 5499 2168 5536 ιη.

1999 5553 2073 5623 (0)
2125 5553 2314 5605 Annon
2340 5549 2521 5623 gmnia
2553 5548 2868 5623 abjectionis
2916 5559 3067 5623 erant
3093 5547 3118 5599 ?
3173 5547 3250 5599 Ac
3293 5543 3335 5623 si
3365 5545 3514 5614 lege-

1926 5614 2014 5685 rit,
2043 5614 2104 5676 οὑ
2141 5623 2315 5674 πάντα
2337 5616 2406 5690 ἦν
2435 5614 2729 5690 εὐτελείας,
2773 5620 2865 5671 καὶ
2891 5619 3087 5690 τροφὴ,
3123 5632 3194 5690 κ.-
3212 5631 3264 5668 τ.

1924 5681 2108 5748 Ilcdde
2155 5710 2167 5746 :
2206 5681 2394 5744 Nonne
2422 5693 2473 5742 in
2503 5681 2745 5743 omnibus
2772 5697 2886 5744 erat
2924 5681 3411 5756 uilis-(acltumiiis)
3445 5683 3499 5735 in

255 5766 397 5816 cizur
421 5765 562 5817 enim
598 5764 874 5834 ἀνταίρειν
909 5764 1065 5819 deiis
1092 5765 1182 5830 qui
1217 5763 1447 5832 principi
1481 5779 1543 5816 ac
1570 5763 1813 5834 regi__suo
1919 5765 2077 5830 victu,
2140 5763 2191 5816 in
2232 5763 2438 5828 vestitu,
2474 5771 2579 5815 etc.

258 5849 315 5889 sc
359 5830 892 5904 opponuntideoque
947 5830 1288 5905 tyrannidem
1344 5830 1812 5889 atl'cctautfllinc
