3976 6474
471 377 609 460 1m

1683 375 2069 436 EUTIIYMII
2109 373 2472 433 ZlGABENI

3578 368 3709 431 1473

538 495 838 552 Considera
866 502 1068 559 autem,
1108 495 1253 564 quod
1301 504 1431 548 ante
1465 493 1773 562 passionem
1824 491 2044 560 quidem

2219 487 2413 540 Σκόπει
2441 487 2499 540 δὲ
2528 485 2639 546 πῶ,;
2664 485 2771 555 πρὸ
2799 486 2895 553 μὲν
2919 481 3009 538 τοῦ
3044 485 3245 546 πάθους
3277 484 3504 554 ἠγωνία.
3540 485 3629 536 νῦν
3655 486 3712 539 Et

471 588 827 642 vehementer
853 587 1177 656 angebatur,
1214 601 1360 639 nunc
1408 600 1537 639 vero
1568 585 1687 638 sine
1732 583 2045 638 turbatione

2188 577 2436 646 ταράχως
2486 574 2793 640 διαλέγεται
2819 589 2832 602 ·
2883 574 2999 624 ἐκεῖ
3029 573 3127 639 μὲν
3159 573 3265 640 γὰρ
3299 574 3329 636 ἠ
3361 570 3459 640 τῆς
3507 570 3712 636 φύσεως

471 678 764 746 alloquitur
799 693 815 729 :
853 677 1120 745 siquidem
1154 676 1227 731 ibi
1254 687 1462 730 naturae
1487 675 1800 736 inﬁrmitas,
1837 672 1926 727 hic
1950 688 2048 726 au-

2149 666 2434 729 ἀσθένεια,
2485 662 2717 716 ἐνταῦθα
2773 663 2827 714 δὲ
2874 663 2907 731 ἡ
2961 662 3058 730 τῆς
3102 663 3375 730 ὑπομονῆς
3413 663 3708 730 περιηυσία

475 778 582 823 tem
612 766 888 837 patientiae
909 767 1254 822 vehementia
1305 775 1550 836 apparet.
1575 766 2046 831 Quemadmodqu

2194 756 2423 810 αίνεται.
2482 754 2736 827 [Ὥσπερ
2795 753 2906 823 (69)
2963 754 3071 822 γὰρ
3125 753 3223 821 τὴν
3271 752 3563 821 ἐπιθυμίαν
3619 751 3716 817 τῆς

473 857 617 938 enim
638 857 1137 926 concupiscentiam
1184 857 1583 911 commistionis
1622 871 1945 926 corporum,
1987 855 2052 908 li-

473 959 560 1004 cet
586 951 938 1004 vehementer
967 949 1123 1003 nobis
1153 949 1220 1003 ad
1260 951 1670 1004 successionem
1725 949 1947 1019 generis
1967 947 2050 1000 in-

474 1041 656 1102 sitam,
708 1041 1073 1110 philosophiae
1123 1040 1293 1095 dediti
1346 1039 1409 1111 (t)
1472 1040 1914 1110 exstinguimus:
1978 1038 2053 1091 ita

473 1147 692 1200 quoque
728 1133 855 1185 vitae
888 1132 1271 1200 cupiditatem,
1296 1147 1609 1202 quanquam
1643 1132 1954 1201 plurimam,
1985 1145 2054 1184 ne

476 1237 577 1277 nos
610 1225 753 1291 ipsos
779 1223 1181 1287 interimamus,
1203 1223 1361 1278 nobis
1387 1223 1635 1284 inditam.
1653 1222 2052 1292 philosophiam

477 1322 766 1381 sequentes
800 1314 1163 1369 Christianam
1187 1314 1513 1385 frangimus:
1544 1324 1601 1368 et
1633 1324 1762 1368 tunc
1792 1314 2051 1368 turbatio.

478 1420 599 1472 quae
621 1421 684 1458 ex
717 1406 888 1459 nimio
929 1406 1050 1460 vitae
1070 1421 1255 1464 amore
1283 1407 1631 1475 procedebat,
1656 1421 1686 1460 a
1717 1405 2056 1475 philosophia

478 1497 791 1553 Christiana
819 1499 1197 1568 supprimitur,
1238 1513 1301 1553 ac
1342 1500 1412 1552 ita
1451 1499 1510 1552 lit
1551 1509 1608 1552 ut
1634 1499 1930 1554 vincantur
1967 1515 2060 1569 pe-

476 1585 673 1654 ficuln.

551 1677 694 1730 Nihil
721 1688 899 1732 autem
921 1679 1156 1749 amplius
1187 1691 1518 1735 testamento
1539 1681 1779 1754 cavitj(u)
1809 1723 1822 1735 .
1851 1684 2056 1751 partim

479 1769 725 1836 quidem.
759 1774 981 1840 prapter
1019 1773 1282 1841 temporis
1313 1773 1617 1842 angustiam
1650 1791 1662 1826 :
1710 1775 1906 1842 partim
1959 1790 2056 1828 au-

484 1869 613 1923 tem,
647 1861 772 1928 quia
809 1863 1109 1930 temporale
1145 1864 1367 1932 quidem
1426 1864 1558 1916 nihil
1600 1864 1808 1927 habuit,
1841 1867 1908 1918 de
1953 1866 2064 1933 spi-

484 1950 773 2005 ritualibus
806 1967 934 2007 vero
964 1953 1117 2021 prius
1163 1955 1528 2009 communiter
1557 1955 1814 2010 omnibus
1856 1971 2062 2025 praece-

485 2053 662 2112 perat.
913 2052 918 2058 '
1096 2103 1105 2106 ,

556 2134 710 2189 Vers.
773 2135 864 2190 27.
934 2137 1004 2193 Et
1050 2156 1266 2194 —stta.
1329 2140 1488 2195 Juxta
1559 2141 1802 2211 magistri
1859 2155 2064 2209 praece-

479 2234 664 2296 ptum.

563 2317 714 2374 Vers.
750 2322 839 2376 28.
897 2323 1089 2377 Postea
1122 2354 1180 2364 —
1207 2335 1579 2378 consummata
1599 2333 1785 2380 essent.
1835 2325 2064 2395 Reliqua

486 2411 688 2475 Omnia,
723 2428 842 2480 quae
871 2429 980 2467 suae
1005 2423 1159 2468 erant
1194 2416 1640 2484 dispensationis.

559 2503 712 2557 Vers.
739 2505 831 2559 28.
856 2506 1158 2562 ‘Ut—Vers.
1194 2507 1287 2564 29.
1325 2510 1405 2563 ori
1426 2510 1558 2578 ejus.
1593 2507 1726 2564 Nam
1755 2509 1930 2564 solum
1962 2509 2067 2563 hoc

490 2593 758 2662 reliquum
792 2605 927 2650 erat.
968 2598 1304 2668 Scripturam
1361 2610 1544 2655 autem
1568 2600 1700 2654 dicit
1729 2600 2063 2664 Davidicam,

486 2697 607 2751 quse
645 2683 714 2736 ait
744 2703 756 2736 :
787 2684 818 2737 ἱ
837 2695 855 2744 :
874 2688 1126 2740 dederunt
1149 2690 1202 2741 in
1231 2705 1405 2742 escam
1431 2705 1600 2743 meam
1621 2689 1710 2760 fel,
1747 2699 1795 2743 et
1823 2690 1894 2742 ad
1922 2690 2064 2742 sitim

490 2784 663 2822 meam
705 2781 1011 2833 potaverunt
1043 2791 1120 2828 me
1153 2787 1298 2828 aceto
1330 2775 1397 2832 ”.

560 2859 754 2923 Qumre
776 2874 956 2915 autem
982 2866 1243 2932 praedicto
1284 2868 1464 2935 capite
1501 2868 1836 2923 sententiam
1872 2868 2016 2922 illam
2049 2885 2064 2921 :

491 2946 758 3002 Dederunt
778 2951 828 3003 ei
852 2953 921 3004 ad
949 2954 1227 3006 bibendum
1247 2967 1452 3008 acetum
1482 2974 1597 3010 cum
1625 2959 1743 3029 felle
1763 2963 1973 3013 mislum
1986 2959 2068 3020 M:

492 3048 547 3091 et
579 3039 717 3107 lege,
741 3058 861 3110 quae
883 3044 956 3100 ibi
975 3045 1118 3099 dicta
1141 3057 1286 3102 sunt.
1320 3049 1570 3120 llyssopo
1587 3066 1715 3104 vero
1745 3052 2068 3120 appositam,

494 3131 608 3184 sive
644 3132 858 3202 hyssopi
893 3138 1166 3199 arundini,
1191 3156 1354 3207 quam
1380 3142 1444 3195 ad
1469 3157 1688 3203 manum
1713 3155 2065 3213 repererunt:

2188 3139 2499 3209 περιθέντες
2522 3177 2536 3197 .

497 3221 658 3292 idque
685 3236 908 3295 propter
936 3231 1117 3286 crucis
1147 3233 1489 3302 altitudinem
1524 3235 1618 3308 (υ).
1639 3236 1944 3290 llludebant
1971 3252 2070 3292 au-

498 3322 606 3365 tem
638 3317 686 3368 ei
720 3317 1016 3375 oﬂerentes
1046 3333 1287 3376 acetum.

569 3404 720 3458 Vers.
754 3407 842 3462 '50.
893 3409 1029 3463 Cum
1063 3442 1134 3452 —
1168 3427 1589 3471 consummatum
1659 3429 1757 3474 est.
1810 3422 2074 3477 Omnibus

495 3497 740 3553 numeris
771 3502 1039 3572 completa
1065 3515 1192 3560 sunt
1223 3509 1426 3574 omnia,
1461 3511 1562 3572 sic,
1593 3518 1652 3564 ut
1675 3511 1785 3581 jam
1807 3511 1938 3566 nihil
1973 3513 2075 3568 de-

500 3591 668 3645 tieiat.

575 3681 730 3739 Vers.
769 3687 858 3740 50.
902 3689 965 3741 Et
997 3721 1067 3729 —
1094 3694 1365 3760 spiritum.
1399 3696 1544 3759 Non,
1571 3709 1856 3769 postquam
1884 3700 2074 3770 exspi-

499 3784 662 3836 rawt,
702 3787 866 3845 caput
898 3779 1196 3845 inclinavit,
1235 3784 1380 3852 quod
1408 3785 1459 3838 in
1495 3788 1653 3842 nobis
1700 3790 1899 3844 accidit
1941 3791 2076 3845 :sed

498 3875 785 3934 postquam
806 3869 1080 3925 inclinavit
1105 3885 1292 3944 caput,
1316 3881 1613 3948 exspiravit
1651 3896 1672 3934 :
1707 3891 1768 3937 ut
1800 3883 2075 3938 discamus

497 3956 663 4023 quod,
696 3961 913 4027 quando
942 3963 1132 4029 voluit,
1161 3975 1411 4023 mortuus
1433 3977 1540 4031 est,
1570 3987 1694 4026 cum
1728 3975 1912 4028 omnia
1942 3990 2076 4029 con-

499 4060 767 4104 summata
799 4065 1006 4117 essent.
1069 4067 1200 4112 tunc
1253 4061 1503 4129 spiritum
1537 4062 1592 4117 in
1644 4080 1841 4122 manus
1899 4067 2076 4123 Patris

501 4143 746 4206 tradidit,
777 4147 943 4201 veluti
967 4149 1290 4221 significavit
1324 4154 1867 4229 Lucas~octogesimo
1900 4162 2078 4230 primo

2161 847 2362 916 μίξεως
2393 845 2504 898 τῶν
2540 846 2833 913 σωμάτων,
2863 843 3041 896 καίτοι
3088 843 3323 912 σφοδρὰν
3362 845 3493 911 ἡμῖν
3521 844 3717 893 ὲνσπα-

2156 940 2342 1008 ρεῑσαν
2373 936 2510 1006 πρὸς
2537 935 2788 1005 διαδοχὴν
2809 932 2902 987 τοῦ
2931 934 3144 1002 γένους,
3179 933 3588 1002 φιλοσοφοῦντες
3623 950 3721 1001 μα-

2158 1028 2445 1098 ραίνομεν·
2513 1025 2660 1080 οὕτω
2725 1025 2819 1077 καὶ
2873 1023 2971 1093 τὴν
3031 1024 3326 1093 ἐπιθυμίαν
3384 1024 3482 1091 τῆς
3543 1022 3720 1089 ζωῆς,

2157 1117 2335 1172 καίτοι
2367 1117 2570 1187 πολλὴν
2601 1119 2732 1186 ἡμῖν
2774 1116 3084 1168 ὲντεθεῖσαν
3119 1115 3348 1185 πρὸςτδ
3378 1115 3450 1184 μὴ
3477 1116 3718 1183 ἀναιρεῖν

2157 1211 2403 1271 ἑαυτοὺς,
2459 1207 2879 1276 φιλοσοφοῦντες
2918 1207 3263 1276 ἀμϐλύνομεν
3287 1222 3298 1234 ·
3341 1209 3431 1258 καὶ
3474 1206 3658 1258 λοιπὸν
3694 1208 3721 1257 ὁ

2157 1303 2222 1353 ὲκ
2269 1300 2563 1371 φιλοζωῖας
2611 1300 2849 1370 τάραχος
2902 1298 3008 1350 ὑπὸ
3065 1297 3384 1366 φιλοσοφίας
3437 1297 3728 1350 καταστέλ-

2158 1393 2334 1456 λεται,
2386 1393 2481 1446 καὶ
2507 1391 2652 1444 οὕτω
2706 1391 3060 1469 προσγίνεται
3093 1392 3154 1442 τὸ
3196 1389 3565 1458 περιγίνεσθαι
3615 1390 3724 1458 τῶν

2159 1484 2373 1539 δεινῶν.

2237 1666 2403 1722 Οὐδὲν
2427 1667 2483 1720 δὲ
2516 1665 2702 1718 πλεῖον
2725 1662 3030 1732 ἐπέσκηψε,
3051 1661 3206 1739 τοῦτο
3232 1661 3328 1732 μὲν
3353 1663 3440 1716 διὰ
3467 1662 3526 1716 τὸ
3552 1662 3732 1715 στενὸν

2165 1760 2260 1811 τοῦ
2295 1758 2512 1828 καιροῦ,
2547 1755 2706 1810 τοῦτο
2750 1755 2806 1807 δὲ
2836 1757 2930 1808 καὶ
2975 1753 3035 1806 τὸ
3067 1752 3177 1822 (70)
3221 1754 3308 1806 διὰ
3340 1753 3586 1824 βιωτικὸν
3634 1753 3731 1822 μὲν

2169 1851 2332 1920 μηδὲν
2356 1850 2524 1918 ἔχειν,
2573 1847 2704 1917 περὶ
2745 1847 2802 1899 δὲ
2831 1844 2942 1899 τῶν
2971 1845 3358 1914 πνευματικῶν
3396 1844 3735 1917 προεντείλα-

2168 1939 2290 1993 σθαι
2323 1942 2477 2011 κοινῇ
2502 1941 2689 1992 πᾶσιν.
2711 1935 2730 2008 ]

2242 2122 2349 2178 Kal
2384 2153 2451 2164 —
2493 2122 2636 2177 ἵὸια.
2673 2120 2834 2174 Κατὰ
2885 2120 2981 2190 τὴν
3017 2119 3129 2190 (71)
3184 2119 3402 2190 ἐντολὴν
3451 2117 3545 2171 τοῦ
3592 2116 3739 2171 διδα-

2172 2214 2396 2266 σκάλου.

2243 2303 2404 2356 Μετὰ
2434 2299 2610 2355 τοῦτο
2638 2330 2700 2340 -
2735 2300 3104 2354 τετέλεσται.
3128 2299 3316 2360 ¹Πάντα
3336 2298 3521 2362 τᾶλλα,
3551 2298 3619 2350 τὰ
3645 2298 3742 2360 τῆς

2174 2395 2355 2446 οίκονο
2363 2391 2512 2461 μίας.

2242 2504 2380 2559 Ἵνα
2410 2504 2600 2557 αὐτοῦ
2637 2501 2718 2568 τῷ
2762 2503 3031 2571 στόματι.
3068 2499 3259 2573 [Τοῦτο
3289 2501 3398 2570 (72)
3430 2500 3534 2571 γὰρ
3576 2500 3737 2569 μόνον

2168 2596 2250 2648 ἔτι
2294 2595 2562 2651 ἐνέλειπε.
2616 2593 2844 2666 Γραφὴν
2888 2594 2943 2647 δὲ
2975 2594 3122 2660 λέγει
3153 2592 3250 2664 τὴν
3294 2594 3603 2662 Δαυῖτικὴν,
3642 2594 3741 2646 τό·

2175 2681 2280 2738 Καὶ
2337 2682 2576 2736 ἔδωκαν
2621 2685 2710 2748 είς
2765 2683 2828 2734 τὸ
2881 2677 3093 2750 ,ϐρῶμά
3117 2697 3236 2748 μου
3271 2679 3482 2750 χολὴν,
3519 2682 3612 2735 καί
3655 2683 3742 2746 εις

2170 2773 2287 2841 τὴν
2311 2774 2501 2842 δίψαν
2519 2791 2641 2843 μου
2668 2773 2959 2826 ἐπότισαν
2985 2789 3058 2840 με
3086 2772 3243 2837 ὄξος.
3271 2771 3283 2842 ]

2249 2865 2492 2934 Ζήτησον
2539 2865 2592 2916 δὲ
2637 2865 2696 2917 ιν
2727 2862 2803 2930 τῷ
2835 2861 3288 2932 προδιαληφθὲντι
3337 2859 3608 2932 κεφαλαίῳ
3642 2864 3702 2916 τό
3725 2879 3738 2894 ·

2179 2955 2458 3008 Ἕδωκαν
2499 2953 2661 3024 αὺτῷ
2705 2952 2866 3007 πιεῖν
2909 2951 3050 3018 ὄξος
3075 2952 3224 3020 μετὰ
3252 2952 3440 3020 χολῆς
3467 2952 3746 3021 μεμιγμέ-

2175 3064 2322 3100 νονο
2355 3048 2449 3100 καὶ
2499 3047 2777 3114 ἀνάγνωθι
2821 3045 2898 3098 τὰ
2940 3044 3176 3117 ρηθέντα
3203 3045 3338 3098 ἐκεῖ.
3386 3045 3652 3115 Ὑσσώπῳ
3690 3045 3745 3097 δὲ

2589 3138 2767 3190 είτουν
2826 3135 3078 3188 ὑσσώπου
3127 3134 3384 3204 καλάμῳ,
3444 3135 3748 3204 προχείρως

2171 3231 2471 3300 εὑρεθέντι,
2512 3229 2599 3283 διὰ
2630 3229 2690 3282 τὸ
2735 3227 2870 3297 ὕψος
2902 3226 2997 3279 τοῦ
3048 3224 3302 3295 σταυροῦ.
3335 3224 3646 3287 Ἐνέπαιζον
3684 3219 3740 3277 δὲ

2172 3323 2343 3392 αὐτῷ,
2374 3322 2777 3393 προσφέροντες
2805 3319 2953 3385 ὄξος.

2250 3415 2386 3467 Ὀτε
2437 3445 2510 3457 -
2558 3412 2923 3466 τετέλεσται.
2985 3409 3379 3483 ’Δπήρτισται,
3447 3408 3597 3462 οὐδὲν
3660 3409 3744 3462 ἑλ-

2173 3507 2373 3564 λείπει.

2249 3689 2364 3744 Kal
2394 3717 2464 3730 --
2492 3689 2750 3758 πνεῦμα.
2786 3690 2922 3753 Οὐκ,
2972 3685 3158 3756 ἐπειδὴ
3193 3686 3533 3751 ἐξέπνευσεν,
3569 3685 3746 3740 ἔκλινε

2176 3783 2276 3854 τὴν
2303 3781 2568 3850 κεφαλὴν,
2603 3783 2740 3851 ὅπερ
2783 3780 2870 3850 ἐφ’
2915 3779 3072 3850 ἡμῶν
3121 3779 3369 3846 γίνεται·
3404 3778 3519 3832 ἀλλ’
3567 3779 3751 3848 ἐπειδὴ

2179 3876 2356 3929 ἔκλινε
2389 3875 2488 3946 τὴν
2532 3873 2792 3945 κεφαλὴν,
2843 3874 3184 3936 ἐξέπνευσεν,
3233 3873 3319 3924 ἵνα
3349 3871 3610 3941 μάθωμεν
3643 3873 3751 3928 ὅτι.

2177 3969 2266 4021 ὅτε
2319 3967 2576 4039 ἠθέλησε,
2628 3966 2754 4019 τότε
2816 3965 3087 4019 ἀπέθανεν
3132 3981 3146 3995 ·
3206 3965 3293 4016 ὅτε
3346 3965 3520 4016 πάντα
3579 3963 3751 4016 ἑτεὶέ-

2183 4061 2415 4132 σθησαν,
2447 4061 2570 4113 τότε
2620 4059 2910 4129 παρέδωκε
2944 4058 3006 4111 τὸ
3055 4056 3274 4126 πνεῦμα
3307 4057 3383 4117 είς
3427 4057 3611 4126 χεῖρας
3651 4053 3749 4108 τοῦ

2182 4153 2423 4222 Πατρὸς,
2473 4151 2549 4214 ὡς
2584 4151 2856 4222 ἐδήλωσεν
2888 4151 2918 4203 ὁ
2963 4148 3178 4210 Λουκᾶς
3208 4149 3266 4199 ὲν
3298 4146 3374 4217 τῷ
3413 4145 3752 4216 ὀγδοηκοστῷ

501 4237 700 4304 capite.
731 4247 785 4289 et
821 4237 874 4292 in
898 4254 962 4293 eo
1004 4241 1120 4311 lege
1155 4243 1300 4300 illius
1330 4248 1614 4303 sententiae
1673 4250 2065 4320 interpretatio

2188 4244 2390 4315 πρώτῳ
2421 4244 2730 4314 κεφαλαίῳ,
2771 4241 2906 4313 [καὶ
2939 4240 3051 4310 (73)
3095 4237 3363 4307 ἀνάγνωθι
3394 4240 3450 4290 ἐν
3487 4238 3630 4306 αὑτῴ
3657 4241 3753 4304 τὴν

500 4341 624 4380 nem
670 4344 684 4380 :
728 4327 795 4381 Et
828 4329 1066 4386 clamans
1109 4351 1230 4388 voce
1260 4353 1452 4407 magna
1499 4337 1684 4407 Jesus,
1713 4343 1792 4395 ait
1841 4357 1858 4395 :
1894 4343 2078 4412 Pater,

502 4417 558 4469 in
596 4434 793 4474 manus.
813 4429 932 4474 tuas
959 4425 1328 4478 commendabo
1360 4429 1611 4495 spiritum
1633 4447 1806 4485 meum
1834 4432 1901 4488 ".

575 4602 728 4658 Vers.
760 4605 849 4661 3i.
892 4604 1068 4676 Igitur
1092 4607 1266 4664 Judtei
1297 4641 1367 4651 —
1396 4609 1642 4669 Sabbati.
1703 4615 1764 4669 ιιι
1815 4619 2078 4689 cujusque

505 4708 687 4752 cruce.
715 4694 846 4750 Nam
886 4699 1014 4767 quia
1049 4698 1349 4756 Parasceve
1377 4714 1512 4767 erat,
1547 4706 1589 4758 si
1627 4714 1756 4760 tunc
1781 4723 1888 4762 non
1917 4709 2078 4764 tolle-

506 4782 727 4850 bantur,
763 4786 1002 4843 futurum
1029 4798 1148 4844 erat
1180 4799 1240 4844 ut
1269 4792 1580 4846 etSabhato
1605 4795 1658 4848 in
1691 4812 1854 4851 cruce
1897 4814 2078 4852 rema-

608 4964 655 4997 ⁸³
686 4963 829 5022 Psel.
872 4971 1061 5030 vaui,
1103 4966 1193 5020 Ἡ.
1304 4965 1351 4999 ⁸⁸
1383 4967 1575 5022 Matth.
1618 4986 1789 5035 xxv",
1822 4973 1911 5028 54.

2185 4337 2482 4419 ἑρμηνείαν
2533 4336 2658 4390 τοῦι
2717 4334 2826 4389 Καί
2885 4330 3176 4403 φωνήσας
3227 4328 3395 4399 φωνῇ
3441 4329 3680 4398 μεγάλῃ
3724 4333 3755 4383 ό

2195 4429 2468 4497 Ἰησοῦς,
2524 4425 2656 4483 εἷπε
2676 4445 2689 4459 ·
2723 4427 2915 4496 Πάτερ
2937 4465 2951 4490 ,
3003 4426 3090 4490 είς
3123 4421 3324 4492 χεῖράς
3350 4436 3465 4476 σου
3491 4419 3754 4491 παραθή-

2113 4503 2157 4558 D
2186 4539 2367 4590 σομαι
2400 4522 2464 4574 τὸ
2496 4519 2734 4589 πνεῦμά
2758 4535 2899 4589 μου.

2261 4619 2322 4668 Ol
2349 4609 2462 4669 οὖν
2495 4613 2774 4668 Ἰουδαῖοι
2796 4642 2867 4653 -—
2898 4610 3220 4666 Σαϐϐάτου.
3247 4608 3368 4660 Ἐπὶ
3396 4605 3486 4658 τοῦ
3523 4604 3752 4674 σταυροῦ

2186 4708 2440 4760 ἑκάστου.
2519 4707 2672 4759 Ἐπεὶ
2719 4705 2832 4775 γὰρ
2888 4701 3217 4774 παρασκευὴ
3268 4697 3356 4771 ἦν,
3403 4700 3452 4751 εί
3507 4698 3582 4768 μὴ
3633 4699 3754 4752 τότε

2187 4800 2455 4870 ἤρθησαν,
2487 4797 2713 4869 ἔμελλον
2744 4797 2932 4870 μένειν
2961 4796 3056 4850 ἐπὶ
3090 4796 3183 4849 τοῦ
3216 4789 3450 4862 σταυροῦ
3476 4789 3569 4842 καὶ
3685 4786 3748 4837 μὶ)

2022 4975 2070 5006 ⁸⁸
2118 4973 2253 5032 Luc.
2287 4992 2444 5045 χχιιι,
2481 4975 2574 5032 46.

1684 5157 1885 5220 Varia:
1922 5159 2229 5226 lectiones
2269 5169 2330 5224 et
2382 5167 2575 5224 notae.

580 5325 695 5398 {69)
731 5330 940 5387 Inclusa
973 5335 1169 5389 absunt
1199 5335 1264 5390 Α.

584 5400 694 5471 (70)
727 5401 926 5465 Malim.
955 5406 1146 5460 ordine
1188 5408 1431 5472 inverso,
1486 5409 1582 5464 καὶ
1612 5409 1700 5464 διὰ
1728 5410 1810 5464 τό.

583 5473 697 5545 (71)
747 5476 882 5530 Κατ’
907 5476 1133 5547 ἐντολήν
1170 5479 1235 5531 Α.

592 5633 654 5700 (t)
698 5634 1045 5703 Philosophia:
1068 5636 1249 5690 dediti.
1275 5637 1378 5690 Per
1400 5636 1797 5706 philosophiam
1821 5635 2086 5692 Christia-

519 5720 666 5759 nam.
700 5706 1012 5773 Φιλοσοφεῖν
1035 5723 1187 5762 nunc
1216 5717 1300 5763 est
1343 5724 1660 5771 compescere
1690 5707 1980 5761 libidinem.

598 5775 673 5836 tu)
713 5775 1044 5840 Testamento
1086 5779 1244 5831 cavit.
1277 5777 1468 5838 Jttssil,
1508 5777 1804 5830 mandavit.

600 5847 670 5914 (θ’)
723 5847 881 5913 quue
953 5858 1164 5915 propter
1225 5849 1394 5903 crucis
1455 5848 1806 5902 altitudinem.
1868 5845 2088 5901 Scilicet

2264 5337 2375 5406 (72)
2404 5335 2614 5390 inclusa
2644 5337 2842 5389 absunt
2875 5334 2942 5406 Α.

2263 5405 2374 5480 (75)
2402 5407 2613 5462 Inclusa
2652 5406 2851 5460 absunt
2889 5405 2957 5458 A.

2195 5633 2479 5704 spongiam
2510 5627 2917 5704 ideoarundini
2951 5626 3353 5704 imposuerunt,
3393 5628 3453 5673 ut
3490 5619 3561 5674 ita
3622 5619 3748 5704 laci-

2193 5696 2302 5760 lius
2329 5696 2617 5774 pendentis
2642 5703 2693 5774 in
2718 5714 2884 5774 cruce
2901 5698 2995 5774 _ori
3029 5697 3318 5774 admovere
3344 5707 3462 5745 eam
3512 5696 3747 5762 possent,

2196 5770 2348 5847 quod
2367 5775 2499 5832 solis
2527 5772 2779 5828 manibus
2801 5770 2914 5825 ﬁeri
2941 5783 3049 5823 non
3085 5772 3316 5838 poterat.
