3976 6520
268 414 422 478 1473
1233 418 1615 479 COMMENT.
1650 418 1731 479 IN
1770 417 2153 479 IOANNEM.
2184 442 2249 454 -ν
2286 416 2443 477 CAP.
2480 417 2639 476 XIX.
3397 420 3530 483 157i

264 532 557 599 Σαϐϐάτῳ,
604 532 699 585 καὶ
752 532 977 601 ἔμελλεν
1012 532 1312 601 ὲπιφθάσαι
1344 534 1484 587 αὐτὰ
1524 533 1852 601 κρεμάμενα

2001 541 2168 596 erent,
2202 533 2396 601 illaque
2426 532 2713 601 pendendo
2744 532 3094 600 pervenirent
3124 534 3189 586 ad
3232 533 3359 588 illud
3398 540 3522 593 Sab-

267 623 453 674 ἐκεῖνο
497 621 557 673 τὸ
591 620 889 686 Σάϐϐατον,
933 624 1029 675 καὶ
1074 623 1248 675 ἐδόκει
1280 623 1529 675 ἐντεῦθεν
1580 622 1849 691 ἀτιμάζε-

2001 632 2165 688 atum,
2186 633 2240 677 et
2265 622 2389 675 inde
2422 624 2696 676 videretur
2732 622 2919 676 haberi
2969 625 3327 692 contemptui.

272 710 423 765 σθαι.

340 798 599 869 Μεγάλην
628 800 684 853 δὲ
711 802 808 871 τὴν
840 802 1055 889 ἡμέραν
1079 804 1288 855 ἐκείνου
1312 801 1405 855 τοῦ
1428 802 1538 873 (74)
1570 801 1849 855 Σαϐϐάτου

2026 803 2277 872 Magnum
2320 812 2500 856 autem
2537 803 2666 856 dicit
2719 803 2860 857 diem
2892 803 3044 857 illum
3093 803 3338 870 Sabbati,
3385 809 3530 874 quod

268 891 459 959 φησὶν,
509 891 590 943 ὃτι
637 892 699 943 οὺ
734 894 894 960 μόνον
938 891 1054 963 εῐχε
1102 895 1161 945 τὸ
1210 896 1411 962 τίμιον,
1446 894 1519 954 ὡς
1552 891 1849 953 Σάϐϐατον,

2001 910 2065 946 on
2092 895 2264 948 solum
2288 895 2649 948 honorarctur
2698 906 2756 949 ut
2790 896 3109 957 Sahbatnm.
3155 912 3340 950 verum
3372 898 3533 951 etiam

270 980 409 1033 ἀλλὰ
460 983 556 1034 καὶ
610 982 683 1045 ὡς
727 984 921 1053 ἑορτῆς
970 986 1026 1036 ιν
1072 984 1220 1054 αὐτῷ
1252 984 1557 1054 λαχούσης,
1589 986 1689 1054 τῆς
1737 985 1849 1036 τῶν

2001 993 2174 1052 ropter
2208 985 2401 1036 festum
2434 988 2782 1054 Azymornm,
2832 987 2974 1054 quod
3034 1001 3164 1040 casu
3205 989 3257 1039 in
3302 1002 3368 1041 eo
3400 1003 3534 1042 con-

270 1070 550 1140 Ἀζύμων.
588 1066 697 1124 Ἦν
751 1075 856 1143 γὰρ
911 1075 1073 1143 διπλῆ
1128 1077 1311 1144 ἑορτή.
1372 1075 1452 1127 Τά
1512 1076 1738 1126 τοιαῦτα
1796 1076 1853 1126 δὲ

2001 1085 2171 1143 gerat,
2206 1086 2260 1129 et
2295 1078 2362 1129 ita
2400 1078 2596 1145 duplex
2650 1080 2844 1130 festum
2871 1088 3008 1131 erat.
3066 1078 3389 1147 llujusmodi
3438 1097 3537 1134 au-

272 1161 530 1214 Σάϐϐατα
560 1161 848 1231 ὠνόμαζον
901 1164 1156 1218 Σάϐϐατα
1191 1163 1506 1227 Σαϐϐάτων,
1558 1160 1668 1217 οἷον
1697 1166 1852 1234 τίμια

2001 1182 2065 1219 nn
2126 1166 2359 1221 Sabbata
2438 1168 2760 1221 dicebantur
2829 1168 3069 1221 Sabbata
3147 1170 3533 1234 Sabbatorum,

273 1253 498 1320 τιμίων,
531 1254 724 1323 ἑορτάς
760 1254 986 1325 ἑορτῶν,
1034 1255 1121 1310 διὰ
1148 1255 1209 1307 τὸ
1239 1254 1463 1307 διπλοῦν
1508 1256 1605 1323 τῆς
1637 1256 1852 1325 ἑορτῆς,

2001 1272 2215 1325 inquam
2251 1260 2555 1311 veneranda
2587 1261 3043 1321 Vt-neranzlnrum,
3072 1259 3208 1314 festa
3248 1261 3537 1326 festorum,

271 1341 352 1403 ὡς
382 1343 620 1412 εἴρηται.

2001 1344 2030 1398 b
2072 1346 2194 1398 festi
2224 1345 2627 1414 duplicitatem,
2662 1356 2720 1399 ut
2749 1348 2953 1401 dictum
2969 1357 3073 1401 est.

350 1430 607 1502 [Ἄλλως
654 1433 767 1504 (75)
816 1452 874 1487 τε
918 1436 1010 1488 καὶ
1056 1434 1117 1488 τδ
1139 1437 1570 1505 Διυτερονόμιον
1604 1437 1856 1501 ἐθέσπιζε

2030 1434 2110 1503 ﬂ-
2138 1433 2400 1489 Prmterea
2431 1437 2906 1490 Deuteronumium
2931 1441 3092 1491 etiam
3121 1438 3279 1507 jussit
3302 1439 3370 1493 de
3388 1438 3539 1493 cruci

274 1524 409 1593 περὶ
456 1521 552 1575 τοῦ
598 1525 1001 1594 σταυρωθέντος
1043 1526 1149 1592 ὅτι,
1181 1530 1304 1579 Οὐκ
1333 1528 1860 1596 ὲπικοιμηθήσεται

2001 1526 2121 1580 liixo
2156 1543 2171 1579 :
2203 1529 2322 1580 Non
2345 1528 2568 1581 dormiet
2595 1545 2783 1596 corpus
2814 1529 2926 1597 ejus
2952 1545 3107 1596 super
3140 1530 3299 1599 tigno,
3332 1531 3422 1584 sed
3455 1547 3539 1584 se-

275 1614 347 1667 τὸ
381 1613 550 1683 σῶμα
593 1616 781 1669 αὑτοῦ
822 1618 919 1670 ἐπὶ
967 1618 1075 1671 τοῦ
1120 1617 1331 1681 ξύλου,
1367 1619 1529 1673 ἀλλὰ
1555 1618 1714 1687 ταφῇ
1754 1620 1852 1673 θά-

2001 1618 2179 1670 ultura
2210 1618 2469 1685 sepelietis
2500 1635 2617 1671 eum
2658 1621 2835 1672 eodem
2861 1620 2943 1672 die
2964 1620 3030 1674 ⁸⁸.

275 1710 426 1774 vers
450 1708 638 1759 αὑτὸν
664 1708 733 1760 ἐν
753 1708 957 1776 ἐκείνῃ
984 1706 1058 1776 τῇ
1078 1707 1326 1780 ἡμέρῳ]

349 1796 697 1864 ’Πρώτησαν
722 1828 791 1837 -
821 1799 1075 1865 ἀρθῶσι.
1121 1800 1533 1869 Παρεκάλεσαν,
1590 1802 1861 1872 ᾐτήσαντο

281 1888 372 1939 tua.
399 1888 710 1942 θλασθῶσιν
735 1890 914 1943 αὐτῶν
943 1892 1013 1944 τὰ
1046 1892 1212 1963 σκέλη
1238 1894 1371 1963 πρὸς
1405 1894 1465 1946 τὸ
1496 1893 1692 1947 θᾶττον
1721 1896 1862 1949 ἁπο-

284 1979 492 2034 θανεῖν.

357 2162 593 2222 Ἦλθον
652 2164 767 2223 οὖν
817 2172 871 2222 οί
916 2170 1291 2237 στρατιῶται.
1345 2171 1410 2224 Oi
1465 2169 1625 2224 τοῦτο
1673 2169 1865 2224 κελευ-

290 2258 508 2321 σθέντες
548 2261 699 2327 παρὰ
728 2259 821 2312 τοῦ
864 2261 1123 2317 Πιλάτου.

363 2352 468 2404 Καὶ
494 2380 565 2389 -
599 2352 816 2419 σκέλη.
864 2351 971 2404 Τοῦ
1022 2353 1136 2424 (76ὶ
1171 2354 1228 2406 ὲν
1261 2351 1413 2424 δεξιᾷ
1470 2352 1564 2408 τοῦ
1624 2353 1865 2425 Χριστοῦ

295 2441 726 2512 σταυρωθέντος.

361 2532 473 2583 Καὶ
502 2561 571 2569 -
595 2530 776 2596 αὐτῷ.
818 2531 941 2603 [Τῷ
974 2532 1086 2605 (77)
1118 2533 1340 2604 Χριστῷ
1366 2533 1670 2607 δηλονοτι.]

362 2622 493 2673 Ἐπὶ
520 2651 589 2661 -—
617 2623 832 2690 σκέλη.
863 2625 1186 2679 Τελευταῖον
1218 2621 1382 2697 ἦλθον
1410 2628 1499 2678 ἐπ’
1528 2628 1716 2691 αὐτὸν,
1750 2630 1868 2681 ἐνυ-

293 2712 480 2779 ϐρίσαι
543 2713 703 2766 πλέον
766 2714 1080 2784 βουλόμενοι
1143 2717 1281 2785 πρὸς
1333 2717 1493 2786 χάριν
1545 2716 1657 2770 τῶν
1741 2719 1874 2771 Ἰου-

295 2804 486 2856 δαὶων.

379 2894 542 2947 Ἀλλ’
592 2926 660 2935 -
717 2896 893 2965 ὓδωρ.
965 2895 1279 2965 ’Υπερφυὶς
1342 2896 1404 2949 τὺ
1462 2898 1718 2966 πρᾶγμα,
1778 2898 1871 2949 καὶ

295 2985 512 3053 τρανῶς
554 2984 805 3038 διδάσκον
834 2988 915 3037 ὅτι
964 2984 1106 3053 ὑπὲρ
1139 2986 1425 3054 ἄνθρωπον
1470 2988 1497 3037 ὁ
1526 2988 1734 3053 νυγείς.
1776 2986 1877 3037 Ἐκ.

298 3074 494 3144 νεκροῦ
520 3075 627 3145 γάρ
666 3076 980 3145 ἀνθρώπου,
1018 3078 1122 3129 κᾶν
1168 3078 1428 3147 μυριάκις
1453 3076 1587 3147 νύξῃ
1619 3094 1703 3140 τις
1721 3119 1747 3141 ,-
1775 3078 1874 3129 οὑκ

1901 1861 2005 1966 Bt.

2038 1803 2192 1858 Vers.
2238 1802 2324 1855 51.
2364 1801 2701 1873 Rogavenmt
2727 1834 2793 1844 —
2823 1804 3154 1858 tollerentur.
3191 1805 3290 1860 Hic
3317 1822 3534 1862 rursum

2013 1895 2262 1966 ρώτησαν
2294 1896 2600 1965 signiﬁcat:
2658 1895 2874 1949 Precati
2921 1906 3062 1962 sunt,
3114 1896 3447 1965 petiverunt,
3485 1908 3542 1953 ut

1969 1989 2447 2060 conti-ingerentur
2509 2004 2698 2043 eorum
2764 2003 2922 2042 crura
2993 2003 3100 2058 quo
3154 1990 3315 2043 citius
3369 2005 3544 2045 more-

1968 2089 2177 2135 rentur.

2047 2169 2198 2227 Vcrs.
2224 2170 2313 2223 52.
2363 2169 2621 2224 Venerunt
2651 2185 2773 2240 ergo
2804 2169 3015 2223 milites.
3050 2166 3261 2233 Quibus
3290 2168 3342 2223 id
3397 2184 3427 2223 a
3459 2170 3547 2224 Pi-

1969 2259 2082 2314 lato
2108 2262 2320 2331 jussum
2356 2271 2494 2315 erat.

2045 2349 2198 2403 Vers.
2234 2349 2322 2402 52.
2358 2347 2679 2403 Et—crura.
2706 2346 2810 2413 Qui
2848 2347 2901 2400 in
2934 2346 3126 2402 dextra
3167 2342 3371 2401 Christi
3420 2363 3545 2402 cru-

1971 2442 2167 2496 cillxus
2192 2450 2332 2494 erat.

2043 2536 2206 2591 Vers.
2251 2537 2338 2590 52.
2383 2534 2451 2587 Et
2473 2563 2539 2574 -—
2562 2549 2642 2587 eo.
2668 2532 2887 2588 Christo
2912 2534 3184 2589 videlicet.

2045 2629 2208 2684 Vers.
2248 2628 2335 2681 53.
2368 2628 2739 2679 Act—crura.
2786 2627 3077 2680 Postremo
3101 2626 3170 2680 ad
3220 2642 3343 2681 eum
3384 2642 3553 2681 vene-

1975 2731 2120 2785 runt,
2150 2719 2340 2786 majori
2370 2716 2719 2780 contumelia,
2754 2716 2808 2770 in
2841 2718 3068 2786 gratiam
3099 2715 3435 2782 Judaeorum,
3464 2719 3551 2788 ip-

1975 2825 2092 2865 sum
2126 2808 2368 2862 volentes
2395 2806 2633 2860 aﬁicere.

2047 2898 2205 2954 Vers.
2243 2899 2331 2952 δι.
2369 2897 2738 2964 Sed—aqua.
2792 2896 2900 2949 Res
2933 2910 3096 2965 supra
3144 2905 3427 2961 naturam,
3483 2911 3547 2949 ac

1977 2989 2264 3043 manifeste
2291 2987 2493 3041 docens
2515 2988 2660 3055 quod
2724 2987 2897 3054 major
2936 3002 3098 3055 quam
3164 2986 3326 3039 homo
3380 2997 3546 3051 esset,

1976 3080 2067 3148 qui
2094 3080 2267 3131 fuerat
2314 3077 2662 3130 vulneratus:
2700 3075 2965 3143 siquidem
2997 3090 3026 3128 a
3061 3085 3276 3129 mortuo
3312 3076 3551 3140 homine,

298 3164 644 3229 ἐξελεύσεται
702 3161 862 3236 αἷμα.
915 3167 1189 3219 Νύττεται
1249 3170 1348 3237 μὲν
1397 3163 1491 3220 οὖν
1550 3167 1723 3237 λόγχῃ
1776 3169 1875 3237 τὴν

2001 3166 2191 3219 :tiamsi
2244 3164 2441 3218 millies
2487 3162 2608 3231 quis
2657 3177 2782 3216 eum
2846 3167 3161 3231 pupugerit,
3216 3179 3324 3216 non
3382 3164 3556 3217 exibit

300 3258 541 3325 πλευρὰν
601 3260 629 3310 ὁ
678 3260 872 3328 Σωτὴρ
922 3260 1011 3311 διὰ
1065 3258 1165 3328 τὴν
1215 3260 1471 3323 νυγεῖσαν
1518 3261 1584 3329 τῇ
1634 3260 1878 3330 ἁμαρτίᾳ

300 3345 541 3415 πλευρὰν
572 3345 665 3399 τοῦ
716 3348 907 3416 Ἀδὰμ,
939 3348 1107 3417 ήγουν
1130 3348 1230 3418 τὴν
1266 3344 1434 3413 Εὕαν,
1467 3349 1532 3417 τῇ
1567 3346 1750 3417 πληγῇ
1781 3348 1879 3417 τῆς

302 3438 544 3507 πλευρᾶς
589 3438 688 3509 τὴν
724 3438 940 3508 πληγὴν
974 3439 1071 3507 τῆς
1108 3439 1352 3508 πλευρᾶς
1395 3438 1646 3507 ἰώμενος.
1686 3437 1879 3502 Βλύζει

301 3526 359 3579 δὲ
391 3522 534 3597 αἷμα
580 3534 673 3581 καὶ
705 3530 869 3601 ὕδωρ,
904 3529 997 3583 δύο
1029 3530 1382 3600 βαπτίσματα
1415 3528 1783 3599 καινουργῶν,
1818 3530 1881 3581 τὸ

302 3622 371 3676 δι’
412 3625 642 3695 αἵματος
687 3628 1012 3697 μαρτυρίου,
1073 3627 1262 3681 καὶτὸ
1293 3626 1363 3679 δι’
1415 3625 1607 3689 ὓδατος
1654 3625 1881 3693 ἀναγεν-

305 3718 537 3787 νήσεως,
566 3720 663 3771 καὶ
700 3724 766 3789 τῇ
812 3723 909 3791 ῥοῇ
940 3720 1146 3775 τούτων
1177 3720 1275 3790 τὴν
1303 3720 1437 3790 ῥοὴν
1463 3718 1563 3788 τῆς
1599 3718 1879 3788 ἁμαρτίας

302 3809 613 3873 κατακλύζε
624 3828 661 3864 ι.

376 3991 517 4063 [Καὶ
548 3993 752 4064 ἑτέρως
801 3995 912 4062 ('78)
949 3994 1031 4060 δὲ,
1077 3995 1172 4048 δύο
1204 3995 1445 4064 πηγάζει
1475 3994 1734 4065 κρουνούς
1755 4010 1770 4026 ο
1801 3994 1881 4063 τῷ

306 4083 459 4136 ῦδατι
520 4083 620 4152 μὲν
668 4083 947 4153 καθαίρων
999 4084 1099 4155 τὴν
1147 4085 1524 4155 Ἐκκλησίαν,
1564 4084 1642 4155 τῷ
1685 4086 1881 4155 αἵματι

304 4175 360 4227 δὲ
390 4176 606 4245 τρέφων
630 4177 823 4246 αὑτήν.
851 4177 929 4229 Δι’
954 4176 1147 4240 ῦδατος
1178 4177 1277 4246 μὲν
1299 4178 1409 4245 γὰρ
1429 4175 1877 4245 ἀναγεννὼμεθα,

305 4266 376 4319 δι’
409 4268 639 4332 αἵματος
692 4268 747 4319 δὲ
798 4268 892 4320 καὶ
941 4266 1143 4337 σαρκὸς
1178 4266 1516 4337 τρεφόμεθα,
1563 4266 1672 4320 τῶν
1719 4266 1880 4319 θείων

309 4359 405 4411 καὶ
448 4361 750 4430 μυστικῶν.
775 4360 977 4413 Λοιπὸν
1006 4358 1121 4423 οὖν,
1168 4359 1296 4411 ὅταν
1326 4359 1610 4428 προσέρχῃ
1639 4356 1716 4427 τῷ
1747 4374 1879 4425 φρι-

307 4451 424 4522 κτῷ
451 4454 730 4521 ποτηρίῳ,
766 4452 997 4503 πέπεισο
1034 4450 1172 4521 (79),
1204 4449 1299 4503 ἀπ’
1333 4450 1507 4517 αὐτῆς
1539 4448 1753 4517 μέλλεις
1785 4448 1877 4500 πί·-

1981 3255 2225 3326 sanguis.
2261 3253 2489 3307 Foditur
2520 3253 2702 3322 itaque
2732 3253 2919 3306 lancea
2977 3254 3031 3305 in
3083 3253 3252 3307 latere
3285 3254 3553 3317 Salvator,

1981 3350 2107 3418 quia
2159 3355 2383 3415 peccato
2435 3344 2779 3398 vulneratum
2811 3352 2893 3397 est
2942 3343 3084 3396 latus
3114 3343 3243 3397 Adae
3283 3362 3298 3398 :
3344 3345 3459 3397 sive
3494 3354 3556 3398 ut

1983 3440 2146 3493 Evam
2175 3438 2279 3508 (τε),
2314 3436 2498 3491 lateris
2520 3436 2601 3490 sui
2636 3435 2877 3499 vulnere,
2927 3449 2956 3486 a
2991 3434 3143 3503 plaga
3180 3434 3365 3487 lateris
3396 3448 3558 3488 sana-

1982 3539 2083 3585 ret.
2141 3529 2472 3599 Sanguinem
2530 3535 2713 3580 autem
2764 3534 2819 3578 et
2868 3539 3062 3591 aquam
3105 3523 3369 3577 scaturire
3407 3524 3558 3587 facit,

1980 3625 2088 3680 duo
2133 3622 2425 3693 designans
2479 3620 2841 3691 baptismata:
2910 3633 3077 3671 unum
3139 3617 3383 3687 quidem,
3460 3632 3561 3685 per

1980 3716 2259 3785 sanguinis
2290 3713 2363 3783 (y)
2396 3713 2737 3782 martyrium,
2768 3710 2998 3763 alterum
3051 3723 3206 3773 vero,
3273 3722 3371 3778 per
3408 3721 3562 3776 aqua:

1980 3808 2491 3875 regenerationem:
2524 3812 2692 3873 atque
2759 3802 2951 3856 horum
3006 3798 3156 3853 ﬂuxu
3209 3798 3418 3869 peccati
3462 3796 3563 3851 ﬂu-

1983 3914 2111 3952 xum
2146 3896 2435 3965 demergit.

2054 3992 2317 4045 Praeterea
2384 3998 2439 4043 et
2490 3987 2670 4042 aliter.
2718 3987 2854 4041 Nam
2911 3986 3050 4041 duos
3114 3983 3382 4040 scaturire
3432 3982 3565 4037 facit

1981 4082 2195 4137 fontes:
2219 4094 2361 4150 aqua
2382 4079 2601 4150 quidem
2626 4078 2920 4148 purificans
2944 4077 3267 4141 Ecclesiam,
3290 4074 3559 4146 sanguine

1982 4184 2112 4223 vero
2138 4183 2258 4222 eam
2294 4167 2600 4221 enutriens.
2637 4164 2916 4231 Siquidem
2948 4178 3047 4233 per
3079 4178 3275 4232 aquam
3315 4163 3564 4215 renasci-

1984 4275 2126 4322 mur,
2181 4272 2278 4327 per
2303 4256 2625 4325 sanguinem
2680 4262 2863 4308 autem
2895 4261 2947 4306 et
2985 4267 3207 4307 carnem
3258 4249 3553 4320 pascimur,

1981 4366 2103 4421 quae
2136 4349 2320 4404 divina
2353 4356 2480 4400 sunt
2507 4362 2570 4399 ac
2596 4347 2841 4413 mystica.
2875 4344 3064 4412 Itaque
3092 4358 3215 4396 cum
3243 4342 3310 4395 ad
3338 4350 3565 4394 tzemen-

1982 4442 2111 4497 dum
2144 4438 2442 4494 accesseris
2472 4436 2747 4505 poculum,
2786 4434 3124 4503 persuadeto
3170 4431 3288 4496 tibi,
3316 4430 3460 4501 quod
3498 4445 3563 4483 ex

309 4559 423 4595 vew
460 4546 555 4613 τῆς
605 4542 946 4611 Δεσποτικῆς
999 4542 1261 4613 πλευρᾶς,
1295 4539 1392 4593 καὶ
1440 4539 1583 4593 οὕτω
1614 4538 1875 4592 διάκεισο.

2001 4533 2271 4587 Dominico
2302 4532 2444 4585 bibis
2476 4531 2664 4593 latere,
2732 4538 2789 4582 et
2839 4544 2907 4584 eo
2959 4526 3119 4580 modo
3177 4525 3252 4579 sis
3312 4522 3561 4576 allectus.

310 4630 451 4688 Εἶτα
475 4633 644 4687 θέλων
684 4632 981 4705 βεϐαιῶσαι
1009 4633 1070 4686 τὸ
1108 4631 1349 4685 τοιοῦτον
1372 4631 1576 4701 θαῦμα,
1610 4631 1745 4700 φησί
1766 4627 1807 4698 ·]

385 4820 493 4875 Kal
540 4851 609 4860 —
657 4821 1132 4890 μεμαρτύρηκεν.
1196 4820 1255 4871 '0
1305 4818 1482 4873 ταῦτα
1549 4816 1887 4885 θεασάμενος

314 4912 488 4965 uina.
518 4914 815 4984 γέγραφεν,
843 4912 904 4963 οὺ
939 4911 1071 4981 παρ’
1102 4911 1290 4981 ἑτέρου
1325 4910 1469 4972 τινὸς
1498 4907 1760 4967 ἀκούσας.

386 5091 433 5123 ⁸⁸
467 5090 623 5145 Deut.
658 5104 768 5155 xxx,
803 5088 893 5145 25.

1989 4625 2195 4680 Deinde
2254 4623 2442 4678 volens
2501 4619 2809 4689 huiusmodi
2863 4616 3186 4673 conﬁrmare
3215 4609 3562 4673 miraculum,

1991 4718 2065 4771 ait
2110 4734 2125 4771 :

2064 4808 2219 4863 Vers.
2251 4808 2339 4862 55.
2373 4808 2440 4861 Et
2470 4836 2539 4846 —-
2562 4802 2914 4859 testimonium
2955 4800 3230 4869 perhibuit.
3289 4796 3394 4863 Qui
3437 4794 3568 4849 vidit

1996 4902 2132 4967 hazc,
2171 4898 2392 4965 scripsit
2414 4900 2537 4961 ista,
2569 4911 2678 4950 non
2701 4892 2845 4963 quod
2884 4893 2953 4947 ab
2980 4892 3161 4961 aliquo
3189 4890 3443 4945 audierit.

1510 5149 1715 5211 Varia
1750 5147 2060 5211 lectiones
2092 5152 2153 5207 et
2188 5150 2377 5207 notae.

392 5330 507 5401 (74)
539 5330 644 5383 Τοῦ
677 5320 958 5382 Σαϐϐάτου
990 5322 1201 5401 ἐκείνου
1233 5322 1296 5377 Α.
1417 5389 1429 5401 ⁹
1584 5382 1815 5401 “id”,

397 5384 508 5473 '(75')
547 5404 685 5473 Haec
710 5408 936 5467 uterque
958 5396 1127 5450 codex
1178 5395 1233 5447 in
1264 5389 1527 5460 margine.
1582 5384 1890 5440 Hentenius

319 5472 431 5527 non
471 5472 737 5541 agnoscit.

394 5530 679 5614 (76)'Ante
724 5537 846 5602 τοῦ,
876 5536 1040 5590 habet
1063 5533 1159 5587 τοῦ
1186 5533 1242 5586 δὲ
1270 5531 1487 5601 πρώτου
1522 5530 1589 5583 Α.

398 5722 472 5793 (π)
533 5722 649 5776 Sive
674 5728 729 5773 ut
762 5717 950 5793 Evam,
986 5724 1073 5770 etc
1099 5711 1224 5793 Sive
1261 5710 1536 5791 Evamtut
1558 5706 1895 5793 Ιιιινθιξὶρᾷψ22

272 5837 279 5841 .
534 5782 958 5863 Per-sanguinis,
992 5795 1100 5863 etc.
1130 5783 1233 5836 Per
1276 5782 1597 5850 sanguinem
1654 5782 1895 5863 martyrii

330 5858 615 5935 (in’t'cltigc,
640 5858 1206 5929 baptisma),-alterum
1235 5866 1365 5909 vero
1400 5866 1494 5921 per
1517 5862 1711 5917 aquam
1742 5860 1899 5916 rege-

2097 5312 2187 5381 77)
2224 5310 2357 5381 llaec
2382 5310 2578 5365 absunt
2601 5309 2669 5361 Α.

2096 5380 2186 5450 78)
2222 5380 2434 5435 Inclusa
2458 5382 2659 5434 absunt
2684 5380 2749 5431 Α.

2072 5446 2185 5524 (79)
2229 5451 2349 5503 Ὅτι
2381 5451 2691 5505 addendum
2727 5446 2966 5502 videtur.

2007 5696 2337 5755 nerationis.
2381 5694 2570 5763 Neque
2599 5708 2729 5748 vero
2756 5690 2972 5763 mirum
3027 5684 3238 5763 aedem
3276 5692 3570 5763 martyrum

2007 5771 2116 5825 dici
2152 5767 2444 5837 baptisma,
2481 5758 2606 5819 cum
2639 5762 2889 5823 Christus
2925 5758 3041 5829 ipse
3089 5758 3163 5811 ita
3208 5758 3275 5810 de
3309 5771 3368 5811 se
3424 5758 3567 5809 dixe-

2008 5842 2079 5896 rit
2116 5836 2250 5895 ωδ.
2289 5852 2384 5903 xu,
2415 5836 2503 5891 50.
