3976 6506
231 421 367 487 1477

1191 414 1579 477 COMMENT.
1624 416 1650 473 Ι
1694 411 2077 475 JOANNEM.
2118 433 2186 448 -
2227 411 2387 471 CAP.
2427 410 2557 471 XX.

3352 413 3487 480 l-i'iS

220 534 411 585 τοῦτον
458 531 634 585 θεῖναι
676 529 1014 603 πορρωτέρω
1058 530 1158 599 τῆς
1202 532 1444 593 πόλεως’
1476 529 1567 582 διὰ
1598 530 1657 582 δὲ
1701 530 1799 599 τὴν

1935 540 1960 579 e
2000 533 2372 588 monumento,
2419 523 2568 593 quod
2614 521 2829 594 longius
2880 538 2909 578 a
2950 525 3170 580 civitate
3226 526 3482 601 distabat,

221 626 584 694 παρασκευὴν
612 624 720 676 τῶν
756 623 1045 685 Ἰουδαίων,
1083 623 1252 693 ἤγουν
1274 622 1375 690 τὴν
1411 638 1767 691 παρατετηρη

226 718 399 784 μένην
425 715 562 783 πρὸς
597 715 838 782 ἑσπέραν
867 718 979 777 τοῖς
1024 715 1319 776 Ἰουδαίοις,
1355 715 1444 766 ὅτε
1485 715 1584 765 ούκ
1616 708 1681 783 ἦν
1712 713 1799 765 θέ-

225 823 319 876 μις
358 806 391 876 ἢ
424 808 763 878 πορρωτέρω
797 806 1056 876 βαδίζειν,
1105 806 1136 877 ἢ
1183 806 1263 858 ἔτι
1308 805 1671 874 ἐργάζεσθαι·
1706 807 1799 858 καὶ

226 899 456 969 μᾶλλον,
499 900 582 952 ὅτι
630 900 725 951 καὶ
766 898 826 951 τὸ
872 899 1063 967 Πάσχα
1101 897 1224 949 τότε
1276 896 1601 962 κατέλαϐεν,
1633 899 1713 959 είς
1739 896 1801 949 τὸ

222 989 528 1061 πλησιάζον
559 987 762 1058 ἔθηκαν
795 990 978 1055 αὑτὸν,
1010 990 1109 1057 τῆς
1157 988 1306 1049 θείας
1341 988 1598 1060 προνοίας
1629 987 1801 1050 οὕτως

221 1080 691 1149 οἱκοκομησάσης,
728 1080 816 1132 ἵνα
873 1081 969 1133 καὶ
1023 1081 1079 1131 αἱ
1134 1079 1431 1149 μαθήτριαι
1481 1080 1801 1147 θεωρήσωσι

224 1173 330 1226 ποῦ
372 1172 605 1236 τίθεται,
638 1174 733 1224 καὶ
778 1172 825 1224 οί
875 1171 1115 1239 μαθηταὶ
1142 1172 1403 1224 δύνωνται
1438 1169 1801 1238 ἀπέρχεσθαι,

222 1264 310 1315 διὰ
345 1263 443 1332 τὴν
471 1262 768 1331 ἐγγύτητα,
799 1264 894 1314 καὶ
923 1262 1163 1315 θεαθῶσι
1187 1262 1254 1315 τὰ
1283 1260 1421 1332 μετὰ
1440 1260 1598 1314 τοῦτο
1612 1276 1803 1330 τερατ-

223 1352 569 1422 ουργηθέντα
595 1354 711 1405 ἐκεῖ
746 1351 1082 1423 παράδοξα.]

302 1443 381 1510 Τῇ
405 1444 475 1495 δὲ
500 1442 610 1512 μιᾷ
638 1442 754 1496 τῶν
784 1443 1123 1498 Σαϐϐάτων.
1150 1444 1170 1515 [
1195 1442 1283 1497 Ἐν
1311 1442 1388 1512 τῷ
1416 1441 1660 1512 λεχθέντι
1692 1439 1803 1510 (89}

227 1534 534 1604 κεφαλαίῳ,
554 1535 683 1587 ἔνθα
702 1538 880 1587 κεῖται
910 1535 972 1588 τό
994 1553 1005 1565 ·
1049 1537 1194 1603 Ὀψὲ
1219 1535 1535 1589 Σαϐϐάτων
1554 1531 1628 1601 τῇ
1677 1533 1805 1585 ἐπι·

226 1622 569 1693 φωσιιούσῇ
592 1626 680 1689 εις
698 1624 842 1695 μίαν
863 1625 1190 1678 Σαϐὄάτων·
1215 1623 1493 1694 ἀνάγνωθι
1518 1625 1587 1677 τά
1603 1622 1799 1692 ὲξηγησ

229 1716 418 1768 θέντα.
439 1714 459 1787 ]

300 1809 503 1875 Μαρία
526 1838 591 1849 -—-
615 1807 821 1861 αὐτόν.
854 1806 1154 1861 Κάνταῦθα
1183 1806 1252 1860 τὰ
1293 1807 1391 1876 μὲν
1421 1805 1549 1876 περὶ
1578 1804 1686 1857 τῶν
1714 1804 1809 1859 άλ-

230 1897 341 1949 λων
384 1899 661 1964 γυναικῶν
694 1899 1066 1970 παρέδραμεν,
1095 1898 1171 1960 ὡς
1200 1899 1667 1969 προϊστορηθέντα
1699 1900 1809 1960 τοῖς

232 1994 418 2056 ἄλλοις
440 2009 454 2023 ’
500 1994 569 2047 τά
596 1994 649 2046 δὲ
684 1996 825 2047 κατὰ
863 1994 963 2063 τὴν
1008 1994 1373 2065 Μαγδαληνὴν
1402 1994 1699 2055 ειετίθεται,
1734 1992 1809 2056 ὼς

232 2085 467 2147 ἐκείνοις
502 2084 914 2154 σεσιωπημένα.
957 2085 1159 2137 Λοιπὸν
1190 2080 1285 2137 οὖν
1333 2085 1608 2152 ἀνάγνωθι
1646 2087 1702 2137 ὲν
1734 2084 1812 2152 τῷ

239 2178 525 2247 εἰρημένῳ
571 2176 852 2247 κεφαλαίῳ
884 2177 993 2229 ἀπὸ
1043 2177 1171 2229 τοῦ·
1218 2176 1355 2244 Ὀψὲ
1388 2176 1700 2231 Σαϐϐάτων
1739 2175 1814 2244 τῇ

233 2269 670 2338 ἐπιφωσκούσῃ
697 2271 784 2333 εὶς
801 2268 948 2337 μίαν
976 2267 1312 2335 Σαϐϐάτων,
1336 2267 1464 2338 ἄχρι
1486 2267 1580 2322 τοῦ
1602 2284 1616 2299 ο
1652 2270 1718 2320 οι
1746 2268 1814 2320 δὲ

233 2358 456 2413 ἕνδεκα
476 2359 732 2428 μαθηταὶ
764 2360 1182 2425 ἐπορεύθησαν
1207 2361 1291 2424 εἰς
1315 2359 1429 2426 τὴν
1457 2360 1811 2413 Γαλιλαίαν

237 2453 335 2504 καὶ
368 2452 625 2521 εὑρήσεις
672 2450 854 2503 πάντα
894 2454 1039 2504 κατὰ
1069 2449 1228 2517 λόγον
1259 2453 1669 2520 ἡρμηνευμένα,
1721 2450 1816 2503 καὶ

234 2542 509 2611 ἁρμονίαν
563 2542 695 2609 μίαν
753 2542 860 2595 τῶν
908 2541 1188 2613 τεσσάρων
1236 2540 1661 2609 εὐαγγελιστῶν,
1720 2543 1816 2598 καὶΙ

240 2635 402 2704 σῶμα
432 2638 528 2706 τῆς
563 2636 804 2707 ἱστορίας
835 2636 916 2691 ιν.

312 2727 404 2796 Τῷ
437 2728 627 2796 Πέτρῳ
667 2728 723 2780 δὲ
765 2732 856 2780 καὶ
886 2728 964 2799 τῷ
1001 2728 1225 2800 Ἰωάννῃ
1250 2728 1556 2799 διαλέγεται
1593 2732 1627 2799 ἠ
1656 2731 1816 2798 Μαγ-

240 2820 481 2890 δαληνὴ,
514 2820 591 2888 τῷ
634 2821 735 2887 μὲν
770 2820 843 2883 ὡς
897 2825 1212 2891 κορυφαίῳ,
1262 2821 1340 2888 τῷ
1377 2821 1432 2875 δὲ
1471 2822 1545 2883 ὡς
1600 2823 1819 2892 ἠγαπη-

242 2915 413 2984 μένῳ,
443 2916 537 2967 καὶ
561 2914 635 2977 ὼς
658 2914 840 2967 πλεῖον
863 2915 970 2967 τῶν
994 2913 1169 2969 ἄλλων
1197 2916 1454 2983 ἀγαπῶσι
1478 2916 1567 2969 τὸν
1590 2915 1815 2984 Κύριον.

242 3003 357 3055 Καὶ
386 3003 495 3074 γάρ
528 3003 677 3073 μόνοι
709 3004 883 3073 τούτῳ
922 3003 1320 3072 ἠκολούθησαν,
1369 3005 1708 3075 ἀπαγομένῳ
1734 3003 1820 3055 δε-

244 3093 391 3165 σμίῳ
424 3094 558 3164 πρὸς
593 3095 791 3147 ’Ἄνναν
821 3096 915 3147 καὶ
943 3094 1221 3164 Καϊάφαν.

316 3260 612 3327 Ἐξῆλθεν
635 3290 701 3302 —-
728 3260 1042 3329 μνημεῖον.
1090 3260 1298 3325 Μηδενὶ
1342 3262 1440 3331 μὲν
1481 3260 1591 3332 τῶν
1644 3261 1821 3316 ἄλλων

248 3351 416 3421 μηδὲν
467 3352 734 3416 εἰπόντες,
772 3355 1288 3423 καταφρονήσαντες
1330 3354 1386 3406 δὲ
1420 3356 1517 3408 καὶ
1558 3355 1667 3408 τῶν
1698 3357 1824 3407 Ἰου-

243 3441 408 3494 δαίων
438 3445 527 3493 καὶ
554 3440 663 3494 τῶν
695 3442 950 3510 φυλάκων
979 3442 1081 3495 ὑπὸ
1113 3444 1468 3514 θερμότητος.

321 3535 608 3602 Ἐτρεχον
648 3563 718 3572 -
759 3534 929 3603 ὁμοῦ.
980 3533 1083 3606 [Tn
1130 3536 1292 3606 ὁμοίᾳ
1348 3536 1461 3605 (90)
1517 3538 1823 3608 θερμότητι

243 3622 659 3695 ἁμιλλώμενοι.]

316 3713 425 3766 Kal
453 3740 519 3753 -
541 3711 858 3783 μνημεῖον.
892 3713 987 3776 Ὠς
1024 3713 1388 3784 άκμαιότερος
1422 3714 1515 3768 τὸν
1542 3714 1697 3769 τόνον
1724 3716 1822 3769 τοῦ

246 3813 325 3868 σὼ
331 3831 516 3885 ματος.

319 3911 426 3964 Kal
460 3939 525 3951 —
550 3909 776 3993 ὀθόνέα.
817 3909 898 3963 Τά
927 3910 1174 3977 ἐντάφια,
1211 3908 1312 3981 τὴν
1346 3910 1579 3965 σινδόνα.

312 4078 395 4130 Οὐ
421 4074 627 4145 μέντοι
652 4073 918 4143 εἰσῆλθε.
952 4073 1174 4147 Φρίξας,
1201 4074 1235 4146 ἢ
1266 4074 1579 4145 άρκεσθεὶς.

320 4263 599 4331 ’ᾣχπαι
627 4292 696 4304 -
719 4259 1033 4332 μνημεῖον.
1078 4259 1165 4330 Μὴ
1198 4259 1491 4328 δειλιάσας,
1526 4264 1614 4319 ἵνα
1635 4266 1696 4319 τὸ
1725 4267 1824 4337 τῆς

245 4354 517 4425 προτέρας
538 4352 735 4416 δειλίας
766 4349 1133 4421 ἀποτρίψηται
1160 4349 1270 4419 (9|)
1298 4349 1573 4422 ἔγκλημα,
1597 4354 1629 4423 ἢ
1662 4356 1821 4424 ἀκρι-

245 4444 504 4515 σέστερον
526 4443 815 4513 ἐρευνῆσαι
848 4442 1193 4512 βουλόμενος.
1219 4442 1511 4511 Ἐνίκησαν
1541 4440 1634 4497 οὖν
1660 4446 1827 4515 ἀλλή-

1900 619 2204 671 colloeare:
2237 617 2331 669 sed
2375 623 2595 684 propter
2627 612 2960 670 Parasceven
2994 615 3327 679 Judazorum.
3362 636 3484 688 que

1903 708 2153 763 videlicet
2196 717 2225 761 a
2267 704 2468 761 Judwis
2504 707 2569 760 ad
2606 722 2885 775 vesperam
2936 708 3347 774 observabatur,
3377 726 3486 781 quo

1904 808 2147 866 tempore
2208 797 2288 851 fas
2334 812 2444 851 non
2497 806 2612 850 erat
2647 804 2741 850 aut
2790 797 3002 867 longius
3049 799 3350 859 ambulare.
3391 810 3489 854 aut

1903 887 2136 957 amplius
2174 889 2410 955 operari.
2438 886 2608 956 magis
2636 893 2818 939 autem
2845 884 2969 954 quia
2999 884 3284 939 eLPascha
3317 888 3483 942 adve-

1902 988 2079 1043 nerat,
2108 978 2161 1032 in
2189 978 2490 1046 pr0pinquo
2514 984 2819 1044 posuerunt
2839 992 2985 1041 eum,
3004 974 3187 1031 divina
3216 978 3382 1045 gratia
3415 978 3486 1033 ita

1904 1071 2282 1139 dispensante,
2318 1078 2378 1122 ut
2399 1067 2677 1136 discipulae
2706 1069 3088 1137 conspicerent
3118 1069 3206 1122 ubi
3252 1084 3487 1139 ponere-

1907 1168 1997 1213 tur
2060 1166 2115 1212 et
2165 1156 2409 1225 discipuli
2467 1164 2691 1224 possent
2745 1167 2969 1226 prepter
3021 1156 3480 1227 propinquitatem

1907 1249 2209 1319 proﬁcisci,
2259 1264 2323 1302 ac
2370 1248 2615 1302 viderent
2647 1262 2768 1317 qum
2806 1248 3151 1316 postmodum
3196 1246 3338 1301 facta
3362 1259 3491 1305 sunt

1906 1341 2186 1395 miracula.

1974 1430 2108 1498 Cap.
2138 1428 2253 1484 XX.
2281 1428 2431 1483 Vers.
2458 1430 2504 1483 1.
2534 1426 2647 1483 Uno
2672 1440 2843 1482 autem
2863 1428 3239 1483 Sabbatorum.
3264 1430 3318 1484 In
3355 1447 3496 1499 pran-

1907 1521 2053 1575 dicto
2103 1521 2277 1589 rapite
2314 1520 2405 1573 ubi
2456 1518 2652 1573 dicitur
2684 1537 2697 1573 :
2735 1516 2957 1585 Vespera
3007 1531 3181 1574 autem
3241 1520 3496 1585 Sabbqto-

1910 1626 2024 1663 rum
2048 1611 2116 1673 ",
2142 1610 2511 1680 quwluu‘escit
2544 1616 2597 1663 in
2628 1627 2789 1663 unum
2815 1609 3165 1664 Sabbatorum
3194 1613 3342 1682 :lege
3375 1630 3494 1683 qua:

1908 1710 2037 1753 sunt
2072 1710 2343 1754 enarrata.

1980 1789 2139 1845 Vers.
2173 1793 2226 1845 1.
2252 1790 2429 1845 Maria
2457 1822 2523 1834 -
2554 1790 2711 1847 Vers.
2740 1793 2793 1846 2.
2848 1810 2987 1846 eum.
3020 1792 3134 1848 lloc
3165 1793 3327 1848 etiam
3354 1796 3495 1860 loco,

1926 1900 2046 1954 qua:
2090 1885 2232 1938 circa
2282 1884 2414 1937 alias
2462 1885 2720 1939 mulieres
2757 1895 2874 1938 acta
2937 1896 3066 1937 sunt
3120 1887 3492 1955 praetermisit,

1920 1984 2175 2044 tanquam
2212 1975 2280 2029 ab
2306 1975 2427 2029 aliis
2457 1975 2620 2030 dicta:
2655 1990 2775 2044 qua:
2799 1989 2927 2028 vero
2952 1974 3131 2030 Maria:
3167 1974 3492 2045 Magdalena:

1916 2066 2255 2128 acciderunt,
2303 2074 2491 2135 utpote
2535 2064 2603 2119 ab
2631 2066 2755 2119 aliis
2792 2066 3007 2119 silentio
3052 2066 3345 2135 praeterita,
3390 2082 3488 2120 ev-

1912 2163 2209 2225 ponuz.tur.
2240 2154 2380 2226 Lege
2429 2156 2609 2225 itaque
2640 2157 2899 2225 prmdicto
2925 2156 3102 2225 capite
3140 2155 3207 2210 ab
3236 2172 3302 2211 eo
3333 2157 3452 2212 loco
3480 2176 3495 2212 :

1919 2248 2136 2315 Vespera
2177 2258 2353 2302 autem
2392 2246 2829 2307 Sabbatorum".
2854 2265 2970 2311 qua!
3009 2248 3216 2302 lucescit
3244 2251 3296 2302 in
3333 2266 3496 2303 unum

1914 2334 2288 2399 Sabbatorunt,
2324 2335 2612 2403 usquedum
2642 2335 2835 2386 dicitur
2866 2350 2883 2387 :
2916 2333 3163 2388 Undecim
3187 2350 3308 2389 sero
3334 2337 3499 2390 disci-

1915 2426 2024 2497 puli
2061 2426 2281 2499 profecti
2313 2433 2432 2478 sunt
2470 2425 2526 2476 in
2554 2424 2833 2479 Galilieam
2855 2425 2923 2488 ";
2952 2434 3007 2477 et
3050 2426 3232 2479 omnia
3280 2428 3345 2480 ad
3373 2443 3497 2480 ver-

1914 2516 2041 2571 bum
2080 2518 2368 2586 explanata
2397 2516 2663 2577 invenies,
2695 2514 3049 2582 eamdemque
3072 2525 3305 2584 quatuor
3330 2532 3499 2571 evan-

1917 2607 2227 2675 gelistarum
2263 2606 2699 2666 consonantiam,
2723 2619 2786 2658 ac
2813 2619 3014 2673 corpus
3041 2604 3282 2659 historiae
3306 2621 3497 2659 unum.

1990 2717 2151 2772 Petro
2192 2724 2376 2770 autem
2409 2725 2464 2769 et
2506 2716 2705 2769 Joanni
2733 2713 2993 2781 .loquitur
3046 2712 3384 2783 Magtlalene:
3425 2714 3502 2769 illi

1918 2808 2162 2875 quidem,
2197 2816 2454 2875 tanquam
2507 2804 2749 2858 omnium
2781 2818 3016 2866 summo,
3057 2803 3184 2857 huic
3218 2818 3350 2857 vero
3383 2813 3504 2856 tau-

1918 2912 2078 2965 quam
2110 2884 2329 2957 dilecto,
2376 2904 2433 2947 et
2465 2892 2557 2962 qui
2609 2892 2845 2961 amplius
2878 2906 3041 2960 quam
3080 2894 3269 2946 caeteri
3300 2893 3501 2964 dilige-

1918 2988 2049 3041 bant
2070 2983 2281 3051 lesum;
2319 2985 2417 3038 soli
2457 2984 2605 3038 enim
2647 2986 2786 3036 inter
2833 2998 3025 3037 omnes
3058 2982 3233 3037 secuti
3285 2983 3503 3038 fuerant

1918 3090 2066 3139 eum,
2112 3089 2237 3128 cum
2271 3073 2466 3144 ligatus
2494 3072 2869 3127 abducebatur
2916 3070 2985 3125 ad
3018 3070 3231 3124 Annam
3264 3080 3317 3126 et
3349 3071 3505 3127 Caia-

1846 3192 1892 3254 ς
1924 3166 2114 3235 pham.

1998 3268 2156 3321 Vers.
2202 3268 2257 3321 5.
2310 3265 2490 3320 Exivit
2522 3295 2591 3306 νο-
2622 3275 3035 3320 ηιοηαηιεηιαπι.
3083 3265 3227 3320 Nulli
3272 3266 3500 3323 aliorum

1925 3358 2224 3427 quidquam
2255 3356 2521 3421 dicentes;
2565 3358 2790 3425 insuper
2824 3364 2880 3410 et
2907 3354 3122 3410 ludaros
3147 3371 3210 3410 ac
3246 3357 3503 3413 custodes

1927 3463 2039 3519 prae
2076 3448 2292 3502 fervore
2326 3455 2768 3501 contemnentes.

1999 3538 2155 3592 Vers.
2190 3536 2245 3589 4.
2304 3536 2590 3591 Currebunt
2625 3567 2694 3578 —
2720 3536 2899 3591 simul.
2962 3536 3137 3592 Simili
3180 3537 3396 3594 fervore
3451 3546 3507 3594 et

1926 3644 1987 3685 se
2032 3637 2088 3684 et
2125 3638 2319 3683 caetera
2355 3627 2718 3698 despicientes
2744 3628 2881 3699 (aa).

1996 3720 2154 3775 Vers.
2201 3720 2256 3774 4.
2303 3720 2375 3773 Et
2414 3752 2484 3760 —
2520 3731 2932 3774 monumentum.
2966 3719 3250 3787 Tanquam
3304 3722 3509 3777 robus-

1929 3812 2032 3867 tior
2061 3813 2243 3882 vigore
2272 3812 2542 3879 corporis.

1996 3904 2148 3957 Vers.
2198 3904 2247 3954 5.
2288 3904 2354 3957 Et
2383 3904 2464 3941 -’
2498 3901 2831 3954 linteamina.
2860 3901 3172 3970 Funeralia,
3205 3914 3355 3975 puta,
3394 3906 3509 3960 sin-

1925 3994 2149 4049 donem.

2000 4084 2153 4139 Vers.
2184 4084 2237 4138 5.
2268 4083 2389 4137 Non
2415 4093 2593 4135 tamen
2638 4082 2893 4139 mtroiuit.
2924 4081 3185 4139 Tremore
3229 4083 3507 4159 detentus,

1926 4186 2020 4231 aut
2048 4176 2133 4230 his
2156 4176 2264 4244 jam
2298 4182 2612 4228 contentus.

2001 4264 2155 4319 Vers.
2182 4264 2234 4318 θ.
2271 4262 2421 4317 Venit
2450 4290 2519 4301 —-
2545 4269 2962 4315 monumentum.
2990 4258 3153 4316 Nullo
3196 4260 3308 4331 jam
3358 4271 3505 4317 metu

1925 4368 2239 4427 oppressus,
2260 4366 2369 4421 quo
2389 4349 2584 4421 prioris
2602 4350 2813 4419 culpam
2836 4349 3135 4405 timiditatis
3152 4351 3505 4421 abstergeret,

1926 4460 2020 4502 aut
2048 4445 2360 4517 diligentius
2405 4445 2636 4497 scrutari
2689 4442 2899 4495 uolens.
2950 4440 3187 4495 Invicem
3221 4440 3405 4508 itaque
3447 4459 3508 4496 se

245 4536 374 4597 λους
424 4534 613 4603 ἄμφω.
678 4533 931 4603 Ἰωάννης
994 4534 1094 4602 μὲν
1151 4533 1231 4603 τῷ
1282 4533 1397 4604 (92)
1446 4534 1813 4606 προδραμεῖν⁴

1935 4544 2083 4593 ambo
2110 4538 2399 4592 vicerunt:
2426 4532 2669 4588 Joannes
2695 4532 2915 4602 quidem
2959 4533 3366 4603 praecurrendo:
3406 4534 3508 4588 Pe-

252 4626 459 4694 Πέτρος
489 4624 547 4676 δὲ
584 4622 662 4694 τῷ
687 4625 945 4677 εἰσελθεῖν
979 4625 1060 4686 είς
1089 4624 1149 4678 τὸ
1180 4629 1467 4697 μνημεῖον.

318 4714 588 4787 [Ζήτησον
619 4715 730 4784 (93)
764 4716 858 4768 καὶ
884 4717 943 4768 ὲν
980 4715 1059 4785 τῷ
1087 4716 1431 4787 ὀγδοηκοστῷ
1458 4718 1699 4789 δευτέρῳ
1722 4736 1821 4772 κε·-

250 4806 465 4876 φαλαίῳ
486 4806 581 4860 τοῦ
603 4806 745 4859 κατὰ
768 4807 985 4860 Λουκᾶν
1007 4808 1067 4860 τό
1082 4824 1097 4839 ο
1133 4810 1196 4861 ’0
1221 4807 1289 4861 δὲ
1307 4808 1529 4876 Πέτρος
1552 4809 1824 4876 ἀναστὰς

248 4896 508 4967 ἔδραμεν
537 4898 635 4951 ἐπὶ
665 4898 730 4952 τὸ
756 4899 1070 4970 μνημεῖον,
1100 4901 1195 4952 καὶ
1228 4900 1501 4969 ἀνάγνωθι
1532 4902 1600 4955 τὰ
1625 4902 1826 4972 ἐξηγη-

1926 4640 2047 4685 trus
2086 4642 2215 4682 vero
2255 4628 2309 4680 in
2336 4635 2749 4680 monumentum
2789 4624 3140 4682 introeundo.

1995 4722 2190 4788 Quaere
2220 4721 2382 4775 etiam
2415 4718 2746 4788 octogesimo
2785 4718 3025 4773 secundo
3056 4716 3328 4788 Evangelii
3356 4718 3508 4787 juxta

1926 4813 2126 4869 Lucam
2156 4812 2357 4882 capite,
2406 4812 2498 4866 ubi
2541 4810 2762 4866 dicitur:
2802 4808 2992 4863 Petrus
3026 4824 3147 4863 vero
3171 4824 3385 4877 surgens
3417 4824 3510 4860 cu-

1928 4908 2094 4961 currit
2122 4903 2189 4959 ad
2222 4913 2614 4958 monumentum
2636 4903 2728 4967 W;
2756 4916 2820 4955 ac
2845 4900 3245 4956 enarrationem
3274 4902 3389 4971 lege
3419 4914 3511 4952 su-

324 5067 370 5101 ⁸⁹
399 5066 809 5135 Μαιιιιαιγιιι,
842 5071 896 5125 1.
970 5073 1016 5105 ⁹⁰
1068 5072 1202 5128 ibid.
1286 5074 1329 5107 ⁹¹
1371 5074 1503 5130 ibid.
1535 5074 1625 5132 16.
1698 5075 1813 5132 ⁹¹⁶Ἰ

1963 5094 2115 5149 xxrv,
2170 5079 2257 5133 l2.

1442 5231 1642 5293 Variis
1691 5231 2002 5297 lectiones
2043 5240 2105 5297 et
2134 5246 2324 5299 nota.

327 5394 438 5466 (89)
469 5396 645 5466 Etiam
672 5397 790 5454 huic
825 5396 1023 5451 desunt
1054 5396 1119 5453 A.

332 5466 444 5533 (90)
480 5465 694 5522 inclusa
725 5469 925 5522 absunt
954 5469 1019 5521 Α.

332 5535 445 5607 (91)
486 5537 880 5609 Ἀπορριψηται
932 5542 995 5592 Α.
1034 5537 1169 5593 lllud
1208 5535 1509 5595 Hentenius
1536 5540 1685 5613 legit.
1732 5542 1833 5595 At-

333 5689 447 5761 (aa)
491 5689 558 5744 Et
584 5706 640 5744 se
662 5690 1108 5758 —despicientes.
1142 5688 1289 5743 Inter
1327 5705 1387 5745 se
1416 5701 1712 5745 certantes.
1740 5690 1829 5744 ln-

259 5760 469 5829 terpres
508 5761 720 5814 videtur
752 5760 949 5830 legisse
1005 5763 1098 5821 καὶ
1128 5761 1336 5817 ἑαυτῶν
1360 5763 1453 5813 καὶ
1512 5761 1621 5813 τῶν
1650 5761 1829 5815 ἄλλων

260 5832 614 5893 αμελοῠντες.
664 5831 770 5885 Sed
822 5845 941 5899 qua:
994 5830 1226 5886 inferius
1281 5832 1533 5900 leguntur
1576 5847 1630 5901 p.
1697 5831 1826 5897 627,

1933 5416 2038 5471 que
2066 5402 2143 5455 ita
2173 5401 2337 5457 etiam
2368 5411 2452 5455 est
2482 5400 2547 5455 ad
2579 5400 2866 5461 loanmx,
2891 5399 2943 5453 7.

2009 5472 2122 5542 (9‘2)
2150 5474 2261 5540 Δρα
2271 5476 2393 5542 μεῖν
2424 5472 2485 5527 Β.

2010 5544 2123 5611 (95)
2150 5542 2360 5597 Inclusa
2392 5545 2591 5597 absunt
2640 5543 2706 5595 Α.

1941 5708 2086 5749 vers.
2111 5693 2197 5757 l2,
2231 5693 2492 5763 ἐνίκησαν
2519 5692 2633 5761 οὖν,
2673 5710 2724 5749 κ.
2759 5710 2809 5749 τ.
2838 5695 2913 5760 λ.,
2948 5691 3237 5749 lectionem
3263 5704 3507 5747 meorum

1938 5766 2095 5821 codd.
2132 5766 2370 5818 ﬁrmant.
