3976 6478
525 374 665 440 1479

1765 362 2152 426 EUTHYMII
2191 362 2555 424 ZIGABENI

3636 359 3767 422 Ῑεεο

513 501 611 557 per
638 484 689 537 id
718 480 862 551 quod
889 478 1143 535 habetur:
1173 474 1456 528 Admirans
1492 473 1630 542 quod
1657 473 1860 552 factum
1892 481 2006 526 erat
2025 472 2093 536 ",

2216 471 2363 524 ἱέντα
2428 473 2510 530 εις
2577 471 2673 523 to"
2749 466 3068 537 Θαυμὰζων
3139 467 3204 521 τὸ
3279 468 3554 537 γεγονὸς,
3629 477 3765 526 πάνυ

513 577 579 629 ad
605 575 752 627 hunc
778 573 958 625 locum
986 565 1223 621 maxime
1257 561 1641 617 necessariam.

584 662 739 718 Vers.
767 662 819 717 6.
857 660 925 713 Et
957 687 1019 699 -—
1044 657 1198 712 Vers.
1228 655 1282 706 7.
1325 653 1514 706 locum.
1542 651 1782 717 Quorum
1805 655 2098 716 utrumque

513 757 726 826 signum
773 751 938 806 etiam
968 757 1083 802 erat
1114 745 1397 800 infallibile
1427 741 1867 798 resurrectionis.
1910 737 2098 808 Neque

513 847 684 909 enim,
727 841 770 896 si
817 842 938 910 quis
975 854 1100 894 eum
1147 838 1594 906 transposuisset,
1633 845 1781 888 certe
1828 834 2098 888 denudas-

512 941 637 988 set:
669 947 848 1001 neque
879 930 922 984 si
953 929 1166 983 furatus
1188 935 1352 990 esset.
1388 940 1575 980 curam
1615 923 1896 978 habuisset
1940 932 2001 976 ut
2044 933 2100 975 et

512 1023 795 1076 sudarium
834 1020 1156 1080 involveret.
1201 1026 1536 1086 poneretque
1577 1014 1631 1068 in
1674 1030 1842 1068 unum
1895 1015 2097 1077 locum,

512 1113 628 1167 sive
655 1112 706 1163 in
744 1110 976 1166 alterum
1007 1125 1034 1160 a
1079 1104 1490 1160 linteaminibus
1532 1113 1865 1172 separatum,
1900 1102 1992 1157 sed
2028 1105 2099 1155 ita

512 1216 568 1255 ut
604 1204 768 1255 situm
805 1209 922 1253 erat
946 1211 1166 1266 corpus.
1205 1202 1300 1248 aut
1334 1193 1780 1261 transposnisset,
1822 1201 1918 1244 aut
1957 1194 2102 1244 fura-

512 1304 600 1348 tus
646 1293 872 1346 fuisset:
907 1291 1116 1344 veritus
1138 1288 1242 1359 (bb)
1268 1285 1604 1355 superﬂuum
1643 1295 1858 1353 tempus
1892 1286 1944 1338 in
2003 1300 2102 1337 ne-

511 1388 657 1458 gotio
683 1399 1032 1446 consumere,
1070 1397 1140 1434 ne
1169 1396 1278 1448 quo
1310 1379 1472 1433 modo
1501 1379 1554 1430 in
1604 1377 1749 1431 furto
1789 1377 2102 1447 deprehen-

511 1480 752 1539 deretur,
784 1485 1199 1540 extremumque
1230 1470 1412 1529 lueret,
1432 1467 1784 1537 supplicium.

582 1590 854 1642 Praeterea
886 1587 1076 1650 etiam,
1120 1599 1245 1637 cum
1293 1579 1514 1652 myrrha
1544 1595 1667 1633 cum
1713 1595 1818 1649 qua
1855 1579 2104 1649 sepultus

511 1691 630 1736 erat
669 1681 903 1735 maxime
944 1686 1093 1732 esset
1129 1677 1178 1729 ei
1209 1674 1545 1744 agglutinata
1578 1682 1654 1733 ,et
1693 1673 1979 1752 sindoneni
2018 1681 2102 1725 te-

510 1772 804 1825 nacissime
832 1771 880 1822 ei
909 1768 1208 1842 adlimrere
1251 1765 1476 1829 faceret,
1514 1764 1613 1828 sic,
1656 1773 1714 1817 ut
1745 1765 1854 1833 jam
1881 1764 2098 1825 coalita,

2197 564 2472 632 ἀναγκαῖα
2501 564 2631 618 ὄντα
2663 563 2797 633 πρὸς
2830 563 2898 616 τά
2936 560 3228 633 παρόντα.)

2271 655 2383 708 Καὶ
2427 684 2494 694 ——
2537 657 2742 709 τόπον.
2801 656 2872 708 ’Δ
2913 655 3005 707 καὶ
3045 655 3212 722 ἄμφω
3253 657 3452 724 σημεῖα
3499 650 3634 725 ἦσαν
3670 657 3768 726 τῆς

2200 744 2553 808 ἀναστάσεως
2584 746 2974 816 ἀναντίρῤητα.
2995 743 3130 798 Οὔτε
3159 745 3284 813 γὰρ,
3316 749 3362 798 εἰ
3396 733 3659 816 μετέθηκέ
3684 765 3767 810 τις

2200 836 2382 900 αὑτὸν,
2400 835 2716 905 ἐγύμνωσεν
2744 836 2833 900 ἂν,
2859 834 2983 888 οὔτε
3007 837 3055 887 εἰ
3076 835 3322 904 ἔκλεψεν,
3349 837 3658 905 ἐφρόντισεν
3678 837 3764 902 ἂν,

2201 929 2340 982 ῶστε
2364 929 2540 982 καὶτὸ
2569 928 2851 998 σουδάριον
2883 929 3157 998 ἐπιμελῶς
3189 928 3452 994 ἐντυλίξαι
3483 932 3573 982 καὶ
3604 929 3769 982 θεῖναι

2202 1021 2282 1082 εἰς
2317 1019 2412 1074 ἱνα
2440 1020 2625 1084 τόπον,
2663 1021 2831 1091 ήγουν
2870 1021 2949 1081 εἰς
2985 1020 3172 1089 ἕτερον
3211 1020 3360 1090 παρὰ
3399 1019 3489 1072 τὸν
3513 1019 3621 1072 τῶν
3651 1018 3769 1073 ὀθοο

2201 1113 2327 1166 νίων
2352 1129 2365 1142 ·
2397 1113 2511 1166 ἀλλ’
2550 1113 2744 1176 οὕτως,
2784 1113 2858 1175 ὡς
2890 1107 3026 1180 εἶχε,
3058 1110 3120 1163 τὸ
3155 1109 3314 1179 σῶμα
3351 1111 3647 1180 μετέθηκεν
3679 1111 3770 1176 ἂν,

2205 1203 2239 1271 ἢ
2271 1201 2512 1271 ἔκλεψε,
2570 1200 2758 1264 δεδιὼς
2814 1199 3069 1253 τοσοῦτον
3115 1195 3393 1250 ἀναλῶσαι
3442 1199 3631 1268 καιρὸν
3691 1199 3772 1260 εις

2205 1295 2440 1363 πρᾶγμα
2479 1293 2734 1361 περιττὸν
2758 1333 2772 1356 ,
2814 1292 3028 1361 μήποτε
3064 1289 3391 1359 κατάφωρος
3422 1289 3645 1359 γένηται
3675 1291 3772 1343 καὶ

2202 1387 2302 1456 τὴν
2341 1385 2578 1456 ἐσχάτην
2611 1382 2783 1454 ὑφέξῃ
2812 1382 2992 1452 δίκην.

2278 1589 2490 1652 Ἀλλως
2525 1605 2585 1641 τε
2635 1587 2730 1642 καὶ
2766 1587 2869 1652 τῆς
2908 1586 3156 1656 σμύρνης
3192 1583 3629 1651 κολλωδεστάτης
3678 1583 3770 1636 οὖ-

2206 1699 2307 1752 σης
2328 1721 2342 1744 ,
2384 1679 2504 1750 μεθ’
2537 1675 2601 1750 ἧς
2636 1673 2704 1748 ἦν
2741 1677 3235 1745 ἐντεταφιασμένος
3256 1717 3270 1738 ,
3309 1675 3403 1730 καὶ
3437 1675 3534 1745 τὴν
3566 1676 3772 1728 σινδόνα

2205 1771 2627 1842 προσκολλὼτης
2679 1769 2831 1839 αὐτῷ
2861 1768 2982 1821 λίαν
3033 1767 3294 1837 συμφυῶς
3327 1766 3421 1819 καὶ
3457 1767 3769 1819 ἀναποσπά-

508 1863 662 1918 nnllo
702 1863 860 1915 modo
901 1837 1086 1930 posset
1111 1857 1291 1922 avelli;
1321 1865 1612 1926 propterea
1655 1857 1772 1910 haec
1813 1855 2043 1910 seorsim
2069 1871 2099 1908 a

2216 1833 2376 1930 ττωςο
2402 1867 2491 1920 διά
2523 1833 2682 1921 τοδτο
2709 1833 2842 1933 γοιέν
2871 1861 3044 1916 ταῦτα
3073 1833 3242 1930 χωρὶς
3275 1860 3516 1929 ἀλλήλων
3546 1859 3770 1924 ἔκειντο,

509 1966 570 2006 se
625 1950 858 2004 invii-em
905 1948 1082 2018 posita
1137 1957 1318 2010 erant,
1366 1955 1421 2000 et
1459 1945 1743 2000 sudarium
1793 1946 2099 2000 involutum

509 2053 626 2098 erat
664 2053 722 2096 ut
764 2042 1101 2096 disceremus
1125 2040 1267 2108 quod
1304 2053 1432 2093 cum
1466 2039 1794 2093 auctoritate
1837 2039 2100 2107 omnique

511 2136 807 2191 securitate
841 2143 1180 2188 surrexerat.
1221 2130 1516 2185 Sudarium
1557 2138 1742 2184 autem
1787 2138 1906 2184 erat
1935 2145 2102 2199 parva

512 2227 770 2296 quaedam
825 2225 1074 2286 fasciola.
1110 2223 1257 2291 quali
1313 2222 1476 2275 etiam
1519 2220 1694 2274 facies
1743 2220 1957 2285 Lazari,
2007 2221 2102 2290 qui

510 2315 690 2369 fuerat
731 2319 1121 2375 mortuus,erat
1156 2309 1432 2362 obvincta.

580 2404 738 2460 Vers.
769 2405 823 2457 8.
859 2402 1003 2455 Tune
1029 2429 1100 2440 —
1125 2408 1544 2452 monumentum.
1578 2395 1816 2452 Vocatus
1845 2411 1874 2450 ο
1913 2395 2097 2452 Petro.

579 2583 739 2638 Vers.
769 2583 822 2637 8.
856 2579 925 2633 Et
949 2611 1017 2620 -—
1037 2580 1284 2633 credidit.
1317 2578 1454 2634 Cum
1485 2577 1911 2633 resurrectionis
1942 2579 2098 2649 signa

509 2675 740 2728 vidisset
775 2673 1105 2726 indubitata.

586 2763 740 2817 V'ers.
791 2763 844 2817 9.
895 2761 1146 2815 Nondum
1180 2791 1248 2804 -—-
1285 2779 1581 2832 resurgere.
1627 2762 1864 2816 Causam
1918 2761 2096 2815 reddit

511 2872 613 2910 cur
659 2855 813 2924 prius
845 2870 952 2907 non
998 2854 1331 2908 crediderint
1365 2853 1716 2917 mulieribus,
1749 2870 1870 2923 qua:
1895 2854 1978 2907 eis
2009 2869 2095 2907 re-

509 2948 904 3004 surrectionem
947 2949 1436 3010 annnntiaverant,
1473 2947 1568 3000 sed
1603 2947 1719 3000 visa
1753 2956 1882 3000 sunt
1911 2961 2095 3001 coram

509 3041 644 3110 ipsis
673 3050 928 3108 tanquam
977 3040 1402 3094 deliramentum
1428 3041 1598 3093 verba
1630 3055 1821 3094 earum
1853 3042 1965 3105 "°;
1998 3041 2094 3094 sed

2203 1960 2299 2012 καὶ
2334 1960 2395 2012 τὸ
2425 1960 2705 2029 σουδάριον
2738 1955 2850 2028 (94)
2879 1953 3215 2018 ἐτετύλικτο,
3261 1951 3348 2006 ἵνα
3390 1951 3649 2021 μάθωμεν
3689 1953 3770 2005 ὅτι

2202 2051 2324 2104 κατ’
2352 2049 2604 2114 ἐξουσίαν
2635 2050 2836 2119 ἀνέστη
2881 2047 2976 2101 καὶ
3012 2047 3193 2099 πᾶσαν
3231 2043 3434 2099 ἄδειαν.
3467 2043 3539 2096 Τὸ
3583 2042 3772 2095 σουδάσ

2206 2156 2322 2212 ριον
2359 2139 2416 2193 δέ
2443 2135 2512 2211 ἧν
2543 2139 2828 2209 φακιόλιόν
2856 2154 2909 2190 τι
2938 2135 3157 2206 μικρὸν,
3188 2133 3283 2204 οἴῳ
3311 2135 3403 2188 καὶ
3426 2136 3456 2189 δ
3496 2130 3772 2204 τεθνηκὼς

2201 2231 2454 2301 Λάζαρος
2479 2231 2580 2296 τὴν
2602 2229 2727 2300 δψιν
2751 2228 3115 2300 περιεδέδετο.

2277 2415 2417 2470 Τότε
2470 2444 2542 2456 --
2588 2413 2905 2485 μνημεῖον.
2972 2409 3230 2485 [κληθεὶς
3289 2407 3400 2482 (95)
3461 2406 3612 2479 παρὰ
3676 2403 3768 2459 τοῦ

2253 2506 2435 2561 ἐτρου.

2201 2503 2464 2576 Πέτρου.]

2270 2595 2380 2650 Kal
2437 2625 2508 2635 -—
2565 2596 2915 2648 ἐπίστευσε.
2987 2592 3338 2662 Θεασάμενος
3403 2589 3606 2660 σημεῖα
3678 2586 3770 2655 τῆς

2200 2687 2551 2751 ἀναστάσεως
2573 2688 2674 2740 ἀνα
2683 2686 2918 2755 μφεσολα

2273 2779 2522 2833 Οὐδέπω
2553 2807 2624 2818 --
2655 2776 3020 2846 ἀναστῆναι.
3060 2775 3456 2848 [Ἀπολογεῖται
3490 2768 3773 2861 (96)..πῶς

2198 2871 2299 2922 οὐκ
2325 2871 2660 2922 ἐπίστευσαν
2711 2870 2980 2940 πρότερον
3022 2869 3138 2929 ταῖς
3171 2864 3449 2930 γυναιξὶν,
3491 2863 3774 2928 εὐαγγελι-

2202 2963 2466 3030 σαμέναις
2521 2961 2704 3022 αὐτοῖς
2767 2961 2867 3029 τὴν
2923 2958 3263 3012 ἀνάστασιν·
3321 2954 3438 3008 ἀλλ’
3495 2955 3770 3021 ἐφάνησαν

2200 3053 2432 3106 ἐνώπιον
2471 3053 2650 3105 αὐτῶν
2680 3051 2814 3104 ὡσεὶ
2843 3051 3011 3122 λῆρος
3042 3051 3111 3102 τά
3147 3050 3370 3119 ῥήματα
3409 3045 3586 3100 αὐτῶν
3607 3061 3621 3074 °
3662 3043 3771 3096 ἀλλ’

509 3147 689 3200 neque
723 3132 941 3186 duobus
982 3146 1050 3185 ex
1089 3134 1171 3186 eis
1207 3132 1299 3200 qni
1331 3132 1583 3186 abierant
1615 3147 1708 3186 rus
1758 3132 1826 3198 ”,
1855 3141 1911 3187 et
1937 3133 2095 3196 dicit,

2216 3147 2318 3200 ὡδὶ
2369 3148 2481 3210 τοῖς
2529 3146 2921 3216 πορευομένοις
2963 3145 3043 3206 εἰς
3083 3143 3253 3212 ἀγρὸν
3296 3141 3445 3194 δυσὶν
3481 3140 3538 3204 ἐξ
3576 3137 3770 3190 αὐτῶν.

509 3224 659 3292 quod
713 3225 958 3278 nondum
1011 3222 1394 3293 intelligebant
1448 3222 1816 3293 Scripturam,
1867 3224 1936 3280 de
1973 3227 2095 3296 ejus

513 3319 924 3370 'esurrectione
962 3316 1250 3370 docentem
1276 3333 1289 3369 :
1319 3317 1435 3369 haec
1463 3326 1646 3370 autem
1671 3317 1956 3388 multiplex
1988 3329 2097 3384 est,

511 3408 568 3461 in
601 3408 836 3460 diversis
869 3408 1094 3476 psalmis
1140 3406 1416 3462 Davidicis
1461 3408 1924 3480 sermonibusque
1972 3426 2098 3480 pro-

511 3498 748 3567 pheticis
779 3513 986 3564 Sparsa.

588 3587 724 3642 Vers
754 3588 835 3643 l0.
869 3589 1128 3642 Abierant
1153 3617 1222 3628 —
1246 3590 1516 3659 discipuli.
1541 3591 1624 3645 Ad
1655 3606 1819 3646 suum
1849 3592 2091 3648 diverso-

514 3681 682 3734 rium.

585 3771 741 3825 Vers.
799 3773 884 3825 ll.
960 3771 1235 3843 Moria—
1271 3774 1425 3843 foris.
1480 3775 1719 3830 Venerat
1772 3777 1918 3830 enim
1970 3786 2098 3846 post

515 3861 738 3916 Petrum
773 3874 828 3916 et
859 3861 1149 3929 Joannem,
1181 3880 1306 3918 eum
1341 3882 1449 3919 non
1480 3870 1750 3936 potuiSSet
1778 3869 1941 3922 simul
1969 3886 2092 3923 cum

513 3955 597 4008 eis
623 3967 870 4016 currere,
903 3965 953 4006 et
980 3969 1082 4008 nec
1113 3957 1522 4011 revertentibus
1560 3960 1823 4026 occurrit,
1855 3969 1911 4014 ut
1938 3962 2096 4030 quip-

512 4049 658 4118 piam
695 4048 904 4101 ﬁrmius
938 4047 1104 4101 etiam
1138 4048 1254 4116 ipsa
1289 4050 1545 4104 disceret.

589 4139 742 4192 Vers.
800 4141 885 4190 ‘ll.
925 4138 1063 4190 Dum
1091 4169 1161 4179 --
1194 4155 1336 4194 vers.
1375 4142 1458 4193 12.
1494 4141 1652 4196 albis.
1687 4142 1872 4198 Palliis
1903 4143 2098 4198 videli-

511 4239 600 4283 cet
646 4244 661 4279 :
690 4228 744 4280 lii
783 4237 968 4281 autem
1003 4235 1181 4292 erant,
1213 4228 1304 4294 qui
1352 4229 1512 4282 etiam
1559 4231 1710 4299 prius
1743 4231 1793 4284 ei
1823 4246 2095 4300 apparue-

512 4331 657 4384 rant,
692 4321 840 4374 etiis
869 4337 989 4389 quae
1022 4335 1143 4374 enm
1189 4337 1253 4374 ea
1296 4331 1474 4375 erant.
1529 4323 1817 4388 Quomodo
1858 4339 1989 4396 ergo
2039 4325 2096 4378 bi

2201 3237 2319 3290 Καί
2371 3253 2537 3307 φησιν
2563 3235 2668 3307 ὅτι]
2699 3234 2852 3288 οὔπω
2887 3234 3069 3288 ἐνόουν
3095 3232 3193 3303 τὴν
3223 3232 3446 3301 Γραφὴν
3469 3268 3483 3294 ,
3509 3228 3606 3298 τὴν
3641 3229 3767 3295 περὶ

2200 3333 2298 3399 τῆς
2344 3329 2695 3389 ἀναστάσεως
2742 3326 2910 3382 αὐτοῦ
2961 3327 3321 3380 διδάσκουσαν
3348 3339 3362 3351 ·
3413 3323 3670 3389 διάφορος
3719 3318 3771 3370 δὲ

2200 3423 2364 3491 αὕτη,
2429 3425 2488 3475 ἐν
2547 3421 2827 3490 διαφόροις
2879 3419 3118 3488 ψαλμοῖς
3178 3417 3489 3477 Δαυῖτικοῐς
3537 3414 3634 3467 καὶ
3686 3412 3771 3465 λό-

2199 3531 2319 3581 γοις
2355 3515 2720 3583 προφητικοϊς
2758 3512 3215 3580 κατεσπαρμένη.

2283 3605 2590 3672 Ἀπῆλοον
2634 3635 2700 3646 --
2745 3602 3026 3674 μαθηταί.
3077 3602 3218 3672 Πρὸς
3266 3601 3367 3670 τὴν
3408 3595 3618 3652 ἑαυτῶν
3679 3613 3772 3650 και

2199 3698 2485 3764 ταγωγήν.

2269 3791 2464 3857 Μαρία
2506 3818 2572 3828 -
2603 3788 2742 3853 ἔξω.
2798 3789 3102 3860 ’Υστέρησε
3145 3787 3252 3859 γὰρ
3292 3784 3384 3840 τοῦ
3435 3786 3641 3856 Πέτρου
3683 3782 3771 3836 καὶ

2212 3881 2495 3943 Ἰωάννου,
2559 3882 2634 3950 μὴ
2692 3880 2985 3950 δυνηθεῖσα
3044 3879 3358 3951 συντρέχειν
3410 3878 3626 3942 αὐτοῖς,
3683 3875 3768 3928 καὶ

2200 3969 2321 4021 οὐδὲ
2386 3969 2496 4038 (97)
2563 3972 2956 4040 στρεφομένοις
3019 3972 3322 4042 συνήντησε
3381 3967 3630 4031 τούτοις,
3689 3967 3767 4019 ἴνα

2200 4060 2294 4112 καὶ
2331 4060 2485 4132 μάθῃ
2511 4079 2564 4114 τι
2597 4061 2966 4132 βεϐαιότερον.

2285 4150 2378 4215 Ὦς
2411 4181 2482 4190 -
2517 4152 2781 4216 λευκοῖς.
2808 4153 3211 4223 Περισλὴμασι,
3238 4152 3502 4222 δηλονότι.
3541 4144 3697 4204 Οὗτοι
3717 4147 3766 4198 δὲ

2197 4237 2340 4311 ἦσαν
2370 4243 2534 4296 οἱκαὶ
2561 4243 2829 4314 πρότερον
2857 4243 2970 4314 (98)
2998 4244 3260 4311 ὀφθέντες
3287 4244 3421 4312 αὐτῇ
3453 4259 3510 4295 τε
3536 4239 3630 4294 καὶ
3655 4239 3767 4294 ταῖς

2203 4335 2300 4387 σὺν
2335 4336 2496 4404 αὐτῇ.
2529 4337 2641 4389 Καὶ
2680 4337 2800 4400 πῶς
2825 4337 2925 4389 οὐκ
2976 4337 3257 4408 ἐφάνησαν
3303 4332 3448 4390 οὗτοι
3481 4335 3558 4404 τῷ
3587 4335 3766 4402 Πέτρῳ

512 4426 622 4465 non
652 4419 1031 4480 apparuerunt
1077 4408 1236 4463 Petro
1271 4419 1347 4481 et,
1373 4409 1617 4465 Joanni?
1667 4412 1806 4478 Quia
1851 4414 2094 4468 futurum

2216 4425 2300 4478 ιιαὶ
2367 4427 2626 4497 Ἰωάννῃ;
2672 4427 2798 4480 Ὅτι
2849 4428 3078 4492 ἐκείνοις
3128 4428 3354 4499 ἔμελλον
3407 4428 3595 4499 ἀρκεῖν
3639 4426 3765 4495 πρὸς

513 4511 654 4562 erat.
687 4512 746 4554 ut
775 4501 882 4554 illis
912 4512 1167 4570 tanquam
1198 4502 1644 4570 prudentioribus
1670 4506 1736 4559 ad
1767 4507 1929 4560 ﬁdem
1952 4507 2097 4561 suill-

2216 4520 2385 4572 πίστιν
2410 4517 2448 4572 ἃ
2477 4519 2794 4588 ἐθεάσαντο,
2837 4521 3222 4591 συνετωτέροις
3249 4516 3388 4574 οὖσι.

514 4604 706 4648 cerent
735 4611 798 4650 ea
830 4611 951 4664 qua
989 4598 1255 4650 viderant.

588 4687 743 4741 Vers.
797 4688 886 4741 12.
941 4688 1286 4743 Sedcntes—
1320 4689 1490 4745 .Jesu.
1546 4689 1824 4748 Sedebant
1873 4695 2094 4763 quidem

515 4790 740 4849 propter
797 4795 958 4848 eam;
1016 4783 1291 4851 splendiJi
1359 4799 1493 4839 vero
1555 4786 1813 4842 alacriter
1870 4799 2097 4860 propter

512 4875 790 4943 gaudium.

616 5055 662 5087 θ’
688 5053 820 5112 Luc.
852 5071 1001 5126 xxxv,
1040 5058 1124 5114 12.
1203 5059 1272 5091 ³⁸·
1313 5062 1448 5118 ibid.
1488 5063 1574 5118 Η.
1653 5065 1700 5097 ’³
1744 5063 1878 5121 ibid.
1914 5065 1982 5120 15
2008 5080 2164 5136 seqq.

2270 4703 2709 4774 Καθεζσμένους
2755 4735 2826 4745 -
2885 4705 3111 4772 Ἰησοῦ.
3181 4706 3484 4774 Ἐκάθηντο
3555 4703 3649 4772 μὲν
3701 4699 3763 4754 δι’

2200 4797 2375 4866 αὑτήν
2403 4814 2415 4828 ·
2452 4797 2667 4867 φαιδροὶ
2696 4798 2754 4852 δὲ
2785 4796 2898 4870 (99)
2929 4797 3194 4869 φαιδρῶς,
3221 4799 3309 4852 διὰ
3337 4798 3434 4868 τὴν
3475 4794 3669 4866 χαράν.

1693 5241 1894 5304 Varias
1939 5243 2248 5309 lectiones
2291 5253 2353 5307 et
2392 5252 2582 5308 noue.

584 5413 695 5486 (οι)
722 5411 1070 5466 Ἐνετὺλικτο
1103 5413 1161 5486 Β.
1216 5413 1468 5471 Fortasse
1499 5429 1630 5486 ergo
1660 5415 1950 5486 legendum
1977 5415 2093 5470 ἐνε-

507 5484 751 5554 τύλικτο,
785 5494 844 5536 ut
879 5501 998 5554 pag.
1020 5485 1143 5548 6‘27,
1176 5502 1322 5540 vers.
1356 5489 1446 5541 24.
1571 5484 1586 5486 “
1724 5484 1747 5500 ³

583 5554 693 5621 (95)
718 5553 929 5607 Inclusa
954 5553 1164 5609 absunt
1196 5559 1259 5608 Λ.

579 5623 692 5693 (9ϋ)
727 5623 900 5678 Etiam
931 5629 1045 5681 haec
1082 5629 1304 5683 absunt.

2277 5419 2386 5487 (97)
2412 5419 2574 5474 Forte
2623 5421 3146 5492 ἀναστρεφομένοις,
3205 5429 3301 5476 aut
3354 5421 3754 5499 ὖποστρεφομλο

2203 5506 2389 5627 νοιξδὶξ)
2422 5561 2652 5630 γῌέτρῳ,
2691 5560 3111 5630 βτονπρότερον,
3144 5562 3209 5616 Α.
3243 5561 3397 5617 Male.

2273 5629 2385 5698 (99)
2420 5628 2582 5684 Forte
2607 5628 3019 5701 σφοδρῶςιθείι
3057 5633 3380 5690 llentenius.

579 5811 688 5881 (lib)
771 5813 991 5880 Veritus,
1019 5827 1126 5871 etc.
1164 5815 1379 5872 Veritus
1423 5825 1632 5872 tantum
1700 5816 1968 5885 temporis
2021 5814 2337 5885 impendere
2372 5827 2590 5889 negotto
2611 5819 2907 5890 superﬂuo.
2935 5837 3096 5876 vano.
