3976 6472
205 413 338 476 ιιδι

282 529 372 603 [Ol
425 533 512 604 (I)
549 533 626 605 τῷ
679 537 833 604 τάφῳ
890 534 983 587 τοῦ
1042 536 1279 605 Χριστοῦ
1337 539 1795 609 προσεδρεύοντες
1827 545 1870 598 Α

201 623 435 690 ἄγγελοι
502 627 640 695 πρὸς
681 627 944 679 πίστωσιν
977 627 1281 698 παρέμενον
1311 633 1406 682 καὶ
1438 630 1793 683 διδασκαλία-ι

200 715 298 767 τοῦ
329 716 671 787 ὲγηγέρθαι,
702 717 838 771 ἀλλὰ
862 720 937 788 μὴ
963 719 1260 787 κεκλέφοαι
1287 721 1378 773 τδν
1406 721 1657 793 Regiam]

270 809 388 859 Kal.
422 837 500 848 ——
531 809 801 873 κλαίεις;
832 809 946 879 [Μὴ
982 809 1266 880 τολμώσης
1294 812 1368 882 (‘2)
1396 814 1568 882 αὐτῆς
1592 814 1802 884 ἐρωτῆ-

201 913 297 950 σαι
331 899 569 962 αὐτοὺς,
611 900 766 952 αὐτοὶ
790 899 1127 966 διαλέγονται
1159 901 1344 973 αὐτῇ]

271 988 459 1056 Λέγει
503 1018 573 1028 —
616 989 822 1043 αὐτόν.
870 989 1027 1058 ’ῼετο
1076 989 1184 1060 γὰρ
1229 990 1331 1042 ὑπὸ
1368 993 1475 1044 τῶν
1519 993 1802 1060 οαψάντων

202 1079 596 1150 μετατεθῆναι
630 1080 814 1133 αὐτόν.

273 1171 395 1223 Καὶ
437 1201 511 1212 --
550 1171 798 1225 ἑστῶτα.
833 1173 943 1226 Καὶ
975 1174 1114 1235 πῶς,
1151 1175 1314 1244 μήπω
1348 1176 1515 1246 μηδὲν
1553 1176 1800 1245 μαθοῦσα

201 1261 366 1328 παρὰ
430 1262 545 1313 τῶν
599 1265 1031 1333 ἐρωτησάντων,
1091 1265 1355 1333 αἰφνίδιον
1415 1269 1663 1337 ἐστράφη
1717 1270 1800 1331 εἰς

198 1351 268 1402 τὰ
311 1352 537 1418 eniam;
572 1354 719 1418 Ὅτι,
755 1353 848 1406 τοῦ
884 1355 1118 1425 Χριστοῦ
1157 1356 1310 1424 ἄφνω
1331 1357 1587 1425 φανέντος
1626 1358 1800 1411 ὀπίσω

199 1441 408 1509 αὐτῆς,
441 1445 493 1494 οἱ
527 1443 772 1512 ἄγγελοι,
798 1445 889 1498 τὸν
922 1448 1198 1518 Δεσπότην
1220 1448 1425 1500 ἑαυτῶν
1455 1449 1672 1514 ἰδόντες,
1713 1451 1796 1502 εῦ-

197 1531 346 1592 Οέως
414 1533 782 1604 ἐξανέστησαν
835 1536 1162 1607 σύντρομοι,
1227 1539 1613 1611 δουλοπρεπῶς
1669 1545 1794 1596 ἁτε.

198 1621 460 1685 νίζοντες
490 1627 570 1686 εἰς
595 1625 777 1680 αὑτόν.
823 1627 1100 1699 Ἐστρὰφη
1142 1629 1236 1683 οὖν
1271 1632 1397 1684 ἰδεῖν
1441 1634 1524 1695 τὲς
1556 1636 1583 1685 ὁ
1607 1637 1794 1700 φανεὶς

205 1730 432 1776 αυτοις.

273 1802 398 1856 Καὶ
449 1835 514 1844 -
553 1807 740 1860 ἐστιν.
785 1808 1016 1879 ΓΕφὰνη
1063 1809 1137 1879 (5)
1185 1812 1293 1881 γὰρ
1343 1813 1479 1884 αὐτῇ
1529 1817 1585 1866 ὲν
1629 1818 1792 1887 ἑτέρα

1171 420 1556 480 COMMENT.
1599 419 1676 477 ΙΝ
1720 416 2097 477 JOANNEM.
2138 439 2201 447 ·’-
2244 417 2401 476 CAP.
2449 418 2572 476 XX.

3358 421 3496 484 1482

1971 537 2009 604 νζ·
2049 535 2254 591 Christi
2287 536 2540 606 sepulcro
2592 537 2857 592 assistunt
2895 539 3070 610 angeli
3112 541 3176 594 ad
3208 542 3496 597 credulita-

1918 641 2022 682 tem
2064 641 2497 698 permanentes:
2535 640 2699 700 utque
2750 633 3053 686 surrexisse
3103 632 3382 701 docerent,
3439 646 3497 691 et

1913 735 2022 773 non
2058 720 2202 774 hirto
2243 721 2516 774 sublatum
2557 738 2699 776 esse.

1988 811 2138 866 Vers.
2192 814 2278 868 15.
2323 813 2388 866 Et
2423 844 2488 852 —
2535 814 2764 882 ploras?
2811 815 2944 869 Cum
2980 817 3092 886 ipsa
3125 834 3234 872 non
3265 820 3493 876 auderet

1912 918 2005 956 eos
2038 905 2396 975 interrogare,
2429 907 2503 960 illi
2537 907 2585 960 ei
2623 907 2939 977 loquuntur.

1985 996 2135 1051 Vers.
2183 999 2267 1052 15.
2315 998 2402 1050 Ait
2430 1029 2495 1038 ——
2524 1016 2663 1054 eum.
2695 998 2927 1055 Putabat
2973 1001 3142 1066 enim,
3176 1002 3244 1056 ab
3270 1001 3355 1057 his
3396 1006 3490 1074 qui

1912 1087 2263 1157 sepelierunt,
2306 1105 2431 1143 cum
2466 1089 2634 1144 fuisse
2669 1091 3083 1159 transpositam.

1982 1178 2137 1232 Vers.
2195 1179 2279 1233 M.
2337 1181 2403 1234 Et
2441 1190 2782 1234 —stantem.
2842 1181 2907 1234 Et
2959 1184 3256 1250 quomodo,
3311 1188 3490 1255 prius-

1908 1285 2075 1338 quam
2119 1271 2291 1325 ullum
2336 1272 2640 1342 accepisset
2669 1288 2995 1342 responsum
3027 1276 3094 1330 ab
3123 1277 3207 1330 his
3239 1279 3331 1346 qui
3365 1294 3486 1333 eam

1910 1361 2409 1432 interrogaveram,
2460 1373 2686 1433 repente
2729 1380 2990 1424 conversa
3030 1376 3114 1420 est
3146 1373 3491 1426 retrorsum?

1907 1451 2045 1516 Quia
2087 1454 2268 1508 Sttbllo
2317 1463 2618 1524 apparente
2667 1454 2888 1510 Christo
2941 1467 3064 1526 post
3100 1473 3241 1525 eam,
3283 1464 3484 1532 angeli,

1906 1545 2024 1596 viso
2057 1543 2288 1598 Domino
2319 1562 2441 1610 suo,
2475 1545 2658 1601 'statim
2691 1561 3048 1604 surrexerunt
3075 1566 3196 1604 cum
3229 1563 3484 1619 tremore,

1905 1650 2056 1688 more
2114 1650 2399 1692 servorum
2455 1640 2511 1693 in
2554 1654 2677 1693 eum
2730 1640 3027 1694 intuentes.
3077 1643 3352 1700 Conversa
3404 1658 3488 1700 est

1903 1740 2057 1796 ergo,
2098 1735 2158 1780 ut
2195 1727 2428 1795 videret,
2461 1729 2582 1799 quis
2627 1730 2732 1785 illis
2760 1732 3127 1802 apparuisset.

1975 1819 2129 1876 Vers.
2166 1822 2254 1875 Η.
2291 1823 2357 1876 Et
2397 1853 2452 1863 —
2483 1837 2640 1878 esset.
2673 1825 2942 1896 Apparuit
2968 1827 3116 1880 enim
3147 1828 3196 1881 ei
3228 1829 3330 1882 alia
3357 1845 3485 1898 spe-

204 1898 430 1964 μορφῇ,
471 1897 564 1948 καὶ
597 1899 654 1949 ἐν
687 1900 1055 1970 εὐτελεστέρῳ
1087 1904 1180 1954 καὶ
1212 1903 1374 1976 κοινῷ
1406 1906 1668 1974 σχήματι,
1709 1907 1785 1959 ἵνα

1910 1914 2004 1978 cie,
2049 1923 2102 1967 et
2141 1915 2318 1968 viliori
2358 1931 2421 1970 ac
2473 1918 2836 1972 communiori
2891 1919 3106 1982 habitu,
3156 1937 3226 1974 ne
3258 1934 3485 1991 repente

200 1986 283 2054 μὴ
310 1986 518 2056 ἁθρόον
551 1990 925 2063 καταπλαγῇ.]

276 2076 459 2144 Λέγει
494 2107 565 2118 ——
603 2079 744 2146 ἀρῶ.
790 2081 922 2133 Ἀπό
947 2100 1006 2135 τε
1036 2085 1128 2136 τοῦ
1156 2084 1336 2138 κοινοῦ
1391 2088 1669 2157 σχήματος
1699 2093 1790 2143 καὶ

199 2165 298 2218 τοῦ
356 2163 502 2219 εἶναι
553 2170 610 2220 ἐν
658 2169 736 2237 τῷ
787 2173 948 2240 κήπῳ
1002 2173 1271 2227 ὑπέλαϐεν
1324 2177 1462 2228 ὅτιὸ
1517 2181 1791 2248 κηπουρός

197 2259 383 2314 ἐστιν.
414 2261 547 2313 Οὐδὲ
583 2262 692 2330 γὰρ
727 2263 825 2332 τὴν
861 2266 1041 2335 φωνὴν
1077 2268 1241 2320 αὑτοῦ
1282 2271 1596 2340 ἐγνώρισεν,
1621 2275 1788 2325 ἀσύν-

204 2351 320 2420 ήθη
391 2353 770 2422 ἐνηχηοείσαν.
815 2357 972 2426 ᾬετο
1001 2357 1076 2420 δὲ,
1110 2359 1185 2421 ὡς
1211 2361 1446 2431 εἴρηται,
1485 2365 1787 2432 μετατεθῆ-

198 2457 296 2492 ναι
367 2443 466 2511 μὲν
520 2443 681 2494 αὑτὸν
749 2445 830 2505 εἰς
887 2445 1074 2515 ἕτερον
1128 2449 1295 2500 τόπον
1347 2451 1787 2521 ἀσφαλέστερον,

200 2529 586 2601 βασταχθῆναι
615 2533 671 2585 δὲ
715 2536 863 2603 παρὰ
891 2535 985 2586 τοῦ
1023 2539 1318 2607 κηπουροῦ.
1371 2540 1542 2604 [Εἰπέ
1565 2560 1667 2610 μοι
1712 2545 1784 2612 (4)

200 2620 324 2685 οὖν,
369 2625 556 2692 φησιν,
594 2624 712 2678 ποῦ
740 2625 958 2692 ἔθηκας
991 2627 1197 2691 αὐτὸν,
1233 2630 1393 2696 κάλὼ
1415 2632 1600 2684 αὑτὸν
1629 2633 1750 2700 ἀρῶ
1771 2674 1786 2698 ,

202 2713 290 2773 εἰς
333 2712 493 2765 ἄλλον
535 2714 920 2782 καταθήσουσιν.
958 2716 1127 2768 τόπον
1157 2719 1784 2796 ἀνεπιϐούλευτότερον.)

276 2800 377 2873 [⁸0
408 2803 587 2873 μόνων
633 2805 710 2874 (5)
741 2805 850 2857 τῶν
888 2810 948 2858 ὲν
987 2811 1148 2878 γενεᾷ
1183 2811 1279 2862 καὶ
1317 2811 1491 2883 φθορᾷ
1522 2816 1783 2885 δημιουρ-

201 2894 305 2960 γὸν
355 2898 450 2946 καὶ
483 2897 787 2967 προνοητὴν
823 2899 1058 2967 νομίζων
1091 2900 1181 2954 τὸν
1223 2902 1427 2970 Κύριον
1449 2945 1462 2968 ,
1499 2901 1652 2968 οὗτος
1704 2910 1782 2972 εἰς

200 2985 488 3054 κηπουρὸν
523 2989 936 3060 παραγνωρίζει
968 2990 1131 3043 αὐτόν
1159 3007 1172 3020 °
1205 2993 1284 3045 διὸ
1312 2994 1407 3047 καὶ
1441 2997 1633 3064 φεύγει
1659 2999 1783 3050 τού-⁹

202 3091 304 3126 του
337 3077 434 3128 καὶ
477 3077 556 3146 (6)
587 3079 687 3148 τὴν
717 3079 858 3148 ἁφὴν
887 3082 915 3131 ὁ
955 3084 1252 3154 Δεσπότης,
1301 3087 1378 3149 ὡς
1431 3089 1599 3158 μήπω
1649 3093 1780 3162 παρ’

201 3163 359 3233 αὐτῷ
419 3165 626 3229 ἀναϐὰς
681 3169 817 3236 πρὸς
873 3173 933 3223 τὸ
990 3173 1209 3242 ἀξίωμα
1261 3179 1353 3228 καὶ
1407 3181 1502 3247 τὴν
1560 3183 1782 3252 ἓσότητα

199 3255 302 3307 τοῦ
363 3258 594 3326 Πατρός.
653 3259 887 3325 Ἀνάξιοι
927 3265 1036 3334 γὰρ
1071 3266 1232 3319 αὑτοῦ
1269 3271 1318 3320 οἰ
1351 3273 1488 3338 μετὰ
1523 3274 1780 3344 τοιαύτης

204 3347 533 3417 ὑπολήψεως
560 3351 710 3419 αὖτῷ
738 3356 1214 3428 προσερχόμενοι]

277 3439 448 3508 Λέγει
481 3469 549 3477 --—
579 3441 934 3497 Διδάσκαλε.
970 3445 1085 3496 Νῦν
1107 3485 1121 3509 ,
1159 3451 1507 3520 καταστήσας
1542 3453 1640 3524 τὴν
1673 3472 1782 3523 φω-

203 3528 304 3595 νὴν
346 3529 442 3580 καὶ
477 3529 574 3597 τὴν
615 3529 828 3598 μορφὴν
861 3532 952 3582 καὶ
989 3531 1047 3583 τὸ
1094 3533 1280 3602 σχῆμα
1311 3539 1442 3604 πρὸς
1491 3539 1552 3590 τὸ
1585 3557 1782 3610 γνωρι-

206 3618 476 3685 μώτερον,
507 3617 738 3669 δέδωκεν
769 3618 905 3686 αὐτῇ
941 3619 1197 3688 αἴσθησιν
1225 3623 1426 3687 αὐτῶν,
1454 3626 1546 3675 καὶ
1576 3626 1780 3678 αὐτίκα

203 3708 392 3761 τοῦτον
440 3707 756 3774 ἐπιγνοῦσα,
806 3709 1030 3775 ἐϐόησεν
1079 3712 1182 3762 ὑπὸ
1239 3715 1628 3785 περιχαρείας·
1687 3723 1779 3770 Δι-

203 3800 504 3852 δάσκαλε.
531 3799 715 3869 [Ἅλλὰ
744 3800 820 3868 (7)
842 3800 957 3862 πῶς
982 3805 1280 3870 στραφεῖσα
1309 3804 1478 3871 λέγει,
1503 3807 1615 3873 εἴγε
1643 3811 1777 3877 πρὸς

204 3891 367 3943 αὐτὸν
411 3891 723 3957 διελέγετο;
767 3891 910 3944 Aid-tt.
956 3893 1190 3946 εἰποῦσα
1234 3897 1368 3964 ὅπερ
1417 3894 1560 3960 εἷπε,
1621 3917 1773 3967 μετε-

203 3980 422 4048 στράφη
486 3981 622 4050 πρὸς
679 3981 804 4042 τοὺς
863 3981 1130 4048 ἀγγέλους
1190 3984 1317 4035 ἰδεῖν
1385 3989 1431 4036 εἰ
1501 3987 1772 4057 πάρεισιν,

202 4070 236 4138 ἢ
281 4070 554 4140 ἐρωτῆσαι
601 4073 682 4133 τίς
714 4072 740 4121 ὁ
779 4074 1054 4140 ἐκπλήξας
1101 4075 1332 4136 αὐτούς’
1368 4077 1526 4140 εὐθὺς
1576 4081 1632 4131 δὲ
1681 4081 1774 4131 τοῦ

200 4161 442 4231 Χριστοῦ
501 4161 821 4225 καλέσαντος
884 4165 1076 4234 αὐτὴν,
1139 4165 1381 4235 ἐστράφη
1439 4169 1598 4219 πάλιν
1643 4171 1775 4238 πρὸς

199 4249 407 4320 αὐτόν]

271 4341 436 4410 Λέγει
471 4371 535 4379 -
562 4341 646 4410 μή
684 4359 803 4410 μου
838 4342 1052 4396 ἅπτου.
1096 4343 1344 4412 Ὄρμησε
1387 4345 1491 4413 γὰρ
1532 4346 1772 4414 ἅψασθαι

199 4433 310 4486 τῶν
367 4433 542 4486 ποδῶν
600 4433 805 4498 αὑτοῦ,
846 4433 924 4496 ὡς
969 4432 1171 4486 εἰώθει.
1235 4435 1447 4486 κωλύει
1504 4436 1558 4487 δὲ
1606 4436 1772 4506 αὐτὴν

201 4524 608 4594 προσφέρεσθαι
637 4524 787 4592 αὑτῷ
815 4523 910 4576 τοῦ
940 4524 1148 4587 λοιποῦ,
1179 4524 1361 4588 καθὼς
1390 4527 1451 4577 τὺ
1485 4528 1771 4598 πρότερον,

202 4615 481 4687 Θειοτέρας
511 4618 609 4686 ήδη
642 4617 737 4685 τῆς
770 4617 968 4686 σαρκὸς
997 4616 1164 4670 αὐτοῦ
1195 4618 1510 4686 γενομένης.

265 4708 439 4759 Οὔπω
480 4735 550 4744 --
588 4725 726 4774 μου.
779 4706 948 4758 Τοῦτο
987 4703 1106 4759 εἷπε
1147 4707 1213 4759 δι’
1265 4708 1417 4759 οὐδὲν
1462 4710 1666 4776 ἕτερον.
1700 4709 1774 4771 ὼς

196 4803 224 4850 ὁ
252 4797 635 4868 Χρυσόστομός
670 4814 833 4866 φησιν
864 4798 940 4865 (8)
968 4837 982 4858 ,
1016 4797 1050 4867 ἢ
1085 4801 1241 4867 μόνον
1268 4799 1353 4849 ἵνα
1391 4799 1501 4866 γνῷ
1533 4802 1612 4851 ὅτι
1640 4801 1776 4868 ὑψη-

198 4888 414 4957 λότερός
458 4891 572 4940 ἐστι
617 4890 711 4940 καὶ
744 4887 1186 4956 αἱδεσιμώτερος.
1242 4889 1299 4938 '0
1347 4891 1451 4957 γὰρ
1499 4891 1636 4958 μετὰ
1680 4891 1772 4943 τοῦ

203 4979 454 5048 σώματος
516 4979 761 5032 σπεύδων
824 4978 1140 5032 ἀναϐαίνειν
1202 4980 1334 5048 πρὸς
1394 4981 1482 5031 τὸν
1548 4983 1769 5051 Πατέρα

200 5077 292 5126 καὶ
336 5075 467 5126 Θεὸν
511 5073 773 5144 πρκίδηλον
816 5073 895 5125 ὅτι
941 5073 1002 5124 τὸ
1039 5073 1133 5125 τοῦ
1181 5073 1434 5141 σώματος
1496 5074 1761 5145 ἐπίκηρον

199 5167 519 5218 ὰπεέἀὶετο.

272 5259 379 5309 Καὶ
410 5257 514 5326 μὴν
545 5258 645 5326 πρὸ
685 5257 912 5326 βραχέος
958 5257 1095 5326 αῦτη
1141 5274 1195 5309 τε
1229 5257 1322 5309 καὶ
1354 5258 1384 5325 ἡ
1415 5257 1544 5327 ἄλλη
1577 5259 1765 5326 Μαρία

1902 2015 2375 2060 οοηειρτηοτειυτ.

1973 2096 2126 2151 Vcrs.
2170 2098 2259 2152 15.
2290 2098 2429 2152 Dicit
2463 2129 2519 2139 —-
2565 2101 2771 2154 (ollam.
2833 2103 2876 2155 A
2935 2105 3214 2158 communi
3264 2107 3477 2172 habitu,

1899 2199 1954 2242 et
2002 2191 2125 2259 quia
2169 2192 2224 2244 in
2282 2192 2442 2244 horto
2481 2203 2622 2256 erat,
2682 2193 2946 2248 arbitrata
2987 2203 3072 2248 est
3125 2197 3480 2254 hortulanum

1898 2295 2040 2335 esse.
2083 2282 2269 2350 Neque
2311 2283 2458 2336 enim
2509 2299 2699 2337 vocem
2741 2287 2860 2354 ejus
2912 2287 3154 2356 agnovit,
3204 2306 3355 2344 more
3388 2293 3477 2346 in-

1897 2383 2053 2428 sueto
2113 2376 2394 2443 prolatam.
2434 2376 2666 2431 Putabat
2719 2387 2923 2442 autem,
2990 2389 3048 2433 ut
3101 2381 3304 2436 dictum
3366 2393 3474 2445 est.

1898 2468 2288 2534 transpositum
2330 2484 2454 2522 eum
2505 2484 2628 2523 esse
2672 2471 2723 2522 in
2764 2471 3019 2525 tutiorem
3069 2472 3234 2528 alium
3269 2476 3473 2541 locum,

1895 2567 1947 2609 et
1978 2557 2046 2610 ab
2082 2559 2372 2613 hortulano
2416 2570 2781 2629 asportatum.
2827 2562 2924 2616 Dic
2965 2565 3121 2628 mihi,
3150 2567 3346 2636 inquit,
3381 2569 3469 2622 ubi

1893 2651 2126 2715 posueris
2177 2666 2316 2713 eum,
2368 2662 2415 2703 et
2449 2668 2540 2720 ego
2570 2669 2686 2705 eum
2720 2653 2924 2718 tollam,
2969 2655 3024 2708 in
3061 2656 3227 2710 alium
3265 2661 3474 2728 reposi-

1895 2751 2011 2794 tura
2051 2747 2255 2803 locum,
2287 2743 2358 2796 ab
2392 2745 2603 2799 insidiis
2640 2748 2918 2802 tutiorem.

1960 2833 1998 2900 -ἶ-
2045 2832 2148 2897 Qui
2203 2835 2594 2902 generabilium
2653 2846 2863 2890 tantum
2919 2849 2974 2892 et
3029 2842 3470 2910 corruptibilium

1889 2933 2195 2976 creatorem
2230 2940 2294 2979 ae
2327 2927 2670 2994 provisor-em
2706 2939 2859 2997 putat
2893 2929 3207 2998 Dominum,
3245 2933 3333 2986 hic
3367 2950 3470 3003 pro

1889 3015 2177 3069 hortulano
2211 3032 2336 3071 eum
2368 3020 2671 3087 cognoscit.
2709 3021 2921 3076 Idcirco
2955 3022 3120 3076 etiam
3153 3024 3319 3095 hujus
3346 3042 3474 3081 con-

1892 3114 2095 3158 tactum
2142 3106 2278 3176 fugit
2323 3108 2607 3172 Dominus,
2641 3113 2786 3178 quod
2829 3113 2975 3182 apud
3021 3112 3173 3167 illum
3226 3117 3474 3173 nondum

1891 3197 2198 3250 ascenderit
2252 3198 2318 3251 ad
2364 3199 2686 3268 dignitatem
2733 3218 2798 3256 ae
2846 3205 3212 3273 mqualitatcm
3246 3206 3467 3264 Patris:

1891 3287 2163 3356 siquidem
2207 3305 2274 3343 eo
2305 3291 2512 3360 indigni
2546 3302 2695 3358 sunt,
2732 3295 2827 3363 qui
2855 3309 2981 3350 cum
3013 3296 3329 3367 huiusmodi
3356 3304 3471 3371 opi-

1887 3378 2053 3432 nione
2087 3380 2154 3432 ad
2189 3397 2312 3434 eum
2346 3383 2636 3439 accedunt.

1965 3467 2115 3522 Vers.
2167 3471 2251 3524 16.
2306 3471 2441 3525 Dicit
2482 3501 2551 3511 —-
2584 3473 2855 3544 Magister.
2937 3477 3093 3534 Nunc
3146 3484 3454 3551 composita

1892 3575 2047 3622 voce,
2091 3562 2274 3627 specie
2303 3571 2358 3615 et
2390 3563 2603 3631 habitu,
2638 3574 2698 3617 ut
2751 3565 2968 3622 facilius
3016 3583 3462 3640 cognosceretur.

1888 3648 2036 3701 dedit
2065 3651 2113 3701 ei
2146 3650 2341 3704 horum
2373 3654 2649 3718 notitiam,
2688 3657 2981 3726 statimque
3016 3660 3171 3714 illum
3218 3667 3464 3732 agnovit,

1887 3739 2129 3792 clamans
2177 3757 2287 3809 pra:
2326 3743 2534 3806 laetitia,
2571 3743 2850 3814 Magister.
2885 3749 2992 3803 Sed
3023 3755 3300 3819 quomodo
3330 3770 3465 3809 eon-

1884 3847 2038 3886 versa
2069 3833 2219 3896 dicit,
2253 3834 2294 3887 si
2339 3834 2448 3903 jam
2493 3851 2616 3888 cum
2649 3852 2713 3890 eo
2745 3838 3105 3906 loquebatur?
3137 3842 3294 3907 Quia,
3339 3860 3464 3899 eum

1884 3923 1935 3974 id
2009 3922 2256 3986 dixisset,
2324 3925 2470 3992 quod
2526 3925 2876 3993 loquebatur,
2943 3943 3211 3984 conversa
3263 3942 3347 3986 est
3393 3936 3461 3986 ad

1884 4012 2123 4080 angelos,
2157 4020 2215 4063 ut
2258 4014 2466 4066 videret
2510 4028 2580 4066 an
2625 4014 2906 4080 adessent,
2937 4017 3019 4069 vel
3054 4027 3110 4071 ut
3157 4019 3456 4091 interroga.

1883 4109 1963 4153 ret
2000 4102 2130 4169 quid
2165 4103 2284 4157 illos
2319 4103 2372 4155 in
2406 4113 2684 4172 stuporem
2745 4104 3062 4161 adduxisset
3098 4126 3111 4160 :
3166 4111 3460 4180 statimque

1880 4190 2101 4246 Christo
2124 4210 2242 4246 eam
2271 4203 2522 4261 vocante,
2548 4209 2738 4250 rursus
2766 4197 2832 4251 ad
2860 4197 3037 4266 ipsum
3065 4213 3328 4255 conversa
3351 4213 3456 4256 est.

1955 4343 2107 4398 Vers.
2153 4344 2236 4398 I7.
2275 4345 2416 4398 Dicit
2483 4373 2550 4386 —-—
2584 4346 2693 4399 noli
2724 4363 2805 4399 me
2850 4357 3083 4418 tangere.
3131 4348 3264 4404 Nam
3300 4367 3358 4405 se
3388 4355 3456 4408 ad

1881 4436 2211 4508 tangendqu
2277 4439 2445 4507 pedes
2505 4439 2627 4508 ejus
2714 4441 2955 4510 aptabat,
3024 4444 3164 4498 sicut
3223 4447 3451 4501 solebat.

1879 4529 2141 4583 Prohibet
2170 4539 2352 4584 autem
2382 4546 2450 4584 ne
2478 4531 2738 4600 deinceps
2766 4533 2988 4588 accedat
3019 4535 3086 4589 ad
3116 4551 3237 4588 eum
3270 4539 3451 4601 modo,

1881 4636 1991 4689 quo
2026 4621 2200 4690 prius,
2236 4637 2359 4675 cum
2391 4625 2500 4691 jam
2539 4622 2773 4677 divinior
2809 4623 2948 4678 facta
2981 4627 3047 4678 sit
3089 4641 3218 4680 caro
3242 4627 3380 4696 ejus.

1958 4713 2108 4765 Vers.
2177 4714 2262 4765 17.
2302 4712 2552 4767 Nondum
2587 4745 2656 4754 —
2702 4732 2894 4769 meum.
2952 4716 3065 4770 llec
3125 4717 3192 4771 ad
3246 4718 3453 4772 nullum

1878 4805 2041 4858 alium
2073 4805 2212 4859 dixit
2251 4805 2437 4871 ﬁnem,
2475 4816 2532 4859 ut
2565 4807 2641 4860 ait
2669 4806 3112 4876 Chrysostomus,
3142 4809 3247 4862 nisi
3279 4818 3336 4862 ut
3361 4825 3453 4864 so-

1881 4897 1992 4949 lum
2026 4896 2361 4966 intelligeret
2387 4898 2532 4967 quod
2567 4898 2854 4952 sublimior
2885 4902 2955 4953 sit
2985 4901 3260 4969 magisque
3291 4916 3453 4955 vene-

1881 4987 2103 5043 randus.
2155 4989 2288 5042 Nam
2331 4991 2420 5058 qui
2473 4992 2666 5043 nititur
2715 5007 2839 5045 cum
2893 5006 3124 5061 corpore
3171 4995 3236 5046 ad
3283 4993 3452 5048 Deum

1878 5092 1939 5129 ac
1971 5076 2184 5130 Patrem
2220 5078 2538 5139 ascendere,
2575 5079 2922 5133 manifestum
2957 5090 3037 5132 est
3087 5081 3226 5149 quod
3259 5097 3451 5149 corto-

1881 5168 1952 5221 ris
1996 5168 2342 5236 fragilitatem
2387 5169 2675 5237 abjecerat.

1948 5260 2108 5327 Atqui
2163 5260 2319 5328 paulo
2355 5271 2479 5313 ante
2515 5261 2627 5329 ipsa
2663 5273 2713 5314 et
2750 5263 2918 5316 altera
2953 5263 3113 5316 Maria
3149 5261 3450 5318 tenuerant

1393 5445 1584 5505 Variae
1620 5445 1924 5505 lectiones
1976 5450 2036 5505 et
2069 5451 2252 5501 nota).

273 5604 347 5670 (Ι)
377 5602 509 5676 411³εο
543 5613 773 5676 uterque
799 5606 851 5657 in
890 5607 1154 5676 margine.

270 5677 342 5735 (ν)
376 5674 588 5727 Inclusa
612 5675 813 5728 desunt
877 5679 918 5726 A
941 5717 953 5729 .

269 5744 343 5805 (ὃ)
386 5745 558 5797 I'ltiam
598 5747 712 5798 lia-c
743 5746 944 5798 absunt
971 5750 1036 5801 Α.

272 5815 341 5881 (ei)
371 5813 579 5867 Inclusa
614 5816 809 5866 absunt
845 5817 905 5866 Δ.

527 5909 792 5970 I‘A'rnut.
838 5914 951 5968 Cn.
988 5911 1242 5970 CXXIX.

1952 5608 2026 5674 (5)
2069 5606 2126 5658 In
2171 5607 2414 5673 margine,
2451 5607 2565 5657 huic
2601 5603 2764 5657 habet
2789 5603 2955 5656 codex
2992 5609 3238 5670 uterque.

1959 5680 2030 5744 (ti)
2076 5677 2184 5726 Καί
2217 5677 2423 5727 omittit
2461 5675 2520 5724 Β.
2619 5736 2622 5740 Ι

1961 5747 2036 5808 (7i
2069 5746 2278 5798 Inclusa
2311 5749 2508 5797 absunt
2566 5745 2626 5795 Α.

1950 5820 2024 5885 (δι)
2064 5814 2194 5867 του-ι
2255 5814 2391 5874 κείιι,
2421 5831 2472 5882 p.
2514 5815 2634 5868 διδ.

3058 5903 3125 5965 ιτ
