3976 6502
536 460 671 525 1183

1762 460 2136 522 EUTHYMII
2181 461 2541 522 ZlGABENI

3627 470 3750 534 1434

535 573 711 643 pedes
755 571 877 641 ejus
930 573 1070 627 sicut
1108 572 1321 642 scripsit
1359 571 1647 628 Mattheus
1699 574 1767 637 “,
1823 574 1918 628 sed
1974 584 2088 627 tum

2206 573 2518 643 ἐκράτησαν
2558 574 2722 628 αὐτοῦ
2755 574 2877 639 τοὺς
2918 576 3103 641 πόδας,
3136 578 3207 641 ὠ,
3241 579 3522 647 ἱστόρησεν
3555 581 3585 632 δ
3614 582 3751 634 Ματ-

531 665 749 733 quidem
788 680 897 717 non
940 662 1243 732 prohibuit.
1283 664 1609 734 permittens
1640 672 1699 719 ut
1726 664 1920 719 tierent
1952 674 2097 719 laetu

533 756 832 817 certiores,
886 770 995 810 non
1025 770 1145 810 esse
1184 755 1524 826 phantasma.
1562 755 1722 812 Nunc
1766 766 1949 812 autem
1987 773 2096 813 non

530 847 817 918 permittit,
850 845 974 916 quia
1001 855 1057 902 et
1078 846 1306 903 visionis
1338 856 1393 902 et
1424 856 1601 903 tactus
1626 848 1796 905 oblita
1822 860 1962 919 erat,
1998 869 2100 909 nec

530 937 863 993 crediderat.

596 1027 755 1083 Vers.
796 1026 885 1081 17.
939 1027 1044 1083 Sed
1092 1031 1221 1083 vade
1254 1059 1323 1070 —
1360 1039 1609 1086 vestrum.
1652 1033 1819 1104 Atqui
1852 1050 1961 1091 non
1995 1046 2097 1092 sta-

526 1121 622 1174 tim
654 1133 988 1175 ascensurus
1038 1131 1177 1183 erat,
1207 1121 1302 1175 sed
1360 1132 1483 1191 post
1532 1126 1898 1197 quadraginta
1952 1128 2095 1196 dies;

525 1212 801 1281 quomodo
847 1226 976 1283 ergo
1006 1213 1138 1267 dicit
1174 1230 1187 1265 :
1221 1214 1498 1270 Ascendo?
1531 1215 1730 1286 Utique
1765 1228 1825 1273 ut
1862 1221 2095 1291 amplius

526 1312 766 1358 mentem
803 1305 925 1375 ejus
954 1305 1006 1358 in
1041 1304 1279 1362 sublime
1305 1309 1560 1378 erigeret,
1592 1318 1654 1364 et‘
1681 1310 1861 1367 adhuc
1889 1312 2092 1368 conﬁr-

524 1409 680 1449 mans
730 1409 789 1449 se
829 1395 1207 1451 sublimiorem
1240 1413 1304 1453 ac
1342 1398 1665 1454 diviniorem
1698 1415 1842 1466 esse,
1875 1417 1940 1457 ac
1978 1414 2093 1458 stu-

525 1486 661 1538 dens
718 1494 778 1539 ut
832 1486 1096 1556 deinceps
1142 1488 1337 1557 majori
1392 1504 1517 1542 cum
1574 1492 1929 1547 veneratione
1975 1494 2093 1546 ani-

523 1590 672 1630 mum
713 1576 762 1630 ei
808 1575 1117 1631 intenderet
1146 1587 1202 1631 et
1231 1578 1582 1634 auscultaret.

592 1667 863 1723 Praeterea
908 1670 1135 1724 verbum
1168 1670 1426 1735 Ascendo,
1473 1669 1741 1742 significat
1782 1672 2126 1740 Ascendere.

521 1760 666 1825 volo,
746 1759 888 1829 quod
948 1768 1129 1827 tamen
1179 1760 1247 1814 ad
1322 1760 1539 1831 longius
1603 1766 1819 1832 tempus
1874 1766 2092 1822 extendi

520 1858 722 1917 potest.

595 1939 885 2011 Discipulis
927 1949 1107 1996 autem
1143 1942 1212 1998 ad
1249 1944 1564 1999 memoriam
1607 1956 1829 2004 revocat
1860 1948 1914 2004 id
1944 1948 2091 2019 quod
2121 1925 2167 1985 Β

518 2032 862 2100 frequenter,
917 2035 1237 2103 priusquam
1292 2035 1525 2090 traditus
1573 2050 1740 2106 esset,
1796 2040 1904 2096 illis
1934 2042 2090 2097 dixe-

520 2132 623 2177 rat.
656 2121 876 2179 Fratres
910 2139 1040 2180 vero
1079 2139 1210 2179 suos
1242 2126 1566 2193 nominavit,
1602 2138 1858 2199 tanquam
1889 2142 1945 2188 et
1972 2133 2092 2203 ipse

512 2213 705 2276 homo.
740 2223 795 2269 et
828 2228 1094 2287 cognatus
1130 2232 1319 2272 eorum
1350 2217 1508 2289 juxta
1540 2222 1958 2279 humanitatem.

588 2307 711 2361 Alio
743 2318 925 2362 tamen
956 2309 1120 2364 modo
1148 2307 1363 2365 Patrem
1399 2312 1539 2366 dixit
1569 2313 1785 2368 Patrem
1821 2331 2003 2381 suum,
2037 2326 2090 2371 et

514 2397 620 2452 alio
674 2396 1079 2468 discipulorum
1130 2415 1145 2453 :
1202 2415 1361 2455 suum
1413 2402 1635 2470 quidem
1684 2412 1905 2468 natura,
1968 2414 2090 2459 tan-

512 2506 678 2561 quam
761 2492 1009 2561 ejusdem
1075 2492 1434 2560 substantiae;
1483 2494 1874 2565 discipulorum
1936 2512 2084 2564 vero,

510 2584 723 2637 ratione
772 2584 1069 2639 creatiouis
1111 2600 1175 2639 ac
1210 2586 1590 2655 providentiae,
1628 2598 1883 2658 tanquam
1931 2604 2086 2645 crea-

515 2685 760 2730 turarum
792 2691 862 2730 ac
899 2676 1243 2744 providentia
1274 2678 1584 2749 dignorum.
1618 2679 1787 2735 Deum
1819 2689 2001 2737 autem
2033 2695 2088 2737 et

511 2781 671 2820 suum
708 2776 765 2820 et
803 2768 1221 2838 discipulorum,
1258 2778 1447 2840 utpote
1478 2771 1780 2826 hominum.

586 2860 669 2912 Et.
696 2874 865 2929 quare
902 2875 1011 2914 non
1061 2861 1384 2931 simpliciter
1421 2863 1602 2917 dixit:
1658 2862 1727 2919 Et
1774 2866 1939 2920 Deum
1989 2884 2087 2923 no-

512 2960 707 3015 Strum,
742 2952 837 3005 sed
878 2952 1041 3005 etiam
1074 2952 1165 3007 hic
1207 2953 1496 3008 distinxit?
1540 2955 1699 3021 Quia,
1746 2959 1875 3014 licet
1919 2960 2085 3015 homo

505 3044 690 3099 Tactus
723 3054 809 3098 est
838 3053 893 3098 et
945 3044 1114 3098 frater
1162 3060 1377 3106 eorum,
1432 3056 1623 3100 natura
1675 3049 2080 3109 humanitatis:

512 3136 720 3190 honore
748 3146 929 3189 tamen
967 3136 1264 3205 plurimum
1295 3137 1363 3190 ab
1406 3138 1487 3191 eis
1516 3138 1821 3203 ditiorebat,
1857 3151 1913 3196 et
1948 3142 2085 3197 divi-

506 3226 696 3281 nitatis
742 3226 944 3281 unione
986 3242 1050 3281 ac
1084 3228 1558 3296 impeccabilitate.

579 3321 735 3375 Vers.
774 3322 861 3375 18.
903 3319 1054 3374 Venit
1085 3349 1156 3359 —
1186 3322 1305 3373 sibi.
1341 3321 1409 3375 Et
1436 3323 1574 3390 quod
1601 3338 1663 3377 ea
1695 3325 1796 3379 sibi
1828 3326 2080 3389 dixisset.

509 3429 631 3483 qua
661 3414 914 3468 videlicet
943 3413 991 3467 ei
1024 3414 1239 3468 locutus
1269 3413 1473 3475 fuerat,
1550 3426 1606 3469 et
1633 3420 1758 3484 quia
1791 3420 2083 3474 verisimile

508 3514 630 3559 erat
678 3504 1005 3573 discipulos,
1039 3520 1161 3557 cum
1193 3504 1309 3558 haec
1339 3506 1641 3573 audissent,
1693 3517 1788 3561 aut
1818 3524 1928 3562 non
1960 3525 2083 3564 cre-

510 3596 639 3651 dere
695 3595 933 3660 mulieri,
992 3597 1135 3649 sicut
1189 3612 1293 3651 nec
1355 3599 1508 3666 prius
1572 3614 1587 3651 :
1648 3612 1742 3652 aut
1797 3603 2083 3657 credentes

503 3688 728 3759 (nempe
778 3702 904 3742 cum
959 3700 1206 3742 narraret
1249 3687 1553 3743 conformia
1604 3690 1689 3744 bis
1746 3708 1868 3761 quae
1932 3695 2085 3750 vide-

510 3790 637 3834 rant
668 3778 869 3832 Petrus
909 3787 965 3833 et
992 3779 1234 3833 Joannes
1266 3780 1385 3849 (cc),
1418 3780 1627 3845 dolere,
1658 3785 1804 3849 quod
1842 3787 1946 3855 ipsi
1980 3788 2082 3841 ιω-

508 3870 749 3941 iusmodi
793 3879 1015 3939 aspectu
1048 3869 1196 3939 digni
1231 3870 1403 3923 habiti
1433 3886 1541 3926 non
1575 3872 1808 3929 fuissent
1839 3892 1853 3929 :
1885 3876 2078 3933 eodem

505 3965 603 4018 die
634 3962 799 4016 etiam
833 3961 939 4015 illis
970 3972 1217 4031 apparet.
1265 3963 1453 4016 Primo
1480 3979 1717 4032 namque
1747 3968 2078 4025 desiderium

503 4068 699 4108 eorum
752 4052 971 4105 exacuit
1024 4067 1040 4103 :
1094 4049 1292 4105 deinde
1343 4052 1426 4106 eis
1488 4053 1904 4112 desiderabilius
1960 4073 2082 4113 sese

506 4143 760 4215 praebuit,
788 4143 901 4213 jam
931 4142 1115 4197 videre
1144 4145 1691 4212 concupiscentibus.

580 4235 731 4289 Vers.
781 4236 865 4290 l9.
896 4232 1029 4288 Cum
1059 4250 1179 4303 ergo
1210 4250 1324 4287 sero
1354 4244 1485 4289 esset
1511 4265 1581 4276 ——
1621 4238 1809 4292 medio.
1846 4240 1927 4294 Ad
1962 4254 2082 4296 ves-

509 4344 692 4398 peram
741 4328 909 4389 venit,
959 4326 1177 4395 quando
1224 4329 1393 4398 magis
1426 4328 1710 4396 timebant,
1746 4341 1803 4385 et
1836 4347 1959 4386 cum
2007 4335 2081 4389 si-

505 4421 618 4475 mul
651 4428 836 4475 essent
868 4419 1201 4489 congregati,
1235 4429 1289 4472 et
1318 4419 1538 4488 quidem
1574 4422 1775 4491 jauuas
1816 4439 1927 4478 non
1961 4427 2081 4494 pul-

505 4514 668 4577 savit,
732 4527 802 4565 ne
852 4512 1224 4575 turbarentur,
1258 4510 1353 4565 sed
1393 4511 1594 4565 clausis
1650 4512 1756 4568 illis
1805 4514 2074 4581 introivit,

2141 3272 2154 3285 .
2189 3231 2382 3282 ἕνωσιν
2412 3229 2509 3295 τῆς
2541 3226 2790 3295 θεότητος
2830 3224 2921 3278 καὶ
2959 3223 3046 3277 διὰ
3080 3224 3137 3276 τὸ
3167 3220 3583 3293 ἀναμάρτητον.]

2202 663 2351 738 θαῖος
2369 683 2383 697 ·
2413 665 2547 719 ἀλλὰ
2574 666 2694 719 τότε
2726 666 2823 736 μὲν
2843 666 2944 720 οὐκ
2966 667 3281 720 ἀπεκώλυσε
3302 708 3317 732 ,
3344 670 3592 740 παρέχων
3622 671 3750 737 πλη-

2203 759 2575 829 ροφορηθῆναι
2601 761 2686 813 διὰ
2710 761 2811 829 τῆς
2854 761 2998 831 ἁφῆς
3033 762 3113 815 ὅτι
3142 764 3240 816 οὐκ
3270 764 3388 817 ἔστι
3410 766 3598 835 φάσμα
3620 781 3633 795 ·
3666 764 3752 817 νῦν

2200 850 2257 903 δὲ
2292 852 2352 903 οὐ
2388 854 2678 921 συγχωρεῖ,
2703 854 2838 906 διότι
2868 854 2964 923 τῆς
2987 855 3248 914 ὀπτασίας
3285 856 3496 926 ἐκείνης
3533 858 3625 910 καὶ
3660 857 3753 926 τῆς

2201 942 2342 1011 ἁφῆς
2376 944 2670 998 ἐπελάθετο
2694 947 2790 999 καὶ
2822 947 3113 1016 ἡπίστησε.

2270 1034 2535 1100 Πορεύου
2592 1033 2661 1087 δὲ
2698 1064 2770 1078 --
2812 1034 3001 1105 ὑμῶν.
3058 1037 3168 1090 Καὶ
3246 1037 3350 1107 μὴν
3416 1038 3513 1091 οὐκ
3558 1037 3752 1100 εὐθέως

2200 1122 2422 1191 ἔμελλεν
2461 1124 2774 1178 ἀναϐαίνειν
2796 1167 2810 1189 ,
2845 1124 2979 1180 ἀλλὰ
3020 1128 3158 1196 μετά
3193 1129 3591 1197 τεσσαράκοντα
3624 1128 3752 1196 ὴμέ-

2200 1230 2302 1283 ρας
2324 1253 2340 1279 ,
2378 1214 2494 1277 πῶς
2526 1212 2619 1268 οὖν
2669 1216 2982 1271 Ἀναϐαίνω
3009 1217 3195 1286 λέγεις
3229 1218 3445 1282 Πάντως
3479 1218 3569 1271 ἐπὶ
3600 1216 3755 1270 πλέον

2198 1301 2418 1370 ἀνάγων
2451 1306 2617 1373 αὐτῆς
2649 1305 2745 1375 τὴν
2778 1306 3032 1369 διάνοιαν,
3066 1308 3157 1359 καὶ⁸
3188 1306 3265 1360 ἔτι
3306 1308 3380 1378 (9)
3414 1306 3639 1377 βεϐαιῶν
3673 1307 3753 1359 ὅτι

2198 1393 2524 1466 ὑψηλότερός
2565 1396 2681 1449 ἐστι
2720 1398 2812 1451 καὶ
2851 1397 3119 1468 θειότερος
3142 1438 3156 1462 ,
3193 1400 3285 1451 καὶ
3322 1398 3521 1452 πείθων
3556 1398 3754 1452 αἰδεσι-

2200 1487 2449 1562 μώτερον
2482 1490 2628 1560 αὐτῷ
2653 1489 2747 1543 τοῦ
2781 1488 2977 1543 λοιποῦ
3005 1490 3310 1559 προσέχειν.

2271 1670 2476 1733 ’Ἄλλως
2512 1687 2573 1723 τε
2617 1670 2727 1738 (10)
2758 1669 2817 1723 τὸ
2859 1667 3181 1723 Ἀναϐαίνω
3221 1666 3367 1731 δηλοῖ
3409 1668 3499 1720 καὶ
3528 1668 3585 1720 τὸ
3627 1664 3754 1719 Βού-

2196 1761 2358 1832 λομαι
2416 1762 2745 1825 ἀναϐαίνειν,
2805 1761 3102 1832 δυνάμενον
3157 1761 3235 1825 εἰς
3296 1760 3512 1813 πλείονα
3566 1761 3751 1831 καιρὸν

2195 1856 2399 1909 ὲκτείνε
2409 1855 2555 1909 σθαι.

2279 1945 2709 2017 Ἀναμιμνήσκει
2738 1945 2793 2000 δὲ
2819 1947 2940 2009 τοὺς
2968 1944 3215 2016 μαθητὰς
3238 1936 3297 1997 οὗ
3324 1943 3571 2007 πολλάκις
3602 1938 3751 1996 εἶπεν

2194 2040 2376 2101 αὺτοῖς
2423 2040 2531 2108 πρὸ
2578 2038 2671 2092 τοῦ
2702 2038 3098 2106 παραδοθῆναι.
3152 2035 3435 2104 Ἀδελφοὺς
3467 2033 3522 2087 δὲ
3562 2036 3753 2097 αὐτοὺς

2191 2128 2495 2196 ὠνόμασεν,
2548 2127 2623 2189 ὡς
2672 2127 2765 2179 καὶ
2805 2126 2964 2181 αὐτὸς
3001 2125 3306 2195 ἄνθρωπος,
3357 2124 3450 2177 καὶ
3490 2123 3751 2191 συγγενὴς

2193 2219 2373 2272 αὐτῶν
2416 2218 2556 2271 κατᾶ
2586 2216 2647 2269 τὸ
2670 2215 3029 2285 ἀνθρώπινον.

2274 2308 2508 2376 Ἑτέρως
2550 2307 2603 2359 δὲ
2643 2305 2863 2373 Πατέρα
2896 2304 3089 2357 ἑαυτοῦ
3125 2305 3213 2356 τὶν
3244 2303 3459 2375 Πατέρα
3494 2297 3632 2364 εἶπε,
3658 2303 3752 2353 καὶ

2192 2400 2397 2470 ἑτέρως
2431 2398 2539 2451 τῶν
2583 2396 2836 2467 μαθητῶν
2864 2412 2877 2425 ·
2922 2395 3114 2448 ἑαυτοῦ
3142 2395 3237 2464 μὲν
3270 2395 3429 2464 φύσει
3458 2394 3531 2455 ὡς
3558 2394 3747 2461 ὁμοθυ-

2194 2492 2309 2544 σίου
2335 2532 2350 2556 ,
2384 2492 2492 2545 τῶν
2524 2490 2778 2560 μαθητῶν
2810 2491 2867 2544 δὲ
2894 2488 2969 2560 τῷ
2996 2490 3135 2557 λόγῳ
3165 2488 3264 2558 τῆς
3289 2486 3636 2559 δημιουργίας
3654 2491 3749 2537 καὶ

2191 2585 2447 2653 προνοίας
2475 2583 2548 2646 ὡς
2580 2582 3076 2652 δημιουργημάτων
3110 2583 3202 2633 καὶ
3233 2580 3481 2651 προνοίας
3505 2578 3752 2644 ἀξιουμέ-

2191 2696 2294 2730 νων
2320 2693 2334 2707 ·
2364 2676 2519 2748 [θεὸν
2552 2679 2567 2746 ζ
2582 2677 2661 2745 Η)
2691 2674 2745 2727 δὲ
2777 2678 2866 2726 καὶ
2894 2672 3086 2726 ἑαυτοῦ
3121 2675 3213 2725 καὶ
3238 2673 3341 2726 τῶν
3373 2670 3641 2742 μαθητῶν,
3673 2670 3751 2731 ὡς

2189 2771 2284 2824 ἀνθ
2294 2770 2507 2841 ρώπων.

2260 2866 2368 2917 Καὶ
2416 2866 2531 2926 πῶς
2574 2864 2669 2931 οὐχ
2710 2861 2893 2922 ἁπλῶς
2932 2856 3073 2924 εἷπε,
3106 2860 3212 2912 Καὶ
3242 2857 3369 2911 Θεὺν
3391 2857 3567 2927 ήμῶν,
3614 2856 3747 2909 ἀλλά

2189 2953 2468 3009 κάνταῦθα
2496 2954 2786 3007 διέστειλεν
2818 2951 3041 3017 ὲαυτόνς
3073 2950 3237 3015 Διότι,
3271 2954 3318 3002 εἰ
3347 2950 3440 3002 καὶ
3468 2948 3747 3017 ἄνθρωπος

2188 3049 2377 3114 γέγονε
2412 3046 2507 3097 καὶ
2540 3044 2762 3111 ἁδελφὸς
2793 3044 2972 3097 αὐτῶν
2998 3046 3062 3112 τῇ
3094 3041 3251 3110 φύσει
3285 3044 3377 3111 τῆς
3403 3041 3747 3110 ἀνθρωτυότη-

2188 3154 2301 3199 τος,
2341 3135 2479 3188 ἀλλὰ
2514 3134 2647 3186 πολὺ
2688 3131 3141 3202 διέφερεν-αὐτῶν
3169 3133 3232 3201 τῇ
3268 3132 3395 3199 τιμῇ
3442 3129 3530 3182 διὰ
3559 3148 3616 3182 τε
3647 3130 3748 3199 τὴν

2265 3322 2546 3390 Ἔρχεται
2587 3348 2656 3358 —-
2698 3318 2872 3386 αὐτῇ.
2923 3319 3031 3371 Καὶ
3067 3318 3147 3370 ὅτι
3192 3315 3360 3369 ταῦτα
3407 3311 3558 3367 εἶπεν
3608 3292 3746 3380 αυτῇ

2188 3413 2493 3484 ἃδηλονότι
2540 3412 2833 3480 λελάληκεν
2882 3411 3040 3480 αὐτῇ.
3088 3408 3275 3479 [Ἐπεὶ
3315 3407 3424 3477 (l2)
3472 3407 3527 3460 δὲ
3578 3405 3745 3481 εἰκὸς,

2187 3506 2312 3568 τοὺς
2342 3505 2589 3575 μαθητὰς
2613 3504 2951 3564 ἀκούσαντας
2982 3502 3148 3554 ταῦτα
3178 3500 3209 3569 ἢ
3238 3500 3535 3553 διαπιστεῖν
3560 3500 3621 3567 τῇ
3643 3514 3743 3563 γυ-

2188 3597 2359 3661 ναικὶ,
2393 3595 2645 3664 καθάπερ
2678 3597 2773 3647 καὶ
2810 3594 3071 3664 πρότερον
3094 3632 3107 3657 ,
3143 3590 3175 3661 ἢ
3210 3590 3620 3651 πιστεύσαντας,
3652 3585 3744 3641 οἷα

2188 3689 2280 3739 καὶ
2311 3686 2404 3739 τοῦ
2442 3686 2649 3756 Πέτρον
2686 3687 2779 3738 καὶ
2816 3684 3063 3737 Ἰωάννου
3097 3682 3508 3751 συντιθεμένων,
3540 3679 3629 3746 ἀφ’
3663 3672 3744 3732 ὧν

2187 3776 2326 3833 εἶδον
2357 3781 2562 3847 ἀλγεῖν,
2594 3780 2675 3832 ὅτι
2708 3777 2861 3830 αὐτοὶ
2890 3777 2987 3829 οὐκ
3017 3775 3323 3845 ἠξιώθησαν
3351 3772 3523 3841 ὅψεως
3554 3769 3740 3835 αὑτοῦ,

2186 3869 2498 3939 αὐθημερὸν
2530 3867 2884 3937 ἐμφανίζεται
2906 3867 2999 3918 καὶ
3027 3867 3229 3927 αὐτοῖς.
3262 3864 3479 3933 Πρῶτον
3511 3860 3606 3930 μὲν
3633 3861 3743 3929 γὰρ

2186 3958 2461 4025 ὲγύμνασε
2498 3957 2589 4008 τὸν
2627 3956 2789 4007 πόθον
2821 3953 3021 4019 αὐτῶν,
3062 3948 3181 4004 εἶτα
3217 3949 3583 4018 ποθεινότερον
3613 3948 3740 3999 ἑαυ-

2185 4053 2276 4105 τὸν
2314 4053 2585 4121 παρέσχεν
2618 4050 2819 4114 αὐτοῖς,
2858 4046 3082 4116 διψῶσιν
3112 4046 3211 4116 ἤδη
3238 4041 3442 4115 αὑτόν.]

2257 4240 2462 4307 Οὔσης
2481 4266 2505 4291 ιν
2522 4237 2592 4293 ὗν
2621 4239 2801 4307 ὀψίας
2826 4268 2896 4278 -
2916 4237 3128 4306 μέσον.
3166 4235 3429 4306 Ἐσπέρας
3450 4229 3632 4305 ἦλθεν,
3653 4234 3740 4287 ὅτε

2185 4334 2384 4400 μᾶλλον
2429 4330 2721 4401 ἐφοϐοῦντο
2760 4330 2853 4382 καὶ
2894 4330 2980 4381 ὅτε
3023 4329 3337 4397 συνήγοντο.
3368 4327 3478 4379 Καὶ
3513 4327 3610 4388 τὰς
3639 4326 3739 4394 μὲν

2182 4425 2351 4495 θύρας
2376 4427 2473 4477 οὐκ
2492 4424 2776 4488 ἐπάταξεν,
2806 4424 2891 4477 ἴνα
2920 4422 2995 4493 μὴ
3018 4420 3403 4491 θορυϐηθῶσιν,
3427 4418 3739 4486 κεκλεισμέ-

2181 4535 2288 4570 νων
2328 4519 2382 4571 δὲ
2418 4517 2684 4587 εἰσῆλθεν,
2730 4516 2803 4577 ὡς
2841 4516 2993 4578 Θεὸς,
3039 4516 3129 4567 καὶ
3160 4514 3234 4575 ὡς
3269 4510 3463 4564 λεπτοῦ
3502 4511 3602 4581 ἤδη
3646 4513 3737 4561 καὶ

506 4612 762 4671 tanquam
806 4601 973 4662 Deus,
1027 4609 1080 4653 et
1113 4600 1268 4667 quasi
1325 4616 1558 4669 corpore
1588 4617 1688 4656 suo
1734 4603 1839 4657 levi
1872 4603 1983 4674 jam
2020 4616 2075 4659 et

2190 4610 2386 4680 κούφου
2409 4612 2501 4663 καὶ
2530 4609 2805 4679 ἀκηράτου
2834 4607 3125 4675 γενομένου
3152 4605 3240 4658 τοῦ
3273 4605 3520 4672 σώματος
3552 4601 3734 4655 αὐτοῦ.

503 4691 686 4745 subtili
718 4706 781 4745 ac
813 4689 1101 4744 immortali
1135 4690 1357 4745 eﬂecto.
1391 4691 1553 4747 Stetit
1579 4703 1762 4749 autem
1789 4694 1844 4749 in
1873 4698 2073 4761 medio,

506 4785 564 4828 ut
596 4776 850 4829 omnibus
883 4783 1029 4828 esset
1057 4775 1410 4843 conspicuus.

579 4868 731 4920 Vers.
770 4867 856 4919 l9.
909 4865 1261 4921 Et—vobis.
1315 4866 1431 4922 Hoc
1469 4879 1572 4931 est,
1626 4885 1695 4924 ne
1753 4874 2073 4928 turbemini.

422 4978 429 4983 υ
502 4957 677 5011 Etiam
712 4958 948 5011 moriens
990 4973 1179 5027 pacem
1217 4960 1321 5013 illis
1356 4962 1650 5031 reliquerat
1683 4980 1697 5016 :
1732 4962 1947 5029 Pacem,
1991 4968 2076 5021 in-

502 5052 643 5119 quit,
681 5067 853 5105 meam
888 5050 1124 5120 relinquo
1149 5050 1290 5105 vobis
1326 5051 1395 5105 ³⁸.
1427 5050 1745 5108 Mulieribus
1774 5069 1925 5124 ergo,
1951 5073 2071 5125 quze

501 5140 780 5209 discipulae
821 5149 995 5204 erant,
1030 5144 1286 5211 gaudium
1318 5150 1445 5195 ante
1494 5157 1711 5196 omnem
1760 5158 2069 5200 sermonem

573 5275 619 5304 "‘
651 5272 844 5328 Matth.
884 5292 1074 5342 xxvm,
1103 5278 1156 5331 9.
1233 5277 1278 5308 "
1312 5274 1473 5329 Joan.
1506 5294 1614 5343 xlv,
1636 5277 1727 5331 27.

2180 4702 2352 4770 Ἐστη
2385 4700 2441 4752 δὲ
2472 4702 2549 4761 είς
2580 4700 2642 4752 τὸ
2676 4698 2861 4767 μέσον,
2898 4698 2982 4749 ἴνα
3018 4698 3181 4749 πᾶσιν
3208 4694 3290 4765 εἴη
3318 4694 3524 4756 θεατός.

2248 4876 2357 4930 Καὶ
2392 4907 2453 4915 -
2480 4875 2640 4939 ὑμῖν.
2670 4873 2972 4946 [Τουτέστι,
3012 4875 3122 4944 (15)
3155 4872 3228 4942 μὴ
3265 4871 3592 4941 ταράχθητε.
3628 4872 3733 4924 Καὶ

2176 4968 2531 5037 ἀποθνήσκων
2579 4966 2634 5019 δὲ
2682 4968 2904 5037 εἰρήνην
2952 4966 3161 5035 ἀφῆκεν
3212 4964 3422 5023 αὐτοῖς’
3481 4961 3733 5029 Εἰρήνην

2181 5058 2309 5129 γὰρ,
2348 5058 2533 5127 φησὶν,
2567 5056 2781 5126 ἀφίημι
2811 5057 2971 5128 ὑμῖν.
3004 5057 3135 5119 Ταῖς
3161 5058 3261 5129 μὲν
3291 5049 3382 5108 οὖν
3414 5053 3728 5125 μαθητρίαις

2181 5150 2353 5221 χαρὰν
2384 5149 2489 5218 πρὸ
2521 5149 2716 5212 παντὸς
2740 5150 2895 5217 λόγου
2922 5149 3152 5204 δέδωκεν
3186 5147 3392 5211 αὑταῖς.
3421 5146 3609 5213 Λύπην
3630 5147 3730 5213 γάρ

1682 5435 1877 5498 Varias
1902 5436 2210 5499 lectiones
2254 5443 2310 5497 et
2343 5446 2527 5499 noue.

560 5605 649 5676 (9)
679 5602 1078 5676 Ἐπιὸεϐαιῶν,
1102 5602 1306 5657 omisso
1329 5602 1417 5676 _E1:t_
1434 5605 1497 5655 A.

569 5673 685 5745 (l0)
712 5677 950 5745 Aé,post
978 5690 1035 5745 τε
1069 5673 1368 5741 interponit
1394 5673 1457 5725 Α.

570 5744 680 5814 (ll)
716 5744 926 5797 inclusa
949 5744 1143 5796 absunt
1180 5745 1243 5795 A.

2250 5596 2361 5675 (f2)
2398 5604 2609 5659 inclusa
2650 5604 2848 5659 desunt
2872 5606 2939 5660 Δ.

2250 5676 2361 5746 (l3)
2405 5676 2615 5729 Inclusa
2656 5676 2856 5729 desunt
2884 5678 2944 5729 A.

563 5901 668 5970 (cc)
722 5902 918 5966 Nempe
959 5932 1017 5941 -
1049 5900 1297 5958 Joannes.
1334 5902 1531 5972 Ulpote
1587 5902 1743 5956 Petro
1787 5901 1948 5955 etiam
2002 5906 2056 5952 et
2085 5898 2291 5953 Joanne
2326 5893 2827 5966 comprobantibus,
2863 5888 3305 5949 assentientibus.
