3976 6502
250 373 403 438 1485
1217 390 1597 451 COMMENT.
1639 392 1718 450 IN
1759 394 1858 453 JO.

1974 392 2137 458 IEM.
2174 423 2237 430 -
2278 398 2433 455 (ΙΛΡ.
2480 398 2604 457 XX.
3412 390 3547 456 1186

246 486 313 537 τὸ
339 487 520 578 γένος
554 491 736 546 ἐκεῖνο
762 496 1123 568 κατεκέκριτο
1144 514 1158 530 ·
1188 501 1303 563 τοῖς
1333 500 1389 553 δὲ
1423 501 1689 570 μαθηταῖς
1722 502 1858 570 εἱρή·

1979 505 2168 559 tribuit
2193 504 2331 577 (ὀᾶ),
2352 521 2422 560 eo
2450 508 2595 575 quod
2628 506 2694 560 ad
2728 518 3014 559 mmrorem
3058 517 3229 572 genus
3268 501 3397 555 illud
3433 502 3550 555 fuco

245 576 381 647 νην]
470 576 581 634 διὰ
635 584 743 653 (14)
827 585 918 638 τὸν
968 588 1405 659 ὑποπτευόμενον
1452 591 1689 661 πόλεμον
1761 592 1858 645 ἀπό

1974 605 2057 651 rat
2087 598 2508 651 condemnatum
2548 616 2563 652 :
2598 594 2877 666 discipulis
2920 610 3050 648 vero
3081 609 3291 662 pacem,
3326 603 3549 663 propter

248 685 317 721 τε
369 672 672 728 Ἰουδαίων
703 680 797 731 καὶ
838 681 1126 750 Ἑλλήνων.

1974 697 2291 755 suspectum
2326 688 2525 741 bellum
2558 702 2587 740 a
2616 686 2819 740 Judmis
2866 701 2930 739 ac
2960 683 3234 752 gentibus.

327 765 451 817 Καὶ
478 798 561 806 —
580 770 782 824 αὑτοῦ.
809 774 1055 842 Ζήτησον
1084 778 1139 827 ἐν
1164 775 1239 844 τῷ
1269 778 1564 849 τελευταίῳ
1589 780 1858 848 κεφαλαια

2041 778 2197 833 Vers.
2240 780 2328 833 20.
2395 779 2459 831 Et
2526 809 2594 819 -—
2651 794 2824 830 suum.
2886 776 3079 840 Qumre
3145 776 3337 827 ultimo
3392 775 3544 842 juxta

244 855 350 905 τοῦ
381 859 547 911 κατὰ
572 860 786 913 Λουκᾶν
815 864 905 914 τό·
935 864 1042 917 Καὶ
1070 865 1236 918 αὐτοὶ
1258 850 1589 930 ἐξηγοῦντο
1610 872 1681 921 τὰ
1700 869 1769 922 ἐν
1792 868 1858 937 τῇ

1974 868 2170 923 Lucam
2209 870 2408 938 capite,
2467 869 2611 938 quod
2660 868 2860 923 dicitur
2928 885 2940 919 :
2995 867 3059 920 Et
3113 866 3212 934 ipsi
3253 866 3543 918 narrabant

244 944 405 1009 ὀδῷ,
438 950 551 999 καὶ
567 949 635 1000 τὰ
663 950 811 1019 ἑξῆς,
835 951 985 1023 [ἄχρι
1013 955 1122 1024 (15)
1148 954 1270 1009 τοῦ·
1304 958 1431 1011 Ἔτι.
1452 957 1520 1010 δὲ
1544 960 1858 1013 ἀπιστούν-

1974 975 2088 1029 ίμια
2139 969 2281 1028 gesta
2320 970 2469 1014 erant
2515 960 2567 1011 in
2607 959 2716 1021 via,
2767 968 2815 1012 et
2850 968 3068 1022 caetera,
3111 972 3280 1026 usque
3315 956 3380 1009 ad
3418 971 3541 1009 eum

247 1051 385 1087 των
404 1038 629 1091 αὐτῶν
653 1042 769 1093 ἀπὸ
802 1042 914 1108 τῆς
946 1042 1136 1111 χαρᾶς
1162 1046 1259 1098 καὶ
1283 1046 1745 1121 θαυμαζόντων-ο]
1776 1049 1858 1102 καὶ

1974 1053 2148 1107 locum
2182 1053 2273 1106 ubi
2309 1054 2541 1107 habetur
2568 1068 2583 1107 :
2614 1052 2796 1106 Adhuc
2830 1060 3004 1103 autem
3056 1050 3160 1102 illis
3196 1065 3298 1101 non
3332 1050 3545 1100 creden-

244 1126 564 1195 ἀνάγνωθι
594 1131 691 1193 τὰς
718 1132 1007 1205 ἐξηγήσεις
1033 1135 1234 1203 αὐτῶν,
1260 1138 1399 1190 πάνυ
1426 1140 1858 1209 χρησιμευούσας

1974 1146 2109 1200 tibus
2168 1162 2278 1215 pne
2332 1147 2527 1217 gaudio
2578 1155 2626 1199 et
2679 1145 3069 1198 admirantibus
3120 1144 3197 1206 ";
3236 1150 3289 1194 et
3326 1141 3541 1194 illorum

246 1218 407 1284 πρὸς
443 1220 523 1271 τὰ
564 1223 825 1291 παρόντα.

1974 1236 2090 1307 lege
2143 1237 2525 1290 enarrationes
2571 1239 2637 1289 ad
2698 1233 2988 1304 prtesentia
3048 1231 3193 1285 dicta
3248 1230 3540 1283 admodum

1969 1329 2152 1384 utiles.

346 1398 713 1468 Ἐχάρησαν
752 1432 823 1443 -
871 1405 1105 1472 Κύριον.
1165 1406 1326 1476 Ὁρᾷς
1386 1409 1478 1461 ἐπὶ
1529 1409 1637 1461 τῶν
1688 1410 1858 1479 ἔργων

2038 1419 2194 1475 Vers.
2226 1418 2317 1475 20.
2347 1419 2525 1475 Gavisi
2564 1430 2686 1470 sunt
2715 1446 2784 1456 —
2818 1415 3060 1469 Domino.
3094 1415 3255 1469 Vides
3285 1413 3543 1484 operibus

242 1488 389 1549 τοὺς
438 1490 640 1556 ).όγους
675 1493 1045 1554 ἐκϐαίνοντας.
1084 1495 1197 1565 Πρὸ
1240 1496 1330 1549 τοῦ
1380 1499 1614 1569 σταυροῦ
1642 1501 1750 1570 γὰρ
1784 1498 1865 1553 εἴ·

244 1594 366 1628 πεν
430 1580 625 1645 αὐτοῖς
674 1585 755 1636 ὅτι
786 1585 981 1639 Πάλιν
1011 1586 1228 1655 ὄψομαι
1260 1587 1435 1657 ὑμᾶς,
1474 1590 1571 1643 καὶ
1607 1590 1865 1659 χαρήσε-

244 1680 353 1719 ται
398 1668 577 1737 ὑμῶν
606 1672 644 1739 ἠ
682 1674 912 1742 καρδία.

327 1756 535 1814 Εἶπεν
570 1794 641 1803 -
666 1766 829 1833 ὑμῖν.
870 1768 1026 1821 Μετὰ
1058 1770 1118 1822 τὸ
1145 1773 1337 1838 φαγεῖν
1361 1773 1421 1824 τὸ
1448 1773 1691 1827 ἐπιδοθὲν
1714 1774 1862 1845 αὐτῷ

1969 1507 2327 1563 conﬁrmatos
2379 1523 2503 1563 esse
2543 1506 2865 1561 sermones?
2916 1505 3196 1575 Siquidem
3238 1513 3363 1558 ante
3414 1519 3544 1573 pas-

1968 1598 2181 1652 sionem
2219 1599 2430 1653 diserat
2460 1598 2539 1653 eis
2573 1614 2587 1651 :
2625 1596 2829 1651 Iterum
2857 1598 3036 1651 videbo
3065 1613 3175 1659 vos,
3207 1606 3254 1649 et
3295 1595 3542 1666 gaudebit

1966 1705 2057 1743 cor
2111 1699 2343 1744 vestrum
2371 1690 2438 1743 ".

1894 1831 1935 1884 Β
2038 1785 2192 1838 Vers.
2250 1784 2339 1839 21.
2382 1782 2523 1837 Dixit
2560 1812 2628 1821 —
2668 1783 2831 1835 vobis.
2886 1780 3177 1849 Postquam
3227 1778 3545 1833 comederat

249 1848 462 1916 ἰχθύος
495 1851 661 1905 ὀπτοῦ
695 1858 881 1925 μέρος,
915 1858 1008 1910 καὶ
1034 1858 1141 1911 ἀπὸ
1174 1860 1480 1928 μελισσείου
1512 1863 1727 1933 κηρίον,
1764 1883 1865 1917 κα-

248 1938 373 2002 Θὼς
410 1941 624 2013 ἔγραψε
657 1946 875 2010 Λουκᾶς
896 1986 911 2011 ,
948 1949 1473 2023 ἐπληροφορήθησιν
1499 1993 1514 2017 ,
1546 1956 1643 2009 καὶ
1681 1957 1866 2012 λοιπὸν

250 2031 373 2083 ὑπὸ
401 2034 610 2104 πολλῆς
637 2040 833 2106 χαρᾶς,
864 2039 939 2102 ὡς
972 2042 1141 2105 εἰκὸς,
1168 2042 1531 2112 Θορυδοῦντας
1564 2048 1863 2102 καταστέλ-

250 2120 344 2173 λει
386 2123 483 2176 ἴνα
514 2128 857 2196 προσέχωσιν
901 2124 984 2192 οἷς
1015 2130 1199 2199 μέλλει
1234 2133 1402 2203 ὲρεῖν.

337 2213 559 2281 Καθὼς
591 2245 662 2256 --
705 2218 882 2287 ὑμᾶς.
927 2221 1036 2273 Καὶ
1085 2224 1191 2293 πρὸ
1238 2223 1332 2277 τοῦ
1384 2228 1620 2298 σταυροῦ
1673 2230 1864 2300 εἴρηκε

256 2302 413 2371 πρὸς
455 2306 548 2355 τὸν
614 2307 831 2379 Πατέρα
883 2310 965 2362 ὃτι
1001 2312 1205 2381 Καθὼς
1232 2316 1336 2383 ἐμὲ
1375 2318 1740 2387 ἀπέστειλας
1778 2325 1864 2389 εἰς

254 2392 377 2445 τὸν
432 2397 686 2465 κόσμον,
736 2399 898 2468 κάγὼ
960 2402 1289 2463 ἀπέστειλα
1344 2410 1568 2476 αὐτοὺς
1617 2416 1706 2479 εἰς
1753 2418 1862 2468 τὸν

257 2486 529 2577 κόσμον·
562 2485 680 2559 [καὶ
714 2489 825 2560 (16)
856 2492 1129 2561 ἀνάγνωθι
1154 2498 1221 2550 τὰ
1251 2499 1367 2551 ἐκεῖ
1392 2501 1646 2570 ρηθέντα.
1693 2507 1862 2577 Ἐπῆ-

264 2591 370 2641 ρεν
407 2572 501 2629 οὖν
532 2580 708 2632 αὐτῶν
737 2582 832 2642 τὰς
864 2582 1061 2653 ψυχὰς,
1093 2588 1403 2657 ἐγχειρίσας
1435 2594 1615 2656 αὐτοῖς
1642 2597 1702 2648 τὸ
1735 2598 1863 2652 ἴδιον

261 2666 460 2739 ἔργον,
498 2671 590 2722 καὶ
624 2676 972 2743 καταστήσας
999 2676 1270 2747 διαδόχους
1303 2682 1559 2755 έαυτοῦ.]

344 2757 458 2810 Καὶ
513 2790 579 2799 —
621 2762 1034 2831 κεκράτηνται.
1101 2770 1210 2821 Καὶ
1256 2770 1362 2838 μὴν
1418 2774 1592 2827 ὁπΙσω
1642 2778 1865 2847 εἴρηκεν

262 2846 357 2899 ὅτι
419 2850 561 2903 Ἐὰν
612 2853 725 2920 ἐγὼ
768 2857 854 2923 μὴ
914 2857 1175 2922 ἀπέλθω,
1233 2865 1265 2915 ό
1312 2846 1704 2936 Παρὰκλητοξ
1749 2846 1861 2925 οὐκ

260 2938 589 2995 ἐλεύσεται
642 2945 791 3010 πρὸς
837 2948 1027 3015 ὑμᾶς·
1077 2951 1193 3013 πῶς
1247 2952 1340 3006 οὖν
1390 2958 1625 3012 ἐνταῦθα
1679 2962 1860 3016 δίδωσι

268 3028 502 3124 “vappa
537 3032 729 3100 ἆγιον;
768 3035 1103 3109 Ἐνεφύσησε
1143 3045 1241 3112 μὲν
1267 3047 1520 3115 ἐμπνέων
1550 3053 1732 3116 αὐτοῖς
1767 3056 1863 3124 χά-

1966 1876 2146 1932 datam
2178 1875 2282 1929 sibi
2306 1883 2514 1945 partem
2548 1874 2713 1943 piscis
2739 1875 2844 1929 assi
2878 1884 2931 1929 et
2959 1874 3025 1927 de
3058 1873 3181 1926 favo
3203 1871 3435 1941 apiario,
3470 1872 3546 1925 si—

1967 1978 2062 2023 cut
2097 1966 2316 2035 scripsit
2364 1965 2539 2020 Lucas
2567 1967 2635 2031 ’3,
2664 1966 2924 2019 certiores
2966 1964 3093 2018 facti
3126 1972 3254 2016 sunt
3286 1980 3301 2017 :
3348 1970 3405 2015 et
3435 1974 3546 2030 prae

1966 2061 2162 2131 gaudio
2195 2061 2332 2129 jam,
2376 2068 2435 2112 ut
2468 2057 2768 2113 verisimile
2818 2067 2923 2121 est,
2976 2056 3225 2110 turbatos
3272 2052 3540 2123 reprimit,

1970 2162 2028 2206 ut
2057 2151 2143 2207 his
2172 2166 2292 2220 qua:
2316 2151 2566 2205 dicturus
2597 2157 2683 2203 est
2726 2148 2972 2201 animum
3008 2146 3318 2200 advertant.

2036 2244 2192 2298 Vers.
2244 2244 2333 2297 El.
2388 2242 2539 2297 Sicut
2570 2270 2638 2280 —
2679 2256 2787 2294 vos.
2837 2238 3009 2293 Etiam
3063 2244 3188 2291 ante
3235 2233 3542 2305 passionem

1965 2336 2102 2391 dixit
2142 2336 2206 2390 ad
2258 2337 2471 2389 l’atrem
2528 2352 2541 2387 :
2592 2331 2740 2387 Sicut
2776 2349 2855 2385 me
2913 2330 3106 2384 misisti
3156 2331 3210 2382 in
3264 2326 3542 2384 mundum,

1968 2440 2014 2483 et
2064 2445 2157 2498 ego
2205 2428 2325 2481 misi
2374 2427 2491 2480 illos
2548 2427 2600 2478 in
2641 2424 2893 2478 mundum
2924 2425 3005 2484 ⁹⁹;
3037 2431 3092 2476 et
3139 2420 3257 2491 lege
3314 2434 3435 2488 qua:
3468 2418 3539 2470 ibi

1965 2520 2110 2575 dicta
2163 2529 2310 2574 sunt.
2359 2520 2587 2572 Animos
2618 2517 2801 2585 itaque
2835 2514 3049 2569 illorum
3092 2512 3284 2573 erexit,
3323 2510 3546 2564 tradens

1965 2612 2046 2667 eis
2075 2627 2211 2681 opus
2241 2626 2421 2676 suum,
2456 2625 2519 2663 ac
2546 2610 2645 2663 sibi
2676 2621 3024 2662 successores
3054 2620 3149 2659 eos
3178 2602 3544 2657 constituens.

2039 2788 2193 2841 Vers.
2264 2786 2354 2840 22.
2398 2786 2554 2840 Et--
2584 2800 2723 2839 vers.
2775 2784 2866 2838 23.
2930 2792 3129 2837 retenta
3184 2789 3325 2835 sunt.
3382 2777 3544 2848 Atqui

1964 2880 2216 2948 superius
2259 2879 2470 2933 dixerat
2504 2897 2516 2931 :
2555 2877 2672 2931 Nisi
2725 2893 2817 2947 ego
2856 2876 3054 2937 abiero,
3087 2873 3397 2927 Paracletus
3428 2888 3528 2925 non

1961 2974 2127 3026 veniet
2176 2971 2246 3024 ad
2296 2986 2382 3023 vos
2414 2970 2471 3033 ’ς
2517 2968 2791 3038 quomodo
2823 2983 2949 3038 ergo
2994 2967 3084 3021 dat
3139 2965 3228 3019 hic
3275 2964 3541 3034 Spiritum

1962 3073 2212 3118 sanctum
2257 3062 2279 3113 ἲ
2307 3060 2607 3115 lnsulllavit
2638 3060 2882 3129 quidem,
2920 3059 3057 3112 dans
3088 3057 3315 3125 gratiam
3348 3069 3542 3110 susce-

269 3137 361 3190 ριν
392 3121 645 3195 δεκτικὴν
678 3128 771 3180 τοῦ
809 3130 967 3196 ἁγίου
1007 3133 1343 3202 Πνεύματος,
1378 3140 1471 3192 καὶ
1512 3121 1857 3198 κατασκευα-

1974 3155 2164 3223 ptivam
2215 3153 2453 3223 Spiritus
2492 3121 2693 3213 sancti,
2743 3160 3006 3221 aptosquc
3037 3121 3279 3204 elliciens
3327 3148 3393 3202 ad
3423 3148 3542 3218 ejus

267 3212 385 3276 ζων
439 3215 779 3286 ἐπιτηδείους
832 3224 909 3284 εἰς
972 3225 1237 3295 ὑποδοχὴν
1298 3230 1506 3283 αὐτοῦ·
1570 3235 1717 3302 λέγει
1774 3237 1851 3305 δὲ,

266 3306 492 3360 Λάϐετε
527 3311 767 3380 Πνεῦμα
804 3313 994 3382 ἅγιον,
1030 3318 1088 3369 οὐ
1120 3318 1276 3384 τότε,
1318 3322 1432 3375 ἀλλ’
1462 3326 1550 3377 ὅτε
1589 3328 1850 3399 κατέλθῃ.

348 3399 416 3451 ’Ἡ
438 3400 661 3471 Πνεῦμα
686 3406 841 3470 Ξγιον
866 3407 1090 3460 ἐκάλεσε
1138 3411 1199 3461 τὸ
1220 3416 1589 3483 πνευματικὸν
1609 3418 1855 3488 χάρισμα

266 3491 367 3541 τοῦ
413 3494 633 3561 ἀφιέναι
683 3498 775 3548 καὶ
821 3498 1039 3567 δεσμεῖν
1085 3500 1380 3572 ἁμαρτίας.
1424 3508 1707 3577 Διαφὸρων
1746 3512 1854 3583 γὰρ

265 3581 441 3633 ὕκτων
493 3583 604 3653 (17)
668 3589 1051 3655 πνευματικῶν
1109 3594 1487 3662 χαρισμάτων,
1542 3614 1704 3652 τουτο
1752 3581 1852 3672 cq-

267 3672 501 3727 νικαῦτα
524 3675 751 3728 δέδωκεν
786 3680 986 3740 αὐτοῖς,
1020 3678 1229 3750 [μεῖζον
1275 3684 1389 3754 (18)
1413 3684 1471 3737 ὃν
1501 3687 1592 3740 καὶ
1623 3689 1732 3741 τῶν
1758 3706 1858 3761 ση-

272 3763 467 3832 μείων.
512 3767 602 3837 Τῷ
654 3770 1003 3840 παραλυτικῷ
1045 3774 1150 3843 γὰρ
1191 3776 1466 3837 εἰπόντα·
1533 3778 1857 3847 Ἀφέωνταί

268 3866 371 3903 σοι
408 3856 467 3905 at
509 3856 781 3923 ἁμαρτίαι
815 3874 931 3913 σου
954 3878 967 3893 ·
1005 3862 1191 3929 ἔλεγον
1231 3865 1281 3916 οἱ
1318 3866 1673 3937 Γραμματεῐς
1709 3889 1724 3904 ο
1762 3874 1856 3939 Τις

268 3941 517 3998 δύναται
549 3948 783 4015 ἀφιέναι
814 3953 1120 4021 ἁμαρτίας,
1150 3957 1202 4008 ει
1226 3957 1309 4025 μὴ
1342 3954 1429 4025 εἷς
1455 3964 1488 4014 ὁ
1528 3964 1691 4027 Θεός.

344 4037 451 4089 Καὶ
500 4040 605 4108 μὴν
680 4043 772 4093 καὶ
813 4044 918 4113 πρὸ
951 4046 1042 4098 τοῦ
1082 4048 1317 4118 σταυροῦ
1362 4052 1582 4121 εἴρηκεν
1632 4054 1852 4118 αὐτοῖς’

272 4128 430 4181 'Oa'a
456 4129 565 4183 ἐὰν
595 4132 822 4202 δήσητε
846 4135 943 4188 ἐπὶ
972 4134 1079 4203 τῆς
1103 4138 1237 4207 γῆς,
1272 4141 1442 4195 ἔσται
1465 4142 1753 4213 δεδεμένα
1787 4148 1856 4213 ὲν

268 4218 350 4284 τῷ
393 4222 649 4290 οὐρανῷ·
696 4226 791 4277 καὶ
840 4226 957 4280 ὅσα
1001 4227 1367 4298 ἐὰνλύσητε
1408 4233 1508 4286 ἐπὶ
1556 4212 1665 4302 τῆς
1721 4212 1852 4307 γῆς,

270 4311 444 4363 ἔσται
489 4314 795 4382 λελυμένα
839 4316 909 4369 ἐν
961 4316 1039 4381 τῷ
1082 4320 1342 4385 οὐρανιῖγ
1396 4323 1529 4376 ἀλλὰ
1574 4327 1695 4379 τότε
1756 4332 1855 4398 μὲν

272 4404 542 4471 ὑπέσχετο
570 4407 748 4469 αὐτοῖς
775 4410 953 4474 τοῦτο,
985 4409 1079 4462 νῦν
1104 4412 1159 4464 δὲ
1188 4410 1389 4467 δίδωσι.

1958 3245 2364 3314 susceptionem
2394 3245 2565 3311 ;dicit
2597 3254 2777 3297 autem
2813 3262 2825 3296 :
2860 3242 3092 3308 Accipite
3121 3241 3380 3305 Spiritum
3412 3255 3542 3292 san-

1959 3345 2142 3398 ctum;
2175 3351 2287 3390 non
2317 3351 2485 3399 nunc,
2515 3334 2609 3389 sed
2638 3334 2856 3404 quando
2889 3334 3257 3388 descenderit.

2011 3425 2118 3480 Aut
2145 3427 2407 3496 Spiritum
2435 3436 2686 3479 sanctum
2712 3425 2923 3479 vocavit
2946 3424 3172 3496 gratiam
3201 3423 3538 3493 spiritualem

1959 3516 2273 3570 remittendi
2329 3530 2394 3570 ac
2436 3514 2642 3585 ligandi
2696 3522 2959 3583 peccata;
3013 3521 3069 3567 et
3117 3511 3221 3566 hoc
3262 3521 3393 3565 tunc
3437 3511 3543 3566 illis

1960 3608 2165 3671 tribuit,
2220 3606 2364 3676 quod
2398 3615 2453 3661 et
2495 3606 2774 3660 miraculis
2828 3605 3005 3674 majus
3054 3613 3191 3658 erat.
3229 3603 3362 3657 Nam
3415 3618 3541 3657 cum

1958 3696 2256 3768 paralytico
2283 3697 2513 3750 dixisset
2542 3713 2555 3749 :
2585 3694 2822 3748 Remissa
2863 3704 2983 3748 sunt
3013 3695 3104 3746 tibi
3128 3703 3343 3761 peccata
3376 3701 3468 3747 tua
3497 3696 3539 3757 ’,

1959 3789 2217 3844 dixerunt
2264 3787 2516 3843 Scriba:
2569 3787 2701 3852 Quis
2751 3796 2919 3856 potest
2970 3786 3241 3839 remittere
3296 3797 3539 3853 peccata,

1960 3882 2063 3935 nisi
2093 3898 2248 3944 unus,
2286 3897 2469 3949 nempe
2518 3879 2655 3933 Deus
2683 3879 2746 3931 '?

2033 3974 2230 4028 Verum
2279 3980 2333 4027 et
2368 3983 2493 4026 ante
2531 3971 2840 4040 passionem
2884 3970 3094 4025 dixerat
3135 3971 3215 4025 eis
3243 3989 3255 4024 :
3283 3971 3545 4036 Quincun-

1958 4079 2059 4132 que
2092 4062 2382 4133 ligaveritis
2417 4076 2575 4129 super
2604 4070 2823 4124 terram,
2872 4070 3026 4113 erunt
3072 4061 3238 4130 ligata
3274 4062 3327 4113 in
3375 4062 3539 4126 caelo;

1960 4165 2009 4209 et
2052 4170 2372 4225 quaecunque
2401 4153 2659 4207 solveritis
2708 4168 2866 4221 super
2916 4164 3134 4215 terram,
3182 4162 3332 4205 erunt
3363 4152 3540 4205 soluta

1960 4247 2015 4299 in
2048 4246 2173 4301 ca:!o
2198 4248 2257 4313 δς
2285 4246 2380 4300 sed
2406 4254 2536 4301 tunc
2566 4244 2787 4313 quidem
2821 4244 2924 4300 hoc
2950 4244 3053 4298 illis
3089 4244 3358 4314 promisit,
3392 4259 3541 4299 nunc

1959 4345 2141 4392 autem
2178 4337 2387 4392 tribuit.

340 4494 585 4585 ζήτησον
634 4496 689 4546 δὲ
738 4498 863 4565 περὶ
899 4501 968 4549 τὶ
1017 4500 1155 4568 μέσα
1185 4502 1279 4553 τοῦ
1322 4502 1512 4556 ἐνάτου
1556 4506 1851 4575 κεφαλαίου

2031 4516 2225 4582 Quaere
2263 4525 2444 4571 autem
2493 4517 2638 4572 circa
2689 4516 2928 4572 medium
2984 4516 3115 4570 noni
3158 4515 3353 4585 capitis
3397 4531 3541 4584 prm-

264 4581 361 4635 τοῦ
424 4586 690 4652 παρόντος
746 4588 1141 4656 εὐαγγελιστοῦ
1206 4593 1304 4645 τό·
1372 4596 1547 4649 Οὔπω
1609 4598 1718 4667 γὰρ
1776 4597 1855 4671 ἦν

265 4674 509 4743 Πνεῦμα
541 4677 726 4746 ἅγιον,
761 4679 843 4731 ὅτι
884 4682 1125 4748 Ἰησοῦς
1145 4685 1378 4738 οὐδέπω
1399 4686 1699 4755 ἐδοξάσθη
1719 4706 1732 4720 ·
1762 4696 1855 4746 καὶ

265 4767 540 4834 ἀνάγνωθι
581 4771 680 4840 τὴν
720 4772 848 4842 ὃλην
889 4775 1145 4845 ἐξήγησιν
1184 4780 1385 4834 αὐτῶν.

350 4862 680 4933 Ἑνεφύσησε
716 4864 815 4933 μὲν
838 4861 929 4919 οὖν
957 4867 1032 4929 ὡς
1063 4869 1211 4939 πηγὴ
1243 4876 1618 4942 χαρισμάτων,
1648 4881 1739 4933 καὶ
1767 4880 1852 4934 ἵνα

270 4953 530 5023 μάθωμεν
587 4957 882 5010 κάντεῦθεν
921 4960 1000 5011 ὅτι
1034 4962 1194 5021 abab;
1223 4965 1369 5016 ἔστιν
1406 4968 1435 5019 ό
1472 4969 1566 5021 καὶ
1599 4970 1655 5022 τὸ
1698 4972 1849 5042 πρῶ-

266 5060 358 5096 τον
408 5047 501 5099 καὶ
531 5046 762 5111 ζωτικὸν
794 5050 1095 5121 ἐμφύσημα
1145 5055 1467 5127 ἐμφυσήσεις
1514 5060 1592 5129 τῷ
1632 5062 1848 5135 Ἀδάμ]

1962 4606 2131 4662 sentis
2168 4607 2466 4678 Evangelii,
2504 4608 2594 4662 ubi
2631 4608 2834 4662 dicitur
2885 4626 2898 4661 :
2946 4606 3191 4661 Nondum
3229 4616 3343 4660 erat
3370 4606 3543 4676 Spiri-

1964 4711 2045 4753 tus
2075 4711 2313 4762 sanctus,
2350 4701 2474 4769 quia
2506 4698 2663 4753 Jesus
2708 4698 2940 4753 nondum
2984 4708 3099 4752 erat
3131 4697 3459 4768 gloriﬁcatus
3488 4698 3540 4761 5;

1962 4800 2016 4846 et
2053 4792 2167 4861 lege
2200 4800 2367 4845 totam
2402 4790 2617 4845 illorum
2653 4790 3085 4845 enarrationem.

2030 4883 2330 4937 lnsulllavit
2380 4884 2581 4953 itaque,
2640 4893 2897 4952 tanquam
2933 4881 3055 4937 fons
3091 4882 3413 4953 gratiarum,
3463 4889 3540 4944 et,

1963 4986 2021 5027 ut
2059 4977 2221 5027 ctiam
2267 4975 2395 5028 hinc
2442 4974 2719 5029 discamus
2755 4974 2934 5043 ipsum
2975 4988 3118 5037 esse,
3157 4971 3248 5041 qui
3300 4972 3539 5041 primum

1961 5077 2023 5117 ac
2059 5062 2214 5118 vitale
2252 5062 2585 5132 spiraculum
2617 5061 2915 5118 iusulllavit
2976 5063 3031 5117 in
3080 5062 3276 5116 Adam.
3335 5060 3541 5114 Reten-

340 5180 969 5273 "al.ue._§xw,55-4ul._
1004 5193 1047 5223 "
1073 5191 1234 5273 .Ioan.
1262 5212 1369 5273 im,
1398 5198 1489 5253 ‘22.
1552 5199 1612 5273 _’_'
1650 5201 1858 5273 an.l'x

1974 5250 1975 5259 η
2018 5206 2107 5259 42.
2185 5207 2229 5237 θ’
2249 5205 2410 5270 Joau,
2447 5222 2574 5269 XVII,
2610 5207 2718 5262 18..
2801 5207 3005 5264 'Joan.
3045 5224 3155 5271 XVI,
3191 5208 3220 5259 7
3296 5208 3316 5237 ’
3346 5203 3536 5260 Matth.

273 5266 346 5315 ix,
379 5249 433 5306 2.
513 5256 535 5286 ³
563 5254 727 5312 Marc.
765 5275 825 5324 ιι,
860 5260 912 5326 5,
939 5260 993 5316 7.
1074 5262 1094 5293 ⁸
1126 5261 1316 5319 Matth.
1359 5249 1511 5333 ὶιᾶιῖί,
1543 5249 1858 5329 18.-’ένι1ἶ)Ξ

1974 5294 2002 5341 ν,
2033 5277 2123 5330 '59.

1466 5386 1664 5449 Varias
1696 5389 2002 5454 lectiones
2034 5402 2095 5456 et
2129 5404 2314 5457 notia.

338 5502 449 5633 (14)
478 5506 619 5563 Ante
675 5509 764 5563 διά
809 5509 854 5563 Α
895 5510 1330 5587 Ιιιιὶιειιεξρήνην
1358 5517 1765 5583 διδοὺςαὺτοτς.

366 5575 451 5633 15)
486 5578 698 5632 Inclusa
738 5581 933 5633 absunt
986 5583 1052 5633 A.

366 5575 451 5645 15)
486 5578 698 5632 Inclusa
738 5581 933 5633 absunt
986 5583 1052 5637 Λ.

341 5644 451 5717 (16)
486 5647 692 5703 Inclusa
724 5650 924 5704 absunt
959 5653 1023 5705 Α.

2022 5526 2136 5591 (l7)
2170 5528 2291 5580 Τῶν
2336 5528 2487 5582 addit
2542 5528 2605 5580 A.

2027 5598 2140 5665 (18)
2179 5597 2390 5653 Inclusa
2426 5599 2626 5652 desunt
2661 5598 2721 5649 Λ.

492 5760 715 5818 Τνίίνιιὶι.
741 5764 847 5821 Aut
877 5781 1005 5837 ergo
1047 5767 1321 5840 ἰηιετιποε
1366 5773 1578 5841 αὐταῖς,
1625 5778 1769 5847 quod
1804 5796 1868 5835 es
1911 5781 2233 5837 Ilcbraismo
2263 5781 2351 5835 hic
2394 5782 2633 5837 additum
2668 5790 2773 5847 est,
2848 5797 2955 5836 non
3015 5781 3164 5853 legit,
3195 5789 3289 5836 aut
3328 5780 3378 5835 id
3438 5796 3533 5836 uc-

269 5827 454 5899 glexit.
