3976 6474
520 355 647 420 1491

1735 360 2114 421 EUTHYMlI
2157 362 2520 425 ZIGABENI

3621 369 3747 432 I492

511 481 632 517 nem
671 465 787 521 haec
809 467 1232 538 scripsimus,ita
1267 471 1411 527 enim
1438 481 1491 527 ct
1521 473 1625 528 alia
1657 474 2088 543 scripsisseinus,

2209 474 2376 546 ιιαμεν
2400 493 2414 508 ’
2449 473 2484 548 ἦ
2520 476 2629 547 γὰρ
2659 478 2727 532 ἂν
2761 479 2855 533 καὶ
2883 478 3018 534 ἄλλα
3047 480 3389 552 ἐγράψαμεν,
3427 480 3630 532 πολλῶν
3666 483 3752 532 δν⁹

509 573 631 608 cum
689 559 860 613 multa
904 570 1091 615 essent
1135 579 1149 617 :
1191 563 1284 618 sed
1327 565 1395 620 ad
1449 567 1622 621 solam
1682 566 2088 629 necessitatem,

515 658 571 701 ut
600 651 840 704 credatis
869 653 1017 721 quod
1051 655 1139 708 hic
1167 655 1328 710 Jesus
1359 666 1443 710 est
1490 656 1742 712 Christus
1774 655 1943 712 Filius
1971 655 2089 722 Dei,

508 744 598 812 qui
635 759 663 796 a
703 743 984 812 prophetis
1011 751 1370 805 annuntiatus
1399 761 1500 804 cst.

578 833 732 890 Vers.
767 836 856 890 51.
894 831 962 890 Et
985 869 1053 880 —
1076 857 1210 910 ejus.
1243 841 1354 896 lloc
1382 850 1482 904 est,
1509 857 1605 910 pcr
1629 855 1781 904 eum,
1817 854 1942 893 nam
1974 839 2092 908 ipse

510 926 613 979 vita
646 936 728 980 est
755 943 771 993 ;
809 929 996 996 vitam,
1029 934 1267 1002 inquam,
1299 933 1682 1001 sempiternam
1715 932 1983 985 habeatis.

579 1017 710 1088 Cap.
753 1018 895 1075 XXI.
943 1021 1092 1077 Vers.
1154 1025 1206 1078 1.
1237 1023 1426 1077 Postea
1456 1053 1526 1063 —-
1552 1023 1865 1077 Tiberiadis.
1908 1021 2094 1089 Neque

509 1109 652 1163 enim
702 1113 958 1167 continue
988 1130 1110 1169 cum
1158 1117 1238 1170 eis
1291 1116 1630 1181 versabalur,
1692 1125 1750 1170 ut
1782 1115 1954 1185 prius,
1991 1114 2090 1168 sed

513 1216 608 1270 per
648 1210 952 1273 temporum
1002 1206 1278 1260 intervalla
1334 1209 1644 1263 accedebat.
1695 1208 1850 1273 Quod
1911 1216 2094 1261 autem

510 1290 730 1358 dicitur,
787 1293 1171 1366 Manifestavit,
1238 1308 1293 1352 et
1349 1300 1629 1368 Apparuit,
1695 1307 1749 1352 et
1835 1297 1988 1352 Visus
2019 1308 2092 1351 est

510 1397 574 1438 ac
616 1383 834 1450 similia,
898 1389 1200 1444 ostendunt
1261 1391 1412 1458 quod
1470 1391 1622 1458 juxta
1696 1402 1947 1444 naturain
2013 1391 2097 1443 in-

509 1477 983 1544 corruptibilitatis
1055 1483 1320 1550 corporis,
1374 1480 1662 1536 invisibilis
1722 1489 1841 1535 erat
1902 1496 2096 1534 corru-

516 1566 802 1634 ptibilibus
856 1571 1081 1625 oculis:
1142 1587 1327 1626 verum
1377 1572 1717 1628 demittendo
1773 1585 1832 1626 se
1884 1581 1938 1626 ct
1987 1571 2097 1625 dis-

510 1661 858 1729 pensatoriej
905 1665 1378 1720 manifestabatur.
1435 1665 1548 1720 Hoc
1597 1674 1777 1719 autem
1850 1679 1996 1719 mare
2041 1665 2097 1718 in

508 1746 724 1806 Galilaaa
754 1761 910 1821 erat;
929 1755 1114 1810 animo
1143 1755 1409 1825 siquidem
1442 1766 1742 1825 resumpto,
1774 1771 1841 1810 eo
1868 1755 2092 1826 profecti

512 1851 661 1895 sunt.

581 1932 736 1988 Vers.
775 1935 826 1988 l.
856 1933 1222 2006 Manifestavit
1261 1946 1436 1992 autem
1460 1938 1554 1992 sic.
1577 1937 1645 1992 Ut
1671 1951 1817 1992 nunc
1851 1936 2096 1992 dicturus

506 2033 609 2078 881.

582 2116 736 2172 νει-ε.
761 2117 815 2172 2.
839 2117 1006 2173 Erant
1032 2150 1099 2160 —
1128 2119 1284 2176 Vers.
1317 2123 1370 2176 5.
1398 2130 1588 2174 tecum.
1613 2120 1747 2174 Nam
1773 2135 1896 2174 cum
1921 2133 2098 2190 neque

510 2222 726 2278 semper
747 2223 872 2264 cum
893 2211 969 2264 eis
987 2222 1132 2266 esset
1163 2210 1429 2276 Salvator,
1459 2220 1517 2266 ut
1544 2211 1747 2266 dictum
1776 2219 1888 2275 est,
1917 2226 2097 2280 neque

515 2299 654 2356 alius
675 2300 1312 2358 advenissetParacletus
1331 2343 1346 2366 ,
1371 2319 1547 2372 neque
1565 2301 1806 2374 perfecte
1839 2301 1919 2356 eis
1947 2316 2098 2357 com-

513 2393 673 2447 missa
689 2401 834 2447 esset
859 2394 1194 2462 praedicatio,
1229 2411 1351 2449 cum
1372 2396 1506 2450 nihil
1525 2405 1668 2450 esset
1685 2396 1826 2464 quod
1851 2405 2096 2466 agerent,

517 2485 726 2556 reliquo
791 2496 1035 2556 tempore
1069 2487 1437 2551 piscabantur,
1497 2486 1733 2556 priorem
1775 2493 2094 2541 exercentes

508 2583 683 2631 artem
725 2594 740 2630 :
771 2593 1078 2648 quanquam
1109 2593 1216 2631 non
1243 2593 1428 2633 amore
1464 2578 1596 2631 lucri
1625 2585 1682 2630 ut
1725 2577 1892 2646 prius.

586 2664 737 2722 Vers.
770 2668 822 2722 5.
865 2668 1126 2722 Exierunt
1165 2685 1285 2739 ergo
1313 2670 1589 2722 —statim.
1617 2669 1747 2732 Qua:
1779 2667 1923 2722 Petri
1953 2677 2094 2732 erat,

509 2760 857 2814 autfiliorum
889 2761 1162 2826 Zebeda‘i,
1190 2771 1284 2815 aut
1317 2761 1546 2831 alicujus
1608 2775 1794 2816 eorum
1828 2775 1965 2828 quos
1997 2776 2098 2815 no-

518 2859 732 2907 verant.

591 2943 748 3001 Vers.
779 2945 833 3000 5.
890 2945 1048 3000 Ει-
1091 2948 1244 3000 nihil.
1301 2947 1705 3015 Dispensatorie
1754 2946 1857 3000 hoc
1895 2946 2096 3000 factum

513 3045 622 3104 est,
660 3037 826 3091 veluti
855 3037 910 3091 in
962 3039 1316 3106 sequentibus
1360 3038 1622 3092 dicemus.
1659 3037 1966 3093 Verisimile
2016 3046 2101 3093 est

2195 585 2336 622 των·
2369 570 2507 624 ἀλλά
2544 570 2674 640 πρὸς
2728 572 2918 642 χρείαν
2948 573 3136 643 μόνην,
3174 574 3260 626 ἵνα
3315 573 3637 642 πιστεύσητε
3670 576 3749 626 ὅτι

2209 661 2417 730 Ἰησοῦς
2444 655 2599 726 οὗτός
2633 665 2782 715 ἐστιν
2813 665 2841 716 ό
2889 665 3146 734 Χριστὸς,
3192 666 3220 717 ὁ
3253 665 3377 729 Υἱὸς
3405 665 3498 718 τοῦ
3539 664 3694 730 Θεοῦ,
3727 668 3752 718 ὁ

2197 748 2303 801 ὑπὸ
2333 751 2442 802 τῶν
2477 751 2776 820 προφητῶν
2805 754 3329 822 καταγγελλόμενος.

2268 840 2375 894 Kal
2403 873 2470 882 —
2518 831 2726 899 animi).
2761 843 3020 898 Τουτὲστι
3076 846 3184 914 (51)
3268 846 3336 899 δι’
3367 846 3561 900 αὐτοῦ·
3597 847 3756 912 αὐτὸς

2196 931 2305 1001 γάρ
2337 933 2540 1004 ἐστινή
2573 934 2684 1004 ζωή
2711 947 2726 964 ⁸
2761 935 2906 1006 ζωὴν
2933 937 2986 990 δὲ
3017 937 3178 1006 ἔχητε
3209 937 3308 1006 τὴν
3344 939 3577 992 αξὼνιον.

2268 1025 2429 1078 Μετὰ
2449 1025 2632 1079 ταῦτα
2659 1055 2728 1066 ——
2760 1025 3113 1095 Τιϐεριάδος.
3144 1031 3219 1082 Οὐ
3248 1031 3355 1098 γὰρ
3387 1031 3559 1082 διόλου
3592 1033 3754 1100 συνῆν

2200 1115 2408 1182 αὐτοῖς,
2443 1115 2517 1180 ὡς
2545 1117 2606 1168 τὸ
2640 1116 2930 1186 πρότερον,
2966 1118 3080 1171 ἀλλ’
3107 1120 3172 1171 ὲκ
3213 1119 3603 1187 διαλείμματος
3619 1123 3756 1172 -ἐπε-

2197 1206 2380 1276 δήμει.
2409 1207 2481 1260 Τὸ
2528 1208 2583 1261 δὲ
2653 1209 3027 1278 Ἐφανέρωσε
3073 1210 3206 1278 (52),
3265 1211 3358 1262 καὶ
3403 1210 3623 1280 Ἐφὰν-η
3665 1215 3756 1266 καὶ

2203 1296 2391 1364 Ὠφθη
2426 1298 2521 1351 καὶ
2550 1299 2620 1351 τὰ
2643 1299 2867 1355 τοιαῦτα
2907 1287 3298 1370 ὑποφαίνουσιν
3322 1302 3404 1354 δτι
3450 1302 3594 1354 κατὰ
3643 1303 3755 1370 (55)

2198 1391 2296 1460 τὴν
2328 1391 2492 1461 φύσιν
2517 1393 2619 1461 τῆς
2663 1391 2974 1463 ἀφθαρσίας
3015 1392 3109 1445 τοῦ
3145 1391 3396 1463 σώματος
3441 1394 3651 1462 ἀφανὴς
3691 1389 3757 1464 ἦν

2202 1485 2466 1552 φθαρτοῖς
2492 1483 2823 1554 ὀφθαλμοῖς·
2861 1484 3344 1550 συγκαταδατικῶς
3373 1484 3429 1537 δὲ
3481 1487 3575 1537 καὶ
3616 1487 3754 1537 obto-

2201 1575 2440 1641 νομικῶς
2466 1574 2816 1643 ἐφανεροῦτο.
2866 1576 2930 1627 Ἠ
2969 1575 3211 1628 θάλασσα
3234 1576 3289 1627 δὲ
3315 1575 3452 1644 αὓτη
3477 1575 3535 1627 ἐν
3559 1577 3623 1645 τῇ
3651 1577 3755 1628 Γα-

2203 1665 2385 1737 λιλαία
2411 1663 2498 1737 ἦν.
2543 1667 3053 1740 ’Δναθαρῤήσαντες
3079 1668 3187 1738 γὰρ
3215 1668 3454 1736 ἀπῆλθον
3478 1670 3611 1722 ἐκεῖ.

2281 1939 2660 2007 Ἑφανέρωσε
2686 1938 2754 1993 δὲ
2793 1939 3004 2006 οὕτως.
3039 1938 3130 2003 Ὠς
3161 1939 3298 2009 ἐρεῖ.

2269 2109 2476 2168 ἿΙσαν
2496 2144 2566 2154 -—
2595 2115 2718 2169 σύν
2737 2131 2857 2168 σοι.
2898 2116 3051 2185 Μήτι
3095 2114 3202 2184 γὰρ
3251 2111 3344 2166 τοῦ
3375 2114 3624 2184 Σωτῆρος
3654 2115 3761 2168 διό-

2197 2202 2289 2254 λου
2326 2203 2578 2266 συνόντος
2632 2204 2836 2268 αὐτοῖς,
2893 2205 2968 2268 ὼς
3011 2204 3246 2275 εἴρηται,
3291 2208 3426 2274 μήτε
3459 2204 3551 2256 τοῦ
3604 2205 3757 2258 ἄλλου

2197 2293 2554 2363 Παρακλὴτου
2575 2294 2840 2358 ἐλθόντος,
2869 2297 3007 2366 μήτε
3034 2295 3128 2348 τοῦ
3158 2296 3512 2367 κηρύγματος
3537 2297 3762 2359 ἐντελῶς

2198 2384 2633 2453 ἐγχειρισῡέντος
2662 2386 2866 2450 αὐτοῖς,
2905 2387 3056 2439 οὐδὲν
3081 2387 3296 2456 ἔχοντες
3342 2386 3620 2455 πράττειν,
3650 2387 3760 2438 λοι-

2199 2474 2298 2528 nov
2341 2475 2578 2544 ήλίευον,
2611 2477 2708 2546 τὴν
2742 2478 3014 2548 προτέραν
3038 2479 3427 2550 μετερχόμενοι
3463 2479 3678 2549 τέχνην,
3715 2481 3761 2531 εἰ

2198 2566 2294 2618 καὶ
2329 2566 2404 2636 μὴ
2435 2566 2768 2636 φιλοκερδῶς
2795 2568 2870 2631 ὡς
2897 2569 2951 2622 τὸ
2979 2571 3128 2640 πρίν.

2283 2659 2582 2728 Ἐξῆλθον
2610 2658 2725 2716 οὖν
2773 2693 2842 2703 -
2867 2664 3068 2729 εὐθύς.
3118 2664 3210 2727 Εἰς
3237 2663 3293 2716 τὺ
3325 2664 3418 2717 τοῦ
3443 2666 3670 2736 Πέτρου.
3710 2663 3762 2734 [ἢ

2199 2755 2258 2809 τὸ
2283 2754 2391 2808 τῶν
2424 2754 2536 2826 (54)
2569 2754 2701 2809 υἱῶν
2730 2754 3040 2819 Ζεϐεδαίου,
3072 2756 3105 2826 ἢ
3130 2772 3274 2819 τινος
3303 2756 3410 2808 τῶν
3427 2753 3764 2827 γνωρίμη]

2272 2937 2382 2990 Καὶ
2435 2966 2504 2977 —
2575 2937 2778 2991 οὐδέν.
2831 2939 2970 2990 Κατ’
3025 2935 3360 3005 οἰκονομίαν,
3404 2936 3479 2999 ὡς
3534 2936 3764 3006 ἐροῦμεν

2202 3029 2501 3100 προϊόντες.
2535 3028 2694 3093 Εἰκὸς
2716 3029 2770 3082 δὲ
2797 3028 2888 3082 καὶ
2919 3016 3044 3092 τοὺς
3092 3028 3283 3091 ἄλλους
3320 3028 3594 3098 μαθητὰς,
3635 3028 3712 3090 ὡς
3740 3028 3766 3079 ὁ

515 3140 720 3196 autem,
747 3131 882 3184 alios
895 3131 1422 3200 quoquediscipulos
1442 3133 1681 3186 terrestri
1706 3131 1900 3184 itinere
1927 3132 2094 3186 fuisse

2209 3122 2590 3192 Χρυσόστομος
2617 3121 2731 3190 (55)
2764 3122 3008 3191 εἴρηκεν,
3037 3119 3141 3185 ἔξω
3166 3119 3277 3190 (56)
3309 3117 3639 3206 ἀκολουθεῖν,
3674 3119 3767 3187 xi-

513 3230 752 3286 secutos,
786 3220 1020 3276 sicutait
1043 3221 1488 3291 Clirysostumus,
1533 3223 1735 3275 amoris
1767 3222 1962 3292 gratia,
2002 3232 2088 3277 ut-

513 3327 621 3381 que
653 3322 984 3383 spectatores
1022 3322 1228 3378 essent,
1251 3328 1314 3366 ac
1331 3313 1500 3382 probe
1529 3313 1706 3367 otium
1741 3313 2097 3376 collocarent,

516 3418 572 3463 et
613 3408 775 3462 simul
809 3423 932 3463 cum
972 3408 1053 3463 eis
1091 3412 1495 3478 pernoctarent.

588 3494 745 3549 Vers.
769 3496 822 3548 4.
844 3493 1002 3549 Hane
1019 3525 1090 3536 —
1111 3508 1260 3549 esset.
1291 3492 1579 3556 Fortassis,
1600 3491 1742 3562 quod
1763 3492 2102 3561 splendidio-

518 3584 567 3638 ri
600 3595 883 3654 appareret
907 3585 1109 3655 specie,
1133 3595 1356 3654 propter
1379 3583 1968 3649 immortalitatem,aut
1995 3584 2105 3637 dis~

521 3675 834 3745 pensatorie
859 3676 927 3731 ab
954 3677 1033 3731 eis
1056 3679 1311 3746 cegnitus
1342 3691 1451 3729 non
1476 3682 1578 3730 est.

596 3770 745 3825 Vers.
791 3769 844 3823 5.
883 3770 1020 3825 Dicit
1053 3801 1120 3810 —
1147 3771 1343 3824 habetis
1367 3770 1390 3822 ‘i
1411 3769 1625 3832 Παιδία,
1658 3768 1709 3823 id
1741 3777 1858 3834 est,
1904 3782 2104 3837 pueros

520 3861 643 3916 illos
674 3862 887 3916 vocavit
917 3863 1067 3932 juxta
1101 3861 1578 3917 consuetudinem.
1632 3859 1797 3914 Moris
1829 3860 2100 3929 siquidem

521 3963 639 4008 erat
665 3954 735 4007 ita
753 3958 1031 4022 operarios
1061 3955 1587 4026 appellare,propter
1609 3952 1825 4006 illorum
1847 3953 2012 4005 robur
2031 3967 2094 4006 ac

521 4045 904 4098 strenuitatem
941 4045 1007 4098 ad
1043 4045 1276 4102 labores.
1307 4045 1574 4117 Loquitur
1617 4054 1797 4100 autem
1835 4060 1959 4098 cum
2002 4046 2102 4109 eis,

520 4136 675 4207 quasi
709 4135 894 4190 volens
922 4137 1123 4206 aliquid
1148 4139 1214 4193 ab
1241 4139 1320 4194 eis
1350 4154 1557 4194 emere.

594 4227 744 4283 Vera.
774 4227 826 4280 5.
853 4225 1263 4296 Responderunt.
1294 4260 1361 4270 -—
1395 4229 1547 4286 Vers.
1577 4229 1632 4284 6.
1667 4231 1958 4284 invenietis.
1998 4226 2109 4282 Nec

520 4314 700 4369 adhuc
731 4326 1106 4386 cognoverunt
1133 4333 1257 4371 eum
1290 4333 1438 4382 esse,
1491 4319 1633 4388 quod
1671 4329 1852 4373 tamen
1884 4333 1979 4373 eos
2025 4319 2111 4372 in-

522 4406 766 4476 telligere
795 4409 1060 4476 Oportuit.
1083 4407 1216 4464 Nam
1238 4411 1512 4479 quomodo
1542 4411 1780 4482 vulgaris
1816 4410 1981 4466 homo
2013 4419 2109 4465 aut

2204 3229 2290 3282 ριν
2317 3229 2376 3266 τε
2411 3213 2635 3280 ἀγάπης
2687 3215 2782 3267 καὶ
2814 3212 2944 3276 Θέας
2979 3213 3077 3282 τὴν
3113 3211 3310 3281 σχολὴν
3357 3205 3415 3262 εὖ
3461 3207 3768 3277 διατιθεμά·

2201 3320 2347 3370 νους,
2380 3308 2474 3358 καὶ
2507 3305 3042 3376 συνδιανυκτερεύειν
3075 3306 3281 3366 αὐτοῖς.

2281 3486 2516 3552 Πρωτας
2549 3514 2618 3525 -
2655 3485 2847 3540 ἐστιν.
2879 3485 3038 3546 Ἴσως
3087 3481 3178 3536 τοῦ
3219 3482 3390 3544 εῐδους
3429 3479 3591 3535 αὐτοῦ
3631 3479 3768 3548 λαμ·

2205 3577 2475 3646 προτέρου
2509 3576 2840 3646 φαινομένου
2897 3577 2986 3630 διὰ
3033 3575 3130 3646 τὴν
3194 3572 3594 3643 ἀφθαρσίαν,ῆ
3651 3571 3766 3624 κατ’

2205 3670 2517 3735 οἳκονομίαν
2551 3669 2915 3736 ἀγνοουμένου
2947 3666 3148 3728 αὐτοῖς.

2277 3758 2448 3826 Λέγει
2492 3789 2564 3799 -
2626 3758 2798 3825 ἔχετε
2816 3774 2833 3822 ;
2887 3758 3085 3810 Παιδία
3155 3754 3375 3817 τούτους
3425 3752 3671 3816 ἐκάλεσε,
3706 3755 3764 3820 τῇ

2210 3849 2474 3919 συνηθείᾳ
2527 3849 2894 3917 χρησάμενος.
2931 3847 3094 3909 'EC‘o;
3124 3846 3229 3916 γὰρ
3288 3845 3415 3907 τοὺς
3454 3842 3768 3916 ἐργατικοὺς

2207 3939 2380 4003 οὕτως
2410 3937 2701 4008 ὀνομάζειν
2763 3937 2851 3991 διὰ
2883 3940 2941 3991 τὸ
2974 3938 3109 4006 πρὸς
3141 3938 3265 3999 τοὺς
3299 3937 3494 3997 πόνους
3537 3935 3768 4004 ἀκμαῖόν

2207 4049 2268 4086 τε
2316 4033 2413 4085 καὶ
2469 4033 2719 4085 νεανικὸν
2749 4032 2950 4086 αὐτῶν.
3014 4030 3334 4097 Διαλέγεται
3365 4027 3422 4080 δὲ
3468 4026 3671 4092 αὐτοῖς,
3700 4026 3769 4088 ὡς

2210 4123 2380 4179 θέλων
2408 4123 2570 4193 δῆθεν
2597 4124 2727 4192 παρ’
2761 4121 2940 4176 αὐτῶν
2971 4121 3223 4176 ὠνεῖσθαί
3243 4137 3319 4175 τι.

2292 4213 2728 4282 Ἀπεκρίθησαν
2767 4243 2836 4254 -
2861 4213 3169 4282 εὑρήσετε.
3217 4214 3326 4266 Καὶ
3354 4211 3504 4265 οὔπω
3538 4214 3770 4277 συνῆκαν

2216 4305 2301 4360 ὅτι
2333 4305 2497 4366 αὐτός
2538 4309 2706 4359 ἐστιν.
2756 4305 2956 4375 Ἐχρῆν
2997 4305 3052 4358 δὲ
3096 4304 3362 4357 συνιέναι.
3400 4303 3521 4366 Πῶς
3571 4304 3678 4372 γὰρ
3711 4303 3769 4355 ἂν

2213 4397 2391 4459 κοινὸς
2427 4396 2717 4466 ἄνθρωπος
2771 4397 2938 4465 εἰδείη
2985 4398 3069 4449 ὅτι
3121 4395 3402 4465 βάλλοντες
3426 4398 3504 4458 εἰς
3535 4396 3601 4448 τὰ
3628 4392 3769 4458 δεξιὰ

527 4499 719 4553 socius
758 4499 812 4554 id
846 4516 1014 4556 nosse
1037 4503 1304 4572 potuisset
1333 4544 1348 4570 ,
1391 4505 1536 4574 quod
1587 4505 1850 4573 jacientes
1879 4505 1934 4558 in
1980 4504 2099 4558 dex-

2217 4491 2358 4561 μέρη
2387 4491 2481 4543 τοῦ
2515 4491 2704 4544 πλοίου
2729 4491 3061 4561 εὑρήσουσι;
3099 4490 3305 4558 Ῥητῶς
3335 4489 3394 4542 δὲ
3422 4490 3500 4552 εὶς
3529 4489 3600 4541 τὰ
3621 4487 3766 4553 δεξιά

525 4600 698 4645 teram
747 4592 948 4661 navigii
997 4603 1228 4663 partem,
1268 4595 1543 4650 inventuri
1580 4596 1790 4651 essent?
1837 4596 2107 4664 Expressa

522 4693 706 4738 autem
725 4683 792 4737 ad
813 4684 1096 4738 dexteram
1117 4686 1299 4754 jacere
1318 4687 1595 4758 praecepit,
1620 4703 1688 4742 ne
1707 4686 1932 4742 fortuita
1955 4687 2106 4742 vide-

524 4787 678 4833 retur
711 4789 957 4850 captura.

596 4873 748 4927 Vcrs.
781 4873 835 4929 6.
855 4873 1098 4929 Jecerunt
1128 4874 1326 4943 itaque.
1356 4872 1690 4942 Simpliciter
1719 4873 2104 4941 obtemperan-

527 4973 628 5019 tes:
655 4974 746 5019 aut
771 4966 1036 5028 arbitrati,
1063 4965 1216 5037 signo
1240 4967 1493 5036 quopiam
1542 4966 1692 5019 illum
1731 4980 1894 5018 nosse
1930 4965 2108 5033 pisces

525 5055 735 5122 aliquos
790 5058 860 5112 ibi
901 5066 1119 5121 natare,
1165 5057 1226 5127 (ε)-
1264 5067 1356 5113 aut
1394 5057 1558 5111 etiam
1594 5055 1797 5111 vidisse
1829 5053 2110 5108 exsultan-

530 5146 632 5215 tes)
643 5184 657 5199 .

2215 4583 2398 4655 βαλεῖν
2431 4586 2714 4651 ἐπέταξεν,
2745 4585 2830 4638 ἵνα
2852 4584 2927 4656 μὴ
2951 4585 3093 4639 κατὰ
3117 4584 3287 4655 τύχην
3317 4586 3350 4655 ἡ
3383 4585 3528 4653 ἀγρα
3556 4581 3703 4655 δόξῃ.

2289 4857 2550 4911 Ἕϐαλον
2570 4853 2703 4913 οὖν.
2739 4857 2985 4929 [Ἂπλῶς
3017 4855 3128 4926 (57)
3162 4851 3592 4916 ὑπακούσαντες,
3620 4850 3651 4921 ἢ
3685 4848 3770 4904 καὶ

2219 4949 2668 5011 ὑποπτεύσαντες
2708 4949 2870 5002 αὑτὸν
2913 4949 3203 5019 τεκμηρίῳ
3232 4948 3340 4998 τινὶ
3387 4942 3590 5013 γνῶναὶ
3627 4956 3770 5003 τινας

2221 5041 2410 5110 ἰχθύας
2445 5041 2564 5095 ἐκεῖ
2591 5039 3045 5111 διανηχομένους,
3074 5039 3105 5110 ἢ
3139 5038 3251 5109 (58)
3277 5037 3371 5091 καὶ
3409 5036 3536 5090 ἰδεῖν
3567 5035 3769 5103 ﬁva‘mr

2217 5131 2541 5203 δήσαντας.ἶ

1704 5309 1902 5368 Varias
1949 5307 2253 5370 lectiones
2293 5312 2354 5368 et
2392 5313 2581 5367 notua.

604 5460 715 5530 (51)
746 5459 869 5515 "me
915 5463 1083 5518 codex
1111 5463 1155 5514 Α
1183 5462 1253 5516 ita
1282 5449 1554 5517 contrahit
1579 5479 1590 5514 :
1617 5461 1686 5514 δι’
1708 5458 1873 5514 αὐτοῦ
1898 5457 1950 5512 δὲ
1977 5459 2116 5512 δίδο-

533 5533 739 5603 ταιᾲκα).
779 5531 892 5603 ζωὴ
918 5532 1160 5596 αἰώνιος.

604 5601 715 5674 (5g)
781 5601 1132 5674 Ἐφανερώοη
1176 5602 1237 5654 Α.

607 5672 716 5735 (33)
781 5675 892 5741 Τήν
932 5672 1083 5727 alicsl
1110 5675 1172 5728 Α.

609 5743 721 5806 (54)
752 5740 982 5798 Omissis
1039 5760 1162 5810 «pne
1201 5741 1289 5796 hic
1317 5740 1522 5796 inclua
1561 5749 1708 5803 sunt,
1762 5757 1952 5796 eorum
1985 5741 2105 5794 loco

543 5820 752 5870 tdtllmll
793 5816 952 5868 habet
979 5815 1161 5872 πλοῖον
1195 5817 1253 5869 Α.

2284 5461 2396 5529 (55)
2428 5459 2490 5512 τ.
2528 5457 2666 5521 vni,
2695 5472 2748 5529 ρ.
2785 5457 2879 5512 521
2919 5460 2985 5512 A.

2285 5528 2395 5600 «56)
2433 5530 2673 5596 Ἐξωθεν
2711 5528 2770 5582 Β.

2285 5601 2397 5663 (57)
2433 5601 2642 5654 Inclusa
2674 5600 2877 5653 absunt
2905 5600 2971 5652 Α.

2282 5672 2394 5738 (38)
2427 5672 2508 5726 Ab
2561 5671 2693 5740 ἥσει
2746 5669 3202 5741 ἀναπηδήσαντας
3249 5666 3506 5723 omiserat
3571 5663 3760 5722 llentc~

2211 5757 2356 5796 Illllj.
