3976 6506
223 480 354 545 1493
1113 480 1487 544 ΕΟΜΜΕΝΤ.
1533 480 1615 539 1N
1653 477 1811 539 JOM

1943 479 2027 541 M.
2058 504 2125 514 -
2165 479 2321 540 CAP.
2366 479 2526 540 XXI.

3326 477 3460 543 H94

291 596 393 648 Καὶ
425 597 538 648 οὐκ
589 594 678 650 ἔτι
714 625 782 638 —-
819 596 1060 665 ιχθὺων.
1099 595 1359 656 Ἀπόντος
1400 594 1499 665 μὲν
1539 592 1633 646 τοῦ
1669 593 1786 646 Σω-

1967 590 2116 647 Vers.
2147 593 2200 646 6.
2246 593 2309 646 Et
2324 595 2443 662 jam
2479 610 2580 648 non
2600 623 2668 633 —
2694 594 2937 664 piscium.
2971 593 3214 650 Absente
3243 594 3464 664 quidem

220 685 402 754 τῆρος,
431 685 586 739 οὐδὲν
603 686 841 738 ἐπίασαν
869 727 885 751 ,
945 685 1210 755 παρόντος
1268 685 1345 750 δὲ,
1388 685 1590 754 πλῆθος
1635 685 1787 737 συνέο

1943 679 2176 736 alvatore
2198 684 2332 736 nihil
2367 693 2649 754 ceperunt,
2688 693 2952 752 praesente
2982 699 3110 738 vero
3157 683 3466 739 multitudi-

221 777 440 828 κλεισαν
467 816 481 839 ,
525 777 612 828 ἵνα
660 775 879 844 γνῶμεν
921 778 1002 830 ὅτι
1053 777 1224 846 χωρὶς
1259 776 1357 844 μὲν
1415 775 1580 829 αὐτοῦ
1633 774 1787 828 οὐδὲν

1943 789 2022 828 em
2057 774 2468 840 concluserunl,
2525 784 2583 830 ut
2611 790 3002 846 cognoscamus
3039 773 3183 843 quod
3214 773 3333 828 sine
3372 773 3467 826 illo

219 866 495 934 dipélipov
522 866 761 935 ἀνύομεν
788 906 803 929 ,
841 869 937 920 σὺν
959 867 1108 935 αὐτῴ
1131 867 1208 928 δὲ,
1231 866 1422 920 πολλά.
1457 866 1580 936 Χρὴ
1607 869 1789 919 τοίνυν

1943 863 2025 918 ιιιίι
2048 868 2190 936 quod
2218 866 2345 920 utile
2374 867 2465 930 sit,
2497 867 2838 936 perﬁcimus:
2869 881 2994 920 cum
3021 880 3087 919 eo
3111 873 3316 926 autem,
3344 863 3468 931 plu-

219 955 334 1015 ταῖς
367 954 614 1016 ἐντολαῖς
646 953 811 1006 αὑτοῦ
845 954 1202 1023 πειθομένους
1236 957 1419 1006 πονεῖν
1450 953 1542 1006 καὶ
1574 953 1790 1022 βάλλειν

1944 971 2047 1010 ma.
2087 960 2311 1027 Oportet
2340 971 2469 1024 ergo
2501 964 2558 1008 ut
2586 955 2870 1024 praeceptis
2897 955 3016 1023 ejus
3033 953 3351 1008 obedientes
3376 951 3458 1005 la-

222 1046 296 1106 εἰς
319 1045 386 1096 τὰ
415 1043 563 1109 δεξιά
587 1060 601 1074 ·
643 1045 798 1096 τοῦτο
820 1045 927 1113 γὰρ
953 1044 1014 1097 τὸ
1044 1045 1211 1114 μέρος
1233 1045 1538 1098 ἐπαινετόν.

1943 1063 2174 1110 oremus,
2208 1058 2262 1101 et
2295 1046 2360 1102 ad
2383 1048 2662 1101 dexteram
2697 1047 3003 1116 iaciamus;
3037 1062 3162 1100 nam
3199 1046 3311 1099 inec
3347 1058 3472 1106 pars

1895 1139 2038 1194 laudi
2065 1141 2246 1194 datur.

1964 1229 2154 1292 Quare
2174 1237 2351 1282 autem
2367 1237 2420 1282 et
2438 1226 2881 1294 nnder-imojuxta
2905 1225 3101 1282 Lucam
3122 1225 3315 1295 capite.
3331 1222 3475 1292 quod

1896 1313 2116 1372 dicitur:
2169 1319 2425 1373 Similiter
2493 1328 2668 1371 autem
2733 1326 2780 1370 et
2824 1315 3074 1370 Jacobum
3129 1325 3176 1369 et
3223 1315 3478 1369 Joannem

1899 1411 2035 1478 ﬁlios
2071 1411 2325 1473 Zebedwi,
2389 1413 2477 1478 qui
2503 1424 2650 1463 erant
2695 1413 2824 1464 socii
2862 1409 3091 1463 Simonis
3115 1409 3160 1470 ⁹,
3185 1416 3476 1467 etetelera,

1899 1516 1963 1555 ac
1998 1502 2212 1556 illorum
2257 1503 2372 1572 lege
2417 1502 2844 1555 enarrationem.
2883 1501 3137 1553 Invenies
3166 1497 3309 1552 enim
3341 1511 3476 1550 ana-

226 1582 426 1634 αὐτῶν.
465 1584 736 1655 Εὑρήσεις
766 1584 876 1653 γὰρ
909 1585 1224 1656 ἀναγωγὴν,
1259 1587 1404 1640 πάνυ
1438 1591 1554 1652 τοῖς
1587 1592 1799 1662 παροῦ-

1943 1592 2085 1663 ogica
2123 1594 2482 1662 praesentibus
2508 1593 2801 1647 admodum
2837 1607 3105 1661 congrua.

293 1225 563 1292 [Ζήτησον
594 1223 704 1293 (⁸59)
749 1225 840 1276 καὶ
865 1225 922 1275 ὲν
956 1224 1032 1293 τῷ
1084 1223 1355 1294 ἑνδεκάτῳ
1385 1223 1668 1294 κεφαλαίῳ
1695 1225 1790 1278 τοῦ

225 1315 363 1366 κατὰ
421 1316 640 1366 Λουκᾶν
699 1315 792 1378 τό)
835 1315 1080 1381 Ὁμοίως
1126 1314 1194 1366 δὲ
1235 1315 1331 1368 καὶ
1386 1316 1656 1370 Ἰάκωϐον
1694 1318 1793 1371 καὶ

239 1403 539 1468 Ἰωάννην.
566 1403 734 1466 υΙοὺς
765 1402 1106 1466 Ζεϐεδαίου,
1147 1402 1204 1454 οἳ
1229 1400 1390 1472 ἦσαν
1416 1408 1688 1460 κοινωνοὶ
1715 1407 1795 1472 τῷ

226 1492 463 1559 Σίμωνι,
498 1493 590 1543 καὶ
625 1496 694 1545 τὰ
746 1493 896 1560 ἑξῆς,
943 1493 1038 1546 καὶ
1071 1494 1344 1561 ἀνάγνωθι
1403 1497 1498 1566 τὴν
1533 1496 1796 1567 έξήγησ.ν

227 1690 310 1724 σιν
344 1675 741 1746 ἁρμόζουσαν.]

295 1768 467 1833 Λέγει
501 1797 571 1807 -—-
603 1768 755 1821 ἐστι.
782 1767 953 1821 Τοῦτο
1004 1770 1183 1830 συνεὶς
1219 1771 1326 1824 ἀπὸ
1366 1773 1465 1838 τῆς
1517 1775 1795 1844 εὐτυχίας,

1969 1771 2123 1826 Vers.
2157 1775 2208 1826 7.
2241 1771 2378 1824 Dicit
2413 1801 2480 1813 —
2504 1781 2600 1825 est.
2622 1769 2667 1824 Α
2696 1785 2958 1841 prospero
2989 1770 3039 1826 id
3076 1782 3274 1827 eventu
3320 1773 3484 1827 intel-

229 1855 320 1906 καὶ
351 1856 446 1908 τοῦ
476 1859 900 1925 συγκεκλεῖσθαι
951 1859 1065 1929 (40)
1096 1862 1220 1923 τοὺς
1255 1862 1465 1931 ίχΘύας,
1518 1863 1709 1936 ὥσπερ
1739 1867 1801 1931 ἐξ

1943 1879 2094 1936 gens,
2132 1873 2187 1917 et
2217 1861 2360 1932 quod
2408 1871 2660 1931 tanquam
2683 1878 2748 1914 ex
2773 1861 2914 1914 illius
2945 1860 3098 1928 jussu
3130 1863 3369 1917 conclusi
3395 1877 3486 1917 es-

228 1944 622 2015 ἐπιτάγματος.

298 2037 498 2104 Σίμων
528 2071 594 2081 -
620 2041 962 2100 θάλασσαν.
1002 2047 1467 2119 Διορατικὼτερος
1499 2049 1600 2118 μὲν
1628 2052 1656 2105 6
1691 2052 1803 2105 Ἰω-

234 2126 400 2197 άννης
444 2134 735 2204 περιουσίᾳ
800 2136 1221 2206 καθαρότητος,
1282 2139 1612 2210 Θερμότερος
1669 2141 1724 2194 δὲ
1775 2144 1804 2195 ὀ

231 2217 438 2286 Πέτρος
472 2223 795 2293 σφοδρότητι
823 2226 1070 2296 φίλτρου.
1103 2231 1195 2281 Διὸ
1226 2231 1484 2300 γνωρίζει
1510 2231 1608 2300 μὲν
1641 2234 1803 2285 αὑτὸν

231 2307 258 2354 ὁ
295 2307 575 2378 Ἰωάννης,
608 2314 714 2380 πρὸ
756 2313 850 2365 τοῦ
894 2316 1100 2386 Πέτρου
1123 2333 1140 2352 ο
1184 2318 1353 2384 ἔξεισι
1379 2321 1435 2372 δὲ
1477 2323 1614 2392 πρὸς
1641 2325 1804 2376 αὑτὸν

233 2399 498 2469 ὀΠέτρος
556 2403 662 2472 πρὸ
717 2404 810 2457 τοῦ
868 2407 1143 2461 Ἰωάννου.
1211 2409 1474 2473 ’Δκούοας
1501 2413 1612 2484 γὰρ
1647 2414 1806 2482 μόνον

235 2491 316 2543 ὅτι
345 2493 373 2543 ὁ
413 2493 618 2562 Κύριός
655 2497 792 2562 ἐστι,
837 2500 1020 2568 ῥίπτει
1048 2501 1116 2552 τὰ
1138 2503 1194 2553 ὲν
1223 2504 1408 2573 χερσὶν
1447 2503 1673 2570 εὐθέως,
1715 2509 1808 2561 καὶ

240 2582 315 2653 μὴ
347 2585 650 2654 ἀναμείνας
686 2590 764 2659 τῷ
797 2590 1065 2661 πλοιαρίῳ
1093 2590 1350 2659 ἐξελθεῖν,
1395 2595 1578 2664 βάλλει
1617 2600 1808 2653 ἑαυτὸν

240 2676 318 2736 εἰς
341 2675 439 2745 τὴν
471 2677 746 2731 θάλασσαν
778 2681 864 2733 διὰ
897 2683 956 2733 τὸ
976 2684 1136 2751 τάχος
1170 2684 1267 2752 τῆς
1295 2683 1642 2749 ἐξελεύσεως.

313 2766 420 2819 Τὸν
455 2768 800 2839 ἐπενδύτην
843 2773 900 2824 δὲ
940 2775 1190 2842 χιτώνιόν
1233 2777 1285 2828 τί
1318 2795 1485 2845 φασιν
1517 2781 1629 2851 (lii)
1665 2784 1812 2851 ἀχει-

1910 1965 2032 2012 sent
2059 1957 2253 2024 pisces.

1983 2046 2137 2100 Vers.
2159 2046 2209 2098 7.
2230 2042 2496 2098 Simon—
2520 2058 2689 2096 mare.
2717 2041 3089 2112 Perspicacior
3118 2041 3338 2112 quidem
3365 2051 3488 2095 erat

1910 2139 2146 2194 Joannes
2176 2135 2548 2206 magnitudine
2591 2135 2859 2202 puritatis.
2891 2131 3232 2191 Petrus'vero
3275 2137 3492 2191 ferven-

1914 2233 2024 2284 tior
2049 2229 2386 2282 vehementia
2412 2227 2633 2279 amoris:
2669 2226 2790 2280 ideo
2820 2226 3071 2296 agnoscit
3098 2228 3315 2295 quidem
3363 2241 3490 2278 eum

1911 2321 2149 2376 Joannes
2178 2329 2302 2373 ante
2340 2317 2584 2380 Petrum,
2611 2317 2704 2370 sed
2731 2317 3006 2386 egreditur
3031 2319 3094 2369 ad
3129 2333 3251 2369 etim
3296 2316 3491 2368 Petrus

1915 2423 2038 2467 ante
2060 2411 2346 2464 Joannem.
2378 2407 2479 2464 Ubi
2499 2410 2642 2461 enim
2668 2406 2843 2461 solum
2871 2408 3133 2474 audisset,
3155 2421 3186 2460 e
3219 2423 3276 2461 se
3306 2407 3494 2461 Domi-

1916 2519 2068 2568 num,
2113 2501 2396 2556 confestim
2427 2514 2546 2569 qua:
2585 2499 2639 2551 in
2667 2498 2916 2551 manibus
2939 2507 3114 2562 erant,
3143 2496 3494 2566 projicit,nec

1917 2594 2193 2647 sustinens
2225 2599 2281 2644 ut
2299 2592 2512 2658 navigio
2535 2590 2600 2642 ad
2621 2603 2744 2642 eum
2770 2587 3100 2657 perveniret,
3121 2602 3240 2641 sese
3263 2586 3319 2641 in
3339 2602 3491 2642 mare

1913 2685 2047 2754 jacit
2077 2698 2183 2752 quo
2213 2681 2374 2736 citius
2413 2680 2718 2734 accederet.

2003 2775 2328 2843 Ἐπενδύτην
2351 2783 2530 2828 autem
2562 2773 2683 2842 (pro
2703 2785 2809 2840 quo
2837 2770 3068 2823 tunicam
3092 2769 3372 2834 vertimus)
3404 2783 3501 2823 vo-

247 2856 472 2924 ρίδωτον
493 2860 622 2929 ἄχρι
653 2863 896 2929 γονάτων
920 2867 1290 2935 περιστέλλον.
1316 2869 1552 2940 Σύνηθες
1582 2873 1637 2925 δὲ
1657 2874 1811 2928 τοῦτο

1943 2876 2016 2921 int
2049 2866 2340 2921 tuniculam
2379 2865 2665 2934 quamdam
2683 2862 2908 2916 manicis
2941 2869 3502 2928 carentem,qu:ecor-

245 2949 360 3010 τοῖς
398 2948 850 3017 θαλαττεύουσιν,
882 2955 1200 3025 εὑκινησίαν
1255 2958 1372 3027 ἅμα
1407 2962 1499 3014 καὶ
1537 2963 1811 3032 εὐσχημο-

1943 2977 2025 3016 ius
2060 2960 2124 3013 ad
2152 2973 2321 3028 genua
2350 2971 2522 3022 usque
2538 2963 2788 3023 contegat
2819 2971 2834 3019 ;
2867 2964 2918 3007 et
2947 2953 3048 3005 hac
3078 2951 3386 3015 utebantur,
3407 2949 3500 3020 qui

247 3039 418 3109 σύνην
476 3041 664 3104 αὐτοῖς
691 3045 844 3113 παρὰ
893 3047 971 3113 τῷ
1006 3045 1158 3100 ὕδατι
1201 3051 1675 3120 περιποιούμενον.
1718 3055 1811 3106 Γυ-

1949 3067 1983 3104 n
2011 3051 2145 3104 mari
2170 3048 2454 3119 degebant.
2476 3045 2607 3099 Nam
2634 3044 2794 3098 simul
2817 3053 2871 3096 et
2894 3042 3180 3112 agilitatem
3195 3043 3274 3096 eis
3301 3042 3504 3095 tribue-

253 3133 388 3200 μνὸς
421 3134 521 3200 μὲν
554 3134 645 3187 οὖν
667 3132 734 3207 ἧν
757 3138 856 3207 τῆς
901 3138 1064 3208 ἄλλης
1099 3140 1289 3210 στολῆς
1332 3143 1524 3210 αὑτοῦ,
1551 3145 1740 3199 τοῦτον
1762 3147 1811 3201 δὲ

1943 3151 2036 3206 )at,
2064 3151 2118 3197 et
2153 3142 2295 3195 inter
2323 3153 2490 3206 aquas
2509 3145 2759 3189 ornatum
2791 3133 2906 3202 (ec).
2929 3134 3054 3186 Erat
3083 3133 3283 3202 quippe
3323 3131 3502 3186 nudus

253 3225 417 3293 μόνον
449 3228 539 3280 ἐπὶ
569 3227 663 3280 τοῦ
693 3230 948 3296 σώματος
979 3233 1254 3286 ἐνεδέδυτο
1287 3236 1531 3298 ἄζωστον
1556 3253 1570 3267 ⁶
1599 3239 1811 3304 ἀνάξιον

1943 3239 2031 3291 ilia
2061 3249 2252 3290 carens
2284 3245 2452 3297 veste;
2486 3247 2614 3284 nam
2645 3230 2747 3283 hac
2777 3226 2888 3281 sola
2909 3224 2974 3278 ad
3003 3241 3202 3292 corpus
3231 3224 3501 3279 discincta

249 3318 362 3388 γὰρ
398 3313 540 3370 εἶναι
566 3319 732 3372 αὑτὸν
757 3323 943 3393 πάντη
980 3325 1186 3393 γυμνὸν
1239 3327 1326 3379 διὰ
1358 3327 1456 3398 τὴν
1500 3332 1811 3400 ἀσχημοσύ-

1943 3332 2157 3386 indutus
2194 3336 2332 3392 erat;
2371 3340 2550 3393 neque
2596 3323 2740 3377 enim
2773 3321 3149 3384 conveniebat,
3189 3327 3248 3372 ut
3277 3318 3505 3371 omnino

251 3424 373 3476 νην.
426 3409 702 3473 Ἐζώσατο
735 3413 790 3464 δὲ
816 3415 980 3466 αὐτὸν
1002 3416 1143 3468 αίδοί
1167 3418 1258 3469 τοῦ
1291 3420 1520 3489 Κυρίου.

327 3593 393 3643 Oi
419 3590 485 3644 δὲ
504 3593 682 3646 ἄλλοι
708 3624 779 3634 -
807 3597 1049 3663 ἰχθύων.
1078 3593 1281 3651 Ἦλθον
1317 3601 1669 3672 ἐφελκόμενοι
1702 3606 1826 3668 τοὺς

257 3681 528 3750 σύροντας
554 3683 613 3735 τὸ
639 3683 860 3737 δίκτυον
895 3687 1172 3756 σχοίνους.

343 3772 442 3837 Ὠς
473 3803 542 3813 -
570 3773 774 3840 ἄρτον.
801 3776 875 3827 Τὸ
901 3777 1000 3846 μὲν
1031 3778 1261 3849 ὀψάριον
1293 3782 1358 3848 τῇ
1398 3780 1673 3851 ἀνθρακίᾳ
1707 3783 1829 3834 ἑπι-

258 3863 516 3931 κείμενον
543 3905 557 3928 ,
588 3864 680 3917 τὸν
727 3865 784 3916 δὲ
818 3866 983 3934 ἄρτον
1031 3867 1138 3937 ἰδίᾳ.
1190 3869 1618 3938 παρακείμενον,
1643 3869 1702 3935 ἐξ
1731 3871 1833 3921 οὐκ

258 3957 432 4009 ὄντων
479 3959 660 4009 πάντα
709 3958 930 4020 πάντως
975 3959 1327 4028 παρηγμὲνα,
1389 3960 1476 4012 ἵνα
1535 3961 1832 4014 κάντεῦθεν

261 4047 418 4120 δείξῃ
443 4049 539 4118 τὴν
570 4048 800 4119 δύναμιν
838 4051 1030 4115 αὑτοῦ,
1079 4053 1174 4102 καὶ
1216 4054 1599 4121 πεπονηκότας
1634 4054 1834 4117 αὐτοὺς

263 4141 643 4211 ἁνακτήσηται
673 4141 1041 4210 φιλοστόργως
1071 4142 1160 4194 διὰ
1188 4143 1417 4212 τρορῆς.

340 4232 606 4299 Λέγει-
636 4233 774 4286 νῦν.
823 4233 909 4296 Ὠς
937 4232 1092 4295 εἰδὼς
1122 4234 1204 4286 ὅτι
1246 4235 1480 4287 ἐπίασαν
1514 4235 1686 4304 λέγει.
1725 4237 1836 4290 Καὶ

266 4323 379 4392 γὰρ
403 4326 496 4374 καὶ
528 4323 656 4392 πρὶν
684 4323 759 4384 ὡς
786 4323 944 4387 εἰδὼς
981 4325 1063 4376 ὅτι
1087 4323 1372 4379 πιάσουσιν
1402 4321 1522 4378 εἶπε
1553 4343 1568 4358 ο
1613 4325 1838 4381 Βάλετε

1931 3421 2111 3476 nudus
2140 3426 2285 3474 esset
2319 3426 2535 3486 propter
2568 3413 2982 3484 turpitudinem;
3024 3411 3290 3466 succinxit
3324 3416 3504 3462 autem

1933 3512 2100 3574 illam,
2132 3510 2337 3580 pudore
2367 3506 2604 3560 Domini.

2009 3601 2170 3654 Vcrs.
2194 3598 2248 3651 8.
2277 3597 2468 3652 Ceteri
2494 3612 2611 3648 vero
2651 3625 2720 3636 -—-
2749 3595 2989 3663 piscium.
3025 3592 3308 3648 Venerunt
3335 3597 3505 3643 attra-

1937 3692 2115 3747 bendo
2138 3692 2315 3754 funes,
2343 3688 2538 3756 quibus
2571 3697 2685 3740 rete
2714 3686 3048 3739 trahebatur.

2006 3779 2162 3834 Vers.
2197 3781 2249 3834 9.
2289 3779 2439 3834 Ut—
2463 3791 2674 3845 panem.
2704 3773 2908 3828 Piscem
2932 3773 3150 3842 quidem
3183 3771 3372 3840 prunis
3409 3786 3507 3825 su-

1937 3872 2299 3944 perpositum,
2327 3883 2522 3939 panem
2570 3881 2699 3921 vero
2755 3880 3003 3919 seorsum
3033 3863 3286 3934 positum:
3325 3862 3511 3932 utique

1940 3965 2198 4035 producta
2229 3979 2292 4016 cx
2345 3962 2431 4014 his
2475 3974 2598 4020 quas
2643 3971 2750 4010 non
2800 3965 2977 4010 erant:
3013 3963 3073 4008 ut
3127 3954 3256 4008 binc
3295 3967 3509 4022 quoque

1940 4071 2093 4109 suam
2118 4055 2372 4108 ostendat
2402 4051 2721 4120 potentiam,
2757 4063 2822 4102 ac
2855 4045 3117 4101 benevole
3151 4058 3247 4098 eos
3295 4058 3390 4111 per
3422 4042 3504 4096 ci-

1940 4147 2069 4202 bum
2095 4161 2125 4200 a
2142 4146 2327 4199 labore
2359 4141 2644 4196 refecillet.

2013 4238 2168 4294 Vers.
2200 4236 2286 4290 i0.
2327 4237 2415 4288 Ait
2439 4264 2505 4275 —
2543 4249 2698 4287 nunc.
2736 4229 2934 4298 Utpote
2964 4227 3164 4292 sciens,
3189 4225 3334 4295 quod
3360 4240 3511 4279 com-

1941 4329 2382 4404 prehendissent.
2408 4324 2543 4378 Nam
2570 4333 2624 4378 et
2649 4321 2823 4392 prius,
2848 4331 3101 4390 tanquam
3132 4322 3332 4382 sciens,
3366 4316 3511 4386 quod

266 4413 358 4476 εὶς
387 4411 458 4464 τὰ
491 4411 657 4476 δεξιὰ
688 4415 840 4481 μέρη
890 4413 997 4466 τοῦ
1047 4414 1265 4466 πλοίου
1321 4415 1386 4467 τὸ
1425 4415 1690 4481 δίκτυον,
1737 4434 1811 4470 κα

1945 4416 2394 4491 comprehensuri
2417 4423 2622 4477 essent,
2665 4413 2874 4467 dixerat
2915 4411 3126 4466 :Jacitc
3161 4412 3216 4463 in
3246 4409 3513 4462 dexteram

268 4506 585 4573 εὑρήσετε,
612 4506 705 4558 καὶ
725 4504 814 4558 ἵνα
839 4507 914 4576 μὴ
939 4504 1211 4573 φαντασία
1239 4504 1366 4576 δόξῃ
1383 4506 1443 4558 τὸ
1466 4509 1718 4577 πρᾶγμα,
1745 4524 1811 4559 κα

1945 4522 2148 4581 partem
2165 4510 2359 4579 navigii
2381 4519 2430 4563 et
2447 4506 2739 4561 invenietis.
2764 4504 2830 4558 Et
2852 4519 2920 4557 ne
2937 4503 3338 4574 pliantasticum
3363 4500 3517 4554 vide-

270 4599 422 4658 ὅπως
468 4596 671 4660 ἰδόντες
721 4596 816 4649 καὶ
873 4595 937 4647 τὺ
970 4597 1176 4667 πλῆθος
1223 4599 1318 4652 καὶ
1355 4597 1415 4649 τὸ
1445 4597 1677 4667 μέγεθος
1733 4597 1810 4649 τῶ

1950 4615 2102 4661 retur
2127 4603 2434 4673 negotium,
2461 4609 2629 4665 utque
2654 4597 2903 4662 videntes
2954 4594 3178 4664 piscium
3209 4591 3519 4647 multitudi-

275 4685 516 4759 ἰχθύων,
542 4689 638 4741 καὶ
663 4687 723 4739 τὸ
752 4687 868 4750 πῶς
904 4687 1004 4742 οὐκ
1047 4689 1271 4761 ἐσχίσθη
1321 4689 1384 4743 τὸ
1424 4689 1661 4752 δίκτυον,
1703 4687 1806 4740 θαυ

1943 4713 2087 4758 nem.
2134 4711 2199 4751 ac
2229 4691 2653 4765 magnitudinem
2684 4697 2738 4744 et
2768 4688 3034 4757 quomodo
3063 4701 3170 4741 non
3199 4694 3345 4740 esset
3383 4683 3518 4736 scis-

279 4782 496 4852 μὰσωσι
526 4779 706 4834 πλέον.

1943 4809 2063 4850 sum
2089 4799 2222 4852 rete,
2257 4789 2426 4861 magis
2450 4788 2609 4842 etiam
2642 4783 3058 4839 admirarentur.

357 4871 566 4939 Ἀνέϐη
598 4872 795 4940 Σίμων
813 4872 1054 4942 Πέτρος.
1073 4873 1302 4948 [Ἀνέϐη
1322 4874 1434 4945 (ιῖ)
1454 4875 1531 4938 είς
1554 4875 1617 4927 τὸ
1635 4873 1811 4928 πλοῖον

2014 4883 2170 4938 Vera.
2220 4880 2305 4933 Η.
2362 4878 2608 4932 Ascendit
2673 4874 2854 4929 Simon
2902 4876 3112 4926 Petrus.
3159 4867 3418 4923 Ascendit
3464 4867 3520 4920 in

277 4964 353 5028 ὠς
379 4964 798 5035 ἐμπειρότερος,
828 4965 1114 5036 έπομένων
1149 4965 1301 5036 αὐτῷ
1334 4965 1428 5019 καὶ
1468 4965 1641 5020 ἄλλων
1681 4966 1810 5037 δηλο

1945 4976 2147 5032 navim.
2171 4981 2427 5040 tanquam
2450 4969 2583 5021 artis
2605 4967 2855 5036 peritior,
2879 4964 3236 5034 sequentibus
3263 4961 3518 5015 videlicet

280 5053 439 5124 νότι.]

1957 5078 2082 5121 eum
2117 5063 2281 5117 etiam
2317 5057 2550 5112 caneris.

349 5146 457 5200 Καὶ
484 5147 737 5200 εἵλκυσε
775 5177 832 5188 --
865 5144 1065 5214 τριῶν.
1103 5146 1239 5199 duo!
1267 5164 1413 5209 τινες
1468 5147 1557 5200 διὰ
1577 5147 1686 5200 τῶν
1718 5149 1811 5201 ista

2026 5151 2183 5208 Vers.
2221 5149 2308 5202 Η.
2346 5147 2414 5201 Et
2436 5144 2600 5198 traxit
2635 5171 2706 5182 —
2735 5143 2920 5196 tribus.
2964 5143 3162 5196 Dicunt
3191 5139 3378 5209 aliqui,
3428 5150 3525 5207 per

282 5239 374 5291 τὸν
400 5238 500 5306 μὲν
559 5239 959 5308 ὑποδηλοῦσθαι
988 5241 1114 5305 τοὺς
1145 5240 1204 5306 ἐξ
1239 5241 1410 5296 ὲθνῶν
1442 5241 1811 5312 σαγηνευοησε

1958 5251 2178 5299 centum
2203 5238 2421 5309 quidem
2452 5249 2547 5289 eos
2572 5232 2863 5304 designari,
2887 5233 2979 5303 qui
3007 5247 3071 5288 ex
3098 5231 3351 5302 gentibus
3386 5229 3522 5300 sagi-

417 5377 549 5432 Luc.
588 5396 642 5441 ν,
676 5377 763 5432 10.

1514 5437 1725 5501 Varia)
1757 5439 1811 5502 le

1951 5455 2062 5502 nes
2107 5445 2171 5500 et
2200 5445 2386 5504 ΠΟΙέΒ.

362 5620 472 5692 (59)
502 5617 717 5692 inclusa
739 5615 940 5692 absunt
961 5613 1024 5666 A.

359 5683 470 5758 (40)
503 5687 855 5758 Συγκλεῐσθαι
878 5683 944 5735 Α.

360 5749 472 5828 (tt)
503 5749 674 5812 liabet
696 5757 836 5810 hanc
871 5767 1062 5808 vocem
1091 5749 1289 5808 Galeus
1324 5752 1379 5808 in
1433 5767 1626 5822 opusc.
1679 5749 1850 5822 Myth.

1959 5626 2015 5681 Ρ.
2033 5611 2385 5753 Ἰηειυςσ
2413 5679 2611 5736 absunt
2635 5678 2700 5735 Α.

365 5913 459 5982 (ec)
488 5911 765 5966 Ornatam.
827 5908 1026 5974 Decus,
1057 5905 1386 5962 decentiam.
