3976 6432
500 359 635 424 195

1735 357 2121 417 EUTHYMII
2157 357 2516 421 ZIGABENI

3591 367 3614 430 ἶ
3625 369 3722 433 196

495 475 654 530 nan;li
682 485 861 542 erant;
915 488 1009 544 per
1061 473 1453 545 quinquaginta
1503 483 1708 539 autem,
1736 490 1830 531 eos
1872 476 1961 545 qui
2004 477 2049 532 dt

2179 484 2376 552 μένους
2406 521 2421 545 ,
2449 482 2538 534 διὰ
2573 481 2682 534 τῶν
2715 482 3052 552 πεντήκοντα
3080 482 3134 536 δὲ
3160 484 3282 545 τοὺς
3319 483 3380 548 ἐξ
3423 485 3683 538 Ἰουδιίων
3709 505 3721 518 ·

491 569 710 634 Juda'is;
743 568 922 637 plures
943 567 1212 636 siquidem
1236 582 1299 620 ex
1324 566 1581 636 gentibus
1613 567 1874 622 credituri
1908 577 2066 622 erant

489 675 648 728 quam
674 673 737 712 ex
757 656 980 721 Judaeis;
1008 672 1103 726 per
1131 667 1241 710 tres
1272 671 1419 720 vero,
1447 665 1690 710 sanctam
1705 655 2052 722 Trinitatem,

489 753 542 806 in
575 766 735 819 quam
767 750 1079 804 crederent.

556 841 713 896 Vera.
748 841 836 895 ll.
875 843 940 897 Et
970 869 1039 884 —-
1063 849 1188 894 rete.
1217 839 1358 904 Non,
1413 839 1558 909 quod
1588 849 1734 895 esset
1770 839 1931 908 forte,
1968 843 2065 896 sed

486 932 633 1002 quod
667 934 927 986 Dominus
957 932 1123 986 etiam
1157 930 1288 984 illud
1323 930 1660 984 fortiﬁcaret.

556 1023 711 1078 γει-δ.
749 1025 833 1077 12.
877 1024 1015 1076 Dicit
1056 1052 1125 1062 -—
1158 1023 1430 1087 prandete.
1481 1021 1623 1076 Hora
1685 1023 1898 1093 prandii
1949 1025 2062 1094 jam

489 1123 806 1183 appetente;
832 1129 957 1166 nam
994 1112 1206 1165 illorum
1256 1111 1537 1166 laboribus
1584 1127 1902 1166 successura
1949 1122 2064 1167 erat

483 1202 722 1270 requies.
755 1200 1059 1255 Verisimile
1085 1209 1168 1254 est
1199 1211 1400 1264 autem,
1425 1199 1686 1268 quosdam
1714 1215 1779 1255 ex
1809 1216 2061 1271 compre-

485 1293 666 1347 hensis
695 1291 934 1360 piscibus
961 1298 1170 1345 assatos
1225 1290 1391 1344 fuisse
1432 1291 1498 1344 ad
1531 1291 1769 1344 omnium
1809 1291 2060 1346 refectio-

484 1400 608 1439 nem
627 1384 1040 1454 discipulorum:
1082 1382 1325 1451 reliquos
1360 1396 1488 1437 vero
1523 1382 1853 1452 pauperibus
1895 1382 2062 1438 fuisse

481 1475 828 1530 distributos.

554 1564 710 1619 Vers.
752 1563 841 1617 12.
874 1561 942 1616 Et
969 1577 1116 1615 nemo
1148 1590 1216 1601 -—
1246 1571 1398 1615 esset.
1452 1560 1668 1616 Faciem
1707 1563 1929 1633 quidem
1979 1567 2061 1617 ri-

2166 571 2383 633 πλείους
2407 573 2516 640 γὰρ
2550 571 2598 622 οἱ
2623 570 2681 636 ἐξ
2705 570 2876 623 ὲονῶν
2915 570 3022 622 τῶν
3058 570 3116 635 ἐξ
3166 572 3433 627 Ἰουδαίων
3457 591 3469 604 ·
3502 573 3590 627 διὰ
3618 575 3727 627 τῶν

2164 663 2332 733 τριῶν
2362 660 2418 714 δὲ
2447 665 2545 732 τὴν
2575 662 2742 730 ἁγίαν
2777 661 3010 731 Τριάδα,
3046 665 3123 724 εἰς
3149 663 3215 734 ἢν
3249 667 3581 718 πιστεύουσι.

2239 841 2347 895 Kal
2379 869 2449 879 --
2484 839 2757 894 δίκτυον.
2805 840 2919 909 Οὐχ
2954 840 3027 902 ὡς
3082 842 3323 912 ἰσχυρὸν,
3367 842 3481 895 ἀλλ’
3529 843 3603 905 ὠς
3632 843 3726 896 τοῦ

2165 932 2372 999 Κυρίου
2396 931 2555 985 τοῦτο
2579 930 3026 1001 δυναμὼσαντος.

2235 1026 2407 1092 Λέγει
2432 1051 2500 1066 σα
2523 1024 2914 1091 ἀριστήσατε.
2953 1024 3064 1092 Τῆς
3095 1024 3242 1094 ὧρας
3263 1025 3355 1078 τοῦ
3379 1027 3598 1096 ἀρίστου
3627 1027 3728 1096 ἤδη

2163 1117 2486 1186 ἐπιστάσης.
2512 1114 2778 1187 [Ἔμελλε
2814 1115 2927 1184 (43)
2969 1116 3076 1185 γάρ
3133 1117 3261 1180 τοὺς
3304 1116 3501 1181 πόνους
3543 1119 3724 1172 αὐτῶν

2161 1207 2506 1279 διαδέχεσθαι
2557 1206 2884 1268 ἀνάπαυσις.
2925 1206 3084 1268 Εἰκὸς
3112 1207 3169 1259 δὲ
3223 1208 3317 1260 καὶ
3364 1211 3428 1262 ὲκ
3458 1210 3566 1262 τῶν
3602 1227 3728 1262 πια-

2167 1299 2405 1352 σθέντων
2432 1296 2633 1366 ἰχθύων
2661 1294 2815 1356 τινὰς
2844 1285 3145 1365 ὀπτηθῆναι
3170 1297 3304 1367 πρὸς
3321 1298 3558 1353 ἑστίασιν
3593 1300 3731 1352 ὅλων

2162 1390 2273 1444 τῶν
2331 1387 2611 1460 μαθητῶν,
2663 1387 2791 1447 τοὺς
2829 1383 3054 1450 λοιποὺς
3105 1387 3162 1440 δὲ
3215 1388 3410 1458 πένησι
3468 1389 3729 1460 διανεμη-

2165 1473 2373 1552 οἦναι.]

2240 1572 2449 1638 Οὐδείς
2476 1573 2543 1626 δὲ
2573 1603 2641 1613 -
2675 1574 2866 1628 ἐστίν.
2916 1575 3027 1642 Τὴν
3066 1572 3189 1640 ὄψιν
3231 1572 3392 1625 αὐτοῦ
3442 1572 3730 1642 βλέποντες

479 1658 672 1711 dentes
701 1657 1063 1718 immutatam,
1094 1663 1149 1708 et
1185 1670 1306 1723 quae
1333 1654 1390 1708 in
1420 1654 1718 1710 maximum
1757 1671 1853 1712 eos
1903 1658 2049 1712 indu.

2163 1665 2517 1736 άλλοιοτέραν
2567 1667 2660 1719 καὶ
2721 1664 3249 1734 ὲκπληκτικιοιτάτην
3289 1663 3572 1718 ἐϐούλοντο
3623 1664 3727 1733 μὲν

478 1759 634 1804 ceret
675 1758 976 1817 stuporem,
1008 1749 1261 1803 volebant
1296 1763 1421 1804 eum
1461 1747 1820 1819 interrogare,
1877 1765 2061 1804 verum

2166 1758 2462 1828 ἐρωτῆσαι,
2493 1758 2594 1810 οὐκ
2625 1757 2866 1826 ἐτόλμων
2886 1756 2941 1808 δὲ.
2965 1757 3166 1818 εἰδότες
3195 1756 3307 1825 (Η)
3338 1756 3443 1808 ἀπδ
3493 1756 3600 1808 τῶν
3648 1759 3729 1808 ιζ-

477 1857 588 1896 non
620 1841 914 1908 audebant,
956 1856 1077 1895 cum
1100 1858 1129 1896 a
1167 1841 1337 1913 signis
1361 1855 1481 1910 quae
1505 1840 1648 1896 dicta
1672 1851 1823 1907 sunt,
1856 1842 2049 1898 scirent

2167 1820 2419 1920 ρημένων
2454 1820 2776 1917 τεκμηρίων
2809 1848 2898 1899 ὅτι
2932 1847 2959 1897 ὁ
2995 1820 3393 1915 Κύριός-ἑστιν.

476 1932 622 2000 quod
655 1931 917 1984 Dominus
938 1941 1102 1986 esset.

546 2025 700 2078 Vers.
736 2025 822 2078 15.
871 2022 1013 2077 Venit
1044 2053 1112 2063 —
1140 2023 1403 2077 similiter.
1435 2021 1554 2078 Jam
1593 2023 1646 2078 in
1699 2025 1898 2080 coelum
1947 2040 2055 2080 non

476 2115 727 2183 suscipit,
755 2128 933 2182 neque
968 2115 1203 2168 humana
1231 2116 1318 2168 illa
1346 2113 1473 2168 facit
1513 2131 1527 2166 :
1557 2116 1874 2179 ostendens,
1911 2117 2054 2187 quod

476 2207 645 2262 ctiam
677 2207 780 2259 ista
813 2206 1204 2275 dispensatorie
1225 2203 1476 2258 faciebat.

547 2296 702 2352 Vers.
739 2298 822 2351 14.
877 2297 986 2351 Hoc
1020 2326 1088 2335 -ο
1123 2298 1362 2351 mortuis.
1423 2296 1598 2350 Prima
1629 2298 1876 2365 quidem,
1923 2313 2047 2353 cum

473 2403 619 2448 esset
635 2408 859 2462 vespera
878 2392 984 2447 diei
1024 2391 1166 2446 illius
1203 2406 1310 2461 quo
1335 2391 1635 2446 resurrexit
1675 2391 1718 2422 ¹⁰
1746 2433 1759 2456 ,
1809 2393 2048 2446 secunda

473 2492 678 2549 autem,
707 2494 827 2554 post
853 2484 967 2538 dies
986 2493 1110 2538 octo
1131 2484 1195 2549 ιι,
1229 2484 1388 2538 tertia
1418 2498 1569 2549 vero,
1591 2485 1695 2538 hoc
1723 2484 1837 2539 die.
1871 2485 2051 2555 Appa-

475 2585 554 2628 ret
584 2575 784 2644 itaque,
817 2576 959 2644 quod
1030 2583 1151 2644 post
1193 2575 1296 2629 hoc
1337 2585 1552 2644 tempus
1603 2575 1951 2630 ascenderint
1997 2578 2051 2630 in

475 2676 735 2730 montem,
769 2666 822 2718 in
857 2681 962 2733 quo
990 2665 1349 2718 constituerat
1392 2665 1493 2729 eis,
1533 2666 1753 2735 quando
1797 2667 2053 2720 videlicet

474 2774 686 2813 rursum
718 2758 978 2812 admoniti
1031 2765 1159 2812 sunt
1192 2772 1220 2810 a
1276 2756 1509 2810 Domino
1569 2758 1634 2811 ι’.
1674 2757 2049 2814 Manifestatus

472 2859 554 2903 cst
576 2859 755 2903 autem
786 2859 839 2903 et
874 2848 1192 2902 mulieribus
1224 2887 1238 2911 ,
1277 2863 1398 2916 quae
1423 2847 1704 2917 discipula:
1767 2858 1946 2913 erant;
1993 2859 2049 2904 et

473 2939 686 2993 duobus
716 2938 846 3003 illis,
878 2939 944 2992 de
983 2938 1180 3007 quibus
1208 2939 1350 3008 apud
1399 2936 1725 3002 Marcum”,
1762 2948 1817 2992 et
1860 2940 2047 3002 Petro.

473 3044 536 3084 ac
587 3029 863 3098 Cleopze“
910 3045 1035 3083 cum
1073 3029 1224 3083 socio
1261 3029 1452 3098 ipsius.
1505 3027 1706 3082 Verum
1763 3029 2047 3098 discipulis

475 3115 659 3181 simul,
698 3118 798 3169 hac
821 3117 930 3184 jam
977 3117 1130 3169 tertia
1158 3116 1273 3169 rice
1313 3112 1692 3168 manifestatus
1730 3123 1834 3169 est.
1857 3114 2045 3184 Neque

2243 2025 2590 2092 Ἐρχεται-
2611 2023 2843 2092 ὁμοίως.
2877 2020 3072 2074 Οὐκέτι
3099 2020 3387 2074 ἀναϐλέπει
3413 2022 3492 2082 είς
3520 2021 3611 2072 τὸν
3635 2020 3729 2071 06-

2161 2115 2344 2186 ρανδν,
2379 2116 2503 2168 οὐδὲ
2543 2117 2610 2167 τὰ
2657 2116 2978 2184 ἀνθρώπινα
3018 2118 3201 2170 ἐκεῖνα
3241 2117 3409 2178 ποιεῖ,
3461 2111 3724 2165 δεικνύων

2157 2207 2240 2260 ὅτι
2267 2207 2495 2259 κάκεῖνα
2531 2205 2652 2258 κατ’
2679 2206 2994 2274 οἰκονομίαν
3023 2206 3219 2259 ἐποίει.

2232 2297 2498 2350 Τοῦτο-
2525 2297 2773 2365 νεκρῶν.
2806 2298 3031 2367 Πρῶτον
3077 2297 3195 2365 μὲν.
3247 2295 3412 2366 οὔσης
3457 2293 3614 2362 ὀψίας
3654 2297 3721 2363 τῇ

2154 2392 2339 2462 ἡμέρα
2392 2392 2576 2464 ἐκείνῃ
2616 2391 2737 2444 καθ’
2774 2391 2840 2462 ἣν
2882 2393 3115 2460 ἀνέστη*
3174 2388 3423 2458 δεύτερον
3470 2389 3547 2446 δὲ,
3601 2387 3722 2456 μεθ’

2153 2485 2368 2555 ἡμέρας
2391 2483 2534 2536 ὀκτώ
2555 2498 2569 2512 ⁸
2603 2483 2786 2552 τρίτον
2812 2483 2887 2545 δὲ,
2923 2483 3017 2535 νῦν
3050 2498 3063 2511 ·
3082 2481 3329 2534 Φαίνεται
3360 2477 3451 2532 οὖν
3478 2481 3558 2531 ὅτι
3584 2477 3725 2547 μετὰ

2154 2575 2313 2630 τοῦτο
2340 2574 2573 2644 ἀνῆλθον
2597 2575 2648 2625 οι
2680 2575 2794 2641 (45)
2830 2574 3076 2641 μαθηταὶ
3108 2576 3186 2634 εἰς
3210 2574 3269 2624 τὸ
3311 2574 3458 2640 ὄρος,
3499 2566 3557 2623 οὗ
3590 2573 3720 2623 ἐτά-

2155 2665 2283 2731 ξατο
2311 2665 2518 2729 αὐτοῖς,
2547 2665 2636 2718 ὅτε
2667 2664 2868 2734 δηλαδὴ
2902 2663 3329 2734 προετράπησαν
3383 2662 3534 2724 αὖθις
3571 2663 3722 2730 παρὰ

2152 2756 2247 2809 τοῦ
2286 2757 2518 2825 Κυρίου.
2572 2754 2924 2826 Ἐφανερώοη
2977 2756 3076 2823 μὲν
3130 2751 3220 2806 οὖν
3261 2755 3353 2807 xa‘.
3385 2757 3503 2816 ταῖς
3541 2754 3721 2823 μαοηο

2151 2847 2355 2920 τρίαις,
2393 2849 2623 2913 καὶτοῖς
2655 2847 2808 2917 παρὰ
2839 2845 2916 2914 τῷ
2961 2845 3176 2914 Μάρκῳ
3196 2846 3342 2906 δυσὶ,
3379 2845 3474 2896 καὶ
3507 2845 3586 2913 τῷ
3620 2845 3720 2896 Πέ-

2151 2958 2286 3012 τρῳ,
2324 2943 2552 3003 καὶτοῖς
2584 2941 2712 3008 περὶ
2743 2938 2998 2993 Κλεόπαν
3041 2937 3184 3006 (ιϐ)’
3217 2937 3350 2989 ἀλλὰ
3395 2939 3507 2998 τοῖς
3541 2935 3716 3005 μαθη-

2150 3036 2270 3097 ταῖς
2296 3034 2452 3104 ὁμοῦ,
2476 3034 2635 3086 τοῦτο
2657 3033 2758 3104 ήδη
2779 3032 2963 3101 τρίτον
2985 3028 3330 3099 ἐφανερώθη.
3354 3028 3451 3100 [οὑ
3477 3029 3587 3099 γὰρ
3607 3027 3716 3095 (47)

2154 3127 2398 3195 συνεχῶς
2423 3128 2604 3185 αὐτοῖς
2636 3122 3032 3193 ὲπεχωρίαζεν.
3059 3120 3201 3174 Ἀλλ’
3219 3121 3450 3172 ἐνταῦθα
3481 3124 3579 3189 μὲν
3615 3120 3714 3171 οὐκ

473 3211 619 3264 enim
645 3208 901 3266 continue
939 3225 1061 3263 cum
1093 3210 1173 3263 eis
1204 3209 1542 3263 versabatur.
1593 3207 1692 3263 llic
1727 3217 1907 3261 autem
1937 3224 2046 3262 non

2158 3217 2308 3271 εἶπεν
2338 3220 2423 3270 ὅτι
2454 3218 2544 3269 καὶ
2568 3218 2731 3277 αὐτὸς
2759 3215 2967 3282 ἔφαγεν
2986 3230 2997 3242 ·
3024 3207 3179 3280 οἶμαι
3208 3211 3285 3274 δὲ,
3317 3210 3392 3273 ὡς
3418 3207 3512 3261 τοῦ
3539 3211 3721 3262 Λουκᾶ

473 3300 632 3365 dixit,
654 3300 794 3368 quod
825 3308 880 3353 et
905 3299 1020 3368 ipse
1047 3298 1345 3352 comederit
1372 3316 1387 3353 :
1420 3298 1541 3352 ideo
1570 3313 1721 3363 sane,
1749 3307 1808 3350 ut
1830 3297 2045 3367 Opinor,

471 3393 616 3460 quod
650 3392 751 3444 hoc
780 3392 940 3445 etiam
978 3391 1363 3460 signiﬁcaverit
1393 3390 1565 3444 Lucas
1590 3390 1727 3442 libro
1757 3390 2043 3454 Actorum,

471 3482 910 3537 ubiaitPetrus:
951 3481 1282 3536 Comedimus
1311 3492 1358 3536 et
1397 3483 1615 3538 bibimus
1655 3499 1773 3535 cum
1810 3499 1868 3535 eo
1909 3492 2046 3549 post-

471 3583 630 3636 quam
654 3569 884 3621 surrexit
919 3585 950 3621 a
973 3572 1187 3622 mortuis
1217 3570 1282 3623 ¹⁵.

545 3676 692 3733 Vers.
727 3681 809 3734 15.
834 3678 962 3732 Cum
990 3690 1132 3736 ---te.
1159 3681 1415 3736 —Simon
1449 3683 1525 3748 fili
1569 3683 1725 3749 Jona,
1765 3684 1939 3754 diligis
1970 3701 2048 3736 me

470 3770 757 3840 plusquam
781 3773 881 3824 In?
929 3771 1081 3826 linnc
1128 3781 1308 3826 autem
1354 3777 1528 3829 solum
1593 3776 1888 3845 interrogat
1932 3784 2047 3828 tan-

468 3876 628 3927 quam
658 3862 952 3931 principem
977 3876 1031 3916 et
1065 3877 1126 3915 os
1155 3863 1568 3933 discipulorum.
1598 3865 1819 3927 Verum,
1846 3880 1944 3918 cur
1969 3865 2042 3929 id,

467 3951 610 4020 quod
632 3953 800 4014 novit,
857 3952 1170 4023 interroget,
1261 3956 1312 4007 in
1367 3957 1723 4022 sequentibus
1778 3957 2041 4010 dicemus.

544 4042 693 4097 Vcrs.
729 4041 814 4095 15.
852 4045 935 4095 Ait
960 4060 1196 4094 -—meos.
1235 4045 1534 4113 Discipulos
1556 4045 1870 4115 dicitagnos
1896 4059 2045 4108 suos,

469 4140 725 4203 tanquam
769 4146 953 4202 pastor
1007 4150 1193 4188 eorum
1249 4152 1385 4204 quos
1431 4137 1595 4189 etiam
1641 4153 1771 4190 ores
1825 4154 2040 4191 rursum

468 4242 651 4282 vocat.
693 4228 897 4293 Quaerit
923 4245 1052 4300 ergo
1078 4229 1385 4283 dilecuonis
1431 4242 1554 4297 erga
1604 4243 1662 4282 se
1703 4229 2044 4283 demonstra-

470 4319 694 4383 tionem,
719 4330 868 4389 puta,
895 4336 1078 4373 curam
1103 4335 1312 4373 eorum:
1340 4330 1394 4371 et
1414 4319 1647 4371 animam
1674 4319 1864 4390 ipsius,
1884 4338 2044 4390 quam

469 4425 569 4479 pro
618 4421 952 4478 praeceptore
1008 4424 1067 4463 se
1128 4409 1435 4477 positurum
1485 4413 1832 4478 promiserat,
1876 4417 2028 4480 petit,

467 4512 528 4554 ut
573 4517 669 4570 pro
702 4501 980 4569 discipulis
1008 4510 1172 4570 ponat

542 4593 699 4651 Vers.
734 4595 822 4650 16.
851 4593 1001 4647 Dicit.
1049 4623 1101 4633 -—
1137 4592 1381 4648 \'ers.l7.
1416 4603 1484 4647 te.
1521 4593 1770 4649 Christus
1816 4595 2031 4664 quidem

467 4694 619 4740 terna
640 4687 753 4739 vice
780 4685 1117 4755 interrogans
1138 4695 1192 4738 et
1228 4686 1370 4739 idem
1396 4685 1612 4754 iubens,
1639 4686 1968 4751 manifestat,
1989 4703 2047 4743 se

467 4777 689 4830 maximi
718 4775 897 4830 facere
930 4774 1328 4844 praesidentiam
1380 4793 1544 4846 super
1571 4779 1869 4846 discipulos
1896 4795 2043 4844 suos,

465 4870 845 4922 cthancomni
881 4883 1010 4922 cura
1057 4868 1205 4924 ducit
1256 4869 1549 4937 majorem;
1610 4870 1803 4924 Petrus
1863 4881 2043 4925 autem

467 4963 662 5015 trinam
705 4963 901 5016 timens
960 4963 1458 5030 interrogationem,
1499 4971 1552 5014 ct
1598 4964 1924 5032 suspiratus,
1979 4981 2044 5019 nc

469 5056 605 5109 forte
634 5064 849 5126 putaret
875 5070 934 5108 se
962 5069 1167 5118 amare,
1204 5069 1310 5106 non
1337 5066 1514 5107 tamen
1547 5065 1753 5108 amaret
1781 5075 1793 5108 :
1839 5073 1961 5109 nam
1989 5068 2042 5111 ct

467 5148 620 5216 prius
670 5156 972 5216 putaverat,
1008 5162 1065 5200 se
1109 5161 1384 5212 nunquam
1436 5161 1554 5200 esse
1595 5157 1937 5216 negaturum,
1992 5158 2044 5203 et

543 5281 584 5308 '°
611 5278 770 5332 Joan.
811 5293 898 5343 xx,
932 5279 1017 5332 19.
1120 5280 1157 5307 “
1200 5277 1329 5331 ibid.
1379 5278 1467 5332 26.

466 5351 634 5414 χιι.

1573 5282 1614 5312 ⁸³
1639 5278 1830 5335 Matth.
1869 5297 2060 5346 χχχιιι,
2097 5280 2178 5334 16.

2160 3310 2256 3365 καὶ
2294 3309 2455 3362 τοῦτο
2507 3310 2854 3380 δηλώσαντος
2888 3309 2945 3359 ὲν
2984 3306 3053 3368 τῇ
3107 3302 3272 3371 βίϐλῳ
3301 3303 3409 3354 τῶν
3440 3301 3717 3370 Πράξεων,

2156 3406 2284 3458 ἔνθα
2315 3404 2480 3474 φησὶν
2507 3407 2533 3456 ὀ
2578 3405 2780 3474 Πέτρος
2820 3405 2902 3455 ὃτι
2966 3398 3387 3468 Συγεφὰγομεγ
3425 3397 3520 3450 καὶ
3545 3413 3720 3451 avra.

2155 3501 2372 3569 πΙομεν
2400 3496 2582 3562 αὐτῷ,
2629 3502 2778 3566 μετὰ
2814 3495 2878 3548 τὸ
2917 3492 3256 3560 ἀναστῆναι
3307 3490 3492 3544 αὐτὸν
3531 3489 3598 3542 ἐκ
3623 3503 3722 3542 νε-

2155 3589 2357 3659 equina]

2230 3681 2369 3733 Ὅτε
2402 3709 2470 3717 —
2500 3695 2591 3732 σε.
2629 3708 2696 3716 -
2727 3679 2921 3745 Σίμων
2976 3675 3067 3729 υἱὲ
3119 3674 3224 3727 τοῦ
3273 3670 3456 3732 Ἰωνᾶ,
3487 3668 3719 3739 ἀγαπᾷς

2149 3791 2226 3843 με
2262 3772 2476 3825 πλεῖον
2509 3772 2545 3837 ἢ
2598 3765 2806 3832 06m,-
2853 3767 3050 3820 Τοῦτον
3083 3766 3140 3818 δὲ
3189 3768 3348 3835 μόνον
3397 3764 3594 3832 ἐρωτᾷ,
3642 3762 3716 3824 ὡς

2154 3869 2451 3936 κορυφαῖον
2476 3865 2571 3915 καὶ
2598 3863 2775 3930 στόμα
2811 3861 2917 3911 τῶν
2954 3858 3238 3929 μαθητῶν.
3277 3859 3433 3919 Τίνος
3472 3855 3532 3908 δὲ
3559 3855 3715 3925 χάριν

2154 3960 2335 4027 ἐρωτᾷ
2364 3956 2391 4008 ὃ
2419 3953 2583 4018 οἶδεν,
2611 3953 2846 4023 ἐροῦμεν
2873 3951 3183 4020 προϊόντες.

2228 4050 2402 4118 Λέγει
2431 4064 2653 4116 -μου,
2674 4046 2809 4107 Τοὺς
2841 4042 3087 4111 μαθητὰς
3106 4042 3270 4111 ἀρνία
3302 4041 3493 4094 ἑαυτοῦ
3529 4057 3712 4108 φησιν,

2152 4145 2226 4204 ὼς
2264 4141 2472 4209 ποιμὴν
2528 4139 2728 4202 αὐτῶν,
2765 4138 2859 4201 οὓς
2915 4138 3010 4190 καὶ
3055 4135 3305 4205 πρόὸατα
3337 4133 3500 4187 πάλιν
3541 4132 3710 4184 καλεῖ.

2155 4237 2316 4304 Ζητεί
2345 4231 2436 4287 οὖν
2467 4232 2748 4297 ἀπόδειξιν
2783 4229 2883 4298 τῆς
2913 4231 2992 4290 εἰς
3013 4226 3177 4280 αὐτὸν
3206 4226 3444 4293 ἀγάπης,
3471 4223 3568 4292 τὴν
3597 4225 3715 4274 ἑπι-

2158 4325 2377 4396 μέλειαν
2407 4321 2608 4384 αὐτῶν,
2645 4321 2739 4373 καὶ
2770 4319 2867 4388 τὴν
2886 4317 3065 4386 ψυχὴν
3093 4315 3278 4377 αὐτοῦ,
3307 4315 3371 4382 ἢν
3396 4313 3506 4381 (48)
3539 4313 3713 4378 ἐπήγ-

2154 4415 2342 4484 γελται
2384 4413 2557 4465 θεῖναι
2593 4411 2732 4478 ὑπὲρ
2761 4409 2856 4461 τοῦ
2890 4406 3239 4469 διδασκάλου,
3267 4404 3469 4472 ταύτην
3499 4403 3714 4454 άπαιτεί

2081 4543 2124 4596 D
2156 4508 2330 4560 θεῖναι
2355 4505 2494 4573 ὑπὲρ
2527 4502 2635 4555 τῶν
2665 4499 2949 4570 μαθητῶν.

2225 4603 2499 4670 Λέγει-
2527 4615 2622 4652 σε.
2661 4597 2719 4650 '0
2758 4596 2860 4666 μὲν
2900 4592 3135 4662 Χριστὸς
3162 4592 3226 4643 ἐκ
3267 4588 3450 4658 τρίτου
3500 4585 3714 4655 ἐρωτῶν

2154 4699 2249 4752 καὶ
2277 4696 2342 4748 τά
2374 4694 2511 4748 αὐτὰ
2555 4691 2868 4744 ἐπιτάττων
2920 4687 3174 4756 ἐμφαίνει
3222 4685 3301 4736 ὅτι
3363 4681 3565 4750 σφόδρα
3591 4680 3713 4746 περὶ

2155 4789 2352 4843 πολλοῦ
2387 4787 2598 4840 τίθεται
2627 4785 2724 4856 τὴν
2756 4779 3096 4853 προστασίαν
3127 4777 3237 4833 τῶν
3260 4775 3403 4828 ἰδίων
3431 4771 3710 4842 μαθητῶν,

2154 4885 2248 4935 καὶ
2285 4881 2489 4948 ταύτην
2516 4876 2734 4946 ἁπάσης
2777 4873 3077 4943 Θεραπείας
3118 4870 3334 4938 ἡγεῖται
3375 4865 3614 4935 μείζονα.
3652 4863 3713 4914 Ὀ

2152 4974 2206 5026 δὲ
2245 4973 2472 5040 Πέτρος,
2525 4970 2586 5020 τὸ
2632 4965 2895 5036 τριπλοῦν
2956 4964 3052 5030 τῆς
3083 4959 3402 5029 ἐρωτήσεως
3438 4954 3710 5023 φοϐηθεὶξ,

2153 5063 2248 5116 καὶ
2310 5058 2662 5118 ὑποπτεύσας
2721 5056 2934 5124 μήποτε
2966 5052 3096 5120 δοκῇ
3130 5051 3226 5119 μὲν
3255 5047 3450 5116 φιλεῖν,
3484 5045 3542 5097 οὺ
3569 5043 3711 5110 φιλεί

2283 5150 2376 5200 καὶ
2447 5147 2551 5216 γὰρ
2601 5147 2695 5198 καὶ
2747 5143 3018 5212 πρότερον
3063 5139 3236 5192 ἐδόκει
3297 5136 3393 5204 μὲν
3447 5134 3707 5204 μηδέποτε

2287 5282 2329 5310 ¹³
2368 5280 2536 5333 Marc.
2577 5293 2689 5340 xu,
2745 5276 2831 5330 12.
2910 5275 2952 5306 ”
2984 5272 3114 5326 Luc.
3165 5287 3307 5334 xxw,
3359 5269 3438 5322 18.
3516 5267 3556 5296 ¹⁵
3592 5265 3706 5316 Act.

1617 5441 1815 5501 Variae
1858 5442 2160 5502 lectiones
2205 5444 2266 5500 et
2311 5444 2500 5499 noue.

537 5612 649 5675 (-15)
691 5610 904 5662 Inclusa
935 5607 1140 5660 omittit
1172 5610 1234 5663 Α.

535 5689 583 5740 te
603 5684 643 5747 ί)
681 5679 873 5739 ἰδότες
911 5679 978 5731 Α.

536 5753 643 5815 (45)
672 5752 731 5800 υἱ
766 5749 1003 5816 μαθηταί
1052 5747 1251 5799 omittit
1287 5747 1343 5800 li.

537 5822 644 5887 (ιο)
701 5819 963 5870 meum.
1000 5819 1050 5866 ιι.

2222 5605 2334 5674 (Π)
2368 5605 2577 5658 Inclusa
2603 5606 2804 5658 omittit
2842 5612 2908 5666 Λ.

2221 5671 2327 5741 (⁷48)
2386 5677 2567 5729 Codex
2617 5675 2656 5725 Β
2721 5675 2880 5728 habet
2908 5673 3226 5740 ἐπηγγέλλεο.
3273 5672 3327 5725 ltl
3373 5681 3513 5723 esset
3541 5671 3698 5730 ἐπηγ-

2147 5747 2387 5812 γέλλετν).
2458 5745 2760 5799 llcnlcuius
2833 5746 2936 5797 fort
2979 5763 3062 5797 »με
3148 5745 3271 5810 Ξηςςξι.
3322 5741 3692 5807 έῗῖΐιγῖἐίιηιῖυ.
