  <div class='ocr_page' id='page_1' title='image "/cluster/home/n/w/nwhite01/storage/ocr_20150623/129/ien.35556001660034/748.png"; bbox 0 0 3976 6524; ppageno 0'>
   <div class='ocr_carea' id='block_1_1' title="bbox 281 416 419 481">
    <p class='ocr_par' dir='ltr' id='par_1_1' title="bbox 281 416 419 481">
     <span class='ocr_line' id='line_1_1' title="bbox 281 416 419 481; baseline 0.007 -4"><span class='ocrx_word' id='word_1_1' title='bbox 281 416 302 477; x_wconf 82' lang='lat'><strong>1</strong></span> <span class='ocrx_word' id='word_1_2' title='bbox 328 418 419 481; x_wconf 56' lang='lat'><strong>£27</strong></span> 
     </span>
    </p>
   </div>
   <div class='ocr_carea' id='block_1_2' title="bbox 1128 407 2552 478">
    <p class='ocr_par' dir='ltr' id='par_1_2' title="bbox 1128 407 2552 478">
     <span class='ocr_line' id='line_1_2' title="bbox 1128 407 2552 478; baseline -0.007 -1"><span class='ocrx_word' id='word_1_3' title='bbox 1128 418 1509 478; x_wconf 72' lang='lat' dir='ltr'><strong>COMMENT.</strong></span> <span class='ocrx_word' id='word_1_4' title='bbox 1561 415 1634 474; x_wconf 79' lang='lat' dir='ltr'><strong>IN</strong></span> <span class='ocrx_word' id='word_1_5' title='bbox 1672 410 2050 475; x_wconf 64' lang='lat' dir='ltr'><strong>JOAXNEM.</strong></span> <span class='ocrx_word' id='word_1_6' title='bbox 2091 434 2155 446; x_wconf 88' lang='lat'><strong>--</strong></span> <span class='ocrx_word' id='word_1_7' title='bbox 2195 407 2354 466; x_wconf 79' lang='lat' dir='ltr'><strong>CAP.</strong></span> <span class='ocrx_word' id='word_1_8' title='bbox 2390 407 2552 467; x_wconf 77' lang='lat' dir='ltr'><strong>XXI.</strong></span> 
     </span>
    </p>
   </div>
   <div class='ocr_carea' id='block_1_3' title="bbox 3380 403 3518 472">
    <p class='ocr_par' dir='ltr' id='par_1_3' title="bbox 3380 403 3518 472">
     <span class='ocr_line' id='line_1_3' title="bbox 3380 403 3518 472; baseline 0.007 -3"><span class='ocrx_word' id='word_1_9' title='bbox 3380 403 3518 472; x_wconf 68' lang='lat' dir='ltr'><strong>MSS</strong></span> 
     </span>
    </p>
   </div>
   <div class='ocr_carea' id='block_1_4' title="bbox 272 515 1838 600">
    <p class='ocr_par' dir='ltr' id='par_1_4' title="bbox 272 527 1821 600">
     <span class='ocr_line' id='line_1_4' title="bbox 272 527 1821 600; baseline 0 -19"><span class='ocrx_word' id='word_1_10' title='bbox 272 527 696 597; x_wconf 77' lang='grc' dir='ltr'><strong>ἀπαρνήσασθαι</strong></span> <span class='ocrx_word' id='word_1_11' title='bbox 727 527 910 591; x_wconf 60' lang='grc' dir='ltr'>αῦτὶν,</span> <span class='ocrx_word' id='word_1_12' title='bbox 954 528 1312 598; x_wconf 79' lang='grc' dir='ltr'>ἀπηρνήσατο</span> <span class='ocrx_word' id='word_1_13' title='bbox 1346 529 1402 582; x_wconf 83' lang='grc' dir='ltr'>δέ</span> <span class='ocrx_word' id='word_1_14' title='bbox 1425 545 1438 558; x_wconf 75' lang='grc'><strong><em>⁸</em></strong></span> <span class='ocrx_word' id='word_1_15' title='bbox 1474 530 1568 581; x_wconf 76' lang='grc' dir='ltr'><strong>καὶ</strong></span> <span class='ocrx_word' id='word_1_16' title='bbox 1604 546 1821 600; x_wconf 82' lang='grc' dir='ltr'>σωφρο-</span> 
     </span>
    </p>
   </div>
   <div class='ocr_carea' id='block_1_5' title="bbox 1958 515 3516 600">
    <p class='ocr_par' dir='ltr' id='par_1_5' title="bbox 1958 515 3516 588">
     <span class='ocr_line' id='line_1_5' title="bbox 1958 515 3516 588; baseline -0.002 -15"><span class='ocrx_word' id='word_1_17' title='bbox 1958 535 2108 573; x_wconf 72' lang='lat' dir='ltr'><strong>amen</strong></span> <span class='ocrx_word' id='word_1_18' title='bbox 2144 517 2378 588; x_wconf 78' lang='lat' dir='ltr'><strong>negavit,</strong></span> <span class='ocrx_word' id='word_1_19' title='bbox 2408 528 2463 571; x_wconf 84' lang='lat' dir='ltr'><strong>et</strong></span> <span class='ocrx_word' id='word_1_20' title='bbox 2491 515 2876 570; x_wconf 78' lang='lat' dir='ltr'><strong>modestiorem</strong></span> <span class='ocrx_word' id='word_1_21' title='bbox 2947 515 3121 585; x_wconf 81' lang='lat' dir='ltr'><strong>ipsum</strong></span> <span class='ocrx_word' id='word_1_22' title='bbox 3151 529 3215 569; x_wconf 87' lang='lat' dir='ltr'><strong>ac</strong></span> <span class='ocrx_word' id='word_1_23' title='bbox 3235 515 3516 570; x_wconf 86' lang='lat' dir='ltr'><strong>meliorem</strong></span> 
     </span>
    </p>
   </div>
   <div class='ocr_carea' id='block_1_6' title="bbox 272 620 1835 690">
    <p class='ocr_par' dir='ltr' id='par_1_6' title="bbox 272 620 1835 690">
     <span class='ocr_line' id='line_1_6' title="bbox 272 620 1835 690; baseline 0.003 -20"><span class='ocrx_word' id='word_1_24' title='bbox 272 621 524 688; x_wconf 78' lang='grc' dir='ltr'>νέστερον</span> <span class='ocrx_word' id='word_1_25' title='bbox 583 621 744 672; x_wconf 70' lang='grc' dir='ltr'>αὑτὸν</span> <span class='ocrx_word' id='word_1_26' title='bbox 787 621 880 672; x_wconf 82' lang='grc' dir='ltr'><strong>καὶ</strong></span> <span class='ocrx_word' id='word_1_27' title='bbox 929 621 1174 690; x_wconf 83' lang='grc' dir='ltr'><strong>βελτίονα</strong></span> <span class='ocrx_word' id='word_1_28' title='bbox 1204 620 1265 673; x_wconf 77' lang='grc' dir='ltr'><strong>τὸ</strong></span> <span class='ocrx_word' id='word_1_29' title='bbox 1297 620 1471 682; x_wconf 81' lang='grc' dir='ltr'>πάθος</span> <span class='ocrx_word' id='word_1_30' title='bbox 1514 623 1695 674; x_wconf 80' lang='grc' dir='ltr'>ὲκείνο</span> <span class='ocrx_word' id='word_1_31' title='bbox 1735 639 1835 674; x_wconf 86' lang='grc' dir='ltr'>πε-</span> 
     </span>
    </p>
   </div>
   <div class='ocr_carea' id='block_1_7' title="bbox 271 710 1835 782">
    <p class='ocr_par' dir='ltr' id='par_1_7' title="bbox 271 710 1835 782">
     <span class='ocr_line' id='line_1_7' title="bbox 271 710 1835 782; baseline 0.003 -20"><span class='ocrx_word' id='word_1_32' title='bbox 271 713 499 780; x_wconf 66' lang='grc' dir='ltr'>ποίηκεν</span> <span class='ocrx_word' id='word_1_33' title='bbox 520 727 533 740; x_wconf 88' lang='grc'><strong>·</strong></span> <span class='ocrx_word' id='word_1_34' title='bbox 565 710 832 778; x_wconf 78' lang='grc' dir='ltr'>ἐλυπήθη,</span> <span class='ocrx_word' id='word_1_35' title='bbox 880 712 1175 782; x_wconf 70' lang='grc' dir='ltr'>ἐταράχθη,</span> <span class='ocrx_word' id='word_1_36' title='bbox 1211 712 1540 782; x_wconf 75' lang='grc' dir='ltr'>ἐθορυϐήθη.</span> <span class='ocrx_word' id='word_1_37' title='bbox 1583 713 1693 766; x_wconf 82' lang='grc' dir='ltr'><strong>Καὶ</strong></span> <span class='ocrx_word' id='word_1_38' title='bbox 1723 713 1835 766; x_wconf 86' lang='grc' dir='ltr'>λοι-</span> 
     </span>
    </p>
   </div>
   <div class='ocr_carea' id='block_1_8' title="bbox 268 800 1834 872">
    <p class='ocr_par' dir='ltr' id='par_1_8' title="bbox 268 800 1834 872">
     <span class='ocr_line' id='line_1_8' title="bbox 268 800 1834 872; baseline 0.002 -18"><span class='ocrx_word' id='word_1_39' title='bbox 268 806 371 854; x_wconf 68' lang='grc' dir='ltr'>πὸν</span> <span class='ocrx_word' id='word_1_40' title='bbox 399 801 559 855; x_wconf 84' lang='grc' dir='ltr'>αὐτὸν</span> <span class='ocrx_word' id='word_1_41' title='bbox 608 800 683 864; x_wconf 84' lang='grc' dir='ltr'>ὡς</span> <span class='ocrx_word' id='word_1_42' title='bbox 719 804 895 855; x_wconf 84' lang='grc' dir='ltr'>πάντα</span> <span class='ocrx_word' id='word_1_43' title='bbox 937 805 1069 872; x_wconf 72' lang='grc' dir='ltr'>πρὶν</span> <span class='ocrx_word' id='word_1_44' title='bbox 1121 803 1389 870; x_wconf 85' lang='grc' dir='ltr'>γενέσεως</span> <span class='ocrx_word' id='word_1_45' title='bbox 1441 804 1621 856; x_wconf 79' lang='grc' dir='ltr'>αὐτῶν</span> <span class='ocrx_word' id='word_1_46' title='bbox 1657 804 1834 857; x_wconf 86' lang='grc' dir='ltr'>είδὸτα</span> 
     </span>
    </p>
   </div>
   <div class='ocr_carea' id='block_1_9' title="bbox 270 895 1834 966">
    <p class='ocr_par' dir='ltr' id='par_1_9' title="bbox 270 895 1834 966">
     <span class='ocr_line' id='line_1_9' title="bbox 270 895 1834 966; baseline 0.002 -18"><span class='ocrx_word' id='word_1_47' title='bbox 270 897 525 966; x_wconf 76' lang='grc' dir='ltr'>μάρτυρα</span> <span class='ocrx_word' id='word_1_48' title='bbox 553 900 813 960; x_wconf 83' lang='grc' dir='ltr'>ποιεῖται,</span> <span class='ocrx_word' id='word_1_49' title='bbox 851 898 940 950; x_wconf 78' lang='grc' dir='ltr'>καὶ</span> <span class='ocrx_word' id='word_1_50' title='bbox 967 898 1116 965; x_wconf 84' lang='grc' dir='ltr'>λέγει</span> <span class='ocrx_word' id='word_1_51' title='bbox 1143 914 1156 928; x_wconf 89' lang='grc'><strong>·</strong></span> <span class='ocrx_word' id='word_1_52' title='bbox 1189 899 1272 951; x_wconf 88' lang='grc' dir='ltr'><strong>Σὺ</strong></span> <span class='ocrx_word' id='word_1_53' title='bbox 1301 898 1498 951; x_wconf 74' lang='grc' dir='ltr'>πάντα</span> <span class='ocrx_word' id='word_1_54' title='bbox 1517 895 1706 964; x_wconf 74' lang='grc' dir='ltr'>οἶδας,</span> <span class='ocrx_word' id='word_1_55' title='bbox 1739 901 1834 951; x_wconf 77' lang='grc' dir='ltr'><strong>καὶ</strong></span> 
     </span>
    </p>
   </div>
   <div class='ocr_carea' id='block_1_10' title="bbox 263 987 1836 1059">
    <p class='ocr_par' dir='ltr' id='par_1_10' title="bbox 263 987 1836 1059">
     <span class='ocr_line' id='line_1_10' title="bbox 263 987 1836 1059; baseline 0.003 -21"><span class='ocrx_word' id='word_1_56' title='bbox 263 987 329 1038; x_wconf 67' lang='grc' dir='ltr'>τὰ</span> <span class='ocrx_word' id='word_1_57' title='bbox 360 988 474 1050; x_wconf 90' lang='grc' dir='ltr'>νῦν,</span> <span class='ocrx_word' id='word_1_58' title='bbox 512 991 605 1040; x_wconf 82' lang='grc' dir='ltr'><strong>καὶ</strong></span> <span class='ocrx_word' id='word_1_59' title='bbox 635 990 702 1041; x_wconf 70' lang='grc' dir='ltr'>τὰ</span> <span class='ocrx_word' id='word_1_60' title='bbox 752 989 1038 1057; x_wconf 84' lang='grc' dir='ltr'>μέλλοντα,</span> <span class='ocrx_word' id='word_1_61' title='bbox 1090 991 1164 1053; x_wconf 85' lang='grc' dir='ltr'>ὠς</span> <span class='ocrx_word' id='word_1_62' title='bbox 1222 991 1375 1054; x_wconf 82' lang='grc' dir='ltr'><strong>Θεὸς,</strong></span> <span class='ocrx_word' id='word_1_63' title='bbox 1416 993 1480 1043; x_wconf 81' lang='grc' dir='ltr'><strong>σὺ</strong></span> <span class='ocrx_word' id='word_1_64' title='bbox 1543 991 1836 1059; x_wconf 77' lang='grc' dir='ltr'><strong>γινώσκεις</strong></span> 
     </span>
    </p>
   </div>
   <div class='ocr_carea' id='block_1_11' title="bbox 261 1079 1835 1150">
    <p class='ocr_par' dir='ltr' id='par_1_11' title="bbox 261 1079 1835 1150">
     <span class='ocr_line' id='line_1_11' title="bbox 261 1079 1835 1150; baseline 0.003 -20"><span class='ocrx_word' id='word_1_65' title='bbox 261 1080 343 1130; x_wconf 68' lang='grc' dir='ltr'>ὅτι</span> <span class='ocrx_word' id='word_1_66' title='bbox 378 1080 516 1146; x_wconf 78' lang='grc' dir='ltr'>ιριλὼ</span> <span class='ocrx_word' id='word_1_67' title='bbox 545 1096 603 1130; x_wconf 88' lang='grc' dir='ltr'><strong>σε</strong></span> <span class='ocrx_word' id='word_1_68' title='bbox 635 1079 730 1131; x_wconf 89' lang='grc' dir='ltr'><strong>νῦν</strong></span> <span class='ocrx_word' id='word_1_69' title='bbox 761 1079 1059 1150; x_wconf 75' lang='grc' dir='ltr'>ὁλοψύχως,</span> <span class='ocrx_word' id='word_1_70' title='bbox 1093 1083 1186 1135; x_wconf 84' lang='grc' dir='ltr'><strong>καὶ</strong></span> <span class='ocrx_word' id='word_1_71' title='bbox 1215 1081 1368 1134; x_wconf 80' lang='grc' dir='ltr'>οὐδὲν</span> <span class='ocrx_word' id='word_1_72' title='bbox 1394 1083 1557 1134; x_wconf 86' lang='grc' dir='ltr'>πλέον</span> <span class='ocrx_word' id='word_1_73' title='bbox 1595 1082 1746 1150; x_wconf 82' lang='grc' dir='ltr'>λέγει</span> <span class='ocrx_word' id='word_1_74' title='bbox 1773 1083 1835 1135; x_wconf 73' lang='grc' dir='ltr'>τὸ</span> 
     </span>
    </p>
   </div>
   <div class='ocr_carea' id='block_1_12' title="bbox 265 1168 1836 1242">
    <p class='ocr_par' dir='ltr' id='par_1_12' title="bbox 265 1168 1836 1242">
     <span class='ocr_line' id='line_1_12' title="bbox 265 1168 1836 1242; baseline 0.006 -27"><span class='ocrx_word' id='word_1_75' title='bbox 265 1168 463 1233; x_wconf 64' lang='grc' dir='ltr'>μλλνιν</span> <span class='ocrx_word' id='word_1_76' title='bbox 513 1169 747 1234; x_wconf 84' lang='grc' dir='ltr'>ἀγνοῶν.</span> <span class='ocrx_word' id='word_1_77' title='bbox 799 1173 907 1222; x_wconf 74' lang='grc' dir='ltr'><strong>Καὶ</strong></span> <span class='ocrx_word' id='word_1_78' title='bbox 956 1171 1065 1238; x_wconf 76' lang='grc' dir='ltr'><strong>γὰρ</strong></span> <span class='ocrx_word' id='word_1_79' title='bbox 1110 1173 1203 1223; x_wconf 78' lang='grc' dir='ltr'><strong>καὶ</strong></span> <span class='ocrx_word' id='word_1_80' title='bbox 1262 1171 1452 1242; x_wconf 79' lang='grc' dir='ltr'>πρώην</span> <span class='ocrx_word' id='word_1_81' title='bbox 1519 1174 1836 1226; x_wconf 78' lang='grc' dir='ltr'><strong>ἀντιτείνων</strong></span> 
     </span>
    </p>
   </div>
   <div class='ocr_carea' id='block_1_13' title="bbox 264 1257 1834 1333">
    <p class='ocr_par' dir='ltr' id='par_1_13' title="bbox 264 1257 1834 1333">
     <span class='ocr_line' id='line_1_13' title="bbox 264 1257 1834 1333; baseline 0.007 -26"><span class='ocrx_word' id='word_1_82' title='bbox 264 1257 504 1326; x_wconf 70' lang='grc' dir='ltr'>ἠλέγχθη</span> <span class='ocrx_word' id='word_1_83' title='bbox 545 1260 724 1328; x_wconf 75' lang='grc' dir='ltr'>μάτην</span> <span class='ocrx_word' id='word_1_84' title='bbox 774 1261 1212 1331; x_wconf 74' lang='grc' dir='ltr'>ἰσχυριζόμενος.</span> <span class='ocrx_word' id='word_1_85' title='bbox 1249 1263 1439 1333; x_wconf 83' lang='grc' dir='ltr'>Ἀρνία</span> <span class='ocrx_word' id='word_1_86' title='bbox 1497 1264 1678 1317; x_wconf 80' lang='grc' dir='ltr'>τοίνυν</span> <span class='ocrx_word' id='word_1_87' title='bbox 1739 1263 1834 1318; x_wconf 76' lang='grc' dir='ltr'>καὶ</span> 
     </span>
    </p>
   </div>
   <div class='ocr_carea' id='block_1_14' title="bbox 268 1349 1834 1425">
    <p class='ocr_par' dir='ltr' id='par_1_14' title="bbox 268 1349 1834 1425">
     <span class='ocr_line' id='line_1_14' title="bbox 268 1349 1834 1425; baseline 0.005 -27"><span class='ocrx_word' id='word_1_88' title='bbox 268 1349 518 1416; x_wconf 76' lang='grc' dir='ltr'>πρόϐατα</span> <span class='ocrx_word' id='word_1_89' title='bbox 550 1352 598 1400; x_wconf 80' lang='grc' dir='ltr'><strong>οι</strong></span> <span class='ocrx_word' id='word_1_90' title='bbox 643 1350 886 1418; x_wconf 67' lang='grc' dir='ltr'>μαθηταὶ</span> <span class='ocrx_word' id='word_1_91' title='bbox 947 1351 1034 1404; x_wconf 77' lang='grc' dir='ltr'><strong>διὰ</strong></span> <span class='ocrx_word' id='word_1_92' title='bbox 1095 1353 1154 1405; x_wconf 78' lang='grc' dir='ltr'>τὸ</span> <span class='ocrx_word' id='word_1_93' title='bbox 1182 1354 1389 1407; x_wconf 79' lang='grc' dir='ltr'>ἄκακον</span> <span class='ocrx_word' id='word_1_94' title='bbox 1425 1355 1516 1408; x_wconf 77' lang='grc' dir='ltr'>καὶ</span> <span class='ocrx_word' id='word_1_95' title='bbox 1541 1357 1834 1425; x_wconf 78' lang='grc' dir='ltr'>πρόχειρον</span> 
     </span>
    </p>
   </div>
   <div class='ocr_carea' id='block_1_15' title="bbox 262 1443 1832 1517">
    <p class='ocr_par' dir='ltr' id='par_1_15' title="bbox 262 1443 1832 1517">
     <span class='ocr_line' id='line_1_15' title="bbox 262 1443 1832 1517; baseline 0.006 -27"><span class='ocrx_word' id='word_1_96' title='bbox 262 1443 344 1501; x_wconf 74' lang='grc' dir='ltr'>εἰς</span> <span class='ocrx_word' id='word_1_97' title='bbox 371 1443 606 1507; x_wconf 73' lang='grc' dir='ltr'>σφαγήν.</span> <span class='ocrx_word' id='word_1_98' title='bbox 650 1444 758 1494; x_wconf 70' lang='grc' dir='ltr'>Καὶ</span> <span class='ocrx_word' id='word_1_99' title='bbox 803 1444 958 1505; x_wconf 75' lang='grc' dir='ltr'>αὖθις</span> <span class='ocrx_word' id='word_1_100' title='bbox 1009 1444 1172 1514; x_wconf 83' lang='grc' dir='ltr'>ἀρνία</span> <span class='ocrx_word' id='word_1_101' title='bbox 1215 1447 1314 1513; x_wconf 78' lang='grc' dir='ltr'>μὲν</span> <span class='ocrx_word' id='word_1_102' title='bbox 1365 1449 1414 1498; x_wconf 90' lang='grc' dir='ltr'><strong>οί</strong></span> <span class='ocrx_word' id='word_1_103' title='bbox 1450 1447 1832 1517; x_wconf 80' lang='grc' dir='ltr'>ἀτελέστεροι,</span> 
     </span>
    </p>
   </div>
   <div class='ocr_carea' id='block_1_16' title="bbox 267 1532 1067 1606">
    <p class='ocr_par' dir='ltr' id='par_1_16' title="bbox 267 1532 1067 1606">
     <span class='ocr_line' id='line_1_16' title="bbox 267 1532 1067 1606; baseline 0.006 -24"><span class='ocrx_word' id='word_1_104' title='bbox 267 1532 517 1600; x_wconf 78' lang='grc' dir='ltr'>πρόϐατα</span> <span class='ocrx_word' id='word_1_105' title='bbox 546 1533 601 1584; x_wconf 82' lang='grc' dir='ltr'><strong>δὲ</strong></span> <span class='ocrx_word' id='word_1_106' title='bbox 643 1537 690 1586; x_wconf 78' lang='lat' dir='ltr'><strong>oi</strong></span> <span class='ocrx_word' id='word_1_107' title='bbox 718 1534 1067 1606; x_wconf 68' lang='grc' dir='ltr'><strong>τελειότερος..</strong></span> 
     </span>
    </p>
   </div>
   <div class='ocr_carea' id='block_1_17' title="bbox 339 1621 1834 1694">
    <p class='ocr_par' dir='ltr' id='par_1_17' title="bbox 339 1621 1834 1694">
     <span class='ocr_line' id='line_1_17' title="bbox 339 1621 1834 1694; baseline 0.003 -21"><span class='ocrx_word' id='word_1_108' title='bbox 339 1621 611 1690; x_wconf 79' lang='grc' dir='ltr'>Πρότερον</span> <span class='ocrx_word' id='word_1_109' title='bbox 662 1623 761 1690; x_wconf 82' lang='grc' dir='ltr'><strong>μὲν</strong></span> <span class='ocrx_word' id='word_1_110' title='bbox 799 1623 892 1676; x_wconf 82' lang='grc' dir='ltr'>οὖν</span> <span class='ocrx_word' id='word_1_111' title='bbox 951 1625 1037 1677; x_wconf 70' lang='grc' dir='ltr'>διὰ</span> <span class='ocrx_word' id='word_1_112' title='bbox 1071 1642 1180 1677; x_wconf 86' lang='grc' dir='ltr'><strong>των</strong></span> <span class='ocrx_word' id='word_1_113' title='bbox 1222 1626 1432 1694; x_wconf 82' lang='grc' dir='ltr'>πικρῶν</span> <span class='ocrx_word' id='word_1_114' title='bbox 1467 1627 1692 1680; x_wconf 77' lang='grc' dir='ltr'>ἐκείνων</span> <span class='ocrx_word' id='word_1_115' title='bbox 1740 1627 1834 1679; x_wconf 86' lang='grc' dir='ltr'><strong>δα-</strong></span> 
     </span>
    </p>
   </div>
   <div class='ocr_carea' id='block_1_18' title="bbox 265 1713 1834 1789">
    <p class='ocr_par' dir='ltr' id='par_1_18' title="bbox 265 1713 1834 1789">
     <span class='ocr_line' id='line_1_18' title="bbox 265 1713 1834 1789; baseline 0.004 -25"><span class='ocrx_word' id='word_1_116' title='bbox 265 1713 448 1782; x_wconf 84' lang='grc' dir='ltr'>κρύων</span> <span class='ocrx_word' id='word_1_117' title='bbox 481 1715 558 1783; x_wconf 84' lang='grc' dir='ltr'>τῷ</span> <span class='ocrx_word' id='word_1_118' title='bbox 608 1717 798 1785; x_wconf 71' lang='grc' dir='ltr'>Πέτρῳ</span> <span class='ocrx_word' id='word_1_119' title='bbox 847 1719 947 1785; x_wconf 81' lang='grc' dir='ltr'>τὴν</span> <span class='ocrx_word' id='word_1_120' title='bbox 979 1718 1170 1785; x_wconf 83' lang='grc' dir='ltr'>κηλίδα</span> <span class='ocrx_word' id='word_1_121' title='bbox 1220 1719 1318 1788; x_wconf 78' lang='grc' dir='ltr'>τῆς</span> <span class='ocrx_word' id='word_1_122' title='bbox 1367 1720 1652 1789; x_wconf 83' lang='grc' dir='ltr'>ἀρνήσεως</span> <span class='ocrx_word' id='word_1_123' title='bbox 1699 1723 1834 1773; x_wconf 81' lang='grc' dir='ltr'>ἀπο·</span> 
     </span>
    </p>
   </div>
   <div class='ocr_carea' id='block_1_19' title="bbox 263 1807 1834 1882">
    <p class='ocr_par' dir='ltr' id='par_1_19' title="bbox 263 1807 1834 1882">
     <span class='ocr_line' id='line_1_19' title="bbox 263 1807 1834 1882; baseline 0.006 -25"><span class='ocrx_word' id='word_1_124' title='bbox 263 1807 607 1876; x_wconf 80' lang='grc' dir='ltr'>λουσαμένῳ,</span> <span class='ocrx_word' id='word_1_125' title='bbox 640 1809 764 1876; x_wconf 84' lang='grc' dir='ltr'>ἄρτι</span> <span class='ocrx_word' id='word_1_126' title='bbox 795 1809 851 1860; x_wconf 83' lang='grc' dir='ltr'><strong>δὲ</strong></span> <span class='ocrx_word' id='word_1_127' title='bbox 905 1809 1067 1862; x_wconf 87' lang='grc' dir='ltr'>πάλιν</span> <span class='ocrx_word' id='word_1_128' title='bbox 1101 1811 1222 1863; x_wconf 71' lang='grc' dir='ltr'>ἀντὶ</span> <span class='ocrx_word' id='word_1_129' title='bbox 1256 1811 1357 1880; x_wconf 77' lang='grc' dir='ltr'>τῆς</span> <span class='ocrx_word' id='word_1_130' title='bbox 1393 1812 1624 1881; x_wconf 73' lang='grc' dir='ltr'>τριπλῆς</span> <span class='ocrx_word' id='word_1_131' title='bbox 1662 1813 1834 1882; x_wconf 80' lang='grc' dir='ltr'>ἀρνή-</span> 
     </span>
    </p>
   </div>
   <div class='ocr_carea' id='block_1_20' title="bbox 267 1900 1837 1972">
    <p class='ocr_par' dir='ltr' id='par_1_20' title="bbox 267 1900 1837 1972">
     <span class='ocr_line' id='line_1_20' title="bbox 267 1900 1837 1972; baseline 0.003 -21"><span class='ocrx_word' id='word_1_132' title='bbox 267 1917 403 1960; x_wconf 82' lang='grc' dir='ltr'>σεως</span> <span class='ocrx_word' id='word_1_133' title='bbox 447 1901 676 1968; x_wconf 63' lang='grc' dir='ltr'>τριπλῆ-ε</span> <span class='ocrx_word' id='word_1_134' title='bbox 698 1900 990 1966; x_wconf 69' lang='grc' dir='ltr'>ὁμολιι,ίαν</span> <span class='ocrx_word' id='word_1_135' title='bbox 1025 1903 1412 1969; x_wconf 81' lang='grc' dir='ltr'>εἰσενεγκόντι,</span> <span class='ocrx_word' id='word_1_136' title='bbox 1445 1904 1539 1954; x_wconf 64' lang='grc' dir='ltr'>καὶ</span> <span class='ocrx_word' id='word_1_137' title='bbox 1565 1903 1684 1954; x_wconf 84' lang='grc' dir='ltr'>τότε</span> <span class='ocrx_word' id='word_1_138' title='bbox 1737 1903 1837 1972; x_wconf 83' lang='grc' dir='ltr'>μὲν</span> 
     </span>
    </p>
   </div>
   <div class='ocr_carea' id='block_1_21' title="bbox 263 1992 1836 2066">
    <p class='ocr_par' dir='ltr' id='par_1_21' title="bbox 263 1992 1836 2066">
     <span class='ocr_line' id='line_1_21' title="bbox 263 1992 1836 2066; baseline 0.004 -24"><span class='ocrx_word' id='word_1_139' title='bbox 263 1992 431 2060; x_wconf 74' lang='grc' dir='ltr'>ἔργῳ,</span> <span class='ocrx_word' id='word_1_140' title='bbox 463 1993 557 2044; x_wconf 88' lang='grc' dir='ltr'><strong>νῦν</strong></span> <span class='ocrx_word' id='word_1_141' title='bbox 589 1993 644 2044; x_wconf 83' lang='grc' dir='ltr'><strong>δὲ</strong></span> <span class='ocrx_word' id='word_1_142' title='bbox 679 1993 821 2062; x_wconf 84' lang='grc' dir='ltr'>λόγῳ</span> <span class='ocrx_word' id='word_1_143' title='bbox 878 1993 939 2045; x_wconf 78' lang='grc' dir='ltr'>τὺ</span> <span class='ocrx_word' id='word_1_144' title='bbox 967 1996 1052 2047; x_wconf 74' lang='grc' dir='ltr'><strong>διὰ</strong></span> <span class='ocrx_word' id='word_1_145' title='bbox 1084 1995 1242 2062; x_wconf 66' lang='grc' dir='ltr'>λόγου</span> <span class='ocrx_word' id='word_1_146' title='bbox 1279 1999 1501 2065; x_wconf 59' lang='grc' dir='ltr'>σφάλμα</span> <span class='ocrx_word' id='word_1_147' title='bbox 1531 1996 1643 2064; x_wconf 70' lang='grc'><strong>(49)</strong></span> <span class='ocrx_word' id='word_1_148' title='bbox 1676 1996 1836 2066; x_wconf 85' lang='grc' dir='ltr'>θερα-</span> 
     </span>
    </p>
   </div>
   <div class='ocr_carea' id='block_1_22' title="bbox 265 2079 1833 2154">
    <p class='ocr_par' dir='ltr' id='par_1_22' title="bbox 265 2079 1833 2154">
     <span class='ocr_line' id='line_1_22' title="bbox 265 2079 1833 2154; baseline 0.005 -25"><span class='ocrx_word' id='word_1_149' title='bbox 265 2079 446 2140; x_wconf 75' lang='grc' dir='ltr'>πεύει,</span> <span class='ocrx_word' id='word_1_150' title='bbox 476 2081 573 2148; x_wconf 77' lang='grc' dir='ltr'><strong>τὴν</strong></span> <span class='ocrx_word' id='word_1_151' title='bbox 613 2082 983 2148; x_wconf 73' lang='grc' dir='ltr'>ποιμιντικὴν</span> <span class='ocrx_word' id='word_1_152' title='bbox 1018 2084 1316 2152; x_wconf 68' lang='grc' dir='ltr'>ἐγχειρίζει</span> <span class='ocrx_word' id='word_1_153' title='bbox 1353 2088 1451 2154; x_wconf 80' lang='grc' dir='ltr'>τῆς</span> <span class='ocrx_word' id='word_1_154' title='bbox 1488 2086 1833 2154; x_wconf 76' lang='grc' dir='ltr'>οξκουμὲνης.</span> 
     </span>
    </p>
   </div>
   <div class='ocr_carea' id='block_1_23' title="bbox 340 2166 1838 2244">
    <p class='ocr_par' dir='ltr' id='par_1_23' title="bbox 340 2166 1838 2244">
     <span class='ocr_line' id='line_1_23' title="bbox 340 2166 1838 2244; baseline 0.005 -24"><span class='ocrx_word' id='word_1_155' title='bbox 340 2166 471 2220; x_wconf 76' lang='grc' dir='ltr'>Εἶτα</span> <span class='ocrx_word' id='word_1_156' title='bbox 509 2171 893 2237; x_wconf 73' lang='grc' dir='ltr'>παραϐολικῶς</span> <span class='ocrx_word' id='word_1_157' title='bbox 951 2174 1260 2243; x_wconf 85' lang='grc' dir='ltr'>προμηνύει</span> <span class='ocrx_word' id='word_1_158' title='bbox 1290 2175 1436 2244; x_wconf 78' lang='grc' dir='ltr'>αύτῷ</span> <span class='ocrx_word' id='word_1_159' title='bbox 1488 2177 1585 2230; x_wconf 80' lang='grc' dir='ltr'>καὶ</span> <span class='ocrx_word' id='word_1_160' title='bbox 1631 2178 1720 2229; x_wconf 72' lang='grc' dir='ltr'><strong>τὸν</strong></span> <span class='ocrx_word' id='word_1_161' title='bbox 1750 2177 1838 2229; x_wconf 74' lang='grc' dir='ltr'><strong>διὰ</strong></span> 
     </span>
    </p>
   </div>
   <div class='ocr_carea' id='block_1_24' title="bbox 265 2255 1839 2333">
    <p class='ocr_par' dir='ltr' id='par_1_24' title="bbox 265 2255 1839 2333">
     <span class='ocr_line' id='line_1_24' title="bbox 265 2255 1839 2333; baseline 0.005 -23"><span class='ocrx_word' id='word_1_162' title='bbox 265 2261 506 2326; x_wconf 85' lang='grc' dir='ltr'>σταυροῦ</span> <span class='ocrx_word' id='word_1_163' title='bbox 546 2258 796 2320; x_wconf 84' lang='grc' dir='ltr'>θάνατον,</span> <span class='ocrx_word' id='word_1_164' title='bbox 834 2255 878 2327; x_wconf 78' lang='grc' dir='ltr'>ᾧ</span> <span class='ocrx_word' id='word_1_165' title='bbox 917 2262 1267 2329; x_wconf 79' lang='grc' dir='ltr'>τελειωθῆναι</span> <span class='ocrx_word' id='word_1_166' title='bbox 1323 2265 1539 2333; x_wconf 78' lang='grc' dir='ltr'>ἔμελλε,</span> <span class='ocrx_word' id='word_1_167' title='bbox 1575 2265 1839 2318; x_wconf 79' lang='grc' dir='ltr'>δεικνύων</span> 
     </span>
    </p>
   </div>
   <div class='ocr_carea' id='block_1_25' title="bbox 268 2349 1840 2425">
    <p class='ocr_par' dir='ltr' id='par_1_25' title="bbox 268 2349 1840 2425">
     <span class='ocr_line' id='line_1_25' title="bbox 268 2349 1840 2425; baseline 0.006 -25"><span class='ocrx_word' id='word_1_168' title='bbox 268 2349 516 2402; x_wconf 80' lang='grc' dir='ltr'>ἐντεῦθεν</span> <span class='ocrx_word' id='word_1_169' title='bbox 548 2349 628 2402; x_wconf 80' lang='grc' dir='ltr'>ὅτι</span> <span class='ocrx_word' id='word_1_170' title='bbox 659 2351 754 2402; x_wconf 79' lang='grc' dir='ltr'><strong>οὐκ</strong></span> <span class='ocrx_word' id='word_1_171' title='bbox 797 2352 1008 2418; x_wconf 80' lang='grc' dir='ltr'>ἀγνοῶν</span> <span class='ocrx_word' id='word_1_172' title='bbox 1043 2355 1161 2406; x_wconf 79' lang='grc' dir='ltr'>οὐδὲ</span> <span class='ocrx_word' id='word_1_173' title='bbox 1192 2357 1437 2408; x_wconf 80' lang='grc' dir='ltr'>ἀπιστῶν</span> <span class='ocrx_word' id='word_1_174' title='bbox 1468 2357 1614 2425; x_wconf 84' lang='grc' dir='ltr'>αὑτῷ</span> <span class='ocrx_word' id='word_1_175' title='bbox 1656 2357 1840 2424; x_wconf 77' lang='grc' dir='ltr'>ἔλεγεν</span> 
     </span>
    </p>
   </div>
   <div class='ocr_carea' id='block_1_26' title="bbox 267 2439 1839 2518">
    <p class='ocr_par' dir='ltr' id='par_1_26' title="bbox 267 2439 1839 2518">
     <span class='ocr_line' id='line_1_26' title="bbox 267 2439 1839 2518; baseline 0.006 -27"><span class='ocrx_word' id='word_1_176' title='bbox 267 2439 412 2508; x_wconf 76' lang='grc' dir='ltr'>ὅπερ</span> <span class='ocrx_word' id='word_1_177' title='bbox 441 2439 643 2506; x_wconf 75' lang='grc' dir='ltr'>ἔλεγεν.</span> <span class='ocrx_word' id='word_1_178' title='bbox 705 2441 1002 2496; x_wconf 86' lang='grc' dir='ltr'>Ἢπίστατο</span> <span class='ocrx_word' id='word_1_179' title='bbox 1049 2445 1156 2515; x_wconf 86' lang='grc' dir='ltr'><strong>γὰρ</strong></span> <span class='ocrx_word' id='word_1_180' title='bbox 1198 2447 1337 2498; x_wconf 84' lang='grc' dir='ltr'>πάνυ</span> <span class='ocrx_word' id='word_1_181' title='bbox 1363 2447 1424 2499; x_wconf 85' lang='grc' dir='ltr'><strong>τὸ</strong></span> <span class='ocrx_word' id='word_1_182' title='bbox 1455 2447 1718 2518; x_wconf 78' lang='grc' dir='ltr'>διάπυρον</span> <span class='ocrx_word' id='word_1_183' title='bbox 1742 2449 1839 2517; x_wconf 78' lang='grc' dir='ltr'><strong>τῆς</strong></span> 
     </span>
    </p>
   </div>
   <div class='ocr_carea' id='block_1_27' title="bbox 266 2531 1840 2606">
    <p class='ocr_par' dir='ltr' id='par_1_27' title="bbox 266 2531 1840 2606">
     <span class='ocr_line' id='line_1_27' title="bbox 266 2531 1840 2606; baseline 0.006 -25"><span class='ocrx_word' id='word_1_184' title='bbox 266 2532 347 2592; x_wconf 86' lang='grc' dir='ltr'>εἰς</span> <span class='ocrx_word' id='word_1_185' title='bbox 395 2531 556 2583; x_wconf 76' lang='grc' dir='ltr'>αὑτὸν</span> <span class='ocrx_word' id='word_1_186' title='bbox 606 2534 850 2602; x_wconf 78' lang='grc' dir='ltr'>ἀγάπης,</span> <span class='ocrx_word' id='word_1_187' title='bbox 906 2535 1025 2587; x_wconf 81' lang='grc' dir='ltr'>ἀλλ’</span> <span class='ocrx_word' id='word_1_188' title='bbox 1092 2536 1176 2588; x_wconf 74' lang='grc' dir='ltr'>ἵνα</span> <span class='ocrx_word' id='word_1_189' title='bbox 1241 2537 1355 2606; x_wconf 82' lang='grc' dir='ltr'>γνῷ</span> <span class='ocrx_word' id='word_1_190' title='bbox 1403 2539 1496 2591; x_wconf 74' lang='grc' dir='ltr'>καὶ</span> <span class='ocrx_word' id='word_1_191' title='bbox 1549 2540 1711 2604; x_wconf 76' lang='grc' dir='ltr'>αὐτὸς</span> <span class='ocrx_word' id='word_1_192' title='bbox 1747 2543 1840 2594; x_wconf 82' lang='grc' dir='ltr'>καὶ</span> 
     </span>
    </p>
   </div>
   <div class='ocr_carea' id='block_1_28' title="bbox 270 2622 1841 2703">
    <p class='ocr_par' dir='ltr' id='par_1_28' title="bbox 270 2622 1841 2703">
     <span class='ocr_line' id='line_1_28' title="bbox 270 2622 1841 2703; baseline 0.008 -31"><span class='ocrx_word' id='word_1_193' title='bbox 270 2622 471 2675; x_wconf 73' lang='grc' dir='ltr'>πάντες</span> <span class='ocrx_word' id='word_1_194' title='bbox 506 2625 586 2676; x_wconf 85' lang='grc' dir='ltr'><strong>ὅτι</strong></span> <span class='ocrx_word' id='word_1_195' title='bbox 626 2626 829 2694; x_wconf 78' lang='grc' dir='ltr'>σφόδρα</span> <span class='ocrx_word' id='word_1_196' title='bbox 881 2629 1008 2697; x_wconf 73' lang='grc' dir='ltr'>περὶ</span> <span class='ocrx_word' id='word_1_197' title='bbox 1061 2630 1256 2681; x_wconf 90' lang='grc' dir='ltr'>πολλοῦ</span> <span class='ocrx_word' id='word_1_198' title='bbox 1297 2630 1508 2684; x_wconf 79' lang='grc' dir='ltr'>τίθεται</span> <span class='ocrx_word' id='word_1_199' title='bbox 1551 2631 1651 2703; x_wconf 81' lang='grc' dir='ltr'>τὴν</span> <span class='ocrx_word' id='word_1_200' title='bbox 1708 2650 1841 2702; x_wconf 84' lang='grc' dir='ltr'>προ-</span> 
     </span>
    </p>
   </div>
   <div class='ocr_carea' id='block_1_29' title="bbox 279 2715 1839 2795">
    <p class='ocr_par' dir='ltr' id='par_1_29' title="bbox 279 2715 1839 2795">
     <span class='ocr_line' id='line_1_29' title="bbox 279 2715 1839 2795; baseline 0.011 -33"><span class='ocrx_word' id='word_1_201' title='bbox 279 2715 508 2765; x_wconf 79' lang='grc' dir='ltr'>στασίαν</span> <span class='ocrx_word' id='word_1_202' title='bbox 562 2717 671 2768; x_wconf 86' lang='grc' dir='ltr'><strong>τῶν</strong></span> <span class='ocrx_word' id='word_1_203' title='bbox 733 2719 879 2772; x_wconf 82' lang='grc' dir='ltr'>ίδίων</span> <span class='ocrx_word' id='word_1_204' title='bbox 936 2721 1214 2791; x_wconf 81' lang='grc' dir='ltr'>μαθητῶν,</span> <span class='ocrx_word' id='word_1_205' title='bbox 1244 2721 1318 2786; x_wconf 83' lang='grc' dir='ltr'>ὡς</span> <span class='ocrx_word' id='word_1_206' title='bbox 1374 2724 1635 2794; x_wconf 81' lang='grc' dir='ltr'>ἀνωτέρω</span> <span class='ocrx_word' id='word_1_207' title='bbox 1685 2726 1839 2795; x_wconf 77' lang='grc' dir='ltr'><strong>δεδή-</strong></span> 
     </span>
    </p>
   </div>
   <div class='ocr_carea' id='block_1_30' title="bbox 271 2821 464 2856">
    <p class='ocr_par' dir='ltr' id='par_1_30' title="bbox 271 2821 464 2856">
     <span class='ocr_line' id='line_1_30' title="bbox 271 2821 464 2856; baseline 0.01 -2"><span class='ocrx_word' id='word_1_208' title='bbox 271 2823 289 2854; x_wconf 84' lang='lat' dir='ltr'><em>I</em></span> <span class='ocrx_word' id='word_1_209' title='bbox 304 2821 464 2856; x_wconf 86' lang='grc' dir='ltr'>ωται.</span> 
     </span>
    </p>
   </div>
   <div class='ocr_carea' id='block_1_31' title="bbox 355 2898 1836 2972">
    <p class='ocr_par' dir='ltr' id='par_1_31' title="bbox 355 2898 1836 2972">
     <span class='ocr_line' id='line_1_31' title="bbox 355 2898 1836 2972; baseline 0.003 -21"><span class='ocrx_word' id='word_1_210' title='bbox 355 2898 544 2964; x_wconf 78' lang='grc' dir='ltr'><strong>Ἀμὴν</strong></span> <span class='ocrx_word' id='word_1_211' title='bbox 570 2929 635 2937; x_wconf 89' lang='grc'><strong><em>-</em></strong></span> <span class='ocrx_word' id='word_1_212' title='bbox 672 2899 906 2966; x_wconf 70' lang='grc' dir='ltr'>ἤθελες.</span> <span class='ocrx_word' id='word_1_213' title='bbox 946 2902 1073 2952; x_wconf 84' lang='grc' dir='ltr'>Ὀτε</span> <span class='ocrx_word' id='word_1_214' title='bbox 1117 2900 1412 2971; x_wconf 78' lang='grc' dir='ltr'>ἐτύγχανες</span> <span class='ocrx_word' id='word_1_215' title='bbox 1462 2902 1836 2972; x_wconf 70' lang='grc' dir='ltr'>ἀτελέστερος,</span> 
     </span>
    </p>
   </div>
   <div class='ocr_carea' id='block_1_32' title="bbox 275 2990 1838 3064">
    <p class='ocr_par' dir='ltr' id='par_1_32' title="bbox 275 2990 1838 3064">
     <span class='ocr_line' id='line_1_32' title="bbox 275 2990 1838 3064; baseline 0.004 -23"><span class='ocrx_word' id='word_1_216' title='bbox 275 2990 380 3041; x_wconf 79' lang='grc' dir='ltr'>ὑπὸ</span> <span class='ocrx_word' id='word_1_217' title='bbox 418 2991 507 3041; x_wconf 74' lang='grc' dir='ltr'><strong>τὸν</strong></span> <span class='ocrx_word' id='word_1_218' title='bbox 530 2991 885 3059; x_wconf 78' lang='grc' dir='ltr'>ἀτελέστερον</span> <span class='ocrx_word' id='word_1_219' title='bbox 909 2991 1072 3059; x_wconf 82' lang='grc' dir='ltr'>νόμον</span> <span class='ocrx_word' id='word_1_220' title='bbox 1105 2995 1196 3045; x_wconf 69' lang='grc' dir='ltr'><strong>τὸν</strong></span> <span class='ocrx_word' id='word_1_221' title='bbox 1235 2994 1529 3045; x_wconf 81' lang='grc' dir='ltr'>Μωσαῐκὸν</span> <span class='ocrx_word' id='word_1_222' title='bbox 1568 2995 1838 3064; x_wconf 81' lang='grc' dir='ltr'>κείμενος,</span> 
     </span>
    </p>
   </div>
   <div class='ocr_carea' id='block_1_33' title="bbox 274 3079 1842 3157">
    <p class='ocr_par' dir='ltr' id='par_1_33' title="bbox 274 3079 1842 3157">
     <span class='ocr_line' id='line_1_33' title="bbox 274 3079 1842 3157; baseline 0.005 -24"><span class='ocrx_word' id='word_1_223' title='bbox 274 3079 570 3150; x_wconf 76' lang='grc' dir='ltr'>ἡτοίμαζες</span> <span class='ocrx_word' id='word_1_224' title='bbox 619 3084 844 3134; x_wconf 83' lang='grc' dir='ltr'>σεαυτὸν</span> <span class='ocrx_word' id='word_1_225' title='bbox 878 3083 1012 3153; x_wconf 79' lang='grc' dir='ltr'>πρὸς</span> <span class='ocrx_word' id='word_1_226' title='bbox 1048 3083 1076 3136; x_wconf 81' lang='grc' dir='ltr'><strong>ὃ</strong></span> <span class='ocrx_word' id='word_1_227' title='bbox 1103 3084 1348 3148; x_wconf 75' lang='grc' dir='ltr'>ἐϐούλου,</span> <span class='ocrx_word' id='word_1_228' title='bbox 1401 3088 1496 3140; x_wconf 74' lang='grc' dir='ltr'><strong>καὶ</strong></span> <span class='ocrx_word' id='word_1_229' title='bbox 1535 3087 1722 3157; x_wconf 77' lang='grc' dir='ltr'>διῆγες</span> <span class='ocrx_word' id='word_1_230' title='bbox 1766 3089 1842 3152; x_wconf 85' lang='grc' dir='ltr'>ὼς</span> 
     </span>
    </p>
   </div>
   <div class='ocr_carea' id='block_1_34' title="bbox 271 3171 482 3242">
    <p class='ocr_par' dir='ltr' id='par_1_34' title="bbox 271 3171 482 3242">
     <span class='ocr_line' id='line_1_34' title="bbox 271 3171 482 3242; baseline 0.019 -19"><span class='ocrx_word' id='word_1_231' title='bbox 271 3171 482 3242; x_wconf 73' lang='grc' dir='ltr'>ἡθελες.</span> 
     </span>
    </p>
   </div>
   <div class='ocr_carea' id='block_1_35' title="bbox 347 3266 1842 3342">
    <p class='ocr_par' dir='ltr' id='par_1_35' title="bbox 347 3266 1842 3342">
     <span class='ocr_line' id='line_1_35' title="bbox 347 3266 1842 3342; baseline 0.003 -25"><span class='ocrx_word' id='word_1_232' title='bbox 347 3267 533 3318; x_wconf 77' lang='grc' dir='ltr'>Ὅταν</span> <span class='ocrx_word' id='word_1_233' title='bbox 573 3294 643 3307; x_wconf 67' lang='grc' dir='ltr'><strong>σ-</strong></span> <span class='ocrx_word' id='word_1_234' title='bbox 693 3266 908 3332; x_wconf 76' lang='grc' dir='ltr'>θέλεις.</span> <span class='ocrx_word' id='word_1_235' title='bbox 965 3268 1133 3321; x_wconf 87' lang='grc' dir='ltr'>Ὀταν</span> <span class='ocrx_word' id='word_1_236' title='bbox 1175 3268 1286 3338; x_wconf 82' lang='grc'>(50)</span> <span class='ocrx_word' id='word_1_237' title='bbox 1321 3269 1378 3322; x_wconf 80' lang='grc' dir='ltr'><strong>δὲ</strong></span> <span class='ocrx_word' id='word_1_238' title='bbox 1429 3269 1725 3342; x_wconf 78' lang='grc' dir='ltr'>τελειωθῇς</span> <span class='ocrx_word' id='word_1_239' title='bbox 1764 3274 1842 3336; x_wconf 72' lang='grc' dir='ltr'>εἰς</span> 
     </span>
    </p>
   </div>
   <div class='ocr_carea' id='block_1_36' title="bbox 272 3358 1846 3434">
    <p class='ocr_par' dir='ltr' id='par_1_36' title="bbox 272 3358 1846 3434">
     <span class='ocr_line' id='line_1_36' title="bbox 272 3358 1846 3434; baseline 0.005 -24"><span class='ocrx_word' id='word_1_240' title='bbox 272 3358 444 3428; x_wconf 76' lang='grc' dir='ltr'>ἄνδρα</span> <span class='ocrx_word' id='word_1_241' title='bbox 474 3358 698 3418; x_wconf 85' lang='grc' dir='ltr'>τέλειον,</span> <span class='ocrx_word' id='word_1_242' title='bbox 735 3360 814 3421; x_wconf 81' lang='grc' dir='ltr'><strong>είς</strong></span> <span class='ocrx_word' id='word_1_243' title='bbox 841 3359 1035 3428; x_wconf 79' lang='grc' dir='ltr'>μέτρον</span> <span class='ocrx_word' id='word_1_244' title='bbox 1066 3361 1280 3430; x_wconf 77' lang='grc' dir='ltr'>ἡλικίας</span> <span class='ocrx_word' id='word_1_245' title='bbox 1307 3365 1708 3434; x_wconf 81' lang='grc' dir='ltr'>πνευματικῆς,</span> <span class='ocrx_word' id='word_1_246' title='bbox 1741 3367 1846 3418; x_wconf 81' lang='grc' dir='ltr'>ὑπὸ</span> 
     </span>
    </p>
   </div>
   <div class='ocr_carea' id='block_1_37' title="bbox 270 3449 1842 3526">
    <p class='ocr_par' dir='ltr' id='par_1_37' title="bbox 270 3449 1842 3526">
     <span class='ocr_line' id='line_1_37' title="bbox 270 3449 1842 3526; baseline 0.003 -22"><span class='ocrx_word' id='word_1_247' title='bbox 270 3450 368 3504; x_wconf 66' lang='grc' dir='ltr'><strong>τοῦ</strong></span> <span class='ocrx_word' id='word_1_248' title='bbox 391 3449 592 3502; x_wconf 75' lang='grc' dir='ltr'>τελείου</span> <span class='ocrx_word' id='word_1_249' title='bbox 619 3450 808 3518; x_wconf 79' lang='grc' dir='ltr'>νόμου,</span> <span class='ocrx_word' id='word_1_250' title='bbox 835 3450 925 3502; x_wconf 90' lang='grc' dir='ltr'><strong>τοῦ</strong></span> <span class='ocrx_word' id='word_1_251' title='bbox 951 3450 1330 3518; x_wconf 81' lang='grc' dir='ltr'>εὐαγγελικοῦ,</span> <span class='ocrx_word' id='word_1_252' title='bbox 1359 3456 1842 3526; x_wconf 76' lang='grc' dir='ltr'>καταρτιζόμενος,</span> 
     </span>
    </p>
   </div>
   <div class='ocr_carea' id='block_1_38' title="bbox 275 3543 1842 3614">
    <p class='ocr_par' dir='ltr' id='par_1_38' title="bbox 275 3543 1842 3614">
     <span class='ocr_line' id='line_1_38' title="bbox 275 3543 1842 3614; baseline 0.004 -20"><span class='ocrx_word' id='word_1_253' title='bbox 275 3545 516 3604; x_wconf 78' lang='grc' dir='ltr'>ἐκτενεῖς</span> <span class='ocrx_word' id='word_1_254' title='bbox 558 3543 651 3602; x_wconf 74' lang='grc' dir='ltr'><strong>τὰς</strong></span> <span class='ocrx_word' id='word_1_255' title='bbox 703 3543 888 3611; x_wconf 86' lang='grc' dir='ltr'>χεῖράς</span> <span class='ocrx_word' id='word_1_256' title='bbox 924 3559 1018 3594; x_wconf 84' lang='grc' dir='ltr'><strong>σου</strong></span> <span class='ocrx_word' id='word_1_257' title='bbox 1051 3544 1144 3594; x_wconf 73' lang='grc' dir='ltr'><strong>ἐπὶ</strong></span> <span class='ocrx_word' id='word_1_258' title='bbox 1177 3546 1436 3614; x_wconf 87' lang='grc' dir='ltr'>σταυροῦ,</span> <span class='ocrx_word' id='word_1_259' title='bbox 1468 3549 1562 3600; x_wconf 81' lang='grc' dir='ltr'><strong>καὶ</strong></span> <span class='ocrx_word' id='word_1_260' title='bbox 1595 3548 1753 3610; x_wconf 81' lang='grc' dir='ltr'>ἄλλος</span> <span class='ocrx_word' id='word_1_261' title='bbox 1785 3565 1842 3600; x_wconf 86' lang='grc' dir='ltr'><strong>σε</strong></span> 
     </span>
    </p>
   </div>
   <div class='ocr_carea' id='block_1_39' title="bbox 279 3635 1845 3706">
    <p class='ocr_par' dir='ltr' id='par_1_39' title="bbox 279 3635 1845 3706">
     <span class='ocr_line' id='line_1_39' title="bbox 279 3635 1845 3706; baseline 0.004 -20"><span class='ocrx_word' id='word_1_262' title='bbox 279 3637 495 3703; x_wconf 74' lang='grc' dir='ltr'>σφίγξει</span> <span class='ocrx_word' id='word_1_263' title='bbox 525 3638 640 3698; x_wconf 89' lang='grc' dir='ltr'>τοῖς</span> <span class='ocrx_word' id='word_1_264' title='bbox 667 3636 838 3705; x_wconf 78' lang='grc' dir='ltr'>ἥλοις,</span> <span class='ocrx_word' id='word_1_265' title='bbox 873 3635 967 3688; x_wconf 75' lang='grc' dir='ltr'>καὶ</span> <span class='ocrx_word' id='word_1_266' title='bbox 1001 3637 1181 3705; x_wconf 80' lang='grc' dir='ltr'>ἀγάγῃ</span> <span class='ocrx_word' id='word_1_267' title='bbox 1233 3638 1344 3705; x_wconf 80' lang='grc'><strong>(51)</strong></span> <span class='ocrx_word' id='word_1_268' title='bbox 1374 3641 1452 3700; x_wconf 78' lang='grc' dir='ltr'><strong>εἰς</strong></span> <span class='ocrx_word' id='word_1_269' title='bbox 1485 3641 1736 3702; x_wconf 80' lang='grc' dir='ltr'>θάνατον,</span> <span class='ocrx_word' id='word_1_270' title='bbox 1764 3641 1845 3706; x_wconf 85' lang='grc' dir='ltr'>ὃν,</span> 
     </span>
    </p>
   </div>
   <div class='ocr_carea' id='block_1_40' title="bbox 275 3728 1842 3801">
    <p class='ocr_par' dir='ltr' id='par_1_40' title="bbox 275 3728 1842 3801">
     <span class='ocr_line' id='line_1_40' title="bbox 275 3728 1842 3801; baseline 0.003 -21"><span class='ocrx_word' id='word_1_271' title='bbox 275 3731 325 3780; x_wconf 82' lang='grc' dir='ltr'><strong>εί</strong></span> <span class='ocrx_word' id='word_1_272' title='bbox 379 3730 474 3780; x_wconf 76' lang='grc' dir='ltr'>καὶ</span> <span class='ocrx_word' id='word_1_273' title='bbox 528 3728 702 3789; x_wconf 67' lang='grc' dir='ltr'>θέλεις</span> <span class='ocrx_word' id='word_1_274' title='bbox 761 3732 825 3798; x_wconf 81' lang='grc' dir='ltr'>τῇ</span> <span class='ocrx_word' id='word_1_275' title='bbox 866 3731 1205 3800; x_wconf 78' lang='grc' dir='ltr'>προαιρέσει,</span> <span class='ocrx_word' id='word_1_276' title='bbox 1235 3731 1295 3781; x_wconf 78' lang='grc' dir='ltr'><strong>οὑ</strong></span> <span class='ocrx_word' id='word_1_277' title='bbox 1340 3731 1515 3794; x_wconf 84' lang='grc' dir='ltr'>Οέλεις</span> <span class='ocrx_word' id='word_1_278' title='bbox 1553 3736 1620 3801; x_wconf 79' lang='grc' dir='ltr'>τῇ</span> <span class='ocrx_word' id='word_1_279' title='bbox 1663 3733 1842 3800; x_wconf 82' lang='grc' dir='ltr'>φύσει.</span> 
     </span>
    </p>
   </div>
   <div class='ocr_carea' id='block_1_41' title="bbox 276 3820 1839 3894">
    <p class='ocr_par' dir='ltr' id='par_1_41' title="bbox 276 3820 1839 3894">
     <span class='ocr_line' id='line_1_41' title="bbox 276 3820 1839 3894; baseline 0.004 -23"><span class='ocrx_word' id='word_1_280' title='bbox 276 3820 563 3889; x_wconf 78' lang='grc' dir='ltr'>ΣυμπαθΞί</span> <span class='ocrx_word' id='word_1_281' title='bbox 601 3822 707 3888; x_wconf 77' lang='grc' dir='ltr'><strong>γὰρ</strong></span> <span class='ocrx_word' id='word_1_282' title='bbox 742 3823 774 3890; x_wconf 82' lang='grc' dir='ltr'>ἡ</span> <span class='ocrx_word' id='word_1_283' title='bbox 821 3821 965 3890; x_wconf 74' lang='grc' dir='ltr'>ψυχὴ</span> <span class='ocrx_word' id='word_1_284' title='bbox 1013 3821 1090 3891; x_wconf 83' lang='grc' dir='ltr'><strong>τῷ</strong></span> <span class='ocrx_word' id='word_1_285' title='bbox 1125 3822 1336 3892; x_wconf 81' lang='grc' dir='ltr'>σώματι</span> <span class='ocrx_word' id='word_1_286' title='bbox 1371 3823 1456 3876; x_wconf 73' lang='grc' dir='ltr'><strong>διὰ</strong></span> <span class='ocrx_word' id='word_1_287' title='bbox 1505 3824 1604 3894; x_wconf 84' lang='grc' dir='ltr'><strong>τὴν</strong></span> <span class='ocrx_word' id='word_1_288' title='bbox 1655 3825 1839 3894; x_wconf 84' lang='grc' dir='ltr'>φύσιν,</span> 
     </span>
    </p>
   </div>
   <div class='ocr_carea' id='block_1_42' title="bbox 276 3912 1848 3985">
    <p class='ocr_par' dir='ltr' id='par_1_42' title="bbox 276 3912 1848 3985">
     <span class='ocr_line' id='line_1_42' title="bbox 276 3912 1848 3985; baseline 0.003 -21"><span class='ocrx_word' id='word_1_289' title='bbox 276 3915 372 3966; x_wconf 72' lang='grc' dir='ltr'><strong>καὶ</strong></span> <span class='ocrx_word' id='word_1_290' title='bbox 405 3912 614 3965; x_wconf 79' lang='grc' dir='ltr'>ἄκουσα</span> <span class='ocrx_word' id='word_1_291' title='bbox 651 3913 1092 3984; x_wconf 78' lang='grc' dir='ltr'>ἁπορῤήγνυται,</span> <span class='ocrx_word' id='word_1_292' title='bbox 1135 3915 1295 3969; x_wconf 87' lang='grc' dir='ltr'>τοῦτο</span> <span class='ocrx_word' id='word_1_293' title='bbox 1338 3915 1433 3968; x_wconf 92' lang='grc' dir='ltr'><strong>τοῦ</strong></span> <span class='ocrx_word' id='word_1_294' title='bbox 1466 3915 1603 3969; x_wconf 85' lang='grc' dir='ltr'>Θεοῦ</span> <span class='ocrx_word' id='word_1_295' title='bbox 1641 3933 1848 3985; x_wconf 83' lang='grc' dir='ltr'>συμφε·</span> 
     </span>
    </p>
   </div>
   <div class='ocr_carea' id='block_1_43' title="bbox 282 4005 1849 4080">
    <p class='ocr_par' dir='ltr' id='par_1_43' title="bbox 282 4005 1849 4080">
     <span class='ocr_line' id='line_1_43' title="bbox 282 4005 1849 4080; baseline 0.003 -23"><span class='ocrx_word' id='word_1_296' title='bbox 282 4005 485 4075; x_wconf 75' lang='grc' dir='ltr'>ρόντως</span> <span class='ocrx_word' id='word_1_297' title='bbox 540 4007 1019 4073; x_wconf 77' lang='grc' dir='ltr'>οἱκονομήσαντος,</span> <span class='ocrx_word' id='word_1_298' title='bbox 1067 4007 1249 4069; x_wconf 86' lang='grc' dir='ltr'>καθὼς</span> <span class='ocrx_word' id='word_1_299' title='bbox 1297 4010 1390 4060; x_wconf 80' lang='grc' dir='ltr'>καὶ</span> <span class='ocrx_word' id='word_1_300' title='bbox 1429 4009 1664 4079; x_wconf 81' lang='grc' dir='ltr'>ἀλλαχοῦ</span> <span class='ocrx_word' id='word_1_301' title='bbox 1699 4011 1849 4080; x_wconf 81' lang='grc' dir='ltr'><strong>δεδή-</strong></span> 
     </span>
    </p>
   </div>
   <div class='ocr_carea' id='block_1_44' title="bbox 277 4096 1846 4169">
    <p class='ocr_par' dir='ltr' id='par_1_44' title="bbox 277 4096 1846 4169">
     <span class='ocr_line' id='line_1_44' title="bbox 277 4096 1846 4169; baseline 0.003 -23"><span class='ocrx_word' id='word_1_302' title='bbox 277 4096 468 4159; x_wconf 87' lang='grc' dir='ltr'>λωται,</span> <span class='ocrx_word' id='word_1_303' title='bbox 507 4096 590 4149; x_wconf 83' lang='grc' dir='ltr'><strong>ἵνα</strong></span> <span class='ocrx_word' id='word_1_304' title='bbox 621 4099 868 4168; x_wconf 72' lang='grc' dir='ltr'>μὴκατὰ</span> <span class='ocrx_word' id='word_1_305' title='bbox 913 4099 1237 4166; x_wconf 73' lang='grc' dir='ltr'>περίστασιν</span> <span class='ocrx_word' id='word_1_306' title='bbox 1287 4101 1533 4169; x_wconf 74' lang='grc' dir='ltr'>εὐχερῶς</span> <span class='ocrx_word' id='word_1_307' title='bbox 1583 4101 1846 4154; x_wconf 73' lang='grc' dir='ltr'>ἀνέλωσιν</span> 
     </span>
    </p>
   </div>
   <div class='ocr_carea' id='block_1_45' title="bbox 281 4188 1849 4262">
    <p class='ocr_par' dir='ltr' id='par_1_45' title="bbox 281 4188 1849 4262">
     <span class='ocr_line' id='line_1_45' title="bbox 281 4188 1849 4262; baseline 0.003 -23"><span class='ocrx_word' id='word_1_308' title='bbox 281 4188 510 4250; x_wconf 76' lang='grc' dir='ltr'>ἑαυτοὺς</span> <span class='ocrx_word' id='word_1_309' title='bbox 540 4189 589 4240; x_wconf 81' lang='grc' dir='ltr'>οἱ</span> <span class='ocrx_word' id='word_1_310' title='bbox 627 4190 926 4257; x_wconf 78' lang='grc' dir='ltr'>ἄνθρωποι.</span> <span class='ocrx_word' id='word_1_311' title='bbox 966 4191 1026 4241; x_wconf 88' lang='grc' dir='ltr'>Εἰ</span> <span class='ocrx_word' id='word_1_312' title='bbox 1055 4189 1164 4260; x_wconf 78' lang='grc' dir='ltr'>γὰρ</span> <span class='ocrx_word' id='word_1_313' title='bbox 1197 4192 1290 4242; x_wconf 74' lang='grc' dir='ltr'>καὶ</span> <span class='ocrx_word' id='word_1_314' title='bbox 1323 4192 1422 4259; x_wconf 79' lang='grc' dir='ltr'>τῆς</span> <span class='ocrx_word' id='word_1_315' title='bbox 1470 4192 1648 4262; x_wconf 78' lang='grc' dir='ltr'>ψυχῆς</span> <span class='ocrx_word' id='word_1_316' title='bbox 1677 4193 1849 4255; x_wconf 90' lang='grc' dir='ltr'>οῦτως</span> 
     </span>
    </p>
   </div>
   <div class='ocr_carea' id='block_1_46' title="bbox 287 4280 1846 4353">
    <p class='ocr_par' dir='ltr' id='par_1_46' title="bbox 287 4280 1846 4353">
     <span class='ocr_line' id='line_1_46' title="bbox 287 4280 1846 4353; baseline 0.005 -24"><span class='ocrx_word' id='word_1_317' title='bbox 287 4280 524 4350; x_wconf 78' lang='grc' dir='ltr'>ἰσχυρῶς</span> <span class='ocrx_word' id='word_1_318' title='bbox 543 4281 1028 4351; x_wconf 81' lang='grc' dir='ltr'>ἀποστρεφομένης</span> <span class='ocrx_word' id='word_1_319' title='bbox 1050 4282 1148 4352; x_wconf 79' lang='grc' dir='ltr'>τὴν</span> <span class='ocrx_word' id='word_1_320' title='bbox 1169 4281 1442 4346; x_wconf 72' lang='grc' dir='ltr'>διάζευξιν</span> <span class='ocrx_word' id='word_1_321' title='bbox 1461 4283 1552 4334; x_wconf 88' lang='grc' dir='ltr'><strong>τοῦ</strong></span> <span class='ocrx_word' id='word_1_322' title='bbox 1577 4283 1846 4353; x_wconf 83' lang='grc' dir='ltr'>σώματος,</span> 
     </span>
    </p>
   </div>
   <div class='ocr_carea' id='block_1_47' title="bbox 283 4373 1841 4444">
    <p class='ocr_par' dir='ltr' id='par_1_47' title="bbox 283 4373 1841 4444">
     <span class='ocr_line' id='line_1_47' title="bbox 283 4373 1841 4444; baseline 0.005 -23"><span class='ocrx_word' id='word_1_323' title='bbox 283 4373 460 4441; x_wconf 84' lang='grc' dir='ltr'>ίσχύει</span> <span class='ocrx_word' id='word_1_324' title='bbox 509 4373 767 4435; x_wconf 82' lang='grc' dir='ltr'>πολλάκις</span> <span class='ocrx_word' id='word_1_325' title='bbox 821 4376 848 4426; x_wconf 84' lang='grc' dir='ltr'>ὁ</span> <span class='ocrx_word' id='word_1_326' title='bbox 878 4373 1072 4444; x_wconf 74' lang='grc' dir='ltr'>ἐχθρός</span> <span class='ocrx_word' id='word_1_327' title='bbox 1101 4391 1256 4436; x_wconf 83' lang='grc' dir='ltr'>τινας</span> <span class='ocrx_word' id='word_1_328' title='bbox 1285 4375 1613 4443; x_wconf 75' lang='grc' dir='ltr'>ἐργάζεσθαι</span> <span class='ocrx_word' id='word_1_329' title='bbox 1659 4381 1841 4444; x_wconf 81' lang='grc' dir='ltr'>φονεῖς</span> 
     </span>
    </p>
   </div>
   <div class='ocr_carea' id='block_1_48' title="bbox 280 4462 1848 4537">
    <p class='ocr_par' dir='ltr' id='par_1_48' title="bbox 280 4462 1848 4537">
     <span class='ocr_line' id='line_1_48' title="bbox 280 4462 1848 4537; baseline 0.005 -24"><span class='ocrx_word' id='word_1_330' title='bbox 280 4462 523 4515; x_wconf 76' lang='grc' dir='ltr'>ἑαυτῶνο</span> <span class='ocrx_word' id='word_1_331' title='bbox 561 4465 610 4516; x_wconf 89' lang='grc' dir='ltr'><strong>εί</strong></span> <span class='ocrx_word' id='word_1_332' title='bbox 658 4465 732 4534; x_wconf 77' lang='grc' dir='ltr'>μὴ</span> <span class='ocrx_word' id='word_1_333' title='bbox 769 4465 928 4518; x_wconf 86' lang='grc' dir='ltr'>τοῦτο</span> <span class='ocrx_word' id='word_1_334' title='bbox 960 4462 1050 4536; x_wconf 79' lang='grc' dir='ltr'>ἦν,</span> <span class='ocrx_word' id='word_1_335' title='bbox 1087 4467 1293 4535; x_wconf 84' lang='grc' dir='ltr'>ταχέως</span> <span class='ocrx_word' id='word_1_336' title='bbox 1321 4466 1386 4518; x_wconf 86' lang='grc' dir='ltr'><strong>ἂν</strong></span> <span class='ocrx_word' id='word_1_337' title='bbox 1417 4467 1464 4518; x_wconf 80' lang='grc' dir='ltr'>οἱ</span> <span class='ocrx_word' id='word_1_338' title='bbox 1494 4467 1680 4520; x_wconf 85' lang='grc' dir='ltr'>πολλοὶ</span> <span class='ocrx_word' id='word_1_339' title='bbox 1714 4469 1848 4537; x_wconf 72' lang='grc' dir='ltr'>πρὸς</span> 
     </span>
    </p>
   </div>
   <div class='ocr_carea' id='block_1_49' title="bbox 279 4555 1078 4628">
    <p class='ocr_par' dir='ltr' id='par_1_49' title="bbox 279 4555 1078 4628">
     <span class='ocr_line' id='line_1_49' title="bbox 279 4555 1078 4628; baseline 0.008 -20"><span class='ocrx_word' id='word_1_340' title='bbox 279 4555 560 4626; x_wconf 84' lang='grc' dir='ltr'>ἀναίρεσιν</span> <span class='ocrx_word' id='word_1_341' title='bbox 584 4557 788 4612; x_wconf 82' lang='grc' dir='ltr'>ἑαυτῶν</span> <span class='ocrx_word' id='word_1_342' title='bbox 821 4561 1078 4628; x_wconf 76' lang='grc' dir='ltr'>ἐχώρουν.</span> 
     </span>
    </p>
   </div>
   <div class='ocr_carea' id='block_1_50' title="bbox 359 4647 1852 4728">
    <p class='ocr_par' dir='ltr' id='par_1_50' title="bbox 359 4647 1852 4728">
     <span class='ocr_line' id='line_1_50' title="bbox 359 4647 1852 4728; baseline 0.007 -29"><span class='ocrx_word' id='word_1_343' title='bbox 359 4647 538 4700; x_wconf 82' lang='grc' dir='ltr'>Τοῦτο</span> <span class='ocrx_word' id='word_1_344' title='bbox 572 4678 643 4687; x_wconf 86' lang='grc'><strong>-</strong></span> <span class='ocrx_word' id='word_1_345' title='bbox 670 4651 836 4703; x_wconf 81' lang='grc' dir='ltr'><strong>Θεόν.</strong></span> <span class='ocrx_word' id='word_1_346' title='bbox 870 4653 1006 4715; x_wconf 76' lang='grc' dir='ltr'><strong>Δόξα</strong></span> <span class='ocrx_word' id='word_1_347' title='bbox 1038 4653 1144 4721; x_wconf 84' lang='grc' dir='ltr'><strong>γάρ</strong></span> <span class='ocrx_word' id='word_1_348' title='bbox 1171 4652 1232 4706; x_wconf 82' lang='grc' dir='ltr'><strong>οῦ</strong></span> <span class='ocrx_word' id='word_1_349' title='bbox 1267 4655 1427 4723; x_wconf 83' lang='grc' dir='ltr'>μόνον</span> <span class='ocrx_word' id='word_1_350' title='bbox 1461 4657 1557 4709; x_wconf 90' lang='grc' dir='ltr'><strong>τοῦ</strong></span> <span class='ocrx_word' id='word_1_351' title='bbox 1584 4658 1852 4728; x_wconf 79' lang='grc' dir='ltr'>θνήσκον-</span> 
     </span>
    </p>
   </div>
   <div class='ocr_carea' id='block_1_51' title="bbox 280 4738 1850 4823">
    <p class='ocr_par' dir='ltr' id='par_1_51' title="bbox 280 4738 1850 4823">
     <span class='ocr_line' id='line_1_51' title="bbox 280 4738 1850 4823; baseline 0.011 -35"><span class='ocrx_word' id='word_1_352' title='bbox 280 4754 373 4798; x_wconf 86' lang='grc' dir='ltr'><strong>τος</strong></span> <span class='ocrx_word' id='word_1_353' title='bbox 398 4738 665 4806; x_wconf 81' lang='grc' dir='ltr'>μαθητοῦ,</span> <span class='ocrx_word' id='word_1_354' title='bbox 701 4741 838 4793; x_wconf 82' lang='grc' dir='ltr'><strong>ἀλλά</strong></span> <span class='ocrx_word' id='word_1_355' title='bbox 865 4744 956 4794; x_wconf 76' lang='grc' dir='ltr'><strong>καὶ</strong></span> <span class='ocrx_word' id='word_1_356' title='bbox 980 4743 1072 4796; x_wconf 88' lang='grc' dir='ltr'><strong>τοῦ</strong></span> <span class='ocrx_word' id='word_1_357' title='bbox 1103 4744 1257 4809; x_wconf 85' lang='grc' dir='ltr'>Θεοῦ,</span> <span class='ocrx_word' id='word_1_358' title='bbox 1283 4746 1310 4798; x_wconf 87' lang='grc' dir='ltr'>ὁ</span> <span class='ocrx_word' id='word_1_359' title='bbox 1334 4747 1419 4800; x_wconf 74' lang='grc' dir='ltr'><strong>διὰ</strong></span> <span class='ocrx_word' id='word_1_360' title='bbox 1441 4751 1711 4819; x_wconf 85' lang='grc' dir='ltr'>τιμωρίας</span> <span class='ocrx_word' id='word_1_361' title='bbox 1738 4751 1850 4823; x_wconf 71' lang='lat'><strong>(52)</strong></span> 
     </span>
    </p>
   </div>
   <div class='ocr_carea' id='block_1_52' title="bbox 281 4827 1848 4907">
    <p class='ocr_par' dir='ltr' id='par_1_52' title="bbox 281 4827 1848 4907">
     <span class='ocr_line' id='line_1_52' title="bbox 281 4827 1848 4907; baseline 0.009 -30"><span class='ocrx_word' id='word_1_362' title='bbox 281 4827 541 4889; x_wconf 87' lang='grc' dir='ltr'>θάνατος·</span> <span class='ocrx_word' id='word_1_363' title='bbox 589 4829 682 4881; x_wconf 91' lang='grc' dir='ltr'><strong>τοῦ</strong></span> <span class='ocrx_word' id='word_1_364' title='bbox 727 4829 1050 4898; x_wconf 82' lang='grc' dir='ltr'>θνήσκοντος</span> <span class='ocrx_word' id='word_1_365' title='bbox 1095 4834 1215 4901; x_wconf 84' lang='grc' dir='ltr'>μὲν,</span> <span class='ocrx_word' id='word_1_366' title='bbox 1264 4835 1344 4887; x_wconf 77' lang='grc' dir='ltr'><strong>ὅτι</strong></span> <span class='ocrx_word' id='word_1_367' title='bbox 1399 4836 1540 4907; x_wconf 79' lang='grc' dir='ltr'>ὑπὲρ</span> <span class='ocrx_word' id='word_1_368' title='bbox 1568 4837 1662 4889; x_wconf 81' lang='grc' dir='ltr'><strong>τοῦ</strong></span> <span class='ocrx_word' id='word_1_369' title='bbox 1710 4837 1848 4891; x_wconf 88' lang='grc' dir='ltr'>Θεοῦ</span> 
     </span>
    </p>
   </div>
   <div class='ocr_carea' id='block_1_53' title="bbox 283 4917 1786 5003">
    <p class='ocr_par' dir='ltr' id='par_1_53' title="bbox 283 4917 1786 5003">
     <span class='ocr_line' id='line_1_53' title="bbox 283 4917 1786 5003; baseline 0.009 -33"><span class='ocrx_word' id='word_1_370' title='bbox 283 4917 546 4988; x_wconf 86' lang='grc' dir='ltr'>θνήσκει,</span> <span class='ocrx_word' id='word_1_371' title='bbox 576 4919 669 4971; x_wconf 84' lang='grc' dir='ltr'><strong>τοῦ</strong></span> <span class='ocrx_word' id='word_1_372' title='bbox 703 4920 839 4974; x_wconf 86' lang='grc' dir='ltr'>Θεοῦ</span> <span class='ocrx_word' id='word_1_373' title='bbox 873 4921 961 4986; x_wconf 79' lang='grc' dir='ltr'>δὲ,</span> <span class='ocrx_word' id='word_1_374' title='bbox 995 4924 1075 4975; x_wconf 78' lang='grc' dir='ltr'>ὅτι</span> <span class='ocrx_word' id='word_1_375' title='bbox 1107 4925 1349 4980; x_wconf 80' lang='grc' dir='ltr'>τοιοῦτον</span> <span class='ocrx_word' id='word_1_376' title='bbox 1371 4926 1480 4997; x_wconf 77' lang='grc' dir='ltr'>ἔχει</span> <span class='ocrx_word' id='word_1_377' title='bbox 1516 4930 1786 5003; x_wconf 72' lang='grc' dir='ltr'>μαθητήν.</span> 
     </span>
    </p>
   </div>
   <div class='ocr_carea' id='block_1_54' title="bbox 361 5143 863 5214">
    <p class='ocr_par' dir='ltr' id='par_1_54' title="bbox 361 5143 863 5214">
     <span class='ocr_line' id='line_1_54' title="bbox 361 5143 863 5214; baseline 0.006 -18"><span class='ocrx_word' id='word_1_378' title='bbox 361 5145 405 5176; x_wconf 76' lang='grc'><strong>⁸⁸</strong></span> <span class='ocrx_word' id='word_1_379' title='bbox 435 5143 636 5214; x_wconf 82' lang='lat' dir='ltr'><strong>Ephes.</strong></span> <span class='ocrx_word' id='word_1_380' title='bbox 663 5161 736 5212; x_wconf 83' lang='lat' dir='ltr'><strong>tv,</strong></span> <span class='ocrx_word' id='word_1_381' title='bbox 774 5149 863 5201; x_wconf 75' lang='grc'><strong>15.</strong></span> 
     </span>
    </p>
   </div>
   <div class='ocr_carea' id='block_1_55' title="bbox 359 5385 1138 5457">
    <p class='ocr_par' dir='ltr' id='par_1_55' title="bbox 359 5385 1138 5457">
     <span class='ocr_line' id='line_1_55' title="bbox 359 5385 1138 5457; baseline -0.005 -15"><span class='ocrx_word' id='word_1_382' title='bbox 359 5387 469 5457; x_wconf 66' lang='grc'>(49)</span> <span class='ocrx_word' id='word_1_383' title='bbox 503 5387 681 5441; x_wconf 81' lang='lat' dir='ltr'><strong>Malim</strong></span> <span class='ocrx_word' id='word_1_384' title='bbox 715 5385 1138 5456; x_wconf 84' lang='grc' dir='ltr'>θεραπεύσαντι.</span> 
     </span>
    </p>
   </div>
   <div class='ocr_carea' id='block_1_56' title="bbox 361 5458 855 5528">
    <p class='ocr_par' dir='ltr' id='par_1_56' title="bbox 361 5458 855 5528">
     <span class='ocr_line' id='line_1_56' title="bbox 361 5458 855 5528; baseline -0.008 -15"><span class='ocrx_word' id='word_1_385' title='bbox 361 5460 472 5528; x_wconf 85' lang='grc'>(50)</span> <span class='ocrx_word' id='word_1_386' title='bbox 505 5460 570 5528; x_wconf 64' lang='lat' dir='ltr'><strong>de</strong></span> <span class='ocrx_word' id='word_1_387' title='bbox 596 5458 754 5512; x_wconf 84' lang='lat' dir='ltr'><strong>abest</strong></span> <span class='ocrx_word' id='word_1_388' title='bbox 793 5462 855 5509; x_wconf 80' lang='grc' dir='ltr'><strong>Α.</strong></span> 
     </span>
    </p>
   </div>
   <div class='ocr_carea' id='block_1_57' title="bbox 357 5527 1628 5602">
    <p class='ocr_par' dir='ltr' id='par_1_57' title="bbox 357 5527 1628 5602">
     <span class='ocr_line' id='line_1_57' title="bbox 357 5527 1628 5602; baseline -0.001 -19"><span class='ocrx_word' id='word_1_389' title='bbox 357 5530 467 5599; x_wconf 80' lang='grc'><strong>(51)</strong></span> <span class='ocrx_word' id='word_1_390' title='bbox 509 5527 584 5582; x_wconf 86' lang='lat' dir='ltr'><strong>Ita</strong></span> <span class='ocrx_word' id='word_1_391' title='bbox 616 5539 862 5598; x_wconf 86' lang='lat' dir='ltr'><strong>uterque.</strong></span> <span class='ocrx_word' id='word_1_392' title='bbox 931 5527 1090 5583; x_wconf 89' lang='lat' dir='ltr'><strong>Forte</strong></span> <span class='ocrx_word' id='word_1_393' title='bbox 1117 5527 1254 5593; x_wconf 80' lang='grc' dir='ltr'>ἄξει,</span> <span class='ocrx_word' id='word_1_394' title='bbox 1281 5536 1372 5582; x_wconf 88' lang='lat' dir='ltr'><strong>aut</strong></span> <span class='ocrx_word' id='word_1_395' title='bbox 1395 5527 1628 5602; x_wconf 81' lang='grc' dir='ltr'>ἀχθήσῃ.</span> 
     </span>
    </p>
   </div>
   <div class='ocr_carea' id='block_1_58' title="bbox 361 5693 1848 5765">
    <p class='ocr_par' dir='ltr' id='par_1_58' title="bbox 361 5693 1848 5765">
     <span class='ocr_line' id='line_1_58' title="bbox 361 5693 1848 5765; baseline -0.001 -17"><span class='ocrx_word' id='word_1_396' title='bbox 361 5697 435 5765; x_wconf 69' lang='lat' dir='ltr'><strong>(ﬂ)</strong></span> <span class='ocrx_word' id='word_1_397' title='bbox 495 5695 609 5748; x_wconf 84' lang='lat' dir='ltr'><strong>Etsi</strong></span> <span class='ocrx_word' id='word_1_398' title='bbox 667 5693 966 5749; x_wconf 83' lang='lat' dir='ltr'><strong>ilentenius</strong></span> <span class='ocrx_word' id='word_1_399' title='bbox 1031 5696 1193 5750; x_wconf 83' lang='lat' dir='ltr'><strong>etiam</strong></span> <span class='ocrx_word' id='word_1_400' title='bbox 1257 5694 1470 5748; x_wconf 86' lang='lat' dir='ltr'><strong>videtur</strong></span> <span class='ocrx_word' id='word_1_401' title='bbox 1511 5694 1707 5763; x_wconf 79' lang='lat' dir='ltr'><strong>legisse</strong></span> <span class='ocrx_word' id='word_1_402' title='bbox 1752 5697 1848 5748; x_wconf 72' lang='grc' dir='ltr'><strong>καὶ</strong></span> 
     </span>
    </p>
   </div>
   <div class='ocr_carea' id='block_1_59' title="bbox 291 5766 1844 5874">
    <p class='ocr_par' dir='ltr' id='par_1_59' title="bbox 291 5766 1844 5874">
     <span class='ocr_line' id='line_1_59' title="bbox 291 5766 1844 5874; baseline -0.001 -56"><span class='ocrx_word' id='word_1_403' title='bbox 291 5767 752 5874; x_wconf 46' lang='grc' dir='ltr'>σιριῇρυνέστερον,</span> <span class='ocrx_word' id='word_1_404' title='bbox 783 5777 961 5821; x_wconf 88' lang='lat' dir='ltr'><strong>tamen</strong></span> <span class='ocrx_word' id='word_1_405' title='bbox 1003 5767 1213 5833; x_wconf 83' lang='lat' dir='ltr'><strong>malim,</strong></span> <span class='ocrx_word' id='word_1_406' title='bbox 1261 5766 1698 5835; x_wconf 66' lang='grc' dir='ltr'>σωφρονέστερον</span> <span class='ocrx_word' id='word_1_407' title='bbox 1737 5769 1844 5837; x_wconf 69' lang='grc' dir='ltr'><strong>γάρ</strong></span> 
     </span>
     <span class='ocr_line' id='line_1_60' title="bbox 291 5849 667 5874; baseline 0 0"><span class='ocrx_word' id='word_1_408' title='bbox 291 5853 390 5874; x_wconf 60' lang='grc' dir='ltr'><strong>ηυτ-</strong></span> <span class='ocrx_word' id='word_1_409' title='bbox 413 5857 449 5874; x_wconf 73' lang='grc'><strong>.¹1</strong></span> <span class='ocrx_word' id='word_1_410' title='bbox 475 5853 506 5874; x_wconf 79' lang='grc' dir='ltr'><strong>ν</strong></span> <span class='ocrx_word' id='word_1_411' title='bbox 563 5853 591 5874; x_wconf 65' lang='lat'><strong>‘1&#39;</strong></span> <span class='ocrx_word' id='word_1_412' title='bbox 653 5849 667 5874; x_wconf 79' lang='lat'><strong><em>)</em></strong></span> 
     </span>
    </p>
   </div>
   <div class='ocr_carea' id='block_1_60' title="bbox 290 5849 697 5890">
    <p class='ocr_par' dir='ltr' id='par_1_60' title="bbox 290 5849 697 5890">
     <span class='ocr_line' id='line_1_61' title="bbox 290 5849 697 5890; baseline 0.002 -3"><span class='ocrx_word' id='word_1_413' title='bbox 290 5849 449 5888; x_wconf 69' lang='grc' dir='ltr'>αυτον</span> <span class='ocrx_word' id='word_1_414' title='bbox 475 5853 530 5889; x_wconf 83' lang='grc' dir='ltr'>κ.</span> <span class='ocrx_word' id='word_1_415' title='bbox 563 5853 612 5890; x_wconf 85' lang='grc' dir='ltr'>τ.</span> <span class='ocrx_word' id='word_1_416' title='bbox 649 5849 697 5888; x_wconf 69' lang='lat'><strong>1..</strong></span> 
     </span>
    </p>
   </div>
   <div class='ocr_carea' id='block_1_61' title="bbox 1941 607 3517 682">
    <p class='ocr_par' dir='ltr' id='par_1_61' title="bbox 1941 607 3517 682">
     <span class='ocr_line' id='line_1_62' title="bbox 1941 607 3517 682; baseline -0.003 -16"><span class='ocrx_word' id='word_1_417' title='bbox 1941 612 2028 682; x_wconf 78' lang='lat' dir='ltr'><strong>(ff)</strong></span> <span class='ocrx_word' id='word_1_418' title='bbox 2073 609 2302 664; x_wconf 63' lang='lat' dir='ltr'><strong>allectus</strong></span> <span class='ocrx_word' id='word_1_419' title='bbox 2335 610 2424 662; x_wconf 89' lang='lat' dir='ltr'><strong>ille</strong></span> <span class='ocrx_word' id='word_1_420' title='bbox 2470 607 2798 673; x_wconf 75' lang='lat' dir='ltr'><strong>reddiderat,</strong></span> <span class='ocrx_word' id='word_1_421' title='bbox 2847 622 3081 663; x_wconf 70' lang='lat' dir='ltr'><strong>mterore</strong></span> <span class='ocrx_word' id='word_1_422' title='bbox 3135 608 3364 662; x_wconf 78' lang='lat' dir='ltr'><strong>aﬂ‘ectus</strong></span> <span class='ocrx_word' id='word_1_423' title='bbox 3412 617 3517 673; x_wconf 83' lang='lat' dir='ltr'><strong>est,</strong></span> 
     </span>
    </p>
   </div>
   <div class='ocr_carea' id='block_1_62' title="bbox 1945 690 3510 769">
    <p class='ocr_par' dir='ltr' id='par_1_62' title="bbox 1945 690 3510 769">
     <span class='ocr_line' id='line_1_63' title="bbox 1945 690 3510 769; baseline -0.002 -12"><span class='ocrx_word' id='word_1_424' title='bbox 1945 705 2192 758; x_wconf 88' lang='lat' dir='ltr'><strong>turbatus</strong></span> <span class='ocrx_word' id='word_1_425' title='bbox 2244 711 2348 766; x_wconf 91' lang='lat' dir='ltr'><strong>est,</strong></span> <span class='ocrx_word' id='word_1_426' title='bbox 2398 701 2558 755; x_wconf 88' lang='lat' dir='ltr'><strong>etiam</strong></span> <span class='ocrx_word' id='word_1_427' title='bbox 2607 701 2807 769; x_wconf 90' lang='lat' dir='ltr'><strong>ipsum,</strong></span> <span class='ocrx_word' id='word_1_428' title='bbox 2845 710 2901 754; x_wconf 87' lang='lat' dir='ltr'><strong>ut</strong></span> <span class='ocrx_word' id='word_1_429' title='bbox 2951 690 3044 769; x_wconf 87' lang='lat' dir='ltr'><strong>qui</strong></span> <span class='ocrx_word' id='word_1_430' title='bbox 3090 701 3276 754; x_wconf 86' lang='lat' dir='ltr'><strong>omnia</strong></span> <span class='ocrx_word' id='word_1_431' title='bbox 3319 710 3510 754; x_wconf 84' lang='lat' dir='ltr'><strong>nosset</strong></span> 
     </span>
    </p>
   </div>
   <div class='ocr_carea' id='block_1_63' title="bbox 1940 793 3521 866">
    <p class='ocr_par' dir='ltr' id='par_1_63' title="bbox 1940 793 3521 866">
     <span class='ocr_line' id='line_1_64' title="bbox 1940 793 3521 866; baseline -0.003 -16"><span class='ocrx_word' id='word_1_432' title='bbox 1940 798 2252 866; x_wconf 87' lang='lat' dir='ltr'><strong>priusquam</strong></span> <span class='ocrx_word' id='word_1_433' title='bbox 2302 793 2512 856; x_wconf 82' lang='lat' dir='ltr'><strong>ﬁerent,</strong></span> <span class='ocrx_word' id='word_1_434' title='bbox 2570 802 2762 846; x_wconf 83' lang='lat' dir='ltr'><strong>testem</strong></span> <span class='ocrx_word' id='word_1_435' title='bbox 2805 793 2933 847; x_wconf 82' lang='lat' dir='ltr'><strong>facit</strong></span> <span class='ocrx_word' id='word_1_436' title='bbox 2961 801 3015 846; x_wconf 86' lang='lat' dir='ltr'><strong>et</strong></span> <span class='ocrx_word' id='word_1_437' title='bbox 3043 793 3154 846; x_wconf 89' lang='lat' dir='ltr'><strong>ait:</strong></span> <span class='ocrx_word' id='word_1_438' title='bbox 3208 793 3279 845; x_wconf 86' lang='lat' dir='ltr'><strong>Tu</strong></span> <span class='ocrx_word' id='word_1_439' title='bbox 3345 794 3521 845; x_wconf 80' lang='lat' dir='ltr'><strong>omnia</strong></span> 
     </span>
    </p>
   </div>
   <div class='ocr_carea' id='block_1_64' title="bbox 1940 883 3520 957">
    <p class='ocr_par' dir='ltr' id='par_1_64' title="bbox 1940 883 3520 957">
     <span class='ocr_line' id='line_1_65' title="bbox 1940 883 3520 957; baseline -0.006 -13"><span class='ocrx_word' id='word_1_440' title='bbox 1940 890 2092 954; x_wconf 80' lang='lat' dir='ltr'><strong>nosti,</strong></span> <span class='ocrx_word' id='word_1_441' title='bbox 2139 897 2194 942; x_wconf 88' lang='lat' dir='ltr'><strong>et</strong></span> <span class='ocrx_word' id='word_1_442' title='bbox 2225 886 2513 957; x_wconf 60' lang='lat' dir='ltr'><strong>praesentia</strong></span> <span class='ocrx_word' id='word_1_443' title='bbox 2569 896 2624 938; x_wconf 89' lang='lat' dir='ltr'><strong>et</strong></span> <span class='ocrx_word' id='word_1_444' title='bbox 2673 899 2794 955; x_wconf 72' lang='lat' dir='ltr'><strong>quae</strong></span> <span class='ocrx_word' id='word_1_445' title='bbox 2841 883 3020 947; x_wconf 77' lang='lat' dir='ltr'><strong>futura</strong></span> <span class='ocrx_word' id='word_1_446' title='bbox 3073 893 3219 948; x_wconf 90' lang='lat' dir='ltr'><strong>sunt,</strong></span> <span class='ocrx_word' id='word_1_447' title='bbox 3268 893 3520 951; x_wconf 87' lang='lat' dir='ltr'><strong>tanquam</strong></span> 
     </span>
    </p>
   </div>
   <div class='ocr_carea' id='block_1_65' title="bbox 1939 969 3524 1045">
    <p class='ocr_par' dir='ltr' id='par_1_65' title="bbox 1939 969 3524 1045">
     <span class='ocr_line' id='line_1_66' title="bbox 1939 969 3524 1045; baseline -0.004 -13"><span class='ocrx_word' id='word_1_448' title='bbox 1939 980 2082 1034; x_wconf 88' lang='lat' dir='ltr'><strong>Deus</strong></span> <span class='ocrx_word' id='word_1_449' title='bbox 2113 995 2128 1043; x_wconf 89' lang='lat'><strong>;</strong></span> <span class='ocrx_word' id='word_1_450' title='bbox 2162 987 2215 1032; x_wconf 89' lang='lat' dir='ltr'><strong>tu</strong></span> <span class='ocrx_word' id='word_1_451' title='bbox 2251 977 2380 1038; x_wconf 90' lang='lat' dir='ltr'><strong>scis,</strong></span> <span class='ocrx_word' id='word_1_452' title='bbox 2408 975 2548 1045; x_wconf 86' lang='lat' dir='ltr'><strong>quod</strong></span> <span class='ocrx_word' id='word_1_453' title='bbox 2571 991 2720 1029; x_wconf 90' lang='lat' dir='ltr'><strong>nunc</strong></span> <span class='ocrx_word' id='word_1_454' title='bbox 2764 969 2874 1034; x_wconf 75' lang='lat' dir='ltr'><strong>toto</strong></span> <span class='ocrx_word' id='word_1_455' title='bbox 2905 974 3069 1028; x_wconf 88' lang='lat' dir='ltr'><strong>corde</strong></span> <span class='ocrx_word' id='word_1_456' title='bbox 3100 983 3150 1026; x_wconf 88' lang='lat' dir='ltr'><strong>te</strong></span> <span class='ocrx_word' id='word_1_457' title='bbox 3201 989 3374 1027; x_wconf 85' lang='lat' dir='ltr'><strong>amem</strong></span> <span class='ocrx_word' id='word_1_458' title='bbox 3401 989 3416 1036; x_wconf 88' lang='lat'><strong>;</strong></span> <span class='ocrx_word' id='word_1_459' title='bbox 3469 985 3524 1026; x_wconf 88' lang='lat' dir='ltr'><strong>et</strong></span> 
     </span>
    </p>
   </div>
   <div class='ocr_carea' id='block_1_66' title="bbox 1937 1061 3522 1137">
    <p class='ocr_par' dir='ltr' id='par_1_66' title="bbox 1937 1061 3522 1137">
     <span class='ocr_line' id='line_1_67' title="bbox 1937 1061 3522 1137; baseline -0.005 -13"><span class='ocrx_word' id='word_1_460' title='bbox 1937 1069 2072 1124; x_wconf 82' lang='lat' dir='ltr'><strong>nihil</strong></span> <span class='ocrx_word' id='word_1_461' title='bbox 2099 1069 2334 1137; x_wconf 92' lang='lat' dir='ltr'><strong>amplius</strong></span> <span class='ocrx_word' id='word_1_462' title='bbox 2359 1067 2507 1128; x_wconf 81' lang='lat' dir='ltr'><strong>dicit,</strong></span> <span class='ocrx_word' id='word_1_463' title='bbox 2541 1065 2796 1135; x_wconf 62' lang='lat' dir='ltr'><strong>ignotans</strong></span> <span class='ocrx_word' id='word_1_464' title='bbox 2823 1065 2949 1134; x_wconf 89' lang='lat' dir='ltr'><strong>quid</strong></span> <span class='ocrx_word' id='word_1_465' title='bbox 2983 1065 3222 1118; x_wconf 90' lang='lat' dir='ltr'><strong>futurum</strong></span> <span class='ocrx_word' id='word_1_466' title='bbox 3249 1062 3338 1118; x_wconf 80' lang='lat' dir='ltr'><strong>sit.</strong></span> <span class='ocrx_word' id='word_1_467' title='bbox 3389 1061 3522 1116; x_wconf 81' lang='lat' dir='ltr'><strong>Nam</strong></span> 
     </span>
    </p>
   </div>
   <div class='ocr_carea' id='block_1_67' title="bbox 1940 1156 3521 1231">
    <p class='ocr_par' dir='ltr' id='par_1_67' title="bbox 1940 1156 3521 1231">
     <span class='ocr_line' id='line_1_68' title="bbox 1940 1156 3521 1231; baseline -0.006 -16"><span class='ocrx_word' id='word_1_468' title='bbox 1940 1163 2099 1231; x_wconf 87' lang='lat' dir='ltr'><strong>paulo</strong></span> <span class='ocrx_word' id='word_1_469' title='bbox 2131 1170 2280 1222; x_wconf 88' lang='lat' dir='ltr'><strong>ante,</strong></span> <span class='ocrx_word' id='word_1_470' title='bbox 2306 1174 2427 1213; x_wconf 92' lang='lat' dir='ltr'><strong>cum</strong></span> <span class='ocrx_word' id='word_1_471' title='bbox 2477 1156 2912 1218; x_wconf 68' lang='lat' dir='ltr'><strong>contradixisst-t,</strong></span> <span class='ocrx_word' id='word_1_472' title='bbox 2936 1157 3219 1209; x_wconf 83' lang='lat' dir='ltr'><strong>convictus</strong></span> <span class='ocrx_word' id='word_1_473' title='bbox 3250 1163 3332 1210; x_wconf 80' lang='lat' dir='ltr'><strong>est</strong></span> <span class='ocrx_word' id='word_1_474' title='bbox 3379 1156 3521 1222; x_wconf 76' lang='lat' dir='ltr'><strong>quod</strong></span> 
     </span>
    </p>
   </div>
   <div class='ocr_carea' id='block_1_68' title="bbox 1940 1245 3525 1314">
    <p class='ocr_par' dir='ltr' id='par_1_68' title="bbox 1940 1245 3525 1314">
     <span class='ocr_line' id='line_1_69' title="bbox 1940 1245 3525 1314; baseline -0.004 -9"><span class='ocrx_word' id='word_1_475' title='bbox 1940 1268 2132 1305; x_wconf 77' lang='lat' dir='ltr'><strong>vanam</strong></span> <span class='ocrx_word' id='word_1_476' title='bbox 2168 1250 2424 1304; x_wconf 81' lang='lat' dir='ltr'><strong>habuerit</strong></span> <span class='ocrx_word' id='word_1_477' title='bbox 2461 1249 2528 1302; x_wconf 85' lang='lat' dir='ltr'><strong>de</strong></span> <span class='ocrx_word' id='word_1_478' title='bbox 2563 1263 2621 1301; x_wconf 86' lang='lat' dir='ltr'><strong>se</strong></span> <span class='ocrx_word' id='word_1_479' title='bbox 2646 1247 2920 1300; x_wconf 77' lang='lat' dir='ltr'><strong>fiduciam.</strong></span> <span class='ocrx_word' id='word_1_480' title='bbox 2955 1245 3289 1314; x_wconf 75' lang='lat' dir='ltr'><strong>Agniitaque</strong></span> <span class='ocrx_word' id='word_1_481' title='bbox 3315 1253 3369 1297; x_wconf 89' lang='lat' dir='ltr'><strong>et</strong></span> <span class='ocrx_word' id='word_1_482' title='bbox 3395 1260 3525 1299; x_wconf 75' lang='lat' dir='ltr'><strong>oves</strong></span> 
     </span>
    </p>
   </div>
   <div class='ocr_carea' id='block_1_69' title="bbox 1940 1339 3522 1412">
    <p class='ocr_par' dir='ltr' id='par_1_69' title="bbox 1940 1339 3522 1412">
     <span class='ocr_line' id='line_1_70' title="bbox 1940 1339 3522 1412; baseline -0.01 -10"><span class='ocrx_word' id='word_1_483' title='bbox 1940 1348 2198 1402; x_wconf 83' lang='lat' dir='ltr'><strong>dicuntur</strong></span> <span class='ocrx_word' id='word_1_484' title='bbox 2241 1339 2494 1412; x_wconf 84' lang='lat' dir='ltr'><strong>discipuli</strong></span> <span class='ocrx_word' id='word_1_485' title='bbox 2529 1349 2748 1411; x_wconf 78' lang='lat' dir='ltr'><strong>propter</strong></span> <span class='ocrx_word' id='word_1_486' title='bbox 2779 1339 3178 1407; x_wconf 81' lang='lat' dir='ltr'><strong>simplicitatem</strong></span> <span class='ocrx_word' id='word_1_487' title='bbox 3211 1352 3274 1390; x_wconf 83' lang='lat' dir='ltr'><strong>ac</strong></span> <span class='ocrx_word' id='word_1_488' title='bbox 3305 1351 3522 1404; x_wconf 88' lang='lat' dir='ltr'><strong>promp-</strong></span> 
     </span>
    </p>
   </div>
   <div class='ocr_carea' id='block_1_70' title="bbox 1940 1426 3525 1496">
    <p class='ocr_par' dir='ltr' id='par_1_70' title="bbox 1940 1426 3525 1496">
     <span class='ocr_line' id='line_1_71' title="bbox 1940 1426 3525 1496; baseline -0.009 -4"><span class='ocrx_word' id='word_1_489' title='bbox 1940 1437 2224 1492; x_wconf 90' lang='lat' dir='ltr'><strong>titudinem</strong></span> <span class='ocrx_word' id='word_1_490' title='bbox 2255 1434 2321 1488; x_wconf 83' lang='lat' dir='ltr'><strong>ad</strong></span> <span class='ocrx_word' id='word_1_491' title='bbox 2349 1439 2469 1496; x_wconf 87' lang='lat' dir='ltr'><strong>hoc,</strong></span> <span class='ocrx_word' id='word_1_492' title='bbox 2528 1441 2585 1485; x_wconf 93' lang='lat' dir='ltr'><strong>ut</strong></span> <span class='ocrx_word' id='word_1_493' title='bbox 2616 1430 2982 1483; x_wconf 89' lang='lat' dir='ltr'><strong>immolentur.</strong></span> <span class='ocrx_word' id='word_1_494' title='bbox 3041 1427 3103 1481; x_wconf 84' lang='lat' dir='ltr'><strong>Et</strong></span> <span class='ocrx_word' id='word_1_495' title='bbox 3146 1443 3363 1481; x_wconf 85' lang='lat' dir='ltr'><strong>rursum</strong></span> <span class='ocrx_word' id='word_1_496' title='bbox 3402 1426 3525 1496; x_wconf 76' lang='lat' dir='ltr'><strong>agni</strong></span> 
     </span>
    </p>
   </div>
   <div class='ocr_carea' id='block_1_71' title="bbox 1943 1519 3519 1598">
    <p class='ocr_par' dir='ltr' id='par_1_71' title="bbox 1943 1519 3519 1598">
     <span class='ocr_line' id='line_1_72' title="bbox 1943 1519 3519 1598; baseline -0.008 -14"><span class='ocrx_word' id='word_1_497' title='bbox 1943 1531 2166 1598; x_wconf 84' lang='lat' dir='ltr'><strong>quidem</strong></span> <span class='ocrx_word' id='word_1_498' title='bbox 2226 1525 2658 1596; x_wconf 84' lang='lat' dir='ltr'><strong>imperfectiores</strong></span> <span class='ocrx_word' id='word_1_499' title='bbox 2693 1562 2707 1586; x_wconf 98' lang='lat'><strong>,</strong></span> <span class='ocrx_word' id='word_1_500' title='bbox 2734 1537 2864 1577; x_wconf 75' lang='lat' dir='ltr'><strong>oves</strong></span> <span class='ocrx_word' id='word_1_501' title='bbox 2899 1529 3103 1584; x_wconf 87' lang='lat' dir='ltr'><strong>autem,</strong></span> <span class='ocrx_word' id='word_1_502' title='bbox 3141 1519 3519 1589; x_wconf 79' lang='lat' dir='ltr'><strong>perfectiores.</strong></span> 
     </span>
    </p>
   </div>
   <div class='ocr_carea' id='block_1_72' title="bbox 2007 1628 3527 1701">
    <p class='ocr_par' dir='ltr' id='par_1_72' title="bbox 2007 1628 3527 1701">
     <span class='ocr_line' id='line_1_73' title="bbox 2007 1628 3527 1701; baseline -0.005 -13"><span class='ocrx_word' id='word_1_503' title='bbox 2007 1636 2169 1689; x_wconf 88' lang='lat' dir='ltr'><strong>Petro</strong></span> <span class='ocrx_word' id='word_1_504' title='bbox 2206 1633 2386 1701; x_wconf 86' lang='lat' dir='ltr'><strong>itaque</strong></span> <span class='ocrx_word' id='word_1_505' title='bbox 2427 1630 2534 1701; x_wconf 85' lang='lat' dir='ltr'><strong>(gg)</strong></span> <span class='ocrx_word' id='word_1_506' title='bbox 2583 1629 2842 1699; x_wconf 90' lang='lat' dir='ltr'><strong>pascendi</strong></span> <span class='ocrx_word' id='word_1_507' title='bbox 2875 1643 3058 1681; x_wconf 88' lang='lat' dir='ltr'><strong>curam</strong></span> <span class='ocrx_word' id='word_1_508' title='bbox 3092 1642 3153 1680; x_wconf 89' lang='lat' dir='ltr'><strong>ac</strong></span> <span class='ocrx_word' id='word_1_509' title='bbox 3175 1628 3527 1697; x_wconf 80' lang='lat' dir='ltr'><strong>gubernatio—</strong></span> 
     </span>
    </p>
   </div>
   <div class='ocr_carea' id='block_1_73' title="bbox 1937 1714 3528 1786">
    <p class='ocr_par' dir='ltr' id='par_1_73' title="bbox 1937 1714 3528 1786">
     <span class='ocr_line' id='line_1_74' title="bbox 1937 1714 3528 1786; baseline -0.006 -8"><span class='ocrx_word' id='word_1_510' title='bbox 1937 1739 2064 1778; x_wconf 87' lang='lat' dir='ltr'><strong>nem</strong></span> <span class='ocrx_word' id='word_1_511' title='bbox 2097 1721 2412 1782; x_wconf 86' lang='lat' dir='ltr'><strong>committit,</strong></span> <span class='ocrx_word' id='word_1_512' title='bbox 2439 1729 2497 1770; x_wconf 90' lang='lat' dir='ltr'><strong>ut</strong></span> <span class='ocrx_word' id='word_1_513' title='bbox 2555 1721 2644 1786; x_wconf 88' lang='lat' dir='ltr'><strong>qui</strong></span> <span class='ocrx_word' id='word_1_514' title='bbox 2677 1727 2729 1770; x_wconf 87' lang='lat' dir='ltr'><strong>et</strong></span> <span class='ocrx_word' id='word_1_515' title='bbox 2754 1715 2904 1784; x_wconf 82' lang='lat' dir='ltr'><strong>prius</strong></span> <span class='ocrx_word' id='word_1_516' title='bbox 2928 1714 3125 1767; x_wconf 84' lang='lat' dir='ltr'><strong>amaris</strong></span> <span class='ocrx_word' id='word_1_517' title='bbox 3147 1714 3250 1767; x_wconf 61' lang='lat' dir='ltr'><strong>illis</strong></span> <span class='ocrx_word' id='word_1_518' title='bbox 3275 1715 3528 1783; x_wconf 81' lang='lat' dir='ltr'><strong>laerymis</strong></span> 
     </span>
    </p>
   </div>
   <div class='ocr_carea' id='block_1_74' title="bbox 1943 1810 3526 1888">
    <p class='ocr_par' dir='ltr' id='par_1_74' title="bbox 1943 1810 3526 1888">
     <span class='ocr_line' id='line_1_75' title="bbox 1943 1810 3526 1888; baseline -0.006 -17"><span class='ocrx_word' id='word_1_519' title='bbox 1943 1816 2250 1888; x_wconf 76' lang='lat' dir='ltr'><strong>negationis</strong></span> <span class='ocrx_word' id='word_1_520' title='bbox 2286 1814 2556 1868; x_wconf 85' lang='lat' dir='ltr'><strong>maculam</strong></span> <span class='ocrx_word' id='word_1_521' title='bbox 2579 1810 2834 1873; x_wconf 88' lang='lat' dir='ltr'><strong>abluerit,</strong></span> <span class='ocrx_word' id='word_1_522' title='bbox 2890 1817 2945 1863; x_wconf 91' lang='lat' dir='ltr'><strong>et</strong></span> <span class='ocrx_word' id='word_1_523' title='bbox 2969 1823 3114 1862; x_wconf 89' lang='lat' dir='ltr'><strong>nunc</strong></span> <span class='ocrx_word' id='word_1_524' title='bbox 3148 1823 3366 1862; x_wconf 88' lang='lat' dir='ltr'><strong>rursum</strong></span> <span class='ocrx_word' id='word_1_525' title='bbox 3427 1823 3526 1878; x_wconf 89' lang='lat' dir='ltr'><strong>pro</strong></span> 
     </span>
    </p>
   </div>
   <div class='ocr_carea' id='block_1_75' title="bbox 1945 1899 3527 1976">
    <p class='ocr_par' dir='ltr' id='par_1_75' title="bbox 1945 1899 3527 1976">
     <span class='ocr_line' id='line_1_76' title="bbox 1945 1899 3527 1976; baseline -0.006 -15"><span class='ocrx_word' id='word_1_526' title='bbox 1945 1911 2085 1962; x_wconf 88' lang='lat' dir='ltr'><strong>trina</strong></span> <span class='ocrx_word' id='word_1_527' title='bbox 2120 1908 2406 1976; x_wconf 79' lang='lat' dir='ltr'><strong>negatione</strong></span> <span class='ocrx_word' id='word_1_528' title='bbox 2467 1905 2668 1958; x_wconf 82' lang='lat' dir='ltr'><strong>trinam</strong></span> <span class='ocrx_word' id='word_1_529' title='bbox 2720 1901 2915 1956; x_wconf 71' lang='lat' dir='ltr'><strong>offerat</strong></span> <span class='ocrx_word' id='word_1_530' title='bbox 2962 1899 3408 1953; x_wconf 75' lang='lat' dir='ltr'><strong>confessionem:</strong></span> <span class='ocrx_word' id='word_1_531' title='bbox 3469 1908 3527 1954; x_wconf 88' lang='lat' dir='ltr'><strong>et</strong></span> 
     </span>
    </p>
   </div>
   <div class='ocr_carea' id='block_1_76' title="bbox 1943 1989 3516 2068">
    <p class='ocr_par' dir='ltr' id='par_1_76' title="bbox 1943 1989 3516 2068">
     <span class='ocr_line' id='line_1_77' title="bbox 1943 1989 3516 2068; baseline -0.007 -13"><span class='ocrx_word' id='word_1_532' title='bbox 1943 2013 2071 2055; x_wconf 92' lang='lat' dir='ltr'><strong>tunc</strong></span> <span class='ocrx_word' id='word_1_533' title='bbox 2093 2000 2310 2068; x_wconf 85' lang='lat' dir='ltr'><strong>quidem</strong></span> <span class='ocrx_word' id='word_1_534' title='bbox 2341 2012 2529 2066; x_wconf 89' lang='lat' dir='ltr'><strong>opere,</strong></span> <span class='ocrx_word' id='word_1_535' title='bbox 2553 2009 2699 2048; x_wconf 89' lang='lat' dir='ltr'><strong>nunc</strong></span> <span class='ocrx_word' id='word_1_536' title='bbox 2728 2000 2912 2046; x_wconf 88' lang='lat' dir='ltr'><strong>autem</strong></span> <span class='ocrx_word' id='word_1_537' title='bbox 2941 1991 3132 2053; x_wconf 86' lang='lat' dir='ltr'><strong>verbo,</strong></span> <span class='ocrx_word' id='word_1_538' title='bbox 3159 1989 3356 2060; x_wconf 89' lang='lat' dir='ltr'><strong>lapsui,</strong></span> <span class='ocrx_word' id='word_1_539' title='bbox 3420 1991 3516 2061; x_wconf 86' lang='lat' dir='ltr'><strong>qui</strong></span> 
     </span>
    </p>
   </div>
   <div class='ocr_carea' id='block_1_77' title="bbox 1941 2086 2759 2148">
    <p class='ocr_par' dir='ltr' id='par_1_77' title="bbox 1941 2086 2759 2148">
     <span class='ocr_line' id='line_1_78' title="bbox 1941 2086 2759 2148; baseline -0.007 -4"><span class='ocrx_word' id='word_1_540' title='bbox 1941 2093 2109 2147; x_wconf 68' lang='lat' dir='ltr'><strong>verbo</strong></span> <span class='ocrx_word' id='word_1_541' title='bbox 2149 2090 2324 2143; x_wconf 86' lang='lat' dir='ltr'><strong>factus</strong></span> <span class='ocrx_word' id='word_1_542' title='bbox 2351 2097 2454 2148; x_wconf 87' lang='lat' dir='ltr'><strong>est,</strong></span> <span class='ocrx_word' id='word_1_543' title='bbox 2491 2086 2759 2139; x_wconf 89' lang='lat' dir='ltr'><strong>medetur.</strong></span> 
     </span>
    </p>
   </div>
   <div class='ocr_carea' id='block_1_78' title="bbox 2026 2174 3524 2248">
    <p class='ocr_par' dir='ltr' id='par_1_78' title="bbox 2026 2174 3524 2248">
     <span class='ocr_line' id='line_1_79' title="bbox 2026 2174 3524 2248; baseline -0.005 -15"><span class='ocrx_word' id='word_1_544' title='bbox 2026 2180 2229 2234; x_wconf 85' lang='lat' dir='ltr'><strong>Deinde</strong></span> <span class='ocrx_word' id='word_1_545' title='bbox 2284 2177 2590 2248; x_wconf 83' lang='lat' dir='ltr'><strong>parabolice</strong></span> <span class='ocrx_word' id='word_1_546' title='bbox 2630 2174 2958 2244; x_wconf 72' lang='lat' dir='ltr'><strong>prmnuntiat</strong></span> <span class='ocrx_word' id='word_1_547' title='bbox 2995 2174 3041 2227; x_wconf 91' lang='lat' dir='ltr'><strong>ei</strong></span> <span class='ocrx_word' id='word_1_548' title='bbox 3094 2175 3285 2228; x_wconf 90' lang='lat' dir='ltr'><strong>mortis</strong></span> <span class='ocrx_word' id='word_1_549' title='bbox 3331 2188 3524 2242; x_wconf 78' lang='lat' dir='ltr'><strong>genus,</strong></span> 
     </span>
    </p>
   </div>
   <div class='ocr_carea' id='block_1_79' title="bbox 1945 2267 3529 2341">
    <p class='ocr_par' dir='ltr' id='par_1_79' title="bbox 1945 2267 3529 2341">
     <span class='ocr_line' id='line_1_80' title="bbox 1945 2267 3529 2341; baseline -0.003 -16"><span class='ocrx_word' id='word_1_550' title='bbox 1945 2274 2087 2341; x_wconf 87' lang='lat' dir='ltr'><strong>quod</strong></span> <span class='ocrx_word' id='word_1_551' title='bbox 2127 2287 2223 2340; x_wconf 91' lang='lat' dir='ltr'><strong>per</strong></span> <span class='ocrx_word' id='word_1_552' title='bbox 2267 2283 2484 2323; x_wconf 85' lang='lat' dir='ltr'><strong>erucem</strong></span> <span class='ocrx_word' id='word_1_553' title='bbox 2531 2276 2675 2322; x_wconf 85' lang='lat' dir='ltr'><strong>esset</strong></span> <span class='ocrx_word' id='word_1_554' title='bbox 2707 2275 2761 2320; x_wconf 87' lang='lat' dir='ltr'><strong>et</strong></span> <span class='ocrx_word' id='word_1_555' title='bbox 2799 2267 2915 2336; x_wconf 90' lang='lat' dir='ltr'><strong>ipse</strong></span> <span class='ocrx_word' id='word_1_556' title='bbox 2965 2267 3306 2321; x_wconf 89' lang='lat' dir='ltr'><strong>moriturus:</strong></span> <span class='ocrx_word' id='word_1_557' title='bbox 3339 2275 3529 2321; x_wconf 82' lang='lat' dir='ltr'><strong>osten-</strong></span> 
     </span>
    </p>
   </div>
   <div class='ocr_carea' id='block_1_80' title="bbox 1945 2357 3527 2430">
    <p class='ocr_par' dir='ltr' id='par_1_80' title="bbox 1945 2357 3527 2430">
     <span class='ocr_line' id='line_1_81' title="bbox 1945 2357 3527 2430; baseline -0.003 -14"><span class='ocrx_word' id='word_1_558' title='bbox 1945 2364 2105 2426; x_wconf 89' lang='lat' dir='ltr'><strong>dens,</strong></span> <span class='ocrx_word' id='word_1_559' title='bbox 2145 2360 2288 2430; x_wconf 89' lang='lat' dir='ltr'><strong>quod</strong></span> <span class='ocrx_word' id='word_1_560' title='bbox 2337 2375 2448 2412; x_wconf 89' lang='lat' dir='ltr'><strong>non</strong></span> <span class='ocrx_word' id='word_1_561' title='bbox 2509 2367 2763 2426; x_wconf 86' lang='lat' dir='ltr'><strong>tanquam</strong></span> <span class='ocrx_word' id='word_1_562' title='bbox 2812 2357 3087 2426; x_wconf 80' lang='lat' dir='ltr'><strong>ignorans,</strong></span> <span class='ocrx_word' id='word_1_563' title='bbox 3143 2366 3238 2410; x_wconf 86' lang='lat' dir='ltr'><strong>aut</strong></span> <span class='ocrx_word' id='word_1_564' title='bbox 3292 2357 3367 2410; x_wconf 89' lang='lat' dir='ltr'><strong>illi</strong></span> <span class='ocrx_word' id='word_1_565' title='bbox 3415 2371 3527 2411; x_wconf 89' lang='lat' dir='ltr'><strong>non</strong></span> 
     </span>
    </p>
   </div>
   <div class='ocr_carea' id='block_1_81' title="bbox 1945 2448 3529 2520">
    <p class='ocr_par' dir='ltr' id='par_1_81' title="bbox 1945 2448 3529 2520">
     <span class='ocr_line' id='line_1_82' title="bbox 1945 2448 3529 2520; baseline -0.006 -9"><span class='ocrx_word' id='word_1_566' title='bbox 1945 2456 2175 2511; x_wconf 83' lang='lat' dir='ltr'><strong>credens</strong></span> <span class='ocrx_word' id='word_1_567' title='bbox 2203 2453 2438 2515; x_wconf 88' lang='lat' dir='ltr'><strong>dicebat,</strong></span> <span class='ocrx_word' id='word_1_568' title='bbox 2468 2465 2586 2520; x_wconf 76' lang='lat' dir='ltr'><strong>qua:</strong></span> <span class='ocrx_word' id='word_1_569' title='bbox 2627 2448 2861 2512; x_wconf 82' lang='lat' dir='ltr'><strong>dicebat,</strong></span> <span class='ocrx_word' id='word_1_570' title='bbox 2907 2463 3033 2502; x_wconf 86' lang='lat' dir='ltr'><strong>cum</strong></span> <span class='ocrx_word' id='word_1_571' title='bbox 3085 2448 3291 2517; x_wconf 89' lang='lat' dir='ltr'><strong>optime</strong></span> <span class='ocrx_word' id='word_1_572' title='bbox 3335 2457 3529 2502; x_wconf 87' lang='lat' dir='ltr'><strong>nosset</strong></span> 
     </span>
    </p>
   </div>
   <div class='ocr_carea' id='block_1_82' title="bbox 1944 2535 3527 2606">
    <p class='ocr_par' dir='ltr' id='par_1_82' title="bbox 1944 2535 3527 2606">
     <span class='ocr_line' id='line_1_83' title="bbox 1944 2535 3527 2606; baseline -0.006 -9"><span class='ocrx_word' id='word_1_573' title='bbox 1944 2544 2210 2597; x_wconf 70' lang='lat' dir='ltr'><strong>fert-orem</strong></span> <span class='ocrx_word' id='word_1_574' title='bbox 2237 2537 2546 2594; x_wconf 85' lang='lat' dir='ltr'><strong>dilectionis</strong></span> <span class='ocrx_word' id='word_1_575' title='bbox 2596 2537 2716 2606; x_wconf 83' lang='lat' dir='ltr'><strong>ejus</strong></span> <span class='ocrx_word' id='word_1_576' title='bbox 2745 2549 2870 2605; x_wconf 79' lang='lat' dir='ltr'><strong>erga</strong></span> <span class='ocrx_word' id='word_1_577' title='bbox 2897 2548 2954 2587; x_wconf 92' lang='lat' dir='ltr'><strong>se</strong></span> <span class='ocrx_word' id='word_1_578' title='bbox 2991 2575 3005 2600; x_wconf 88' lang='lat'><strong>,</strong></span> <span class='ocrx_word' id='word_1_579' title='bbox 3034 2536 3127 2588; x_wconf 89' lang='lat' dir='ltr'><strong>sed</strong></span> <span class='ocrx_word' id='word_1_580' title='bbox 3160 2546 3219 2589; x_wconf 89' lang='lat' dir='ltr'><strong>ut</strong></span> <span class='ocrx_word' id='word_1_581' title='bbox 3247 2543 3301 2588; x_wconf 88' lang='lat' dir='ltr'><strong>et</strong></span> <span class='ocrx_word' id='word_1_582' title='bbox 3328 2535 3443 2605; x_wconf 86' lang='lat' dir='ltr'><strong>ipse</strong></span> <span class='ocrx_word' id='word_1_583' title='bbox 3474 2543 3527 2588; x_wconf 84' lang='lat' dir='ltr'><strong>et</strong></span> 
     </span>
    </p>
   </div>
   <div class='ocr_carea' id='block_1_83' title="bbox 1945 2624 3528 2702">
    <p class='ocr_par' dir='ltr' id='par_1_83' title="bbox 1945 2624 3528 2702">
     <span class='ocr_line' id='line_1_84' title="bbox 1945 2624 3528 2702; baseline -0.006 -15"><span class='ocrx_word' id='word_1_584' title='bbox 1945 2647 2134 2689; x_wconf 88' lang='lat' dir='ltr'><strong>omnes</strong></span> <span class='ocrx_word' id='word_1_585' title='bbox 2157 2637 2569 2702; x_wconf 77' lang='lat' dir='ltr'><strong>cegnoseerent,</strong></span> <span class='ocrx_word' id='word_1_586' title='bbox 2592 2628 2735 2699; x_wconf 90' lang='lat' dir='ltr'><strong>quod</strong></span> <span class='ocrx_word' id='word_1_587' title='bbox 2761 2624 2985 2699; x_wconf 88' lang='lat' dir='ltr'><strong>plurimi</strong></span> <span class='ocrx_word' id='word_1_588' title='bbox 3008 2627 3211 2680; x_wconf 88' lang='lat' dir='ltr'><strong>faceret</strong></span> <span class='ocrx_word' id='word_1_589' title='bbox 3233 2626 3528 2694; x_wconf 67' lang='lat' dir='ltr'><strong>prsesiden-</strong></span> 
     </span>
    </p>
   </div>
   <div class='ocr_carea' id='block_1_84' title="bbox 1947 2716 3528 2794">
    <p class='ocr_par' dir='ltr' id='par_1_84' title="bbox 1947 2716 3528 2794">
     <span class='ocr_line' id='line_1_85' title="bbox 1947 2716 3528 2794; baseline -0.008 -12"><span class='ocrx_word' id='word_1_590' title='bbox 1947 2730 2074 2782; x_wconf 90' lang='lat' dir='ltr'><strong>tiam</strong></span> <span class='ocrx_word' id='word_1_591' title='bbox 2109 2740 2274 2794; x_wconf 86' lang='lat' dir='ltr'><strong>super</strong></span> <span class='ocrx_word' id='word_1_592' title='bbox 2308 2722 2607 2792; x_wconf 88' lang='lat' dir='ltr'><strong>discipulos</strong></span> <span class='ocrx_word' id='word_1_593' title='bbox 2625 2737 2775 2788; x_wconf 90' lang='lat' dir='ltr'><strong>suos,</strong></span> <span class='ocrx_word' id='word_1_594' title='bbox 2806 2721 2974 2777; x_wconf 89' lang='lat' dir='ltr'><strong>veluti</strong></span> <span class='ocrx_word' id='word_1_595' title='bbox 3012 2719 3268 2788; x_wconf 79' lang='lat' dir='ltr'><strong>superius</strong></span> <span class='ocrx_word' id='word_1_596' title='bbox 3319 2716 3528 2788; x_wconf 79' lang='lat' dir='ltr'><strong>signiﬁ-</strong></span> 
     </span>
    </p>
   </div>
   <div class='ocr_carea' id='block_1_85' title="bbox 1945 2824 2264 2875">
    <p class='ocr_par' dir='ltr' id='par_1_85' title="bbox 1945 2824 2264 2875">
     <span class='ocr_line' id='line_1_86' title="bbox 1945 2824 2264 2875; baseline -0.025 0"><span class='ocrx_word' id='word_1_597' title='bbox 1945 2836 2005 2875; x_wconf 89' lang='lat' dir='ltr'><strong>ca</strong></span> <span class='ocrx_word' id='word_1_598' title='bbox 2014 2827 2125 2871; x_wconf 91' lang='lat' dir='ltr'><strong>tum</strong></span> <span class='ocrx_word' id='word_1_599' title='bbox 2159 2824 2264 2870; x_wconf 75' lang='grc' dir='ltr'>εει.</span> 
     </span>
    </p>
   </div>
   <div class='ocr_carea' id='block_1_86' title="bbox 2017 2898 3527 2982">
    <p class='ocr_par' dir='ltr' id='par_1_86' title="bbox 2017 2898 3527 2982">
     <span class='ocr_line' id='line_1_87' title="bbox 2017 2898 3527 2982; baseline -0.008 -19"><span class='ocrx_word' id='word_1_600' title='bbox 2017 2908 2171 2963; x_wconf 71' lang='lat' dir='ltr'><strong>Vers.</strong></span> <span class='ocrx_word' id='word_1_601' title='bbox 2203 2908 2291 2961; x_wconf 72' lang='grc'><strong>18.</strong></span> <span class='ocrx_word' id='word_1_602' title='bbox 2325 2903 2787 2982; x_wconf 56' lang='lat' dir='ltr'><strong>Amen—voletgxs.</strong></span> <span class='ocrx_word' id='word_1_603' title='bbox 2875 2901 3010 2956; x_wconf 84' lang='lat' dir='ltr'><strong>Cum</strong></span> <span class='ocrx_word' id='word_1_604' title='bbox 3045 2915 3195 2955; x_wconf 86' lang='lat' dir='ltr'><strong>esses</strong></span> <span class='ocrx_word' id='word_1_605' title='bbox 3227 2898 3527 2969; x_wconf 71' lang='lat' dir='ltr'><strong>imperfec-</strong></span> 
     </span>
    </p>
   </div>
   <div class='ocr_carea' id='block_1_87' title="bbox 1949 2990 3525 3066">
    <p class='ocr_par' dir='ltr' id='par_1_87' title="bbox 1949 2990 3525 3066">
     <span class='ocr_line' id='line_1_88' title="bbox 1949 2990 3525 3066; baseline -0.008 -14"><span class='ocrx_word' id='word_1_606' title='bbox 1949 3001 2051 3054; x_wconf 87' lang='lat' dir='ltr'><strong>tior</strong></span> <span class='ocrx_word' id='word_1_607' title='bbox 2091 2999 2193 3052; x_wconf 86' lang='lat' dir='ltr'><strong>sub</strong></span> <span class='ocrx_word' id='word_1_608' title='bbox 2255 2992 2646 3066; x_wconf 84' lang='lat' dir='ltr'><strong>imperfectiori</strong></span> <span class='ocrx_word' id='word_1_609' title='bbox 2696 2990 2931 3046; x_wconf 77' lang='lat' dir='ltr'><strong>Mosaica</strong></span> <span class='ocrx_word' id='word_1_610' title='bbox 2979 2992 3096 3061; x_wconf 76' lang='lat' dir='ltr'><strong>lege</strong></span> <span class='ocrx_word' id='word_1_611' title='bbox 3152 2990 3525 3044; x_wconf 88' lang='lat' dir='ltr'><strong>constitutus:</strong></span> 
     </span>
    </p>
   </div>
   <div class='ocr_carea' id='block_1_88' title="bbox 1949 3080 3528 3160">
    <p class='ocr_par' dir='ltr' id='par_1_88' title="bbox 1949 3080 3528 3160">
     <span class='ocr_line' id='line_1_89' title="bbox 1949 3080 3528 3160; baseline -0.007 -17"><span class='ocrx_word' id='word_1_612' title='bbox 1949 3087 2177 3160; x_wconf 85' lang='lat' dir='ltr'><strong>parabas</strong></span> <span class='ocrx_word' id='word_1_613' title='bbox 2221 3096 2274 3142; x_wconf 89' lang='lat' dir='ltr'><strong>te</strong></span> <span class='ocrx_word' id='word_1_614' title='bbox 2315 3087 2380 3140; x_wconf 89' lang='lat' dir='ltr'><strong>ad</strong></span> <span class='ocrx_word' id='word_1_615' title='bbox 2411 3085 2464 3138; x_wconf 88' lang='lat' dir='ltr'><strong>id</strong></span> <span class='ocrx_word' id='word_1_616' title='bbox 2496 3084 2636 3153; x_wconf 90' lang='lat' dir='ltr'><strong>quod</strong></span> <span class='ocrx_word' id='word_1_617' title='bbox 2680 3084 2962 3154; x_wconf 89' lang='lat' dir='ltr'><strong>cupiebas,</strong></span> <span class='ocrx_word' id='word_1_618' title='bbox 3018 3092 3073 3137; x_wconf 87' lang='lat' dir='ltr'><strong>et</strong></span> <span class='ocrx_word' id='word_1_619' title='bbox 3118 3082 3282 3135; x_wconf 77' lang='lat' dir='ltr'><strong>vitam</strong></span> <span class='ocrx_word' id='word_1_620' title='bbox 3327 3080 3528 3150; x_wconf 78' lang='lat' dir='ltr'><strong>agebas</strong></span> 
     </span>
    </p>
   </div>
   <div class='ocr_carea' id='block_1_89' title="bbox 1871 3180 2276 3241">
    <p class='ocr_par' dir='ltr' id='par_1_89' title="bbox 1871 3180 2276 3241">
     <span class='ocr_line' id='line_1_90' title="bbox 1871 3180 2276 3241; baseline -0.025 0"><span class='ocrx_word' id='word_1_621' title='bbox 1871 3183 1916 3241; x_wconf 74' lang='grc' dir='ltr'>Ω</span> <span class='ocrx_word' id='word_1_622' title='bbox 1953 3192 2011 3236; x_wconf 83' lang='grc' dir='ltr'><strong>ιιι</strong></span> <span class='ocrx_word' id='word_1_623' title='bbox 2036 3180 2276 3233; x_wconf 79' lang='lat' dir='ltr'><strong>volebas.</strong></span> 
     </span>
    </p>
   </div>
   <div class='ocr_carea' id='block_1_90' title="bbox 1985 3279 3526 3348">
    <p class='ocr_par' dir='ltr' id='par_1_90' title="bbox 1985 3279 3526 3348">
     <span class='ocr_line' id='line_1_91' title="bbox 1985 3279 3526 3348; baseline -0.008 -4"><span class='ocrx_word' id='word_1_624' title='bbox 1985 3287 2134 3344; x_wconf 80' lang='lat' dir='ltr'><strong>Vers.</strong></span> <span class='ocrx_word' id='word_1_625' title='bbox 2160 3287 2246 3343; x_wconf 72' lang='lat'><strong>18.</strong></span> <span class='ocrx_word' id='word_1_626' title='bbox 2269 3284 2368 3338; x_wconf 87' lang='lat' dir='ltr'><strong>Ubi</strong></span> <span class='ocrx_word' id='word_1_627' title='bbox 2391 3282 2572 3335; x_wconf 72' lang='lat' dir='ltr'><strong>-—vis.</strong></span> <span class='ocrx_word' id='word_1_628' title='bbox 2598 3281 2699 3337; x_wconf 90' lang='lat' dir='ltr'><strong>Ubi</strong></span> <span class='ocrx_word' id='word_1_629' title='bbox 2725 3289 2904 3335; x_wconf 89' lang='lat' dir='ltr'><strong>autem</strong></span> <span class='ocrx_word' id='word_1_630' title='bbox 2936 3280 2991 3334; x_wconf 93' lang='lat' dir='ltr'><strong>in</strong></span> <span class='ocrx_word' id='word_1_631' title='bbox 3023 3280 3196 3333; x_wconf 78' lang='lat' dir='ltr'><strong>virum</strong></span> <span class='ocrx_word' id='word_1_632' title='bbox 3222 3279 3526 3348; x_wconf 83' lang='lat' dir='ltr'><strong>perfectum</strong></span> 
     </span>
    </p>
   </div>
   <div class='ocr_carea' id='block_1_91' title="bbox 1950 3371 3525 3451">
    <p class='ocr_par' dir='ltr' id='par_1_91' title="bbox 1950 3371 3525 3451">
     <span class='ocr_line' id='line_1_92' title="bbox 1950 3371 3525 3451; baseline -0.006 -17"><span class='ocrx_word' id='word_1_633' title='bbox 1950 3379 2266 3451; x_wconf 79' lang='lat' dir='ltr'><strong>proieceris,</strong></span> <span class='ocrx_word' id='word_1_634' title='bbox 2319 3378 2374 3431; x_wconf 92' lang='lat' dir='ltr'><strong>in</strong></span> <span class='ocrx_word' id='word_1_635' title='bbox 2425 3389 2734 3428; x_wconf 81' lang='lat' dir='ltr'><strong>mensuram</strong></span> <span class='ocrx_word' id='word_1_636' title='bbox 2780 3373 2955 3427; x_wconf 60' lang='lat' dir='ltr'><strong>aetatis</strong></span> <span class='ocrx_word' id='word_1_637' title='bbox 2994 3371 3373 3442; x_wconf 83' lang='lat' dir='ltr'><strong>spiritualis“,</strong></span> <span class='ocrx_word' id='word_1_638' title='bbox 3425 3371 3525 3426; x_wconf 84' lang='lat' dir='ltr'><strong>sub</strong></span> 
     </span>
    </p>
   </div>
   <div class='ocr_carea' id='block_1_92' title="bbox 1953 3464 3522 3545">
    <p class='ocr_par' dir='ltr' id='par_1_92' title="bbox 1953 3464 3522 3545">
     <span class='ocr_line' id='line_1_93' title="bbox 1953 3464 3522 3545; baseline -0.007 -18"><span class='ocrx_word' id='word_1_639' title='bbox 1953 3476 2192 3545; x_wconf 86' lang='lat' dir='ltr'><strong>perfecta</strong></span> <span class='ocrx_word' id='word_1_640' title='bbox 2247 3471 2367 3539; x_wconf 85' lang='lat' dir='ltr'><strong>lege</strong></span> <span class='ocrx_word' id='word_1_641' title='bbox 2415 3466 2727 3537; x_wconf 79' lang='lat' dir='ltr'><strong>evangelica</strong></span> <span class='ocrx_word' id='word_1_642' title='bbox 2780 3474 3214 3527; x_wconf 86' lang='lat' dir='ltr'><strong>consummatus,</strong></span> <span class='ocrx_word' id='word_1_643' title='bbox 3257 3464 3522 3518; x_wconf 78' lang='lat' dir='ltr'><strong>extendes</strong></span> 
     </span>
    </p>
   </div>
   <div class='ocr_carea' id='block_1_93' title="bbox 1952 3555 3529 3618">
    <p class='ocr_par' dir='ltr' id='par_1_93' title="bbox 1952 3555 3529 3618">
     <span class='ocr_line' id='line_1_94' title="bbox 1952 3555 3529 3618; baseline -0.007 -1"><span class='ocrx_word' id='word_1_644' title='bbox 1952 3577 2147 3618; x_wconf 88' lang='lat' dir='ltr'><strong>manus</strong></span> <span class='ocrx_word' id='word_1_645' title='bbox 2181 3570 2300 3614; x_wconf 86' lang='lat' dir='ltr'><strong>tuas</strong></span> <span class='ocrx_word' id='word_1_646' title='bbox 2332 3559 2398 3613; x_wconf 89' lang='lat' dir='ltr'><strong>ad</strong></span> <span class='ocrx_word' id='word_1_647' title='bbox 2430 3573 2694 3613; x_wconf 88' lang='lat' dir='ltr'><strong>crucem:</strong></span> <span class='ocrx_word' id='word_1_648' title='bbox 2738 3565 2794 3610; x_wconf 90' lang='lat' dir='ltr'><strong>et</strong></span> <span class='ocrx_word' id='word_1_649' title='bbox 2841 3557 2979 3610; x_wconf 90' lang='lat' dir='ltr'><strong>alius</strong></span> <span class='ocrx_word' id='word_1_650' title='bbox 3020 3566 3072 3610; x_wconf 86' lang='lat' dir='ltr'><strong>te</strong></span> <span class='ocrx_word' id='word_1_651' title='bbox 3112 3555 3278 3609; x_wconf 85' lang='lat' dir='ltr'><strong>clavis</strong></span> <span class='ocrx_word' id='word_1_652' title='bbox 3325 3555 3529 3609; x_wconf 77' lang='lat' dir='ltr'><strong>astrin-</strong></span> 
     </span>
    </p>
   </div>
   <div class='ocr_carea' id='block_1_94' title="bbox 1951 3646 3526 3726">
    <p class='ocr_par' dir='ltr' id='par_1_94' title="bbox 1951 3646 3526 3726">
     <span class='ocr_line' id='line_1_95' title="bbox 1951 3646 3526 3726; baseline -0.008 -16"><span class='ocrx_word' id='word_1_653' title='bbox 1951 3666 2057 3726; x_wconf 81' lang='lat' dir='ltr'><strong>get,</strong></span> <span class='ocrx_word' id='word_1_654' title='bbox 2086 3669 2148 3709; x_wconf 89' lang='lat' dir='ltr'><strong>ac</strong></span> <span class='ocrx_word' id='word_1_655' title='bbox 2182 3653 2344 3707; x_wconf 89' lang='lat' dir='ltr'><strong>ducet</strong></span> <span class='ocrx_word' id='word_1_656' title='bbox 2376 3652 2442 3704; x_wconf 87' lang='lat' dir='ltr'><strong>ad</strong></span> <span class='ocrx_word' id='word_1_657' title='bbox 2474 3658 2725 3714; x_wconf 90' lang='lat' dir='ltr'><strong>mortem,</strong></span> <span class='ocrx_word' id='word_1_658' title='bbox 2760 3663 2921 3718; x_wconf 86' lang='lat' dir='ltr'><strong>quam</strong></span> <span class='ocrx_word' id='word_1_659' title='bbox 2953 3648 3057 3701; x_wconf 87' lang='lat' dir='ltr'><strong>etsi</strong></span> <span class='ocrx_word' id='word_1_660' title='bbox 3098 3647 3244 3700; x_wconf 76' lang='lat' dir='ltr'><strong>voles</strong></span> <span class='ocrx_word' id='word_1_661' title='bbox 3272 3646 3526 3699; x_wconf 77' lang='lat' dir='ltr'><strong>volunta-</strong></span> 
     </span>
    </p>
   </div>
   <div class='ocr_carea' id='block_1_95' title="bbox 1953 3739 3528 3813">
    <p class='ocr_par' dir='ltr' id='par_1_95' title="bbox 1953 3739 3528 3813">
     <span class='ocr_line' id='line_1_96' title="bbox 1953 3739 3528 3813; baseline -0.009 -9"><span class='ocrx_word' id='word_1_662' title='bbox 1953 3761 2036 3813; x_wconf 89' lang='lat' dir='ltr'><strong>te,</strong></span> <span class='ocrx_word' id='word_1_663' title='bbox 2072 3757 2265 3802; x_wconf 89' lang='lat' dir='ltr'><strong>natura</strong></span> <span class='ocrx_word' id='word_1_664' title='bbox 2301 3755 2478 3799; x_wconf 77' lang='lat' dir='ltr'><strong>tamen</strong></span> <span class='ocrx_word' id='word_1_665' title='bbox 2513 3759 2621 3795; x_wconf 91' lang='lat' dir='ltr'><strong>non</strong></span> <span class='ocrx_word' id='word_1_666' title='bbox 2644 3742 2831 3795; x_wconf 84' lang='lat' dir='ltr'><strong>voles:</strong></span> <span class='ocrx_word' id='word_1_667' title='bbox 2886 3740 3153 3809; x_wconf 87' lang='lat' dir='ltr'><strong>siquidem</strong></span> <span class='ocrx_word' id='word_1_668' title='bbox 3203 3739 3528 3807; x_wconf 88' lang='lat' dir='ltr'><strong>eompatitur</strong></span> 
     </span>
    </p>
   </div>
   <div class='ocr_carea' id='block_1_96' title="bbox 1951 3829 3528 3908">
    <p class='ocr_par' dir='ltr' id='par_1_96' title="bbox 1951 3829 3528 3908">
     <span class='ocr_line' id='line_1_97' title="bbox 1951 3829 3528 3908; baseline -0.006 -14"><span class='ocrx_word' id='word_1_669' title='bbox 1951 3839 2165 3908; x_wconf 86' lang='lat' dir='ltr'><strong>corpori</strong></span> <span class='ocrx_word' id='word_1_670' title='bbox 2224 3836 2400 3890; x_wconf 85' lang='lat' dir='ltr'><strong>anima</strong></span> <span class='ocrx_word' id='word_1_671' title='bbox 2442 3841 2666 3903; x_wconf 79' lang='lat' dir='ltr'><strong>prapter</strong></span> <span class='ocrx_word' id='word_1_672' title='bbox 2701 3841 2971 3894; x_wconf 89' lang='lat' dir='ltr'><strong>naturam,</strong></span> <span class='ocrx_word' id='word_1_673' title='bbox 3003 3841 3058 3884; x_wconf 80' lang='lat' dir='ltr'><strong>et</strong></span> <span class='ocrx_word' id='word_1_674' title='bbox 3103 3829 3284 3883; x_wconf 81' lang='lat' dir='ltr'><strong>audita</strong></span> <span class='ocrx_word' id='word_1_675' title='bbox 3339 3829 3528 3884; x_wconf 81' lang='lat' dir='ltr'><strong>mortis</strong></span> 
     </span>
    </p>
   </div>
   <div class='ocr_carea' id='block_1_97' title="bbox 1953 3918 3523 3990">
    <p class='ocr_par' dir='ltr' id='par_1_97' title="bbox 1953 3918 3523 3990">
     <span class='ocr_line' id='line_1_98' title="bbox 1953 3918 3523 3990; baseline -0.01 -5"><span class='ocrx_word' id='word_1_676' title='bbox 1953 3930 2250 3990; x_wconf 85' lang='lat' dir='ltr'><strong>mentione,</strong></span> <span class='ocrx_word' id='word_1_677' title='bbox 2294 3926 2570 3984; x_wconf 79' lang='lat' dir='ltr'><strong>abhorret,</strong></span> <span class='ocrx_word' id='word_1_678' title='bbox 2625 3923 2733 3976; x_wconf 89' lang='lat' dir='ltr'><strong>Deo</strong></span> <span class='ocrx_word' id='word_1_679' title='bbox 2769 3922 2839 3975; x_wconf 89' lang='lat' dir='ltr'><strong>ita</strong></span> <span class='ocrx_word' id='word_1_680' title='bbox 2891 3921 3240 3988; x_wconf 87' lang='lat' dir='ltr'><strong>dispensante</strong></span> <span class='ocrx_word' id='word_1_681' title='bbox 3291 3918 3523 3982; x_wconf 84' lang='lat' dir='ltr'><strong>utiliter,</strong></span> 
     </span>
    </p>
   </div>
   <div class='ocr_carea' id='block_1_98' title="bbox 1950 4011 3524 4085">
    <p class='ocr_par' dir='ltr' id='par_1_98' title="bbox 1950 4011 3524 4085">
     <span class='ocr_line' id='line_1_99' title="bbox 1950 4011 3524 4085; baseline -0.007 -10"><span class='ocrx_word' id='word_1_682' title='bbox 1950 4025 2092 4080; x_wconf 75' lang='lat' dir='ltr'><strong>sicut</strong></span> <span class='ocrx_word' id='word_1_683' title='bbox 2135 4024 2296 4076; x_wconf 85' lang='lat' dir='ltr'><strong>etiam</strong></span> <span class='ocrx_word' id='word_1_684' title='bbox 2331 4017 2458 4072; x_wconf 74' lang='lat' dir='ltr'><strong>aiibi</strong></span> <span class='ocrx_word' id='word_1_685' title='bbox 2515 4015 2872 4085; x_wconf 78' lang='lat' dir='ltr'><strong>significatum</strong></span> <span class='ocrx_word' id='word_1_686' title='bbox 2926 4023 3027 4076; x_wconf 91' lang='lat' dir='ltr'><strong>est,</strong></span> <span class='ocrx_word' id='word_1_687' title='bbox 3061 4029 3131 4066; x_wconf 89' lang='lat' dir='ltr'><strong>ne</strong></span> <span class='ocrx_word' id='word_1_688' title='bbox 3176 4011 3422 4066; x_wconf 85' lang='lat' dir='ltr'><strong>homines</strong></span> <span class='ocrx_word' id='word_1_689' title='bbox 3467 4012 3524 4064; x_wconf 89' lang='lat' dir='ltr'><strong>in</strong></span> 
     </span>
    </p>
   </div>
   <div class='ocr_carea' id='block_1_99' title="bbox 1950 4101 3524 4166">
    <p class='ocr_par' dir='ltr' id='par_1_99' title="bbox 1950 4101 3524 4166">
     <span class='ocr_line' id='line_1_100' title="bbox 1950 4101 3524 4166; baseline -0.008 0"><span class='ocrx_word' id='word_1_690' title='bbox 1950 4112 2261 4166; x_wconf 88' lang='lat' dir='ltr'><strong>infortuniis</strong></span> <span class='ocrx_word' id='word_1_691' title='bbox 2295 4108 2449 4162; x_wconf 86' lang='lat' dir='ltr'><strong>facile</strong></span> <span class='ocrx_word' id='word_1_692' title='bbox 2477 4120 2598 4160; x_wconf 86' lang='lat' dir='ltr'><strong>sese</strong></span> <span class='ocrx_word' id='word_1_693' title='bbox 2632 4104 2962 4158; x_wconf 88' lang='lat' dir='ltr'><strong>occiderent.</strong></span> <span class='ocrx_word' id='word_1_694' title='bbox 2999 4101 3128 4154; x_wconf 62' lang='lat' dir='ltr'><strong>Nam</strong></span> <span class='ocrx_word' id='word_1_695' title='bbox 3153 4101 3195 4154; x_wconf 92' lang='lat' dir='ltr'><strong>si</strong></span> <span class='ocrx_word' id='word_1_696' title='bbox 3227 4101 3366 4155; x_wconf 75' lang='lat' dir='ltr'><strong>valet</strong></span> <span class='ocrx_word' id='word_1_697' title='bbox 3399 4101 3524 4154; x_wconf 85' lang='lat' dir='ltr'><strong>hos-</strong></span> 
     </span>
    </p>
   </div>
   <div class='ocr_carea' id='block_1_100' title="bbox 1951 4190 3524 4271">
    <p class='ocr_par' dir='ltr' id='par_1_100' title="bbox 1951 4190 3524 4271">
     <span class='ocr_line' id='line_1_101' title="bbox 1951 4190 3524 4271; baseline -0.011 -13"><span class='ocrx_word' id='word_1_698' title='bbox 1951 4204 2020 4258; x_wconf 89' lang='lat' dir='ltr'><strong>tis</strong></span> <span class='ocrx_word' id='word_1_699' title='bbox 2055 4202 2367 4271; x_wconf 86' lang='lat' dir='ltr'><strong>frequenter</strong></span> <span class='ocrx_word' id='word_1_700' title='bbox 2414 4197 2622 4265; x_wconf 80' lang='lat' dir='ltr'><strong>aiiquos</strong></span> <span class='ocrx_word' id='word_1_701' title='bbox 2669 4195 2734 4248; x_wconf 92' lang='lat' dir='ltr'><strong>ad</strong></span> <span class='ocrx_word' id='word_1_702' title='bbox 2780 4193 3053 4262; x_wconf 60' lang='lat' dir='ltr'><strong>propriam</strong></span> <span class='ocrx_word' id='word_1_703' title='bbox 3099 4190 3373 4258; x_wconf 87' lang='lat' dir='ltr'><strong>impellere</strong></span> <span class='ocrx_word' id='word_1_704' title='bbox 3417 4204 3524 4242; x_wconf 71' lang='lat' dir='ltr'><strong>cae—</strong></span> 
     </span>
    </p>
   </div>
   <div class='ocr_carea' id='block_1_101' title="bbox 1953 4280 3528 4351">
    <p class='ocr_par' dir='ltr' id='par_1_101' title="bbox 1953 4280 3528 4351">
     <span class='ocr_line' id='line_1_102' title="bbox 1953 4280 3528 4351; baseline -0.013 0"><span class='ocrx_word' id='word_1_705' title='bbox 1953 4299 2074 4351; x_wconf 88' lang='lat' dir='ltr'><strong>dem</strong></span> <span class='ocrx_word' id='word_1_706' title='bbox 2101 4313 2115 4348; x_wconf 89' lang='lat'><strong>:</strong></span> <span class='ocrx_word' id='word_1_707' title='bbox 2157 4292 2372 4348; x_wconf 90' lang='lat' dir='ltr'><strong>tametsi</strong></span> <span class='ocrx_word' id='word_1_708' title='bbox 2411 4290 2590 4344; x_wconf 89' lang='lat' dir='ltr'><strong>anima</strong></span> <span class='ocrx_word' id='word_1_709' title='bbox 2618 4287 2754 4340; x_wconf 89' lang='lat' dir='ltr'><strong>adeo</strong></span> <span class='ocrx_word' id='word_1_710' title='bbox 2783 4285 3000 4340; x_wconf 81' lang='lat' dir='ltr'><strong>fortiter</strong></span> <span class='ocrx_word' id='word_1_711' title='bbox 3029 4283 3094 4336; x_wconf 84' lang='lat' dir='ltr'><strong>ad</strong></span> <span class='ocrx_word' id='word_1_712' title='bbox 3121 4280 3366 4350; x_wconf 89' lang='lat' dir='ltr'><strong>corporis</strong></span> <span class='ocrx_word' id='word_1_713' title='bbox 3396 4295 3528 4334; x_wconf 86' lang='lat' dir='ltr'><strong>con-</strong></span> 
     </span>
    </p>
   </div>
   <div class='ocr_carea' id='block_1_102' title="bbox 1949 4371 3531 4458">
    <p class='ocr_par' dir='ltr' id='par_1_102' title="bbox 1949 4371 3531 4458">
     <span class='ocr_line' id='line_1_103' title="bbox 1949 4371 3531 4458; baseline -0.01 -18"><span class='ocrx_word' id='word_1_714' title='bbox 1949 4387 2284 4458; x_wconf 82' lang='lat' dir='ltr'><strong>junctionem</strong></span> <span class='ocrx_word' id='word_1_715' title='bbox 2309 4380 2499 4436; x_wconf 69' lang='lat' dir='ltr'><strong>affecta</strong></span> <span class='ocrx_word' id='word_1_716' title='bbox 2524 4380 2611 4442; x_wconf 90' lang='lat' dir='ltr'><strong>sit,</strong></span> <span class='ocrx_word' id='word_1_717' title='bbox 2641 4378 2784 4448; x_wconf 89' lang='lat' dir='ltr'><strong>quod</strong></span> <span class='ocrx_word' id='word_1_718' title='bbox 2817 4377 3054 4431; x_wconf 83' lang='lat' dir='ltr'><strong>futurum</strong></span> <span class='ocrx_word' id='word_1_719' title='bbox 3084 4383 3188 4435; x_wconf 86' lang='lat' dir='ltr'><strong>est,</strong></span> <span class='ocrx_word' id='word_1_720' title='bbox 3218 4373 3260 4424; x_wconf 86' lang='lat' dir='ltr'><strong>si</strong></span> <span class='ocrx_word' id='word_1_721' title='bbox 3292 4371 3394 4425; x_wconf 89' lang='lat' dir='ltr'><strong>boc</strong></span> <span class='ocrx_word' id='word_1_722' title='bbox 3418 4385 3531 4425; x_wconf 88' lang='lat' dir='ltr'><strong>non</strong></span> 
     </span>
    </p>
   </div>
   <div class='ocr_carea' id='block_1_103' title="bbox 1959 4462 3533 4544">
    <p class='ocr_par' dir='ltr' id='par_1_103' title="bbox 1959 4462 3533 4544">
     <span class='ocr_line' id='line_1_104' title="bbox 1959 4462 3533 4544; baseline -0.012 -10"><span class='ocrx_word' id='word_1_723' title='bbox 1959 4478 2144 4534; x_wconf 88' lang='lat' dir='ltr'><strong>esset?</strong></span> <span class='ocrx_word' id='word_1_724' title='bbox 2177 4475 2332 4530; x_wconf 90' lang='lat' dir='ltr'><strong>multi</strong></span> <span class='ocrx_word' id='word_1_725' title='bbox 2372 4471 2617 4544; x_wconf 87' lang='lat' dir='ltr'><strong>profecto</strong></span> <span class='ocrx_word' id='word_1_726' title='bbox 2662 4469 2727 4523; x_wconf 87' lang='lat' dir='ltr'><strong>ad</strong></span> <span class='ocrx_word' id='word_1_727' title='bbox 2763 4485 2914 4523; x_wconf 90' lang='lat' dir='ltr'><strong>suam</strong></span> <span class='ocrx_word' id='word_1_728' title='bbox 2963 4465 3314 4536; x_wconf 87' lang='lat' dir='ltr'><strong>procederent</strong></span> <span class='ocrx_word' id='word_1_729' title='bbox 3362 4462 3533 4518; x_wconf 82' lang='lat' dir='ltr'><strong>inter-</strong></span> 
     </span>
    </p>
   </div>
   <div class='ocr_carea' id='block_1_104' title="bbox 1883 4542 2271 4623">
    <p class='ocr_par' dir='ltr' id='par_1_104' title="bbox 1883 4542 2271 4623">
     <span class='ocr_line' id='line_1_105' title="bbox 1883 4542 2271 4623; baseline -0.01 1"><span class='ocrx_word' id='word_1_730' title='bbox 1883 4542 1926 4597; x_wconf 64' lang='grc' dir='ltr'>ῃ</span> <span class='ocrx_word' id='word_1_731' title='bbox 1958 4571 2271 4623; x_wconf 75' lang='lat' dir='ltr'><strong>lectionem.</strong></span> 
     </span>
    </p>
   </div>
   <div class='ocr_carea' id='block_1_105' title="bbox 2029 4644 3532 4715">
    <p class='ocr_par' dir='ltr' id='par_1_105' title="bbox 2029 4644 3532 4715">
     <span class='ocr_line' id='line_1_106' title="bbox 2029 4644 3532 4715; baseline -0.012 -1"><span class='ocrx_word' id='word_1_732' title='bbox 2029 4661 2183 4714; x_wconf 83' lang='lat' dir='ltr'><strong>Vers.</strong></span> <span class='ocrx_word' id='word_1_733' title='bbox 2213 4659 2296 4714; x_wconf 87' lang='lat' dir='ltr'><strong>l9.</strong></span> <span class='ocrx_word' id='word_1_734' title='bbox 2332 4658 2442 4712; x_wconf 86' lang='lat' dir='ltr'><strong>Hoc</strong></span> <span class='ocrx_word' id='word_1_735' title='bbox 2469 4685 2538 4696; x_wconf 93' lang='lat'><strong>-—-</strong></span> <span class='ocrx_word' id='word_1_736' title='bbox 2567 4654 2751 4708; x_wconf 85' lang='lat' dir='ltr'><strong>Deum.</strong></span> <span class='ocrx_word' id='word_1_737' title='bbox 2788 4649 2966 4706; x_wconf 68' lang='lat' dir='ltr'><strong>Glo:-in</strong></span> <span class='ocrx_word' id='word_1_738' title='bbox 3003 4644 3266 4715; x_wconf 90' lang='lat' dir='ltr'><strong>siquidem</strong></span> <span class='ocrx_word' id='word_1_739' title='bbox 3311 4652 3394 4697; x_wconf 88' lang='lat' dir='ltr'><strong>est</strong></span> <span class='ocrx_word' id='word_1_740' title='bbox 3424 4658 3532 4696; x_wconf 90' lang='lat' dir='ltr'><strong>non</strong></span> 
     </span>
    </p>
   </div>
   <div class='ocr_carea' id='block_1_106' title="bbox 1959 4737 3534 4819">
    <p class='ocr_par' dir='ltr' id='par_1_106' title="bbox 1959 4737 3534 4819">
     <span class='ocr_line' id='line_1_107' title="bbox 1959 4737 3534 4819; baseline -0.012 -14"><span class='ocrx_word' id='word_1_741' title='bbox 1959 4749 2212 4819; x_wconf 90' lang='lat' dir='ltr'><strong>discipuli</strong></span> <span class='ocrx_word' id='word_1_742' title='bbox 2238 4757 2444 4803; x_wconf 87' lang='lat' dir='ltr'><strong>tantum</strong></span> <span class='ocrx_word' id='word_1_743' title='bbox 2475 4745 2567 4816; x_wconf 90' lang='lat' dir='ltr'><strong>qui</strong></span> <span class='ocrx_word' id='word_1_744' title='bbox 2600 4744 2848 4807; x_wconf 89' lang='lat' dir='ltr'><strong>moritur,</strong></span> <span class='ocrx_word' id='word_1_745' title='bbox 2883 4740 2976 4795; x_wconf 89' lang='lat' dir='ltr'><strong>sed</strong></span> <span class='ocrx_word' id='word_1_746' title='bbox 3003 4749 3055 4792; x_wconf 92' lang='lat' dir='ltr'><strong>et</strong></span> <span class='ocrx_word' id='word_1_747' title='bbox 3088 4737 3178 4790; x_wconf 89' lang='lat' dir='ltr'><strong>Dei</strong></span> <span class='ocrx_word' id='word_1_748' title='bbox 3245 4749 3393 4789; x_wconf 87' lang='lat' dir='ltr'><strong>mors</strong></span> <span class='ocrx_word' id='word_1_749' title='bbox 3429 4749 3534 4802; x_wconf 86' lang='lat' dir='ltr'><strong>qua</strong></span> 
     </span>
    </p>
   </div>
   <div class='ocr_carea' id='block_1_107' title="bbox 1961 4821 3533 4909">
    <p class='ocr_par' dir='ltr' id='par_1_107' title="bbox 1961 4821 3533 4909">
     <span class='ocr_line' id='line_1_108' title="bbox 1961 4821 3533 4909; baseline -0.014 -15"><span class='ocrx_word' id='word_1_750' title='bbox 1961 4841 2082 4909; x_wconf 86' lang='lat' dir='ltr'><strong>quis</strong></span> <span class='ocrx_word' id='word_1_751' title='bbox 2128 4848 2350 4909; x_wconf 86' lang='lat' dir='ltr'><strong>propter</strong></span> <span class='ocrx_word' id='word_1_752' title='bbox 2382 4851 2504 4889; x_wconf 88' lang='lat' dir='ltr'><strong>cum</strong></span> <span class='ocrx_word' id='word_1_753' title='bbox 2542 4831 2810 4903; x_wconf 85' lang='lat' dir='ltr'><strong>supplicio</strong></span> <span class='ocrx_word' id='word_1_754' title='bbox 2864 4828 3124 4883; x_wconf 86' lang='lat' dir='ltr'><strong>aflicitur:</strong></span> <span class='ocrx_word' id='word_1_755' title='bbox 3165 4823 3284 4892; x_wconf 83' lang='lat' dir='ltr'><strong>ejus</strong></span> <span class='ocrx_word' id='word_1_756' title='bbox 3313 4821 3533 4890; x_wconf 80' lang='lat' dir='ltr'><strong>quidem</strong></span> 
     </span>
    </p>
   </div>
   <div class='ocr_carea' id='block_1_108' title="bbox 1963 4914 3530 4999">
    <p class='ocr_par' dir='ltr' id='par_1_108' title="bbox 1963 4914 3530 4999">
     <span class='ocr_line' id='line_1_109' title="bbox 1963 4914 3530 4999; baseline -0.014 -16"><span class='ocrx_word' id='word_1_757' title='bbox 1963 4929 2052 4999; x_wconf 91' lang='lat' dir='ltr'><strong>qui</strong></span> <span class='ocrx_word' id='word_1_758' title='bbox 2101 4927 2387 4992; x_wconf 88' lang='lat' dir='ltr'><strong>occiditur,</strong></span> <span class='ocrx_word' id='word_1_759' title='bbox 2444 4925 2568 4992; x_wconf 89' lang='lat' dir='ltr'><strong>quia</strong></span> <span class='ocrx_word' id='word_1_760' title='bbox 2612 4936 2710 4993; x_wconf 89' lang='lat' dir='ltr'><strong>pro</strong></span> <span class='ocrx_word' id='word_1_761' title='bbox 2754 4922 2861 4975; x_wconf 90' lang='lat' dir='ltr'><strong>Deo</strong></span> <span class='ocrx_word' id='word_1_762' title='bbox 2901 4918 3151 4981; x_wconf 89' lang='lat' dir='ltr'><strong>moritur,</strong></span> <span class='ocrx_word' id='word_1_763' title='bbox 3197 4914 3285 4966; x_wconf 90' lang='lat' dir='ltr'><strong>Dei</strong></span> <span class='ocrx_word' id='word_1_764' title='bbox 3327 4920 3530 4977; x_wconf 76' lang='lat' dir='ltr'><strong>autem,</strong></span> 
     </span>
    </p>
   </div>
   <div class='ocr_carea' id='block_1_109' title="bbox 1964 5015 2925 5090">
    <p class='ocr_par' dir='ltr' id='par_1_109' title="bbox 1964 5015 2925 5090">
     <span class='ocr_line' id='line_1_110' title="bbox 1964 5015 2925 5090; baseline -0.009 -16"><span class='ocrx_word' id='word_1_765' title='bbox 1964 5021 2106 5090; x_wconf 89' lang='lat' dir='ltr'><strong>quod</strong></span> <span class='ocrx_word' id='word_1_766' title='bbox 2153 5020 2312 5074; x_wconf 84' lang='lat' dir='ltr'><strong>talem</strong></span> <span class='ocrx_word' id='word_1_767' title='bbox 2349 5018 2545 5074; x_wconf 85' lang='lat' dir='ltr'><strong>habeat</strong></span> <span class='ocrx_word' id='word_1_768' title='bbox 2579 5015 2925 5086; x_wconf 86' lang='lat' dir='ltr'><strong>discipulum.</strong></span> 
     </span>
    </p>
   </div>
   <div class='ocr_carea' id='block_1_110' title="bbox 1474 5195 2338 5287">
    <p class='ocr_par' dir='ltr' id='par_1_110' title="bbox 1474 5195 2338 5287">
     <span class='ocr_line' id='line_1_111' title="bbox 1474 5195 2338 5287; baseline 0.002 -6"><span class='ocrx_word' id='word_1_769' title='bbox 1474 5195 1679 5283; x_wconf 63' lang='lat' dir='ltr'><strong>variae</strong></span> <span class='ocrx_word' id='word_1_770' title='bbox 1711 5224 2019 5287; x_wconf 88' lang='lat' dir='ltr'><strong>lectiones</strong></span> <span class='ocrx_word' id='word_1_771' title='bbox 2055 5231 2118 5287; x_wconf 90' lang='lat' dir='ltr'><strong>et</strong></span> <span class='ocrx_word' id='word_1_772' title='bbox 2150 5229 2338 5284; x_wconf 75' lang='lat' dir='ltr'><strong>noue.</strong></span> 
     </span>
    </p>
   </div>
   <div class='ocr_carea' id='block_1_111' title="bbox 2033 5383 3526 5459">
    <p class='ocr_par' dir='ltr' id='par_1_111' title="bbox 2033 5383 3526 5459">
     <span class='ocr_line' id='line_1_112' title="bbox 2033 5383 3526 5459; baseline -0.004 -17"><span class='ocrx_word' id='word_1_773' title='bbox 2033 5390 2145 5459; x_wconf 73' lang='lat'><strong>(5‘2)</strong></span> <span class='ocrx_word' id='word_1_774' title='bbox 2190 5387 2350 5443; x_wconf 84' lang='lat' dir='ltr'><strong>Forte</strong></span> <span class='ocrx_word' id='word_1_775' title='bbox 2387 5387 2808 5459; x_wconf 76' lang='grc' dir='ltr'>μαρτυρίου,ιιυι</span> <span class='ocrx_word' id='word_1_776' title='bbox 2840 5388 3165 5459; x_wconf 66' lang='grc' dir='ltr'>μαρτυρίας.</span> <span class='ocrx_word' id='word_1_777' title='bbox 3208 5383 3526 5459; x_wconf 61' lang='grc' dir='ltr'>ϐγτίίιηεὰο</span> 
     </span>
    </p>
   </div>
   <div class='ocr_carea' id='block_1_112' title="bbox 1964 5454 3528 5528">
    <p class='ocr_par' dir='ltr' id='par_1_112' title="bbox 1964 5454 3528 5528">
     <span class='ocr_line' id='line_1_113' title="bbox 1964 5454 3528 5528; baseline -0.004 -16"><span class='ocrx_word' id='word_1_778' title='bbox 1964 5477 2020 5512; x_wconf 87' lang='lat' dir='ltr'><strong>re</strong></span> <span class='ocrx_word' id='word_1_779' title='bbox 2042 5454 2231 5513; x_wconf 77' lang='lat' dir='ltr'><strong>eadem</strong></span> <span class='ocrx_word' id='word_1_780' title='bbox 2266 5454 2401 5528; x_wconf 59' lang='lat' dir='ltr'><strong>tom.</strong></span> <span class='ocrx_word' id='word_1_781' title='bbox 2425 5459 2513 5523; x_wconf 87' lang='lat' dir='ltr'><strong>IV,</strong></span> <span class='ocrx_word' id='word_1_782' title='bbox 2537 5454 2587 5528; x_wconf 72' lang='grc' dir='ltr'>ρ.</span> <span class='ocrx_word' id='word_1_783' title='bbox 2620 5458 2756 5513; x_wconf 73' lang='grc' dir='ltr'>ιιιιυ</span> <span class='ocrx_word' id='word_1_784' title='bbox 2778 5461 2834 5511; x_wconf 78' lang='lat' dir='ltr'><strong>C:</strong></span> <span class='ocrx_word' id='word_1_785' title='bbox 2862 5459 2972 5528; x_wconf 81' lang='grc' dir='ltr'>Τὴν</span> <span class='ocrx_word' id='word_1_786' title='bbox 2996 5454 3073 5520; x_wconf 72' lang='grc' dir='ltr'><strong>είς</strong></span> <span class='ocrx_word' id='word_1_787' title='bbox 3099 5454 3234 5526; x_wconf 82' lang='grc' dir='ltr'>αἷμα</span> <span class='ocrx_word' id='word_1_788' title='bbox 3260 5458 3528 5524; x_wconf 78' lang='grc' dir='ltr'>τιμωρίαν</span> 
     </span>
    </p>
   </div>
   <div class='ocr_carea' id='block_1_113' title="bbox 1965 5527 2436 5599">
    <p class='ocr_par' dir='ltr' id='par_1_113' title="bbox 1965 5527 2436 5599">
     <span class='ocr_line' id='line_1_114' title="bbox 1965 5527 2436 5599; baseline -0.004 -17"><span class='ocrx_word' id='word_1_789' title='bbox 1965 5530 2242 5593; x_wconf 79' lang='grc' dir='ltr'>ἐπιθέντες</span> <span class='ocrx_word' id='word_1_790' title='bbox 2269 5527 2436 5599; x_wconf 81' lang='grc' dir='ltr'>αὐτῷ.</span> 
     </span>
    </p>
   </div>
   <div class='ocr_carea' id='block_1_114' title="bbox 2030 5690 3525 5765">
    <p class='ocr_par' dir='ltr' id='par_1_114' title="bbox 2030 5690 3525 5765">
     <span class='ocr_line' id='line_1_115' title="bbox 2030 5690 3525 5765; baseline -0.009 -12"><span class='ocrx_word' id='word_1_791' title='bbox 2030 5696 2136 5765; x_wconf 82' lang='lat' dir='ltr'><strong>(gg)</strong></span> <span class='ocrx_word' id='word_1_792' title='bbox 2199 5695 2356 5750; x_wconf 75' lang='lat' dir='ltr'><strong>Petro</strong></span> <span class='ocrx_word' id='word_1_793' title='bbox 2406 5697 2604 5765; x_wconf 76' lang='lat' dir='ltr'><strong>itaque.</strong></span> <span class='ocrx_word' id='word_1_794' title='bbox 2641 5703 2746 5750; x_wconf 90' lang='lat' dir='ltr'><strong>etc.</strong></span> <span class='ocrx_word' id='word_1_795' title='bbox 2807 5695 2936 5761; x_wconf 71' lang='lat' dir='ltr'><strong>Quae</strong></span> <span class='ocrx_word' id='word_1_796' title='bbox 2979 5697 3030 5748; x_wconf 93' lang='lat' dir='ltr'><strong>in</strong></span> <span class='ocrx_word' id='word_1_797' title='bbox 3066 5694 3253 5750; x_wconf 66' lang='lat' dir='ltr'><strong>Graeco</strong></span> <span class='ocrx_word' id='word_1_798' title='bbox 3310 5690 3363 5765; x_wconf 83' lang='lat' dir='ltr'><strong>in</strong></span> <span class='ocrx_word' id='word_1_799' title='bbox 3417 5690 3525 5741; x_wconf 90' lang='lat' dir='ltr'><strong>fine</strong></span> 
     </span>
    </p>
   </div>
   <div class='ocr_carea' id='block_1_115' title="bbox 1955 5764 3524 5839">
    <p class='ocr_par' dir='ltr' id='par_1_115' title="bbox 1955 5764 3524 5839">
     <span class='ocr_line' id='line_1_116' title="bbox 1955 5764 3524 5839; baseline -0.004 -21"><span class='ocrx_word' id='word_1_800' title='bbox 1955 5768 2150 5820; x_wconf 78' lang='lat' dir='ltr'><strong>scltolii</strong></span> <span class='ocrx_word' id='word_1_801' title='bbox 2219 5769 2513 5839; x_wconf 81' lang='lat' dir='ltr'><strong>leguntur,</strong></span> <span class='ocrx_word' id='word_1_802' title='bbox 2569 5783 2630 5820; x_wconf 79' lang='lat' dir='ltr'><strong>ea</strong></span> <span class='ocrx_word' id='word_1_803' title='bbox 2699 5768 2752 5821; x_wconf 92' lang='lat' dir='ltr'><strong>in</strong></span> <span class='ocrx_word' id='word_1_804' title='bbox 2807 5767 3077 5836; x_wconf 69' lang='lat' dir='ltr'><strong>principio</strong></span> <span class='ocrx_word' id='word_1_805' title='bbox 3146 5767 3306 5818; x_wconf 65' lang='lat' dir='ltr'><strong>habet</strong></span> <span class='ocrx_word' id='word_1_806' title='bbox 3351 5764 3524 5815; x_wconf 76' lang='lat' dir='ltr'><strong>inter-</strong></span> 
     </span>
    </p>
   </div>
   <div class='ocr_carea' id='block_1_116' title="bbox 1957 5852 2099 5894">
    <p class='ocr_par' dir='ltr' id='par_1_116' title="bbox 1957 5852 2099 5894">
     <span class='ocr_line' id='line_1_117' title="bbox 1957 5852 2099 5894; baseline 0.056 -11"><span class='ocrx_word' id='word_1_807' title='bbox 1957 5852 2099 5894; x_wconf 66' lang='lat' dir='ltr'><strong>pres.</strong></span> 
     </span>
    </p>
   </div>
  </div>
