4024 6170
680 322 729 327 ,-
830 320 1021 325 ----ν-λ--
1056 320 1075 323 -
1120 319 1175 324 η-
1230 320 1301 324 Γ..
1334 320 1411 324 __
1480 321 1533 324 Α
1578 319 1883 333 ,..t.4____.__.

1993 322 2007 324 7
2178 318 2963 327 _____.—..—__.._.__.-.__._.,-_.-
2980 323 3023 327 ..η
3042 322 3269 329 ,σ--Α-νν-ν
3288 325 3543 332 -υιωνψκκμ

842 493 3006 682 ANASTASIIOPERUMO0NTINUll‘I0.-

1653 951 2177 1055 SANCTA

324 1237 437 1378 ις
475 1231 1295 1387 YNODUS
1450 1228 2213 1381 OCTAVA
2331 1230 3566 1449 GENEBALIS

1077 1509 2258 1584 CONSTANTINOPOLITANA
2332 1511 2762 1606 QUARTA,

1302 1705 1863 1808 Anastasio
1954 1704 2563 1839 interprete,

1006 1925 1187 1990 (Apud
1230 1924 1517 1987 Lubbeum,
1556 1924 1903 1977 Conciliat-um
1937 1924 2150 1977 Colloct.
2185 1928 2310 1976 tom.
2363 1926 2515 1988 VIII,
2543 1940 2659 1990 pag.
2690 1928 2829 1991 962).

1964 2078 2165 2093 _

700 2194 1201 2266 PRIEFATIO
1294 2193 1799 2265 ANASTASII
1882 2194 1981 2267 IN
2076 2192 2541 2263 SYNODUM
2627 2194 3127 2270 OCTAVAM.

333 2494 576 2552 Domino
591 2498 792 2551 sancto
823 2490 1879 2566 etcoangelicoPatriPatrumAnmANo
1905 2497 1966 2560 A
1991 2492 2208 2547 nastica
2248 2490 2362 2547 vita
2400 2491 2598 2564 electa,
2646 2492 2706 2548 in
2749 2492 3008 2549 coenobio
3049 2508 3080 2550 a
3120 2495 3386 2565 primaeva
3422 2501 3587 2557 aetate

268 2598 488 2642 summo
505 2583 768 2654 pontiﬁci
786 2589 842 2639 et
873 2583 1182 2640 universali
1202 2597 1380 2654 papae,
1397 2596 1500 2654 ego
1526 2580 1553 2636 f
1590 2582 1779 2638 mulus
1794 2596 1882 2637 ve.
1992 2579 2353 2636 miriseluxit
2380 2595 2599 2638 morum
2613 2582 2958 2639 etvirtutum
2971 2584 3475 2658 splendoribus,ac
3490 2602 3589 2658 per

268 2678 382 2731 ster
408 2672 756 2729 Amsnsrus
802 2679 1093 2744 pecccator
1108 2672 1299 2745 abbas,
1334 2676 1390 2728 et
1420 2685 1652 2728 summae
1680 2677 1880 2729 vestra:

267 2764 592 2834 apostolica;
623 2763 780 2819 sedis
810 2762 1306 2818 bibliothecarius.

329 2853 472 2923 Quia
485 2866 732 2923 superna
748 2851 1121 2923 providentia,
1138 2866 1263 2923 quae
1284 2849 1511 2923 singula
1536 2850 1786 2923 singulis
1801 2850 1879 2905 ita

266 2942 969 3014 distinguittemporibus,
1004 2946 1311 2997 utsanctos
1326 2955 1463 2996 suos
1488 2940 1664 2996 veluti
1699 2941 1882 3011 splen-

268 3034 463 3089 dentia
474 3033 730 3104 quaedam
747 3036 898 3088 astra
917 3045 1028 3087 non
1049 3031 1280 3103 pariter,
1306 3030 1400 3086 sed
1422 3030 1649 3086 vicibus
1670 3030 1885 3086 discre-

270 3121 926 3177 tisadilluminationem
939 3121 1331 3176 Ecclesimsuaa
1363 3118 1629 3191 proferat,
1663 3124 1886 3189 aposto-

274 3212 457 3266 latum
480 3217 727 3267 vestrum
762 3211 976 3267 nostris
1011 3209 1366 3280 temporibus
1396 3209 1561 3279 quasi
1595 3209 1878 3279 quoddam

279 3296 561 3368 fulgidum
574 3298 732 3353 sidus
746 3298 1038 3367 produxit,
1064 3300 1229 3365 cujus
1241 3302 1491 3366 tempore
1502 3302 1673 3367 atque
1694 3302 1887 3354 aucto.

274 3387 446 3441 ritate
475 3391 665 3441 sancta
697 3385 1043 3442 universalis
1081 3389 1138 3439 et
1162 3398 1362 3455 magna
1411 3385 1664 3454 synodus
1689 3389 1886 3442 octava

270 3474 675 3547 celebraretur,
694 3481 750 3530 et
766 3488 924 3530 sacra
955 3474 1216 3530 doctrina
1234 3472 1440 3529 caelum
1467 3475 1675 3528 sanctae
1696 3471 1886 3528 catho-

269 3564 397 3619 licae
408 3568 464 3619 et
477 3564 806 3633 apostolicae
823 3563 1104 3634 Ecclesiae,
1132 3562 1384 3617 tenebris
1401 3575 1661 3617 errorum
1689 3560 1889 3631 depul-

1992 2671 2048 2727 id
2075 2670 2374 2727 diuturnis
2389 2671 2684 2728 exercitiis
2699 2673 2981 2746 eruditus,
3001 2679 3057 2729 et
3074 2675 3133 2729 in
3172 2677 3327 2731 omni
3347 2677 3590 2733 scientia

1990 2765 2046 2815 et
2063 2773 2229 2830 opere
2240 2760 2387 2816 bono
2402 2760 2675 2831 probatus
2713 2763 2829 2832 jam
2844 2776 3034 2833 senex,
3049 2770 3392 2821 cunctorum
3407 2767 3584 2822 unani

1992 2850 2188 2905 mitate
2212 2849 2280 2905 ad
2308 2851 2516 2905 summi
2544 2851 2849 2907 sacerdotii
2871 2853 3085 2922 petitus
3108 2859 3163 2909 et
3187 2860 3480 2925 promotus
3505 2862 3592 2913 est

1990 2940 2390 3009 apicem.Sane
2424 2941 2949 3010 restiteruntbujus
2968 2943 3316 3012 provectioni
3355 2944 3589 3015 quidam

1993 3028 2260 3098 perpauci
2278 3028 2555 3102 episcopi,
2577 3029 2728 3086 inter
2743 3045 2887 3101 quos
2902 3037 3024 3087 erat
3046 3033 3436 3103 Syracusanus
3460 3035 3595 3090 Gre-

1992 3117 2209 3189 gorius,
2238 3132 2303 3173 e0
2329 3118 2479 3188 quod
2497 3132 2593 3175 eos
2623 3124 2853 3189 propter
2876 3119 3167 3177 diﬁ‘amata
3202 3126 3258 3177 et
3302 3122 3594 3192 publicata

1994 3207 2269 3263 nonnulla
2286 3207 2532 3264 crimina
2552 3209 2611 3263 in
2630 3209 2949 3265 sacerdotio
2968 3211 3117 3283 vitaz,
3136 3215 3267 3267 ante
3283 3210 3598 3269 refricatio-

1993 3309 2119 3351 nem
2150 3296 2209 3351 in
2225 3310 2321 3352 eos
2349 3296 2496 3352 illati
2511 3298 2722 3366 judicii
2751 3311 2809 3353 se
2827 3313 2938 3353 non
2961 3313 3124 3369 posse
3144 3301 3412 3372 recipere,
3432 3314 3598 3359 cano-

1996 3384 2123 3436 nica
2140 3384 2218 3437 sit
2233 3397 2297 3436 ac
2317 3385 2442 3435 miti
2464 3386 2683 3437 ratione
2702 3384 2987 3455 profatus;
3022 3393 3252 3455 propter
3278 3404 3423 3459 quae,
3459 3390 3596 3459 quia

1998 3469 2099 3526 illa
2115 3468 2507 3526 satisfactione
2525 3484 2635 3526 non
2653 3470 2981 3544 abluerunt,
3015 3474 3216 3529 merito
3234 3477 3594 3544 postmodum

1995 3560 2066 3615 ab
2103 3573 2169 3616 eo
2214 3564 2270 3615 et
2309 3559 2522 3631 synodo
2547 3558 2799 3615 abdicati
2828 3564 2982 3615 sunt.
3014 3561 3253 3618 Favebat
3281 3568 3469 3619 autem
3504 3564 3597 3620 his

270 3654 374 3723 sis,
390 3653 563 3723 jubar
576 3653 694 3709 veri
712 3653 950 3709 luminis
968 3652 1320 3708 illustratum
1342 3651 1680 3721 perciperet:
1704 3663 1886 3720 operae
1998 3649 2230 3720 quidam
2249 3654 2476 3705 senator
2492 3650 2787 3707 saecularis
2802 3652 2870 3707 ad
2882 3650 3327 3707 ministrationis
3352 3649 3597 3724 fungens

274 3715 697 3813 pretiumduxi,
714 3742 908 3805 tamad
931 3715 1422 3798 laudemauctoris
1460 3715 1628 3811 quam
1645 3740 1713 3796 ad
1733 3715 1891 3795 aeter-
1997 3715 2202 3810 ofﬁcio,
2235 3750 2267 3793 a
2293 3739 2550 3812 secretis,
2580 3741 2808 3795 nomine
2833 3740 3093 3812 Photius,
3123 3740 3224 3811 qui
3256 3741 3325 3796 ad
3359 3715 3599 3811 patriar-
3645 3715 3669 3837 )

271 3844 402 3886 nam
429 3832 782 3901 apostolatus
810 3831 982 3886 vestri
1027 3830 1380 3900 memoriam,
1412 3830 1715 3898 scriptura:
1762 3834 1889 3884 tra—
1922 3840 1969 3900 Β
1996 3827 2157 3882 chale
2173 3828 2549 3884 conscendere
2566 3828 2861 3901 fastigium
2879 3829 3165 3901 aﬁ‘ectans,
3185 3844 3315 3886 cum
3332 3831 3417 3886 eis
3434 3845 3599 3887 seor-

265 3922 425 3991 dere,
443 3926 753 3991 vestraeque
785 3919 1164 3976 dominationi
1185 3919 1432 3975 breviter
1450 3918 1737 3990 intimare,
1758 3932 1885 3989 qua;
1996 3930 2121 3972 sum
2137 3916 2462 3989 colligebat,
2495 3923 2552 3973 et
2582 3918 2775 3974 ﬁdeles
2802 3931 3106 3990 quosquea
3123 3924 3332 3976 sanctae
3349 3934 3599 3978 commm-

264 4010 451 4067 l'uerit
473 4010 725 4079 ejusdem
750 4013 958 4065 sanctae
1006 4009 1207 4080 synodi
1250 4007 1487 4064 materia
1511 4006 1882 4082 celebrandae,
1996 4006 2190 4062 nionis
2256 4007 2695 4078 participatione
2735 4014 3013 4081 avertens,
3060 4008 3278 4065 divinis
3323 4009 3596 4067 interesse

263 4100 354 4155 vel
390 4100 541 4171 quod
559 4098 885 4169 apostolicae
901 4099 1055 4177 sedis
1070 4112 1242 4169 super
1276 4097 1393 4154 haec
1409 4097 1750 4168 disponendi
1771 4104 1889 4154 stu—
1997 4096 2305 4167 mysteriis,
2324 4097 2461 4153 dum
2487 4110 2519 4152 a
2544 4097 2870 4168 patriarcha
2896 4098 3116 4170 Ignatio
3146 4098 3590 4172 celebrarentur,

266 4190 434 4245 dium
464 4188 550 4245 vel
584 4188 928 4259 auctoritas;
970 4186 1111 4259 quid
1157 4188 1329 4244 etiam
1360 4187 1431 4242 ab
1471 4186 1573 4242 illa
1615 4186 1700 4243 vel
1728 4191 1889 4242 trac—
1997 4185 2227 4254 penitus
2252 4186 2581 4242 recusabat:
2615 4186 2765 4243 nihil
2800 4187 3013 4244 habens
3041 4187 3100 4242 in
3136 4202 3307 4244 causa
3336 4189 3587 4261 pietatis,

266 4282 457 4334 tatum
507 4277 594 4334 vel
635 4276 811 4333 fuerit
850 4277 1147 4334 deﬁnitum
1240 4276 1615 4347 Quamobrem
1660 4290 1884 4347 quoque
1999 4275 2146 4331 unde
2164 4276 2487 4345 pontiﬁcem
2507 4277 2802 4347 proprium
2821 4277 3275 4349 reprehenderet,
3298 4278 3410 4334 nisi
3440 4279 3590 4351 quod

262 4368 356 4423 vel
381 4373 597 4439 octava,
616 4368 702 4423 vel
719 4367 947 4423 dicatur
983 4367 1344 4439 universalis,
1366 4366 1499 4437 quis
1522 4366 1694 4423 etiam
1714 4366 1887 4422 inter.
1994 4365 2395 4435 suspicabatur
2414 4381 2542 4422 eum
2563 4367 2737 4422 vitam
2754 4367 3070 4423 decessoris
3086 4367 3199 4440 sui,
3216 4368 3271 4423 id
3287 4372 3591 4424 estsanctze

265 4456 708 4527 pretatusillam
724 4457 1031 4529 exstiterit,
1050 4460 1107 4512 et
1124 4471 1192 4512 ne
1226 4457 1337 4528 ipsi
1356 4456 1571 4528 synodo
1598 4471 1886 4527 praesum—
1994 4455 2279 4512 memoriae
2318 4456 2658 4527 patriarcha:
2692 4470 2961 4513 accusare
2986 4457 3283 4527 Methodii,
3331 4472 3457 4514 cum
3490 4457 3589 4514 ille

267 4546 399 4616 ptio
414 4546 692 4618 cujusque
708 4561 835 4618 quae
868 4548 927 4602 in
952 4560 1015 4603 ea
1035 4546 1269 4603 deﬁnita
1285 4561 1399 4603 non
1425 4550 1580 4616 sunt,
1611 4560 1879 4617 processu
1991 4559 2103 4601 non
2130 4545 2314 4601 solum
2336 4547 2487 4603 hunc
2514 4547 2574 4602 in
2602 4547 2761 4603 nullo
2792 4547 3022 4618 penitus
3047 4552 3360 4618 accusaret,
3389 4561 3583 4603 verum

268 4636 551 4705 temporis
573 4637 763 4709 addat,
785 4636 1066 4693 sollicitos
1108 4637 1340 4693 reddere
1355 4636 1688 4693 acintentos
1714 4636 1881 4693 lecto-
1987 4635 2159 4691 etiam
2192 4635 2358 4691 miris
2396 4635 2666 4692 laudibus
2696 4650 2915 4706 semper
2948 4636 3188 4709 efferret,
3219 4636 3360 4707 quin
3392 4637 3586 4707 potius

262 4738 383 4779 res.
415 4723 549 4793 Qua
575 4725 843 4781 videlicet
868 4730 1089 4799 notans,
1110 4740 1221 4783 non
1239 4726 1404 4798 quasi
1440 4725 1625 4782 inscio
1640 4730 1877 4796 aposto—
1988 4725 2317 4781 memoriam
2338 4724 2503 4782 illius
2521 4726 2671 4781 inter
2687 4731 2915 4782 sanctos
2934 4725 3309 4797 patriarchas,
3330 4726 3467 4781 dum
3483 4726 3585 4782 di—

262 4816 395 4871 latu
422 4819 612 4870 vestro
637 4815 938 4873 scribendo
976 4816 1178 4890 refero,
1220 4817 1316 4873 sed
1359 4821 1629 4887 tanquam
1666 4816 1869 4872 horum
1983 4814 2115 4870 vina
2142 4814 2408 4886 mysteria
2425 4819 2775 4887 gererentur,
2800 4813 3025 4887 faceret,
3046 4819 3101 4871 et
3130 4815 3281 4871 diem
3306 4815 3584 4871 anniver-

256 4904 504 4961 conscio
522 4908 580 4959 et
598 4908 753 4976 teste,
771 4905 1048 4963 historica
1065 4904 1423 4977 expositione
1446 4906 1514 4961 ad
1536 4905 1867 4962 memoriam
1980 4904 2197 4960 sarium
2215 4904 2547 4960 solemniter
2562 4909 2618 4959 et
2634 4904 3096 4975 impraatermisse
3122 4918 3293 4975 super
3316 4905 3442 4975 ejus
3469 4918 3581 4962 ηοσ-

254 4998 516 5049 vestram
542 4992 775 5049 reduco.
1980 4994 2132 5049 mine
2160 4992 2489 5049 celebraret.
2509 4994 2780 5063 Quamvis
2811 4994 2916 5050 hoc
2945 4995 3133 5065 ipsum
3156 4994 3303 5050 idem
3333 4995 3574 5052 Photius

335 5083 613 5152 Tempore
661 5083 854 5154 itaque
902 5084 1202 5141 Michaelis
1246 5089 1303 5141 et
1325 5084 1868 5153 Theodormmatris
1976 5082 3575 5156 sicutcaaterailliusgestasinistreiuterpretans,callide

252 5174 397 5242 ejus
445 5172 870 5245 imperatorum,
907 5174 1168 5232 abdicato
1212 5174 1582 5232 Iconomacho
1627 5175 1859 5246 Joanne,
1896 5176 1942 5236 C
1973 5169 2156 5228 facere
2195 5173 2320 5230 suis
2356 5173 2724 5230 auditoribus
2755 5174 3107 5247 praedicaret,
3154 5174 3269 5231 alia
3301 5175 3571 5245 inquiens

252 5262 457 5317 lectus
479 5267 535 5317 et
562 5268 927 5320 consecratus
942 5269 1029 5320 est
1045 5265 1367 5334 patriarcha
1390 5264 1862 5334 Constantinopo-
1969 5276 2098 5317 eum
2130 5263 2189 5318 in
2215 5263 2383 5319 corde
2423 5268 2633 5335 tenere,
2666 5263 2780 5318 alia
2813 5262 2872 5319 in
2890 5277 3057 5335 Opere
3086 5265 3494 5322 demonstrare.

250 5352 389 5408 leos
423 5353 694 5425 lgnatius,
732 5354 830 5425 qui
872 5354 1145 5412 Michaele
1177 5356 1463 5427 quondam
1496 5355 1857 5427 imperatore,
2039 5353 2634 5426 CumigiturPhotius
2650 5352 2902 5410 sociatus
2918 5353 3306 5412 schismaticis
3323 5365 3564 5425 quorum

247 5442 441 5512 cujus
463 5442 621 5499 ﬁlius
636 5448 778 5516 erat,
800 5444 1103 5515 imperium
1130 5451 1328 5516 sponte
1345 5446 1648 5519 religionis
1671 5458 1861 5501 amore
1970 5448 2171 5501 auctor
2197 5442 2467 5514 praefatus
2489 5448 2612 5500 erat
2657 5443 3049 5515 Syracusanus
3086 5444 3399 5517 Gregorius
3426 5454 3561 5510 per-

245 5532 617 5607 dimittente,
634 5534 937 5592 eunuchus
954 5535 1173 5593 invidia
1188 5534 1375 5594 factus
1389 5535 1735 5609 est;deiude
1750 5549 1864 5593 mo-
1972 5534 2237 5591 suaderet
2278 5533 2526 5607 cunctis,
2558 5533 2659 5604 qui
2704 5533 2872 5605 quasi
2901 5534 2997 5604 pio
3021 5532 3175 5588 circa
3204 5527 3557 5588 Methodium

699 5625 933 5683 Punct.
980 5626 1230 5685 CXXIX.

3263 5616 3296 5694 1

158 5790 421 6017 Abt;
