4024 6170
401 191 424 248 4
438 190 460 248 4
1571 187 1928 246 ANASTASII
1977 187 2519 246 BIBLIOTHECARII
2780 257 2791 262 _
3633 197 3702 255 42

393 315 929 392 (habentes’quidem
949 315 1526 429 zelumjustitizered
1545 330 1656 374 non
1675 317 1992 375 secundum
2007 311 2082 378 Ἀ
2102 316 2416 429 crudelitas
2456 317 2618 375 furit.
2653 319 2926 376 Preterea
2953 320 3194 378 Photins
3220 323 3279 378 in
3309 323 3414 380 hac
3451 327 3610 394 parte
3639 307 3733 429 se/

387 409 703 482 scientiam)
721 407 926 464 affectu
949 407 1284 479 ﬂagrabant,
1306 406 1458 477 quod
1484 407 1810 477 patriarcha
1827 409 1993 479 Igna-

389 499 506 555 tius
529 499 830 570 derogator
855 500 1006 553 esset
1033 496 1288 567 ejusdem
1315 495 1838 556 sanctae-memoriae
1864 497 1990 550 Me—

385 586 592 656 thodii,
620 591 677 642 et
716 585 932 642 idcirco
957 585 1124 658 quasi
1158 585 1445 654 parricida
1475 583 1623 642 foret
1663 583 1980 657 habendus,

382 673 528 731 fama
545 674 884 736 crebrescit:
905 674 1141 731 Bardam
1163 673 1477 732 scholarem
1508 674 1910 740 domesticum,
1930 675 1987 728 et

379 764 683 822 Theodore
710 763 1096 835 imperatricis
1138 777 1487 836 germanum,
1531 763 1748 820 incesto
1775 777 1985 819 nurum

381 853 669 923 propriam
721 869 829 910 usu
877 852 1109 925 fmdare,
1175 867 1340 924 quem
1368 853 1692 923 patriarcha
1717 851 1985 908 criminis

378 942 689 1015 redarguit,
716 943 1124 1000 interminatus
1168 941 1795 1012 excommunicandum,
1817 941 1930 996 nisi
1953 953 1987 996 a

378 1036 532 1103 tanto
555 1032 773 1104 ﬂagitio
788 1032 1156 1102 cessavisset;
1202 1033 1370 1102 cujus
1403 1030 1828 1104 redargutionis
1861 1045 1989 1086 mo-

373 1121 510 1176 dum
530 1121 628 1177 ille
645 1135 756 1178 non
775 1120 978 1193 ferens,
995 1121 1323 1192 praanotatis
1339 1120 1726 1177 schismaticis
1740 1133 1806 1176 ac
1820 1119 1988 1190 depo-

373 1209 808 1283 sitisjungitur,
852 1215 909 1267 et
927 1215 1219 1268 versutum
1267 1211 1328 1266 in
1377 1209 1757 1280 patriarcham
1793 1209 1984 1266 sarci-

373 1303 898 1374 natargumentum.
912 1300 1204 1357 Persuasit
1237 1299 1392 1355 enim
1414 1299 1744 1370 imperatori
1758 1299 1984 1355 Micha—

369 1389 468 1462 eli,
489 1394 554 1446 ut
571 1395 805 1446 matrem
816 1395 871 1446 et
886 1389 1146 1446 Theclam
1183 1402 1431 1446 sororem
1444 1402 1626 1459 suam,
1641 1402 1766 1459 quae
1782 1393 1839 1443 et
1857 1388 1979 1458 ipsa

368 1493 498 1536 cum
528 1484 706 1536 matre
729 1493 794 1535 ac
820 1478 993 1535 fratre
1021 1479 1247 1549 imperii
1277 1477 1464 1535 fuerat
1503 1482 1726 1548 sceptra
1750 1477 1976 1559 sortita,

369 1569 601 1625 tondere
613 1569 950 1640 patriarcha;
981 1569 1330 1640 praeciperet,
1345 1568 1472 1623 etin
1491 1565 1836 1623 monasterio
1847 1565 1977 1622 col-

2102 403 2438 462 frustratum
2455 408 2704 478 intuens,
2719 409 2787 464 ad
2801 409 2989 465 sedem
3001 410 3372 480 apostolicam
3391 413 3590 483 mittit,
3605 427 3676 469 cu

2102 508 2340 567 magnus
2361 501 2494 553 tunc
2518 497 2782 554 decessor
2805 503 2990 554 vester
3007 499 3346 568 praesidebat
3368 513 3511 570 papa
3537 501 3702 558 Nico-

2101 583 2253 673 laus;
2275 591 2554 656 quatenus
2575 587 2696 660 illa,
2721 587 2873 644 sicut
2895 588 3015 658 ipse
3036 589 3315 658 sperabat,
3348 583 3714 673 approbante,

2097 672 2182 728 vel
2213 673 2568 746 decernente,
2601 691 2729 732 mox
2758 677 3014 732 omnium
3045 691 3142 732 ora
3174 677 3560 732 resistentium
3585 678 3699 733 ob-

2097 767 2312 819 structa
2329 765 2582 836 silerent,
2598 770 2654 821 et
2673 767 2868 822 aditus
2889 766 3002 822 sibi
3029 767 3426 838 progrediendi
3454 781 3566 836 qua
3583 767 3692 822 vel-

2097 851 2174 908 let
2203 866 2397 910 omnes
2427 855 2661 911 omnino
2693 860 3078 927 patescerent;
3114 857 3384 928 ignorans
3420 856 3685 927 stolidus,

2097 943 2245 1013 quod
2269 945 2417 1012 apud
2442 943 2667 1000 beatum
2687 945 2788 1001 Job
2807 947 2877 1002 de
2892 947 3006 1001 Deo
3029 946 3277 1018 legitur;
3307 946 3411 1011 Qui
3450 947 3499 998 si
3521 947 3694 998 inclu-

2095 1033 2226 1084 serit
2256 1032 2540 1095 hominem,
2585 1050 2736 1088 nemo
2761 1039 2838 1089 est
2862 1037 2958 1105 qui
2981 1037 3194 1105 aperiat
3219 1032 3332 1106 (Job
3365 1033 3487 1106 xu).
3515 1034 3693 1102 Cujus

2095 1118 2432 1192 legationem
2451 1121 2720 1192 praefatus
2736 1139 2996 1180 summus
3017 1123 3270 1194 pontifex
3296 1123 3619 1194 suscipiens
3639 1126 3696 1179 et

2093 1213 2463 1280 pertractans,
2488 1211 2624 1268 licet
2651 1213 2946 1285 hucusque
2967 1213 3348 1269 versutiarum
3375 1213 3500 1282 ejus
3521 1216 3693 1282 atque

2091 1303 2376 1370 gestorum
2411 1300 2663 1372 ignarus,
2694 1316 2833 1372 pene
2853 1306 3056 1359 cuncta
3079 1316 3204 1373 qua:
3223 1301 3293 1357 ab
3322 1315 3387 1357 eo
3422 1306 3547 1357 acta
3579 1299 3696 1356 fue-

2090 1394 2236 1461 rant,
2262 1390 2450 1462 sagaci
2465 1391 2840 1461 deprehendit
2859 1393 3151 1448 acumine:
3176 1396 3232 1447 et
3253 1405 3364 1447 non
3384 1390 3686 1462 lgnatium,

2091 1435 2236 1461 ---.-,
2263 1435 2450 1462 Wa--.
2466 1435 2840 1461 --,..........-..
2859 1435 3151 1448 ...,........V.
3178 1435 3232 1447 ν.
3254 1435 3364 1447 ..νη
3384 1435 3686 1462 .,,..ι.-......,

2089 1483 2154 1534 ιιι
2179 1479 2418 1536 Photins
2439 1481 2839 1554 postulaverat,
2873 1481 2968 1538 sed
2999 1481 3148 1552 potis
3190 1481 3379 1550 ipsum
3425 1480 3688 1536 Photium
3701 1435 3744 1602 /

2090 1568 2300 1602 nnnnlil
2339 1584 2530 1602 πον-ιω
2549 1571 2828 1602 ιπητηὲοηηη
2845 1571 3334 1602 ἕηοθῖθῖωοιιηιιηηο
3374 1570 3533 1602 minii
3552 1571 3664 1602 θήῃ

2090 1568 2325 1640 repulit,
2339 1584 2532 1626 verum
2549 1571 2830 1626 tramitem
2837 1571 3082 1641 justitia:
3095 1584 3357 1642 sequens,
3374 1570 3536 1626 misit
3552 1571 3692 1628 Con-

369 1659 598 1715 locaret.
615 1658 774 1728 Quod
800 1673 929 1715 cum
949 1657 1272 1729 patriarcha
1289 1661 1570 1727 renueret,
1602 1671 1702 1726 pro
1725 1670 1791 1712 eo
1818 1657 1968 1727 quod
2000 1647 2518 1730 Rstantinopolim
2543 1661 2767 1732 missos,
2793 1660 3141 1716 Radoaldum
3163 1661 3386 1724 scilicet
3417 1661 3692 1716 Portuent

368 1752 609 1819 utraque
621 1747 956 1818 imperatrix
971 1749 1113 1804 hanc
1146 1747 1377 1803 interim
1391 1759 1502 1802 non
1518 1745 1755 1817 eligeret
1769 1752 1971 1816 sponte

367 1835 796 1908 professionem,
827 1837 1070 1894 maxime
1098 1837 1236 1908 quia
1263 1836 1356 1892 his
1399 1836 1712 1892 secundum
1756 1849 1966 1891 morem

365 1926 517 1983 sicut
530 1927 753 1984 caeteris
775 1926 1217 1998 imperatoribus
1241 1931 1298 1982 et
1331 1924 1796 1996 imperatricibus
1815 1926 1972 1995 jura-

363 2021 520 2073 verat
550 2031 661 2074 non
692 2016 886 2074 seullo
913 2017 972 2072 in
1001 2021 1250 2086 tempore
1295 2015 1728 2086 insidiaturum,
1759 2015 1970 2072 Bardas

365 2105 636 2177 protinus
678 2106 746 2163 ad
795 2106 1190 2177 imperatorem
1211 2105 1474 2175 juvenem
1503 2123 1515 2158 :
1545 2106 1714 2176 Heus,
1750 2103 1964 2174 inquit,

365 2195 696 2268 imperator,
731 2195 928 2253 saltem
960 2208 1110 2252 nunc
1129 2208 1240 2252 non
1279 2193 1824 2266 advertislgnatium
1855 2198 1966 2250 tua

362 2285 586 2354 spirare
614 2277 760 2358 neci,
783 2289 838 2342 et
855 2289 1088 2340 matrem
1113 2284 1342 2354 imperii
1367 2283 1470 2339 alii
1503 2283 1731 2354 gestire,
1766 2281 1964 2340 futuro

361 2373 584 2430 scilicet
601 2373 955 2447 imperatori,
969 2373 1189 2430 sociare
1213 2373 1437 2430 marito.
1459 2373 1585 2427 Haec
1603 2371 1965 2431 miserrimus

358 2463 494 2536 egit,
547 2476 649 2519 nec
680 2463 922 2534 propriae
952 2477 1250 2536 germana,
1295 2461 1646 2532 imperatrici
1691 2460 1965 2516 videlicet

361 2565 616 2624 parcens,
649 2557 714 2610 ut
741 2559 798 2609 et
828 2553 886 2609 in
904 2553 1286 2624 patriarcham
1307 2551 1701 2622 ulcisceretur,
1721 2554 1777 2606 et
1796 2554 1964 2606 utra-

359 2655 468 2713 que
486 2641 868 2712 imperatrice,
891 2642 948 2698 id
967 2647 1052 2698 est
1074 2646 1249 2697 matre
1265 2655 1330 2697 ac
1348 2640 1487 2713 ﬁlia,
1510 2639 1752 2710 imperio
1769 2639 1955 2712 pulsa,

359 2729 481 2802 ipse
510 2729 596 2786 vel
627 2729 740 2787 vivi
774 2729 933 2787 ﬁeret
977 2729 1340 2802 imperatoris
1369 2729 1582 2802 socius,
1615 2728 1701 2784 vel
1731 2743 1797 2784 eo
1835 2742 1867 2782 a
1900 2740 1960 2784 se

358 2818 592 2876 facilius
641 2820 997 2892 interempto,
1042 2821 1158 2891 jam
1190 2819 1598 2891 subrogaretur
1639 2831 1953 2874 successor.

354 2909 510 2966 Tunc
524 2909 850 2982 imperator,
869 2923 1006 2966 aure
1023 2909 1166 2965 tanti
1185 2908 1461 2982 praestigii
1479 2907 1749 2964 credulus
1763 2911 1819 2962 et
1836 2907 1963 2962 ira—

2084 1761 2199 1803 sem
2250 1752 2306 1803 et
2350 1749 2678 1806 Zachariam
2724 1749 3088 1821 Anagninum
3137 1749 3451 1820 episcopos,
3519 1752 3690 1820 atque

2079 1837 2322 1910 litteras,
2347 1852 2589 1908 quarum
2611 1842 2859 1896 tenorem
2882 1839 2982 1910 qui
3007 1838 3228 1911 legerit,
3254 1837 3488 1894 facilius
3523 1851 3690 1901 nosse

2081 1926 2324 1997 poterit:
2359 1926 2417 1981 in
2439 1927 2671 1998 quibus,
2702 1928 2838 1999 quia
2858 1932 2914 1983 et
2947 1927 3018 1983 de
3053 1927 3390 1983 venerandis
3422 1927 3694 1982 iconibus

2080 2016 2318 2087 quaestio
2331 2023 2470 2089 erat,
2487 2017 2761 2074 nonnulla
2775 2018 2945 2072 etiam
2960 2032 3131 2086 super
3145 2016 3238 2072 his
3269 2016 3594 2085 conscripta
3610 2029 3692 2071 re-

2079 2105 2396 2174 periuntur.
2435 2106 2900 2162 Pervenieniibus
2923 2105 3104 2178 igitur
3131 2106 3326 2162 missis
3359 2105 3691 2174 apostolicae

2077 2194 2231 2250 sedis
2245 2195 2818 2266 Constantinopolim,
2833 2199 2890 2251 et
2903 2195 3152 2252 concilio
3167 2199 3525 2266 congregato,
3540 2195 3689 2248 Grae-

2075 2283 2130 2338 ci
2151 2283 2423 2354 epistolas
2477 2284 2878 2355 suscipientes,
2925 2283 3208 2354 quidquid
3255 2283 3314 2338 in
3341 2283 3560 2338 eiserat
3583 2297 3684 2350 pro

2075 2347 2293 2444 lgnatio
2305 2373 2390 2428 vel
2404 2379 2600 2430 contra
2615 2347 2876 2428 Photium
2893 2347 3682 2442 inverterunt,subtraxerun-
3693 2347 3722 2460 ]

2072 2462 2201 2517 etin
2214 2461 2458 2518 consilio
2481 2461 2592 2534 legi
2614 2461 2848 2517 minime
2865 2461 3248 2531 pertulerunt:
3270 2461 3466 2516 missis
3485 2460 3682 2516 Roma-

2073 2551 2166 2606 nis
2178 2551 2314 2622 quid
2336 2551 2604 2623 legerent,
2618 2551 2826 2621 quidve
2839 2564 2948 2607 non
2968 2551 3235 2634 legerent,
3256 2550 3584 2606 nullatenus
3598 2549 3684 2605 in-

2071 2639 2483 2712 telligentibus,
2509 2639 2590 2696 vel
2633 2640 2804 2695 etiam
2845 2640 3292 2711 advertentibus,
3323 2640 3457 2710 quia
3483 2639 3674 2708 potius

2071 2743 2184 2800 prae
2216 2730 2268 2784 vi
2301 2744 2366 2785 ac
2396 2729 2601 2786 timore
2644 2730 2761 2800 jam
2801 2731 3032 2800 jamque
3073 2729 3491 2784 deﬁcientibus.
3527 2727 3673 2796 Quid

2072 2818 2236 2890 plura
2256 2818 2284 2872 ‘I
2313 2819 2571 2890 lgnatius
2593 2818 2652 2874 in
2676 2819 2924 2875 medium
2949 2817 3221 2890 trahitur,
3255 2831 3443 2874 coram
3483 2816 3676 2872 missis

2070 2907 2397 2978 apostolica
2417 2907 2572 2964 sedis
2585 2909 2700 2978 jam
2723 2907 2884 2964 senio
2897 2905 3082 2963 fessus
3099 2911 3396 2978 statuitur,
3424 2907 3677 2962 etdenuo

355 3001 469 3071 tus,
492 3003 725 3054 matrem
757 3013 886 3055 cum
916 2998 1215 3056 sororibus
1239 3003 1457 3054 tonsam
1483 2997 1694 3068 palatio
1718 2996 1958 3070 pepulit,
1990 2998 2042 3064 α
2073 2997 2425 3053 damnationi
2449 2997 2833 3068 submittitur,
2863 2997 3006 3068 quin
3033 3001 3090 3052 et
3111 2995 3564 3052 sacerdotalibus
3596 2995 3678 3050 in-

353 3089 410 3144 et
422 3087 705 3158 Ignatium
728 3087 1228 3144 schismaticorum
1241 3101 1306 3144 ac
1323 3087 1514 3143 Bardze
1526 3086 1912 3160 suggestione,
1930 3099 1962 3142 a

358 3176 637 3250 regimine
683 3177 1110 3247 patriarchatus
1151 3176 1360 3250 abegit,
1395 3177 1852 3250 subrogatusque
1877 3183 1964 3237 est

359 3204 637 3250 l'cgtuuuc
685 3204 1110 3247 pau'ldruuatua
1151 3204 1360 3250 ειυυδιι,
1395 3204 1852 3250 διιυπυδίιιυδιιιιῠ
1877 3204 1963 3237 ΰδι

271 3204 296 3334 (
359 3280 459 3336 pro
485 3279 549 3322 eo
581 3264 800 3336 praefati
825 3267 1017 3323 Bardas
1033 3265 1221 3324 favore
1267 3267 1525 3340 Photius,
1543 3265 1614 3322 de
1643 3280 1758 3338 quo
1788 3279 1963 3336 supra

353 3355 594 3412 relatum
612 3359 717 3427 est,
738 3355 1180 3426 prohibentibus
1208 3355 1390 3412 sacris
1405 3355 1722 3411 canonibus
1735 3358 1792 3409 et
1807 3369 1964 3409 vene-

353 3443 792 3517 randislegibus
816 3447 1098 3502 neminem
1121 3459 1189 3501 ex
1221 3444 1413 3501 laicali
1445 3444 1656 3498 militia
1677 3442 1871 3498 subito
1891 3442 1959 3496 ad

353 3533 733 3592 sacerdotium
757 3534 1094 3604 promoveri.
1120 3533 1374 3605 lgnatius
1405 3545 1534 3587 vero
1549 3533 1684 3586 dum
1717 3529 1964 3599 pellere-

352 3629 468 3696 tur,
491 3623 786 3680 ecclesiam
815 3623 1036 3694 ligavit,
1057 3635 1127 3676 ne
1163 3621 1470 3691 quisquam
1487 3619 1701 3690 absque
1727 3631 1786 3673 se
1819 3617 1879 3672 in
1895 3630 1960 3672 ea

352 3727 512 3772 sacra
531 3713 815 3769 celebrare
845 3715 1089 3768 tentaret
1108 3709 1310 3768 ofﬁcia.
1343 3709 1466 3780 Quo
1497 3709 1717 3778 audito,
1749 3707 1961 3763 Bardas

351 3803 490 3860 adeo
518 3817 646 3860 eum
680 3802 740 3858 in
767 3801 978 3872 insula,
1005 3801 1064 3857 in
1083 3814 1194 3872 qua
1211 3803 1332 3856 erat
1377 3798 1679 3870 relegatus,
1715 3796 1962 3852 diversis

351 3893 654 3951 tormentis
677 3891 884 3964 aﬁ'ecit,
909 3895 974 3948 ut
996 3891 1195 3947 dentes
1227 3889 1390 3946 illius
1427 3887 1680 3960 fregerit,
1699 3891 1755 3942 et
1783 3886 1962 3944 conti-

353 3983 488 4040 nuis
519 3981 784 4038 lacerarit
811 3979 1090 4050 colaphis,
1123 3979 1420 4051 usquequo
1459 3991 1518 4034 se
1534 3975 1781 4033 refutare
1803 3976 1958 4047 regi-

354 4085 480 4128 men
507 4085 625 4128 sua:
655 4070 1015 4142 proﬁteretur
1057 4067 1342 4140 Ecclesiae,
1391 4081 1501 4138 qua
1541 4065 1809 4123 videlicet
1841 4067 1958 4136 jam

356 4159 825 4232 praajudicialiter
854 4156 1041 4215 fuerat
1083 4157 1454 4229 exspoliatus,
1489 4161 1544 4212 et
1574 4161 1704 4212 ante
1733 4169 1956 4212 omnem

303 4253 306 4256 ’
354 4248 778 4306 discussionem
807 4247 1036 4318 penitus
1060 4246 1405 4302 denudatus.

2076 3086 2597 3158 fulisexspoliatur,
2619 3087 2780 3159 quasi
2805 3087 3051 3142 validior
3069 3086 3227 3142 ﬁeret
3241 3085 3311 3141 de
3325 3085 3558 3156 positio,
3579 3084 3677 3141 ubi

2074 3176 2227 3232 sedis
2243 3177 2568 3248 apostolicae
2590 3192 2686 3247 per
2702 3176 2948 3232 vicarios
2962 3190 3098 3232 suos
3110 3176 3425 3231 auctoritas
3445 3173 3678 3230 adfuis—

2073 3271 2177 3334 set,
2207 3281 2334 3324 cum
2360 3267 2418 3322 in
2443 3268 2534 3322 his
2557 3281 2656 3322 nec
2684 3267 2847 3321 illius
2865 3264 3196 3318 interfuerit
3211 3263 3544 3335 auctoritas,
3572 3277 3673 3320 nec

2074 3355 2237 3409 missi
2260 3355 2349 3408 illi
2373 3354 2717 3408 vicariorum
2744 3365 2914 3422 more,
2949 3354 3012 3406 ut
3037 3351 3294 3420 epistola:
3333 3351 3472 3407 dant
3497 3352 3677 3409 intel-

2073 3441 2198 3512 ligi,
2215 3440 2732 3497 fuerintdestinati.
2749 3441 2906 3510 Quod
2921 3440 3082 3496 sedes
3101 3441 3674 3516 apostolicadiscens,

2071 3533 2284 3584 tantam
2309 3529 2654 3598 injustitiam
2675 3529 2906 3600 impune
2933 3530 3118 3586 deseri
3152 3530 3388 3586 minime
3416 3535 3679 3600 passaest

2071 3617 2165 3674 sed
2190 3617 2394 3674 scribit
2413 3633 2445 3674 a
2475 3619 2580 3675 tali
2606 3620 3046 3691 praesumptione
3071 3621 3429 3692 cessandum,
3455 3636 3676 3693 suoque

2070 3709 2295 3764 decreto
2323 3708 2586 3765 Photium
2606 3671 2720 3765 bon
2741 3671 3096 3766 obedientem
3126 3725 3255 3766 cum
3295 3671 3675 3780 complicibus
3714 3671 3738 3782 Ι

2071 3811 2230 3854 sacra
2249 3797 2530 3869 dignitate
2562 3799 2758 3870 nudat,
2787 3803 2842 3855 et
2873 3814 3000 3856 cum
3043 3799 3312 3856 omnibus
3343 3798 3669 3856 fautoribus

2069 3888 2368 3944 anathema
2393 3887 2512 3943 fore
2534 3889 2812 3957 decernit,
2833 3889 2950 3960 jam
2969 3889 3146 3946 dictis
3177 3889 3372 3946 missis
3401 3891 3525 3946 suis
3548 3891 3676 3960 pri-

2071 3977 2248 4034 mitus
2291 3979 2627 4034 sententiam
2675 3979 2986 4036 secundum
3038 3979 3293 4049 exempla
3359 3980 3674 4036 reverendae

2071 4067 2354 4123 memoria:
2385 4067 2592 4124 Felicis
2622 4082 2776 4138 papae
2797 4069 2856 4124 in
2883 4067 3118 4124 V'italem
3139 4074 3196 4124 et
3238 4068 3518 4126 Misenum
3540 4071 3674 4140 epi—

2068 4171 2268 4226 scopos
2288 4157 2560 4212 similiter
2579 4158 2911 4214 excedentes
2940 4157 3290 4228 synodaliter
3322 4158 3594 4229 inferens,
3617 4166 3674 4216 et

2071 4259 2239 4317 quam
2271 4246 2383 4302 sibi
2411 4244 2608 4302 fratris
2631 4246 2873 4316 dejectio
2910 4251 3058 4304 esset
3093 4247 3303 4320 gravis,
3335 4248 3507 4304 etiam
3530 4248 3672 4304 filiis

425 4339 526 4395 His
541 4351 674 4410 ergo
689 4337 1016 4408 compertis,
1031 4339 1325 4406 coeperunt
1341 4334 1606 4392 nonnulli
1636 4333 1958 4406 metropoli-
1987 4327 2042 4391 D
2073 4335 2196 4392 suis
2217 4349 2326 4391 non
2351 4349 2605 4407 parcens,
2634 4337 2816 4407 palam
2837 4337 3064 4394 cunctis
3079 4337 3240 4394 dedit
3271 4337 3537 4407 intelligi.
3565 4337 3672 4392 Cu-

356 4429 477 4485 tani
495 4389 808 4498 antiostites,
825 4439 891 4482 ac
909 4423 1206 4482 inferioris
1223 4424 1530 4481 sacerdotii
1548 4424 1634 4480 vel
1649 4423 1805 4497 laici,
1827 4439 1963 4494 pon-
2064 4425 2162 4494 jus
2190 4438 2444 4481 censurae
2464 4426 2667 4482 Photio
2699 4425 2934 4482 minime
2958 4431 3205 4498 parente,
3239 4389 3496 4482 sacram:
3520 4389 3709 4486 ﬁde—l

357 4518 484 4575 ﬁcis
513 4517 605 4574 sui
651 4516 954 4573 tormentis
995 4515 1423 4587 compatientes,
1467 4514 1958 4586 dejectionemque

357 4607 634 4676 dolentes,
666 4611 939 4663 rectorem
970 4605 1084 4662 sibi
1118 4603 1413 4676 prOprium
1443 4603 1602 4660 reddi
1625 4617 1960 4677 magnopere

283 4657 319 4768 Γ
357 4657 678 4754 clamitare:
713 4695 863 4766 quod
883 4657 1418 4767 Photiusrsentiens,
1439 4657 1963 4765 persuasoimpera-

359 4791 500 4859 tore,
533 4785 1006 4842 subministrante
1023 4786 1222 4855 Barda,
1259 4783 1621 4856 congregavit
1648 4784 1960 4841 concilium

361 4877 737 4948 quorumdam
755 4875 1175 4946 episcoporum,
1195 4873 1526 4930 adulatione
1557 4873 1670 4930 sibi
1689 4873 1774 4930 vel
1796 4875 1961 4931 timo-

361 4979 420 5023 re
446 4964 778 5036 faventium,
797 4970 852 5021 et
875 4965 1133 5021 eumdem
1151 4965 1433 5036 lgnatium
1472 4963 1740 5034 deposuit
1755 4969 1812 5020 et
1835 4978 1966 5022 ana-

362 5055 608 5112 themate
626 5055 890 5126 perculit,
913 5055 1186 5126 populum
1203 5053 1274 5110 ab
1289 5067 1354 5110 eo
1375 5068 1471 5124 per
1506 5053 1612 5109 hoc
1638 5057 1909 5124 tanquam
1931 5068 1963 5111 a

362 5146 628 5202 damnato
649 5144 911 5200 scindere
939 5157 1193 5215 sperans,
1226 5143 1326 5199 cui
1365 5148 1551 5198 tamen
1570 5156 1750 5213 usque
1766 5142 1834 5199 a'd
1857 5144 1962 5200 hoc

363 5235 539 5292 veluti
579 5233 904 5306 presbytero
919 5234 1116 5291 divina
1137 5233 1422 5290 sacriﬁcia
1439 5232 1776 5289 conﬁciendi
1797 5249 1964 5304 praes-

369 5325 522 5382 tabat
537 5338 850 5382 assensum.
867 5317 989 5394 Qu'o
1001 5329 1158 5396 gesto
1173 5323 1430 5396 magisac
1445 5323 1624 5394 magis
1641 5323 1824 5393 pietas
1835 5324 1969 5381 ﬁde-

371 5415 515 5473 lium
531 5414 883 5486 accenditur,
904 5418 962 5471 et
985 5428 1052 5471 eo
1074 5413 1436 5471 constantius
1453 5411 1522 5469 ab
1541 5412 1827 5472 universis
1853 5415 1968 5472 ovi-

369 5505 480 5562 bus
501 5505 768 5579 proprius
793 5509 986 5576 pastor
1013 5503 1362 5577 exquiritur,
1391 5518 1504 5574 quo
1523 5503 1812 5562 versutius
1840 5503 1965 5578 lupi

2071 4516 2214 4574 lium
2232 4515 2524 4588 catalogus
2542 4516 2722 4588 magis
2735 4516 3140 4587 inﬂammatur,
3164 4516 3300 4572 etab
3313 4516 3436 4585 ejus
3453 4530 3512 4572 se
3522 4529 3671 4572 com-

2073 4606 2342 4662 munione
2371 4605 2701 4662 catervatim
2741 4611 3078 4677 sequestrat,
3132 4605 3464 4661 horrescens
3514 4606 3665 4678 quod

2073 4709 2174 4752 nec
2188 4709 2220 4752 a
2247 4699 2401 4752 tanta
2417 4695 2547 4752 sede
2570 4695 2865 4766 perculsus
2881 4695 3478 4766 corrigiconsenserit,
3509 4695 3672 4766 quip-

2073 4799 2140 4856 pe
2159 4800 2286 4842 cum
2308 4785 2512 4842 durior
2527 4785 2712 4857 silice,
2729 4785 2902 4842 etiam
2921 4783 3152 4841 verbera
3171 4784 3316 4840 dura
3340 4779 3667 4856 impudenti

2072 4873 2256 4932 fronte
2277 4875 2701 4946 contempserit,
2725 4875 2875 4946 quod
2901 4874 3136 4930 Photius
3164 4874 3572 4932 molestessime
3595 4859 3709 4988 te!

2073 4979 2199 4988 -Α-.-
2224 4965 2779 4988 ..η-ειη..ε.η-η...ηει....
2803 4981 2814 4988 .
2842 4968 2890 4988 ΑΔ
2911 4963 3037 4988 ΙὲΑιιι
3067 4965 3272 4988 ιιι-ει..-
3313 4965 3496 4988 nuru.“-
3522 4969 3642 4988 ..ι-...ι

2073 4979 2202 5021 rens
2222 4965 2779 5036 acriterindignatur
2803 4981 2814 5016 :
2840 4963 3042 5018 etlicet
3066 4965 3496 5036 Bardasﬂaasar
3521 4969 3669 5034 post-

2073 5057 2302 5114 modum
2334 5055 2540 5126 factus,
2561 5055 2726 5124 cujus
2747 5053 2968 5110 auxilio
2994 5052 3548 5124 fulciebatur,digna
3570 5068 3670 5110 re—

2073 5145 2390 5204 tributione
2401 5144 2470 5200 ab
2485 5145 2822 5214 imperatore
2833 5143 3107 5200 Michaele
3120 5140 3662 5217 fueritinterfectus,

2075 5235 2225 5294 nihil
2250 5241 2434 5291 tamen
2452 5234 2684 5290 saevitia:
2714 5248 2830 5290 suae
2860 5233 3102 5304 minuit;
3129 5231 3223 5288 sed
3247 5230 3394 5288 alios
3429 5233 3662 5303 quidem

2080 5325 2394 5398 privatione
2417 5325 2696 5381 bonorum
2716 5337 2780 5380 ac
2808 5324 3176 5396 dignitatum,
3199 5319 3348 5378 alios
3373 5335 3503 5378 vero
3527 5337 3667 5394 pro-

2076 5415 2388 5486 scriptione
2417 5411 2753 5472 facultatum
2775 5414 3024 5484 damnat,
3043 5412 3146 5468 hos
3175 5410 3383 5468 exsilio
3415 5411 3584 5486 longo
3609 5416 3665 5470 et

2075 5504 2402 5564 carceribus
2461 5503 2690 5580 relegat,
2745 5503 2876 5562 illos
2927 5501 3226 5558 tormentis
3253 5501 3500 5560 diversis
3550 5499 3668 5557 aﬁi-
