4024 6170
401 254 469 314 45
1568 245 1926 305 ANASTASII
1971 246 2512 304 BIBLIOTHECARII
2759 304 2764 312 ,
3627 250 3692 310 46

392 387 480 445 sia
497 384 745 458 generali
763 381 1053 455 satagebat
1066 378 1358 436 eradicare
1373 375 1674 446 sententia,
1693 375 1882 431 visum
1899 377 1988 432 est
2015 377 2078 440 Α
2097 373 2214 432 hac
2251 382 2607 434 sacrosancta
2635 377 2888 448 synodus
2919 391 3068 434 anno
3106 377 3339 448 imperii
3373 378 3576 435 Basilii
3602 378 3685 450 pii

392 477 642 546 utrique,
677 477 930 544 Romam,
956 477 1014 526 et
1036 471 1104 526 ad
1143 469 1257 525 tria
1285 465 1668 538 partriarchia
1693 464 1814 522 fore
1839 465 1984 520 mit—

389 567 621 624 tendum
638 563 912 636 Orientis,
930 565 988 618 et
1002 575 1034 618 a
1055 563 1230 617 Roma
1241 558 1471 630 quidem
1491 557 1716 611 decreta
1735 555 1981 625 dispen—

2095 469 2378 541 principis
2399 471 2589 544 tertio,
2622 485 2749 542 qua
2775 472 3073 529 universos
3105 472 3516 542 patriarchales
3537 474 3690 530 thro-

2095 570 2216 626 nos,
2250 559 2403 615 sicut
2431 560 2674 616 aliarum
2703 561 2822 616 ulla
2861 561 2920 616 in
2945 575 3141 616 eorum
3181 561 3291 617 loci
3329 563 3688 618 servantibus

388 657 622 727 satoria,
655 659 710 710 et
741 654 893 710 sicut
909 656 1074 709 era-nt
1095 651 1395 720 culparum
1434 659 1852 716 causarumque
1879 645 1982 700 di—
2092 649 2363 716 prasules
2381 648 2611 722 habens,
2629 649 2974 704 universalis
2998 662 3110 705 non
3132 650 3676 708 inconvenienterah

386 747 716 816 scretiones,
750 744 831 799 ita
866 747 924 798 et
963 753 1256 813 poenarum
1293 737 1602 810 qualitates
1639 735 1978 805 judicanda-

386 849 534 905 rum,
565 847 781 890 necnon
807 837 865 889 et
891 843 1160 904 personas
1185 829 1306 884 vice
1329 826 1630 899 fungentes
1659 823 1976 895 apostolica

385 923 790 994 postulandum
805 941 820 994 ;
834 936 868 978 a
889 921 1081 977 throni
1095 922 1322 976 sautem
1341 915 1734 973 Orientalibus
1745 925 1977 970 consen-

384 1030 485 1071 sus
506 1013 889 1069 nihilominus
899 1015 956 1067 et
976 1022 1246 1081 personas
1264 1006 1606 1064 ducendum.
1623 1004 1768 1060 Sane
1782 1006 1976 1058 notan-

381 1105 539 1175 dum,
557 1103 708 1175 quod
729 1101 920 1158 cateri
941 1099 1135 1156 throni
1158 1099 1264 1169 nil,
1293 1097 1444 1152 inter
1471 1095 1759 1167 Agarenos
1772 1093 1969 1164 positi,

383 1207 556 1264 super
577 1193 682 1249 hoc
712 1191 939 1264 negotio
970 1201 1262 1260 sumpsere
1292 1185 1536 1255 laboris;
1569 1185 1664 1240 sed
1694 1188 1820 1254 post
1835 1184 1978 1239 Con-

382 1281 815 1352 stantinopolim
861 1281 1172 1350 venientes,
1215 1277 1363 1348 quod
1408 1289 1440 1331 a
1487 1274 1618 1331 sede
1663 1271 1977 1343 apostolica

381 1371 568 1430 fuerat
613 1371 964 1428 elaboratum
995 1373 1168 1439 atque
1187 1366 1502 1436 decretum,
1528 1366 1848 1419 reverenter
1866 1361 1977 1418 ad—

382 1461 638 1532 mittunt,
652 1464 708 1517 et
721 1458 1024 1530 praeoniis
1043 1457 1207 1512 miris
1225 1454 1517 1525 attollunt,
1536 1457 1708 1524 atque
1730 1451 1866 1507 huic
1885 1451 1980 1506 ad-

379 1550 628 1607 dendum
650 1549 1090 1606 minuendumve
1110 1546 1193 1602 nil
1208 1544 1440 1602 omnino
1451 1543 1783 1598 decernunt.
1802 1539 1978 1595 Mitti-

381 1641 682 1712 turitaque
707 1641 940 1696 Romam
963 1651 996 1694 a
1028 1640 1185 1708 parte
1211 1635 1444 1707 quidem
1475 1631 1704 1704 Ignatii,
1733 1632 1974 1686 Joannes

2091 737 2358 793 omnibus
2385 739 2726 808 appellatur.
2764 737 3118 794 Universalis
3151 745 3238 794 est
3263 739 3416 795 enim
3447 759 3459 794 :
3501 741 3685 810 primo

2089 827 2227 898 quia
2245 827 2531 882 catholica
2554 827 2692 883 ﬁdes
2725 828 2784 883 in
2805 842 2870 883 ea
2889 833 2947 884 et
2979 834 3188 885 sancta
3209 830 3378 902 leges,
3410 825 3536 900 qua
3571 845 3682 888 non

2084 916 2270 973 solum
2288 929 2322 972 a
2341 917 2752 983 sacerdotibus,
2782 917 2877 974 sed
2905 923 2962 974 et
2983 918 3055 974 ab
3093 919 3385 975 universis.
3408 919 3686 976 Christia-

2085 1005 2178 1061 nis
2208 1005 2322 1062 coli
2357 1005 2565 1061 debent
2601 1011 2659 1062 et
2698 1008 2978 1080 venerari,
3011 1013 3208 1064 contra
3256 1008 3448 1065 hostes
3482 1023 3677 1065 earum

2082 1107 2329 1152 consona
2343 1094 3080 1168 vocedefenditur;deinde,
3106 1097 3243 1168 quia
3265 1111 3393 1154 cum
3413 1097 3683 1155 Christus

2085 1184 2145 1239 in
2166 1197 2401 1255 corpore
2425 1199 2548 1258 suo,
2573 1185 2721 1256 quod
2753 1189 2840 1241 est
2862 1186 3134 1257 Ecclesia,
3160 1189 3246 1242 tot
3271 1186 3688 1256 patriarchales

2085 1273 2264 1345 sedes,
2313 1279 2452 1344 quot
2497 1274 2554 1328 in
2598 1275 2878 1346 cujusque
2917 1275 3144 1332 mortali
3195 1289 3430 1346 corpore
3475 1290 3678 1333 sensus

2087 1363 2374 1436 locaverit,
2400 1361 2648 1433 profecto
2671 1363 2818 1420 nihil
2834 1365 3192 1436 generalitati
3214 1365 3372 1422 deest
3390 1366 3676 1438 Ecclesia,

2086 1453 2134 1509 si
2171 1467 2366 1509 omnes
2405 1453 2520 1508 illa
2541 1455 2702 1509 sedes
2723 1454 2898 1510 unius
2919 1452 3136 1510 fuerint
3159 1455 3492 1528 voluntatis,
3526 1456 3682 1512 sicut

2087 1543 2234 1598 nihil
2283 1544 2440 1599 deest
2485 1543 2692 1599 mortui
2747 1543 3025 1614 corporis,
3081 1545 3130 1599 si
3181 1558 3374 1600 omnes
3419 1545 3678 1616 quinque

2087 1645 2288 1690 sensus
2339 1632 2574 1704 integra
2629 1633 3065 1704 communisque
3116 1631 3333 1689 fuerint
3379 1635 3668 1689 sanitatis.

382 1729 938 1800 metropolitaSilei.,
961 1727 1059 1799 qui
1079 1730 1136 1782 et
1154 1727 1356 1797 Perges
1377 1721 1720 1792 Pamphylia
1743 1721 1978 1790 praerat
2009 1715 2060 1776 Β
2086 1725 2236 1778 Inter
2261 1737 2404 1793 quas
2426 1723 2691 1778 videlicet
2715 1724 2875 1779 sedes
2901 1724 3036 1794 quia
3072 1723 3319 1780 Romana
3359 1724 3655 1796 praecellit,

325 1825 342 1879 l
379 1819 719 1889 Eeclesia;a
733 1822 890 1888 parte
899 1831 1030 1873 vero
1043 1815 1229 1871 Photii
1259 1816 1457 1870 Petrus
1478 1809 1838 1880 metropolita
1856 1809 1978 1864 Sar-

377 1907 595 1979 densis,
611 1907 712 1978 qui
725 1911 922 1964 contra
933 1905 1218 1978 Ignatium
1239 1917 1370 1960 cum
1377 1903 1494 1972 jam
1519 1903 1824 1956 memorato
1845 1898 1978 1953 Gre-

381 1998 541 2069 gorio
559 2001 762 2053 auctor
786 1995 971 2052 factus
1003 1993 1187 2052 fuerat
1215 1989 1617 2049 ecclesiastica
1641 1987 1969 2046 scissionis:

381 2101 549 2156 porro
569 2100 602 2142 a
623 2086 809 2156 princi
818 2099 884 2156 pe
893 2085 1218 2142 destinatur
1239 2081 1433 2154 regius
1453 2079 1802 2150 spatharius,
1827 2076 1978 2132 Basi-

378 2175 498 2232 lius
536 2177 786 2244 nomine,
831 2175 932 2246 qui
979 2174 1130 2229 inter
1185 2179 1488 2243 utramque
1534 2175 1751 2240 partem
1781 2179 1973 2224 coram

379 2267 510 2322 sede
529 2265 843 2334 apostolica
871 2263 1096 2320 medius
1121 2262 1446 2324 haberetur,
1471 2264 1528 2314 et
1553 2259 1740 2314 ﬁdelis
1777 2269 1972 2314 eorum

381 2367 507 2424 qua
559 2355 722 2410 sedes
757 2352 950 2408 eadem
991 2351 1336 2406 decrevisset
1361 2349 1594 2405 auditor
1616 2353 1673 2402 et
1693 2347 1968 2402 nuntius:

381 2443 474 2499 sed
516 2443 718 2498 Petrus
756 2441 1008 2512 quidem,
1043 2440 1179 2496 licet
1213 2453 1354 2496 nova
1395 2438 1546 2506 navi,
1577 2441 1635 2492 et
1659 2449 1828 2506 quam
1852 2435 1974 2504 ipse

379 2532 492 2588 sibi
515 2531 779 2604 elegerat,
793 2530 1113 2600 veheretur,
1127 2527 1491 2600 naufragium
1505 2525 1680 2582 simul
1703 2529 1759 2580 et
1773 2523 1974 2580 mortis

379 2621 699 2694 periculum
733 2621 1000 2691 pertulit;
1027 2624 1084 2676 et
1103 2619 1204 2690 qui
1239 2619 1426 2674 navim
1453 2616 1696 2686 Christi,
1729 2614 1834 2670 hoc
1863 2618 1968 2685 est,

377 2711 688 2768 Ecclesiam
731 2710 996 2779 sciderat,
1043 2709 1203 2764 navis
1229 2721 1344 2764 sua
1387 2706 1722 2764 scissionem
1759 2718 1870 2760 non
1893 2703 1977 2758 in-

377 2800 780 2858 eonvenienter
816 2798 1082 2854 incurrit.
1112 2797 1310 2854 Cateri
1356 2809 1490 2853 sane
1534 2795 1704 2868 legati
1743 2797 1972 2850 Romam

379 2890 797 2962 pervenientes,
856 2889 1129 2959 epistolas
1153 2893 1210 2943 et
1247 2885 1545 2957 profanum
1587 2885 1868 2955 codicem,
1912 2883 1972 2939 in

379 2994 492 3051 quo
511 2978 954 3035 continebantur
979 2984 1134 3050 gesta
1163 2975 1558 3044 conciliabuli,
1583 2989 1707 3046 qua
1735 2973 1974 3030 Photius

2088 1826 2199 1868 non
2268 1813 2552 1870 immerito
2608 1813 2759 1870 visui
2820 1818 3216 1884 comparatur:
3271 1815 3370 1884 qui
3419 1813 3670 1884 profecto

2085 1903 2310 1958 cunctis
2326 1903 2592 1960 sensibus
2618 1903 2962 1973 praeminet,
2993 1905 3218 1960 acutior
3245 1904 3368 1960 illis
3398 1905 3670 1976 existens,

2051 2052 2068 2062 ί
2085 1997 2141 2047 et
2165 1993 2642 2058 communionem,
2666 1993 2819 2049 sicut
2854 1993 3054 2049 nullus
3077 2008 3298 2066 eorum,
3326 2007 3454 2049 eum
3482 1995 3677 2050 omni-

2084 2081 2192 2138 bus
2205 2081 2433 2138 habens.
2451 2083 2660 2153 Tertio,
2678 2083 2813 2153 quia
2835 2097 2964 2138 cum
2981 2083 3218 2139 Photius
3241 2089 3324 2140 tot
3336 2097 3670 2140 exeessuum

2085 2186 2319 2228 suorum
2357 2171 2551 2228 morbo
2587 2172 2908 2228 universam
2944 2171 3253 2228 Ecelesiam
3281 2173 3668 2246 maculaverit,

2085 2261 2428 2318 universalis
2447 2262 2670 2318 curatio
2681 2261 2748 2316 ad
2761 2261 2942 2318 hibita
2953 2267 3056 2330 est,
3092 2267 3155 2317 ut
3175 2267 3354 2318 totum
3376 2268 3677 2318 curaretur

2086 2350 2232 2422 quod
2266 2356 2447 2407 totum
2481 2350 2666 2407 fuerat
2689 2351 3056 2407 maculatum.
3087 2353 3223 2406 Nam
3251 2357 3472 2407 tantum
3503 2351 3676 2421 hujus

2081 2439 2420 2496 ambitionis
2463 2439 2773 2509 pullulavit
2812 2439 2976 2510 longe
3003 2439 3227 2509 lateque
3253 2441 3566 2511 temeritas,
3615 2445 3678 2496 ut

2086 2541 2213 2582 mox
2237 2528 2645 2599 Hierosolymis
2669 2528 2901 2598 quidam
2929 2528 3114 2584 laicus
3135 2529 3363 2584 nomine
3387 2530 3672 2599 Salomon,

2082 2617 2362 2686 extemplo
2391 2617 2638 2674 clericus
2676 2615 2879 2689 factus,
2924 2617 3003 2672 sit
3045 2617 3349 2674 ordinatus
3389 2619 3670 2691 antistes;

2084 2707 2232 2777 quod
2249 2699 2763 2777 nunquamfactum
2776 2711 2860 2762 est
2879 2707 3052 2762 etiam
3077 2706 3149 2762 ab
3173 2707 3298 2777 ipso
3321 2708 3546 2780 Jacobo,
3573 2709 3674 2778 qui

2084 2796 2304 2866 primus
2335 2796 2458 2851 illic
2487 2795 2790 2866 epiSCOpus
2813 2795 3038 2852 exstitit
3064 2796 3178 2852 nisi
3210 2801 3508 2866 postquam
3537 2797 3676 2854 Pho-

2083 2885 2202 2940 tius
2223 2885 2443 2941 noviter
2469 2885 2528 2940 in
2554 2885 2706 2941 clero
2727 2885 3036 2956 plantatus,
3061 2890 3116 2940 et
3135 2884 3436 2941 confestim
3459 2887 3666 2957 prasul

2081 2973 2266 3031 factus
2293 2975 2530 3031 auditus
2566 2979 2670 3030 est.
2697 2975 2859 3045 Apud
2895 2975 3451 3044 Constantinopolim
3477 2981 3664 3032 autem

379 3069 652 3125 adversus
681 3067 1009 3138 apostolica
1067 3067 1352 3122 memoria
1405 3079 1605 3136 papam
1668 3064 1963 3120 Nicolaum
1997 3075 2046 3139 ο
2080 3065 2346 3120 nonnulli
2375 3079 2443 3120 ex
2471 3070 2606 3122 tunc
2627 3065 2761 3120 laici
2782 3064 2954 3119 etiam
2980 3063 3297 3120 virtutibus
3317 3078 3544 3134 operam
3572 3066 3678 3122 tri-

377 3156 522 3214 falso
544 3156 729 3214 fuerat
747 3160 1190 3226 commentatus;
1211 3160 1382 3228 atque
1403 3155 1594 3211 omnia
1616 3168 1742 3224 qua
1769 3153 1967 3211 crebro

379 3252 687 3303 memorato
717 3245 930 3302 eximio
971 3245 1200 3317 prasuli
1231 3245 1517 3301 destinata
1554 3241 1800 3313 fuerant,
1829 3243 1966 3313 quia

377 3335 478 3390 ille
517 3335 584 3391 ad
629 3335 920 3392 meliorem
946 3335 1120 3391 vitam
1154 3334 1514 3406 migraverat,
1558 3331 1664 3388 tibi
1695 3331 1966 3402 praeclaro

377 3424 692 3482 successori
737 3425 880 3496 ejus,
939 3424 1171 3479 domine
1211 3421 1716 3492 junior‘Adriane,
1761 3419 1966 3490 prasul

373 3515 584 3570 eximie
625 3513 780 3570 sedis
815 3511 1162 3582 apostolica,
1193 3510 1577 3581 gubernacula
1607 3509 1832 3580 egregie
1858 3522 1970 3563 mo-

372 3603 596 3660 deranti
621 3606 982 3672 prasentant.
1005 3599 1114 3667 Qui
1137 3599 1440 3669 accingens
1461 3599 1614 3652 sicut
1632 3597 1724 3651 vir
1744 3595 1968 3651 lumbos

373 3697 525 3764 tuos,
551 3696 610 3747 et
626 3689 884 3745 Danielis
913 3688 1074 3758 pueri
1114 3687 1384 3756 spiritum
1418 3683 1538 3759 [al.,
1564 3691 1621 3740 et
1653 3685 1971 3741 decessoris

375 3783 459 3852 pii
516 3779 623 3834 zeli
669 3778 960 3848 spiritum,
1011 3773 1142 3850 etc.]
1172 3789 1422 3844 sumens,
1458 3779 1515 3830 et
1554 3788 1654 3830 nec
1684 3774 1752 3829 ad
1784 3775 1971 3830 dexte-

372 3883 516 3938 ram,
561 3881 662 3922 nec
699 3866 768 3922 ad
801 3865 1096 3922 sinistram
1118 3878 1149 3919 a
1189 3864 1280 3919 via
1307 3863 1462 3936 regia
1487 3863 1805 3930 declinans,
1840 3877 1966 3934 qua

377 3959 475 4014 ille
487 3959 810 4014 decreverat
827 3954 1151 4025 decrevisti,
1175 3958 1230 4010 et
1251 3968 1376 4024 qua
1389 3958 1666 4010 statuerat
1685 3953 1964 4024 statuisti,

377 4053 548 4119 atque
569 4060 733 4103 omne
754 4045 975 4116 providi
1001 4044 1442 4114 patrisedictum
1468 4043 1600 4114 pius
1619 4044 1796 4100 hares
1816 4058 1970 4100 exse-

378 4144 568 4209 cutus,
600 4135 846 4205 injurias
877 4135 1121 4205 propria
1153 4135 1307 4190 sedis
1331 4134 1594 4204 protinus
1629 4133 1960 4190 vindicasti.

379 4229 517 4282 Nam
558 4225 772 4296 synodo
813 4239 941 4280 mox
983 4225 1132 4294 apud
1175 4223 1402 4279 beatum
1445 4224 1671 4293 Petrum
1709 4223 1965 4295 collecta,

379 4315 679 4386 profanum
718 4315 969 4370 codicem
1013 4313 1178 4369 illum
1208 4313 1448 4368 cremari
1476 4313 1777 4384 censuisti,
1805 4319 1862 4370 et
1888 4314 1968 4369 ita

2076 3154 2342 3226 buebant,
2371 3159 2591 3212 tantum
2617 3159 2678 3211 ut
2697 3155 2764 3210 ad
2792 3155 2935 3210 hanc
2967 3167 3186 3210 sacram
3209 3159 3438 3224 possent
3461 3155 3673 3224 pertin-

2075 3257 2204 3316 gere
2226 3244 2564 3316 dignitatem
2590 3261 2602 3298 :
2624 3248 2684 3300 at
2697 3244 2794 3300 ubi
2827 3248 3114 3313 compotes
3137 3243 3259 3298 ﬁeri
3289 3244 3670 3316 nequiverint,

2076 3347 2204 3389 mox
2224 3334 2591 3389 continentia
2603 3332 2783 3387 frenis
2803 3331 3031 3402 laxatis,
3051 3332 3110 3386 in
3132 3331 3257 3386 suis
3283 3332 3676 3402 voluptatibus

2081 3417 2198 3494 [al.,
2232 3416 2669 3494 voluntatibus]
2701 3421 2786 3475 ire
2805 3425 3114 3491 caperunt,
3149 3427 3206 3475 et
3227 3421 3376 3492 quod
3411 3437 3523 3478 non
3550 3437 3673 3480 san-

2077 3511 2298 3565 ctitatis
2329 3510 2424 3564 sed
2450 3509 2706 3564 avaritia
2748 3509 2998 3566 cultores
3046 3509 3374 3584 existerent,
3406 3513 3670 3582 protinus

2077 3597 2448 3654 ostenderunt
2486 3616 2500 3668 ;
2551 3598 2690 3653 adeo
2735 3603 2798 3653 ut
2841 3599 3090 3654 diversis
3156 3601 3341 3656 modis
3381 3615 3414 3656 a
3478 3602 3677 3658 Roma-

2078 3686 2171 3742 nis
2228 3686 2423 3742 missis
2475 3687 2678 3742 horum
2722 3687 2955 3758 quidam
2995 3687 3254 3745 obtinere
3301 3691 3664 3765 tentaveriut,

2078 3789 2146 3831 ne
2188 3775 2386 3847 regula
2429 3777 2906 3848 promulgaretur,
2955 3792 3079 3849 qua
3127 3783 3262 3835 tunc
3309 3781 3378 3834 de
3423 3794 3534 3836 non
3584 3796 3664 3837 re-

2077 3869 2242 3934 pente
2291 3865 2667 3923 saecularibus
2728 3867 2786 3922 in
2840 3868 3221 3924 sacerdotium
3278 3871 3657 3940 provehendis

2078 3955 2138 4010 in
2195 3955 2300 4010 hac
2361 3957 2554 4012 eadem
2625 3957 2839 4028 synodo
2900 3959 3260 4030 promulgata
3319 3964 3423 4016 est.
3475 3962 3672 4017 Prate-

2076 4058 2170 4100 rea
2219 4059 2389 4116 penes
2435 4046 2836 4103 Alexandriam
2900 4051 2956 4103 et
3009 4049 3374 4104 Antiochiam
3425 4050 3485 4104 in
3549 4055 3669 4106 tan-

2077 4137 2197 4191 tum
2247 4135 2410 4190 radix
2473 4136 2644 4206 hujus
2693 4137 2871 4206 pestis
2917 4137 3184 4207 excrevit,
3234 4141 3297 4192 ut
3337 4151 3370 4192 a
3413 4146 3666 4210 tempore

2078 4224 2454 4297 promotionis
2471 4225 2668 4282 crebro
2685 4227 2827 4282 dicti
2855 4227 3042 4283 Photii
3065 4228 3338 4284 hactenus
3363 4229 3527 4284 evelli
3558 4245 3668 4287 non

2079 4316 2278 4386 possit.
2313 4317 2424 4372 Nec
2465 4314 2756 4372 fatendum
2791 4317 3066 4389 creditur,
3097 4317 3244 4389 quod
3278 4323 3416 4374 tunc
3447 4321 3674 4376 univer-

380 4405 505 4460 ﬁeri
547 4404 698 4474 apud
740 4401 1315 4472 Constantinopolim,
1365 4401 1416 4458 si
1459 4417 1584 4473 qua
1621 4403 1967 4472 exemplaria
1993 4404 2051 4468 D
2079 4405 2219 4462 salis
2225 4406 2354 4475 jure
2375 4404 2680 4475 diceretur,
2696 4405 2746 4460 si
2765 4419 2864 4474 pro
2887 4406 2995 4461 ﬁde
3018 4406 3669 4480 celebrataconsisteret,

379 4494 505 4562 ejus
544 4493 756 4548 ibidem
798 4492 1210 4563 invenirentur,
1235 4492 1366 4561 jure
1395 4493 1677 4548 mandasti
1703 4510 1718 4562 ;
1742 4493 1889 4562 quod
1915 4496 1973 4547 et

381 4581 594 4638 factum
624 4586 728 4654 est,
755 4585 812 4637 et
849 4586 1137 4638 auctorem
1160 4581 1286 4650 ejus
1317 4595 1418 4650 pro
1457 4585 1614 4636 tanta
1653 4581 1974 4636 temeritate

379 4670 568 4726 denuo
592 4671 888 4734 damnans,
932 4670 1106 4740 hujus
1146 4669 1305 4740 paria
1347 4670 1698 4726 occultantes
1734 4683 1973 4726 censura

383 4758 565 4816 simili
593 4759 983 4830 sequestrasti.
1009 4759 1316 4830 Mlssisque
1335 4773 1462 4815 eum
1484 4759 1826 4816 auctoritate
1848 4773 1977 4829 apo-

383 4847 586 4904 stolica
598 4848 834 4904 vicariis
845 4848 1174 4919 etepistolis
1184 4847 1588 4920 decretalibus,
1600 4849 1832 4918 jussisti
1847 4849 1972 4904 ﬁeri

383 4937 1190 5010 Constantinopolisynodum,
1212 4953 1313 5009 pro
1333 4939 1530 4995 multis
1541 4939 1772 5010 quidem
1793 4951 1979 4994 neces-

383 5027 658 5084 sitatibus
687 5028 969 5100 Ecclesia,
998 5029 1092 5085 sed
1129 5044 1228 5099 pro
1272 5029 1364 5084 his
1395 5029 1677 5099 praeipue
1710 5043 1836 5100 qua
1875 5029 1977 5084 hu-

365 5129 601 5189 cusque
643 5117 890 5174 breviter
929 5118 1198 5174 adnotata
1238 5123 1391 5188 sunt,
1432 5132 1668 5190 quaque
1709 5118 1769 5174 in
1799 5119 1974 5188 hujus

385 5206 587 5277 synodi
622 5207 800 5279 gestis
827 5207 1220 5280 inveniuntur,
1254 5209 1314 5263 in
1343 5221 1453 5279 qua
1483 5208 1706 5263 scilicet
1733 5208 1974 5266 Photius

384 5295 457 5352 ob
501 5295 560 5350 id
585 5296 758 5352 etiam
784 5297 1111 5367 specialiter
1129 5297 1558 5368 condemnatur,
1594 5297 1864 5367 quoniam
1885 5298 1977 5354 de-

387 5385 728 5456 positionem
751 5386 835 5442 vel
848 5387 1146 5444 anathema
1177 5387 1541 5458 prasumpsit
1557 5387 1624 5442 in
1640 5391 1847 5442 saneta
1869 5401 1978 5444 me-

343 5475 583 5554 Mmoria
609 5489 808 5546 papam
833 5475 1131 5534 Nicolaum
1151 5477 1462 5534 nominare.
1486 5478 1654 5534 Facta
1677 5480 1764 5534 est
1788 5476 1972 5550 igitur

455 5553 732 5636 ‘Aliquid
769 5565 998 5624 videtur
1023 5567 1238 5624 deesse.

2081 4509 2208 4551 eum
2231 4499 2286 4550 et
2303 4495 2362 4550 in
2383 4495 2486 4550 hac
2508 4494 2781 4550 nonnulla
2799 4509 2924 4565 qua
2947 4495 3015 4550 ad
3048 4495 3211 4550 ﬁdem
3233 4495 3535 4568 pertinent,
3553 4497 3675 4554 sint

2079 4584 2480 4655 deﬁnita,etin
2505 4583 2726 4639 cateris
2740 4583 3164 4640 universalibus
3193 4584 3461 4641 conciliis
3494 4588 3674 4644 multa

2081 4673 2362 4744 disposita
2393 4672 2760 4729 inveniantur
2784 4687 2908 4744 qua
2932 4673 3000 4729 ad
3033 4673 3165 4729 fidei
3209 4673 3529 4732 doctrinam
3563 4691 3677 4734 non

2083 4763 2390 4836 pertinent,
2423 4763 2572 4833 quod
2602 4776 2712 4818 non
2751 4762 2944 4820 minus
2987 4762 3047 4818 in
3093 4762 3202 4819 ﬁde
3243 4778 3412 4834 quam
3445 4767 3506 4823 in
3534 4767 3678 4840 legis

2085 4853 2546 4924 pravaricatione
2559 4857 2868 4922 peccentex
2889 4853 3137 4909 concilio
3156 4853 3680 4926 Constantinopoli-
3737 4926 3745 4933 ,

2085 4947 2216 4999 tano
2245 4947 2367 4998 acta
2397 4956 2448 5014 ll;
2477 4942 2738 5012 quamvis
2763 4956 2874 4998 non
2897 4944 3090 4999 minus
3112 4943 3171 4999 in
3193 4951 3418 5001 sanctas
3449 4948 3676 5018 regulas

2085 5045 2254 5104 quam
2277 5031 2337 5086 in
2363 5031 2702 5086 catholicam
2731 5031 2894 5086 ﬁdem
2915 5032 3308 5104 delinquatur,
3333 5041 3388 5090 et
3407 5035 3674 5094 diabolus

2089 5135 2199 5178 non
2224 5136 2324 5192 pro
2347 5120 2478 5176 fidei
2493 5121 2788 5194 pravitate,
2804 5122 2898 5178 sed
2914 5122 2984 5178 ob
3000 5125 3422 5193 perversitatem
3439 5139 3673 5196 operum

2084 5217 2352 5283 perpetuo
2369 5212 3026 5270 maneatcondemnatus.
3042 5217 3179 5270 Nam
3193 5214 3346 5270 sicut
3359 5215 3676 5288 unicuique

2084 5303 2208 5358 sine
2233 5300 2342 5358 ﬁde
2363 5301 2720 5371 impossibile
2743 5305 2830 5358 est
2860 5303 3080 5373 placere
3102 5305 3214 5358 Deo
3241 5301 3423 5374 (Hebr.
3454 5305 3554 5381 x1),
3596 5307 3676 5364 ita

2082 5397 2139 5446 et
2161 5391 2320 5463 ﬁdes,
2351 5390 2398 5447 si
2433 5405 2544 5448 non
2568 5390 2772 5448 habeat
2799 5407 2988 5463 opera,
3019 5397 3240 5449 mortua
3262 5397 3348 5449 est
3384 5394 3444 5451 in
3481 5400 3682 5452 semet-

2083 5481 2208 5552 ipsa
2229 5478 2362 5551 (Jac.
2389 5479 2450 5554 ιι)
2474 5499 2490 5552 ;
2515 5494 2582 5537 ac
2612 5495 2712 5552 per
2745 5481 2850 5541 hoc
2877 5482 3208 5554 hujusmodi
3235 5481 3368 5541 ﬁdei
3395 5484 3672 5558 cultores,
