4024 6170
320 262 387 321 47
999 262 1550 322 INTERPRETATIO
1588 263 1835 321 SYNODI
1872 263 1996 323 VIII
2027 264 2433 324 GENERALIS.
2457 297 2531 308 —
2566 265 2939 324 PREFATIO.
3555 266 3623 327 48

314 398 470 455 sicut
509 396 791 466 scriptum
830 399 935 465 est,
981 396 1326 453 conﬁtentur
1368 397 1599 468 quidem
1640 411 1700 453 se
1743 410 1909 454 nosse
1936 384 1992 445 A
2025 402 2260 456 eventus
2283 399 2673 469 considerans,
2700 402 2857 470 gesta
2885 396 3061 468 hujus
3085 398 3311 470 synodi,
3340 414 3463 471 qua
3487 413 3620 470 apo-

311 490 508 555 Deurn,
562 485 733 542 factis
770 492 959 543 autem
1003 492 1207 558 negant
1245 484 1415 560 (Tim)
1449 505 1462 540 :
1498 491 1554 543 et
1593 487 1720 543 ideo
1758 488 1911 543 sicut

314 582 479 635 recta
532 576 667 632 ﬁdei
719 577 1109 632 sinceritatem
1163 577 1530 646 maculantes,
1581 577 1659 632 ita
1704 583 1911 632 sancta

316 667 565 738 regulam
594 666 843 736 justitia
881 666 1180 735 violantes,
1212 667 1280 722 ad
1314 666 1569 722 omnium
1601 671 1738 722 sunt
1778 680 1912 722 una-

313 756 598 814 nimitatis
612 772 779 827 aquo
802 756 1106 812 libramine
1122 756 1468 825 corrigendi,
1487 756 1571 812 vel
1591 760 1741 812 certe
1751 758 1908 826 justa

310 847 591 904 sententia
623 846 901 916 puniendi
924 865 936 901 :
958 847 1370 903 sicutecontra
1398 861 1507 902 non
1527 847 1712 903 solum
1742 852 1905 903 recta

266 984 279 992 .
308 938 461 1006 ﬁdei,
504 951 703 992 verum
741 937 912 992 etiam
943 937 1127 992 sancti
1159 936 1349 1006 operis
1377 937 1599 993 strenui
1639 939 1905 993 custodes

306 1027 377 1083 ab
409 1026 683 1083 omnibus
726 1031 861 1082 sunt
907 1026 1201 1097 laudandi,
1234 1031 1290 1082 et
1317 1026 1492 1099 digna
1537 1027 1900 1097 pramiorum

303 1116 619 1173 calestium
652 1120 804 1172 sorte
832 1116 1077 1172 ditandi.

372 1207 550 1262 Porro
581 1206 876 1276 proprium
912 1219 1112 1261 nomen
1140 1205 1312 1275 hujus
1341 1205 1450 1261 rite
1480 1206 1792 1277 quarimus
1817 1222 1902 1277 sy-

305 1296 459 1352 nodi.
488 1298 626 1351 Nam
645 1295 695 1350 si
726 1296 917 1365 hydra
942 1309 1007 1350 ac
1033 1295 1634 1365 hippocentaurorum,
1666 1296 1765 1367 qui
1787 1310 1897 1352 non

305 1392 460 1455 sunt,
480 1387 684 1455 utique
697 1384 929 1441 nomina
942 1384 1238 1453 dicuntur,
1260 1389 1472 1456 quanto
1487 1386 1899 1451 congruentius

311 1477 487 1543 hujus
512 1475 712 1545 synodi
740 1488 941 1529 nomen
966 1474 1104 1529 sciri
1129 1474 1313 1541 debet,
1338 1490 1463 1545 qua
1488 1476 1686 1546 utique
1706 1480 1810 1546 est,
1832 1488 1900 1530 ne

306 1565 575 1620 videlicet
594 1564 824 1620 nomine
841 1578 1061 1634 carens,
1081 1570 1443 1633 comparetur
1460 1564 1630 1621 rebus
1647 1564 1707 1620 in
1726 1564 1902 1620 maris

306 1654 592 1724 profundo
624 1654 853 1723 positis,
888 1669 1012 1725 qua
1054 1654 1284 1725 quidem
1318 1659 1453 1711 sunt
1483 1674 1499 1725 ;
1532 1655 1623 1710 sed
1654 1654 1792 1725 quia
1829 1655 1898 1710 ad

2024 490 2241 545 stolica
2258 490 2412 545 sedis
2430 490 2538 546 loci
2558 492 2873 545 servatores
2892 489 2950 544 in
2970 502 3085 544 uno
3110 488 3399 544 volumine
3424 504 3615 546 secum

2024 581 2308 647 portaturi
2335 580 2816 649 conscripserant,
2849 580 2908 634 in
2934 579 3118 634 altero
3150 578 3345 634 codice
3370 580 3614 636 transcri

2024 673 2116 738 pta
2144 669 2374 725 Romam
2410 684 2589 740 usque
2628 669 2850 724 deferre
2881 668 3173 739 pr0posui.
3217 668 3375 723 Unde
3403 666 3615 724 factum

2017 762 2102 813 est
2121 763 2185 814 ut
2203 759 2416 815 eisdem
2439 759 2548 815 loci
2568 759 2957 815 servatoribus
2979 758 3037 813 in
3057 758 3347 828 pradones
3367 758 3621 814 inciden-

2018 848 2195 920 tibus,
2223 854 2279 904 et
2308 849 2562 905 codicem
2596 850 2784 917 ipsum
2815 863 2945 904 cum
2970 848 3239 905 omnibus
3278 847 3618 917 supellecti-

2017 937 2171 994 libus
2195 939 2322 994 suis
2345 938 2765 1001 amittentibus,
2793 953 2896 1011 ego
2920 938 3171 995 codicem
3212 952 3378 1009 quem
3402 937 3619 994 detule-

2015 1040 2133 1082 ram
2166 1028 2418 1098 Romam,
2451 1028 2673 1085 vexisse
2709 1028 3097 1100 dignoscerer,
3132 1040 3298 1099 quem
3339 1027 3616 1083 sanctitas

2010 1122 2194 1172 vestra
2222 1123 2381 1187 grato
2408 1118 2733 1189 suscipiens
2758 1118 2972 1189 animo,
3004 1117 3146 1173 mihi
3172 1118 3240 1173 ad
3271 1115 3612 1173 transferen~

2006 1208 2143 1264 dum
2162 1207 2221 1263 in
2242 1208 2494 1264 Latinam
2514 1207 3079 1264 tradiditdictionem
3097 1208 3164 1263 ad
3187 1207 3334 1278 quod
3353 1221 3497 1276 opus
3512 1220 3615 1277 ego

2013 1296 2282 1353 idoneum
2314 1312 2438 1354 esse
2466 1312 2553 1353 me
2575 1298 2870 1369 denegavi,
2904 1297 3038 1353 licet
3067 1298 3127 1353 in
3162 1297 3611 1367 interpretandis

2008 1403 2075 1444 ex
2095 1388 2328 1443 archivo
2358 1389 2415 1443 in
2444 1389 2756 1445 Romanum
2784 1401 3098 1443 sermonem
3126 1387 3434 1457 scripturis
3462 1400 3613 1457 pra-

2011 1478 2159 1533 senti
2190 1484 2439 1547 tempore
2465 1478 2748 1547 quoddam
2776 1491 3047 1533 conamen
3073 1478 3329 1547 arripere
3354 1477 3526 1547 nitar,
3553 1481 3610 1533 et

2013 1567 2287 1623 nonnulla
2301 1566 2416 1636 jam
2438 1567 2504 1623 ad
2530 1567 2966 1623 adiﬁcationem
2982 1567 3384 1636 plurimorum,
3399 1571 3455 1622 et
3478 1580 3613 1635 pra-

2014 1656 2183 1725 cipue
2225 1656 2398 1712 vestri
2433 1657 2750 1713 decessoris
2780 1656 3006 1712 hortatu
3047 1657 3456 1726 interpretatus
3480 1656 3614 1711 edi-

305 1719 573 1800 notitiam
599 1719 1043 1800 hominum-non
1072 1719 1470 1815 pervenerunt,
1488 1719 1778 1801 hactenus
1812 1759 1907 1800 no-
1937 1719 1989 1780 Β
2015 1719 2171 1802 disse
2191 1746 2515 1817 dignoscar.
2535 1748 2740 1802 Verum
2762 1746 2903 1801 vicit
2922 1746 3109 1815 jussio
3127 1719 3269 1801 tanti
3298 1745 3606 1816 pontiﬁcis,

301 1834 452 1889 mine
477 1839 690 1889 carent.
714 1836 910 1905 Itaque
927 1835 975 1889 si
994 1836 1245 1904 synodus
1277 1838 1498 1890 tantum
1523 1835 1771 1906 dicatur,
1793 1849 1905 1891 non

304 1924 537 1993 proprie
561 1923 783 1979 dicitur
810 1942 824 1977 :
859 1923 1027 1978 habet
1055 1924 1207 1979 enim
1241 1925 1347 1980 hoc
1374 1937 1573 1979 nomen
1606 1937 1905 1980 commune

299 2027 425 2068 cum
458 2012 599 2068 aliis
632 2012 955 2069 numerosis
984 2013 1271 2083 conciliis,
1305 2012 1355 2068 si
1388 2013 1639 2084 synodus
1666 2013 1905 2069 univer—~

311 2102 448 2158 salis
482 2102 826 2171 appelletur.
864 2104 976 2157 Nec
1001 2102 1085 2158 sic
1108 2103 1179 2158 de
1214 2103 1317 2157 hac
1343 2103 1491 2173 quod
1528 2102 1904 2175 singulariter

301 2193 554 2261 possidet
574 2192 1007 2262 pradicabitur,
1027 2206 1156 2247 nam
1170 2192 1275 2247 hoc
1290 2193 1656 2248 nominecum
1677 2205 1904 2263 genera-

294 2281 450 2337 libus
468 2286 683 2350 septem
713 2282 950 2353 synodis
976 2282 1180 2337 utitur.
1202 2283 1376 2337 Porro
1394 2282 1444 2337 si
1462 2282 1713 2353 synodus
1728 2282 1899 2339 Cous-

296 2371 783 2441 tantiuopolitana
809 2372 1058 2442 dicatur,
1089 2385 1199 2427 non
1224 2371 1453 2426 dicetur
1479 2371 1739 2441 proprie;
1760 2376 1897 2427 sunt

292 2461 445 2516 enim
473 2465 530 2516 et
554 2461 687 2516 alia
710 2460 1358 2530 Constantinopolitana
1384 2461 1606 2530 synodi.
1626 2462 1746 2516 Jam
1762 2475 1895 2517 vero

292 2550 337 2605 si
352 2551 610 2620 synodus
629 2550 976 2606 universalis
989 2549 1618 2620 Constantinopolitana
1631 2555 1894 2607 etoctava

290 2647 542 2709 vocetur,
562 2654 663 2695 nec
681 2640 767 2695 sic
782 2639 1074 2696 deﬁnitive
1092 2654 1294 2695 nomen
1310 2641 1436 2709 ejus
1454 2639 1889 2709 pradicabitur;

289 2744 397 2786 non
414 2730 570 2786 enim
588 2735 678 2785 est
693 2733 909 2800 octava,
930 2730 1024 2785 sed
1044 2735 1247 2800 quarta
1273 2730 1524 2800 synodus
1552 2743 1747 2785 earum
1765 2744 1891 2799 qua

286 2820 324 2873 C
364 2820 780 2890 nstantinopoli
811 2819 1215 2876 universaliter
1236 2819 1531 2876 celebrata
1558 2826 1709 2876 sunt.
1740 2821 1892 2875 Nun-

289 2910 551 2979 cupanda
576 2914 665 2966 est
681 2924 818 2982 ergo
834 2910 959 2966 sine
984 2910 1138 2966 omni
1157 2909 1615 2965 contradictione
1639 2909 1890 2979 synodus

289 2999 635 3055 universalis
651 3004 868 3068 octava,
889 2999 1334 3069 utetappellatio
1347 3013 1516 3070 quam
1533 3012 1662 3055 cum
1675 3002 1890 3068 septem

2014 1835 2153 1891 dum
2176 1850 2285 1891 non
2307 1836 2463 1891 deest
2485 1835 2805 1891 obediezltia
2836 1836 3079 1905 prompti
3119 1835 3395 1892 ministri.
3420 1838 3611 1890 Inter-

2015 1929 2243 1995 pretans
2261 1926 2443 1993 igitur
2460 1926 2604 1982 hanc
2619 1942 2646 1980 s
2664 1930 2870 1981 unctam
2889 1927 3187 1996 synodum,
3205 1925 3439 1982 verbum
3451 1938 3610 1981 ever-

2014 2013 2105 2085 bo,
2136 2019 2414 2085 quantum
2444 2015 2658 2072 idioma
2686 2016 2949 2072 Latinum
2993 2016 3274 2085 permisit,
3303 2014 3558 2084 excerpsi
3587 2032 3603 2085 ;

2014 2118 2425 2175 nonnunquam
2454 2119 2589 2160 vero
2614 2109 2875 2161 manente
2901 2119 3092 2175 sensu,
3120 2104 3606 2161 constructionem

2010 2194 2262 2251 Graecam
2293 2193 2350 2248 in
2396 2194 2651 2249 Latinam
2695 2195 3015 2250 necessario
3053 2193 3417 2249 commutavi.
3460 2193 3607 2249 Rara

2011 2288 2277 2353 praterea
2324 2283 2619 2351 interpreti
2664 2282 2909 2339 doctiori
2955 2282 3304 2338 enucleanda
3335 2282 3550 2337 servavi
3587 2300 3602 2350 ;

2006 2374 2264 2445 quadam
2290 2372 2461 2428 etiam
2488 2373 2641 2428 sicut
2666 2372 2808 2427 mihi
2835 2377 2967 2427 nota
2988 2375 3168 2441 erant,
3199 2371 3476 2426 nimirum
3498 2370 3601 2441 qui

2004 2468 2116 2518 tam
2134 2463 2322 2517 Roma
2339 2476 2507 2532 quam
2532 2462 2783 2531 Byzantii
2806 2461 3045 2531 positus,
3068 2461 3126 2515 in
3144 2460 3371 2517 cunctis
3388 2460 3481 2515 his
3497 2459 3606 2516 sol-

2004 2552 2163 2607 licite
2189 2552 2462 2623 laboravi,
2491 2551 2733 2606 scholiis
2754 2551 2813 2607 in
2838 2550 3197 2615 marginibus
3215 2549 3436 2605 codicis
3461 2562 3603 2605 exa-

2004 2642 2148 2697 ratis
2168 2640 2455 2711 adnotavi,
2478 2640 2563 2695 vel
2587 2640 2780 2709 etiam,
2809 2640 2961 2695 sicut
2988 2640 3132 2695 mihi
3159 2639 3345 2695 visum
3371 2642 3477 2707 est,
3509 2653 3602 2694 ex-

2007 2730 2252 2800 planavi.
2280 2731 2424 2785 Sane
2455 2734 2513 2785 et
2533 2729 2638 2784 hoc
2666 2729 2976 2785 notandum
3010 2729 3145 2799 quia
3171 2727 3429 2798 quadam
3456 2728 3599 2783 scri-

2002 2824 2320 2889 pturarum,
2346 2833 2470 2889 qua
2492 2832 2663 2888 super
2682 2818 2776 2874 his
2799 2832 2831 2874 a
2852 2818 2983 2874 sede
3002 2816 3313 2886 apostolica
3333 2816 3604 2872 Constan-

2001 2907 2305 2977 tinopolim
2334 2906 2521 2963 missa
2545 2912 2701 2977 sunt,
2728 2905 3130 2963 deﬁcientibus
3156 2905 3320 2961 urbis
3344 2906 3599 2973 ejusdem

2003 2996 2436 3067 interpretibus,
2471 3011 2583 3053 non
2609 3010 2676 3052 ex
2706 3000 2824 3052 toto
2856 3000 3005 3052 recte
3034 2994 3308 3051 translata
3341 2994 3401 3051 in
3430 2996 3597 3051 Gra-

287 3088 421 3143 aliis
458 3088 734 3144 conciliis
771 3088 977 3144 sortita
1016 3092 1121 3156 est,
1168 3102 1280 3143 non
1317 3088 1553 3156 celetur,
1581 3092 1637 3143 et
1684 3100 1887 3144 nomen
1918 3099 1966 3161 c
1999 3087 2229 3143 citatem
2252 3087 2443 3143 inveni
2466 3105 2480 3157 ;
2505 3101 2749 3157 quorum
2772 3087 2895 3156 ipse
2918 3084 3214 3155 nonnulla,
3237 3089 3293 3140 et
3314 3088 3593 3155 quantum

288 3178 609 3247 proprium,
639 3178 789 3248 quod
824 3177 1202 3249 singulariter
1228 3177 1501 3247 possidet,
1530 3177 1883 3249 designetur.

356 3267 544 3337 Igitur
558 3281 683 3322 cum
701 3267 820 3322 hac
844 3266 1230 3322 celebraretur
1252 3266 1597 3322 venerabilis
1613 3267 1882 3337 synodus,

283 3355 503 3410 accidit
544 3369 629 3410 me
664 3354 947 3412 famulum
987 3360 1234 3411 vestrum
1277 3356 1517 3411 missum
1542 3369 1574 3410 a
1602 3356 1885 3412 Ludovico

284 3445 553 3514 piissimo
572 3446 916 3515 imperatore
934 3459 1062 3500 cum
1086 3444 1313 3500 duobus
1329 3444 1467 3499 aliis
1481 3444 1627 3501 viris
1644 3444 1887 3514 insigni-

281 3533 389 3589 bus
431 3536 731 3605 interesse,
760 3533 1031 3590 t‘erentem
1059 3534 1229 3590 etiam
1259 3534 1596 3605 legationem
1624 3532 1695 3589 ab
1724 3547 1885 3603 apos-

282 3624 477 3681 tolicis
523 3624 766 3692 meritis,
808 3626 1073 3680 decorato
1114 3623 1423 3693 prasulatu
1472 3628 1677 3692 vestro,
1711 3636 1881 3678 causa

279 3713 564 3783 nuptialis
598 3713 950 3783 commercii,
980 3714 1129 3783 quod
1157 3712 1514 3768 eﬁiciendum
1540 3726 1607 3768 ex
1635 3711 1756 3768 ﬁlio
1783 3712 1885 3767 im-

278 3804 563 3873 peratoris
582 3802 805 3871 Basilii,
824 3807 881 3858 et
906 3802 1097 3873 genita
1126 3800 1345 3872 prafati
1364 3802 1463 3858 Dei
1490 3801 1734 3858 cultoris
1756 3799 1884 3857 Au—

275 3894 450 3963 gusti,
482 3893 555 3948 ab
586 3900 832 3963 utraque
859 3897 1017 3961 parte
1055 3891 1389 3962 sperabatur
1434 3891 1607 3947 simul
1648 3895 1705 3947 et
1727 3904 1883 3961 para-

273 3981 462 4038 batur.
496 3985 554 4037 In
591 3989 705 4038 tam
731 3982 885 4037 enim
914 3982 1008 4051 pio
1033 3982 1279 4052 negotio,
1309 3986 1365 4036 et
1390 3982 1541 4052 quod
1567 3981 1636 4036 ad
1666 3980 1884 4037 utrius-

271 4086 376 4142 que
397 4072 634 4142 imperii
655 4072 953 4139 unitatem,
975 4072 1089 4126 imo
1107 4071 1286 4127 totius
1300 4070 1515 4126 Christi
1536 4069 1799 4126 Ecclesia
1817 4069 1884 4125 li-

269 4160 549 4217 bertatem
578 4162 864 4231 pertinere
892 4161 1087 4231 procul
1105 4160 1284 4216 dubio
1300 4159 1657 4231 credebatur,
1689 4158 1882 4229 praci-

270 4266 375 4319 pue
415 4251 636 4307 summi
666 4250 949 4321 pontiﬁcii
977 4251 1150 4306 vestri
1181 4250 1549 4320 quarebatur
1586 4262 1873 4305 assensus.

266 4342 363 4396 Dei
384 4355 529 4407 ergo
547 4345 693 4397 nutu
709 4345 899 4397 actum
916 4344 1004 4395 est
1016 4345 1078 4396 ut
1095 4339 1238 4395 tanti
1260 4338 1474 4411 negotii
1493 4352 1621 4395 cum
1635 4338 1747 4394 loci
1766 4352 1879 4395 serh

1998 3177 2264 3249 angustia
2302 3176 2425 3232 illic
2449 3176 2705 3234 morandi
2734 3175 2998 3244 permisit
3020 3174 3315 3246 temporis,
3339 3174 3598 3232 emenda-

1996 3267 2052 3322 vi
2069 3285 2084 3333 ;
2100 3266 2307 3336 partim
2321 3280 2452 3323 vero
2467 3270 2526 3322 ut
2538 3266 3010 3336 reperihactenus
3024 3264 3339 3320 incorrecta
3353 3263 3589 3335 reliqui.

2067 3355 2149 3411 Ad
2176 3360 2490 3412 extremum
2518 3356 2684 3425 plane
2712 3356 3054 3411 monendum
3080 3357 3186 3425 est,
3214 3358 3271 3410 et
3297 3368 3399 3424 pro
3424 3352 3593 3410 futu-

1996 3459 2190 3501 rorum
2208 3446 2429 3500 cautela
2449 3450 2764 3512 temporum
2777 3444 2998 3499 arctius
3016 3444 3303 3499 memoria
3313 3457 3599 3500 commen-

1992 3533 2265 3602 dandum,
2287 3545 2357 3587 ne
2367 3530 2513 3587 forte
2530 3531 2866 3601 procedente
2881 3535 3132 3599 tempore
3144 3532 3203 3584 in
3214 3532 3429 3585 Gracis
3441 3533 3542 3586 cod
3553 3533 3598 3587 i-

1993 3623 2160 3679 cibus
2201 3621 2522 3691 reperiatur
2560 3620 2698 3676 huic
2736 3622 2944 3675 sancta
2970 3618 3186 3689 synodo
3211 3618 3525 3689 quidquam
3555 3633 3590 3675 a

1991 3710 2625 3781 Constantinopolitana
2650 3709 2863 3766 suatim
2882 3708 3143 3765 additum
3168 3708 3255 3764 vel
3282 3712 3585 3773 mutatum,

1993 3801 2143 3858 nihil
2167 3800 2359 3856 minus
2383 3800 2468 3856 vel
2486 3799 2736 3869 amplius
2757 3799 2816 3855 in
2838 3799 3031 3854 eadem
3052 3798 3267 3869 synodo
3286 3796 3585 3854 deﬁnitum

1992 3890 2192 3962 fuisse,
2217 3889 2331 3946 nisi
2350 3904 2475 3960 qua
2500 3890 2559 3945 in
2579 3890 2775 3945 Graco
2794 3888 3047 3958 ejusdem
3070 3887 3271 3958 synodi
3294 3886 3587 3944 actionum

1991 3966 2186 4038 codice
2204 3980 2263 4035 in
2281 3980 2530 4036 Romana
2544 3977 2797 4035 Ecclesia
2813 3977 3027 4046 scripta
3046 3977 3432 4048 reperiuntur,
3451 3982 3509 4031 et
3525 3977 3586 4033 in

1992 4069 2359 4126 Latinitatem
2388 4067 2542 4124 ﬁdeli
2584 4068 2727 4123 satis
2764 4066 2912 4136 stylo
2937 4065 3233 4136 translata,
3264 4065 3324 4121 in
3349 4066 3584 4122 archivo

1988 4159 2241 4229 ejusdem
2262 4158 2527 4214 Ecclesia
2550 4156 2841 4213 recondita
2861 4153 3323 4225 comprobantur,
3343 4168 3583 4226 quaque

1989 4249 2246 4306 omnium
2265 4247 2737 4319 patriarchalium
2756 4245 2979 4302 sedium
3002 4244 3112 4300 loci
3134 4248 3506 4316 servatorum,
3525 4248 3582 4300 et

1989 4339 2243 4408 ipsorum
2262 4351 2489 4409 quoque
2512 4337 2916 4406 imperatorum
2939 4338 3110 4405 atque
3127 4338 3464 4390 cunctorum
3480 4331 3585 4389 'an-

266 4429 910 4499 vatoribusapostolica
923 4429 1076 4485 sedis
1100 4433 1155 4483 et
1182 4428 1304 4498 ipse
1333 4427 1444 4484 ﬁne
1468 4428 1790 4500 gauderem,
1819 4432 1874 4483 et
1901 4432 1956 4493 D
1986 4428 2236 4484 tistitum
2269 4424 2796 4497 subscriptionibus
2822 4423 3104 4495 roborata,
3138 4428 3197 4479 et
3216 4435 3368 4478 nunc
3395 4437 3578 4493 usque

266 4520 508 4575 veniens
540 4518 835 4575 fructuum
866 4520 923 4574 in
950 4518 1332 4575 exsultatione
1359 4522 1640 4588 portarem
1680 4518 1874 4573 mani-

265 4609 455 4678 pulos,
490 4609 590 4680 qui
629 4623 727 4679 per
760 4608 1124 4678 septennium
1160 4606 1335 4663 ferme
1362 4623 1462 4678 pro
1487 4621 1554 4663 eo
1590 4605 1873 4664 indefesse

263 4696 678 4769 laboraveram,
706 4703 762 4754 et
790 4712 889 4768 per
913 4702 1093 4753 totum
1109 4696 1302 4754 orbem
1327 4696 1627 4753 verborum
1653 4696 1871 4751 semina

257 4788 468 4843 sedulo
496 4787 798 4844 scribendo
822 4787 1221 4857 disperseram.

326 4879 476 4932 Nam
526 4890 668 4947 pene
719 4877 913 4933 omnia
970 4891 1095 4947 qua
1142 4878 1210 4933 ad
1271 4888 1518 4946 prasens
1576 4873 1868 4946 negotium

256 4967 582 5037 pertinent,
627 4980 867 5037 quaque
904 4980 936 5021 a
975 4966 1105 5022 sede
1142 4964 1456 5035 apostolica
1497 4964 1698 5020 Latino
1738 4977 1870 5020 ser—

255 5070 425 5112 mone
462 5055 688 5125 prolata
728 5060 881 5125 sunt,
918 5055 1039 5110 sive
1072 5069 1196 5126 qua
1224 5054 1283 5109 in
1312 5054 1486 5124 hujus
1519 5053 1721 5124 synodi
1762 5068 1868 5111 co-

249 5146 404 5216 dice,
426 5145 552 5205 sive
569 5157 697 5215 qua
718 5144 776 5218 i_n
793 5143 931 5200 aliis
945 5143 1339 5200 voluminibus
1354 5143 1744 5214 continentur,
1763 5157 1866 5215 ego

249 5234 507 5291 summis
537 5232 917 5305 pontiﬁcibus
946 5233 1357 5305 obsecundans,
1384 5232 1670 5289 decessori
1712 5232 1867 5288 scili-

246 5332 336 5381 cet
363 5331 565 5380 vestro
588 5337 653 5379 ac
678 5322 845 5380 vobis
868 5323 1125 5394 exposui,
1144 5327 1201 5379 et
1216 5322 1574 5394 postmodum
1598 5322 1867 5379 Constan-

246 5413 507 5484 tinopoli
538 5426 643 5483 pro
671 5412 944 5483 pradicta
968 5425 1139 5468 causa
1164 5416 1445 5483 repertus,
1474 5424 1584 5468 non
1607 5424 1783 5481 pauca
1802 5411 1862 5468 in

245 5502 343 5559 his
366 5503 591 5558 vestris
614 5501 730 5559 loci
759 5501 1167 5570 servatoribus,
1189 5507 1251 5556 ut
1276 5500 1387 5571 ipsi
1406 5513 1634 5572 quoque
1660 5504 1870 5557 testan-

245 5598 362 5663 tur,
395 5591 612 5648 solatia
650 5590 920 5663 prastiti,
948 5591 1047 5661 qui
1074 5590 1246 5647 etiam
1279 5589 1538 5645 diversos
1565 5590 1863 5647 hominum

1985 4518 2207 4588 signata
2229 4517 2571 4574 consistunt.
2597 4514 2741 4570 Sane
2758 4512 3015 4583 epistola
3040 4517 3154 4567 tam
3176 4511 3376 4582 synodi
3405 4525 3576 4583 quam

1983 4607 2320 4677 patriarcha
2354 4611 2410 4662 et
2448 4606 2855 4675 imperatorum
2884 4603 2953 4659 ad
2984 4602 3300 4657 Romanum
3338 4600 3579 4670 pontiﬁ-

1981 4710 2100 4753 cem
2123 4696 2333 4767 missa,
2359 4709 2483 4767 qua
2505 4694 2564 4749 in
2596 4692 2817 4750 codicis
2836 4692 3128 4748 actionum
3161 4690 3349 4761 ipsius
3369 4691 3572 4761 synodi

1979 4786 2132 4842 calce
2158 4785 2440 4841 habentur
2465 4784 2711 4854 inserta,
2748 4780 3027 4838 reverenti
3064 4784 3199 4837 sunt
3228 4779 3391 4837 cultu
3417 4780 3576 4836 reci—

1980 4875 2215 4946 pienda.
2238 4876 2424 4929 Nama
2443 4873 2623 4929 totius
2652 4872 2857 4943 synodi
2891 4862 3193 4941 Consensu,
3220 4870 3359 4926 dum
3384 4870 3574 4927 adhuc

1977 4969 2259 5037 ageretur,
2284 4964 2522 5020 decreta
2543 4967 2681 5019 sunt
2699 4967 2755 5018 et
2770 4961 3060 5033 exposita.
3087 4960 3202 5016 Cur
3237 4964 3426 5017 autem
3458 4959 3570 5016 ista

1979 5053 2372 5125 pramiserim,
2395 5052 2645 5108 breviter
2663 5050 2965 5108 adnotabo.
2990 5049 3287 5120 Siquidem
3319 5064 3448 5105 cum
3471 5062 3570 5105 rex

1976 5144 2353 5215 Vulgarorum
2388 5155 2517 5198 cum
2555 5140 2785 5212 propria
2830 5145 2993 5213 gente
3019 5139 3237 5195 Christi
3270 5138 3436 5194 ﬁdem
3463 5153 3574 5194 su.-

1975 5232 2249 5302 scepisset
2269 5246 2368 5303 per
2389 5231 2675 5288 hominem
2697 5230 3032 5300 Romanum,
3058 5228 3115 5285 id
3138 5233 3244 5300 est,
3269 5228 3568 5299 quemdam

1976 5321 2366 5393 presbyterum
2396 5320 2636 5377 Paulum
2667 5319 2917 5383 nomine,
2953 5318 3357 5375 documentum
3397 5320 3569 5388 atque

1977 5411 2309 5482 mysterium
2326 5410 2680 5481 propositum
2693 5407 2938 5466 habuita
2954 5408 3087 5464 sede
3100 5405 3435 5478 apostolica,
3456 5416 3567 5460 non

1976 5500 2143 5557 modo
2164 5499 2296 5556 ﬁdei
2318 5499 2595 5572 regulam,
2624 5499 2718 5555 sed
2741 5502 2799 5553 et
2822 5500 3031 5553 sancta
3057 5496 3201 5568 legis
3236 5504 3458 5551 sumere
3480 5489 3568 5545 di-

1976 5588 2317 5659 sciplinam:
2349 5588 2500 5659 quod
2526 5592 2583 5643 et
2600 5585 2759 5657 fecit,
2782 5600 2895 5642 non
2926 5584 3111 5641 solum
3132 5596 3166 5640 ι
3193 5579 3424 5653 prafato
3446 5589 3569 5647 pre-
