4024 6170
367 269 436 328 49
1539 263 1901 321 ANASTASII
1943 261 2494 322 BIBLIOTHECARII
3597 267 3669 326 20

369 401 614 472 sbytero,
658 411 853 454 verum
895 397 1067 454 etiam
1118 410 1217 466 per
1260 395 1518 454 divinam
1567 395 1965 453 revelationem
1987 385 2048 447 A
2079 399 2322 470 accepit,
2355 399 2594 456 Paulum
2626 376 2828 456 scilcet
2857 397 3334 469 Populoniensem
3367 405 3423 454 et
3454 399 3674 456 Formo-

373 491 692 547 instructus
715 505 730 558 ς
757 501 884 558 quae
907 487 994 543 sic
1023 491 1345 556 temporum
1381 485 1715 558 qualitatem
1740 486 1970 542 discre-

257 628 262 639 .
370 580 473 650 vit,
507 582 572 634 ut
611 582 893 648 postrema
924 577 983 632 in
1017 577 1266 647 priorem
1306 575 1642 632 reformaret
1670 578 1881 632 statum
1913 579 1970 632 et

372 668 652 726 ordinem.
687 669 827 722 Nam
854 670 972 724 tota
1002 665 1310 736 Dardania,
1337 665 1652 736 Thessalia,
1689 665 1883 736 Dacia,
1914 668 1971 721 et

376 762 619 827 utraque
639 756 864 828 Epirus,
879 759 1050 826 atque
1066 760 1280 810 caeteras
1293 755 1552 828 regiones
1565 755 1732 824 juxta
1762 757 1967 810 Istrum

377 847 616 902 ﬂuvium
641 845 786 915 sitm,
809 845 1139 915 apostolica:
1159 845 1315 901 sedis
1345 847 1545 900 vestra;
1582 844 1970 900 moderamine

377 936 706 1007 antiquitus
738 934 1022 1005 przecipue
1048 933 1390 1006 regebantur
1414 938 1472 990 et
1493 933 1966 1004 disponebantur.

379 1025 482 1082 Sed
515 1027 816 1094 postquam
857 1023 1230 1094 imperatores
1253 1023 1657 1096 Romanorum,
1691 1024 1791 1094 qui
1822 1036 1972 1078 nunc

381 1115 706 1172 Graecorum
736 1112 1118 1186 appellantur,
1150 1113 1442 1170 variorum
1471 1111 1725 1170 fautores
1757 1112 1842 1168 vel
1877 1112 1978 1167 in—

381 1210 640 1269 centores
655 1201 836 1259 effecti
855 1216 1138 1274 errorum,
1158 1206 1411 1259 sanctam
1426 1202 1643 1258 Christi
1664 1201 1974 1258 Ecclesiam

383 1293 631 1350 diversis
646 1291 959 1348 haeresibus
970 1291 1231 1348 scindere
1247 1292 1484 1349 minime
1500 1291 1975 1362 formidaverunt,

388 1383 564 1440 scidit
585 1383 736 1438 Deus
769 1381 1076 1452 imperium
1103 1395 1320 1454 eorum,
1359 1386 1414 1437 et
1441 1382 1501 1438 in
1537 1381 1810 1438 Occiduis
1841 1395 1980 1452 par—

392 1472 550 1529 tibus
580 1471 857 1542 paulatim
888 1484 1144 1544 regnare,
1177 1485 1423 1542 superno
1450 1471 1786 1528 decernente
1809 1470 1981 1540 judi—

383 1561 496 1632 cio,
541 1565 922 1626 cessaverunt,
967 1561 1146 1616 donec
1190 1561 1472 1617 Romanos
1517 1560 1816 1631 pontifices
1853 1559 1979 1615 suis

387 1650 768 1721 pravitatibus
811 1650 1110 1706 incurvare
1149 1655 1436 1722 conantes,
1480 1663 1582 1706 nec
1609 1650 1880 1719 valentes,
1913 1663 1979 1705 ac

2079 502 2210 544 sum
2236 490 2632 560 Portuensem,
2654 492 2864 545 sancta:
2887 487 3341 544 conversationis
3359 487 3671 544 antistites.

2080 579 2191 649 Qui
2221 579 2290 635 ad
2327 578 2642 649 principem
2675 578 3084 649 pervenientes,
3119 581 3407 648 totamque
3428 579 3542 648 jam
3571 592 3679 634 me-

2083 673 2432 726 moratorum
2443 668 2822 739 Vulgarorum
2843 668 3105 738 patriam,
3119 669 3288 736 cujus
3300 681 3470 736 supra
3489 673 3678 738 partes

2079 757 2670 830 commemoravimus,
2721 763 3118 830 peragrantes,
3160 762 3368 812 terram
3416 756 3677 812 cordium

2083 848 2298 920 linguae
2325 861 2553 903 vomere
2577 847 3027 918 praescindendo,
3051 851 3107 902 et
3137 845 3453 918 Christum,
3481 847 3682 902 exstir-

2082 938 2232 1008 patis
2251 951 2509 993 errorum
2527 937 2818 1009 vepribus,
2835 936 2892 992 in
2908 936 3206 994 hominum
3227 941 3410 992 mente
3429 935 3682 1006 plantan-

2081 1027 2176 1098 do,
2203 1027 2549 1099 ﬂuentisque
2570 1027 2717 1082 sacri
2739 1025 3011 1096 baptismi
3035 1025 3296 1098 rigando,
3315 1028 3486 1096 atque
3507 1023 3682 1096 impo-

2086 1117 2296 1172 sitione
2327 1130 2598 1174 manuum
2634 1129 2870 1174 suarum
2901 1129 3074 1186 super
3105 1115 3294 1184 capita
3319 1113 3598 1182 ﬁdelium,
3627 1117 3682 1169 et

2085 1207 2198 1262 Deo
2228 1205 2416 1261 dicata
2443 1206 2652 1276 templa
2681 1205 2765 1262 vel
2792 1205 2998 1262 altaria
3031 1204 3445 1260 incrementum
3477 1201 3685 1274 perfec-

2089 1295 2270 1352 tionis
2297 1309 2396 1365 per
2422 1299 2680 1351 sanctum
2711 1295 2991 1365 Spiritum
3026 1293 3358 1362 invocando,
3389 1292 3528 1348 dum
3557 1305 3687 1362 apo-

2090 1385 2332 1442 stolicus
2347 1385 2446 1440 ille
2459 1383 2734 1456 pontifex,
2749 1389 2805 1440 et
2816 1388 2881 1440 ut
2895 1384 3018 1440 itad
3029 1385 3233 1452 icatur,
3252 1383 3503 1440 caelestis
3516 1383 3685 1439 homo

2087 1478 2144 1530 et
2163 1474 2458 1530 terrestris
2487 1474 2724 1546 angelus
2745 1477 3032 1544 superstes
3063 1472 3292 1529 habitus
3313 1477 3419 1543 est,
3449 1471 3687 1527 minime

2087 1566 2469 1620 cessaverunt.
2495 1561 2577 1618 Ad
2611 1564 2780 1633 cujus
2801 1563 3181 1619 imitationem
3212 1563 3404 1618 eadem
3431 1560 3523 1632 agi
3552 1564 3691 1615 stre-

2092 1665 2223 1726 nue,
2239 1656 2301 1709 tu
2319 1666 2614 1709 successor
2623 1653 2749 1723 ejus
2759 1652 2922 1708 alma:
2945 1666 3010 1708 ac
3023 1665 3258 1708 summae
3271 1648 3690 1722 magnitudinis

386 1714 484 1812 per
513 1739 620 1796 hoc
647 1739 1073 1810 multiplicibus
1113 1740 1298 1810 poenis
1326 1714 1656 1812 adicientes,
1695 1714 1979 1810 Hesperiae
2006 1714 2060 1777 Β
2092 1714 2321 1812 praesul,
2346 1714 2682 1798 medullitus
2703 1741 3008 1809 anhelasti,
3030 1741 3162 1798 etin
3193 1741 3284 1796 his
3299 1714 3692 1796 consumman-

387 1831 718 1900 potestatem
731 1829 846 1899 jam
862 1843 1096 1900 prorsus
1107 1828 1796 1900 amitterent,0ccidentis
1807 1828 1978 1884 etiam

387 1919 602 1976 amisso
615 1918 878 1990 imperio,
899 1917 1285 1976 nihilominus
1301 1919 1573 1974 Romanis
1586 1918 1977 1989 pontiﬁcibus,

389 2007 526 2079 quia
551 2009 668 2078 jam
694 2007 894 2078 jubere
921 2012 1230 2080 nequeunt,
1259 2008 1498 2064 suadere
1527 2009 1834 2078 nituntur;
1859 2007 1984 2064 suis

391 2096 545 2152 laesis
571 2095 818 2153 favorem
845 2096 1112 2153 sensibus
1131 2097 1692 2154 accommodandum.
1718 2097 1824 2152 Sed
1849 2097 1986 2167 quia

394 2185 493 2241 isti
512 2199 641 2242 cum
663 2187 827 2241 Petro
848 2199 1020 2256 super
1039 2189 1255 2254 petram
1277 2200 1422 2242 verae
1442 2185 1822 2242 confessionis
1843 2190 1992 2241 stan—

391 2279 495 2344 tes,
523 2273 850 2344 pestiferam
873 2275 1291 2346 suggestionem
1317 2275 1518 2330 audire
1541 2279 1798 2345 possunt,
1823 2273 1993 2330 obau-

391 2363 520 2420 dire
536 2377 646 2419 non
670 2368 932 2436 possunt,
952 2377 1080 2419 mox
1104 2363 1194 2418 illi
1214 2364 1484 2434 quoniam
1497 2363 1774 2420 alitereos
1790 2364 1992 2420 laedere

396 2455 704 2523 nequeunt,
727 2451 942 2522 patrios
954 2457 1010 2506 et
1024 2451 1294 2522 antiquos
1316 2453 1592 2508 terminos
1616 2451 1990 2516 transferunt.

399 2541 700 2613 privilegia
715 2540 871 2596 sedis
883 2540 1210 2610 apostolicae
1231 2546 1626 2612 corrumpunt,
1650 2545 1706 2597 et
1727 2555 1866 2612 penc
1881 2555 1996 2598 om-

397 2629 495 2686 nia
509 2630 641 2699 jura
660 2629 1145 2700 disponendarum
1175 2629 1487 2686 diaaceseon
1507 2629 1798 2697 auferunt,
1823 2634 1994 2701 atque

401 2720 527 2777 suis
566 2719 683 2774 haec
722 2718 1048 2776 fautoribus
1086 2719 1486 2776 consentaneis
1519 2725 1576 2776 et
1617 2719 1996 2776 sectatoribus

401 2807 704 2866 conferunt
735 2821 902 2880 ;cum
925 2808 1138 2879 quibus
1163 2808 1336 2864 etiam
1363 2809 1479 2880 jus,
1513 2810 1662 2880 quod
1688 2809 1850 2865 sedes
1867 2822 1997 2879 apo-

399 2897 603 2954 stolica
624 2911 796 2966 super
817 2897 1115 2967 praedictas
1136 2897 1398 2969 regiones
1419 2897 1642 2968 habuit,
1669 2897 1806 2969 quia
1831 2899 1996 2968 juxta

403 3001 462 3044 se
481 2987 609 3042 sita:
627 2985 988 3058 videbantur,
1014 2991 1315 3059 usurpant,
1337 2991 1394 3043 et
1420 2986 2001 3057 ConstantinOpolita-

2092 1831 2186 1888 dis
2219 1835 2474 1904 satagere
2508 1845 2618 1886 non
2649 1831 2905 1887 cessasti.
2940 1833 3002 1886 In
3037 1834 3257 1888 tantum
3289 1834 3477 1884 autem
3509 1827 3692 1898 pietas

2099 1923 2353 1976 creverat
2382 1920 2684 1992 principis,
2717 1923 2773 1976 et
2806 1919 3131 1976 abundabat
3163 1919 3316 1974 circa
3348 1917 3574 1973 beatum
3599 1917 3697 1971 Pe-

2097 2015 2251 2066 trum
2273 2009 2656 2066 venerationis
2675 2009 2899 2080 affectu,
2921 2009 3244 2080 utquadam
3261 2007 3357 2064 die
3378 2020 3548 2062 manu
3571 2019 3695 2076 pro-

2104 2099 2230 2170 pria
2254 2098 2496 2168 capillos
2525 2113 2662 2154 suos
2681 2098 3148 2169 apprehenderet,
3181 2101 3238 2152 et
3265 2094 3696 2164 contemplanti-

2100 2188 2209 2245 bus
2232 2188 2478 2258 cunctis,
2506 2202 2566 2244 se
2586 2187 2857 2244 Romanis
2892 2187 3090 2243 missis
3123 2184 3429 2242 tradiderit
3455 2183 3689 2239 dicens:

2100 2277 2307 2334 Omnes
2331 2277 2606 2348 primates
2625 2281 2682 2333 et
2695 2277 2888 2334 cuncti
2915 2275 3109 2346 populi
3132 2274 3508 2346 Vulgarorum
3532 2277 3694 2328 terra:

2101 2370 2466 2439 cognoscant,
2505 2365 2576 2422 ab
2607 2365 2884 2422 hodierno
2913 2366 3010 2420 die
3039 2379 3126 2420 me
3161 2377 3386 2420 servum
3421 2361 3540 2418 fore
3571 2365 3695 2432 post

2102 2457 2278 2512 Deum
2313 2455 2461 2510 beati
2489 2455 2640 2510 Petri
2667 2459 2723 2510 et
2751 2455 2875 2524 ejus
2899 2453 3122 2509 vicarii.

2172 2545 2308 2614 Quae
2343 2545 2524 2600 Graeci
2557 2545 2629 2600 de
2667 2544 2762 2600 die
2799 2544 2858 2600 in
2887 2543 3039 2600 diem
3080 2543 3380 2600 audientes
3419 2539 3696 2608 invident,

2102 2637 2160 2691 et
2187 2637 2358 2689 tanta:
2381 2633 2577 2706 gloria:
2596 2633 2774 2704 avidi,
2800 2637 2864 2689 ut
2887 2647 3015 2690 eum
3045 2632 3227 2702 possit
3245 2645 3276 2687 a
3296 2631 3546 2687 Romana
3571 2629 3701 2684 sede

2106 2731 2376 2794 avertere,
2415 2723 2640 2779 diversa
2681 2723 2986 2794 requirunt
3025 2722 3274 2796 ingenia,
3309 2733 3542 2776 munera
3575 2722 3702 2788 post

2106 2826 2342 2870 munera
2372 2826 2672 2869 numerosa
2700 2812 3010 2884 mittentes,
3037 2815 3092 2867 et
3117 2809 3432 2882 SOphistica
3455 2808 3509 2864 ei
3540 2822 3705 2880 argu-

2111 2907 2297 2959 menta
2323 2901 2666 2958 creberrime
2701 2905 3094 2972 pr0ponentes.
3124 2899 3318 2955 Atille
3347 2901 3410 2954 ut
3438 2897 3703 2954 columna

2111 2991 2668 3063 mansitimmobilis,
2686 2991 2865 3047 donec
2875 2990 3199 3047 eorumdem
3214 2989 3538 3045 Graecorum
3557 2983 3709 3042 frau-

403 3089 495 3132 naa
512 3075 746 3132 dioecesi
771 3075 1035 3146 nequiter
1053 3075 1517 3152 appl.icant;cum
1540 3075 1740 3132 beatus
1760 3089 1900 3146 papa
1924 3076 2002 3131 vi-
2028 3083 2080 3148 [ι
2109 3081 2179 3136 de
2206 3081 2584 3152 deciperetur,
2617 3080 2992 3136 scribentium
3029 3079 3104 3146 ei,
3141 3082 3312 3149 atque
3343 3075 3663 3132 dicentium
3687 3090 3699 3103 ·

402 3165 607 3222 deatur
620 3165 810 3220 dicere
827 3164 1194 3221 Innocentius
1205 3165 1273 3220 ad
1296 3163 1680 3221 Alexandrum
1702 3164 2004 3222 Antioche-

404 3267 541 3310 num
563 3253 715 3308 inter
737 3251 852 3308 alia
873 3252 1157 3309 scribens:
1175 3255 1297 3310 Non
1319 3268 1452 3325 ergo
1474 3253 1659 3310 visum
1682 3259 1768 3310 est
1797 3254 1866 3310 ad
1892 3267 2005 3310 mo.

403 3342 688 3398 bilitatem
702 3342 1104 3398 necessitatum
1119 3343 1556 3414 mundanarum,
1569 3343 1670 3398 Dei
1694 3343 2002 3399 Ecclesiam

405 3432 764 3502 commutari,
787 3432 1030 3488 honores
1041 3431 1468 3488 autdivisiones
1487 3433 1726 3503 perpeti,
1745 3447 1890 3503 quas
1901 3444 2004 3500 pro

405 3522 530 3578 suis
551 3521 746 3576 causis
763 3518 1051 3576 faciendas
1065 3520 1300 3576 duxerit
1320 3521 1656 3590 imperator;
1677 3521 1772 3576 sed
1797 3521 1890 3575 his
1903 3533 2003 3574 nec

408 3610 520 3681 ipsi
537 3609 642 3666 diu
663 3607 956 3678 fruuntur,
971 3608 1255 3678 siquidem
1271 3609 1387 3676 jam
1411 3611 1716 3663 memorata
1737 3607 2006 3679 Vulgaro-

409 3713 536 3756 rum
563 3711 700 3769 gens
730 3696 996 3766 protinus
1030 3695 1226 3766 irruit,
1253 3699 1310 3750 et
1337 3694 1601 3750 universa
1633 3695 1788 3750 circa
1820 3683 2007 3750 Danu-

409 3787 571 3843 bium
599 3787 876 3854 occupat:
913 3783 1110 3854 sicque
1139 3783 1322 3840 Graaci
1355 3783 1664 3856 principes,
1698 3784 1847 3854 quod
1880 3783 2000 3839 sedi
2040 3793 2048 3800 '

413 3873 750 3943 subripiunt
776 3871 1122 3942 apostolicm,
1158 3872 1217 3927 in
1247 3871 1488 3942 duplum
1511 3873 1926 3943 quodammodo
1950 3877 2006 3928 et

414 3961 725 4020 secundum
749 3960 926 4032 legem
949 3961 1302 4016 resarcinant
1324 3979 1337 4015 :
1361 3975 1491 4017 nam
1511 3975 1642 4018 cum
1659 3962 1789 4032 jure
1808 3962 2010 4019 dicece-

413 4065 541 4108 seos
562 4054 850 4120 usurpatae
861 4049 1034 4105 etiam
1058 4062 1182 4120 sua,
1206 4050 1262 4106 id
1277 4054 1365 4106 est
1386 4051 1616 4121 imperii
1645 4052 1865 4122 proprii
1889 4067 2013 4122 par-

414 4147 526 4198 tem
553 4139 852 4211 potestatis
879 4139 1170 4196 amittunt.
1203 4141 1410 4197 Verum
1445 4140 1671 4196 tandem
1699 4141 2012 4212 aliquando

417 4231 612 4287 volens
631 4227 990 4298 omnipotens
1007 4229 1177 4301 Deus,
1201 4229 1302 4300 qui
1326 4229 1462 4286 olim
1488 4229 1639 4285 ﬁlios
1651 4229 1822 4286 Israel
1843 4231 2014 4286 etiam

421 4323 549 4391 post
565 4318 742 4391 trigin
753 4321 804 4373 ta
820 4321 878 4373 et
895 4317 1344 4390 quadringentos
1358 4331 1539 4375 annos
1554 4319 1625 4374 ab
1641 4319 2016 4391 aﬁligentium

2115 3170 2264 3240 quod
2279 3170 2348 3225 de
2368 3169 2554 3240 patria
2569 3169 2670 3225 illa
2685 3173 2876 3224 utrum
2895 3169 3143 3224 Romano
3155 3181 3225 3222 an
3237 3164 3710 3234 ConstantinOpo-

2113 3259 2292 3315 litano
2325 3258 2580 3329 pontiﬁci
2613 3258 2782 3314 subdi
2812 3257 3032 3326 debeat,
3059 3257 3208 3311 inter
3235 3254 3484 3310 vicarios
3513 3253 3710 3308 Roma-

2115 3361 2238 3417 nos,
2263 3347 2760 3416 patriarchamque
2779 3344 3063 3417 lgnatium
3083 3341 3578 3412 Constantinopoli
3597 3341 3711 3396 dis-

2113 3437 2360 3506 ceptatio
2377 3435 2584 3490 fuisset
2597 3433 2870 3489 canonice
2887 3433 3158 3488 ventilata
3173 3451 3189 3498 ;
3202 3437 3258 3488 et
3275 3430 3600 3502 conjunctis
3609 3430 3712 3485 Ro-

2114 3525 2300 3580 manis
2322 3522 2578 3578 Orientis
2599 3521 2818 3576 sedium
2853 3521 2962 3576 loci
2991 3523 3306 3576 servatores
3327 3519 3714 3590 judicaverint

2112 3612 2491 3682 Vulgarorum
2520 3609 2814 3665 dimcesim
2835 3609 2963 3665 urbi
2999 3608 3118 3667 fore
3147 3609 3584 3681 subjiciendam,
3616 3607 3710 3664 cui

2112 3704 2244 3756 ante
2255 3699 2636 3772 Vulgarorum
2647 3699 2952 3754 adventum
2967 3698 3343 3755 subdebatur:
3363 3712 3492 3755 cum
3510 3697 3623 3752 alia
3638 3696 3715 3752 sit

2114 3790 2175 3845 in
2191 3788 2496 3844 mundanis
2512 3788 2776 3860 negotiis,
2791 3787 2908 3844 alia
2920 3788 2980 3844 in
2992 3787 3717 3857 ecclesiasticis'dispositio

2110 3877 2638 3950 juris;etquamvis
2649 3877 2806 3950 regio
2821 3877 2921 3934 illa
2932 3876 3511 3934 Grmcisfueritantea
3524 3873 3718 3931 subdi-

2119 3973 2196 4040 ta,
2213 3967 2436 4024 nullum
2455 3971 2640 4023 tamen
2664 3967 2925 4024 ineasibi
2938 3967 3339 4038 jusvindicare
3362 3967 3616 4040 legitime
3628 3979 3722 4036 po-

2122 4061 2378 4125 tuerunt,
2404 4070 2572 4127 quam
2594 4057 2772 4114 armis
2791 4057 2931 4112 olim
2952 4057 3218 4113 amissam
3244 4071 3344 4126 per
3363 4061 3446 4112 tot
3467 4060 3718 4125 tempora

2123 4145 2388 4202 bellando
2411 4145 2660 4215 recipere
2681 4159 2791 4202 non
2819 4145 3150 4202 valuerant:
3181 4145 3439 4217 quamvis
3459 4147 3514 4200 et
3537 4143 3720 4213 prius-

2127 4247 2299 4310 quam
2317 4231 2720 4289 Graecisfuerit
2740 4232 2990 4305 subdita,
3015 4233 3253 4289 Romani
3275 4234 3420 4288 hanc
3441 4230 3724 4302 possedis-

2129 4336 2186 4378 se
2209 4326 2518 4392 patescant,
2545 4320 2817 4377 necillam
2839 4322 3042 4390 Graeci,
3069 4326 3132 4377 ut
3152 4334 3324 4391 supra
3344 4323 3718 4376 monstratum

424 4407 711 4479 pressuris
738 4407 974 4478 eripuit,
999 4406 1398 4478 salubremque
1421 4407 1742 4464 doctrinam
1763 4409 2014 4480 edocuit,
2042 4394 2098 4456 D
2129 4409 2502 4480 est,tenuisse
2515 4414 2916 4482 memorentur,
2933 4407 3727 4477 nisidumsceptrisRomani-

425 4499 528 4555 has
556 4492 727 4554 etiam
759 4496 1021 4568 regiones
1041 4509 1170 4552 cum
1194 4496 1403 4566 populo
1425 4511 1528 4553 suo
1549 4498 1618 4553 ad
1643 4501 1858 4554 rectum
1886 4497 2016 4554 ﬁdei

417 4587 715 4643 tramitem
747 4597 1086 4656 aequamque
1117 4585 1368 4654 justitim
1400 4599 1656 4642 normam
1689 4587 2017 4659 perducere,

427 4675 734 4746 inspiravit
748 4675 865 4744 jam
888 4677 1197 4730 memorato
1218 4673 1470 4744 principi
1498 4673 1898 4748 Vulgarorum,
1923 4691 2022 4746 per

428 4765 631 4821 merita
660 4763 834 4834 Petri,
866 4763 1034 4832 cujus
1071 4762 1131 4818 in
1166 4766 1324 4819 arcto
1355 4762 1504 4819 situs
1547 4763 2020 4820 interventionem

429 4853 543 4908 sibi
564 4851 713 4922 apud
726 4852 903 4908 Deum
915 4851 1112 4907 adesse
1129 4855 1392 4920 precatus
1401 4855 1506 4922 est,
1522 4851 1721 4924 sicque
1739 4853 1811 4908 de
1832 4867 2028 4910 nume-

431 4943 581 5000 rosis
599 4940 801 4998 cuneis
821 4940 1076 4997 hostium
1101 4941 1498 5012 triumphavit,
1523 4942 1749 4998 mittere
1770 4943 2025 5010 Romam,

426 5035 484 5088 et
503 5044 535 5085 a
556 5030 688 5087 sede
715 5029 1031 5099 apostolica
1055 5029 1187 5086 ﬁdei
1219 5033 1276 5086 et
1307 5043 1460 5086 sanae
1481 5031 1816 5088 traditionis
1839 5037 2030 5102 postu-

434 5120 552 5176 lare
565 5118 885 5189 doctrinas;
901 5119 1051 5188 quod
1067 5118 1200 5188 pius
1217 5118 1450 5189 pinceps
1467 5132 1574 5175 non
1597 5120 2028 5192 segnisexsecu—

436 5213 528 5266 tor
563 5207 770 5274 effecit,
813 5211 870 5264 et
907 5207 1141 5264 mittens
1177 5208 1246 5264 ad
1283 5207 1656 5278 apostolicam
1699 5209 1887 5265 sedem
1925 5210 2022 5266 cui

435 5298 698 5355 decessor
712 5301 896 5352 vester
913 5299 1048 5352 tunc
1065 5310 1206 5367 papa
1225 5297 1467 5370 egregiae
1486 5297 1813 5354 sanctitatis
1834 5300 2027 5368 praesi-

439 5387 611 5444 debat
633 5385 923 5458 Nicolaus,
955 5389 1012 5440 et
1037 5399 1149 5442 non
1183 5385 1368 5442 solum
1401 5386 1666 5460 dogmata
1694 5387 2025 5444 orthodoxae

444 5477 597 5548 ﬁdei,
624 5489 819 5532 verum
848 5475 1021 5531 etiam
1047 5479 1256 5531 sancta;
1283 5475 1416 5531 vitae
1443 5475 1814 5546 disciplinam
1841 5476 1911 5532 ad
1939 5490 2026 5548 ea,

447 5571 590 5638 quin
601 5569 658 5621 et
666 5565 736 5620 ad
757 5569 1062 5636 utrumque
1079 5563 1314 5622 idoneos
1330 5563 1691 5622 institutores
1705 5566 1962 5635 expetiit,
1975 5571 2034 5623 et

2127 4499 2214 4555 cis
2230 4499 2571 4570 potirentur.
2594 4498 2946 4568 Quamquam
2958 4497 3065 4552 etsi
3082 4497 3218 4552 huic
3231 4495 3412 4551 Graaci
3433 4493 3728 4563 principes

2131 4587 2374 4659 regioni,
2399 4589 2674 4657 quantum
2697 4587 2766 4642 ad
2791 4583 3197 4655 rempublicam
3220 4582 3446 4654 attinet,
3469 4581 3731 4638 domina-

2132 4677 2176 4732 ti
2191 4676 2328 4748 sint,
2354 4679 2465 4732 non
2483 4679 2670 4730 tamen
2697 4673 3069 4744 praejudicare
3087 4675 3324 4743 possunt
3338 4671 3440 4728 Dei
3461 4671 3730 4727 Ecclesiae

2128 4765 2270 4837 juri,
2291 4779 2416 4836 qua:
2438 4763 2859 4835 quantumlibet
2880 4763 2968 4818 illi
2983 4777 3110 4818 cum
3126 4761 3374 4818 diversis
3394 4761 3730 4817 nationibus

2134 4855 2546 4926 conﬁictantes,
2595 4853 2716 4909 sive
2753 4853 2912 4920 victi,
2945 4852 3063 4908 sive
3099 4852 3343 4908 victores
3381 4849 3726 4918 exstiterint,

2139 4958 2251 5002 non
2281 4943 2440 5000 novit
2469 4943 2583 4998 nisi
2615 4943 2947 4998 charitatem
2977 4946 3035 4996 et
3063 4954 3274 5011 pacem.
3308 4940 3466 4998 Unde
3495 4939 3728 5010 quidam

2139 5032 2541 5104 magistrorum
2567 5032 2692 5100 ejus
2715 5030 3030 5086 exclamat:
3053 5029 3255 5100 Siquis
3277 5029 3494 5084 videtur
3517 5032 3732 5082 conten-

2138 5125 2305 5177 tiosus
2343 5136 2475 5183 esse,
2510 5135 2607 5174 nos
2637 5121 2797 5174 talem
2834 5120 3272 5174 consuetudinem
3307 5133 3416 5172 non
3447 5117 3724 5178 habemus,

2135 5226 2308 5280 neque
2335 5209 2574 5263 Ecclesia
2605 5210 2706 5262 Dei
2727 5205 2775 5278 (Ι
2796 5206 2914 5261 Cor.
2949 5220 3008 5262 x1
3036 5207 3052 5281 )
3075 5225 3090 5278 ;
3118 5207 3253 5263 licet
3281 5205 3386 5261 hoc
3427 5205 3615 5276 ipsum
3653 5217 3728 5260 an

2137 5297 2248 5353 loci
2284 5301 2596 5354 servatores
2627 5295 2882 5352 Orientis
2917 5296 3288 5366 decreverint,
3330 5295 3512 5350 nullis
3553 5295 3730 5350 certis

2139 5385 2410 5456 probetur
2430 5385 2686 5442 indiciis.
2710 5385 2980 5454 Quamvis
2999 5385 3150 5441 enim
3163 5383 3400 5440 Romani
3420 5383 3530 5440 loci
3545 5397 3731 5440 serva-

2138 5481 2292 5532 tores
2310 5479 2367 5530 et
2385 5474 2760 5547 Vulgarorum
2787 5475 2950 5532 missi
2973 5487 3102 5530 cum
3127 5474 3488 5544 imperatore,
3513 5487 3613 5529 seu
3636 5486 3731 5542 pa-

2141 5563 2412 5634 triarcha,
2445 5577 2664 5622 necnon
2685 5569 2742 5620 et
2769 5563 3024 5621 Orientis
3049 5562 3162 5620 loci
3195 5561 3585 5618 senatoribus
3602 5575 3732 5618 con-
