4024 6170
399 236 461 295 21
1081 236 1626 295 ΙΝἸἙΒΡΒΕΤΑἸἹΟ
1661 236 1910 294 SYNODI
1944 236 1970 294 ἲ

2101 236 2504 294 GENERALIS.
2527 268 2601 278 —
2637 237 3012 295 PREFATIO.

3626 237 3701 298 22

400 370 709 435 venissent,
746 368 841 423 bis
873 370 1059 424 tamen
1094 368 1364 425 omnibus
1397 369 1455 423 in
1476 382 1590 424 uno
1621 368 1874 424 conclavi
1896 382 1991 438 po-
2024 354 2082 415 A
2107 364 2302 421 dicum
2321 367 2659 422 sententiam
2694 366 3314 437 minimespernendam
3328 369 3618 441 edoceant,
3639 373 3696 426 et

399 461 555 528 sitis,
576 457 718 513 nulli
738 457 960 514 deforis
983 459 1235 514 venienti
1270 458 1495 529 patebat
1524 459 1737 519 aditus.
1762 458 1874 514 nisi
1896 459 1991 515 cui

398 550 485 605 vel
520 549 830 617 imperator
858 548 946 603 vel
980 548 1307 617 patriarcha
1338 547 1579 604 forsitan
1616 548 1990 619 permisisset.

401 640 558 694 Unde
590 637 804 693 factum
848 641 936 693 est
967 642 1031 693 ut
1061 639 1344 709 quidquid
1380 639 1617 694 Romani
1650 642 1990 707 assererent,

400 744 501 785 nec
548 729 804 784 Orientis
837 728 951 783 loci
994 734 1326 799 servatores,
1375 743 1476 785 nec
1508 729 1785 801 Vulgares
1829 729 1991 784 missi

397 819 826 891 intelligerent:
862 823 918 873 et
942 833 1150 874 rursus
1164 819 1444 890 quidquid
1479 819 1800 875 Orientales
1828 819 1996 874 dice—

400 914 556 978 rent,
577 923 676 964 nec
707 908 949 965 Romani
983 907 1091 964 loci
1128 913 1461 980 servatores,
1483 923 1584 964 nec
1613 909 1991 980 Vulgarorum

402 1000 570 1055 missi
599 1001 1024 1070 cognoscerent.
1059 1000 1201 1055 Dum
1228 999 1494 1054 videlicet
1524 1000 1721 1056 nullus
1751 1000 1989 1071 adesset,

404 1088 522 1143 nisi
555 1103 707 1144 unus
740 1087 1426 1159 imperatorisinterpres,
1460 1089 1559 1159 qui
1589 1102 1691 1144 nec
1720 1088 1995 1144 Romano-

398 1193 551 1249 rum,
573 1192 675 1233 uee
699 1177 1081 1233 Orientalium
1112 1178 1222 1233 loci
1250 1182 1600 1234 servatorum
1627 1193 1790 1235 voces
1822 1179 1992 1245 aliter

400 1269 649 1324 audebat
664 1268 850 1337 edere,
870 1268 1070 1323 nisiut
1094 1268 1208 1337 jam
1241 1267 1552 1338 imperator
1580 1268 1648 1324 ad
1692 1268 1992 1324 subversi—

400 1372 572 1414 onem
588 1358 966 1429 Vulgarorum
1002 1357 1328 1427 imperarat;
1349 1362 1579 1428 excepto
1611 1358 1759 1429 quod
1790 1358 1987 1414 datum

398 1454 488 1503 est
520 1448 715 1502 missis
743 1447 1123 1517 Vulgarorum
1154 1449 1437 1518 quoddam
1472 1449 1748 1519 scriptum
1775 1447 1988 1504 Grzecis

398 1536 669 1592 verbis'et
687 1536 899 1591 litteris
914 1540 1229 1607 exaratum,
1249 1538 1552 1593 continens
1564 1538 1727 1609 quasi
1749 1538 1857 1593 loci
1878 1554 1991 1593 ser-

397 1630 624 1681 vatores
650 1625 1076 1681 Orientisinter
1106 1626 1217 1681 loci
1264 1632 1581 1683 servatores
1612 1628 1895 1682 Romanos
1932 1632 1988 1683 et

2108 455 2343 526 quidam
2372 456 2758 527 probabilium
2788 461 3011 527 patrum
3042 455 3229 513 dicat:
3264 459 3462 515 Justus
3488 459 3697 517 media-

2110 548 2199 600 tor
2226 559 2338 600 non
2367 551 2471 618 est,
2508 545 2607 616 qui
2642 546 2727 600 sic
2759 559 2930 600 unam
2966 551 3179 617 partem
3209 546 3392 617 audit,
3437 552 3501 603 ut
3525 548 3693 606 alteri

2116 636 2265 704 parti
2302 635 2451 691 nihil
2477 640 2739 692 reservet.
2765 638 2891 692 Haec
2915 636 3109 706 itaque
3127 635 3405 708 diximus,
3442 637 3696 695 intentos

2111 726 2343 781 reddere
2373 726 2665 782 studiosos
2697 730 2983 795 curantes,
3006 739 3074 781 ne
3100 724 3246 781 forte
3269 741 3537 796 processu
3559 730 3693 783 tem-

2107 815 2265 884 poris
2296 816 2611 887 quidquam
2640 816 2711 871 de
2760 816 3122 885 subjicienda
3152 816 3692 887 Constantinopoli-

2112 908 2259 961 tanae
2278 906 2512 962 dimcesi
2540 907 2924 979 Vulgarorum
2960 912 3107 962 terra
3138 909 3416 963 statutum
3443 906 3526 962 vel
3558 907 3692 962 deti-

2111 996 2297 1052 nitum
2328 996 2399 1052 ab
2431 997 2743 1053 universali
2776 1001 2833 1052 et
2864 1002 3059 1053 octava
3088 1000 3321 1067 putetur
3340 997 3576 1070 synodo,
3600 997 3687 1053 vel

2103 1087 2396 1143 actionum
2421 1087 2586 1144 illius
2604 1088 2790 1144 codici
2814 1100 2846 1143 a
2866 1087 3083 1144 Graecis
3104 1087 3241 1143 hinc
3260 1087 3484 1158 aliquid
3506 1087 3682 1158 adjici

2104 1179 2505 1245 praesumatur.
2540 1178 2679 1232 Nam
2701 1174 3012 1232 familiaris
3032 1180 3118 1232 est
3139 1176 3262 1232 illis
3285 1176 3394 1232 ista
3418 1190 3686 1247 praesum-

2106 1265 2247 1338 ptio,
2271 1270 2327 1320 et
2347 1265 2667 1337 singularis
2706 1265 3124 1337 quodammodo
3161 1264 3500 1323 ambitionis
3521 1266 3687 1323 indi-

2099 1354 2252 1411 cium
2281 1373 2294 1409 :
2319 1356 2606 1427 siquidem
2633 1356 2691 1411 in
2728 1356 2975 1413 secunda
3003 1356 3218 1427 synodo
3238 1361 3436 1412 contra
3467 1360 3682 1413 statuta

2102 1459 2317 1517 magna:
2338 1445 2580 1501 Nicaenaa
2604 1447 2827 1518 synodi,
2853 1450 2910 1501 et
2929 1451 3254 1503 sanctorum
3273 1447 3497 1503 decreta
3528 1461 3683 1517 prae—

2099 1535 2291 1591 sulum
2318 1536 2723 1607 Romanorum,
2757 1535 3152 1592 Alexendrinm
3183 1536 3485 1608 privilegia
3526 1536 3681 1592 sedis

2095 1624 2731 1695 Constantinopolitano
2772 1626 3067 1681 contulere
3106 1626 3363 1695 pontiﬁci
3389 1644 3405 1688 ς
3431 1630 3488 1681 et
3517 1640 3683 1696 quaa-

399 1714 784 1784 patriarcham
802 1714 1086 1785 [gnatium
1104 1712 1447 1789 arbitros[f.
1481 1713 1987 1789 arbitri]existen—
2013 1737 2063 1799 Β
2095 1714 2224 1769 dam
2273 1728 2441 1784 penes
2475 1714 2608 1770 illos
2641 1717 3009 1784 reperiuntur
3033 1715 3287 1785 capitula
3327 1715 3676 1787 regularum,

392 1809 497 1867 tes,
514 1805 617 1872 jud
630 1804 925 1873 icaverint,
940 1804 1319 1873 Vulgarorum
1335 1806 1575 1874 patriam
1591 1821 1716 1876 quae
1732 1806 1788 1861 in
1806 1807 1987 1876 Illyri-

390 1908 457 1949 co
474 1893 788 1947 constituta
804 1893 1133 1948 estdimcesi
1147 1893 1791 1964 Constantinopolitanae
1810 1896 1987 1965 subji-

388 1982 825 2051 ciendam,cum
843 1982 912 2037 ab
931 1982 1067 2039 olim
1090 1983 1147 2038 in
1176 1988 1414 2053 utraque
1449 1985 1639 2054 Epiro,
1675 1985 1981 2057 Dardania,

387 2072 585 2140 Dacia,
613 2071 906 2127 Thessalia
933 2075 988 2125 et
1014 2072 1235 2127 czeteris
1262 2072 1319 2127 in
1349 2073 1576 2143 Illyrico
1602 2074 1734 2129 sitis
1760 2075 1987 2144 provin-

386 2162 501 2215 ciis
514 2175 742 2229 semper
755 2160 908 2215 sedis
919 2161 1570 2231 apostolieazdispositio
1588 2161 1733 2217 facta
1747 2163 1979 2232 clareat,

389 2250 800 2305 sicutdiversaz
820 2249 1151 2318 pontiﬁcum
1173 2250 1555 2306 Romanorum
1576 2266 1606 2305 a
1624 2253 1864 2307 Damaso
1892 2266 1983 2321 pa-

389 2352 455 2407 pa
486 2352 584 2407 per
619 2337 844 2392 easdem
893 2338 1216 2407 provincias
1256 2339 1444 2393 missa;
1472 2344 1755 2395 testantur
1778 2341 1985 2409 episto-

385 2426 473 2494 lae,
493 2432 554 2481 et
583 2428 689 2482 has
712 2427 1041 2482 Graecorum
1076 2428 1368 2497 principes
1397 2429 1516 2484 sola
1546 2430 1625 2501 vi,
1658 2428 1982 2484 faventibus

383 2515 501 2571 sibi
533 2516 1192 2585 ConstantinOpolitanis
1225 2516 1589 2589 praesulibus,
1622 2531 1792 2574 causa
1822 2518 1982 2574 dun-

387 2610 551 2659 taxat
578 2618 750 2674 quam
780 2606 1049 2674 superius
1087 2606 1510 2678 adnotavimus,
1538 2608 1867 2677 exhortans,
1908 2607 1978 2662 ab

382 2694 705 2762 apostolica
749 2694 879 2748 sede
928 2693 1294 2765 subegerunt.
1338 2695 1519 2764 Super
1571 2696 1787 2766 quibus
1823 2696 1979 2750 reci-

381 2782 617 2852 piendis
631 2782 761 2837 ideo
776 2783 1090 2851 apostolica
1105 2784 1196 2838 sed
1206 2797 1266 2839 es
1286 2784 1501 2839 nullam
1515 2786 1801 2854 reperitur
1817 2784 1979 2841 fecis-

385 2886 445 2927 se
462 2871 779 2943 querelam,
808 2872 1084 2942 quoniam
1114 2886 1244 2928 mox
1271 2873 1391 2945 has,
1424 2878 1489 2929 ut
1513 2875 1849 2944 prmdictum
1867 2879 1970 2945 est,

380 2976 530 3031 sepe
548 2966 857 3017 memorata
890 2962 1266 3033 Vulgarorum
1300 2964 1459 3019 natio
1478 2964 1620 3033 adit,
1641 2969 1696 3019 et
1717 2964 1828 3019 sibi
1844 2965 1974 3033 jure

2098 1818 2223 1873 qua:
2247 1803 2333 1857 illi
2359 1804 2589 1874 quidem
2612 1804 2794 1859 tertiae
2815 1804 3018 1859 dicunt
3032 1804 3277 1860 existere
3298 1804 3520 1874 synodi,
3549 1818 3679 1860 cum

2094 1892 2243 1960 apud
2275 1892 2504 1948 Latinos
2534 1906 2634 1948 nec
2658 1892 2716 1947 in
2739 1893 3154 1948 vetustissimis
3175 1892 3543 1948 inveniantur
3563 1892 3681 1949 edi-

2096 1980 2374 2038 tionibus.
2402 1984 2463 2037 In
2492 1986 2709 2053 quartae
2738 1996 2965 2053 quoque
2994 1982 3196 2053 synodi
3225 1981 3571 2052 quibusdam
3591 1997 3683 2038 co-

2093 2070 2325 2125 dicibus
2357 2072 2640 2141 quoddam
2666 2072 2735 2126 de
2762 2072 3085 2143 privilegiis
3107 2071 3679 2141 Constantinopoleos

2093 2159 2401 2215 ostendunt
2426 2160 2767 2229 capitulum,
2793 2161 2941 2229 quod
2974 2161 3125 2214 inter
3147 2174 3395 2215 canones
3422 2160 3678 2228 ejusdem

2092 2250 2294 2320 synodi
2321 2249 2392 2303 ab
2419 2249 2683 2304 universa
2710 2248 2960 2304 Ecclesia
2986 2253 3299 2319 veneratos,
3328 2261 3430 2302 nec
3466 2249 3680 2304 Latini-

2092 2343 2198 2409 tas,
2234 2351 2335 2392 nec
2363 2337 2478 2392 alia
2506 2337 2705 2409 lingua
2733 2337 2840 2394 sub
2879 2336 2998 2393 sole
3028 2337 3300 2408 recipere,
3350 2337 3679 2405 comproba-

2092 2432 2205 2484 tur.
2256 2426 2533 2497 Quodque
2579 2427 2714 2483 licet
2756 2427 2826 2482 ab
2869 2426 3157 2495 Anatolio,
3201 2431 3258 2481 et
3307 2426 3672 2499 imperatore,

2092 2517 2177 2572 vel
2224 2515 2551 2572 fautoribus
2589 2530 2807 2587 eorum,
2851 2519 2980 2586 post
3041 2515 3234 2571 omnia
3273 2519 3431 2586 gesta
3469 2516 3675 2586 synodi

2088 2610 2145 2662 et
2176 2606 2429 2676 prolatos
2464 2619 2711 2661 canones
2744 2607 2803 2661 in
2847 2605 3106 2661 absentia
3146 2605 3532 2661 Romanorum
3558 2605 3673 2661 loci

2090 2702 2440 2752 servatorum
2509 2695 2655 2751 clam
2714 2695 3114 2765 depromptum
3176 2694 3487 2765 exstiterit,
3546 2708 3673 2750 mox

2087 2789 2273 2841 tamen
2292 2786 2371 2840 ibi
2398 2786 2584 2855 ipsum
2612 2785 2682 2840 ab
2701 2785 2914 2841 eisdem
2937 2784 3047 2840 loci
3075 2784 3465 2841 servatoribus
3478 2787 3565 2840 est
3589 2798 3674 2839 re-

2087 2875 2337 2946 pulsum,
2353 2879 2410 2930 et
2425 2888 2458 2931 a
2475 2875 2607 2931 sede
2618 2874 2952 2945 apostolica,
2968 2889 3093 2945 quae
3115 2879 3180 2930 ut
3199 2874 3392 2930 eadem
3414 2873 3667 2944 synodus

2084 2963 2374 3020 ﬂeretsola
2386 2964 2656 3035 decrevit,
2688 2963 2922 3034 solaque
2933 2964 3029 3033 jus
3053 2963 3257 3019 habuit
3271 2976 3369 3019 eos
3393 2962 3670 3032 recipien-

382 3052 684 3119 potestatis
700 3052 892 3107 omnia
908 3052 1184 3107 vindicat.
1214 3052 1283 3108 At
1301 3053 1399 3108 ubi
1421 3053 1628 3125 religio
1654 3053 1823 3121 redit,
1843 3067 1973 3109 con-
2000 3071 2046 3131 ρ
2081 3054 2142 3109 di
2176 3067 2320 3124 quos
2353 3053 2626 3124 synodica
2655 3053 2880 3109 decreta
2914 3052 3289 3123 protulerant,
3323 3066 3433 3109 non
3479 3052 3665 3108 solum

380 3138 574 3195 testim
613 3146 667 3195 et
701 3141 1013 3197 dimceseos
1039 3140 1124 3197 fas
1164 3142 1283 3197 sedi
1315 3143 1558 3212 propria:
1600 3142 1961 3199 reformatur.

380 3229 512 3283 Haec
552 3243 675 3285 cum
716 3230 976 3301 Romani,
1025 3234 1082 3285 et
1106 3231 1199 3286 his
1225 3232 1463 3301 similia,
1498 3232 1608 3288 loci
1649 3236 1964 3288 servatores

378 3318 705 3373 summatim
738 3317 1064 3374 Graecorum
1094 3319 1412 3375 locutiones
1449 3321 1821 3389 advertentes,
1860 3334 1963 3378 as-

374 3413 649 3470 sererent,
676 3408 848 3463 etiam
877 3408 984 3463 hoc
1009 3410 1291 3477 persecuti
1320 3413 1473 3477 sunt,
1501 3409 1780 3464 dicentes:
1818 3409 1961 3464 Om—

376 3496 551 3551 nibus
604 3496 807 3568 liquet,
849 3510 1033 3567 neque
1089 3511 1211 3569 nos,
1254 3512 1434 3567 neque
1491 3497 1601 3554 loci
1648 3502 1962 3554 servatores

370 3584 759 3641 Orientalium
805 3586 1026 3641 sedium
1066 3600 1238 3641 causa
1283 3586 1757 3642 vindicandarum
1813 3600 1964 3658 qua—

374 3674 651 3730 rumlibet
679 3675 998 3731 dioeceseon
1016 3676 1278 3731 veniendi
1304 3675 1857 3747 Constantinopolim
1883 3677 1965 3732 in-

368 3764 603 3835 vitatos,
634 3765 729 3820 sed
762 3766 1227 3835 controversiam,
1258 3779 1359 3835 pro
1384 3779 1494 3836 qua
1524 3766 1877 3835 disponenda
1908 3770 1964 3821 et

366 3853 719 3925 deﬁnienda,
742 3853 881 3909 vela
904 3854 1019 3923 piis
1049 3854 1492 3924 imperatoribus
1530 3856 1788 3926 expetiti,
1812 3855 1895 3911 vel
1929 3870 1961 3911 a

368 3943 725 4013 praesulibus
780 3943 997 3998 nostris
1049 3944 1322 3999 destinati
1379 3959 1598 4017 sumus,
1663 3947 1777 4000 Deo
1832 3959 1963 4000 auc-

366 4038 513 4099 tore,
563 4046 698 4087 sane
740 4032 1133 4102 dissolvimus,
1172 4037 1229 4088 et
1268 4034 1497 4103 propria
1530 4034 1745 4105 singuli
1802 4033 1961 4090 subs-

362 4122 659 4191 criptione
729 4122 1142 4193 signavimus:
1213 4136 1384 4191 super
1461 4124 1694 4179 dioecesi
1767 4128 1954 4179 autem

363 4210 612 4280 Illyrici,
659 4224 828 4279 quam
871 4212 1032 4266 sedes
1082 4212 1395 4281 apostolica
1448 4214 1578 4282 jure
1640 4213 1829 4282 prisco
1900 4218 1958 4269 et

364 4299 890 4368 impmsentiarum
937 4300 1051 4355 sibi
1089 4314 1122 4356 a
1186 4301 1611 4370 possessoribus
1656 4302 1782 4371 ejus
1839 4302 1958 4357 red-

2082 3157 2193 3199 non
2221 3143 2476 3215 admisit,
2501 3156 2696 3199 verum
2719 3142 2889 3198 etiam
2914 3143 3191 3198 continuo
3212 3142 3456 3212 respuit;
3489 3140 3669 3211 quod-

2079 3247 2189 3302 que
2210 3232 2515 3289 Anatolius
2537 3232 2623 3288 vel
2659 3233 2987 3303 imperator,
3022 3232 3159 3303 quia
3193 3235 3260 3286 ut
3287 3230 3613 3287 ﬁrmaretur
3630 3242 3665 3285 a

2074 3321 2204 3377 sede
2237 3322 2572 3393 apostolica,
2597 3322 2691 3377 cui
2732 3326 2869 3377 tunc
2891 3334 3132 3393 magnus
3152 3314 3495 3390 praesidebat
3528 3321 3660 3391 Leo,

2071 3410 2376 3478 impetrare
2407 3424 2520 3465 non
2560 3411 2769 3479 potuit,
2814 3411 2873 3464 in
2914 3411 3038 3478 ejus
3078 3410 3329 3478 positum
3385 3413 3662 3479 potestate

2066 3497 2363 3554 confessus
2401 3500 2505 3553 est.
2549 3496 2943 3552 Nihilominus
2980 3501 3038 3551 et
3065 3498 3182 3550 alia
3213 3498 3523 3553 ostendunt
3560 3513 3662 3555 re-

2070 3589 2334 3661 gularum
2382 3600 2686 3643 numerosa
2723 3590 2780 3641 et
2819 3589 3270 3656 pnesumptuosa
3311 3585 3456 3641 satis
3490 3587 3671 3656 capi-1

2071 3678 2191 3734 tula
2216 3678 2439 3747 ,priscae
2461 3676 2764 3733 traditioni
2789 3675 3160 3747 penesomnia
3171 3675 3654 3747 valdecontraria,

2073 3782 2197 3838 qum
2221 3780 2254 3822 a
2281 3771 2436 3823 sexta
2477 3766 2621 3823 falso
2661 3766 2964 3837 perhibent
3005 3766 3219 3836 synodo
3258 3764 3653 3836 promulgata;

2071 3870 2201 3912 cum
2227 3861 2383 3911 sexta
2408 3857 2660 3926 synodus
2685 3856 2902 3911 nullam
2936 3854 3242 3925 protulerit
3281 3857 3485 3922 praeter
3524 3852 3656 3909 ﬁdei

2071 3946 2361 4017 regulam:
2393 3946 2487 4001 sed
2530 3959 2673 4016 quas
2701 3946 2826 4014 ejus
2858 3947 3184 4000 asseverant
3215 3942 3461 4013 regulas,
3490 3941 3657 4013 longe

2070 4040 2196 4105 post
2221 4040 2433 4091 sextam
2461 4035 2735 4106 synodum
2763 4033 2834 4089 ab
2862 4033 3006 4103 ipsis
3017 4035 3241 4089 constat
3259 4045 3383 4087 esse
3406 4045 3575 4100 penes
3594 4046 3656 4088 se

2070 4124 2449 4195 privatimque
2468 4124 2849 4192 depromptas.
2878 4124 3051 4178 Porro
3085 4121 3145 4177 in
3168 4121 3421 4185 septima!
3447 4121 3651 4191 synodi

2066 4213 2281 4283 codice,
2310 4212 2446 4282 quia
2474 4225 2619 4282 saepe
2642 4215 2840 4267 contra
2870 4212 3117 4267 canones
3152 4209 3649 4279 Constantinopoli

2065 4317 2132 4357 ex
2180 4301 2483 4372 neophytis
2525 4301 2817 4356 antistites
2860 4300 3273 4370 provehuntur,
3319 4303 3466 4354 eteo
3498 4303 3652 4354 tem—

360 4388 491 4444 dito
520 4401 676 4443 nunc
703 4388 899 4458 quieta
928 4389 1244 4445 retentione
1287 4390 1542 4458 possidet
1571 4395 1627 4446 et
1665 4391 1957 4463 regulari—
1985 4415 2038 4477 D
2066 4405 2200 4462 pore
2242 4391 2513 4447 Tarasius
2555 4405 2624 4446 ex
2668 4390 2837 4445 laicis
2882 4388 3208 4459 patriarcha
3253 4386 3441 4477 fuerat
3483 4388 3652 4444 ordi—

361 4483 443 4532 ter
472 4477 688 4547 utitur,
717 4478 911 4533 eadem
940 4478 1281 4548 principalis
1306 4480 1466 4535 sedes
1504 4493 1684 4550 neque
1727 4479 1951 4549 pulsata

358 4572 463 4637 est,
507 4580 691 4636 neque
734 4573 797 4621 ut
842 4580 943 4636 pro
984 4580 1047 4623 ea
1087 4568 1356 4637 mitteret,
1402 4568 1791 4625 altercandum
1835 4570 1954 4625 ullo

362 4655 534 4711 modo
566 4661 890 4725 provocata;
922 4656 1016 4711 sed
1047 4670 1228 4727 neque
1269 4671 1372 4713 nos
1418 4671 1688 4727 personas
1724 4658 1957 4714 advoca-

358 4748 555 4799 torum
573 4744 659 4799 vel
678 4750 1031 4801 assertorum
1064 4747 1189 4816 ejus
1205 4747 1575 4817 assumimus,
1598 4761 1781 4818 neque
1812 4748 1948 4817 quid

357 4833 457 4889 illa
487 4834 541 4888 si
576 4835 818 4905 adesset,
848 4836 1213 4904 responderet
1253 4835 1513 4907 objectis,
1548 4837 1947 4909 agnoscimus;

353 4924 578 4993 quippe
606 4923 704 4993 qui
736 4923 888 4978 nihil
908 4924 1043 4979 hinc
1059 4924 1287 4981 abeain
1305 4925 1588 4981 mandatis
1603 4927 1942 4999 accepimus,

351 5024 417 5066 ac
449 5025 556 5081 per
574 5012 683 5067 hoc
715 5012 1035 5082 disceptare
1056 5028 1165 5069 non
1179 5014 1329 5083 jussi
1360 5014 1676 5085 quidquam
1699 5029 1808 5070 non
1831 5030 1954 5085 pos-

350 5115 597 5165 sumus;
625 5115 822 5157 verum
858 5115 958 5157 nec
998 5101 1106 5158 loci
1135 5108 1451 5160 servatores
1488 5103 1746 5160 Orientis
1782 5105 1951 5174 judi-

347 5191 509 5247 cium
543 5204 606 5246 se
623 5203 897 5261 personas
912 5196 1308 5262 assumpturos
1335 5193 1393 5247 in
1428 5194 1858 5265 controversiis,
1888 5195 1947 5250 in

346 5280 571 5351 quibus
585 5279 658 5335 ab
692 5286 938 5350 utraque
956 5293 1065 5336 non
1082 5285 1217 5337 sunt
1255 5288 1414 5352 parte
1424 5282 1651 5352 judices
1674 5283 1944 5352 appellati

345 5371 430 5425 vel
460 5370 653 5441 electi,
691 5368 1060 5440 conjicimus,
1107 5371 1422 5440 praesertim
1466 5385 1596 5427 cum
1639 5371 1947 5441 Apostolus

342 5460 650 5529 perbibeat
689 5458 1035 5531 :Mediator,
1070 5459 1366 5531 inquiens,
1400 5461 1576 5517 unius
1606 5474 1721 5517 non
1746 5467 1833 5517 est
1858 5467 1949 5529 get

338 5548 494 5604 sacri
512 5561 766 5604 canones
783 5561 897 5603 non
914 5562 1409 5620 quorumcunque,
1424 5549 1520 5604 sed
1538 5548 1847 5605 electorum
1859 5550 1949 5620 ju-

2065 4485 2253 4553 natus,
2312 4481 2392 4536 ita
2439 4480 2742 4550 epistolam
2787 4479 2971 4535 beatae
3025 4476 3442 4533 recordationis
3492 4489 3649 4546 papae

2062 4569 2639 4626 Adrianiexistimant
2666 4568 3173 4636 transcribendam,
3212 4570 3276 4622 ut
3302 4565 3450 4621 nihil
3498 4566 3558 4621 in
3583 4578 3649 4621 ea

2063 4673 2131 4714 ex
2177 4659 2269 4715 his
2320 4675 2444 4730 quae
2486 4660 2554 4714 ad
2613 4658 2949 4728 praedictum
3012 4655 3311 4726 praesulem
3368 4654 3454 4710 vel
3501 4667 3648 4710 con-

2064 4754 2171 4819 tra,
2201 4749 2517 4819 neophytos
2539 4748 2685 4803 idem
2709 4745 2963 4817 pontifex
2985 4744 3389 4802 sanctissimus
3408 4744 3650 4813 scripse-

2064 4842 2171 4907 rat,
2205 4837 2290 4892 vel
2336 4837 2637 4908 scriptum,
2670 4836 2755 4891 vel
2802 4834 3143 4890 translatum
3172 4834 3364 4890 Graece
3402 4832 3648 4903 reperia-

2062 4930 2175 4981 tur.
2199 4926 2292 4980 Sic
2312 4925 2493 4996 igitur
2510 4925 2715 4995 Graeci,
2741 4927 2968 4993 accepta
2994 4922 3292 4979 occasione
3335 4920 3643 4977 celebrato-

2060 5028 2186 5071 rum
2212 5012 2626 5069 universalium
2652 5011 3053 5070 conciliorum.
3101 5008 3428 5080 frequenter
3459 5008 3644 5082 egisse

2058 5105 2400 5172 clarescunt,
2454 5106 2511 5158 et
2562 5115 2714 5158 nunc
2788 5100 3119 5173 minuendo,
3176 5112 3328 5156 nunc
3385 5098 3643 5155 addendo

2056 5194 2142 5249 vel
2193 5191 2487 5264 mutando,
2546 5205 2699 5247 nunc
2741 5191 2802 5248 in
2827 5189 3085 5247 absentia
3130 5188 3438 5260 sociorum,
3491 5200 3643 5244 nunc

2061 5284 2119 5339 in
2162 5282 2500 5339 abscondito
2543 5280 2909 5353 angulorum,
2943 5293 3096 5336 nunc
3140 5283 3299 5334 extra
3337 5277 3635 5349 synodum,

2060 5386 2213 5428 nunc
2268 5374 2396 5441 post
2447 5371 2749 5441 synodum,
2808 5369 3025 5426 astutia
3083 5381 3205 5440 sua,
3270 5367 3391 5431 imo
3441 5363 3639 5420 fraude

2056 5459 2463 5518 communibus
2494 5458 2894 5517 sanctionibus
2922 5457 3262 5526 abutuntur,
3306 5458 3364 5509 et
3390 5452 3458 5508 ad
3500 5462 3635 5505 suos

2059 5549 2267 5607 libitus
2285 5554 2489 5604 cuncta
2520 5561 2645 5618 qua
2675 5547 2788 5603 sibi
2810 5546 2932 5602 visa
2956 5543 3193 5612 fuerint,
3218 5542 3389 5603 etiam
3424 5535 3634 5592 violen-
