4052 6168
273 194 345 265 23
840 166 843 169 λ
1451 205 1813 263 ANASTASII
1859 206 2400 266 BIBLIOTHECARII
3502 220 3573 280 24

278 344 365 398 ter
388 340 706 397 inﬂectunt.
732 341 930 410 Itaque
960 338 1245 410 quidquid
1272 338 1330 395 in
1354 339 1555 395 Latino
1576 338 1869 395 actionum
1899 338 1957 396 A
1993 339 2267 411 munitos,
2282 343 2452 412 atque
2466 341 2891 413 sigillatimloci
2907 346 3569 421 servatoribustraditos,

277 435 488 488 octava:
552 430 755 500 synodi
807 428 1006 485 codice
1070 429 1376 499 reperitur,
1435 429 1506 485 ab
1570 429 1724 485 omni
1783 433 1869 485 est
1982 429 2471 500 patriarchalibus
2527 432 2766 489 sedibus
2821 433 3176 508 deferendos,
3227 437 3421 494 eﬁ'ecta
3469 443 3572 495 est.

280 519 413 576 fuco
446 519 729 576 falsitatis
759 509 1113 586 extraneum;
1147 519 1431 590 quidquid
1463 534 1594 575 vero
1621 519 1871 590 amplius
1978 521 2059 576 Ne
2091 534 2225 591 ergo
2245 520 2570 577 Graacorum
2593 522 2803 577 suatim
2831 525 3065 596 astutia,
3091 526 3232 596 quin
3256 528 3451 597 potius
3482 529 3577 584 do-

278 611 398 667 sive
438 611 508 666 de
545 609 780 666 (Ιίωοθεί
814 608 1139 682 Vulgarica,
1174 608 1293 664 sive
1322 608 1557 665 aliunde
1588 609 1648 665 in
1677 610 1872 667 Graeco
1983 609 2186 667 lositas
2232 609 2403 665 etiam
2469 611 2623 667 circa
2681 618 3011 682 praesentem
3071 617 3347 685 synodum
3396 624 3524 690 agat
3555 636 3568 672 :

278 702 533 772 ejusdem
601 699 803 771 synodi
854 699 1050 755 codice
1098 697 1341 754 forsitan
1393 699 1735 764 invenietur,
1780 704 1875 756 to—
1989 698 2108 754 haec
2140 712 2226 754 me
2269 699 2612 755 admonendi
2661 713 2832 757 causa
2880 702 3099 759 dixisse
3147 703 3414 761 sufﬁciat.
3448 707 3575 763 Cm—

182 2728 195 2742 -
293 2697 361 2752 ad
439 2694 751 2750 sedendum
805 2691 1108 2762 jubentem
1168 2708 1181 2745 :

285 797 406 849 tum
441 795 528 847 est
560 788 843 845 mendacii
876 789 1111 844 venenis
1160 787 1451 845 infectum.
1485 789 1740 860 Denique
1777 789 1879 846 di-

285 881 583 952 sceptatio,
648 892 817 950 quam
868 892 1057 935 coram
1109 878 1468 950 imperatore,
1531 879 1766 935 vicariis
1822 884 1879 934 et

282 970 655 1043 Vulgaribus,
693 972 916 1025 tantum
969 982 1144 1039 super
1172 968 1484 1041 Vulgarum
1517 973 1667 1024 terra
1704 983 1877 1039 supra

283 1061 467 1119 fuisse
521 1059 978 1133 signiﬁcavimus
1023 1064 1232 1131 actam,
1278 1063 1404 1130 post
1434 1059 1711 1130 synodum
1750 1073 1879 1115 con-

282 1154 644 1221 summatam,
701 1162 1061 1220 canonesque
1118 1149 1177 1204 in
1238 1148 1446 1219 viginti
1525 1147 1776 1218 prolatos
1821 1151 1877 1203 et

286 1246 497 1312 septem
559 1244 781 1295 tantum
831 1238 1106 1308 capitulis
1154 1240 1327 1309 atque
1376 1237 1683 1294 terminum
1744 1238 1873 1293 ﬁdei

290 1331 711 1402 depromptum,
746 1333 801 1385 et
830 1328 1023 1384 omnia
1058 1328 1177 1384 haec
1208 1328 1266 1383 in
1301 1327 1558 1399 quinque
1578 1327 1877 1383 codicibus

281 1422 496 1491 scripta
526 1418 646 1475 sive
681 1420 996 1490 compacta,
1028 1420 1085 1474 et
1116 1417 1376 1474 omnium
1421 1416 1880 1487 subscriptioni-

283 1510 392 1567 bus
427 1509 712 1581 roborata,
747 1507 842 1564 sed
889 1512 945 1563 et
967 1507 1124 1578 ipsos
1164 1506 1393 1564 codices
1417 1505 1679 1577 plumbea
1720 1505 1877 1563 bulla

1994 792 2178 844 terum
2247 788 2387 844 bene
2445 788 2574 845 novi
2634 791 2783 860 quod
2841 792 3007 861 juxta
3062 794 3568 868 Proverbiatorem,

1991 880 2221 933 Frustra
2223 878 2475 947 jactatur
2489 884 2598 933 rete
2610 885 2735 935 ante
2755 883 2935 935 oculos
2940 888 3304 952 pennatorum
3321 882 3501 956 (Prov.
3520 889 3549 942 1
3558 886 3574 959 )

1986 967 2144 1024 Unde
2185 968 2456 1039 quisquis
2494 969 2790 1039 sapientia:
2819 985 2884 1026 ac
2925 972 3242 1041 prudentia:
3274 976 3477 1044 pennis
3502 976 3569 1031 ad

1985 1058 2099 1113 alta
2113 1058 2463 1130 sustollitur,
2479 1060 3031 1118 omnesinsidiarum
3051 1064 3230 1120 musci
3240 1064 3423 1136 pulas,
3451 1080 3573 1136 qua:

1985 1161 2017 1202 a
2057 1147 2273 1203 Grecis
2304 1149 2362 1204 in
2396 1148 2612 1205 inﬁmis
2659 1151 2817 1207 tendi
2852 1156 3136 1225 poterunt,
3171 1154 3285 1209 alto
3315 1158 3575 1210 contem-

1988 1237 2208 1306 ptionis
2255 1238 2407 1294 saltu
2439 1240 2825 1295 transcendet.
2878 1241 3166 1299 Divinitas
3195 1244 3574 1313 apostolatum

1987 1330 2240 1383 vestrum
2258 1341 2358 1397 per
2370 1328 2581 1384 multos
2596 1343 2778 1385 annos
2799 1330 3326 1405 servaredignetur,
3347 1333 3577 1390 domine

1987 1413 2316 1473 beatissime
2349 1431 2507 1488 papa.

1363 1753 1394 1785 ⁸
1456 1753 1758 1823 BBEVIS
1837 1752 2487 1826 COMPENDIOSUS

1545 1876 2316 1941 MONUMENTORUM

283 2015 335 2075 A
367 2022 569 2075 sancta
595 2013 919 2075 universali
938 2011 1158 2093 synodo
1183 2030 1296 2074 VIII
1324 2032 1442 2093 per
1478 2012 1740 2093 singulas
1767 2012 1892 2092 ejus
1914 2013 2341 2075 sacratissimas
2369 2016 2621 2078 actiones
2648 2017 2818 2097 facta
2843 2038 2956 2100 pro
2979 2018 3269 2080 catholica
3288 2016 3575 2090 Ecclesia,

629 2112 693 2173 id
733 2124 836 2186 est,
877 2132 992 2192 pro
1029 2110 1363 2193 apostolicis
1399 2116 1451 2172 et
1496 2109 1832 2171 orthodoxis
1882 2109 2267 2192 dogmatibus,
2308 2123 2364 2175 et
2406 2115 2583 2196 ipsius
2621 2115 3006 2179 saluberrimo
3051 2127 3229 2178 statu.

362 2337 553 2393 Prima
609 2335 842 2407 quidem
900 2334 1054 2390 actio
1100 2332 1358 2390 continet
1395 2329 1785 2403 praefationem
1834 2335 1889 2387 et
1918 2328 1970 2389 Β
2008 2332 2277 2389 triarchaa
2306 2333 2375 2389 ad
2401 2333 2701 2391 Nicolaum
2727 2349 2948 2406 papam,
2972 2337 3215 2408 epistola
3236 2337 3475 2395 Adriani
3500 2352 3589 2408 pa-

293 2427 599 2485 sessiones,
654 2423 858 2496 synodi
909 2423 1369 2494 praeceptionem,
1412 2420 1884 2492 patriarchalium

294 2528 666 2588 personarum
690 2513 1124 2586 ingressionem,
1150 2511 1295 2568 male
1333 2515 1705 2567 tractatorum
1756 2510 1890 2580 epi—

293 2620 620 2677 scoporum,
646 2604 938 2660 hortatum
960 2603 1343 2659 Romanorum
1398 2601 1767 2673 vicariorum,
1791 2614 1888 2657 eos

1244 2690 1749 2762 epanagnosticum
1807 2689 1880 2745 ab

284 2787 639 2855 imperatore
679 2781 941 2853 missum,
994 2781 1370 2838 assertionem
1419 2780 1788 2852 vicariorum,
1832 2782 1889 2835 et

296 2876 645 2947 principum,
700 2872 1183 2944 interrogationes
1241 2870 1489 2926 Bahanis
1541 2870 1770 2940 patricii
1832 2873 1889 2924 et

298 2964 614 3037 praepositi,
646 2967 702 3019 et
751 2961 1153 3033 responsiones
1199 2960 1580 3017 Romanorum
1632 2958 1890 3015 vicario—

298 3070 447 3127 rum,
479 3052 781 3124 epistolam
812 3050 1053 3107 Adriani
1096 3064 1251 3121 papa:
1282 3050 1350 3105 ad
1386 3048 1663 3105 Basilium
1698 3049 1889 3119 impe—

299 3149 567 3215 ratorem,
613 3142 928 3215 gratiarum
960 3140 1215 3196 actiones
1261 3138 1465 3210 synodi
1508 3142 1638 3209 post
1686 3138 1885 3194 lectam

298 3233 620 3306 epistolam,
651 3230 956 3288 Theodosii
990 3229 1327 3300 patriarcha;
1364 3228 1885 3300 Hierosolymorum

238 3312 245 3313 ί
284 3323 599 3396 epistolam
621 3323 690 3379 ad
709 3321 992 3393 Ignatium
1017 3319 1422 3391 patriarcham,
1446 3318 1887 3390 approbationes

298 3411 896 3473 commendatitiarum
940 3409 1336 3481 epistolarum,
1376 3408 1639 3467 libellum
1674 3409 1890 3465 Roma—

300 3520 458 3575 num,
475 3502 973 3560 interlocutionem
988 3498 1208 3571 praefati
1223 3500 1489 3566 Bahanis,
1504 3500 1702 3555 laudes
1714 3498 1892 3553 libel-

301 3595 368 3667 li,
389 3593 782 3651 deﬁnitionem
801 3591 1027 3646 Thoma:
1048 3587 1388 3643 Antiocheni
1411 3591 1467 3641 et
1483 3587 1621 3641 Elia:
1632 3586 1892 3641 Hieroso-

2003 2436 2087 2492 pae
2109 2423 2180 2479 ad
2204 2423 2496 2494 Ignatium
2522 2424 2906 2495 patriarcham
2948 2441 3047 2496 per
3080 2428 3361 2483 Donatum
3382 2431 3438 2483 et
3456 2427 3587 2483 Ste-

2010 2511 2260 2580 phanum
2283 2512 2606 2585 episcOpos,
2627 2517 2684 2569 et
2702 2515 2986 2571 Marinum
3020 2516 3356 2587 diaconum;
3380 2516 3585 2589 gratia-

2000 2615 2129 2658 rum
2152 2602 2410 2659 actiones
2425 2607 2483 2658 et
2502 2603 2700 2660 laudes
2718 2609 2775 2663 et
2793 2618 3007 2661 versus.

2069 2689 2282 2758 Quarta
2306 2696 2575 2762 praeterea
2598 2692 2844 2749 refertur
2881 2695 3107 2752 actione
3137 2696 3320 2752 sessio
3358 2696 3580 2768 synodi,

2000 2779 2206 2836 relatio
2235 2780 2306 2837 de
2327 2780 2643 2852 Theophilo
2664 2783 3004 2840 etZacharia
3024 2784 3242 2841 dudum
3265 2785 3582 2856 episcopis;

2000 2869 2374 2927 interlocutio
2405 2874 2657 2942 scnatus,
2690 2872 3079 2943 Metrophanis
3125 2874 3499 2944 metropolitae
3518 2888 3584 2930 ac

1996 2958 2380 3016 Romanorum
2439 2960 2823 3018 vicariorum:
2865 2961 3148 3034 ingressio
3191 2963 3477 3019 Zachariae
3519 2978 3585 3019 ac

1996 3048 2299 3118 The0phili
2325 3049 2385 3104 in
2414 3054 2666 3106 sanctam
2688 3052 2986 3123 synodum,
3018 3058 3074 3107 et
3093 3051 3392 3108 altercatio
3421 3052 3587 3123 ipso—

1998 3151 2125 3193 rum
2155 3143 2212 3194 et
2241 3139 2622 3196 Romanorum
2653 3141 2998 3197 vicariorum
3024 3158 3037 3194 :
3071 3141 3315 3211 epistola
3360 3142 3583 3197 Nicolai

1999 3241 2153 3297 papa:
2182 3228 2252 3283 ad
2282 3228 2613 3285 Michaclem
2658 3230 3057 3300 imperatorem
3098 3244 3197 3299 per
3226 3226 3586 3287 Redualdum

1996 3322 2053 3374 et
2080 3318 2405 3374 Zachariam
2438 3322 2575 3375 tunc
2604 3319 2901 3389 episcopos
2929 3319 3250 3375 destinata:
3287 3319 3589 3376 interlocu-

1999 3406 2083 3463 tio
2098 3407 2380 3475 judicum,
2415 3412 2472 3461 et
2490 3407 2732 3476 epistola
2752 3407 3005 3476 ejusdem
3034 3408 3325 3477 pontiﬁcis
3355 3407 3586 3478 praefato

2000 3495 2331 3564 imperatori
2370 3507 2468 3565 per
2504 3495 2742 3550 Leonem
2764 3509 2796 3550 a
2823 3496 3060 3551 secretis
3093 3498 3447 3568 transmissa;
3491 3497 3590 3553 in-

2002 3582 2307 3639 terlocutio
2328 3582 2630 3653 Theophili
2661 3583 2879 3640 dudum
2910 3585 3188 3657 episcopi,
3219 3592 3276 3642 et
3307 3586 3586 3643 Theodori

302 3682 565 3760 lymitani
596 3679 945 3736 vicariorum
991 3675 1373 3745 capitulatim,
1421 3674 1732 3729 secundum
1765 3677 1891 3729 sta—
1919 3678 1965 3738 C
2000 3670 2375 3740 metropolita:
2402 3670 2600 3739 Cariae;
2629 3671 2871 3743 epistola
2898 3687 3054 3744 papae
3083 3674 3304 3731 Nicolai
3335 3676 3403 3731 ad
3436 3675 3591 3731 Pho-

304 3781 429 3833 tuta
450 3784 607 3843 papa:
625 3765 851 3823 Nicolai
875 3762 1081 3819 factam
1115 3761 1585 3834 approbationem
1604 3761 1891 3818 deﬁnitio-

304 3864 420 3933 nis,
438 3854 919 3927 interrogationes
941 3855 1173 3908 senatus
1191 3865 1293 3921 pro
1322 3850 1549 3923 Photio,
1579 3856 1637 3907 et
1665 3865 1893 3922 respon-

302 3953 499 4011 siones
519 3943 870 4002 vicariorum
895 3958 907 3995 :
947 3941 1150 3997 harum
1173 3939 1663 4012 approbationem,
1686 3940 1893 4012 gratia-

306 4054 434 4099 rum
463 4036 718 4093 actiones
742 4036 800 4089 et
829 4031 1045 4088 laudes.

377 4125 635 4185 Secunda
662 4136 793 4179 vero
814 4121 1183 4178 continentur
1217 4119 1443 4175 actione
1465 4119 1644 4177 sessio
1662 4119 1891 4190 synodi,

2003 3760 2147 3817 tium
2175 3774 2271 3830 per
2295 3762 2531 3818 Leonem
2552 3776 2585 3818 a
2614 3762 2886 3819 secretis:
2920 3764 3205 3822 exhibitio
3236 3779 3346 3822 non
3379 3764 3587 3835 recepti

2000 3849 2190 3905 Photii
2220 3864 2253 3906 a
2280 3851 2686 3921 patriarchiis:
2741 3854 3013 3910 memoria
3056 3853 3384 3921 libellorum
3421 3868 3454 3910 a
3481 3856 3591 3909 Za—

1999 3939 2197 3996 charia
2240 3945 2297 3995 et
2339 3941 2654 4012 TheOphilo
2683 3942 2871 3999 Romae
2906 3941 3211 4000 factorum:
3248 3958 3440 4014 preces
3458 3957 3587 4000 cum

2002 4029 2291 4086 laudibus.

2075 4120 2249 4176 Porro
2288 4119 2488 4191 quinta
2527 4121 2857 4178 continetur
2885 4123 3110 4179 actione
3157 4123 3338 4180 sessio
3385 4123 3587 4193 synodi

311 4216 596 4292 ingressio
643 4213 1042 4284 episcoporum
1102 4209 1204 4280 qui
1254 4208 1597 4279 ceciderant,
1660 4207 1895 4265 libellus
2006 4208 2316 4279 copiosior,
2336 4211 3593 4285 annuntiatioPaulichartophylacis,Zacha-

312 4321 532 4377 eorum,
565 4300 937 4360 interlocutio
977 4298 1326 4355 vicariorum
1360 4298 1742 4354 Romanorum
1793 4312 1895 4368 pro
2010 4296 2155 4353 riam
2177 4298 2296 4354 sive
2315 4298 2581 4355 Photium
2594 4299 2791 4357 adesse
2812 4301 3137 4358 nuntiantis
3159 4317 3171 4353 :
3196 4301 3396 4357 missio
3414 4300 3595 4356 homi-

312 4397 512 4456 libello
541 4395 795 4451 Romano
824 4388 1147 4458 scribendo,
1191 4387 1362 4444 lectio
1394 4392 1451 4443 et
1480 4385 1721 4457 scriptio
1751 4387 1901 4456 ejus-
2010 4401 2145 4443 num
2175 4387 2523 4445 vicariorum
2544 4404 2673 4445 cum
2698 4390 2984 4459 imperiali
3022 4391 3250 4447 homine
3269 4391 3340 4446 ad
3365 4394 3593 4459 eum,et

310 4476 1657 4554 demlibelli,receptioepiscoporum,ingressio
1676 4476 1902 4547 presby-
2012 4476 2199 4547 ipsius
2233 4490 2363 4533 cum
2408 4477 2523 4548 ipis
2568 4478 2990 4549 sermocinatio;
3044 4478 3214 4534 lectio
3264 4491 3588 4534 sermonum

313 4584 588 4643 terorum,
618 4573 1013 4641 diaconorum,
1046 4572 1101 4624 et
1130 4567 1634 4636 subdiaconorum,
1659 4580 1787 4622 cum
1821 4566 1904 4622 li-
2009 4566 2220 4622 Photii:
2246 4567 2572 4623 etdictatus
2586 4567 2655 4623 ad
2677 4581 2806 4624 eum
2823 4567 3024 4639 synodi
3050 4581 3147 4637 per
3168 4566 3347 4622 Eliam
3380 4566 3597 4637 syncel-

314 4666 465 4723 bello
492 4661 862 4737 pmnitentiaa,
895 4662 951 4717 et
981 4658 1184 4715 horum
1215 4656 1418 4726 scripti
1450 4655 1521 4712 ab
1547 4656 1634 4713 eis
1662 4656 1901 4712 Romani
2013 4655 2152 4724 lum;
2178 4655 2348 4712 lectio
2369 4655 2525 4712 vocis
2545 4656 2756 4726 Photii;
2776 4655 3109 4713 acclamatio
3129 4656 3331 4726 synodi
3348 4656 3417 4712 ad
3438 4656 3596 4711 Pho—

316 4755 501 4813 libelli
520 4752 794 4824 receptio:
816 4750 1294 4820 epitoma,eorum
1309 4746 1408 4818 qui
1434 4745 1905 4802 cecideruntlaus
2015 4745 2191 4801 tium:
2230 4745 2512 4819 ingressio
2531 4745 2745 4816 Photii,
2768 4752 2825 4801 et
2859 4745 2992 4817 quis
3011 4750 3180 4816 esset,
3201 4745 3330 4801 etsi
3366 4745 3595 4814 recipe-—

315 4859 445 4903 cum
469 4838 1047 4914 interpretationibus
1068 4850 1359 4893 versuum.
2018 4839 2100 4890 ret
2111 4834 2424 4891 constituta
2440 4836 2690 4892 Patrum.
2712 4835 3070 4892 Vicariorum
3085 4834 3477 4904 percunctatio
3489 4835 3593 4890 Ro-

383 4934 575 4991 Tertia
595 4936 784 4988 autem
804 4929 1030 4986 actione
1053 4926 1295 4983 habetur
1315 4926 1495 4982 sessio
1526 4925 1753 4999 synodi,
1777 4941 1905 4997 sug—
2016 4937 2333 4993 manorum,
2370 4923 2691 4994 silentium,
2720 4929 2777 4981 et
2806 4925 3029 4981 tandem
3057 4923 3275 4980 locutio
3304 4923 3494 4981 Photii
3527 4935 3593 4978 ac

318 5024 500 5099 gestio
530 5019 919 5091 Metrophanis
938 5022 994 5074 et
1025 5015 1402 5099 quorumdam
1434 5015 1901 5087 coepiscoporum
1934 5025 1989 5086 ι)
2012 5012 2426 5070 Orientalium:
2461 5012 2812 5069 vicariorum
2851 5012 3170 5085 responsio,
3206 5013 3457 5071 hortatio
3474 5013 3594 5068 Ro—

313 5096 438 5186 ejus
470 5128 570 5185 pro
601 5110 858 5183 legendis
887 5107 1152 5179 epistolis
1184 5096 1553 5178 imperatoris
1584 5103 1806 5175 Basilii,
1847 5107 1905 5158 et
2017 5115 2311 5158 manorum
2341 5101 2688 5158 vicariorum
2722 5120 2735 5156 :
2780 5103 2875 5159 sed
2908 5117 3111 5159 rursus
3141 5103 3383 5161 Photius
3411 5108 3592 5173 tacet;

316 5204 523 5278 Ignatii
547 5200 906 5274 patriarchae,
929 5199 1161 5254 Romam
1185 5196 1399 5268 missis,
1423 5194 1645 5252 exactio
1666 5192 1906 5249 vicario-
2014 5190 2180 5248 lectio
2252 5190 2628 5262 epistolarum
2688 5191 2910 5248 Nicolai
2990 5206 3166 5264 papae.
3236 5206 3361 5263 qua!
3441 5191 3598 5247 lecta:

316 5308 442 5351 rum
466 5306 567 5364 pro
587 5281 1898 5357 efﬁciendoRomanolibello,aliquiepiscopi,
2013 5287 2149 5337 sunt
2204 5281 2265 5336 in
2322 5285 2525 5352 quarta
2580 5281 2858 5338 actione:
2921 5283 3016 5339 sed
3076 5281 3316 5337 Photius
3388 5281 3596 5337 iterum

314 5384 415 5456 qui
438 5382 671 5439 interim
690 5380 795 5436 hoc
814 5391 979 5451 agere
1001 5382 1332 5445 renuerunt,
1350 5375 1444 5431 sed
1472 5379 1663 5444 postea
1684 5383 1906 5443 perege-
2013 5370 2164 5440 silet,
2222 5376 2353 5425 ante
2408 5382 2575 5442 quem
2633 5374 2691 5426 et
2743 5370 2923 5427 altera
2979 5367 3200 5425 Nicolai
3260 5382 3416 5440 papa:
3448 5369 3600 5441 legi-

314 5470 768 5544 runt:epistola:
790 5467 1154 5540 imperatoris
1178 5463 1436 5536 praedicti
1467 5466 1527 5519 et
1552 5460 1762 5533 Ignatii
1796 5473 1905 5531 pa-
2016 5464 2108 5516 tur
2163 5459 2407 5531 epistola
2482 5458 2597 5517 sibi
2658 5474 2757 5531 per
2830 5458 3187 5519 Redualdum
3263 5464 3321 5514 et
3383 5459 3602 5516 Zacha-

385 5583 408 5611 ι
435 5572 493 5628 Id
526 5575 632 5644 est,
664 5570 830 5627 breve
859 5566 1280 5639 compendium.
