4052 6168
375 322 453 381 25
743 320 1294 381 manrnurmo
1316 321 1566 379 smom
1587 324 1706 382 vm
1747 321 2148 381 amamus.
2168 353 2242 364 —
2277 323 2629 381 ACTIONUM
2670 325 3046 384 INDICULUM
3085 326 3326 382 BREVE.
3430 278 3443 285 ’
3627 319 3699 379 ac

369 456 520 513 riam
540 457 715 513 missa
737 472 752 511 :
774 454 1051 513 allocutio
1064 454 1203 510 Eliae
1219 454 1423 510 vicarii
1449 453 1981 525 Hierosolymitani;
2014 447 2067 505 A
2093 458 2298 514 horum
2328 473 2457 514 cum
2488 458 2633 514 actis
2662 456 3466 526 conciliabulorum,aPhotio
3499 458 3696 511 contra

373 546 655 603 allocutio
685 547 1074 602 Romanorum
1105 544 1488 614 vicariorum;
1520 558 1644 615 qua:
1676 544 1817 600 lecta
1848 548 1983 601 sunt

366 636 765 706 approbantur
815 654 831 707 ;
889 634 1143 691 hortatio
1195 635 1576 690 Romanorum
1634 633 1979 689 vicariorum

365 733 427 780 et
477 726 723 781 Bahanis
774 724 1006 796 patricii
1038 724 1108 779 ad
1161 724 1448 793 Photium,
1503 727 1560 779 et
1587 724 1711 793 ejus
1741 738 1983 793 respon-

366 816 478 871 sio.
527 818 663 871 Item
709 816 964 872 Bahanes
1013 814 1298 885 admonet,
1344 818 1401 869 et
1443 814 1680 870 Photius
1714 818 1879 885 tacet,
1926 819 1981 869 et

369 905 488 961 sibi
519 906 673 962 datis
705 905 982 974 induciis,
1021 904 1333 977 egreditur,
1366 908 1422 960 et
1459 918 1605 975 sape
1632 903 1826 959 dictus
1853 903 1983 959 Ste-

378 996 855 1067 phanuslaudaL

439 1087 562 1141 Jam
590 1099 722 1141 vero
749 1090 904 1140 sexta
932 1084 1211 1141 scribitur
1256 1084 1480 1148 actione
1527 1084 1708 1141 sessio
1754 1083 1978 1155 synodi,

370 1175 772 1247 pronuntiatio
783 1174 1169 1244 Metrophanis
1188 1175 1560 1245 metropolita:
1573 1176 1841 1245 Smyrnm,
1861 1188 1985 1244 epa-

372 1265 775 1337 nagnosticum
792 1265 1177 1320 Romanorum
1203 1265 1550 1321 vicariorum
1581 1283 1595 1335 ;
1628 1264 1983 1320 intromissio

371 1354 771 1424 episcoporum
797 1352 1010 1423 Photii,
1037 1358 1167 1409 ante
1215 1368 1359 1424 quos
1386 1354 1540 1409 lecta:
1566 1358 1701 1409 sunt
1729 1353 1984 1422 epistola:

376 1458 533 1515 papae
550 1443 772 1500 Nicolai
789 1443 857 1498 ad
876 1442 1206 1498 Michaelem
1226 1443 1621 1513 imperatorem
1647 1449 1704 1498 et
1717 1443 1984 1499 Photium

375 1548 481 1603 per
510 1535 743 1588 Leonem
774 1546 806 1587 a
837 1532 1075 1589 secretis
1105 1533 1315 1604 missae,
1344 1547 1600 1604 quasque
1630 1536 1831 1604 quarta
1860 1546 1988 1588 con-

377 1623 525 1678 tinet
539 1623 721 1678 actio:
744 1621 1080 1678 acclamatio
1104 1622 1243 1678 Elite
1262 1623 1523 1693 syncelli,
1548 1622 1870 1693 disputatio
1888 1622 1990 1677 im-

2092 562 2291 620 papam
2321 548 2615 605 Nicolaum
2647 553 2704 604 et
2732 548 3113 617 patriarcham
3139 545 3420 615 Ignatium
3441 549 3699 615 patrato—-

2091 654 2218 695 rum
2249 638 2570 696 combustio
2601 656 2615 692 :
2651 638 2884 693 libellus
2912 637 3062 692 Petri
3090 635 3373 704 monachi,
3411 639 3465 689 et
3494 634 3702 689 exami-

2091 729 2248 784 natio
2280 727 2553 784 falsorum
2585 728 2952 795 vicariorum,
3000 731 3056 781 et
3084 728 3154 789 de
3185 724 3513 795 hujusmodi
3546 722 3696 778 beati

2091 832 2246 889 papa:
2274 818 2507 873 Martini
2564 817 2925 886 capitulum:
2973 816 3245 872 allocutio
3289 812 3692 883 Metrophanis,

2086 908 2366 963 Theodori
2402 907 2653 962 Crithini
2707 905 3058 962 Iconomachi
3106 903 3377 969 accersio,
3425 906 3482 957 et
3526 914 3699 969 super

2094 998 2239 1068 ipsis
2261 998 2579 1053 discussio:
2602 996 2918 1066 capitulum
2942 1009 3095 1065 papa:
3112 993 3333 1049 Nicolai
3351 994 3420 1049 de
3438 990 3701 1059 imagini-

2090 1087 2219 1157 bus,
2239 1087 2534 1143 conversio
2569 1086 2943 1157 quorumdam
2965 1083 3485 1149 Iconomachorum,
3510 1081 3701 1149 impe-

2093 1178 2304 1232 ratoris
2322 1181 2377 1232 et
2398 1177 2597 1247 synodi
2622 1176 2893 1232 monitis:
2932 1173 3439 1229 anathematismus
3475 1171 3533 1226 in
3570 1172 3700 1225 Ico—

2095 1268 2402 1324 nomachos
2429 1272 2484 1321 et
2514 1267 2573 1321 in
2604 1267 2871 1322 Photium
2900 1269 2955 1320 et
2996 1268 3209 1334 partem
3251 1264 3375 1332 ejus
3418 1260 3691 1331 prolatus,

2096 1371 2286 1427 preces
2323 1361 2377 1411 et
2415 1356 2628 1412 laudes.

2164 1446 2440 1502 Caeterum
2482 1459 2626 1501 nona
2668 1444 3052 1501 nihilominus
3082 1443 3306 1499 actione
3343 1440 3691 1508 continetur,

2097 1541 2225 1606 post
2253 1536 2563 1591 sessionem
2595 1535 2817 1605 synodi,
2866 1533 3155 1605 suggestio
3192 1534 3424 1587 senatus
3465 1541 3698 1585 annuu-

2096 1625 2299 1682 tiantis
2326 1626 2547 1681 venisse
2575 1625 2851 1680 vicarium
2902 1622 3298 1679 Alexandrin'e
3328 1620 3502 1689 sedis,
3532 1619 3699 1688 cujus

376 1713 659 1783 peratoris
674 1712 874 1767 Basilii
894 1716 950 1767 et
964 1712 1346 1768 Euchemonis
1361 1726 1425 1768 ac
1443 1728 1473 1767 r
1487 1712 1812 1782 eliquorum
1833 1711 1989 1767 Pho—
2024 1782 2042 1784 ξ
2099 1715 2361 1770 hortante
2389 1715 2623 1784 synodo,
2657 1713 2897 1783 epistola
2917 1710 3381 1769 commendatitia
3413 1708 3625 1780 legitur
3644 1710 3700 1762 et

374 1782 447 1857 tii
482 1802 805 1871 episcorum
838 1820 851 1855 :
886 1802 1130 1857 assertio
1159 1802 1443 1858 Zachariae
1485 1802 1675 1858 Photii
1709 1800 1986 1871 episcopi,
2022 1782 2070 1843 Β
2101 1804 2222 1874 ipse
2272 1782 2531 1873 receptus
2582 1823 2597 1874 ;
2647 1782 2772 1874 qua:
2819 1807 2942 1858 acta
2989 1805 3123 1857 sunt
3170 1799 3465 1870 approbat,
3515 1800 3571 1852 et
3618 1796 3697 1851 ita

371 1896 429 1947 et
444 1891 766 1961 disputatio
785 1891 1150 1961 imperatoris
1165 1905 1295 1947 cum
1312 1891 1600 1962 episcopis
1629 1891 1811 1961 partis
1836 1890 1993 1946 Pho—

372 1981 443 2036 tii
466 1999 479 2034 :
503 1980 719 2036 locutio
737 1980 1045 2051 Eulampii,
1064 1985 1121 2037 et
1138 1981 1463 2053 indignatio
1492 1981 1875 2037 Romanorum
1893 1980 1990 2036 vi—

372 2070 700 2140 cariorum;
735 2070 1102 2140 imperatoris
1130 2070 1384 2143 verbum,
1418 2074 1476 2127 et
1502 2070 1811 2141 requisitio
1827 2070 1991 2141 epis—-

373 2173 648 2228 coporum
666 2158 738 2214 ab
754 2159 974 2230 Ignatio
1001 2164 1485 2230 consecratorum,
1531 2174 1564 2216 a
1595 2160 1865 2217 Romanis
1892 2160 1990 2214 vi—

372 2249 552 2305 cariis
566 2263 698 2305 cum
714 2250 801 2305 eis
818 2250 1217 2321 loquentibus:
1250 2250 1632 2307 contradictio
1660 2250 1990 2318 Metropha-

377 2339 472 2393 nis
488 2338 864 2409 metropolitaa
880 2339 1130 2410 Smyrna:
1146 2341 1420 2397 adversus
1452 2339 1850 2409 przescriptum
1881 2340 1990 2394 Za—

374 2428 655 2497 chariam,
676 2442 866 2484 sermo
880 2429 1261 2485 Romanorum
1280 2429 1631 2485 vicariorum
1646 2434 1701 2483 et
1720 2413 1992 2484 admoni-

382 2518 466 2573 tio
487 2518 856 2587 imperatoris
870 2519 937 2575 ad
958 2518 1387 2575 schismaticos:
1411 2517 1686 2575 similiter
1700 2518 1991 2573 Romano—

386 2621 515 2663 rum
530 2607 883 2663 vicariorum
901 2613 956 2663 et
970 2612 1305 2664 caeterorum
1323 2608 1389 2664 ad
1409 2608 1633 2664 eosdem
1653 2607 1854 2663 iterata
1874 2606 1991 2662 im-

386 2696 677 2766 peratoris
720 2697 1061 2770 admonitio,
1095 2698 1270 2754 simul
1302 2702 1359 2754 et
1389 2698 1602 2754 laudes.

447 2785 702 2855 Septima
731 2800 866 2842 sane
897 2788 1049 2843 actio
1081 2787 1378 2844 indicatur
1393 2786 1858 2844 convenientium
1878 2798 1990 2841 ses-

375 2875 486 2941 sio,
510 2875 794 2946 ingressio
822 2876 1011 2932 Photii
1033 2876 1235 2934 baculo
1267 2877 1477 2946 innixi,
1512 2890 1678 2947 quem
1694 2875 1765 2931 ab
1781 2889 1846 2931 eo
1862 2876 1989 2931 Ma—

380 2964 551 3019 rinus
595 2964 884 3021 Romanus
928 2966 1184 3023 vicarius
1221 2966 1383 3036 jubet
1424 2964 1640 3022 auferri
1688 2983 1703 3035 ;
1751 2964 1986 3020 vicariis

377 3052 655 3109 Romanis
670 3054 938 3110 Photium
955 3050 1024 3110 a’d
1046 3054 1370 3111 faciendum
1403 3055 1662 3112 libellum
1694 3053 1988 3111 hortanti—

2099 1907 2301 1950 sensus
2317 1893 2442 1962 ejus
2466 1911 2480 1961 ;
2502 1893 2776 1948 recitatur
2805 1892 2863 1947 in
2887 1890 3122 1960 scriptis
3141 1887 3489 1945 examinatio
3516 1884 3701 1940 falso-

2098 1997 2223 2039 rum
2255 1983 2512 2051 testium,
2546 1983 2647 2052 qui
2696 1988 2892 2038 contra
2941 1979 3321 2050 patriarcham
3364 1978 3701 2046 juraverunt

2095 2072 2378 2144 Ignatium
2404 2115 2417 2143 ,
2442 2077 2499 2128 et
2518 2072 2722 2128 borum
2763 2070 3096 2140 paenitentia
3128 2086 3140 2122 :
3177 2068 3311 2124 inde
3344 2063 3701 2123 intromissio

2096 2167 2152 2217 et
2200 2162 2489 2218 discussio
2533 2161 2869 2217 vestimenta
2899 2157 3274 2215 sacerdotalia
3310 2154 3695 2221 induentium,

2095 2266 2225 2308 cum
2256 2254 2445 2307 essent
2474 2250 2794 2320 saeculares,
2826 2249 3022 2304 divina
3053 2246 3218 2317 quasi
3248 2243 3537 2300 celebrant
3559 2255 3701 2311 mys-

2099 2342 2260 2397 teria:
2277 2354 2460 2397 sermo
2486 2340 2865 2396 Romanorum
2892 2336 3237 2393 vicariorum
3253 2338 3309 2389 et
3327 2334 3470 2389 alter
3488 2331 3703 2388 Orien~

2096 2430 2328 2487 talium:
2358 2430 2560 2486 iterata
2580 2428 2831 2485 fasorum
2853 2427 3200 2483 vicariorum
3219 2422 3527 2492 discussio,
3563 2433 3704 2492 gra—

2099 2520 2312 2575 tiarum
2332 2519 2517 2589 actio;
2553 2517 2993 2591 imprecationes
3013 2519 3069 2570 et
3104 2515 3320 2583 laudes,
3339 2517 3509 2582 atque
3530 2522 3702 2579 super

2099 2610 2302 2665 Photio
2348 2624 2565 2665 versus.

2168 2699 2345 2755 Porro
2390 2698 2609 2754 decima
2640 2696 2896 2753 continet
2949 2694 3101 2749 actio
3130 2691 3457 2763 synodicam
3486 2687 3706 2743 sessio—

2104 2802 2252 2859 nem,
2286 2785 2723 2843 considentibus
2751 2783 3117 2854 imperatoris
3144 2779 3405 2850 Occidui,
3436 2782 3492 2833 et
3537 2777 3707 2846 prin—

2097 2877 2249 2946 cipis
2276 2875 2565 2947 Bulgarici
2598 2874 2832 2944 missis;
2870 2872 3095 2943 regulas
3113 2874 3170 2926 et
3226 2868 3535 2924 terminum
3566 2863 3697 2920 ﬁdei

2095 2966 2166 3022 ab
2196 2967 2389 3022 eadem
2421 2964 2749 3035 expositum
2785 2962 3002 3033 synodo
3031 2978 3044 3014 :
3092 2956 3467 3029 interrogatio
3514 2955 3705 3022 impe-

2096 3055 2325 3120 ratoris,
2411 3059 2467 3109 et
2528 3053 2709 3109 totius
2774 3052 2975 3122 synodi
3034 3047 3328 3119 responsio
3382 3042 3703 3115 approbaus

374 3141 506 3213 bus,
524 3148 727 3198 etcum
744 3144 1218 3215 omnisynodoad
1241 3145 1653 3214 pmnitentiam,
1686 3158 1988 3213 provocan—
2015 3136 2064 3199 C
2094 3144 2320 3217 regulas
2350 3143 2522 3199 lectas
2571 3146 2627 3198 et
2674 3142 3003 3211 terminum,
3069 3135 3505 3207 imprecationes
3554 3144 3706 3203 quo-

377 3231 561 3299 tibus,
583 3231 679 3287 ille
698 3232 803 3288 hos
818 3247 848 3287 e
863 3238 1059 3289 contra
1076 3248 1205 3290 cum
1224 3235 1349 3290 suis
1363 3235 1433 3290 ad
1454 3233 1844 3304 paenitentiam
1879 3246 1989 3289 ma-

374 3320 468 3392 gis
504 3320 746 3390 impellit
776 3340 792 3389 ;
825 3323 922 3378 cui
954 3322 1299 3379 contradicit
1326 3322 1707 3378 Orientalium
1736 3322 1993 3378 vicario—

376 3424 508 3466 rum
535 3423 737 3466 sermo.
759 3411 1417 3482 Bahanisinterrogatio,
1452 3411 1640 3466 Photii
1674 3411 1989 3481 responsio,

371 3499 566 3569 etejus
575 3501 971 3571 episcoporum
986 3500 1286 3573 ingressio,
1303 3500 1504 3571 synodi
1517 3506 1572 3556 et
1582 3499 1769 3557 Photii
1784 3499 1997 3569 episco-

380 3604 582 3660 porum
612 3589 877 3661 intentio,
896 3590 1171 3647 allocutio
1187 3590 1253 3646 ad
1274 3604 1371 3647 eos
1387 3590 1751 3659 imperatoris
1769 3603 1868 3659 per
1884 3590 1995 3644 Ba-

382 3678 589 3733 hanem
611 3680 1001 3749 praepositum,
1019 3684 1077 3735 et
1093 3680 1266 3749 hujus
1280 3694 1409 3736 cum
1431 3679 1554 3735 illis
1583 3678 1901 3747 altercatio,
1934 3683 1990 3733 et

379 3766 750 3837 imperatoris
764 3770 1037 3825 assertio:
1060 3770 1250 3824 Photii
1274 3784 1477 3825 rursus
1505 3769 1901 3838 episcoporum
1933 3776 1989 3823 et

379 3856 633 3912 Bahanis
649 3858 961 3929 dissensio,
983 3858 1331 3915 vicariorum
1364 3859 1748 3915 Romanorum
1780 3872 1881 3927 pro
1899 3857 1988 3914 le—

378 3944 562 4015 genda
578 3945 823 4014 epistola
842 3961 996 4017 papae
1012 3947 1233 4003 Nicolai
1262 3947 1415 4003 clero
1450 3947 1623 4003 missa
1651 3946 1988 4003 Constanti-

381 4032 673 4105 nopoleos,
691 4034 1015 4091 exhortatio
1034 4053 1049 4103 ;
1068 4037 1217 4106 quod
1234 4040 1291 4092 et
1307 4034 1519 4092 factum
1536 4041 1652 4091 est:
1678 4036 1813 4092 item
1841 4035 1987 4106 epis-

379 4120 497 4177 tola
540 4136 697 4192 papa:
740 4122 979 4180 Adriani
1028 4126 1099 4181 ad
1132 4125 1409 4181 Basilium
1443 4125 1839 4195 imperatorem
1886 4139 1984 4194 per

378 4209 1142 4281 Theognostumexarchum,
1164 4218 1221 4269 et
1249 4213 1427 4269 altera
1444 4214 1512 4269 ad
1539 4214 1822 4285 Ignatium
1851 4213 1983 4268 mis-

385 4311 474 4353 sa:
494 4298 666 4355 lectio
681 4300 1054 4385 epistolarum
1071 4301 1310 4359 Adriani
1332 4316 1487 4372 papa;
1502 4302 1570 4357 ad
1588 4302 1983 4371 imperatorem

384 4391 443 4441 et
479 4387 863 4455 patriarcham
896 4403 994 4459 per
1020 4391 1323 4459 Donatum,
1356 4389 1704 4459 Stephanum
1738 4395 1795 4445 et
1823 4390 1988 4446 Mari-

2096 3247 2205 3303 que
2233 3247 2297 3288 ac
2330 3232 2527 3289 laudes
2556 3250 2569 3286 :
2605 3230 2862 3300 gratiﬁca
2892 3244 2996 3285 vox
3028 3224 3390 3297 imperatoris
3435 3222 3504 3278 ad
3546 3234 3707 3291 syno-

2097 3324 2234 3379 dum
2284 3336 2515 3392 ;sermo
2559 3322 2812 3391 ejusdem
2861 3316 3243 3388 imperatoris,
3294 3314 3353 3369 in
3402 3326 3516 3383 quo
3560 3309 3705 3380 epis-

2102 3411 2291 3479 scopis
2319 3410 2466 3465 bona
2498 3410 2804 3479 promittit,
2837 3412 2893 3462 et
2934 3408 3214 3476 hortatur,
3249 3408 3313 3459 ut
3342 3402 3391 3458 si
3440 3400 3574 3471 quis
3602 3398 3706 3453 ali-

2105 3499 2242 3571 quid
2291 3501 2486 3554 contra
2545 3498 2821 3567 synodum
2874 3495 3066 3549 dicere
3094 3493 3250 3558 velit,
3310 3491 3435 3545 sine
3496 3489 3709 3543 timore

2101 3588 2389 3645 fateatur:
2451 3586 2586 3642 licet
2641 3600 2752 3640 non
2812 3598 2934 3639 esse
2990 3581 3157 3637 laicis
3201 3592 3373 3649 super
3426 3575 3704 3631 ecclesia—

2100 3678 2265 3734 sticis
2283 3676 2531 3748 negotiis
2568 3673 2911 3744 disponendi
2964 3673 3079 3742 jus,
3152 3669 3424 3739 magistra
3478 3664 3701 3721 ratione

2098 3768 2493 3823 demonstret:
2530 3768 2718 3821 monet
2748 3762 3137 3819 utschismata
3185 3758 3384 3823 vitent,
3438 3759 3503 3810 ut
3555 3765 3701 3808 con—

2098 3861 2185 3912 tra
2234 3855 2473 3911 haereses
2528 3853 2788 3925 vigilent,
2847 3856 2912 3908 ut
2965 3848 3358 3905 contentiones
3411 3842 3700 3899 declinent

2097 3951 2159 4001 ut
2189 3943 2369 4000 forma
2396 3944 2517 4000 sint
2571 3941 2865 4007 subditis;
2893 3937 3265 4009 interrogatio
3315 3931 3699 4003 imperatoris,

2094 4038 2289 4089 utrum
2353 4033 2566 4104 synodo
2625 4030 2859 4101 placeat,
2929 4028 3078 4099 quod
3130 4026 3336 4081 lectum
3384 4026 3470 4078 est
3518 4038 3530 4074 :
3575 4032 3700 4089 qua:

2093 4123 2284 4178 omnia
2312 4120 2587 4192 approbat
2615 4124 2672 4175 et
2715 4117 3139 4187 subscriptione
3171 4114 3393 4169 ﬁrmare
3459 4108 3702 4180 pollice—

2095 4218 2190 4270 tur
2221 4229 2233 4266 :
2271 4211 2579 4280 imperator
2601 4211 2727 4279 post
2746 4220 2941 4264 omnes
2969 4205 3268 4275 episcopos
3292 4214 3350 4257 se
3400 4199 3542 4255 velle
3572 4195 3704 4253 sub-

2096 4300 2345 4358 scribere
2372 4299 2519 4356 dicit
2550 4317 2566 4369 ;
2597 4299 2735 4355 ordo
2782 4293 3250 4364 subscriptionis,
3298 4304 3405 4346 vox
3444 4291 3694 4352 senatus,

2097 4390 2312 4462 synodo
2370 4388 2621 4457 recipere
2695 4384 3017 4455 proﬁtentis
3072 4400 3085 4436 :
3148 4380 3365 4448 laudes,
3434 4374 3701 4433 subscri-

392 4487 528 4529 num
559 4475 811 4533 vicarios
837 4478 1253 4537 destinatarum
1279 4496 1295 4548 ς
1328 4492 1451 4550 quae
1483 4478 1543 4533 in
1574 4478 1742 4533 tertia
1773 4479 1987 4549 scripta
2018 4469 2073 4530 D
2100 4479 2324 4550 ptiones
2388 4477 2758 4545 vicariorum,
2824 4474 3232 4543 imperatorum
3293 4474 3349 4523 et
3393 4466 3701 4535 episcopo—

385 4568 524 4619 sunt
550 4565 804 4622 actione:
831 4572 888 4622 et
916 4568 1152 4624 concilii
1185 4567 1257 4623 ab
1272 4569 1466 4624 eodem
1486 4581 1627 4638 papa
1662 4568 1720 4623 in
1750 4568 1990 4624 ecclesia

388 4650 540 4708 beati
560 4654 709 4710 Petri
726 4655 951 4712 collecti
968 4661 1256 4728 gestorum
1275 4656 1627 4727 subscriptio
1648 4670 1821 4729 papas,
1842 4658 1988 4727 epis-

385 4755 680 4816 coporum,
714 4745 1173 4817 presbyterorum
1205 4752 1261 4803 et
1302 4747 1715 4803 diaconorum:
1751 4760 1995 4804 commo-

390 4830 677 4888 nitorium
724 4834 1111 4891 Romanorum
1166 4836 1514 4892 vicariorum
1572 4836 1641 4890 ad
1699 4836 1989 4906 Photium,

391 4918 733 4977 acclamatio
763 4924 968 4993 Ignatii
1019 4924 1087 4979 ad
1138 4925 1436 4995 synodum,
1483 4924 1994 4982 anathematismus

386 5006 581 5064 Photii
614 5014 673 5065 et
704 5011 883 5079 partis
898 5013 1042 5082 ejus,
1063 5026 1162 5069 seu
1184 5013 1463 5083 praeconia
1479 5017 1536 5069 et
1554 5013 1995 5083 imprecationes

388 5095 757 5167 imperatoris
786 5105 844 5156 et
871 5102 1071 5172 synodi
1105 5120 1117 5156 :
1153 5116 1220 5158 ac
1248 5117 1420 5173 super
1456 5103 1661 5160 Photio
1701 5117 1918 5159 versus.

461 5186 671 5244 Octava
684 5205 911 5266 quoque
930 5198 1274 5249 memoratur
1308 5192 1530 5249 actione
1553 5192 1754 5264 synodi
1794 5193 1995 5264 sessio,

388 5276 757 5346 imperatoris
770 5279 1049 5337 allocutio
1066 5296 1165 5351 per
1193 5282 1492 5353 Bahanem,
1524 5287 1582 5337 et
1617 5282 1998 5339 Romanorum

386 5364 741 5423 vicariorum
773 5383 875 5439 pro
902 5368 1201 5426 almlendis
1228 5370 1631 5442 chirographis
1649 5370 1903 5442 injustis,
1948 5380 2004 5429 et

2101 4582 2274 4625 rum:
2327 4565 2569 4637 epistola
2625 4563 2827 4634 synodi
2886 4560 3193 4630 encyclica,
3250 4562 3307 4613 et
3361 4555 3429 4609 ad
3487 4552 3702 4608 Adria-

2102 4670 2238 4712 num
2271 4651 2699 4711 sanctissimum
2748 4664 2968 4721 papam,
2990 4646 3234 4717 epistola
3292 4645 3698 4712 imperatorum

2101 4745 2169 4801 ad
2206 4743 2559 4815 patriarchas
2590 4760 2604 4813 ;
2656 4741 2791 4797 item
2822 4753 2854 4795 a
2882 4737 3122 4807 epistola
3155 4731 3494 4805 patriarcha:
3553 4731 3703 4798 lgna-

2104 4834 2173 4889 tii
2200 4834 2268 4889 ad
2299 4831 2613 4889 Adrianum
2646 4827 3073 4885 sanctissimum
3122 4837 3341 4895 papam,
3391 4816 3704 4876 consulen—

2103 4922 2185 4979 tis
2204 4935 2332 4977 eum
2355 4933 2525 4989 super
2544 4918 2732 4974 tribus
2750 4915 3034 4986 Capitulis
3060 4933 3072 4968 :
3112 4926 3239 4969 mox
3263 4915 3388 4981 post
3424 4906 3703 4979 synodum

2104 5010 2356 5081 ejusdem
2380 5007 2563 5064 sancti
2585 5002 2821 5063 concilii
2843 5003 3113 5061 consultu
3134 4999 3472 5057 transmissa
3499 4995 3706 5066 episto-

2107 5102 2160 5156 la
2188 5096 2552 5168 imperatoris
2580 5094 2781 5151 Basilii
2811 5094 2879 5149 ad
2910 5084 3704 5163 eumdem,epistolaejusdem

2108 5187 2425 5245 beatissimi
2461 5200 2612 5257 papa:
2624 5183 2992 5241 rescribentis
3010 5182 3079 5238 ad
3100 5181 3358 5238 eumdem
3372 5174 3708 5249 principem.

2180 5277 2515 5347 Expliciunt
2558 5273 2831 5345 capitula,
2888 5272 3028 5343 quid
3087 5280 3442 5341 unaquaeque
3504 5262 3704 5335 synodi

2113 5368 2263 5423 actio
2291 5366 2599 5437 contineat,
2634 5363 2882 5420 breviter
2911 5361 3245 5418 indicantia.

1712 5598 2415 5646 -—-—-..--——-r
