4024 6170
364 313 436 376 ΞΠ
1541 317 1902 375 ANASTASII
1950 317 2490 378 BIBLIOTHECARII
3589 318 3664 378 28

1707 536 2325 736 GESTA

604 829 1092 1012 SANCTM
1194 827 1344 1010 All
1453 824 2219 1168 UNIVEBSQéEIS
2329 827 2829 1012 00mm
2942 829 3416 1029 SYNODI.

1176 1249 1982 1315 CONSTANTINOPOLI
2030 1251 2614 1316 CONGREGATA
2657 1254 2837 1317 EST.

1731 1511 1983 1584 ACTIO
2037 1511 2326 1582 PRIMA.

430 1808 530 1864 Dei
565 1807 885 1878 principale
915 1806 1184 1876 Verbum,
1218 1805 1364 1876 quod
1430 1805 1552 1874 ipsa
1582 1803 1806 1858 Veritas
1861 1807 1966 1874 est,
1995 1795 2050 1854 A
2085 1805 2276 1871 postea
2316 1802 2737 1872 pamituerunt:
2786 1804 2879 1860 sed
2913 1803 3289 1877 etfugiendus
3304 1809 3360 1860 et
3388 1805 3672 1862 odiendus

357 1897 624 1952 Christus
670 1896 940 1952 videlicet
1003 1895 1258 1952 omnium
1309 1900 1566 1950 nostrum
1619 1893 1875 1948 Salvator
1915 1895 1971 1946 et

358 1987 654 2058 Dominus,
719 1985 931 2042 habens
984 1985 1258 2040 nimirum
1317 1985 1713 2040 universorum
1781 1997 1970 2038 saccu—

361 2075 545 2132 lorum
581 2077 640 2130 in
699 2090 760 2131 se
819 2075 1106 2130 notionem
1165 2079 1222 2129 et
1282 2073 1846 2142 circumplexionem,
1913 2078 1969 2125 et

364 2165 554 2221 omnia
587 2165 773 2220 sciens
803 2167 1105 2234 antequam
1131 2168 1338 2224 essent,
1397 2163 1702 2218 consulens
1759 2165 1966 2217 sanctae

363 2253 660 2309 catholicae
707 2257 762 2308 et
791 2253 1119 2322 apostolicae
1177 2251 1443 2307 Ecclesiae
1467 2265 1605 2321 sum,
1649 2250 1795 2306 male
1844 2264 1969 2318 ope-

361 2343 611 2398 rantium
670 2343 954 2398 versutias
1033 2341 1418 2410 prteostendit,
1501 2340 1581 2394 ita
1634 2340 1834 2394 dicens
1907 2340 1962 2394 in

357 2432 682 2502 Evangeliis
713 2449 726 2484 :
762 2431 1042 2484 Attendite
1065 2448 1100 2484 a
1123 2432 1284 2498 falsis
1301 2431 1601 2500 prophetis,
1630 2431 1726 2498 qui
1743 2431 1968 2483 ueniunt

358 2523 437 2583 ad,
455 2537 546 2575 vos
571 2523 630 2574 in
653 2523 980 2575 uestimentis
1005 2523 1202 2583 ouium,
1249 2522 1574 2574 intrinsecus
1621 2523 1798 2572 autem
1841 2523 1968 2572 sunt

305 2612 480 2680 «lupi
519 2625 743 2679 rapaces
792 2629 808 2664 :
858 2627 892 2663 a
937 2611 1207 2678 fructibus
1257 2625 1440 2663 eorum
1485 2609 1806 2674 cognoscetis
1881 2623 1966 2660 eos

360 2697 547 2772 (Math.
592 2699 734 2770 vn);
787 2713 886 2768 per
933 2714 1078 2769 quos
1127 2699 1392 2754 videlicet
1441 2696 1740 2752 manifeste
1795 2702 1967 2752 nota—

359 2789 444 2844 vit
473 2788 710 2844 formam
742 2788 1123 2859 malignitatis
1159 2793 1216 2844 et
1264 2788 1581 2857 pravitatis,
1642 2800 1768 2857 quae
1827 2785 1967 2840 abs-

359 2891 530 2932 consa
560 2883 646 2932 est
677 2878 736 2932 in
772 2878 1038 2933 interiori
1073 2877 1304 2932 homine
1335 2895 1346 2930 :
1383 2877 1507 2946 qui'
1530 2877 1774 2945 speciem
1825 2874 1968 2945 qui—

358 2966 483 3022 dem
513 2971 570 3022 et
599 2966 832 3023 formam
867 2967 1098 3037 pietatis
1125 2967 1534 3034 demonstrant,
1562 2965 1815 3020 actiones
1834 2978 1965 3020 vero

361 3057 582 3115 similes
622 3057 888 3126 pessimis
907 3056 1326 3125 affectionibus,
1352 3070 1477 3127 quae
1534 3056 1686 3110 circa
1712 3054 1960 3109 animam

2081 1891 2350 1948 omnibus
2381 1911 2396 1964 ;
2430 1893 2662 1963 quibus,
2697 1895 2796 1965 qui
2822 1895 2879 1948 in
2916 1894 3050 1949 orbe
3075 1901 3266 1950 nostro
3287 1898 3440 1963 sunt,
3475 1895 3590 1964 piis
3617 1898 3672 1950 et

2082 1982 2389 2038 industriis
2418 1983 2586 2038 etiam
2623 1985 2802 2056 magis
2822 1984 3055 2040 effectus
3073 1989 3178 2056 est,
3212 1985 3459 2040 maxime
3483 1989 3669 2041 autem

2078 2077 2134 2127 et
2151 2073 2435 2142 praecipue
2451 2073 2993 2129 misericordissima
3012 2073 3319 2143 principali
3337 2080 3393 2129 et
3415 2075 3512 2129 Dei
3537 2089 3676 2142 pro—

2077 2161 2328 2217 videntia
2353 2167 2560 2217 sancta:
2581 2163 2961 2219 Romanorum
2975 2163 3239 2218 Ecclesiae
3251 2167 3306 2218 et
3329 2163 3676 2232 patriarcha-

2077 2250 2233 2306 libus
2253 2252 2478 2308 thronis
2501 2252 2598 2322 qui
2624 2253 2681 2307 in
2703 2253 2933 2308 Oriente
2955 2257 3107 2322 sunt,
3151 2251 3511 2309 manifestum
3542 2267 3670 2308 eum

2079 2338 2319 2396 faciente
2350 2351 2449 2410 per
2479 2341 2754 2411 pessimos
2773 2354 3086 2412 pravosque
3111 2340 3354 2412 fructus,
3386 2357 3526 2413 quos
3557 2357 3674 2414 ger-

2079 2429 2338 2484 minavit.
2370 2431 2512 2485 Hinc
2543 2445 2674 2502 ergo
2691 2429 2900 2485 zelator
2914 2433 3063 2486 Deus
3084 2431 3440 2486 etultionum
3471 2432 3675 2487 Domi—

2080 2533 2208 2588 nus,
2243 2519 2341 2589 qui
2375 2520 2732 2575 adversarios
2763 2534 2898 2575 suos
2927 2525 2984 2574 et
3011 2523 3426 2588 contemptores
3455 2519 3668 2576 auferri

2077 2609 2288 2664 divinae
2304 2609 2570 2680 justitim,
2595 2608 2771 2665 veluti
2795 2609 3036 2664 alterum
3063 2607 3241 2663 Eliam
3270 2609 3490 2664 Zeloten
3524 2623 3675 2678 repe-

2078 2698 2252 2760 riens,
2287 2697 2682 2753 beatissimum
2737 2713 2933 2768 papam
2967 2698 3262 2754 Nicolaum
3311 2697 3582 2752 excitavit
3613 2699 3670 2752 in

2073 2787 2356 2842 auxilium
2377 2787 2672 2842 veritatis:
2701 2788 2798 2858 qui
2824 2787 2883 2842 in
2896 2787 3116 2857 Spiritu
3139 2786 3532 2856 sanctoetlupi
3549 2787 3674 2856 pel—

2075 2875 2183 2931 lem
2207 2891 2306 2946 per
2332 2890 2397 2932 ea
2427 2892 2552 2947 qua!
2583 2877 2836 2948 scripsit,
2868 2877 3068 2932 crebro
3089 2877 3332 2947 dirupit,
3366 2881 3422 2930 et
3443 2875 3675 2931 interio-

2074 2980 2188 3020 rem
2215 2967 2495 3022 insaniam
2517 2971 2572 3021 et
2607 2967 2818 3022 rabiem
2850 2966 3184 3036 publicavit,
3215 2969 3271 3020 et
3302 2964 3482 3034 palam
3519 2964 3677 3019 exhi-

2073 3054 2221 3126 buit,
2245 3056 2458 3126 Deique
2487 3069 2820 3116 sermonem.
2845 3055 2943 3125 qui
2976 3059 3060 3110 est
3079 3055 3362 3109 discretor
3380 3053 3677 3124 cogitatio-

359 3151 511 3218 sunt,
559 3125 883 3216 operantur.
919 3148 1216 3216 Propterea
1247 3125 1604 3201 moxﬁintulit
1641 3162 1653 3197 :
1697 3143 1963 3212 Nunquid
1987 3125 2042 3186 Β
2074 3125 2230 3212 num,
2261 3151 2318 3198 et
2346 3125 2598 3215 gladium
2629 3145 2874 3213 spiritus
2918 3157 3226 3213 opponens,
3277 3141 3578 3197 confestim
3609 3156 3674 3197 ac

361 3237 620 3303 colligunt
642 3236 708 3290 de
725 3237 902 3304 spinis
921 3251 1101 3298 uvam,
1125 3240 1224 3289 aut
1266 3235 1331 3288 de
1373 3235 1591 3288 tribulis
1634 3237 1765 3302 ﬁcus
1807 3237 1836 3286 ?
1874 3235 1960 3286 Ita

359 3327 531 3379 omnis
547 3326 710 3378 arbor
721 3327 860 3378 bona
868 3327 1078 3392 fractus
1098 3325 1258 3377 bonos
1268 3325 1422 3392 facit,
1436 3324 1584 3376 mala
1599 3327 1778 3376 autem
1797 3323 1960 3376 arbor

358 3416 570 3482 fructus
586 3415 756 3468 malos
767 3416 903 3482 facit
931 3411 1119 3484 (Math.
1135 3411 1250 3484 vn).
1267 3414 1335 3467 Et
1351 3412 1655 3468 ostendens
1673 3412 1819 3480 quod
1840 3410 1960 3465 im—

363 3502 636 3573 possibile
656 3503 735 3557 sit
752 3516 815 3556 ea
838 3515 963 3572 quae
981 3502 1226 3557 alterius
1243 3505 1380 3556 sunt
1396 3501 1620 3571 generis
1639 3501 1696 3554 in
1715 3500 1957 3554 alterius

361 3592 732 3648 transmutari
766 3595 1048 3659 naturam,
1077 3590 1354 3645 continuo
1385 3589 1620 3643 intulit:
1644 3590 1766 3643 Non
1779 3591 1956 3656 potest

358 3681 522 3734 arbor
547 3681 684 3733 bona
727 3682 940 3746 fructus
964 3680 1133 3731 malos
1158 3681 1354 3745 facere,
1403 3692 1572 3745 neque
1605 3677 1769 3729 arbor
1808 3678 1956 3730 mala

357 3773 572 3838 fructus
592 3770 752 3821 bonos
762 3771 939 3834 facere
961 3785 972 3819 :
989 3769 1160 3820 omnis
1172 3766 1336 3819 arbor
1354 3781 1462 3819 non
1489 3769 1732 3834 fructum
1761 3766 1956 3819 bonum

358 3859 566 3925 faciens
590 3856 886 3916 emcidetur,
913 3859 963 3908 et
985 3857 1043 3907 in
1068 3857 1244 3922 ignem
1264 3857 1524 3909 mittetur.
1552 3857 1742 3924 Itaque
1766 3871 1801 3908 α
1823 3857 1958 3922 fru—

360 3946 534 3999 ctibus
575 3959 754 3997 eorum
783 3946 1105 4010 cognoscetis
1151 3959 1236 3997 eos
1275 3941 1474 4016 (Ibid.).
1511 3944 1751 3999 Photius
1777 3943 1958 4016 igitur

357 4039 441 4090 est
471 4033 642 4088 etiam
673 4031 1026 4102 temporibus
1051 4032 1265 4088 nostris
1291 4034 1382 4088 vir
1406 4017 1762 4105 malignitate
1783 4046 1846 4088 ac
1869 4045 1960 4087 ne-

361 4135 526 4192 quam
559 4135 727 4191 opere
758 4122 983 4190 plenum
1019 4121 1349 4176 interiorem
1393 4122 1678 4178 hominem
1722 4121 1953 4192 habens,

361 4211 460 4282 qui
490 4215 718 4280 propter
741 4209 1018 4265 ambitum
1045 4214 1100 4265 et
1115 4225 1361 4266 amorem
1384 4211 1598 4283 gloria,
1634 4215 1691 4266 et
1711 4214 1774 4265 ut
1802 4224 1958 4265 voca-

359 4302 519 4354 retur
546 4299 748 4370 Rabbi,
779 4299 988 4355 bonum
1012 4314 1072 4355 se
1088 4313 1208 4354 esse
1230 4299 1494 4371 ﬁngebat,
1521 4305 1578 4354 et
1604 4299 1862 4354 habitum
1901 4305 1956 4354 et

360 4387 596 4443 formam
609 4387 839 4458 pietatis
858 4387 1060 4443 habere
1081 4387 1406 4443 simulabat.
1431 4391 1492 4442 In
1515 4387 1728 4458 quibus
1747 4391 1803 4442 et
1820 4392 1955 4443 tunc

363 4455 705 4546 imperantes
724 4477 982 4533 traduxit
1001 4482 1170 4548 atque
1188 4477 1450 4546 seduxit;
1472 4455 1638 4545 etper
1651 4477 1953 4531 humanam
1984 4455 2034 4518 ί)

361 4566 859 4637 machinationem,
883 4570 938 4622 et
959 4567 1170 4637 regiam
1193 4569 1523 4635 potestatem
1563 4570 1733 4634 atque
1770 4569 1960 4634 poten-

362 4657 520 4726 tiam,
554 4656 861 4712 Ecclesiam
895 4660 1142 4712 nostram
1175 4654 1449 4722 obtinuit,
1484 4654 1808 4724 legitimoet
1835 4653 1960 4709 bea-

363 4746 588 4802 tissimo
602 4759 823 4801 summo
837 4749 1058 4815 pastore
1077 4743 1242 4800 illius
1257 4748 1314 4798 et
1330 4743 1694 4798 sanctissimo
1720 4742 1955 4812 patriar-

361 4835 465 4890 cha
499 4833 716 4906 Ignatio
749 4835 947 4904 inique
971 4835 1188 4903 dejecto
1207 4837 1378 4902 atque
1403 4831 1641 4902 expulso
1668 4850 1680 4886 :
1709 4833 1801 4887 sed
1828 4837 1955 4902 post

361 4923 889 4994 paululum,etmox
919 4924 1158 4996 ﬁgurata
1190 4935 1426 4992 persona
1459 4921 1703 4990 sublata,
1718 4927 1772 4976 et
1787 4922 1954 4992 hypo-

357 5013 497 5068 crisi
527 5014 586 5067 in
608 5013 976 5068 abolitionem
1003 5024 1290 5080 conversa,
1323 5010 1605 5066 declarata
1635 5015 1722 5066 est
1753 5025 1954 5066 rursus

359 5117 426 5158 ex
449 5101 736 5158 fructibus
755 5102 924 5158 arbor
943 5103 1115 5158 etiam
1136 5101 1350 5156 eisdem
1374 5099 1519 5170 ipsis
1540 5099 1638 5170 qui
1665 5113 1956 5169 pr0pemo-

361 5191 814 5262 dumimperium
831 5191 1169 5255 retinebant,
1201 5194 1259 5245 et
1289 5188 1610 5244 inconsulte
1635 5188 1786 5243 hunc
1817 5201 1956 5257 pro—

362 5295 580 5338 movere
611 5284 1047 5352 proposuerunt,
1079 5283 1144 5334 ac
1184 5277 1476 5334 inutiliter
1511 5283 1568 5332 et
1601 5276 1955 5333 infructuose

429 5421 451 5448 ·
476 5406 534 5462 Id
549 5408 654 5478 est,
687 5405 1208 5478 pseudoprophetae.

429 5478 460 5522 δ
488 5473 725 5534 Bardam
754 5473 1027 5533 Caesarem
1057 5474 1336 5532 fautorem
1355 5473 1548 5530 Photii
1579 5473 1745 5529 dicit.

432 5563 458 5592 ο
483 5551 672 5606 Secum
697 5551 903 5616 ferente
931 5563 1141 5602 nonem.
1172 5546 1350 5615 Cujus
1378 5559 1578 5601 nonem
1609 5557 1736 5616 cum
1755 5544 1962 5616 digni—

360 5625 476 5678 tate
493 5615 800 5678 concordat
822 5660 835 5674 .
857 5619 1114 5690 Denique
1142 5618 1355 5674 eisdem
1387 5630 1526 5686 pene
1556 5615 1791 5686 litteris,
1812 5615 1963 5672 Basi-

2071 3233 2263 3288 statim
2295 3233 2552 3288 arborem
2585 3233 2866 3288 radicitus
2895 3232 3212 3302 amputavit
3254 3250 3271 3301 ;
3298 3231 3510 3300 quippe
3549 3245 3674 3301 quae

2070 3315 2250 3392 neque
2281 3316 2420 3377 bene
2450 3322 2700 3392 plantata
2741 3321 2946 3389 fuerat,
2999 3333 3180 3390 neque
3225 3318 3449 3374 fructus
3495 3319 3674 3376 bonos

2066 3412 2368 3467 emiserat:
2393 3417 2564 3481 atque
2586 3417 2886 3480 raptorem,
2911 3415 2966 3464 et
2987 3410 3205 3480 lupum,
3230 3415 3286 3464 et
3297 3413 3670 3480 grassatorem

2064 3501 2406 3568 animarum,
2435 3504 2701 3569 tanquam
2725 3499 3000 3554 latronem
3023 3496 3271 3554 etfurem
3306 3497 3673 3568 interfecit,et

2064 3588 2424 3644 confusionis
2456 3589 2794 3656 sacerdotes,
2829 3588 2928 3658 qui
2961 3601 3091 3642 cum
3131 3601 3196 3642 eo
3225 3591 3406 3658 erant,
3461 3588 3674 3656 pariter

2066 3678 2385 3746 interemit;
2400 3677 2582 3748 magis
2593 3682 2779 3732 autem
2797 3677 3270 3747 quemadmodum
3293 3676 3669 3748 alterPetrus,

2063 3767 2305 3822 alterum
2335 3765 2612 3821 Ananiam
2653 3765 2852 3821 furtim
2891 3765 3237 3822 auferentem
3259 3765 3676 3835 aliena,etSpi-

2065 3856 2207 3911 ritui
2241 3860 2436 3912 sancto
2467 3855 2852 3926 mentientem,
2886 3869 3121 3912 suorum
3163 3855 3445 3910 sententia
3481 3853 3676 3910 verbo-

2067 3936 2190 4001 rum
2223 3944 2437 4000 occidit
2455 3941 2471 4014 (
2489 3945 2610 3998 Act.
2636 3943 2711 4016 χ),
2737 3944 3100 4000 ministrante
3121 3943 3389 4000 videlicet
3417 3949 3472 3999 et
3501 3943 3674 3999 obse—

2065 4033 3220 4105 quentedivinaevoluntatiatquedecreto,
3242 4033 3457 4088 Christi
3486 4033 3672 4087 amico

2063 4127 2119 4178 et
2146 4123 2432 4178 divinitus
2461 4122 2792 4194 gubernato,
2825 4135 2890 4176 ac
2921 4136 3111 4178 secum
3133 4121 3348 4177 ferente
3387 4136 3588 4177 nomen
3618 4137 3670 4174 ο.

2064 4211 2276 4267 Basilio
2296 4213 2410 4266 Deo
2429 4209 2782 4266 amicissimo
2805 4211 3144 4280 imperatore
3166 4216 3380 4280 nostro,
3413 4210 3512 4280 qui
3547 4209 3672 4265 uni-

2065 4300 2334 4356 versalem
2366 4299 2642 4370 synodum
2671 4312 3038 4372 congregans,
3073 4313 3198 4370 quae
3228 4299 3349 4354 visa
3379 4302 3515 4354 sunt
3551 4298 3674 4366 Spi-

2065 4390 2205 4445 ritui
2229 4393 2443 4459 sancto,
2469 4389 2561 4458 pie
2581 4388 2816 4460 peregit,
2841 4388 3138 4458 reprobato
3158 4388 3388 4458 quidem
3410 4391 3465 4442 et
3493 4387 3673 4442 omni-

2066 4479 2250 4535 modis
2278 4479 2495 4548 dejecto
2515 4483 2685 4548 atque
2705 4476 2973 4549 abrogato
2993 4490 3080 4545 eo,
3103 4476 3203 4546 qui
3225 4474 3536 4530 secundum
3558 4486 3670 4528 an—

2065 4567 2622 4636 tiphraseostropum
2637 4565 2964 4621 nominatus
2974 4568 3060 4619 est
3070 4563 3306 4619 Photius
3317 4561 3364 4633 ἀ,
3380 4561 3666 4618 abdicatis

2066 4662 2254 4712 autem
2277 4661 2332 4712 et
2350 4655 2442 4710 his
2474 4655 2570 4726 qui
2604 4654 2674 4710 ab
2703 4669 2768 4709 eo
2801 4653 3044 4723 promoti
3079 4657 3233 4723 sunt,
3257 4655 3313 4706 et
3335 4650 3392 4704 in
3417 4666 3670 4720 quocun-

2067 4760 2176 4816 que
2187 4746 2320 4817 grad
2331 4760 2364 4800 ιι
2379 4743 2766 4800 ecclesiastico
2778 4741 3120 4798 consecrati:
3158 4739 3502 4810 quibusdam
3527 4741 3669 4810 qui—

2061 4835 2188 4890 dem
2213 4835 2414 4890 horum
2445 4833 2600 4889 omni
2644 4832 3031 4887 tantummodo
3052 4829 3390 4885 sacerdotali
3410 4829 3667 4901 catalogo

2064 4923 2322 4994 privatis,
2338 4936 2403 4977 eo
2418 4923 2563 4992 quod
2581 4921 2906 4991 redargueri
2917 4924 3042 4974 ntet
3055 4918 3410 4988 reprobaveri
3421 4919 3662 4973 utetiam

2064 5012 2306 5068 multum
2337 5015 2468 5064 ante
2496 5014 2943 5064 consecratorem
2984 5021 3174 5080 suum,
3211 5022 3383 5077 super
3414 5007 3505 5061 bis
3536 5021 3664 5076 qua:

2064 5101 2217 5156 hunc
2247 5097 2446 5168 inique
2475 5111 2539 5152 ac
2561 5096 2960 5168 irregulariter
2988 5109 3180 5168 gerere
3201 5094 3660 5165 conspiciebant;

2065 5188 2406 5260 quibusdam
2439 5191 2627 5241 autem
2661 5199 2774 5241 una
2804 5199 2932 5240 cum
2953 5184 3078 5254 ipso
3108 5185 3390 5243 abdicatis
3413 5183 3662 5239 simulet

2063 5275 2576 5345 anathematizatis,
2609 5289 2674 5330 eo
2704 5273 2852 5344 quod
2885 5279 3192 5331 sectatores
3217 5274 3340 5342 ejus
3369 5277 3426 5327 et
3448 5286 3661 5328 conso-

2067 5403 2184 5486 lius
2204 5400 2417 5472 quibus
2431 5401 2684 5463 basileus,
2709 5399 2764 5455 id
2789 5405 2875 5455 est
2894 5403 3204 5470 imperator,
3233 5397 3411 5453 scribi
3442 5397 3660 5469 digno—

2067 5479 2416 5600 δαὶιιιέἶιόῐίιιε
2446 5556 2690 5614 namque
2718 5545 3061 5598 illuminatus
3088 5540 3516 5610 interpretatur.
