4024 6170
393 298 463 358 29
1126 301 1672 359 ΙΝἸἘΒΡΒΕἸἋΤῙΟ
1707 302 1956 360 SYNODI
1989 305 1999 323 ‘

2109 310 2111 316 “
2144 306 2623 368 GENERALIS.—
2658 311 2857 369 ACTIO
2894 316 2933 369 Ι.
3639 317 3709 376 30

395 431 593 522 {rantes
621 428 685 522 in
713 427 986 522 omnibus
1014 429 1202 499 ipsius
1226 444 1465 522 nequam
1493 431 1763 522 operibus
1791 432 2001 502 depre-
2023 420 2083 482 Α
2110 434 2212 502 lita
2229 446 2387 517 Silei,
2414 447 2609 503 Niceta
2626 449 2740 503 Deo
2756 447 3152 505 amantissimo
3169 453 3527 522 metropolita
3543 452 3711 511 Athe-

397 518 558 575 hensi
585 518 735 573 sint:
768 518 1010 589 insuper
1033 523 1089 574 et
1114 521 1492 591 Iconomachi,
1522 521 1623 592 qui
1654 525 1851 577 contra
1877 536 2002 578 san-

398 614 517 666 ctas
537 612 597 663 et
611 607 969 664 venerabiles
989 608 1268 680 imagines
1295 610 1503 679 impios
1526 615 1583 666 et
1608 611 1772 667 lasos
1796 625 2000 666 sensus

396 698 637 767 habent;
658 698 715 753 id
747 704 837 753 est
863 699 1013 769 quod
1042 704 1099 753 et
1124 699 1211 753 illi
1230 699 1679 756 existimationis
1694 706 1751 755 et
1773 701 2001 756 damna-

395 788 928 856 tionisacceperunt
942 788 1232 845 decretum
1245 795 1416 858 atque
1433 790 1796 860 sententiam,
1814 803 2001 845 corro-

394 876 595 932 borato
618 877 888 932 videlicet
911 882 967 932 et
994 877 1318 933 incardinat
1369 879 1714 950 regulariter
1728 885 1899 949 atque
1915 895 2000 949 sy-

394 966 671 1022 nodicein
695 968 926 1036 propria
940 967 1071 1023 sede
1099 968 1337 1040 Ignatio,
1367 969 1732 1025 sanctissimo
1760 969 1998 1039 patriar-

392 1056 499 1111 cha
525 1056 1181 1127 Constantinopolitano,
1220 1057 1297 1112 ita
1326 1063 1389 1112 ut
1416 1072 1567 1113 nunc
1591 1058 1801 1113 divina
1834 1058 1998 1114 Scri-

392 1151 575 1214 ptura
600 1145 960 1214 compleatur
984 1145 1303 1219 eloquium,
1337 1147 1486 1217 quod
1515 1147 1995 1223 dicit:A_Pe;r/‘ectio

388 1240 659 1288 rectorum
686 1236 912 1289 deducet
935 1251 1040 1297 eos,
1068 1240 1118 1289 et
1164 1237 1539 1316 8Up1h{ﬂﬁ{ttili¢i
1565 1221 1995 1316 ὂνεῬιξειζ)ιξὴςὶἷέζη

390 1325 690 1393 captivabit
714 1340 800 1378 eos
826 1322 1001 1395 (Prov.
1032 1323 1087 1397 ι),
1224 1304 1243 1305 ί
1642 1304 1686 1328 -.
1719 1304 1769 1322 η
1806 1304 1823 1315 ν
1873 1304 1887 1316 τ
1925 1309 1972 1323 ..

936 1423 1183 1479 INCIPIT
1220 1422 1438 1480 ACTIO.
1648 1492 1660 1500 _
1716 1479 1765 1500 ﬂ
1788 1476 1802 1493 ,

462 1522 525 1576 In
555 1521 786 1576 nomine
822 1520 1030 1592 Patris,
1076 1526 1131 1576 et
1172 1521 1461 1600 R‘iliiyet:
1482 1522 1742 1591 Spiritus
1779 1524 1991 1581 sancti.

389 1608 589 1666 Amen.
614 1610 779 1666 Anno
806 1610 978 1665 tertio
997 1600 1337 1675 consulatus
1356 1612 1673 1668 amicorum
1702 1614 1917 1669 Christi
1940 1617 1996 1669 et

392 1701 792 1771 piissimorum
808 1700 1214 1769 imperatorum
1230 1706 1559 1758 nostrorum
1575 1703 1773 1758 Basilii
1788 1708 1845 1758 et
1861 1705 1999 1760 Con-

2112 550 2335 601 narum,
2378 538 2742 607 Metrophane
2769 540 2884 593 Deo
2922 539 3318 597 amantissimo
3349 544 3707 613 metropolita

2108 626 2379 698 Smyrna,
2436 628 2709 683 Michaele
2752 630 2866 684 Deo
2909 630 3306 686 amantissimo
3349 633 3707 701 metropolita

2108 717 2313 772 Rhodi.
2339 718 2583 788 Georgio
2602 720 2716 773 Deo
2735 719 3130 775 amantissimo
3151 720 3415 790 episcopo
3437 720 3710 790 Iliopole—

2109 822 2191 874 os,
2213 808 2375 861 Petro
2393 809 2505 861 Deo
2522 808 2918 863 amantissimo
2934 809 3199 879 episcopo
3223 810 3481 878 Troadis,
3512 811 3707 866 Niccta

2106 898 2220 951 Deo
2261 897 2659 952 amantissimo
2693 897 2960 967 episcopo
2989 899 3351 968 Cephaludii,
3383 898 3704 972 Anastasio,

2109 984 2200 1053 (al.
2217 985 2549 1058 Athanasio)
2564 988 2678 1042 Deo
2694 988 3090 1044 amantissimo
3102 989 3367 1059 episcopo
3385 990 3703 1061 Magnesia,

2105 1076 2428 1148 Nicephorp
2458 1078 2572 1132 Deo
2590 1078 2984 1133 amantissimo
3001 1078 3265 1147 episcopo
3289 1079 3566 1149 Crotona,
3586 1078 3711 1134 An—

2108 1156 2837 1241 tonioipepmmantissimo
2868 1168 3133 1237 episcOpo
3162 1167 3331 1235 Alisi,
3364 1168 3708 1223 etMichaele

2084 1256 2218 1310 .Deo
2228 1242 2633 1311 amantissimo
2650 1257 2915 1343 episcopo
2929 1257 3330 1326 Cercyrorum:
3355 1256 3705 1312 sanctissimi

2105 1344 2308 1419 vicarii
2329 1346 2579 1421 senioris
2593 1346 2780 1401 Roma
2798 1350 2852 1401 et
2866 1346 3121 1401 Orientis
3137 1347 3439 1402 dixerunt:
3470 1347 3709 1401 Sedeant

2086 1430 2416 1513 .Securdun}
2431 1426 2687 1511 (ωγάὶῇρσι
2706 1450 2895 1505 suum,
2916 1437 3049 1505 quia
3072 1436 3233 1505 digni
3263 1440 3416 1506 sunt,
3435 1440 3489 1491 et
3514 1436 3708 1491 beatos

2105 1527 2161 1578 et
2191 1527 2276 1578 ter
2306 1524 2499 1579 beatos
2546 1526 2648 1579 hos
2694 1525 3063 1581 astimamus.
3111 1526 3180 1580 Et
3224 1525 3554 1581 sedentibus
3597 1525 3702 1597 eis,

2107 1617 2265 1669 stans
2296 1613 2353 1667 in
2387 1614 2572 1669 medio
2602 1615 2854 1669 Bahanes
2894 1614 3314 1670 famosissimus
3344 1614 3624 1684 patricius
3652 1618 3708 1669 et

2110 1704 2469 1773 prapositus,
2503 1705 2571 1759 ad
2607 1710 2858 1760 sanctam
2891 1706 3167 1775 synodum
3198 1705 3375 1760 dixit:
3398 1708 3709 1774 Imperator

389 1788 639 1844 stantini
669 1793 1075 1860 perpetuorum
1094 1789 1505 1863 Augustorum,
1537 1792 1855 1849 indictione
1876 1799 1999 1848 ter-
2030 1773 2081 1835 B
2115 1797 2307 1848 noster
2336 1799 2568 1849 sanctus
2597 1773 3102 1863 epanagnosticum
3136 1809 3159 1836 ε
3188 1773 3527 1865 transmisit,
3570 1799 3625 1850 et
3655 1796 3702 1851 si

388 1879 496 1947 tia,
517 1891 705 1932 mense
719 1877 1006 1949 Octobris,
1024 1880 1118 1934 die
1134 1880 1358 1949 quinta,
1380 1879 1764 1951 feria-quarta,
1797 1896 1997 1952 propo-

387 1968 527 2023 sitis
545 1966 814 2036 pretiosis
824 1967 1138 2023 etviviiicis
1155 1968 1332 2039 lignis
1347 1974 1404 2023 et
1418 1970 1773 2026 intemeratis
1789 1972 1997 2027 salutis

386 2062 599 2112 nostra
613 2056 937 2128 Evangeliis
956 2058 1015 2112 in
1031 2058 1250 2113 dextris
1268 2058 1529 2127 partibus
1545 2061 1999 2116 catechumenio-

385 2161 518 2202 rum
549 2164 578 2194 ι
594 2146 1044 2202 nominatissimi
1072 2147 1267 2216 templi
1296 2152 1503 2204 sancta
1520 2162 1585 2203 ac
1613 2150 1799 2221 magni
1821 2151 1998 2206 nomi-

388 2237 486 2291 nis
522 2236 779 2304 Sophia:
817 2236 1290 2291 convenientibus
1328 2242 1516 2292 autem
1543 2240 1761 2294 Donato
1790 2243 1845 2294 et
1882 2240 2001 2294 Ste-

386 2326 603 2397 phano,
622 2327 737 2380 Deo
751 2324 1189 2380 amabilissimis
1205 2325 1511 2395 episcopis,
1530 2331 1585 2381 et
1602 2328 1822 2383 Marino
1838 2343 1998 2383 vene-

385 2416 561 2471 rabili
594 2414 857 2483 diacono,
907 2414 1092 2470 locum
1137 2415 1465 2470 tenentibus
1506 2415 1767 2487 Adriani,
1825 2432 1997 2473 sanc—

384 2505 605 2561 tissimi
624 2518 689 2559 ac
704 2503 1025 2559 beatissimi
1052 2504 1467 2574 archiepiscopi
1501 2505 1747 2561 senioris
1785 2507 1991 2577 Roma,

383 2602 441 2649 et
475 2594 700 2665 Ignatio
718 2592 1228 2648 honorabilissimo
1243 2593 1676 2663 archiepiscopo
1694 2596 1883 2665 magni
1903 2609 1998 2650 no-

387 2683 570 2739 minis
584 2682 1158 2750 Constantinopoleos
1176 2695 1330 2737 nova
1360 2682 1568 2752 Roma,
1602 2688 1656 2737 et
1686 2684 1998 2739 sanctissi—

385 2773 503 2828 mis
516 2771 756 2826 vicariis
785 2770 1059 2841 Orientis,
1091 2770 1302 2825 Thoma
1333 2770 1601 2826 videlicet
1630 2773 1995 2829 sanctissimo

386 2860 754 2930 metropolita
770 2859 926 2931 Tyri,
947 2859 1133 2915 locum
1153 2863 1376 2914 tenente
1393 2860 1547 2915 sedis
1570 2859 1909 2933 Antiochia,
1929 2876 1995 2917 eo

387 2951 543 3021 quod
558 2950 755 3005 eadem
773 2949 1005 3004 viduata
1021 2953 1172 3004 esset
1198 2948 1450 3003 Ecclesia
1469 2966 1483 3017 ;
1517 2953 1573 3004 et
1601 2949 1725 3004 Elia
1742 2951 1841 3005 Dei
1862 2951 1997 3006 cul—

386 3046 513 3095 tore
531 3038 858 3108 presbytero
874 3041 931 3092 et
947 3037 1216 3107 syncello,
1240 3037 1425 3093 locum
1447 3042 1671 3093 tenente
1687 3039 1993 3095 Theodosii

2102 1882 2340 1951 jubetis,
2375 1890 2428 1937 et
2461 1883 2642 1951 placet
2673 1884 2853 1950 vobis,
2888 1884 3162 1939 recitetur
3190 1899 3376 1940 coram
3397 1889 3589 1940 sancta
3607 1901 3708 1955 sy—

2111 1972 2277 2026 nodo.
2300 1973 2659 2028 Sanctissimi
2681 1973 2881 2029 vicarii
2902 1974 3151 2029 senioris
3168 1975 3354 2029 Roma
3372 1988 3436 2029 ac
3453 1975 3707 2030 Orientis

2106 2060 2409 2116 dixerunt:
2448 2062 2669 2117 Placuit
2702 2062 2868 2118 nobis
2899 2078 3103 2118 sermo.
3137 2065 3203 2118 Et
3234 2064 3709 2133 accipiensTheo—
3737 2047 3745 2053 ’

2107 2153 2285 2206 dorus
2316 2152 2405 2205 vir
2434 2152 2672 2206 devotus
2701 2166 2732 2206 a
2764 2152 3001 2207 secretis
3042 2152 3210 2223 legit:
3258 2153 3396 2207 Cum
3427 2153 3621 2207 divina
3652 2156 3707 2207 et

2106 2239 2517 2311 benignissima
2539 2240 2892 2309 providentia
2909 2240 3073 2295 nobis
3090 2240 3470 2311 gubernacula
3486 2242 3709 2295 univer-

2106 2330 2246 2385 salis
2264 2330 2425 2385 navis
2440 2330 2842 2400 commisisset,
2862 2345 3025 2385 omne
3051 2331 3306 2386 studium
3325 2330 3700 2400 arripuimus,

2104 2425 2161 2475 et
2188 2426 2317 2475 ante
2349 2419 2608 2489 publicas
2637 2434 2824 2490 curas,
2858 2420 3275 2475 ecclesiasticas
3311 2421 3704 2475 contentiones

2104 2510 2480 2579 dissolvendi,
2512 2514 2568 2564 et
2586 2510 2881 2579 procellas,
2904 2524 3027 2579 qua
3060 2524 3158 2579 per
3190 2509 3400 2565 multos
3428 2523 3608 2564 annos
3636 2524 3705 2565 ex

2108 2598 2324 2653 invidia
2370 2598 2619 2653 odientis
2650 2598 2858 2653 bonum
2890 2604 3099 2654 satana
3130 2613 3389 2668 expansa
3438 2602 3592 2667 sunt,
3645 2598 3704 2653 in

2106 2688 2369 2743 stabilem
2402 2688 2880 2757 tranquillitatem
2915 2703 3013 2758 per
3063 2688 3353 2744 meliorem
3402 2689 3704 2757 quamdam

2106 2777 2489 2847 provisionem
2523 2776 2939 2833 transferendi:
2979 2777 3072 2832 hic
3096 2778 3345 2848 quidem,
3380 2777 3602 2831 munito
3622 2776 3706 2832 di-

2104 2866 2324 2922 vinitus
2354 2866 2597 2935 imperio
2628 2870 2821 2922 nostro
2853 2880 3072 2936 semper
3102 2867 3206 2922 hoc
3234 2866 3584 2922 desiderium
3620 2879 3707 2937 ge-

2105 2961 2281 3021 rente,
2314 2960 2369 3010 et
2401 2956 2479 3011 ita
2511 2960 2893 3025 Opportunum
2918 2970 3039 3012 esse
3070 2956 3281 3024 optime
3305 2955 3701 3025 perpendente,

2105 3059 2169 3100 ac
2191 3044 2261 3099 ab
2277 3044 2414 3099 aliis
2450 3044 2932 3114 patriarchalibus
2966 3045 3201 3101 sedibus
3236 3044 3481 3099 vicarios
3516 3044 3706 3098 addu—

388 3127 746 3184 sanctissimi
784 3126 1204 3196 archiepiscopi
1250 3126 1404 3182 sedis
1448 3127 1991 3198 Hierosolymorum.
2026 3119 2076 3183 ί]
2108 3147 2251 3203 cere,
2277 3139 2505 3202 propter
2519 3134 2632 3202 jam
2657 3133 2866 3187 dictam
2889 3147 3136 3198 causam,
3156 3133 3472 3203 iudicante,
3495 3146 3706 3200 coope—

390 3218 609 3272 Deinde
647 3217 958 3272 secundum
995 3216 1313 3285 jussionem
1344 3217 1659 3271 amicorum
1697 3217 1912 3272 Christi
1943 3224 2001 3272 et

400 3305 791 3376 piissimorum
838 3318 1170 3373 magnorum
1218 3305 1626 3373 imperatorum
1670 3310 1993 3361 nostrorum

395 3394 597 3450 Basilii
636 3392 1091 3462 etConstantini,
1112 3393 1491 3461 prasentibus
1531 3398 1587 3446 et
1615 3394 1996 3449 audientibus

393 3482 882 3539 laudabilissimis
900 3481 1182 3551 patriciis,
1201 3481 1469 3536 videlicet
1494 3481 1788 3537 Theodoro
1808 3482 1998 3537 lauda-

390 3573 686 3629 bilissimo
704 3571 948 3640 patricio
964 3575 1021 3625 et
1039 3570 1362 3641 praposito,
1384 3571 1643 3627 Hemerio
1663 3571 1998 3627 laudabilis-

390 3665 542 3718 simo
562 3660 901 3730 proconsule
918 3673 983 3714 ac
1001 3660 1263 3730 patricio,
1282 3660 1596 3729 Theophilo
1610 3660 2000 3715 laudabilissi-

391 3768 486 3808 mo
519 3748 862 3821 proconsule
890 3762 956 3803 ac
997 3748 1261 3819 patricio,
1311 3749 1489 3803 Leone
1535 3748 1997 3804 laudabilissimo

391 3839 739 3913 proconsule
756 3851 821 3892 ac
838 3832 1102 3908 patricio,
1120 3838 1329 3892 Jomne
1347 3837 1808 3893 laudabilissimo
1826 3838 1997 3907 patri-

387 3932 489 3986 cio
504 3944 569 3984 ac
583 3927 871 3999 logotheta
889 3926 1091 3982 excosd
1101 3926 1245 3981 romi
1271 3931 1300 3973 b
1341 3928 1519 3981 Leone
1538 3925 2001 3982 laudabilissimo

389 4017 645 4090 patricio
689 4022 746 4071 et
784 4016 1098 4071 domestico
1127 4014 1545 4070 excubitorum.
1589 4015 1762 4071 Paulo
1795 4015 2001 4071 lauda-

388 4108 692 4163 bilissimo
731 4105 975 4175 patricio
1017 4110 1073 4159 et
1117 4104 1360 4173 eparcho
1408 4104 1825 4175 pratoriorum,
1877 4105 2004 4159 Ma—

391 4196 569 4253 nuele
583 4193 1044 4249 laudabilissimo
1058 4193 1320 4264 patricio,
1343 4193 1763 4262 Theophylacto
1796 4193 2005 4249 lauda—

391 4285 694 4341 bilissimo
715 4283 978 4353 patricio,
1001 4284 1305 4337 Petronace
1328 4282 1789 4338 laudabilissimo
1817 4284 2005 4352 patri—

390 4376 512 4435 cio.
542 4379 603 4429 et
615 4373 812 4429 Oreste
848 4371 1306 4442 protospathario
1322 4371 1703 4427 etdomestico
1730 4377 2005 4442 ycanato—

2112 3227 2270 3277 ratus
2315 3227 2401 3277 est
2462 3221 2770 3276 intentioni
2812 3221 3109 3293 gubernati
3150 3222 3435 3276 divinitus
3474 3220 3701 3289 imperii

2111 3311 2291 3365 nostri
2313 3311 2471 3365 solus
2488 3311 2728 3365 inﬁnita
2748 3311 3010 3378 potentia
3030 3325 3127 3365 rex
3143 3315 3199 3365 et
3230 3311 3492 3380 princeps
3523 3309 3700 3378 pacis,

2108 3403 2183 3467 et,
2204 3399 2563 3467 utaspicitis,
2584 3399 2891 3453 consilium
2914 3404 3169 3454 nostrum
3201 3399 3524 3468 complevit,
3557 3401 3613 3452 et
3643 3399 3699 3451 in

2107 3486 2357 3554 idipsum
2378 3486 2678 3539 convenire
2693 3490 2863 3552 atque
2879 3499 3218 3539 concurrere
3237 3485 3389 3545 fecit,
3422 3500 3453 3539 a
3486 3485 3701 3540 seniori

2107 3574 2336 3645 quidem
2355 3574 2528 3628 Roma
2545 3572 2842 3641 episcopos
2858 3572 3022 3643 duos,
3042 3576 3097 3625 et
3111 3570 3417 3626 diaconum
3440 3587 3615 3628 unum
3632 3573 3702 3626 de

2105 3662 2362 3719 deﬁnitis
2377 3667 2609 3731 septem,
2632 3660 2931 3731 prudentia
2949 3666 3005 3715 et
3023 3660 3315 3715 intellectu
3333 3673 3396 3714 ac
3414 3659 3528 3714 vita
3548 3675 3705 3715 vene-

2108 3752 2277 3807 rabili
2322 3752 2616 3807 decoratos
2642 3749 2699 3819 d;
2731 3750 2802 3805 ab
2830 3749 3061 3805 Oriente
3090 3764 3219 3805 vero
3267 3749 3701 3819 protothronum

2106 3840 2445 3906 Antiochia,
2463 3841 2519 3895 id
2539 3844 2643 3909 est,
2664 3839 3088 3895 sanctissimum
3115 3837 3530 3908 metropolitam
3547 3838 3701 3909 Tyri,

2109 3929 2263 3984 omni
2285 3929 2598 3984 reverentia
2617 3928 2873 3997 plenum:
2910 3941 2940 3982 a
2971 3927 3484 3997 Hierosolymitana
3516 3930 3703 3982 autem

2108 4022 2300 4073 sancta
2336 4017 2434 4071 Dei
2474 4016 2741 4086 Ecclesia,
2780 4021 2973 4071 sancta
3006 4016 3273 4071 videlicet
3301 4016 3457 4083 Sion,
3494 4016 3564 4070 de
3594 4028 3707 4084 qua

2109 4106 2252 4162 exiit
2268 4106 2367 4177 qui
2388 4106 2756 4176 prophetatus
2788 4109 2892 4176 est,
2928 4109 2983 4159 et
3019 4119 3157 4159 nova
3196 4105 3303 4172 lex,
3341 4110 3393 4158 et
3428 4104 3708 4159 discretor

2111 4196 2365 4251 omnium
2386 4194 2637 4267 gentium
2654 4194 2883 4249 Domini
2901 4208 3106 4264 sermo,
3138 4192 3565 4248 sanctissimum
3585 4206 3708 4261 syn-

2111 4281 2319 4339 cellum
2336 4284 2521 4339 virum
2538 4283 2938 4352 apostolicum,
2971 4286 3026 4337 et
3041 4282 3194 4337 omni
3214 4281 3493 4351 sapientia
3511 4280 3707 4335 divina

2112 4378 2168 4429 et
2187 4375 2431 4429 humana
2462 4370 2751 4427 refertum.
2790 4372 2974 4442 Igitur
3006 4371 3403 4440 cooperatione
3438 4374 3491 4423 et
3525 4368 3706 4441 gratia

390 4478 530 4521 rum
560 4458 927 4536 [parentum].
960 4462 1060 4516 His
1088 4474 1221 4532 ergo
1238 4460 1615 4531 congregatis,
1649 4460 2000 4515 sanctissimi
2035 4448 2090 4508 D
2111 4462 2325 4518 Christi
2346 4461 2742 4516 universorum
2779 4460 2949 4532 regis,
2987 4464 3043 4515 et
3072 4460 3172 4514 Dei
3204 4464 3408 4513 cuncta
3438 4457 3704 4525 tenentis,

391 4552 607 4609 vicarii
627 4550 874 4607 senioris
889 4551 1097 4617 Roma,
1117 4555 1173 4605 et
1189 4549 1445 4619 Ignatius
1472 4549 1873 4605 sanctissimus
1903 4562 2005 4604 ar—

390 4641 808 4710 chiepiscopus
836 4637 1424 4708 Constantinopoleos,
1471 4641 1526 4692 et
1566 4638 2001 4693 honoratissimi

389 4730 610 4786 vicarii
653 4728 908 4783 Orientis
950 4727 1253 4782 dixerunt:
1303 4726 1707 4798 Ingrediantur
1748 4726 2002 4796 episcopi

390 4832 623 4877 omnes.
670 4820 954 4887 quotquot
998 4815 1398 4870 laboraverunt
1427 4819 1484 4869 et
1513 4818 1873 4869 certaverunt
1904 4829 2005 4884 pro

390 4906 579 4963 verbo
596 4905 874 4974 veritatis,
895 4909 1091 4973 utpote
1106 4902 1471 4958 consentanei
1490 4902 1695 4973 Ignatii
1715 4903 2008 4958 sanctissi-

392 4997 481 5052 mi
504 4993 923 5064 archiepiscopi
940 4992 1530 5061 Constantinopoleos.
1554 4993 1620 5046 Et
1638 4991 2008 5063 ingredienti-

392 5086 516 5141 bus
546 5083 693 5154 illis,
711 5082 1029 5152 Nicephoro
1043 5082 1311 5137 videlicet
1324 5083 1436 5136 Deo
1452 5081 1849 5137 amantissimo
1883 5096 2009 5137 me-

394 5173 680 5244 tropolita
691 5171 955 5241 Amasia,
973 5172 1184 5227 Joanne
1198 5172 1312 5226 Deo
1323 5170 1721 5226 amantissimo
1735 5174 2009 5241 metropo-

472 5361 497 5396 ε
524 5340 971 5398 Catechumenia
991 5340 1267 5395 dicuntur
1288 5339 1409 5394 loca
1432 5339 1490 5394 in
1515 5338 1729 5409 quibus
1748 5341 2009 5398 catechu-

396 5415 558 5471 meni
595 5414 989 5469 instruuntur.

474 5484 505 5526 δ
533 5483 799 5541 Prodomi
830 5483 1036 5540 celeris
1063 5497 1282 5538 cursus.

476 5569 503 5599 ε
527 5555 1051 5628 Epanagnosticum
1080 5553 1299 5609 dicitur
1328 5553 1607 5628 scriptum
1635 5553 1802 5628 quod
1820 5555 2003 5624 palam

393 5624 620 5699 legitur
639 5646 656 5699 ;
680 5624 765 5685 ἐτῆ
778 5626 931 5682 enim
946 5624 1137 5681 Grace
1158 5639 1268 5681 non
1292 5624 1476 5681 solum
1489 5624 1667 5694 super.
1679 5666 1693 5695 ,
1709 5624 1804 5679 sed
1826 5641 2005 5681 coram

2113 4552 2225 4621 his,
2247 4565 2371 4621 qua
2389 4563 2557 4620 prava
2574 4549 2840 4605 omnibus
2856 4548 3018 4605 vobis
3033 4562 3155 4604 esse
3170 4547 3529 4617 videbantur,
3550 4547 3610 4601 in
3627 4546 3713 4601 di-

2115 4645 2286 4711 recta,
2308 4645 2363 4694 et
2378 4639 2597 4709 asperis
2618 4638 2675 4692 in
2691 4638 2812 4693 vias
2830 4638 3047 4709 planas,
3068 4636 3435 4706 imperatoria
3451 4636 3482 4691 d
3494 4635 3710 4705 iligen—

2114 4727 2467 4784 tia'etstudio
2480 4732 2674 4783 nostro
2687 4726 3002 4796 translatis,
3016 4739 3439 4781 commonemus
3450 4729 3505 4778 et
3516 4724 3713 4778 cohor-

2115 4823 2303 4873 tamur
2317 4830 2510 4871 omnes
2522 4830 2639 4887 vos,
2656 4814 2880 4886 fratres,
2898 4820 3101 4871 utcum
3118 4813 3297 4869 multo
3312 4813 3600 4883 pudoreac
3615 4827 3712 4867 re—

2115 4906 2365 4961 verentia
2377 4906 2731 4960 conveniatis
2742 4906 2809 4960 ad
2828 4911 3077 4961 sanctam
3093 4904 3238 4959 hanc
3254 4908 3309 4959 et
3332 4892 3708 4958 universalem

2115 4996 2412 5065 synodum,
2447 4999 2715 5063 tanquam
2746 4997 2802 5048 et
2830 5008 3205 5065 communem,
3238 4996 3295 5047 et
3319 4992 3603 5047 universis
3621 5005 3714 5060 ap-

2117 5088 2251 5151 tam,
2293 5086 2463 5152 atque
2503 5082 2627 5136 sine
2659 5082 2836 5137 livore
2869 5082 3161 5154 medelam,
3197 5081 3412 5137 nullam
3442 5081 3707 5135 vitiosam

2119 5173 2423 5228 motionem
2454 5171 2538 5226 vel
2568 5171 2828 5226 aifectum
2862 5170 3121 5239 ferentes,
3170 5185 3271 5226 nec
3301 5171 3367 5226 ad
3402 5168 3713 5226 contentio-

2120 5344 2546 5411 interpretatur.
2561 5370 2581 5385 κ
2666 5367 2675 5371 α

2184 5417 2210 5454 d
2234 5410 2541 5469 Deﬁnitum
2562 5419 2649 5470 est
2667 5414 2819 5470 enim
2850 5418 2914 5470 ut
2944 5420 3154 5484 septem
3175 5413 3564 5484 tantummodo
3585 5410 3705 5484 sint

2111 5486 2176 5612 ἔῃ
2207 5484 2459 5541 Ecclesia
2483 5486 2735 5556 diaconi,
2771 5485 2826 5541 id
2841 5493 2948 5558 est,
2981 5479 3177 5556 prima
3207 5483 3361 5541 sedis
3382 5479 3701 5537 Antiochia

2155 5570 2438 5613 iaceseos.
