  <div class='ocr_page' id='page_1' title='image "/cluster/home/n/w/nwhite01/storage/ocr_20150623/129/hvd.32044054759907/021.png"; bbox 0 0 4024 6170; ppageno 0'>
   <div class='ocr_carea' id='block_1_1' title="bbox 220 261 3544 324">
    <p class='ocr_par' dir='ltr' id='par_1_1' title="bbox 220 261 3544 324">
     <span class='ocr_line' id='line_1_1' title="bbox 220 261 3544 324; baseline -0.001 0"><span class='ocrx_word' id='word_1_1' title='bbox 220 265 304 324; x_wconf 75' lang='grc'><strong>’34</strong></span> <span class='ocrx_word' id='word_1_2' title='bbox 1413 263 1778 322; x_wconf 72' lang='lat' dir='ltr'><strong>ANASTASII</strong></span> <span class='ocrx_word' id='word_1_3' title='bbox 1825 262 2372 322; x_wconf 78' lang='lat' dir='ltr'><strong>BIBLIOTHBCARII</strong></span> <span class='ocrx_word' id='word_1_4' title='bbox 3473 261 3544 320; x_wconf 74' lang='lat'><strong>32</strong></span> 
     </span>
    </p>
   </div>
   <div class='ocr_carea' id='block_1_2' title="bbox 225 379 3547 484">
    <p class='ocr_par' dir='ltr' id='par_1_2' title="bbox 225 379 3547 484">
     <span class='ocr_line' id='line_1_2' title="bbox 225 379 3547 484; baseline 0.002 -18"><span class='ocrx_word' id='word_1_5' title='bbox 225 411 346 454; x_wconf 71' lang='lat' dir='ltr'><strong>83m</strong></span> <span class='ocrx_word' id='word_1_6' title='bbox 369 395 718 452; x_wconf 60' lang='grc' dir='ltr'><strong>νοιιιηωῑθω</strong></span> <span class='ocrx_word' id='word_1_7' title='bbox 741 395 1133 484; x_wconf 60' lang='grc' dir='ltr'><strong>νωρὶβὶθηιθερ</strong></span> <span class='ocrx_word' id='word_1_8' title='bbox 1155 396 1252 452; x_wconf 69' lang='lat' dir='ltr'><strong>sed</strong></span> <span class='ocrx_word' id='word_1_9' title='bbox 1278 398 1472 468; x_wconf 73' lang='lat' dir='ltr'><strong>POtius</strong></span> <span class='ocrx_word' id='word_1_10' title='bbox 1490 397 1645 453; x_wconf 72' lang='grc' dir='ltr'><strong>νίηοί</strong></span> <span class='ocrx_word' id='word_1_11' title='bbox 1667 396 1829 462; x_wconf 59' lang='lat' dir='ltr'><strong>belles</strong></span> <span class='ocrx_word' id='word_1_12' title='bbox 1859 379 1920 441; x_wconf 74' lang='grc' dir='ltr'><strong>Α</strong></span> <span class='ocrx_word' id='word_1_13' title='bbox 1947 415 2068 473; x_wconf 91' lang='lat' dir='ltr'><strong>leos</strong></span> <span class='ocrx_word' id='word_1_14' title='bbox 2089 421 2310 473; x_wconf 87' lang='lat' dir='ltr'><strong>:etecce</strong></span> <span class='ocrx_word' id='word_1_15' title='bbox 2323 417 2618 482; x_wconf 71' lang='lat' dir='ltr'><strong>gratiaDei</strong></span> <span class='ocrx_word' id='word_1_16' title='bbox 2631 415 2966 472; x_wconf 87' lang='lat' dir='ltr'><strong>venimusin</strong></span> <span class='ocrx_word' id='word_1_17' title='bbox 2977 419 3287 484; x_wconf 85' lang='lat' dir='ltr'><strong>conspectu</strong></span> <span class='ocrx_word' id='word_1_18' title='bbox 3311 416 3547 472; x_wconf 87' lang='lat' dir='ltr'><strong>sancto—</strong></span> 
     </span>
    </p>
   </div>
   <div class='ocr_carea' id='block_1_3' title="bbox 229 483 1836 558">
    <p class='ocr_par' dir='ltr' id='par_1_3' title="bbox 229 483 1836 558">
     <span class='ocr_line' id='line_1_3' title="bbox 229 483 1836 558; baseline -0.001 -15"><span class='ocrx_word' id='word_1_19' title='bbox 229 500 397 558; x_wconf 88' lang='lat' dir='ltr'><strong>quam</strong></span> <span class='ocrx_word' id='word_1_20' title='bbox 433 485 660 541; x_wconf 87' lang='lat' dir='ltr'><strong>vincere</strong></span> <span class='ocrx_word' id='word_1_21' title='bbox 687 483 1059 554; x_wconf 91' lang='lat' dir='ltr'><strong>culpabiliter</strong></span> <span class='ocrx_word' id='word_1_22' title='bbox 1099 499 1166 541; x_wconf 90' lang='lat' dir='ltr'><strong>ac</strong></span> <span class='ocrx_word' id='word_1_23' title='bbox 1207 485 1421 556; x_wconf 85' lang='lat' dir='ltr'><strong>injuste</strong></span> <span class='ocrx_word' id='word_1_24' title='bbox 1451 487 1714 542; x_wconf 80' lang='lat' dir='ltr'><strong>scientes.</strong></span> <span class='ocrx_word' id='word_1_25' title='bbox 1742 485 1836 542; x_wconf 86' lang='lat' dir='ltr'><strong>Sic</strong></span> 
     </span>
    </p>
   </div>
   <div class='ocr_carea' id='block_1_4' title="bbox 229 575 1839 646">
    <p class='ocr_par' dir='ltr' id='par_1_4' title="bbox 229 575 1839 646">
     <span class='ocr_line' id='line_1_4' title="bbox 229 575 1839 646; baseline -0.001 -14"><span class='ocrx_word' id='word_1_26' title='bbox 229 577 382 632; x_wconf 90' lang='lat' dir='ltr'><strong>enim</strong></span> <span class='ocrx_word' id='word_1_27' title='bbox 398 575 817 645; x_wconf 78' lang='lat' dir='ltr'><strong>unusquisque,</strong></span> <span class='ocrx_word' id='word_1_28' title='bbox 841 575 941 645; x_wconf 91' lang='lat' dir='ltr'><strong>qui</strong></span> <span class='ocrx_word' id='word_1_29' title='bbox 973 575 1238 632; x_wconf 90' lang='lat' dir='ltr'><strong>vitiatum</strong></span> <span class='ocrx_word' id='word_1_30' title='bbox 1263 577 1592 632; x_wconf 91' lang='lat' dir='ltr'><strong>interiorem</strong></span> <span class='ocrx_word' id='word_1_31' title='bbox 1620 577 1839 646; x_wconf 89' lang='lat' dir='ltr'><strong>patitur</strong></span> 
     </span>
    </p>
   </div>
   <div class='ocr_carea' id='block_1_5' title="bbox 235 664 1834 734">
    <p class='ocr_par' dir='ltr' id='par_1_5' title="bbox 235 664 1834 734">
     <span class='ocr_line' id='line_1_5' title="bbox 235 664 1834 734; baseline -0.003 -11"><span class='ocrx_word' id='word_1_32' title='bbox 235 665 546 732; x_wconf 85' lang='lat' dir='ltr'><strong>hominem,</strong></span> <span class='ocrx_word' id='word_1_33' title='bbox 581 664 882 720; x_wconf 81' lang='lat' dir='ltr'><strong>sanitatem</strong></span> <span class='ocrx_word' id='word_1_34' title='bbox 915 668 972 720; x_wconf 94' lang='lat' dir='ltr'><strong>et</strong></span> <span class='ocrx_word' id='word_1_35' title='bbox 998 670 1264 720; x_wconf 59' lang='lat' dir='ltr'><strong>aeternam</strong></span> <span class='ocrx_word' id='word_1_36' title='bbox 1306 666 1546 722; x_wconf 89' lang='lat' dir='ltr'><strong>salutem</strong></span> <span class='ocrx_word' id='word_1_37' title='bbox 1579 665 1834 734; x_wconf 82' lang='lat' dir='ltr'><strong>recipiet.</strong></span> 
     </span>
    </p>
   </div>
   <div class='ocr_carea' id='block_1_6' title="bbox 228 745 1835 825">
    <p class='ocr_par' dir='ltr' id='par_1_6' title="bbox 228 745 1835 825">
     <span class='ocr_line' id='line_1_6' title="bbox 228 745 1835 825; baseline -0.002 -15"><span class='ocrx_word' id='word_1_38' title='bbox 228 755 300 810; x_wconf 83' lang='lat' dir='ltr'><strong>At</strong></span> <span class='ocrx_word' id='word_1_39' title='bbox 321 769 454 811; x_wconf 87' lang='lat' dir='ltr'><strong>vero</strong></span> <span class='ocrx_word' id='word_1_40' title='bbox 469 759 525 810; x_wconf 91' lang='lat' dir='ltr'><strong>et</strong></span> <span class='ocrx_word' id='word_1_41' title='bbox 544 755 611 810; x_wconf 89' lang='lat' dir='ltr'><strong>ad</strong></span> <span class='ocrx_word' id='word_1_42' title='bbox 632 768 732 810; x_wconf 91' lang='lat' dir='ltr'><strong>vos</strong></span> <span class='ocrx_word' id='word_1_43' title='bbox 748 745 906 824; x_wconf 88' lang='lat' dir='ltr'><strong>ipsos</strong></span> <span class='ocrx_word' id='word_1_44' title='bbox 927 754 1391 811; x_wconf 86' lang='lat' dir='ltr'><strong>acclamationem</strong></span> <span class='ocrx_word' id='word_1_45' title='bbox 1411 753 1637 825; x_wconf 91' lang='lat' dir='ltr'><strong>imperii</strong></span> <span class='ocrx_word' id='word_1_46' title='bbox 1654 751 1835 810; x_wconf 86' lang='lat' dir='ltr'><strong>nostri</strong></span> 
     </span>
    </p>
   </div>
   <div class='ocr_carea' id='block_1_7' title="bbox 237 842 1838 916">
    <p class='ocr_par' dir='ltr' id='par_1_7' title="bbox 237 842 1838 916">
     <span class='ocr_line' id='line_1_7' title="bbox 237 842 1838 916; baseline -0.002 -16"><span class='ocrx_word' id='word_1_47' title='bbox 237 845 642 916; x_wconf 80' lang='lat' dir='ltr'><strong>proponimus;</strong></span> <span class='ocrx_word' id='word_1_48' title='bbox 660 843 872 915; x_wconf 88' lang='lat' dir='ltr'><strong>quippe</strong></span> <span class='ocrx_word' id='word_1_49' title='bbox 889 845 986 916; x_wconf 91' lang='lat' dir='ltr'><strong>qui</strong></span> <span class='ocrx_word' id='word_1_50' title='bbox 1005 849 1334 915; x_wconf 88' lang='lat' dir='ltr'><strong>potestatem</strong></span> <span class='ocrx_word' id='word_1_51' title='bbox 1352 844 1611 916; x_wconf 89' lang='lat' dir='ltr'><strong>synodici</strong></span> <span class='ocrx_word' id='word_1_52' title='bbox 1625 842 1838 914; x_wconf 91' lang='lat' dir='ltr'><strong>judicii</strong></span> 
     </span>
    </p>
   </div>
   <div class='ocr_carea' id='block_1_8' title="bbox 241 934 1841 1004">
    <p class='ocr_par' dir='ltr' id='par_1_8' title="bbox 241 934 1841 1004">
     <span class='ocr_line' id='line_1_8' title="bbox 241 934 1841 1004; baseline -0.002 -14"><span class='ocrx_word' id='word_1_53' title='bbox 241 934 530 990; x_wconf 90' lang='lat' dir='ltr'><strong>divinitus</strong></span> <span class='ocrx_word' id='word_1_54' title='bbox 557 934 880 1004; x_wconf 87' lang='lat' dir='ltr'><strong>accepistis.</strong></span> <span class='ocrx_word' id='word_1_55' title='bbox 927 935 1150 990; x_wconf 88' lang='lat' dir='ltr'><strong>Etenim</strong></span> <span class='ocrx_word' id='word_1_56' title='bbox 1195 949 1294 992; x_wconf 86' lang='lat' dir='ltr'><strong>vos</strong></span> <span class='ocrx_word' id='word_1_57' title='bbox 1322 935 1584 991; x_wconf 83' lang='lat' dir='ltr'><strong>veritatis</strong></span> <span class='ocrx_word' id='word_1_58' title='bbox 1611 947 1734 989; x_wconf 90' lang='lat' dir='ltr'><strong>esse</strong></span> <span class='ocrx_word' id='word_1_59' title='bbox 1775 945 1841 987; x_wconf 92' lang='lat' dir='ltr'><strong>ac</strong></span> 
     </span>
    </p>
   </div>
   <div class='ocr_carea' id='block_1_9' title="bbox 231 1023 1844 1096">
    <p class='ocr_par' dir='ltr' id='par_1_9' title="bbox 231 1023 1844 1096">
     <span class='ocr_line' id='line_1_9' title="bbox 231 1023 1844 1096; baseline 0.001 -16"><span class='ocrx_word' id='word_1_60' title='bbox 231 1024 445 1080; x_wconf 72' lang='lat' dir='ltr'><strong>divina:</strong></span> <span class='ocrx_word' id='word_1_61' title='bbox 464 1025 733 1096; x_wconf 63' lang='lat' dir='ltr'><strong>justitiaa,</strong></span> <span class='ocrx_word' id='word_1_62' title='bbox 757 1025 1072 1081; x_wconf 89' lang='lat' dir='ltr'><strong>secundum</strong></span> <span class='ocrx_word' id='word_1_63' title='bbox 1097 1026 1245 1096; x_wconf 91' lang='lat' dir='ltr'><strong>quod</strong></span> <span class='ocrx_word' id='word_1_64' title='bbox 1269 1031 1356 1082; x_wconf 90' lang='lat' dir='ltr'><strong>est</strong></span> <span class='ocrx_word' id='word_1_65' title='bbox 1378 1025 1670 1095; x_wconf 83' lang='lat' dir='ltr'><strong>possibile,</strong></span> <span class='ocrx_word' id='word_1_66' title='bbox 1703 1023 1844 1082; x_wconf 86' lang='lat' dir='ltr'><strong>dile-</strong></span> 
     </span>
    </p>
   </div>
   <div class='ocr_carea' id='block_1_10' title="bbox 230 1104 1841 1206">
    <p class='ocr_par' dir='ltr' id='par_1_10' title="bbox 230 1104 1841 1206">
     <span class='ocr_line' id='line_1_10' title="bbox 230 1104 1841 1206; baseline 0 -37"><span class='ocrx_word' id='word_1_67' title='bbox 230 1119 418 1170; x_wconf 89' lang='lat' dir='ltr'><strong>ctores</strong></span> <span class='ocrx_word' id='word_1_68' title='bbox 431 1119 486 1170; x_wconf 92' lang='lat' dir='ltr'><strong>et</strong></span> <span class='ocrx_word' id='word_1_69' title='bbox 505 1114 824 1170; x_wconf 89' lang='lat' dir='ltr'><strong>imitatores</strong></span> <span class='ocrx_word' id='word_1_70' title='bbox 840 1129 1197 1186; x_wconf 88' lang='lat' dir='ltr'><strong>nequaquam</strong></span> <span class='ocrx_word' id='word_1_71' title='bbox 1213 1115 1443 1185; x_wconf 91' lang='lat' dir='ltr'><strong>quidem</strong></span> <span class='ocrx_word' id='word_1_72' title='bbox 1456 1104 1841 1206; x_wconf 47' lang='grc' dir='ltr'><strong>θὲξὶεζςᾳξθε</strong></span> 
     </span>
    </p>
   </div>
   <div class='ocr_carea' id='block_1_11' title="bbox 239 1293 1844 1368">
    <p class='ocr_par' dir='ltr' id='par_1_11' title="bbox 239 1293 1844 1368">
     <span class='ocr_line' id='line_1_11' title="bbox 239 1293 1844 1368; baseline -0.001 -17"><span class='ocrx_word' id='word_1_73' title='bbox 239 1296 376 1351; x_wconf 91' lang='lat' dir='ltr'><strong>dum</strong></span> <span class='ocrx_word' id='word_1_74' title='bbox 399 1295 588 1349; x_wconf 89' lang='lat' dir='ltr'><strong>datam</strong></span> <span class='ocrx_word' id='word_1_75' title='bbox 612 1294 725 1349; x_wconf 90' lang='lat' dir='ltr'><strong>sibi</strong></span> <span class='ocrx_word' id='word_1_76' title='bbox 741 1293 1040 1364; x_wconf 89' lang='lat' dir='ltr'><strong>potestatis</strong></span> <span class='ocrx_word' id='word_1_77' title='bbox 1058 1307 1402 1368; x_wconf 63' lang='lat' dir='ltr'><strong>mensuram,</strong></span> <span class='ocrx_word' id='word_1_78' title='bbox 1421 1294 1480 1368; x_wconf 78' lang='lat' dir='ltr'><strong>in</strong></span> <span class='ocrx_word' id='word_1_79' title='bbox 1502 1293 1844 1351; x_wconf 78' lang='lat' dir='ltr'><strong>ecclesiasti-</strong></span> 
     </span>
    </p>
   </div>
   <div class='ocr_carea' id='block_1_12' title="bbox 233 1363 1910 1472">
    <p class='ocr_par' dir='ltr' id='par_1_12' title="bbox 233 1363 1910 1472">
     <span class='ocr_line' id='line_1_12' title="bbox 233 1363 1910 1472; baseline -0.001 -33"><span class='ocrx_word' id='word_1_80' title='bbox 233 1383 321 1440; x_wconf 86' lang='lat' dir='ltr'><strong>cis</strong></span> <span class='ocrx_word' id='word_1_81' title='bbox 353 1383 600 1455; x_wconf 85' lang='lat' dir='ltr'><strong>negotiis</strong></span> <span class='ocrx_word' id='word_1_82' title='bbox 631 1363 779 1438; x_wconf 88' lang='lat' dir='ltr'><strong>nihil</strong></span> <span class='ocrx_word' id='word_1_83' title='bbox 812 1383 1062 1439; x_wconf 89' lang='lat' dir='ltr'><strong>tacuisse</strong></span> <span class='ocrx_word' id='word_1_84' title='bbox 1092 1387 1342 1472; x_wconf 75' lang='lat' dir='ltr'><strong>patescat</strong></span> <span class='ocrx_word' id='word_1_85' title='bbox 1361 1363 1864 1472; x_wconf 40' lang='lat' dir='ltr'><strong>Q&#39;Eqa‘glpggm,</strong></span> <span class='ocrx_word' id='word_1_86' title='bbox 1891 1434 1910 1453; x_wconf 83' lang='grc'><em>,</em></span> 
     </span>
    </p>
   </div>
   <div class='ocr_carea' id='block_1_13' title="bbox 234 1457 1938 1568">
    <p class='ocr_par' dir='ltr' id='par_1_13' title="bbox 234 1457 1938 1568">
     <span class='ocr_line' id='line_1_13' title="bbox 234 1457 1938 1568; baseline 0.002 -40"><span class='ocrx_word' id='word_1_87' title='bbox 234 1472 444 1529; x_wconf 85' lang='lat' dir='ltr'><strong>bentur</strong></span> <span class='ocrx_word' id='word_1_88' title='bbox 463 1477 634 1544; x_wconf 88' lang='lat' dir='ltr'><strong>atque</strong></span> <span class='ocrx_word' id='word_1_89' title='bbox 655 1473 1034 1543; x_wconf 79' lang='lat' dir='ltr'><strong>conveniunt;</strong></span> <span class='ocrx_word' id='word_1_90' title='bbox 1055 1457 1864 1549; x_wconf 54' lang='lat' dir='ltr'><strong>deposciirihs&#39;et&#39;r&#39;eli&#39;gfoéem:</strong></span> <span class='ocrx_word' id='word_1_91' title='bbox 1880 1487 1938 1568; x_wconf 55' lang='grc' dir='ltr'><strong>,ος</strong></span> 
     </span>
    </p>
   </div>
   <div class='ocr_carea' id='block_1_14' title="bbox 232 1563 1847 1635">
    <p class='ocr_par' dir='ltr' id='par_1_14' title="bbox 232 1563 1847 1635">
     <span class='ocr_line' id='line_1_14' title="bbox 232 1563 1847 1635; baseline 0.001 -19"><span class='ocrx_word' id='word_1_92' title='bbox 232 1567 498 1631; x_wconf 83' lang='lat' dir='ltr'><strong>vestram,</strong></span> <span class='ocrx_word' id='word_1_93' title='bbox 539 1567 603 1618; x_wconf 90' lang='lat' dir='ltr'><strong>ut</strong></span> <span class='ocrx_word' id='word_1_94' title='bbox 625 1563 814 1618; x_wconf 81' lang='lat' dir='ltr'><strong>omnis</strong></span> <span class='ocrx_word' id='word_1_95' title='bbox 851 1563 1050 1635; x_wconf 69' lang='lat' dir='ltr'><strong>gratiae</strong></span> <span class='ocrx_word' id='word_1_96' title='bbox 1078 1577 1144 1620; x_wconf 90' lang='lat' dir='ltr'><strong>ac</strong></span> <span class='ocrx_word' id='word_1_97' title='bbox 1173 1563 1294 1620; x_wconf 90' lang='lat' dir='ltr'><strong>odii</strong></span> <span class='ocrx_word' id='word_1_98' title='bbox 1319 1577 1469 1619; x_wconf 89' lang='lat' dir='ltr'><strong>nunc</strong></span> <span class='ocrx_word' id='word_1_99' title='bbox 1492 1563 1735 1618; x_wconf 83' lang='lat' dir='ltr'><strong>maxime</strong></span> <span class='ocrx_word' id='word_1_100' title='bbox 1755 1577 1847 1618; x_wconf 92' lang='lat' dir='ltr'><strong>su-</strong></span> 
     </span>
    </p>
   </div>
   <div class='ocr_carea' id='block_1_15' title="bbox 233 1650 1845 1723">
    <p class='ocr_par' dir='ltr' id='par_1_15' title="bbox 233 1650 1845 1723">
     <span class='ocr_line' id='line_1_15' title="bbox 233 1650 1845 1723; baseline -0.001 -16"><span class='ocrx_word' id='word_1_101' title='bbox 233 1651 484 1722; x_wconf 87' lang='lat' dir='ltr'><strong>peratrix</strong></span> <span class='ocrx_word' id='word_1_102' title='bbox 497 1650 812 1722; x_wconf 86' lang='lat' dir='ltr'><strong>efﬁciatur;</strong></span> <span class='ocrx_word' id='word_1_103' title='bbox 835 1653 973 1723; x_wconf 90' lang='lat' dir='ltr'><strong>quin</strong></span> <span class='ocrx_word' id='word_1_104' title='bbox 990 1653 1184 1722; x_wconf 90' lang='lat' dir='ltr'><strong>potius</strong></span> <span class='ocrx_word' id='word_1_105' title='bbox 1193 1657 1250 1709; x_wconf 93' lang='lat' dir='ltr'><strong>et</strong></span> <span class='ocrx_word' id='word_1_106' title='bbox 1267 1651 1614 1722; x_wconf 87' lang='lat' dir='ltr'><strong>impassibili</strong></span> <span class='ocrx_word' id='word_1_107' title='bbox 1633 1651 1845 1708; x_wconf 72' lang='lat' dir='ltr'><strong>beatae—</strong></span> 
     </span>
    </p>
   </div>
   <div class='ocr_carea' id='block_1_16' title="bbox 235 1741 1839 1814">
    <p class='ocr_par' dir='ltr' id='par_1_16' title="bbox 235 1741 1839 1814">
     <span class='ocr_line' id='line_1_16' title="bbox 235 1741 1839 1814; baseline -0.001 -16"><span class='ocrx_word' id='word_1_108' title='bbox 235 1756 342 1812; x_wconf 91' lang='lat' dir='ltr'><strong>que</strong></span> <span class='ocrx_word' id='word_1_109' title='bbox 391 1745 609 1797; x_wconf 69' lang='lat' dir='ltr'><strong>natura:</strong></span> <span class='ocrx_word' id='word_1_110' title='bbox 647 1743 716 1798; x_wconf 91' lang='lat' dir='ltr'><strong>ad</strong></span> <span class='ocrx_word' id='word_1_111' title='bbox 765 1755 1062 1812; x_wconf 88' lang='lat' dir='ltr'><strong>personam</strong></span> <span class='ocrx_word' id='word_1_112' title='bbox 1095 1757 1208 1799; x_wconf 91' lang='lat' dir='ltr'><strong>non</strong></span> <span class='ocrx_word' id='word_1_113' title='bbox 1239 1743 1652 1814; x_wconf 81' lang='lat' dir='ltr'><strong>accipiendam,</strong></span> <span class='ocrx_word' id='word_1_114' title='bbox 1685 1741 1839 1797; x_wconf 91' lang='lat' dir='ltr'><strong>omni</strong></span> 
     </span>
    </p>
   </div>
   <div class='ocr_carea' id='block_1_17' title="bbox 233 1831 1842 1902">
    <p class='ocr_par' dir='ltr' id='par_1_17' title="bbox 233 1831 1842 1902">
     <span class='ocr_line' id='line_1_17' title="bbox 233 1831 1842 1902; baseline -0.001 -14"><span class='ocrx_word' id='word_1_115' title='bbox 233 1831 456 1902; x_wconf 90' lang='lat' dir='ltr'><strong>robore,</strong></span> <span class='ocrx_word' id='word_1_116' title='bbox 481 1835 758 1902; x_wconf 89' lang='lat' dir='ltr'><strong>quantum</strong></span> <span class='ocrx_word' id='word_1_117' title='bbox 783 1831 906 1888; x_wconf 85' lang='lat' dir='ltr'><strong>ﬁeri</strong></span> <span class='ocrx_word' id='word_1_118' title='bbox 931 1836 1134 1902; x_wconf 87' lang='lat' dir='ltr'><strong>potest,</strong></span> <span class='ocrx_word' id='word_1_119' title='bbox 1157 1832 1546 1902; x_wconf 79' lang='lat' dir='ltr'><strong>assimiletur;</strong></span> <span class='ocrx_word' id='word_1_120' title='bbox 1571 1835 1626 1887; x_wconf 91' lang='lat' dir='ltr'><strong>et</strong></span> <span class='ocrx_word' id='word_1_121' title='bbox 1661 1845 1842 1902; x_wconf 91' lang='lat' dir='ltr'><strong>neque</strong></span> 
     </span>
    </p>
   </div>
   <div class='ocr_carea' id='block_1_18' title="bbox 239 1921 1845 1994">
    <p class='ocr_par' dir='ltr' id='par_1_18' title="bbox 239 1921 1845 1994">
     <span class='ocr_line' id='line_1_18' title="bbox 239 1921 1845 1994; baseline 0.001 -18"><span class='ocrx_word' id='word_1_122' title='bbox 239 1933 536 1990; x_wconf 90' lang='lat' dir='ltr'><strong>personam</strong></span> <span class='ocrx_word' id='word_1_123' title='bbox 559 1922 809 1991; x_wconf 90' lang='lat' dir='ltr'><strong>potentis</strong></span> <span class='ocrx_word' id='word_1_124' title='bbox 831 1935 930 1992; x_wconf 90' lang='lat' dir='ltr'><strong>per</strong></span> <span class='ocrx_word' id='word_1_125' title='bbox 950 1923 1188 1994; x_wconf 80' lang='lat' dir='ltr'><strong>gradum</strong></span> <span class='ocrx_word' id='word_1_126' title='bbox 1210 1922 1296 1978; x_wconf 85' lang='lat' dir='ltr'><strong>vel</strong></span> <span class='ocrx_word' id='word_1_127' title='bbox 1313 1936 1410 1991; x_wconf 91' lang='lat' dir='ltr'><strong>per</strong></span> <span class='ocrx_word' id='word_1_128' title='bbox 1424 1921 1740 1977; x_wconf 89' lang='lat' dir='ltr'><strong>amicitiam</strong></span> <span class='ocrx_word' id='word_1_129' title='bbox 1757 1934 1845 1977; x_wconf 88' lang='lat' dir='ltr'><strong>ac-</strong></span> 
     </span>
    </p>
   </div>
   <div class='ocr_carea' id='block_1_19' title="bbox 236 2011 1843 2082">
    <p class='ocr_par' dir='ltr' id='par_1_19' title="bbox 236 2011 1843 2082">
     <span class='ocr_line' id='line_1_19' title="bbox 236 2011 1843 2082; baseline -0.001 -16"><span class='ocrx_word' id='word_1_130' title='bbox 236 2011 435 2081; x_wconf 89' lang='lat' dir='ltr'><strong>cipiat,</strong></span> <span class='ocrx_word' id='word_1_131' title='bbox 470 2025 652 2082; x_wconf 88' lang='lat' dir='ltr'><strong>neque</strong></span> <span class='ocrx_word' id='word_1_132' title='bbox 685 2011 953 2081; x_wconf 89' lang='lat' dir='ltr'><strong>pauperis</strong></span> <span class='ocrx_word' id='word_1_133' title='bbox 983 2011 1323 2068; x_wconf 89' lang='lat' dir='ltr'><strong>misereatur</strong></span> <span class='ocrx_word' id='word_1_134' title='bbox 1351 2012 1412 2067; x_wconf 92' lang='lat' dir='ltr'><strong>in</strong></span> <span class='ocrx_word' id='word_1_135' title='bbox 1438 2011 1702 2081; x_wconf 89' lang='lat' dir='ltr'><strong>judicio:</strong></span> <span class='ocrx_word' id='word_1_136' title='bbox 1757 2011 1843 2066; x_wconf 91' lang='lat' dir='ltr'><strong>sic</strong></span> 
     </span>
    </p>
   </div>
   <div class='ocr_carea' id='block_1_20' title="bbox 235 2099 1839 2172">
    <p class='ocr_par' dir='ltr' id='par_1_20' title="bbox 235 2099 1839 2172">
     <span class='ocr_line' id='line_1_20' title="bbox 235 2099 1839 2172; baseline 0 -18"><span class='ocrx_word' id='word_1_137' title='bbox 235 2100 387 2156; x_wconf 91' lang='lat' dir='ltr'><strong>enim</strong></span> <span class='ocrx_word' id='word_1_138' title='bbox 401 2101 714 2157; x_wconf 90' lang='lat' dir='ltr'><strong>secundum</strong></span> <span class='ocrx_word' id='word_1_139' title='bbox 728 2100 1038 2158; x_wconf 89' lang='lat' dir='ltr'><strong>consilium</strong></span> <span class='ocrx_word' id='word_1_140' title='bbox 1058 2102 1334 2172; x_wconf 88' lang='lat' dir='ltr'><strong>utiqueac</strong></span> <span class='ocrx_word' id='word_1_141' title='bbox 1351 2100 1696 2156; x_wconf 87' lang='lat' dir='ltr'><strong>voluntatem</strong></span> <span class='ocrx_word' id='word_1_142' title='bbox 1714 2099 1839 2167; x_wconf 93' lang='lat' dir='ltr'><strong>Dei,</strong></span> 
     </span>
    </p>
   </div>
   <div class='ocr_carea' id='block_1_21' title="bbox 233 2188 1842 2260">
    <p class='ocr_par' dir='ltr' id='par_1_21' title="bbox 233 2188 1842 2260">
     <span class='ocr_line' id='line_1_21' title="bbox 233 2188 1842 2260; baseline -0.001 -15"><span class='ocrx_word' id='word_1_143' title='bbox 233 2192 406 2260; x_wconf 90' lang='lat' dir='ltr'><strong>atque</strong></span> <span class='ocrx_word' id='word_1_144' title='bbox 445 2189 919 2260; x_wconf 89' lang='lat' dir='ltr'><strong>tranquillissimi</strong></span> <span class='ocrx_word' id='word_1_145' title='bbox 964 2191 1190 2260; x_wconf 91' lang='lat' dir='ltr'><strong>imperii</strong></span> <span class='ocrx_word' id='word_1_146' title='bbox 1228 2190 1434 2258; x_wconf 90' lang='lat' dir='ltr'><strong>nostri,</strong></span> <span class='ocrx_word' id='word_1_147' title='bbox 1479 2188 1842 2260; x_wconf 87' lang='lat' dir='ltr'><strong>pacatissima</strong></span> 
     </span>
    </p>
   </div>
   <div class='ocr_carea' id='block_1_22' title="bbox 235 2277 1846 2349">
    <p class='ocr_par' dir='ltr' id='par_1_22' title="bbox 235 2277 1846 2349">
     <span class='ocr_line' id='line_1_22' title="bbox 235 2277 1846 2349; baseline -0.001 -15"><span class='ocrx_word' id='word_1_148' title='bbox 235 2278 999 2349; x_wconf 90' lang='lat' dir='ltr'><strong>subsequeturecclesiarum</strong></span> <span class='ocrx_word' id='word_1_149' title='bbox 1033 2279 1346 2336; x_wconf 89' lang='lat' dir='ltr'><strong>ordinatio.</strong></span> <span class='ocrx_word' id='word_1_150' title='bbox 1380 2281 1452 2335; x_wconf 91' lang='lat' dir='ltr'><strong>Et</strong></span> <span class='ocrx_word' id='word_1_151' title='bbox 1479 2283 1608 2349; x_wconf 91' lang='lat' dir='ltr'><strong>post</strong></span> <span class='ocrx_word' id='word_1_152' title='bbox 1637 2277 1846 2334; x_wconf 88' lang='lat' dir='ltr'><strong>lectio-</strong></span> 
     </span>
    </p>
   </div>
   <div class='ocr_carea' id='block_1_23' title="bbox 239 2365 1847 2437">
    <p class='ocr_par' dir='ltr' id='par_1_23' title="bbox 239 2365 1847 2437">
     <span class='ocr_line' id='line_1_23' title="bbox 239 2365 1847 2437; baseline 0 -15"><span class='ocrx_word' id='word_1_153' title='bbox 239 2381 386 2437; x_wconf 91' lang='lat' dir='ltr'><strong>nem,</strong></span> <span class='ocrx_word' id='word_1_154' title='bbox 407 2367 612 2422; x_wconf 90' lang='lat' dir='ltr'><strong>vicarii</strong></span> <span class='ocrx_word' id='word_1_155' title='bbox 628 2367 878 2424; x_wconf 91' lang='lat' dir='ltr'><strong>senioris</strong></span> <span class='ocrx_word' id='word_1_156' title='bbox 903 2368 1093 2424; x_wconf 69' lang='lat' dir='ltr'><strong>Romae</strong></span> <span class='ocrx_word' id='word_1_157' title='bbox 1110 2367 1414 2425; x_wconf 85' lang='lat' dir='ltr'><strong>dixerunt:</strong></span> <span class='ocrx_word' id='word_1_158' title='bbox 1455 2369 1565 2424; x_wconf 88' lang='lat' dir='ltr'><strong>Ista</strong></span> <span class='ocrx_word' id='word_1_159' title='bbox 1583 2381 1674 2423; x_wconf 91' lang='lat' dir='ltr'><strong>res</strong></span> <span class='ocrx_word' id='word_1_160' title='bbox 1703 2365 1847 2422; x_wconf 92' lang='lat' dir='ltr'><strong>uni—</strong></span> 
     </span>
    </p>
   </div>
   <div class='ocr_carea' id='block_1_24' title="bbox 240 2450 1846 2526">
    <p class='ocr_par' dir='ltr' id='par_1_24' title="bbox 240 2450 1846 2526">
     <span class='ocr_line' id='line_1_24' title="bbox 240 2450 1846 2526; baseline 0.001 -17"><span class='ocrx_word' id='word_1_161' title='bbox 240 2455 482 2512; x_wconf 89' lang='lat' dir='ltr'><strong>versalis</strong></span> <span class='ocrx_word' id='word_1_162' title='bbox 497 2460 602 2526; x_wconf 91' lang='lat' dir='ltr'><strong>est,</strong></span> <span class='ocrx_word' id='word_1_163' title='bbox 625 2460 683 2511; x_wconf 91' lang='lat' dir='ltr'><strong>et</strong></span> <span class='ocrx_word' id='word_1_164' title='bbox 704 2450 994 2526; x_wconf 81' lang='lat' dir='ltr'><strong>pertinens</strong></span> <span class='ocrx_word' id='word_1_165' title='bbox 1012 2457 1080 2512; x_wconf 88' lang='lat' dir='ltr'><strong>ad</strong></span> <span class='ocrx_word' id='word_1_166' title='bbox 1117 2456 1426 2512; x_wconf 86' lang='lat' dir='ltr'><strong>utilitatem</strong></span> <span class='ocrx_word' id='word_1_167' title='bbox 1460 2455 1761 2523; x_wconf 66' lang='lat' dir='ltr'><strong>Ecclesiae;</strong></span> <span class='ocrx_word' id='word_1_168' title='bbox 1789 2462 1846 2510; x_wconf 91' lang='lat' dir='ltr'><strong>et</strong></span> 
     </span>
    </p>
   </div>
   <div class='ocr_carea' id='block_1_25' title="bbox 241 2545 1840 2617">
    <p class='ocr_par' dir='ltr' id='par_1_25' title="bbox 241 2545 1840 2617">
     <span class='ocr_line' id='line_1_25' title="bbox 241 2545 1840 2617; baseline -0.001 -17"><span class='ocrx_word' id='word_1_169' title='bbox 241 2545 347 2602; x_wconf 88' lang='lat' dir='ltr'><strong>hoc</strong></span> <span class='ocrx_word' id='word_1_170' title='bbox 363 2545 595 2601; x_wconf 90' lang='lat' dir='ltr'><strong>recitari</strong></span> <span class='ocrx_word' id='word_1_171' title='bbox 610 2549 819 2602; x_wconf 68' lang='lat' dir='ltr'><strong>sancta:</strong></span> <span class='ocrx_word' id='word_1_172' title='bbox 835 2547 1050 2616; x_wconf 84' lang='lat' dir='ltr'><strong>synodo</strong></span> <span class='ocrx_word' id='word_1_173' title='bbox 1071 2545 1270 2617; x_wconf 90' lang='lat' dir='ltr'><strong>placet,</strong></span> <span class='ocrx_word' id='word_1_174' title='bbox 1284 2551 1340 2602; x_wconf 92' lang='lat' dir='ltr'><strong>et</strong></span> <span class='ocrx_word' id='word_1_175' title='bbox 1375 2545 1540 2602; x_wconf 92' lang='lat' dir='ltr'><strong>nobis</strong></span> <span class='ocrx_word' id='word_1_176' title='bbox 1553 2546 1840 2602; x_wconf 90' lang='lat' dir='ltr'><strong>omnibus.</strong></span> 
     </span>
    </p>
   </div>
   <div class='ocr_carea' id='block_1_26' title="bbox 240 2635 1847 2692">
    <p class='ocr_par' dir='ltr' id='par_1_26' title="bbox 240 2635 1847 2692">
     <span class='ocr_line' id='line_1_26' title="bbox 240 2635 1847 2692; baseline 0.002 -3"><span class='ocrx_word' id='word_1_177' title='bbox 240 2635 485 2690; x_wconf 88' lang='lat' dir='ltr'><strong>Thomas</strong></span> <span class='ocrx_word' id='word_1_178' title='bbox 512 2639 568 2690; x_wconf 91' lang='lat' dir='ltr'><strong>et</strong></span> <span class='ocrx_word' id='word_1_179' title='bbox 586 2635 744 2690; x_wconf 90' lang='lat' dir='ltr'><strong>Elias</strong></span> <span class='ocrx_word' id='word_1_180' title='bbox 779 2635 1130 2692; x_wconf 87' lang='lat' dir='ltr'><strong>sanctissimi</strong></span> <span class='ocrx_word' id='word_1_181' title='bbox 1159 2635 1364 2691; x_wconf 90' lang='lat' dir='ltr'><strong>vicarii</strong></span> <span class='ocrx_word' id='word_1_182' title='bbox 1394 2635 1650 2692; x_wconf 91' lang='lat' dir='ltr'><strong>Orientis</strong></span> <span class='ocrx_word' id='word_1_183' title='bbox 1675 2635 1847 2692; x_wconf 87' lang='lat' dir='ltr'><strong>dixe-</strong></span> 
     </span>
    </p>
   </div>
   <div class='ocr_carea' id='block_1_27' title="bbox 235 2723 1844 2800">
    <p class='ocr_par' dir='ltr' id='par_1_27' title="bbox 235 2723 1844 2800">
     <span class='ocr_line' id='line_1_27' title="bbox 235 2723 1844 2800; baseline 0.001 -20"><span class='ocrx_word' id='word_1_184' title='bbox 235 2729 397 2780; x_wconf 77' lang='lat' dir='ltr'><strong>runt;</strong></span> <span class='ocrx_word' id='word_1_185' title='bbox 432 2723 658 2780; x_wconf 88' lang='lat' dir='ltr'><strong>Placuit</strong></span> <span class='ocrx_word' id='word_1_186' title='bbox 689 2727 746 2779; x_wconf 91' lang='lat' dir='ltr'><strong>et</strong></span> <span class='ocrx_word' id='word_1_187' title='bbox 782 2724 1290 2800; x_wconf 76' lang='lat' dir='ltr'><strong>nobis&#39;similiter;</strong></span> <span class='ocrx_word' id='word_1_188' title='bbox 1328 2729 1385 2780; x_wconf 92' lang='lat' dir='ltr'><strong>et</strong></span> <span class='ocrx_word' id='word_1_189' title='bbox 1419 2737 1578 2780; x_wconf 88' lang='lat' dir='ltr'><strong>sacer</strong></span> <span class='ocrx_word' id='word_1_190' title='bbox 1611 2730 1844 2782; x_wconf 90' lang='lat' dir='ltr'><strong>senatus</strong></span> 
     </span>
    </p>
   </div>
   <div class='ocr_carea' id='block_1_28' title="bbox 231 2813 1840 2886">
    <p class='ocr_par' dir='ltr' id='par_1_28' title="bbox 231 2813 1840 2886">
     <span class='ocr_line' id='line_1_28' title="bbox 231 2813 1840 2886; baseline 0.001 -17"><span class='ocrx_word' id='word_1_191' title='bbox 231 2813 386 2869; x_wconf 84' lang='lat' dir='ltr'><strong>dixit</strong></span> <span class='ocrx_word' id='word_1_192' title='bbox 403 2830 416 2866; x_wconf 91' lang='lat'><strong>:</strong></span> <span class='ocrx_word' id='word_1_193' title='bbox 432 2815 502 2868; x_wconf 88' lang='lat' dir='ltr'><strong>Et</strong></span> <span class='ocrx_word' id='word_1_194' title='bbox 519 2813 687 2870; x_wconf 89' lang='lat' dir='ltr'><strong>nobis</strong></span> <span class='ocrx_word' id='word_1_195' title='bbox 703 2815 972 2870; x_wconf 87' lang='lat' dir='ltr'><strong>omnibus</strong></span> <span class='ocrx_word' id='word_1_196' title='bbox 991 2815 1226 2884; x_wconf 85' lang='lat' dir='ltr'><strong>placuit.</strong></span> <span class='ocrx_word' id='word_1_197' title='bbox 1252 2817 1322 2871; x_wconf 88' lang='lat' dir='ltr'><strong>Et</strong></span> <span class='ocrx_word' id='word_1_198' title='bbox 1355 2827 1596 2886; x_wconf 82' lang='lat' dir='ltr'><strong>surgens</strong></span> <span class='ocrx_word' id='word_1_199' title='bbox 1634 2814 1840 2871; x_wconf 88' lang='lat' dir='ltr'><strong>iterum</strong></span> 
     </span>
    </p>
   </div>
   <div class='ocr_carea' id='block_1_29' title="bbox 236 2901 1834 2975">
    <p class='ocr_par' dir='ltr' id='par_1_29' title="bbox 236 2901 1834 2975">
     <span class='ocr_line' id='line_1_29' title="bbox 236 2901 1834 2975; baseline 0 -17"><span class='ocrx_word' id='word_1_200' title='bbox 236 2903 489 2959; x_wconf 88' lang='lat' dir='ltr'><strong>Bahanes</strong></span> <span class='ocrx_word' id='word_1_201' title='bbox 501 2901 924 2960; x_wconf 90' lang='lat' dir='ltr'><strong>famosissimus</strong></span> <span class='ocrx_word' id='word_1_202' title='bbox 942 2903 1222 2973; x_wconf 91' lang='lat' dir='ltr'><strong>patricius</strong></span> <span class='ocrx_word' id='word_1_203' title='bbox 1233 2908 1290 2959; x_wconf 90' lang='lat' dir='ltr'><strong>et</strong></span> <span class='ocrx_word' id='word_1_204' title='bbox 1302 2903 1834 2975; x_wconf 70' lang='lat' dir='ltr'><strong>praepositusdixit:</strong></span> 
     </span>
    </p>
   </div>
   <div class='ocr_carea' id='block_1_30' title="bbox 241 2991 1841 3064">
    <p class='ocr_par' dir='ltr' id='par_1_30' title="bbox 241 2991 1841 3064">
     <span class='ocr_line' id='line_1_30' title="bbox 241 2991 1841 3064; baseline 0.002 -18"><span class='ocrx_word' id='word_1_205' title='bbox 241 2991 502 3062; x_wconf 85' lang='lat' dir='ltr'><strong>Episcopi</strong></span> <span class='ocrx_word' id='word_1_206' title='bbox 551 2996 752 3062; x_wconf 90' lang='lat' dir='ltr'><strong>petunt</strong></span> <span class='ocrx_word' id='word_1_207' title='bbox 781 3007 894 3049; x_wconf 87' lang='lat' dir='ltr'><strong>una</strong></span> <span class='ocrx_word' id='word_1_208' title='bbox 923 3007 1052 3051; x_wconf 91' lang='lat' dir='ltr'><strong>cum</strong></span> <span class='ocrx_word' id='word_1_209' title='bbox 1087 2999 1308 3064; x_wconf 91' lang='lat' dir='ltr'><strong>senatu,</strong></span> <span class='ocrx_word' id='word_1_210' title='bbox 1344 2999 1408 3049; x_wconf 90' lang='lat' dir='ltr'><strong>ut</strong></span> <span class='ocrx_word' id='word_1_211' title='bbox 1449 2993 1841 3050; x_wconf 85' lang='lat' dir='ltr'><strong>certiticentur</strong></span> 
     </span>
    </p>
   </div>
   <div class='ocr_carea' id='block_1_31' title="bbox 1949 505 3548 578">
    <p class='ocr_par' dir='ltr' id='par_1_31' title="bbox 1949 505 3548 578">
     <span class='ocr_line' id='line_1_31' title="bbox 1949 505 3548 578; baseline -0.001 -16"><span class='ocrx_word' id='word_1_212' title='bbox 1949 522 2074 566; x_wconf 90' lang='lat' dir='ltr'><strong>rum</strong></span> <span class='ocrx_word' id='word_1_213' title='bbox 2117 508 2546 578; x_wconf 90' lang='lat' dir='ltr'><strong>imperatorum,</strong></span> <span class='ocrx_word' id='word_1_214' title='bbox 2569 511 2626 562; x_wconf 92' lang='lat' dir='ltr'><strong>et</strong></span> <span class='ocrx_word' id='word_1_215' title='bbox 2663 506 2980 576; x_wconf 88' lang='lat' dir='ltr'><strong>reperimus</strong></span> <span class='ocrx_word' id='word_1_216' title='bbox 3019 506 3080 560; x_wconf 91' lang='lat' dir='ltr'><strong>in</strong></span> <span class='ocrx_word' id='word_1_217' title='bbox 3119 505 3312 561; x_wconf 92' lang='lat' dir='ltr'><strong>eadem</strong></span> <span class='ocrx_word' id='word_1_218' title='bbox 3353 507 3548 561; x_wconf 87' lang='lat' dir='ltr'><strong>sancta</strong></span> 
     </span>
    </p>
   </div>
   <div class='ocr_carea' id='block_1_32' title="bbox 1946 595 3553 664">
    <p class='ocr_par' dir='ltr' id='par_1_32' title="bbox 1946 595 3553 664">
     <span class='ocr_line' id='line_1_32' title="bbox 1946 595 3553 664; baseline -0.003 -10"><span class='ocrx_word' id='word_1_219' title='bbox 1946 597 2711 664; x_wconf 90' lang='lat' dir='ltr'><strong>Constantinopolitanorum</strong></span> <span class='ocrx_word' id='word_1_220' title='bbox 2735 595 2986 650; x_wconf 89' lang='lat' dir='ltr'><strong>Ecclesia</strong></span> <span class='ocrx_word' id='word_1_221' title='bbox 3000 595 3428 650; x_wconf 91' lang='lat' dir='ltr'><strong>sanctissimum</strong></span> <span class='ocrx_word' id='word_1_222' title='bbox 3443 607 3553 664; x_wconf 85' lang='lat' dir='ltr'><strong>pa-</strong></span> 
     </span>
    </p>
   </div>
   <div class='ocr_carea' id='block_1_33' title="bbox 1949 683 3554 754">
    <p class='ocr_par' dir='ltr' id='par_1_33' title="bbox 1949 683 3554 754">
     <span class='ocr_line' id='line_1_33' title="bbox 1949 683 3554 754; baseline -0.003 -11"><span class='ocrx_word' id='word_1_223' title='bbox 1949 688 2260 744; x_wconf 88' lang='lat' dir='ltr'><strong>triarcham</strong></span> <span class='ocrx_word' id='word_1_224' title='bbox 2275 686 2582 754; x_wconf 72' lang='lat' dir='ltr'><strong>Ignatium,</strong></span> <span class='ocrx_word' id='word_1_225' title='bbox 2597 690 2653 740; x_wconf 88' lang='lat' dir='ltr'><strong>et</strong></span> <span class='ocrx_word' id='word_1_226' title='bbox 2665 698 2777 754; x_wconf 70' lang='lat' dir='ltr'><strong>pra:</strong></span> <span class='ocrx_word' id='word_1_227' title='bbox 2800 684 3065 740; x_wconf 90' lang='lat' dir='ltr'><strong>manibus</strong></span> <span class='ocrx_word' id='word_1_228' title='bbox 3087 683 3362 739; x_wconf 84' lang='lat' dir='ltr'><strong>habemus</strong></span> <span class='ocrx_word' id='word_1_229' title='bbox 3389 683 3554 748; x_wconf 84' lang='lat' dir='ltr'><strong>epis—</strong></span> 
     </span>
    </p>
   </div>
   <div class='ocr_carea' id='block_1_34' title="bbox 1949 773 3552 847">
    <p class='ocr_par' dir='ltr' id='par_1_34' title="bbox 1949 773 3552 847">
     <span class='ocr_line' id='line_1_34' title="bbox 1949 773 3552 847; baseline -0.002 -14"><span class='ocrx_word' id='word_1_230' title='bbox 1949 778 2148 846; x_wconf 90' lang='lat' dir='ltr'><strong>tolam,</strong></span> <span class='ocrx_word' id='word_1_231' title='bbox 2191 789 2360 847; x_wconf 91' lang='lat' dir='ltr'><strong>quam</strong></span> <span class='ocrx_word' id='word_1_232' title='bbox 2410 775 2736 830; x_wconf 89' lang='lat' dir='ltr'><strong>transmisit</strong></span> <span class='ocrx_word' id='word_1_233' title='bbox 2773 773 3104 842; x_wconf 88' lang='lat' dir='ltr'><strong>imperatori</strong></span> <span class='ocrx_word' id='word_1_234' title='bbox 3148 773 3552 829; x_wconf 89' lang='lat' dir='ltr'><strong>sanctissimus</strong></span> 
     </span>
    </p>
   </div>
   <div class='ocr_carea' id='block_1_35' title="bbox 1952 861 3547 938">
    <p class='ocr_par' dir='ltr' id='par_1_35' title="bbox 1952 861 3547 938">
     <span class='ocr_line' id='line_1_35' title="bbox 1952 861 3547 938; baseline -0.004 -15"><span class='ocrx_word' id='word_1_235' title='bbox 1952 881 2095 938; x_wconf 89' lang='lat' dir='ltr'><strong>papa</strong></span> <span class='ocrx_word' id='word_1_236' title='bbox 2117 866 2458 936; x_wconf 84' lang='lat' dir='ltr'><strong>Hadrianus,</strong></span> <span class='ocrx_word' id='word_1_237' title='bbox 2483 865 2581 934; x_wconf 91' lang='lat' dir='ltr'><strong>qui</strong></span> <span class='ocrx_word' id='word_1_238' title='bbox 2615 865 2785 920; x_wconf 89' lang='lat' dir='ltr'><strong>etiam</strong></span> <span class='ocrx_word' id='word_1_239' title='bbox 2818 867 3147 932; x_wconf 83' lang='lat' dir='ltr'><strong>potestatem</strong></span> <span class='ocrx_word' id='word_1_240' title='bbox 3173 863 3340 919; x_wconf 91' lang='lat' dir='ltr'><strong>nobis</strong></span> <span class='ocrx_word' id='word_1_241' title='bbox 3367 861 3547 934; x_wconf 79' lang='lat' dir='ltr'><strong>dedit,</strong></span> 
     </span>
    </p>
   </div>
   <div class='ocr_carea' id='block_1_36' title="bbox 1952 952 3553 1025">
    <p class='ocr_par' dir='ltr' id='par_1_36' title="bbox 1952 952 3553 1025">
     <span class='ocr_line' id='line_1_36' title="bbox 1952 952 3553 1025; baseline -0.003 -12"><span class='ocrx_word' id='word_1_242' title='bbox 1952 961 2035 1021; x_wconf 86' lang='lat' dir='ltr'><strong>ut,</strong></span> <span class='ocrx_word' id='word_1_243' title='bbox 2050 957 2362 1012; x_wconf 89' lang='lat' dir='ltr'><strong>secundum</strong></span> <span class='ocrx_word' id='word_1_244' title='bbox 2379 955 2528 1025; x_wconf 92' lang='lat' dir='ltr'><strong>quod</strong></span> <span class='ocrx_word' id='word_1_245' title='bbox 2544 953 2914 1009; x_wconf 87' lang='lat' dir='ltr'><strong>beatissimus</strong></span> <span class='ocrx_word' id='word_1_246' title='bbox 2927 966 3068 1022; x_wconf 89' lang='lat' dir='ltr'><strong>papa</strong></span> <span class='ocrx_word' id='word_1_247' title='bbox 3080 952 3553 1020; x_wconf 89' lang='lat' dir='ltr'><strong>Nicolausdispo-</strong></span> 
     </span>
    </p>
   </div>
   <div class='ocr_carea' id='block_1_37' title="bbox 1951 1040 3548 1112">
    <p class='ocr_par' dir='ltr' id='par_1_37' title="bbox 1951 1040 3548 1112">
     <span class='ocr_line' id='line_1_37' title="bbox 1951 1040 3548 1112; baseline -0.004 -10"><span class='ocrx_word' id='word_1_248' title='bbox 1951 1047 2072 1102; x_wconf 88' lang='lat' dir='ltr'><strong>suit</strong></span> <span class='ocrx_word' id='word_1_249' title='bbox 2109 1047 2180 1102; x_wconf 92' lang='lat' dir='ltr'><strong>de</strong></span> <span class='ocrx_word' id='word_1_250' title='bbox 2239 1048 2432 1100; x_wconf 90' lang='lat' dir='ltr'><strong>sancta</strong></span> <span class='ocrx_word' id='word_1_251' title='bbox 2471 1042 3234 1112; x_wconf 89' lang='lat' dir='ltr'><strong>Constantinopolitanorum</strong></span> <span class='ocrx_word' id='word_1_252' title='bbox 3275 1040 3548 1108; x_wconf 85' lang='lat' dir='ltr'><strong>Ecclesia,</strong></span> 
     </span>
    </p>
   </div>
   <div class='ocr_carea' id='block_1_38' title="bbox 1921 1131 3548 1216">
    <p class='ocr_par' dir='ltr' id='par_1_38' title="bbox 1921 1131 3548 1216">
     <span class='ocr_line' id='line_1_38' title="bbox 1921 1131 3548 1216; baseline -0.005 -23"><span class='ocrx_word' id='word_1_253' title='bbox 1921 1135 2438 1216; x_wconf 42' lang='lat' dir='ltr'><strong>gitqoordinemus,</strong></span> <span class='ocrx_word' id='word_1_254' title='bbox 2489 1137 2554 1189; x_wconf 91' lang='lat' dir='ltr'><strong>ut</strong></span> <span class='ocrx_word' id='word_1_255' title='bbox 2601 1133 2959 1189; x_wconf 89' lang='lat' dir='ltr'><strong>moderemur</strong></span> <span class='ocrx_word' id='word_1_256' title='bbox 3016 1136 3189 1202; x_wconf 89' lang='lat' dir='ltr'><strong>atque</strong></span> <span class='ocrx_word' id='word_1_257' title='bbox 3235 1131 3548 1201; x_wconf 79' lang='lat' dir='ltr'><strong>firmemus,</strong></span> 
     </span>
    </p>
   </div>
   <div class='ocr_carea' id='block_1_39' title="bbox 232 1181 1840 1310">
    <p class='ocr_par' dir='ltr' id='par_1_39' title="bbox 232 1181 1840 1283">
     <span class='ocr_line' id='line_1_39' title="bbox 232 1181 1840 1283; baseline -0.001 -22"><span class='ocrx_word' id='word_1_258' title='bbox 232 1205 328 1262; x_wconf 91' lang='lat' dir='ltr'><strong>sed</strong></span> <span class='ocrx_word' id='word_1_259' title='bbox 345 1257 348 1260; x_wconf 83' lang='lat'><strong>.</strong></span> <span class='ocrx_word' id='word_1_260' title='bbox 367 1209 428 1260; x_wconf 95' lang='lat' dir='ltr'><strong>ut</strong></span> <span class='ocrx_word' id='word_1_261' title='bbox 456 1208 512 1259; x_wconf 93' lang='lat' dir='ltr'><strong>et</strong></span> <span class='ocrx_word' id='word_1_262' title='bbox 539 1206 654 1260; x_wconf 89' lang='lat' dir='ltr'><strong>Deo</strong></span> <span class='ocrx_word' id='word_1_263' title='bbox 686 1204 972 1261; x_wconf 89' lang='lat' dir='ltr'><strong>munitum</strong></span> <span class='ocrx_word' id='word_1_264' title='bbox 1006 1181 1312 1274; x_wconf 79' lang='lat' dir='ltr'><strong>imperium</strong></span> <span class='ocrx_word' id='word_1_265' title='bbox 1335 1181 1840 1283; x_wconf 62' lang='grc' dir='ltr'><strong>ηοειιιῖιίξέὲεὖῒέ-</strong></span> 
     </span>
    </p>
   </div>
   <div class='ocr_carea' id='block_1_40' title="bbox 1953 1181 3554 1310">
    <p class='ocr_par' dir='ltr' id='par_1_40' title="bbox 1953 1181 3554 1310">
     <span class='ocr_line' id='line_1_40' title="bbox 1953 1181 3554 1310; baseline -0.004 -29"><span class='ocrx_word' id='word_1_266' title='bbox 2053 1181 2760 1310; x_wconf 52' lang='grc' dir='ltr'><strong>έιίιξιῖὲέξνεὶἓέῖιῖ</strong></span> <span class='ocrx_word' id='word_1_267' title='bbox 2771 1181 2783 1188; x_wconf 79' lang='grc'><em>’</em></span> <span class='ocrx_word' id='word_1_268' title='bbox 2801 1181 3294 1292; x_wconf 52' lang='grc' dir='ltr'><strong>ᾖῖιᾷἰιρι-Ῑε’”“ιῖ‹ζεεὲ’ί</strong></span> <span class='ocrx_word' id='word_1_269' title='bbox 3312 1181 3450 1288; x_wconf 54' lang='lat' dir='ltr'><strong>EI</strong></span> <span class='ocrx_word' id='word_1_270' title='bbox 3463 1181 3554 1274; x_wconf 55' lang='grc' dir='ltr'><strong>1Ξὶ</strong></span> 
     </span>
    </p>
   </div>
   <div class='ocr_carea' id='block_1_41' title="bbox 1955 1299 3554 1386">
    <p class='ocr_par' dir='ltr' id='par_1_41' title="bbox 1955 1299 3554 1386">
     <span class='ocr_line' id='line_1_41' title="bbox 1955 1299 3554 1386; baseline -0.005 -14"><span class='ocrx_word' id='word_1_271' title='bbox 1955 1299 2236 1386; x_wconf 60' lang='lat' dir='ltr'><strong>dﬁm&#39;wsé</strong></span> <span class='ocrx_word' id='word_1_272' title='bbox 2249 1299 2672 1386; x_wconf 44' lang='lat' dir='ltr'><strong>saﬁdiizam&#39;ﬁs</strong></span> <span class='ocrx_word' id='word_1_273' title='bbox 2699 1311 3022 1368; x_wconf 85' lang='lat' dir='ltr'><strong>Hadrianus</strong></span> <span class='ocrx_word' id='word_1_274' title='bbox 3050 1310 3235 1366; x_wconf 90' lang='lat' dir='ltr'><strong>edidit</strong></span> <span class='ocrx_word' id='word_1_275' title='bbox 3263 1309 3554 1366; x_wconf 83' lang='lat' dir='ltr'><strong>conﬁrme-</strong></span> 
     </span>
    </p>
   </div>
   <div class='ocr_carea' id='block_1_42' title="bbox 1926 1399 3550 1487">
    <p class='ocr_par' dir='ltr' id='par_1_42' title="bbox 1926 1399 3550 1487">
     <span class='ocr_line' id='line_1_42' title="bbox 1926 1399 3550 1487; baseline -0.004 -27"><span class='ocrx_word' id='word_1_276' title='bbox 1926 1419 2100 1487; x_wconf 53' lang='grc' dir='ltr'>’ξιιιιες</span> <span class='ocrx_word' id='word_1_277' title='bbox 2122 1404 2304 1487; x_wconf 49' lang='lat' dir='ltr'><strong>Cuius,</strong></span> <span class='ocrx_word' id='word_1_278' title='bbox 2320 1403 2472 1487; x_wconf 67' lang='grc' dir='ltr'><strong>ςηίῐῐι</strong></span> <span class='ocrx_word' id='word_1_279' title='bbox 2495 1401 2748 1471; x_wconf 88' lang='lat' dir='ltr'><strong>suscepit</strong></span> <span class='ocrx_word' id='word_1_280' title='bbox 2777 1402 3070 1469; x_wconf 90' lang='lat' dir='ltr'><strong>honorem,</strong></span> <span class='ocrx_word' id='word_1_281' title='bbox 3096 1399 3349 1468; x_wconf 88' lang='lat' dir='ltr'><strong>suscepit</strong></span> <span class='ocrx_word' id='word_1_282' title='bbox 3377 1399 3550 1454; x_wconf 90' lang='lat' dir='ltr'><strong>etiam</strong></span> 
     </span>
    </p>
   </div>
   <div class='ocr_carea' id='block_1_43' title="bbox 1943 1463 3551 1581">
    <p class='ocr_par' dir='ltr' id='par_1_43' title="bbox 1943 1463 3551 1581">
     <span class='ocr_line' id='line_1_43' title="bbox 1943 1463 3551 1581; baseline -0.006 -28"><span class='ocrx_word' id='word_1_283' title='bbox 1943 1463 2010 1555; x_wconf 45' lang='lat' dir='ltr'><strong>Et</strong></span> <span class='ocrx_word' id='word_1_284' title='bbox 2775 1492 2880 1548; x_wconf 91' lang='lat' dir='ltr'><strong>hoc</strong></span> <span class='ocrx_word' id='word_1_285' title='bbox 2909 1463 3069 1546; x_wconf 26' lang='lat' dir='ltr'><strong>Deus,</strong></span> <span class='ocrx_word' id='word_1_286' title='bbox 3092 1463 3288 1559; x_wconf 80' lang='lat' dir='ltr'><strong>posuit</strong></span> <span class='ocrx_word' id='word_1_287' title='bbox 3323 1503 3452 1545; x_wconf 89' lang='lat' dir='ltr'><strong>eum</strong></span> <span class='ocrx_word' id='word_1_288' title='bbox 3490 1488 3551 1544; x_wconf 87' lang='lat' dir='ltr'><strong>in</strong></span> 
     </span>
    </p>
   </div>
   <div class='ocr_carea' id='block_1_44' title="bbox 1953 1567 3554 1664">
    <p class='ocr_par' dir='ltr' id='par_1_44' title="bbox 1953 1567 3554 1664">
     <span class='ocr_line' id='line_1_44' title="bbox 1953 1567 3554 1664; baseline -0.004 -23"><span class='ocrx_word' id='word_1_289' title='bbox 1953 1567 2216 1641; x_wconf 67' lang='lat' dir='ltr'><strong>Ecclésia‘</strong></span> <span class='ocrx_word' id='word_1_290' title='bbox 2227 1567 2773 1664; x_wconf 40' lang='lat' dir='ltr'><strong>snit-Eobéipistpja</strong></span> <span class='ocrx_word' id='word_1_291' title='bbox 2786 1579 3139 1636; x_wconf 89' lang='lat' dir='ltr'><strong>sanctissimi</strong></span> <span class='ocrx_word' id='word_1_292' title='bbox 3156 1593 3310 1649; x_wconf 66' lang='lat' dir='ltr'><strong>papa:</strong></span> <span class='ocrx_word' id='word_1_293' title='bbox 3321 1578 3435 1634; x_wconf 86' lang='lat' dir='ltr'><strong>Had</strong></span> <span class='ocrx_word' id='word_1_294' title='bbox 3443 1579 3554 1634; x_wconf 91' lang='lat' dir='ltr'><strong>ria-</strong></span> 
     </span>
    </p>
   </div>
   <div class='ocr_carea' id='block_1_45' title="bbox 1955 1667 3554 1746">
    <p class='ocr_par' dir='ltr' id='par_1_45' title="bbox 1955 1667 3554 1746">
     <span class='ocr_line' id='line_1_45' title="bbox 1955 1667 3554 1746; baseline -0.004 -16"><span class='ocrx_word' id='word_1_295' title='bbox 1955 1675 2110 1746; x_wconf 91' lang='lat' dir='ltr'><strong>ni,et</strong></span> <span class='ocrx_word' id='word_1_296' title='bbox 2129 1674 2180 1730; x_wconf 90' lang='lat' dir='ltr'><strong>si</strong></span> <span class='ocrx_word' id='word_1_297' title='bbox 2201 1673 2398 1744; x_wconf 86' lang='lat' dir='ltr'><strong>vultis,</strong></span> <span class='ocrx_word' id='word_1_298' title='bbox 2431 1673 2765 1741; x_wconf 88' lang='lat' dir='ltr'><strong>secundum,</strong></span> <span class='ocrx_word' id='word_1_299' title='bbox 2790 1671 2940 1742; x_wconf 91' lang='lat' dir='ltr'><strong>quod</strong></span> <span class='ocrx_word' id='word_1_300' title='bbox 2966 1669 3357 1740; x_wconf 54' lang='lat' dir='ltr'><strong>pradiximus,</strong></span> <span class='ocrx_word' id='word_1_301' title='bbox 3392 1667 3554 1734; x_wconf 72' lang='lat' dir='ltr'><strong>lega-</strong></span> 
     </span>
    </p>
   </div>
   <div class='ocr_carea' id='block_1_46' title="bbox 1953 1757 3555 1834">
    <p class='ocr_par' dir='ltr' id='par_1_46' title="bbox 1953 1757 3555 1834">
     <span class='ocr_line' id='line_1_46' title="bbox 1953 1757 3555 1834; baseline -0.004 -15"><span class='ocrx_word' id='word_1_302' title='bbox 1953 1768 2067 1821; x_wconf 89' lang='lat' dir='ltr'><strong>tur.</strong></span> <span class='ocrx_word' id='word_1_303' title='bbox 2091 1765 2292 1820; x_wconf 90' lang='lat' dir='ltr'><strong>Sancta</strong></span> <span class='ocrx_word' id='word_1_304' title='bbox 2306 1762 2558 1834; x_wconf 85' lang='lat' dir='ltr'><strong>synodus</strong></span> <span class='ocrx_word' id='word_1_305' title='bbox 2575 1762 2756 1818; x_wconf 82' lang='lat' dir='ltr'><strong>dixit:</strong></span> <span class='ocrx_word' id='word_1_306' title='bbox 2782 1763 3041 1832; x_wconf 73' lang='lat' dir='ltr'><strong>Legatur.</strong></span> <span class='ocrx_word' id='word_1_307' title='bbox 3056 1761 3126 1814; x_wconf 88' lang='lat' dir='ltr'><strong>Et</strong></span> <span class='ocrx_word' id='word_1_308' title='bbox 3136 1757 3426 1827; x_wconf 88' lang='lat' dir='ltr'><strong>accipiens</strong></span> <span class='ocrx_word' id='word_1_309' title='bbox 3445 1759 3555 1812; x_wconf 87' lang='lat' dir='ltr'><strong>Ma-</strong></span> 
     </span>
    </p>
   </div>
   <div class='ocr_carea' id='block_1_47' title="bbox 1953 1849 3555 1910">
    <p class='ocr_par' dir='ltr' id='par_1_47' title="bbox 1953 1849 3555 1910">
     <span class='ocr_line' id='line_1_47' title="bbox 1953 1849 3555 1910; baseline -0.004 0"><span class='ocrx_word' id='word_1_310' title='bbox 1953 1855 2120 1910; x_wconf 90' lang='lat' dir='ltr'><strong>rinus</strong></span> <span class='ocrx_word' id='word_1_311' title='bbox 2136 1855 2252 1909; x_wconf 90' lang='lat' dir='ltr'><strong>Deo</strong></span> <span class='ocrx_word' id='word_1_312' title='bbox 2271 1852 2707 1908; x_wconf 89' lang='lat' dir='ltr'><strong>amantissimus</strong></span> <span class='ocrx_word' id='word_1_313' title='bbox 2727 1851 3006 1908; x_wconf 92' lang='lat' dir='ltr'><strong>diaconus</strong></span> <span class='ocrx_word' id='word_1_314' title='bbox 3026 1852 3234 1905; x_wconf 67' lang='lat' dir='ltr'><strong>sancta:</strong></span> <span class='ocrx_word' id='word_1_315' title='bbox 3263 1849 3555 1903; x_wconf 83' lang='lat' dir='ltr'><strong>Romano—</strong></span> 
     </span>
    </p>
   </div>
   <div class='ocr_carea' id='block_1_48' title="bbox 1953 1935 3549 2013">
    <p class='ocr_par' dir='ltr' id='par_1_48' title="bbox 1953 1935 3549 2013">
     <span class='ocr_line' id='line_1_48' title="bbox 1953 1935 3549 2013; baseline -0.007 -13"><span class='ocrx_word' id='word_1_316' title='bbox 1953 1957 2078 2000; x_wconf 88' lang='lat' dir='ltr'><strong>rum</strong></span> <span class='ocrx_word' id='word_1_317' title='bbox 2100 1941 2387 2013; x_wconf 65' lang='lat' dir='ltr'><strong>Ecclesim,</strong></span> <span class='ocrx_word' id='word_1_318' title='bbox 2411 1941 2710 2011; x_wconf 88' lang='lat' dir='ltr'><strong>epistolam</strong></span> <span class='ocrx_word' id='word_1_319' title='bbox 2735 1941 2932 1996; x_wconf 86' lang='lat' dir='ltr'><strong>Latine</strong></span> <span class='ocrx_word' id='word_1_320' title='bbox 2952 1938 3093 2010; x_wconf 78' lang='lat' dir='ltr'><strong>legit</strong></span> <span class='ocrx_word' id='word_1_321' title='bbox 3113 1950 3315 2008; x_wconf 74' lang='lat' dir='ltr'><strong>magna</strong></span> <span class='ocrx_word' id='word_1_322' title='bbox 3335 1949 3469 1991; x_wconf 90' lang='lat' dir='ltr'><strong>voce</strong></span> <span class='ocrx_word' id='word_1_323' title='bbox 3491 1935 3549 1990; x_wconf 94' lang='lat' dir='ltr'><strong>in</strong></span> 
     </span>
    </p>
   </div>
   <div class='ocr_carea' id='block_1_49' title="bbox 1951 2025 3550 2101">
    <p class='ocr_par' dir='ltr' id='par_1_49' title="bbox 1951 2025 3550 2101">
     <span class='ocr_line' id='line_1_49' title="bbox 1951 2025 3550 2101; baseline -0.006 -13"><span class='ocrx_word' id='word_1_324' title='bbox 1951 2032 2305 2090; x_wconf 89' lang='lat' dir='ltr'><strong>audientiam</strong></span> <span class='ocrx_word' id='word_1_325' title='bbox 2353 2032 2633 2101; x_wconf 89' lang='lat' dir='ltr'><strong>omnium,</strong></span> <span class='ocrx_word' id='word_1_326' title='bbox 2669 2030 2730 2086; x_wconf 91' lang='lat' dir='ltr'><strong>in</strong></span> <span class='ocrx_word' id='word_1_327' title='bbox 2779 2031 3037 2086; x_wconf 60' lang='lat' dir='ltr'><strong>Graecum</strong></span> <span class='ocrx_word' id='word_1_328' title='bbox 3087 2041 3210 2083; x_wconf 91' lang='lat' dir='ltr'><strong>eam</strong></span> <span class='ocrx_word' id='word_1_329' title='bbox 3258 2025 3550 2096; x_wconf 86' lang='lat' dir='ltr'><strong>eloquium</strong></span> 
     </span>
    </p>
   </div>
   <div class='ocr_carea' id='block_1_50' title="bbox 1954 2113 3553 2187">
    <p class='ocr_par' dir='ltr' id='par_1_50' title="bbox 1954 2113 3553 2187">
     <span class='ocr_line' id='line_1_50' title="bbox 1954 2113 3553 2187; baseline -0.006 -10"><span class='ocrx_word' id='word_1_330' title='bbox 1954 2121 2330 2178; x_wconf 79' lang='lat' dir='ltr'><strong>transferente</strong></span> <span class='ocrx_word' id='word_1_331' title='bbox 2346 2121 2622 2176; x_wconf 87' lang='lat' dir='ltr'><strong>Damiano</strong></span> <span class='ocrx_word' id='word_1_332' title='bbox 2641 2117 3138 2176; x_wconf 89' lang='lat' dir='ltr'><strong>venerabilissimo</strong></span> <span class='ocrx_word' id='word_1_333' title='bbox 3159 2116 3316 2187; x_wconf 80' lang='lat' dir='ltr'><strong>regio</strong></span> <span class='ocrx_word' id='word_1_334' title='bbox 3343 2113 3553 2170; x_wconf 89' lang='lat' dir='ltr'><strong>clerico</strong></span> 
     </span>
    </p>
   </div>
   <div class='ocr_carea' id='block_1_51' title="bbox 1951 2211 2364 2281">
    <p class='ocr_par' dir='ltr' id='par_1_51' title="bbox 1951 2211 2364 2281">
     <span class='ocr_line' id='line_1_51' title="bbox 1951 2211 2364 2281; baseline -0.005 -14"><span class='ocrx_word' id='word_1_335' title='bbox 1951 2214 2008 2268; x_wconf 90' lang='lat' dir='ltr'><strong>et</strong></span> <span class='ocrx_word' id='word_1_336' title='bbox 2037 2211 2364 2281; x_wconf 88' lang='lat' dir='ltr'><strong>interprete.</strong></span> 
     </span>
    </p>
   </div>
   <div class='ocr_carea' id='block_1_52' title="bbox 1951 2332 3556 2406">
    <p class='ocr_par' dir='ltr' id='par_1_52' title="bbox 1951 2332 3556 2406">
     <span class='ocr_line' id='line_1_52' title="bbox 1951 2332 3556 2406; baseline -0.005 -15"><span class='ocrx_word' id='word_1_337' title='bbox 1951 2336 2240 2391; x_wconf 81' lang='lat' dir='ltr'><strong>Adrianus</strong></span> <span class='ocrx_word' id='word_1_338' title='bbox 2265 2337 2562 2406; x_wconf 80' lang='lat' dir='ltr'><strong>episcopus,</strong></span> <span class='ocrx_word' id='word_1_339' title='bbox 2590 2349 2778 2389; x_wconf 77' lang='lat' dir='ltr'><strong>seruus</strong></span> <span class='ocrx_word' id='word_1_340' title='bbox 2823 2347 3096 2388; x_wconf 84' lang='lat' dir='ltr'><strong>servorum</strong></span> <span class='ocrx_word' id='word_1_341' title='bbox 3119 2332 3236 2394; x_wconf 81' lang='lat' dir='ltr'><strong>Dei,</strong></span> <span class='ocrx_word' id='word_1_342' title='bbox 3265 2333 3368 2386; x_wconf 91' lang='lat' dir='ltr'><strong>Deo</strong></span> <span class='ocrx_word' id='word_1_343' title='bbox 3393 2345 3556 2386; x_wconf 82' lang='lat' dir='ltr'><strong>ama—</strong></span> 
     </span>
    </p>
   </div>
   <div class='ocr_carea' id='block_1_53' title="bbox 2027 2419 3554 2496">
    <p class='ocr_par' dir='ltr' id='par_1_53' title="bbox 2027 2419 3554 2496">
     <span class='ocr_line' id='line_1_53' title="bbox 2027 2419 3554 2496; baseline -0.004 -17"><span class='ocrx_word' id='word_1_344' title='bbox 2027 2426 2125 2480; x_wconf 80' lang='lat' dir='ltr'><strong>bili</strong></span> <span class='ocrx_word' id='word_1_345' title='bbox 2147 2442 2212 2481; x_wconf 87' lang='lat' dir='ltr'><strong>ac</strong></span> <span class='ocrx_word' id='word_1_346' title='bbox 2228 2427 2476 2496; x_wconf 76' lang='lat' dir='ltr'><strong>piissimo</strong></span> <span class='ocrx_word' id='word_1_347' title='bbox 2501 2425 2816 2493; x_wconf 77' lang='lat' dir='ltr'><strong>imperatori</strong></span> <span class='ocrx_word' id='word_1_348' title='bbox 2841 2436 3054 2478; x_wconf 70' lang='lat' dir='ltr'><strong>BASILIO</strong></span> <span class='ocrx_word' id='word_1_349' title='bbox 3097 2435 3338 2477; x_wconf 78' lang='lat' dir='ltr'><strong>AUGUSTO</strong></span> <span class='ocrx_word' id='word_1_350' title='bbox 3388 2419 3554 2475; x_wconf 76' lang='lat' dir='ltr'><strong>Chri-</strong></span> 
     </span>
    </p>
   </div>
   <div class='ocr_carea' id='block_1_54' title="bbox 2023 2511 3128 2581">
    <p class='ocr_par' dir='ltr' id='par_1_54' title="bbox 2023 2511 3128 2581">
     <span class='ocr_line' id='line_1_54' title="bbox 2023 2511 3128 2581; baseline -0.004 -13"><span class='ocrx_word' id='word_1_351' title='bbox 2023 2516 2355 2570; x_wconf 76' lang='lat' dir='ltr'><strong>stianissimo</strong></span> <span class='ocrx_word' id='word_1_352' title='bbox 2381 2519 2432 2568; x_wconf 85' lang='lat' dir='ltr'><strong>et</strong></span> <span class='ocrx_word' id='word_1_353' title='bbox 2455 2513 2968 2568; x_wconf 79' lang='lat' dir='ltr'><strong>desiderabilissimo</strong></span> <span class='ocrx_word' id='word_1_354' title='bbox 2999 2511 3128 2581; x_wconf 79' lang='lat' dir='ltr'><strong>ﬁlio.</strong></span> 
     </span>
    </p>
   </div>
   <div class='ocr_carea' id='block_1_55' title="bbox 2027 2635 3556 2710">
    <p class='ocr_par' dir='ltr' id='par_1_55' title="bbox 2027 2635 3556 2710">
     <span class='ocr_line' id='line_1_55' title="bbox 2027 2635 3556 2710; baseline -0.004 -16"><span class='ocrx_word' id='word_1_355' title='bbox 2027 2639 2354 2710; x_wconf 80' lang='lat' dir='ltr'><strong>Legationis</strong></span> <span class='ocrx_word' id='word_1_356' title='bbox 2365 2637 2714 2694; x_wconf 60' lang='lat' dir='ltr'><strong>excellentiae</strong></span> <span class='ocrx_word' id='word_1_357' title='bbox 2728 2642 2858 2706; x_wconf 64' lang='lat' dir='ltr'><strong>tute,</strong></span> <span class='ocrx_word' id='word_1_358' title='bbox 2901 2641 3007 2693; x_wconf 90' lang='lat' dir='ltr'><strong>etc.</strong></span> <span class='ocrx_word' id='word_1_359' title='bbox 3031 2637 3260 2705; x_wconf 82' lang='lat' dir='ltr'><strong>Reliqua</strong></span> <span class='ocrx_word' id='word_1_360' title='bbox 3279 2635 3402 2690; x_wconf 77' lang='lat' dir='ltr'><strong>vide</strong></span> <span class='ocrx_word' id='word_1_361' title='bbox 3412 2637 3556 2689; x_wconf 75' lang='lat' dir='ltr'><strong>inter</strong></span> 
     </span>
    </p>
   </div>
   <div class='ocr_carea' id='block_1_56' title="bbox 1957 2725 3514 2798">
    <p class='ocr_par' dir='ltr' id='par_1_56' title="bbox 1957 2725 3514 2798">
     <span class='ocr_line' id='line_1_56' title="bbox 1957 2725 3514 2798; baseline -0.003 -15"><span class='ocrx_word' id='word_1_362' title='bbox 1957 2729 2212 2798; x_wconf 84' lang='lat' dir='ltr'><strong>epistolas</strong></span> <span class='ocrx_word' id='word_1_363' title='bbox 2236 2727 2480 2782; x_wconf 80' lang='lat' dir='ltr'><strong>Adriani</strong></span> <span class='ocrx_word' id='word_1_364' title='bbox 2499 2743 2658 2797; x_wconf 74' lang='lat' dir='ltr'><strong>papae</strong></span> <span class='ocrx_word' id='word_1_365' title='bbox 2681 2729 2749 2787; x_wconf 88' lang='lat' dir='ltr'><strong>II,</strong></span> <span class='ocrx_word' id='word_1_366' title='bbox 2777 2727 3093 2792; x_wconf 64' lang='lat' dir='ltr'><strong>Patrologia’</strong></span> <span class='ocrx_word' id='word_1_367' title='bbox 3117 2730 3254 2780; x_wconf 83' lang='lat' dir='ltr'><strong>tome</strong></span> <span class='ocrx_word' id='word_1_368' title='bbox 3294 2725 3514 2780; x_wconf 81' lang='lat' dir='ltr'><strong>CXXII.</strong></span> 
     </span>
    </p>
   </div>
   <div class='ocr_carea' id='block_1_57' title="bbox 2021 2813 3555 2887">
    <p class='ocr_par' dir='ltr' id='par_1_57' title="bbox 2021 2813 3555 2887">
     <span class='ocr_line' id='line_1_57' title="bbox 2021 2813 3555 2887; baseline -0.003 -15"><span class='ocrx_word' id='word_1_369' title='bbox 2021 2817 2092 2872; x_wconf 89' lang='lat' dir='ltr'><strong>Et</strong></span> <span class='ocrx_word' id='word_1_370' title='bbox 2113 2821 2241 2887; x_wconf 91' lang='lat' dir='ltr'><strong>post</strong></span> <span class='ocrx_word' id='word_1_371' title='bbox 2262 2815 2560 2872; x_wconf 90' lang='lat' dir='ltr'><strong>lectionem</strong></span> <span class='ocrx_word' id='word_1_372' title='bbox 2582 2815 2838 2885; x_wconf 70' lang='lat' dir='ltr'><strong>epistola:</strong></span> <span class='ocrx_word' id='word_1_373' title='bbox 2860 2814 3263 2870; x_wconf 88' lang='lat' dir='ltr'><strong>sanctissimus</strong></span> <span class='ocrx_word' id='word_1_374' title='bbox 3274 2813 3555 2882; x_wconf 89' lang='lat' dir='ltr'><strong>archiepi-</strong></span> 
     </span>
    </p>
   </div>
   <div class='ocr_carea' id='block_1_58' title="bbox 1952 2903 3555 2974">
    <p class='ocr_par' dir='ltr' id='par_1_58' title="bbox 1952 2903 3555 2974">
     <span class='ocr_line' id='line_1_58' title="bbox 1952 2903 3555 2974; baseline -0.002 -12"><span class='ocrx_word' id='word_1_375' title='bbox 1952 2920 2160 2974; x_wconf 90' lang='lat' dir='ltr'><strong>scopus</strong></span> <span class='ocrx_word' id='word_1_376' title='bbox 2197 2903 2788 2974; x_wconf 85' lang='lat' dir='ltr'><strong>ConstantinOpoleos,</strong></span> <span class='ocrx_word' id='word_1_377' title='bbox 2840 2903 3100 2974; x_wconf 82' lang='lat' dir='ltr'><strong>Ignatius</strong></span> <span class='ocrx_word' id='word_1_378' title='bbox 3142 2907 3199 2958; x_wconf 88' lang='lat' dir='ltr'><strong>et</strong></span> <span class='ocrx_word' id='word_1_379' title='bbox 3223 2916 3418 2959; x_wconf 90' lang='lat' dir='ltr'><strong>omnes</strong></span> <span class='ocrx_word' id='word_1_380' title='bbox 3440 2903 3555 2958; x_wconf 94' lang='lat' dir='ltr'><strong>Deo</strong></span> 
     </span>
    </p>
   </div>
   <div class='ocr_carea' id='block_1_59' title="bbox 1952 2982 3558 3063">
    <p class='ocr_par' dir='ltr' id='par_1_59' title="bbox 1952 2982 3558 3063">
     <span class='ocr_line' id='line_1_59' title="bbox 1952 2982 3558 3063; baseline -0.004 -12"><span class='ocrx_word' id='word_1_381' title='bbox 1952 2994 2358 3052; x_wconf 88' lang='lat' dir='ltr'><strong>amabilissimi</strong></span> <span class='ocrx_word' id='word_1_382' title='bbox 2380 2993 2633 3063; x_wconf 87' lang='lat' dir='ltr'><strong>episcopi</strong></span> <span class='ocrx_word' id='word_1_383' title='bbox 2648 3007 2776 3049; x_wconf 89' lang='lat' dir='ltr'><strong>cum</strong></span> <span class='ocrx_word' id='word_1_384' title='bbox 2803 2982 3558 3063; x_wconf 82' lang='lat' dir='ltr'><strong>magniﬁcentissimisprin-</strong></span> 
     </span>
    </p>
   </div>
   <div class='ocr_carea' id='block_1_60' title="bbox 239 3079 3556 3154">
    <p class='ocr_par' dir='ltr' id='par_1_60' title="bbox 239 3079 3556 3154">
     <span class='ocr_line' id='line_1_60' title="bbox 239 3079 3556 3154; baseline -0.001 -18"><span class='ocrx_word' id='word_1_385' title='bbox 239 3081 376 3138; x_wconf 91' lang='lat' dir='ltr'><strong>hora</strong></span> <span class='ocrx_word' id='word_1_386' title='bbox 400 3079 531 3152; x_wconf 89' lang='lat' dir='ltr'><strong>ista,</strong></span> <span class='ocrx_word' id='word_1_387' title='bbox 553 3081 704 3136; x_wconf 90' lang='lat' dir='ltr'><strong>unde</strong></span> <span class='ocrx_word' id='word_1_388' title='bbox 723 3081 876 3153; x_wconf 85' lang='lat' dir='ltr'><strong>sitis,</strong></span> <span class='ocrx_word' id='word_1_389' title='bbox 897 3086 953 3138; x_wconf 91' lang='lat' dir='ltr'><strong>et</strong></span> <span class='ocrx_word' id='word_1_390' title='bbox 973 3096 1143 3153; x_wconf 91' lang='lat' dir='ltr'><strong>quam</strong></span> <span class='ocrx_word' id='word_1_391' title='bbox 1164 3087 1516 3153; x_wconf 89' lang='lat' dir='ltr'><strong>potestatem,</strong></span> <span class='ocrx_word' id='word_1_392' title='bbox 1536 3082 1620 3138; x_wconf 89' lang='lat' dir='ltr'><strong>vel</strong></span> <span class='ocrx_word' id='word_1_393' title='bbox 1643 3082 1840 3152; x_wconf 88' lang='lat' dir='ltr'><strong>quales</strong></span> <span class='ocrx_word' id='word_1_394' title='bbox 1869 3081 1920 3144; x_wconf 76' lang='grc' dir='ltr'>Ο</span> <span class='ocrx_word' id='word_1_395' title='bbox 1949 3083 2598 3154; x_wconf 90' lang='lat' dir='ltr'><strong>cipibusclamaverunt:</strong></span> <span class='ocrx_word' id='word_1_396' title='bbox 2621 3081 2959 3138; x_wconf 89' lang='lat' dir='ltr'><strong>Benedictus</strong></span> <span class='ocrx_word' id='word_1_397' title='bbox 2969 3083 3137 3146; x_wconf 87' lang='lat' dir='ltr'><strong>Deus,</strong></span> <span class='ocrx_word' id='word_1_398' title='bbox 3155 3079 3254 3150; x_wconf 91' lang='lat' dir='ltr'><strong>qui</strong></span> <span class='ocrx_word' id='word_1_399' title='bbox 3280 3080 3556 3151; x_wconf 85' lang='lat' dir='ltr'><strong>dignatus</strong></span> 
     </span>
    </p>
   </div>
   <div class='ocr_carea' id='block_1_61' title="bbox 235 3169 1836 3242">
    <p class='ocr_par' dir='ltr' id='par_1_61' title="bbox 235 3169 1836 3242">
     <span class='ocr_line' id='line_1_61' title="bbox 235 3169 1836 3242; baseline 0.001 -18"><span class='ocrx_word' id='word_1_400' title='bbox 235 3169 458 3226; x_wconf 88' lang='lat' dir='ltr'><strong>litteras</strong></span> <span class='ocrx_word' id='word_1_401' title='bbox 481 3169 756 3226; x_wconf 86' lang='lat' dir='ltr'><strong>habeatis.</strong></span> <span class='ocrx_word' id='word_1_402' title='bbox 779 3171 1036 3228; x_wconf 91' lang='lat' dir='ltr'><strong>Donatus</strong></span> <span class='ocrx_word' id='word_1_403' title='bbox 1055 3176 1112 3228; x_wconf 92' lang='lat' dir='ltr'><strong>et</strong></span> <span class='ocrx_word' id='word_1_404' title='bbox 1130 3171 1450 3242; x_wconf 89' lang='lat' dir='ltr'><strong>Stephanus</strong></span> <span class='ocrx_word' id='word_1_405' title='bbox 1485 3171 1836 3228; x_wconf 90' lang='lat' dir='ltr'><strong>sanctissimi</strong></span> 
     </span>
    </p>
   </div>
   <div class='ocr_carea' id='block_1_62' title="bbox 231 3259 1840 3332">
    <p class='ocr_par' dir='ltr' id='par_1_62' title="bbox 231 3259 1840 3332">
     <span class='ocr_line' id='line_1_62' title="bbox 231 3259 1840 3332; baseline 0.002 -19"><span class='ocrx_word' id='word_1_406' title='bbox 231 3259 506 3330; x_wconf 89' lang='lat' dir='ltr'><strong>episcopi,</strong></span> <span class='ocrx_word' id='word_1_407' title='bbox 535 3259 790 3316; x_wconf 87' lang='lat' dir='ltr'><strong>Marinus</strong></span> <span class='ocrx_word' id='word_1_408' title='bbox 819 3261 933 3317; x_wconf 92' lang='lat' dir='ltr'><strong>Deo</strong></span> <span class='ocrx_word' id='word_1_409' title='bbox 963 3261 1400 3318; x_wconf 88' lang='lat' dir='ltr'><strong>amantissimus</strong></span> <span class='ocrx_word' id='word_1_410' title='bbox 1423 3261 1724 3332; x_wconf 89' lang='lat' dir='ltr'><strong>diaconus,</strong></span> <span class='ocrx_word' id='word_1_411' title='bbox 1743 3260 1840 3316; x_wconf 83' lang='lat' dir='ltr'><strong>vi-</strong></span> 
     </span>
    </p>
   </div>
   <div class='ocr_carea' id='block_1_63' title="bbox 231 3347 1836 3420">
    <p class='ocr_par' dir='ltr' id='par_1_63' title="bbox 231 3347 1836 3420">
     <span class='ocr_line' id='line_1_63' title="bbox 231 3347 1836 3420; baseline 0.001 -18"><span class='ocrx_word' id='word_1_412' title='bbox 231 3347 374 3403; x_wconf 89' lang='lat' dir='ltr'><strong>carii</strong></span> <span class='ocrx_word' id='word_1_413' title='bbox 399 3347 646 3404; x_wconf 91' lang='lat' dir='ltr'><strong>senioris</strong></span> <span class='ocrx_word' id='word_1_414' title='bbox 662 3349 870 3420; x_wconf 66' lang='lat' dir='ltr'><strong>Romae,</strong></span> <span class='ocrx_word' id='word_1_415' title='bbox 895 3350 1198 3406; x_wconf 88' lang='lat' dir='ltr'><strong>dixerunt:</strong></span> <span class='ocrx_word' id='word_1_416' title='bbox 1227 3352 1341 3406; x_wconf 89' lang='lat' dir='ltr'><strong>Hoc</strong></span> <span class='ocrx_word' id='word_1_417' title='bbox 1363 3364 1468 3406; x_wconf 90' lang='lat' dir='ltr'><strong>nos</strong></span> <span class='ocrx_word' id='word_1_418' title='bbox 1487 3363 1669 3420; x_wconf 90' lang='lat' dir='ltr'><strong>usque</strong></span> <span class='ocrx_word' id='word_1_419' title='bbox 1685 3363 1836 3404; x_wconf 91' lang='lat' dir='ltr'><strong>nunc</strong></span> 
     </span>
    </p>
   </div>
   <div class='ocr_carea' id='block_1_64' title="bbox 233 3436 1838 3509">
    <p class='ocr_par' dir='ltr' id='par_1_64' title="bbox 233 3436 1838 3509">
     <span class='ocr_line' id='line_1_64' title="bbox 233 3436 1838 3509; baseline 0.001 -18"><span class='ocrx_word' id='word_1_420' title='bbox 233 3449 344 3492; x_wconf 89' lang='lat' dir='ltr'><strong>non</strong></span> <span class='ocrx_word' id='word_1_421' title='bbox 376 3436 702 3494; x_wconf 87' lang='lat' dir='ltr'><strong>invenimus</strong></span> <span class='ocrx_word' id='word_1_422' title='bbox 727 3439 788 3493; x_wconf 90' lang='lat' dir='ltr'><strong>in</strong></span> <span class='ocrx_word' id='word_1_423' title='bbox 820 3439 1130 3494; x_wconf 89' lang='lat' dir='ltr'><strong>universali</strong></span> <span class='ocrx_word' id='word_1_424' title='bbox 1155 3439 1368 3509; x_wconf 89' lang='lat' dir='ltr'><strong>synodo</strong></span> <span class='ocrx_word' id='word_1_425' title='bbox 1390 3437 1623 3507; x_wconf 88' lang='lat' dir='ltr'><strong>factum,</strong></span> <span class='ocrx_word' id='word_1_426' title='bbox 1650 3443 1714 3493; x_wconf 94' lang='lat' dir='ltr'><strong>ut</strong></span> <span class='ocrx_word' id='word_1_427' title='bbox 1742 3437 1838 3492; x_wconf 88' lang='lat' dir='ltr'><strong>vi—</strong></span> 
     </span>
    </p>
   </div>
   <div class='ocr_carea' id='block_1_65' title="bbox 232 3525 1834 3596">
    <p class='ocr_par' dir='ltr' id='par_1_65' title="bbox 232 3525 1834 3596">
     <span class='ocr_line' id='line_1_65' title="bbox 232 3525 1834 3596; baseline 0 -16"><span class='ocrx_word' id='word_1_428' title='bbox 232 3525 376 3580; x_wconf 90' lang='lat' dir='ltr'><strong>carii</strong></span> <span class='ocrx_word' id='word_1_429' title='bbox 395 3526 642 3582; x_wconf 91' lang='lat' dir='ltr'><strong>senioris</strong></span> <span class='ocrx_word' id='word_1_430' title='bbox 658 3527 846 3582; x_wconf 74' lang='lat' dir='ltr'><strong>Romae</strong></span> <span class='ocrx_word' id='word_1_431' title='bbox 861 3541 893 3582; x_wconf 91' lang='lat' dir='ltr'><strong>a</strong></span> <span class='ocrx_word' id='word_1_432' title='bbox 908 3527 1166 3596; x_wconf 91' lang='lat' dir='ltr'><strong>quolibet</strong></span> <span class='ocrx_word' id='word_1_433' title='bbox 1178 3526 1618 3596; x_wconf 87' lang='lat' dir='ltr'><strong>perpendantur,</strong></span> <span class='ocrx_word' id='word_1_434' title='bbox 1641 3531 1834 3581; x_wconf 91' lang='lat' dir='ltr'><strong>utrum</strong></span> 
     </span>
    </p>
   </div>
   <div class='ocr_carea' id='block_1_66' title="bbox 235 3611 1840 3672">
    <p class='ocr_par' dir='ltr' id='par_1_66' title="bbox 235 3611 1840 3672">
     <span class='ocr_line' id='line_1_66' title="bbox 235 3611 1840 3672; baseline -0.001 -3"><span class='ocrx_word' id='word_1_435' title='bbox 235 3613 403 3670; x_wconf 93' lang='lat' dir='ltr'><strong>talem</strong></span> <span class='ocrx_word' id='word_1_436' title='bbox 421 3614 903 3670; x_wconf 82' lang='lat' dir='ltr'><strong>existimationem</strong></span> <span class='ocrx_word' id='word_1_437' title='bbox 923 3613 1184 3672; x_wconf 88' lang='lat' dir='ltr'><strong>habeant.</strong></span> <span class='ocrx_word' id='word_1_438' title='bbox 1222 3615 1476 3670; x_wconf 90' lang='lat' dir='ltr'><strong>Bahanes</strong></span> <span class='ocrx_word' id='word_1_439' title='bbox 1509 3611 1840 3668; x_wconf 90' lang='lat' dir='ltr'><strong>famosissi-</strong></span> 
     </span>
    </p>
   </div>
   <div class='ocr_carea' id='block_1_67' title="bbox 235 3702 1839 3774">
    <p class='ocr_par' dir='ltr' id='par_1_67' title="bbox 235 3702 1839 3774">
     <span class='ocr_line' id='line_1_67' title="bbox 235 3702 1839 3774; baseline -0.001 -14"><span class='ocrx_word' id='word_1_440' title='bbox 235 3718 363 3761; x_wconf 92' lang='lat' dir='ltr'><strong>mus</strong></span> <span class='ocrx_word' id='word_1_441' title='bbox 396 3705 678 3774; x_wconf 88' lang='lat' dir='ltr'><strong>patricius</strong></span> <span class='ocrx_word' id='word_1_442' title='bbox 701 3708 757 3758; x_wconf 91' lang='lat' dir='ltr'><strong>et</strong></span> <span class='ocrx_word' id='word_1_443' title='bbox 780 3704 1124 3774; x_wconf 66' lang='lat' dir='ltr'><strong>praepositus</strong></span> <span class='ocrx_word' id='word_1_444' title='bbox 1144 3702 1330 3758; x_wconf 87' lang='lat' dir='ltr'><strong>dixit:</strong></span> <span class='ocrx_word' id='word_1_445' title='bbox 1367 3703 1445 3758; x_wconf 82' lang='lat' dir='ltr'><strong>Et</strong></span> <span class='ocrx_word' id='word_1_446' title='bbox 1466 3716 1569 3758; x_wconf 93' lang='lat' dir='ltr'><strong>nos</strong></span> <span class='ocrx_word' id='word_1_447' title='bbox 1609 3707 1839 3771; x_wconf 88' lang='lat' dir='ltr'><strong>propter</strong></span> 
     </span>
    </p>
   </div>
   <div class='ocr_carea' id='block_1_68' title="bbox 237 3790 1832 3860">
    <p class='ocr_par' dir='ltr' id='par_1_68' title="bbox 237 3790 1832 3860">
     <span class='ocr_line' id='line_1_68' title="bbox 237 3790 1832 3860; baseline -0.002 -11"><span class='ocrx_word' id='word_1_448' title='bbox 237 3792 701 3849; x_wconf 88' lang='lat' dir='ltr'><strong>inhonorantiam</strong></span> <span class='ocrx_word' id='word_1_449' title='bbox 719 3790 1052 3860; x_wconf 88' lang='lat' dir='ltr'><strong>apostolicit</strong></span> <span class='ocrx_word' id='word_1_450' title='bbox 1068 3791 1261 3846; x_wconf 91' lang='lat' dir='ltr'><strong>throni</strong></span> <span class='ocrx_word' id='word_1_451' title='bbox 1282 3804 1395 3847; x_wconf 91' lang='lat' dir='ltr'><strong>non</strong></span> <span class='ocrx_word' id='word_1_452' title='bbox 1417 3790 1670 3846; x_wconf 91' lang='lat' dir='ltr'><strong>dicimus</strong></span> <span class='ocrx_word' id='word_1_453' title='bbox 1705 3791 1832 3860; x_wconf 89' lang='lat' dir='ltr'><strong>hoc,</strong></span> 
     </span>
    </p>
   </div>
   <div class='ocr_carea' id='block_1_69' title="bbox 234 3879 1840 3951">
    <p class='ocr_par' dir='ltr' id='par_1_69' title="bbox 234 3879 1840 3951">
     <span class='ocr_line' id='line_1_69' title="bbox 234 3879 1840 3951; baseline 0 -15"><span class='ocrx_word' id='word_1_454' title='bbox 234 3883 329 3938; x_wconf 91' lang='lat' dir='ltr'><strong>sed</strong></span> <span class='ocrx_word' id='word_1_455' title='bbox 354 3880 491 3951; x_wconf 92' lang='lat' dir='ltr'><strong>quia</strong></span> <span class='ocrx_word' id='word_1_456' title='bbox 518 3879 838 3934; x_wconf 89' lang='lat' dir='ltr'><strong>anteriores</strong></span> <span class='ocrx_word' id='word_1_457' title='bbox 875 3879 1049 3934; x_wconf 89' lang='lat' dir='ltr'><strong>vestri</strong></span> <span class='ocrx_word' id='word_1_458' title='bbox 1070 3880 1402 3936; x_wconf 89' lang='lat' dir='ltr'><strong>accedentes</strong></span> <span class='ocrx_word' id='word_1_459' title='bbox 1435 3879 1620 3949; x_wconf 92' lang='lat' dir='ltr'><strong>missi,</strong></span> <span class='ocrx_word' id='word_1_460' title='bbox 1647 3879 1840 3936; x_wconf 78' lang='lat' dir='ltr'><strong>Bado-</strong></span> 
     </span>
    </p>
   </div>
   <div class='ocr_carea' id='block_1_70' title="bbox 233 3966 1838 4040">
    <p class='ocr_par' dir='ltr' id='par_1_70' title="bbox 233 3966 1838 4040">
     <span class='ocr_line' id='line_1_70' title="bbox 233 3966 1838 4040; baseline -0.001 -15"><span class='ocrx_word' id='word_1_461' title='bbox 233 3969 402 4025; x_wconf 89' lang='lat' dir='ltr'><strong>aldus</strong></span> <span class='ocrx_word' id='word_1_462' title='bbox 422 3966 648 4024; x_wconf 91' lang='lat' dir='ltr'><strong>scilicet</strong></span> <span class='ocrx_word' id='word_1_463' title='bbox 666 3971 723 4022; x_wconf 89' lang='lat' dir='ltr'><strong>et</strong></span> <span class='ocrx_word' id='word_1_464' title='bbox 761 3967 1081 4037; x_wconf 89' lang='lat' dir='ltr'><strong>Zacharias,</strong></span> <span class='ocrx_word' id='word_1_465' title='bbox 1105 3968 1452 4038; x_wconf 89' lang='lat' dir='ltr'><strong>deceperunt</strong></span> <span class='ocrx_word' id='word_1_466' title='bbox 1491 3983 1614 4040; x_wconf 91' lang='lat' dir='ltr'><strong>nos,</strong></span> <span class='ocrx_word' id='word_1_467' title='bbox 1640 3967 1754 4024; x_wconf 89' lang='lat' dir='ltr'><strong>alia</strong></span> <span class='ocrx_word' id='word_1_468' title='bbox 1777 3967 1838 4024; x_wconf 91' lang='lat' dir='ltr'><strong>in</strong></span> 
     </span>
    </p>
   </div>
   <div class='ocr_carea' id='block_1_71' title="bbox 235 4042 1841 4114">
    <p class='ocr_par' dir='ltr' id='par_1_71' title="bbox 235 4042 1841 4114">
     <span class='ocr_line' id='line_1_71' title="bbox 235 4042 1841 4114; baseline 0 -2"><span class='ocrx_word' id='word_1_469' title='bbox 235 4042 520 4114; x_wconf 80' lang='lat' dir='ltr'><strong>mandatis</strong></span> <span class='ocrx_word' id='word_1_470' title='bbox 543 4055 812 4112; x_wconf 91' lang='lat' dir='ltr'><strong>habentes</strong></span> <span class='ocrx_word' id='word_1_471' title='bbox 832 4061 888 4112; x_wconf 91' lang='lat' dir='ltr'><strong>et</strong></span> <span class='ocrx_word' id='word_1_472' title='bbox 907 4056 1021 4112; x_wconf 85' lang='lat' dir='ltr'><strong>alia</strong></span> <span class='ocrx_word' id='word_1_473' title='bbox 1043 4055 1335 4114; x_wconf 91' lang='lat' dir='ltr'><strong>facientes.</strong></span> <span class='ocrx_word' id='word_1_474' title='bbox 1359 4057 1720 4114; x_wconf 86' lang='lat' dir='ltr'><strong>Sanctissimi</strong></span> <span class='ocrx_word' id='word_1_475' title='bbox 1744 4057 1841 4112; x_wconf 91' lang='lat' dir='ltr'><strong>vi-</strong></span> 
     </span>
    </p>
   </div>
   <div class='ocr_carea' id='block_1_72' title="bbox 237 4145 1841 4219">
    <p class='ocr_par' dir='ltr' id='par_1_72' title="bbox 237 4145 1841 4219">
     <span class='ocr_line' id='line_1_72' title="bbox 237 4145 1841 4219; baseline 0 -17"><span class='ocrx_word' id='word_1_476' title='bbox 237 4146 382 4202; x_wconf 90' lang='lat' dir='ltr'><strong>carii</strong></span> <span class='ocrx_word' id='word_1_477' title='bbox 405 4145 654 4202; x_wconf 91' lang='lat' dir='ltr'><strong>senioris</strong></span> <span class='ocrx_word' id='word_1_478' title='bbox 677 4146 866 4202; x_wconf 62' lang='lat' dir='ltr'><strong>Romae</strong></span> <span class='ocrx_word' id='word_1_479' title='bbox 884 4145 1190 4203; x_wconf 87' lang='lat' dir='ltr'><strong>dixerunt:</strong></span> <span class='ocrx_word' id='word_1_480' title='bbox 1218 4148 1363 4219; x_wconf 82' lang='lat' dir='ltr'><strong>Ergo</strong></span> <span class='ocrx_word' id='word_1_481' title='bbox 1397 4152 1461 4202; x_wconf 91' lang='lat' dir='ltr'><strong>ut</strong></span> <span class='ocrx_word' id='word_1_482' title='bbox 1482 4160 1702 4202; x_wconf 90' lang='lat' dir='ltr'><strong>omnem</strong></span> <span class='ocrx_word' id='word_1_483' title='bbox 1723 4147 1841 4202; x_wconf 91' lang='lat' dir='ltr'><strong>du—</strong></span> 
     </span>
    </p>
   </div>
   <div class='ocr_carea' id='block_1_73' title="bbox 235 4234 1842 4304">
    <p class='ocr_par' dir='ltr' id='par_1_73' title="bbox 235 4234 1842 4304">
     <span class='ocr_line' id='line_1_73' title="bbox 235 4234 1842 4304; baseline -0.001 -13"><span class='ocrx_word' id='word_1_484' title='bbox 235 4235 571 4291; x_wconf 85' lang='lat' dir='ltr'><strong>bitationem</strong></span> <span class='ocrx_word' id='word_1_485' title='bbox 584 4234 914 4292; x_wconf 84' lang='lat' dir='ltr'><strong>emittamus</strong></span> <span class='ocrx_word' id='word_1_486' title='bbox 929 4234 1244 4292; x_wconf 89' lang='lat' dir='ltr'><strong>ecordibus</strong></span> <span class='ocrx_word' id='word_1_487' title='bbox 1257 4235 1483 4304; x_wconf 88' lang='lat' dir='ltr'><strong>vestris,</strong></span> <span class='ocrx_word' id='word_1_488' title='bbox 1513 4239 1568 4290; x_wconf 89' lang='lat' dir='ltr'><strong>et</strong></span> <span class='ocrx_word' id='word_1_489' title='bbox 1582 4235 1774 4290; x_wconf 89' lang='lat' dir='ltr'><strong>verbis</strong></span> <span class='ocrx_word' id='word_1_490' title='bbox 1785 4240 1842 4290; x_wconf 90' lang='lat' dir='ltr'><strong>et</strong></span> 
     </span>
    </p>
   </div>
   <div class='ocr_carea' id='block_1_74' title="bbox 235 4323 1842 4396">
    <p class='ocr_par' dir='ltr' id='par_1_74' title="bbox 235 4323 1842 4396">
     <span class='ocr_line' id='line_1_74' title="bbox 235 4323 1842 4396; baseline -0.001 -16"><span class='ocrx_word' id='word_1_491' title='bbox 235 4323 507 4396; x_wconf 83' lang='lat' dir='ltr'><strong>Operibus</strong></span> <span class='ocrx_word' id='word_1_492' title='bbox 535 4323 914 4380; x_wconf 87' lang='lat' dir='ltr'><strong>certiﬁcemus</strong></span> <span class='ocrx_word' id='word_1_493' title='bbox 943 4339 1060 4393; x_wconf 92' lang='lat' dir='ltr'><strong>vos,</strong></span> <span class='ocrx_word' id='word_1_494' title='bbox 1097 4325 1581 4396; x_wconf 63' lang='lat' dir='ltr'><strong>quia&#39;secundum</strong></span> <span class='ocrx_word' id='word_1_495' title='bbox 1621 4337 1685 4379; x_wconf 87' lang='lat' dir='ltr'><strong>ea</strong></span> <span class='ocrx_word' id='word_1_496' title='bbox 1717 4337 1842 4394; x_wconf 67' lang='lat' dir='ltr'><strong>quae</strong></span> 
     </span>
    </p>
   </div>
   <div class='ocr_carea' id='block_1_75' title="bbox 1947 3167 3558 3244">
    <p class='ocr_par' dir='ltr' id='par_1_75' title="bbox 1947 3167 3558 3244">
     <span class='ocr_line' id='line_1_75' title="bbox 1947 3167 3558 3244; baseline -0.005 -15"><span class='ocrx_word' id='word_1_497' title='bbox 1947 3177 2052 3244; x_wconf 88' lang='lat' dir='ltr'><strong>est,</strong></span> <span class='ocrx_word' id='word_1_498' title='bbox 2087 3187 2191 3230; x_wconf 92' lang='lat' dir='ltr'><strong>nos</strong></span> <span class='ocrx_word' id='word_1_499' title='bbox 2221 3170 2668 3228; x_wconf 87' lang='lat' dir='ltr'><strong>satisfactionem</strong></span> <span class='ocrx_word' id='word_1_500' title='bbox 2701 3171 2952 3240; x_wconf 85' lang='lat' dir='ltr'><strong>recipere</strong></span> <span class='ocrx_word' id='word_1_501' title='bbox 2984 3167 3284 3239; x_wconf 91' lang='lat' dir='ltr'><strong>perfectam</strong></span> <span class='ocrx_word' id='word_1_502' title='bbox 3314 3169 3384 3224; x_wconf 90' lang='lat' dir='ltr'><strong>de</strong></span> <span class='ocrx_word' id='word_1_503' title='bbox 3415 3181 3558 3222; x_wconf 90' lang='lat' dir='ltr'><strong>san—</strong></span> 
     </span>
    </p>
   </div>
   <div class='ocr_carea' id='block_1_76' title="bbox 1947 3256 3551 3330">
    <p class='ocr_par' dir='ltr' id='par_1_76' title="bbox 1947 3256 3551 3330">
     <span class='ocr_line' id='line_1_76' title="bbox 1947 3256 3551 3330; baseline -0.004 -12"><span class='ocrx_word' id='word_1_504' title='bbox 1947 3263 2145 3318; x_wconf 89' lang='lat' dir='ltr'><strong>ctitate</strong></span> <span class='ocrx_word' id='word_1_505' title='bbox 2157 3265 2360 3318; x_wconf 87' lang='lat' dir='ltr'><strong>vestra.</strong></span> <span class='ocrx_word' id='word_1_506' title='bbox 2381 3263 2445 3316; x_wconf 84' lang='lat' dir='ltr'><strong>Et</strong></span> <span class='ocrx_word' id='word_1_507' title='bbox 2457 3266 2585 3330; x_wconf 87' lang='lat' dir='ltr'><strong>post</strong></span> <span class='ocrx_word' id='word_1_508' title='bbox 2596 3261 2702 3316; x_wconf 90' lang='lat' dir='ltr'><strong>hoc</strong></span> <span class='ocrx_word' id='word_1_509' title='bbox 2714 3259 3066 3316; x_wconf 90' lang='lat' dir='ltr'><strong>sanctissimi</strong></span> <span class='ocrx_word' id='word_1_510' title='bbox 3081 3257 3285 3312; x_wconf 91' lang='lat' dir='ltr'><strong>vicarii</strong></span> <span class='ocrx_word' id='word_1_511' title='bbox 3301 3256 3551 3312; x_wconf 89' lang='lat' dir='ltr'><strong>senioris</strong></span> 
     </span>
    </p>
   </div>
   <div class='ocr_carea' id='block_1_77' title="bbox 1947 3345 3556 3418">
    <p class='ocr_par' dir='ltr' id='par_1_77' title="bbox 1947 3345 3556 3418">
     <span class='ocr_line' id='line_1_77' title="bbox 1947 3345 3556 3418; baseline -0.003 -12"><span class='ocrx_word' id='word_1_512' title='bbox 1947 3352 2138 3406; x_wconf 69' lang='lat' dir='ltr'><strong>Romae</strong></span> <span class='ocrx_word' id='word_1_513' title='bbox 2159 3356 2215 3404; x_wconf 91' lang='lat' dir='ltr'><strong>et</strong></span> <span class='ocrx_word' id='word_1_514' title='bbox 2227 3355 2342 3404; x_wconf 90' lang='lat' dir='ltr'><strong>tota</strong></span> <span class='ocrx_word' id='word_1_515' title='bbox 2356 3355 2548 3404; x_wconf 87' lang='lat' dir='ltr'><strong>sancta</strong></span> <span class='ocrx_word' id='word_1_516' title='bbox 2563 3349 2814 3418; x_wconf 88' lang='lat' dir='ltr'><strong>synodus</strong></span> <span class='ocrx_word' id='word_1_517' title='bbox 2825 3346 3186 3416; x_wconf 89' lang='lat' dir='ltr'><strong>expetierunt</strong></span> <span class='ocrx_word' id='word_1_518' title='bbox 3213 3350 3278 3402; x_wconf 92' lang='lat' dir='ltr'><strong>ut</strong></span> <span class='ocrx_word' id='word_1_519' title='bbox 3293 3345 3556 3410; x_wconf 75' lang='lat' dir='ltr'><strong>legeren—</strong></span> 
     </span>
    </p>
   </div>
   <div class='ocr_carea' id='block_1_78' title="bbox 1946 3434 3549 3502">
    <p class='ocr_par' dir='ltr' id='par_1_78' title="bbox 1946 3434 3549 3502">
     <span class='ocr_line' id='line_1_78' title="bbox 1946 3434 3549 3502; baseline -0.002 -8"><span class='ocrx_word' id='word_1_520' title='bbox 1946 3437 2432 3496; x_wconf 89' lang='lat' dir='ltr'><strong>turOrientalium</strong></span> <span class='ocrx_word' id='word_1_521' title='bbox 2445 3437 2791 3492; x_wconf 89' lang='lat' dir='ltr'><strong>vicariorum</strong></span> <span class='ocrx_word' id='word_1_522' title='bbox 2819 3434 3300 3491; x_wconf 65' lang='lat' dir='ltr'><strong>commendatitiaa</strong></span> <span class='ocrx_word' id='word_1_523' title='bbox 3324 3434 3549 3502; x_wconf 69' lang='lat' dir='ltr'><strong>litterae,</strong></span> 
     </span>
    </p>
   </div>
   <div class='ocr_carea' id='block_1_79' title="bbox 1945 3523 3556 3598">
    <p class='ocr_par' dir='ltr' id='par_1_79' title="bbox 1945 3523 3556 3598">
     <span class='ocr_line' id='line_1_79' title="bbox 1945 3523 3556 3598; baseline -0.002 -15"><span class='ocrx_word' id='word_1_524' title='bbox 1945 3529 2012 3584; x_wconf 90' lang='lat' dir='ltr'><strong>ad</strong></span> <span class='ocrx_word' id='word_1_525' title='bbox 2029 3525 2481 3598; x_wconf 84' lang='lat' dir='ltr'><strong>cognoscendum</strong></span> <span class='ocrx_word' id='word_1_526' title='bbox 2497 3525 2646 3581; x_wconf 89' lang='lat' dir='ltr'><strong>unde</strong></span> <span class='ocrx_word' id='word_1_527' title='bbox 2664 3527 2720 3579; x_wconf 89' lang='lat' dir='ltr'><strong>et</strong></span> <span class='ocrx_word' id='word_1_528' title='bbox 2746 3523 2858 3592; x_wconf 86' lang='lat' dir='ltr'><strong>ipsi</strong></span> <span class='ocrx_word' id='word_1_529' title='bbox 2881 3523 3160 3591; x_wconf 88' lang='lat' dir='ltr'><strong>venerint,</strong></span> <span class='ocrx_word' id='word_1_530' title='bbox 3174 3527 3231 3579; x_wconf 93' lang='lat' dir='ltr'><strong>et</strong></span> <span class='ocrx_word' id='word_1_531' title='bbox 3254 3537 3422 3594; x_wconf 90' lang='lat' dir='ltr'><strong>quam</strong></span> <span class='ocrx_word' id='word_1_532' title='bbox 3449 3538 3556 3593; x_wconf 90' lang='lat' dir='ltr'><strong>po-</strong></span> 
     </span>
    </p>
   </div>
   <div class='ocr_carea' id='block_1_80' title="bbox 1946 3611 3556 3683">
    <p class='ocr_par' dir='ltr' id='par_1_80' title="bbox 1946 3611 3556 3683">
     <span class='ocr_line' id='line_1_80' title="bbox 1946 3611 3556 3683; baseline -0.002 -12"><span class='ocrx_word' id='word_1_533' title='bbox 1946 3620 2209 3671; x_wconf 89' lang='lat' dir='ltr'><strong>testatem</strong></span> <span class='ocrx_word' id='word_1_534' title='bbox 2224 3613 2545 3682; x_wconf 88' lang='lat' dir='ltr'><strong>acceperint</strong></span> <span class='ocrx_word' id='word_1_535' title='bbox 2565 3628 2596 3668; x_wconf 90' lang='lat' dir='ltr'><strong>a</strong></span> <span class='ocrx_word' id='word_1_536' title='bbox 2610 3613 2864 3683; x_wconf 89' lang='lat' dir='ltr'><strong>propriis</strong></span> <span class='ocrx_word' id='word_1_537' title='bbox 2877 3613 2972 3668; x_wconf 92' lang='lat' dir='ltr'><strong>sed</strong></span> <span class='ocrx_word' id='word_1_538' title='bbox 2983 3612 3131 3668; x_wconf 90' lang='lat' dir='ltr'><strong>ibus.</strong></span> <span class='ocrx_word' id='word_1_539' title='bbox 3156 3613 3226 3668; x_wconf 88' lang='lat' dir='ltr'><strong>Et</strong></span> <span class='ocrx_word' id='word_1_540' title='bbox 3247 3612 3341 3668; x_wconf 91' lang='lat' dir='ltr'><strong>his</strong></span> <span class='ocrx_word' id='word_1_541' title='bbox 3361 3611 3556 3668; x_wconf 86' lang='lat' dir='ltr'><strong>taliter</strong></span> 
     </span>
    </p>
   </div>
   <div class='ocr_carea' id='block_1_81' title="bbox 1946 3701 3556 3774">
    <p class='ocr_par' dir='ltr' id='par_1_81' title="bbox 1946 3701 3556 3774">
     <span class='ocr_line' id='line_1_81' title="bbox 1946 3701 3556 3774; baseline -0.002 -13"><span class='ocrx_word' id='word_1_542' title='bbox 1946 3704 2134 3774; x_wconf 87' lang='lat' dir='ltr'><strong>factis,</strong></span> <span class='ocrx_word' id='word_1_543' title='bbox 2167 3708 2326 3760; x_wconf 92' lang='lat' dir='ltr'><strong>stans</strong></span> <span class='ocrx_word' id='word_1_544' title='bbox 2355 3703 2551 3759; x_wconf 89' lang='lat' dir='ltr'><strong>Helias</strong></span> <span class='ocrx_word' id='word_1_545' title='bbox 2578 3705 2692 3759; x_wconf 93' lang='lat' dir='ltr'><strong>Deo</strong></span> <span class='ocrx_word' id='word_1_546' title='bbox 2723 3703 3168 3759; x_wconf 87' lang='lat' dir='ltr'><strong>colendissimus</strong></span> <span class='ocrx_word' id='word_1_547' title='bbox 3191 3701 3482 3772; x_wconf 82' lang='lat' dir='ltr'><strong>presbyter</strong></span> <span class='ocrx_word' id='word_1_548' title='bbox 3499 3705 3556 3758; x_wconf 92' lang='lat' dir='ltr'><strong>et</strong></span> 
     </span>
    </p>
   </div>
   <div class='ocr_carea' id='block_1_82' title="bbox 1947 3791 3557 3865">
    <p class='ocr_par' dir='ltr' id='par_1_82' title="bbox 1947 3791 3557 3865">
     <span class='ocr_line' id='line_1_82' title="bbox 1947 3791 3557 3865; baseline -0.002 -13"><span class='ocrx_word' id='word_1_549' title='bbox 1947 3793 2235 3865; x_wconf 91' lang='lat' dir='ltr'><strong>syncellus</strong></span> <span class='ocrx_word' id='word_1_550' title='bbox 2263 3797 2320 3848; x_wconf 91' lang='lat' dir='ltr'><strong>et</strong></span> <span class='ocrx_word' id='word_1_551' title='bbox 2350 3793 2602 3849; x_wconf 85' lang='lat' dir='ltr'><strong>vicarius</strong></span> <span class='ocrx_word' id='word_1_552' title='bbox 2630 3792 3184 3862; x_wconf 84' lang='lat' dir='ltr'><strong>Hierosolymitanus</strong></span> <span class='ocrx_word' id='word_1_553' title='bbox 3210 3792 3270 3847; x_wconf 92' lang='lat' dir='ltr'><strong>in</strong></span> <span class='ocrx_word' id='word_1_554' title='bbox 3291 3791 3557 3848; x_wconf 87' lang='lat' dir='ltr'><strong>auditio-</strong></span> 
     </span>
    </p>
   </div>
   <div class='ocr_carea' id='block_1_83' title="bbox 1949 3880 3558 3953">
    <p class='ocr_par' dir='ltr' id='par_1_83' title="bbox 1949 3880 3558 3953">
     <span class='ocr_line' id='line_1_83' title="bbox 1949 3880 3558 3953; baseline -0.001 -15"><span class='ocrx_word' id='word_1_555' title='bbox 1949 3897 2075 3939; x_wconf 91' lang='lat' dir='ltr'><strong>nem</strong></span> <span class='ocrx_word' id='word_1_556' title='bbox 2107 3883 2581 3940; x_wconf 83' lang='lat' dir='ltr'><strong>omnium‘dixit:</strong></span> <span class='ocrx_word' id='word_1_557' title='bbox 2612 3884 2735 3938; x_wconf 86' lang='lat' dir='ltr'><strong>Non</strong></span> <span class='ocrx_word' id='word_1_558' title='bbox 2768 3881 2994 3953; x_wconf 80' lang='lat' dir='ltr'><strong>ignorat</strong></span> <span class='ocrx_word' id='word_1_559' title='bbox 3021 3881 3234 3936; x_wconf 89' lang='lat' dir='ltr'><strong>Christi</strong></span> <span class='ocrx_word' id='word_1_560' title='bbox 3261 3880 3443 3936; x_wconf 90' lang='lat' dir='ltr'><strong>amica</strong></span> <span class='ocrx_word' id='word_1_561' title='bbox 3472 3881 3558 3936; x_wconf 91' lang='lat' dir='ltr'><strong>di-</strong></span> 
     </span>
    </p>
   </div>
   <div class='ocr_carea' id='block_1_84' title="bbox 1948 3969 3554 4041">
    <p class='ocr_par' dir='ltr' id='par_1_84' title="bbox 1948 3969 3554 4041">
     <span class='ocr_line' id='line_1_84' title="bbox 1948 3969 3554 4041; baseline -0.004 -11"><span class='ocrx_word' id='word_1_562' title='bbox 1948 3973 2120 4030; x_wconf 89' lang='lat' dir='ltr'><strong>lectio</strong></span> <span class='ocrx_word' id='word_1_563' title='bbox 2131 3976 2336 4038; x_wconf 78' lang='lat' dir='ltr'><strong>vestra,</strong></span> <span class='ocrx_word' id='word_1_564' title='bbox 2354 3970 2576 4041; x_wconf 84' lang='lat' dir='ltr'><strong>fratres,</strong></span> <span class='ocrx_word' id='word_1_565' title='bbox 2592 3984 2694 4026; x_wconf 82' lang='lat' dir='ltr'><strong>nec</strong></span> <span class='ocrx_word' id='word_1_566' title='bbox 2707 3969 3014 4040; x_wconf 78' lang='lat' dir='ltr'><strong>ignoravit,</strong></span> <span class='ocrx_word' id='word_1_567' title='bbox 3031 3974 3142 4024; x_wconf 88' lang='lat' dir='ltr'><strong>tam</strong></span> <span class='ocrx_word' id='word_1_568' title='bbox 3165 3984 3196 4024; x_wconf 92' lang='lat' dir='ltr'><strong>a</strong></span> <span class='ocrx_word' id='word_1_569' title='bbox 3220 3969 3387 4026; x_wconf 91' lang='lat' dir='ltr'><strong>nobis</strong></span> <span class='ocrx_word' id='word_1_570' title='bbox 3409 3969 3554 4039; x_wconf 91' lang='lat' dir='ltr'><strong>ipsis</strong></span> 
     </span>
    </p>
   </div>
   <div class='ocr_carea' id='block_1_85' title="bbox 1949 4058 3550 4133">
    <p class='ocr_par' dir='ltr' id='par_1_85' title="bbox 1949 4058 3550 4133">
     <span class='ocr_line' id='line_1_85' title="bbox 1949 4058 3550 4133; baseline -0.002 -15"><span class='ocrx_word' id='word_1_571' title='bbox 1949 4075 2118 4133; x_wconf 91' lang='lat' dir='ltr'><strong>quam</strong></span> <span class='ocrx_word' id='word_1_572' title='bbox 2140 4077 2170 4118; x_wconf 90' lang='lat' dir='ltr'><strong>a</strong></span> <span class='ocrx_word' id='word_1_573' title='bbox 2189 4060 2574 4117; x_wconf 88' lang='lat' dir='ltr'><strong>dictatoribus</strong></span> <span class='ocrx_word' id='word_1_574' title='bbox 2592 4059 2807 4116; x_wconf 90' lang='lat' dir='ltr'><strong>nostris</strong></span> <span class='ocrx_word' id='word_1_575' title='bbox 2831 4058 3278 4129; x_wconf 86' lang='lat' dir='ltr'><strong>imperatoribus</strong></span> <span class='ocrx_word' id='word_1_576' title='bbox 3301 4059 3550 4122; x_wconf 83' lang='lat' dir='ltr'><strong>discens,</strong></span> 
     </span>
    </p>
   </div>
   <div class='ocr_carea' id='block_1_86' title="bbox 1951 4147 3555 4222">
    <p class='ocr_par' dir='ltr' id='par_1_86' title="bbox 1951 4147 3555 4222">
     <span class='ocr_line' id='line_1_86' title="bbox 1951 4147 3555 4222; baseline -0.002 -16"><span class='ocrx_word' id='word_1_577' title='bbox 1951 4151 2050 4221; x_wconf 93' lang='lat' dir='ltr'><strong>qui</strong></span> <span class='ocrx_word' id='word_1_578' title='bbox 2067 4165 2288 4222; x_wconf 91' lang='lat' dir='ltr'><strong>sumus,</strong></span> <span class='ocrx_word' id='word_1_579' title='bbox 2305 4150 2474 4220; x_wconf 89' lang='lat' dir='ltr'><strong>unde,</strong></span> <span class='ocrx_word' id='word_1_580' title='bbox 2498 4154 2554 4204; x_wconf 92' lang='lat' dir='ltr'><strong>et</strong></span> <span class='ocrx_word' id='word_1_581' title='bbox 2565 4147 2796 4220; x_wconf 90' lang='lat' dir='ltr'><strong>quales:</strong></span> <span class='ocrx_word' id='word_1_582' title='bbox 2821 4151 3208 4204; x_wconf 91' lang='lat' dir='ltr'><strong>verumtamen</strong></span> <span class='ocrx_word' id='word_1_583' title='bbox 3231 4147 3298 4202; x_wconf 90' lang='lat' dir='ltr'><strong>ad</strong></span> <span class='ocrx_word' id='word_1_584' title='bbox 3324 4147 3555 4216; x_wconf 90' lang='lat' dir='ltr'><strong>plenio-</strong></span> 
     </span>
    </p>
   </div>
   <div class='ocr_carea' id='block_1_87' title="bbox 1953 4237 3548 4295">
    <p class='ocr_par' dir='ltr' id='par_1_87' title="bbox 1953 4237 3548 4295">
     <span class='ocr_line' id='line_1_87' title="bbox 1953 4237 3548 4295; baseline -0.003 0"><span class='ocrx_word' id='word_1_585' title='bbox 1953 4253 2068 4295; x_wconf 91' lang='lat' dir='ltr'><strong>rem</strong></span> <span class='ocrx_word' id='word_1_586' title='bbox 2092 4237 2540 4295; x_wconf 89' lang='lat' dir='ltr'><strong>satisfactionem</strong></span> <span class='ocrx_word' id='word_1_587' title='bbox 2569 4237 2822 4294; x_wconf 89' lang='lat' dir='ltr'><strong>dicimus</strong></span> <span class='ocrx_word' id='word_1_588' title='bbox 2841 4240 2895 4292; x_wconf 91' lang='lat' dir='ltr'><strong>et</strong></span> <span class='ocrx_word' id='word_1_589' title='bbox 2917 4249 3069 4292; x_wconf 88' lang='lat' dir='ltr'><strong>nunc</strong></span> <span class='ocrx_word' id='word_1_590' title='bbox 3101 4251 3306 4292; x_wconf 89' lang='lat' dir='ltr'><strong>rursus</strong></span> <span class='ocrx_word' id='word_1_591' title='bbox 3331 4237 3398 4292; x_wconf 92' lang='lat' dir='ltr'><strong>ad</strong></span> <span class='ocrx_word' id='word_1_592' title='bbox 3431 4251 3548 4292; x_wconf 91' lang='lat' dir='ltr'><strong>vos.</strong></span> 
     </span>
    </p>
   </div>
   <div class='ocr_carea' id='block_1_88' title="bbox 1951 4325 3550 4398">
    <p class='ocr_par' dir='ltr' id='par_1_88' title="bbox 1951 4325 3550 4398">
     <span class='ocr_line' id='line_1_88' title="bbox 1951 4325 3550 4398; baseline -0.002 -15"><span class='ocrx_word' id='word_1_593' title='bbox 1951 4329 2088 4384; x_wconf 91' lang='lat' dir='ltr'><strong>Nam</strong></span> <span class='ocrx_word' id='word_1_594' title='bbox 2105 4327 2506 4384; x_wconf 90' lang='lat' dir='ltr'><strong>sanctissimus</strong></span> <span class='ocrx_word' id='word_1_595' title='bbox 2519 4327 2750 4398; x_wconf 90' lang='lat' dir='ltr'><strong>quidem</strong></span> <span class='ocrx_word' id='word_1_596' title='bbox 2759 4325 3004 4381; x_wconf 90' lang='lat' dir='ltr'><strong>Thomas</strong></span> <span class='ocrx_word' id='word_1_597' title='bbox 3016 4325 3376 4393; x_wconf 86' lang='lat' dir='ltr'><strong>metropolita</strong></span> <span class='ocrx_word' id='word_1_598' title='bbox 3396 4325 3550 4397; x_wconf 91' lang='lat' dir='ltr'><strong>Tyri,</strong></span> 
     </span>
    </p>
   </div>
   <div class='ocr_carea' id='block_1_89' title="bbox 235 4404 3552 4485">
    <p class='ocr_par' dir='ltr' id='par_1_89' title="bbox 235 4404 3552 4485">
     <span class='ocr_line' id='line_1_89' title="bbox 235 4404 3552 4485; baseline -0 -15"><span class='ocrx_word' id='word_1_599' title='bbox 235 4413 500 4470; x_wconf 89' lang='lat' dir='ltr'><strong>mandata</strong></span> <span class='ocrx_word' id='word_1_600' title='bbox 515 4413 742 4482; x_wconf 87' lang='lat' dir='ltr'><strong>etjussa</strong></span> <span class='ocrx_word' id='word_1_601' title='bbox 761 4419 896 4470; x_wconf 90' lang='lat' dir='ltr'><strong>sunt</strong></span> <span class='ocrx_word' id='word_1_602' title='bbox 924 4412 1109 4485; x_wconf 89' lang='lat' dir='ltr'><strong>nobis,</strong></span> <span class='ocrx_word' id='word_1_603' title='bbox 1127 4413 1208 4469; x_wconf 89' lang='lat' dir='ltr'><strong>ita</strong></span> <span class='ocrx_word' id='word_1_604' title='bbox 1223 4413 1628 4483; x_wconf 90' lang='lat' dir='ltr'><strong>disponemus:</strong></span> <span class='ocrx_word' id='word_1_605' title='bbox 1650 4427 1777 4469; x_wconf 84' lang='lat' dir='ltr'><strong>ecce</strong></span> <span class='ocrx_word' id='word_1_606' title='bbox 1789 4417 1844 4468; x_wconf 94' lang='lat' dir='ltr'><strong>et</strong></span> <span class='ocrx_word' id='word_1_607' title='bbox 1869 4404 1926 4466; x_wconf 92' lang='lat' dir='ltr'><strong>D</strong></span> <span class='ocrx_word' id='word_1_608' title='bbox 1955 4417 2108 4473; x_wconf 90' lang='lat' dir='ltr'><strong>sicut</strong></span> <span class='ocrx_word' id='word_1_609' title='bbox 2125 4422 2181 4472; x_wconf 91' lang='lat' dir='ltr'><strong>et</strong></span> <span class='ocrx_word' id='word_1_610' title='bbox 2200 4415 2362 4472; x_wconf 90' lang='lat' dir='ltr'><strong>vobis</strong></span> <span class='ocrx_word' id='word_1_611' title='bbox 2385 4420 2580 4472; x_wconf 89' lang='lat' dir='ltr'><strong>notum</strong></span> <span class='ocrx_word' id='word_1_612' title='bbox 2601 4419 2706 4482; x_wconf 84' lang='lat' dir='ltr'><strong>est,</strong></span> <span class='ocrx_word' id='word_1_613' title='bbox 2732 4414 2930 4484; x_wconf 59' lang='lat' dir='ltr'><strong>primae</strong></span> <span class='ocrx_word' id='word_1_614' title='bbox 2949 4413 3105 4470; x_wconf 89' lang='lat' dir='ltr'><strong>sedis</strong></span> <span class='ocrx_word' id='word_1_615' title='bbox 3123 4413 3376 4469; x_wconf 83' lang='lat' dir='ltr'><strong>existens</strong></span> <span class='ocrx_word' id='word_1_616' title='bbox 3397 4413 3552 4469; x_wconf 86' lang='lat' dir='ltr'><strong>sedis</strong></span> 
     </span>
    </p>
   </div>
   <div class='ocr_carea' id='block_1_90' title="bbox 237 4501 1838 4574">
    <p class='ocr_par' dir='ltr' id='par_1_90' title="bbox 237 4501 1838 4574">
     <span class='ocr_line' id='line_1_90' title="bbox 237 4501 1838 4574; baseline -0.002 -14"><span class='ocrx_word' id='word_1_617' title='bbox 237 4501 510 4574; x_wconf 88' lang='lat' dir='ltr'><strong>epistolas</strong></span> <span class='ocrx_word' id='word_1_618' title='bbox 530 4501 802 4559; x_wconf 87' lang='lat' dir='ltr'><strong>habemus</strong></span> <span class='ocrx_word' id='word_1_619' title='bbox 822 4503 889 4558; x_wconf 91' lang='lat' dir='ltr'><strong>ad</strong></span> <span class='ocrx_word' id='word_1_620' title='bbox 914 4503 1315 4574; x_wconf 89' lang='lat' dir='ltr'><strong>imperatorem</strong></span> <span class='ocrx_word' id='word_1_621' title='bbox 1341 4507 1398 4558; x_wconf 92' lang='lat' dir='ltr'><strong>et</strong></span> <span class='ocrx_word' id='word_1_622' title='bbox 1432 4501 1838 4573; x_wconf 88' lang='lat' dir='ltr'><strong>patriarcham,</strong></span> 
     </span>
    </p>
   </div>
   <div class='ocr_carea' id='block_1_91' title="bbox 235 4591 1838 4664">
    <p class='ocr_par' dir='ltr' id='par_1_91' title="bbox 235 4591 1838 4664">
     <span class='ocr_line' id='line_1_91' title="bbox 235 4591 1838 4664; baseline -0.002 -16"><span class='ocrx_word' id='word_1_623' title='bbox 235 4597 291 4648; x_wconf 90' lang='lat' dir='ltr'><strong>et</strong></span> <span class='ocrx_word' id='word_1_624' title='bbox 305 4591 357 4648; x_wconf 90' lang='lat' dir='ltr'><strong>si</strong></span> <span class='ocrx_word' id='word_1_625' title='bbox 364 4591 602 4664; x_wconf 73' lang='lat' dir='ltr'><strong>iubetis,</strong></span> <span class='ocrx_word' id='word_1_626' title='bbox 623 4591 910 4662; x_wconf 69' lang='lat' dir='ltr'><strong>legentur,</strong></span> <span class='ocrx_word' id='word_1_627' title='bbox 925 4597 980 4648; x_wconf 90' lang='lat' dir='ltr'><strong>et</strong></span> <span class='ocrx_word' id='word_1_628' title='bbox 998 4607 1203 4648; x_wconf 90' lang='lat' dir='ltr'><strong>rursus</strong></span> <span class='ocrx_word' id='word_1_629' title='bbox 1217 4592 1392 4648; x_wconf 90' lang='lat' dir='ltr'><strong>iidem</strong></span> <span class='ocrx_word' id='word_1_630' title='bbox 1410 4591 1521 4662; x_wconf 91' lang='lat' dir='ltr'><strong>ipsi</strong></span> <span class='ocrx_word' id='word_1_631' title='bbox 1535 4591 1838 4647; x_wconf 86' lang='lat' dir='ltr'><strong>dixerunt:</strong></span> 
     </span>
    </p>
   </div>
   <div class='ocr_carea' id='block_1_92' title="bbox 235 4679 1844 4752">
    <p class='ocr_par' dir='ltr' id='par_1_92' title="bbox 235 4679 1844 4752">
     <span class='ocr_line' id='line_1_92' title="bbox 235 4679 1844 4752; baseline -0.002 -15"><span class='ocrx_word' id='word_1_632' title='bbox 235 4681 542 4738; x_wconf 90' lang='lat' dir='ltr'><strong>Piissimus</strong></span> <span class='ocrx_word' id='word_1_633' title='bbox 557 4687 614 4737; x_wconf 93' lang='lat' dir='ltr'><strong>et</strong></span> <span class='ocrx_word' id='word_1_634' title='bbox 628 4681 850 4736; x_wconf 90' lang='lat' dir='ltr'><strong>amicus</strong></span> <span class='ocrx_word' id='word_1_635' title='bbox 864 4681 1080 4738; x_wconf 92' lang='lat' dir='ltr'><strong>Christi</strong></span> <span class='ocrx_word' id='word_1_636' title='bbox 1102 4681 1430 4752; x_wconf 90' lang='lat' dir='ltr'><strong>imperator,</strong></span> <span class='ocrx_word' id='word_1_637' title='bbox 1449 4686 1505 4737; x_wconf 91' lang='lat' dir='ltr'><strong>et</strong></span> <span class='ocrx_word' id='word_1_638' title='bbox 1534 4679 1844 4736; x_wconf 88' lang='lat' dir='ltr'><strong>sanctissi-</strong></span> 
     </span>
    </p>
   </div>
   <div class='ocr_carea' id='block_1_93' title="bbox 238 4769 1844 4842">
    <p class='ocr_par' dir='ltr' id='par_1_93' title="bbox 238 4769 1844 4842">
     <span class='ocr_line' id='line_1_93' title="bbox 238 4769 1844 4842; baseline -0.001 -16"><span class='ocrx_word' id='word_1_639' title='bbox 238 4783 366 4826; x_wconf 89' lang='lat' dir='ltr'><strong>mus</strong></span> <span class='ocrx_word' id='word_1_640' title='bbox 388 4769 644 4842; x_wconf 82' lang='lat' dir='ltr'><strong>Ignatius</strong></span> <span class='ocrx_word' id='word_1_641' title='bbox 667 4770 992 4840; x_wconf 89' lang='lat' dir='ltr'><strong>patriarcha</strong></span> <span class='ocrx_word' id='word_1_642' title='bbox 1029 4769 1620 4840; x_wconf 88' lang='lat' dir='ltr'><strong>Constantinopoleos,</strong></span> <span class='ocrx_word' id='word_1_643' title='bbox 1663 4769 1844 4826; x_wconf 90' lang='lat' dir='ltr'><strong>mise—</strong></span> 
     </span>
    </p>
   </div>
   <div class='ocr_carea' id='block_1_94' title="bbox 235 4858 1844 4928">
    <p class='ocr_par' dir='ltr' id='par_1_94' title="bbox 235 4858 1844 4928">
     <span class='ocr_line' id='line_1_94' title="bbox 235 4858 1844 4928; baseline -0.001 -13"><span class='ocrx_word' id='word_1_644' title='bbox 235 4864 374 4916; x_wconf 89' lang='lat' dir='ltr'><strong>runt</strong></span> <span class='ocrx_word' id='word_1_645' title='bbox 387 4859 798 4928; x_wconf 89' lang='lat' dir='ltr'><strong>apocrisiarios</strong></span> <span class='ocrx_word' id='word_1_646' title='bbox 829 4873 966 4916; x_wconf 91' lang='lat' dir='ltr'><strong>suos</strong></span> <span class='ocrx_word' id='word_1_647' title='bbox 999 4859 1399 4916; x_wconf 89' lang='lat' dir='ltr'><strong>nobilissimos</strong></span> <span class='ocrx_word' id='word_1_648' title='bbox 1430 4859 1586 4916; x_wconf 91' lang='lat' dir='ltr'><strong>viros</strong></span> <span class='ocrx_word' id='word_1_649' title='bbox 1623 4863 1680 4914; x_wconf 89' lang='lat' dir='ltr'><strong>et</strong></span> <span class='ocrx_word' id='word_1_650' title='bbox 1697 4858 1844 4914; x_wconf 84' lang='lat' dir='ltr'><strong>tide—</strong></span> 
     </span>
    </p>
   </div>
   <div class='ocr_carea' id='block_1_95' title="bbox 239 4948 1843 5019">
    <p class='ocr_par' dir='ltr' id='par_1_95' title="bbox 239 4948 1843 5019">
     <span class='ocr_line' id='line_1_95' title="bbox 239 4948 1843 5019; baseline -0.001 -15"><span class='ocrx_word' id='word_1_651' title='bbox 239 4948 494 5005; x_wconf 89' lang='lat' dir='ltr'><strong>lissimos</strong></span> <span class='ocrx_word' id='word_1_652' title='bbox 505 4949 686 5004; x_wconf 90' lang='lat' dir='ltr'><strong>sancti</strong></span> <span class='ocrx_word' id='word_1_653' title='bbox 713 4949 942 5019; x_wconf 90' lang='lat' dir='ltr'><strong>imperii</strong></span> <span class='ocrx_word' id='word_1_654' title='bbox 957 4949 1048 5005; x_wconf 90' lang='lat' dir='ltr'><strong>sui</strong></span> <span class='ocrx_word' id='word_1_655' title='bbox 1072 4954 1127 5004; x_wconf 88' lang='lat' dir='ltr'><strong>et</strong></span> <span class='ocrx_word' id='word_1_656' title='bbox 1143 4948 1408 5005; x_wconf 62' lang='lat' dir='ltr'><strong>Ecclesiae</strong></span> <span class='ocrx_word' id='word_1_657' title='bbox 1423 4948 1556 5019; x_wconf 84' lang='lat' dir='ltr'><strong>Dei;</strong></span> <span class='ocrx_word' id='word_1_658' title='bbox 1574 4949 1843 5004; x_wconf 88' lang='lat' dir='ltr'><strong>Joannem</strong></span> 
     </span>
    </p>
   </div>
   <div class='ocr_carea' id='block_1_96' title="bbox 240 5024 1846 5109">
    <p class='ocr_par' dir='ltr' id='par_1_96' title="bbox 240 5024 1846 5109">
     <span class='ocr_line' id='line_1_96' title="bbox 240 5024 1846 5109; baseline -0.001 -16"><span class='ocrx_word' id='word_1_659' title='bbox 240 5037 659 5107; x_wconf 89' lang='lat' dir='ltr'><strong>metropolitam</strong></span> <span class='ocrx_word' id='word_1_660' title='bbox 673 5037 831 5109; x_wconf 89' lang='lat' dir='ltr'><strong>Silei,</strong></span> <span class='ocrx_word' id='word_1_661' title='bbox 847 5024 1192 5094; x_wconf 82' lang='lat' dir='ltr'><strong>etBasilium</strong></span> <span class='ocrx_word' id='word_1_662' title='bbox 1213 5038 1571 5108; x_wconf 88' lang='lat' dir='ltr'><strong>spatharium</strong></span> <span class='ocrx_word' id='word_1_663' title='bbox 1597 5037 1846 5106; x_wconf 87' lang='lat' dir='ltr'><strong>amplis—</strong></span> 
     </span>
    </p>
   </div>
   <div class='ocr_carea' id='block_1_97' title="bbox 239 5125 1838 5197">
    <p class='ocr_par' dir='ltr' id='par_1_97' title="bbox 239 5125 1838 5197">
     <span class='ocr_line' id='line_1_97' title="bbox 239 5125 1838 5197; baseline -0.001 -14"><span class='ocrx_word' id='word_1_664' title='bbox 239 5127 446 5184; x_wconf 90' lang='lat' dir='ltr'><strong>simum</strong></span> <span class='ocrx_word' id='word_1_665' title='bbox 461 5126 670 5197; x_wconf 88' lang='lat' dir='ltr'><strong>virum,</strong></span> <span class='ocrx_word' id='word_1_666' title='bbox 694 5127 762 5182; x_wconf 87' lang='lat' dir='ltr'><strong>ad</strong></span> <span class='ocrx_word' id='word_1_667' title='bbox 779 5125 1172 5183; x_wconf 88' lang='lat' dir='ltr'><strong>beatissimum</strong></span> <span class='ocrx_word' id='word_1_668' title='bbox 1187 5139 1384 5197; x_wconf 89' lang='lat' dir='ltr'><strong>papam</strong></span> <span class='ocrx_word' id='word_1_669' title='bbox 1401 5125 1720 5181; x_wconf 88' lang='lat' dir='ltr'><strong>Nicolaum.</strong></span> <span class='ocrx_word' id='word_1_670' title='bbox 1735 5125 1838 5181; x_wconf 90' lang='lat' dir='ltr'><strong>Sed</strong></span> 
     </span>
    </p>
   </div>
   <div class='ocr_carea' id='block_1_98' title="bbox 240 5213 1841 5289">
    <p class='ocr_par' dir='ltr' id='par_1_98' title="bbox 240 5213 1841 5289">
     <span class='ocr_line' id='line_1_98' title="bbox 240 5213 1841 5289; baseline -0.003 -15"><span class='ocrx_word' id='word_1_671' title='bbox 240 5217 510 5289; x_wconf 84' lang='lat' dir='ltr'><strong>quoniam</strong></span> <span class='ocrx_word' id='word_1_672' title='bbox 534 5215 633 5272; x_wconf 92' lang='lat' dir='ltr'><strong>ille</strong></span> <span class='ocrx_word' id='word_1_673' title='bbox 671 5217 739 5272; x_wconf 91' lang='lat' dir='ltr'><strong>ad</strong></span> <span class='ocrx_word' id='word_1_674' title='bbox 779 5215 1086 5272; x_wconf 90' lang='lat' dir='ltr'><strong>Dominum</strong></span> <span class='ocrx_word' id='word_1_675' title='bbox 1119 5213 1406 5286; x_wconf 89' lang='lat' dir='ltr'><strong>profectus</strong></span> <span class='ocrx_word' id='word_1_676' title='bbox 1443 5219 1548 5286; x_wconf 86' lang='lat' dir='ltr'><strong>est,</strong></span> <span class='ocrx_word' id='word_1_677' title='bbox 1587 5213 1841 5282; x_wconf 91' lang='lat' dir='ltr'><strong>suscepit</strong></span> 
     </span>
    </p>
   </div>
   <div class='ocr_carea' id='block_1_99' title="bbox 235 5301 1838 5377">
    <p class='ocr_par' dir='ltr' id='par_1_99' title="bbox 235 5301 1838 5377">
     <span class='ocr_line' id='line_1_99' title="bbox 235 5301 1838 5377; baseline -0.002 -14"><span class='ocrx_word' id='word_1_678' title='bbox 235 5305 535 5377; x_wconf 89' lang='lat' dir='ltr'><strong>epistolam</strong></span> <span class='ocrx_word' id='word_1_679' title='bbox 582 5303 873 5362; x_wconf 83' lang='lat' dir='ltr'><strong>Adrianus</strong></span> <span class='ocrx_word' id='word_1_680' title='bbox 919 5305 1044 5374; x_wconf 89' lang='lat' dir='ltr'><strong>ejus</strong></span> <span class='ocrx_word' id='word_1_681' title='bbox 1091 5317 1386 5361; x_wconf 90' lang='lat' dir='ltr'><strong>successor</strong></span> <span class='ocrx_word' id='word_1_682' title='bbox 1436 5301 1838 5360; x_wconf 89' lang='lat' dir='ltr'><strong>sanctissimus</strong></span> 
     </span>
    </p>
   </div>
   <div class='ocr_carea' id='block_1_100' title="bbox 1951 4499 3551 4574">
    <p class='ocr_par' dir='ltr' id='par_1_100' title="bbox 1951 4499 3551 4574">
     <span class='ocr_line' id='line_1_100' title="bbox 1951 4499 3551 4574; baseline -0.004 -12"><span class='ocrx_word' id='word_1_683' title='bbox 1951 4504 2309 4562; x_wconf 57' lang='lat' dir='ltr'><strong>Antiochiam</strong></span> <span class='ocrx_word' id='word_1_684' title='bbox 2343 4517 2455 4574; x_wconf 92' lang='lat' dir='ltr'><strong>qua</strong></span> <span class='ocrx_word' id='word_1_685' title='bbox 2495 4503 2818 4573; x_wconf 90' lang='lat' dir='ltr'><strong>patriarcha</strong></span> <span class='ocrx_word' id='word_1_686' title='bbox 2859 4503 3097 4572; x_wconf 87' lang='lat' dir='ltr'><strong>privata,</strong></span> <span class='ocrx_word' id='word_1_687' title='bbox 3141 4501 3326 4570; x_wconf 89' lang='lat' dir='ltr'><strong>ipsum</strong></span> <span class='ocrx_word' id='word_1_688' title='bbox 3363 4499 3551 4556; x_wconf 89' lang='lat' dir='ltr'><strong>locum</strong></span> 
     </span>
    </p>
   </div>
   <div class='ocr_carea' id='block_1_101' title="bbox 1952 4589 3548 4662">
    <p class='ocr_par' dir='ltr' id='par_1_101' title="bbox 1952 4589 3548 4662">
     <span class='ocr_line' id='line_1_101' title="bbox 1952 4589 3548 4662; baseline -0.004 -12"><span class='ocrx_word' id='word_1_689' title='bbox 1952 4592 2464 4662; x_wconf 87' lang='lat' dir='ltr'><strong>tenetsedisillius,</strong></span> <span class='ocrx_word' id='word_1_690' title='bbox 2483 4592 2802 4662; x_wconf 87' lang='lat' dir='ltr'><strong>usquedum</strong></span> <span class='ocrx_word' id='word_1_691' title='bbox 2815 4590 2914 4646; x_wconf 81' lang='lat' dir='ltr'><strong>ﬂat</strong></span> <span class='ocrx_word' id='word_1_692' title='bbox 2927 4589 3250 4660; x_wconf 88' lang='lat' dir='ltr'><strong>patriarcha</strong></span> <span class='ocrx_word' id='word_1_693' title='bbox 3273 4589 3334 4644; x_wconf 90' lang='lat' dir='ltr'><strong>in</strong></span> <span class='ocrx_word' id='word_1_694' title='bbox 3355 4589 3548 4645; x_wconf 90' lang='lat' dir='ltr'><strong>eadem</strong></span> 
     </span>
    </p>
   </div>
   <div class='ocr_carea' id='block_1_102' title="bbox 1951 4677 3555 4752">
    <p class='ocr_par' dir='ltr' id='par_1_102' title="bbox 1951 4677 3555 4752">
     <span class='ocr_line' id='line_1_102' title="bbox 1951 4677 3555 4752; baseline -0.004 -12"><span class='ocrx_word' id='word_1_695' title='bbox 1951 4685 2082 4740; x_wconf 88' lang='lat' dir='ltr'><strong>sede</strong></span> <span class='ocrx_word' id='word_1_696' title='bbox 2104 4701 2118 4738; x_wconf 97' lang='lat'><strong>:</strong></span> <span class='ocrx_word' id='word_1_697' title='bbox 2142 4683 2215 4740; x_wconf 91' lang='lat' dir='ltr'><strong>ob</strong></span> <span class='ocrx_word' id='word_1_698' title='bbox 2237 4683 2343 4739; x_wconf 91' lang='lat' dir='ltr'><strong>hoc</strong></span> <span class='ocrx_word' id='word_1_699' title='bbox 2365 4695 2476 4740; x_wconf 89' lang='lat' dir='ltr'><strong>non</strong></span> <span class='ocrx_word' id='word_1_700' title='bbox 2502 4680 2760 4752; x_wconf 90' lang='lat' dir='ltr'><strong>oportuit</strong></span> <span class='ocrx_word' id='word_1_701' title='bbox 2787 4693 2916 4737; x_wconf 92' lang='lat' dir='ltr'><strong>eum</strong></span> <span class='ocrx_word' id='word_1_702' title='bbox 2938 4677 3158 4736; x_wconf 85' lang='lat' dir='ltr'><strong>deferre</strong></span> <span class='ocrx_word' id='word_1_703' title='bbox 3178 4677 3402 4734; x_wconf 88' lang='lat' dir='ltr'><strong>litteras</strong></span> <span class='ocrx_word' id='word_1_704' title='bbox 3421 4678 3555 4734; x_wconf 86' lang='lat' dir='ltr'><strong>mis—</strong></span> 
     </span>
    </p>
   </div>
   <div class='ocr_carea' id='block_1_103' title="bbox 1952 4769 3554 4844">
    <p class='ocr_par' dir='ltr' id='par_1_103' title="bbox 1952 4769 3554 4844">
     <span class='ocr_line' id='line_1_103' title="bbox 1952 4769 3554 4844; baseline -0.003 -15"><span class='ocrx_word' id='word_1_705' title='bbox 1952 4787 2045 4830; x_wconf 89' lang='lat' dir='ltr'><strong>sas</strong></span> <span class='ocrx_word' id='word_1_706' title='bbox 2073 4773 2143 4829; x_wconf 91' lang='lat' dir='ltr'><strong>ab</strong></span> <span class='ocrx_word' id='word_1_707' title='bbox 2173 4772 2290 4828; x_wconf 89' lang='lat' dir='ltr'><strong>alio</strong></span> <span class='ocrx_word' id='word_1_708' title='bbox 2319 4772 2537 4844; x_wconf 89' lang='lat' dir='ltr'><strong>aliquo,</strong></span> <span class='ocrx_word' id='word_1_709' title='bbox 2571 4785 2700 4828; x_wconf 90' lang='lat' dir='ltr'><strong>cum</strong></span> <span class='ocrx_word' id='word_1_710' title='bbox 2731 4771 2852 4840; x_wconf 91' lang='lat' dir='ltr'><strong>ipse</strong></span> <span class='ocrx_word' id='word_1_711' title='bbox 2877 4769 3275 4826; x_wconf 89' lang='lat' dir='ltr'><strong>auctoritatem</strong></span> <span class='ocrx_word' id='word_1_712' title='bbox 3304 4772 3362 4823; x_wconf 88' lang='lat' dir='ltr'><strong>et</strong></span> <span class='ocrx_word' id='word_1_713' title='bbox 3388 4772 3554 4838; x_wconf 86' lang='lat' dir='ltr'><strong>pote—</strong></span> 
     </span>
    </p>
   </div>
   <div class='ocr_carea' id='block_1_104' title="bbox 1952 4857 3547 4928">
    <p class='ocr_par' dir='ltr' id='par_1_104' title="bbox 1952 4857 3547 4928">
     <span class='ocr_line' id='line_1_104' title="bbox 1952 4857 3547 4928; baseline -0.004 -11"><span class='ocrx_word' id='word_1_714' title='bbox 1952 4865 2152 4918; x_wconf 88' lang='lat' dir='ltr'><strong>statem</strong></span> <span class='ocrx_word' id='word_1_715' title='bbox 2193 4861 2422 4917; x_wconf 85' lang='lat' dir='ltr'><strong>haberet</strong></span> <span class='ocrx_word' id='word_1_716' title='bbox 2467 4861 2527 4916; x_wconf 91' lang='lat' dir='ltr'><strong>in</strong></span> <span class='ocrx_word' id='word_1_717' title='bbox 2553 4861 2746 4916; x_wconf 86' lang='lat' dir='ltr'><strong>eadem</strong></span> <span class='ocrx_word' id='word_1_718' title='bbox 2778 4859 2943 4916; x_wconf 91' lang='lat' dir='ltr'><strong>sede:</strong></span> <span class='ocrx_word' id='word_1_719' title='bbox 2982 4871 3082 4928; x_wconf 92' lang='lat' dir='ltr'><strong>pro</strong></span> <span class='ocrx_word' id='word_1_720' title='bbox 3125 4871 3191 4913; x_wconf 94' lang='lat' dir='ltr'><strong>eo</strong></span> <span class='ocrx_word' id='word_1_721' title='bbox 3219 4870 3352 4912; x_wconf 90' lang='lat' dir='ltr'><strong>vero</strong></span> <span class='ocrx_word' id='word_1_722' title='bbox 3401 4857 3547 4928; x_wconf 90' lang='lat' dir='ltr'><strong>quod</strong></span> 
     </span>
    </p>
   </div>
   <div class='ocr_carea' id='block_1_105' title="bbox 1951 4945 3550 5020">
    <p class='ocr_par' dir='ltr' id='par_1_105' title="bbox 1951 4945 3550 5020">
     <span class='ocr_line' id='line_1_105' title="bbox 1951 4945 3550 5020; baseline -0.006 -11"><span class='ocrx_word' id='word_1_723' title='bbox 1951 4947 2392 5009; x_wconf 75' lang='lat' dir='ltr'><strong>Graecedifticile</strong></span> <span class='ocrx_word' id='word_1_724' title='bbox 2414 4949 2707 5020; x_wconf 87' lang='lat' dir='ltr'><strong>loquatur,</strong></span> <span class='ocrx_word' id='word_1_725' title='bbox 2731 4947 2802 5003; x_wconf 91' lang='lat' dir='ltr'><strong>ab</strong></span> <span class='ocrx_word' id='word_1_726' title='bbox 2823 4961 2888 5004; x_wconf 90' lang='lat' dir='ltr'><strong>eo</strong></span> <span class='ocrx_word' id='word_1_727' title='bbox 2909 4947 3246 5002; x_wconf 84' lang='lat' dir='ltr'><strong>exhortatus</strong></span> <span class='ocrx_word' id='word_1_728' title='bbox 3260 4945 3377 5002; x_wconf 59' lang='lat' dir='ltr'><strong>hac</strong></span> <span class='ocrx_word' id='word_1_729' title='bbox 3399 4959 3550 5000; x_wconf 90' lang='lat' dir='ltr'><strong>nunc</strong></span> 
     </span>
    </p>
   </div>
   <div class='ocr_carea' id='block_1_106' title="bbox 1951 5034 3552 5110">
    <p class='ocr_par' dir='ltr' id='par_1_106' title="bbox 1951 5034 3552 5110">
     <span class='ocr_line' id='line_1_106' title="bbox 1951 5034 3552 5110; baseline -0.006 -13"><span class='ocrx_word' id='word_1_730' title='bbox 1951 5039 2096 5097; x_wconf 88' lang='lat' dir='ltr'><strong>dixi.</strong></span> <span class='ocrx_word' id='word_1_731' title='bbox 2121 5041 2235 5110; x_wconf 77' lang='lat' dir='ltr'><strong>Ego</strong></span> <span class='ocrx_word' id='word_1_732' title='bbox 2259 5043 2467 5106; x_wconf 89' lang='lat' dir='ltr'><strong>autem,</strong></span> <span class='ocrx_word' id='word_1_733' title='bbox 2493 5038 2630 5109; x_wconf 89' lang='lat' dir='ltr'><strong>quia</strong></span> <span class='ocrx_word' id='word_1_734' title='bbox 2660 5035 2947 5108; x_wconf 88' lang='lat' dir='ltr'><strong>syncellus</strong></span> <span class='ocrx_word' id='word_1_735' title='bbox 2967 5049 3094 5091; x_wconf 90' lang='lat' dir='ltr'><strong>sum</strong></span> <span class='ocrx_word' id='word_1_736' title='bbox 3117 5035 3271 5091; x_wconf 90' lang='lat' dir='ltr'><strong>sedis</strong></span> <span class='ocrx_word' id='word_1_737' title='bbox 3295 5034 3552 5089; x_wconf 86' lang='lat' dir='ltr'><strong>Hieroso-</strong></span> 
     </span>
    </p>
   </div>
   <div class='ocr_carea' id='block_1_107' title="bbox 1953 5121 3552 5200">
    <p class='ocr_par' dir='ltr' id='par_1_107' title="bbox 1953 5121 3552 5200">
     <span class='ocr_line' id='line_1_107' title="bbox 1953 5121 3552 5200; baseline -0.005 -15"><span class='ocrx_word' id='word_1_738' title='bbox 1953 5128 2260 5200; x_wconf 66' lang='lat' dir='ltr'><strong>lymitanaa,</strong></span> <span class='ocrx_word' id='word_1_739' title='bbox 2277 5126 2817 5198; x_wconf 89' lang='lat' dir='ltr'><strong>sequensjussiones</strong></span> <span class='ocrx_word' id='word_1_740' title='bbox 2827 5123 3134 5180; x_wconf 90' lang='lat' dir='ltr'><strong>Theodosii</strong></span> <span class='ocrx_word' id='word_1_741' title='bbox 3149 5121 3358 5180; x_wconf 90' lang='lat' dir='ltr'><strong>summi</strong></span> <span class='ocrx_word' id='word_1_742' title='bbox 3373 5135 3552 5178; x_wconf 86' lang='lat' dir='ltr'><strong>sacer-</strong></span> 
     </span>
    </p>
   </div>
   <div class='ocr_carea' id='block_1_108' title="bbox 1951 5209 3553 5287">
    <p class='ocr_par' dir='ltr' id='par_1_108' title="bbox 1951 5209 3553 5287">
     <span class='ocr_line' id='line_1_108' title="bbox 1951 5209 3553 5287; baseline -0.004 -14"><span class='ocrx_word' id='word_1_743' title='bbox 1951 5217 2106 5274; x_wconf 91' lang='lat' dir='ltr'><strong>dotis</strong></span> <span class='ocrx_word' id='word_1_744' title='bbox 2117 5216 2321 5287; x_wconf 89' lang='lat' dir='ltr'><strong>nostri,</strong></span> <span class='ocrx_word' id='word_1_745' title='bbox 2337 5215 2698 5284; x_wconf 89' lang='lat' dir='ltr'><strong>litterasejus</strong></span> <span class='ocrx_word' id='word_1_746' title='bbox 2713 5227 2824 5284; x_wconf 71' lang='lat' dir='ltr'><strong>pra:</strong></span> <span class='ocrx_word' id='word_1_747' title='bbox 2837 5212 3106 5270; x_wconf 87' lang='lat' dir='ltr'><strong>manibus</strong></span> <span class='ocrx_word' id='word_1_748' title='bbox 3117 5211 3331 5267; x_wconf 89' lang='lat' dir='ltr'><strong>habens</strong></span> <span class='ocrx_word' id='word_1_749' title='bbox 3344 5209 3455 5266; x_wconf 89' lang='lat' dir='ltr'><strong>huc</strong></span> <span class='ocrx_word' id='word_1_750' title='bbox 3467 5224 3553 5266; x_wconf 88' lang='lat' dir='ltr'><strong>ve-</strong></span> 
     </span>
    </p>
   </div>
   <div class='ocr_carea' id='block_1_109' title="bbox 1950 5299 3554 5376">
    <p class='ocr_par' dir='ltr' id='par_1_109' title="bbox 1950 5299 3554 5376">
     <span class='ocr_line' id='line_1_109' title="bbox 1950 5299 3554 5376; baseline -0.004 -15"><span class='ocrx_word' id='word_1_751' title='bbox 1950 5306 2032 5376; x_wconf 89' lang='lat' dir='ltr'><strong>ni,</strong></span> <span class='ocrx_word' id='word_1_752' title='bbox 2057 5310 2266 5376; x_wconf 89' lang='lat' dir='ltr'><strong>quaset</strong></span> <span class='ocrx_word' id='word_1_753' title='bbox 2285 5319 2384 5360; x_wconf 90' lang='lat' dir='ltr'><strong>vos</strong></span> <span class='ocrx_word' id='word_1_754' title='bbox 2394 5303 2663 5360; x_wconf 91' lang='lat' dir='ltr'><strong>audistis.</strong></span> <span class='ocrx_word' id='word_1_755' title='bbox 2678 5301 2737 5358; x_wconf 91' lang='lat' dir='ltr'><strong>Si</strong></span> <span class='ocrx_word' id='word_1_756' title='bbox 2751 5315 2882 5358; x_wconf 91' lang='lat' dir='ltr'><strong>vero</strong></span> <span class='ocrx_word' id='word_1_757' title='bbox 2893 5306 3058 5358; x_wconf 88' lang='lat' dir='ltr'><strong>antea</strong></span> <span class='ocrx_word' id='word_1_758' title='bbox 3076 5299 3308 5370; x_wconf 88' lang='lat' dir='ltr'><strong>quidam</strong></span> <span class='ocrx_word' id='word_1_759' title='bbox 3333 5308 3444 5354; x_wconf 90' lang='lat' dir='ltr'><strong>non</strong></span> <span class='ocrx_word' id='word_1_760' title='bbox 3456 5311 3554 5354; x_wconf 91' lang='lat' dir='ltr'><strong>au-</strong></span> 
     </span>
    </p>
   </div>
   <div class='ocr_carea' id='block_1_110' title="bbox 238 5385 3546 5467">
    <p class='ocr_par' dir='ltr' id='par_1_110' title="bbox 238 5385 3546 5467">
     <span class='ocr_line' id='line_1_110' title="bbox 238 5385 3546 5467; baseline -0.003 -15"><span class='ocrx_word' id='word_1_761' title='bbox 238 5409 378 5467; x_wconf 89' lang='lat' dir='ltr'><strong>papa</strong></span> <span class='ocrx_word' id='word_1_762' title='bbox 390 5395 639 5453; x_wconf 85' lang='lat' dir='ltr'><strong>senioris</strong></span> <span class='ocrx_word' id='word_1_763' title='bbox 653 5395 859 5466; x_wconf 66' lang='lat' dir='ltr'><strong>Romae,</strong></span> <span class='ocrx_word' id='word_1_764' title='bbox 874 5397 1137 5464; x_wconf 80' lang='lat' dir='ltr'><strong>rogantes</strong></span> <span class='ocrx_word' id='word_1_765' title='bbox 1153 5406 1304 5464; x_wconf 85' lang='lat' dir='ltr'><strong>eum,</strong></span> <span class='ocrx_word' id='word_1_766' title='bbox 1331 5397 1392 5449; x_wconf 92' lang='lat' dir='ltr'><strong>ut</strong></span> <span class='ocrx_word' id='word_1_767' title='bbox 1425 5391 1676 5448; x_wconf 86' lang='lat' dir='ltr'><strong>mitteret</strong></span> <span class='ocrx_word' id='word_1_768' title='bbox 1691 5404 1840 5462; x_wconf 90' lang='lat' dir='ltr'><strong>apo—</strong></span> <span class='ocrx_word' id='word_1_769' title='bbox 1947 5394 2199 5465; x_wconf 88' lang='lat' dir='ltr'><strong>dierunt,</strong></span> <span class='ocrx_word' id='word_1_770' title='bbox 2223 5397 2280 5450; x_wconf 87' lang='lat' dir='ltr'><strong>et</strong></span> <span class='ocrx_word' id='word_1_771' title='bbox 2300 5391 2542 5448; x_wconf 83' lang='lat' dir='ltr'><strong>maxime</strong></span> <span class='ocrx_word' id='word_1_772' title='bbox 2555 5390 3042 5462; x_wconf 88' lang='lat' dir='ltr'><strong>proptervicarios</strong></span> <span class='ocrx_word' id='word_1_773' title='bbox 3053 5387 3302 5445; x_wconf 89' lang='lat' dir='ltr'><strong>senioris</strong></span> <span class='ocrx_word' id='word_1_774' title='bbox 3335 5385 3546 5457; x_wconf 68' lang='lat' dir='ltr'><strong>Romae,</strong></span> 
     </span>
    </p>
   </div>
   <div class='ocr_carea' id='block_1_111' title="bbox 232 5474 3548 5554">
    <p class='ocr_par' dir='ltr' id='par_1_111' title="bbox 232 5474 3548 5554">
     <span class='ocr_line' id='line_1_111' title="bbox 232 5474 3548 5554; baseline -0.004 -12"><span class='ocrx_word' id='word_1_775' title='bbox 232 5485 534 5543; x_wconf 89' lang='lat' dir='ltr'><strong>crisiarios</strong></span> <span class='ocrx_word' id='word_1_776' title='bbox 554 5498 693 5542; x_wconf 88' lang='lat' dir='ltr'><strong>suos</strong></span> <span class='ocrx_word' id='word_1_777' title='bbox 717 5481 1295 5552; x_wconf 86' lang='lat' dir='ltr'><strong>Constantinopolim,</strong></span> <span class='ocrx_word' id='word_1_778' title='bbox 1347 5485 1630 5552; x_wconf 89' lang='lat' dir='ltr'><strong>quatenus</strong></span> <span class='ocrx_word' id='word_1_779' title='bbox 1676 5493 1837 5536; x_wconf 89' lang='lat' dir='ltr'><strong>error</strong></span> <span class='ocrx_word' id='word_1_780' title='bbox 1945 5496 2074 5540; x_wconf 87' lang='lat' dir='ltr'><strong>ecce</strong></span> <span class='ocrx_word' id='word_1_781' title='bbox 2096 5485 2300 5554; x_wconf 63' lang='lat' dir='ltr'><strong>praesto</strong></span> <span class='ocrx_word' id='word_1_782' title='bbox 2311 5485 2467 5554; x_wconf 91' lang='lat' dir='ltr'><strong>sunt,</strong></span> <span class='ocrx_word' id='word_1_783' title='bbox 2491 5484 2548 5536; x_wconf 89' lang='lat' dir='ltr'><strong>et</strong></span> <span class='ocrx_word' id='word_1_784' title='bbox 2566 5479 2849 5554; x_wconf 81' lang='lat' dir='ltr'><strong>legantur,</strong></span> <span class='ocrx_word' id='word_1_785' title='bbox 2874 5481 3158 5551; x_wconf 88' lang='lat' dir='ltr'><strong>quatenus</strong></span> <span class='ocrx_word' id='word_1_786' title='bbox 3181 5474 3400 5547; x_wconf 84' lang='lat' dir='ltr'><strong>singuli</strong></span> <span class='ocrx_word' id='word_1_787' title='bbox 3418 5489 3548 5532; x_wconf 89' lang='lat' dir='ltr'><strong>cum</strong></span> 
     </span>
    </p>
   </div>
   <div class='ocr_carea' id='block_1_112' title="bbox 233 5562 3543 5646">
    <p class='ocr_par' dir='ltr' id='par_1_112' title="bbox 233 5562 3543 5646">
     <span class='ocr_line' id='line_1_112' title="bbox 233 5562 3543 5646; baseline -0.003 -16"><span class='ocrx_word' id='word_1_788' title='bbox 233 5580 290 5630; x_wconf 87' lang='lat' dir='ltr'><strong>et</strong></span> <span class='ocrx_word' id='word_1_789' title='bbox 305 5575 526 5633; x_wconf 82' lang='lat' dir='ltr'><strong>zizania</strong></span> <span class='ocrx_word' id='word_1_790' title='bbox 541 5571 1078 5646; x_wconf 83' lang='lat' dir='ltr'><strong>exstirparenturde</strong></span> <span class='ocrx_word' id='word_1_791' title='bbox 1101 5569 1839 5640; x_wconf 88' lang='lat' dir='ltr'><strong>ecclesiaConstantinopo—</strong></span> <span class='ocrx_word' id='word_1_792' title='bbox 1943 5569 2249 5643; x_wconf 80' lang='lat' dir='ltr'><strong>diligentia</strong></span> <span class='ocrx_word' id='word_1_793' title='bbox 2301 5573 2706 5642; x_wconf 75' lang='lat' dir='ltr'><strong>cognoscentes</strong></span> <span class='ocrx_word' id='word_1_794' title='bbox 2758 5567 3072 5637; x_wconf 82' lang='lat' dir='ltr'><strong>veritatem,</strong></span> <span class='ocrx_word' id='word_1_795' title='bbox 3123 5562 3543 5622; x_wconf 80' lang='lat' dir='ltr'><strong>certiﬁcamini.</strong></span> 
     </span>
    </p>
   </div>
  </div>
