4024 6170
340 232 407 291 33

1063 227 1621 301 [INTERPRETATIO
1656 227 1903 285 SYNODI
1941 232 2060 288 VIII
2093 229 2494 289 GENERALIS.
2517 254 2592 275 —-
2615 230 2818 289 ACTIO
2848 235 2888 289 Ι.

3582 236 3654 295 34

337 361 442 415 Nos
469 363 662 413 autem
692 359 748 411 et
775 354 936 411 aliud
987 354 1127 426 quid
1174 354 1439 411 volumus
1485 354 1778 410 o'stendere
1808 356 1921 411 Deo
1953 359 2014 421 Α
2044 357 2278 413 nitatem
2308 362 2364 413 et
2395 357 2684 428 pacificam
2717 356 3134 415 ordinationem
3175 362 3407 419 reduxit
3444 368 3649 435 vestra,

336 446 695 504 amicissima:
705 444 977 500 charitati
991 449 1208 513 vestrae,
1225 445 1361 515 quia
1376 444 1554 500 multo
1567 448 1818 514 tempore
1832 444 1927 500 hic

336 538 703 603 demorantes,
727 538 784 589 et
803 533 1032 590 diutius
1051 534 1292 601 anxiati,
1317 533 1642 602 accepimus
1664 546 1761 603 per
1783 548 1930 603 sup—

341 626 693 697 plicationem
716 625 786 679 ad
822 623 1150 694 piissimum
1172 626 1229 678 et
1248 627 1507 677 sanctum
1532 622 1928 692 imperatorem

337 723 608 786 nostrum,
623 719 879 784 petentes
898 713 1134 769 celerem
1146 712 1565 768 absolutionem
1576 712 1645 766 ad
1662 711 1893 782 propria
1918 732 1931 779 θ

336 807 431 878 qui
462 819 591 862 cum
613 805 692 861 sit
719 802 1072 873 compatiens
1089 808 1147 857 et
1170 802 1486 872 miserator,
1510 806 1680 871 atque
1703 800 1937 856 miseri—

334 911 477 967 cors,
508 894 715 949 annuit
738 893 1007 963 lacrymis
1026 892 1277 963 nostris;
1308 897 1365 945 et
1383 890 1605 946 volebat
1628 904 1754 946 mox
1794 890 1935 945 satis

335 985 500 1042 nobis
517 984 719 1054 facere,
744 996 962 1053 uosque
982 982 1228 1037 celerius
1262 980 1555 1035 dimittere
1577 979 1730 1048 hinc,
1752 979 1934 1048 jussit

336 1091 435 1131 nos
453 1075 744 1129 denudare
772 1072 886 1127 sibi
919 1071 1133 1141 scripto
1156 1076 1378 1126 nostras
1400 1083 1572 1138 super
1593 1068 1800 1139 positis
1825 1082 1930 1124 ne-

334 1165 506 1236 gotiis
540 1162 884 1232 voluntates,
918 1166 973 1216 et
1012 1175 1123 1231 quo
1146 1160 1310 1215 modo
1340 1158 1523 1215 futuri
1554 1172 1800 1230 eramus,
1833 1171 1934 1213 ve—

336 1252 626 1309 nientibus
638 1251 919 1307 fratribus
931 1249 1422 1305 vicariissenioris
1438 1249 1644 1320 Romae,
1668 1248 1933 1303 dicereac

331 1343 587 1412 judicare
614 1342 685 1396 de
704 1340 1115 1396 ecclesiasticis
1134 1338 1343 1394 causis.
1370 1340 1485 1393 Nos
1503 1343 1692 1393 autem
1712 1339 1825 1393 Deo
1844 1341 1938 1392 te-

335 1432 604 1488 stimonio
622 1446 665 1502 -,
688 1431 791 1500 qui
806 1430 968 1485 novit
983 1428 1317 1485 abscondita
1330 1428 1645 1497 hominum,
1668 1432 1724 1481 et
1752 1431 1940 1482 mter-

337 1526 494 1593 rogat
512 1520 681 1576 corda
702 1525 761 1574 et
782 1532 962 1589 renes,
988 1518 1136 1573 nihil
1162 1531 1260 1587 per
1280 1518 1521 1588 gratiam
1556 1530 1736 1586 neque
1766 1530 1936 1570 acce-

338 1611 645 1681 ptationem
688 1622 941 1679 personae
982 1607 1284 1677 probantes
1330 1606 1413 1661 vel
1449 1605 1793 1675 judicantes,
1839 1619 1937 1674 per

2041 454 2097 501 et
2128 447 2359 503 reducet
2388 447 2445 502 in
2479 447 2855 503 universalem
2879 447 3160 520 laetitiam,
3192 454 3248 505 et
3280 453 3651 523 tranquillam

2044 536 2865 605 quietemcommunisDomini
2886 537 3006 592 divi
3057 539 3449 610 itas,longaeva
3485 556 3653 598 man-

2046 625 2351 680 suetudine
2380 640 2445 681 ac
2466 626 2739 696 sospitate
2760 640 3046 698 concessa,
3082 633 3145 682 ut
3169 642 3268 697 per
3286 630 3411 698 ejus
3432 612 3648 702 curam,

2047 728 2216 784 quam
2246 714 2317 769 de
2346 715 2614 772 omnibus
2645 716 2810 788 gerit,
2845 722 3016 787 atque
3047 717 3311 773 solertem
3346 720 3658 788 providen-

2048 803 2206 874 tiam,
2239 817 2367 858 cum
2402 804 2633 873 proprio
2664 805 2835 861 etiam
2867 820 3166 862 commune
3188 820 3455 877 prospere
3476 814 3653 880 gerat,

2045 905 2291 961 superno
2322 899 2468 948 nutu
2497 901 2765 949 consuete
2795 895 3160 965 conspirante
3198 901 3372 966 atque
3419 910 3659 953 coacce—

2043 981 2211 1036 dente
2242 999 2257 1052 ;
2291 996 2389 1051 per
2418 982 2647 1054 singula
2676 984 2882 1038 vestris
2924 998 3152 1055 quoque
3180 985 3467 1041 divinitus
3509 999 3661 1056 prae—

2045 1070 2222 1125 mium
2269 1076 2570 1127 consecute
2607 1073 2993 1145 contumeliis,
3043 1080 3101 1129 et
3156 1074 3656 1148 distractionibus,

2043 1174 2186 1230 quas
2199 1161 2449 1230 perpessi
2470 1161 2612 1217 estis
2631 1163 2701 1217 ab
2716 1162 2826 1233 his,
2852 1164 2952 1234 qui
2967 1164 3278 1219 violentius
3294 1165 3353 1219 in
3385 1165 3566 1237 vobis,
3601 1172 3658 1223 et

2042 1250 2338 1306 crudelius
2368 1251 2456 1306 usi
2491 1258 2626 1307 sunt
2638 1257 2913 1321 potestate
2936 1271 2950 1324 ;
2970 1253 3189 1309 tristem
3205 1254 3421 1324 pariter
3440 1261 3497 1310 et
3521 1270 3660 1327 gra—

2045 1342 2165 1394 tum
2187 1339 2449 1395 affectum
2483 1342 2997 1414 accomodavimus,
3042 1348 3155 1398 t-.m
3188 1344 3458 1400 videlicet
3480 1345 3659 1402 intac-

2046 1433 2159 1483 tam
2191 1429 2261 1483 ab
2292 1430 2446 1485 omni
2479 1430 2674 1486 dolore
2706 1444 2770 1487 ac
2793 1432 3051 1488 molestia
3084 1447 3256 1503 super
3286 1434 3656 1505 impositione

2048 1517 2167 1573 fore
2200 1519 2640 1590 nobilissimam,
2662 1526 2720 1575 et
2740 1521 3131 1577 honorabilem
3154 1525 3515 1581 sanctitatem
3529 1540 3663 1581 ves-

2046 1606 2192 1662 tram
2209 1609 2504 1678 cupientes
2527 1628 2541 1679 ;
2565 1623 2890 1680 quanquam
2914 1612 3125 1681 oppido
3146 1612 3443 1669 manifeste
3464 1616 3662 1671 scien-

336 1701 548 1769 scripta
567 1712 770 1754 sensus
787 1704 1014 1753 nostros
1030 1697 1174 1752 etde
1199 1696 1519 1765 praepositis
1548 1696 1719 1751 rebus
1755 1695 2038 1776 expc—,B}
2051 1704 2151 1770 tes,
2186 1699 2322 1769 quia
2352 1697 2671 1770 fulgentius
2685 1713 2892 1755 aurum
2926 1700 3256 1757 etlucidius
3286 1704 3418 1774 erit,
3449 1704 3497 1759 si
3534 1705 3656 1776 igni

336 1791 579 1860 suimus,
613 1802 738 1859 quae
766 1794 823 1843 et
851 1802 884 1843 a
906 1787 1072 1843 nobis
1103 1787 1265 1856 lecta,
1292 1800 1442 1842 nunc
1463 1787 1763 1842 ostendent
1783 1785 1940 1841 luci—

334 1881 472 1936 dius
489 1886 545 1934 et
576 1879 805 1949 planius
833 1878 1056 1933 eosdem
1088 1890 1289 1932 sensus
1322 1881 1563 1947 nostros,
1586 1882 1757 1945 atque
1772 1876 1943 1945 judi-

335 1971 443 2025 cia.
471 1972 752 2041 Legantur
782 1968 964 2039 igitur
996 1967 1178 2036 primo
1209 1980 1334 2036 qua:
1355 1966 1569 2036 scripta
1607 1973 1743 2021 sunt
1772 1978 1805 2019 a
1837 1978 1945 2034 pa-

338 2059 589 2114 triarcha
620 2063 834 2128 nostro,
866 2062 1037 2127 atque
1074 2056 1300 2112 demum
1339 2070 1469 2111 cum
1507 2055 1607 2110 Dei
1656 2054 1944 2123 adjutorio

335 2163 541 2205 sensus
578 2154 803 2204 nostros
832 2160 932 2217 per
966 2146 1255 2216 expositas
1301 2159 1334 2200 a
1367 2145 1533 2200 nobis
1578 2144 1944 2200 definitiones

336 2238 598 2295 disceris.
629 2240 746 2292 Deo
774 2236 1113 2292 amicissimi
1138 2235 1338 2289 vicarii
1362 2234 1610 2289 senioris
1632 2235 1817 2289 Romae
1847 2234 1949 2288 di-

335 2332 547 2384 xerunt
577 2346 589 2381 :
624 2327 848 2382 Placuit
880 2326 1061 2381 nobis.
1088 2327 1387 2397 Legantur.
1412 2323 1695 2379 Similiter
1714 2327 1771 2377 et
1790 2336 1951 2378 sanc-

338 2424 389 2473 ta
419 2416 873 2489 synodusdixit:
909 2417 1207 2487 Legantur.
1232 2416 1301 2470 Et
1319 2413 1608 2483 accipiens
1626 2412 1947 2482 Stephanus

336 2511 449 2564 Deo
479 2504 874 2562 amicissimus
900 2505 1179 2560 diaconus
1198 2507 1407 2559 sancta:
1442 2502 1944 2558 Constantinorum

340 2597 609 2653 Ecclesia:
635 2602 694 2651 et
721 2597 960 2651 devotus
992 2594 1252 2650 notarius
1284 2593 1424 2664 legit
1456 2610 1468 2645 :

342 2747 364 2776 α
390 2726 495 2777 Per
516 2725 697 2777 omnia
722 2722 1058 2776 sanctissimo
1074 2721 1261 2788 fratri,
1289 2722 1339 2772 et
1364 2720 1722 2772 comministro
1736 2718 1949 2771 domino

404 2798 646 2862 Ignatio,
715 2794 1085 2861 gubernacula
1156 2791 1459 2844 moderanti
1512 2791 1953 2843 nominatissimae

394 2866 963 2934 Constantinopoleos,
997 2863 1295 2917 uniuersali
1312 2863 1659 2931 patriarchae,
1710 2862 1956 2915 Theodo—

406 2942 526 2993 sius
550 2953 737 2992 servus
759 2938 887 2990 Jesu
914 2935 1115 2990 Christi
1136 2934 1649 3001 Hierosolymorum.

395 3078 420 3108 ε
438 3053 975 3111 llonorabilissimis
995 3056 1052 3107 et
1071 3050 1610 3122 cultudignissimis
1632 3050 1845 3105 litteris
1877 3064 1964 3106 ve-

2048 1792 2363 1859 coaptetur,
2397 1789 2479 1845 vel
2513 1789 2563 1844 si
2593 1789 3002 1845 abundantiori
3043 1792 3386 1848 conﬂatione
3415 1794 3661 1864 quodam

2052 1876 2217 1931 modo
2243 1883 2538 1933 extensum
2573 1878 2725 1933 abea
2760 1893 2884 1949 qua:
2922 1879 3071 1934 inest
3114 1880 3226 1936 sibi
3263 1883 3662 1939 commistione

2056 1967 2266 2036 pejoris
2306 1969 2574 2036 materiae,
2612 1973 2977 2039 expurgatur.
3017 1970 3117 2025 Est
3150 1971 3302 2026 enim
3337 1979 3395 2026 et
3433 1973 3662 2042 quando

2058 2064 2286 2126 propter
2322 2058 2659 2113 insolentem
2692 2058 2973 2113 desidiam
3014 2060 3290 2116 mentium
3337 2066 3661 2116 nostrarum

2056 2145 2126 2206 ab
2162 2147 2489 2217 integritate
2535 2146 2858 2201 animorum
2914 2148 3119 2216 partim
3176 2150 3383 2212 aversi,
3425 2154 3482 2204 et
3526 2150 3665 2207 bene

2056 2238 2378 2305 disponere,
2397 2249 2462 2290 ac
2478 2248 2643 2306 agere
2658 2235 2899 2307 opinati,
2919 2248 2952 2290 a
2968 2249 3099 2291 vero
3131 2237 3333 2308 utique
3357 2240 3663 2295 commisso

2058 2326 2256 2400 procul
2295 2323 2598 2395 efficimur,
2634 2325 2913 2396 semitam,
2956 2340 3082 2394 quae
3122 2327 3191 2380 ad
3260 2327 3665 2384 rectitudinem

2056 2416 2241 2487 ducit,
2282 2414 2666 2487 negligentius
2697 2414 3071 2485 declinantes,
3103 2420 3274 2486 atque
3302 2417 3666 2486 perplexione

2055 2505 2361 2562 deterioris
2378 2505 2712 2576 improvide,
2733 2503 2883 2573 quod
2906 2504 3113 2560 melius
3132 2511 3235 2577 est,
3270 2506 3666 2564 turbulentum

2057 2596 2384 2652 statuimus.

2133 2707 2158 2737 α
2180 2686 2321 2739 Hinc
2349 2684 2670 2739 animarum
2691 2690 3013 2741 nostrarum
3045 2685 3512 2754 sapientissimus
3545 2702 3671 2742 me—

2061 2776 2230 2832 dicus
2257 2778 2385 2844 apte
2416 2774 2583 2830 nobis
2614 2774 2674 2829 in
2705 2774 3081 2830 tribulatione
3109 2775 3316 2831 dilatat
3352 2778 3671 2847 appositam

2066 2865 2369 2937 caliginem
2404 2863 2723 2919 intellectui
2754 2864 3074 2919 animarum
3106 2871 3431 2922 nostrarum
3460 2867 3673 2922 sensim

2069 2955 2404 3023 emundans,
2423 2954 2492 3009 ad
2512 2953 2977 3031 resplendendam
3006 2955 3488 3012 illuminationem
3512 2956 3675 3029 regni

2073 3047 2187 3117 sui,
2201 3044 2623 3114 atquejustitiaa
2637 3044 2695 3100 in
2708 3044 2982 3099 cordibus
2995 3046 3226 3101 nostris.
3244 3048 3323 3101 Ne
3338 3046 3519 3118 igitur
3530 3062 3672 3102 cru—

342 3155 476 3218 δῖε-ω
495 3134 821 3201 sanctitatis
841 3142 1142 3211 susceptis,
1166 3154 1199 3195 a
1220 3142 1331 3196 Deo
1362 3140 1696 3211 gloriﬁcate,
1750 3141 1958 3195 vestris
1994 3121 2041 3183 ί]
2072 3136 2247 3192 cieris
2283 3148 2463 3205 neque
2492 3134 2766 3204 anxieris,
2797 3135 3175 3203 praecedentes
3206 3137 3549 3193 tentationes
3579 3150 3678 3206 per

345 3229 1475 3305 quidemdivinitusdatisvaletudinibus
1496 3234 1552 3284 et
1580 3228 1960 3284 incolumita—

350 3324 510 3379 tibus
534 3336 864 3395 magnopere
885 3320 1265 3392 congratulati
1279 3334 1499 3389 sumus,
1530 3332 1797 3388 prospere
1816 3333 1961 3374 con—

346 3414 650 3469 servandos
661 3411 841 3468 vosab
854 3410 1009 3467 omni
1028 3409 1244 3465 malitia
1257 3412 1588 3478 exoptantes
1617 3425 1629 3460 :
1655 3407 1749 3462 sed
1769 3407 1961 3463 dolere

348 3518 448 3559 nos
479 3501 631 3574 fecit,
664 3506 721 3557 et
751 3500 931 3557 multo
962 3512 1198 3555 maerore
1220 3497 1457 3568 replevit
1492 3496 1744 3552 ecclesia:
1763 3502 1961 3552 vestrae

346 3594 706 3665 negotiorum
736 3589 1113 3657 dissonantia,
1142 3601 1238 3657 per
1276 3586 1657 3642 membrorum
1696 3586 1963 3642 videlicet

343 3684 622 3739 alternam
644 3679 1101 3736 communionem
1118 3682 1176 3733 et
1194 3676 1651 3733 consonantiam:
1688 3676 1959 3746 quoniam

345 3774 660 3830 secundum
675 3768 1128 3825 vetustissimum
1143 3780 1456 3823 sermonem
1469 3766 1814 3822 continentia
1829 3780 1963 3834 una,

344 3861 702 3933 conspiratio
728 3874 856 3932 una,
906 3865 964 3914 et
990 3857 1308 3928 compassio
1350 3871 1461 3913 una
1491 3862 1577 3913 est
1600 3857 1659 3912 in
1677 3856 1964 3929 omnibus,

348 3970 473 4026 qua
504 3958 642 4008 sunt
670 3951 1115 4007 orthodoxarum
1148 3948 1518 4003 ecclesiarum
1552 3965 1563 4000 :
1601 3948 1694 4002 sed
1730 3947 1880 4002 sicut
1904 3946 1962 4001 in

347 4042 623 4099 membris
673 4040 887 4110 quadam
938 4038 1169 4109 quidem
1207 4038 1274 4092 ad
1327 4037 1649 4109 vivendum,
1705 4036 1960 4107 quaedam

348 4140 539 4189 autem
571 4132 640 4187 ad
674 4131 813 4186 bene
842 4129 1144 4185 vivendum
1196 4126 1535 4181 naturaliter
1580 4124 1774 4181 effecta
1831 4129 1966 4180 sunt

350 4220 677 4279 conditoria
699 4220 931 4289 virtute,
964 4224 1020 4287 et
1040 4217 1202 4272 stella
1223 4231 1253 4270 a
1277 4216 1440 4271 stella
1461 4214 1654 4271 differt
1690 4216 1748 4269 in
1780 4214 1963 4269 clari—

356 4318 491 4381 tate,
525 4312 603 4365 ita
633 4316 691 4365 et
717 4309 871 4363 circa
891 4306 1163 4363 ecclesias
1183 4305 1542 4360 sentiendum
1583 4303 1751 4359 est.Id
1784 4304 1958 4373 enim,

2076 3230 2314 3281 mentem
2348 3223 2657 3293 accipiens.
2686 3224 3057 3293 Inexpediens
3081 3225 3234 3280 enim
3262 3230 3317 3281 et
3358 3226 3678 3299 incongru-

2074 3330 2169 3370 um
2189 3313 2521 3384 perfectioni
2541 3314 2778 3369 virtutis
2792 3319 2849 3369 et
2867 3314 3246 3371 mundissimo
3274 3315 3485 3371 mundo
3519 3316 3682 3372 divi—-

2072 3419 2155 3459 me
2180 3418 2244 3458 ac
2264 3404 2603 3459 honorandae
2628 3404 3081 3458 conversationis
3116 3411 3172 3459 et
3200 3405 3526 3474 disciplina:
3568 3411 3680 3461 tua:

2070 3491 2337 3548 consistit
2358 3490 2708 3559 hujusmodi,
2754 3491 2851 3544 sed
2882 3491 3272 3545 honorabilem
3298 3498 3354 3546 et
3391 3495 3680 3549 decentem

2073 3580 2456 3652 morem,bene
2468 3576 2797 3633 abinfantia
2829 3579 3088 3648 usquead
3116 3584 3459 3636 senectutem
3483 3581 3683 3643 direc—

2072 3679 2192 3726 tum
2234 3667 2787 3741 respiciens,,omnia
2818 3666 3225 3738 longanimiter
3248 3682 3313 3724 ac
3345 3669 3593 3725 modeste
3625 3675 3682 3726 et

2076 3766 2331 3831 prompte
2345 3758 2460 3828 pati
2477 3769 2733 3827 procura.
2751 3758 2873 3813 Non
2885 3761 3073 3811 autem
3086 3758 3339 3814 docendo
3358 3762 3458 3814 aut
3495 3759 3563 3814 ad
3573 3773 3685 3815 mo-

2078 3850 2260 3905 nendo
2274 3847 2591 3903 haecdicere
2607 3845 2942 3916 prmsumpsi
2969 3846 3036 3900 ad
3054 3846 3239 3902 virum
3272 3846 3428 3902 verbi
3453 3852 3507 3903 et
3535 3861 3678 3918 ope-

2078 3939 2159 3994 ris
2208 3936 2549 4007 perfectione
2587 3940 2998 4005 coruscantem,
3050 3936 3145 3990 sed
3186 3937 3489 3992 charitatis
3517 3938 3681 4007 copia

2074 4029 2338 4083 detentus
2364 4024 3028 4081 suaviterconsolatoriis
3049 4024 3238 4080 verbis
3263 4027 3347 4081 uti
3384 4028 3676 4096 proposui.

2074 4121 2266 4188 Neque
2276 4116 2429 4171 enim
2444 4114 2654 4170 ﬂuvius
2666 4118 2822 4169 totus
2838 4127 3057 4184 semper
3082 4114 3283 4187 fluens,
3317 4114 3471 4171 fonte
3484 4116 3684 4186 quoli-

2075 4206 2168 4261 bet
2187 4220 2330 4275 opus
2344 4204 2510 4259 habet
2535 4222 2550 4269 ;
2581 4203 3080 4259 honorabilitatem
3108 4208 3286 4276 tuam,
3316 4205 3430 4274 aio,
3478 4205 3681 4261 divina

2076 4295 2358 4365 sapientia
2381 4294 2621 4363 plenam.
2646 4292 2807 4348 Nosti
2830 4297 3017 4348 autem
3045 4292 3268 4363 utique,
3297 4293 3678 4366 sanctissime,

353 4399 810 4472 quoinordinate
823 4397 1102 4468 positaest
1126 4394 1654 4465 illa,qua3stabilita
1674 4393 1965 4449 excellen-
1990 4389 2046 4451 D
2074 4384 2410 4455 causam,ob
2424 4396 2592 4454 quam
2607 4396 2788 4472 neque
2822 4382 3074 4438 scribere
3101 4396 3282 4453 neque
3308 4383 3533 4439 mittere
3573 4398 3684 4454 po-

357 4496 444 4545 ter
471 4496 529 4545 et
559 4489 792 4560 praelata
821 4486 1107 4555 consistit,
1158 4489 1570 4553 consequenter
1596 4482 1963 4538 contristabit

358 4586 663 4652 sequentes
691 4582 863 4648 atque
900 4576 1168 4646 minores,
1220 4573 1489 4645 quoniam
1530 4578 1586 4628 et
1616 4573 1799 4641 majus
1830 4572 1965 4627 hinc

356 4671 671 4727 discrimen
685 4666 891 4722 efﬁcit:
909 4664 1225 4734 operatrice
1248 4676 1488 4733 namque
1509 4677 1680 4718 causa
1711 4662 1970 4732 aliquan-

362 4762 547 4830 tisper
574 4772 606 4813 a
629 4756 879 4813 naturali
903 4761 1059 4811 motu
1079 4759 1441 4824 commutata,
1466 4760 1524 4809 et
1549 4766 1581 4807 a
1622 4750 1975 4822 plenissimis

357 4857 417 4906 et
441 4848 686 4905 multum
709 4846 1017 4917 capacibus
1048 4845 1192 4902 locis
1220 4845 1522 4913 deﬂuente,
1549 4855 1614 4897 ac
1652 4844 1968 4911 emanante,

362 4940 502 5009 plus
529 4937 647 4993 erit
664 4937 852 4992 lluxus
881 4937 1173 5005 accedens,
1199 4934 1347 5004 quod
1388 4932 1706 4989 molestiam
1739 4929 1965 4986 inferat.

359 5030 458 5085 Sic
483 5028 681 5098 itaque
701 5040 767 5081 ex
790 5022 931 5099 [ea]
957 5025 1238 5095 praecipue
1253 5023 1417 5079 nobis
1434 5020 1767 5078 mtestibilia
1791 5025 1846 5075 et
1859 5019 1975 5074 tri—

364 5119 550 5174 stiora
579 5116 1026 5186 constituerunt,
1052 5127 1177 5185 qum
1199 5117 1353 5185 gesta
1375 5118 1511 5167 sunt
1543 5115 1741 5166 vestra:
1761 5107 1976 5165 confu—

364 5206 559 5263 sionis
588 5219 759 5261 causa
784 5222 800 5273 ;
834 5205 929 5260 sed
954 5204 1052 5275 qui
1080 5202 1272 5273 posuit
1304 5201 1549 5257 resinam
1579 5200 1636 5254 in
1658 5198 1897 5266 Galaad,
1920 5201 1978 5252 et

368 5297 660 5353 medicum
674 5292 1171 5366 praeparavitillic,
1189 5293 1310 5363 ipse
1329 5291 1483 5347 enim
1501 5290 1571 5346 ad
1594 5302 1794 5361 puram
1816 5301 1980 5344 sere—

445 5517 469 5544 ·
498 5507 612 5562 Hoc
642 5508 731 5561 est
766 5504 881 5559 Deo
926 5502 1083 5557 teste.

450 5576 480 5620 δ
509 5570 1532 5644 HamiramGrzecivocantprincipem
1551 5570 1988 5644 Saracenorum;

2075 4476 2294 4540 tuimus
2322 4475 2391 4529 ad
2414 4488 2530 4545 vos,
2561 4487 2629 4528 ne
2650 4471 2794 4528 forte
2822 4473 3083 4527 ﬁeremus
3115 4485 3283 4542 penes
3325 4478 3679 4546 potestatem,

2078 4580 2203 4637 qua:
2233 4577 2336 4620 nos
2381 4568 2532 4619 tenet
2570 4562 2986 4618 existimationi
3030 4561 3189 4617 mala:
3219 4561 3302 4617 vel
3334 4563 3681 4632 suspicioni.

2080 4655 2303 4711 Etenim
2370 4653 2605 4710 multam
2641 4651 3088 4707 benevolentiam
3132 4656 3188 4706 et
3234 4652 3684 4721 compassionem

2083 4745 2390 4801 ostendunt
2425 4743 2485 4798 in
2500 4756 2620 4811 nos,
2654 4741 2945 4796 licentiam
2960 4740 3125 4795 nobis
3155 4740 3468 4810 praebentes
3496 4743 3688 4799 aedifi—

2084 4833 2251 4889 candi
2264 4832 2533 4888 ecclesias
2547 4835 2788 4899 nostras,
2807 4836 2863 4885 et
2893 4830 3120 4885 tenendi
3140 4829 3265 4885 sine
3293 4831 3684 4899 prohibitione

2087 4936 2269 4978 mores
2319 4927 2544 4977 nostros
2592 4922 2769 4990 ;juste
2823 4924 3071 4992 agentes,
3125 4924 3181 4975 et
3222 4920 3282 4975 in
3321 4920 3482 4977 nullo
3514 4922 3688 4978 nobis

2087 5011 2357 5081 injuriam
2388 5011 2474 5066 vel
2504 5009 2834 5066 violentiam
2860 5006 3183 5064 inferentes.

2159 5101 2482 5170 «Quoniam
2511 5112 2642 5155 vero
2660 5104 2773 5154 tam
2805 5098 2875 5154 ab
2921 5098 3147 5155 hamera
3178 5097 3206 5140 δ
3234 5142 3248 5173 ,
3284 5102 3382 5171 qui
3405 5102 3555 5170 apud
3588 5115 3692 5157 nos

2085 5196 2189 5261 est,
2224 5204 2391 5261 quam
2436 5188 2964 5246 abhominatoriisc
3012 5192 3227 5249 litteris
3267 5192 3418 5263 jussi
3465 5204 3686 5259 sumus,

2089 5281 2535 5350 transmisimus,
2556 5279 2728 5335 sicuti
2749 5281 3077 5353 postulavit,
3097 5283 3330 5340 oculum
3348 5286 3606 5338 nostrum
3636 5284 3692 5334 et

2098 5494 2768 5622 intergge‘taétgrdoa’t‘iit‘eg,
2818 5491 3025 5576 lingua
3072 5504 3288 5563 eorum,
3342 5486 3688 5559 prepositus.

2744 5579 2873 5621 om.

2744 5579 2873 5621 0118.
