4052 6168
273 230 344 288 35
1467 229 1824 288 ANASTASII
1866 228 2408 287 BIBLIOTHECARII
2645 295 2650 300 ,
3525 232 3601 292 36

277 357 586 432 syncellum
598 355 902 426 apostolici
921 354 1115 411 throni
1149 355 1331 412 nostri
1357 356 1792 412 ornatissimum
1823 361 1880 413 et
1909 357 1968 418 Α
1991 357 2058 410 In
2086 356 2300 432 nomine
2332 355 2627 432 Patris,-_et
2661 356 2811 432 Eilii,
2838 361 2889 432 et
2912 356 3152 426 Spiritus
3180 359 3374 432 sancti.
3414 361 3600 430 Impe-

273 449 483 504 bonum
503 445 779 502 cultorem
808 443 1046 513 Heliam,
1076 443 1282 512 locum,
1311 447 1367 498 et
1403 458 1698 513 personam
1739 458 1882 500 nos-

273 543 417 593 tram
430 535 798 604 obtinentem,
832 533 931 602 qui
960 532 1319 603 distinguere
1349 538 1532 602 potest
1559 537 1615 588 et
1655 534 1883 589 discer—

275 611 542 696 nerequze
555 627 892 692 quaeruntur
904 623 1213 678 secundum
1231 608 1526 678 rationem.
1547 624 1682 678 Cum
1700 637 1812 692 quo
1825 629 1881 680 et

273 714 695 774 sanctissimum
722 712 990 769 Thomam
1010 711 1274 781 princeps
1291 713 1695 768 Saracenorum
1709 711 1880 766 desti-

278 805 451 872 navit,
494 801 802 872 praasulatu
825 799 1149 873 fungentem
1203 802 1364 858 urbis
1391 802 1544 870 Tyri,
1577 801 1678 871 qui
1726 801 1880 856 sedis

271 891 705 962 estAntiochiaa,
731 891 1041 947 secundum
1065 890 1214 960 quod
1239 889 1391 945 hunc
1405 890 1698 960 quiasistis
1726 889 1876 944 mitti

272 997 371 1054 per
383 979 978 1037 honorabileslitteras
989 983 1220 1034 vestras.
1239 979 1628 1035 Nostisautem
1655 979 1874 1050 utique,

271 1071 642 1138 sanctissimi,
659 1070 795 1140 quia
811 1069 987 1124 multa
1001 1069 1316 1124 temeritate
1327 1083 1392 1123 ac
1403 1083 1547 1124 ausu
1565 1069 1662 1124 hos
1700 1073 1879 1123 trans-

271 1163 555 1231 misimus,
591 1159 1086 1230 praacipitanterac
1106 1159 1375 1214 audacter
1402 1159 1470 1212 ad
1506 1157 1877 1229 ereptionem,

271 1251 436 1323 quasi
455 1248 830 1320 quorumdam
847 1249 1271 1316 Saracenorum,
1295 1248 1444 1316 apud
1469 1262 1568 1302 vos
1589 1247 1648 1302 in
1678 1251 1880 1302 custo—

269 1342 368 1398 dia
396 1338 853 1396 consistentium.
889 1339 1190 1392 Precamur
1221 1337 1402 1407 igitur
1419 1341 1476 1392 et
1499 1351 1780 1408 rogamus,
1815 1340 1879 1392 ut

271 1431 529 1502 loquaris
557 1429 626 1484 ad
657 1442 824 1484 aures
853 1441 885 1481 a
904 1429 1017 1481 Deo
1033 1427 1288 1482 coronati
1309 1431 1365 1482 et
1382 1425 1632 1496 piissimi
1655 1425 1875 1480 domini

273 1521 475 1590 nostri,
496 1534 610 1590 quo
625 1519 797 1573 donet
820 1515 985 1572 nobis
1007 1520 1286 1586 quotquot
1305 1515 1551 1572 voluerit
1579 1513 1876 1584 mogniﬁca

271 1609 397 1678 ejus
408 1607 725 1664 dominatio
736 1606 1062 1674 Saracenos,
1085 1605 1154 1660 ad
1178 1602 1626 1660 satisfactionem
1645 1606 1880 1659 nostro—

2063 427 2313 500 rantibus
2362 427 2594 500 dominis
2633 429 2898 498 piissimis
2936 433 2986 483 et
3014 431 3293 500 perpetuis
3335 427 3600 500 Augustis

2067 499 2264 552 Basilio
2298 503 2349 552 et
2387 498 2738 553 Constantino
2783 500 2900 567 ejus
2925 501 3058 569 ﬁlio,
3111 498 3150 554 a
3191 505 3298 555 Deo
3333 498 3601 560 coronatis

2054 571 2297 639 paciﬁcis
2387 573 2600 636 magnis
2673 572 3109 639 imperatoribus,
3207 589 3351 628 anno
3445 579 3603 630 tertio

2057 657 2236 694 mense
2262 640 2521 704 Octobris,
2543 641 2838 695 indictione
2868 645 3045 696 tertia.

2060 801 2247 855 Prima
2278 800 2436 856 salus
2465 805 2552 856 est
2599 805 2765 857 rectas
2803 802 2934 858 ﬁdei
2986 803 3239 875 regulam
3289 805 3602 870 custodire,

1987 889 2194 945 deinde
2223 903 2254 944 a
2284 891 2620 946 constitutis
2647 891 2747 946 Dei
2781 898 2838 946 et
2869 894 3095 948 Patrum
3137 893 3470 950 nullatenus
3515 895 3609 951 de-

1987 979 2158 1036 viare.
2195 979 2377 1035 Unum
2411 979 2622 1050 quippe
2647 981 2851 1037 horum
2872 995 2937 1036 ac
2960 982 3124 1037 ﬁdem
3157 983 3422 1055 pertinet,
3455 984 3607 1040 alte-

1989 1083 2114 1124 rum
2135 1069 2204 1124 ad
2228 1083 2372 1138 opus
2392 1069 2601 1126 bonum
2627 1087 2642 1141 ;
2666 1070 2818 1126 sicut
2837 1070 2988 1126 enim
3013 1072 3291 1142 scriptum
3330 1079 3434 1129 est:
3478 1075 3606 1128 Sine

1985 1159 2090 1228 ﬁde
2119 1159 2446 1228 impossibile
2474 1164 2552 1212 est
2567 1160 2784 1228 placere
2812 1163 2918 1214 Deo
2941 1157 3093 1231 (Heb.
3126 1161 3202 1232 χι)
3226 1180 3242 1226 ;
3271 1162 3354 1217 sic
3404 1179 3606 1220 rursus

1987 1246 2234 1318 legitur:
2266 1247 2425 1301 Fides
2457 1249 2573 1302 sine
2603 1249 2852 1318 operibus
2877 1255 3091 1304 mortua
3117 1254 3196 1304 est
3230 1249 3362 1320 (Jac.
3418 1253 3497 1325 ιι).
3538 1240 3628 1324 Β(

1987 1336 2124 1407 quia
2146 1350 2260 1392 non
2291 1341 2474 1406 potest
2493 1337 2719 1392 Domini
2754 1338 2933 1394 nostri
2963 1340 3094 1394 Jesu
3123 1339 3337 1396 Christi
3367 1347 3606 1412 praeter—

1990 1426 2140 1481 mitti
2154 1426 2434 1482 sententia
2444 1426 2720 1484 dicentis:
2742 1429 2822 1482 Tu
2835 1433 2912 1483 est
2923 1431 3112 1484 Petrus
3125 1434 3349 1500 ctsuper
3369 1431 3508 1486 hanc
3518 1449 3606 1502 pe-

1988 1521 2129 1570 tram
2152 1516 2424 1585 ¢aniiﬁcabo
2463 1517 2758 1571 Ecclesium
2799 1534 2971 1572 meam
3013 1516 3223 1588 (Matth.
3268 1519 3385 1594 XVI)
3425 1539 3443 1586 ;
3487 1521 3603 1578 hanc

1989 1619 2113 1675 quae
2132 1605 2286 1660 dicta
2307 1611 2461 1674 sunt,
2479 1621 2668 1662 rerum
2695 1607 3008 1676 probantur
3025 1607 3322 1664 effectibus
3344 1627 3358 1663 :
3389 1611 3524 1680 quia
3543 1611 3600 1666 in

273 1712 419 1768 rum,
465 1702 522 1752 et
551 1697 611 1752 in
642 1699 959 1764 suspectam
1001 1693 1552 1763 repraesentationem
1599 1705 1873 1763 meorum,
1907 1693 1960 1755 B
1989 1694 2117 1749 sede
2146 1694 2458 1764 apostolica
2482 1695 2844 1751 immaculata
2864 1701 2952 1752 est
2970 1710 3192 1766 semper
3217 1699 3500 1754 catholica
3525 1714 3605 1755 re-

270 1787 532 1860 quinimo
561 1787 630 1842 ad
664 1785 903 1840 salutem
937 1789 1205 1855 nostram,
1254 1788 1310 1838 et
1341 1783 1590 1854 regimen
1621 1782 1876 1838 omnium

272 1883 548 1934 nostrum.
580 1876 638 1930 Si
671 1875 822 1930 enim
854 1880 966 1928 tam
1014 1873 1084 1928 ab
1117 1872 1424 1942 imperiali,
1473 1885 1640 1942 quam
1695 1874 1876 1926 vestra

272 1966 768 2037 providentianon
800 1963 977 2020 fuerit
996 1963 1098 2019 hoc
1116 1963 1309 2018 taliter
1346 1961 1674 2017 ordinatum
1707 1974 1877 2030 pavor

272 2071 384 2112 non
418 2056 675 2110 modicus
703 2054 815 2110 erit
846 2053 904 2108 in
945 2053 1326 2108 omnimodam
1369 2051 1747 2120 perditionem
1783 2064 1877 2105 no-

271 2153 466 2216 stram,
505 2159 633 2200 cum
683 2143 1168 2213 opportunitatem
1218 2141 1557 2195 invenerint.
1603 2141 1874 2194 Praeterea

268 2249 502 2305 sperans
525 2248 692 2303 penes
722 2231 1163 2288 sacratissimam
1189 2235 1246 2284 et
1267 2229 1698 2285 solertissimam
1734 2228 1879 2283 aﬁ‘e—

267 2325 512 2381 ctionem
544 2329 699 2378 tuam
733 2323 1035 2390 impetrare
1073 2333 1198 2389 qua:
1229 2319 1387 2374 cordi
1424 2323 1578 2388 sunt,
1615 2318 1874 2387 poderem

266 2419 323 2470 et
353 2411 818 2483 superhumerale
846 2424 974 2466 cum
1008 2409 1198 2479 mitra,
1242 2407 1623 2478 pontiﬁcalem
1673 2407 1874 2462 stolam

268 2503 450 2559 sancti
470 2499 662 2558 Jacobi
678 2498 922 2569 apostoli
939 2504 996 2553 et
1016 2496 1213 2552 fratris
1232 2497 1460 2553 Domini
1500 2501 1556 2552 et
1577 2496 1750 2566 primi
1781 2510 1884 2551 ar—

266 2592 964 2662 chiepiscOporum,quam
994 2593 1380 2642 antecessores
1409 2586 1516 2640 mei
1547 2585 1882 2655 patriarcha:

265 2678 706 2747 circumamicti,
739 2690 958 2745 semper
980 2677 1040 2731 in
1064 2677 1267 2731 Sancta
1306 2680 1632 2731 sanctorum
1681 2675 1882 2745 ingre-

265 2771 590 2839 diebantur,
623 2765 939 2824 sacerdotio
971 2764 1286 2836 fungentes,
1317 2764 1586 2820 videlicet
1626 2769 1878 2819 sanctam

268 2859 596 2916 memoriam
627 2857 777 2928 vitae,
809 2861 864 2911 et
911 2861 1168 2912 sanctum
1209 2854 1484 2910 calciare:
1520 2869 1645 2924 qua:
1674 2858 1731 2908 et
1761 2853 1882 2922 ipse

267 2965 369 3022 ego
417 2948 656 3005 indutus
685 2961 832 3017 sum,
874 2947 1065 3001 eadem
1098 2957 1298 3016 gerens
1345 2949 1444 3000 tuo
1506 2941 1878 3000 desiderabili

1989 1789 2204 1838 servata
2229 1783 2432 1856 religio
2451 1789 2710 1840 etsancta
2723 1785 3002 1841 celebrata
3016 1787 3299 1842 doctrina.
3316 1787 3402 1842 Ab
3424 1788 3599 1858 hujus

1985 1887 2119 1944 ergo
2150 1873 2256 1928 ﬁde
2276 1879 2446 1944 atque
2466 1875 2727 1930 doctrina
2750 1875 3002 1945 separari
3027 1877 3262 1932 minime
3282 1878 3598 1948 cupientes,

1985 1966 2042 2016 et
2071 1963 2319 2034 Patrum,
2343 1969 2398 2018 et
2421 1964 2704 2034 praecipue
2735 1970 3060 2021 sanctorum
3084 1967 3239 2022 sedis
3275 1968 3602 2037 apostolicae

1987 2051 2312 2121 praesulum.
2339 2059 2638 2123 sequentes
2661 2054 3342 2132 inomnibusconstituta,
3375 2058 3604 2113 anatheo

1988 2141 2321 2198 matizamus
2343 2157 2538 2198 omnes
2550 2143 2808 2214 haereses,
2835 2145 3007 2200 simul
3035 2159 3165 2201 cum
3189 2147 3597 2204 Iconomachis.

1984 2229 2542 2288 Anathematizamus
2563 2233 2735 2288 etiam
2759 2234 3042 2304 Photium,
3062 2235 3160 2305 qui
3182 2240 3379 2291 contra
3411 2250 3601 2292 sacras

1988 2308 2232 2392 regulas.
2257 2327 2311 2376 et
2331 2328 2655 2378 sanctorum
2681 2323 3012 2392 pontiﬁcum
3044 2324 3423 2381 Romanorum
3447 2339 3602 2380 vene-

1993 2411 2166 2466 randa
2195 2411 2437 2482 decreta,
2473 2417 2700 2481 repente
2728 2413 2800 2468 de
2845 2412 3052 2468 curiali
3102 2413 3600 2470 administratione

1991 2499 2366 2570 saecularique
2389 2501 2600 2556 militia
2620 2501 2901 2572 sublatus,
2919 2502 3226 2571 superstite
3257 2503 3472 2574 lgnatio
3512 2517 3603 2574 pa-

1991 2589 2262 2658 triarcha,
2288 2589 2347 2643 in
2394 2589 3082 2659 Constantinopolitanam
3122 2596 3208 2646 est
3258 2593 3595 2662 pervasorie,

1993 2677 2108 2732 imo
2147 2678 2460 2748 tyrannice,
2491 2692 2524 2734 a
2556 2678 2899 2749 quibusdam
2932 2680 3320 2735 schismaticis
3358 2681 3441 2736 vel
3473 2695 3601 2737 ana-

1991 2766 2376 2822 thematizatis
2411 2773 2581 2838 atque
2609 2768 2889 2838 depositis
2936 2769 3240 2826 institutus
3268 2771 3595 2837 Ecclesiam,

1989 2855 2168 2911 donec
2232 2856 2385 2911 sedis
2439 2857 2766 2926 apostolica:
2813 2858 3214 2914 sanctionibus
3263 2858 3598 2916 inobediens

1993 2959 2373 3016 perseverans,
2397 2947 2522 3015 ejus
2560 2947 2920 3019 sententiam,
2962 2949 3166 3002 tanyde
3197 2963 3256 3004 se
3301 2963 3470 3019 quam
3529 2951 3598 3006 de

265 3048 320 3096 et
353 3038 679 3095 honorando
733 3035 875 3092 mihi
906 3035 1106 3105 capiti,
1127 3048 1194 3090 ex
1234 3047 1426 3090 amore
1455 3039 1510 3090 et
1548 3033 1880 3090 dilectionis
1911 3047 1959 3111 ο
1992 3036 2314 3104 patriarcha
2337 3041 2532 3092 nostro
2553 3037 2792 3108 lgnatio,
2823 3038 3118 3106 spreverit,
3141 3042 3197 3092 et
3221 3038 3594 3095 conciliabuli

267 3131 430 3200 copia
461 3126 756 3184 transmisi
804 3144 819 3196 ;
881 3130 1163 3196 quatenus
1220 3124 1517 3180 sanctiﬁca
1574 3123 1875 3195 suavitate,

263 3235 328 3275 ac
362 3224 516 3274 tactu
556 3222 880 3274 sanctorum
911 3215 1186 3284 locorum,
1230 3219 1422 3283 utpote
1468 3213 1701 3284 dignus,
1747 3227 1882 3283 per-

266 3309 482 3364 fruaris
512 3325 528 3378 ;
560 3307 732 3363 simul
773 3311 962 3362 autem
993 3309 1049 3358 et
1078 3316 1300 3358 sacrum
1334 3316 1430 3358 vas
1471 3311 1493 3337 ·
1521 3303 1874 3360 cimiliorum

265 3405 473 3456 sanctae
521 3395 980 3464 resurrectionis,
1031 3399 1302 3448 craterem
1358 3397 1687 3464 argenteum
1745 3407 1873 3448 cum

268 3488 618 3561 imaginibus
641 3487 698 3542 in
736 3492 886 3541 terra
913 3484 1096 3554 Sylem
1138 3483 1455 3552 transmisi,
1515 3498 1643 3538 cum
1673 3483 1874 3538 devoto

267 3582 623 3648 praeceptore,
642 3590 708 3631 ac
732 3573 981 3645 syncello
998 3571 1156 3626 Helia
1171 3571 1472 3640 apostolici
1496 3577 1522 3611 υ
1551 3571 1744 3626 throni
1781 3585 1876 3627 no-

262 3669 448 3724 striad
462 3664 970 3724 sanctiﬁcationem
992 3665 1199 3716 nostra:
1219 3659 1595 3716 sanctissimas
1621 3660 1875 3716 ecclesiae

261 3765 317 3814 et
351 3757 680 3814 memoriam
711 3760 917 3807 nostrai
948 3749 1313 3806 humilitatis.
1351 3767 1376 3797 ››
1415 3751 1479 3804 Et
1513 3755 1638 3818 post
1667 3749 1876 3806 lectio—-

265 3861 390 3902 nem
431 3841 782 3900 sanctissimi
812 3839 1016 3896 vicarii
1048 3837 1295 3894 senioris
1326 3838 1512 3894 Romae
1557 3839 1866 3896 dixerunt:

263 3937 414 3992 Bona
443 3932 725 4004 expositio
756 3929 972 4000 placuit
1003 3927 1185 3984 nobis.
1217 3929 1286 3982 Et
1317 3934 1442 3998 post
1480 3929 1584 3986 hoc
1621 3931 1874 3986 surrexit

264 4024 517 4080 Bahanes
555 4019 976 4077 famosissimus
1005 4017 1284 4089 patricius
1310 4023 1368 4073 et
1399 4019 1783 4092 praepositius,
1811 4025 1874 4076 ut

262 4128 330 4168 ex
343 4125 580 4182 persona
597 4110 776 4166 totius
789 4108 1012 4179 synodi,
1051 4107 1291 4162 etdixit:
1329 4109 1430 4162 Per
1459 4105 1728 4165 formatas
1749 4123 1874 4180 qua:

263 4199 928 4258 lectmsuntcredidimus
955 4211 1077 4254 esse
1090 4196 1461 4267 peromniain
1485 4196 1730 4266 perfecta
1759 4211 1876 4254 cer-

263 4291 513 4347 titudine
527 4304 642 4361 eos,
663 4289 762 4360 qui
785 4287 944 4344 missi
959 4285 1362 4344 suntaseniori
1377 4286 1550 4342 Roma
1571 4287 1639 4342 ad
1668 4301 1772 4344 nos
1789 4301 1874 4342 ve-

1989 3131 2134 3197 acta,
2168 3126 2316 3196 quod
2340 3139 2398 3182 se
2426 3131 2658 3182 auctore
2679 3131 2874 3183 contra
2903 3127 3058 3182 sedis
3077 3127 3405 3196 apostolicae
3437 3141 3598 3183 reve—

1989 3215 2230 3270 rentiam
2244 3221 2644 3287 congregatum
2658 3221 2762 3288 est,
2782 3216 3262 3272 anathematizare
3277 3217 3592 3273 distulerit.

1985 3305 2491 3374 Sequimurautem
2510 3311 2762 3360 sanctam
2783 3306 3081 3375 synodum,
3100 3311 3158 3361 et
3176 3305 3593 3378 amplectimur,

1989 3408 2156 3464 quam
2205 3394 2381 3450 beata:
2418 3394 2832 3450 recordationis
2889 3408 3029 3464 papa
3077 3393 3368 3456 Nicolaus.
3415 3396 3508 3451 cui
3540 3400 3596 3452 et

1984 3483 2107 3554 ipse
2122 3484 2409 3540 dominice
2429 3483 2770 3555 coangelice,
2795 3497 3013 3540 summe
3040 3483 3294 3554 pontifex
3323 3485 3590 3558 Adriane,

1985 3571 2375 3642 subcripsisti,
2415 3577 2547 3626 ante
2579 3572 3032 3629 sacratissimum
3085 3575 3232 3630 Petri
3273 3580 3330 3630 et
3376 3574 3536 3631 Pauli
3569 3599 3596 3630 c

1983 3662 2371 3732 apostolorum
2402 3661 2578 3716 exmii
2627 3675 2835 3731 corpus
2892 3661 3200 3718 celebravit
3242 3680 3255 3716 :
3307 3662 3481 3719 simul
3538 3668 3594 3719 et

1983 3765 2151 3821 quam
2184 3754 2246 3806 tu
2270 3750 2351 3805 ibi
2385 3749 2506 3820 ipse
2527 3764 2708 3820 nuper
2727 3751 2920 3823 egisti,
2942 3757 2998 3807 et
3018 3753 3232 3824 omnia,
3255 3766 3382 3823 quas
3421 3752 3478 3807 in
3501 3752 3596 3808 his

1983 3844 2196 3896 statuta
2235 3845 2387 3911 sunt,
2466 3839 2779 3896 secundum
2834 3841 3048 3896 decreti
3105 3842 3276 3898 vestri
3329 3842 3595 3898 modera—

1984 3929 2194 3984 tionem
2255 3928 2658 3984 venerabiliter
2717 3931 3199 4003 conservabimus,
3252 3931 3592 4001 recipientes

1985 4032 2128 4090 quos
2167 4018 2474 4090 recipiunt,
2505 4023 2562 4074 et
2597 4019 2934 4076 domnantes
2962 4035 3157 4077 omnes
3204 4021 3303 4092 qui
3358 4021 3418 4076 in
3468 4019 3592 4076 illis

1982 4106 2236 4163 damnati
2269 4113 2422 4178 sunt,
2457 4115 2514 4163 et
2552 4109 2836 4179 praecipue
2861 4110 2980 4180 jam
3029 4111 3248 4166 dictum
3299 4109 3585 4180 Photium,

1981 4201 2037 4252 et
2108 4198 2448 4270 Gregorium
2503 4199 2942 4270 Syracusanum,
3013 4199 3327 4270 patricidas
3391 4197 3590 4254 videli-

1980 4290 2088 4357 cet,
2122 4287 2222 4358 qui
2254 4293 2452 4344 contra
2491 4289 2812 4358 spiritalem
2865 4295 3077 4358 patrem
3111 4303 3278 4346 suum
3330 4288 3586 4360 linguam

264 4395 439 4451 races,
474 4380 746 4436 similiter
773 4384 829 4435 et
856 4378 1111 4434 Orientis
1138 4377 1382 4432 duarum
1415 4376 1868 4447 sedium,Antio-
1900 4376 1955 4439 D
1980 4375 2227 4433 eximere
2257 4377 2492 4433 minime
2521 4377 2903 4446 formidarunt
2937 4385 3144 4449 ;atque
3167 4383 3588 4448 perseverantes

267 4469 411 4525 chiaa
439 4470 660 4526 scilicet
687 4475 745 4526 et
777 4469 1195 4539 Hierosolymm,
1235 4467 1489 4522 Donatus
1531 4472 1586 4522 et
1627 4468 1874 4538 Stepha-

267 4573 377 4615 nus
405 4559 756 4616 sanctissimi
795 4558 1072 4629 episcopi,
1105 4561 1160 4611 et
1188 4555 1470 4612 Martinus
1511 4555 1871 4618 honorabilis

263 4647 542 4705 diaconus
569 4649 756 4706 locum
788 4653 1043 4704 tenentes
1062 4644 1413 4702 sanctissimi
1437 4659 1592 4715 papa:
1628 4646 1868 4706 Adriani

263 4735 560 4793 dixerunt:
610 4740 852 4810 Legatur
896 4735 1129 4792 libellus
1160 4747 1326 4805 quem
1376 4739 1567 4790 sancta
1599 4735 1874 4796 Romano-

266 4839 392 4882 rum
464 4827 716 4883 Ecclesia
765 4826 1048 4896 exposuit.
1109 4825 1311 4880 Sancta
1369 4825 1620 4894 synodus
1671 4827 1872 4900 dixit;

262 4915 582 4972 Audiamus
609 4931 756 4972 eum.
793 4918 860 4972 Et
883 4915 1173 4985 accipiens
1203 4927 1332 4969 eum
1364 4914 1676 4972 Damianus
1709 4933 1872 4973 reve-

265 5005 977 5076 rendissimusimperialis
1012 5004 1260 5062 clericus
1285 5010 1342 5062 et
1374 5004 1674 5075 interpres,
1722 5020 1873 5074 prae-

261 5092 481 5150 dictum
530 5094 790 5152 libellum
826 5096 966 5169 legit
1004 5099 1201 5155 Latine
1248 5113 1448 5171 magna
1485 5112 1617 5154 voce
1666 5096 1724 5150 in
1757 5109 1871 5150 au-

261 5182 537 5239 dientiam
559 5185 834 5242 omnium.
859 5189 928 5243 Et
957 5194 1084 5258 post
1112 5189 1410 5245 lectionem
1450 5185 1634 5242 libelli
1665 5197 1873 5240 ascen—

260 5271 402 5328 dens
455 5274 776 5346 Stephanus
828 5279 943 5334 Deo
988 5277 1257 5334 amabilis
1299 5277 1578 5332 diaconus
1630 5273 1870 5332 devotus

261 5363 525 5420 notarius
553 5363 692 5438 legit
720 5367 979 5423 eumdem
1011 5366 1270 5421 libellum
1298 5367 1506 5420 Graece.

328 5499 353 5561 f
389 5487 829 5550 Reconditarum
869 5489 1258 5561 pecuniarum.

331 5553 360 5600 δ
402 5561 635 5632 Propter
690 5553 960 5618 Jacohum
996 5559 1318 5632 apostolum
1347 5559 1512 5619 dicit.

1983 4464 2043 4522 in
2074 4465 2378 4523 schismate
2407 4480 2678 4538 sequaces
2704 4481 2922 4537 eorum,
2957 4481 3171 4523 necnon
3201 4473 3256 4522 et
3287 4465 3382 4535 qui
3420 4465 3478 4520 in
3503 4465 3586 4520 il-

1981 4554 2171 4611 lorum
2201 4555 2623 4612 communionis
2652 4555 2922 4612 societate
2951 4558 3404 4625 permanserunt,
3437 4567 3586 4610 com-

1983 4644 2297 4716 munionis,
2321 4645 2511 4701 omnis
2531 4645 2715 4716 gratia
2732 4658 2830 4700 eos
2851 4657 2982 4699 cum
3024 4643 3172 4713 ipsis
3212 4643 3502 4715 indignos,
3531 4645 3580 4698 si

1982 4736 2170 4790 tamen
2181 4735 2473 4792 vobiscum
2495 4749 2607 4791 non
2627 4733 2970 4805 obedierint,
2985 4733 3330 4803 judicantes.
3360 4733 3580 4789 Etenim

1981 4837 2225 4894 quorum
2276 4838 2335 4880 se
2383 4825 2517 4896 quis
2572 4823 2962 4882 communioni
3015 4822 3267 4894 miscuit,
3323 4822 3578 4893 ipsorum

1982 4911 2229 4966 similem
2250 4914 2460 4969 meruit
2477 4915 2537 4970 in
2549 4914 2966 4984 justiﬁcatione
2977 4911 3061 4967 vel
3084 4912 3449 4970 damnatione
3461 4925 3582 4967 sen-

1979 4999 2234 5055 tentiam.
2278 5003 2600 5074 Synagogas
2629 5019 2760 5059 vero
2793 5002 3252 5074 malignantium,
3288 5002 3397 5058 ims
3443 5014 3580 5070 spe—

1980 5087 2205 5144 luncam
2229 5089 2537 5162 latronum,
2568 5096 2625 5147 et
2671 5093 3069 5149 eonventicula
3121 5093 3491 5166 sanguinum,
3521 5093 3578 5148 et

1978 5174 2384 5235 fabricatorum
2406 5181 2710 5253 mendacii,
2725 5187 2895 5254 atque
2919 5182 3277 5240 inventorum
3293 5193 3578 5250 perverso-
3629 5218 3642 5233 .

1979 5281 2103 5322 rum
2133 5268 2480 5340 dogmatum,
2514 5285 2658 5340 quas
2686 5271 2794 5328 sub
2813 5272 3088 5330 Michaele
3125 5272 3464 5340 imperatore
3483 5269 3575 5326 bis

1976 5361 2172 5414 contra
2197 5357 2593 5417 beatissimum
2608 5361 2992 5432 patriarcham
3018 5360 3299 5432 lgnatium
3323 5363 3378 5416 et
3399 5358 3570 5416 semel

2067 5495 2093 5526 ο
2142 5484 2305 5542 Forte
2333 5486 2587 5546 abundat
2612 5490 2795 5546 Pauli.
