4024 6170
251 239 295 297 Η
952 230 1500 289 INTERPRETATIO
1536 231 1786 288 SYNODI
1823 233 1843 283 Ἰ

1978 232 2379 289 GENERAL‘IS.
2405 264 2479 274 —
2496 234 2697 291 ACTIO
2735 236 2774 290 Ι.
3449 237 3518 295 42

248 364 510 422 etdivinae
541 358 1207 428 misericordissimazque
1241 357 1611 427 providentiae
1636 356 1821 412 consi-
1846 355 1899 415 A
1934 358 2157 428 Ignatio
2185 358 2460 413 credidit:
2498 358 2793 428 oportebat
2820 358 2969 415 enim
3002 355 3151 430 eum,
3186 363 3285 431 qui
3319 364 3522 422 multis

250 454 367 509 lium
394 458 566 521 atque
585 448 894 519 judicium.
924 449 1201 517 quantum
1222 445 1291 500 ad
1314 445 1681 515 capacitatem
1711 458 1824 500 no—

248 546 400 597 stram
425 539 648 607 attinet,
676 538 772 592 Est
798 536 1021 608 igitura
1038 533 1205 588 nobis
1224 533 1440 588 editum
1467 532 1819 588 etsancitum

250 632 307 685 de
334 627 572 700 negotiis
590 640 717 696 quae
744 638 895 680 nunc
920 628 1069 678 mota
1090 626 1245 693 sunt,
1278 626 1341 677 ut
1361 620 1708 675 omnimodis
1727 619 1821 675 ob-

244 722 537 788 sequantur
582 720 638 770 et
668 713 940 770 obediant
986 710 1427 769 deﬁnitionibus
1473 714 1529 765 et
1574 708 1822 765 decretis

243 804 541 861 beatissimi
568 816 723 874 papa:
742 801 963 857 Nicolai
989 814 1185 855 omnes
1207 800 1497 869 homines;
1533 798 1748 868 quibus
1766 800 1823 853 et

242 911 333 951 nos
353 894 602 950 favemus
623 898 679 948 et
699 890 1129 958 concordamus,
1157 888 1433 945 nimirum
1457 887 1557 957 qui
1577 886 1821 942 multum

239 990 360 1041 ante
392 984 643 1054 ipsorum
678 980 999 1047 lectionem,
1033 983 1090 1034 et
1117 977 1522 1049 cognitionem,
1546 977 1738 1032 eadem
1767 980 1824 1031 et

237 1072 678 1145 excogitavimus
708 1083 774 1125 ac
799 1080 822 1106 ι
846 1067 1254 1139 judicavimus,
1277 1070 1334 1121 et
1364 1064 1818 1135 praedicavimus.

301 1163 424 1217 CAP.
472 1162 513 1216 Ι.
561 1161 709 1231 Ergo
754 1156 1160 1214 sanctissimus
1218 1155 1448 1226 quidem
1499 1152 1823 1224 patriarcha

241 1251 491 1323 Ignatius
510 1246 956 1317 sitbeneplacito
973 1246 1073 1300 Dei
1087 1244 1293 1313 Patris,
1316 1249 1373 1299 et
1397 1244 1579 1316 gratia
1592 1240 1821 1298 Domini

236 1340 413 1397 nostri
441 1341 569 1395 Jesu
607 1337 847 1398 Christi.
879 1341 935 1391 et
953 1334 1280 1405 operatione
1315 1332 1665 1389 sanctissimi
1688 1330 1827 1401 Spi—

236 1431 404 1499 ritus,
430 1432 585 1483 ratus
604 1425 903 1482 etstabilis
925 1424 983 1479 in
1006 1424 1212 1479 throno
1224 1436 1395 1493 suo,a
1419 1421 1643 1478 nemine
1661 1419 1828 1475 mole-

235 1518 406 1574 stiam
438 1517 749 1584 sustinens,
777 1514 863 1569 vel
899 1513 1185 1569 coercitus
1205 1526 1236 1568 a
1261 1511 1490 1582 propria
1515 1509 1831 1566 archierar—

232 1608 400 1663 chica
434 1605 738 1677 dignitate,
789 1607 961 1673 atque
1010 1602 1244 1673 honore,
1294 1599 1554 1673 dirigens
1594 1597 1828 1653 verbum

234 1695 517 1751 veritatis.

300 1793 515 1847 (Luxu.
551 1789 816 1860 Episcopi
848 1793 1056 1859 autem,
1083 1792 1139 1844 et
1170 1786 1508 1858 presbyteri,
1540 1799 1605 1842 ac
1628 1784 1836 1842 diaco—

230 1883 322 1953 ni,
350 1895 451 1938 seu
470 1880 866 1949 cujuscunque
896 1878 1123 1934 ordinis
1154 1876 1375 1945 clerici,
1403 1878 1687 1947 quotquot
1710 1874 1835 1944 post

230 1972 496 2041 iniquam
525 1968 940 2037 depositionem
965 1966 1316 2022 sanctissimi
1357 1970 1414 2020 et
1446 1963 1831 2022 comministri

226 2059 442 2131 Ignatii
471 2057 866 2112 discesserunt
892 2068 924 2110 a
949 2055 1168 2125 Photio,
1200 2059 1257 2110 et
1289 2053 1505 2110 idcirco
1534 2068 1567 2109 a
1598 2054 1724 2110 suis
1754 2068 1837 2110 se-

224 2148 408 2204 dibus
428 2151 564 2203 sunt
582 2144 805 2216 remoti,
820 2158 883 2200 ac
896 2143 1246 2214 depositioni
1268 2143 1566 2212 submissi,
1585 2142 1834 2200 istisuas

228 2236 524 2306 recipiant
552 2235 716 2290 sedes
740 2234 809 2288 ad
835 2231 1186 2305 fungendum
1210 2232 1610 2288 incunctanter
1640 2245 1838 2287 sacer-

225 2326 415 2393 dotio,
450 2324 780 2380 nullatenus
812 2321 1047 2377 aliunde
1073 2321 1392 2391 prohibiti:
1429 2321 1527 2391 qui
1549 2321 1703 2375 enim
1737 2334 1836 2389 pro

231 2416 480 2470 veritate
508 2412 715 2483 privati
744 2416 881 2467 sunt
911 2410 987 2465 iis
1016 2425 1141 2480 quae
1184 2409 1569 2479 possederant,
1600 2422 1711 2464 non
1738 2423 1841 2465 so—

236 2505 364 2560 lum
420 2502 674 2571 illorum,
727 2500 877 2556 unde
922 2499 1273 2569 ceciderunt,
1323 2498 1485 2570 digni
1536 2503 1673 2554 sunt
1717 2511 1840 2554 esse

228 2591 571 2663 participes,
603 2602 799 2645 verum
825 2587 996 2643 etiam
1025 2587 1293 2655 aliorum,
1328 2600 1571 2657 quorum
1602 2599 1842 2657 quaeque

230 2680 462 2751 possint
475 2676 1082 2748 recompensaredigna
1098 2675 1390 2745 prioribus
1401 2674 1836 2731 afflictionibus.

298 2770 431 2823 CAP.
474 2769 565 2822 Ill.
599 2766 710 2835 Qui
743 2779 874 2821 vero
907 2764 1056 2820 beati
1092 2764 1367 2820 Methodii
1394 2770 1450 2819 et
1481 2763 1839 2820 sanctissimi

224 2857 447 2930 Ignatii
481 2870 686 2911 manus
718 2854 1145 2924 impositionem
1176 2853 1384 2909 habent
1432 2853 1711 2923 episcopi,
1754 2851 1840 2907 vel

228 2942 942 3019 presbyteri,veldiaconi,
965 2942 1473 3013 autcujuscunque
1486 2942 1713 2997 ordinis
1737 2940 1846 2996 cle-

1928 445 2382 503 difﬁcultatibus
2415 461 2515 516 pro
2545 447 2795 502 creditia
2815 447 2927 503 sibi
2958 448 3244 505 divinitus
3271 453 3524 511 Ecclesia

1931 540 2183 591 tentatus
2210 535 2414 608 fuerat,
2444 536 2759 607 portionem
2781 536 3034 606 aliquam
3062 536 3428 597 liberalitatis
3460 543 3520 599 in

1930 624 2282 680 admissione
2312 626 2669 681 sacerdotum
2704 626 3010 694 percipere.

2003 714 2133 768 CAP.
2170 716 2259 769 IV.
2295 714 2562 770 Photium
2593 718 2803 782 autem,
2830 715 3303 785 quemadmodum
3326 718 3526 777 beatus

1930 802 2201 859 Nicolaus
2228 803 2299 858 de
2330 802 2431 858 illo
2456 803 2728 871 decrevit,
2758 802 3009 858 alienum
3044 804 3228 860 modis
3257 808 3526 866 omnibus

1932 890 2332 948 existimamus
2362 892 2434 947 ab
2459 891 2615 947 omni
2648 890 2985 947 sacerdotali
3008 891 3309 965 dignitate,
3336 909 3529 966 opera-

1933 983 2091 1038 tione
2119 995 2184 1037 ac
2226 981 2454 1038 nomine
2486 996 2726 1053 usquam
2760 980 3085 1051 pernullum
3121 992 3147 1024 ο
3178 989 3405 1046 modum
3441 990 3530 1046 vel

1934 1076 2160 1142 tempus
2202 1077 2567 1142 accepturum
2618 1072 2806 1130 locum
2855 1075 3303 1136 satisfactionis:
3346 1081 3443 1136 sed
3473 1085 3531 1136 et

1932 1161 2282 1217 anathemati
2348 1162 2817 1233 transmittimus,
2874 1165 2988 1221 nisi
3050 1166 3194 1224 forte
3248 1169 3533 1226 obedierit

1933 1250 2217 1320 synodicae
2242 1250 2588 1320 judicationi
2623 1267 2777 1323 papa?
2819 1255 3063 1328 Nicolai,
3094 1262 3151 1313 et
3190 1260 3533 1317 sententiam

1936 1344 2186 1395 nostram
2221 1340 2555 1409 susceperit.

2004 1429 2132 1484 CAP.
2164 1429 2225 1482 V.
2248 1428 2555 1500 Gregorius
2580 1436 2848 1501 praeterea
2880 1433 3289 1508 Syracusanus,
3314 1442 3379 1495 ut
3400 1443 3533 1495 ante

1938 1516 2237 1586 depositus
2266 1523 2322 1573 et
2345 1524 2477 1573 ante
2504 1519 2807 1577 damnatus
2850 1536 2882 1578 a
2913 1523 3099 1592 nobis,
3131 1525 3303 1582 etiam
3336 1526 3416 1583 ita
3444 1528 3538 1584 de-

1941 1613 2176 1677 putatur
2217 1607 2516 1677 depositus
2545 1614 2601 1664 et
2638 1611 3072 1670 condemnatus:
3118 1629 3230 1672 non
3272 1616 3427 1672 enim
3470 1623 3534 1675 ut

1856 1701 1911 1764 B
1941 1695 2216 1751 contrarii
2242 1696 2387 1765 justi
2419 1698 2632 1754 decreti
2672 1700 2954 1771 venimus,
2998 1703 3093 1759 sed
3136 1709 3200 1760 ut
3241 1719 3533 1775 aequorum

1944 1790 2000 1840 et
2028 1798 2059 1839 a
2087 1784 2354 1841 Patribus
2387 1786 2735 1843 traditorum
2766 1802 3049 1846 canonum
3079 1796 3137 1847 et
3175 1794 3536 1851 sanctionum

1942 1872 2373 1930 conﬁrmatores
2396 1875 2611 1944 pariter
2634 1882 2691 1931 et
2720 1875 2990 1935 fautores.
3013 1879 3122 1949 Qui
3156 1894 3285 1939 vero
3315 1884 3537 1940 seducti

1944 1968 2098 2031 sunt,
2118 1968 2174 2017 et
2200 1976 2233 2018 a
2262 1963 2465 2019 Photio
2497 1965 3141 2035 manusimpositionem
3159 1972 3536 2043 susceperint,

1944 2057 2214 2121 tanquam
2249 2052 2417 2107 malis
2446 2054 2880 2122 operationibus
2928 2057 3053 2125 ejus
3080 2065 3448 2128 cooperantes
3484 2065 3542 2116 et

1946 2138 2214 2209 faventes,
2250 2145 2422 2210 atque
2467 2141 2943 2197 condecernentes
2988 2143 3192 2217 eﬁ‘ecti,
3241 2148 3396 2202 omni
3443 2162 3544 2204 sa-

1945 2229 2200 2284 cerdotio
2219 2229 2559 2297 judicantur
2577 2231 2825 2303 indigni,
2844 2231 3016 2287 sicuti
3036 2238 3092 2288 et
3113 2247 3256 2304 papa
3270 2235 3543 2294 Nicolaus

1946 2316 2217 2379 adversus
2237 2331 2333 2372 eos
2363 2318 2631 2388 synodice
2663 2320 3065 2392 promulgavit,

2017 2406 2144 2461 CAP.
2178 2408 2263 2462 VI.
2302 2408 2428 2462 Haec
2462 2407 2701 2478 itaquea
2734 2408 2902 2465 nobis
2933 2410 3012 2465 ita
3037 2414 3094 2466 et
3130 2412 3284 2468 edita
3301 2419 3457 2486 sunt,
3488 2420 3548 2470 et

1947 2496 2192 2564 decreta,
2208 2496 2372 2552 etDei
2390 2496 2797 2554 nutudicimus
2820 2497 2864 2570 ἀ,
2882 2499 3193 2556 ﬁdeliteret
3216 2504 3549 2574 praescripta

1952 2590 2124 2653 sunt;
2146 2585 2261 2640 haec
2290 2590 2346 2640 et
2374 2586 2627 2642 dicimus
2655 2591 2711 2641 et
2744 2587 3141 2659 praedicamus,
3174 2594 3347 2662 atque
3386 2592 3550 2649 vobis

1953 2673 2168 2743 scripto
2185 2675 2647 2731 commendamus
2666 2693 2681 2743 ;
2698 2679 2754 2731 et
2768 2675 2884 2731 haec
2897 2690 3093 2732 omnes
3107 2692 3439 2735 conservare
3453 2681 3545 2747 de,

1954 2762 2267 2818 liberamus
2297 2766 2581 2833 quotquot
2597 2763 2813 2819 Christi
2832 2765 3127 2822 vocatione
3141 2772 3475 2839 censentur;
3495 2774 3552 2824 et

1954 2851 2252 2908 nobiscum
2285 2850 2512 2921 affatur,
2545 2857 2601 2907 et
2632 2857 2817 2908 monet
2842 2852 3085 2910 Jacobus
3102 2853 3278 2911 frater
3300 2857 3557 2913 Domini-

1956 2940 2293 3010 primusque
2329 2954 2590 2997 summus
2623 2941 2888 2997 sacerdos
2919 2948 2976 2997 et
3004 2944 3211 3013 praesul
3241 2945 3553 3001 Jerusalem

232 3015 370 3105 rici,
396 3015 457 3088 et
489 3046 671 3102 usque
690 3032 748 3086 in
773 3030 937 3086 ﬁnem
960 3043 1089 3086 cum
1112 3030 1316 3085 Photio
1337 3029 1657 3105 sacerdotio
1681 3028 1843 3100 fungi
1872 3015 1925 3081 Ο
1956 3029 2214 3085 civitatis
2241 3034 2483 3100 sanctae;
2513 3044 2582 3085 ex
2615 3043 2816 3101 magna
2845 3044 3072 3102 quoque
3092 3032 3419 3105 Antiochia,
3452 3034 3552 3095 ubi

231 3098 393 3195 passi
427 3098 593 3190 sunt,
623 3121 682 3175 in
717 3120 1049 3190 repulsione
1074 3122 1263 3174 autem
1286 3118 1539 3188 ejusdem
1562 3098 1752 3174 ﬁhotii
1775 3098 1843 3172 ad

233 3213 345 3269 Dei
370 3216 629 3267 sanctam
651 3214 708 3264 et
726 3208 1068 3264 catholicam
1082 3212 1253 3278 atque
1273 3206 1646 3277 apostolicam
1667 3206 1851 3261 Eccle-

237 3303 392 3358 siam
424 3302 865 3365 concurrerunt,
897 3303 954 3353 et
998 3310 1149 3352 nunc
1180 3310 1364 3367 usque
1393 3297 1463 3352 ad
1498 3295 1852 3351 terminatio-

230 3404 361 3446 nem
406 3394 619 3445 sancta:
649 3385 852 3456 synodi
884 3398 1225 3440 concurrere
1267 3384 1714 3453 festinaverunt,
1750 3397 1850 3438 nec

238 3480 346 3535 hos
402 3475 733 3532 communis
780 3473 1039 3530 omnium
1086 3472 1549 3529 Christianorum
1603 3472 1852 3527 amatrix

242 3568 499 3623 ﬁliorum
514 3563 768 3620 Ecclesia
791 3562 1207 3631 materavertit,
1229 3562 1323 3617 sed
1344 3561 1575 3617 sinibus
1590 3561 1849 3631 recipiet,

243 3660 502 3710 materno
536 3665 693 3707 more
723 3652 876 3706 circa
906 3656 1068 3705 natos
1099 3649 1451 3721 benignitate
1484 3662 1775 3721 succensa,
1800 3652 1857 3704 et

242 3748 437 3799 votum
472 3739 818 3795 incessabile
847 3736 1026 3809 (alias,
1054 3737 1478 3810 miserabiliter)
1511 3743 1852 3808 monstrans,

242 3830 271 3872 ι)
317 3829 630 3901 epitimiis,
686 3833 751 3884 ut
798 3841 898 3897 par
944 3832 1049 3895 est,
1103 3826 1454 3883 sanctissimi
1517 3827 1859 3896 patriarchae

244 3920 479 3991 Ignatii,
516 3932 647 3989 quae
673 3917 794 3987 ipse
820 3915 1085 3985 voluerit,
1114 3916 1216 3972 hos
1246 3916 1525 3985 adoptans
1561 3920 1618 3970 et
1642 3915 1860 3985 placate

246 4008 598 4078 suscipiens.
648 4007 787 4061 Nam
838 4004 991 4060 beati
1026 4004 1258 4059 termini
1310 4017 1451 4073 papa
1483 4004 1760 4060 Nicolaus
1800 4003 1860 4058 in

248 4097 479 4165 Photio,
513 4099 575 4150 et
618 4094 677 4149 in
724 4106 926 4149 manus
959 4092 1326 4161 impositione
1372 4092 1498 4161 ejus
1542 4091 1683 4162 sola,
1716 4096 1773 4146 et
1802 4091 1862 4145 in

247 4186 615 4255 Syracusano
655 4181 931 4253 Gregorio
961 4181 1123 4236 dedit
1151 4180 1503 4236 deﬁnitivam
1534 4180 1866 4235 damnatio—-

254 4287 403 4329 nem.
421 4275 487 4328 In
513 4270 765 4341 reliquis
793 4274 980 4325 autem
1013 4268 1443 4339 praenominatis
1470 4268 1695 4326 duabus
1722 4281 1867 4324 con—

1955 3117 2171 3173 Christi
2196 3118 2499 3173 haereditas
2515 3118 2932 3175 celebratissim
2980 3134 3032 3175 m
3047 3120 3560 3194 cognomenﬁexple-

1958 3206 2063 3278 vit,
2096 3208 2411 3278 Petrusque
2444 3207 2656 3263 ibidem
2685 3216 2707 3244 °
2742 3209 2962 3278 primus
2988 3210 3306 3267 sacerdotio
3325 3209 3558 3267 functus

1959 3302 2063 3360 est,
2108 3297 2316 3352 deinde
2344 3297 2364 3336 ί
2400 3296 2657 3366 Ignatius
2698 3296 2909 3364 Deifer,
2941 3303 2997 3353 et
3028 3298 3203 3368 hujus
3240 3314 3555 3373 successor,

1963 3385 2081 3439 htec
2100 3398 2435 3441 conservare
2451 3385 2675 3455 debere,
2695 3399 2759 3440 ac
2779 3386 2995 3441 nullam
3033 3388 3558 3455 praevaricationem

1966 3472 2366 3542 przedictorum
2398 3485 2736 3541 praesumere
2752 3486 2797 3542 κ,
2818 3485 2888 3526 ne
2900 3486 3064 3527 omne
3070 3475 3168 3541 jus
3192 3475 3459 3530 Ecclesia:
3481 3490 3564 3530 re-

1966 3560 2205 3632 probare
2221 3560 2615 3631 inveniamini,
2634 3559 2977 3630 nequeenim
3004 3560 3288 3616 modicum
3301 3568 3387 3617 est
3406 3563 3558 3633 quod

1968 3665 2106 3720 pene
2120 3650 2403 3707 modicum
2416 3654 2519 3705 est.
2533 3651 2674 3706 Nam
2685 3654 2735 3703 et
2746 3651 2843 3718 qui
2851 3665 3056 3703 omnem
3066 3652 3359 3705 servaverit
3372 3652 3560 3719 legem,

1966 3742 2026 3794 in
2038 3756 2144 3793 uno
2162 3745 2342 3794 autem
2353 3740 2614 3808 offendat,
2627 3742 2808 3806 factus
2820 3742 2898 3792 est
2917 3740 3155 3793 omnium
3166 3754 3289 3793 reus
3317 3736 3448 3809 (Jac,
3476 3740 3556 3812 ιι).

1967 3828 2253 3898 Quisquis
2294 3842 2428 3900 ergo
2471 3842 2504 3883 a
2550 3827 2757 3883 notitia
2798 3832 3208 3897 praeceptorum
3239 3827 3561 3885 beatissimi

1972 3931 2132 3987 papae
2158 3916 2402 3985 Nicolai,
2421 3922 2476 3971 et
2496 3917 2601 3972 hoc
2616 3930 2674 3970 se
2690 3916 2726 3968 h
2742 3914 2968 3985 judicio
2986 3921 3180 3971 nostro
3196 3929 3374 3973 ausus
3391 3915 3568 3973 fuerit

1975 4006 2278 4076 reprobare
2306 4005 2531 4075 aliquid
2560 4018 2755 4059 eorum
2784 4018 2910 4074 quae
2938 4004 3032 4059 hic
3060 4003 3448 4073 proferuntur,
3478 4006 3566 4062 vel

1974 4096 2297 4151 molestiam
2328 4092 2539 4150 inferre
2574 4092 2875 4149 auditibus
2903 4097 3194 4162 potentum
3220 4094 3287 4149 ad
3315 4094 3569 4163 alicujus

1975 4184 2448 4254 reprobationem,
2463 4182 2545 4237 vel
2564 4181 2837 4250 receperit
2852 4181 3202 4251 hujusmodi,
3238 4182 3364 4251 iste,
3398 4183 3570 4253 quis—

1974 4274 2109 4344 quis
2129 4273 2226 4342 sit,
2257 4272 2375 4329 sive
2404 4270 2685 4340 sacerdos,
2716 4270 2834 4325 sive
2860 4269 3066 4341 laicus,
3093 4270 3212 4326 sive
3237 4271 3568 4342 quicunque

257 4359 696 4418 secrationibus
737 4363 1071 4429 potestatem
1119 4356 1486 4414 sanctissimo
1528 4357 1843 4427 patriarcha

1980 4363 2315 4431 monachus,
2331 4361 2449 4417 sive
2461 4358 2951 4429 cujusvisordinis
2970 4358 3295 4432 clericatus,
3323 4360 3570 4416 anathe-

323 4550 346 4576 ³
364 4539 770 4594 Indicavimus.
799 4534 1191 4593 Indicavimus
1210 4550 1275 4592 eo
1312 4549 1483 4593 sensu
1512 4535 1735 4603 dicunt,
1753 4549 1866 4606 quo

251 4610 571 4681 Apostolus
618 4608 767 4665 dicit
793 4627 804 4662 :
838 4610 958 4663 Non
973 4609 1229 4681 judicapi
1269 4624 1350 4662 me
1380 4610 1532 4681 scire
1561 4610 1672 4681 _n_isi
1700 4607 1866 4681 Chri—

249 4677 419 4744 stum,
449 4687 501 4735 et
546 4682 693 4734 hunc
723 4681 1039 4749 crzwiﬁamm
1063 4679 1104 4747 (Ι
1156 4678 1272 4751 Cor.
1332 4678 1427 4751 tl):
1475 4677 1863 4751 indicavimus

252 4759 446 4809 tamen
479 4751 709 4820 dicunt,
739 4763 853 4805 non
886 4749 1389 4821 promulgavimus'.
1420 4751 1534 4804 Hoc
1560 4749 1711 4803 enim
1737 4752 1864 4818 post

254 4824 651 4878 Romanorum
685 4822 987 4876 adventum
1005 4827 1061 4876 et
1079 4821 1471 4876 deﬁnitionem
1497 4833 1695 4891 egere:
1732 4832 1860 4891 nam

251 4901 425 4977 antea
460 4891 734 4977 privatim
760 4897 987 4977 tantum
1020 4893 1167 4977 quod
1199 4892 1462 4947 sicesset
1483 4890 1860 4960 judicandum

250 4965 612 5035 quibusdam
645 4963 1067 5034 signiﬁcabant.
1102 4964 1251 5017 EDIT.
1291 4976 1410 5017 εΑι).

326 5035 359 5076 b
382 5035 685 5105 Epitimiis.
715 5033 877 5088 Multi
901 5034 1129 5103 quidem
1150 5032 1863 5105 increpationesinterpre-

242 5103 478 5177 tantur,
502 5105 600 5161 sed
632 5105 821 5177 istoet
849 5105 1046 5177 multis
1069 5105 1124 5158 in
1151 5104 1292 5160 locis
1319 5119 1421 5177 pro
1442 5103 1860 5177 pcenisponun-

243 5184 350 5235 tur
372 5174 522 5248 quas
542 5175 795 5248 Ecclesia
816 5176 1129 5248 unicuique
1149 5187 1248 5245 pro
1261 5174 1857 5248 qualitateculparum

240 5244 425 5327 praedi
437 5246 945 5327 pitobservandas,
962 5252 1025 5301 ut
1038 5244 1435 5327 puta-jejunia,
1452 5246 1665 5327 fletum,
1681 5244 1860 5327 absti-

236 5315 513 5445 gentia—m
570 5318 857 5386 ciborum,
912 5315 1352 5388 genuﬁexiones,
1385 5322 1441 5372 et
1473 5316 1564 5371 his
1616 5315 1854 5371 similia.

285 5405 406 5445 nn.
438 5403 567 5445 mo.

285 5405 406 5446 DIT.
438 5403 567 5445 ΕΑΒ.

316 5474 349 5504 ο
374 5464 548 5518 Forte
578 5475 857 5529 nusquam
878 5475 981 5529 per
1003 5460 1193 5514 ullum.

307 5533 340 5571 ά
371 5533 547 5590 Forte
579 5531 868 5589 redundat
910 5531 1142 5586 verbum
1178 5532 1422 5587 dicimus.

687 5621 922 5675 PATROL.
963 5619 1212 5676 CXXIX.

2045 4535 2067 4563 ο
2100 4527 2314 4582 Primus
2346 4522 2661 4579 sacerdotio.
2693 4521 2837 4576 Nota
2869 4519 3006 4589 quia
3046 4533 3155 4575 non
3187 4519 3406 4576 dicitur
3437 4520 3568 4590 pri-

1978 4613 2154 4668 mum,
2174 4597 2269 4653 sed
2279 4598 2525 4668 primus;
2550 4607 2677 4648 nam
2697 4591 2943 4668 primum
2970 4604 3000 4645 a
3016 4590 3244 4668 Christo
3276 4591 3568 4668 pontiﬁca-

1975 4676 2095 4727 tum
2123 4662 2396 4738 s'usce'pit,
2417 4664 2516 4736 qui
2552 4671 2742 4734 postea
2772 4662 2995 4732 primus
3021 4662 3326 4733 episcopus
3352 4663 3565 4720 Antio-

1972 4742 2117 4798 chia:
2150 4739 2428 4810 praesedit.
2464 4738 2766 4810 EDITLEAD.

2043 4804 2330 4879 fIghatius
2354 4810 2557 4875 Deifer.
2596 4806 2851 4861 Tradunt
2878 4804 3060 4879 Graeci
3092 4805 3245 4879 quod
3288 4805 3560 4879 parvulus

1974 4875 2139 4955 quem
2158 4880 2436 4955 Dominus
2450 4879 2781 4955 advocatum
2800 4876 3006 4955 statuit
3024 4875 3081 4955 in
3105 4876 3309 4955 medio,
3330 4876 3555 4955 dicens:

1968 4948 2093 5011 Nisi
2106 4952 2352 5008 conversi
2366 4950 2603 5018 fueritis,
2624 4953 2673 5002 et
2689 4948 3005 5016 efﬁciamim‘
3027 4948 3167 5018 sicut
3182 4948 3272 5002 hic
3290 4949 3560 5017 parvulus

1969 5025 2180 5152 LMatth.
2217 5016 2399 5093 xvm),
2441 5024 2570 5087 etc.,
2620 5020 2728 5074 iste
2770 5018 3028 5090 Ignatius
3069 5016 3201 5085 fuit,
3243 5016 3309 5073 et
3344 5018 3559 5073 idcirco

2014 5110 2123 5152 unc
2148 5092 2435 5150 Deiferum
2468 5094 2828 5152 nuncupent:
2861 5089 3011 5145 unde
3029 5102 3129 5144 nec
3153 5089 3398 5152 apostoli
3426 5089 3553 5145 ausi

2014 5110 2123 5161 unc
2148 5089 2435 5150 Deiterum
2468 5089 2828 5159 nuncupent’:
2861 5089 3011 5145 unde
3029 5102 3129 5161 nec
3153 5089 3398 5159 apostoli
3426 5089 3553 5145 ausi

1969 5159 2187 5225 fuerint
2214 5166 2288 5235 ei,
2320 5178 2448 5220 cum
2479 5163 2547 5217 ad
2581 5161 2844 5235 Ecclesia:
2875 5159 3242 5235 praesulatum
3275 5172 3559 5230 promove-

1970 5246 2146 5307 retur,
2165 5231 2416 5306 amplius
2434 5246 2635 5307 manus
2653 5232 2959 5301 imponere,
2982 5231 3256 5307 nimirum
3276 5243 3442 5302 quem
3459 5243 3557 5285 ore

1964 5312 2063 5367 Dei
2088 5302 2377 5365 laudatum
2396 5310 2452 5361 et
2470 5304 2657 5375 ipsius
2682 5307 2837 5359 tactu
2854 5302 3272 5359 sanctiﬁcatum
3289 5314 3557 5372 cognove-

1967 5384 2106 5438 rint.
2142 5382 2286 5435 Furr.
2328 5390 2447 5431 EAD.
2654 5414 2660 5421 .

2037 5468 2065 5506 ε
2090 5449 2445 5508 Subauditur
2472 5447 2681 5516 affatur
2704 5448 2754 5501 et
2774 5449 2967 5501 monet.

2037 5522 2064 5562 ιι
2090 5524 2255 5579 Forte
2286 5535 2341 5576 se
2371 5518 2669 5576 redundat.
