4052 6168
525 243 594 302 43
1690 245 2048 302 ANASTASII
2095 237 2646 303 BIBLIOTHECARII
3738 247 3800 308 44

518 341 934 440 masitaPatre,
950 375 1004 427 et
1020 370 1260 442 Filio,et
1278 372 1501 441 Spiritu
1524 377 1740 442 sancto,
1767 377 1822 427 et
1846 371 2104 442 privatus
2130 369 2190 430 A
2216 371 2690 440 quemadmodum
2729 371 2996 427 audistis.
3045 369 3550 428 Honorabilissimi
3607 373 3797 430 vicarii

515 460 831 532 gloriaDei,
847 465 902 515 et
916 460 1094 516 haeres
1105 461 1300 516 aeterni
1321 461 1590 517 tormenti
1609 467 1663 516 et
1697 461 1946 517 cohaeres
1969 462 2106 517 dia—

511 547 652 619 boli,
674 553 845 619 atque
869 548 1156 605 alienatus
1179 563 1212 604 a
1241 549 1700 605 Christianorum
1732 549 1936 620 gratia,
1969 554 2106 606 tan-

512 651 683 708 quam
697 637 796 708 qui
814 637 1242 693 irridetChristi
1267 639 1382 694 veri
1407 638 1507 693 Dei
1537 639 1720 694 nostri
1752 640 2102 694 muniﬁcen—

511 724 672 795 tiam,
694 739 899 796 aquam
919 725 1503 796 deditsacerdotibus,
1531 727 1757 782 dicens:
1789 727 2099 794 Quemcun—

508 829 612 883 que
623 815 920 882 ligaveritis
931 831 1094 885 super
1113 819 1332 878 terram,
1348 818 1450 870 erit
1471 817 1674 883 ligatus
1696 821 1745 870 et
1771 819 1827 870 in
1850 817 1994 870 cozlis
2009 835 2026 870 :
2050 822 2100 870 et

507 919 876 972 quemcunque
893 904 1160 958 solveritis
1183 919 1346 974 super
1366 908 1586 968 terram,
1611 907 1715 959 erit
1738 906 1946 960 solutus
1969 907 2098 959 etin

505 992 648 1047 cwh’s
659 988 870 1062 (Matth.
887 991 1022 1064 xw).
1035 993 1144 1062 Qui
1159 992 1311 1048 enim
1323 1007 1489 1049 verax
1501 1007 1622 1049 esse
1634 994 1848 1050 Christi
1863 993 2095 1050 verbum

503 1080 1508 1154 existimatetannuntiat,creditque
1521 1083 1670 1154 quod
1688 1097 1751 1139 ea
1779 1097 1903 1154 qua:
1925 1097 2097 1153 super

499 1173 708 1225 terram
728 1169 904 1241 ligata
929 1173 1082 1242 sunt,
1105 1171 1358 1242 ligentur
1373 1176 1429 1227 et
1448 1171 1506 1226 in
1525 1172 1688 1228 cmlis
1701 1177 1756 1228 et
1775 1186 1900 1242 quae
1923 1187 2097 1242 super

499 1261 706 1314 terram
721 1257 907 1314 soluta
922 1265 1076 1325 sunt,
1101 1260 1396 1316 solvantur
1420 1262 1549 1316 etin
1577 1262 1765 1332 caelis;
1801 1275 1925 1332 quae
1950 1274 2097 1316 asa-

500 1347 832 1404 cerdotibus
851 1347 1024 1420 ligata
1039 1355 1192 1418 sunt,
1210 1351 1494 1418 quomodo
1510 1354 1695 1422 putas,
1721 1349 2096 1406 audebitsol—

499 1449 646 1509 vere,
659 1441 715 1492 et
731 1433 888 1510 [forte
900 1434 1106 1511 soluta]
1124 1437 1377 1494 solutum
1391 1439 1610 1510 ligare?
1631 1438 1993 1495 Manifestum
2010 1443 2096 1495 est

497 1539 650 1596 ergo,
667 1526 815 1595 quod
830 1527 1004 1582 Deum
1017 1531 1401 1590 contemnens,
1420 1528 2094 1598 hujusmodietdivinum

497 1613 890 1685 magisterium
907 1615 1174 1682 irridens,
1190 1622 1245 1672 et
1260 1617 1589 1672 honoranda
1619 1623 1895 1687 praacepta
1909 1631 2095 1687 repro-

2215 459 2403 515 Roma:
2418 459 2689 515 dixerunt
2705 461 2773 516 ad
2793 465 3044 516 sanctam
3064 460 3238 530 synod
3251 474 3372 516 um:
3397 460 3798 518 Placet'vobis?

2213 548 2415 604 Sancta
2459 549 2710 618 synodus
2754 548 3122 604 exclamavit:
3175 548 3360 604 Placet
3401 549 3683 606 omnibus.
3728 551 3792 606 Et

2215 642 2341 706 post
2385 635 2490 692 hoc
2529 650 2688 692 sacer
2731 642 2962 692 senatus
3007 650 3105 705 per
3155 637 3434 704 Bahanem
3485 636 3799 695 famosissi—

2213 738 2366 779 mum
2385 725 2694 794 patricium
2713 731 2768 779 et
2795 725 3166 795 prmpositum
3185 725 3252 780 ad
3275 725 3800 784 honorabilissimos

2209 814 2592 870 Romanorum
2637 815 2886 870 vicarios
2931 815 3117 887 dixit;
3154 815 3438 886 Rogamus
3462 831 3580 886 vos,
3614 823 3826 872 sanater

2206 903 2610 958 eontritionem
2659 909 2931 958 nostram.
2977 905 3090 959 Nos
3120 903 3350 974 quidem
3381 905 3794 975 acquiescimus

2211 991 2286 1047 iis
2320 1007 2445 1062 qua:
2465 991 2954 1062 jussitjudicium
2985 999 3256 1062 vestrum,
3291 994 3385 1048 sed
3431 993 3695 1050 convenit
3737 998 3796 1049 ut

2199 1081 2452 1150 jubeatis
2484 1081 2595 1152 ipsi
2627 1081 2762 1150 alia,
2799 1096 2924 1152 qua:
2954 1081 3003 1137 si
3035 1081 3634 1152 audierimus,juvent
3673 1095 3792 1151 nos,

2204 1169 2472 1226 Photium
2511 1171 2822 1241 aliquando
2867 1184 2980 1226 non
3025 1170 3302 1241 videntes,
3352 1171 3637 1240 quomodo
3679 1184 3795 1226 eam

2205 1259 2670 1316 condemnastis‘?
2697 1260 2838 1315 Cum
2869 1273 2982 1329 quo
3014 1265 3272 1330 repertus
3303 1263 3389 1314 est
3410 1255 3530 1333 [al.,
3551 1260 3688 1316 Cum
3707 1273 3800 1314 re-

2207 1352 2402 1417 pertus
2430 1352 2549 1418 est;
2580 1349 2680 1420 aL,
2698 1361 2887 1404 coram
2905 1348 3068 1404 vobis
3085 1349 3366 1420 quomodo
3385 1353 3642 1418 repertus
3653 1353 3738 1404 est
3751 1345 3796 1422 ‘?]

2205 1451 2395 1492 coram
2425 1437 2606 1505 vobis,
2655 1438 2942 1508 quomodo
2988 1437 3314 1508 protulistis
3355 1438 3630 1494 adversus
3673 1450 3795 1492 eum

2205 1525 2728 1582 anathema‘Micite
2746 1526 2929 1582 nobis.
2946 1526 3307 1582 Sanctissimi
3326 1526 3529 1582 vicarii
3553 1525 3800 1582 senioris

2205 1614 2394 1670 Romm
2409 1614 2712 1670 dixerunt:
2734 1616 2900 1671 Beato
2918 1616 3080 1671 Petro
3097 1615 3354 1685 apostolo
3377 1615 3613 1672 donavit
3638 1620 3800 1685 pote—

493 1701 654 1770 bans,
676 1703 889 1772 justam
918 1719 1028 1760 non
1056 1705 1292 1776 effugiat
1323 1719 1564 1774 poenam.
1595 1707 1734 1763 Cum
1766 1707 1861 1762 his
1895 1711 2086 1762 autem
2122 1691 2176 1754 B
2203 1708 2403 1758 statem
2433 1703 2722 1774 Christus,
2755 1707 2811 1757 et
2847 1705 2998 1759 Deus
3030 1710 3240 1775 noster,
3272 1704 3474 1760 dicens
3502 1704 3588 1760 ei:
3625 1705 3794 1766 Petne,

493 1791 874 1862 subsequetur
900 1798 956 1848 et
983 1793 1099 1850 alia
1125 1794 1380 1864 qumdam
1420 1796 1582 1851 valde
1604 1794 1870 1851 difﬁcilis
1895 1796 2080 1852 etcita

491 1881 826 1937 commotio:
873 1886 932 1938 at
960 1897 1092 1938 vero
1137 1883 1186 1938 si
1235 1883 1621 1953 reprobaverit
1664 1885 1864 1940 saltem
1909 1900 2088 1942 unum

493 1983 562 2024 ex
591 1969 686 2025 his
715 1985 839 2040 quae
869 1971 965 2028 hic
994 1971 1208 2042 scripta
1234 1979 1388 2042 sunt,
1419 1978 1476 2029 et
1504 1986 1536 2028 a
1560 1973 1723 2030 beato
1752 1987 1893 2044 papa
1910 1975 2091 2030 Nico—

491 2056 582 2114 lao
609 2063 740 2115 ante
765 2060 1040 2130 judicata,
1063 2061 1158 2118 ﬁet
1186 2067 1360 2119 aestus
1387 2062 1446 2118 in
1472 2062 1713 2119 ecclesia
1729 2069 1915 2119 vestra
1944 2079 2089 2120 con—

490 2147 712 2220 tinuus,
745 2152 802 2204 et
839 2149 1104 2205 simultas
1141 2150 1658 2208 ecclesiasticorum
1699 2153 2082 2225 negotiorum,

491 2235 571 2292 ita
590 2236 962 2309 utl’nunquam
980 2239 1162 2296 videri
1184 2241 1366 2309 possit
1385 2240 1443 2296 in
1462 2241 1702 2297 ecclesia
1719 2242 1966 2312 quilibet
1983 2258 2086 2300 or—

485 2324 577 2382 do.
613 2325 722 2380 Ubi
751 2326 904 2381 enim
934 2332 1020 2382 est
1052 2327 1252 2397 utique
1281 2342 1596 2385 concursus
1614 2330 1802 2385 omnis
1831 2331 2086 2400 patriar—

485 2412 670 2469 chalis
699 2413 916 2486 throni,
949 2421 1004 2470 et
1035 2419 1099 2470 ut
1131 2414 1384 2486 idipsum
1403 2415 1634 2472 dicatur
1652 2419 1842 2474 omnis
1873 2421 2082 2476 sacrati

487 2501 764 2574 catalogi;
805 2503 854 2558 si
885 2502 1174 2560 diabolico
1205 2505 1453 2561 consilio
1482 2505 1916 2576 ambiguitatem
1948 2509 2082 2580 quis

488 2589 710 2660 habeat,
742 2589 982 2648 difﬁcile
1014 2591 1264 2662 profecto
1289 2594 1420 2662 erit,
1454 2600 1518 2650 ut
1547 2595 1860 2666 aliquando
1893 2597 2084 2653 ﬁrmi-

486 2683 657 2736 tatem
688 2679 772 2735 vel
791 2693 980 2750 pacem
1001 2682 1286 2750 possideat
1301 2682 1729 2740 ecclesiasticus
1744 2686 1901 2741 ordo.
1923 2686 2083 2743 Ana-

485 2767 674 2824 thema
689 2781 824 2840 ergo
844 2768 932 2824 illi
952 2770 1052 2839 qui
1077 2771 1387 2827 secundum
1406 2771 1629 2842 aliquid
1651 2775 2081 2843 praesumpserit

484 2856 786 2926 reprobare
817 2858 1130 2929 quidquam
1171 2873 1239 2915 ex
1271 2859 1348 2916 iis
1377 2875 1503 2931 qua:
1535 2861 1630 2916 hic
1675 2862 2080 2920 inscribuntur

485 2958 517 3001 a
545 2947 726 3018 Patre,
760 2947 914 3004 sicut
937 2949 1054 3018 jam
1083 2949 1303 3005 dictum
1335 2955 1440 3022 est,
1473 2955 1530 3006 et
1563 2951 1732 3022 Filio,
1767 2957 1822 3007 et
1851 2953 2076 3022 Spiritu

483 3041 698 3093 sancto.
719 3036 914 3093 Amen.
935 3036 1018 3094 Ad
1040 3039 1528 3096 conﬁrmationem
1557 3047 1749 3097 autem
1779 3043 2078 3112 prmsentis

485 3125 863 3198 deﬁnitionis,
879 3126 1225 3196 subscripsit
1248 3129 1648 3200 unusquisque
1671 3136 1928 3186 nostrum
1953 3145 2080 3187 ma—

483 3228 565 3270 nu
594 3215 844 3287 propria,
879 3216 1353 3286 quemadmodum
1381 3217 1757 3275 subinfertur.

552 3303 622 3358 Et
640 3307 766 3373 post
782 3303 1081 3360 lectionem
1097 3305 1457 3361 deﬁnitionis
1482 3311 1599 3363 tota
1617 3309 1870 3378 synodus
1885 3308 2068 3364 dixit:

479 3391 621 3448 Ecce
637 3392 966 3448 audivimus
980 3399 1035 3448 et
1051 3394 1388 3448 sententiam
1407 3395 1810 3465 Orientalium,
1843 3411 2079 3467 sequen-

481 3485 614 3550 tem,
632 3493 697 3536 ac
713 3479 999 3536 faventum
1013 3481 1238 3550 judicio
1262 3483 1617 3538 sanctissimi
1653 3497 1810 3554 papa:
1827 3485 2073 3558 Nicolai,

481 3573 538 3624 et
553 3568 925 3626 convenimus
943 3570 1000 3624 in
1018 3583 1159 3625 eam.
1180 3571 1541 3626 Sanctissimi
1555 3578 1608 3626 et
1628 3572 2080 3629 honorabilissi-

481 3657 560 3712 mi
590 3657 794 3713 vicarii
827 3657 1076 3712 senioris
1103 3657 1293 3712 Romae
1323 3658 1600 3714 dixerunt
1616 3659 1685 3715 ad
1705 3660 1960 3717 Orientis
1979 3662 2076 3717 vi—

481 3745 700 3801 carios:
737 3746 866 3816 Vos,
897 3743 1104 3802 fratres
1135 3746 1339 3817 nostri,
1372 3747 1582 3803 dicite:
1625 3750 1821 3806 Vestra
1851 3755 1938 3806 est
1965 3750 2076 3806 de—

484 3832 717 3888 ﬁnitio?
758 3837 814 3888 et
861 3833 1139 3903 scriptum
1173 3835 1296 3905 hoc,
1331 3837 1482 3906 quod
1542 3836 1749 3894 lectum
1809 3845 1914 3912 est,
1973 3855 2076 3896 vos

481 3921 728 3978 dedistis
757 3919 786 3974 ?
825 3922 1070 3979 Thomas
1112 3923 1658 3983 honorabilissimus
1712 3929 2075 3998 metrOpolita

480 4010 615 4082 Tyri
645 4016 700 4068 et
727 4011 920 4067 Helias
945 4011 1059 4068 Deo
1089 4011 1531 4070 colendissimus
1551 4015 1840 4086 presbyter
1855 4023 1910 4072 et
1936 4031 2078 4088 syn-

481 4090 682 4172 cellus,
714 4099 969 4156 Orientis
995 4099 1220 4170 vicarii,
1251 4101 1554 4158 dixerunt:
1592 4105 1776 4160 Etiam
1816 4111 2074 4162 nostrum

482 4193 587 4260 est,
619 4194 676 4246 et
704 4203 808 4246 nos
839 4189 894 4245 id
927 4189 1288 4260 scripsimus,
1320 4205 1450 4247 cum
1480 4191 1575 4248 hic
1591 4207 1862 4250 essemus.
1895 4195 2078 4250 Sanc—

481 4277 698 4334 tissimi
729 4277 932 4334 vicarii
952 4277 1199 4334 senioris
1219 4278 1406 4334 Romae
1422 4279 1726 4338 dixerunt:
1752 4283 1893 4338 Vere
1911 4288 2077 4338 tene-

483 4367 564 4423 tis
591 4366 744 4424 sicut
773 4366 1144 4423 audivimus‘?
1171 4367 1415 4424 Thomas
1442 4374 1498 4424 et
1513 4369 1703 4426 Helias
1719 4370 2071 4428 sanctissimi

482 4455 686 4513 vicarii
717 4455 962 4513 orientis
989 4455 1292 4513 dixerunt:
1327 4458 1408 4513 Ita
1433 4461 1690 4515 tenemus
1707 4460 1916 4531 placita
1935 4461 2071 4533 hzec,

551 4621 574 4650 α
612 4607 785 4684 Quam
822 4607 1396 4684 dedit__sacerdotibus.
1453 4611 1594 4666 Nota
1633 4611 1784 4684 quod
1828 4613 2074 4684 apostoli

483 4679 806 4753 sacerdotes
849 4678 1230 4753 praedicentur
1267 4693 1299 4734 a
1338 4686 1532 4753 sancta
1563 4678 1776 4753 synodo
1806 4678 1977 4740 etiam
2007 4700 2076 4740 ex

481 4757 604 4808 tum
616 4751 844 4822 quando
857 4750 950 4805 his
979 4751 1198 4806 dictum
1218 4755 1304 4806 est
1322 4768 1334 4805 :
1359 4750 1734 4823 Quemcuhque
1755 4754 2072 4822 ligaveritis,

479 4823 566 4878 vel
591 4823 857 4892 solveritis
887 4838 1050 4892 super
1073 4826 1292 4892 terra-In,
1315 4825 1418 4877 erit
1443 4824 1664 4891 ligatus,
1686 4826 1771 4879 vel
1798 4828 2004 4880 solutus
2025 4831 2074 4881 et

479 4895 542 4947 in
565 4893 708 4947 caelis
741 4891 966 4964 (Matth:
984 4891 1123 4966 xw),
1141 4894 1286 4965 Ergo
1304 4895 1523 4966 Petrus,
1547 4896 1647 4965 qui
1669 4895 1772 4950 hoc
1799 4897 2076 4966 speciali-

481 4969 569 5036 ter
596 4969 726 5018 ante
757 4978 952 5020 omnes
993 4965 1196 5020 audire
1240 4965 1468 5035 meruit,
1520 4967 1766 5036 primum
1813 4965 2075 5023 sacerdos

479 5033 844 5106 eﬂ'ectusest;
876 5036 1052 5092 cessit
1083 5036 1275 5106 itaque
1301 5033 1486 5092 sermo
1515 5033 1877 5106 opinantium
1905 5040 2076 5093 Jaco—

481 5105 615 5162 bum
648 5103 878 5162 fratrem
918 5107 1146 5163 Domini
1181 5103 1428 5176 primum
1469 5103 1814 5162 sacerdotem
1856 5107 2065 5164 fuisse:

479 5191 673 5232 verum
709 5177 930 5248 primus
959 5179 1220 5234 sacerdos
1248 5177 1363 5234 fuit
1391 5191 1606 5248 eorum,
1640 5177 1740 5247 qui
1761 5191 1871 5248 non
1897 5192 1929 5232 a
1953 5181 2073 5234 Do—

483 5248 660 5320 mino,
693 5247 787 5320 sed
819 5247 891 5304 ab
921 5249 1198 5320 apostolis
1226 5247 1479 5320 ordinati
1511 5255 1663 5320 sunt.
1686 5247 1912 5320 Primus
1939 5251 2073 5319 epi-

479 5317 687 5389 scopus
715 5319 848 5390 fuit,
881 5317 975 5376 sed
995 5334 1190 5376 eorum
1209 5319 1308 5388 qui
1337 5317 1744 5388 Hierosolymis
1767 5317 2072 5390 episcopa—

478 5395 601 5447 tum
639 5391 831 5448 sortiti
866 5397 1018 5446 sunt.
1051 5393 1202 5444 Enn.
1232 5403 1353 5444 ΕΑΒ.

547 5460 578 5503 δ
608 5463 892 5531 Tanquam
935 5466 1256 5531 prasentcm
1305 5460 1576 5531 Quamvis
1613 5466 1768 5518 totus
1821 5465 2068 5522 mundus

478 5537 672 5590 nosset
699 5529 966 5590 Photium
996 5545 1065 5588 ex
1093 5530 1241 5590 laico
1271 5529 1464 5590 subito
1495 5530 1706 5590 factum
1737 5534 2066 5608 episcopum

2102 4333 2156 4394 D

2199 1808 2312 1846 ecce
2337 1791 2574 1846 Satanas
2604 1793 3118 1861 empetiviteribrare
3142 1798 3211 1855 te,
3240 1795 3379 1848 sicut
3401 1795 3658 1848 triticum.
3688 1795 3797 1861 Ego

2195 1885 2377 1934 autem
2401 1881 2602 1947 νου(ιυὶ
2624 1897 2727 1950 pro
2759 1885 2830 1944 te,
2867 1885 2928 1935 ut
2961 1897 3069 1934 non
3113 1881 3326 1950 deﬁciat
3352 1881 3486 1951 ﬁdes
3511 1887 3628 1944 tua,
3670 1887 3720 1936 et
3743 1885 3800 1935 tu

2198 1969 2497 2038 aliquando
2523 1985 2810 2024 conversus
2824 1973 3080 2039 conﬁrma.
3089 1973 3294 2036 fratres
3306 1975 3423 2024 tuos
3449 1968 3597 2040 (Luc.
3638 1971 3800 2044 XXII).

2195 2061 2317 2114 Non
2349 2068 2484 2130 ergo
2513 2063 2738 2128 poterat
2775 2063 2861 2112 ter
2903 2057 3272 2116 beatissimus
3302 2064 3358 2114 et
3400 2059 3803 2115 sanctissimus

2199 2160 2340 2219 papa
2363 2147 2634 2203 Nicolaus
2667 2146 2724 2202 in
2767 2147 2898 2202 sede
2929 2146 3030 2201 illa
3055 2151 3278 2202 tantum
3297 2147 3526 2204 tendere
3557 2153 3800 2218 tempus,

2171 2243 2260 2294 .ut
2289 2251 2403 2292 non
2429 2235 2784 2291 confortaret
2829 2234 3034 2290 fratres
3074 2249 3230 2307 suos,
3276 2242 3332 2292 et
3375 2237 3803 2292 sanctissimum

2196 2325 2580 2398 patriarcham
2613 2323 2796 2395 Ignati
2810 2338 2922 2380 um.
2959 2326 3098 2379 Nam
3117 2326 3520 2382 sanctissimus
3536 2339 3679 2396 papa
3696 2325 3806 2380 Ni—

2195 2417 2413 2484 colaus,
2435 2414 2638 2470 videns
2659 2413 2882 2469 litteras
2897 2420 2952 2470 et
2964 2413 3434 2484 epistolasPhotii
3457 2415 3798 2486 pervasoris,

2199 2510 2255 2561 et
2284 2505 2596 2576 absentem,
2629 2500 2658 2542 b
2706 2509 2976 2575 tanquam
3010 2508 3356 2573 praesentem,
3392 2518 3491 2574 per
3522 2503 3802 2574 epistolas

2193 2595 2320 2664 ejus
2337 2599 2394 2650 et
2408 2594 2820 2664 apocrisiarios
2831 2592 3114 2663 judicavit
3131 2606 3278 2648 eum.
3302 2591 3801 2662 Magniﬁcentissi-

2194 2683 2272 2738 mi
2297 2683 2588 2753 principes
2605 2683 2908 2739 dixerunt:
2930 2683 2999 2736 Et
3016 2695 3183 2752 quem
3205 2680 3406 2736 misit?
3429 2681 3795 2736 Sanctissimi

2190 2772 2394 2828 vicarii
2414 2773 2666 2828 senioris
2685 2773 2872 2828 Roma:
2888 2771 3192 2826 dixerunt:
3222 2770 3281 2826 Si
3306 2769 3560 2840 jubeatis
3587 2769 3793 2826 audire

2191 2862 2504 2917 secundum
2563 2860 3049 2931 consequentiam,
3101 2859 3374 2916 dicemus.
3421 2859 3796 2931 Magniﬁcen—

2191 2951 2406 3006 tissimi
2439 2951 2732 3020 principes
2756 2949 3061 3006 dixerunt:
3093 2949 3386 3004 Volumus.
3429 2945 3792 3004 Sanctissimi

2191 3039 2401 3094 vicarii
2433 3039 2688 3096 senioris
2719 3039 2906 3094 Romae
2935 3038 3242 3094 dixerunt:
3269 3038 3545 3094 Primitus
3581 3037 3796 3092 missus

2193 3135 2279 3184 est
2311 3127 2553 3184 Arsabir
2583 3128 2805 3199 legatus
2835 3127 3134 3183 Michaelis
3161 3126 3540 3197 imperatoris,
3573 3131 3630 3181 et
3661 3139 3794 3182 cum

2193 3232 2259 3273 eo
2293 3217 2457 3273 missi
2489 3223 2624 3272 sunt
2654 3222 2902 3287 quatuor
2935 3217 3222 3287 episcopi:
3257 3215 3302 3286 (ο
3333 3215 3562 3272 nomina
3593 3228 3795 3270 eorum

2192 3305 2542 3378 ignoramus)
2567 3303 2830 3361 deferens
2874 3319 3065 3362 secum
3109 3311 3166 3360 et
3207 3305 3504 3373 epistolam
3553 3303 3791 3375 regiam,

2189 3394 2610 3466 signiﬁcantem
2645 3394 2703 3448 in
2726 3407 2784 3447 se
2801 3406 3032 3448 causam
3073 3392 3350 3446 haereseos
3376 3391 3716 3461 imaginum,
3737 3398 3796 3449 et

2191 3483 2250 3538 in
2283 3482 2392 3538 ﬁne
2409 3483 2730 3537 litterarum
2759 3481 2994 3535 illarum
3014 3479 3402 3535 ostendentem
3427 3479 3603 3534 etiam
3625 3481 3798 3538 emis-

2189 3571 2408 3627 sionem
2436 3571 2460 3608 ά
2499 3568 2848 3625 sanctissimi
2904 3567 3246 3637 patriarchae
3284 3568 3514 3639 Ignatii.
3561 3569 3797 3627 Petebat

2187 3664 2376 3715 autem
2404 3664 2468 3714 ut
2499 3658 2751 3712 mitteret
2775 3655 3188 3726 apocrisiarios
3217 3671 3352 3712 suos
3374 3657 3798 3716 Constantino-

2191 3748 2386 3820 polim,
2415 3753 2471 3803 et
2499 3747 2660 3802 misit
2685 3745 3037 3802 Radoaldum
3064 3750 3120 3801 et
3143 3746 3471 3802 Zachari..m
3499 3749 3793 3818 quondam

2185 3838 2502 3908 episcOpos,
2529 3841 2585 3891 et
2612 3841 2889 3891 venerunt
2917 3835 3050 3904 huc,
3083 3841 3139 3890 et
3166 3833 3420 3892 fecerunt
3453 3835 3797 3894 latrocinale

2186 3926 2518 3997 concilium,
2537 3930 2593 3980 et
2605 3937 2944 3996 synagogam
2959 3923 3619 3996 malignantiumcontra
3633 3941 3800 3983 sanc-

2185 4015 2475 4070 tissimum
2513 4015 2699 4070 virum
2748 4013 3032 4086 Ignatium
3073 4013 3477 4086 patriarcham,
3524 4021 3583 4071 et
3623 4019 3794 4088 quasi

2184 4105 2572 4174 deposuerunt
2595 4117 2742 4158 eum.
2777 4103 2934 4158 Tunc
2963 4102 3173 4157 reversi
3220 4105 3356 4158 sunt
3385 4102 3624 4160 Romam
3661 4121 3794 4163 cum

2185 4193 2564 4264 apocrisiario
2591 4195 2768 4249 Leone
2809 4205 2842 4247 a
2869 4191 3124 4262 secretis,
3155 4188 3372 4246 ferente
3401 4196 3460 4247 et
3499 4193 3630 4264 ipso
3677 4195 3795 4252 ite—

2187 4298 2314 4338 rum
2351 4283 2652 4353 epistolam
2700 4281 2934 4354 regiam,
2977 4285 3034 4336 et
3095 4279 3381 4336 invaseris
3431 4287 3490 4338 et
3538 4283 3792 4342 adulteri

2185 4372 2398 4438 Photii,
2427 4377 2483 4426 et
2501 4372 2767 4427 libellum
2794 4369 3251 4426 manifestantem
3270 4383 3617 4443 synagogam
3633 4375 3796 4430 mali-

2186 4461 2485 4535 gnantium
2511 4459 2716 4516 factam
2736 4459 3009 4515 adversus
3033 4457 3316 4530 lgnatium
3349 4461 3792 4520 sanctissimum

2186 4618 2242 4689 et
2267 4613 2512 4670 viventis
2541 4612 2726 4668 sedem
2760 4613 3024 4682 praesulis
3055 4611 3399 4689 invasisset;
3425 4612 3581 4689 quia
3598 4619 3788 4689 tamen

2185 4685 2391 4742 absens
2419 4689 2559 4754 erat,
2579 4697 2700 4756 non
2717 4698 2845 4756 eum
2862 4682 3348 4756 arnteajudicavit,
3369 4695 3546 4752 quam
3567 4685 3664 4742 bis
3685 4683 3790 4756 per

2188 4757 2394 4812 missos
2417 4762 2471 4812 et
2501 4753 2772 4828 epistolas
2795 4755 3167 4828 ipsiusillum
3192 4753 3426 4810 noxium
3458 4753 3791 4828 comperis—

2187 4835 2290 4898 set,
2323 4833 2379 4882 et
2405 4825 2609 4883 rursus
2626 4827 2778 4882 hunc
2804 4840 2902 4896 per
2927 4827 3134 4882 missos
3159 4839 3294 4881 suos
3317 4825 3672 4894 etepistol‘as
3695 4829 3791 4886 bis

2189 4905 2252 4953 ut
2276 4898 2662 4967 corrigeretur
2684 4898 3094 4954 admonuisset.
3127 4898 3280 4952 Eon.
3319 4909 3452 4950 non.

2257 4980 2283 5008 ο
2307 4970 2541 5042 Nom-ina
2565 4984 2747 5042 eorum
2773 4971 3099 5042 ignoramus.
3133 4967 3378 5042 Urgente
3405 4967 3544 5042 illos
3570 4985 3792 5042 propo—

2185 5039 2309 5094 sita:
2337 5039 2650 5110 locutionis
2688 5038 3104 5107 prosecutione,
3127 5039 3355 5095 nomina
3377 5038 3786 5110 episcoporum

2181 5111 2268 5166 eis
2291 5111 2358 5166 ad
2385 5109 2712 5183 memoriam
2732 5123 3024 5164 recurrere
3041 5115 3154 5183 tam
3172 5111 3394 5166 concite
3413 5110 3559 5183 mini
3572 5109 3658 5168 me
3678 5128 3791 5183 po-

2181 5187 2418 5238 tuerunt
2441 5199 2452 5232 :
2477 5179 2885 5250 quibustamen
2900 5181 3132 5237 nomina
3145 5187 3306 5237 erant
3323 5180 3655 5239 Methodius
3677 5179 3791 5240 ine;

2181 5252 2451 5334 tropole
2465 5251 3478 5334 Gangrensium,§amuelghouorum
3493 5253 3782 5334 episcopi,

2179 5322 2351 5394 atque
2373 5322 2724 5392 Theophilus
2751 5322 2952 5393 Iconii,
2979 5330 3033 5379 et
3058 5323 3356 5394 Zacharias
3380 5322 3784 5394 Tauromen‘ize

2181 5392 2674 5466 pséudoepiscopi,
2692 5395 2790 5465 qui
2807 5392 3144 5466 legationem
3156 5392 3500 5462 etepistolas
3524 5408 3558 5451 a
3571 5396 3782 5455 Photio

2180 5466 2300 5536 sedi
2328 5465 2654 5536 apostolicae
2683 5465 3032 5523 detulerunt.
3059 5467 3192 5522 Eon
3213 5478 3335 5521 Em.

2247 5535 2273 5575 d
2299 5535 2376 5593 Id
2405 5542 2502 5600 est,
2533 5537 2947 5610 expulsionem.
