4052 6168
247 387 317 448 ,ιδ
997 325 1541 438 lNTERPRlETATlO
1578 374 1825 431 SYNODI
1862 373 1980 428 vuI
2015 372 2422 430 cenemus.
2449 405 2523 416 -
2549 374 2750 434 ACTIO
2787 381 2828 433 ι.
3494 379 3563 438 Ic

249 515 663 586 patriarcham.
691 512 848 567 Tunc
865 521 1214 581 cognoscens
1229 503 1510 562 diviferus
1529 514 1670 572 papa
1694 496 1933 556 Nico-A
1966 497 2102 553 leos.
2136 499 2417 568 Quoniam
2451 516 2580 558 vero
2614 503 2798 574 gratia
2829 505 2928 560 Dei
2965 505 3114 561 hunc
3149 506 3471 564 invenimus
3503 509 3560 564 in

254 607 388 662 laus
411 607 706 660 scrutatus
729 600 941 657 omnia.
974 598 1109 653 fecit
1133 597 1433 667 synodum,
1452 597 1507 647 et
1525 587 1855 646 convocavit

248 709 446 750 omnes
500 690 887 747 occidentales
939 688 1258 758 episcopos,
1299 700 1322 726 ι
1369 679 1850 750 archiepi5c0pos,

249 781 663 852 metropolitas,
705 785 761 835 et
801 791 1024 834 omnem
1065 777 1283 831 clerum
1335 777 1544 828 sancta:
1591 770 1855 824 Romanae

240 871 533 939 Ecclesiae,
549 885 612 925 ac
629 875 812 924 totum
826 871 1086 923 senatum
1105 863 1430 934 principum
1449 861 1850 925 Romanorum,

241 967 301 1016 et
329 961 748 1016 damnaverunt
789 955 1070 1025 libellum,
1104 958 1160 1009 et
1191 950 1504 1008 concilium
1544 946 1856 1017 malignan-

244 1049 420 1120 tium,
455 1049 605 1120 quod
641 1045 852 1102 factum
883 1049 1004 1100 erat
1023 1043 1297 1098 adversus
1318 1037 1746 1096 sanctissimum
1777 1033 1857 1087 vi-

245 1153 377 1196 rum
409 1137 716 1209 Ignatium,
741 1141 798 1191 et
827 1133 1095 1204 deposuit
1123 1128 1536 1201 apocrisiarios
1566 1125 1666 1196 qui
1698 1135 1858 1178 vene-

241 1232 378 1282 rant
403 1227 534 1298 huc,
569 1224 923 1281 Radoaldum
955 1221 1202 1293 scilicet,
1234 1225 1290 1275 et
1318 1215 1668 1284 Zachariam,
1701 1218 1757 1267 et
1784 1210 1856 1265 ab

247 1315 410 1372 omni
461 1315 675 1372 honore
723 1311 1062 1370 sacerdotali
1096 1315 1154 1366 et
1183 1306 1589 1364 communione
1637 1299 1858 1373 pepulit

247 1418 350 1461 eos
377 1423 392 1473 ;
420 1404 694 1475 quoniam
721 1400 1310 1469 communicaverunt,
1344 1404 1400 1452 et
1423 1393 1853 1457 consenserunt,

241 1499 302 1549 et
361 1493 790 1550 constituerunt
845 1491 1165 1546 invasorem
1213 1501 1279 1544 ac
1338 1485 1665 1542 adulterum
1717 1477 1862 1533 Pho-

243 1583 437 1651 tium;
465 1589 521 1638 et
541 1581 830 1638 abdicavit
854 1579 1168 1636 concilium
1201 1573 1662 1648 malignantium.
1693 1570 1862 1637 Prop-

241 1678 336 1728 ter
379 1673 483 1728 hoc
531 1685 666 1744 ergo
713 1685 859 1740 opus
907 1668 1205 1725 damnavit
1253 1671 1308 1722 et
1355 1656 1861 1720 anathematizavit

242 1761 538 1817 Photium.
567 1761 671 1817 His
701 1759 1046 1830 tacentibus,
1096 1770 1337 1828 surgens
1377 1753 1630 1809 Bahanes
1670 1747 1859 1802 famo—

246 1852 524 1908 sissimus
571 1850 852 1921 patricius
889 1855 946 1906 et
979 1847 1338 1918 pr:epositus,
1389 1849 1452 1900 ut
1500 1856 1567 1897 ex
1617 1849 1857 1910 persona
1885 1820 1939 1882 Β

244 1941 402 1998 sacri
426 1946 677 2012 senatus,
705 1937 1082 2008 interrogavit
1101 1935 1357 1993 Orientis
1376 1931 1652 1989 vicarios:
1672 1930 1738 1983 Et
1760 1940 1858 1982 vos

246 2039 479 2101 tempus
518 2030 762 2086 multum
803 2027 1044 2099 fecistis,
1080 2026 1175 2082 hic
1203 2027 1592 2094 exspectantes
1620 2033 1652 2074 a
1683 2019 1857 2074 Roma

246 2119 522 2187 vicarios,
568 2119 852 2189 quomodo
893 2130 1064 2187 prope
1100 2113 1372 2170 habentes
1407 2110 1699 2174 Photium,
1743 2118 1856 2161 non

246 2209 565 2280 quaesistis,
599 2213 655 2264 et
693 2207 943 2278 vidistis,
986 2211 1042 2262 et
1083 2205 1162 2261 ita
1199 2199 1623 2260 condemnastis
1671 2210 1800 2253 eum
1830 2194 1858 2248 ?

249 2300 322 2354 Et
353 2312 600 2369 surgens
627 2296 818 2352 Helias
854 2297 968 2352 Deo
999 2292 1443 2351 colendissimus
1483 2287 1776 2360 presbyter
1803 2288 1860 2340 et

249 2387 564 2458 syncellus,
591 2385 778 2441 locum
803 2385 1054 2440 retinens
1073 2381 1377 2438 Theodosii
1399 2375 1751 2435 sanctissimi
1775 2388 1861 2428 ar-

248 2475 615 2546 chiepiscopi
649 2473 1168 2544 Hierosolymorum
1199 2469 1387 2526 dixit:
1413 2467 1608 2523 Nostis
1638 2477 1855 2532 omnes,

248 2564 428 2620 amici
444 2562 685 2631 Christi,
710 2561 935 2632 fratres,
959 2561 1096 2632 quia
1114 2559 1369 2630 Spiritus
1390 2561 1642 2626 sanctus,
1662 2553 1763 2624 qui
1784 2553 1861 2608 lo-

250 2659 428 2709 cutus
477 2659 564 2708 est
605 2652 662 2707 in
713 2650 1026 2722 prophetis,
1080 2649 1202 2719 ipse
1247 2653 1304 2704 et
1345 2648 1404 2702 in
1451 2644 1728 2715 apostolis
1775 2645 1862 2697 est

252 2741 486 2809 affatus,
515 2745 570 2797 et
589 2741 784 2797 omnia
810 2753 1166 2810 quiecunque
1199 2741 1355 2810 gesta
1381 2740 1517 2792 sunt
1540 2748 1572 2790 a
1600 2731 1862 2802 patribus

257 2831 482 2887 nostris
509 2830 668 2900 olim,
695 2829 833 2886 etin
859 2829 976 2900 lege
1010 2827 1193 2898 posita
1219 2831 1374 2897 sunt,
1403 2829 1460 2880 et
1480 2823 1664 2896 gratia
1693 2821 1863 2892 spiri-

260 2919 546 2976 tualiacta
565 2919 990 2988 consistunt;et
1012 2917 1138 2973 ideo
1160 2912 1568 2986 patriarchalia
1589 2911 1776 2982 capita
1799 2911 1861 2966 in

264 3008 480 3064 mundo
516 3009 708 3078 posuit
735 3007 990 3078 Spiritus
1017 3011 1270 3075 sanctus,
1306 3004 1451 3061 utin
1479 3001 1732 3058 Ecclesia
1759 2998 1860 3054 Dei

265 3097 614 3167 pullulantia
633 3097 900 3153 scandala
922 3110 1094 3167 perea
1106 3093 1576 3162 exterminentur,
1599 3094 1657 3145 et
1677 3088 1866 3158 paciﬁ-

262 3199 331 3241 ca
351 3186 692 3242 constitutio
713 3186 773 3242 in
790 3186 912 3256 ipsa
933 3185 1292 3254 interveniat,
1307 3181 1734 3240 etconcedatur.
1761 3177 1867 3249 lgi-

263 3279 365 3332 tur
374 3289 503 3330 cum
517 3275 826 3345 praesidens
837 3281 894 3331 et
907 3275 1225 3344 prtecedens
1245 3287 1407 3330 senes
1419 3269 1666 3328 senioris
1679 3269 1866 3323 Romae

264 3376 630 3434 nequaquam
657 3365 935 3434 receperit
963 3363 1250 3434 Photium,
1280 3376 1381 3418 nec
1410 3361 1582 3416 etiam
1612 3357 1868 3414 Orientis

262 3459 388 3508 tres
413 3451 630 3523 throni,
657 3451 926 3507 videlicet
947 3450 1326 3520 Alexandriae,
1356 3454 1413 3505 et
1438 3444 1780 3515 Antiochiae,
1804 3459 1869 3500 ac

260 3539 812 3611 Hierosolymorum,
837 3554 948 3596 non
971 3545 1094 3595 erat
1113 3553 1258 3610 opus
1269 3551 1468 3595 vocare
1483 3536 1648 3592 illum
1660 3535 1729 3590 ad
1745 3547 1874 3590 exa-

266 3629 644 3685 minationem
657 3629 742 3684 vel
758 3629 1246 3698 rejudicationem.
1270 3625 1608 3698 Huiusmodi
1622 3624 1775 3680 enim
1787 3637 1876 3679 ac-

267 3717 459 3773 tiones
486 3717 560 3773 de
590 3717 666 3773 iis
695 3717 796 3788 qui
837 3717 1047 3788 recepti
1087 3721 1223 3774 sunt
1266 3717 1325 3772 in
1364 3715 1626 3772 ecclesiis
1661 3714 1784 3784 Dei,
1817 3717 1873 3768 et

263 3807 502 3863 cunctis
528 3806 782 3878 sedibus,
812 3805 996 3862 solitae
1021 3811 1158 3863 sunt
1185 3806 1326 3862 fieri.
1350 3807 1430 3860 De
1456 3805 1532 3860 iis
1557 3809 1747 3860 autem
1771 3801 1874 3873 qui

269 3909 570 3966 nunquam
585 3895 644 3950 in
658 3895 872 3952 seniori
895 3897 1068 3952 Roma
1081 3901 1137 3951 et
1151 3894 1394 3966 reliquis
1404 3893 1641 3950 sedibus
1663 3893 1874 3962 recepti

270 3989 434 4055 sunt,
467 3984 693 4040 nullum
725 3985 960 4040 omnino
987 3984 1155 4040 debet
1185 3983 1451 4039 iteratum
1485 3980 1681 4037 haberi
1709 3981 1879 4051 judi-

273 4073 452 4128 cium.
480 4073 820 4142 Hujusmodi
841 4073 993 4129 enim
1018 4073 1078 4128 in
1099 4072 1426 4142 semetipsis
1445 4072 1763 4128 evidentem
1788 4071 1882 4127 ha-

275 4161 414 4217 bent
445 4162 735 4231 propriam
765 4163 1208 4234 damnationem,
1236 4163 1317 4217 ita
1339 4167 1402 4218 ut
1421 4167 1478 4217 et
1504 4175 1607 4218 nos
1627 4161 1768 4217 bene
1792 4159 1881 4216 fe—

275 4251 533 4307 cerimus
578 4264 732 4321 eum,
786 4252 886 4322 qui
938 4265 1230 4323 nunquam
1271 4265 1306 4308 a
1345 4252 1560 4307 seniori
1606 4252 1780 4308 Roma
1825 4255 1881 4306 et

277 4339 676 4396 Orientalibus
696 4340 924 4396 thronis
950 4347 1210 4411 receptus
1228 4345 1335 4410 est,
1359 4341 1690 4396 nullatenus
1709 4339 1815 4395 add
1826 4355 1884 4396 u-

283 4433 478 4484 centes
505 4429 576 4484 ad
609 4429 1068 4485 retractationem
1099 4430 1422 4485 examinis:
1460 4428 1701 4485 habebat
1728 4429 1882 4485 enim

1895 3140 1944 3202 C

1963 587 2169 644 throno
2216 605 2339 659 suo,
2389 593 2958 664 communicavimus,
2993 601 3048 649 et
3089 596 3567 652 comministravi-

1965 691 2107 742 mus,
2133 683 2189 732 et
2218 679 2393 734 simul
2428 682 2914 752 manducavimus,
2943 691 2996 739 et
3031 684 3286 740 bibimus
3316 701 3444 742 cum
3477 701 3560 756 eo,

1965 770 2234 836 tauquam
2262 768 2362 838 qui
2393 771 2844 826 communicator
2873 779 2928 826 et
2957 773 3352 829 comminister
3375 781 3567 832 noster

1963 858 2034 912 ab
2064 859 2202 914 olim
2235 876 2417 932 usque
2451 863 2510 917 in
2539 863 2880 921 hodiernum
2916 867 3067 922 diem
3101 869 3407 926 exstiterit.
3442 872 3566 926 Haec

1964 948 2115 1002 enim
2135 949 2304 1004 etiam
2323 965 2354 1005 a
2375 951 2709 1020 primordiis
2727 956 3014 1011 venientes
3031 958 3252 1012 excelsa
3280 973 3413 1014 voce
3433 975 3570 1029 prae-

1964 1035 2304 1109 dicavimus,
2325 1045 2514 1096 utnon
2533 1041 2996 1100 existimaremur
3011 1045 3082 1100 ab
3101 1047 3298 1118 aliquo
3319 1049 3568 1121 maligna

1965 1137 2158 1195 gerere
2192 1127 2354 1199 velle,
2404 1131 2568 1200 quasi
2611 1129 2808 1187 furtim
2847 1133 3120 1190 abstracti
3159 1135 3570 1194 adlueserimus

1969 1221 2164 1272 sancto
2177 1217 2299 1273 viro
2314 1218 2448 1274 huic
2462 1221 2555 1276 sed
2573 1222 2889 1278 secundum
2903 1224 3199 1295 antiquam
3215 1226 3564 1299 opinionem,

1967 1317 2137 1374 quam
2165 1305 2474 1364 habuimus
2493 1310 2562 1364 de
2596 1309 2716 1381 illo,
2747 1311 2998 1367 eamdem
3023 1313 3359 1371 haberemus
3387 1330 3569 1388 usque

1972 1393 2032 1448 in
2046 1409 2310 1464 praesens.
2325 1397 2594 1466 Quamvis
2605 1404 2792 1455 autem
2809 1415 2917 1456 non
2932 1401 3200 1458 collocuti
3224 1418 3352 1460 cum
3367 1406 3570 1464 Photio

1972 1481 2255 1540 fuerimus
2275 1484 2419 1542 facie
2438 1487 2505 1542 ad
2531 1487 2752 1560 faciem,
2778 1496 2962 1545 tamen
2991 1491 3372 1550 diversimode
3393 1499 3448 1550 et
3469 1493 3575 1552 fre-

1972 1577 2211 1642 quenter
2225 1589 2353 1630 cum
2369 1576 2464 1649 iis,
2480 1577 2579 1648 qui
2601 1578 2901 1634 unanimes
2917 1584 2972 1634 et
2982 1583 3346 1638 consentanei
3361 1598 3426 1639 ac
3445 1600 3573 1654 pro-

1972 1665 2212 1718 tectores
2240 1664 2366 1733 ejus
2385 1672 2537 1735 sunt,
2567 1668 2982 1739 convenientes,
3009 1669 3328 1727 didicimus
3357 1687 3421 1729 ea
3445 1689 3570 1745 quae

1972 1764 2072 1820 pro
2089 1751 2179 1806 sui
2198 1751 2526 1810 defensione
2543 1755 2810 1812 videntur
2825 1770 2946 1812 esse
2965 1757 3198 1814 inutilia
3215 1765 3271 1815 et
3287 1775 3428 1817 vana
3443 1777 3572 1820 con-

1969 1839 2186 1922 sistere.
2203 1842 2360 1911 Quod
2376 1843 2740 1900 enimdicunt
2755 1844 3134 1914 patriarcham
3150 1848 3430 1919 lgnatium
3446 1856 3572 1922 post

1969 1927 2240 1998 lnjustam
2258 1931 2672 2000 depositionem
2691 1947 2870 2000 suam,
2891 1948 3018 1990 cum
3041 1935 3098 1990 in
3125 1937 3331 1994 exsilio
3348 1940 3569 1996 essetin

1968 2015 2178 2088 insula,
2201 2019 2402 2075 fecisse
2425 2019 2845 2091 refutationem,
2871 2023 3036 2080 talem
3059 2023 3460 2083 refutationem
3479 2043 3570 2084 ne-

1970 2121 2078 2177 que
2095 2108 2288 2165 senior
2303 2109 2475 2164 Roma
2494 2123 2674 2180 neque
2691 2125 2793 2166 nos
2821 2112 3150 2180 recipimus,
3179 2127 3244 2169 eo
3262 2117 3410 2185 quod
3433 2132 3570 2186 prae-

1967 2201 2055 2252 ter
2072 2211 2341 2253 canonem
2365 2199 2442 2254 sit
2461 2199 2912 2255 ecclesiasticum
2935 2199 3098 2256 facta.
3126 2202 3184 2257 Si
3203 2209 3390 2259 autem
3413 2205 3570 2262 dixe-

1971 2290 2312 2362 rintaliqui,
2338 2291 2474 2361 quia
2505 2291 2547 2346 ii
2571 2291 2670 2362 qui
2703 2306 2904 2348 manus
2929 2292 3351 2363 impositionem
3376 2298 3565 2354 Photii

1969 2378 2244 2452 fecerunt,
2260 2381 2426 2452 etqui
2447 2381 2620 2436 simul
2641 2381 2854 2436 inventi
2874 2387 3026 2454 sunt,
3047 2382 3209 2454 digni
3229 2385 3420 2440 eadem
3435 2401 3565 2445 cum

1972 2473 2098 2542 ipso
2114 2487 2274 2542 paena
2286 2471 2715 2526 etdamnatione
2732 2471 2869 2541 sint,
2884 2472 2989 2528 hoc
3005 2486 3114 2528 non
3129 2475 3571 2533 veraciterdixe-

1973 2561 2127 2618 rint:
2152 2561 2364 2616 etenim
2393 2574 2522 2616 cum
2552 2560 2735 2616 simus
2763 2560 3000 2616 inﬁrma:
3022 2568 3259 2632 naturze,
3294 2579 3406 2620 non
3430 2580 3570 2622 sem-

1973 2648 2331 2719 perferimus
2353 2654 2588 2705 mortem
2613 2648 3002 2704 imminentem
3025 2650 3210 2720 nobis,
3230 2657 3286 2707 et
3309 2653 3436 2710 ideo
3460 2653 3570 2710 for-

1973 2739 2273 2807 midantes,
2292 2751 2699 2808 nonnunquam
2713 2738 2883 2793 etiam
2896 2751 2960 2793 ea
2974 2754 3099 2810 qua:
3119 2740 3388 2798 nolumus
3403 2757 3570 2815 agere

1975 2827 2142 2884 inviti
2175 2827 2592 2897 compellimur.
2624 2827 2880 2898 Denique
2901 2833 2956 2882 et
2981 2827 3100 2896 isti,
3135 2829 3232 2899 qui
3266 2843 3334 2886 ex
3363 2845 3572 2889 conse—

1970 2917 2225 2974 cratione
2246 2917 2393 2972 beati
2417 2916 2689 2972 lllethodii
2712 2921 2766 2971 et
2787 2918 3136 2974 sanctissimi
3160 2920 3365 2991 Ignatii
3391 2922 3572 2978 timo—

1974 3007 2137 3062 ribus
2159 3005 2405 3076 subacti,
2429 3009 2485 3062 et
2507 3019 2708 3074 pavore
2736 3007 2910 3079 regio,
2941 3013 2996 3062 et
3019 3009 3356 3078 potestativa
3385 3015 3572 3080 tyran-

1975 3096 2109 3152 nide
2132 3095 2414 3150 incurvati
2437 3099 2591 3163 sunt,
2610 3099 2666 3150 et
2682 3101 3095 3153 concurrerunt
3118 3103 3347 3168 propter
3363 3099 3574 3156 violen-

1975 3185 2146 3254 tiam;
2168 3183 2376 3240 deinde
2399 3182 2698 3240 confestim
2718 3190 2774 3240 et
2794 3191 2919 3255 post
2941 3185 3260 3256 pauxillum
3299 3188 3574 3258 reproba—

1974 3277 2179 3330 verunt
2209 3288 2334 3343 quze
2363 3274 2430 3329 ad
2479 3273 2580 3330 illo
2612 3280 2956 3344 praesumpta
2986 3280 3120 3333 sunt
3158 3282 3358 3332 contra
3396 3279 3571 3349 lgna-

1977 3363 2125 3418 tium
2153 3362 2579 3418 sanctissimum
2608 3364 3009 3433 patriarcham,
3039 3371 3093 3420 et
3115 3371 3473 3422 recesserunt
3501 3366 3572 3422 ab

1979 3465 2067 3517 eo,
2098 3451 2260 3505 venia
2291 3457 2425 3506 sunt
2453 3451 2653 3520 digni:
2680 3456 2736 3506 et
2766 3453 3009 3506 maxime
3039 3453 3081 3506 ii
3115 3453 3216 3522 qui
3241 3455 3386 3509 mala
3419 3455 3571 3524 passi

1981 3545 2135 3610 sunt,
2153 3545 2210 3594 et
2224 3537 2558 3594 diversasab
2568 3551 2632 3594 eo
2649 3537 3076 3608 tribulationes,
3095 3545 3151 3593 et
3166 3540 3580 3613 depositiones,

1981 3634 2037 3685 et
2051 3627 2362 3696 custodias,
2381 3633 2436 3682 et
2451 3626 2656 3682 exsilia
2677 3626 3032 3697 pertulerunt
3051 3645 3066 3697 ;
3088 3643 3230 3698 quos
3248 3628 3439 3686 beatos
3455 3645 3578 3687 esse

1983 3723 2040 3774 et
2069 3732 2173 3774 nos
2203 3730 2430 3788 quoque
2461 3716 2810 3786 judicamus,
2859 3717 3334 3787 quemadmodum
3365 3723 3420 3774 et
3449 3725 3580 3777 ante

1986 3820 2090 3862 nos
2105 3806 2451 3862 definierunt
2467 3803 3104 3862 NicolausetAdrianus
3121 3806 3472 3862 sanctissimi
3494 3821 3590 3879 pa—

1987 3895 2254 3950 triarcha:
2275 3893 2532 3949 Romani.
2562 3895 2688 3949 Haec
2708 3907 2841 3965 ergo
2858 3908 2962 3950 nos
2981 3900 3036 3949 et
3057 3895 3148 3949 his
3167 3895 3382 3950 similia
3408 3896 3466 3952 in
3492 3913 3588 3968 po-

1989 3989 2202 4040 sterum
2225 3988 2646 4055 cognoscentes,
2670 3996 2864 4038 verum
2885 3988 2940 4038 et
2959 3997 2991 4038 a
3014 3984 3349 4052 primordiis
3370 4000 3589 4058 compe-

1989 4077 2223 4144 rientes,
2257 4087 2439 4143 neque
2479 4071 2743 4128 Photium
2788 4073 3125 4144 recepimus,
3170 4087 3352 4145 neque
3386 4090 3588 4134 manus

1990 4163 2391 4234 impositiones
2408 4161 2535 4231 ejus
2553 4160 2934 4230 admisimus;
2959 4161 3109 4216 nihil
3131 4163 3284 4218 enim
3309 4163 3589 4222 incertum

1992 4254 2203 4310 factum
2232 4255 2318 4307 est
2348 4250 2515 4306 nobis
2543 4254 2701 4306 tanto
2734 4249 2828 4305 hic
2859 4255 3108 4320 tempore
3137 4251 3584 4310 demorantibus.

1991 4345 2117 4399 Haec
2144 4341 2374 4412 quidem
2405 4339 2560 4396 velut
2589 4339 2645 4394 in
2677 4339 3013 4409 compendio
3043 4339 3320 4413 diximus,
3357 4356 3610 4402 causam.

1993 4433 2445 4488 demonstrantes
2463 4442 2572 4499 qua
2590 4427 2772 4484 vocati
2792 4441 3010 4499 sumus,
3026 4433 3080 4482 et
3097 4429 3165 4484 ad
3175 4429 3444 4487 hwsimus
3464 4447 3589 4488 san-

287 4516 436 4572 hanc
463 4530 652 4574 secum
683 4516 872 4573 ferens
903 4516 1427 4574 manifestissimam
1458 4519 1549 4574 sui
1571 4517 1888 4574 damnatio—
1915 4504 1968 4565 D
1995 4520 2257 4576 ctissimo
2289 4517 2627 4589 patriarchze
2659 4517 2896 4588 Ignatio,
2920 4521 2976 4570 et
2998 4530 3354 4588 nequaquam
3379 4535 3592 4589 provo—

287 4618 438 4660 nem.
459 4604 650 4662 Alium
675 4606 868 4677 itaque
889 4619 994 4662 nos
1015 4606 1395 4677 patriarcham
1415 4608 1890 4676 Constantinopo-

289 4691 416 4748 leos
432 4706 608 4764 neque
622 4694 998 4766 cognovimus
1011 4708 1192 4766 neque
1207 4695 1517 4765 recipimus
1534 4695 1890 4766 temporibus

291 4779 449 4848 istis,
467 4787 665 4850 praeter
677 4782 828 4837 hunc
841 4788 1100 4839 sanctum
1113 4783 1321 4854 virum,
1347 4783 1894 4852 patriarchamvide—

287 4869 430 4924 licet
455 4870 762 4940 lgnatium,
788 4883 857 4925 ex
887 4886 1001 4941 quo
1029 4871 1298 4927 thronum
1322 4872 1893 4950 Constantinopoleos

289 4957 474 5030 gratia
493 4958 593 5013 Dei
612 4964 668 5012 et
683 4959 956 5015 electione
981 4959 1366 5016 ecclesiastica
1394 4961 1598 5032 tenuit,
1630 4963 1781 5018 hunc
1803 4963 1896 5018 ha-

287 5045 524 5103 buimus
535 5051 823 5116 receptum
839 5048 897 5104 in
911 5049 1144 5106 sedibus
1155 5049 1386 5106 nostris:
1402 5051 1517 5106 etsi
1530 5051 1894 5107 advenientes

291 5136 406 5192 huc
423 5151 532 5192 non
553 5137 972 5194 invenissemus
987 5152 1114 5194 eum
1131 5139 1189 5194 in
1204 5139 1554 5209 patriarchio
1570 5156 1695 5210 suo,
1715 5143 1809 5197 sed
1832 5142 1892 5197 in

291 5225 484 5282 insula
500 5225 697 5281 exsilii
711 5226 827 5296 sui,
845 5227 1024 5282 alium
1039 5242 1152 5284 non
1164 5228 1604 5300 susciperemus,
1624 5231 1718 5286 sed
1741 5231 1893 5286 hunc

288 5315 552 5370 eumdem
574 5314 994 5385 appellaremus
1013 5316 1398 5387 patriarcham
1425 5318 1896 5390 Constantinopo-

361 5458 880 5535 '__Archiepisct)pos.
921 5461 1075 5535 Licet
1103 5463 1385 5535 vocaverit
1409 5463 1889 5535 archiepiscopos,

293 5527 495 5604 nullus
511 5527 701 5585 tamen
717 5527 948 5604 excepto
967 5533 1286 5604 Ravennate
1305 5534 1376 5589 ob
1395 5527 1669 5604 temporis
1686 5527 1896 5592 inc'oml

294 5599 632 5676 moditatem
663 5599 952 5676 occurrit.
971 5605 1174 5676 Verum
1208 5603 1308 5659 ille
1335 5619 1463 5676 cum
1493 5599 1811 5676 aliquantis
1839 5613 1896 5664 et

293 5671 570 5729 Photium
601 5673 835 5745 repulit,
859 5679 916 5732 et
931 5675 1218 5746 Ignatium
1248 5671 1630 5747 patriarcham
1659 5678 1895 5738 admisit

1997 4609 2253 4665 cavimus
2269 4607 2532 4663 Photium
2553 4605 2620 4660 ad
2641 4619 2873 4660 examen
2891 4605 2974 4660 vel
2997 4605 3585 4675 iteratumjudicium.

1997 4697 2220 4753 Etenim
2237 4701 2292 4751 et
2311 4697 2432 4766 ipse
2447 4695 2685 4755 P_hotius
2703 4694 2863 4750 misit
2880 4707 2978 4764 per
2995 4696 3291 4765 quemdam
3313 4696 3594 4766 imperia-

2000 4785 2470 4857 lisdignitatisad
2485 4783 2913 4840 sanctissimum
2932 4783 3350 4854 metropolitam
3367 4787 3520 4858 Tyri,
3543 4789 3595 4844 si

2002 4879 2147 4935 forte
2175 4874 2486 4944 aliquando
2518 4873 2792 4943 receperit
2816 4887 2876 4928 se
2904 4873 2961 4928 in
2997 4873 3203 4930 throno
3232 4872 3590 4934 Antiochiae:

1989 4973 2058 5028 ,et
2088 4962 2383 5021 confessus
2423 4967 2529 5031 est,
2568 4966 2624 5018 et
2665 4976 2772 5018 non
2816 4962 3058 5032 negavit,
3093 4967 3149 5018 et
3177 4963 3473 5022 confessus
3512 4973 3598 5024 est

2003 5055 2140 5128 quia
2168 5065 2458 5123 nunquam
2483 5051 2840 5120 suscepimus
2863 5051 3126 5107 Photium
3161 5052 3218 5107 in
3252 5053 3458 5112 throno
3487 5056 3598 5113 An-

2003 5143 2252 5200 tiochiae.
2295 5144 2489 5212 Itaque
2527 5153 2709 5210 neque
2740 5139 2799 5194 in
2831 5139 3045 5195 seniori
3078 5141 3270 5213 Roma,
3314 5157 3497 5215 neque
3535 5145 3594 5201 in

2004 5233 2211 5290 throno
2223 5230 2762 5300 Hierosolymorum,
2781 5241 2962 5300 neque
2977 5228 3036 5284 in
3049 5230 3256 5286 throno
3272 5230 3595 5290 Antiochia:

2004 5325 2305 5392 susceptus
2333 5318 2590 5388 Photius,
2626 5318 2910 5390 quomodo
2937 5325 3104 5390 putas
3132 5325 3280 5376 esset
3307 5323 3458 5392 apud
3493 5337 3597 5379 nos

2044 5463 2310 5536 rivilegio
2330 5463 2558 5536 scilicet
2573 5463 3075 5536 sedisapostolicaa
3096 5463 3300 5536 fretus,
3321 5479 3446 5534 quae
3475 5465 3597 5521 sola

2044 5481 2310 5536 rIvuegIo
2330 5481 2553 5520 SCIIICBI.
2573 5481 2728 5520 senis
2746 5481 3075 5534 apostouca:
3096 5481 3294 5534 Iretus,
3321 5481 3446 5534 quae
3475 5481 3597 5521 sala

1999 5481 2097 5609 rus
2113 5536 2280 5592 habet
2301 5535 2694 5609 quorumlibet
2707 5535 3011 5609 ligamenta
3028 5535 3112 5589 vel
3132 5535 3449 5609 solutiones
3466 5549 3600 5609 pou:-

2004 5552 2097 5609 lllS
2115 5552 2280 5592 ηἱὶυθι
2340 5552 2689 5592 llOl‘llHlllDel.
2707 5552 3011 5607 ligamenta
3028 5552 3112 5589 νει
3132 5552 3449 5590 δοιιιιιοιιθδ
3466 5552 3596 5604 νοη-

2004 5609 2224 5688 tificum
2255 5552 2509 5688 savendi
2541 5606 2624 5688 vel
2659 5607 2916 5688 ligandi“;
2939 5619 3074 5688 cum
3115 5606 3314 5675 utique
3341 5604 3411 5662 de
3439 5606 3596 5664 omni

2004 5679 2244 5738 ecclesia
2265 5678 2350 5735 fas
2371 5678 2573 5735 habeat
2591 5677 2911 5748 judi’candi.
2937 5677 3090 5732 Ευιτ.
3117 5689 3238 5730 me.
