4052 6168
451 299 518 357 47
1619 299 1975 358 ANASTASII
2027 299 2566 357 BIBLIOTHECARII

3688 299 3758 357 48

448 425 788 480 retractione
815 440 837 467 ε
860 424 1073 493 judicii
1113 424 1326 496 dignus
1356 424 1384 480 ‘?
1413 426 1539 482 Hac
1570 439 1722 482 nunc
1765 427 2036 498 dicimus,
2069 425 2118 483 Α
2149 429 2433 481 transacta
2447 425 3210 497 csthora,hujusreigratia,
3233 425 3292 480 in
3310 424 3429 479 alio
3448 429 3749 496 conventu,

446 512 792 569 suﬁicienter
811 513 1056 568 valentia
1078 513 1346 569 exhibere
1372 515 1719 570 voluntatem
1740 521 1795 570 et
1817 528 2042 584 respon-

444 602 660 658 sionem
703 606 952 658 nostram
984 616 1156 672 super
1185 601 1398 672 quibus
1439 603 1774 674 interrogati
1817 617 2034 659 sumus.

441 691 992 762 Magniﬁcentissimi
1023 696 1078 746 et
1109 691 1515 762 glosiosissimi
1565 692 1857 762 principes
1885 693 2042 748 dixe-

439 783 606 836 runt:
627 781 766 835 Ecce
787 779 1189 836 contritionem
1213 784 1463 836 nostram
1487 781 1736 836 sanastis
1756 783 1928 851 atque
1945 795 2040 836 cu-

437 871 631 938 rastis,
652 877 708 927 et
723 885 918 928 omnes
938 871 1276 928 conﬁtemur
1291 885 1324 927 a
1340 873 1454 928 Deo
1464 872 1755 942 judicium
1775 877 2036 928 sanctum

435 965 760 1017 sanctarum
779 961 956 1016 trium
980 961 1230 1017 sedium:
1257 961 1359 1016 Ubi
1377 963 1520 1015 enim
1541 967 1669 1016 sunt
1690 963 1798 1016 duo
1819 963 1905 1016 vel
1925 968 2032 1018 tres

436 1052 746 1118 congregati
777 1051 838 1104 in
868 1052 1080 1104 nomine
1123 1066 1257 1113 meo,
1288 1049 1553 1105 Christus
1583 1050 1686 1113 ait,
1720 1051 1798 1104 ibi
1827 1067 1947 1105 sum
1977 1053 2037 1106 in

331 1200 351 1218 O
432 1139 607 1194 medio
623 1155 805 1194 eorum
821 1136 1200 1212 (Math.xv1n).
1229 1139 1592 1194 Sanctissimi
1617 1139 1820 1195 vicarii
1855 1141 2040 1197 senio-

436 1227 521 1284 ris
548 1228 738 1284 Roma
759 1228 1068 1284 dixerunt:
1097 1231 1180 1284 Ita
1215 1228 1393 1284 moris
1418 1234 1504 1284 est
1529 1234 1739 1284 sancta
1771 1229 2036 1286 Romana

432 1317 685 1373 ecclesia
714 1318 1047 1373 canonicam
1079 1317 1444 1389 diligentiam
1478 1317 1894 1389 possidendi,et
1915 1333 2037 1388 pro-

433 1410 558 1475 pter
571 1405 1023 1462 ecclesiasticum
1042 1405 1302 1461 ordinem
1319 1420 1471 1476 eum,
1487 1406 1588 1478 qui
1611 1421 1708 1477 per
1729 1403 2033 1462 fenestram

435 1493 728 1566 ingressus
765 1499 852 1550 est
891 1494 951 1549 in
981 1495 1176 1550 caulas
1223 1494 1436 1568 ovium,
1491 1498 1554 1551 ut
1593 1495 1792 1566 lupum
1838 1509 2036 1566 perse—

433 1583 644 1652 quendi
665 1600 680 1652 ;
704 1588 760 1638 et
781 1583 988 1654 gaudet
1009 1588 1201 1639 sancta
1225 1583 1342 1638 hac
1367 1584 1621 1654 synodus
1641 1585 1711 1639 de
1731 1590 1914 1640 vestra
1939 1585 2036 1640 ho-

433 1671 680 1727 norabili
697 1671 1082 1741 responsione.
1100 1671 1282 1726 Etiam
1297 1671 1467 1727 hodie
1478 1671 1720 1728 auribus
1733 1673 2034 1728 nostrisin—

2149 517 2262 570 Deo
2283 513 2521 585 favente,
2545 511 2820 570 faciemus
2838 515 2988 584 quod
3011 513 3300 568 debemus.
3326 513 3392 566 Et
3411 526 3651 584 surgens
3669 527 3754 568 sa-

2148 618 2243 659 cer
2262 608 2494 658 senatus
2512 603 2662 658 dixit
2687 619 2699 655 :
2730 602 3065 657 Benedictus
3087 602 3254 661 Deus.
3281 600 3416 670 quia
3437 601 3752 656 meruimus

2148 693 2340 748 videre
2363 695 2614 747 sanctam
2644 690 2796 745 diem
2827 691 3014 761 istam,
3039 695 3095 745 et
3118 689 3510 746 honorabilem
3541 695 3748 746 catum

2150 785 2434 836 nostrum:
2453 793 2582 834 ecce
2595 778 2712 834 hac
2724 778 2916 834 omnia
2929 779 3138 834 secund
3149 792 3240 834 um
3257 779 3534 834 rationem
3548 775 3754 833 verita-

2146 868 2226 924 tis
2245 868 2546 923 terminata
2565 872 2717 924 sunt.
2733 867 2948 924 Deinde
2967 872 3125 924 stans
3139 867 3198 922 in
3222 867 3408 923 medio
3427 867 3750 936 Stephanus

2146 959 2260 1014 Deo
2287 958 2680 1014 amicissimus
2699 957 2981 1013 diaconus
3001 961 3209 1012 sancta
3227 955 3752 1026 Constantinopoli-

2146 1051 2411 1104 tanorum
2439 1047 2705 1103 Ecclesia
2729 1053 2784 1102 et
2807 1047 3047 1103 devotus
3087 1045 3352 1103 notarius
3380 1046 3604 1102 laudem
3633 1046 3752 1102 hu-

2141 1137 2458 1206 juscemodi
2493 1153 2506 1190 :
2533 1137 2742 1193 Multos
2775 1149 2956 1192 annos
2990 1135 3397 1206 imperatorum
3423 1134 3436 1188 i
3462 1135 3660 1190 Basilii
3691 1138 3750 1190 et

2143 1225 2504 1282 Constantini
2537 1239 2869 1298 magnorum
2907 1224 3232 1295 principum
3260 1229 3316 1280 et
3338 1225 3746 1294 imperatorum

2147 1315 2357 1372 multos
2375 1328 2556 1370 annos
2581 1314 2592 1368 ι
2617 1314 3076 1370 Orthodoxorum
3101 1313 3510 1384 imperatorum
3535 1313 3747 1370 multos

2143 1418 2324 1460 annos
2340 1403 2351 1458 ι
2367 1404 2764 1474 Depositorum
2783 1403 3088 1473 injustitia
3105 1403 3508 1458 multosannos
3525 1401 3538 1456 i
3556 1401 3748 1457 Paciﬁ-

2143 1507 2340 1550 corum
2361 1493 2766 1564 imperatorum
2789 1493 3003 1549 multos
3019 1506 3200 1548 annos
3216 1491 3228 1546 !
3249 1491 3509 1548 Hostium
3526 1491 3750 1547 menda-

2142 1582 2222 1638 cii
2237 1583 2448 1638 multos
2459 1581 2665 1638 annos!
2685 1581 3016 1638 Amatorum
3029 1587 3084 1636 et
3096 1579 3383 1637 fautorum
3408 1579 3670 1635 veritatis
3691 1583 3747 1635 et

2137 1671 2384 1741 justitia
2406 1671 2619 1728 multos
2641 1671 2852 1727 annos!
2877 1670 3148 1726 Eudoxia
3176 1669 3450 1739 piissima
3474 1667 3746 1741 Augusta

430 1758 684 1815 duxistis
699 1764 756 1814 et
771 1759 1109 1816 ostendistis
1131 1773 1316 1816 veram
1351 1759 1516 1815 ﬁdem
1541 1779 1555 1830 ;
1585 1761 1734 1831 quod
1757 1761 1909 1816 enim
1933 1774 2032 1816 ore
2059 1747 2112 1808 Β
2143 1759 2572 1818 multosannos!
2591 1761 2638 1814 N
2645 1759 2813 1816 icolai
2828 1759 3148 1814 beatissimi
3165 1773 3320 1828 papa
3333 1756 3573 1813 Romani
3590 1761 3748 1812 ater-

431 1847 652 1920 dicitis,
685 1863 852 1918 opere
888 1849 1232 1906 desideratis
1265 1849 1448 1904 ﬁnire.
1487 1848 1740 1905 Bahanes
1772 1849 2032 1906 famosis-

437 1935 620 1992 simus
641 1937 922 2007 patricius
941 1942 996 1993 et
1022 1937 1363 2008 prapositus
1383 1937 1566 1993 dixit:
1599 1937 1776 1994 Habet
1803 1938 2026 2009 aliquid

435 2029 619 2080 vestra
640 2025 914 2082 sanctitas
936 2027 1124 2093 hodie,
1146 2027 1492 2096 utdisponat
1507 2025 1662 2082 ?Deo
1685 2027 2028 2082 amicissimi

431 2112 634 2168 vicarii
649 2119 855 2170 sancta
876 2117 1138 2170 Romana
1155 2115 1420 2170 Ecclesia:
1435 2114 1733 2172 dixerunt:
1753 2115 1957 2171 Vellem
1967 2131 2034 2172 us

432 2201 700 2258 ordinare
726 2203 798 2259 de
842 2202 1056 2274 libello,
1099 2209 1376 2274 quantum
1413 2217 1724 2275 possemus,
1766 2205 1862 2260 sed
1894 2204 2033 2276 quia

501 2310 525 2338 ⁸
552 2301 716 2356 Forte
741 2298 1156 2358 retractatione:

2141 1864 2214 1906 na
2240 1849 2537 1906 memorial
2555 1848 2795 1904 Adriani
2823 1849 3128 1906 orthodoxi
3161 1861 3314 1918 papa
3340 1846 3576 1902 Romani
3605 1845 3748 1902 mul-

2138 1943 2307 1994 tosan
2317 1951 2418 1994 nos
2432 1937 2444 1991 Ι
2462 1938 2667 2010 Ignatii
2681 1937 2985 1994 orthodoxi
3002 1937 3339 2006 patriarcha
3349 1935 3746 1992 Constantino—

2142 2027 2332 2098 poleos
2348 2027 2748 2083 multosannos
2769 2026 2780 2080 Ξ
2801 2025 3015 2082 Orthod
3026 2039 3264 2082 oxorum
3285 2023 3741 2094 patriarcharum

2140 2117 2396 2172 Orientis
2410 2117 2618 2173 multos
2631 2130 2810 2172 annos
2825 2116 2836 2170 Ξ
2851 2115 3167 2172 Orthodoxi
3181 2119 3414 2171 senatus
3430 2113 3744 2170 multosan-

2143 2218 2247 2260 nos
2267 2204 2279 2258 Ξ
2302 2209 2509 2260 sancta
2527 2209 2584 2260 et
2605 2203 2952 2260 universalis
2971 2203 3174 2274 synodi
3196 2207 3406 2259 aterna
3429 2200 3699 2258 memoria
3723 2198 3736 2253 l

1710 2537 1965 2608 ACTIO
2041 2535 2423 2606 SECUNDA
2441 2584 2461 2606 .

502 2763 563 2822 In
591 2764 821 2822 nomine
855 2763 1084 2822 Domini
1110 2771 1166 2824 et
1188 2767 1570 2825 dominatoris
1602 2768 1858 2824 omnium
1890 2769 2023 2824 Jesu

429 2853 645 2910 Christi
687 2867 813 2911 vere
848 2855 950 2910 Dei
989 2859 1046 2910 et
1082 2856 1394 2914 Salvatoris
1434 2858 1635 2913 nostri.
1681 2857 2028 2915 Consulatus

433 2947 816 3013 protectorum
853 2948 910 3000 et
948 2945 1565 3016 tranquillissimorum
1617 2947 2024 3016 imperatorum

431 3035 754 3087 nostrorum
774 3032 1162 3100 dominorum,
1184 3033 1384 3090 Basilii
1409 3035 1638 3106 quidem
1659 3048 1808 3091 anno
1831 3035 2022 3094 tertio.

425 3119 788 3176 Constantini
823 3126 1012 3178 autem
1041 3121 1146 3178 ﬁlli
1171 3124 1298 3192 ejus
1322 3137 1472 3179 anno
1507 3124 1777 3195 secundo,
1821 3137 2028 3194 perpe—

429 3212 660 3264 tuorum
684 3208 1097 3282 Augustorum,
1119 3211 1436 3268 indictione
1454 3213 1644 3285 tertia,
1667 3213 1848 3269 Nonis
1866 3213 2028 3269 Octo-

424 3295 570 3369 bris,
599 3299 922 3368 prapositis
949 3299 1216 3370 pretiosis
1235 3305 1291 3356 et
1312 3301 1558 3358 viviﬁcis
1583 3301 1763 3374 lignis
1780 3315 1846 3358 ac
1869 3303 2026 3357 inte—

424 3386 658 3442 meratis
682 3392 738 3443 et
780 3389 995 3444 sanctis
1027 3389 1370 3462 Evangeliis,
1417 3391 1787 3446 conveniente
1829 3395 2019 3446 autem

421 3479 614 3530 sancta
635 3479 692 3530 et
714 3476 1022 3532 universali
1056 3477 1290 3547 synodo,
1314 3479 1530 3533 Donato
1547 3479 1662 3534 Deo
1681 3477 2023 3532 amantissi-

421 3576 512 3619 mo
537 3563 804 3633 episcolio
841 3563 1112 3620 Ostiensi:
1142 3570 1199 3620 et
1221 3564 1507 3633 Stephano
1527 3567 1639 3620 Deo
1665 3565 2019 3621 amicissimo

419 3651 688 3722 episcopo
728 3652 1031 3722 Nepesino,
1073 3657 1246 3722 atque
1282 3652 1504 3708 Marino
1544 3653 2020 3710 reverendissimo

419 3739 664 3796 diacono
689 3747 897 3795 sancta
919 3741 1180 3796 Romana
1196 3741 1480 3812 Ecclesia,
1506 3741 1692 3798 locum
1716 3743 2026 3798 obtinenti“

417 3827 530 3882 bus
563 3827 915 3883 sanctissimi
957 3827 1198 3884 Adriani
1245 3841 1400 3898 papa
1433 3830 1692 3900 Romani,
1719 3837 1776 3886 et
1799 3831 2021 3903 Ignatio

419 3915 784 3972 sanctissimo
803 3915 1124 3986 patriarcha
1138 3917 1726 3990 Constantinopoleos,
1742 3926 1798 3974 et
1809 3919 2022 3976 Thoma

421 4003 784 4059 sanctissimo
802 4004 1160 4074 metropolita
1177 4005 1331 4076 Tyri,
1353 4006 1537 4063 locum
1557 4007 1849 4064 obtinente
1865 4007 2022 4063 sedis

417 4090 758 4164 Antiochia,
783 4105 847 4148 ac
868 4093 1025 4150 Helia
1045 4095 1159 4150 Deo
1183 4095 1590 4153 colendissimo
1617 4097 1944 4168 presbytero
1963 4099 2020 4151 et

421 4179 672 4250 syncello
703 4181 890 4238 locum
915 4181 1208 4239 obtinente
1232 4184 1424 4240 throni
1451 4185 1969 4256 Hierosolymorum
1998 4202 2012 4238 :

2139 2767 2614 2840 gniﬁcentissimo
2640 2767 2980 2839 proconsule
3007 2780 3072 2823 ac
3099 2767 3364 2838 patricio,
3387 2767 3600 2823 Joanne
3625 2779 3738 2822 ma-

2137 2857 2613 2929 gniﬁcentissimo
2644 2857 2888 2926 patricio
2917 2861 2974 2912 et
2999 2856 3286 2930 logotheta
3326 2857 3498 2913 okeos
3523 2855 3732 2925 dromi,

2139 2947 2317 3002 Leone
2337 2945 2901 3018 magniﬁcentissimo
2920 2945 3164 3016 patricio
3175 2949 3232 3002 et
3249 2945 3564 3002 domestico
3574 2958 3739 3001 excu-

2137 3033 2409 3102 bitorum,
2437 3033 2613 3090 Paulo
2644 3033 3214 3106 magniﬁcentissimo
3251 3033 3494 3102 patricio
3519 3037 3576 3088 et
3602 3045 3738 3102 pra-

2138 3121 2281 3179 fecto
2308 3123 2725 3192 pratoriorum,
2755 3122 3010 3180 Manuele
3033 3119 3602 3194 magniﬁcentissimo
3630 3133 3738 3190 pa—

2135 3211 2326 3280 tricio,
2341 3211 2759 3282 Theophylacto
2779 3209 3348 3283 magniﬁcentissimo
3363 3209 3626 3280 patricio,
3645 3209 3737 3264 Pe-

2133 3304 2356 3356 tronate
2368 3299 2937 3372 magniﬁcentissimo
2953 3299 3217 3369 patricio,
3232 3301 3466 3355 Horeste
3480 3295 3734 3352 laudabi-

2133 3388 2368 3444 lissimo
2400 3387 2861 3458 protosphatario
2892 3392 2949 3442 et
2981 3386 3296 3441 domestico
3324 3390 3691 3456 ycanatorum
3718 3401 3732 3437 :

2131 3475 2693 3548 atquesanctissimis
2704 3474 3006 3544 episcopis,
3020 3472 3614 3542 videlicetNicephoro
3626 3474 3734 3528 Deo

2131 3563 2485 3620 amicissimo
2503 3562 2860 3631 metr0polita
2878 3560 3140 3632 Amasia,
3158 3561 3370 3616 Joanne
3382 3562 3496 3618 Deo
3509 3561 3737 3618 amicis-

2133 3653 2280 3708 simo
2308 3650 2666 3720 metropolita
2681 3650 2868 3720 Sylai,
2892 3649 3086 3705 Niceta
3107 3651 3222 3705 Deo
3241 3649 3599 3706 amicissimo
3628 3663 3736 3706 me-

2132 3741 2404 3810 tr0polita
2419 3739 2788 3806 Athenarum,
2809 3738 3170 3808 Metrophane
3187 3739 3303 3795 Deo
3321 3738 3734 3796 amicissmimo

2135 3827 2492 3898 metropolita
2517 3827 2786 3898 Smyrna,
2807 3827 3082 3883 Michaele
3104 3828 3220 3884 Deo
3245 3827 3598 3884 amicissimo
3625 3841 3734 3882 me-

2133 3915 2406 3986 tropolita
2434 3915 2642 3982 Rhodi,
2669 3915 2915 3988 Georgio
2939 3916 3053 3971 Deo
3077 3915 3432 3971 amicissimo
3463 3915 3732 3986 episcopo

2131 4005 2227 4060 Hel
2237 4005 2505 4074 iopoleos,
2523 4005 2686 4060 Petro
2698 4005 2812 4059 Deo
2823 4003 3178 4060 amicissimo
3192 4003 3646 4074 episcopoTroad
3657 4003 3726 4073 is,

2131 4093 2326 4149 Niceta
2337 4094 2450 4148 Deo
2463 4093 2817 4149 amicissimo
2832 4092 3734 4163 episcOpoCephaludii,Athana-

2131 4183 2220 4239 sio
2245 4183 2358 4238 Deo
2381 4181 2736 4238 amicissimo
2769 4181 3037 4252 episcOpo
3071 4181 3380 4253 Magnesio,
3409 4181 3728 4252 Nicephoro

421 4273 697 4338 prasente
721 4284 948 4341 quoque
981 4285 1144 4328 sacro
1170 4277 1392 4345 senatu,
1425 4273 1693 4330 videlicet
1721 4274 2016 4330 Theodoro
2051 4263 2105 4326 D
2128 4273 2242 4328 Deo
2258 4271 2613 4328 amicissimo
2627 4271 3183 4342 episc0poCotrona,
3200 4270 3449 4328 Antonio
3465 4272 3579 4326 Deo
3593 4270 3732 4326 ami-

423 4357 990 4429 magniﬁcentissimo
1018 4361 1356 4430 proconsule
1379 4375 1445 4416 ac
1473 4361 1765 4433 magistro,
1794 4362 2019 4418 Bahane

421 4445 992 4518 magniﬁcentissimo
1029 4449 1272 4518 patricio
1307 4453 1362 4505 et
1398 4449 1721 4521 praposito,
1759 4451 2020 4507 Hemerio

422 4533 991 4604 magniﬁcentissimo
1004 4536 1340 4605 proconsule
1350 4549 1416 4592 ac
1429 4536 1692 4608 patricio,
1705 4536 2022 4608 Theophilo

424 4621 992 4692 magniﬁcentissimo
1011 4624 1348 4694 proconsule
1359 4637 1424 4680 ac
1438 4625 1701 4697 patricio,
1721 4627 1898 4682 Leone
1912 4641 2022 4683 ma-

491 4745 514 4773 ι
539 4736 749 4790 Paulus
775 4740 883 4812 Deo
912 4740 1299 4812 amicissimus,
1333 4739 1546 4795 Paulus
1576 4739 1683 4796 iste
1726 4741 2022 4812 archiepi—

425 4819 634 4876 scopus
653 4809 944 4884 quondam
961 4809 1079 4884 fuit
1091 4823 1122 4865 a
1141 4809 1344 4884 Photio
1363 4817 1748 4884 consecratus,
1769 4813 1864 4869 sed
1883 4809 2022 4884 quia

421 4890 552 4932 cum
577 4878 818 4944 cateris,
848 4881 1000 4953 quia
1027 4881 1223 4937 Photio
1245 4878 1882 4953 manusimpositionem
1901 4878 2028 4940 sus-

422 4961 640 5022 cepere,
662 4951 974 5007 secundum
996 4953 1333 5008 sententiam
1351 4967 1503 5022 papa
1524 4951 1743 5010 Nicolai
1767 4955 2026 5010 condem-

425 5023 597 5094 natus
617 5027 721 5094 est,
743 5027 799 5094 et
820 5023 1090 5094 quoniam
1113 5023 1162 5078 is
1182 5029 1302 5079 erat
1325 5023 1493 5079 utilis
1514 5039 1614 5094 pro
1631 5024 2022 5080 consolatione

423 5089 812 5166 damnationis
838 5089 920 5149 'ab
946 5095 1184 5166 gIgnatio
1233 5089 1554 5166 patriarcha
1608 5094 2020 5166 cbartophylax

423 5159 656 5234 effectus
700 5169 820 5220 est:
848 5159 1155 5234 scripserat
1182 5159 1333 5220 enim
1364 5169 1419 5219 et
1460 5178 1598 5233 papa
1639 5159 1924 5219 Romanus
1959 5169 2022 5220 ut

421 5231 535 5308 alia
557 5231 1003 5308 i_llum,gexcepto
1015 5235 1351 5308 sacerdotio,
1373 5231 1811 5305 quantacunque
1832 5235 2017 5308 vellet,

421 5302 704 5376 dignitate
731 5302 1131 5362 ditaret.En1r.
1168 5306 1307 5359 Rom.

515 5389 544 5432 b
570 5376 1425 5448 Chartaphylaa.‘Interpretatur
1439 5374 1765 5448 chartarum
1802 5381 2014 5448 custos.

421 5445 712 5530 Fungitur
725 5444 912 5528 autem
925 5444 1110 5502 oﬁicio
1131 5444 1539 5570 chartoghylax
1555 5447 1704 5530 apud
1723 5447 2017 5504 ecclesiam

421 5515 1128 5570 Constantinonolltanam.
1144 5531 1258 5570 auo
1271 5515 1326 5570 bl
1374 5515 1902 5570 hothecanusanud
1919 5519 2017 5570 Ro-

419 5515 2021 5602 99nétanti9929'itaaaazaeohipliathecériasapudRe

423 5599 644 5660 manos,
678 5585 917 5644 indutus
953 5585 1221 5644 videlicet
1255 5585 1460 5643 infulis
1497 5585 2016 5647 ecclesiasticorum

2131 4361 2365 4417 cissimo
2393 4361 2660 4431 episcopo
2692 4359 2888 4431 Alisii,
2922 4359 3194 4416 Michaele
3224 4361 3338 4416 Deo
3375 4359 3728 4416 amicissimo

2131 4450 2396 4520 episcopo
2419 4448 2778 4504 Cercirorum
2802 4467 2815 4502 :
2840 4449 2934 4504 his
2955 4449 3034 4504 ita
3055 4447 3546 4519 convenientibus,
3570 4448 3731 4504 stetit
3822 4455 3842 4464 ’

2133 4539 2194 4594 in
2231 4539 2467 4609 medio,-
2500 4537 2714 4594 Paulus
2741 4537 2854 4593 Deo
2889 4537 3280 4592 amicissimus
3308 4533 3336 4577 δ
3356 4535 3725 4608 charphylax,

2132 4633 2187 4683 et
2214 4627 2366 4684 dixit
2393 4643 2405 4680 :
2434 4625 2548 4695 Ipsi
2577 4625 2677 4696 qui
2725 4624 3054 4680 ceciderunt
3085 4624 3194 4680 sub
3217 4623 3420 4680 Photio
3453 4629 3729 4681 venerunt

2133 4743 2552 4812 ministrorum,
2575 4745 2631 4795 et
2655 4753 2836 4812 agens
2850 4738 3236 4812 ecclesiastica
3256 4742 3460 4812 cuncta
3494 4753 3729 4812 prorsus

2134 4813 2430 4883 obsequia,
2479 4810 2755 4883 exceptis
2777 4811 2900 4867 illis
2927 4811 3071 4883 solis
3099 4824 3238 4883 qua,
3265 4811 3335 4866 ad
3383 4810 3729 4883 sacerdotale

2135 4879 2463 4954 specialiter
2482 4896 2546 4938 ac
2569 4879 2801 4954 proprie
2815 4881 3100 4954 pertinere
3118 4879 3437 4954 probantur
3455 4879 3726 4954 oﬁicium.

2132 4953 2190 5012 Si
2202 4969 2266 5010 ne
2291 4953 2392 5008 illo
2417 4959 2682 5022 praterea
2707 4953 2904 5008 nullus
2931 4953 3236 5022 prasulum
3261 4957 3362 5008 aut
3385 4953 3728 5008 clericorum

2131 5040 2162 5082 a
2178 5024 2321 5082 foris
2336 5023 2568 5078 veniens
2583 5023 2640 5078 in
2655 5027 3017 5090 conspectum
3038 5023 3376 5092 patriarcha
3394 5023 3730 5079 intromitti-

2132 5103 2253 5178 ιιιιςἱ
2265 5167 2276 5178 _
2296 5093 2493 5175 nullus
2521 5093 2942 5178 ecclesiastico.
2967 5095 3272 5178 conventui
3329 5099 3724 5178 prasentatur,

2133 5163 2356 5224 nullius
2391 5163 2632 5233 epistola
2675 5163 3013 5234 patriarcha
3057 5164 3568 5234 missa-recipitur,
3609 5163 3726 5220 nisi

2134 5206 3247 5303 F0112;azatéa‘g'gamazaa‘avim;
3269 5206 3568 5291 ἠνᾶῑινιὶἑὶὶί
3589 5206 3728 5305 si};

2132 5309 2380 5366 sulatum
2409 5305 2492 5360 vel
2537 5305 2778 5362 alterius
2820 5307 3044 5363 ordinis
3089 5305 3442 5376 clericatum,
3488 5306 3608 5362 sive
3652 5305 3721 5361 ad

2171 5377 2563 5450 raposituram
2593 5377 3065 5450 monasteriorum
3093 5376 3443 5450 provehitur,
3463 5377 3586 5450 nisi
3611 5377 3726 5450 iste

2174 5445 2284 5508 unc
2325 5445 2599 5518 approbet
2621 5452 2678 5502 et
2719 5445 3107 5518 commendet,
3135 5452 3306 5518 atque
3345 5445 3563 5504 de’illo
3608 5446 3722 5518 ipsi

2131 5517 2467 5593 patriarcha
2489 5524 2773 5593 suggerat,
2801 5525 2856 5576 et
2881 5520 3004 5590 ipse
3023 5517 3339 5589 prasentet.
