4024 6170
325 297 388 354 49
1005 291 1548 349 INTERPRETATIO
1586 291 1835 349 SYNODI
1871 293 1992 349 VIII
2028 293 2431 351 GENERALIS.
2461 325 2535 335 —
2561 294 2763 353 ACTIO
2800 298 2866 352 II.
3526 299 3598 357 50

319 436 433 479 cum
472 419 656 476 libells
704 417 841 490 quid
894 417 1123 473 videtur
1166 416 1376 472 vobis?
1416 420 1689 487 expetunt
1736 418 1890 472 enim
1917 421 1974 478 A
2000 423 2056 474 et
2079 419 2265 488 ipsius
2284 419 2668 475 comministri
2701 421 2842 507 estis
2861 421 3065 491 effecti,
3094 424 3229 494 quia
3254 426 3603 497 incompara-

322 509 524 582 ingredi
573 513 824 563 sanctam
873 504 1017 563 hanc
1064 511 1121 561 et
1164 506 1542 561 universalem
1588 507 1881 577 synodum.

320 598 653 657 Sanctissimi
698 596 901 651 vicarii
949 595 1196 652 senioris
1222 596 1408 650 Romae
1452 600 1508 650 et
1530 595 1804 665 Orientis,
1835 601 1892 651 et

320 689 485 745 omnis
510 691 702 742 sancta
746 686 999 755 synodus
1021 684 1209 739 dixit:
1242 675 1663 755 In'gredia'ntur.
1702 686 1769 739 Et
1808 684 1891 739 in-

315 776 475 850 gressi
498 781 629 831 sunt
652 774 909 845 praedicti
933 772 1207 843 episcopi,
1248 770 1607 842 praeferentes
1628 772 1886 828 libellum

315 868 365 921 in
390 864 645 920 manibus
657 863 802 932 suis,
818 868 874 918 et
900 863 1202 918 adorantes
1223 862 1513 932 proposita
1554 862 1887 917 intemerata

305 954 511 1025 judicia
536 953 907 1022 prociderunt
928 954 1136 1007 sanctae
1177 950 1408 1021 synodo.
1433 949 1887 1005 Sanctissimivi-

297 1043 437 1105 carii
463 1041 710 1097 senioris
738 1042 925 1096 Romae
966 1040 1276 1095 dixerunt:
1317 1038 1426 1106 Qui
1461 1038 1602 1094 estis
1638 1052 1737 1093 vos
1781 1037 1882 1108 qui

308 1131 551 1187 intrastis
596 1129 707 1185 huc
737 1128 1011 1199 episcopi,
1039 1133 1096 1183 et
1120 1142 1151 1183 a
1198 1142 1310 1198 quo
1352 1127 1665 1183 consecrati
1698 1126 1887 1181 estis?

303 1220 612 1275 Theodorus
625 1216 1364 1287 metropolitaCariazdixit:
1381 1217 1425 1271 A
1444 1216 1677 1271 domino
1690 1221 1882 1271 nostro

306 1308 651 1363 sanctissimo
674 1306 997 1376 patriarcha
1018 1305 1238 1377 Ignatio
1254 1310 1311 1359 et
1331 1304 1662 1361 beatissimo
1677 1305 1884 1360 Metho-

302 1396 405 1452 dio.
419 1395 779 1451 Sanctissimi
803 1394 1004 1449 vicarii
1020 1393 1268 1449 senioris
1289 1394 1476 1449 Roma:
1495 1393 1795 1449 dixerunt:
1814 1395 1880 1448 Et

301 1490 425 1555 quot
442 1483 620 1539 estis?
639 1482 969 1539 Theodorus
982 1476 1490 1537 reverendissimus
1520 1482 1878 1551 metropolita

296 1573 457 1627 Cariae
479 1571 640 1627 dixit
661 1589 674 1624 :
693 1573 1001 1626 Numerum
1016 1571 1318 1626 nescimus.
1344 1570 1879 1625 Sanctissimivica—

299 1661 367 1715 rii
408 1661 653 1715 senioris
681 1662 870 1714 Romae
904 1660 1216 1715 dexerunt:
1262 1657 1409 1726 Quid
1440 1658 1690 1714 dicitis?
1734 1659 1873 1728 quid

2001 507 2140 562 bilis
2159 513 2280 563 erat
2310 509 2369 563 in
2391 510 2803 581 sacerdotibus,
2829 510 2943 565 vita
2974 516 3029 566 et
3061 525 3316 569 sermone
3354 516 3601 585 resplen-

1999 596 2159 664 dens,
2184 612 2350 667 quem
2380 611 2517 667 pene
2550 612 2651 653 nec
2683 599 2903 654 macula
2933 600 3159 671 tetigit:
3196 603 3288 657 sed
3326 602 3419 657 hic
3441 603 3499 659 in
3521 610 3600 660 ta-

2000 685 2107 741 lem
2143 692 2199 741 et
2233 692 2453 742 tantum
2503 688 2690 743 virum
2737 702 2847 744 non
2894 690 3087 760 segnis
3127 691 3352 747 exstitit
3389 691 3598 763 tingere

2000 780 2183 830 mente
2223 774 2623 831 infelicissima
2652 777 2915 833 detentus
2937 776 3121 849 (quem
3164 793 3273 835 non
3296 780 3462 850 vidit,
3496 795 3597 836 nec

1996 864 2279 936 cognovit)
2298 864 2573 919 maculam
2596 865 2921 934 plurimam,
2944 866 3300 922 innumeram
3313 873 3598 925 etcoacer-

1995 956 2205 1006 vatam:
2242 957 2298 1007 et
2346 958 2472 1022 post
2503 953 2930 1009 multitudinem
2962 955 3155 1025 etiam,
3198 957 3595 1027 magnitudine

1997 1040 2294 1109 praevaluit
2326 1041 2384 1095 in
2416 1042 2664 1096 vanitate
2685 1055 2817 1097 sua:
2856 1048 2912 1097 et
2941 1043 2990 1098 si
3025 1045 3594 1105 mendaces.attamen

1992 1130 2063 1185 de
2099 1128 2330 1184 Oriente
2376 1143 2442 1184 ex
2491 1130 2759 1186 omnibus
2810 1132 3155 1200 patriarchis
3184 1134 3593 1202 apocrisiarios

1993 1218 2158 1287 quasi
2204 1218 2631 1288 concordantes,
2673 1226 2729 1274 et
2765 1220 3075 1276 certissimi
3122 1236 3246 1291 qua:
3279 1236 3311 1277 a
3355 1236 3414 1277 se
3442 1222 3593 1278 dice-

1991 1305 2202 1361 bantur
2220 1313 2530 1375 noscentes,
2555 1308 2732 1363 multo
2750 1309 2943 1364 studio
2963 1310 3151 1379 duxit,
3177 1316 3237 1367 ut
3256 1311 3586 1380 hujusmodi

1989 1395 2175 1450 virum
2206 1396 2553 1465 depositioni
2587 1396 2976 1453 submitteret:
3026 1403 3081 1453 et
3117 1398 3329 1454 habens
3356 1414 3590 1455 consen-

1989 1488 2183 1539 taneos
2196 1488 2366 1539 testes
2377 1483 2569 1555 falsos,
2587 1486 3037 1541 transmisitcom
3048 1494 3251 1555 menta,
3270 1489 3583 1557 mendacia,

1986 1577 2043 1626 et
2087 1572 2243 1628 viros
2284 1573 2568 1643 deceptos,
2613 1579 2668 1629 et
2727 1574 3029 1630 veniebant
3070 1575 3137 1630 ad
3185 1577 3583 1646 complendum

1986 1674 2113 1731 quze
2136 1660 2246 1715 sibi
2279 1662 2400 1717 visa
2430 1662 2784 1718 exstiterant.
2816 1664 2881 1718 Et
2912 1663 3026 1718 nisi
3057 1665 3207 1719 Deus
3234 1678 3430 1720 omnes
3458 1680 3585 1735 ope-

301 1750 506 1805 habetis
523 1749 553 1803 ?
576 1749 718 1819 quid
746 1748 926 1804 vultis
942 1748 971 1801 ?
995 1748 1259 1818 Episcopi
1286 1747 1593 1803 dixerunt:
1625 1747 1876 1803 Procidi-
1906 1734 1959 1797 B
1988 1748 2151 1805 ribus
2174 1763 2443 1805 manuum
2465 1763 2696 1806 suarum
2716 1749 3332 1823 compeditosligasset,
3355 1767 3457 1809 nos
3474 1734 3583 1809 uti-

295 1853 409 1893 mus
430 1842 638 1893 sancta:
658 1843 713 1892 et
736 1836 1046 1893 universali
1071 1836 1208 1891 huic
1220 1836 1451 1906 synodo,
1480 1836 1871 1906 paenitentiam

293 1931 620 1996 expetentes.
644 1924 1485 1981 Sanctissimivicariisenioris
1505 1925 1691 1979 Romae
1718 1923 1873 1978 dixe-

298 2022 415 2070 runt
437 2013 613 2083 :Quid
643 2019 729 2070 est
750 2014 855 2069 hoc
876 2014 1025 2085 quod
1050 2012 1254 2069 fertis?
1278 2013 1539 2083 Episcopi
1557 2012 1864 2069 dixerunt:

294 2103 526 2160 Libellus
550 2102 956 2173 confessionis,
992 2117 1162 2172 super
1186 2102 1401 2173 quibus
1424 2102 1779 2171 peccavimus
1810 2102 1869 2157 in

292 2193 565 2247 dominum
584 2198 846 2248 nostrum
869 2192 1297 2247 sanctissimum
1322 2191 1702 2261 patriarcham
1718 2193 1870 2262 lgna-

291 2280 417 2337 tium
453 2280 820 2336 Sanctissimi
845 2280 1046 2336 vicarii
1074 2280 1322 2336 senioris
1347 2280 1533 2336 Romae
1564 2280 1863 2335 dixerunt:

287 2369 631 2425 Conﬁtemini
676 2383 776 2424 vos
824 2382 1081 2438 peccasse
1106 2369 1165 2424 in
1195 2369 1298 2424 hac
1340 2368 1558 2424 causa?
1600 2367 1865 2437 Episcopi

285 2457 565 2512 dixerunt:
595 2457 965 2512 Conﬁtemur.
983 2457 1344 2512 Sanctissimi
1367 2456 1568 2512 vicarii
1621 2456 1868 2512 senioris

286 2546 454 2600 Romae
476 2546 791 2601 dixerunt:
826 2548 886 2601 In
921 2546 1115 2601 libello
1138 2546 1217 2600 ita
1252 2545 1419 2601 habet
1449 2552 1512 2601 ut
1550 2559 1647 2601 ore
1680 2550 1865 2601 vestro

283 2634 501 2690 dicitis?
518 2635 790 2705 Episcopi
813 2634 1110 2690 dixerunt:
1138 2637 1378 2705 Legatur
1399 2634 1649 2703 libellus,
1677 2638 1733 2688 et
1746 2639 1865 2688 tum

290 2736 345 2777 ea
389 2737 509 2793 qua:
559 2724 634 2779 de
680 2722 849 2779 nobis
909 2729 1045 2779 sunt
1101 2724 1420 2779 certissime
1478 2723 1860 2793 comperietis.

282 2811 849 2867 Sanctissimivicarii
873 2812 1119 2868 senioris
1148 2814 1335 2867 Romae
1366 2812 1639 2868 dixerunt
1671 2812 1739 2866 ad
1762 2811 1862 2867 Dei

283 2900 509 2956 cultores
526 2901 782 2956 vicarios
802 2900 1087 2956 Orientis:
1122 2901 1327 2971 Aptum
1350 2905 1582 2971 apparet
1601 2900 1782 2971 vobis,
1800 2913 1866 2954 ac

283 2990 423 3043 omni
453 2996 666 3045 sanctae
684 3005 742 3059 sy
754 2990 919 3061 nodo,
956 2994 1019 3045 ut
1035 2990 1388 3059 suscipiatur
1424 2989 1658 3045 libellus
1680 2989 1868 3044 conti-

1983 1850 2094 1907 que
2123 1851 2252 1892 cum
2283 1837 2612 1906 hujusmodi
2646 1840 3005 1911 caderemus;
3041 1840 3316 1896 nimirum
3342 1841 3443 1910 qui
3478 1856 3579 1911 pro

1983 1931 2205 1994 pastore
2238 1925 2409 1994 lupus
2438 1940 2559 1981 esse
2588 1926 2906 1982 videbatur.
2939 1928 3204 1984 Diximus
3232 1928 3301 1983 de
3344 1929 3577 1987 Nicolao

1982 2027 2200 2081 parum.
2237 2015 2359 2069 Non
2400 2015 2584 2069 solum
2616 2021 2803 2070 autem
2828 2015 2963 2070 huic
2994 2016 3131 2071 talia
3162 2023 3429 2086 operatus
3467 2025 3571 2087 est,

1980 2101 2075 2155 sed
2108 2102 2354 2171 etipsum
2378 2092 2805 2158 sanctissimum
2836 2105 3182 2159 sacerdotem
3207 2118 3272 2159 ac
3294 2110 3575 2174 pastorem

1981 2194 2258 2261 nostrum,
2279 2191 2378 2261 qui
2412 2204 2515 2245 nos
2549 2191 2914 2259 impositione
2943 2198 3268 2247 sanctarum
3301 2206 3572 2248 manuum

1979 2291 2233 2348 suarum,
2265 2292 2395 2335 cum
2425 2284 2571 2334 esset
2601 2293 2857 2335 summus
2884 2280 3142 2350 antistes,
3172 2280 3571 2351 sanctiﬁcavit,

1980 2366 2181 2422 multis
2222 2368 2384 2437 prius
2430 2368 2663 2439 studiis,
2686 2383 2815 2424 cum
2861 2369 3154 2424 saecularis
3176 2374 3343 2440 esset,
3374 2369 3574 2439 impu-

1979 2468 2177 2525 gnans,
2193 2462 2247 2511 et
2261 2456 2319 2511 in
2335 2470 2437 2512 nos
2451 2456 2743 2526 inspirans
2758 2463 2945 2526 postea
2975 2458 3344 2527 hypocrisim,
3366 2463 3573 2513 cuncta

1977 2544 2221 2615 negavit,
2254 2549 2309 2599 et
2338 2545 2606 2600 omnibus
2625 2546 3021 2601 consentaneis
3049 2546 3192 2613 suis,
3226 2545 3311 2600 vel
3335 2546 3434 2615 qui
3464 2544 3571 2600 sub

1977 2632 2102 2701 ipso
2131 2645 2376 2703 eramus,
2411 2634 2597 2688 suasit
2628 2640 2689 2689 ut
2710 2648 2769 2689 se
2784 2634 3186 2706 chirographis
3206 2633 3571 2689 terribilibus

1978 2720 2381 2790 proﬁterentur
2395 2735 2523 2777 eum
2541 2736 2600 2778 se
2620 2722 2919 2779 habituros
2934 2723 3313 2792 patriarcham
3329 2723 3574 2792 patriar-

1976 2809 2233 2879 charum,
2258 2816 2314 2865 et
2333 2825 2619 2867 summum
2649 2812 2994 2867 sacerdotem
3009 2826 3362 2868 summorum
3390 2825 3571 2867 sacer-

1974 2899 2201 2968 dotum;
2224 2904 2279 2953 et
2300 2904 2436 2955 tunc
2449 2900 2679 2970 quidem
2703 2900 2762 2955 in
2778 2900 3036 2957 nobisita
3059 2899 3317 2957 faciebat.
3340 2902 3569 2957 Postera

1975 3001 2107 3043 vero
2135 2987 2231 3042 die
2261 2986 2490 3044 fraudes
2517 2988 2829 3044 consuebat
2856 2990 3128 3046 adversus
3156 3003 3306 3060 eum,
3339 2995 3395 3045 et
3421 3004 3570 3048 men-

280 3078 499 3134 tentium
522 3092 585 3134 se
610 3079 908 3149 peccasse?
922 3079 1281 3135 Sanctissimi
1301 3079 1502 3133 vicarii
1524 3078 1778 3134 Orientis
1810 3080 1867 3132 et
1895 3074 1943 3137 C
1974 3076 2569 3132 dacioruminﬁnitam
2587 3077 3036 3149 multitudinem,
3060 3079 3225 3149 quasi
3256 3079 3567 3137 criminum

282 3172 382 3221 tota
393 3173 582 3223 sancta
598 3169 895 3238 synodusd
907 3168 1135 3223 ixerunt
1150 3186 1162 3221 :
1179 3168 1237 3223 Si
1255 3168 1435 3237 placet
1447 3167 1737 3223 sanctitati
1751 3180 1868 3221 ves-

282 3262 385 3324 iraa,
407 3270 467 3311 ac
492 3257 952 3313 honoralissimo
976 3257 1314 3327 patriarcha:
1342 3256 1563 3328 Ignatio
1597 3262 1654 3311 et
1696 3255 1864 3311 nobis

284 3342 467 3400 bonum
487 3346 719 3401 videtur
736 3350 800 3401 ut
817 3346 1170 3414 suscipiatur
1186 3351 1241 3399 et
1260 3346 1316 3400 in
1334 3350 1640 3413 conspectu
1658 3345 1861 3414 synodi

285 3430 502 3503 legatur.
536 3434 905 3489 Sauctissimi
942 3433 1146 3488 vicarii
1194 3434 1441 3489 senioris
1474 3433 1661 3488 Romae
1693 3432 1865 3486 dixe—

280 3527 425 3575 runt:
448 3523 599 3593 Ergo
622 3522 896 3592 quoniam
918 3522 1187 3578 omnibus
1210 3522 1411 3593 placet,
1434 3520 1791 3590 suscipiatur
1808 3522 1865 3574 et

282 3606 497 3680 legatur.
530 3612 610 3667 Et
651 3610 943 3679 accipiens
974 3610 1296 3680 Stephanus
1324 3612 1438 3665 Deo
1471 3609 1865 3665 amicissimus

283 3697 542 3756 diaconus
561 3704 621 3755 et
638 3700 903 3755 notarius
936 3706 1146 3755 sancta:
1189 3698 1864 3768 Constantinopolitano-

280 3800 391 3842 rnm
408 3789 680 3845 Ecclesia!
696 3790 768 3845 de
801 3789 1065 3845 manibus
1076 3791 1191 3859 jam
1214 3788 1681 3845 denuntiatorum
1717 3789 1864 3859 epis-

277 3890 547 3949 coporum,
575 3879 720 3951 legit
749 3892 951 3950 magna
967 3893 1100 3935 voce
1124 3880 1182 3934 in
1204 3877 1558 3935 audientiam
1580 3877 1857 3935 omnium.

901 4068 1237 4124 LIBELLUS.

328 4227 380 4283 Si
394 4228 627 4299 quidem
647 4227 1045 4299 essentignota
1064 4228 1123 4283 in
1147 4228 1361 4284 seniori
1376 4229 1571 4299 Roma,
1593 4230 1858 4299 quaadira

274 4318 620 4389 contigerunt
647 4332 678 4373 a
712 4318 899 4373 Photii
944 4324 1125 4373 mente
1152 4328 1197 4387 α,
1227 4318 1646 4388 impugnatoris
1676 4321 1860 4376 Eccle-

1975 3165 2268 3220 materiam
2316 3164 2669 3236 habentium,
2704 3167 3180 3237 quemadmodum
3211 3173 3267 3222 et
3293 3169 3569 3225 adversus

1974 3253 2369 3310 beatissimum
2408 3255 2707 3311 Nicolaum
2748 3256 2960 3327 gessit:
3010 3270 3135 3327 qua:
3164 3260 3218 3311 et
3248 3256 3471 3313 volebat
3505 3257 3566 3313 in

1972 3343 2165 3398 omnia
2200 3343 2547 3413 patriarchia
2577 3345 3003 3415 transmittere;
3036 3350 3100 3401 ut
3126 3345 3278 3401 sicut
3298 3346 3420 3416 ipse
3442 3352 3569 3416 post

1972 3431 2259 3485 modicum
2276 3431 2692 3500 depositionem
2714 3446 2779 3486 ac
2796 3434 3336 3489 anathematismum
3357 3435 3415 3489 in
3436 3448 3567 3491 eum

1970 3518 2126 3589 fecit,
2154 3523 2218 3574 ut
2237 3518 2375 3574 olim
2404 3519 2608 3588 voluit,
2645 3520 2725 3574 ita
2752 3524 2808 3574 et
2836 3520 3025 3574 caeteri
3058 3521 3397 3588 patriarcha:
3426 3521 3585 3577 face»

1971 3611 2117 3663 rent.
2149 3600 2252 3662 Sed
2288 3606 2462 3676 hujus
2492 3605 2749 3662 fraudem
2774 3620 2885 3662 non
2915 3606 3121 3663 celavit
3153 3609 3302 3663 Deus
3331 3609 3425 3664 sed
3453 3623 3570 3664 om-

1973 3695 2147 3751 nibus
2176 3693 2478 3765 patefecit;
2508 3699 2565 3751 et
2594 3695 2654 3750 hi
2678 3695 2778 3765 qui
2803 3695 2999 3751 dolum
3030 3694 3393 3752 manifestum
3428 3695 3569 3753 fece-

1974 3790 2127 3856 runt,
2159 3784 2389 3841 exsiliis
2414 3789 2471 3840 et
2502 3783 3041 3855 proscriptionibus,
3066 3798 3131 3841 ac
3162 3785 3375 3857 flagris,
3396 3790 3571 3857 atque

1972 3874 2173 3930 multis
2204 3873 2394 3930 taediis
2414 3873 2689 3930 submissi
2720 3879 2891 3930 sunt:
2917 3874 3011 3929 sed
3045 3887 3145 3929 nec
3174 3874 3259 3930 sic
3295 3874 3478 3930 valuit
3507 3890 3568 3931 se

1970 3964 2299 4033 reprimere,
2323 3964 2418 4019 sed
2442 3963 2915 4033 quemadmodum
2939 3964 3213 4033 impetum
3236 3963 3439 4020 habuit
3468 3964 3573 4019 mi-

1946 4077 1955 4087 -
1971 4053 2086 4109 seri
2100 4052 2215 4109 voti
2230 4053 2344 4123 sui,
2357 4052 2769 4122 depositionem
2784 4056 2839 4108 et
2851 4052 3389 4109 anathematismum
3407 4051 3563 4125 fecit,

1968 4148 2025 4199 et
2055 4142 2113 4196 in
2151 4155 2302 4211 eum,
2336 4141 2430 4197 his
2462 4139 2650 4212 factis,
2690 4141 2828 4211 quid
2864 4140 3140 4197 malorum
3179 4141 3239 4196 in
3275 4141 3467 4211 ipsum
3496 4156 3568 4197 ex

1949 4236 2105 4307 tunc
2136 4244 2246 4285 non
2273 4230 2433 4301 egit?
2462 4232 2658 4285 Nonne
2671 4229 2869 4285 dentes
2889 4231 3014 4299 ejus
3036 4230 3316 4286 radicitus
3331 4230 3561 4301 evulsit,

1966 4320 2182 4377 faciens
2210 4336 2337 4378 eum
2363 4322 2421 4377 in
2440 4320 2584 4376 facie
2606 4319 2870 4390 percuti?
2886 4322 3080 4376 Nonne
3105 4321 3271 4389 pedes
3290 4320 3415 4389 ejus
3444 4317 3567 4374 fer—

273 4404 373 4476 sim,
403 4412 693 4476 oporteret
716 4406 1099 4461 humilitatem
1125 4411 1374 4462 nostram
1405 4406 1645 4462 multum
1668 4415 1854 4465 texere
1881 4392 1935 4453 D
1968 4412 2081 4466 reis
2100 4411 2353 4466 vinculis
2375 4410 2865 4465 munivit?Nonne
2892 4422 3021 4464 cum
3054 4405 3566 4479 fugalapsis,etfu-

271 4506 591 4565 sermonem,
640 4496 1000 4551 roborantem
1033 4510 1158 4565 qua:
1199 4496 1351 4551 circa
1384 4510 1487 4552 nos
1537 4504 1852 4567 perpetrata

272 4589 405 4653 sunt,
438 4592 495 4639 et
529 4584 748 4656 quibus
781 4591 837 4640 et
866 4590 1004 4654 quot
1031 4586 1099 4640 ad
1136 4586 1260 4655 ipso
1296 4588 1698 4643 atrocitatibus
1727 4587 1854 4643 sub-

274 4672 415 4727 missi
432 4689 661 4729 sumus:
701 4674 836 4744 quia
878 4682 998 4729 erat
1029 4675 1244 4730 viralia
1270 4675 1499 4746 quidem
1522 4677 1777 4747 loquens,
1796 4684 1853 4732 et

268 4760 367 4817 alia
394 4764 674 4834 cogitans,
708 4769 765 4817 et
806 4777 1033 4833 operam
1067 4764 1212 4820 dans
1250 4766 1577 4821 mendacio:
1622 4781 1689 4821 ex
1731 4772 1852 4822 arte

270 4852 552 4919 gentilium
576 4866 800 4923 semper
820 4853 1168 4923 proponebat
1188 4854 1353 4926 bona,
1382 4854 1740 4911 devieniebat
1755 4869 1853 4910 au-

268 4942 363 4993 tem
392 4941 448 4996 in
475 4942 644 4999 mala.
677 4947 733 4998 et
750 4947 875 4998 erat
906 4948 1104 5011 potens
1122 4944 1188 4998 ad
1214 4944 1594 5011 superandum
1625 4950 1677 5001 et
1703 4946 1852 5001 deci-

269 5026 542 5101 piendum,
568 5036 762 5086 utnon
782 5036 870 5086 est
891 5029 1093 5097 factus,
1123 5046 1222 5087 nec
1239 5032 1333 5087 ﬂet
1355 5032 1512 5088 ullus
1528 5034 1842 5090 hominum.

268 5114 407 5172 Unde
434 5133 564 5175 cum
600 5120 736 5175 talis
754 5126 923 5187 esset,
958 5122 1349 5191 supplantavit
1379 5136 1501 5192 nos,
1525 5124 1618 5178 sed
1644 5138 1850 5179 sermo-

270 5218 380 5260 nem
400 5208 687 5276 prolixum
704 5224 877 5278 supra
900 5212 1124 5266 modum
1141 5209 1323 5266 facere
1342 5211 1626 5282 nolumus,
1646 5212 1851 5267 haben-

267 5299 341 5349 tes
352 5310 656 5353 voseorum
670 5312 798 5368 qua:
818 5298 1094 5354 dicuntur
1107 5305 1295 5354 testes.
1314 5302 1450 5354 Nam
1469 5301 1635 5355 scitis
1650 5302 1849 5371 utique

267 5397 369 5453 vos,
408 5386 510 5454 qui
556 5387 853 5443 meruistis
896 5387 1280 5443 obsecundare
1302 5390 1665 5445 sanctissimo
1697 5404 1851 5460 papae

269 5472 506 5543 Nicolao,
530 5476 775 5531 lucerna:
794 5476 1071 5547 ecclesia),
1090 5490 1154 5531 ac
1174 5477 1448 5534 luminari
1477 5480 1655 5535 totius
1672 5479 1847 5535 orbis.

1963 4500 2201 4571 gacibus
2233 4500 2431 4567 servis,
2463 4499 2522 4554 in
2548 4496 2849 4554 fwtoribus
2880 4501 2935 4552 et
2972 4497 3241 4553 sordibus
3272 4497 3566 4552 damnavit

1962 4602 2112 4657 eum,
2146 4594 2207 4644 ut
2235 4593 2551 4644 moraretur
2576 4593 2826 4655 tempore
2852 4600 2962 4642 non
2991 4599 3169 4656 pauco
3190 4586 3218 4639 ?
3244 4587 3439 4641 Nonne
3470 4587 3566 4641 de-

1964 4677 2716 4747 nudanseumvestimentis,
2750 4690 2875 4746 quae
2911 4674 3183 4730 induebat
3203 4674 3417 4745 absque
3451 4674 3564 4744 pri-

1964 4780 2049 4821 ma
2066 4767 2529 4836 parvulatunica,
2565 4766 2737 4835 hujus
2766 4777 2933 4820 crura
2956 4764 3149 4835 scidit,
3182 4769 3237 4818 et
3268 4764 3329 4818 in
3378 4763 3565 4833 sepul-

1960 4869 2077 4926 cro,
2103 4856 2252 4925 quod
2280 4855 2338 4910 in
2364 4856 2591 4910 modum
2608 4854 2730 4925 rogi
2746 4852 2955 4909 factum
2976 4853 3357 4925 est,delusum
3381 4852 3560 4909 locari

1960 4943 2116 5013 fecit,
2145 4930 2411 4999 candelas
2452 4942 2695 5000 fundens
2728 4957 2853 5013 quze
2882 4942 3092 4998 ibidem
3122 4941 3440 5012 elucebant,
3470 4955 3560 5013 ne,
3634 4968 3637 4971 -

1958 5048 2163 5105 aquam
2177 5034 2262 5088 eis
2285 5031 2647 5103 habentibus,
2676 5046 2803 5088 cum
2833 5032 2933 5087 siti
2950 5037 3225 5102 uteretur,
3254 5032 3323 5087 ad
3340 5030 3564 5087 refocil-

1958 5126 2226 5181 lationem
2256 5128 2545 5192 potaretur
2581 5136 2647 5177 ex
2678 5121 2845 5177 illis?
2886 5123 3081 5176 Nonne
3116 5121 3266 5177 hunc
3309 5126 3558 5175 erectum

1958 5220 2109 5270 stare
2161 5211 2452 5283 facientes,
2498 5212 2755 5267 tulerunt
2800 5210 3035 5282 virgam,
3067 5224 3236 5281 quam
3264 5216 3462 5265 tenens
3496 5209 3557 5263 in

1961 5302 2226 5359 manibus
2240 5301 2603 5371 fulciebatur,
2628 5300 3407 5357 senectutisimbecillitatem
3429 5311 3565 5352 con-

1961 5392 2193 5448 solans?
2214 5393 2408 5445 Nonne
2429 5391 2553 5446 sine
2573 5390 2702 5446 cibo
2727 5404 2792 5445 ac
2820 5394 2957 5460 potu
2980 5388 3178 5445 multis
3198 5402 3326 5443 eum
3351 5385 3555 5442 diebus

1962 5480 2281 5551 transigere
2303 5478 2595 5534 fecerunt?
2608 5479 3066 5534 Nonneexsulem
3092 5478 3255 5532 illum
3270 5474 3422 5540 fecit,
3453 5472 3553 5527 ubi

329 5590 349 5616 ε
374 5581 492 5636 Vox
527 5582 688 5639 illius
734 5584 921 5640 libelli
961 5585 1148 5641 solum
1192 5585 1261 5640 ad
1294 5586 1575 5643 Romanos
1611 5588 1859 5646 vicarios
1898 5591 1956 5645 in
1985 5588 2150 5645 finem
2179 5600 2359 5657 usque
2381 5586 2710 5657 dirigietur.
