4024 6170
369 229 432 287 31
1545 232 1902 292 ANASTASII
1952 230 2494 290 BIBLIOTHECARII
3603 219 3678 279 52
3734 301 3742 309 _

371 360 506 413 sunt
531 353 856 427 frequenter
887 356 1156 412 incursus
1178 354 1570 428 barbarorum,
1593 361 1649 414 et
1661 359 1970 429 rapiuntur
1995 360 2056 421 A
2082 371 2328 430 cunque,
2344 355 2438 412 sed
2454 368 2584 412 cum
2599 351 2957 425 symphonia,
2989 352 3046 404 et
3069 347 3276 419 epulis,
3304 349 3360 402 et
3383 346 3630 403 vestitus
3649 360 3685 403 a

374 444 651 516 homines,
670 443 1063 515 quilocisillis
1083 443 1428 515 inhabitant,
1443 451 1499 502 et
1519 447 1696 518 gladii
1723 446 1975 504 efficiun-

373 540 470 590 tur
508 533 908 602 impendium?
949 533 1053 590 Sed
1103 548 1228 604 qua:
1275 535 1343 590 ad
1387 548 1452 590 eo
1496 535 1779 591 sustinuit
1803 541 1975 592 tantae

375 622 772 678 multitudinis
792 627 946 691 sunt,
963 628 1024 678 ut
1039 621 1404 679 dinumerare
1419 624 1478 678 in
1491 638 1696 680 vanum
1716 623 1975 681 laborare

377 711 491 768 sit:
547 725 727 782 neque
769 711 921 766 enim
957 725 1139 768 sermo
1182 711 1392 768 valebit
1435 712 1553 768 hmo
1595 727 1879 768 enarrare.
1908 715 1977 768 Et

383 806 540 869 tunc,
569 814 735 870 quem
756 799 784 854 ‘?
812 801 1217 870 imperatorum
1246 801 1451 872 filium,
1480 806 1536 857 et
1566 801 1973 872 imperatorum

377 893 688 960 nepotem“,
715 889 813 960 qui
835 889 1148 961 angelicam
1173 891 1344 946 vitam
1360 890 1614 962 subiens,
1644 891 1844 948 habitu
1866 904 1978 946 mo-

382 977 614 1034 nasticae
638 979 1092 1034 conversationis
1115 979 1354 1036 indutus
1373 985 1478 1051 est,
1510 981 1611 1051 qui
1641 982 1754 1036 Deo
1782 979 1979 1050 placa-

385 1066 545 1138 bilis,
573 1072 629 1121 et
651 1067 872 1139 angelis
899 1067 1257 1139 reverendus,
1285 1074 1456 1140 atque
1487 1069 1846 1124 daemonibus
1871 1081 1980 1124 me-

383 1154 929 1224 tuendusapparuit.
945 1157 1025 1210 Ex
1052 1154 1164 1223 bis,
1182 1156 1698 1228 quotexiguitatem
1728 1159 1980 1212 nostram

382 1240 1146 1304 severitatibussubmiserit,
1179 1242 1285 1298 etsi
1308 1243 1499 1298 dicere
1512 1257 1623 1299 non
1656 1256 1978 1313 possumus,

385 1341 484 1382 vos
509 1328 852 1400 colligereac
881 1343 1046 1385 nosse
1071 1329 1304 1385 valetis:
1351 1331 1400 1386 si
1431 1329 1814 1387 enimtalibus
1834 1344 1986 1386 sum-

387 1415 499 1470 mis
520 1415 930 1486 sacerdotibus,
955 1415 1179 1472 scilicet
1204 1431 1358 1487 papae
1381 1417 1635 1489 Nicolao,
1668 1421 1723 1472 et
1748 1417 1988 1473 sanctis-

389 1505 536 1560 simo
563 1505 902 1574 patriarcha:
926 1505 1146 1578 Ignatio
1168 1547 1182 1576 ,
1224 1506 1366 1562 talia
1390 1511 1658 1576 operatus
1682 1510 1785 1577 est,
1817 1500 1984 1562 nObis

389 1593 592 1663 utique
608 1593 928 1650 humilibus
941 1594 1146 1650 mentis
1160 1595 1645 1666 munditiaqualia
1659 1593 1856 1650 fecerit
1871 1608 1983 1651 non

2085 447 2315 518 proprio
2329 449 2504 516 patre,
2521 442 2831 514 pristinum
2847 439 3243 494 indumentum
3257 439 3312 490 et
3325 435 3566 504 primam
3579 439 3692 492 sto-

2083 537 2195 592 lam
2211 531 2561 605 recepit(Luc
2575 531 2738 602 xviii)
2755 548 2767 584 :
2785 529 3020 584 utdaret
3035 525 3272 582 formam
3299 525 3691 594 temperantia

2083 639 2148 680 ac
2166 622 2576 680 moderationis
2597 619 2870 676 faciendae
2886 633 2954 673 su
2965 629 3062 686 per
3081 629 3204 686 nos,
3221 614 3320 684 qui
3346 613 3690 689 recidimus;

2083 717 2139 768 et
2165 712 2534 782 publicanum
2563 707 2933 765 bumiliatum
2964 703 3313 774 justificavit
3335 700 3463 774 (Luc
3493 700 3614 774 vn),
3637 701 3694 757 et

2085 800 2402 858 meretricis
2425 799 2702 868 lacrymas
2719 789 3112 864 suscepit(Luc
3125 791 3313 864 xxru),
3332 795 3503 861 atque
3523 789 3692 845 latro-

2087 890 2179 946 nis
2203 887 2617 944 confessionem
2643 883 2970 953 admittens,
3004 881 3156 936 hunc
3181 880 3306 950 ipso
3329 880 3424 936 die
3451 879 3511 934 in
3534 891 3694 948 para-

2083 978 2276 1034 disum
2304 973 2627 1032 introduxit
2653 971 2864 1044 (Matth.
2891 970 3006 1044 xx).
3027 971 3140 1026 Hos
3161 982 3292 1024 vero
3318 968 3419 1038 qui
3443 967 3502 1022 in
3525 967 3693 1022 vinea

2089 1067 2311 1138 pondus
2335 1061 2644 1120 totiusdiei
2661 1057 3082 1128 sustinuerunt,
3097 1062 3152 1113 et
3169 1057 3268 1128 qui
3283 1069 3397 1114 una
3423 1055 3559 1112 hora
3575 1060 3700 1110 tan-

2089 1152 2382 1211 tummodo
2413 1153 2928 1222 perseveraverunt,
2957 1151 3021 1203 ut
3045 1145 3231 1201 media
3267 1148 3693 1215 praetereamus,

2093 1243 2216 1313 pari
2240 1241 2375 1298 fecit
2393 1239 2602 1312 dignos
2622 1233 3014 1307 mercede(Luc
3030 1234 3158 1307 v11);
3179 1247 3242 1289 ac
3259 1233 3312 1288 ei
3329 1232 3425 1289 cui
3450 1230 3698 1286 multum

2091 1331 2348 1402 debebat,
2371 1332 2427 1385 et
2450 1329 2545 1385 cui
2580 1339 2778 1398 pauca,
2811 1337 3062 1394 exaequo
3087 1321 3340 1391 donavit,
3373 1325 3436 1377 ut
3470 1319 3538 1375 ad
3572 1332 3703 1375 ma-

2086 1418 2616 1505 joremdignitatem
2640 1414 2970 1505 attraheret,
2995 1411 3208 1505 quibus
3230 1409 3476 1505 multum
3509 1407 3701 1505 dimi—

2093 1499 2190 1566 sit.
2203 1511 2342 1566 Cum
2358 1505 2684 1576 hujusmodi
2701 1517 2798 1574 spe
2812 1503 2870 1558 in
2897 1501 3224 1558 humilitate
3237 1499 3460 1567 animae,
3483 1502 3540 1554 et
3555 1510 3706 1554 eon—

2093 1599 2330 1654 tritione
2355 1595 2564 1663 cordis,
2591 1593 2660 1649 ad
2688 1591 3046 1648 sanctitatem
3073 1593 3316 1644 vestram
3345 1586 3702 1656 accedentes,

392 1681 692 1754 ignoratis.
717 1683 881 1738 Multi
895 1683 1046 1738 enim
1060 1697 1125 1738 ex
1141 1683 1446 1740 nobiscum
1463 1683 1988 1754 infidelibusgenti-
2015 1693 2065 1752 Β
2096 1689 2249 1744 hunc
2275 1685 2436 1742 vobis
2453 1683 2712 1738 libellum
2733 1681 3017 1750 dedimus,
3041 1692 3152 1734 non
3177 1677 3236 1732 in
3260 1676 3435 1733 labiis
3453 1676 3701 1742 dolosis,

392 1770 502 1826 bus
528 1771 585 1826 in
615 1772 882 1840 praetorio
908 1771 1166 1827 mulctati
1195 1777 1348 1844 sunt,
1373 1771 1629 1844 fameque
1649 1786 1714 1828 ac
1739 1773 1862 1842 siti,
1886 1786 1988 1828 seu

391 1861 614 1915 caeteris
639 1860 894 1916 miseriis
917 1860 1136 1932 afﬂicti,
1158 1862 1226 1916 ad
1250 1862 1553 1917 secandum
1583 1875 1862 1917 marmora
1890 1875 1991 1931 pro

395 1948 573 2020 lignis
597 1949 1148 2006 damnatisuntzalii
1164 1954 1350 2006 autem
1374 1965 1474 2020 pro
1487 1965 1572 2022 eo,
1591 1955 1654 2007 ut
1674 1965 1802 2006 cum
1818 1950 1996 2022 lignis

397 2035 726 2108 ferirentur,
742 2039 942 2108 spatha
957 2039 1438 2108 percutiebantur,
1466 2039 1542 2094 iis
1561 2039 1660 2109 qui
1692 2037 1992 2109 feriebant,

397 2139 510 2182 non
539 2131 604 2182 ut
628 2127 966 2199 sacerdotes,
1002 2141 1183 2198 neque
1208 2128 1545 2184 uthomines
1569 2141 1794 2184 carnem
1822 2126 2000 2182 feren-

399 2217 504 2286 tes,
533 2216 628 2272 sed
653 2221 715 2272 ut
738 2217 1052 2272 inanimata
1078 2230 1315 2286 corpora
1351 2217 1823 2286 percutientibus.
1849 2216 1998 2273 Illud

401 2317 554 2376 vero,
602 2305 751 2375 quod
799 2305 1056 2361 calcibus
1103 2305 1534 2376 submittebant,
1561 2311 1618 2362 et
1660 2306 1798 2362 huic
1824 2319 2000 2376 poena:

403 2393 679 2464 subjectis
701 2395 919 2450 viscera
948 2393 1280 2464 evellebant,
1307 2399 1370 2450 ut
1396 2395 1512 2450 leve
1537 2399 1882 2450 tormentum
1911 2395 2004 2450 ha-

401 2482 628 2538 bebant.
646 2483 702 2538 Id
733 2489 1018 2552 praeterea,
1035 2497 1146 2553 quo
1162 2483 1476 2538 monilibus
1492 2482 2000 2553 ferreisaﬂiciebat,

405 2571 690 2627 etcatenis
703 2571 1008 2642 vinciebat,
1023 2569 1213 2627 fenum
1229 2576 1355 2642 post
1379 2571 1724 2628 multosdies
1739 2572 1796 2627 in
1817 2585 2002 2627 escam

411 2659 686 2728 praebens.
721 2659 1130 2715 humanitatem
1159 2659 1394 2715 multam
1429 2673 1552 2716 esse
1579 2659 1831 2730 putabat.
1858 2658 2008 2727 Quot

410 2754 598 2805 autem
629 2749 687 2804 in
711 2748 1028 2804 tenebrosis
1053 2753 1107 2804 et
1133 2747 1333 2805 umbra
1359 2749 1580 2818 mortis,
1611 2749 1669 2803 in
1706 2746 2008 2804 foetoribus

415 2835 730 2894 mortiferis
747 2836 1136 2908 includebant,
1157 2851 1256 2892 nec
1271 2837 1554 2910 tegebant,
1568 2851 1695 2892 cum
1724 2834 2010 2892 facerent?

411 2925 508 2982 sed
532 2925 836 2997 glorantes,
861 2929 916 2980 et
936 2925 1344 2982 cachinnantes
1367 2939 1566 2998 magna
1587 2939 1736 2994 voce,
1763 2924 2014 2980 nescien-

413 3013 574 3070 tibus
596 3028 724 3070 cum
753 3012 978 3070 feritate
1002 3020 1172 3084 atque
1191 3015 1470 3084 jactantia
1501 3015 1900 3087 loquebantur,
1931 3013 2014 3068 lu-
2042 3047 2091 3110 Ο

411 3103 628 3158 dentes.
657 3104 727 3157 Et
753 3103 935 3174 rogati
974 3107 1036 3158 ut
1061 3103 1278 3159 talibus
1305 3103 1762 3160 misericordiam
1791 3101 2015 3173 praebe—-

417 3195 562 3261 rent,
597 3191 780 3263 magis
811 3191 1196 3263 insaniebant,
1230 3206 1296 3247 ac
1324 3193 1580 3248 deterius
1605 3191 2009 3248 causabantur.

413 3280 576 3336 Alios
599 3281 771 3336 etiam
800 3281 856 3336 in
884 3281 1272 3337 extremitates
1296 3281 1473 3351 orbis,
1501 3287 1557 3338 et
1584 3282 1642 3337 in
1673 3281 2018 3353 alienigena-

416 3383 544 3425 rum
570 3370 692 3426 loca
718 3368 853 3426 fecit
877 3371 1159 3426 exsiliari.
1188 3371 1289 3426 His
1308 3371 1713 3428 atrocitatibus
1737 3369 2013 3428 submissi

417 3472 544 3530 nos,
569 3463 625 3514 et
655 3459 712 3514 in
741 3473 1024 3515 summum
1053 3460 1398 3515 sacerdotem
1437 3465 1718 3530 nostrum,
1746 3465 1803 3514 et
1829 3461 1888 3515 in
1919 3473 2015 3514 eos

416 3548 517 3620 qui
561 3562 690 3603 cum
737 3548 839 3603 illo
885 3547 1333 3617 perseverabant,
1364 3548 1554 3616 pejora
1582 3548 1676 3602 his
1697 3552 1754 3601 et
1779 3549 2015 3606 saeviora

413 3636 695 3692 committi
710 3635 986 3704 videntes,
1000 3633 1196 3690 afflicti
1211 3641 1266 3688 et
1277 3633 1500 3704 fatigati
1517 3649 1735 3706 sumus,
1749 3635 2018 3694 videlicet

416 3729 530 3780 tam
567 3724 627 3779 in
671 3723 808 3778 aliis
851 3722 974 3777 fieri
999 3722 1117 3776 haec
1137 3709 1499 3789 aspicientes.
1531 3735 1697 3791 quam
1733 3723 1843 3792 ipsi
1879 3725 2019 3782 talia

418 3813 730 3883 patientes;
755 3811 996 3880 ideoque
1015 3808 1276 3864 deterriti
1303 3809 1617 3866 incidimus
1629 3811 1722 3867 sed
1733 3814 2018 3870 uctionem

419 3908 475 3957 et
511 3911 760 3956 errorem
804 3901 974 3968 atque
998 3897 1112 3952 vim
1149 3898 1550 3968 saevissimam;
1597 3904 1652 3954 et
1684 3914 1794 3956 non
1822 3908 2020 3972 sponte

423 3987 666 4044 fecimus
691 3998 816 4057 qua:
857 3986 1048 4042 dicere
1090 3985 1426 4042 conﬁtentes
1460 3986 1886 4046 confundimur.
1915 3991 2018 4046 Sed

421 4076 614 4134 omnia
657 4075 777 4131 hzec
819 4073 967 4131 facta
1009 4079 1144 4130 sunt
1171 4075 1230 4130 in
1263 4089 1384 4145 nos,
1423 4076 1758 4133 necessitate
1783 4079 1850 4134 ad
1878 4094 1943 4135 eo
1967 4085 2024 4136 et

423 4165 478 4222 vi
509 4179 620 4221 non
645 4168 920 4230 cessante,
948 4164 1352 4235 voluntateque
1378 4171 1570 4221 nostra
1597 4179 1657 4222 se
1675 4167 1834 4223 nullo
1858 4169 2023 4225 modo

425 4255 575 4312 flecti
601 4253 1025 4312 consentiente:
1058 4254 1326 4324 lacrymis
1346 4255 1498 4309 enim
1520 4261 1576 4310 et
1602 4257 1912 4328 gemitibus
1939 4272 2026 4328 pe-

2099 1791 2280 1847 neque
2304 1776 2362 1830 in
2382 1774 2515 1831 dolo
2537 1772 2762 1827 mentis.
2789 1773 2911 1839 Ipse
2929 1769 3080 1823 Deus
3099 1767 3264 1822 testis
3281 1771 3386 1836 est,
3407 1766 3507 1836 qui
3527 1766 3706 1822 etiam

2099 1866 2270 1923 vades
2287 1869 2373 1920 est
2393 1866 2608 1919 noster:
2629 1859 2721 1915 sed
2745 1873 2813 1914 ex
2834 1856 3166 1913 sinceritate
3186 1869 3250 1911 ac
3274 1854 3562 1910 munditia
3587 1868 3712 1925 spe-

2104 1959 2294 2011 rantes
2316 1952 2376 2008 in
2390 1947 2862 2006 miserationeDei
2883 1943 3090 2014 nostri,
3114 1943 3214 2014 qui
3231 1943 3515 1999 hominem
3531 1947 3708 2011 amat,

2106 2047 2163 2098 et
2192 2039 2632 2096 intercessiones
2657 2039 2864 2092 sanctae
2885 2047 2949 2088 ac
2972 2033 3320 2088 intemeratae
3341 2032 3442 2087 Dei
3475 2031 3717 2103 genitri-

2109 2129 2416 2198 cisMariae,
2444 2132 2500 2182 et
2513 2131 2838 2182 sanctorum
2865 2119 3278 2192 apostolorum,
3302 2125 3358 2176 et
3385 2119 3714 2176 beatissimi

2109 2233 2174 2274 ac
2199 2215 2550 2272 sanctissimi
2581 2227 2737 2286 papa:
2764 2209 2985 2269 Nicolai
3011 2205 3042 2249 δ
3069 2257 3083 2280 ,
3117 2220 3287 2284 atque
3312 2210 3493 2268 sancti
3523 2208 3715 2279 patris

2111 2306 2293 2364 nostri
2316 2310 2371 2360 et
2393 2303 2600 2360 summi
2627 2304 3180 2377 sacerdotislgnatii,
3205 2307 3518 2370 vestraeque
3539 2297 3720 2354 beati-

2110 2395 2337 2452 tudinis
2365 2393 2671 2464 orationes,
2702 2405 2803 2448 nec
2830 2406 2941 2448 non
2967 2399 3022 2449 et
3047 2391 3545 2449 sanctissimorum
3566 2387 3720 2441 vica-

2112 2484 2330 2538 riorum
2356 2479 2630 2547 Orientis,
2673 2480 2790 2548 jam
2836 2493 2946 2536 non
2973 2481 3168 2536 taliter
3192 2493 3296 2535 nos
3320 2488 3714 2548 expavescere,

2113 2572 2207 2628 sed
2237 2583 2466 2625 manum
2490 2567 2836 2637 accipientes
2865 2582 2897 2624 a
2920 2569 3104 2640 vobis,
3134 2582 3260 2640 qua:
3281 2581 3384 2622 nos
3409 2563 3716 2634 confortet,

2113 2665 2170 2717 et
2197 2661 2256 2715 in
2285 2657 2628 2716 rectitudine
2655 2661 2905 2728 statuat;
2933 2662 2990 2714 et
3017 2663 3293 2729 quantum
3322 2669 3390 2711 ex
3417 2651 3719 2725 proposito

2117 2764 2298 2821 usque
2321 2749 2390 2804 ad
2414 2748 2748 2819 sanguinem
2769 2747 3059 2804 decertare
3081 2747 3140 2802 in
3162 2743 3571 2800 ecclesiasticis
3591 2755 3727 2797 cau-

2118 2841 2220 2908 sis,
2250 2843 2315 2895 ut
2338 2843 2395 2894 et
2419 2838 2717 2907 culparum
2739 2851 2886 2906 quas
2910 2834 3171 2904 fecimus,
3197 2849 3265 2889 ex
3288 2835 3394 2888 hac
3418 2830 3727 2887 correctio-

2121 2943 2209 2998 ne,
2240 2929 2298 2984 in
2326 2925 2716 2983 satisfactione
2735 2925 2928 2981 cordis
2944 2925 3060 2996 (αλ,
3089 2928 3146 2978 et
3169 2921 3560 2979 satisfactione
3585 2933 3730 2975 cor—

2118 3018 2231 3090 dis)
2274 3015 2690 3087 indulgentiam
2737 3015 3158 3084 percipiamus;
3205 3017 3262 3067 et
3315 3025 3429 3067 non
3473 3009 3730 3066 ulterius

2120 3107 2342 3176 Photio,
2375 3117 2517 3159 vana
2559 3103 2805 3172 sapienti
2848 3103 2933 3158 vel
2965 3101 3365 3158 consentaneis
3409 3099 3552 3169 ejus,
3583 3098 3730 3153 dum

2123 3193 2539 3266 permanserint
2563 3192 2618 3248 id
2646 3191 3034 3248 exsecratione
3055 3205 3178 3264 sua,
3203 3195 3260 3246 et
3285 3193 3493 3245 sanctae
3514 3187 3614 3242 Dei
3638 3199 3734 3242 ca-

2121 3285 2350 3340 tholicm
2367 3281 2631 3338 Ecclesia:
2646 3281 3088 3352 dissonaverint,
3112 3277 3606 3346 concordabimus,
3624 3289 3735 3331 nec

2123 3373 2340 3429 erroris
2359 3373 2484 3441 ejus
2504 3376 2560 3426 et
2583 3369 2938 3424 seductionis
2959 3368 3287 3424 turbulenta
3309 3367 3520 3421 ﬂuenta
3540 3369 3739 3436 gusta-

2124 3462 2334 3518 bimus.
2364 3462 2503 3515 Ecce
2523 3458 2674 3514 enim
2701 3472 2784 3528 ea,
2811 3471 2936 3528 quae
2955 3457 3027 3512 ab
3050 3457 3174 3526 ipso
3196 3454 3472 3525 bibimus,
3495 3460 3552 3510 et
3575 3466 3743 3509 ama-

2125 3563 2253 3606 rum
2283 3553 2338 3603 et
2378 3547 2660 3619 dolosum,
2711 3561 2777 3602 ac
2801 3545 3033 3602 exitiale
3055 3545 3321 3615 poculum
3365 3550 3731 3614 exspuentes,

2127 3642 2349 3694 nosmet
2371 3651 2440 3692 en
2471 3637 2613 3691 hanc
2639 3639 2890 3691 sanctam
2919 3634 3198 3706 synodum
3221 3633 3580 3704 projicimus,
3607 3647 3738 3701 pro-

2129 3726 2353 3782 fitentes
2376 3725 2548 3780 etiam
2574 3729 2908 3794 accepturos
2933 3738 3036 3781 nos
3065 3737 3188 3778 esse
3230 3723 3473 3778 libenter
3495 3735 3527 3776 a
3574 3734 3741 3777 sanc-

2130 3815 2358 3871 tissimo
2394 3827 2616 3870 summo
2642 3814 2932 3869 sacerdote
2963 3817 3158 3869 nostro
3184 3811 3510 3882 epitimium
3535 3809 3742 3866 defini-

2130 3908 2272 3960 tum.
2291 3904 2348 3958 Si
2371 3909 2556 3959 autem
2584 3907 2710 3972 post
2725 3901 2866 3957 hanc
2880 3902 3244 3973 erectionem,
3259 3915 3384 3972 quae
3407 3901 3466 3955 in
3489 3913 3592 3954 nos
3609 3899 3740 3954 sine

2113 3992 2454 4066 calliditate
2471 3994 2640 4060 atque
2660 3989 3097 4046 conturbatione
3113 3988 3258 4045 facta
3276 3993 3380 4059 est,
3406 4002 3508 4044 nos
3527 3987 3742 4042 callide

2132 4095 2298 4154 agere
2336 4085 2534 4136 contra
2560 4079 2866 4134 Ecclesiam
2893 4079 2993 4134 Dei
3023 4079 3080 4133 in
3112 4079 3309 4148 aliquo
3342 4076 3738 4146 voluerimus;

2134 4170 2213 4225 sit
2239 4169 2404 4224 nobis
2427 4167 2712 4238 depositio
2735 4181 2769 4222 a
2800 4169 2980 4238 Patre,
2998 4167 3233 4238 etFilio,
3261 4165 3553 4236 etSpiritu
3582 4179 3746 4220 sanc-
3818 4209 3824 4214 .

2134 4265 2212 4326 to,
2241 4262 2297 4313 et
2322 4257 2482 4314 nulla
2524 4257 2593 4312 ad
2621 4256 2963 4312 erectionem
2991 4255 3240 4312 ulterius
3284 4253 3585 4310 revocatio.
3620 4255 3747 4308 Do—

332 4408 341 4418 .
427 4345 588 4401 nitus
613 4343 971 4414 replebamur
993 4347 1048 4398 et
1066 4341 1357 4414 facientes,
1386 4349 1441 4399 et
1463 4349 1761 4414 postquam
1785 4343 2024 4402 facieba-
2048 4350 2107 4410 1)
2135 4352 2305 4403 natus
2329 4345 2731 4402 sanctissimus
2755 4345 3060 4415 episcopus
3083 4344 3278 4414 Ostia,
3311 4349 3366 4398 et
3392 4343 3740 4414 Stephanus,

425 4447 572 4488 mus.
595 4433 698 4488 Sed
726 4437 811 4488 est
833 4431 1000 4488 nobis
1022 4445 1150 4502 spes
1173 4431 1380 4486 salutis
1402 4445 1512 4487 non
1534 4447 1602 4487 ex
1622 4433 1893 4504 operibus
1915 4448 2026 4490 no-

427 4522 587 4592 stris,
617 4535 798 4592 neque
820 4535 889 4576 ex
909 4521 1140 4590 justitia
1171 4533 1334 4591 quam
1364 4518 1604 4577 fecimus
1649 4536 1830 4592 neque
1869 4524 2023 4580 enim

427 4608 692 4666 fecimus:
713 4610 1009 4666 licetenim
1024 4609 1426 4680 restiterimus,
1441 4614 1497 4665 et
1514 4610 1750 4666 multam
1773 4612 1884 4666 vim
1909 4627 2028 4682 per-

430 4699 600 4769 pessi,
637 4699 948 4769 multisque
974 4699 1274 4755 tormentis
1295 4699 1516 4756 subacti
1544 4699 1832 4772 simus,-in
1861 4701 2026 4758 finem

431 4796 619 4844 tamen
634 4788 693 4844 in
715 4787 969 4843 miseriis
991 4801 1102 4844 non
1126 4787 1512 4843 substitimus.
1537 4790 1635 4844 Est
1655 4803 1789 4862 ergo
1811 4805 1941 4860 spes
1959 4804 2030 4846 ex

435 4891 520 4944 eo,
535 4891 648 4947 quo
661 4877 910 4932 vosestis
931 4877 1252 4931 imitatores
1271 4877 1392 4943 Dei,
1407 4881 1464 4931 et
1484 4877 1582 4947 qui
1606 4892 1706 4934 vos
1728 4879 2029 4951 miserunt,

435 4971 608 5036 atque
635 4965 905 5022 dominus
933 4969 988 5021 et
1018 4979 1278 5021 summus
1329 4965 1592 5020 sacerdos
1623 4971 1814 5023 noster
1851 4969 2032 5024 simili

436 5054 620 5110 modo.
637 5054 1455 5112 EtenimetDeusluxuriosum
1473 5053 1654 5112 filium
1670 5062 1962 5126 propterea
1976 5057 2035 5112 iu

388 5191 398 5197 .
441 5142 770 5214 paradigma
784 5143 1134 5216 posuit,qui,
1164 5141 1317 5200 omni
1334 5142 1564 5200 vitasua
1580 5144 1723 5200 male
1744 5157 2042 5218 consump-

443 5238 522 5303 ta,
537 5231 849 5290 veniensad
868 5235 1060 5301 patren
1077 5245 1268 5302 suum,
1283 5236 1583 5315 susceptus
1601 5236 1705 5302 est,
1729 5237 1784 5290 ct
1806 5245 1916 5291 non
1940 5237 2042 5292 ut—

515 5387 538 5414 ο
561 5375 819 5445 Ignatius
855 5375 1006 5429 enim
1040 5373 1603 5446 tlllusglmperatoris
1645 5373 1962 5446 Michaells,
1989 5379 2048 5432 et

448 5444 624 5516 nepos
647 5447 1012 5517 imperatoris
1035 5444 1340 5514 Nicephori
1373 5445 1500 5499 fuit.

527 5515 552 5558 υ
577 5525 718 5579 Nota
733 5515 882 5591 quod
900 5531 1007 5573 non
1024 5517 1206 5574 solum
1223 5515 1660 5575 intercessiones
1679 5516 1778 5574 Dei
1801 5517 2052 5578 Geuitri-

2133 4433 2535 4491 sanctissimus
2559 4434 2862 4504 episcopus
2885 4436 3072 4504 Nepae,
3097 4438 3152 4488 et
3176 4433 3436 4488 Marinus
3465 4433 3579 4486 Deo
3603 4431 3750 4486 ami-

2133 4525 2406 4580 cissimus
2441 4523 2718 4580 diaconus
2740 4527 2948 4580 sanctis
2968 4523 3350 4578 Romanorum
3374 4520 3640 4576 Ecclesia:
3663 4520 3750 4575 vi-

2135 4613 2279 4670 carii
2298 4612 2534 4668 Romani
2557 4613 3050 4684 interrogaverunt
3065 4611 3388 4681 episcopos:
3408 4610 3586 4680 Cujus
3601 4609 3750 4665 estis

2136 4701 2527 4759 consecratio?
2541 4701 2810 4772 Episcopi
2827 4701 3129 4756 dixerunt:
3152 4699 3420 4755 Diximus
3436 4698 3574 4769 quia
3591 4697 3746 4753 beati

2138 4791 2412 4848 Methodii
2439 4796 2494 4846 et
2517 4791 2869 4848 sanctissimi
2898 4789 3125 4863 Ignatii.
3149 4788 3511 4845 Sanctissimi
3539 4787 3749 4844 vicarii

2142 4881 2380 4936 Romani
2406 4879 2680 4937 dixerunt
2710 4899 2723 4935 :
2771 4879 3132 4950 Suscipimus
3156 4893 3256 4934 vos
3293 4879 3755 4946 secundumpraa-

2145 4969 2460 5040 ceptionem
2488 4969 2844 5025 sanctissimi
2867 4982 3025 5038 papae
3048 4967 3231 5024 nostri
3249 4967 3488 5022 Adriani
3519 4969 3754 5036 propter

2146 5054 2558 5112 confessionem
2575 5056 2758 5112 libelli
2777 5055 3127 5128 paenitentiae
3145 5061 3364 5114 vestrm.
3386 5053 3757 5112 Reverendis-

2149 5146 2282 5205 simi
2325 5145 2578 5216 episcopi
2604 5145 2912 5202 dixerunt:
2966 5146 3035 5200 Et
3061 5159 3165 5202 nos
3198 5146 3503 5201 adoramus
3547 5157 3665 5214 vos,
3693 5148 3755 5198 et

2151 5234 2502 5306 suscipimus
2527 5248 2626 5290 vos
2644 5234 2890 5306 judiccs,
2919 5237 2974 5290 et
3003 5234 3292 5304 judicium
3337 5237 3588 5290 vestrum
3615 5237 3756 5288 tan—

2155 5377 2241 5453 c_ls
2269 5381 2325 5432 et
2347 5377 2755 5453 apostolorum,
2783 5391 2979 5436 verum
3005 5377 3176 5453 etiam
3199 5375 3551 5453 sanctissimi
3577 5388 3756 5450 quon-

2157 5450 2286 5504 dam
2319 5446 2474 5518 pa’pae
2503 5449 2724 5505 Nicolai
2743 5446 2818 5505 ‘se
2843 5463 3071 5520 sperare
3105 5446 3408 5502 fateantur.
