4024 6170
298 257 366 313 53
1013 248 1555 307 INTERPRETATIO
1590 248 1840 306 SYNODI
1876 249 1995 306 VIII
2032 247 2523 306 GENERALIS.—
2559 250 2759 306 ACTIO
2798 252 2861 307 Ιῐ.
3518 251 3590 310 54

299 394 458 452 quam
487 393 559 436 ex
591 391 825 450 persona
856 376 989 433 Filii
1019 376 1120 432 Dei
1172 374 1462 431 habemus.
1520 374 1882 430 Sanctissimi
1912 374 1973 435 A
1999 374 2382 431 confessionis
2440 379 2666 446 nostrae,
2699 390 2762 431 ac
2816 375 3145 446 proﬁtentes
3176 392 3357 450 usque
3406 381 3474 436 ad
3509 385 3590 437 to-
3660 362 3679 379 ’

296 469 489 526 vicarii
505 467 1260 525 seniorisRomzedixerunt:
1289 472 1429 536 quot
1443 465 1584 521 estis
1606 463 1882 521 numero?

297 559 383 614 Illi
407 564 591 614 autem
617 557 910 613 dixerunt:
938 558 1003 611 Et
1025 561 1187 611 antea
1228 555 1488 611 diximus
1517 554 1652 624 quia
1687 553 1882 609 nesci—

294 661 427 702 mus.
457 646 821 702 Sanctissimi
848 646 1050 701 vicarii
1076 645 1326 700 senioris
1346 644 1533 698 Romze
1562 643 1872 698 dixerunt:

289 736 631 790 Eccesancta
664 735 915 790 Romana
966 734 1216 789 Ecclesia
1248 746 1359 789 non
1410 731 1631 787 claudit
1661 732 1879 786 viscera

285 836 377 877 sna
397 822 865 891 omnibusvobis,
893 823 941 878 si
965 822 1183 877 oti'ertis
1201 822 1459 877 libellum
1475 836 1541 876 ex
1566 825 1684 876 toto
1708 819 1878 875 corde

280 913 551 967 vestro.Et
566 911 773 968 iterum
795 912 966 967 iidem
984 911 1093 981 ipsi
1110 910 1460 967 sanctissimi
1477 909 1678 964 vicarii
1695 908 1878 964 senio-

277 1000 354 1054 ris
364 1000 551 1055 Romae
563 1001 631 1057 ad
651 1002 952 1071 episcopos
980 997 1251 1057 dixerunt
1268 1018 1280 1053 :
1295 997 1599 1056 Detulibus
1614 996 1873 1053 libellum

275 1101 305 1143 a
328 1093 515 1144 sancta
533 1089 787 1146 Romana
802 1090 1074 1160 Ecclesia,
1090 1088 1501 1146 asanctissimo
1524 1100 1663 1157 papa
1676 1085 1875 1141 Adria-

279 1190 363 1245 no,
389 1178 720 1237 mandatum
752 1179 821 1235 ad
849 1193 915 1235 eo
951 1179 1320 1250 accipientes,
1371 1177 1596 1251 exigere
1634 1190 1667 1233 a
1706 1175 1870 1232 vobis

274 1264 384 1321 ﬁeri
405 1266 597 1337 ipsum
623 1268 910 1338 libellum,
933 1272 989 1324 et
1006 1269 1091 1324 sic
1112 1282 1211 1325 vos
1232 1268 1546 1338 suscipere:
1572 1266 1714 1323 vulti
1733 1280 1867 1338 ergo

272 1351 443 1411 facere
467 1357 858 1426 quodjussum
883 1364 970 1414 est
987 1358 1391 1414 asanctissimo
1416 1371 1553 1427 papa
1575 1356 1867 1412 Adriano?

266 1441 518 1514 Episcopi
542 1446 847 1502 dixerunt:
874 1446 1150 1503 Volumus
1169 1453 1225 1503 et
1247 1448 1426 1516 placet
1451 1446 1635 1517 nobis,
1659 1454 1715 1501 et
1736 1445 1864 1502 sub-

266 1531 586 1588 scribimus.
612 1534 976 1591 Sanctissimi
1000 1536 1202 1592 vicarii
1228 1536 1476 1592 senioris
1496 1536 1683 1591 Romae
1703 1535 1862 1590 dixe-

267 1624 425 1675 runt:
452 1622 735 1679 Volumus
754 1629 809 1680 et
824 1625 1094 1693 jubemus
1116 1626 1289 1697 relegi
1312 1639 1440 1680 eum
1466 1626 1523 1680 in
1546 1630 1851 1694 conspectu

262 1710 525 1766 omnium.
552 1713 624 1768 Et
642 1714 936 1783 accipiens
963 1715 1283 1785 Stephanus
1309 1716 1422 1771 Deo
1459 1715 1851 1771 amicissimus

260 1798 524 1857 diaconus
543 1806 603 1857 et
640 1804 902 1859 notarius
924 1804 1556 1876 legitlibellumGra‘ce,
1582 1805 1681 1875 qui
1704 1820 1735 1860 a
1752 1807 1854 1861 Ro-

263 1901 413 1946 mano
433 1889 623 1947 fuerat
649 1894 1044 1963 transmissus,
1069 1894 1168 1964 qui
1192 1899 1361 1950 etiam
1380 1895 1437 1949 in
1463 1895 1643 1964 prima
1673 1895 1854 1952 lectus

260 1984 334 2032 est
350 1978 591 2035 actione.
620 1982 689 2036 Et
713 1988 838 2051 post
859 1982 1156 2038 lectionem
1172 1983 1522 2038 sanctissimi
1546 1983 1749 2038 vicarii
1772 1998 1854 2039 se-

263 2065 427 2122 nioris
441 2067 636 2124 Romae
654 2069 723 2125 ad
750 2071 1049 2141 episcopos
1067 2071 1366 2127 dixerunt:
1392 2070 1673 2127 Libellum
1698 2072 1850 2127 hunc

260 2156 525 2212 audistis?
538 2158 907 2215 Placetvohis
919 2159 1200 2215 ‘?Scribite
1216 2161 1401 2217 illum.
1417 2161 1853 2231 Suscipitisom-

267 2246 438 2303 omnia
456 2260 583 2317 qua:
600 2248 761 2303 edita
779 2254 957 2304 sunta
978 2255 1170 2304 sancta
1191 2250 1438 2306 Romana
1456 2249 1705 2304 Ecclesia
1722 2248 1853 2303 ‘?Re—

259 2336 645 2391 verendissimi
663 2338 920 2408 episcopi
939 2339 1244 2394 dixerunt:
1288 2339 1497 2407 Placet,
1518 2337 1846 2396 scribimus.

260 2428 307 2477 et
324 2425 674 2494 suscipimus
694 2428 907 2482 omnia.
925 2428 1180 2483 Donatus
1202 2428 1715 2482 reverendissimus
1733 2426 1848 2496 epi-

263 2524 444 2580 scopus
462 2512 778 2585 Ostiensis,
802 2522 857 2570 et
876 2516 1196 2584 Stephanus
1218 2516 1597 2571 sanctissmus
1620 2516 1850 2584 episco—

262 2613 352 2668 pus
373 2602 712 2674 Nepesinus,
745 2608 800 2658 et
825 2604 1082 2659 Marinus
1104 2604 1626 2660 reverendissimus
1644 2604 1851 2658 diaco-

262 2701 353 2743 nus
372 2684 572 2746 sanc‘ta:
598 2691 866 2747 Romamn
888 2693 1169 2761 Ecclesiae,
1188 2694 1461 2749 dixerunt
1484 2710 1496 2746 :
1524 2694 1591 2748 Et
1612 2692 1850 2747 scribite

259 2790 386 2832 eum.
400 2780 462 2834 Et
483 2780 820 2850 suscipiens
834 2782 1161 2838 Theodorus
1179 2782 1380 2850 Cariae,
1404 2782 1639 2851 scripsit
1663 2782 1846 2836 illum.

260 2866 444 2922 Deinde
478 2869 761 2924 similiter
793 2870 1136 2941 Euthymius
1153 2871 1377 2926 Catanze
1411 2871 1651 2927 Photius
1680 2872 1853 2925 Nacov

262 2953 353 3022 liae,
372 2956 693 3026 Stephanus
712 2958 1070 3028 Cypriorum,
1093 2959 1241 3015 alter
1268 2960 1589 3029 Stephanus
1620 2959 1845 3029 Cylirte,

1997 467 2111 519 tam
2144 464 2315 520 vitam
2350 470 2597 521 nostram
2648 479 2980 521 conservare
3030 481 3155 537 qum
3197 468 3321 524 illic
3370 469 3583 540 scripta

1993 558 2130 611 sunt
2153 554 2509 610 inconvulsa.
2534 554 2795 625 Ignatius
2830 555 3239 612 sanctissimus
3260 557 3583 626 patriarcha

1990 643 2565 713 Constantinopoleos
2581 644 2763 699 dixit:
2796 644 2941 700 Bene
2968 646 3309 701 acdecenter
3337 644 3577 717 fecistis,

1992 733 2101 789 ﬁlii
2122 732 2490 787 dilectissimi
2518 732 2720 787 nostri.
2735 734 2873 788 Ecce
2895 733 3151 803 suscipio
3172 749 3272 790 vos
3292 735 3445 791 sicut
3468 736 3585 792 mi-

1990 822 2237 877 sericors
2265 828 2321 876 et
2349 821 2657 877 benevolus
2682 826 2839 891 pater
2862 822 3165 895 prodigum
3193 823 3377 880 tilium
3413 840 3581 882 suum

1988 924 2278 966 reversum
2299 910 2367 965 ad
2394 910 2821 980 pmnitentiam;
2847 916 3140 981 propterea
3162 913 3298 983 quia
3320 918 3581 970 etsancta

1986 1000 2370 1055 Romanorum
2387 999 2638 1055 Ecclesia
2650 999 2975 1071 benigniori
3002 999 3205 1058 atfectu
3224 1007 3371 1059 mota
3384 1009 3582 1059 ester—

1986 1102 2053 1159 ga
2076 1089 2448 1144 reverentiam
2477 1094 2743 1160 vestram,
2766 1089 2981 1159 quibus
3001 1096 3058 1145 et
3094 1093 3580 1149 concordaverunt

1980 1178 2152 1233 etiam
2170 1176 2491 1233 Orientales
2511 1179 2691 1233 sedes.
2723 1180 2793 1234 Et
2815 1184 2941 1249 post
2956 1179 3060 1235 hoc
3080 1180 3410 1238 Theodorus
3431 1196 3578 1238 reve-

1981 1266 2362 1323 rendissimus
2407 1267 2712 1337 episcopus
2742 1268 2969 1338 Sinopze
3015 1268 3341 1325 dixitzNon
3385 1270 3573 1327 solum

1976 1355 2668 1427 epitimiissumusdigni,
2694 1357 2787 1412 sed
2811 1362 2866 1412 et
2906 1358 3119 1427 pomis:
3143 1359 3236 1414 sed
3257 1359 3575 1415 misericor-

1973 1443 2071 1498 dia
2094 1448 2189 1499 tua
2211 1458 2409 1515 magna
2431 1450 2534 1513 est,
2560 1445 2808 1501 domine.
2850 1446 3169 1517 Xenophon
3205 1448 3567 1504 reverendis—

1971 1533 2155 1589 simus
2202 1534 2507 1603 episcopus
2528 1534 2745 1590 Milassi
2792 1535 3145 1591 dixit2Cum
3196 1535 3304 1591 sim
3368 1536 3572 1592 multis

1968 1623 2152 1692 poenis
2170 1624 2401 1693 dignus,
2427 1624 2890 1694 superhumerale
2910 1625 3154 1696 accipio.
3178 1627 3248 1680 Et
3270 1630 3571 1696 postquam

1881 1695 1936 1758 Β
1965 1717 2304 1780 acceperunt
2327 1713 2818 1781 superhumeralia
2863 1727 2986 1781 sua,
3021 1695 3292 1769 sederunt
3344 1695 3562 1785 singuli

1968 1801 2026 1855 in
2048 1801 2250 1856 ordine
2271 1815 2394 1855 suo.
2418 1802 2485 1856 Et
2509 1801 2715 1856 iterum
2765 1802 2975 1858 Paulus
2995 1804 3109 1857 Deo
3170 1802 3565 1858 amicissimus

1964 1888 2375 1958 chartophylax
2420 1894 2578 1944 stans
2600 1889 2657 1943 in
2690 1890 2876 1945 medio
2912 1890 3095 1945 dixit:
3130 1892 3436 1961 Postquam
3472 1890 3570 1946 in—

1965 1978 2144 2049 gressi
2197 1978 2411 2033 suntin
2444 1978 2587 2033 hanc
2636 1985 2886 2034 sanctam
2944 1980 3222 2051 synodum
3282 1980 3563 2050 episcopi,

1964 2066 2065 2135 qui
2123 2065 2476 2131 ceciderunt,
2531 2080 2659 2121 ecce
2710 2072 2917 2136 praesto
2950 2074 3086 2123 sunt
3117 2073 3173 2123 et
3231 2067 3569 2138 presbyteri,

1965 2152 2236 2208 habentes
2311 2155 2570 2209 eumdem
2632 2155 2909 2210 libellum.
2966 2161 3022 2211 et
3070 2161 3333 2227 rogantes
3389 2170 3560 2211 sanc—

1962 2242 2185 2297 titatem
2265 2248 2528 2312 vestram,
2586 2249 2649 2298 ut
2706 2244 2920 2299 intrent
2974 2244 3031 2299 in
3100 2244 3244 2300 hanc
3305 2249 3556 2300 sanctam

1963 2330 2241 2400 synodum
2266 2348 2278 2384 :
2316 2331 2454 2401 quid
2478 2346 2612 2402 ergo
2640 2332 2821 2401 placet
2843 2333 3132 2388 sanctitati
3165 2338 3362 2389 vestrae
3381 2334 3407 2386 ’ἶ
3428 2333 3560 2389 San-

1930 2424 2050 2473 ‘cta
2075 2419 2326 2489 synodus
2349 2419 2502 2474 dixit
2528 2437 2541 2473 :
2570 2421 2748 2489 Cujus
2785 2422 3269 2477 consecrationem
3304 2422 3557 2477 habent?

1963 2507 2178 2563 Paulus
2232 2510 2346 2563 Deo
2393 2509 2785 2564 amicissimus
2831 2510 3281 2581 charthophylax
3333 2510 3488 2565 dixit
3540 2529 3552 2564 :

1962 2596 2283 2651 Beatissimi
2318 2597 2613 2665 Methodii,
2641 2603 2696 2653 et
2721 2598 3073 2654 sanctissimi
3112 2599 3337 2671 Ignatii.
3376 2600 3559 2655 Sanc-

1961 2685 2181 2739 tissimi
2209 2686 2411 2741 vicarii
2446 2686 2754 2742 dixerunt:
2786 2689 3021 2743 Intrent.
3062 2689 3131 2743 Et
3175 2688 3550 2759 intraverunt,

1962 2774 2207 2829 Thomas
2228 2774 2451 2844 primus
2484 2775 2963 2846 presbyterorum,
3005 2776 3235 2833 Cosmas
3269 2778 3555 2833 secundus

1961 2867 2133 2933 atque
2151 2862 2433 2933 defensor,
2449 2864 2713 2920 Pantaleo
2763 2864 3075 2937 presbyter,
3097 2866 3352 2921 Joachim
3385 2879 3554 2936 pres—

1963 2950 2123 3021 byter
2142 2957 2196 3006 et
2216 2951 2499 3024 defensor,
2540 2952 2815 3024 Megistus
2836 2954 3146 3026 presbyter,
3196 2955 3553 3025 Nicephorus

259 3042 552 3101 Theodorus
564 3046 831 3116 Sinopes,
848 3047 1194 3104 Eustachius
1206 3047 1511 3117 Acmoniaa,
1530 3046 1844 3117 Xenophon
1881 3033 1930 3095 C
1962 3039 2272 3112 presbyter,
2296 3042 2652 3098 Theodosius
2677 3043 2985 3114 presbyter,
3009 3044 3307 3114 Ephanius
3329 3043 3552 3115 presby-

260 3131 468 3204 Milassi,
492 3136 606 3191 Leo
646 3135 1012 3206 Daphnusiaz,
1054 3137 1266 3192 Paulus
1304 3137 1503 3207 Meles;
1527 3151 1723 3192 omnes
1746 3136 1843 3193 isti

262 3222 583 3290 scripserunt
629 3224 943 3280 Romanum
986 3225 1264 3295 libellum,
1315 3230 1371 3281 et
1390 3226 1671 3282 dederunt
1694 3227 1845 3281 hunc

261 3311 619 3368 sanctissimis
637 3314 879 3369 vicariis
898 3315 1187 3385 Romanis,
1214 3316 1384 3370 etiam
1405 3330 1535 3371 cum
1557 3316 1846 3385 subscrip-

260 3398 390 3455 tione
422 3403 678 3458 testium.
704 3404 773 3457 Et
795 3410 920 3472 post
938 3403 1042 3459 hoc
1061 3403 1303 3459 Thomas
1322 3409 1378 3459 et
1396 3404 1586 3458 Helias
1607 3404 1845 3458 sanctis-

261 3488 368 3543 simi
388 3490 582 3547 vicarii
614 3492 860 3547 orientis
878 3493 946 3547 ad
962 3492 1358 3548 sanctissimos
1378 3493 1626 3548 vicarios
1648 3494 1843 3565 Roma-

259 3579 657 3637 nosdixerunt:
690 3581 828 3636 Ome
857 3580 1006 3651 quod
1049 3581 1429 3650 disposuistis
1462 3582 1644 3651 placet
1666 3582 1833 3637 nobis

257 3666 578 3725 Sanctissimi
606 3670 809 3725 vicarii
831 3671 1066 3726 Romani
1089 3670 1396 3727 dixerunt:
1427 3670 1707 3737 Quoniam
1732 3674 1840 3729 bo—

258 3768 368 3810 num
386 3758 657 3830 diligitis,
682 3759 830 3828 ideo,
856 3758 1062 3815 fratres
1083 3761 1266 3815 nostri
1289 3762 1616 3833 venerandi,
1655 3763 1838 3832 placet

257 3844 395 3901 nobis
410 3854 462 3903 et
480 3854 675 3905 vestra
694 3849 1022 3919 dispositio.
1047 3851 1117 3905 Et
1138 3865 1342 3906 rursus
1361 3851 1534 3907 iidem
1574 3853 1833 3923 episcopi

255 3934 308 3989 ad
334 3934 643 3994 Orientales
672 3939 922 3994 vicarios
970 3940 1277 3995 dixerunt:
1313 3940 1371 3995 Si
1404 3941 1632 3997 videtur
1670 3942 1833 3999 vobis

256 4021 427 4081 bonum
448 4042 597 4096 esse,
620 4028 790 4083 detur
805 4029 1195 4084 decidentium
1225 4031 1621 4101 episcoporum
1660 4031 1835 4101 poeni-

255 4115 409 4171 tentia:
476 4117 736 4173 libellus.
798 4119 1141 4174 Patriarehze
1203 4120 1555 4175 sanctissimi
1624 4120 1827 4175 vicarii

253 4201 789 4263 Orientisdixerunt:
826 4208 1062 4264 Videtur
1101 4209 1402 4264 nobisesse
1420 4209 1650 4265 bonum.
1676 4212 1832 4280 Igna-

259 4292 354 4348 tius
405 4298 811 4353 sanctissimus
864 4298 1186 4367 patriarcha
1219 4299 1826 4369 Constantinopoleos,

1960 3134 2063 3198 ter,
2088 3131 2545 3202 Theophylactus
2568 3131 2879 3203 presbyter,
2902 3133 3198 3189 Sisinnius
3228 3133 3539 3206 presbyter,

1956 3220 2270 3291 Gregorius
2309 3219 2620 3292 presbyter,
2644 3226 2701 3276 et
2724 3222 2884 3291 paria
2926 3222 3213 3293 episcopis
3250 3221 3542 3291 facientes,

1956 3308 2316 3364 tradiderunt
2354 3308 2612 3365 libellum
2655 3311 3269 3380 paenitentizezdeinde
3301 3311 3549 3367 scriben-

1954 3401 2039 3449 tes
2058 3402 2113 3449 et
2138 3397 2248 3465 ipsi
2295 3398 2609 3452 Romanum
2656 3398 2942 3470 libellum,
2989 3406 3546 3470 susceperuntapa-

1952 3484 2205 3540 triarcha
2248 3484 2437 3539 oraria
2479 3498 2602 3553 sua,
2648 3486 2874 3539 dicente
2919 3487 2987 3541 ad
3033 3501 3166 3541 eos:
3213 3489 3548 3559 Cognoscite

1951 3575 2086 3644 quia
2110 3586 2279 3629 verax
2303 3572 2470 3629 homo
2492 3586 2640 3640 sum,
2664 3576 2719 3628 et
2742 3588 2925 3630 sermo
2971 3588 3131 3631 meus
3160 3575 3326 3633 tinem
3350 3576 3538 3632 habet.

1947 3665 2089 3719 Ecce
2109 3662 2261 3718 enim
2288 3675 2545 3733 magnam
2582 3663 2877 3718 meruistis
2904 3665 3353 3734 compassionem
3382 3669 3438 3721 et
3456 3680 3543 3721 ve-

1949 3753 2103 3807 niam
2144 3756 2392 3807 asancta
2434 3751 2815 3808 Romanorum
2859 3752 3131 3822 Ecclesia,
3164 3758 3221 3809 et
3259 3753 3531 3811 omnibus

1948 3841 2137 3897 nobis;
2186 3842 2489 3911 Postquam
2534 3854 2668 3913 ergo
2718 3841 2963 3913 ingressi
3018 3847 3155 3899 sunt
3195 3843 3450 3913 episcopi
3473 3856 3538 3899 ac

1946 3930 2280 4002 presbyteri,
2317 3944 2520 3986 rursus
2542 3935 2701 3986 stans
2747 3931 2962 3987 Paulus
2982 3933 3096 3987 Deo
3139 3932 3534 3989 amicissimus

1942 4019 2355 4090 chartophylax
2382 4020 2440 4075 in
2470 4020 2658 4075 medio
2682 4019 2866 4075 dixit:
2893 4021 3176 4076 Similiter
3198 4027 3255 4077 et
3278 4022 3535 4094 diaconi,

1943 4110 2043 4180 qui
2070 4110 2419 4180 ceciderunt,
2448 4109 2719 4165 habentes
2760 4109 3027 4166 manibus
3047 4110 3308 4167 libellum
3344 4112 3537 4182 paeni—

1944 4200 2814 4269 tentiaa,depreeantursanctam
2837 4200 3113 4270 synodum
3128 4205 3193 4256 ut
3223 4202 3528 4257 introeant.

1939 4290 2142 4345 Sancta
2165 4289 2600 4360 synodusdixit:
2627 4290 2804 4358 Cujus
2824 4291 3180 4346 consecratio
3202 4291 3374 4347 sunt?
3394 4292 3532 4348 Pau-

255 4380 408 4438 dixit:
462 4387 719 4443 Ponatur
749 4387 984 4442 libellus
1023 4401 1196 4457 super
1263 4388 1517 4457 preciosa
1568 4389 1742 4461 ligna,
1767 4395 1823 4444 et
1858 4384 1910 4443 D
1941 4378 2033 4435 lus
2052 4381 2164 4434 D60
2185 4379 2578 4435 3miCiSSimus
2597 4378 3012 4449 ChaPtOPhylax
3041 4379 3219 4435 άίΧίῐε
3248 4381 3528 4437 Βθθῐίεεί-

254 4478 411 4527 sancta
428 4476 753 4548 Evangelia,
774 4482 830 4531 et
842 4477 1063 4532 siceum
1078 4478 1383 4546 accipiant,
1426 4478 1628 4533 etdent
1649 4479 1812 4533 mihi.

254 4558 567 4620 Sanctissimi
596 4566 805 4620 vicarii
832 4566 1080 4621 senioris
1100 4566 1288 4621 Roma:
1312 4579 1421 4621 una
1444 4580 1573 4622 cum
1621 4567 1823 4621 orien—

254 4649 434 4706 talibus
489 4656 804 4710 dixerunt:
840 4656 1108 4711 Ponatur.
1152 4657 1219 4710 Et
1251 4661 1520 4725 ponentes
1566 4656 1820 4725 episcopi

255 4734 471 4797 libellum
494 4758 674 4814 super
701 4748 895 4799 sancta
925 4744 1229 4815 Evangelia
1259 4749 1314 4799 et
1337 4746 1592 4813 preciosa
1643 4745 1817 4813 ligna,

250 4830 293 4879 et
310 4842 485 4887 rursus
506 4837 799 4889 sumentes
818 4846 968 4901 eum,
996 4834 1278 4889 dederunt
1302 4834 1521 4904 Ignatio
1572 4834 1825 4889 sanctis—

1939 4468 2015 4522 mi
2039 4468 2312 4523 Methodii
2334 4474 2390 4523 et
2410 4468 2762 4523 sanctissimi
2788 4468 3015 4539 lgnatii.
3055 4469 3420 4525 Sanctissimi
3441 4470 3528 4525 vi-

1935 4558 2078 4613 carii
2094 4558 2341 4613 senioris
2362 4559 2549 4613 Romae
2565 4556 2907 4626 etOrientis,
2926 4570 2991 4612 ac
3014 4562 3210 4613 sancta
3222 4564 3277 4613 et
3301 4559 3524 4614 univer-

1934 4650 2075 4705 salis
2100 4648 2352 4719 synodus
2372 4648 2671 4703 dixerunt:
2710 4649 3018 4702 Introeant.
3050 4649 3120 4702 Et
3153 4647 3524 4706 introierunt.

1931 4739 2343 4795 Constantinus
2362 4738 2661 4805 diaconus,
2682 4737 2926 4792 Joannes
2944 4736 3246 4808 diaconus,
3277 4737 3526 4807 Stepha—

1936 4843 2044 4886 nus
2056 4829 2353 4897 diaconus,
2372 4826 2611 4883 Michael
2626 4826 2925 4896 diaconus,
2938 4820 3392 4896 Christophorus
3404 4827 3527 4884 dia-

251 4913 368 4971 simo
409 4920 744 4989 patriarchae
799 4922 1394 4991 Constantinopoleos:
1467 4928 1522 4976 et
1593 4937 1823 4978 sumens
1933 4935 2130 4989 conus,
2165 4920 2272 4973 Leo
2299 4916 2596 4983 diaconus,
2642 4915 2997 4971 Theodosius
3022 4914 3324 4988 diaconus,
3356 4916 3520 4974 Nico-

251 5005 530 5068 patriarcha
579 5010 1095 5080 superhumeralia,
1150 5011 1390 5066 tradidit
1457 5012 1560 5066 eis.
1630 5013 1819 5068 Primo

248 5098 401 5149 autem
420 5100 669 5156 omnium
692 5100 1159 5156 deditTheodoro
1200 5101 1573 5170 metropolitze
1618 5102 1814 5167 Caria,

248 5181 699 5243 etdixiteizEcee
744 5205 910 5243 sanus
931 5193 1110 5257 ﬂictus
1160 5206 1234 5251 es,
1265 5191 1387 5258 jam
1424 5192 1558 5243 nolli
1596 5208 1818 5260 peccare

250 5281 299 5319 ne
322 5272 537 5330 deterius
578 5279 676 5331 tibi
704 5279 921 5347 aliquid
931 5278 1321 5349 ﬁiat(Joan.v)
1360 5279 1689 5335 Theodorus
1738 5295 1820 5335 re-

1934 5012 2062 5066 laus
2100 5008 2398 5075 diaconus,
2418 5004 2776 5073 Sophronius
2810 5005 3109 5061 diaconus.
3145 5006 3213 5061 Et
3231 5006 3314 5062 ait
3346 5008 3521 5079 Igna—

1938 5100 2058 5155 tius
2078 5094 2479 5153 sanctissimus
2504 5093 2826 5162 patriarcha
2839 5094 2908 5149 ad
2933 5108 3057 5150 eos:
3079 5094 3285 5167 Utique
3297 5109 3366 5152 ex
3379 5110 3517 5166 pro-

1930 5189 2115 5260 posito
2132 5185 2352 5241 fecistis
2366 5182 2623 5239 libellum
2637 5197 2803 5253 quem
2818 5182 3506 5241 fertis?Reverendissimi

1926 5276 2153 5335 diaconi
2175 5275 2473 5330 dixerunt:
2490 5274 2639 5328 Deus
2650 5272 2779 5341 scit,
2797 5272 2932 5343 quia
2945 5287 3014 5328 ex
3028 5274 3204 5329 multa
3215 5274 3510 5330 alacritate

251 5362 653 5422 Vemndissimus
735 5368 1097 5436 metropolita
1174 5368 1352 5422 Cariae
1408 5369 1602 5423 dixit:
1663 5370 1820 5424 Con—
1929 5362 3510 5432 illumfecimus;ipseenimnovitconscientiasnostras

253 5442 466 5517 fugimus
535 5456 603 5510 ad
666 5457 1024 5512 sanctitatem
1087 5462 1240 5512 tuam
1299 5462 1415 5512 tota
1490 5458 1701 5527 anima,
1760 5461 1817 5512 et
1926 5452 2547 5527 quomodoerantcirca
2581 5451 2938 5507 sanctitatem
2971 5456 3505 5520 tuam,cumtyran—

254 5544 401 5597 mente
443 5545 646 5603 munda
699 5545 987 5604 tradentes
1043 5546 1274 5616 propria
1327 5559 1498 5603 manu
1556 5546 1813 5604 libellum

1934 5545 2124 5603 nidem
2139 5542 2431 5614 patereris.
2446 5541 2581 5611 Quae
2593 5555 2722 5599 vero
2737 5540 2937 5599 Photio
2949 5538 3208 5611 fecimus,
3230 5542 3419 5595 coacte
3438 5550 3504 5591 ac
