4052 6168
380 302 454 361 55
1400 336 1408 343 -
1579 306 1940 365 ANASTASII
1980 308 2525 366 BIBLIOTHECARII
3631 309 3702 368 56

381 430 550 486 inviti
567 428 834 488 fecimus:
853 431 946 488 sed
973 431 1189 505 gratias
1207 433 1435 505 agimus
1455 433 1570 489 Deo
1591 439 1648 488 et
1666 437 1827 490 sanct
1844 433 1972 488 itati
2012 436 2070 495 A
2097 447 2178 489 ca
2197 434 2484 490 Ecclesia.
2509 435 2566 491 Si
2591 437 2822 507 quidem
2849 435 3125 494 carnibus
3149 438 3478 504 vescuntur,
3511 433 3704 490 absti—

381 519 804 585 tua,odomine
833 521 970 592 quia
984 536 1092 577 non
1125 522 1447 580 retribuisti
1464 523 1630 578 nobis
1650 523 1966 578 secundum

382 613 607 676 peccata
622 614 813 664 nostra
824 615 880 664 et
890 610 1088 680 culpas
1101 616 1353 682 nostras;
1369 611 1462 666 sed
1478 624 1809 680 compassus
1823 610 1990 666 nobis

383 695 690 752 miseratus
708 701 765 753 et
787 697 1058 754 misertus
1076 713 1138 754 es
1158 699 1364 769 nostri,
1404 705 1460 753 et
1503 699 1786 754 dimisisti
1820 698 1988 754 nobis

385 789 610 854 peccata
625 789 836 841 nostra.
854 787 920 842 Et
931 785 1276 842 facientibus
1288 787 1374 842 eis
1385 786 1604 842 similia
1638 787 1926 857 episcopis
1937 791 1994 841 et

387 872 751 944 presbyteris.
768 876 834 930 Et
845 875 1134 946 accipiens
1147 875 1471 946 patriarcha
1484 875 1674 932 oraria
1711 876 1992 945 ipsorum,

388 962 736 1020 reddiditeis
759 965 827 1019 Et
842 969 967 1034 post
981 964 1104 1034 hoc,
1131 965 1336 1020 iterum
1365 971 1523 1021 stans
1557 965 1616 1020 in
1631 965 1818 1021 medio
1842 965 1998 1020 Pau—

388 1051 482 1108 lus
509 1054 622 1108 Deo
642 1052 847 1109 amicis
863 1053 1034 1109 .imus
1052 1053 1463 1124 chartophylax
1483 1053 1661 1110 dixit:
1710 1055 1996 1109 Venerunt

390 1140 794 1197 etsubdiaconi
817 1141 916 1212 qui
931 1141 1261 1200 ceciderunt
1285 1142 1342 1198 in
1357 1148 1609 1198 sanctam
1631 1143 1776 1198 hanc
1818 1155 1998 1212 syno—

390 1229 822 1297 dum,eumdem
847 1229 1106 1287 libellum
1131 1245 1243 1301 pra
1266 1231 1532 1287 manibus
1574 1230 1864 1298 habentes,
1899 1230 2000 1284 in-

391 1317 550 1388 gredi
575 1319 945 1388 postulantes.
979 1319 1338 1376 Sanctissimi
1387 1319 1590 1376 vicarii
1614 1318 1862 1375 senioris
1883 1318 2004 1373 Ro-

392 1419 496 1461 ma
519 1413 576 1461 et
600 1406 855 1463 Orientis
872 1407 1169 1464 dixerunt:
1196 1408 1613 1480 Ingrediantur,
1649 1408 1830 1478 placet
1849 1405 2002 1462 enim

394 1493 580 1550 nobis.
599 1496 664 1550 Et
677 1495 919 1568 ingressi
935 1502 1085 1553 sunt.
1114 1498 1356 1553 Thomas
1366 1497 1748 1553 domesticus.
1772 1494 2006 1552 subdia-

394 1595 689 1654 conorum,
724 1585 1086 1654 Eustachius,
1113 1585 1454 1656 Stephanus,
1483 1585 1783 1655 Photinus,
1826 1585 2006 1639 Joan-

397 1684 516 1739 nes,
549 1673 779 1744 Paulus,
811 1675 1086 1730 Thomas:
1129 1679 1185 1730 et
1231 1673 1577 1730 facientibus
1627 1673 1845 1729 similia
1878 1673 2001 1742 pari

2107 536 2241 579 nere
2284 537 2343 579 se
2379 537 2412 579 a
2452 538 2640 592 carne,
2673 539 2837 582 caseo
2866 531 2922 582 et
2965 540 3102 582 ovo:
3141 525 3183 580 ii
3215 537 3346 580 vero
3369 523 3471 594 qui
3503 537 3704 581 carnes

2102 623 2214 666 non
2239 612 2565 681 comedunt,
2587 613 2875 670 abstinere
2894 627 2928 670 a
2948 627 3112 669 caseo
3135 618 3190 669 et
3213 626 3336 683 ovo,
3361 595 3444 666 ef
3443 610 3704 681 piscibus

2103 706 2304 770 quarta
2338 698 2480 756 feria
2527 715 2826 771 parasceve
2859 698 3082 776 [edere]
3132 701 3420 772 legumina
3449 705 3506 754 et
3547 699 3704 756 olera

2105 802 2236 844 cum
2281 789 2407 846 oleo
2451 795 2506 844 et
2537 803 2718 859 pauco
2761 790 2915 860 vino,
2945 789 3242 860 facereque
3282 787 3706 860 genuﬁexiones

2105 877 2530 949 quinquaginta
2576 892 2677 948 per
2720 879 2983 949 singulos
3019 878 3163 942 dies,
3209 882 3265 933 et
3300 877 3491 932 dicere
3534 875 3706 946 Kyrie

2105 965 2342 1037 eleison,
2367 967 2602 1038 centies,
2627 973 2684 1022 et
2706 967 2938 1024 domine
2965 966 3209 1037 peccavi,
3237 965 3473 1035 centies,
3511 969 3567 1020 et
3604 964 3708 1018 Do-

2107 1054 2260 1110 mine
2292 1055 2520 1127 ignosce
2573 1055 2717 1111 mihi
2751 1056 3052 1126 peccatori,
3085 1055 3302 1111 centies
3339 1072 3354 1109 :
3399 1065 3708 1109 recensere-

2109 1158 2218 1215 que
2245 1148 2464 1200 sextum
2493 1145 2671 1214 psalm
2699 1159 2794 1212 im,
2821 1150 2878 1200 et
2904 1145 3263 1216 trigesimum
3287 1143 3616 1212 septimum,
3651 1145 3708 1196 et

2109 1230 2678 1304 quinquageSimum:
2705 1233 2825 1288 hac
2851 1233 3176 1289 mandotibi
3197 1231 3489 1288 custodire
3525 1242 3708 1298 usque

2109 1321 2178 1376 ad
2229 1320 2444 1376 Christi
2486 1321 2872 1393 Nativitatem,
2923 1335 3035 1377 non
3058 1327 3246 1376 autem
3295 1319 3504 1375 habeas
3530 1322 3711 1387 potes-

2110 1414 2280 1464 tatem
2297 1409 2684 1478 ministrandi,
2709 1422 2810 1465 nec
2829 1409 3032 1482 agendi
3049 1422 3277 1480 quoquo
3299 1407 3464 1462 modo
3485 1418 3610 1476 qua
3627 1416 3713 1460 sa-

2111 1497 2401 1553 serdotum
2453 1502 2610 1569 sunt,
2631 1503 2688 1553 et
2735 1503 2872 1554 tunc
2899 1498 2957 1554 in
2987 1496 3275 1553 natalitiis
3320 1494 3508 1566 magni
3531 1492 3632 1548 Dei
3654 1495 3712 1547 et

2113 1585 2414 1642 salvatoris
2439 1587 2620 1642 nostri
2644 1588 2776 1642 Jesu
2817 1585 3032 1642 Christi
3062 1585 3304 1654 recipies
3329 1580 3709 1639 sacerdotium

2113 1680 2298 1742 tuum,
2325 1681 2381 1730 et
2406 1688 2623 1730 mecum
2653 1675 2770 1731 eris
2804 1673 3122 1731 sacerdotio
3156 1671 3417 1744 fungens,
3445 1675 3501 1726 et
3531 1667 3717 1724 mini—

399 1761 586 1828 modo,
601 1761 827 1817 deditet
849 1762 994 1832 ipsis
1015 1763 1232 1833 proprii
1257 1763 1494 1818 honoris
1516 1762 1788 1834 insignia.
1821 1761 2004 1816 Sanc—
2036 1756 2089 1817 B
2115 1768 2303 1819 strans
2325 1763 2635 1819 immortali
2656 1768 2866 1819 aterno
2885 1764 3018 1818 Deo.
3038 1763 3106 1818 Et
3120 1767 3245 1832 post
3267 1757 3708 1828 lectionisepiti-

399 1849 616 1905 tissimi
638 1850 840 1906 vicarii
864 1851 1111 1907 senioris
1137 1852 1320 1908 Roma
1360 1851 1657 1907 dixerunt:
1683 1849 2004 1906 Secundum

402 1937 641 1995 formam
661 1940 824 2008 hanc,
840 1939 1048 1996 secund
1060 1954 1150 1996 um
1166 1954 1334 2010 quam
1351 1939 1624 1996 hodierna
1643 1939 1739 1994 die
1759 1939 2011 2008 suscepi-

401 2042 530 2084 mus
549 2027 865 2098 episcopos,
879 2034 934 2083 et
953 2029 1389 2098 presbyteros,et
1401 2029 1605 2084 diacon
1618 2043 1700 2096 os,
1715 2032 1772 2084 et
1783 2027 2013 2082 subdia-

401 2131 576 2174 conos
597 2117 695 2187 qui
719 2117 1068 2187 ceciderunt,
1094 2117 1311 2188 suscipi
1339 2117 1610 2187 deinceps
1644 2116 2008 2172 decernimus

404 2219 600 2262 omnes
652 2206 752 2276 qui
785 2206 1059 2262 similiter
1088 2211 1478 2276 peccaverunt.
1511 2211 1567 2262 et
1612 2204 2006 2276 panitentiam

402 2299 599 2367 agunt.
619 2296 688 2351 Et
708 2301 832 2365 post
854 2295 970 2350 hac
990 2295 1392 2350 sanctissimus
1414 2295 1736 2364 patriarcha
1754 2293 2011 2365 ignatius

404 2384 590 2440 dixit:
616 2383 889 2454 Epitimia
912 2398 1038 2454 qua
1066 2383 1281 2440 indicta
1304 2389 1439 2440 sunt
1455 2383 1531 2439 iis
1553 2383 1652 2454 qui
1679 2381 2010 2438 ceciderunt

405 2473 714 2544 episcopis,
747 2478 802 2528 et
829 2473 1193 2544 presbyteris,
1219 2479 1274 2528 et
1311 2473 1592 2544 diaconis,
1617 2477 1674 2526 et
1698 2471 2012 2528 subdiaco-

408 2562 520 2632 nis,
548 2561 620 2617 ab
651 2562 755 2617 hac
783 2567 976 2618 sancta
1001 2568 1056 2616 et
1082 2561 1392 2618 universali
1417 2561 1650 2632 synodo,
1679 2560 1738 2616 in
1779 2560 2013 2615 audien-

409 2651 550 2707 tiam
563 2650 819 2706 omnium
833 2650 1122 2723 legantur;
1145 2656 1426 2723 quatenus
1441 2651 1585 2706 ﬁant
1604 2649 1874 2706 omnibus
1902 2661 2012 2703 mo-

411 2739 638 2796 nifesta.
664 2741 731 2795 Et
767 2740 1056 2809 accipiens
1097 2740 1419 2810 Stephanus
1463 2738 1746 2794 diaconus
1765 2743 1820 2792 et
1845 2741 2014 2792 nota—

411 2820 540 2876 rius
553 2820 716 2892 legit:
733 2819 819 2876 Sit
842 2820 1152 2875 remedium
1168 2826 1224 2875 et
1248 2819 1490 2876 salutem
1512 2819 1716 2874 anima
1730 2816 1936 2887 ferens,
1949 2829 2014 2870 ac

410 2908 574 2965 valde
591 2909 904 2965 discretum
926 2909 1252 2979 epitimium
1276 2907 1632 2964 sacerdotum
1647 2907 1747 2976 qui
1765 2919 1864 2976 per
1877 2904 2019 2961 mul-

2116 1853 2364 1909 miorum
2389 1853 2844 1921 completionem,
2877 1865 3080 1907 rursus
3107 1851 3228 1920 ipse
3247 1849 3568 1918 Stephanus
3579 1845 3707 1901 col—

2117 1941 2398 1996 laudavit:
2427 1939 2636 1997 Multos
2660 1953 2840 1996 annos
2856 1940 3259 2009 imperatorum
3283 1935 3483 1992 Basilii
3505 1941 3560 1990 et
3577 1935 3716 1990 Con-

2118 2029 2388 2088 stantini!
2445 2043 2776 2100 magnorum
2815 2028 3163 2083 dictatorum
3206 2031 3264 2082 et
3309 2026 3713 2095 imperatorum

2119 2119 2329 2175 multos
2349 2117 2560 2173 annos!
2585 2117 3045 2174 Orthodoxorum
3068 2116 3476 2186 imperatorum
3505 2111 3717 2166 multos

2117 2207 2333 2265 annos!
2377 2205 2746 2262 Paciﬁcorum
2793 2205 3199 2275 imperatorum
3247 2203 3459 2259 multos
3489 2197 3705 2255 annos!

2117 2296 2514 2367 Depositorum
2532 2295 2835 2364 injustitia
2849 2295 3250 2349 multosannos
3266 2291 3278 2346 l
3295 2290 3553 2346 Hostium
3571 2299 3718 2342 men-

2117 2385 2270 2442 dacii
2289 2385 2690 2441 multosannos
2705 2382 2717 2436 ι
2734 2384 3060 2438 Amatorum
3083 2387 3138 2436 et
3149 2379 3436 2436 fautorum
3461 2375 3718 2432 veritatis

2119 2474 2436 2544 etjustitia
2459 2472 2671 2528 multos
2697 2469 2918 2526 annos!
2949 2469 3170 2524 Nicolai
3214 2465 3532 2523 beatissimi
3565 2475 3721 2534 papa

2119 2563 2356 2619 Romani
2384 2567 2592 2617 aterna
2621 2560 2888 2616 memoria
2915 2559 2927 2612 !
2957 2557 3195 2614 Adriani
3222 2554 3527 2612 orthodoxi
3565 2565 3723 2624 papa

2120 2651 2357 2708 Romani
2378 2650 2591 2705 multos
2601 2647 2810 2703 annos!
2839 2647 3047 2719 lgnatii
3062 2643 3366 2702 orthodoxi
3383 2641 3724 2714 patriarcha

2121 2737 2694 2808 Constantinopoleos
2708 2737 2920 2792 multos
2933 2733 3142 2791 annos!
3159 2732 3476 2788 Orthodoxi
3493 2735 3726 2786 senatus

2127 2828 2339 2885 multos
2363 2826 2574 2882 annos!
2599 2827 2816 2881 Sancta
2839 2831 2895 2880 et
2921 2822 3266 2880 universalis
3287 2819 3490 2892 synodi
3511 2823 3725 2874 aterna

2127 2913 2439 2973 memoriab
2473 2957 2484 2968 .
2515 2913 2941 2984 Deusdeposuit
2966 2911 3264 2968 molimina
3278 2908 3486 2976 Photii,
3506 2905 3728 2977 quain-

413 3004 529 3054 tam
549 2997 1019 3054 consuetudinem
1050 2997 1382 3054 ceciderunt
1405 3001 1460 3051 et
1487 2999 1832 3066 negaverunt
1877 3008 2013 3064 pro-

2123 3006 2353 3076 cipiunt
2375 3003 2642 3059 indivino
2657 3003 2780 3058 loco
2801 3007 2858 3058 ct
2870 3000 3042 3056 simul
3065 2998 3493 3070 deposuiteum,
3513 2999 3728 3050 utmen-

414 3087 541 3157 pria
553 3087 956 3159 chirographa,
974 3101 1099 3158 qua
1121 3087 1260 3142 bene
1270 3099 1336 3142 ac
1349 3084 1692 3156 regulariter
1711 3083 1776 3138 ed
1789 3083 1865 3138 ita
1881 3089 2013 3140 sunt

2127 3094 2279 3150 dacii
2315 3093 2563 3149 amicum
2589 3097 2644 3146 et
2667 3090 3121 3148 conculcatorem
3146 3087 3475 3143 veneranda
3509 3084 3722 3156 ﬁgura.

411 3175 482 3232 ad
498 3175 817 3246 spiritalem
829 3175 1160 3232 conﬂictum
1176 3179 1234 3230 et
1255 3173 1533 3230 unitatem
1558 3176 1768 3228 sancta
1779 3171 2020 3228 catholi-

482 3297 507 3324 ι
536 3282 790 3338 Primum
813 3279 1494 3338 subdiaconorumGraci
1525 3279 1910 3335 domesticum
1931 3291 2024 3336 vo-

415 3359 567 3426 cant,
592 3367 761 3425 quem
782 3353 1023 3410 Romani
1045 3351 1516 3409 oblationarium.

2200 3271 2231 3314 ιι
2257 3271 2494 3329 Iambici
2521 3284 2720 3326 versus
2745 3269 2806 3325 hi
2833 3272 2970 3325 sunt
2995 3266 3147 3338 apud
3173 3267 3418 3322 Gracos.

423 3462 3714 3502 __________________________________————

1750 3580 2002 3652 ACTIO
2075 3577 2417 3649 TERTIA.

490 3789 552 3843 In
582 3785 813 3842 nomine
848 3782 1078 3840 Domini
1122 3785 1178 3837 et
1213 3778 1596 3837 dominatoris
1638 3778 1771 3834 Jesu
1801 3775 2018 3832 Christi

418 3875 537 3932 veri
578 3874 678 3930 Dei
709 3878 767 3929 et
795 3871 1096 3928 salvatoris
1130 3869 1332 3926 nostri.
1364 3867 1708 3924 Consulatus
1731 3867 1841 3922 Deo
1870 3878 2026 3921 coro-

423 3969 688 4022 natorum
733 3961 1101 4018 dominorum
1141 3963 1488 4028 nostrorum,
1542 3955 1742 4012 Basilii
1791 3954 2022 4026 quidem

421 4066 572 4110 anno
601 4052 792 4121 tertio,
823 4048 1184 4107 Constantini
1216 4053 1405 4105 autem
1447 4046 1554 4102 ﬁlii
1587 4046 1712 4116 ejus
1749 4057 1900 4100 anno
1929 4056 2027 4099 se—

423 4142 634 4212 cundo,
698 4141 1104 4212 imperatorum
1153 4143 1553 4208 perpetuorum
1605 4135 2020 4206 Augustorum,

2132 3773 2320 3831 locum
2371 3769 2696 3842 possidente
2739 3763 3044 3821 Theodosii
3093 3761 3447 3820 sanctissimi
3500 3759 3737 3817 archie-

2135 3862 2353 3936 piscopi
2377 3860 2533 3918 sedis
2557 3855 3103 3925 Hierosolymorum:
3139 3851 3353 3908 Deinde
3375 3864 3472 3921 per
3509 3849 3739 3920 jussio-

2135 3966 2260 4010 nem
2287 3950 2603 4006 amicorum
2631 3944 2848 4002 Christi
2881 3949 2937 3999 et
2969 3943 3068 3998 Dei
3091 3941 3378 3998 cultorum
3400 3950 3736 4010 magnorum

2137 4042 2542 4112 imperatorum
2591 4034 2790 4091 Basilii
2842 4038 2899 4089 et
2942 4030 3323 4096 Constantini;
3362 4026 3740 4099 prasentibus

2134 4136 2190 4186 et
2254 4126 2627 4185 audientibus
2703 4123 2864 4180 etiam
2937 4117 3490 4193 magniﬁcentissimi
3572 4115 3740 4186 prin-

425 4204 744 4289 indictione
769 4204 957 4301 tertia,
982 4204 1185 4300 quinto
1215 4204 1350 4283 Idus
1385 4224 1666 4282 Octobris.
1705 4204 2027 4292 Propositis
2053 4217 2108 4278 D
2137 4217 2388 4289 cipibus,
2422 4215 2690 4271 videlicet
2718 4211 3131 4282 ChristOphoro
3173 4204 3740 4279 magniﬁcentissimo

423 4327 481 4379 et
505 4320 750 4377 viviﬁcis
783 4319 960 4392 lignis
989 4315 1344 4374 intemeratis
1370 4314 1578 4372 salutis
1609 4317 1814 4369 nostra
1841 4312 2030 4366 Evan—

426 4413 600 4485 geliis
642 4411 700 4467 in
739 4409 960 4466 dextris
1003 4407 1264 4478 partibus
1301 4418 1366 4460 ca
1397 4405 1862 4460 techumenorum
1895 4398 2032 4468 opi—

430 4501 718 4563 natissimi
742 4499 940 4570 templi
973 4503 1180 4554 sancta
1199 4509 1264 4551 ac
1287 4493 1476 4565 magni
1511 4491 1763 4548 nominis
1781 4487 2028 4558 Sophia,

427 4590 828 4652 convenientib
851 4604 919 4645 us
943 4591 1128 4643 autem
1153 4587 1368 4641 Donato
1383 4584 1496 4637 Deo
1517 4579 1870 4636 amicissimo
1885 4576 2033 4646 epis-

429 4679 854 4754 copoOstiensi,
877 4683 932 4733 et
952 4677 1235 4746 Stephano
1255 4674 1368 4729 Deo
1389 4669 1742 4728 amicissimo
1762 4667 2028 4737 episcopo

428 4771 732 4844 Nepesino,
757 4783 824 4824 ac
843 4766 1063 4822 Marino
1084 4760 1556 4820 reverendissimo
1584 4758 1827 4814 diacono
1855 4769 2030 4812 sanc—

433 4871 504 4920 ta
532 4863 795 4917 Romana
831 4855 1097 4912 Ecclesia
1128 4853 1338 4908 :locum
1379 4846 1759 4905 habentibus?
1788 4843 2023 4900 Adriani

429 4948 782 5010 sanctissimi
805 4943 1122 5003 beatissimi
1144 4938 1560 5010 archiepiscOpi
1579 4935 1826 4994 senioris
1841 4934 2028 4989 Roma

431 5049 487 5100 et
529 5039 749 5114 lgnatio
789 5031 1295 5094 honorabilissimo
1337 5027 1768 5098 archiepiscopo
1800 5022 2030 5094 magni—

431 5130 686 5190 nominis
720 5121 1290 5192 Constantinopoleos
1336 5132 1491 5176 nova
1541 5117 1726 5172 Roma
1763 5127 1828 5169 ac
1858 5125 2032 5168 sanc—

430 5219 680 5278 tissimis
725 5213 964 5273 vicariis
1007 5209 1282 5281 Orientis,
1334 5209 1546 5263 Thoma
1593 5204 1816 5260 scilicet
1858 5213 2032 5256 sanc—

431 5311 659 5368 tissimo
708 5303 1068 5375 metropolita
1122 5301 1276 5371 Tyri,
1343 5297 1528 5353 locum
1583 5291 1820 5348 habente
1877 5289 2031 5345 sedis

432 5397 772 5465 Antiochia,
800 5407 867 5451 eo
887 5391 1037 5464 quod
1073 5390 1305 5446 viduata
1343 5389 1491 5441 esset
1527 5382 1720 5438 eadem
1755 5378 2026 5450 Ecclesia,

429 5496 488 5550 et
523 5487 683 5546 Helia
729 5487 843 5540 Deo
875 5477 1281 5539 colendissimo
1309 5472 1634 5544 presbytero
1671 5474 1727 5525 et
1755 5467 2030 5540 syncello,

2141 4308 2433 4379 magistro,
2496 4303 2716 4360 Bahane
2769 4298 3339 4374 magniﬁcentissimo
3393 4294 3637 4366 patricio
3685 4297 3742 4347 et

2141 4395 2464 4468 praposito,
2520 4392 2694 4449 Paulo
2757 4387 3324 4448 mazniﬁcentissimo
3389 4382 3632 4455 patricio
3687 4386 3744 4436 et

2143 4483 2424 4557 prafecto,
2455 4485 2636 4538 Leone
2676 4476 3246 4551 magniﬁcentissimo
3281 4471 3524 4543 patricio
3553 4475 3611 4526 et
3633 4469 3747 4525 do-

2141 4574 2378 4631 mestico
2438 4570 2858 4636 excubitorum,
2915 4567 3128 4621 Joanne
3181 4557 3748 4633 magniﬁcentissimo

2140 4663 2384 4734 patricio
2429 4667 2484 4716 et
2525 4658 2807 4730 logotheta
2852 4653 3008 4710 acuti
3053 4649 3194 4725 [lege
3227 4645 3476 4722 velocis]
3519 4660 3746 4714 cursus,

2137 4752 2392 4809 Manuele
2419 4744 2984 4820 magniﬁcentissimo
3034 4739 3298 4811 patricio,
3329 4736 3750 4807 Theophylacto

2137 4836 2704 4913 magniﬁcentissimo
2715 4831 2976 4904 patricio,
2993 4832 3229 4885 Petrona
3244 4822 3754 4899 magniﬁcentissi—

2139 4943 2228 4985 mo
2264 4927 2526 4999 patricio,
2567 4925 2762 4980 Oreste
2787 4919 3171 4976 famosissimo
3199 4913 3656 4986 protospathario
3699 4915 3754 4966 et

2135 5017 2447 5074 domestico
2463 5015 2840 5070 icanatorum:
2858 5006 3419 5064 considtibusautem
3433 4999 3758 5058 etDeoami-

2137 5105 2393 5164 cissimis
2417 5101 2724 5173 episcopis,
2742 5100 2915 5168 idest,
2939 5095 3384 5166 NicephoroDeo
3397 5090 3755 5148 amicissimo

2140 5193 2500 5264 metrOpnlita
2521 5189 2782 5258 Amasia,
2797 5187 2991 5242 Niceta
3013 5187 3126 5241 Deo
3149 5181 3513 5240 amacissimo
3537 5185 3758 5235 metro-—

2141 5280 2695 5356 politaAthanarum,
2723 5268 3760 5346 MetrophaneDeoamicissimoSmyr—

2145 5389 2249 5443 na,
2275 5371 2603 5428 Theodoro'
2625 5369 2738 5423 Deo
2780 5365 3135 5422 amicissimo
3170 5357 3527 5428 metrOpolita
3554 5356 3754 5424 Caria,

2144 5461 2449 5533 Euthymio
2469 5461 2582 5514 Dco
2602 5456 2956 5513 amicissimo
2987 5448 3345 5520 metropolita
3375 5449 3618 5518 Cataua,
3645 5443 3761 5500 Mil—

501 5611 811 5684 -Quamvis
842 5603 1320 5681 ipse-Theodorus
1349 5601 1474 5668 post
1509 5595 1788 5666 scriptum
1817 5594 2133 5649 Romanum
2171 5587 2452 5656 libellum,
2515 5583 2751 5640 inducta
2805 5580 2994 5650 culpa,
3045 5589 3215 5648 quam
3271 5577 3470 5629 contra
3504 5571 3760 5642 patriar-
