4024 6170
295 302 363 362 57
989 304 1534 363 INTERPRETATIO
1570 303 1817 362 SYNODI
1854 304 1972 361 VIII
2008 303 2408 361 GENERALIS.
2450 333 2523 345 —
2558 303 2759 360 ACTIO
2796 306 2887 360 III.
3513 300 3585 359 58

292 428 472 486 chaele
493 429 615 484 Deo
638 430 1001 486 amicissimo
1027 431 1388 501 metropolita
1418 430 1624 499 Rhodi,
1654 431 1876 500 Photio,
1906 430 1965 491 A
1990 428 2196 485 fratres
2211 443 2407 486 eorum
2433 434 2837 485 succurrerunt
2854 425 3404 506 [al.,cucurrerunt].
3421 432 3579 489 Con-

290 521 397 575 Deo
417 518 781 574 amicissimo
816 519 1063 575 Nacolia
1088 521 1538 590 archiepiscopo,
1566 519 1879 575 Athanasio

290 606 1050 678 Deoamicissimoepiscopo
1071 608 1255 663 Anilii
1288 608 1605 680 Magnesia,
1633 608 1878 680 Georgio

290 696 1049 767 Deoamicissimoepiscopo
1070 697 1444 767 Heliopoleos,
1465 698 1747 767 Stephano
1765 698 1878 752 Deo

288 783 919 854 amicissimoepiscOpo
930 784 1167 855 Cibyra,
1184 785 1378 840 Niceta
1394 787 1505 841 Deo
1524 784 1878 840 amicissimo

284 875 545 944 episcopo
570 873 944 945 Cephaludis,
963 874 1248 943 Stephano
1271 875 1384 929 Deo
1407 874 1761 929 amicissimo
1778 888 1880 929 ar-

282 962 651 1032 chiepiscopo
661 963 1076 1033 Cypsallorum,
1092 963 1387 1018 Theodoro
1399 963 1511 1018 Deo
1523 963 1877 1018 amicissimo

281 1053 545 1121 episcopo
562 1052 812 1121 Sinopa,
843 1052 1055 1107 Basilio
1090 1053 1201 1107 Deo
1228 1052 1581 1107 amicissimo
1610 1053 1877 1121 episcopo

283 1140 486 1211 Pyrgii,
515 1139 803 1211 Gregorio
819 1142 932 1195 Deo
956 1141 1311 1196 amicissimo
1337 1141 1602 1210 episcopo
1628 1141 1874 1209 Mesina,

285 1229 589 1285 Eustathio
613 1230 731 1284 Deo
774 1229 1128 1285 amicissimo
1174 1230 1463 1297 Emonia,
1507 1230 1879 1300 Xenophonte

281 1320 388 1373 Deo
415 1318 784 1373 amicissimo
809 1318 1076 1387 episcOpo
1104 1318 1345 1387 Milassi,
1390 1320 1567 1373 Leone
1591 1319 1703 1373 Deo
1727 1318 1882 1373 ami—

279 1407 515 1462 cissimo
529 1407 807 1476 episcopo
826 1408 900 1461 Da
910 1407 1189 1476 phnusia,
1219 1408 1383 1462 Petro
1398 1408 1510 1462 Deo
1527 1407 1879 1462 amicissimo

279 1496 549 1566 episcopo
565 1496 828 1563 Troadis,
848 1495 1106 1551 Samuele
1122 1496 1476 1550 amicissimo
1493 1497 1760 1565 episcopo
1775 1496 1883 1549 An-

281 1586 374 1655 tri,
397 1583 660 1639 Antonio
676 1585 789 1639 Deo
801 1584 1155 1639 amicissimo
1170 1584 1436 1653 episcopo
1448 1583 1688 1653 Aliseos,
1708 1585 1884 1638 Nice—

278 1674 455 1744 phoro
488 1673 606 1727 Deo
636 1672 992 1727 amicissimo
1008 1672 1276 1741 episcopo
1299 1672 1579 1741 Crotona,
1610 1672 1883 1727 Michaele

1990 533 2193 589 gruum
2221 533 2353 591 ergo
2376 523 2479 589 est,
2514 527 2574 573 ut
2597 519 2742 574 eatis
2772 518 2839 573 ad
2871 533 2985 589 eos,
3023 524 3078 573 et
3106 521 3418 587 provocetis
3445 521 3577 577 illos

1988 607 2056 662 ad
2079 609 2317 664 salutem
2331 608 2652 664 animarum
2670 621 2922 665 suarum.
2945 607 3129 673 Dicite
3144 609 3335 680 itaque
3351 608 3576 664 eiscum

1989 696 2377 752 benevolentia
2403 704 2458 751 et
2482 697 2837 752 convenienti
2863 695 3112 753 fraterno
3135 696 3339 752 atfectu
3364 714 3377 750 :
3401 696 3578 752 Advo-

1988 800 2184 841 camus
2216 800 2346 841 vos:
2398 786 2446 841 si
2478 799 2612 857 ergo
2642 784 2895 840 feceritis
2919 800 3044 855 qua
3069 785 3337 841 videntur
3365 789 3574 840 sancta

1992 876 2223 945 synodo,
2248 876 2484 930 introite
2504 875 2561 930 in
2593 889 2677 943 ea,
2705 879 2760 929 et
2776 874 3054 944 suscipiet
3078 887 3194 929 vos.
3221 874 3571 929 Etabeuntes

1986 964 2381 1033 Metrophanes
2392 965 2502 1019 Deo
2519 963 2909 1019 amicissimus
2926 962 3283 1031 metropolita
3301 962 3570 1032 Smyrna,

1986 1059 2043 1109 et
2076 1052 2429 1120 Nicephorus
2454 1053 2564 1107 Deo
2589 1051 2978 1106 amicissimus
3020 1050 3377 1120 metropolita
3400 1050 3579 1104 Ama-

1987 1142 2107 1211 sia,
2126 1155 2190 1196 ac
2208 1141 2397 1195 Niceta
2416 1141 2929 1195 Deoamicissimus
2954 1139 3313 1208 metrop'ilita
3338 1138 3581 1193 Athena-

1989 1244 2137 1299 rum,
2159 1229 2431 1283 dixerunt
2453 1244 2576 1298 qua
2596 1229 2709 1283 sibi
2731 1228 2956 1284 fuerant
2983 1229 3280 1297 impetrata
3311 1227 3379 1282 ad
3407 1226 3582 1281 Theo-

1988 1320 2188 1375 dulum
2224 1319 2759 1374 reverendissimum
2791 1317 3205 1386 metropolitam
3238 1315 3491 1385 Ancyra,
3522 1319 3579 1369 et

1990 1408 2368 1478 Nicephorum
2409 1408 2942 1463 reverendissimum
3001 1405 3417 1475 metropolitam
3469 1404 3580 1458 Ni-

1990 1512 2136 1567 caa,
2161 1498 2260 1566 qui
2283 1497 2698 1566 responderunt
2731 1498 2836 1551 ita:
2863 1497 2940 1550 De
2963 1495 3251 1565 pr0posita
3284 1492 3589 1561 subscrip—

1993 1588 2147 1642 tione
2191 1587 2468 1642 rationem
2514 1586 2809 1640 reddimus
2856 1584 3150 1640 sanctitati
3189 1588 3406 1650 vestra,
3449 1580 3587 1650 quia

1994 1681 2222 1745 propter
2252 1674 2625 1730 rationabiles
2662 1680 2717 1729 et
2740 1672 3169 1728 irrationabiles
3198 1668 3588 1738 subscriptio—

280 1763 392 1817 Deo
410 1761 781 1816 amicissimo
805 1762 1072 1829 episcopo
1091 1762 1481 1831 Cercyrorum.
1512 1761 1611 1815 His
1636 1761 1713 1815 ita
1738 1774 1885 1815 con—
1917 1768 1965 1827 Β
1994 1769 2370 1834 nesquaante
2385 1762 2543 1825 facta
2556 1768 2714 1832 sunt,
2755 1762 2971 1833 gravati
2999 1760 3365 1815 deﬂnivimus
3391 1772 3512 1823 nos,
3532 1760 3588 1810 et

274 1850 673 1919 venientibus,
694 1862 937 1921 surgens
951 1850 1348 1919 Metrophanes
1364 1851 1475 1905 Deo
1491 1850 1883 1917 amicissimus

276 1938 644 2008 metropolita
660 1938 931 2008 Smyrna,
962 1950 1073 1993 una
1098 1952 1227 1993 cum
1257 1938 1576 2007 Nicephoro
1597 1939 1708 1993 Deo
1729 1937 1886 1992 ami—

272 2027 509 2082 cissimo
538 2026 907 2095 metropolita
935 2026 1196 2097 Amasia,
1220 2030 1277 2080 et
1302 2026 1499 2081 Niceta
1522 2025 1884 2095 metropolita

273 2114 846 2182 Athenarum,dixit:
870 2114 1075 2169 Omnia
1093 2115 1345 2181 honeste,
1373 2114 1754 2170 etsecundum
1781 2128 1886 2169 or—

274 2205 466 2260 dinem
487 2202 679 2258 facere
697 2203 909 2257 Paulus
930 2216 1168 2273 magnus
1182 2203 1479 2272 apostolus
1488 2202 1654 2271 jubet
1669 2208 1726 2257 et
1745 2215 1886 2257 san-

274 2294 368 2349 cit.
386 2293 639 2348 Videtur
651 2296 842 2347 autem
861 2290 1132 2346 omnibus
1146 2290 1313 2347 nobis
1327 2292 1627 2347 honestum
1641 2305 1782 2357 esse,
1821 2305 1886 2345 ac

284 2381 537 2452 perfecto
563 2380 761 2436 ordini
796 2379 1138 2463 prosimum,
1170 2385 1232 2434 ut
1255 2380 1525 2449 deinceps
1554 2380 1670 2434 hac
1694 2384 1889 2434 sancta

276 2476 326 2525 et
342 2468 704 2525 universalis
720 2468 973 2537 synodus
984 2468 1185 2522 audiat
1200 2467 1655 2537 epistolasamici
1672 2466 1889 2521 Christi

212 2610 215 2611 ν
276 2557 652 2627 imperatoris
678 2556 881 2625 nostri,
911 2570 1053 2625 quas
1080 2556 1240 2610 misit
1260 2556 1329 2610 ad
1345 2556 1778 2611 sanctissimum
1803 2568 1895 2624 pa-

276 2661 396 2717 pam
436 2647 788 2712 Romanum,
840 2649 898 2699 et
936 2644 1190 2699 Orientis
1236 2644 1544 2714 praesules;
1585 2649 1642 2699 et
1688 2658 1888 2700 rursus

276 2734 640 2790 sanctissimi
660 2733 997 2802 patriarcha
1009 2734 1212 2801 nostri,
1231 2733 1437 2788 deindc
1452 2733 1773 2788 beatissimi
1794 2746 1882 2802 pa-

281 2823 623 2895 paAdriani
642 2822 710 2877 ad
735 2821 1162 2876 sanctissimum
1180 2821 1478 2877 dominum
1501 2827 1795 2889 nostrum;
1821 2826 1887 2876 ut

281 2920 333 2969 et
355 2920 565 2968 sancta
603 2911 860 2981 synodus
894 2908 1344 2965 satisfactionem
1387 2910 1575 2966 adhuc
1617 2912 1884 2979 majorem

275 3002 591 3072 accipiens,
608 2999 892 3071 glorificet
908 3000 1103 3066 Deum,
1120 2999 1220 3069 qui
1235 3003 1570 3068 cooperatus
1588 3006 1673 3054 est
1695 2999 1888 3068 piissi-

1992 1852 2285 1907 vinculum
2332 1852 2715 1920 imposuimus
2753 1864 2862 1906 non
2905 1850 3150 1906 ulterius
3198 1847 3579 1915 subscribere,

1995 1946 2196 2010 prater
2210 1940 2264 1995 id
2281 1956 2355 2009 qu
2365 1941 2428 1995 ad
2444 1940 2760 2009 subscripsi
2772 1954 2914 2009 mus,
2930 1945 2985 1993 et
2998 1937 3236 2008 professi
3256 1950 3451 1993 sumus
3464 1934 3588 1990 fidei

1996 2034 2200 2085 nostra
2222 2029 2560 2098 symbolum,
2594 2030 2743 2099 quod
2770 2029 2920 2096 jacet
2940 2028 2998 2082 in
3016 2025 3482 2094 chartophylacio
3497 2036 3586 2078 ve-

1996 2117 2271 2173 nerabilis
2298 2118 2653 2186 patriarcha,
2690 2123 2938 2185 tempore
2967 2112 3414 2170 consecrationis
3444 2125 3587 2167 nos-

1996 2211 2114 2261 tra.
2134 2208 2365 2275 Propter
2375 2206 2523 2275 quod
2536 2205 2789 2260 dicimus
2800 2204 2978 2268 vobis,
2993 2209 3047 2257 et
3060 2215 3325 2271 rogamus
3336 2204 3584 2254 sanctam

2002 2295 2300 2365 synodum,
2335 2295 2385 2349 si
2434 2294 2708 2363 possibile
2750 2297 2853 2362 est,
2897 2290 3191 2360 indulgeat
3228 2288 3393 2343 nobis
3433 2286 3581 2357 quod

2000 2382 2441 2439 deliberavimus
2452 2393 2781 2437 conservare
2794 2379 3111 2449 usquedum
3124 2376 3455 2431 vixerimus.
3474 2375 3586 2428 Deo

2001 2471 2374 2528 amicissimis
2410 2469 2791 2538 metropolitis
2828 2466 3218 2523 deferentibus
3253 2461 3584 2532 hujusmodi

2005 2562 2447 2630 responsionem,
2485 2558 2837 2614 sanctissimi
2867 2556 3069 2611 vicarii
3112 2553 3359 2609 senioris
3396 2553 3586 2607 Roma

2001 2651 2304 2706 dixerunt:
2331 2652 2569 2720 Legitur
2598 2647 2892 2717 responsio
2913 2658 3109 2700 eorum
3135 2644 3192 2697 in
3228 2641 3585 2697 audientiam

1999 2740 2278 2795 omnium.
2302 2738 2674 2807 Etaccipiens
2692 2737 2935 2791 Thomas
2968 2730 3312 2788 venerabilis
3341 2729 3587 2785 subdia-

1997 2842 2250 2884 conusac
2270 2828 2507 2881 devotus
2528 2825 2780 2879 vicarius
2798 2824 2856 2878 in
2882 2821 3234 2878 auditionem
3257 2824 3464 2873 sancta
3485 2832 3587 2886 sy—

1998 2918 2131 2972 nodi
2149 2917 2301 2987 legit.
2322 2917 2386 2969 Et
2401 2916 2604 2970 iterum
2619 2913 2821 2967 vicarii
2835 2910 3081 2966 senioris
3095 2908 3582 2964 Romadixerunt:

1996 3009 2239 3077 Legatur
2258 3004 2499 3073 epistola
2530 3017 2560 3057 a
2592 3004 2703 3057 Deo
2733 3001 2939 3056 muniti
2982 2997 3344 3068 imperatoris
3381 2994 3583 3062 nostri,

279 3105 363 3146 mo
380 3088 729 3159 imperatori
751 3094 942 3143 nostro
962 3088 1019 3141 in
1036 3087 1370 3142 conciliiset
1390 3087 1629 3156 optimis
1645 3087 1879 3156 studiis,
1914 3089 1961 3147 U
1996 3108 2165 3165 quam
2192 3093 2351 3147 misit
2368 3093 2436 3147 ad
2459 3091 2889 3147 sanctissimum
2912 3101 3109 3158 papam
3132 3086 3427 3141 Nicolaum
3460 3093 3501 3136 ι.
3520 3084 3590 3138 Εῑ

276 3180 612 3250 gratiasque
634 3182 764 3248 agat
778 3182 834 3231 et
850 3176 1214 3232 sanctissimo
1233 3176 1572 3245 patriarcha
1592 3182 1806 3245 nostro,
1826 3182 1884 3230 et

276 3268 434 3324 vobis
479 3265 876 3322 sanctissimis
906 3265 1160 3320 vicariis.
1192 3266 1446 3319 Donatus
1478 3269 1535 3319 et
1562 3264 1882 3333 Stephanus

281 3355 642 3412 sanctissimi
669 3354 945 3427 episcopi,
976 3359 1034 3408 et
1069 3353 1325 3409 Marinus
1369 3353 1882 3408 reverendissimus

278 3446 584 3511 diaconus,
614 3443 817 3497 vicarii
840 3442 1089 3497 senioris
1111 3441 1621 3497 Romadixerunt:
1647 3440 1885 3495 Audivi-

278 3548 403 3589 mus
438 3533 591 3604 quia
637 3536 775 3587 sunt
805 3530 1038 3602 quidam
1063 3534 1320 3585 errantes
1361 3543 1429 3585 ex
1454 3529 1883 3585 consecratione

276 3621 606 3678 beatissimi
639 3619 911 3675 Methodii
942 3622 999 3674 et
1026 3618 1379 3675 sanctissimi
1410 3618 1635 3690 lgnatii,
1664 3622 1721 3672 et
1748 3630 1887 3672 nes-

275 3711 597 3781 ciuntquid
628 3709 708 3764 sit
734 3709 916 3778 pietas
930 3711 986 3763 et
1004 3707 1398 3763 misericordia
1416 3712 1623 3762 sancta
1646 3706 1745 3760 Dei
1774 3707 1888 3761 Ec—

276 3800 462 3855 clesia
477 3804 663 3868 atque
674 3796 965 3865 judicium
989 3814 1001 3845 έ
1023 3800 1080 3851 et
1097 3795 1224 3851 ideo
1252 3800 1501 3851 renuunt
1516 3795 1765 3849 scribere
1785 3794 1890 3850 Ro-

280 3902 516 3945 manum
548 3886 838 3955 libellum,
884 3898 1051 3955 quem
1094 3885 1255 3939 misit
1298 3884 1700 3939 sanctissimus
1745 3896 1886 3953 papa

274 3976 593 4033 Adrianus.
628 3975 775 4030 Ante
798 3974 992 4029 omnia
1010 3987 1145 4044 ergo
1174 3973 1508 4027 mandamus
1526 3972 1671 4028 bono
1698 3971 1884 4027 cultui

276 4073 478 4135 vestro,
516 4070 581 4121 ut
605 4064 755 4119 eatis
781 4063 849 4117 ad
878 4076 993 4130 eos,
1020 4067 1076 4116 et
1102 4062 1415 4117 secundum
1442 4061 1773 4121 canonicam
1792 4074 1888 4115 au-

284 4156 619 4211 ctoritatem
647 4150 954 4207 accersatis
978 4164 1093 4217 eos,
1132 4151 1210 4205 ita
1235 4149 1521 4204 dicentes:
1552 4150 1753 4204 Sancta
1788 4164 1890 4219 sy-

281 4244 461 4299 nodus
500 4242 750 4297 advocat
780 4254 897 4306 vos,
954 4244 1017 4294 ut
1046 4237 1274 4293 faciatis
1304 4238 1454 4307 quod
1495 4237 1786 4293 decretum
1832 4243 1889 4293 et

282 4332 567 4387 ceusitum
601 4333 689 4385 est
713 4327 1072 4396 auctoritate,
1116 4330 1170 4381 et
1195 4325 1603 4394 suscipiamini
1634 4339 1666 4380 a
1693 4333 1887 4381 sancta

1992 3182 2283 3251 accipiens
2302 3182 2631 3236 Theodorus
2646 3180 2883 3235 devotus
2902 3191 2934 3231 a
2960 3176 3196 3231 secretis
3213 3174 3367 3243 legit.

1995 3318 2021 3349 «
2058 3300 2123 3352 In
2148 3299 2361 3351 nomine
2383 3298 2586 3357 Patris,
2611 3300 2659 3348 et
2688 3295 2835 3351 Filii.
2864 3297 2914 3346 et
2938 3293 3113 3345 sancti
3137 3290 3374 3359 Spiritus
3400 3288 3585 3348 unius,

2064 3373 2114 3422 et
2163 3370 2351 3430 solius,
2388 3373 2438 3420 et
2479 3368 2593 3420 veri
2632 3368 2749 3427 Dei,
2793 3365 3032 3417 Basilius
3074 3362 3249 3430 ﬁdelis
3295 3362 3589 3427 imperator

2067 3441 2436 3492 Romanorum
2486 3437 2709 3491 Nicolao
2753 3435 3109 3487 sanctissimo-
3130 3445 3287 3501 papa
3330 3432 3588 3490 Romano,

2068 3514 2120 3562 et
2144 3508 2425 3577 spirituali
2448 3522 2657 3575 quoque
2679 3506 2835 3558 Patri
2863 3508 3063 3556 nostro.

2069 3645 2096 3676 «
2121 3622 2381 3693 Qualiter
2399 3636 2459 3677 se
2486 3621 2653 3677 habet
2677 3619 2885 3675 mentis
2902 3622 3108 3674 nostra
3127 3615 3392 3672 voluntas
3417 3626 3590 3682 super

1995 3712 2404 3769 ecclesiasticis
2429 3711 2676 3783 negotiis
2702 3709 2934 3775 nostris,
2954 3723 2987 3764 ο
3011 3706 3271 3762 divinum
3289 3709 3345 3759 et
3364 3715 3589 3759 sacrum

1997 3807 2169 3872 atque
2198 3802 2382 3857 instar
2424 3800 2612 3856 Aaron
2658 3797 3025 3854 reverendum
3070 3799 3260 3864 caput,
3304 3793 3364 3848 in
3410 3790 3589 3861 priori

1996 3891 2243 3961 epistola
2278 3890 2657 3945 innotuimus.
2698 3886 3027 3942 Nescientes
3058 3889 3267 3953 autem,
3296 3882 3346 3937 si
3378 3880 3594 3936 sanctis

1998 3979 2230 4050 vestris,
2271 3984 2328 4033 et
2360 3978 2674 4034 secundum
2702 3979 2926 4046 Moysen
2956 3976 3067 4029 Deo
3100 3970 3467 4044 gratissimis,
3512 3968 3592 4024 sit

2000 4068 2186 4139 positi
2216 4066 2420 4137 palmis
2443 4064 2656 4137 (multa
2682 4078 2924 4134 namque
2951 4063 3009 4117 in
3039 4061 3353 4132 longinquo
3388 4059 3592 4113 itinere

2002 4157 2375 4227 impedientes
2387 4156 2656 4210 accidunt
2670 4152 2891 4224 causa),
2910 4151 3289 4206 necessarium
3303 4146 3595 4216 conspexi-

1984 4234 2129 4302 mus
2158 4245 2405 4314 primum
2438 4256 2563 4313 qua
2586 4244 2644 4297 in
2671 4243 2861 4297 eadem
2888 4239 3328 4295 continebantur
3349 4234 3593 4305 epistola

2003 4335 2061 4389 in
2091 4334 2245 4389 brevi
2264 4344 2721 4400 commemorare,
2745 4335 2801 4385 et
2822 4342 2970 4384 nunc
2995 4342 3120 4398 qua
3140 4325 3445 4381 defuerunt
3465 4337 3594 4391 sup-

282 4420 530 4489 synodo;
566 4429 753 4486 neque
778 4415 930 4469 enim
958 4414 1077 4469 vult
1102 4414 1368 4469 claudere
1394 4412 1610 4468 viscera
1634 4427 1771 4484 sua;
1806 4414 1885 4468 in-

2004 4423 2173 4493 plere.
2198 4422 2445 4477 Habebat
2464 4421 2654 4490 itaque
2674 4420 2733 4474 in
2751 4418 2963 4488 quibus
2982 4416 3146 4470 malis
3167 4414 3469 4469 Ecclesiam
3500 4425 3594 4467 no—

283 4508 419 4562 vitat
443 4521 589 4578 ergo
621 4519 723 4559 vos
746 4504 969 4559 venire:
1000 4516 1064 4558 ac
1088 4502 1402 4558 secundum
1440 4501 1622 4557 libelli
1651 4501 1890 4557 satisfa—

283 4597 527 4651 ctionem
565 4593 760 4662 facite,
783 4591 1258 4662 quemadmodum
1285 4595 1342 4644 et
1358 4590 1546 4644 cateri
1568 4589 1772 4645 fratres
1789 4604 1891 4645 ve-

283 4684 386 4737 stri
413 4683 720 4747 fecerunt;
749 4685 807 4734 et
830 4679 1077 4748 suscipit
1102 4693 1200 4734 vos
1227 4683 1421 4732 sancta
1462 4683 1518 4732 et
1545 4678 1889 4733 universalis

285 4773 560 4842 synodus.
576 4770 893 4824 Thomasct
906 4767 1090 4822 Helias
1104 4766 1457 4821 sanctissimi
1473 4766 1675 4820 vicarii
1695 4766 1893 4822 Orien-

284 4861 486 4915 talium
505 4858 737 4913 sedium
755 4856 1053 4911 dixerunt:
1074 4855 1395 4910 Secundum
1422 4853 1624 4909 solitas
1640 4860 1892 4911 etcano—

283 4948 440 5003 nicas
460 4946 881 5018 praceptiones
893 4944 1282 5013 apostolorum
1300 4956 1366 4997 ac
1383 4948 1710 4998 sanctarum
1729 4958 1894 5013 syno-

281 5037 485 5092 dorum
504 5042 567 5091 et
587 5049 692 5090 nos
717 5033 1098 5103 providemus,
1122 5036 1266 5087 nutu
1284 5031 1887 5101 misericordiaducti,

288 5132 346 5181 nt
370 5126 786 5183 adsciscantur
814 5122 883 5177 ad
912 5121 1056 5177 hanc
1084 5121 1236 5177 viam
1278 5120 1506 5192 salutis,
1533 5121 1602 5177 ad
1636 5136 1806 5192 quam
1834 5126 1892 5178 et

284 5306 448 5361 cham
482 5305 769 5375 lgnatum,
797 5300 869 5355 ab
910 5300 1379 5375 illo_recedendo,
1423 5304 1479 5355 et
1518 5306 1714 5375 contra
1746 5301 1891 5375 sub—

285 5372 667 5444 scriptionem
687 5386 847 5429 suam
866 5372 1083 5444 agendo
1099 5372 1477 5440 commiserat,
1502 5386 1598 5440 per
1629 5372 1888 5427 libellum

289 5443 649 5517 paenitentia
661 5450 927 5517 acceptus
940 5443 1019 5497 sit
1042 5461 1056 5510 ;
1074 5448 1259 5511 postea
1280 5449 1465 5497 tamen
1478 5445 1884 5517 deprehensus,

288 5514 436 5587 quod
473 5517 538 5571 in
581 5514 945 5587 depositione
974 5528 1039 5569 ac
1082 5516 1435 5587 anathemate
1470 5528 1622 5587 papa
1664 5514 1883 5569 Nicolai

290 5584 621 5658 scripserit,
648 5586 720 5641 ab
750 5587 1014 5642 universa
1039 5585 1250 5655 synodo
1280 5584 1401 5640 sola
1440 5598 1541 5652 pro
1572 5586 1676 5639 hac
1714 5599 1885 5641 causa

2001 4518 2195 4575 stram,
2238 4510 2463 4580 quando
2492 4508 2716 4577 imperii
2750 4506 2966 4563 divinis
2994 4502 3355 4560 orationibus
3387 4500 3594 4556 vestris

2001 4599 2383 4672 gubernacula
2410 4598 2786 4667 suscepimus,
2830 4594 3216 4650 invenerimus
3245 4591 3385 4646 male
3405 4591 3594 4659 jacen-

2001 4696 2132 4758 tem,
2155 4686 2555 4751 insanabiliter
2574 4686 2952 4756 languentem,
2976 4682 3230 4753 legitimo
3257 4684 3472 4735 rectore
3502 4678 3595 4732 de-

2003 4776 2179 4831 nudat
2197 4790 2291 4846 im,
2317 4775 2615 4845 tyrannide
2633 4774 2936 4842 detentum,
2951 4770 3123 4825 alieni
3144 4769 3387 4838 pastoris
3407 4766 3596 4823 servi—

2004 4864 2113 4919 tuti
2138 4865 2470 4932 subjectam,
2495 4862 2687 4918 omnia
2706 4861 2888 4916 instar
2907 4858 3131 4915 ancilla
3154 4858 3459 4926 patientem
3484 4868 3596 4911 ma-

2001 4952 2109 5025 gis,
2141 4965 2309 5022 quam
2356 4964 2507 5006 more
2540 4951 2748 5021 regina
2774 4949 3088 5019 quidquim
3132 4950 3436 5018 gerentem.
3468 4946 3592 4999 Hac

2003 5047 2138 5097 sunt
2180 5055 2303 5112 qua
2330 5040 2429 5094 illa
2460 5038 2820 5111 significabat
2847 5036 3107 5107 epistola.
3163 5036 3231 5090 Et
3263 5034 3516 5105 quadam
3561 5046 3593 5087 a

2003 5130 2169 5186 nobis
2192 5128 2405 5201 agenda
2431 5126 2549 5183 fore
2573 5127 2694 5183 visa
2725 5132 2877 5195 sunt,
2911 5125 3163 5196 quadam
3190 5137 3318 5179 vero
3350 5128 3594 5192 paterna

2000 5301 2252 5369 dejectus
2294 5303 2397 5369 est,
2443 5297 2722 5353 duntaxat
2763 5295 2911 5351 beati
2953 5295 3104 5349 Petri
3143 5294 3367 5363 judicio
3408 5306 3597 5347 reser—

2038 5387 2181 5425 atus.

2038 5390 2043 5399 '
2138 5387 2181 5425 s.

2001 5379 2199 5497 “Euan
2246 5441 2561 5496 Adrianum
2612 5439 2841 5496 missam
2867 5439 3088 5505 dicunt,
3133 5432 3593 5506 quoniam_hanc

1996 5512 2286 5595 Adrianus
2317 5512 2587 5582 suscepit,
2624 5525 2747 5581 qua
2778 5517 2962 5565 tamen
2988 5509 3055 5563 ad
3080 5502 3378 5561 Nicolaum
3408 5502 3594 5555 fuerat

2002 5591 2236 5639 scribta.
2308 5592 2317 5599 '
3086 5634 3113 5639 _

2002 5599 2236 5653 scripta.
3082 5634 3114 5649 ,,
