4024 6170
407 261 479 319 59
1583 259 1951 318 ANASTASII
1996 257 2536 318 BIBLIOTHECARII
3651 261 3718 319 60

411 384 703 445 sanctitati
731 387 930 442 vestrae
950 385 1180 456 penitus
1199 383 1594 458 relinquenda.
1613 387 1819 442 Verum
1842 385 2011 442 nobis
2036 385 2097 448 Α
2128 388 2184 441 et
2205 383 2529 456 patriarcha
2557 384 2800 457 Ignatio,
2824 397 2992 456 quam
3031 383 3103 441 de
3136 383 3461 443 miserrimo
3492 385 3718 458 Photio,

410 475 559 533 nlhil
573 473 1036 546 ampliusdebere
1052 473 1175 531 ﬁeri
1190 475 1378 532 visum
1400 479 1505 546 est,
1530 474 1666 542 nisi,
1688 477 1752 531 ut
1772 474 2013 531 Photius

409 563 642 637 quidem
683 576 717 620 a
761 563 892 620 sede
939 567 1339 635 removeretur,
1384 568 1442 618 et
1484 576 1674 618 secum
1719 563 2011 634 quiescere

406 653 803 710 hortaremur:
840 652 1052 724 quippe
1077 651 1180 724 qui
1211 651 1389 707 multa
1415 655 1612 707 contra
1635 651 1930 707 veritatem
1955 653 2014 706 et

404 746 604 798 contra
634 754 858 797 sacrum
886 741 1246 811 pontificium
1295 743 1548 796 vestrum
1579 741 1922 812 commovit;
1947 740 2009 794 in

405 833 628 886 tantum
647 829 801 886 enim
824 829 1012 886 rabies
1030 829 1195 885 illius
1209 826 1468 900 profecit.
1495 826 1570 883 At
1584 841 1714 884 vero
1751 829 2010 900 Ignatius

404 919 808 976 sanctissimus
831 921 888 974 et
918 917 1206 989 spiritalis
1249 922 1407 988 pater
1449 921 1660 990 noster,
1706 916 1808 988 qui
1859 918 2010 976 clare

405 1008 654 1078 injurias
669 1012 726 1065 et
747 1007 1108 1080 tyrannidem
1127 1005 1368 1078 pertulit
1391 1005 1702 1062 secundum
1719 1007 2008 1076 judicium

402 1101 460 1154 et
477 1096 977 1168 justiﬂcationem,
1005 1109 1132 1166 quae
1159 1095 1219 1152 in
1243 1095 1490 1152 diversis
1512 1095 1778 1166 epistolis
1800 1096 2008 1152 vestris

405 1187 635 1242 inventa
673 1188 761 1241 est
811 1181 1159 1256 (quanquam
1214 1197 1314 1255 per
1363 1183 1586 1240 easdem
1640 1183 1864 1240 litteras
1908 1184 2007 1241 vix

404 1287 556 1330 nunc
579 1273 852 1330 omnibus
877 1271 1250 1330 manifestum
1277 1271 1717 1330 constituimus:
1744 1273 1830 1328 sic
1849 1273 2003 1329 enim

403 1362 542 1433 ipsa:
569 1361 776 1418 litterae
805 1361 1042 1432 obruta,
1075 1365 1132 1418 et
1157 1361 1496 1418 nullatenus
1529 1361 1872 1432 quibusdam
1901 1375 2007 1418 os-

402 1455 576 1508 tensa:
600 1449 818 1507 fuerint
845 1450 917 1506 ab
944 1450 1021 1506 iis
1063 1451 1162 1521 qui
1189 1453 1322 1506 ante
1347 1463 1452 1506 nos
1493 1449 1881 1520 principatum
1912 1454 2005 1505 te-

401 1539 670 1612 nuerunt)
681 1553 782 1610 per
791 1553 1010 1610 aequam
1023 1540 1298 1610 etjustam
1313 1539 1606 1595 veritatem
1620 1539 1688 1595 ad
1705 1539 2000 1610 proprium

402 1627 674 1686 thronum
701 1633 1094 1685 revocaretur:
1127 1629 1372 1700 reliquis
1395 1631 1584 1684 autem
1612 1626 1780 1683 ﬁnem
1807 1628 2001 1698 impo-

2118 474 2392 530 destinati
2413 477 2551 530 sunt
2566 473 2636 529 ab
2656 473 2894 530 amabili
2915 473 3144 530 Christo
3169 475 3411 545 imperio
3431 481 3630 532 nostro
3649 477 3715 534 ad

2123 567 2411 633 paternam
2433 563 2793 619 sanctitatem
2813 567 3056 619 vestram
3072 563 3143 618 ab
3161 568 3402 635 utraque
3420 568 3579 634 parte
3593 579 3720 635 apo-

2119 652 2374 708 crisiarii
2400 670 2415 722 ;
2437 667 2470 707 a
2505 651 2868 708 sanctissimo
2899 652 3130 723 quidem
3153 652 3478 722 patriarcha
3497 654 3717 725 Iguatio

2116 740 2358 796 Joannes
2375 739 2734 810 metropolita
2750 739 2928 810 Silaei,
2947 753 2979 796 a
2999 740 3200 796 Photio
3220 753 3352 796 vero
3373 741 3574 797 Petrus
3595 755 3720 798 me—

2118 825 2391 897 tropolita
2409 827 2626 899 Sardis,
2649 841 2779 883 cum
2797 827 3012 898 quibus
3031 831 3088 883 et
3109 825 3154 899 a|
3171 827 3459 884 divinitus
3494 829 3720 886 munito

2121 917 2362 986 imperio
2381 922 2576 973 nostro
2593 916 2804 973 missus
2817 920 2904 972 est
2920 915 3171 973 Basilius
3185 916 3516 988 spatharius
3537 935 3554 990 ;
3573 931 3720 988 quos

2118 1005 2384 1062 volumus
2401 1009 2465 1061 ut
2490 1011 2722 1076 paterna
2741 1005 3019 1061 sanctitas
3041 1009 3227 1061 vestra
3252 1005 3553 1078 suscipiat,
3577 1010 3636 1063 et
3657 1008 3717 1063 in

2115 1099 2424 1165 conspectu
2440 1095 2858 1165 episcoporum,
2879 1094 2977 1165 qui
2991 1107 3062 1150 ex
3083 1099 3325 1165 utraque
3338 1095 3715 1164 partedirecti

2115 1186 2270 1254 sunt,
2286 1197 2412 1254 qua:
2427 1183 2776 1240 videbuntur
2790 1182 3084 1240 sanctitati
3097 1187 3210 1240 tuae
3220 1183 3720 1241 ecclesiasticisle-

2115 1271 2286 1344 gibus
2308 1277 2481 1343 atque
2506 1272 2825 1328 canonibus
2843 1272 2915 1328 de
2945 1273 3188 1328 summis
3227 1273 3626 1330 sacerdotibus
3663 1279 3721 1330 et

2114 1361 2506 1418 sacerdotibus
2523 1362 2774 1418 sanciat:
2797 1375 2926 1418 cum
2947 1361 3152 1433 hisque
3173 1361 3366 1418 mittat
3381 1363 3548 1419 nobis
3568 1377 3720 1420 reve-

2113 1449 2359 1506 rendissi
2369 1463 2487 1506 mos
2499 1450 2926 1522 apocrisiarios,
2943 1455 3007 1506 ut
3021 1450 3370 1508 certiiicetur
3384 1451 3718 1521 expressius

2109 1543 2166 1595 et
2191 1539 2396 1609 purius
2416 1538 2780 1595 sanctissima
2803 1539 3043 1596 ecclesia
3071 1544 3284 1611 nostra,
3312 1541 3479 1610 cujus
3497 1540 3719 1596 volun-

2109 1627 2248 1684 tatis
2268 1629 2544 1684 sanctitas
2555 1633 2653 1684 tua
2675 1641 2846 1698 super
2859 1628 3122 1699 utrisque
3137 1628 3434 1685 consistat.
3451 1631 3532 1685 Ita
3555 1635 3717 1699 pater

402 1717 672 1784 nendum,
725 1718 840 1774 imo
877 1731 1011 1774 vero
1035 1722 1092 1774 et
1132 1717 1248 1774 haec
1299 1717 1491 1773 eadem
1544 1716 1994 1788 approbandum,
2028 1704 2082 1766 Β
2108 1716 2415 1788 spiritalis,
2447 1716 2808 1774 etdivinitus
2833 1717 3162 1774 honorande
3187 1731 3406 1773 summe
3431 1717 3710 1790 pontifex,

400 1810 572 1878 atque
603 1807 807 1863 horum
857 1807 1154 1878 sequentia
1201 1805 1649 1878 terminandum,
1700 1805 1995 1876 spirituali

401 1895 692 1952 sanctitati
722 1895 1283 1952 vestraedimisimus.
1315 1895 1592 1951 Videlicet
1609 1895 1679 1950 de
1706 1893 1798 1950 his
1823 1907 2001 1950 sacer-

398 1983 635 2040 dotibus
665 1983 766 2054 qui
794 1997 863 2040 ex
889 1987 1133 2055 utraque
1158 1988 1315 2054 parte
1346 1979 1734 2054 peccaverunt,
1769 1986 1826 2038 et
1867 1987 2000 2038 ante

399 2084 432 2127 a
457 2073 822 2128 sanctissimo
850 2073 1174 2142 patriarcha
1213 2072 1432 2145 Ignatio
1463 2071 1778 2128 consecrati
1805 2084 2002 2128 secun-

398 2159 534 2216 dum
566 2160 867 2230 scriptura:
905 2173 1022 2216 sua:
1049 2158 1484 2230 confessionem,
1515 2159 1573 2216 in
1612 2159 1852 2214 veritate
1883 2158 2004 2214 mi-

399 2248 553 2304 nime
575 2252 1027 2320 permanserunt,
1058 2262 1227 2320 quam
1251 2248 1402 2318 quia
1421 2247 1625 2306 Photio
1647 2247 1772 2304 viro
1801 2247 2000 2318 impu—

396 2337 556 2393 denti
585 2350 787 2393 manus
813 2336 1238 2406 impositionem
1261 2340 1634 2406 susceperunt
1655 2353 1668 2390 :
1696 2349 1798 2392 nec
1813 2349 1926 2392 non
1943 2341 2000 2392 et

397 2425 468 2481 de
496 2424 590 2480 his
606 2425 848 2482 summis
873 2423 1286 2496 sacerdotibus,
1304 2429 1360 2480 et
1385 2423 1798 2496 sacerdotibus,
1825 2428 1998 2496 atque

397 2511 723 2582 abbatibus,
757 2512 858 2583 qui
895 2512 1278 2568 diversimode
1311 2511 1699 2583 scripserunt:
1751 2526 1996 2582 quorum

397 2601 630 2672 quidem
655 2600 759 2656 alii
785 2600 840 2656 vi
867 2600 952 2656 vel
982 2601 1301 2671 tyrannide,
1333 2601 1437 2656 alii
1469 2614 1600 2667 vero
1625 2601 1998 2671 simplicitate

397 2693 498 2745 aut
527 2689 775 2760 levitate,
803 2688 1037 2760 quidam
1063 2703 1194 2746 vero
1223 2689 1554 2747 seductione
1591 2703 1658 2746 ac
1699 2689 1992 2760 versutiis,

398 2777 633 2848 quidam
663 2791 796 2834 vero
827 2770 1164 2834 muneribus
1187 2783 1244 2834 et
1273 2777 1592 2835 honoribus
1613 2778 1997 2834 diversimode

396 2865 618 2936 decepti
640 2869 792 2922 sunt.
827 2867 998 2922 Pauci
1025 2867 1177 2923 enim
1213 2867 1539 2938 superiores
1561 2867 1805 2938 tlaqueo
1833 2867 1998 2923 illius

399 2968 636 3025 prorsus
658 2953 842 3011 effecti
883 2959 1055 3025 sunt;
1085 2955 1200 3014 imo
1225 2969 1358 3012 vero
1392 2955 1700 3012 dicendum
1725 2959 1830 3026 est,
1858 2955 1999 3027 quia

2107 1805 2356 1861 accelera
2372 1819 2474 1875 pro
2485 1805 2751 1862 Ecclesiae
2774 1810 2980 1862 nostra;
2993 1805 3346 1862 correctione
3361 1811 3418 1860 et
3435 1806 3713 1863 conﬂictu

2107 1896 2306 1950 contra
2328 1880 2674 1964 injustitiam
2697 1898 2867 1965 atque
2883 1893 2953 1949 ad
2976 1893 3240 1949 veritatis
3259 1893 3712 1950 satisfactionem

2111 1982 2356 2038 multam
2374 1981 2542 2038 nobis
2564 1982 2904 2054 congeriem
2935 1981 3215 2039 bonorum
3245 1983 3478 2054 donare,
3525 1982 3583 2038 id
3623 1989 3713 2040 est

2111 2071 2388 2128 unitatem
2410 2071 2699 2142 mundam,
2731 2084 3056 2144 compagem
3082 2071 3402 2144 spiritalem
3441 2071 3512 2127 ab
3550 2073 3706 2128 omni

2109 2159 2472 2215 contentione
2507 2172 2573 2215 ac
2619 2159 2927 2215 schismate
2969 2159 3227 2231 liberam,
3279 2159 3588 2216 Ecclesiam
3648 2161 3710 2216 in

2108 2247 2338 2304 Christo
2377 2260 2568 2318 unam,
2615 2253 2672 2303 et
2700 2247 2848 2304 ovile
2886 2247 2988 2304 uni
3032 2247 3426 2304 obsecundans
3469 2251 3709 2321 pastori,

2107 2337 2276 2406 cujus
2295 2340 2360 2392 tu
2397 2336 2661 2392 minister
2681 2349 2747 2392 ac
2777 2335 3100 2392 immolator
3124 2337 3328 2392 existis
3349 2337 3706 2396 verissimus.

2105 2425 2303 2481 Saluto
2328 2430 2588 2480 sanctum
2605 2429 2660 2481 et
2679 2424 3060 2481 desiderabile
3080 2425 3225 2480 mihi
3247 2431 3424 2496 caput
3440 2428 3608 2496 quasi
3637 2427 3716 2484 la-

2106 2512 2224 2570 biis
2251 2526 2348 2584 per
2379 2513 2618 2570 litteras.
2649 2513 2799 2570 Vale.
2825 2513 3001 2570 Missa
3022 2518 3108 2570 est
3135 2527 3326 2570 mense
3355 2515 3704 2584 Decembris,

2105 2602 2201 2658 die
2233 2601 2552 2659 undecimo.
2576 2620 2603 2652 »

2175 2693 2245 2748 Et
2268 2691 2704 2762 postlectionem
2719 2692 3004 2762 praedictae
3021 2692 3278 2762 epistolae
3287 2693 3578 2764 accipiens
3595 2694 3714 2752 Ste-

2109 2779 2334 2850 phanus
2357 2783 2470 2838 Deo
2495 2781 2764 2838 amabilis
2801 2781 3082 2838 diaconus
3109 2786 3164 2838 et
3183 2783 3422 2839 devotus
3446 2785 3711 2842 notarius

2107 2869 2408 2938 epistolam
2471 2870 2824 2927 sanctissimi
2877 2871 3218 2940 patriarchae
3261 2871 3492 2944 Ignatii,
3535 2887 3708 2944 quam

2107 2957 2176 3012 ad
2221 2958 2650 3015 sanctissimum
2691 2972 2892 3030 papam
2937 2957 3254 3016 Adrianum
3304 2960 3557 3034 miserat,
3619 2961 3712 3018 le—

399 3055 540 3114 pene
564 3057 760 3100 omnes
783 3045 1013 3117 sacrati,
1041 3048 1154 3101 tam
1183 3045 1406 3116 priores
1435 3057 1604 3116 quam
1632 3026 2010 3115 posteriores,
2029 3027 2080 3090 C
2109 3046 2228 3118 git:

398 3131 500 3202 qui
515 3131 622 3188 sub
635 3132 802 3189 nobis
814 3137 967 3202 sunt,
985 3133 1148 3203 male,
1171 3137 1228 3190 et
1243 3137 1432 3190 utnon
1453 3132 1750 3203 oportebat
1767 3133 1997 3190 tractati

399 3223 552 3276 sunt.
567 3221 646 3276 De
663 3220 874 3291 quibus
894 3222 1183 3278 decretum
1200 3226 1258 3278 et
1267 3223 1555 3292 judicium
1574 3214 1799 3278 mittere
1822 3227 2001 3293 pater-

398 3320 527 3363 nam
549 3309 908 3364 sanctitatem
931 3313 1174 3366 vestram
1216 3310 1647 3381 prtescribentcs
1669 3309 1700 3352 δ
1728 3311 2000 3382 poposci—

397 3409 545 3468 mus,
577 3400 635 3452 et
669 3409 821 3453 nunc
862 3399 1214 3468 expetimus:
1263 3399 1535 3456 addentes
1575 3399 1711 3456 huic
1739 3399 1996 3470 epistolae

397 3497 499 3555 pro
521 3485 634 3557 his,
660 3486 758 3556 qui
783 3487 1112 3544 ceciderunt
1132 3487 1604 3560 benignissimum
1646 3489 1998 3557 postulatio-

395 3585 544 3646 nem,
566 3578 622 3630 et
639 3575 881 3630 maxime
900 3575 971 3631 de
992 3575 1069 3630 iis
1090 3576 1189 3646 qui
1215 3576 1563 3644 poenitentiae
1581 3576 1768 3632 locum
1793 3575 1996 3646 requi—

396 3667 550 3733 runt,
574 3666 632 3718 et
667 3664 736 3719 ad
766 3662 1089 3736 legitimum
1112 3677 1397 3720 summum
1419 3663 1766 3719 sacerdotem
1789 3677 1996 3719 recur-

395 3754 566 3806 runt:
601 3755 883 3820 quatenus
905 3765 1016 3807 non
1038 3751 1303 3807 Ecclesite
1324 3755 1532 3808 nostra:
1551 3752 1794 3808 summis
1813 3765 1996 3809 sacer-

393 3837 648 3905 dotibus,
689 3842 745 3894 et
779 3839 1187 3896 sacerdotibus
1222 3841 1322 3910 qui
1371 3839 1479 3897 sub
1517 3841 1670 3897 omni
1713 3842 1992 3914 regimine

394 3931 590 3982 nostro
611 3926 958 3997 consistunt,
979 3940 1279 3984 commune
1299 3933 1564 3986 occurrat
1601 3929 1985 4003 naufragium,

394 4013 799 4084 propemodum
815 4014 1994 4088 universisillisdefalsisetimpotabilibus

395 4101 763 4174 gustantibus
776 4103 1110 4175 iniquitatis
1129 4104 1544 4164 rheumatibus.
1560 4107 1740 4178 Super
1759 4107 1851 4163 his
1874 4108 1994 4164 ita—

395 4205 505 4262 que
543 4191 900 4262 postulamus
945 4193 1561 4264 compatientissimum
1609 4197 1992 4254 sacerdotium

393 4283 580 4351 tuum,
597 4285 660 4338 ut
673 4293 898 4338 manum
913 4282 1170 4354 porrigat
1197 4282 1595 4357 humanitatis,
1609 4289 1868 4343 eteorum
1881 4287 2000 4344 dis.

393 4375 589 4439 penset
608 4369 871 4441 salutem,
909 4372 1009 4442 qui
1052 4373 1350 4444 proprium
1385 4373 1666 4431 duntaxat
1707 4381 1994 4446 peccatum

395 4459 789 4529 pronuntiant,
830 4462 886 4515 et
919 4461 1142 4517 veniam
1185 4461 1445 4533 accipere
1463 4463 1534 4520 de
1554 4477 1618 4520 eo
1648 4461 1735 4537 [ut
1772 4465 1993 4521 veniam

392 4548 680 4618 accipiant
698 4549 770 4604 ab
789 4545 875 4624 eo]
893 4549 1154 4620 qui\male
1165 4563 1230 4606 ac
1243 4552 1509 4622 nequiter
1527 4552 1599 4608 ab
1614 4553 1758 4622 ipsis
1780 4553 1996 4609 moles—

394 4641 548 4694 tatus
567 4642 654 4694 est
673 4653 896 4695 summo
935 4639 1303 4696 sanctissimo
1325 4641 1617 4698 sacerdote
1635 4642 1952 4712 deposcunt
1973 4661 1986 4698 :

391 4739 488 4782 eos
507 4726 660 4782 enim
675 4727 773 4799 qui
791 4733 1122 4798 permanent
1139 4729 1199 4784 in
1223 4729 1464 4800 malitia,
1478 4733 1534 4785 et
1547 4730 1828 4787 noluntad
1851 4731 1994 4788 veri—

394 4815 532 4871 tatis
560 4816 820 4872 semitam
862 4817 1150 4889 repedare,
1175 4817 1372 4873 nullus
1416 4819 1618 4875 modus
1656 4819 1740 4875 vel
1782 4819 1930 4876 ratio
1957 4835 1990 4877 a

391 4903 861 4961 condemnatione
882 4905 1170 4961 liberabit.
1199 4905 1270 4960 Ut
1288 4905 1476 4962 autem
1503 4905 1802 4964 manifesta
1817 4909 1990 4965 etiam

392 4991 470 5049 iis
491 4993 591 5064 qui
618 5007 688 5050 ex
713 5000 864 5050 sorte
887 4999 1024 5052 sunt
1043 4995 1234 5052 Photii
1260 5001 1444 5052 vestra
1468 4997 1664 5054 divina
1691 5002 1748 5053 et
1770 5002 1992 5068 aposto-

393 5083 505 5140 lica
535 5082 633 5139 ﬁat
653 5084 954 5156 sententia,
987 5089 1102 5141 tam
1123 5085 1193 5141 de
1214 5085 1578 5142 sanctissimo
1601 5091 1759 5157 patre
1793 5093 1989 5144 nostro

461 5284 484 5314 ι
511 5271 571 5327 Id
620 5273 708 5328 est
745 5270 1030 5346 fortiores,
1069 5274 1154 5330 vel
1196 5274 1562 5346 potentiores,
1612 5287 1737 5335 nam
1781 5274 1987 5332 fortior

392 5342 532 5418 ﬁtet
553 5343 840 5418 potentior
861 5342 1083 5418 laqueo,
1100 5342 1214 5418 qui
1229 5347 1300 5402 ab
1323 5347 1424 5401 illo
1447 5342 1709 5416 praévalet
1727 5347 1980 5418 exsilire,

390 5414 476 5470 vel
500 5413 579 5470 ita
600 5415 864 5490 superior
884 5413 1086 5490 laqueo
1107 5413 1310 5487 factus,
1334 5417 1434 5488 qui
1448 5413 1518 5472 ~ln
1543 5417 1645 5473 illo
1670 5431 1778 5474 non
1799 5423 1885 5474 est
1906 5413 1986 5474 re-

391 5489 602 5558 tentus,
638 5487 733 5542 sed
767 5492 832 5542 ut
851 5487 980 5542 aves
1012 5488 1254 5557 desuper
1275 5487 1690 5558 quodammodo
1719 5493 1986 5545 transvo-

391 5555 593 5629 lantes,
617 5562 918 5614 evaserunt
941 5555 1252 5614 secundum
1275 5555 1419 5615 illud
1452 5559 1807 5616 Salomonis:
1832 5562 1984 5618 Rm—

2107 3179 2132 3210 c
2177 3171 2286 3224 Deo
2315 3169 2640 3234 honorabili,
2688 3170 2880 3226 dilecto
2920 3171 3094 3233 fratri
3121 3175 3173 3226 et
3213 3173 3574 3228 comministro
3598 3173 3710 3230 Ni—

2179 3241 2328 3296 σοιαο
2377 3245 2716 3297 sanctissimo
2756 3257 2918 3312 papae
2965 3244 3193 3298 senioris
3238 3245 3413 3298 Romae
3455 3245 3708 3311 Ignatius

2176 3314 2550 3438 risericordia
2593 3316 2694 3368 Dei
2728 3313 3163 3384 archiepiscopus
3205 3313 3710 3386 Constantimpoli-

2203 3400 2361 3438 anus.

2203 3400 2361 3440 anus.

2175 3488 2387 3543 Eorum
2415 3481 2715 3540 vulnerum
2741 3485 2913 3553 atque
2933 3481 3180 3540 livorum
3211 3483 3312 3555 qui
3341 3483 3400 3540 in
3435 3485 3709 3543 membris

2105 3574 2356 3633 hominis
2367 3571 2692 3628 consistunt
2703 3571 2912 3627 multos
2923 3572 3171 3630 medicos
3183 3573 3546 3646 protulitars;
3561 3575 3708 3632 hanc

2105 3663 2336 3736 quidem
2352 3660 2672 3732 passionem
2689 3659 2807 3716 alio
2830 3659 3147 3731 accipiente
3169 3669 3226 3718 et
3249 3661 3485 3718 alteram
3501 3663 3703 3735 altero,

2101 3766 2170 3809 ex
2200 3765 2299 3823 per
2319 3748 2731 3821 experientiam
2757 3754 3089 3819 amputante
3108 3754 3164 3806 et
3189 3751 3478 3821 medente;
3505 3765 3704 3810 eorum

2100 3854 2232 3898 vero
2255 3853 2380 3911 qua
2411 3839 2472 3894 in
2499 3837 2770 3894 membris
2795 3843 2932 3894 sunt
2944 3839 3160 3894 Christi
3182 3843 3239 3895 et
3253 3839 3354 3895 Dei
3373 3839 3700 3911 salvatoris,

2100 3929 2358 3988 omnium
2374 3933 2634 3985 nostrum
2647 3927 2876 3997 capitis,
2895 3932 2951 3984 et
2963 3941 3185 3998 sponsae
3199 3928 3496 3986 catholica:
3511 3935 3710 4002 etapo.

2101 4018 2320 4076 stolicae
2342 4017 2631 4088 Ecclesiae,
2653 4029 2830 4072 unum
2852 4022 2908 4072 et
2923 4016 3274 4090 singularem
3293 4018 3706 4088 prmeellentem

2101 4113 2272 4180 atque
2291 4105 2808 4163 catholicissimum
2832 4106 3113 4162 mwicum
3137 4106 3259 4176 ipse
3277 4107 3542 4178 princeps
3553 4123 3709 4166 sum-

2104 4211 2252 4270 mus,
2274 4200 2330 4254 et
2359 4194 2713 4253 fortissimus
2733 4206 2938 4262 sermo,
2957 4199 3014 4250 et
3029 4195 3344 4267 ordinator,
3364 4201 3420 4252 et
3447 4203 3702 4270 curator,

2105 4291 2162 4344 et
2187 4286 2344 4344 solus
2367 4299 2436 4341 ex
2467 4289 2584 4342 toto
2624 4283 2895 4356 magister
2919 4285 3070 4340 Deus
3106 4284 3364 4340 omnium
3407 4287 3701 4356 produxit,

2024 4347 2080 4410 D
2104 4375 2372 4433 videlicet
2401 4379 2556 4430 tuam
2579 4347 2886 4428 fraternam
2920 4373 3278 4429 sanctitatem
3315 4378 3373 4429 et
3407 4347 3704 4444 paternam

2103 4464 2416 4521 almitatem
2441 4479 2454 4516 :
2475 4465 2704 4532 propter
2717 4461 3178 4534 quaedixitPetro
3192 4476 3394 4536 magno
3412 4468 3468 4519 et
3478 4478 3704 4523 summo

2103 4552 2526 4623 apostolorum:
2566 4552 2646 4604 Tu
2687 4565 2741 4605 es
2783 4551 2996 4613 Petrus,
3041 4554 3092 4604 et
3133 4566 3296 4622 super
3323 4553 3463 4606 hanc
3484 4558 3705 4624 petram

2100 4641 2372 4711 aediﬁcabo
2399 4640 2693 4695 Ecclesiam
2726 4654 2918 4702 meam,
2949 4642 3002 4694 et
3021 4645 3195 4709 part2
3216 4642 3386 4708 inferi
3416 4656 3526 4696 non
3546 4657 3706 4712 prae-

2098 4731 2359 4785 ualebunt
2376 4729 2638 4784 adversus
2663 4743 2782 4782 eam
2813 4727 3024 4800 (Matth.
3055 4729 3192 4801 xvx).
3220 4729 3290 4784 Et
3308 4729 3517 4786 iterum
3537 4748 3555 4784 :
3581 4731 3706 4785 Tibi

2101 4819 2240 4874 dabo
2269 4819 2446 4875 claves
2482 4820 2638 4886 regni
2661 4818 2946 4873 caelorum:
2987 4822 3038 4874 et
3064 4818 3422 4888 quodcunque
3447 4821 3703 4888 ligaveris

2098 4924 2264 4979 super
2282 4913 2502 4979 terram,
2534 4909 2636 4962 erit
2661 4908 2888 4975 ligatum
2908 4912 2960 4962 et
2987 4909 3046 4961 in
3073 4907 3218 4962 caelis
3240 4912 3327 4974 ;et
3345 4909 3704 4978 quodcunque

2097 4999 2321 5054 solveris
2350 5013 2513 5067 super
2528 5002 2749 5059 terram,
2772 4997 2876 5051 erit
2904 4997 3140 5050 solutum
3168 5001 3219 5052 et
3237 4998 3298 5052 in
3327 4995 3704 5072 cwlis(1bid.).

2095 5087 2260 5144 Tales
2288 5085 2440 5142 enim
2468 5084 2660 5140 beatas
2697 5097 2862 5140 voces
2893 5097 3004 5140 non
3043 5086 3358 5142 secundum
3397 5086 3704 5157 quamdam

2095 5280 2212 5330 stra
2230 5274 2444 5344 jacitur
2465 5277 2576 5327 rete
2603 5276 2728 5327 ante
2757 5271 2937 5344 oculos
2954 5278 3337 5342 pennatorum.

2165 5345 2196 5388 ι)
2223 5343 2336 5400 Hoc
2361 5349 2457 5404 est,
2490 5348 2654 5403 antea
2682 5343 3012 5400 scribentes.

2165 5427 2192 5458 ο
2222 5419 2333 5472 Ista
2353 5415 2594 5485 epistola
2620 5415 3054 5488 missaquidem
3083 5420 3171 5472 est
3199 5415 3454 5488 Nicolao,
3488 5417 3607 5479 sed.
3631 5431 3698 5474 eo

2089 5487 2384 5559 defuncto,
2410 5485 2665 5556 suscepit
2681 5485 2991 5543 Adrianus.
