4052 6168
273 292 337 350 61
1012 298 1556 358 INTERPRETATIO
1591 302 1840 362 SYNODI
1879 304 2007 361 VIII
2037 301 2519 358 GENERALIS.—
2554 303 2754 360 ACTIO
2793 307 2883 361 III.
3527 308 3599 366 62

276 424 481 495 utique
509 427 724 480 sortem
746 423 1136 494 apostolorum
1168 427 1420 499 principi
1444 429 1628 486 solum
1651 431 1811 488 circu
1822 446 1900 487 m-
1920 430 1981 491 A
2012 429 2308 499 repletum,
2333 429 2433 501 qui
2456 429 2627 486 etiam
2648 444 2748 500 per
2767 433 2917 487 totos
2947 443 3141 488 novem
3160 444 3340 490 annos
3358 436 3459 504 p’ro
3479 449 3599 491 ver.

274 514 517 584 scripsit
545 518 601 569 et
621 514 907 585 deﬁnivit,
934 515 1026 570 sed
1053 529 1153 585 per
1169 530 1299 572 eum
1320 518 1387 573 ad
1413 531 1607 575 omnes
1629 521 1729 591 qui
1772 528 1898 591 post

276 603 449 659 illum
470 606 789 661 secundum
806 605 994 674 ipsum
1009 603 1297 661 efﬁciendi
1311 613 1473 663 erant
1486 610 1694 665 summi
1717 616 1901 680 pasto-

275 707 389 764 res,
402 694 828 750 etdivinissimi
846 694 1108 764 sacrique
1122 695 1418 763 pontifices
1429 698 1677 754 senioris
1690 700 1895 784 Romae,

275 783 642 838 transmisit:
670 788 726 838 et
748 783 876 838 ideo
898 782 969 837 ab
988 782 1126 838 olim
1149 788 1205 838 et
1227 785 1417 853 prisco
1438 792 1688 857 tempore
1714 789 1770 844 in
1792 782 1901 844 ex?-

274 873 419 928 ortis
444 872 770 928 haeresibus
787 872 1424 941 etprtevaricationibus
1441 877 1823 935 eradicatores
1844 882 1900 936 et

277 963 518 1017 interem
528 966 722 1031 ptores
735 962 1014 1017 malorum
1029 961 1403 1031 zizaniorum,
1419 969 1475 1019 et
1486 965 1897 1024 tabefactorum

272 1056 326 1107 et
348 1052 591 1121 penitus
614 1051 1027 1107 insanabiliter
1046 1053 1445 1121 mgrotantium
1490 1055 1893 1128 membrorum,

275 1141 445 1196 multi
479 1141 929 1200 multotiesfacti
955 1151 1317 1217 sunteorum,
1354 1147 1818 1218 quisanctitatem
1841 1153 1898 1202 et

273 1243 559 1285 summam
575 1232 973 1300 paternitatem
988 1240 1142 1291 tuam
1160 1236 1285 1292 illic
1306 1242 1717 1306 prmcesserunt
1741 1255 1755 1306 ;
1776 1250 1899 1292 suc-

273 1333 531 1375 cessores
551 1320 779 1376 scilicet
800 1324 1082 1394 principis
1102 1327 1511 1395 apostolorum,
1535 1331 1591 1381 et
1630 1326 1794 1382 illius
1816 1339 1897 1381 ze-

276 1407 392 1463 lum
416 1408 480 1462 in
504 1408 637 1479 ﬁde,
657 1424 781 1479 qua:
800 1413 1008 1467 secund
1020 1415 1416 1470 umChristum
1438 1417 1543 1484 est,
1572 1415 1886 1471 imitantes:

274 1502 329 1551 et
349 1511 508 1551 nunc
529 1497 748 1552 nostris
767 1501 1125 1568 temporibus
1147 1503 1443 1559 beatitudo
1464 1508 1561 1559 tua
1581 1504 1755 1576 digne
1784 1508 1894 1559 tra-

272 1585 452 1640 ctavit
468 1584 667 1640 datam
689 1585 829 1641 sibit
848 1600 879 1641 a
899 1588 1127 1645 Christo
1151 1596 1502 1660 potestatem.
1547 1593 1615 1647 Et
1630 1592 1891 1662 quemad-

277 1674 511 1729 modum
535 1674 675 1743 quis
706 1676 925 1744 peritus
948 1676 1105 1749 belli,
1129 1684 1184 1735 et
1204 1681 1456 1751 optimus
1496 1686 1720 1751 praetor,
1753 1694 1893 1737 san-

2008 518 2079 574 bo
2099 519 2359 574 veritatis
2377 533 2505 574 cum
2528 519 2694 575 nobis
2726 520 2870 589 ipsis
2893 521 3338 589 persecutionem
3361 528 3416 578 et
3451 522 3596 580 mala

2008 612 2206 662 caetera
2227 621 2427 677 passus
2438 614 2544 675 est,
2559 613 2614 663 et
2634 610 2857 664 Petrum
2872 610 3443 665 Deiamantissimum
3455 612 3601 681 epis-

2008 710 2211 766 copum
2224 697 2401 752 Troad
2412 698 2480 763 is,
2496 697 2595 767 qui
2609 698 2799 752 eadem
2813 702 2869 752 et
2883 698 3003 767 ipse
3024 713 3225 767 passus
3236 703 3371 769 este,
3386 703 3442 753 et
3454 700 3602 768 pari-

2008 790 2095 841 ter
2112 786 2422 841 decertavit
2441 798 2569 840 cum
2602 786 2777 856 regali
2814 787 3063 857 homine,
3107 787 3383 843 rationem
3424 787 3598 843 simul

2006 875 2169 931 vobis
2192 875 2480 944 posituros
2506 888 2606 944 pro
2619 876 2807 944 nobis,
2823 880 2878 930 et
2890 890 3014 946 qua:
3026 876 3502 945 epistolaedesunt
3522 877 3605 931 vi-

2007 977 2072 1019 va
2093 977 2225 1019 voce
2254 963 2667 1033 adimpleturos
2706 969 2762 1019 et
2802 954 3267 1020 manifestaturos
3303 965 3523 1036 qualem
3546 968 3601 1021 et

2008 1056 2277 1123 quantam
2313 1056 2370 1107 et
2406 1066 2575 1122 quam
2608 1066 2867 1124 magnam
2914 1053 3282 1108 dilectionem
3316 1052 3518 1108 habeat
3546 1057 3604 1108 et

2005 1141 2267 1197 affectum
2290 1141 2591 1198 humilitas
2613 1147 2807 1198 nostra
2827 1143 2979 1197 circa
3002 1140 3309 1197 fraternam
3333 1141 3605 1197 sanctita-

2005 1234 2117 1285 tem
2146 1235 2424 1285 vestram:
2452 1230 2624 1286 simul
2655 1234 2843 1286 autem
2872 1233 2928 1286 et
2946 1231 3017 1285 de
3045 1231 3267 1286 caeteris
3295 1230 3605 1285 ecclesias-

2004 1319 2140 1373 ticis
2160 1318 2464 1374 ordinibus
2483 1322 2834 1388 accepturos,
2851 1333 2975 1389 qua:
2988 1320 3098 1374 Deo
3112 1319 3387 1388 placeant,
3403 1322 3458 1373 et
3470 1332 3603 1374 ves—

2006 1412 2093 1463 tro
2117 1408 2431 1465 intellectui
2456 1413 2509 1462 et
2529 1407 2824 1477 sapientiae
2836 1412 2891 1462 et
2914 1407 3174 1477 potestati
3197 1406 3605 1462 distinctiones

2003 1502 2173 1568 atque
2185 1497 2616 1567 dispositiones.
2636 1497 2855 1566 Duplex
2866 1500 2951 1552 est
2962 1497 3113 1551 enim
3127 1496 3498 1552 sacerdotalis
3520 1508 3608 1550 ca-

2002 1587 2177 1657 talogi
2200 1586 2553 1642 consecratio
2576 1604 2589 1640 :
2616 1599 2745 1641 nam
2767 1586 2999 1656 quidam
3022 1599 3052 1640 a
3075 1585 3240 1641 nobis
3279 1585 3425 1640 hanc
3464 1598 3600 1640 sus-

2002 1680 2292 1744 ceperunt,
2309 1680 2365 1730 et
2388 1675 2615 1744 propria
2638 1688 2808 1729 manu
2830 1688 2930 1743 pro
2944 1674 3110 1739 nobis
3121 1687 3222 1729 sua
3236 1676 3436 1743 sponte
3457 1667 3605 1727 scri-

275 1762 514 1818 ctssime
530 1768 589 1818 et
609 1765 1005 1821 amantissime
1028 1766 1203 1823 frater
1241 1775 1454 1841 noster,
1495 1770 1763 1826 omnibus
1799 1784 1893 1840 po-
1918 1779 1972 1839 B
2006 1768 2273 1834 pserunt;
2298 1763 2530 1834 quidam
2552 1777 2682 1818 vero
2694 1763 2980 1833 abiniquo
2992 1768 3047 1817 et
3066 1760 3425 1817 interfectore
3448 1761 3603 1816 Pho—

276 1852 585 1907 tentiorem
617 1857 675 1907 et
704 1854 895 1909 omnia
925 1855 1242 1913 vincentem
1274 1860 1587 1929 veritatem,
1622 1863 1891 1930 tanquam

279 1942 544 2009 quaedam
575 1941 741 1997 valde
771 1941 944 1999 fortia
973 1949 1029 1999 et
1061 1945 1529 2019 inexpugnabilia
1574 1962 1894 2018 proponens

278 2042 455 2098 arma,
474 2030 577 2099 buj
589 2045 657 2085 us
677 2031 923 2088 annulos
951 2034 1233 2105 dejecisti,
1258 2040 1458 2091 etcum
1472 2037 1699 2093 Christo
1720 2042 1776 2093 et
1798 2051 1897 2107 per

280 2118 582 2175 Christum
598 2122 773 2176 mund
785 2136 877 2176 um
888 2123 1104 2193 vicisti,
1128 2129 1321 2179 eteum
1336 2126 1435 2195 qui
1454 2126 1650 2182 divina
1670 2125 1895 2183 furatus

280 2213 381 2273 est,
405 2213 465 2264 et
484 2209 831 2277 dispoliavit
852 2211 1059 2282 aliena,
1081 2216 1137 2267 et
1160 2227 1259 2283 per
1280 2213 1583 2270 fenestram
1601 2216 1659 2270 in
1680 2216 1893 2272 atrium

282 2298 471 2353 ovium
495 2311 655 2353 more
680 2298 963 2355 latronum
991 2301 1248 2372 intravit,
1273 2306 1328 2357 et
1352 2304 1636 2372 praedatus
1656 2309 1741 2359 est
1759 2305 1896 2359 ani-

284 2399 400 2441 mas
426 2387 772 2455 multorum,
798 2388 1005 2443 deinde
1025 2390 1197 2445 etiam
1220 2405 1279 2446 se
1298 2397 1631 2463 arroganter
1649 2394 1897 2449 extulit-

284 2480 336 2530 et
371 2476 631 2530 cervices
660 2476 845 2531 erexit
874 2482 1072 2534 contra
1108 2480 1282 2535 Deum
1323 2482 1785 2554 omnipotentem,
1837 2486 1893 2538 et

286 2565 344 2619 in
374 2569 603 2620 tantum
631 2566 917 2633 jactanter
944 2566 1131 2623 elatus
1159 2573 1263 2639 est,
1306 2575 1372 2625 ut
1399 2576 1734 2628 conventum
1769 2572 1894 2627 sine

288 2654 664 2710 subsistentia
695 2659 751 2709 et
772 2654 897 2709 sine
920 2668 1156 2723 persona
1179 2658 1412 2730 ﬁngeret
1438 2665 1631 2715 contra
1657 2661 1895 2731 irrepre—

289 2744 576 2800 hensibile
605 2748 663 2799 et
689 2742 1124 2800 divinissimum
1173 2750 1227 2801 et
1259 2761 1481 2803 sacrum
1533 2750 1891 2818 pontiﬁcium

289 2838 470 2904 tuum,
496 2831 980 2903 quemadmodum
1004 2834 1197 2891 fabula
1220 2835 1699 2905 bippocentauros
1718 2843 1897 2893 ettra-

294 2922 603 2991 gelaphos;
639 2923 789 2992 quod
814 2925 987 2982 etiam
1010 2925 1251 2979 latenter
1269 2924 1336 2979 ad
1364 2925 1678 2995 principem
1712 2926 1888 2981 misit.

291 3009 632 3079 llujusmodi
664 3024 800 3083 ergo
841 3027 951 3069 non
1002 3018 1261 3069 sanctum
1302 3018 1674 3083 operatorem,
1725 3019 1896 3086 atque

2004 1854 2104 1909 tio.
2122 1853 2285 1909 Multi
2301 1853 2530 1923 quidem
2544 1851 2614 1907 de
2628 1855 2819 1907 nostra
2832 1851 3278 1921 consecratione,
3294 1849 3478 1921 gratia
3498 1849 3599 1904 Dei

2003 1942 2329 2013 confortati,
2357 1940 2756 1998 restiteruntei
2782 1939 3118 2008 fortissime,
3143 1938 3477 2009 pernullum
3494 1951 3604 1993 mo-

2002 2033 2138 2088 dum
2164 2033 2221 2087 in
2247 2031 2708 2086 inhonorantiam
2739 2032 2795 2084 et
2816 2028 3219 2085 contumeliam
3244 2031 3514 2096 nostram,
3548 2028 3604 2081 et

2008 2123 2067 2177 in
2088 2133 2207 2176 eam
2232 2133 2402 2191 quam
2422 2124 2625 2188 putant
2643 2118 3061 2186 depositionem
3077 2115 3597 2184 communicantes;

2006 2211 2098 2267 sed
2117 2215 2173 2265 et
2185 2209 2395 2264 multas
2406 2212 2462 2263 et
2474 2207 2660 2262 varias
2679 2205 3103 2275 tribulationes,
3118 2202 3505 2274 etaugustias,
3537 2215 3604 2258 ac

2003 2300 2131 2355 dira
2152 2298 2348 2366 exilia,
2372 2301 2427 2352 et
2443 2296 2734 2352 custodias
2758 2293 3168 2364 perpetientes;
3207 2304 3350 2361 quos
3391 2290 3601 2359 praeci-

2006 2403 2116 2460 que
2136 2386 2459 2457 suscipiens
2478 2389 2534 2440 et
2555 2389 2651 2440 tua
2670 2384 2985 2451 beatitudo,
3004 2382 3145 2436 bene
3166 2380 3288 2436 scio
3308 2378 3458 2449 quod
3495 2393 3605 2434 su—

2006 2478 2219 2549 premis
2251 2475 2487 2532 extollat
2508 2473 2844 2538 honoribus,
2885 2475 2950 2527 ut
2986 2473 3295 2527 certatores
3327 2468 3606 2523 veraciter

2007 2566 2255 2638 pietatis.
2284 2566 2483 2620 Plures
2512 2568 2701 2618 autem
2727 2560 2957 2631 propria
2997 2559 3377 2630 chirographa
3410 2561 3608 2612 trans—

2006 2656 2183 2729 gressi
2210 2659 2363 2725 sunt,
2384 2657 2439 2708 et
2460 2651 2809 2719 ceciderunt,
2824 2655 2879 2705 et
2902 2664 3001 2720 pro
3024 2647 3298 2717 temporis
3309 2650 3364 2701 et
3385 2645 3603 2701 utilita-

2005 2747 2083 2802 tis
2104 2759 2220 2801 suaa
2240 2756 2410 2799 causa
2425 2742 2483 2796 in
2499 2740 2769 2796 omnibus
2782 2738 2971 2794 Photii
2990 2735 3411 2793 temeritatibus
3422 2739 3477 2789 et
3500 2746 3611 2789 ma-

2006 2834 2184 2905 lignis
2203 2831 2429 2888 actibus
2448 2830 2519 2884 ab
2538 2828 2709 2884 initio
2732 2840 2911 2897 usque
2931 2826 2999 2881 ad
3024 2826 3190 2880 ﬁnem
3229 2826 3534 2879 sectatores
3554 2824 3610 2876 et

2005 2921 2517 2979 communicatores
2546 2922 2600 2972 et
2629 2921 3020 2985 cooperatores
3061 2912 3243 2969 effecti
3284 2914 3437 2981 sunt,
3488 2908 3611 2964 fre—

2006 3014 2244 3083 quenter
2263 3013 2459 3065 contra
2478 3020 2580 3062 nos
2596 3004 3038 3074 subscribentes,
3056 3002 3190 3057 licet
3211 3013 3323 3056 non
3352 2999 3611 3055 volunta-

291 3100 442 3154 omni
466 3113 639 3169 opere
654 3101 804 3157 malo
825 3102 1126 3174 repletum,
1142 3102 1409 3158 videlicet
1426 3117 1555 3158 eum
1578 3104 1676 3173 qui
1702 3118 1898 3160 secun-
1924 3103 1973 3166 C
2006 3102 2109 3169 rie,
2134 3100 2228 3155 sed
2250 3099 2365 3153 vim
2383 3101 2438 3152 et
2467 3094 2824 3167 tyrannidem
2848 3093 3021 3162 passi.
3046 3092 3191 3147 Sunt
3218 3093 3408 3145 autem
3457 3086 3605 3157 apud

287 3187 423 3242 dum
447 3189 850 3258 antiphraseos
872 3195 1097 3261 tropum
1121 3192 1361 3247 Photius
1376 3193 1708 3248 nominatur
1728 3207 1893 3262 opere

286 3290 494 3332 manus
524 3278 892 3347 pontiﬁcalis,
925 3284 981 3334 et
1010 3280 1335 3355 apostolica:
1366 3281 1666 3350 potestatis
1716 3286 1829 3338 tum
1859 3296 1891 3338 a

287 3367 584 3421 communi
616 3367 886 3423 Ecclesia:
918 3370 1188 3424 rececasti
1222 3384 1475 3439 corpore,
1505 3376 1560 3423 et
1591 3385 1811 3427 summo
1841 3368 1921 3426 te~

2005 3204 2119 3260 eos,
2145 3189 2244 3260 qui
2268 3191 2465 3243 contra
2484 3185 2776 3240 veritatem
2800 3187 2991 3252 postea
3013 3181 3072 3236 in
3105 3179 3320 3236 rabiem
3350 3177 3519 3247 versi,
3553 3178 3610 3230 et

2008 3275 2481 3351 quemadmodum
2497 3273 2737 3345 quadam
2751 3273 2968 3327 Satanae
2988 3269 3316 3340 operatione
3330 3265 3606 3332 furentes,

2006 3366 2419 3424 validissimam
2450 3364 2617 3419 etiam
2657 3367 2851 3417 contra
2893 3374 2995 3415 nos
3035 3358 3407 3414 ostenderunt
3448 3354 3613 3409 insa-

286 3455 454 3509 Petro
485 3455 870 3526 :equiparans,
906 3462 1177 3526 tanquam
1211 3471 1417 3512 novum
1449 3432 1727 3513 Ananiam
1760 3474 1897 3514 sen-
2005 3455 2445 3513 niam.Primum
2470 3445 3462 3521 igiturdehujusmodiimploramus
3484 3432 3613 3497 dari

286 3543 471 3598 tentia
485 3544 803 3612 potentium
814 3545 1113 3601 verborum
1134 3550 1364 3602 tuorum
1387 3546 1805 3617 occidisti(Act.
1821 3550 1890 3620 v),

286 3639 341 3687 et
364 3632 689 3702 privatione
719 3634 1003 3703 spiritalis
1035 3635 1185 3703 vitae,
1212 3636 1552 3703 ut,alterum
1584 3637 1889 3708 Simonem,

2002 3544 2440 3615 dispositionem
2466 3559 2482 3605 ;
2503 3538 2709 3594 deinde
2724 3538 2793 3591 de
2815 3536 2908 3590 his
2928 3536 3027 3604 qui
3054 3535 3125 3590 ab
3148 3535 3249 3589 illo
3271 3545 3474 3587 manus
3515 3531 3616 3583 im-

2006 3636 2344 3709 positionem
2368 3629 2740 3697 susceperunt
2759 3628 2816 3681 et
2853 3623 3165 3680 secundum
3202 3634 3265 3676 ea
3286 3619 3473 3709 etiam
3500 3616 3613 3686 ipsi

290 3722 705 3791 peranathema
738 3724 905 3778 morti
931 3724 1303 3779 transmisisti
1330 3744 1345 3794 ;
1378 3729 1433 3780 et
1467 3740 1567 3781 nos
1598 3720 1697 3796 qui
1732 3706 1895 3796 injué
2003 3706 2276 3782 similiter
2297 3734 2395 3790 per
2415 3717 2606 3774 omnia
2626 3714 2840 3770 frustra
2880 3712 3143 3784 nequiter
3161 3706 3616 3782 egerunt;insu-

290 3812 439 3866 riam
465 3810 618 3879 passi
636 3825 855 3879 sumus,
873 3811 1025 3867 sicut
1039 3812 1403 3880 justissimus
1415 3819 1472 3869 et
1494 3813 1733 3871 fratrum
1756 3816 1894 3870 ami-

289 3900 590 3961 cissimus,
612 3904 669 3954 et
683 3900 836 3969 juste
850 3900 1206 3971 justilicasti,
1222 3903 1572 3975 etEcclesize,
1598 3918 1721 3974 quae
1742 3904 1890 3973 apud

291 4003 401 4046 nos
417 3994 525 4056 est,
558 3994 615 4043 et
636 3989 869 4058 proprio
894 3989 1120 4059 throno,
1147 3996 1376 4060 propter
1391 4006 1512 4062 quae
1535 3993 1793 4064 sategisti
1817 3996 1898 4048 at-

293 4093 406 4151 que
435 4078 750 4147 scripsisti,
786 4083 979 4148 utpote
998 4079 1325 4147 apostolicae
1355 4084 1409 4134 et
1440 4095 1672 4136 summa!
1704 4086 1899 4151 potes—

295 4170 435 4226 tatis
464 4173 782 4238 susceptor,
805 4168 976 4239 digne
1014 4181 1079 4223 ac
1115 4170 1537 4226 rationabiliter
1565 4172 1895 4242 restituisti,

293 4266 349 4317 et
369 4260 608 4315 ﬁnctum
633 4258 732 4328 qui
758 4258 1057 4314 hic-inerat
1085 4258 1408 4329 dissipasti,
1433 4264 1489 4315 et
1519 4261 1905 4331 tranquillita-

295 4355 409 4404 tem
435 4347 716 4403 Ecclesiis
735 4348 1052 4403 contulisti.
1078 4346 1125 4402 Α
1144 4350 1255 4403 Deo
1278 4349 1489 4418 quippe
1532 4355 1829 4419 provectus
1848 4356 1905 4407 et

2005 3830 2103 3884 per
2121 3814 2190 3867 de
2215 3807 2577 3881 presbyteris,
2605 3805 2705 3876 qui
2729 3818 2796 3859 ex
2819 3806 3015 3858 nostra
3043 3798 3469 3856 consecratione
3489 3806 3618 3884 con-
3670 3838 3675 3841 .

2003 3882 2293 3979 gistentes,
2318 3897 2489 3953 semel
2517 3895 2570 3950 ei
2601 3892 3184 3958 communicaverunt,
3226 3887 3312 3943 vel
3353 3882 3617 3979 fortassis

2008 3974 2100 4049 bis
2123 3996 2177 4046 et
2201 3994 2285 4044 ter
2304 4002 2372 4043 ex
2393 3988 2549 4042 arcta
2570 3983 2860 4055 angustia,
2890 3993 3000 4036 non
3023 3984 3211 4035 tamen
3252 3974 3617 4043 subscripse-

2010 4085 2147 4139 runt
2171 4075 2476 4148 injustitiaa
2496 4072 2899 4144 chirographo,
2923 4075 2980 4125 et
3007 4082 3211 4125 rursus
3237 4066 3612 4131 recesserunt,

2009 4175 2065 4227 et
2086 4182 2269 4239 usque
2294 4167 2351 4221 in
2378 4176 2623 4235 praesens
2644 4159 2965 4217 voluntarie
2986 4160 3187 4213 vacant
3213 4154 3430 4221 ;adbuc
3442 4152 3615 4207 etiam

2012 4261 2082 4316 de
2107 4259 2183 4313 iis
2223 4255 2324 4326 qui
2366 4267 2495 4309 cum
2535 4249 2933 4307 communione
2961 4247 3133 4301 etiam
3165 4241 3616 4311 subcriptionem

2018 4348 2332 4421 gesserunt,
2359 4356 2488 4398 mox
2507 4344 2695 4397 autem
2718 4338 2902 4394 otium
2928 4333 3206 4405 complexi
3230 4336 3366 4387 sunt
3398 4347 3414 4399 -,
3434 4333 3491 4421 et
3511 4343 3620 4421 su-

294 4454 325 4495 a
354 4438 591 4517 Christo
630 4436 1047 4492 dilectissimus
1075 4442 1131 4491 et
1161 4438 1662 4495 mansuetissimus
1691 4443 1746 4495 et
1770 4441 1906 4509 jus—
1934 4424 1989 4485 Ι)
2023 4418 2120 4507 per
2140 4436 2244 4491 hos
2265 4433 2435 4489 etiam
2457 4431 2527 4485 de
2550 4430 2642 4485 his
2662 4427 2761 4498 qui
2786 4438 2992 4517 manus
3022 4418 3621 4517 quidemimpositio—

296 4528 566 4583 tissimus
580 4526 1113 4595 nosterimperator,
1132 4531 1262 4582 voto
1273 4533 1329 4582 et
1349 4528 1594 4584 consilio
1606 4533 1661 4583 et
1680 4530 1907 4584 decreto

297 4622 354 4672 et
370 4615 596 4685 judicio
626 4620 737 4671 tua:
756 4614 1101 4683 sanctitatis,
1127 4614 1320 4671 favens
1340 4616 1502 4687 olim,
1543 4618 1713 4672 etiam
1756 4631 1909 4673 nunc

296 4705 574 4762 alacriter
593 4704 887 4774 obediens,
924 4709 989 4760 ut
1009 4704 1167 4761 ﬁlius
1188 4709 1371 4761 vester
1392 4706 1680 4775 proprius,
1704 4710 1760 4761 et
1782 4706 1912 4761 ﬁde-

298 4795 569 4850 lissimus
582 4794 838 4864 utrique,
863 4808 991 4864 qum
1009 4793 1183 4865 digna
1206 4795 1638 4865 suntexhibuit,
1663 4795 1911 4851 etmulta

301 4882 685 4939 tribulatione
733 4881 939 4938 fessam
998 4886 1247 4938 nostram
1298 4888 1663 4953 senectutem,
1725 4884 1912 4940 adhuc

301 4973 480 5027 etiam
504 4984 704 5026 omnes
724 4971 825 5041 qui
843 4986 944 5040 pro
959 4972 1191 5040 justitia
1202 4973 1300 5027 Dei
1320 4973 1529 5029 multas
1540 4976 1595 5027 et
1608 4973 1795 5029 varias
1815 4973 1916 5028 tri-

302 5060 638 5116 bulationes
657 5075 707 5115 s1
730 5060 1079 5131 stinuerunt,
1116 5051 1586 5130 imperialissima
1611 5063 1914 5132 prudentia

304 5165 470 5217 usus,
494 5149 777 5204 animavit
796 5154 851 5204 et
871 5150 1203 5207 consolatus
1224 5154 1328 5206 est.
1360 5153 1463 5207 Pro
1485 5150 1700 5221 quibus
1720 5152 1917 5208 omni—

301 5238 417 5294 bus
448 5238 741 5310 gratiﬁcas
776 5238 975 5293 laudes
995 5243 1167 5309 atque
1207 5253 1371 5296 voces
1402 5239 1707 5295 referentes
1745 5254 1918 5310 super

302 5328 502 5388 omnia
522 5328 638 5381 Deo
672 5332 729 5381 et
766 5331 965 5381 vestrm
1004 5327 1376 5397 beatitudini,
1421 5329 1689 5385 misimus
1724 5329 1917 5385 debite

303 5418 579 5473 Joannem
601 5414 999 5471 beatissimum
1022 5419 1077 5470 et
1106 5417 1537 5472 sanctissimum
1580 5418 1918 5487 metropoli-

308 5515 423 5561 tam
443 5504 638 5575 Sylmi,
670 5504 859 5560 virum
880 5504 981 5560 Dei
1000 5503 1298 5574 cultorem,
1324 5510 1382 5560 et
1398 5505 1599 5561 divino
1622 5506 1916 5562 intellectu

377 5605 403 5634 ι
422 5593 624 5649 luuuit
645 5594 1042 5663 imperatorem
1064 5593 1432 5650 Ludovicum.

2022 4539 2144 4581 nem
2166 4538 2197 4579 a
2220 4522 2420 4578 Photio
2442 4523 2497 4575 et
2516 4516 2857 4584 voluntarie,
2882 4518 3059 4569 etnon
3082 4508 3406 4567 voluntarie
3437 4520 3625 4563 susce-

2020 4617 2243 4685 perunt,
2269 4609 2497 4666 reveriti
2522 4613 2729 4677 tamen,
2743 4602 3060 4660 sacerdotio
3075 4613 3310 4671 prorsus
3331 4596 3489 4652 nullo
3513 4608 3625 4650 mo-

2017 4706 2090 4761 do
2112 4701 2293 4758 functi
2317 4702 2470 4756 sunt.
2496 4698 2668 4752 Porro
2690 4707 2890 4749 manus
2906 4688 3330 4760 impositionem
3353 4685 3424 4741 ab
3436 4698 3501 4740 eo
3521 4698 3626 4739 ac—

2018 4792 2437 4861 cepitCeesareze
2447 4788 2514 4840 Ca
2527 4784 2808 4855 ppadociaz
2820 4779 3286 4849 archiepiscopus
3298 4773 3629 4831 reverentis-

2021 4882 2204 4937 simus
2224 4883 2279 4933 et
2310 4872 2904 4947 perseverantissimus
2926 4869 3137 4923 Paulus
3150 4870 3286 4937 post
3312 4862 3625 4948 concilium

2022 4967 2315 5035 vanitatis,
2359 4963 2508 5034 quod
2532 4966 2727 5017 contra
2751 4958 3137 5015 humilitatem
3168 4958 3417 5011 nostram
3440 4950 3628 5007 tenuit

2025 5058 2189 5130 prius
2208 5074 2223 5120 ς
2243 5055 2302 5110 in
2326 5051 2573 5108 secunda
2594 5062 2724 5104 vero
2746 5047 2958 5118 synodo
2988 5044 3379 5116 reproborum,
3398 5046 3462 5098 ut
3480 5040 3628 5097 dicit

2030 5146 2323 5218 propheta.
2349 5140 2600 5196 viriliter
2638 5138 2800 5192 valde
2825 5148 3190 5207 propugnans
3219 5133 3290 5189 ob
3329 5131 3624 5186 veritatem

2026 5242 2082 5293 et
2125 5231 2573 5301 triumphans.et
2611 5226 2918 5297 divulgans
2946 5237 3141 5280 eorum
3184 5218 3626 5278 interfectricem

2027 5328 2289 5393 mentem,
2322 5324 2379 5375 et
2401 5318 2560 5374 nullo
2591 5322 2842 5383 tempore
2861 5314 2946 5369 vel
2972 5313 3135 5369 modo
3156 5314 3353 5367 contra
3376 5305 3627 5364 humili-

2027 5418 2198 5469 tatem
2226 5413 2474 5465 nostram
2516 5404 2876 5473 subcribens,
2901 5403 2996 5459 sed
3037 5401 3109 5457 ob
3149 5399 3402 5468 idipsum
3443 5394 3623 5452 multa

2030 5514 2250 5571 passus,
2273 5500 2330 5552 et
2359 5494 2730 5552 multimodas
2763 5490 3133 5549 necessitates
3152 5486 3466 5553 sustinens,
3507 5480 3626 5538 alio
