4052 6168
422 275 496 334 63
1623 279 1982 337 ANASTASII
2027 275 2572 336 BIBLIOTI-[ECARII
3666 275 3738 335 64

415 401 534 458 alio
562 385 810 472 quodam
844 401 1050 458 melior
1088 402 1313 459 scilicet
1353 402 1558 460 affectu
1598 404 1812 476 dignus
1851 405 2030 461 babe—
2055 405 2112 466 A
2140 404 2298 474 lectae
2319 407 2457 460 sunt
2477 402 2663 472 modo,
2690 401 2980 473 liquidius
2999 401 3369 474 cognovimus
3389 401 3561 458 amici
3579 402 3743 459 Chri-

424 489 620 546 bitura
644 487 1000 546 fraternitate
1021 495 1222 546 vestra.
1245 492 1371 547 Haac
1389 493 1571 564 igitur
1590 499 1726 549 sunt
1745 495 2020 566 capitula,

422 592 524 648 pro
545 577 760 648 quibus
779 579 1171 648 exposscimus
1181 580 1526 637 solutionem
1539 581 2022 638 etordinationem

419 666 482 724 in
500 665 736 734 scriptis
781 667 931 722 mitti
972 667 1290 741 humilitati
1330 673 1552 724 nostrae.
1572 672 1806 740 Insuper
1830 675 2019 726 autem

417 757 474 809 et
493 753 742 810 vicarios
762 759 962 810 vestra:
983 754 1366 812 beatitudinis
1395 757 1692 828 episcopos
1719 757 1928 829 dignos
1964 761 2022 812 et

417 841 810 912 rationabiles,
837 848 900 900 ut
920 857 1050 900 cum
1061 845 1148 900 eis
1168 843 1309 900 bene
1320 846 1792 902 etconvenientes
1814 846 2022 916 dispo—

419 943 622 986 namus
642 931 941 987 ecclesiam
965 945 1090 1001 quae
1108 933 1258 1002 apud
1285 946 1391 988 nos
1410 938 1514 1004 est,
1533 947 1700 1003 quam
1728 935 2024 1004 providen-

418 1018 500 1074 tia
519 1020 618 1074 Dei
644 1033 741 1088 per
762 1020 1234 1076 intercessionem
1266 1021 1477 1076 summi
1521 1023 1692 1094 Petri,
1715 1027 1771 1078 et
1793 1023 2024 1078 instan-

428 1107 566 1162 tiam
589 1108 1254 1177 atqueinterventionem
1295 1115 1536 1165 vestram
1579 1111 1931 1180 recepimus:
1967 1115 2024 1167 et

417 1195 703 1267 accipiapt
743 1196 968 1266 negotia
1011 1196 1180 1252 ﬁnem
1222 1197 1422 1252 utilem
1464 1204 1520 1253 et
1559 1199 2026 1270 congruentissi—

423 1283 659 1339 mumin
681 1284 864 1355 gloria
883 1285 1004 1355 Dei,
1045 1290 1101 1340 et
1143 1292 1343 1341 vestrae
1391 1283 1655 1342 fraternae
1695 1287 2024 1343 sanctitatis

418 1371 754 1452 Christique
795 1373 1130 1428 imitatricis
1168 1373 1524 1430 beatissima
1565 1375 1948 1444 paternitatis.

491 1461 559 1515 Et
582 1466 707 1529 post
729 1461 1026 1517 lectionem
1053 1462 1226 1532 hujus
1245 1463 1521 1534 epistolae,
1544 1464 1835 1533 accipiens
1857 1466 2024 1520 Mari-

421 1563 531 1604 nus
568 1549 1078 1606 reverendissimus
1099 1551 1376 1607 diaconus
1405 1557 1462 1606 et
1481 1552 1735 1608 vicarius
1772 1553 2022 1609 senioris

2137 493 2236 564 sti,
2267 491 2633 563 imperatoris
2646 491 2829 548 nostri
2846 491 3230 562 diligentiam,
3249 494 3306 545 et
3319 489 3576 547 studium
3587 492 3739 562 Quod

2141 581 2312 638 habet
2327 581 2394 637 ad
2419 580 2825 650 paciﬁcandam
2847 579 3156 635 Ecclesiam
3174 579 3296 649 Dei,
3319 584 3376 634 et
3387 580 3740 636 sanctissimi

2138 669 2361 726 domini
2385 668 2565 724 nostri
2587 672 2645 723 et
2664 666 3004 736 patriarchae
3025 667 3230 739 Ignatii
3259 667 3664 739 humilitatem,
3687 673 3743 724 et

2133 757 2418 828 quomodo
2441 755 2675 826 impleat
2695 754 2992 825 eloquium
3013 755 3323 824 Scriptura
3363 756 3512 826 quod
3538 757 3743 826 perhi-

2130 845 2224 900 bet
2247 862 2260 898 :
2287 843 2482 900 Omnia
2509 859 2630 898 cum
2654 843 2877 896 consilio
2905 845 2998 910 fac
3025 861 3042 907 ;
3070 855 3175 898 nec
3197 857 3308 900 non
3329 849 3388 899 et
3429 845 3745 901 sanctissi-

2130 933 2209 988 mi
2235 947 2390 1004 papze
2425 933 2664 988 Romani
2686 931 2950 988 solertem
2974 931 3316 988 locutionem
3338 938 3395 988 et
3442 931 3737 1003 pudorem,

2134 1035 2303 1092 quem
2330 1023 2388 1078 in
2410 1021 2654 1090 divinis,
2676 1021 2830 1076 circa
2848 1021 3180 1076 divinorum
3216 1034 3498 1078 canonum
3538 1026 3744 1078 custo—

2129 1111 2285 1166 diam
2309 1117 2366 1165 et
2385 1109 2802 1166 observantiam
2826 1109 3016 1178 habet,
3039 1114 3097 1164 et
3116 1109 3369 1178 ejusdem
3396 1109 3737 1172 imitantem.

2137 1203 2412 1270 quantum
2437 1198 2562 1254 ﬁeri
2588 1203 2790 1268 potest,
2827 1197 3279 1252 misericordiam
3311 1203 3366 1252 et
3405 1196 3742 1269 benignita-

2145 1292 2254 1342 tem
2281 1305 2296 1356 ;
2322 1301 2467 1357 quos
2487 1293 2543 1342 et
2565 1285 2862 1358 magniﬁce
2883 1285 3284 1355 suscipientes,
3306 1299 3502 1341 omnes
3522 1285 3740 1356 gratias

2141 1375 2366 1446 egimus
2385 1377 2519 1446 Deo,
2543 1374 2645 1445 qui
2666 1375 2872 1446 dignos
2895 1387 2998 1430 nos
3018 1372 3156 1429 fecit
3195 1373 3526 1442 hujusmodi
3565 1386 3741 1428 sanc-

2134 1463 2395 1519 tissimos
2413 1463 2660 1519 vicarios
2679 1463 2960 1519 contueri.

2201 1553 2271 1607 Et
2293 1557 2418 1622 post
2441 1553 2546 1607 hoc
2567 1557 2726 1607 stans
2750 1551 2808 1606 in
2853 1551 3040 1607 medio
3077 1550 3400 1620 Stephanus
3433 1551 3548 1606 Deo
3584 1549 3743 1606 ami-

417 1637 608 1693 Romae
623 1637 944 1708 epistolam,
966 1653 1090 1709 qua:
1113 1640 1802 1696 missaestasanctissimo
1822 1640 2020 1697 Adria-
2049 1679 2098 1739 Β
2128 1640 2402 1696 cissimus
2421 1640 2706 1696 diaconus
2725 1645 2782 1695 et
2801 1639 3045 1695 devotus
3065 1639 3326 1695 notarius
3347 1638 3600 1694 laudavit
3623 1637 3733 1693 ita:

420 1739 492 1782 no
516 1739 658 1795 papa
681 1726 748 1780 ad
775 1727 1206 1784 sanctissimum
1231 1729 1613 1798 patriarcham
1635 1730 1921 1801 Ignatium
1947 1730 2020 1786 le-

420 1814 505 1887 git
525 1815 744 1886 Latine,
768 1829 902 1870 voce
921 1817 1126 1887 grandi
1154 1817 1211 1871 in
1241 1816 1594 1873 audientiam
1634 1818 1912 1885 omnium,
1957 1819 2018 1874 in

419 1904 679 1959 Graecum
703 1917 1016 1959 sermonem
1055 1919 1176 1960 eam
1217 1911 1467 1961 vertente
1505 1920 1570 1962 ac
1611 1907 2019 1976 interpretante

419 1991 696 2047 Damiano
737 1992 1211 2052 reverendissimo
1250 1993 1406 2064 regio
1461 1993 1671 2050 clerico
1707 2009 1774 2050 ac
1831 1995 2019 2050 inter-

419 2084 593 2149 prete.

424 2203 746 2276 «Adrianus
814 2207 1117 2276 episcoPus,
1163 2221 1349 2261 servus
1396 2223 1673 2262 servorum
1716 2209 1833 2270 Dei,
1878 2223 2022 2262 reve-

483 2275 806 2328 rendissimo
831 2282 881 2330 et
929 2275 1267 2332 sanctissimo
1311 2281 1580 2346 confratri
1629 2284 1679 2333 et
1729 2281 2017 2332 commini-

483 2349 598 2469 stro
626 2351 808 2400 nostro
861 2349 1076 2414 Ignatio
1120 2350 1456 2418 patriarcha:
1503 2350 2016 2419 ConstantinOpoli—

503 2431 637 2470 ano.

490 2540 516 2572 «
543 2522 654 2576 Nec
665 2522 950 2592 scriptura
972 2524 1279 2593 pandere...
1311 2515 1336 2576 (ὲ
1358 2526 1589 2594 Reliqua
1608 2525 1732 2580 vide
1749 2527 1894 2580 inter
1914 2528 2022 2596 epi-

426 2609 593 2663 stolas
611 2610 860 2664 Adriani
886 2613 962 2674 II,
994 2613 1312 2680 Patrologiae
1341 2619 1462 2668 tom.
1491 2614 1708 2670 CXXII.

485 2697 554 2751 Et
573 2703 699 2766 post
721 2697 1021 2756 lectionem
1044 2700 1302 2770 epistolae
1323 2702 1678 2758 sanctissimi
1707 2703 1910 2759 vicarii
1943 2713 2025 2759 se‘

418 2785 606 2841 nioris
626 2787 812 2842 Romae
849 2788 1126 2845 dixerunt
1165 2807 1178 2843 :
1231 2791 1330 2845 Est
1358 2791 1629 2846 canonice
1657 2804 1722 2847 ac
1753 2793 2024 2862 synodice

412 2879 537 2930 acta
573 2875 818 2944 epistola
862 2875 998 2932 haec.
1031 2877 1234 2933 Sancta
1281 2882 1338 2934 et
1385 2879 1728 2935 universalis
1774 2881 2026 2950 synodus

2127 1729 2338 1785 Multos
2357 1743 2536 1784 annos
2557 1729 2967 1797 imperatorum
3005 1727 3203 1783 Basilii
3243 1733 3300 1784 et
3334 1725 3734 1782 Constantini!

2125 1819 2454 1890 Magnorum
2471 1817 2874 1887 imperatorum
2888 1815 3300 1872 etdictatorum
3316 1815 3735 1872 multosannos!

2124 1905 2585 1962 Orthodoxorum
2620 1905 3026 1975 imperatorum
3051 1903 3262 1960 multos
3285 1917 3465 1959 annos
3498 1902 3510 1956 ε
3547 1901 3742 1958 Paciﬁ.

2127 2009 2325 2051 corum
2351 1995 2760 2064 imperatorum
2785 1992 3214 2048 multosannos!
3236 1991 3636 2062 Depositorum
3656 1991 3742 2045 in-

2122 2083 2370 2154 justitiaa
2402 2082 2614 2139 multos
2645 2081 2866 2137 annos!
2899 2080 3162 2137 Hostium
3202 2079 3484 2136 mendacii
3526 2077 3740 2135 multos

2125 2186 2307 2228 annos
2331 2171 2344 2226 1
2367 2171 2702 2227 Amatorum
2731 2174 2790 2226 et
2818 2167 3107 2226 fautorum
3139 2168 3398 2224 veritatis
3421 2166 3738 2238 etjustitim

2129 2261 2340 2317 multos
2363 2273 2545 2316 annos
2575 2259 2587 2312 l
2613 2258 2886 2315 Eudoxiaa
2925 2257 3206 2328 piissimae
3225 2256 3497 2328 Augusta;
3523 2255 3737 2312 multos

2127 2363 2307 2405 annos
2344 2349 2356 2402 l
2402 2347 2625 2404 Nicolai
2665 2346 2985 2403 beatissimi
3026 2359 3183 2416 papa:
3220 2345 3482 2401 Romana:
3521 2349 3738 2400 aeterna

2129 2437 2401 2493 memoria
2429 2437 2441 2490 ι
2467 2436 2706 2491 Adriani
2737 2435 3040 2491 orthodoxi
3066 2447 3222 2504 papa:
3243 2433 3480 2490 Romani
3524 2431 3737 2488 multos

2127 2540 2308 2582 annos
2333 2525 2344 2578 ι
2371 2525 2581 2596 lgnatii
2603 2516 2911 2579 orthOdoxi
2955 2522 3294 2592 patriarchae
3319 2521 3740 2577 Constantino—

2131 2614 2322 2685 poleos
2337 2613 2546 2669 multos
2557 2625 2737 2668 annos
2753 2611 2765 2665 Ι
2782 2611 3244 2668 Orthodoxorum
3277 2609 3735 2680 patriarcharum

2131 2701 2386 2759 Orientis
2398 2701 2608 2757 multos
2619 2714 2798 2756 annos
2814 2699 2826 2754 Ι
2841 2699 3158 2756 Orthodoxi
3171 2704 3405 2754 senatus
3420 2696 3632 2753 multos
3641 2708 3738 2750 an-

2133 2805 2238 2847 nos
2262 2790 2274 2844 !
2305 2790 2521 2845 Sanctae
2541 2803 2606 2844 ac
2629 2788 2973 2845 universalis
2993 2787 3418 2859 synodiaeterna
3436 2784 3730 2841 memoria.

2688 2891 2900 2932 VERSUS
2925 2889 3152 2932 IAMBICI.

411 2961 598 3018 dixit:
635 2963 938 3036 Canonica,
962 2971 1018 3022 et
1038 2967 1324 3038 ordinata,
1354 2974 1409 3022 et
1447 2967 1612 3037 plena
1649 2969 1896 3038 justitize
1936 2974 2025 3025 est
2054 3001 2102 3062 α
2206 2969 2428 3024 Chorus
2451 2965 2904 3036 patriarcharum
2940 2963 3298 3021 honorabilis
3325 2967 3383 3019 et
3402 2975 3642 3062 magnus

413 3051 675 3123 epistola,
709 3067 836 3124 qua:
866 3053 1008 3110 lecta
1056 3059 1142 3110 est
1172 3055 1531 3111 sanctissimi
1565 3056 1722 3127 papa:
1753 3056 2018 3112 Adriani.

409 3139 482 3194 Et
512 3144 640 3208 post
661 3139 765 3196 hoc
791 3156 1032 3213 surgens
1059 3144 1453 3215 Metrophanes
1473 3145 1586 3199 Deo
1631 3145 2023 3202 amicissimus

414 3228 781 3305 metropolita
815 3231 1066 3302 Smyrna:
1094 3231 1248 3288 dixit
1277 3251 1290 3286 :
1317 3233 1398 3288 Ex
1417 3232 1682 3303 epistolis
1703 3247 1828 3304 quae
1854 3233 2022 3291 nobis

2205 3057 2522 3112 Pessimum
2555 3054 2856 3110 inimicum
2883 3053 3271 3124 prosequitur,
3296 3056 3361 3108 ut
3400 3051 3620 3122 lupum,

2201 3145 2249 3200 Α
2273 3144 2522 3200 thalamo
2551 3149 2728 3213 casto,
2759 3147 2816 3198 et
2843 3140 3268 3208 venerabilibus
3301 3139 3444 3196 locis
3475 3157 3491 3210 ;

2201 3233 2470 3292 Photium
2501 3233 2596 3288 aio
2625 3231 3050 3287 amarissimum
3079 3234 3412 3300 apostatam.

1726 3585 1976 3656 ACTlO
2063 3547 2439 3672 QUARTA.

477 3877 540 3931 In
558 3877 788 3933 nomine
814 3877 1036 3933 domini
1067 3883 1124 3934 et
1158 3879 1538 3936 dominatoris
1573 3879 1830 3936 omnium
1863 3880 1998 3934 Jesu

2111 3881 2278 3936 nente
2295 3879 2598 3937 Theodosii
2613 3878 2964 3936 sanctissimi
2976 3875 3404 3948 'archiepiscOpi
3427 3875 3582 3932 sedis
3592 3874 3735 3930 Hie-

404 3963 618 4020 Christi
650 3965 768 4021 veri
799 3965 900 4021 Dei
931 3971 987 4022 et
1021 3967 1333 4024 Salvatoris
1363 3968 1564 4025 nostri.
1587 3968 1932 4024 Consulatus
1970 3981 2003 4024 a
2111 3966 3406 4038 rosolymorumzdeindesecundumjussionem
3419 3963 3732 4020 amicorum

403 4052 518 4107 Deo
530 4059 928 4110 coronatorum
944 4056 1625 4126 ettranquillissimorum
1637 4057 2002 4112 dominorum
2109 4056 2325 4112 Christi
2341 4057 2803 4126 etpiissimorum
2829 4068 3161 4126 magnorum
3180 4055 3587 4124 imperatorum
3609 4065 3736 4108 nos-

408 4145 754 4212 nostrorum,
783 4143 982 4198 Basilii
1007 4144 1237 4214 quidem
1259 4159 1408 4200 anno
1431 4145 1619 4216 tertio,
1642 4145 2003 4201 Constantini

407 4241 537 4284 vero
566 4229 672 4285 ﬁlii
696 4231 820 4300 ejus
839 4246 988 4288 anno
1011 4233 1278 4304 secundo,
1307 4239 1706 4304 perpetuorum
1728 4233 2008 4306 Augusto-

407 4331 532 4371 rum
555 4317 868 4375 indictione
881 4321 1068 4390 tertia,
1083 4307 1467 4377 tertioIduum
1479 4321 1762 4392 Octobris,
1796 4335 2010 4391 propo—

405 4405 541 4461 sitis
553 4407 1354 4481 preciosisetviviﬁcislignis.
1369 4416 1422 4465 et
1438 4410 2011 4466 intemeratissalutis

408 4499 614 4550 nostra:
629 4497 950 4569 Evangeliis
965 4498 1024 4553 in
1041 4498 1261 4554 dextris
1280 4499 1540 4568 partibus
1560 4499 2013 4555 catechumenio-

405 4597 534 4639 rum
555 4585 947 4654 opinatissimi
971 4587 1168 4656 templi
1191 4593 1400 4642 sanctae
1439 4602 1503 4643 ac
1527 4588 1714 4660 magni
1757 4588 2010 4644 nominis

403 4670 656 4741 SOphiw:
696 4673 1168 4730 convenientibus
1198 4681 1387 4731 autem
1437 4677 1655 4732 Donato
1699 4678 1813 4732 Deo
1855 4677 2012 4732 ami-

403 4759 917 4832 cissimoepiscopo
930 4762 1203 4832 Ostiensi,
1219 4769 1274 4819 et
1295 4764 1576 4834 Stephano
1597 4766 1708 4821 Deo
1727 4765 2010 4821 amicissi-

405 4863 496 4904 mo
527 4849 794 4920 episcopo
827 4851 1127 4922 Nepesino,
1169 4857 1227 4908 et
1261 4853 1480 4910 Marino
1519 4855 1632 4910 Deo
1652 4854 2006 4910 amicissimo

401 4936 644 4994 diacono
665 4943 873 4994 sanctae
897 4939 1158 4996 Romanae
1188 4941 1472 5013 Ecclesiae,
1494 4942 1678 4998 locum
1713 4941 2008 5000 retinenti-

402 5023 511 5080 bus
528 5025 769 5082 Adriani
791 5029 1143 5084 sanctissimi
1165 5033 1222 5084 et
1243 5029 1561 5086 beatissimi
1584 5029 2003 5100 archiepiscopi

402 5113 650 5170 senioris
661 5114 1166 5188 Romm,etlgnatio
1197 5118 2004 5188 sanctissimoarchiepiscopo

403 5203 592 5273 magni
621 5203 869 5260 nominis
915 5206 1488 5277 Constantinopoleos
1512 5221 1664 5262 novre
1687 5207 1894 5276 Romae,
1939 5219 2004 5261 ac

404 5291 788 5348 sanctissimis
845 5293 1082 5350 vicariis
1151 5295 1427 5366 Orientis,
1478 5294 1746 5350 videlicet
1793 5294 2005 5350 Thoma

406 5381 778 5438 sanctissimo
801 5385 1158 5454 metr'opolita
1177 5385 1330 5455 Tyri,
1356 5384 1541 5440 locum
1559 5382 1836 5438 retinente
1852 5383 2006 5439 sedis

400 5469 742 5539 Antiochiae,
765 5485 830 5526 eo
847 5473 996 5542 quod
1021 5473 1192 5528 vidua
1221 5473 1490 5527 existeret
1509 5470 1700 5526 eadem
1733 5471 2002 5543 Ecclesia,

403 5565 459 5612 et
473 5558 633 5615 Helia
647 5560 748 5616 Dei
762 5560 981 5617 cultore
993 5561 1317 5630 presbytero
1329 5565 1384 5616 et
1403 5559 1654 5629 syncello
1669 5560 1854 5616 locum
1879 5562 2010 5617 reti-

2037 4278 2090 4339 D

2113 4148 2332 4201 trorum
2347 4144 2547 4200 Basilii
2563 4150 2618 4200 et
2631 4143 2922 4200 Constanti
2933 4143 3008 4198 ni:
3029 4141 3406 4212 praesentibus
3415 4147 3471 4197 et
3485 4141 3734 4197 audien—

2115 4233 2276 4290 tibus
2285 4233 2456 4290 etiam
2472 4232 3056 4306 magniﬁcentissimis
3069 4230 3452 4302 principibus,
3466 4229 3733 4284 videlicet

2115 4322 2525 4392 Christophoro
2557 4321 3124 4394 magniﬁcentissimo
3157 4319 3400 4390 patricio
3437 4323 3492 4373 et
3531 4316 3734 4388 magis-

2117 4417 2226 4480 tro,
2243 4409 2464 4464 Bahane
2479 4409 3046 4481 magniﬁcentissimo
3069 4408 3312 4478 patricio
3333 4412 3389 4462 et
3403 4405 3726 4477 praeposito,

2117 4500 2298 4554 Leone
2312 4497 2882 4567 magniﬁcentissimo
2898 4497 3143 4570 patricio
3158 4501 3214 4551 et
3231 4493 3588 4565 proconsule,
3607 4495 3733 4548 Leo-

2118 4600 2187 4642 ne
2209 4585 2776 4657 magniﬁcentissimo
2797 4585 3042 4654 patricio
3065 4588 3122 4640 et
3146 4583 3459 4640 domestico
3487 4580 3733 4638 excubi—

2116 4681 2326 4746 torum,
2339 4676 2550 4730 Joanne
2563 4672 3093 4746 magniﬁcentissim
3105 4687 3138 4728 ο
3162 4672 3406 4742 patricio
3418 4670 3732 4742 etlogothe-

2116 4767 2171 4818 ta
2183 4777 2354 4820 oxeos
2363 4778 2588 4834 cursus,
2606 4765 2728 4819 Man
2739 4764 2862 4820 uele
2876 4761 3443 4835 magniﬁcentissimo
3461 4758 3724 4830 patricio,

2115 4853 2532 4924 Theophylacto
2557 4851 3132 4925 magniﬁcentissimo
3151 4849 3414 4920 patricio,
3434 4850 3732 4904 Petronate

2116 4940 2683 5012 magniﬁcentissimo
2703 4940 2967 5012 patricio,
2990 4940 3188 4994 Oreste
3211 4935 3734 5010 magniﬁcentissi—

2115 5043 2204 5086 mo
2220 5029 2676 5099 protospathario
2690 5035 2746 5084 et
2777 5029 2850 5084 do
2862 5027 3099 5084 mestico
3125 5027 3502 5096 icanatorum,
3536 5024 3734 5080 Sisin-

2114 5119 2211 5174 nio
2235 5117 2800 5189 magniﬁcentissimo
2821 5116 3127 5186 spathario
3145 5135 3158 5170 :
3179 5113 3603 5172 conlidentibus
3615 5113 3730 5167 Deo

2111 5205 2801 5276 amicissimisepiscopis,
2819 5205 2874 5260 id
2889 5211 2974 5262 est
3009 5205 3328 5276 Nicephoro
3363 5204 3476 5258 Deo
3505 5202 3732 5257 amicis-

2112 5295 2258 5350 simo
2274 5293 2630 5363 metropolita
2650 5293 2906 5364 Amasiaa,
2920 5294 3115 5350 Niceta
3126 5295 3240 5348 Deo
3255 5290 3610 5346 amicissimo
3626 5303 3732 5345 me-

2113 5383 2385 5453 trOpolita
2413 5381 2784 5454 Athenarum,
2821 5382 3185 5452 Metrophane
3222 5381 3336 5435 Deo
3375 5378 3730 5434 amicissimo

2115 5471 2478 5540 metropolita
2525 5471 2796 5544 Symrnar,
2849 5471 3142 5527 Theodoro
3203 5470 3318 5524 Deo
3375 5467 3730 5523 amicissimo

2118 5559 2482 5631 metropolita
2543 5561 2742 5632 Cariae,
2817 5559 3125 5630 Euthymio
3192 5558 3306 5614 Deo
3370 5556 3726 5612 amicissimo
