  <div class='ocr_page' id='page_1' title='image "/cluster/home/n/w/nwhite01/storage/ocr_20150623/129/hvd.32044054759907/038.png"; bbox 0 0 4052 6168; ppageno 0'>
   <div class='ocr_carea' id='block_1_1' title="bbox 308 256 3677 355">
    <p class='ocr_par' dir='ltr' id='par_1_1' title="bbox 308 256 3677 355">
     <span class='ocr_line' id='line_1_1' title="bbox 308 256 3677 355; baseline 0.001 -4"><span class='ocrx_word' id='word_1_1' title='bbox 308 292 383 351; x_wconf 82' lang='grc'><strong>65</strong></span> <span class='ocrx_word' id='word_1_2' title='bbox 1006 290 1552 349; x_wconf 83' lang='lat' dir='ltr'><strong>INTERPRETATIO</strong></span> <span class='ocrx_word' id='word_1_3' title='bbox 1588 290 1839 347; x_wconf 88' lang='lat' dir='ltr'><strong>SYNODI</strong></span> <span class='ocrx_word' id='word_1_4' title='bbox 1876 291 1995 346; x_wconf 88' lang='lat' dir='ltr'><strong>VIII</strong></span> <span class='ocrx_word' id='word_1_5' title='bbox 2032 289 2439 348; x_wconf 81' lang='lat' dir='ltr'><strong>GENERALIS.</strong></span> <span class='ocrx_word' id='word_1_6' title='bbox 2465 323 2539 334; x_wconf 93' lang='lat'><strong>—</strong></span> <span class='ocrx_word' id='word_1_7' title='bbox 2574 294 2777 350; x_wconf 83' lang='lat' dir='ltr'><strong>ACTIO</strong></span> <span class='ocrx_word' id='word_1_8' title='bbox 2804 256 2900 350; x_wconf 81' lang='lat' dir='ltr'><strong>IV.</strong></span> <span class='ocrx_word' id='word_1_9' title='bbox 3074 260 3085 273; x_wconf 36' lang='grc' dir='ltr'><strong>ο</strong></span> <span class='ocrx_word' id='word_1_10' title='bbox 3551 299 3623 355; x_wconf 87' lang='grc'><strong>66</strong></span> <span class='ocrx_word' id='word_1_11' title='bbox 3666 280 3677 287; x_wconf 47' lang='grc'><em>’</em></span> 
     </span>
    </p>
   </div>
   <div class='ocr_carea' id='block_1_2' title="bbox 309 415 3627 487">
    <p class='ocr_par' dir='ltr' id='par_1_2' title="bbox 309 415 3627 487">
     <span class='ocr_line' id='line_1_2' title="bbox 309 415 3627 487; baseline 0.002 -13"><span class='ocrx_word' id='word_1_12' title='bbox 309 417 673 487; x_wconf 88' lang='lat' dir='ltr'><strong>metropolita</strong></span> <span class='ocrx_word' id='word_1_13' title='bbox 698 417 942 487; x_wconf 84' lang='lat' dir='ltr'><strong>Catana,</strong></span> <span class='ocrx_word' id='word_1_14' title='bbox 970 416 1245 471; x_wconf 87' lang='lat' dir='ltr'><strong>Michacle</strong></span> <span class='ocrx_word' id='word_1_15' title='bbox 1269 418 1384 471; x_wconf 91' lang='lat' dir='ltr'><strong>Deo</strong></span> <span class='ocrx_word' id='word_1_16' title='bbox 1417 415 1774 471; x_wconf 90' lang='lat' dir='ltr'><strong>amicissimo</strong></span> <span class='ocrx_word' id='word_1_17' title='bbox 1802 429 1916 471; x_wconf 89' lang='lat' dir='ltr'><strong>mc-</strong></span> <span class='ocrx_word' id='word_1_18' title='bbox 1940 415 1997 475; x_wconf 88' lang='lat' dir='ltr'><strong>A</strong></span> <span class='ocrx_word' id='word_1_19' title='bbox 2029 416 2384 484; x_wconf 89' lang='lat' dir='ltr'><strong>patriarcha.</strong></span> <span class='ocrx_word' id='word_1_20' title='bbox 2418 423 2475 473; x_wconf 94' lang='lat' dir='ltr'><strong>et</strong></span> <span class='ocrx_word' id='word_1_21' title='bbox 2506 418 2893 474; x_wconf 81' lang='lat' dir='ltr'><strong>sanctissimis</strong></span> <span class='ocrx_word' id='word_1_22' title='bbox 2921 419 3178 487; x_wconf 90' lang='lat' dir='ltr'><strong>vicariis,</strong></span> <span class='ocrx_word' id='word_1_23' title='bbox 3219 425 3332 476; x_wconf 92' lang='lat' dir='ltr'><strong>tam</strong></span> <span class='ocrx_word' id='word_1_24' title='bbox 3375 423 3627 479; x_wconf 91' lang='lat' dir='ltr'><strong>senioris</strong></span> 
     </span>
    </p>
   </div>
   <div class='ocr_carea' id='block_1_3' title="bbox 308 505 1916 576">
    <p class='ocr_par' dir='ltr' id='par_1_3' title="bbox 308 505 1916 576">
     <span class='ocr_line' id='line_1_3' title="bbox 308 505 1916 576; baseline -0.002 -13"><span class='ocrx_word' id='word_1_25' title='bbox 308 507 580 576; x_wconf 91' lang='lat' dir='ltr'><strong>tropolita</strong></span> <span class='ocrx_word' id='word_1_26' title='bbox 601 506 808 572; x_wconf 81' lang='lat' dir='ltr'><strong>Rhodi,</strong></span> <span class='ocrx_word' id='word_1_27' title='bbox 828 505 1519 561; x_wconf 83' lang='lat' dir='ltr'><strong>PhotinDeoamicissimo</strong></span> <span class='ocrx_word' id='word_1_28' title='bbox 1535 505 1916 574; x_wconf 88' lang='lat' dir='ltr'><strong>archiepisco-</strong></span> 
     </span>
    </p>
   </div>
   <div class='ocr_carea' id='block_1_4' title="bbox 307 593 1915 667">
    <p class='ocr_par' dir='ltr' id='par_1_4' title="bbox 307 593 1915 667">
     <span class='ocr_line' id='line_1_4' title="bbox 307 593 1915 667; baseline -0.001 -17"><span class='ocrx_word' id='word_1_29' title='bbox 307 611 380 667; x_wconf 91' lang='lat' dir='ltr'><strong>po</strong></span> <span class='ocrx_word' id='word_1_30' title='bbox 398 596 666 662; x_wconf 73' lang='lat' dir='ltr'><strong>Nacolia,</strong></span> <span class='ocrx_word' id='word_1_31' title='bbox 684 595 971 664; x_wconf 80' lang='lat' dir='ltr'><strong>Stephano</strong></span> <span class='ocrx_word' id='word_1_32' title='bbox 987 596 1100 650; x_wconf 94' lang='lat' dir='ltr'><strong>Deo</strong></span> <span class='ocrx_word' id='word_1_33' title='bbox 1111 594 1466 649; x_wconf 90' lang='lat' dir='ltr'><strong>amicissimo</strong></span> <span class='ocrx_word' id='word_1_34' title='bbox 1482 593 1915 663; x_wconf 85' lang='lat' dir='ltr'><strong>archiepiscopo</strong></span> 
     </span>
    </p>
   </div>
   <div class='ocr_carea' id='block_1_5' title="bbox 302 682 1915 756">
    <p class='ocr_par' dir='ltr' id='par_1_5' title="bbox 302 682 1915 756">
     <span class='ocr_line' id='line_1_5' title="bbox 302 682 1915 756; baseline -0.002 -15"><span class='ocrx_word' id='word_1_35' title='bbox 302 685 723 756; x_wconf 84' lang='lat' dir='ltr'><strong>Cypsallorum,</strong></span> <span class='ocrx_word' id='word_1_36' title='bbox 771 684 1088 739; x_wconf 85' lang='lat' dir='ltr'><strong>Athanasio</strong></span> <span class='ocrx_word' id='word_1_37' title='bbox 1112 684 1227 738; x_wconf 91' lang='lat' dir='ltr'><strong>Deo</strong></span> <span class='ocrx_word' id='word_1_38' title='bbox 1250 682 1608 738; x_wconf 89' lang='lat' dir='ltr'><strong>amicissimo</strong></span> <span class='ocrx_word' id='word_1_39' title='bbox 1648 682 1915 752; x_wconf 91' lang='lat' dir='ltr'><strong>episcopo</strong></span> 
     </span>
    </p>
   </div>
   <div class='ocr_carea' id='block_1_6' title="bbox 304 772 1915 845">
    <p class='ocr_par' dir='ltr' id='par_1_6' title="bbox 304 772 1915 845">
     <span class='ocr_line' id='line_1_6' title="bbox 304 772 1915 845; baseline -0.001 -18"><span class='ocrx_word' id='word_1_40' title='bbox 304 774 488 828; x_wconf 74' lang='lat' dir='ltr'><strong>Anilii</strong></span> <span class='ocrx_word' id='word_1_41' title='bbox 513 773 838 845; x_wconf 85' lang='lat' dir='ltr'><strong>Magnesia,</strong></span> <span class='ocrx_word' id='word_1_42' title='bbox 862 772 1106 843; x_wconf 84' lang='lat' dir='ltr'><strong>Georgio</strong></span> <span class='ocrx_word' id='word_1_43' title='bbox 1130 774 1243 827; x_wconf 92' lang='lat' dir='ltr'><strong>Deo</strong></span> <span class='ocrx_word' id='word_1_44' title='bbox 1264 772 1622 827; x_wconf 91' lang='lat' dir='ltr'><strong>amicissimo</strong></span> <span class='ocrx_word' id='word_1_45' title='bbox 1645 772 1915 841; x_wconf 90' lang='lat' dir='ltr'><strong>episcopo</strong></span> 
     </span>
    </p>
   </div>
   <div class='ocr_carea' id='block_1_7' title="bbox 304 859 1911 932">
    <p class='ocr_par' dir='ltr' id='par_1_7' title="bbox 304 859 1911 932">
     <span class='ocr_line' id='line_1_7' title="bbox 304 859 1911 932; baseline -0.001 -16"><span class='ocrx_word' id='word_1_46' title='bbox 304 862 475 932; x_wconf 87' lang='lat' dir='ltr'><strong>Helii,</strong></span> <span class='ocrx_word' id='word_1_47' title='bbox 502 862 796 932; x_wconf 86' lang='lat' dir='ltr'><strong>Stephano</strong></span> <span class='ocrx_word' id='word_1_48' title='bbox 831 863 944 916; x_wconf 92' lang='lat' dir='ltr'><strong>Deo</strong></span> <span class='ocrx_word' id='word_1_49' title='bbox 981 861 1340 917; x_wconf 89' lang='lat' dir='ltr'><strong>amicissimo</strong></span> <span class='ocrx_word' id='word_1_50' title='bbox 1377 861 1645 931; x_wconf 90' lang='lat' dir='ltr'><strong>episcopo</strong></span> <span class='ocrx_word' id='word_1_51' title='bbox 1672 859 1911 930; x_wconf 82' lang='lat' dir='ltr'><strong>Cibyra,</strong></span> 
     </span>
    </p>
   </div>
   <div class='ocr_carea' id='block_1_8' title="bbox 302 948 1916 1020">
    <p class='ocr_par' dir='ltr' id='par_1_8' title="bbox 302 948 1916 1020">
     <span class='ocr_line' id='line_1_8' title="bbox 302 948 1916 1020; baseline -0.001 -14"><span class='ocrx_word' id='word_1_52' title='bbox 302 952 502 1006; x_wconf 89' lang='lat' dir='ltr'><strong>Niceta</strong></span> <span class='ocrx_word' id='word_1_53' title='bbox 511 952 630 1006; x_wconf 90' lang='lat' dir='ltr'><strong>Deo</strong></span> <span class='ocrx_word' id='word_1_54' title='bbox 641 950 998 1006; x_wconf 88' lang='lat' dir='ltr'><strong>amicissimo</strong></span> <span class='ocrx_word' id='word_1_55' title='bbox 1009 950 1278 1019; x_wconf 92' lang='lat' dir='ltr'><strong>episcopo</strong></span> <span class='ocrx_word' id='word_1_56' title='bbox 1287 949 1651 1020; x_wconf 88' lang='lat' dir='ltr'><strong>Cephaludii,</strong></span> <span class='ocrx_word' id='word_1_57' title='bbox 1666 948 1916 1004; x_wconf 91' lang='lat' dir='ltr'><strong>Theodo-</strong></span> 
     </span>
    </p>
   </div>
   <div class='ocr_carea' id='block_1_9' title="bbox 305 1038 1915 1109">
    <p class='ocr_par' dir='ltr' id='par_1_9' title="bbox 305 1038 1915 1109">
     <span class='ocr_line' id='line_1_9' title="bbox 305 1038 1915 1109; baseline -0.002 -14"><span class='ocrx_word' id='word_1_58' title='bbox 305 1053 367 1095; x_wconf 92' lang='lat' dir='ltr'><strong>ro</strong></span> <span class='ocrx_word' id='word_1_59' title='bbox 388 1041 507 1096; x_wconf 88' lang='lat' dir='ltr'><strong>Deo</strong></span> <span class='ocrx_word' id='word_1_60' title='bbox 520 1039 1412 1109; x_wconf 86' lang='lat' dir='ltr'><strong>amicissimoepiscopoSinopa,</strong></span> <span class='ocrx_word' id='word_1_61' title='bbox 1428 1038 1640 1094; x_wconf 88' lang='lat' dir='ltr'><strong>Basilio</strong></span> <span class='ocrx_word' id='word_1_62' title='bbox 1651 1040 1765 1093; x_wconf 92' lang='lat' dir='ltr'><strong>Deo</strong></span> <span class='ocrx_word' id='word_1_63' title='bbox 1777 1038 1915 1093; x_wconf 91' lang='lat' dir='ltr'><strong>ami-</strong></span> 
     </span>
    </p>
   </div>
   <div class='ocr_carea' id='block_1_10' title="bbox 303 1127 1912 1199">
    <p class='ocr_par' dir='ltr' id='par_1_10' title="bbox 303 1127 1912 1199">
     <span class='ocr_line' id='line_1_10' title="bbox 303 1127 1912 1199; baseline -0.001 -16"><span class='ocrx_word' id='word_1_64' title='bbox 303 1129 546 1185; x_wconf 88' lang='lat' dir='ltr'><strong>cissimo</strong></span> <span class='ocrx_word' id='word_1_65' title='bbox 577 1129 770 1199; x_wconf 84' lang='lat' dir='ltr'><strong>Pyrgii</strong></span> <span class='ocrx_word' id='word_1_66' title='bbox 798 1129 1084 1199; x_wconf 89' lang='lat' dir='ltr'><strong>episcopo,</strong></span> <span class='ocrx_word' id='word_1_67' title='bbox 1118 1128 1395 1199; x_wconf 82' lang='lat' dir='ltr'><strong>Gregorio</strong></span> <span class='ocrx_word' id='word_1_68' title='bbox 1420 1129 1532 1183; x_wconf 91' lang='lat' dir='ltr'><strong>Deo</strong></span> <span class='ocrx_word' id='word_1_69' title='bbox 1557 1127 1912 1183; x_wconf 90' lang='lat' dir='ltr'><strong>amicissimo</strong></span> 
     </span>
    </p>
   </div>
   <div class='ocr_carea' id='block_1_11' title="bbox 303 1217 1914 1289">
    <p class='ocr_par' dir='ltr' id='par_1_11' title="bbox 303 1217 1914 1289">
     <span class='ocr_line' id='line_1_11' title="bbox 303 1217 1914 1289; baseline 0 -16"><span class='ocrx_word' id='word_1_70' title='bbox 303 1219 580 1288; x_wconf 89' lang='lat' dir='ltr'><strong>episcopo</strong></span> <span class='ocrx_word' id='word_1_71' title='bbox 605 1218 855 1289; x_wconf 83' lang='lat' dir='ltr'><strong>Mesina,</strong></span> <span class='ocrx_word' id='word_1_72' title='bbox 882 1218 1180 1273; x_wconf 85' lang='lat' dir='ltr'><strong>Eustathio</strong></span> <span class='ocrx_word' id='word_1_73' title='bbox 1204 1218 1318 1273; x_wconf 91' lang='lat' dir='ltr'><strong>Deo</strong></span> <span class='ocrx_word' id='word_1_74' title='bbox 1341 1217 1697 1273; x_wconf 89' lang='lat' dir='ltr'><strong>amicissimo</strong></span> <span class='ocrx_word' id='word_1_75' title='bbox 1716 1217 1914 1273; x_wconf 60' lang='grc' dir='ltr'><strong>[Εωο-</strong></span> 
     </span>
    </p>
   </div>
   <div class='ocr_carea' id='block_1_12' title="bbox 306 1305 1905 1377">
    <p class='ocr_par' dir='ltr' id='par_1_12' title="bbox 306 1305 1905 1377">
     <span class='ocr_line' id='line_1_12' title="bbox 306 1305 1905 1377; baseline -0.002 -15"><span class='ocrx_word' id='word_1_76' title='bbox 306 1306 435 1377; x_wconf 84' lang='lat' dir='ltr'><strong>uia,</strong></span> <span class='ocrx_word' id='word_1_77' title='bbox 460 1307 842 1376; x_wconf 80' lang='lat' dir='ltr'><strong>Xenophonte</strong></span> <span class='ocrx_word' id='word_1_78' title='bbox 861 1307 974 1361; x_wconf 90' lang='lat' dir='ltr'><strong>Deo</strong></span> <span class='ocrx_word' id='word_1_79' title='bbox 1000 1305 1357 1361; x_wconf 89' lang='lat' dir='ltr'><strong>amicissimo</strong></span> <span class='ocrx_word' id='word_1_80' title='bbox 1376 1305 1644 1375; x_wconf 92' lang='lat' dir='ltr'><strong>episcopo</strong></span> <span class='ocrx_word' id='word_1_81' title='bbox 1665 1305 1905 1374; x_wconf 89' lang='lat' dir='ltr'><strong>Milassi,</strong></span> 
     </span>
    </p>
   </div>
   <div class='ocr_carea' id='block_1_13' title="bbox 306 1394 1909 1465">
    <p class='ocr_par' dir='ltr' id='par_1_13' title="bbox 306 1394 1909 1465">
     <span class='ocr_line' id='line_1_13' title="bbox 306 1394 1909 1465; baseline -0.001 -15"><span class='ocrx_word' id='word_1_82' title='bbox 306 1397 488 1451; x_wconf 88' lang='lat' dir='ltr'><strong>Leone</strong></span> <span class='ocrx_word' id='word_1_83' title='bbox 511 1396 628 1451; x_wconf 86' lang='lat' dir='ltr'><strong>Deo</strong></span> <span class='ocrx_word' id='word_1_84' title='bbox 656 1395 1011 1451; x_wconf 90' lang='lat' dir='ltr'><strong>amicissimo</strong></span> <span class='ocrx_word' id='word_1_85' title='bbox 1043 1395 1311 1465; x_wconf 91' lang='lat' dir='ltr'><strong>episcopo</strong></span> <span class='ocrx_word' id='word_1_86' title='bbox 1332 1394 1698 1465; x_wconf 81' lang='lat' dir='ltr'><strong>Daphnusia,</strong></span> <span class='ocrx_word' id='word_1_87' title='bbox 1746 1395 1909 1449; x_wconf 88' lang='lat' dir='ltr'><strong>Petro</strong></span> 
     </span>
    </p>
   </div>
   <div class='ocr_carea' id='block_1_14' title="bbox 304 1482 1911 1553">
    <p class='ocr_par' dir='ltr' id='par_1_14' title="bbox 304 1482 1911 1553">
     <span class='ocr_line' id='line_1_14' title="bbox 304 1482 1911 1553; baseline -0.001 -14"><span class='ocrx_word' id='word_1_88' title='bbox 304 1485 419 1539; x_wconf 82' lang='lat' dir='ltr'><strong>Deo</strong></span> <span class='ocrx_word' id='word_1_89' title='bbox 435 1484 797 1539; x_wconf 89' lang='lat' dir='ltr'><strong>amicissimo</strong></span> <span class='ocrx_word' id='word_1_90' title='bbox 811 1484 1079 1553; x_wconf 87' lang='lat' dir='ltr'><strong>episcopo</strong></span> <span class='ocrx_word' id='word_1_91' title='bbox 1093 1483 1352 1552; x_wconf 89' lang='lat' dir='ltr'><strong>Troadis,</strong></span> <span class='ocrx_word' id='word_1_92' title='bbox 1370 1484 1629 1539; x_wconf 92' lang='lat' dir='ltr'><strong>Samuele</strong></span> <span class='ocrx_word' id='word_1_93' title='bbox 1643 1484 1757 1538; x_wconf 91' lang='lat' dir='ltr'><strong>Deo</strong></span> <span class='ocrx_word' id='word_1_94' title='bbox 1772 1482 1911 1538; x_wconf 89' lang='lat' dir='ltr'><strong>ami-</strong></span> 
     </span>
    </p>
   </div>
   <div class='ocr_carea' id='block_1_15' title="bbox 306 1571 1912 1642">
    <p class='ocr_par' dir='ltr' id='par_1_15' title="bbox 306 1571 1912 1642">
     <span class='ocr_line' id='line_1_15' title="bbox 306 1571 1912 1642; baseline -0.001 -15"><span class='ocrx_word' id='word_1_95' title='bbox 306 1573 547 1629; x_wconf 91' lang='lat' dir='ltr'><strong>cissimo</strong></span> <span class='ocrx_word' id='word_1_96' title='bbox 564 1573 834 1642; x_wconf 90' lang='lat' dir='ltr'><strong>episcopo</strong></span> <span class='ocrx_word' id='word_1_97' title='bbox 851 1573 1035 1642; x_wconf 79' lang='lat' dir='ltr'><strong>Antri,</strong></span> <span class='ocrx_word' id='word_1_98' title='bbox 1055 1574 1251 1627; x_wconf 86' lang='lat' dir='ltr'><strong>Niceta</strong></span> <span class='ocrx_word' id='word_1_99' title='bbox 1266 1573 1380 1627; x_wconf 92' lang='lat' dir='ltr'><strong>Deo</strong></span> <span class='ocrx_word' id='word_1_100' title='bbox 1395 1572 1750 1628; x_wconf 88' lang='lat' dir='ltr'><strong>amicissimo</strong></span> <span class='ocrx_word' id='word_1_101' title='bbox 1765 1571 1912 1640; x_wconf 88' lang='lat' dir='ltr'><strong>epis-</strong></span> 
     </span>
    </p>
   </div>
   <div class='ocr_carea' id='block_1_16' title="bbox 305 1660 1909 1732">
    <p class='ocr_par' dir='ltr' id='par_1_16' title="bbox 305 1660 1909 1732">
     <span class='ocr_line' id='line_1_16' title="bbox 305 1660 1909 1732; baseline -0.001 -15"><span class='ocrx_word' id='word_1_102' title='bbox 305 1675 450 1731; x_wconf 89' lang='lat' dir='ltr'><strong>copo</strong></span> <span class='ocrx_word' id='word_1_103' title='bbox 481 1662 720 1732; x_wconf 82' lang='lat' dir='ltr'><strong>Photia,</strong></span> <span class='ocrx_word' id='word_1_104' title='bbox 766 1661 1087 1730; x_wconf 90' lang='lat' dir='ltr'><strong>Nicephoro</strong></span> <span class='ocrx_word' id='word_1_105' title='bbox 1114 1662 1229 1716; x_wconf 91' lang='lat' dir='ltr'><strong>Deo</strong></span> <span class='ocrx_word' id='word_1_106' title='bbox 1258 1660 1614 1715; x_wconf 89' lang='lat' dir='ltr'><strong>amicissimo</strong></span> <span class='ocrx_word' id='word_1_107' title='bbox 1642 1660 1909 1729; x_wconf 90' lang='lat' dir='ltr'><strong>episcopo</strong></span> 
     </span>
    </p>
   </div>
   <div class='ocr_carea' id='block_1_17' title="bbox 304 1748 1911 1820">
    <p class='ocr_par' dir='ltr' id='par_1_17' title="bbox 304 1748 1911 1820">
     <span class='ocr_line' id='line_1_17' title="bbox 304 1748 1911 1820; baseline -0.001 -15"><span class='ocrx_word' id='word_1_108' title='bbox 304 1750 701 1820; x_wconf 85' lang='lat' dir='ltr'><strong>Cercyrorum.</strong></span> <span class='ocrx_word' id='word_1_109' title='bbox 714 1748 816 1805; x_wconf 84' lang='lat' dir='ltr'><strong>His</strong></span> <span class='ocrx_word' id='word_1_110' title='bbox 830 1749 1022 1819; x_wconf 86' lang='lat' dir='ltr'><strong>itaque</strong></span> <span class='ocrx_word' id='word_1_111' title='bbox 1034 1749 1230 1805; x_wconf 91' lang='lat' dir='ltr'><strong>taliter</strong></span> <span class='ocrx_word' id='word_1_112' title='bbox 1243 1748 1735 1810; x_wconf 72' lang='lat' dir='ltr'><strong>convenientibus.</strong></span> <span class='ocrx_word' id='word_1_113' title='bbox 1753 1754 1911 1804; x_wconf 89' lang='lat' dir='ltr'><strong>stans</strong></span> 
     </span>
    </p>
   </div>
   <div class='ocr_carea' id='block_1_18' title="bbox 306 1837 1912 1909">
    <p class='ocr_par' dir='ltr' id='par_1_18' title="bbox 306 1837 1912 1909">
     <span class='ocr_line' id='line_1_18' title="bbox 306 1837 1912 1909; baseline -0.001 -16"><span class='ocrx_word' id='word_1_114' title='bbox 306 1838 366 1893; x_wconf 92' lang='lat' dir='ltr'><strong>in</strong></span> <span class='ocrx_word' id='word_1_115' title='bbox 397 1839 594 1894; x_wconf 85' lang='lat' dir='ltr'><strong>medio</strong></span> <span class='ocrx_word' id='word_1_116' title='bbox 624 1838 880 1893; x_wconf 88' lang='lat' dir='ltr'><strong>Bahanes</strong></span> <span class='ocrx_word' id='word_1_117' title='bbox 908 1837 1516 1909; x_wconf 85' lang='lat' dir='ltr'><strong>magniﬁcentissimus</strong></span> <span class='ocrx_word' id='word_1_118' title='bbox 1549 1838 1829 1907; x_wconf 90' lang='lat' dir='ltr'><strong>patricius</strong></span> <span class='ocrx_word' id='word_1_119' title='bbox 1857 1842 1912 1892; x_wconf 92' lang='lat' dir='ltr'><strong>et</strong></span> 
     </span>
    </p>
   </div>
   <div class='ocr_carea' id='block_1_19' title="bbox 307 1926 1912 1998">
    <p class='ocr_par' dir='ltr' id='par_1_19' title="bbox 307 1926 1912 1998">
     <span class='ocr_line' id='line_1_19' title="bbox 307 1926 1912 1998; baseline -0.001 -15"><span class='ocrx_word' id='word_1_120' title='bbox 307 1927 815 1998; x_wconf 76' lang='lat' dir='ltr'><strong>prapositusdixit</strong></span> <span class='ocrx_word' id='word_1_121' title='bbox 829 1945 842 1981; x_wconf 90' lang='lat'><strong>:</strong></span> <span class='ocrx_word' id='word_1_122' title='bbox 858 1927 1267 1997; x_wconf 89' lang='lat' dir='ltr'><strong>Suntepiscopi</strong></span> <span class='ocrx_word' id='word_1_123' title='bbox 1280 1928 1416 1996; x_wconf 92' lang='lat' dir='ltr'><strong>duo,</strong></span> <span class='ocrx_word' id='word_1_124' title='bbox 1430 1926 1912 1982; x_wconf 82' lang='lat' dir='ltr'><strong>consecrationem</strong></span> 
     </span>
    </p>
   </div>
   <div class='ocr_carea' id='block_1_20' title="bbox 302 2015 1915 2086">
    <p class='ocr_par' dir='ltr' id='par_1_20' title="bbox 302 2015 1915 2086">
     <span class='ocr_line' id='line_1_20' title="bbox 302 2015 1915 2086; baseline -0.001 -15"><span class='ocrx_word' id='word_1_125' title='bbox 302 2016 579 2072; x_wconf 87' lang='lat' dir='ltr'><strong>habentes</strong></span> <span class='ocrx_word' id='word_1_126' title='bbox 595 2016 917 2072; x_wconf 86' lang='lat' dir='ltr'><strong>beatissimi</strong></span> <span class='ocrx_word' id='word_1_127' title='bbox 943 2015 1237 2086; x_wconf 86' lang='lat' dir='ltr'><strong>Methodii,</strong></span> <span class='ocrx_word' id='word_1_128' title='bbox 1263 2015 1620 2085; x_wconf 89' lang='lat' dir='ltr'><strong>Theophilus</strong></span> <span class='ocrx_word' id='word_1_129' title='bbox 1645 2021 1699 2070; x_wconf 93' lang='lat' dir='ltr'><strong>et</strong></span> <span class='ocrx_word' id='word_1_130' title='bbox 1713 2015 1915 2071; x_wconf 87' lang='lat' dir='ltr'><strong>Zacha-</strong></span> 
     </span>
    </p>
   </div>
   <div class='ocr_carea' id='block_1_21' title="bbox 302 2103 1911 2175">
    <p class='ocr_par' dir='ltr' id='par_1_21' title="bbox 302 2103 1911 2175">
     <span class='ocr_line' id='line_1_21' title="bbox 302 2103 1911 2175; baseline 0 -16"><span class='ocrx_word' id='word_1_131' title='bbox 302 2105 640 2175; x_wconf 77' lang='lat' dir='ltr'><strong>riasvocati,</strong></span> <span class='ocrx_word' id='word_1_132' title='bbox 657 2105 758 2175; x_wconf 88' lang='lat' dir='ltr'><strong>qui</strong></span> <span class='ocrx_word' id='word_1_133' title='bbox 777 2105 1039 2160; x_wconf 88' lang='lat' dir='ltr'><strong>Photium</strong></span> <span class='ocrx_word' id='word_1_134' title='bbox 1065 2104 1738 2174; x_wconf 80' lang='lat' dir='ltr'><strong>recipientesdiﬂ&#39;amant,</strong></span> <span class='ocrx_word' id='word_1_135' title='bbox 1762 2103 1911 2174; x_wconf 90' lang='lat' dir='ltr'><strong>quod</strong></span> 
     </span>
    </p>
   </div>
   <div class='ocr_carea' id='block_1_22' title="bbox 303 2192 1914 2263">
    <p class='ocr_par' dir='ltr' id='par_1_22' title="bbox 303 2192 1914 2263">
     <span class='ocr_line' id='line_1_22' title="bbox 303 2192 1914 2263; baseline -0.001 -14"><span class='ocrx_word' id='word_1_136' title='bbox 303 2194 619 2263; x_wconf 84' lang='lat' dir='ltr'><strong>recepisset</strong></span> <span class='ocrx_word' id='word_1_137' title='bbox 662 2194 1045 2250; x_wconf 82' lang='lat' dir='ltr'><strong>Romanorum</strong></span> <span class='ocrx_word' id='word_1_138' title='bbox 1084 2193 1339 2249; x_wconf 76' lang='lat' dir='ltr'><strong>Ecclesia</strong></span> <span class='ocrx_word' id='word_1_139' title='bbox 1379 2193 1663 2248; x_wconf 91' lang='lat' dir='ltr'><strong>Photium.</strong></span> <span class='ocrx_word' id='word_1_140' title='bbox 1694 2192 1753 2246; x_wconf 92' lang='lat' dir='ltr'><strong>Si</strong></span> <span class='ocrx_word' id='word_1_141' title='bbox 1781 2206 1914 2263; x_wconf 91' lang='lat' dir='ltr'><strong>ergo</strong></span> 
     </span>
    </p>
   </div>
   <div class='ocr_carea' id='block_1_23' title="bbox 304 2281 1913 2361">
    <p class='ocr_par' dir='ltr' id='par_1_23' title="bbox 304 2281 1913 2361">
     <span class='ocr_line' id='line_1_23' title="bbox 304 2281 1913 2361; baseline -0.001 -24"><span class='ocrx_word' id='word_1_142' title='bbox 304 2283 488 2353; x_wconf 86' lang='lat' dir='ltr'><strong>placet</strong></span> <span class='ocrx_word' id='word_1_143' title='bbox 531 2283 831 2338; x_wconf 89' lang='lat' dir='ltr'><strong>sanctitati</strong></span> <span class='ocrx_word' id='word_1_144' title='bbox 876 2288 1094 2352; x_wconf 85' lang='lat' dir='ltr'><strong>vestra,</strong></span> <span class='ocrx_word' id='word_1_145' title='bbox 1145 2282 1546 2353; x_wconf 80' lang='lat' dir='ltr'><strong>ingrediantur</strong></span> <span class='ocrx_word' id='word_1_146' title='bbox 1576 2281 1913 2361; x_wconf 79' lang='lat' dir='ltr'><strong>insanctam</strong></span> 
     </span>
    </p>
   </div>
   <div class='ocr_carea' id='block_1_24' title="bbox 300 2370 1916 2442">
    <p class='ocr_par' dir='ltr' id='par_1_24' title="bbox 300 2370 1916 2442">
     <span class='ocr_line' id='line_1_24' title="bbox 300 2370 1916 2442; baseline -0.001 -15"><span class='ocrx_word' id='word_1_147' title='bbox 300 2378 355 2427; x_wconf 87' lang='lat' dir='ltr'><strong>et</strong></span> <span class='ocrx_word' id='word_1_148' title='bbox 386 2372 775 2428; x_wconf 89' lang='lat' dir='ltr'><strong>universalem</strong></span> <span class='ocrx_word' id='word_1_149' title='bbox 802 2371 1102 2442; x_wconf 87' lang='lat' dir='ltr'><strong>synodum,</strong></span> <span class='ocrx_word' id='word_1_150' title='bbox 1128 2376 1185 2426; x_wconf 90' lang='lat' dir='ltr'><strong>et</strong></span> <span class='ocrx_word' id='word_1_151' title='bbox 1212 2370 1624 2440; x_wconf 87' lang='lat' dir='ltr'><strong>rejudicentur.</strong></span> <span class='ocrx_word' id='word_1_152' title='bbox 1660 2371 1916 2425; x_wconf 84' lang='lat' dir='ltr'><strong>Donatus</strong></span> 
     </span>
    </p>
   </div>
   <div class='ocr_carea' id='block_1_25' title="bbox 298 2458 1916 2530">
    <p class='ocr_par' dir='ltr' id='par_1_25' title="bbox 298 2458 1916 2530">
     <span class='ocr_line' id='line_1_25' title="bbox 298 2458 1916 2530; baseline -0.003 -13"><span class='ocrx_word' id='word_1_153' title='bbox 298 2462 411 2517; x_wconf 84' lang='lat' dir='ltr'><strong>Deo</strong></span> <span class='ocrx_word' id='word_1_154' title='bbox 434 2460 838 2516; x_wconf 91' lang='lat' dir='ltr'><strong>amicissimus</strong></span> <span class='ocrx_word' id='word_1_155' title='bbox 867 2459 1172 2530; x_wconf 91' lang='lat' dir='ltr'><strong>episcopus</strong></span> <span class='ocrx_word' id='word_1_156' title='bbox 1191 2459 1497 2529; x_wconf 89' lang='lat' dir='ltr'><strong>Ostiensis,</strong></span> <span class='ocrx_word' id='word_1_157' title='bbox 1522 2464 1577 2513; x_wconf 91' lang='lat' dir='ltr'><strong>et</strong></span> <span class='ocrx_word' id='word_1_158' title='bbox 1596 2458 1916 2527; x_wconf 90' lang='lat' dir='ltr'><strong>Stephanus</strong></span> 
     </span>
    </p>
   </div>
   <div class='ocr_carea' id='block_1_26' title="bbox 299 2546 1918 2619">
    <p class='ocr_par' dir='ltr' id='par_1_26' title="bbox 299 2546 1918 2619">
     <span class='ocr_line' id='line_1_26' title="bbox 299 2546 1918 2619; baseline -0.002 -14"><span class='ocrx_word' id='word_1_159' title='bbox 299 2550 414 2605; x_wconf 91' lang='lat' dir='ltr'><strong>Deo</strong></span> <span class='ocrx_word' id='word_1_160' title='bbox 437 2549 843 2605; x_wconf 87' lang='lat' dir='ltr'><strong>amicissimus</strong></span> <span class='ocrx_word' id='word_1_161' title='bbox 865 2549 1199 2619; x_wconf 88' lang='lat' dir='ltr'><strong>Nepesinus,</strong></span> <span class='ocrx_word' id='word_1_162' title='bbox 1220 2554 1276 2603; x_wconf 94' lang='lat' dir='ltr'><strong>et</strong></span> <span class='ocrx_word' id='word_1_163' title='bbox 1292 2548 1549 2603; x_wconf 86' lang='lat' dir='ltr'><strong>Marinus</strong></span> <span class='ocrx_word' id='word_1_164' title='bbox 1564 2549 1678 2603; x_wconf 91' lang='lat' dir='ltr'><strong>Deo</strong></span> <span class='ocrx_word' id='word_1_165' title='bbox 1692 2546 1918 2602; x_wconf 89' lang='lat' dir='ltr'><strong>amicis-</strong></span> 
     </span>
    </p>
   </div>
   <div class='ocr_carea' id='block_1_27' title="bbox 302 2635 1915 2707">
    <p class='ocr_par' dir='ltr' id='par_1_27' title="bbox 302 2635 1915 2707">
     <span class='ocr_line' id='line_1_27' title="bbox 302 2635 1915 2707; baseline -0.003 -13"><span class='ocrx_word' id='word_1_166' title='bbox 302 2638 489 2694; x_wconf 91' lang='lat' dir='ltr'><strong>simus</strong></span> <span class='ocrx_word' id='word_1_167' title='bbox 517 2638 806 2694; x_wconf 87' lang='lat' dir='ltr'><strong>diaconus</strong></span> <span class='ocrx_word' id='word_1_168' title='bbox 846 2642 1053 2693; x_wconf 85' lang='lat' dir='ltr'><strong>sancta</strong></span> <span class='ocrx_word' id='word_1_169' title='bbox 1100 2637 1365 2693; x_wconf 84' lang='lat' dir='ltr'><strong>Romana</strong></span> <span class='ocrx_word' id='word_1_170' title='bbox 1410 2636 1694 2707; x_wconf 86' lang='lat' dir='ltr'><strong>Ecclesia,</strong></span> <span class='ocrx_word' id='word_1_171' title='bbox 1730 2635 1915 2691; x_wconf 71' lang='lat' dir='ltr'><strong>locam</strong></span> 
     </span>
    </p>
   </div>
   <div class='ocr_carea' id='block_1_28' title="bbox 304 2723 1920 2796">
    <p class='ocr_par' dir='ltr' id='par_1_28' title="bbox 304 2723 1920 2796">
     <span class='ocr_line' id='line_1_28' title="bbox 304 2723 1920 2796; baseline -0.002 -14"><span class='ocrx_word' id='word_1_172' title='bbox 304 2727 624 2783; x_wconf 86' lang='lat' dir='ltr'><strong>retinentes</strong></span> <span class='ocrx_word' id='word_1_173' title='bbox 646 2725 887 2782; x_wconf 84' lang='lat' dir='ltr'><strong>Adriani</strong></span> <span class='ocrx_word' id='word_1_174' title='bbox 919 2725 1271 2782; x_wconf 88' lang='lat' dir='ltr'><strong>sanctissimi</strong></span> <span class='ocrx_word' id='word_1_175' title='bbox 1298 2739 1452 2796; x_wconf 90' lang='lat' dir='ltr'><strong>papa</strong></span> <span class='ocrx_word' id='word_1_176' title='bbox 1478 2724 1737 2795; x_wconf 87' lang='lat' dir='ltr'><strong>Romani,</strong></span> <span class='ocrx_word' id='word_1_177' title='bbox 1764 2723 1920 2779; x_wconf 82' lang='lat' dir='ltr'><strong>dixe-</strong></span> 
     </span>
    </p>
   </div>
   <div class='ocr_carea' id='block_1_29' title="bbox 304 2813 1920 2879">
    <p class='ocr_par' dir='ltr' id='par_1_29' title="bbox 304 2813 1920 2879">
     <span class='ocr_line' id='line_1_29' title="bbox 304 2813 1920 2879; baseline -0.001 -9"><span class='ocrx_word' id='word_1_178' title='bbox 304 2822 435 2872; x_wconf 89' lang='lat' dir='ltr'><strong>runt</strong></span> <span class='ocrx_word' id='word_1_179' title='bbox 465 2816 537 2871; x_wconf 89' lang='lat' dir='ltr'><strong>ad</strong></span> <span class='ocrx_word' id='word_1_180' title='bbox 573 2815 973 2872; x_wconf 89' lang='lat' dir='ltr'><strong>sanctissimos</strong></span> <span class='ocrx_word' id='word_1_181' title='bbox 1012 2815 1261 2871; x_wconf 88' lang='lat' dir='ltr'><strong>vicarios</strong></span> <span class='ocrx_word' id='word_1_182' title='bbox 1291 2814 1515 2870; x_wconf 91' lang='lat' dir='ltr'><strong>sedium</strong></span> <span class='ocrx_word' id='word_1_183' title='bbox 1558 2813 1831 2879; x_wconf 84' lang='lat' dir='ltr'><strong>Orientis,</strong></span> <span class='ocrx_word' id='word_1_184' title='bbox 1863 2818 1920 2868; x_wconf 89' lang='lat' dir='ltr'><strong>et</strong></span> 
     </span>
    </p>
   </div>
   <div class='ocr_carea' id='block_1_30' title="bbox 2027 505 3625 576">
    <p class='ocr_par' dir='ltr' id='par_1_30' title="bbox 2027 505 3625 576">
     <span class='ocr_line' id='line_1_30' title="bbox 2027 505 3625 576; baseline 0.006 -17"><span class='ocrx_word' id='word_1_185' title='bbox 2027 505 2231 573; x_wconf 79' lang='lat' dir='ltr'><strong>Roma,</strong></span> <span class='ocrx_word' id='word_1_186' title='bbox 2257 520 2426 576; x_wconf 90' lang='lat' dir='ltr'><strong>quam</strong></span> <span class='ocrx_word' id='word_1_187' title='bbox 2448 508 2827 563; x_wconf 87' lang='lat' dir='ltr'><strong>Orientalium</strong></span> <span class='ocrx_word' id='word_1_188' title='bbox 2846 508 3095 564; x_wconf 86' lang='lat' dir='ltr'><strong>sedium:</strong></span> <span class='ocrx_word' id='word_1_189' title='bbox 3120 510 3244 563; x_wconf 89' lang='lat' dir='ltr'><strong>Nisi</strong></span> <span class='ocrx_word' id='word_1_190' title='bbox 3267 511 3625 568; x_wconf 89' lang='lat' dir='ltr'><strong>audierimus</strong></span> 
     </span>
    </p>
   </div>
   <div class='ocr_carea' id='block_1_31' title="bbox 2024 594 3626 670">
    <p class='ocr_par' dir='ltr' id='par_1_31' title="bbox 2024 594 3626 670">
     <span class='ocr_line' id='line_1_31' title="bbox 2024 594 3626 670; baseline 0.004 -21"><span class='ocrx_word' id='word_1_191' title='bbox 2024 600 2079 649; x_wconf 92' lang='lat' dir='ltr'><strong>et</strong></span> <span class='ocrx_word' id='word_1_192' title='bbox 2104 594 2174 649; x_wconf 92' lang='lat' dir='ltr'><strong>ab</strong></span> <span class='ocrx_word' id='word_1_193' title='bbox 2204 595 2327 664; x_wconf 91' lang='lat' dir='ltr'><strong>ipso</strong></span> <span class='ocrx_word' id='word_1_194' title='bbox 2358 597 2558 652; x_wconf 91' lang='lat' dir='ltr'><strong>Photio</strong></span> <span class='ocrx_word' id='word_1_195' title='bbox 2586 597 2645 653; x_wconf 91' lang='lat' dir='ltr'><strong>in</strong></span> <span class='ocrx_word' id='word_1_196' title='bbox 2670 603 2977 667; x_wconf 91' lang='lat' dir='ltr'><strong>conspectu</strong></span> <span class='ocrx_word' id='word_1_197' title='bbox 3012 604 3205 653; x_wconf 91' lang='lat' dir='ltr'><strong>nostro</strong></span> <span class='ocrx_word' id='word_1_198' title='bbox 3236 603 3440 670; x_wconf 88' lang='lat' dir='ltr'><strong>stante,</strong></span> <span class='ocrx_word' id='word_1_199' title='bbox 3473 606 3529 655; x_wconf 92' lang='lat' dir='ltr'><strong>et</strong></span> <span class='ocrx_word' id='word_1_200' title='bbox 3554 601 3626 655; x_wconf 89' lang='lat' dir='ltr'><strong>ab</strong></span> 
     </span>
    </p>
   </div>
   <div class='ocr_carea' id='block_1_32' title="bbox 2023 684 3625 757">
    <p class='ocr_par' dir='ltr' id='par_1_32' title="bbox 2023 684 3625 757">
     <span class='ocr_line' id='line_1_32' title="bbox 2023 684 3625 757; baseline 0.003 -19"><span class='ocrx_word' id='word_1_201' title='bbox 2023 684 2311 753; x_wconf 87' lang='lat' dir='ltr'><strong>episcopis</strong></span> <span class='ocrx_word' id='word_1_202' title='bbox 2333 686 2477 755; x_wconf 86' lang='lat' dir='ltr'><strong>ejus,</strong></span> <span class='ocrx_word' id='word_1_203' title='bbox 2507 691 2562 741; x_wconf 94' lang='lat' dir='ltr'><strong>et</strong></span> <span class='ocrx_word' id='word_1_204' title='bbox 2589 687 2664 741; x_wconf 93' lang='lat' dir='ltr'><strong>iis</strong></span> <span class='ocrx_word' id='word_1_205' title='bbox 2689 687 2789 757; x_wconf 89' lang='lat' dir='ltr'><strong>qui</strong></span> <span class='ocrx_word' id='word_1_206' title='bbox 2824 687 3095 742; x_wconf 90' lang='lat' dir='ltr'><strong>habentes</strong></span> <span class='ocrx_word' id='word_1_207' title='bbox 3138 689 3625 743; x_wconf 91' lang='lat' dir='ltr'><strong>consecrationem</strong></span> 
     </span>
    </p>
   </div>
   <div class='ocr_carea' id='block_1_33' title="bbox 2025 771 3628 847">
    <p class='ocr_par' dir='ltr' id='par_1_33' title="bbox 2025 771 3628 847">
     <span class='ocr_line' id='line_1_33' title="bbox 2025 771 3628 847; baseline 0.004 -21"><span class='ocrx_word' id='word_1_208' title='bbox 2025 771 2341 827; x_wconf 89' lang='lat' dir='ltr'><strong>beatissimi</strong></span> <span class='ocrx_word' id='word_1_209' title='bbox 2371 775 2642 830; x_wconf 88' lang='lat' dir='ltr'><strong>Methodii</strong></span> <span class='ocrx_word' id='word_1_210' title='bbox 2670 780 2725 830; x_wconf 93' lang='lat' dir='ltr'><strong>et</strong></span> <span class='ocrx_word' id='word_1_211' title='bbox 2746 776 3099 831; x_wconf 89' lang='lat' dir='ltr'><strong>sanctissimi</strong></span> <span class='ocrx_word' id='word_1_212' title='bbox 3122 776 3330 847; x_wconf 87' lang='lat' dir='ltr'><strong>lgnatii</strong></span> <span class='ocrx_word' id='word_1_213' title='bbox 3354 781 3628 846; x_wconf 83' lang='lat' dir='ltr'><strong>apostata</strong></span> 
     </span>
    </p>
   </div>
   <div class='ocr_carea' id='block_1_34' title="bbox 2024 859 3627 934">
    <p class='ocr_par' dir='ltr' id='par_1_34' title="bbox 2024 859 3627 934">
     <span class='ocr_line' id='line_1_34' title="bbox 2024 859 3627 934; baseline 0.004 -20"><span class='ocrx_word' id='word_1_214' title='bbox 2024 859 2160 917; x_wconf 87' lang='lat' dir='ltr'><strong>facti</strong></span> <span class='ocrx_word' id='word_1_215' title='bbox 2193 868 2346 931; x_wconf 88' lang='lat' dir='ltr'><strong>sunt,</strong></span> <span class='ocrx_word' id='word_1_216' title='bbox 2379 868 2442 917; x_wconf 91' lang='lat' dir='ltr'><strong>ut</strong></span> <span class='ocrx_word' id='word_1_217' title='bbox 2469 863 2526 918; x_wconf 92' lang='lat' dir='ltr'><strong>in</strong></span> <span class='ocrx_word' id='word_1_218' title='bbox 2554 870 2861 934; x_wconf 85' lang='lat' dir='ltr'><strong>conspectu</strong></span> <span class='ocrx_word' id='word_1_219' title='bbox 2891 870 3084 920; x_wconf 92' lang='lat' dir='ltr'><strong>nostro</strong></span> <span class='ocrx_word' id='word_1_220' title='bbox 3120 865 3498 921; x_wconf 89' lang='lat' dir='ltr'><strong>obstruantur</strong></span> <span class='ocrx_word' id='word_1_221' title='bbox 3526 879 3627 921; x_wconf 90' lang='lat' dir='ltr'><strong>ora</strong></span> 
     </span>
    </p>
   </div>
   <div class='ocr_carea' id='block_1_35' title="bbox 2028 950 3622 1026">
    <p class='ocr_par' dir='ltr' id='par_1_35' title="bbox 2028 950 3622 1026">
     <span class='ocr_line' id='line_1_35' title="bbox 2028 950 3622 1026; baseline 0.003 -21"><span class='ocrx_word' id='word_1_222' title='bbox 2028 950 2281 1020; x_wconf 90' lang='lat' dir='ltr'><strong>ipsorum</strong></span> <span class='ocrx_word' id='word_1_223' title='bbox 2307 966 2373 1007; x_wconf 85' lang='lat' dir='ltr'><strong>ex</strong></span> <span class='ocrx_word' id='word_1_224' title='bbox 2404 954 2701 1009; x_wconf 90' lang='lat' dir='ltr'><strong>canonicis</strong></span> <span class='ocrx_word' id='word_1_225' title='bbox 2725 959 2779 1009; x_wconf 93' lang='lat' dir='ltr'><strong>et</strong></span> <span class='ocrx_word' id='word_1_226' title='bbox 2806 955 3099 1025; x_wconf 86' lang='lat' dir='ltr'><strong>synodicis</strong></span> <span class='ocrx_word' id='word_1_227' title='bbox 3123 954 3622 1026; x_wconf 86' lang='lat' dir='ltr'><strong>praceptionibus,</strong></span> 
     </span>
    </p>
   </div>
   <div class='ocr_carea' id='block_1_36' title="bbox 2025 1040 3626 1113">
    <p class='ocr_par' dir='ltr' id='par_1_36' title="bbox 2025 1040 3626 1113">
     <span class='ocr_line' id='line_1_36' title="bbox 2025 1040 3626 1113; baseline 0.004 -19"><span class='ocrx_word' id='word_1_228' title='bbox 2025 1053 2134 1095; x_wconf 89' lang='lat' dir='ltr'><strong>non</strong></span> <span class='ocrx_word' id='word_1_229' title='bbox 2162 1040 2376 1096; x_wconf 89' lang='lat' dir='ltr'><strong>scribet</strong></span> <span class='ocrx_word' id='word_1_230' title='bbox 2401 1056 2603 1109; x_wconf 79' lang='lat' dir='ltr'><strong>manus</strong></span> <span class='ocrx_word' id='word_1_231' title='bbox 2631 1048 2821 1099; x_wconf 92' lang='lat' dir='ltr'><strong>nostra</strong></span> <span class='ocrx_word' id='word_1_232' title='bbox 2850 1057 3018 1099; x_wconf 89' lang='lat' dir='ltr'><strong>unam</strong></span> <span class='ocrx_word' id='word_1_233' title='bbox 3048 1044 3295 1098; x_wconf 89' lang='lat' dir='ltr'><strong>litteram</strong></span> <span class='ocrx_word' id='word_1_234' title='bbox 3321 1044 3379 1099; x_wconf 95' lang='lat' dir='ltr'><strong>in</strong></span> <span class='ocrx_word' id='word_1_235' title='bbox 3408 1044 3626 1113; x_wconf 85' lang='lat' dir='ltr'><strong>synodo</strong></span> 
     </span>
    </p>
   </div>
   <div class='ocr_carea' id='block_1_37' title="bbox 2025 1128 3623 1201">
    <p class='ocr_par' dir='ltr' id='par_1_37' title="bbox 2025 1128 3623 1201">
     <span class='ocr_line' id='line_1_37' title="bbox 2025 1128 3623 1201; baseline 0.003 -18"><span class='ocrx_word' id='word_1_236' title='bbox 2025 1128 2170 1183; x_wconf 89' lang='lat' dir='ltr'><strong>ista:</strong></span> <span class='ocrx_word' id='word_1_237' title='bbox 2201 1130 2444 1185; x_wconf 88' lang='lat' dir='ltr'><strong>audiant</strong></span> <span class='ocrx_word' id='word_1_238' title='bbox 2470 1146 2595 1200; x_wconf 84' lang='lat' dir='ltr'><strong>qua</strong></span> <span class='ocrx_word' id='word_1_239' title='bbox 2616 1132 2873 1201; x_wconf 86' lang='lat' dir='ltr'><strong>judicata</strong></span> <span class='ocrx_word' id='word_1_240' title='bbox 2904 1136 3041 1189; x_wconf 92' lang='lat' dir='ltr'><strong>sunt</strong></span> <span class='ocrx_word' id='word_1_241' title='bbox 3062 1146 3094 1186; x_wconf 90' lang='lat' dir='ltr'><strong>a</strong></span> <span class='ocrx_word' id='word_1_242' title='bbox 3117 1132 3331 1188; x_wconf 86' lang='lat' dir='ltr'><strong>seniori</strong></span> <span class='ocrx_word' id='word_1_243' title='bbox 3362 1132 3536 1188; x_wconf 84' lang='lat' dir='ltr'><strong>Roma</strong></span> <span class='ocrx_word' id='word_1_244' title='bbox 3566 1133 3623 1188; x_wconf 93' lang='lat' dir='ltr'><strong>in</strong></span> 
     </span>
    </p>
   </div>
   <div class='ocr_carea' id='block_1_38' title="bbox 2020 1220 3623 1294">
    <p class='ocr_par' dir='ltr' id='par_1_38' title="bbox 2020 1220 3623 1294">
     <span class='ocr_line' id='line_1_38' title="bbox 2020 1220 3623 1294; baseline 0.002 -21"><span class='ocrx_word' id='word_1_245' title='bbox 2020 1224 2327 1289; x_wconf 91' lang='lat' dir='ltr'><strong>conspectu</strong></span> <span class='ocrx_word' id='word_1_246' title='bbox 2347 1225 2561 1290; x_wconf 93' lang='lat' dir='ltr'><strong>nostro,</strong></span> <span class='ocrx_word' id='word_1_247' title='bbox 2580 1226 2636 1276; x_wconf 91' lang='lat' dir='ltr'><strong>et</strong></span> <span class='ocrx_word' id='word_1_248' title='bbox 2653 1221 2704 1275; x_wconf 92' lang='lat' dir='ltr'><strong>si</strong></span> <span class='ocrx_word' id='word_1_249' title='bbox 2725 1220 2873 1275; x_wconf 89' lang='lat' dir='ltr'><strong>nihil</strong></span> <span class='ocrx_word' id='word_1_250' title='bbox 2893 1221 3286 1277; x_wconf 87' lang='lat' dir='ltr'><strong>contradicere</strong></span> <span class='ocrx_word' id='word_1_251' title='bbox 3309 1222 3623 1294; x_wconf 82' lang='lat' dir='ltr'><strong>potuerint,</strong></span> 
     </span>
    </p>
   </div>
   <div class='ocr_carea' id='block_1_39' title="bbox 2021 1307 3629 1379">
    <p class='ocr_par' dir='ltr' id='par_1_39' title="bbox 2021 1307 3629 1379">
     <span class='ocr_line' id='line_1_39' title="bbox 2021 1307 3629 1379; baseline 0.004 -18"><span class='ocrx_word' id='word_1_252' title='bbox 2021 1307 2323 1363; x_wconf 90' lang='lat' dir='ltr'><strong>sanabitur</strong></span> <span class='ocrx_word' id='word_1_253' title='bbox 2344 1309 2516 1364; x_wconf 91' lang='lat' dir='ltr'><strong>mund</strong></span> <span class='ocrx_word' id='word_1_254' title='bbox 2528 1324 2595 1365; x_wconf 94' lang='lat' dir='ltr'><strong>us</strong></span> <span class='ocrx_word' id='word_1_255' title='bbox 2616 1323 2683 1364; x_wconf 88' lang='lat' dir='ltr'><strong>ex</strong></span> <span class='ocrx_word' id='word_1_256' title='bbox 2704 1323 2987 1365; x_wconf 89' lang='lat' dir='ltr'><strong>consensu</strong></span> <span class='ocrx_word' id='word_1_257' title='bbox 3014 1310 3292 1379; x_wconf 90' lang='lat' dir='ltr'><strong>ipsorum.</strong></span> <span class='ocrx_word' id='word_1_258' title='bbox 3320 1310 3379 1365; x_wconf 91' lang='lat' dir='ltr'><strong>Si</strong></span> <span class='ocrx_word' id='word_1_259' title='bbox 3408 1310 3514 1366; x_wconf 93' lang='lat' dir='ltr'><strong>hoc</strong></span> <span class='ocrx_word' id='word_1_260' title='bbox 3533 1324 3629 1368; x_wconf 90' lang='lat' dir='ltr'><strong>au-</strong></span> 
     </span>
    </p>
   </div>
   <div class='ocr_carea' id='block_1_40' title="bbox 2019 1395 3629 1471">
    <p class='ocr_par' dir='ltr' id='par_1_40' title="bbox 2019 1395 3629 1471">
     <span class='ocr_line' id='line_1_40' title="bbox 2019 1395 3629 1471; baseline 0.004 -21"><span class='ocrx_word' id='word_1_261' title='bbox 2019 1400 2128 1450; x_wconf 92' lang='lat' dir='ltr'><strong>tem</strong></span> <span class='ocrx_word' id='word_1_262' title='bbox 2143 1395 2353 1453; x_wconf 91' lang='lat' dir='ltr'><strong>factum</strong></span> <span class='ocrx_word' id='word_1_263' title='bbox 2379 1410 2485 1453; x_wconf 95' lang='lat' dir='ltr'><strong>non</strong></span> <span class='ocrx_word' id='word_1_264' title='bbox 2510 1396 2704 1470; x_wconf 87' lang='lat' dir='ltr'><strong>fuerit,</strong></span> <span class='ocrx_word' id='word_1_265' title='bbox 2728 1399 2944 1454; x_wconf 91' lang='lat' dir='ltr'><strong>scimus</strong></span> <span class='ocrx_word' id='word_1_266' title='bbox 2961 1399 3096 1469; x_wconf 86' lang='lat' dir='ltr'><strong>quia</strong></span> <span class='ocrx_word' id='word_1_267' title='bbox 3120 1399 3300 1456; x_wconf 88' lang='lat' dir='ltr'><strong>nostri</strong></span> <span class='ocrx_word' id='word_1_268' title='bbox 3321 1413 3431 1455; x_wconf 94' lang='lat' dir='ltr'><strong>non</strong></span> <span class='ocrx_word' id='word_1_269' title='bbox 3447 1399 3629 1471; x_wconf 87' lang='lat' dir='ltr'><strong>egetis</strong></span> 
     </span>
    </p>
   </div>
   <div class='ocr_carea' id='block_1_41' title="bbox 2018 1486 3626 1559">
    <p class='ocr_par' dir='ltr' id='par_1_41' title="bbox 2018 1486 3626 1559">
     <span class='ocr_line' id='line_1_41' title="bbox 2018 1486 3626 1559; baseline 0.002 -19"><span class='ocrx_word' id='word_1_270' title='bbox 2018 1486 2086 1540; x_wconf 91' lang='lat' dir='ltr'><strong>ad</strong></span> <span class='ocrx_word' id='word_1_271' title='bbox 2116 1486 2478 1542; x_wconf 91' lang='lat' dir='ltr'><strong>scribendum</strong></span> <span class='ocrx_word' id='word_1_272' title='bbox 2510 1487 2565 1542; x_wconf 94' lang='lat' dir='ltr'><strong>in</strong></span> <span class='ocrx_word' id='word_1_273' title='bbox 2596 1488 2705 1543; x_wconf 82' lang='lat' dir='ltr'><strong>line</strong></span> <span class='ocrx_word' id='word_1_274' title='bbox 2728 1502 2760 1543; x_wconf 91' lang='lat' dir='ltr'><strong>a</strong></span> <span class='ocrx_word' id='word_1_275' title='bbox 2787 1487 2949 1543; x_wconf 91' lang='lat' dir='ltr'><strong>vobis</strong></span> <span class='ocrx_word' id='word_1_276' title='bbox 2988 1493 3293 1559; x_wconf 87' lang='lat' dir='ltr'><strong>gestorum.</strong></span> <span class='ocrx_word' id='word_1_277' title='bbox 3333 1487 3626 1557; x_wconf 89' lang='lat' dir='ltr'><strong>Quomodo</strong></span> 
     </span>
    </p>
   </div>
   <div class='ocr_carea' id='block_1_42' title="bbox 2019 1575 3630 1647">
    <p class='ocr_par' dir='ltr' id='par_1_42' title="bbox 2019 1575 3630 1647">
     <span class='ocr_line' id='line_1_42' title="bbox 2019 1575 3630 1647; baseline 0.002 -19"><span class='ocrx_word' id='word_1_278' title='bbox 2019 1575 2171 1629; x_wconf 91' lang='lat' dir='ltr'><strong>enim</strong></span> <span class='ocrx_word' id='word_1_279' title='bbox 2199 1575 2629 1632; x_wconf 87' lang='lat' dir='ltr'><strong>subscribemus</strong></span> <span class='ocrx_word' id='word_1_280' title='bbox 2656 1577 2715 1631; x_wconf 93' lang='lat' dir='ltr'><strong>in</strong></span> <span class='ocrx_word' id='word_1_281' title='bbox 2740 1577 3071 1646; x_wconf 87' lang='lat' dir='ltr'><strong>hujusmodi</strong></span> <span class='ocrx_word' id='word_1_282' title='bbox 3094 1577 3340 1647; x_wconf 90' lang='lat' dir='ltr'><strong>judicio,</strong></span> <span class='ocrx_word' id='word_1_283' title='bbox 3369 1576 3494 1632; x_wconf 92' lang='lat' dir='ltr'><strong>illis</strong></span> <span class='ocrx_word' id='word_1_284' title='bbox 3517 1577 3630 1632; x_wconf 88' lang='lat' dir='ltr'><strong>cla-</strong></span> 
     </span>
    </p>
   </div>
   <div class='ocr_carea' id='block_1_43' title="bbox 2023 1662 3625 1735">
    <p class='ocr_par' dir='ltr' id='par_1_43' title="bbox 2023 1662 3625 1735">
     <span class='ocr_line' id='line_1_43' title="bbox 2023 1662 3625 1735; baseline 0.002 -18"><span class='ocrx_word' id='word_1_285' title='bbox 2023 1662 2313 1719; x_wconf 91' lang='lat' dir='ltr'><strong>mantibus</strong></span> <span class='ocrx_word' id='word_1_286' title='bbox 2323 1665 2859 1734; x_wconf 90' lang='lat' dir='ltr'><strong>atquedicentibus:</strong></span> <span class='ocrx_word' id='word_1_287' title='bbox 2878 1664 3197 1722; x_wconf 87' lang='lat' dir='ltr'><strong>Audiamus</strong></span> <span class='ocrx_word' id='word_1_288' title='bbox 3208 1666 3625 1735; x_wconf 89' lang='lat' dir='ltr'><strong>depositionem</strong></span> 
     </span>
    </p>
   </div>
   <div class='ocr_carea' id='block_1_44' title="bbox 2024 1752 3627 1824">
    <p class='ocr_par' dir='ltr' id='par_1_44' title="bbox 2024 1752 3627 1824">
     <span class='ocr_line' id='line_1_44' title="bbox 2024 1752 3627 1824; baseline 0.002 -18"><span class='ocrx_word' id='word_1_289' title='bbox 2024 1757 2297 1820; x_wconf 91' lang='lat' dir='ltr'><strong>nostram,</strong></span> <span class='ocrx_word' id='word_1_290' title='bbox 2326 1752 2681 1822; x_wconf 88' lang='lat' dir='ltr'><strong>damnemur,</strong></span> <span class='ocrx_word' id='word_1_291' title='bbox 2705 1754 3078 1810; x_wconf 89' lang='lat' dir='ltr'><strong>audientibus</strong></span> <span class='ocrx_word' id='word_1_292' title='bbox 3101 1754 3268 1810; x_wconf 91' lang='lat' dir='ltr'><strong>nobis</strong></span> <span class='ocrx_word' id='word_1_293' title='bbox 3291 1759 3353 1811; x_wconf 91' lang='lat' dir='ltr'><strong>ut</strong></span> <span class='ocrx_word' id='word_1_294' title='bbox 3376 1754 3627 1824; x_wconf 89' lang='lat' dir='ltr'><strong>postulat</strong></span> 
     </span>
    </p>
   </div>
   <div class='ocr_carea' id='block_1_45' title="bbox 2017 1840 3627 1912">
    <p class='ocr_par' dir='ltr' id='par_1_45' title="bbox 2017 1840 3627 1912">
     <span class='ocr_line' id='line_1_45' title="bbox 2017 1840 3627 1912; baseline 0.001 -15"><span class='ocrx_word' id='word_1_295' title='bbox 2017 1840 2263 1910; x_wconf 84' lang='lat' dir='ltr'><strong>justitia</strong></span> <span class='ocrx_word' id='word_1_296' title='bbox 2284 1842 2451 1909; x_wconf 88' lang='lat' dir='ltr'><strong>ratio,</strong></span> <span class='ocrx_word' id='word_1_297' title='bbox 2472 1848 2528 1896; x_wconf 93' lang='lat' dir='ltr'><strong>et</strong></span> <span class='ocrx_word' id='word_1_298' title='bbox 2549 1843 2748 1898; x_wconf 93' lang='lat' dir='ltr'><strong>nullus</strong></span> <span class='ocrx_word' id='word_1_299' title='bbox 2768 1856 2952 1898; x_wconf 91' lang='lat' dir='ltr'><strong>sermo</strong></span> <span class='ocrx_word' id='word_1_300' title='bbox 2977 1843 3231 1912; x_wconf 90' lang='lat' dir='ltr'><strong>ipsorum</strong></span> <span class='ocrx_word' id='word_1_301' title='bbox 3256 1844 3319 1898; x_wconf 83' lang='lat' dir='ltr'><strong>fit</strong></span> <span class='ocrx_word' id='word_1_302' title='bbox 3335 1843 3363 1896; x_wconf 72' lang='lat' dir='ltr'><strong>‘I</strong></span> <span class='ocrx_word' id='word_1_303' title='bbox 3380 1845 3491 1898; x_wconf 79' lang='lat' dir='ltr'><strong>Hoc</strong></span> <span class='ocrx_word' id='word_1_304' title='bbox 3513 1856 3627 1898; x_wconf 91' lang='lat' dir='ltr'><strong>non</strong></span> 
     </span>
    </p>
   </div>
   <div class='ocr_carea' id='block_1_46' title="bbox 2023 1930 3627 2005">
    <p class='ocr_par' dir='ltr' id='par_1_46' title="bbox 2023 1930 3627 2005">
     <span class='ocr_line' id='line_1_46' title="bbox 2023 1930 3627 2005; baseline 0.001 -20"><span class='ocrx_word' id='word_1_305' title='bbox 2023 1934 2108 1985; x_wconf 90' lang='lat' dir='ltr'><strong>est</strong></span> <span class='ocrx_word' id='word_1_306' title='bbox 2128 1931 2371 1999; x_wconf 88' lang='lat' dir='ltr'><strong>justum,</strong></span> <span class='ocrx_word' id='word_1_307' title='bbox 2402 1930 2487 1985; x_wconf 93' lang='lat' dir='ltr'><strong>uti</strong></span> <span class='ocrx_word' id='word_1_308' title='bbox 2516 1945 2619 1986; x_wconf 90' lang='lat' dir='ltr'><strong>nos</strong></span> <span class='ocrx_word' id='word_1_309' title='bbox 2643 1931 3033 1987; x_wconf 89' lang='lat' dir='ltr'><strong>arbitramur:</strong></span> <span class='ocrx_word' id='word_1_310' title='bbox 3066 1931 3204 2002; x_wconf 91' lang='lat' dir='ltr'><strong>quid</strong></span> <span class='ocrx_word' id='word_1_311' title='bbox 3237 1946 3370 2005; x_wconf 89' lang='lat' dir='ltr'><strong>ergo</strong></span> <span class='ocrx_word' id='word_1_312' title='bbox 3396 1932 3627 1987; x_wconf 90' lang='lat' dir='ltr'><strong>videtur</strong></span> 
     </span>
    </p>
   </div>
   <div class='ocr_carea' id='block_1_47' title="bbox 2022 2017 3629 2091">
    <p class='ocr_par' dir='ltr' id='par_1_47' title="bbox 2022 2017 3629 2091">
     <span class='ocr_line' id='line_1_47' title="bbox 2022 2017 3629 2091; baseline 0.001 -18"><span class='ocrx_word' id='word_1_313' title='bbox 2022 2018 2204 2083; x_wconf 85' lang='lat' dir='ltr'><strong>vobis,</strong></span> <span class='ocrx_word' id='word_1_314' title='bbox 2230 2017 2398 2074; x_wconf 88' lang='lat' dir='ltr'><strong>facite</strong></span> <span class='ocrx_word' id='word_1_315' title='bbox 2422 2038 2433 2073; x_wconf 92' lang='lat'><strong>:</strong></span> <span class='ocrx_word' id='word_1_316' title='bbox 2458 2034 2560 2076; x_wconf 89' lang='lat' dir='ltr'><strong>nos</strong></span> <span class='ocrx_word' id='word_1_317' title='bbox 2579 2020 2753 2089; x_wconf 93' lang='lat' dir='ltr'><strong>enim,</strong></span> <span class='ocrx_word' id='word_1_318' title='bbox 2777 2026 2832 2075; x_wconf 91' lang='lat' dir='ltr'><strong>et</strong></span> <span class='ocrx_word' id='word_1_319' title='bbox 2852 2026 3157 2091; x_wconf 89' lang='lat' dir='ltr'><strong>antequam</strong></span> <span class='ocrx_word' id='word_1_320' title='bbox 3179 2021 3399 2076; x_wconf 90' lang='lat' dir='ltr'><strong>veniret</strong></span> <span class='ocrx_word' id='word_1_321' title='bbox 3419 2020 3629 2077; x_wconf 91' lang='lat' dir='ltr'><strong>sancti-</strong></span> 
     </span>
    </p>
   </div>
   <div class='ocr_carea' id='block_1_48' title="bbox 2023 2109 3627 2164">
    <p class='ocr_par' dir='ltr' id='par_1_48' title="bbox 2023 2109 3627 2164">
     <span class='ocr_line' id='line_1_48' title="bbox 2023 2109 3627 2164; baseline 0.001 -3"><span class='ocrx_word' id='word_1_322' title='bbox 2023 2111 2112 2162; x_wconf 89' lang='lat' dir='ltr'><strong>tas</strong></span> <span class='ocrx_word' id='word_1_323' title='bbox 2136 2112 2320 2163; x_wconf 89' lang='lat' dir='ltr'><strong>vestra</strong></span> <span class='ocrx_word' id='word_1_324' title='bbox 2342 2121 2374 2162; x_wconf 90' lang='lat' dir='ltr'><strong>a</strong></span> <span class='ocrx_word' id='word_1_325' title='bbox 2395 2110 2507 2163; x_wconf 92' lang='lat' dir='ltr'><strong>Deo</strong></span> <span class='ocrx_word' id='word_1_326' title='bbox 2532 2109 2975 2164; x_wconf 90' lang='lat' dir='ltr'><strong>conservandam</strong></span> <span class='ocrx_word' id='word_1_327' title='bbox 3005 2109 3063 2162; x_wconf 93' lang='lat' dir='ltr'><strong>in</strong></span> <span class='ocrx_word' id='word_1_328' title='bbox 3090 2109 3384 2164; x_wconf 83' lang='lat' dir='ltr'><strong>civitatem</strong></span> <span class='ocrx_word' id='word_1_329' title='bbox 3409 2114 3627 2164; x_wconf 90' lang='lat' dir='ltr'><strong>sancto-</strong></span> 
     </span>
    </p>
   </div>
   <div class='ocr_carea' id='block_1_49' title="bbox 2025 2196 3626 2267">
    <p class='ocr_par' dir='ltr' id='par_1_49' title="bbox 2025 2196 3626 2267">
     <span class='ocr_line' id='line_1_49' title="bbox 2025 2196 3626 2267; baseline 0 -16"><span class='ocrx_word' id='word_1_330' title='bbox 2025 2210 2151 2251; x_wconf 89' lang='lat' dir='ltr'><strong>rum</strong></span> <span class='ocrx_word' id='word_1_331' title='bbox 2190 2196 2596 2265; x_wconf 88' lang='lat' dir='ltr'><strong>imperatorum</strong></span> <span class='ocrx_word' id='word_1_332' title='bbox 2631 2202 2977 2267; x_wconf 89' lang='lat' dir='ltr'><strong>nostrorum,</strong></span> <span class='ocrx_word' id='word_1_333' title='bbox 3016 2198 3267 2252; x_wconf 90' lang='lat' dir='ltr'><strong>eamdem</strong></span> <span class='ocrx_word' id='word_1_334' title='bbox 3292 2198 3626 2265; x_wconf 89' lang='lat' dir='ltr'><strong>opinionem</strong></span> 
     </span>
    </p>
   </div>
   <div class='ocr_carea' id='block_1_50' title="bbox 2024 2285 3622 2356">
    <p class='ocr_par' dir='ltr' id='par_1_50' title="bbox 2024 2285 3622 2356">
     <span class='ocr_line' id='line_1_50' title="bbox 2024 2285 3622 2356; baseline -0.001 -16"><span class='ocrx_word' id='word_1_335' title='bbox 2024 2285 2354 2354; x_wconf 89' lang='lat' dir='ltr'><strong>habuimus,</strong></span> <span class='ocrx_word' id='word_1_336' title='bbox 2380 2291 2492 2341; x_wconf 91' lang='lat' dir='ltr'><strong>tam</strong></span> <span class='ocrx_word' id='word_1_337' title='bbox 2512 2285 2584 2340; x_wconf 90' lang='lat' dir='ltr'><strong>de</strong></span> <span class='ocrx_word' id='word_1_338' title='bbox 2602 2285 2828 2354; x_wconf 86' lang='lat' dir='ltr'><strong>judicio</strong></span> <span class='ocrx_word' id='word_1_339' title='bbox 2851 2285 3171 2341; x_wconf 89' lang='lat' dir='ltr'><strong>beatissimi</strong></span> <span class='ocrx_word' id='word_1_340' title='bbox 3197 2299 3353 2355; x_wconf 84' lang='lat' dir='ltr'><strong>papa</strong></span> <span class='ocrx_word' id='word_1_341' title='bbox 3378 2285 3622 2356; x_wconf 89' lang='lat' dir='ltr'><strong>Nicolai,</strong></span> 
     </span>
    </p>
   </div>
   <div class='ocr_carea' id='block_1_51' title="bbox 2025 2372 3626 2444">
    <p class='ocr_par' dir='ltr' id='par_1_51' title="bbox 2025 2372 3626 2444">
     <span class='ocr_line' id='line_1_51' title="bbox 2025 2372 3626 2444; baseline -0.001 -15"><span class='ocrx_word' id='word_1_342' title='bbox 2025 2387 2193 2444; x_wconf 88' lang='lat' dir='ltr'><strong>quam</strong></span> <span class='ocrx_word' id='word_1_343' title='bbox 2224 2373 2294 2429; x_wconf 91' lang='lat' dir='ltr'><strong>de</strong></span> <span class='ocrx_word' id='word_1_344' title='bbox 2326 2374 2650 2443; x_wconf 88' lang='lat' dir='ltr'><strong>receptione</strong></span> <span class='ocrx_word' id='word_1_345' title='bbox 2696 2372 3052 2429; x_wconf 89' lang='lat' dir='ltr'><strong>sanctissimi</strong></span> <span class='ocrx_word' id='word_1_346' title='bbox 3086 2386 3242 2443; x_wconf 83' lang='lat' dir='ltr'><strong>papa</strong></span> <span class='ocrx_word' id='word_1_347' title='bbox 3270 2373 3531 2441; x_wconf 84' lang='lat' dir='ltr'><strong>Adriani,</strong></span> <span class='ocrx_word' id='word_1_348' title='bbox 3561 2386 3626 2427; x_wconf 92' lang='lat' dir='ltr'><strong>ac</strong></span> 
     </span>
    </p>
   </div>
   <div class='ocr_carea' id='block_1_52' title="bbox 2024 2461 3630 2518">
    <p class='ocr_par' dir='ltr' id='par_1_52' title="bbox 2024 2461 3630 2518">
     <span class='ocr_line' id='line_1_52' title="bbox 2024 2461 3630 2518; baseline -0.001 -1"><span class='ocrx_word' id='word_1_349' title='bbox 2024 2462 2435 2518; x_wconf 82' lang='lat' dir='ltr'><strong>certilicatione</strong></span> <span class='ocrx_word' id='word_1_350' title='bbox 2465 2467 2522 2517; x_wconf 90' lang='lat' dir='ltr'><strong>et</strong></span> <span class='ocrx_word' id='word_1_351' title='bbox 2540 2462 2972 2517; x_wconf 84' lang='lat' dir='ltr'><strong>conﬁrmatione</strong></span> <span class='ocrx_word' id='word_1_352' title='bbox 2998 2462 3355 2517; x_wconf 90' lang='lat' dir='ltr'><strong>honorabilis</strong></span> <span class='ocrx_word' id='word_1_353' title='bbox 3375 2461 3630 2517; x_wconf 87' lang='lat' dir='ltr'><strong>sacerdo-</strong></span> 
     </span>
    </p>
   </div>
   <div class='ocr_carea' id='block_1_53' title="bbox 2025 2549 3630 2619">
    <p class='ocr_par' dir='ltr' id='par_1_53' title="bbox 2025 2549 3630 2619">
     <span class='ocr_line' id='line_1_53' title="bbox 2025 2549 3630 2619; baseline 0 -14"><span class='ocrx_word' id='word_1_354' title='bbox 2025 2551 2103 2605; x_wconf 93' lang='lat' dir='ltr'><strong>tis</strong></span> <span class='ocrx_word' id='word_1_355' title='bbox 2124 2550 2475 2606; x_wconf 88' lang='lat' dir='ltr'><strong>sanctissimi</strong></span> <span class='ocrx_word' id='word_1_356' title='bbox 2496 2550 2716 2605; x_wconf 91' lang='lat' dir='ltr'><strong>domini</strong></span> <span class='ocrx_word' id='word_1_357' title='bbox 2741 2550 3078 2619; x_wconf 78' lang='lat' dir='ltr'><strong>patriarcha:</strong></span> <span class='ocrx_word' id='word_1_358' title='bbox 3100 2551 3303 2606; x_wconf 92' lang='lat' dir='ltr'><strong>nostri.</strong></span> <span class='ocrx_word' id='word_1_359' title='bbox 3328 2551 3459 2606; x_wconf 90' lang='lat' dir='ltr'><strong>Post</strong></span> <span class='ocrx_word' id='word_1_360' title='bbox 3482 2549 3630 2605; x_wconf 89' lang='lat' dir='ltr'><strong>vica-</strong></span> 
     </span>
    </p>
   </div>
   <div class='ocr_carea' id='block_1_54' title="bbox 2027 2637 3629 2709">
    <p class='ocr_par' dir='ltr' id='par_1_54' title="bbox 2027 2637 3629 2709">
     <span class='ocr_line' id='line_1_54' title="bbox 2027 2637 3629 2709; baseline -0.002 -14"><span class='ocrx_word' id='word_1_361' title='bbox 2027 2640 2147 2695; x_wconf 89' lang='lat' dir='ltr'><strong>rios</strong></span> <span class='ocrx_word' id='word_1_362' title='bbox 2173 2643 2361 2695; x_wconf 91' lang='lat' dir='ltr'><strong>autem</strong></span> <span class='ocrx_word' id='word_1_363' title='bbox 2390 2638 2644 2694; x_wconf 91' lang='lat' dir='ltr'><strong>Orientis</strong></span> <span class='ocrx_word' id='word_1_364' title='bbox 2672 2638 2926 2694; x_wconf 90' lang='lat' dir='ltr'><strong>vidimus</strong></span> <span class='ocrx_word' id='word_1_365' title='bbox 2954 2643 3010 2697; x_wconf 88' lang='lat' dir='ltr'><strong>et</strong></span> <span class='ocrx_word' id='word_1_366' title='bbox 3034 2652 3150 2709; x_wconf 91' lang='lat' dir='ltr'><strong>vos,</strong></span> <span class='ocrx_word' id='word_1_367' title='bbox 3182 2644 3240 2693; x_wconf 93' lang='lat' dir='ltr'><strong>et</strong></span> <span class='ocrx_word' id='word_1_368' title='bbox 3269 2637 3629 2707; x_wconf 89' lang='lat' dir='ltr'><strong>suscepimus</strong></span> 
     </span>
    </p>
   </div>
   <div class='ocr_carea' id='block_1_55' title="bbox 2029 2726 3621 2799">
    <p class='ocr_par' dir='ltr' id='par_1_55' title="bbox 2029 2726 3621 2799">
     <span class='ocr_line' id='line_1_55' title="bbox 2029 2726 3621 2799; baseline -0.001 -16"><span class='ocrx_word' id='word_1_369' title='bbox 2029 2734 2297 2798; x_wconf 89' lang='lat' dir='ltr'><strong>tanquam</strong></span> <span class='ocrx_word' id='word_1_370' title='bbox 2311 2732 2538 2783; x_wconf 91' lang='lat' dir='ltr'><strong>sanctos</strong></span> <span class='ocrx_word' id='word_1_371' title='bbox 2558 2726 2865 2796; x_wconf 91' lang='lat' dir='ltr'><strong>apostolos.</strong></span> <span class='ocrx_word' id='word_1_372' title='bbox 2893 2727 3175 2798; x_wconf 85' lang='lat' dir='ltr'><strong>Rogamus</strong></span> <span class='ocrx_word' id='word_1_373' title='bbox 3186 2740 3320 2799; x_wconf 91' lang='lat' dir='ltr'><strong>ergo</strong></span> <span class='ocrx_word' id='word_1_374' title='bbox 3344 2731 3409 2782; x_wconf 91' lang='lat' dir='ltr'><strong>ut</strong></span> <span class='ocrx_word' id='word_1_375' title='bbox 3432 2726 3490 2781; x_wconf 91' lang='lat' dir='ltr'><strong>hi</strong></span> <span class='ocrx_word' id='word_1_376' title='bbox 3520 2726 3621 2796; x_wconf 91' lang='lat' dir='ltr'><strong>qui</strong></span> 
     </span>
    </p>
   </div>
   <div class='ocr_carea' id='block_1_56' title="bbox 2028 2815 3631 2887">
    <p class='ocr_par' dir='ltr' id='par_1_56' title="bbox 2028 2815 3631 2887">
     <span class='ocr_line' id='line_1_56' title="bbox 2028 2815 3631 2887; baseline -0.001 -16"><span class='ocrx_word' id='word_1_377' title='bbox 2028 2816 2297 2887; x_wconf 89' lang='lat' dir='ltr'><strong>languent</strong></span> <span class='ocrx_word' id='word_1_378' title='bbox 2329 2820 2623 2886; x_wconf 89' lang='lat' dir='ltr'><strong>sanentur,</strong></span> <span class='ocrx_word' id='word_1_379' title='bbox 2652 2820 2708 2871; x_wconf 91' lang='lat' dir='ltr'><strong>et</strong></span> <span class='ocrx_word' id='word_1_380' title='bbox 2742 2815 3099 2887; x_wconf 86' lang='lat' dir='ltr'><strong>corrigamus</strong></span> <span class='ocrx_word' id='word_1_381' title='bbox 3131 2816 3231 2886; x_wconf 89' lang='lat' dir='ltr'><strong>qui</strong></span> <span class='ocrx_word' id='word_1_382' title='bbox 3273 2829 3385 2872; x_wconf 93' lang='lat' dir='ltr'><strong>non</strong></span> <span class='ocrx_word' id='word_1_383' title='bbox 3420 2815 3631 2870; x_wconf 89' lang='lat' dir='ltr'><strong>habent</strong></span> 
     </span>
    </p>
   </div>
   <div class='ocr_carea' id='block_1_57' title="bbox 303 2903 3629 2976">
    <p class='ocr_par' dir='ltr' id='par_1_57' title="bbox 303 2903 3629 2976">
     <span class='ocr_line' id='line_1_57' title="bbox 303 2903 3629 2976; baseline 0 -17"><span class='ocrx_word' id='word_1_384' title='bbox 303 2905 370 2960; x_wconf 86' lang='lat' dir='ltr'><strong>ad</strong></span> <span class='ocrx_word' id='word_1_385' title='bbox 388 2905 717 2961; x_wconf 84' lang='lat' dir='ltr'><strong>universam</strong></span> <span class='ocrx_word' id='word_1_386' title='bbox 739 2909 990 2961; x_wconf 91' lang='lat' dir='ltr'><strong>sanctam</strong></span> <span class='ocrx_word' id='word_1_387' title='bbox 1016 2903 1398 2974; x_wconf 90' lang='lat' dir='ltr'><strong>synodum:Si</strong></span> <span class='ocrx_word' id='word_1_388' title='bbox 1419 2903 1802 2959; x_wconf 90' lang='lat' dir='ltr'><strong>consideretis</strong></span> <span class='ocrx_word' id='word_1_389' title='bbox 1827 2916 1921 2972; x_wconf 89' lang='lat' dir='ltr'><strong>ap-</strong></span> <span class='ocrx_word' id='word_1_390' title='bbox 2027 2905 2432 2961; x_wconf 91' lang='lat' dir='ltr'><strong>certitudinem</strong></span> <span class='ocrx_word' id='word_1_391' title='bbox 2477 2904 2761 2975; x_wconf 90' lang='lat' dir='ltr'><strong>veritatis,</strong></span> <span class='ocrx_word' id='word_1_392' title='bbox 2791 2909 2847 2959; x_wconf 93' lang='lat' dir='ltr'><strong>et</strong></span> <span class='ocrx_word' id='word_1_393' title='bbox 2880 2904 3169 2976; x_wconf 87' lang='lat' dir='ltr'><strong>erigamus</strong></span> <span class='ocrx_word' id='word_1_394' title='bbox 3213 2904 3313 2975; x_wconf 91' lang='lat' dir='ltr'><strong>qui</strong></span> <span class='ocrx_word' id='word_1_395' title='bbox 3361 2904 3629 2959; x_wconf 89' lang='lat' dir='ltr'><strong>deorsum</strong></span> 
     </span>
    </p>
   </div>
   <div class='ocr_carea' id='block_1_58' title="bbox 307 2992 3633 3064">
    <p class='ocr_par' dir='ltr' id='par_1_58' title="bbox 307 2992 3633 3064">
     <span class='ocr_line' id='line_1_58' title="bbox 307 2992 3633 3064; baseline 0 -17"><span class='ocrx_word' id='word_1_396' title='bbox 307 2997 423 3049; x_wconf 90' lang='lat' dir='ltr'><strong>tum</strong></span> <span class='ocrx_word' id='word_1_397' title='bbox 446 3007 595 3064; x_wconf 91' lang='lat' dir='ltr'><strong>esse,</strong></span> <span class='ocrx_word' id='word_1_398' title='bbox 626 2993 939 3049; x_wconf 87' lang='lat' dir='ltr'><strong>mittantur</strong></span> <span class='ocrx_word' id='word_1_399' title='bbox 963 2992 1151 3062; x_wconf 91' lang='lat' dir='ltr'><strong>aliqui</strong></span> <span class='ocrx_word' id='word_1_400' title='bbox 1182 2992 1251 3047; x_wconf 93' lang='lat' dir='ltr'><strong>ad</strong></span> <span class='ocrx_word' id='word_1_401' title='bbox 1287 2992 1461 3061; x_wconf 82' lang='lat' dir='ltr'><strong>pradi</strong></span> <span class='ocrx_word' id='word_1_402' title='bbox 1484 2997 1588 3049; x_wconf 59' lang='lat' dir='ltr'><strong>&#39;tos</strong></span> <span class='ocrx_word' id='word_1_403' title='bbox 1628 2992 1805 3063; x_wconf 92' lang='lat' dir='ltr'><strong>viros,</strong></span> <span class='ocrx_word' id='word_1_404' title='bbox 1856 2995 1920 3046; x_wconf 91' lang='lat' dir='ltr'><strong>ut</strong></span> <span class='ocrx_word' id='word_1_405' title='bbox 2023 2994 2232 3064; x_wconf 90' lang='lat' dir='ltr'><strong>jacent.</strong></span> <span class='ocrx_word' id='word_1_406' title='bbox 2262 2994 2388 3049; x_wconf 90' lang='lat' dir='ltr'><strong>Nisi</strong></span> <span class='ocrx_word' id='word_1_407' title='bbox 2415 2993 2567 3048; x_wconf 90' lang='lat' dir='ltr'><strong>enim</strong></span> <span class='ocrx_word' id='word_1_408' title='bbox 2598 2993 2677 3049; x_wconf 93' lang='lat' dir='ltr'><strong>ita</strong></span> <span class='ocrx_word' id='word_1_409' title='bbox 2705 2992 2820 3048; x_wconf 82' lang='lat' dir='ltr'><strong>hac</strong></span> <span class='ocrx_word' id='word_1_410' title='bbox 2846 2993 3039 3049; x_wconf 89' lang='lat' dir='ltr'><strong>omnia</strong></span> <span class='ocrx_word' id='word_1_411' title='bbox 3062 2992 3475 3061; x_wconf 91' lang='lat' dir='ltr'><strong>discutiantur,</strong></span> <span class='ocrx_word' id='word_1_412' title='bbox 3503 3005 3633 3047; x_wconf 93' lang='lat' dir='ltr'><strong>con-</strong></span> 
     </span>
    </p>
   </div>
   <div class='ocr_carea' id='block_1_59' title="bbox 309 3080 3631 3155">
    <p class='ocr_par' dir='ltr' id='par_1_59' title="bbox 309 3080 3631 3155">
     <span class='ocr_line' id='line_1_59' title="bbox 309 3080 3631 3155; baseline 0 -18"><span class='ocrx_word' id='word_1_413' title='bbox 309 3083 668 3155; x_wconf 86' lang='lat' dir='ltr'><strong>interrogent</strong></span> <span class='ocrx_word' id='word_1_414' title='bbox 696 3082 848 3154; x_wconf 82' lang='lat' dir='ltr'><strong>illos,</strong></span> <span class='ocrx_word' id='word_1_415' title='bbox 880 3082 1049 3151; x_wconf 87' lang='lat' dir='ltr'><strong>cujus</strong></span> <span class='ocrx_word' id='word_1_416' title='bbox 1073 3081 1529 3137; x_wconf 90' lang='lat' dir='ltr'><strong>consecrationis</strong></span> <span class='ocrx_word' id='word_1_417' title='bbox 1556 3087 1713 3150; x_wconf 89' lang='lat' dir='ltr'><strong>sunt,</strong></span> <span class='ocrx_word' id='word_1_418' title='bbox 1741 3084 1798 3136; x_wconf 93' lang='lat' dir='ltr'><strong>et</strong></span> <span class='ocrx_word' id='word_1_419' title='bbox 1822 3080 1916 3135; x_wconf 90' lang='lat' dir='ltr'><strong>cui</strong></span> <span class='ocrx_word' id='word_1_420' title='bbox 1950 3083 2000 3145; x_wconf 86' lang='lat' dir='ltr'>C</span> <span class='ocrx_word' id='word_1_421' title='bbox 2030 3083 2286 3138; x_wconf 87' lang='lat' dir='ltr'><strong>scientia</strong></span> <span class='ocrx_word' id='word_1_422' title='bbox 2319 3082 2617 3138; x_wconf 90' lang='lat' dir='ltr'><strong>hominum</strong></span> <span class='ocrx_word' id='word_1_423' title='bbox 2649 3094 2759 3137; x_wconf 92' lang='lat' dir='ltr'><strong>non</strong></span> <span class='ocrx_word' id='word_1_424' title='bbox 2807 3081 3184 3138; x_wconf 91' lang='lat' dir='ltr'><strong>curabuntur.</strong></span> <span class='ocrx_word' id='word_1_425' title='bbox 3236 3082 3631 3151; x_wconf 86' lang='lat' dir='ltr'><strong>Metrophanes</strong></span> 
     </span>
    </p>
   </div>
   <div class='ocr_carea' id='block_1_60' title="bbox 305 3168 1912 3239">
    <p class='ocr_par' dir='ltr' id='par_1_60' title="bbox 305 3168 1912 3239">
     <span class='ocr_line' id='line_1_60' title="bbox 305 3168 1912 3239; baseline -0.002 -13"><span class='ocrx_word' id='word_1_426' title='bbox 305 3171 759 3227; x_wconf 90' lang='lat' dir='ltr'><strong>communicant.</strong></span> <span class='ocrx_word' id='word_1_427' title='bbox 788 3171 990 3226; x_wconf 90' lang='lat' dir='ltr'><strong>Sancta</strong></span> <span class='ocrx_word' id='word_1_428' title='bbox 1008 3175 1064 3225; x_wconf 94' lang='lat' dir='ltr'><strong>et</strong></span> <span class='ocrx_word' id='word_1_429' title='bbox 1083 3169 1429 3226; x_wconf 90' lang='lat' dir='ltr'><strong>universalis</strong></span> <span class='ocrx_word' id='word_1_430' title='bbox 1453 3170 1706 3239; x_wconf 78' lang='lat' dir='ltr'><strong>synodus</strong></span> <span class='ocrx_word' id='word_1_431' title='bbox 1730 3168 1912 3225; x_wconf 91' lang='lat' dir='ltr'><strong>dixit:</strong></span> 
     </span>
    </p>
   </div>
   <div class='ocr_carea' id='block_1_61' title="bbox 306 3258 1920 3328">
    <p class='ocr_par' dir='ltr' id='par_1_61' title="bbox 306 3258 1920 3328">
     <span class='ocr_line' id='line_1_61' title="bbox 306 3258 1920 3328; baseline 0.001 -15"><span class='ocrx_word' id='word_1_432' title='bbox 306 3258 519 3328; x_wconf 75' lang='lat' dir='ltr'><strong>Aptum</strong></span> <span class='ocrx_word' id='word_1_433' title='bbox 532 3266 622 3315; x_wconf 89' lang='lat' dir='ltr'><strong>est</strong></span> <span class='ocrx_word' id='word_1_434' title='bbox 641 3264 698 3314; x_wconf 93' lang='lat' dir='ltr'><strong>et</strong></span> <span class='ocrx_word' id='word_1_435' title='bbox 717 3260 1077 3315; x_wconf 88' lang='lat' dir='ltr'><strong>conveniens.</strong></span> <span class='ocrx_word' id='word_1_436' title='bbox 1099 3260 1169 3313; x_wconf 86' lang='lat' dir='ltr'><strong>Et</strong></span> <span class='ocrx_word' id='word_1_437' title='bbox 1187 3258 1349 3314; x_wconf 90' lang='lat' dir='ltr'><strong>missi</strong></span> <span class='ocrx_word' id='word_1_438' title='bbox 1368 3272 1400 3313; x_wconf 91' lang='lat' dir='ltr'><strong>a</strong></span> <span class='ocrx_word' id='word_1_439' title='bbox 1419 3258 1656 3313; x_wconf 90' lang='lat' dir='ltr'><strong>vicariis</strong></span> <span class='ocrx_word' id='word_1_440' title='bbox 1672 3258 1920 3314; x_wconf 92' lang='lat' dir='ltr'><strong>senioris</strong></span> 
     </span>
    </p>
   </div>
   <div class='ocr_carea' id='block_1_62' title="bbox 308 3328 1922 3419">
    <p class='ocr_par' dir='ltr' id='par_1_62' title="bbox 308 3328 1922 3419">
     <span class='ocr_line' id='line_1_62' title="bbox 308 3328 1922 3419; baseline 0.001 -18"><span class='ocrx_word' id='word_1_441' title='bbox 308 3348 519 3419; x_wconf 76' lang='lat' dir='ltr'><strong>Romae,</strong></span> <span class='ocrx_word' id='word_1_442' title='bbox 562 3348 901 3403; x_wconf 87' lang='lat' dir='ltr'><strong>Pancratius</strong></span> <span class='ocrx_word' id='word_1_443' title='bbox 928 3348 1236 3419; x_wconf 89' lang='lat' dir='ltr'><strong>religiosus</strong></span> <span class='ocrx_word' id='word_1_444' title='bbox 1269 3347 1536 3417; x_wconf 89' lang='lat' dir='ltr'><strong>clericus,</strong></span> <span class='ocrx_word' id='word_1_445' title='bbox 1567 3347 1637 3401; x_wconf 91' lang='lat' dir='ltr'><strong>ab</strong></span> <span class='ocrx_word' id='word_1_446' title='bbox 1663 3328 1922 3402; x_wconf 76' lang='lat' dir='ltr'><strong>Orientis</strong></span> 
     </span>
    </p>
   </div>
   <div class='ocr_carea' id='block_1_63' title="bbox 307 3435 1921 3507">
    <p class='ocr_par' dir='ltr' id='par_1_63' title="bbox 307 3435 1921 3507">
     <span class='ocr_line' id='line_1_63' title="bbox 307 3435 1921 3507; baseline -0.001 -16"><span class='ocrx_word' id='word_1_447' title='bbox 307 3451 442 3492; x_wconf 86' lang='lat' dir='ltr'><strong>vero</strong></span> <span class='ocrx_word' id='word_1_448' title='bbox 461 3437 724 3505; x_wconf 89' lang='lat' dir='ltr'><strong>vicariis,</strong></span> <span class='ocrx_word' id='word_1_449' title='bbox 748 3435 1004 3491; x_wconf 85' lang='lat' dir='ltr'><strong>Ananias</strong></span> <span class='ocrx_word' id='word_1_450' title='bbox 1036 3436 1345 3507; x_wconf 89' lang='lat' dir='ltr'><strong>religiosus</strong></span> <span class='ocrx_word' id='word_1_451' title='bbox 1371 3435 1639 3503; x_wconf 91' lang='lat' dir='ltr'><strong>clericus,</strong></span> <span class='ocrx_word' id='word_1_452' title='bbox 1663 3449 1694 3490; x_wconf 94' lang='lat' dir='ltr'><strong>a</strong></span> <span class='ocrx_word' id='word_1_453' title='bbox 1720 3439 1921 3490; x_wconf 89' lang='lat' dir='ltr'><strong>senatu</strong></span> 
     </span>
    </p>
   </div>
   <div class='ocr_carea' id='block_1_64' title="bbox 307 3522 1916 3598">
    <p class='ocr_par' dir='ltr' id='par_1_64' title="bbox 307 3522 1916 3598">
     <span class='ocr_line' id='line_1_64' title="bbox 307 3522 1916 3598; baseline -0.001 -18"><span class='ocrx_word' id='word_1_454' title='bbox 307 3533 500 3581; x_wconf 87' lang='lat' dir='ltr'><strong>autem</strong></span> <span class='ocrx_word' id='word_1_455' title='bbox 529 3526 849 3598; x_wconf 80' lang='lat' dir='ltr'><strong>Gregorius</strong></span> <span class='ocrx_word' id='word_1_456' title='bbox 896 3525 1148 3595; x_wconf 87' lang='lat' dir='ltr'><strong>inclytus</strong></span> <span class='ocrx_word' id='word_1_457' title='bbox 1176 3524 1457 3594; x_wconf 89' lang='lat' dir='ltr'><strong>spatharii</strong></span> <span class='ocrx_word' id='word_1_458' title='bbox 1498 3522 1916 3593; x_wconf 89' lang='lat' dir='ltr'><strong>cubicularius,</strong></span> 
     </span>
    </p>
   </div>
   <div class='ocr_carea' id='block_1_65' title="bbox 306 3612 1921 3683">
    <p class='ocr_par' dir='ltr' id='par_1_65' title="bbox 306 3612 1921 3683">
     <span class='ocr_line' id='line_1_65' title="bbox 306 3612 1921 3683; baseline -0.002 -14"><span class='ocrx_word' id='word_1_459' title='bbox 306 3614 587 3669; x_wconf 86' lang='lat' dir='ltr'><strong>dixerunt</strong></span> <span class='ocrx_word' id='word_1_460' title='bbox 619 3614 776 3669; x_wconf 87' lang='lat' dir='ltr'><strong>illis:</strong></span> <span class='ocrx_word' id='word_1_461' title='bbox 801 3615 1001 3670; x_wconf 87' lang='lat' dir='ltr'><strong>Sancta</strong></span> <span class='ocrx_word' id='word_1_462' title='bbox 1028 3619 1084 3668; x_wconf 88' lang='lat' dir='ltr'><strong>et</strong></span> <span class='ocrx_word' id='word_1_463' title='bbox 1111 3613 1454 3669; x_wconf 92' lang='lat' dir='ltr'><strong>universalis</strong></span> <span class='ocrx_word' id='word_1_464' title='bbox 1478 3612 1731 3683; x_wconf 88' lang='lat' dir='ltr'><strong>synodus</strong></span> <span class='ocrx_word' id='word_1_465' title='bbox 1762 3612 1921 3666; x_wconf 91' lang='lat' dir='ltr'><strong>misit</strong></span> 
     </span>
    </p>
   </div>
   <div class='ocr_carea' id='block_1_66' title="bbox 310 3700 1921 3775">
    <p class='ocr_par' dir='ltr' id='par_1_66' title="bbox 310 3700 1921 3775">
     <span class='ocr_line' id='line_1_66' title="bbox 310 3700 1921 3775; baseline -0.002 -17"><span class='ocrx_word' id='word_1_466' title='bbox 310 3717 435 3773; x_wconf 92' lang='lat' dir='ltr'><strong>nos,</strong></span> <span class='ocrx_word' id='word_1_467' title='bbox 486 3709 550 3758; x_wconf 92' lang='lat' dir='ltr'><strong>ut</strong></span> <span class='ocrx_word' id='word_1_468' title='bbox 602 3704 1034 3775; x_wconf 86' lang='lat' dir='ltr'><strong>interrogemus</strong></span> <span class='ocrx_word' id='word_1_469' title='bbox 1084 3715 1203 3773; x_wconf 91' lang='lat' dir='ltr'><strong>vos,</strong></span> <span class='ocrx_word' id='word_1_470' title='bbox 1256 3702 1425 3770; x_wconf 89' lang='lat' dir='ltr'><strong>cujus</strong></span> <span class='ocrx_word' id='word_1_471' title='bbox 1471 3700 1921 3756; x_wconf 89' lang='lat' dir='ltr'><strong>consecrationis</strong></span> 
     </span>
    </p>
   </div>
   <div class='ocr_carea' id='block_1_67' title="bbox 311 3788 1922 3859">
    <p class='ocr_par' dir='ltr' id='par_1_67' title="bbox 311 3788 1922 3859">
     <span class='ocr_line' id='line_1_67' title="bbox 311 3788 1922 3859; baseline -0.003 -12"><span class='ocrx_word' id='word_1_472' title='bbox 311 3792 451 3847; x_wconf 88' lang='lat' dir='ltr'><strong>sitis</strong></span> <span class='ocrx_word' id='word_1_473' title='bbox 472 3797 531 3847; x_wconf 91' lang='lat' dir='ltr'><strong>et</strong></span> <span class='ocrx_word' id='word_1_474' title='bbox 552 3792 649 3847; x_wconf 90' lang='lat' dir='ltr'><strong>cui</strong></span> <span class='ocrx_word' id='word_1_475' title='bbox 672 3790 1130 3847; x_wconf 70' lang='lat' dir='ltr'><strong>comm&#39;inicetis.</strong></span> <span class='ocrx_word' id='word_1_476' title='bbox 1163 3789 1516 3859; x_wconf 88' lang='lat' dir='ltr'><strong>Theophilus</strong></span> <span class='ocrx_word' id='word_1_477' title='bbox 1536 3793 1593 3844; x_wconf 92' lang='lat' dir='ltr'><strong>et</strong></span> <span class='ocrx_word' id='word_1_478' title='bbox 1621 3788 1922 3844; x_wconf 86' lang='lat' dir='ltr'><strong>Zacharias</strong></span> 
     </span>
    </p>
   </div>
   <div class='ocr_carea' id='block_1_68' title="bbox 311 3876 1920 3950">
    <p class='ocr_par' dir='ltr' id='par_1_68' title="bbox 311 3876 1920 3950">
     <span class='ocr_line' id='line_1_68' title="bbox 311 3876 1920 3950; baseline -0.003 -15"><span class='ocrx_word' id='word_1_479' title='bbox 311 3880 605 3950; x_wconf 90' lang='lat' dir='ltr'><strong>quondam</strong></span> <span class='ocrx_word' id='word_1_480' title='bbox 631 3879 887 3949; x_wconf 80' lang='lat' dir='ltr'><strong>episcOpi</strong></span> <span class='ocrx_word' id='word_1_481' title='bbox 912 3879 1188 3934; x_wconf 90' lang='lat' dir='ltr'><strong>dixerunt</strong></span> <span class='ocrx_word' id='word_1_482' title='bbox 1216 3896 1228 3932; x_wconf 94' lang='lat'><strong>:</strong></span> <span class='ocrx_word' id='word_1_483' title='bbox 1257 3880 1373 3934; x_wconf 90' lang='lat' dir='ltr'><strong>Nos</strong></span> <span class='ocrx_word' id='word_1_484' title='bbox 1396 3877 1617 3941; x_wconf 89' lang='lat' dir='ltr'><strong>domini</strong></span> <span class='ocrx_word' id='word_1_485' title='bbox 1643 3876 1920 3933; x_wconf 88' lang='lat' dir='ltr'><strong>Methodii</strong></span> 
     </span>
    </p>
   </div>
   <div class='ocr_carea' id='block_1_69' title="bbox 308 3966 1920 4035">
    <p class='ocr_par' dir='ltr' id='par_1_69' title="bbox 308 3966 1920 4035">
     <span class='ocr_line' id='line_1_69' title="bbox 308 3966 1920 4035; baseline -0.003 -12"><span class='ocrx_word' id='word_1_486' title='bbox 308 3982 516 4023; x_wconf 91' lang='lat' dir='ltr'><strong>sumus</strong></span> <span class='ocrx_word' id='word_1_487' title='bbox 566 3966 1067 4035; x_wconf 82' lang='lat' dir='ltr'><strong>consecrationis;</strong></span> <span class='ocrx_word' id='word_1_488' title='bbox 1112 3966 1665 4022; x_wconf 89' lang='lat' dir='ltr'><strong>communicavimus</strong></span> <span class='ocrx_word' id='word_1_489' title='bbox 1728 3969 1920 4020; x_wconf 89' lang='lat' dir='ltr'><strong>autem</strong></span> 
     </span>
    </p>
   </div>
   <div class='ocr_carea' id='block_1_70' title="bbox 309 4051 1923 4125">
    <p class='ocr_par' dir='ltr' id='par_1_70' title="bbox 309 4051 1923 4125">
     <span class='ocr_line' id='line_1_70' title="bbox 309 4051 1923 4125; baseline -0.001 -16"><span class='ocrx_word' id='word_1_490' title='bbox 309 4055 549 4111; x_wconf 82' lang='lat' dir='ltr'><strong>domino</strong></span> <span class='ocrx_word' id='word_1_491' title='bbox 571 4055 775 4111; x_wconf 86' lang='lat' dir='ltr'><strong>Photio</strong></span> <span class='ocrx_word' id='word_1_492' title='bbox 798 4055 1155 4125; x_wconf 82' lang='lat' dir='ltr'><strong>patriarcha.</strong></span> <span class='ocrx_word' id='word_1_493' title='bbox 1178 4056 1245 4109; x_wconf 86' lang='lat' dir='ltr'><strong>Et</strong></span> <span class='ocrx_word' id='word_1_494' title='bbox 1263 4054 1506 4109; x_wconf 90' lang='lat' dir='ltr'><strong>reversis</strong></span> <span class='ocrx_word' id='word_1_495' title='bbox 1527 4053 1622 4109; x_wconf 92' lang='lat' dir='ltr'><strong>his</strong></span> <span class='ocrx_word' id='word_1_496' title='bbox 1639 4053 1738 4124; x_wconf 92' lang='lat' dir='ltr'><strong>qui</strong></span> <span class='ocrx_word' id='word_1_497' title='bbox 1760 4051 1923 4107; x_wconf 91' lang='lat' dir='ltr'><strong>missi</strong></span> 
     </span>
    </p>
   </div>
   <div class='ocr_carea' id='block_1_71' title="bbox 311 4141 1923 4212">
    <p class='ocr_par' dir='ltr' id='par_1_71' title="bbox 311 4141 1923 4212">
     <span class='ocr_line' id='line_1_71' title="bbox 311 4141 1923 4212; baseline -0.002 -14"><span class='ocrx_word' id='word_1_498' title='bbox 311 4150 449 4198; x_wconf 89' lang='lat' dir='ltr'><strong>sunt</strong></span> <span class='ocrx_word' id='word_1_499' title='bbox 493 4144 641 4199; x_wconf 90' lang='lat' dir='ltr'><strong>lecta</strong></span> <span class='ocrx_word' id='word_1_500' title='bbox 677 4149 763 4199; x_wconf 90' lang='lat' dir='ltr'><strong>est</strong></span> <span class='ocrx_word' id='word_1_501' title='bbox 792 4158 900 4200; x_wconf 89' lang='lat' dir='ltr'><strong>vox</strong></span> <span class='ocrx_word' id='word_1_502' title='bbox 942 4143 1245 4212; x_wconf 91' lang='lat' dir='ltr'><strong>Theophili</strong></span> <span class='ocrx_word' id='word_1_503' title='bbox 1285 4147 1342 4196; x_wconf 90' lang='lat' dir='ltr'><strong>et</strong></span> <span class='ocrx_word' id='word_1_504' title='bbox 1381 4141 1665 4197; x_wconf 86' lang='lat' dir='ltr'><strong>Zacharia</strong></span> <span class='ocrx_word' id='word_1_505' title='bbox 1706 4141 1923 4196; x_wconf 90' lang='lat' dir='ltr'><strong>dudum</strong></span> 
     </span>
    </p>
   </div>
   <div class='ocr_carea' id='block_1_72' title="bbox 313 4230 1927 4302">
    <p class='ocr_par' dir='ltr' id='par_1_72' title="bbox 313 4230 1927 4302">
     <span class='ocr_line' id='line_1_72' title="bbox 313 4230 1927 4302; baseline -0.002 -15"><span class='ocrx_word' id='word_1_506' title='bbox 313 4232 719 4302; x_wconf 91' lang='lat' dir='ltr'><strong>episcoporum</strong></span> <span class='ocrx_word' id='word_1_507' title='bbox 752 4246 850 4302; x_wconf 91' lang='lat' dir='ltr'><strong>per</strong></span> <span class='ocrx_word' id='word_1_508' title='bbox 876 4231 1233 4287; x_wconf 89' lang='lat' dir='ltr'><strong>Theodorum</strong></span> <span class='ocrx_word' id='word_1_509' title='bbox 1266 4230 1457 4286; x_wconf 91' lang='lat' dir='ltr'><strong>virum</strong></span> <span class='ocrx_word' id='word_1_510' title='bbox 1490 4230 1758 4285; x_wconf 92' lang='lat' dir='ltr'><strong>devotum</strong></span> <span class='ocrx_word' id='word_1_511' title='bbox 1784 4243 1816 4285; x_wconf 91' lang='lat' dir='ltr'><strong>a</strong></span> <span class='ocrx_word' id='word_1_512' title='bbox 1846 4240 1927 4284; x_wconf 88' lang='lat' dir='ltr'><strong>se-</strong></span> 
     </span>
    </p>
   </div>
   <div class='ocr_carea' id='block_1_73' title="bbox 313 4317 1918 4388">
    <p class='ocr_par' dir='ltr' id='par_1_73' title="bbox 313 4317 1918 4388">
     <span class='ocr_line' id='line_1_73' title="bbox 313 4317 1918 4388; baseline -0.002 -13"><span class='ocrx_word' id='word_1_513' title='bbox 313 4320 491 4375; x_wconf 89' lang='lat' dir='ltr'><strong>cretis</strong></span> <span class='ocrx_word' id='word_1_514' title='bbox 530 4321 592 4375; x_wconf 93' lang='lat' dir='ltr'><strong>in</strong></span> <span class='ocrx_word' id='word_1_515' title='bbox 640 4321 826 4376; x_wconf 91' lang='lat' dir='ltr'><strong>medio</strong></span> <span class='ocrx_word' id='word_1_516' title='bbox 863 4326 1073 4376; x_wconf 85' lang='lat' dir='ltr'><strong>sancta</strong></span> <span class='ocrx_word' id='word_1_517' title='bbox 1116 4324 1171 4375; x_wconf 92' lang='lat' dir='ltr'><strong>et</strong></span> <span class='ocrx_word' id='word_1_518' title='bbox 1216 4318 1558 4374; x_wconf 89' lang='lat' dir='ltr'><strong>universalis</strong></span> <span class='ocrx_word' id='word_1_519' title='bbox 1602 4317 1803 4388; x_wconf 90' lang='lat' dir='ltr'><strong>synodi</strong></span> <span class='ocrx_word' id='word_1_520' title='bbox 1859 4317 1918 4372; x_wconf 90' lang='lat' dir='ltr'><strong>in</strong></span> 
     </span>
    </p>
   </div>
   <div class='ocr_carea' id='block_1_74' title="bbox 2028 3169 3624 3241">
    <p class='ocr_par' dir='ltr' id='par_1_74' title="bbox 2028 3169 3624 3241">
     <span class='ocr_line' id='line_1_74' title="bbox 2028 3169 3624 3241; baseline -0.003 -14"><span class='ocrx_word' id='word_1_521' title='bbox 2028 3173 2140 3227; x_wconf 92' lang='lat' dir='ltr'><strong>Deo</strong></span> <span class='ocrx_word' id='word_1_522' title='bbox 2152 3172 2544 3227; x_wconf 91' lang='lat' dir='ltr'><strong>amicissimus</strong></span> <span class='ocrx_word' id='word_1_523' title='bbox 2557 3171 2915 3241; x_wconf 90' lang='lat' dir='ltr'><strong>metropolita</strong></span> <span class='ocrx_word' id='word_1_524' title='bbox 2932 3171 3184 3241; x_wconf 87' lang='lat' dir='ltr'><strong>Smyrna</strong></span> <span class='ocrx_word' id='word_1_525' title='bbox 3197 3169 3624 3241; x_wconf 88' lang='lat' dir='ltr'><strong>surgensdixit:</strong></span> 
     </span>
    </p>
   </div>
   <div class='ocr_carea' id='block_1_75' title="bbox 2028 3259 3633 3330">
    <p class='ocr_par' dir='ltr' id='par_1_75' title="bbox 2028 3259 3633 3330">
     <span class='ocr_line' id='line_1_75' title="bbox 2028 3259 3633 3330; baseline -0.002 -15"><span class='ocrx_word' id='word_1_526' title='bbox 2028 3260 2271 3316; x_wconf 88' lang='lat' dir='ltr'><strong>Divinus</strong></span> <span class='ocrx_word' id='word_1_527' title='bbox 2289 3259 2585 3329; x_wconf 89' lang='lat' dir='ltr'><strong>apostolus</strong></span> <span class='ocrx_word' id='word_1_528' title='bbox 2608 3260 2687 3315; x_wconf 91' lang='lat' dir='ltr'><strong>ita</strong></span> <span class='ocrx_word' id='word_1_529' title='bbox 2714 3260 2940 3330; x_wconf 91' lang='lat' dir='ltr'><strong>inquit:</strong></span> <span class='ocrx_word' id='word_1_530' title='bbox 2961 3260 3281 3328; x_wconf 84' lang='lat' dir='ltr'><strong>Prophetias</strong></span> <span class='ocrx_word' id='word_1_531' title='bbox 3300 3260 3466 3313; x_wconf 82' lang='lat' dir='ltr'><strong>nolite</strong></span> <span class='ocrx_word' id='word_1_532' title='bbox 3485 3274 3633 3328; x_wconf 83' lang='lat' dir='ltr'><strong>sper-</strong></span> 
     </span>
    </p>
   </div>
   <div class='ocr_carea' id='block_1_76' title="bbox 2029 3348 3634 3417">
    <p class='ocr_par' dir='ltr' id='par_1_76' title="bbox 2029 3348 3634 3417">
     <span class='ocr_line' id='line_1_76' title="bbox 2029 3348 3634 3417; baseline -0.001 -16"><span class='ocrx_word' id='word_1_533' title='bbox 2029 3364 2198 3413; x_wconf 79' lang='lat' dir='ltr'><strong>nere;</strong></span> <span class='ocrx_word' id='word_1_534' title='bbox 2230 3350 2411 3401; x_wconf 79' lang='lat' dir='ltr'><strong>omnia</strong></span> <span class='ocrx_word' id='word_1_535' title='bbox 2452 3353 2632 3402; x_wconf 81' lang='lat' dir='ltr'><strong>autem</strong></span> <span class='ocrx_word' id='word_1_536' title='bbox 2666 3348 2979 3417; x_wconf 73' lang='lat' dir='ltr'><strong>probantes,</strong></span> <span class='ocrx_word' id='word_1_537' title='bbox 3026 3348 3172 3416; x_wconf 86' lang='lat' dir='ltr'><strong>quod</strong></span> <span class='ocrx_word' id='word_1_538' title='bbox 3217 3348 3415 3401; x_wconf 84' lang='lat' dir='ltr'><strong>bonum</strong></span> <span class='ocrx_word' id='word_1_539' title='bbox 3452 3352 3531 3401; x_wconf 83' lang='lat' dir='ltr'><strong>est</strong></span> <span class='ocrx_word' id='word_1_540' title='bbox 3553 3362 3634 3401; x_wconf 83' lang='lat' dir='ltr'><strong>re-</strong></span> 
     </span>
    </p>
   </div>
   <div class='ocr_carea' id='block_1_77' title="bbox 2030 3434 3631 3507">
    <p class='ocr_par' dir='ltr' id='par_1_77' title="bbox 2030 3434 3631 3507">
     <span class='ocr_line' id='line_1_77' title="bbox 2030 3434 3631 3507; baseline 0.001 -18"><span class='ocrx_word' id='word_1_541' title='bbox 2030 3438 2193 3489; x_wconf 74' lang='lat' dir='ltr'><strong>tinrte</strong></span> <span class='ocrx_word' id='word_1_542' title='bbox 2240 3434 2285 3505; x_wconf 89' lang='grc' dir='ltr'><strong>(Ι</strong></span> <span class='ocrx_word' id='word_1_543' title='bbox 2334 3437 2513 3489; x_wconf 81' lang='lat' dir='ltr'><strong>Thess.</strong></span> <span class='ocrx_word' id='word_1_544' title='bbox 2565 3436 2638 3507; x_wconf 92' lang='lat' dir='ltr'><strong>v).</strong></span> <span class='ocrx_word' id='word_1_545' title='bbox 2683 3435 3091 3491; x_wconf 91' lang='lat' dir='ltr'><strong>Sanctissimos</strong></span> <span class='ocrx_word' id='word_1_546' title='bbox 3141 3436 3337 3505; x_wconf 90' lang='lat' dir='ltr'><strong>itaque</strong></span> <span class='ocrx_word' id='word_1_547' title='bbox 3383 3435 3631 3490; x_wconf 89' lang='lat' dir='ltr'><strong>vicarios</strong></span> 
     </span>
    </p>
   </div>
   <div class='ocr_carea' id='block_1_78' title="bbox 2030 3522 3634 3593">
    <p class='ocr_par' dir='ltr' id='par_1_78' title="bbox 2030 3522 3634 3593">
     <span class='ocr_line' id='line_1_78' title="bbox 2030 3522 3634 3593; baseline -0.001 -13"><span class='ocrx_word' id='word_1_548' title='bbox 2030 3524 2279 3580; x_wconf 91' lang='lat' dir='ltr'><strong>senioris</strong></span> <span class='ocrx_word' id='word_1_549' title='bbox 2324 3524 2513 3578; x_wconf 84' lang='lat' dir='ltr'><strong>Roma</strong></span> <span class='ocrx_word' id='word_1_550' title='bbox 2543 3528 2606 3578; x_wconf 94' lang='lat' dir='ltr'><strong>ut</strong></span> <span class='ocrx_word' id='word_1_551' title='bbox 2639 3522 2948 3591; x_wconf 89' lang='lat' dir='ltr'><strong>prophetas</strong></span> <span class='ocrx_word' id='word_1_552' title='bbox 2990 3523 3392 3591; x_wconf 73' lang='lat' dir='ltr'><strong>suscipientes,</strong></span> <span class='ocrx_word' id='word_1_553' title='bbox 3428 3537 3634 3593; x_wconf 83' lang='lat' dir='ltr'><strong>nequa-</strong></span> 
     </span>
    </p>
   </div>
   <div class='ocr_carea' id='block_1_79' title="bbox 2031 3609 3633 3682">
    <p class='ocr_par' dir='ltr' id='par_1_79' title="bbox 2031 3609 3633 3682">
     <span class='ocr_line' id='line_1_79' title="bbox 2031 3609 3633 3682; baseline -0.002 -14"><span class='ocrx_word' id='word_1_554' title='bbox 2031 3626 2199 3682; x_wconf 89' lang='lat' dir='ltr'><strong>quam</strong></span> <span class='ocrx_word' id='word_1_555' title='bbox 2236 3611 2580 3682; x_wconf 90' lang='lat' dir='ltr'><strong>spernimus.</strong></span> <span class='ocrx_word' id='word_1_556' title='bbox 2610 3609 2916 3665; x_wconf 88' lang='lat' dir='ltr'><strong>Probantes</strong></span> <span class='ocrx_word' id='word_1_557' title='bbox 2945 3615 3133 3665; x_wconf 92' lang='lat' dir='ltr'><strong>autem</strong></span> <span class='ocrx_word' id='word_1_558' title='bbox 3173 3610 3343 3665; x_wconf 91' lang='lat' dir='ltr'><strong>verba</strong></span> <span class='ocrx_word' id='word_1_559' title='bbox 3379 3611 3633 3681; x_wconf 83' lang='lat' dir='ltr'><strong>magniﬁ-</strong></span> 
     </span>
    </p>
   </div>
   <div class='ocr_carea' id='block_1_80' title="bbox 2030 3699 3631 3770">
    <p class='ocr_par' dir='ltr' id='par_1_80' title="bbox 2030 3699 3631 3770">
     <span class='ocr_line' id='line_1_80' title="bbox 2030 3699 3631 3770; baseline -0.001 -13"><span class='ocrx_word' id='word_1_560' title='bbox 2030 3701 2493 3757; x_wconf 89' lang='lat' dir='ltr'><strong>centissimorum</strong></span> <span class='ocrx_word' id='word_1_561' title='bbox 2539 3699 2886 3770; x_wconf 89' lang='lat' dir='ltr'><strong>principum,</strong></span> <span class='ocrx_word' id='word_1_562' title='bbox 2932 3699 3254 3755; x_wconf 90' lang='lat' dir='ltr'><strong>invenimus</strong></span> <span class='ocrx_word' id='word_1_563' title='bbox 3288 3712 3353 3754; x_wconf 91' lang='lat' dir='ltr'><strong>ea</strong></span> <span class='ocrx_word' id='word_1_564' title='bbox 3382 3700 3536 3768; x_wconf 88' lang='lat' dir='ltr'><strong>justa</strong></span> <span class='ocrx_word' id='word_1_565' title='bbox 3574 3704 3631 3755; x_wconf 90' lang='lat' dir='ltr'><strong>et</strong></span> 
     </span>
    </p>
   </div>
   <div class='ocr_carea' id='block_1_81' title="bbox 2030 3786 3633 3861">
    <p class='ocr_par' dir='ltr' id='par_1_81' title="bbox 2030 3786 3633 3861">
     <span class='ocr_line' id='line_1_81' title="bbox 2030 3786 3633 3861; baseline -0.001 -17"><span class='ocrx_word' id='word_1_566' title='bbox 2030 3790 2401 3861; x_wconf 89' lang='lat' dir='ltr'><strong>congruentia</strong></span> <span class='ocrx_word' id='word_1_567' title='bbox 2424 3806 2437 3841; x_wconf 90' lang='lat'><strong>:</strong></span> <span class='ocrx_word' id='word_1_568' title='bbox 2463 3792 2519 3843; x_wconf 91' lang='lat' dir='ltr'><strong>et</strong></span> <span class='ocrx_word' id='word_1_569' title='bbox 2546 3791 2837 3857; x_wconf 88' lang='lat' dir='ltr'><strong>propterea</strong></span> <span class='ocrx_word' id='word_1_570' title='bbox 2861 3786 3035 3842; x_wconf 89' lang='lat' dir='ltr'><strong>etiam</strong></span> <span class='ocrx_word' id='word_1_571' title='bbox 3058 3787 3313 3856; x_wconf 89' lang='lat' dir='ltr'><strong>episcopi</strong></span> <span class='ocrx_word' id='word_1_572' title='bbox 3336 3800 3550 3856; x_wconf 91' lang='lat' dir='ltr'><strong>omnes,</strong></span> <span class='ocrx_word' id='word_1_573' title='bbox 3575 3790 3633 3842; x_wconf 91' lang='lat' dir='ltr'><strong>et</strong></span> 
     </span>
    </p>
   </div>
   <div class='ocr_carea' id='block_1_82' title="bbox 2031 3874 3634 3947">
    <p class='ocr_par' dir='ltr' id='par_1_82' title="bbox 2031 3874 3634 3947">
     <span class='ocr_line' id='line_1_82' title="bbox 2031 3874 3634 3947; baseline -0.002 -14"><span class='ocrx_word' id='word_1_574' title='bbox 2031 3882 2225 3933; x_wconf 86' lang='lat' dir='ltr'><strong>sancta</strong></span> <span class='ocrx_word' id='word_1_575' title='bbox 2262 3878 2379 3933; x_wconf 88' lang='lat' dir='ltr'><strong>hac</strong></span> <span class='ocrx_word' id='word_1_576' title='bbox 2413 3877 2681 3947; x_wconf 89' lang='lat' dir='ltr'><strong>synodus,</strong></span> <span class='ocrx_word' id='word_1_577' title='bbox 2718 3874 2970 3931; x_wconf 88' lang='lat' dir='ltr'><strong>favemus</strong></span> <span class='ocrx_word' id='word_1_578' title='bbox 3003 3875 3378 3945; x_wconf 91' lang='lat' dir='ltr'><strong>postulationi</strong></span> <span class='ocrx_word' id='word_1_579' title='bbox 3421 3875 3634 3939; x_wconf 77' lang='lat' dir='ltr'><strong>magni-</strong></span> 
     </span>
    </p>
   </div>
   <div class='ocr_carea' id='block_1_83' title="bbox 2032 3964 3632 4035">
    <p class='ocr_par' dir='ltr' id='par_1_83' title="bbox 2032 3964 3632 4035">
     <span class='ocr_line' id='line_1_83' title="bbox 2032 3964 3632 4035; baseline -0.002 -13"><span class='ocrx_word' id='word_1_580' title='bbox 2032 3967 2531 4022; x_wconf 82' lang='lat' dir='ltr'><strong>ﬁcentissimorum</strong></span> <span class='ocrx_word' id='word_1_581' title='bbox 2570 3965 2918 4035; x_wconf 90' lang='lat' dir='ltr'><strong>principum,</strong></span> <span class='ocrx_word' id='word_1_582' title='bbox 2949 3970 3012 4020; x_wconf 91' lang='lat' dir='ltr'><strong>ut</strong></span> <span class='ocrx_word' id='word_1_583' title='bbox 3035 3965 3434 4021; x_wconf 87' lang='lat' dir='ltr'><strong>examinentur</strong></span> <span class='ocrx_word' id='word_1_584' title='bbox 3461 3964 3550 4020; x_wconf 89' lang='lat' dir='ltr'><strong>illi</strong></span> <span class='ocrx_word' id='word_1_585' title='bbox 3576 3968 3632 4020; x_wconf 88' lang='lat' dir='ltr'><strong>et</strong></span> 
     </span>
    </p>
   </div>
   <div class='ocr_carea' id='block_1_84' title="bbox 2033 4053 3629 4128">
    <p class='ocr_par' dir='ltr' id='par_1_84' title="bbox 2033 4053 3629 4128">
     <span class='ocr_line' id='line_1_84' title="bbox 2033 4053 3629 4128; baseline -0.001 -17"><span class='ocrx_word' id='word_1_586' title='bbox 2033 4056 2475 4128; x_wconf 89' lang='lat' dir='ltr'><strong>interrogentur,</strong></span> <span class='ocrx_word' id='word_1_587' title='bbox 2504 4054 2553 4109; x_wconf 87' lang='lat' dir='ltr'><strong>si</strong></span> <span class='ocrx_word' id='word_1_588' title='bbox 2583 4053 2865 4123; x_wconf 91' lang='lat' dir='ltr'><strong>recipiant</strong></span> <span class='ocrx_word' id='word_1_589' title='bbox 2898 4067 2993 4109; x_wconf 86' lang='lat' dir='ltr'><strong>eos</strong></span> <span class='ocrx_word' id='word_1_590' title='bbox 3012 4053 3279 4122; x_wconf 90' lang='lat' dir='ltr'><strong>judices:</strong></span> <span class='ocrx_word' id='word_1_591' title='bbox 3313 4058 3370 4109; x_wconf 88' lang='lat' dir='ltr'><strong>et</strong></span> <span class='ocrx_word' id='word_1_592' title='bbox 3398 4058 3629 4123; x_wconf 90' lang='lat' dir='ltr'><strong>accepto</strong></span> 
     </span>
    </p>
   </div>
   <div class='ocr_carea' id='block_1_85' title="bbox 2036 4140 3631 4212">
    <p class='ocr_par' dir='ltr' id='par_1_85' title="bbox 2036 4140 3631 4212">
     <span class='ocr_line' id='line_1_85' title="bbox 2036 4140 3631 4212; baseline 0 -13"><span class='ocrx_word' id='word_1_593' title='bbox 2036 4145 2159 4201; x_wconf 92' lang='lat' dir='ltr'><strong>loco</strong></span> <span class='ocrx_word' id='word_1_594' title='bbox 2184 4142 2616 4212; x_wconf 90' lang='lat' dir='ltr'><strong>satisfactionis,</strong></span> <span class='ocrx_word' id='word_1_595' title='bbox 2645 4142 2696 4197; x_wconf 94' lang='lat' dir='ltr'><strong>si</strong></span> <span class='ocrx_word' id='word_1_596' title='bbox 2718 4142 2949 4212; x_wconf 91' lang='lat' dir='ltr'><strong>quidem</strong></span> <span class='ocrx_word' id='word_1_597' title='bbox 2965 4141 3270 4211; x_wconf 82' lang='lat' dir='ltr'><strong>justiﬁcati</strong></span> <span class='ocrx_word' id='word_1_598' title='bbox 3300 4140 3537 4206; x_wconf 83' lang='lat' dir='ltr'><strong>fuerint,</strong></span> <span class='ocrx_word' id='word_1_599' title='bbox 3567 4147 3631 4199; x_wconf 87' lang='lat' dir='ltr'><strong>ut</strong></span> 
     </span>
    </p>
   </div>
   <div class='ocr_carea' id='block_1_86' title="bbox 2035 4230 3633 4300">
    <p class='ocr_par' dir='ltr' id='par_1_86' title="bbox 2035 4230 3633 4300">
     <span class='ocr_line' id='line_1_86' title="bbox 2035 4230 3633 4300; baseline 0 -11"><span class='ocrx_word' id='word_1_600' title='bbox 2035 4234 2227 4289; x_wconf 90' lang='lat' dir='ltr'><strong>cuncti</strong></span> <span class='ocrx_word' id='word_1_601' title='bbox 2253 4232 2494 4288; x_wconf 89' lang='lat' dir='ltr'><strong>libenter</strong></span> <span class='ocrx_word' id='word_1_602' title='bbox 2514 4230 2934 4300; x_wconf 91' lang='lat' dir='ltr'><strong>suscipiamus:</strong></span> <span class='ocrx_word' id='word_1_603' title='bbox 2961 4231 3010 4289; x_wconf 92' lang='lat' dir='ltr'><strong>si</strong></span> <span class='ocrx_word' id='word_1_604' title='bbox 3034 4244 3164 4286; x_wconf 91' lang='lat' dir='ltr'><strong>vero</strong></span> <span class='ocrx_word' id='word_1_605' title='bbox 3185 4231 3438 4286; x_wconf 91' lang='lat' dir='ltr'><strong>damnati</strong></span> <span class='ocrx_word' id='word_1_606' title='bbox 3462 4231 3633 4291; x_wconf 86' lang='lat' dir='ltr'><strong>exsti-</strong></span> 
     </span>
    </p>
   </div>
   <div class='ocr_carea' id='block_1_87' title="bbox 2044 4319 3630 4393">
    <p class='ocr_par' dir='ltr' id='par_1_87' title="bbox 2044 4319 3630 4393">
     <span class='ocr_line' id='line_1_87' title="bbox 2044 4319 3630 4393; baseline -0.001 -15"><span class='ocrx_word' id='word_1_607' title='bbox 2044 4323 2231 4393; x_wconf 87' lang='lat' dir='ltr'><strong>terint,</strong></span> <span class='ocrx_word' id='word_1_608' title='bbox 2262 4326 2324 4377; x_wconf 91' lang='lat' dir='ltr'><strong>ut</strong></span> <span class='ocrx_word' id='word_1_609' title='bbox 2344 4334 2538 4377; x_wconf 91' lang='lat' dir='ltr'><strong>omnes</strong></span> <span class='ocrx_word' id='word_1_610' title='bbox 2562 4319 2944 4390; x_wconf 91' lang='lat' dir='ltr'><strong>acquiescant.</strong></span> <span class='ocrx_word' id='word_1_611' title='bbox 2976 4320 3137 4375; x_wconf 86' lang='lat' dir='ltr'><strong>Nunc</strong></span> <span class='ocrx_word' id='word_1_612' title='bbox 3164 4333 3297 4391; x_wconf 88' lang='lat' dir='ltr'><strong>ergo</strong></span> <span class='ocrx_word' id='word_1_613' title='bbox 3322 4320 3630 4391; x_wconf 87' lang='lat' dir='ltr'><strong>exigantur</strong></span> 
     </span>
    </p>
   </div>
   <div class='ocr_carea' id='block_1_88' title="bbox 313 4404 3627 4480">
    <p class='ocr_par' dir='ltr' id='par_1_88' title="bbox 313 4404 3627 4480">
     <span class='ocr_line' id='line_1_88' title="bbox 313 4404 3627 4480; baseline 0 -17"><span class='ocrx_word' id='word_1_614' title='bbox 313 4409 675 4465; x_wconf 87' lang='lat' dir='ltr'><strong>audientiam</strong></span> <span class='ocrx_word' id='word_1_615' title='bbox 716 4409 994 4480; x_wconf 90' lang='lat' dir='ltr'><strong>omnium,</strong></span> <span class='ocrx_word' id='word_1_616' title='bbox 1022 4413 1080 4464; x_wconf 91' lang='lat' dir='ltr'><strong>et</strong></span> <span class='ocrx_word' id='word_1_617' title='bbox 1110 4412 1304 4464; x_wconf 89' lang='lat' dir='ltr'><strong>sancta</strong></span> <span class='ocrx_word' id='word_1_618' title='bbox 1353 4406 1604 4477; x_wconf 91' lang='lat' dir='ltr'><strong>synodus</strong></span> <span class='ocrx_word' id='word_1_619' title='bbox 1649 4405 1925 4461; x_wconf 88' lang='lat' dir='ltr'><strong>exclama-</strong></span> <span class='ocrx_word' id='word_1_620' title='bbox 1954 4404 2006 4464; x_wconf 93' lang='lat' dir='ltr'><strong>D</strong></span> <span class='ocrx_word' id='word_1_621' title='bbox 2035 4423 2094 4468; x_wconf 79' lang='lat' dir='ltr'><strong>in</strong></span> <span class='ocrx_word' id='word_1_622' title='bbox 2125 4410 2360 4480; x_wconf 91' lang='lat' dir='ltr'><strong>scriptis</strong></span> <span class='ocrx_word' id='word_1_623' title='bbox 2390 4408 2576 4480; x_wconf 83' lang='lat' dir='ltr'><strong>fateri,</strong></span> <span class='ocrx_word' id='word_1_624' title='bbox 2610 4407 2660 4463; x_wconf 93' lang='lat' dir='ltr'><strong>si</strong></span> <span class='ocrx_word' id='word_1_625' title='bbox 2702 4408 2842 4463; x_wconf 92' lang='lat' dir='ltr'><strong>hanc</strong></span> <span class='ocrx_word' id='word_1_626' title='bbox 2882 4412 3132 4463; x_wconf 89' lang='lat' dir='ltr'><strong>sanctam</strong></span> <span class='ocrx_word' id='word_1_627' title='bbox 3163 4413 3217 4463; x_wconf 92' lang='lat' dir='ltr'><strong>et</strong></span> <span class='ocrx_word' id='word_1_628' title='bbox 3249 4408 3627 4464; x_wconf 88' lang='lat' dir='ltr'><strong>universalem</strong></span> 
     </span>
    </p>
   </div>
   <div class='ocr_carea' id='block_1_89' title="bbox 313 4495 3625 4571">
    <p class='ocr_par' dir='ltr' id='par_1_89' title="bbox 313 4495 3625 4571">
     <span class='ocr_line' id='line_1_89' title="bbox 313 4495 3625 4571; baseline -0 -22"><span class='ocrx_word' id='word_1_629' title='bbox 313 4497 401 4552; x_wconf 78' lang='lat' dir='ltr'><strong>vit</strong></span> <span class='ocrx_word' id='word_1_630' title='bbox 426 4515 440 4550; x_wconf 93' lang='lat'><strong>:</strong></span> <span class='ocrx_word' id='word_1_631' title='bbox 468 4498 558 4554; x_wconf 91' lang='lat' dir='ltr'><strong>Sit</strong></span> <span class='ocrx_word' id='word_1_632' title='bbox 584 4497 774 4568; x_wconf 92' lang='lat' dir='ltr'><strong>portio</strong></span> <span class='ocrx_word' id='word_1_633' title='bbox 802 4497 1103 4567; x_wconf 87' lang='lat' dir='ltr'><strong>Theophili</strong></span> <span class='ocrx_word' id='word_1_634' title='bbox 1132 4502 1189 4552; x_wconf 92' lang='lat' dir='ltr'><strong>et</strong></span> <span class='ocrx_word' id='word_1_635' title='bbox 1211 4495 1497 4552; x_wconf 85' lang='lat' dir='ltr'><strong>Zacharia</strong></span> <span class='ocrx_word' id='word_1_636' title='bbox 1539 4509 1669 4551; x_wconf 86' lang='lat' dir='ltr'><strong>cum</strong></span> <span class='ocrx_word' id='word_1_637' title='bbox 1696 4495 1918 4551; x_wconf 92' lang='lat' dir='ltr'><strong>Photio.</strong></span> <span class='ocrx_word' id='word_1_638' title='bbox 1993 4555 2012 4563; x_wconf 90' lang='lat'><em>_</em></span> <span class='ocrx_word' id='word_1_639' title='bbox 2031 4500 2328 4571; x_wconf 67' lang='lat' dir='ltr'><strong>synodum,</strong></span> <span class='ocrx_word' id='word_1_640' title='bbox 2346 4504 2402 4554; x_wconf 76' lang='lat' dir='ltr'><strong>et</strong></span> <span class='ocrx_word' id='word_1_641' title='bbox 2419 4512 2544 4569; x_wconf 73' lang='lat' dir='ltr'><strong>qua</strong></span> <span class='ocrx_word' id='word_1_642' title='bbox 2560 4497 2705 4553; x_wconf 82' lang='lat' dir='ltr'><strong>abea</strong></span> <span class='ocrx_word' id='word_1_643' title='bbox 2718 4496 3055 4566; x_wconf 84' lang='lat' dir='ltr'><strong>judicantur</strong></span> <span class='ocrx_word' id='word_1_644' title='bbox 3072 4496 3404 4567; x_wconf 83' lang='lat' dir='ltr'><strong>admittunt,</strong></span> <span class='ocrx_word' id='word_1_645' title='bbox 3424 4502 3479 4553; x_wconf 89' lang='lat' dir='ltr'><strong>et</strong></span> <span class='ocrx_word' id='word_1_646' title='bbox 3494 4497 3625 4566; x_wconf 84' lang='lat' dir='ltr'><strong>jure</strong></span> 
     </span>
    </p>
   </div>
   <div class='ocr_carea' id='block_1_90' title="bbox 313 4584 3625 4661">
    <p class='ocr_par' dir='ltr' id='par_1_90' title="bbox 313 4584 3625 4661">
     <span class='ocr_line' id='line_1_90' title="bbox 313 4584 3625 4661; baseline 0 -19"><span class='ocrx_word' id='word_1_647' title='bbox 313 4588 450 4643; x_wconf 89' lang='lat' dir='ltr'><strong>Post</strong></span> <span class='ocrx_word' id='word_1_648' title='bbox 475 4588 594 4644; x_wconf 72' lang='lat' dir='ltr'><strong>hac</strong></span> <span class='ocrx_word' id='word_1_649' title='bbox 614 4587 1168 4660; x_wconf 79' lang='lat' dir='ltr'><strong>magnificentissimi</strong></span> <span class='ocrx_word' id='word_1_650' title='bbox 1196 4590 1253 4641; x_wconf 91' lang='lat' dir='ltr'><strong>et</strong></span> <span class='ocrx_word' id='word_1_651' title='bbox 1272 4585 1681 4658; x_wconf 86' lang='lat' dir='ltr'><strong>gloriosissimi</strong></span> <span class='ocrx_word' id='word_1_652' title='bbox 1714 4584 1928 4654; x_wconf 86' lang='lat' dir='ltr'><strong>princi—</strong></span> <span class='ocrx_word' id='word_1_653' title='bbox 2033 4589 2446 4661; x_wconf 84' lang='lat' dir='ltr'><strong>ingrediantur.</strong></span> <span class='ocrx_word' id='word_1_654' title='bbox 2499 4585 2856 4642; x_wconf 91' lang='lat' dir='ltr'><strong>Sanctissimi</strong></span> <span class='ocrx_word' id='word_1_655' title='bbox 2908 4585 3111 4641; x_wconf 90' lang='lat' dir='ltr'><strong>vicarii</strong></span> <span class='ocrx_word' id='word_1_656' title='bbox 3162 4585 3408 4641; x_wconf 90' lang='lat' dir='ltr'><strong>senioris</strong></span> <span class='ocrx_word' id='word_1_657' title='bbox 3438 4586 3625 4642; x_wconf 82' lang='lat' dir='ltr'><strong>Roma</strong></span> 
     </span>
    </p>
   </div>
   <div class='ocr_carea' id='block_1_91' title="bbox 318 4673 3621 4747">
    <p class='ocr_par' dir='ltr' id='par_1_91' title="bbox 318 4673 3621 4747">
     <span class='ocr_line' id='line_1_91' title="bbox 318 4673 3621 4747; baseline -0.001 -14"><span class='ocrx_word' id='word_1_658' title='bbox 318 4691 422 4747; x_wconf 85' lang='lat' dir='ltr'><strong>pes</strong></span> <span class='ocrx_word' id='word_1_659' title='bbox 447 4691 543 4747; x_wconf 89' lang='lat' dir='ltr'><strong>per</strong></span> <span class='ocrx_word' id='word_1_660' title='bbox 572 4677 853 4732; x_wconf 90' lang='lat' dir='ltr'><strong>Bahanem</strong></span> <span class='ocrx_word' id='word_1_661' title='bbox 883 4675 1513 4747; x_wconf 79' lang='lat' dir='ltr'><strong>magniﬁcentissimum</strong></span> <span class='ocrx_word' id='word_1_662' title='bbox 1539 4674 1846 4745; x_wconf 90' lang='lat' dir='ltr'><strong>patricium</strong></span> <span class='ocrx_word' id='word_1_663' title='bbox 1868 4678 1923 4729; x_wconf 94' lang='lat' dir='ltr'><strong>et</strong></span> <span class='ocrx_word' id='word_1_664' title='bbox 2030 4679 2335 4735; x_wconf 89' lang='lat' dir='ltr'><strong>dixerunt:</strong></span> <span class='ocrx_word' id='word_1_665' title='bbox 2366 4678 2435 4732; x_wconf 93' lang='lat' dir='ltr'><strong>Et</strong></span> <span class='ocrx_word' id='word_1_666' title='bbox 2456 4690 2600 4746; x_wconf 93' lang='lat' dir='ltr'><strong>quos</strong></span> <span class='ocrx_word' id='word_1_667' title='bbox 2633 4675 2834 4731; x_wconf 92' lang='lat' dir='ltr'><strong>dicitis</strong></span> <span class='ocrx_word' id='word_1_668' title='bbox 2872 4673 3160 4729; x_wconf 90' lang='lat' dir='ltr'><strong>introduci</strong></span> <span class='ocrx_word' id='word_1_669' title='bbox 3192 4674 3458 4746; x_wconf 89' lang='lat' dir='ltr'><strong>ignorant</strong></span> <span class='ocrx_word' id='word_1_670' title='bbox 3483 4675 3621 4745; x_wconf 89' lang='lat' dir='ltr'><strong>quid</strong></span> 
     </span>
    </p>
   </div>
   <div class='ocr_carea' id='block_1_92' title="bbox 316 4762 3627 4837">
    <p class='ocr_par' dir='ltr' id='par_1_92' title="bbox 316 4762 3627 4837">
     <span class='ocr_line' id='line_1_92' title="bbox 316 4762 3627 4837; baseline -0.001 -15"><span class='ocrx_word' id='word_1_671' title='bbox 316 4768 691 4837; x_wconf 86' lang='lat' dir='ltr'><strong>prapositum</strong></span> <span class='ocrx_word' id='word_1_672' title='bbox 734 4766 1007 4822; x_wconf 86' lang='lat' dir='ltr'><strong>dixerunt</strong></span> <span class='ocrx_word' id='word_1_673' title='bbox 1038 4783 1050 4818; x_wconf 94' lang='lat'><strong>:</strong></span> <span class='ocrx_word' id='word_1_674' title='bbox 1104 4767 1479 4835; x_wconf 89' lang='lat' dir='ltr'><strong>Imperatores</strong></span> <span class='ocrx_word' id='word_1_675' title='bbox 1519 4764 1697 4820; x_wconf 92' lang='lat' dir='ltr'><strong>nostri</strong></span> <span class='ocrx_word' id='word_1_676' title='bbox 1738 4764 1921 4820; x_wconf 88' lang='lat' dir='ltr'><strong>sancti</strong></span> <span class='ocrx_word' id='word_1_677' title='bbox 2026 4766 2310 4837; x_wconf 88' lang='lat' dir='ltr'><strong>judicavit</strong></span> <span class='ocrx_word' id='word_1_678' title='bbox 2334 4770 2525 4821; x_wconf 90' lang='lat' dir='ltr'><strong>sancta</strong></span> <span class='ocrx_word' id='word_1_679' title='bbox 2552 4765 2800 4820; x_wconf 80' lang='lat' dir='ltr'><strong>Romana</strong></span> <span class='ocrx_word' id='word_1_680' title='bbox 2826 4762 3076 4819; x_wconf 90' lang='lat' dir='ltr'><strong>Ecclesia</strong></span> <span class='ocrx_word' id='word_1_681' title='bbox 3093 4762 3390 4819; x_wconf 80' lang='lat' dir='ltr'><strong>‘IBahanes</strong></span> <span class='ocrx_word' id='word_1_682' title='bbox 3411 4764 3627 4836; x_wconf 88' lang='lat' dir='ltr'><strong>magni-</strong></span> 
     </span>
    </p>
   </div>
   <div class='ocr_carea' id='block_1_93' title="bbox 315 4851 3629 4925">
    <p class='ocr_par' dir='ltr' id='par_1_93' title="bbox 315 4851 3629 4925">
     <span class='ocr_line' id='line_1_93' title="bbox 315 4851 3629 4925; baseline -0.001 -13"><span class='ocrx_word' id='word_1_683' title='bbox 315 4857 605 4913; x_wconf 88' lang='lat' dir='ltr'><strong>miserunt</strong></span> <span class='ocrx_word' id='word_1_684' title='bbox 628 4869 820 4912; x_wconf 76' lang='lat' dir='ltr'><strong>servos</strong></span> <span class='ocrx_word' id='word_1_685' title='bbox 850 4869 1003 4923; x_wconf 89' lang='lat' dir='ltr'><strong>suos,</strong></span> <span class='ocrx_word' id='word_1_686' title='bbox 1033 4854 1134 4925; x_wconf 78' lang='lat' dir='ltr'><strong>qui</strong></span> <span class='ocrx_word' id='word_1_687' title='bbox 1157 4859 1389 4910; x_wconf 89' lang='lat' dir='ltr'><strong>senatus</strong></span> <span class='ocrx_word' id='word_1_688' title='bbox 1413 4859 1666 4923; x_wconf 89' lang='lat' dir='ltr'><strong>vocatur,</strong></span> <span class='ocrx_word' id='word_1_689' title='bbox 1691 4852 1791 4924; x_wconf 92' lang='lat' dir='ltr'><strong>qui</strong></span> <span class='ocrx_word' id='word_1_690' title='bbox 1818 4868 1926 4909; x_wconf 78' lang='grc' dir='ltr'><strong>νο·-</strong></span> <span class='ocrx_word' id='word_1_691' title='bbox 2034 4854 2440 4911; x_wconf 87' lang='lat' dir='ltr'><strong>licentissimus</strong></span> <span class='ocrx_word' id='word_1_692' title='bbox 2481 4853 2759 4924; x_wconf 87' lang='lat' dir='ltr'><strong>patricius</strong></span> <span class='ocrx_word' id='word_1_693' title='bbox 2786 4857 2842 4908; x_wconf 92' lang='lat' dir='ltr'><strong>et</strong></span> <span class='ocrx_word' id='word_1_694' title='bbox 2878 4852 3217 4922; x_wconf 88' lang='lat' dir='ltr'><strong>prapositus</strong></span> <span class='ocrx_word' id='word_1_695' title='bbox 3248 4851 3436 4907; x_wconf 88' lang='lat' dir='ltr'><strong>dixit:</strong></span> <span class='ocrx_word' id='word_1_696' title='bbox 3471 4856 3629 4924; x_wconf 90' lang='lat' dir='ltr'><strong>Igno-</strong></span> 
     </span>
    </p>
   </div>
   <div class='ocr_carea' id='block_1_94' title="bbox 314 4942 1923 5014">
    <p class='ocr_par' dir='ltr' id='par_1_94' title="bbox 314 4942 1923 5014">
     <span class='ocr_line' id='line_1_94' title="bbox 314 4942 1923 5014; baseline -0.002 -13"><span class='ocrx_word' id='word_1_697' title='bbox 314 4945 540 5001; x_wconf 82' lang='lat' dir='ltr'><strong>luntate</strong></span> <span class='ocrx_word' id='word_1_698' title='bbox 576 4945 677 4999; x_wconf 90' lang='lat' dir='ltr'><strong>Dei</strong></span> <span class='ocrx_word' id='word_1_699' title='bbox 706 4944 801 4999; x_wconf 91' lang='lat' dir='ltr'><strong>hic</strong></span> <span class='ocrx_word' id='word_1_700' title='bbox 828 4944 1142 4999; x_wconf 88' lang='lat' dir='ltr'><strong>honoratus</strong></span> <span class='ocrx_word' id='word_1_701' title='bbox 1170 4947 1256 4999; x_wconf 94' lang='lat' dir='ltr'><strong>est</strong></span> <span class='ocrx_word' id='word_1_702' title='bbox 1285 4943 1596 4999; x_wconf 83' lang='lat' dir='ltr'><strong>secundum</strong></span> <span class='ocrx_word' id='word_1_703' title='bbox 1623 4942 1833 5014; x_wconf 89' lang='lat' dir='ltr'><strong>omnia,</strong></span> <span class='ocrx_word' id='word_1_704' title='bbox 1860 4947 1923 4999; x_wconf 93' lang='lat' dir='ltr'><strong>ut</strong></span> 
     </span>
    </p>
   </div>
   <div class='ocr_carea' id='block_1_95' title="bbox 314 5032 1920 5104">
    <p class='ocr_par' dir='ltr' id='par_1_95' title="bbox 314 5032 1920 5104">
     <span class='ocr_line' id='line_1_95' title="bbox 314 5032 1920 5104; baseline -0.002 -14"><span class='ocrx_word' id='word_1_705' title='bbox 314 5035 502 5090; x_wconf 90' lang='lat' dir='ltr'><strong>simus</strong></span> <span class='ocrx_word' id='word_1_706' title='bbox 524 5033 781 5088; x_wconf 92' lang='lat' dir='ltr'><strong>districti</strong></span> <span class='ocrx_word' id='word_1_707' title='bbox 808 5046 1006 5089; x_wconf 89' lang='lat' dir='ltr'><strong>eorum</strong></span> <span class='ocrx_word' id='word_1_708' title='bbox 1034 5047 1163 5103; x_wconf 88' lang='lat' dir='ltr'><strong>qua</strong></span> <span class='ocrx_word' id='word_1_709' title='bbox 1191 5038 1471 5104; x_wconf 86' lang='lat' dir='ltr'><strong>geruntur</strong></span> <span class='ocrx_word' id='word_1_710' title='bbox 1512 5032 1827 5088; x_wconf 89' lang='lat' dir='ltr'><strong>auditores.</strong></span> <span class='ocrx_word' id='word_1_711' title='bbox 1861 5032 1920 5087; x_wconf 92' lang='lat' dir='ltr'><strong>Si</strong></span> 
     </span>
    </p>
   </div>
   <div class='ocr_carea' id='block_1_96' title="bbox 315 5120 1920 5193">
    <p class='ocr_par' dir='ltr' id='par_1_96' title="bbox 315 5120 1920 5193">
     <span class='ocr_line' id='line_1_96' title="bbox 315 5120 1920 5193; baseline -0.001 -17"><span class='ocrx_word' id='word_1_712' title='bbox 315 5123 499 5178; x_wconf 84' lang='lat' dir='ltr'><strong>vultis</strong></span> <span class='ocrx_word' id='word_1_713' title='bbox 513 5136 647 5193; x_wconf 90' lang='lat' dir='ltr'><strong>ergo</strong></span> <span class='ocrx_word' id='word_1_714' title='bbox 663 5135 697 5177; x_wconf 90' lang='lat' dir='ltr'><strong>a</strong></span> <span class='ocrx_word' id='word_1_715' title='bbox 716 5121 900 5189; x_wconf 92' lang='lat' dir='ltr'><strong>nobis,</strong></span> <span class='ocrx_word' id='word_1_716' title='bbox 919 5121 1073 5176; x_wconf 90' lang='lat' dir='ltr'><strong>sicut</strong></span> <span class='ocrx_word' id='word_1_717' title='bbox 1088 5135 1148 5176; x_wconf 89' lang='lat' dir='ltr'><strong>se</strong></span> <span class='ocrx_word' id='word_1_718' title='bbox 1167 5120 1334 5175; x_wconf 90' lang='lat' dir='ltr'><strong>habet</strong></span> <span class='ocrx_word' id='word_1_719' title='bbox 1349 5121 1487 5176; x_wconf 90' lang='lat' dir='ltr'><strong>ordo</strong></span> <span class='ocrx_word' id='word_1_720' title='bbox 1510 5120 1838 5191; x_wconf 86' lang='lat' dir='ltr'><strong>synodicus,</strong></span> <span class='ocrx_word' id='word_1_721' title='bbox 1862 5120 1920 5176; x_wconf 93' lang='lat' dir='ltr'><strong>in</strong></span> 
     </span>
    </p>
   </div>
   <div class='ocr_carea' id='block_1_97' title="bbox 316 5209 1923 5280">
    <p class='ocr_par' dir='ltr' id='par_1_97' title="bbox 316 5209 1923 5280">
     <span class='ocr_line' id='line_1_97' title="bbox 316 5209 1923 5280; baseline -0.002 -13"><span class='ocrx_word' id='word_1_722' title='bbox 316 5211 429 5268; x_wconf 81' lang='lat' dir='ltr'><strong>ﬁne</strong></span> <span class='ocrx_word' id='word_1_723' title='bbox 450 5216 661 5267; x_wconf 83' lang='lat' dir='ltr'><strong>sancta</strong></span> <span class='ocrx_word' id='word_1_724' title='bbox 676 5224 743 5266; x_wconf 91' lang='lat' dir='ltr'><strong>ac</strong></span> <span class='ocrx_word' id='word_1_725' title='bbox 766 5209 1111 5267; x_wconf 91' lang='lat' dir='ltr'><strong>universalis</strong></span> <span class='ocrx_word' id='word_1_726' title='bbox 1133 5209 1307 5278; x_wconf 90' lang='lat' dir='ltr'><strong>hujus</strong></span> <span class='ocrx_word' id='word_1_727' title='bbox 1327 5209 1528 5279; x_wconf 88' lang='lat' dir='ltr'><strong>synodi</strong></span> <span class='ocrx_word' id='word_1_728' title='bbox 1551 5210 1777 5280; x_wconf 89' lang='lat' dir='ltr'><strong>exigere</strong></span> <span class='ocrx_word' id='word_1_729' title='bbox 1801 5222 1923 5278; x_wconf 92' lang='lat' dir='ltr'><strong>pro-</strong></span> 
     </span>
    </p>
   </div>
   <div class='ocr_carea' id='block_1_98' title="bbox 317 5298 1922 5371">
    <p class='ocr_par' dir='ltr' id='par_1_98' title="bbox 317 5298 1922 5371">
     <span class='ocr_line' id='line_1_98' title="bbox 317 5298 1922 5371; baseline -0.003 -14"><span class='ocrx_word' id='word_1_730' title='bbox 317 5301 479 5371; x_wconf 92' lang='lat' dir='ltr'><strong>prias</strong></span> <span class='ocrx_word' id='word_1_731' title='bbox 504 5299 961 5369; x_wconf 89' lang='lat' dir='ltr'><strong>subscriptiones</strong></span> <span class='ocrx_word' id='word_1_732' title='bbox 992 5313 1090 5369; x_wconf 90' lang='lat' dir='ltr'><strong>per</strong></span> <span class='ocrx_word' id='word_1_733' title='bbox 1115 5312 1202 5353; x_wconf 92' lang='lat' dir='ltr'><strong>me</strong></span> <span class='ocrx_word' id='word_1_734' title='bbox 1229 5298 1531 5369; x_wconf 89' lang='lat' dir='ltr'><strong>indignum</strong></span> <span class='ocrx_word' id='word_1_735' title='bbox 1551 5311 1775 5353; x_wconf 89' lang='lat' dir='ltr'><strong>servum</strong></span> <span class='ocrx_word' id='word_1_736' title='bbox 1799 5310 1922 5353; x_wconf 90' lang='lat' dir='ltr'><strong>san-</strong></span> 
     </span>
    </p>
   </div>
   <div class='ocr_carea' id='block_1_99' title="bbox 314 5385 1918 5458">
    <p class='ocr_par' dir='ltr' id='par_1_99' title="bbox 314 5385 1918 5458">
     <span class='ocr_line' id='line_1_99' title="bbox 314 5385 1918 5458; baseline -0.002 -12"><span class='ocrx_word' id='word_1_737' title='bbox 314 5394 544 5446; x_wconf 88' lang='lat' dir='ltr'><strong>ctorum</strong></span> <span class='ocrx_word' id='word_1_738' title='bbox 570 5390 976 5458; x_wconf 89' lang='lat' dir='ltr'><strong>imperatorum</strong></span> <span class='ocrx_word' id='word_1_739' title='bbox 1000 5392 1343 5458; x_wconf 90' lang='lat' dir='ltr'><strong>nostrorum,</strong></span> <span class='ocrx_word' id='word_1_740' title='bbox 1366 5387 1558 5443; x_wconf 87' lang='lat' dir='ltr'><strong>cuncti</strong></span> <span class='ocrx_word' id='word_1_741' title='bbox 1583 5385 1787 5442; x_wconf 84' lang='lat' dir='ltr'><strong>fratres</strong></span> <span class='ocrx_word' id='word_1_742' title='bbox 1810 5386 1918 5442; x_wconf 89' lang='lat' dir='ltr'><strong>mei</strong></span> 
     </span>
    </p>
   </div>
   <div class='ocr_carea' id='block_1_100' title="bbox 315 5474 1921 5549">
    <p class='ocr_par' dir='ltr' id='par_1_100' title="bbox 315 5474 1921 5549">
     <span class='ocr_line' id='line_1_100' title="bbox 315 5474 1921 5549; baseline -0.002 -15"><span class='ocrx_word' id='word_1_743' title='bbox 315 5484 376 5535; x_wconf 84' lang='lat' dir='ltr'><strong>et</strong></span> <span class='ocrx_word' id='word_1_744' title='bbox 405 5477 771 5549; x_wconf 86' lang='lat' dir='ltr'><strong>compatricii</strong></span> <span class='ocrx_word' id='word_1_745' title='bbox 814 5476 1020 5533; x_wconf 89' lang='lat' dir='ltr'><strong>dicunt</strong></span> <span class='ocrx_word' id='word_1_746' title='bbox 1044 5474 1408 5533; x_wconf 87' lang='lat' dir='ltr'><strong>sanctissimo</strong></span> <span class='ocrx_word' id='word_1_747' title='bbox 1448 5475 1682 5532; x_wconf 91' lang='lat' dir='ltr'><strong>domino</strong></span> <span class='ocrx_word' id='word_1_748' title='bbox 1726 5480 1921 5533; x_wconf 89' lang='lat' dir='ltr'><strong>nostro</strong></span> 
     </span>
    </p>
   </div>
   <div class='ocr_carea' id='block_1_101' title="bbox 391 5595 889 5665">
    <p class='ocr_par' dir='ltr' id='par_1_101' title="bbox 391 5595 889 5665">
     <span class='ocr_line' id='line_1_101' title="bbox 391 5595 889 5665; baseline -0.012 -12"><span class='ocrx_word' id='word_1_749' title='bbox 391 5605 415 5632; x_wconf 76' lang='grc'><strong><em>³</em></strong></span> <span class='ocrx_word' id='word_1_750' title='bbox 436 5596 606 5652; x_wconf 81' lang='lat' dir='ltr'><strong>Forte</strong></span> <span class='ocrx_word' id='word_1_751' title='bbox 629 5595 889 5665; x_wconf 75' lang='lat' dir='ltr'><strong>ipsorum.</strong></span> 
     </span>
    </p>
   </div>
   <div class='ocr_carea' id='block_1_102' title="bbox 2032 4941 3626 5012">
    <p class='ocr_par' dir='ltr' id='par_1_102' title="bbox 2032 4941 3626 5012">
     <span class='ocr_line' id='line_1_102' title="bbox 2032 4941 3626 5012; baseline -0.002 -12"><span class='ocrx_word' id='word_1_752' title='bbox 2032 4951 2194 5000; x_wconf 88' lang='lat' dir='ltr'><strong>rant:</strong></span> <span class='ocrx_word' id='word_1_753' title='bbox 2224 4956 2353 4999; x_wconf 92' lang='lat' dir='ltr'><strong>cum</strong></span> <span class='ocrx_word' id='word_1_754' title='bbox 2378 4942 2530 4997; x_wconf 91' lang='lat' dir='ltr'><strong>enim</strong></span> <span class='ocrx_word' id='word_1_755' title='bbox 2560 4956 2668 4997; x_wconf 93' lang='lat' dir='ltr'><strong>non</strong></span> <span class='ocrx_word' id='word_1_756' title='bbox 2703 4946 2893 4997; x_wconf 91' lang='lat' dir='ltr'><strong>essent</strong></span> <span class='ocrx_word' id='word_1_757' title='bbox 2932 4941 3163 5012; x_wconf 90' lang='lat' dir='ltr'><strong>ibidem,</strong></span> <span class='ocrx_word' id='word_1_758' title='bbox 3207 4955 3306 4996; x_wconf 91' lang='lat' dir='ltr'><strong>nec</strong></span> <span class='ocrx_word' id='word_1_759' title='bbox 3330 4942 3626 4997; x_wconf 89' lang='lat' dir='ltr'><strong>audissent</strong></span> 
     </span>
    </p>
   </div>
   <div class='ocr_carea' id='block_1_103' title="bbox 2031 5018 3643 5103">
    <p class='ocr_par' dir='ltr' id='par_1_103' title="bbox 2031 5018 3643 5103">
     <span class='ocr_line' id='line_1_103' title="bbox 2031 5018 3643 5103; baseline -0.002 -13"><span class='ocrx_word' id='word_1_760' title='bbox 2031 5049 2175 5103; x_wconf 85' lang='lat' dir='ltr'><strong>opus</strong></span> <span class='ocrx_word' id='word_1_761' title='bbox 2204 5036 2452 5088; x_wconf 91' lang='lat' dir='ltr'><strong>vestrum</strong></span> <span class='ocrx_word' id='word_1_762' title='bbox 2488 5030 2546 5085; x_wconf 93' lang='lat' dir='ltr'><strong>in</strong></span> <span class='ocrx_word' id='word_1_763' title='bbox 2576 5028 2798 5098; x_wconf 90' lang='lat' dir='ltr'><strong>faciem,</strong></span> <span class='ocrx_word' id='word_1_764' title='bbox 2834 5030 3057 5101; x_wconf 91' lang='lat' dir='ltr'><strong>qualem</strong></span> <span class='ocrx_word' id='word_1_765' title='bbox 3096 5030 3500 5087; x_wconf 88' lang='lat' dir='ltr'><strong>certitudinem</strong></span> <span class='ocrx_word' id='word_1_766' title='bbox 3534 5018 3643 5087; x_wconf 44' lang='lat' dir='ltr'><strong>ha?</strong></span> 
     </span>
    </p>
   </div>
   <div class='ocr_carea' id='block_1_104' title="bbox 2029 5118 3628 5188">
    <p class='ocr_par' dir='ltr' id='par_1_104' title="bbox 2029 5118 3628 5188">
     <span class='ocr_line' id='line_1_104' title="bbox 2029 5118 3628 5188; baseline -0.002 -10"><span class='ocrx_word' id='word_1_767' title='bbox 2029 5121 2161 5178; x_wconf 90' lang='lat' dir='ltr'><strong>bere</strong></span> <span class='ocrx_word' id='word_1_768' title='bbox 2184 5121 2314 5177; x_wconf 90' lang='lat' dir='ltr'><strong>illos</strong></span> <span class='ocrx_word' id='word_1_769' title='bbox 2333 5134 2400 5175; x_wconf 90' lang='lat' dir='ltr'><strong>ex</strong></span> <span class='ocrx_word' id='word_1_770' title='bbox 2421 5119 2626 5175; x_wconf 90' lang='lat' dir='ltr'><strong>auditu</strong></span> <span class='ocrx_word' id='word_1_771' title='bbox 2648 5118 2826 5174; x_wconf 89' lang='lat' dir='ltr'><strong>vultis</strong></span> <span class='ocrx_word' id='word_1_772' title='bbox 2844 5118 2913 5173; x_wconf 90' lang='lat' dir='ltr'><strong>ad</strong></span> <span class='ocrx_word' id='word_1_773' title='bbox 2938 5132 3098 5174; x_wconf 92' lang='lat' dir='ltr'><strong>suam</strong></span> <span class='ocrx_word' id='word_1_774' title='bbox 3123 5119 3311 5188; x_wconf 91' lang='lat' dir='ltr'><strong>ipsius</strong></span> <span class='ocrx_word' id='word_1_775' title='bbox 3328 5129 3351 5157; x_wconf 81' lang='grc' dir='ltr'>ι</span> <span class='ocrx_word' id='word_1_776' title='bbox 3369 5119 3628 5175; x_wconf 88' lang='lat' dir='ltr'><strong>condem-</strong></span> 
     </span>
    </p>
   </div>
   <div class='ocr_carea' id='block_1_105' title="bbox 2030 5207 3623 5277">
    <p class='ocr_par' dir='ltr' id='par_1_105' title="bbox 2030 5207 3623 5277">
     <span class='ocr_line' id='line_1_105' title="bbox 2030 5207 3623 5277; baseline -0.002 -10"><span class='ocrx_word' id='word_1_777' title='bbox 2030 5210 2366 5267; x_wconf 82' lang='lat' dir='ltr'><strong>nationem?</strong></span> <span class='ocrx_word' id='word_1_778' title='bbox 2394 5211 2648 5265; x_wconf 86' lang='lat' dir='ltr'><strong>Donatus</strong></span> <span class='ocrx_word' id='word_1_779' title='bbox 2687 5213 2744 5263; x_wconf 90' lang='lat' dir='ltr'><strong>et</strong></span> <span class='ocrx_word' id='word_1_780' title='bbox 2780 5207 3102 5277; x_wconf 89' lang='lat' dir='ltr'><strong>Stephanus</strong></span> <span class='ocrx_word' id='word_1_781' title='bbox 3142 5208 3242 5265; x_wconf 91' lang='lat' dir='ltr'><strong>Dei</strong></span> <span class='ocrx_word' id='word_1_782' title='bbox 3282 5208 3623 5265; x_wconf 90' lang='lat' dir='ltr'><strong>amicissimi</strong></span> 
     </span>
    </p>
   </div>
   <div class='ocr_carea' id='block_1_106' title="bbox 2029 5297 3625 5373">
    <p class='ocr_par' dir='ltr' id='par_1_106' title="bbox 2029 5297 3625 5373">
     <span class='ocr_line' id='line_1_106' title="bbox 2029 5297 3625 5373; baseline -0.002 -17"><span class='ocrx_word' id='word_1_783' title='bbox 2029 5299 2303 5373; x_wconf 91' lang='lat' dir='ltr'><strong>episcopi,</strong></span> <span class='ocrx_word' id='word_1_784' title='bbox 2360 5303 2418 5353; x_wconf 93' lang='lat' dir='ltr'><strong>et</strong></span> <span class='ocrx_word' id='word_1_785' title='bbox 2464 5297 2722 5354; x_wconf 84' lang='lat' dir='ltr'><strong>Marinus</strong></span> <span class='ocrx_word' id='word_1_786' title='bbox 2778 5297 3291 5354; x_wconf 90' lang='lat' dir='ltr'><strong>reverendissimus</strong></span> <span class='ocrx_word' id='word_1_787' title='bbox 3346 5297 3625 5353; x_wconf 90' lang='lat' dir='ltr'><strong>diaconus</strong></span> 
     </span>
    </p>
   </div>
   <div class='ocr_carea' id='block_1_107' title="bbox 2030 5385 3628 5456">
    <p class='ocr_par' dir='ltr' id='par_1_107' title="bbox 2030 5385 3628 5456">
     <span class='ocr_line' id='line_1_107' title="bbox 2030 5385 3628 5456; baseline -0.004 -9"><span class='ocrx_word' id='word_1_788' title='bbox 2030 5394 2237 5447; x_wconf 87' lang='lat' dir='ltr'><strong>sancta</strong></span> <span class='ocrx_word' id='word_1_789' title='bbox 2264 5388 2526 5444; x_wconf 82' lang='lat' dir='ltr'><strong>Romana</strong></span> <span class='ocrx_word' id='word_1_790' title='bbox 2568 5385 2853 5456; x_wconf 88' lang='lat' dir='ltr'><strong>Ecclesia,</strong></span> <span class='ocrx_word' id='word_1_791' title='bbox 2909 5386 3268 5443; x_wconf 89' lang='lat' dir='ltr'><strong>sanctissimi</strong></span> <span class='ocrx_word' id='word_1_792' title='bbox 3316 5386 3519 5441; x_wconf 85' lang='lat' dir='ltr'><strong>vicarii</strong></span> <span class='ocrx_word' id='word_1_793' title='bbox 3546 5399 3628 5440; x_wconf 89' lang='lat' dir='ltr'><strong>se-</strong></span> 
     </span>
    </p>
   </div>
   <div class='ocr_carea' id='block_1_108' title="bbox 2031 5473 3624 5537">
    <p class='ocr_par' dir='ltr' id='par_1_108' title="bbox 2031 5473 3624 5537">
     <span class='ocr_line' id='line_1_108' title="bbox 2031 5473 3624 5537; baseline -0.005 -1"><span class='ocrx_word' id='word_1_794' title='bbox 2031 5478 2216 5537; x_wconf 89' lang='lat' dir='ltr'><strong>nioris</strong></span> <span class='ocrx_word' id='word_1_795' title='bbox 2235 5478 2422 5533; x_wconf 83' lang='lat' dir='ltr'><strong>Roma</strong></span> <span class='ocrx_word' id='word_1_796' title='bbox 2444 5476 2719 5535; x_wconf 80' lang='lat' dir='ltr'><strong>dixerunt</strong></span> <span class='ocrx_word' id='word_1_797' title='bbox 2743 5493 2757 5531; x_wconf 87' lang='lat'><strong>:</strong></span> <span class='ocrx_word' id='word_1_798' title='bbox 2787 5476 2965 5532; x_wconf 90' lang='lat' dir='ltr'><strong>Nobis</strong></span> <span class='ocrx_word' id='word_1_799' title='bbox 3003 5490 3115 5533; x_wconf 91' lang='lat' dir='ltr'><strong>non</strong></span> <span class='ocrx_word' id='word_1_800' title='bbox 3141 5476 3276 5531; x_wconf 89' lang='lat' dir='ltr'><strong>licet</strong></span> <span class='ocrx_word' id='word_1_801' title='bbox 3302 5473 3624 5531; x_wconf 88' lang='lat' dir='ltr'><strong>rescindere</strong></span> 
     </span>
    </p>
   </div>
  </div>
