4024 6170
441 287 510 348 67
1612 285 1970 344 ANASTASII
2019 287 2560 350 BIBLIOTHECARII
3675 296 3746 353 68

417 431 707 501 judicium
747 443 1039 486 sacrorum
1086 430 1466 486 Romanorum
1500 429 1832 500 pontiﬁcum
1865 447 1881 500 ;
1915 428 2021 485 hoc
2046 410 2107 472 Α
2135 422 2191 472 et
2224 417 2334 487 illi,
2369 424 2433 474 ιη
2462 423 2712 488 apparet,
2765 419 3174 488 discesserunt:
3225 433 3290 476 θο
3321 421 3471 490 (μιοά
3511 421 3748 478 dimise-

424 520 578 576 enim
623 519 980 576 contrarium
1028 523 1115 574 est
1160 519 1456 576 canonicis
1508 519 1796 574 institutis
1836 535 1849 572 :
1887 532 2022 588 quo-

426 610 580 665 niam
646 613 948 678 praesentes
1015 607 1138 663 illic
1199 622 1295 678 per
1357 607 1619 678 proprios
1679 608 1903 677 missos,
1965 611 2023 661 et

424 698 614 754 Romae
658 698 1016 752 demorantes
1063 703 1260 753 contra
1306 711 1366 752 se
1414 697 1753 751 sententiam
1807 701 1863 750 et
1901 709 2023 765 pro-

427 785 599 842 latam
654 784 1076 840 damnationem
1133 785 1191 840 in
1249 785 1536 851 Photium,
1597 791 1654 840 et
1703 785 1761 839 in
1814 799 2015 840 manus

427 874 852 944 impositionem
891 875 1035 944 ejus,
1068 878 1124 929 et
1161 873 1490 942 audierunt,
1523 879 1579 928 et
1609 872 1835 943 liquido
1873 873 2024 928 didi-

425 967 645 1019 cerunt.
689 964 1083 1018 Verumtamen
1115 969 1179 1018 ut
1210 960 1655 1018 manifestiorem
1687 962 1772 1016 eis
1805 963 2019 1030 justam

420 1051 833 1121 judicationem
880 1057 1088 1106 sanctae
1118 1051 1378 1106 Romana:
1407 1051 1673 1106 Ecclesia:
1721 1049 2018 1122 faciamus,

428 1140 846 1212 ingrediantur,
878 1146 933 1194 et
961 1140 1270 1196 exaudiant
1313 1139 1423 1210 legi
1473 1139 1774 1210 synodicas
1819 1139 2018 1196 deﬁni-

428 1230 632 1300 tiones,
658 1233 714 1284 et
732 1229 955 1299 judicia
984 1229 1303 1284 beatissimi
1333 1242 1488 1298 papa:
1509 1229 1750 1299 Nicolai,
1773 1234 1828 1284 et
1857 1229 2022 1284 certi-

430 1319 670 1374 ficentur
699 1317 880 1389 magis
909 1331 975 1373 ac
1008 1318 1206 1389 magis.
1240 1317 1794 1388 Magnificentissimi
1828 1322 1883 1373 et
1910 1318 2024 1389 glo-

430 1406 741 1464 riosissimi
785 1407 1072 1476 principes
1110 1406 1386 1462 dixerunt
1415 1424 1428 1460 :
1459 1409 1571 1463 Hoc
1609 1407 1820 1462 bonum
1851 1412 1936 1462 est
1967 1412 2022 1462 et

427 1496 708 1566 optimum
728 1513 741 1549 :
759 1495 1000 1552 audiant
1017 1495 1105 1550 illi
1119 1496 1406 1565 judicium
1425 1495 1743 1552 beatissimi
1765 1511 1918 1568 papae
1935 1496 2028 1551 Ni-

431 1585 578 1641 colai
601 1585 661 1640 in
691 1589 994 1654 conspectu
1027 1593 1242 1655 nostro,
1273 1591 1329 1640 et
1349 1585 1399 1640 si
1435 1585 1742 1641 habuerint
1772 1585 1920 1656 quod
1953 1585 2020 1640 ad

429 1673 960 1744 contradictionem,
978 1673 1222 1742 dicent-,
1239 1679 1339 1729 aut
1357 1675 1612 1743 persuasi
1631 1674 2020 1746 acquiescent;

2137 513 2271 562 runt
2305 509 2406 563 hos
2433 509 2597 578 duos,
2631 513 2686 563 et
2719 521 2798 578 se,
2832 509 3051 578 opinati
3088 509 3223 580 quia
3255 509 3422 565 nobis
3451 524 3598 579 opus
3629 525 3740 567 non

2136 595 2345 651 habent
2377 597 2545 652 hodie
2578 615 2590 666 ;
2625 603 2914 667 cancrum,
2951 597 3000 652 si
3028 597 3192 666 jubet
3222 598 3499 653 sanctitas
3527 605 3738 670 vestra,

2135 685 2425 755 negotium
2476 687 2722 741 duorum
2756 691 3064 756 quaeratur.
3118 686 3482 742 Sanctissimi
3529 687 3740 742 vicarii

2132 774 2380 829 senioris
2411 775 2598 830 Romae
2622 775 2896 830 dixerunt
2919 793 2930 828 :
2956 777 3091 831 Duae
3116 788 3366 844 personae
3391 775 3504 830 illm
3528 773 3743 831 habent

2135 861 2393 918 libellum
2417 877 2582 933 quem
2611 863 2921 933 porrigant,
2947 877 3016 918 an
3051 878 3363 919 sermonem
3397 867 3622 918 tantum
3648 865 3744 919 ha-

2133 949 2267 1006 bent
2309 951 2376 1006 ad
2427 959 2680 1007 sanctam
2729 952 3006 1024 synodum
3038 953 3066 1005 ’ἶ
3094 952 3650 1023 Magniﬁcentissimi
3684 957 3742 1008 et

2133 1040 2539 1111 gloriosissimi
2564 1041 2854 1111 principes
2873 1042 3170 1098 dixerunt:
3189 1044 3308 1097 Non
3326 1059 3340 1111 ;
3356 1041 3451 1097 sed
3479 1041 3578 1096 isti
3603 1047 3740 1096 sunt

2135 1129 2374 1200 illiduo,
2391 1131 2490 1201 qui
2506 1131 2853 1186 omnimodis
2872 1131 3084 1186 laedunt
3103 1130 3534 1186 multitudinem
3553 1129 3738 1201 illam,

2134 1233 2200 1276 eo
2222 1220 2371 1290 quod
2399 1220 2717 1275 certiﬁeent
2745 1234 2842 1275 eos
2864 1219 3216 1292 hujusmodi,
3252 1220 3389 1290 quia
3409 1219 3742 1276 comminis-

2137 1309 2310 1364 travit
2340 1309 2506 1364 nobis
2539 1323 2680 1379 papa
2700 1309 2990 1366 Nicolans.
3015 1311 3085 1365 Et
3109 1309 3166 1364 in
3190 1309 3294 1365 hoc
3319 1309 3486 1364 habet
3516 1307 3742 1365 satisfa-

2137 1397 2382 1454 ctionem
2407 1399 2746 1470 multitudo;
2765 1399 3037 1469 quoniam
3059 1399 3109 1454 si
3136 1397 3348 1468 recepit
3369 1399 3473 1454 hos
3492 1397 3660 1470 duos,
3685 1404 3742 1453 et

2137 1487 2579 1542 communicavit
2625 1487 2730 1555 eis,
2782 1488 2994 1558 recepit
3039 1489 3238 1558 utique
3268 1493 3324 1542 et
3352 1487 3640 1559 Photium,
3686 1493 3743 1542 et

2137 1577 2580 1632 communicavit
2599 1576 2684 1632 ei:
2711 1577 2760 1632 si
2784 1583 2971 1633 autem
2997 1577 3161 1633 illum
3185 1577 3398 1646 recepit
3415 1582 3470 1632 et
3490 1591 3746 1633 commu-

2140 1666 2372 1735 nicavit,
2402 1667 2602 1736 utique
2624 1679 2736 1722 una
2755 1667 2849 1722 die
2869 1673 3103 1722 vocatus
3122 1673 3205 1722 est
3229 1665 3553 1736 patriarcha
3583 1672 3668 1736 ;et
3689 1668 3740 1724 si

431 1763 580 1834 quod
595 1763 886 1833 sihabent,
905 1763 1334 1819 contradicendi
1349 1761 1374 1803 δ
1399 1764 1719 1834 suscipiant
1738 1764 2024 1834 prOpriam
2055 1751 2108 1812 Β
2140 1761 2372 1811 vocatus
2394 1759 2481 1811 est
2503 1770 2613 1810 una
2634 1756 2729 1811 die
2751 1755 3095 1826 patriarcha,
3122 1754 3396 1810 habemus
3417 1755 3565 1824 quod
3590 1754 3746 1810 dica-

431 1852 852 1908 damnationem
887 1869 902 1918 ;
935 1851 986 1908 si
1019 1865 1148 1908 vero
1189 1866 1300 1908 non
1341 1853 1700 1922 susceperint
1747 1858 1884 1908 tunc
1935 1852 2030 1907 ﬁet

432 1940 583 2010 quod
616 1938 792 1996 fuerit
820 1939 1006 1995 visum
1045 1940 1380 1996 canonibus.
1431 1941 1792 1996 Sanctissimi
1825 1941 2029 1996 vicarii

436 2028 684 2084 senioris
713 2027 903 2084 Roma:
930 2028 1239 2084 dixerunt:
1273 2031 1709 2086 Excusationem
1743 2037 2023 2104 quaerunt,

438 2122 593 2173 totus
641 2117 908 2187 mundus,
957 2117 1181 2188 Oriens,
1233 2119 1530 2189 Occidens,
1571 2125 1627 2174 et
1657 2125 1848 2175 sancta
1895 2121 2034 2175 Con-

435 2205 948 2275 stantinopolitana
976 2205 1248 2276 Ecclesia,
1282 2207 1441 2262 novit
1471 2207 1607 2278 quia
1628 2208 1916 2278 judicium
1937 2208 2034 2264 da-

435 2298 556 2350 tum
573 2297 659 2349 est
678 2293 950 2350 adversus
969 2308 1084 2349 eos.
1108 2294 1191 2349 Ab
1214 2296 1514 2351 undecima
1534 2297 1688 2352 enim
1714 2297 2032 2352 indictione

434 2381 728 2438 damnavit
746 2373 842 2437 eos
862 2382 1128 2452 synodice
1148 2384 1550 2440 sanctissimus
1575 2399 1712 2454 papa
1737 2385 2029 2456 Nicolaus,

437 2475 494 2526 et
525 2484 622 2540 per
651 2475 734 2526 tot
762 2470 947 2538 spatia
977 2475 1296 2540 temporum
1337 2485 1448 2528 non
1489 2479 1874 2544 cognoverunt
1914 2488 2036 2529 sen-

441 2557 676 2614 tentiam
708 2571 833 2627 quae
865 2558 924 2612 in
955 2572 1050 2613 eos
1083 2558 1300 2627 prolata
1329 2565 1451 2614 est:
1478 2573 1590 2616 non
1621 2567 1706 2615 est
1737 2561 1842 2616 hoc
1871 2575 2036 2617 excu-

438 2643 620 2715 satio;
649 2644 842 2717 fugere
861 2645 1060 2702 volunt
1073 2647 1380 2715 judicium.
1406 2649 1957 2720 Magniﬁcentissimi
1981 2656 2036 2706 et

439 2733 846 2806 gloriosissimi
880 2734 1169 2804 principes
1187 2735 1493 2793 dixerunt:
1520 2739 1637 2794 Imo
1661 2752 1771 2794 non
1803 2737 2036 2810 fugiunt

434 2822 744 2893 judicium,
767 2823 818 2878 si
839 2823 994 2878 enim
1022 2823 1339 2880 voluissent
1365 2823 1579 2898 fugere,
1617 2831 2037 2897 nomoporteret

439 2923 537 2967 eos
551 2911 795 2966 clamare
812 2924 1010 2982 magna
1027 2925 1185 2968 voce:
1202 2910 1346 2981 Quia
1359 2914 1706 2985 judicemur,
1727 2917 1823 2970 sed
1844 2915 2038 2986 potius

441 3004 726 3070 oporteret
749 3013 846 3056 eos
875 3014 1130 3056 seorsum
1155 3001 1411 3058 recedere
1439 3009 1495 3059 et
1524 3001 1714 3075 fugam
1741 3005 2032 3076 arripere;

441 3089 538 3145 sed
563 3089 710 3159 quod
737 3101 834 3158 per
864 3089 1108 3146 multum
1137 3092 1412 3161 temporis
1442 3107 1540 3163 per
1567 3072 1732 3150 voces
1758 3101 1814 3149 et
1834 3072 2037 3150 sermo;
2072 3072 2122 3134 Ο

445 3191 546 3233 nes
573 3177 866 3234 absolutos
903 3184 1164 3235 creatura
1209 3181 1397 3236 omnis
1426 3183 1670 3255 audivit,
1701 3184 1900 3240 volunt
1942 3197 2036 3253 per

443 3279 590 3336 opus
618 3269 674 3321 et
705 3266 829 3336 ipsa
858 3271 1013 3339 gesta
1054 3268 1381 3324 certiﬂcari.
1427 3271 1788 3328 Sanctissimi
1833 3271 2036 3327 vicarii

445 3354 692 3411 senioris
711 3355 898 3411 Roma:
917 3356 1189 3414 dixerunt
1210 3375 1222 3412 :
1249 3359 1649 3430 Ingrediantur
1668 3366 1723 3416 et
1743 3366 1892 3417 stent
1916 3360 2040 3416 illic

444 3443 709 3500 deorsum
737 3444 799 3500 in
821 3444 1025 3502 ultimo
1048 3445 1190 3514 loco,
1213 3451 1269 3501 et
1287 3448 1528 3504 audiant
1547 3449 1844 3518 epistolam
1869 3463 2039 3519 quam

448 3531 610 3589 misit
623 3532 692 3588 ad
713 3533 1108 3603 imperatorem
1127 3534 1454 3590 Michaelem
1478 3537 1878 3592 sanctissimus
1898 3549 2040 3605 papa

443 3621 714 3678 Nicolaus
735 3634 833 3690 per
861 3621 1210 3677 Radoaldum
1232 3627 1288 3677 et
1306 3623 1653 3678 Zachariam.
1685 3624 2044 3695 Magnificen-

445 3709 660 3766 tissimi
677 3715 733 3764 et
747 3708 1152 3780 gloriosissimi
1178 3710 1467 3780 principes
1481 3711 1782 3766 dixerunt:
1805 3713 1875 3767 Ut
1884 3712 2044 3781 jube-

445 3798 554 3854 tis:
580 3810 848 3867 rogamus
865 3801 1053 3852 autem
1079 3797 1437 3853 sanctitatem
1468 3805 1730 3871 vestram,
1756 3805 1894 3856 utet
1915 3815 2044 3856 con-

449 3890 742 3954 vocentur,
771 3889 826 3940 et
853 3898 921 3940 ex
952 3884 1028 3940 iis
1057 3885 1156 3955 qui
1185 3885 1373 3942 Photii
1406 3892 1542 3943 sunt
1571 3888 1770 3944 saltem
1812 3894 1926 3945 tres
1955 3889 2039 3945 vel

450 3977 714 4043 quatuor,
750 3978 814 4028 ut
830 3972 1090 4044 audiant,
1113 3974 1198 4030 vel
1223 3979 1286 4030 ut
1318 3975 1414 4031 isti
1440 3977 1740 4034 saeculares
1763 3979 1860 4049 qui
1889 3985 2043 4036 stant

451 4064 578 4131 post
594 4074 698 4116 nos
715 4077 728 4114 :
750 4059 959 4116 bonum
979 4060 1144 4116 habet
1165 4061 1288 4117 fieri
1307 4064 1568 4120 multum.
1589 4066 1947 4123 Sanctissimi
1966 4069 2046 4125 vi-

449 4148 592 4205 carii
617 4148 863 4204 senioris
884 4149 1068 4205 Romae
1087 4149 1390 4207 dixerunt:
1411 4153 1469 4208 Si
1493 4152 1777 4210 fateantur
1798 4161 1912 4212 tres
1931 4157 2042 4221 illi,

449 4237 600 4308 quod
632 4251 700 4292 ex
728 4237 996 4294 omnibus
1037 4239 1159 4295 illis
1197 4241 1445 4313 veniant,
1495 4243 1593 4313 qui
1626 4249 1760 4299 sunt
1789 4259 1857 4299 ex
1891 4251 2045 4314 parte

2142 1860 2269 1902 mus
2292 1845 2552 1900 multum.
2580 1845 2712 1900 Istis
2731 1851 2919 1901 autem
2941 1845 3168 1901 duobus
3189 1844 3488 1916 convictis,
3519 1843 3656 1914 quia
3677 1857 3744 1899 ea

2142 1950 2268 2006 qua:
2297 1935 2500 1990 dicunt
2519 1935 2588 1989 ad
2625 1935 3054 1990 multitudinem
3087 1947 3247 1990 suam
3269 1939 3324 1988 et
3349 1932 3660 2002 mendacia,
3685 1936 3742 1988 et

2143 2025 2357 2094 inania,
2392 2039 2491 2079 seu
2526 2023 2776 2079 invalida
2824 2029 2978 2094 sunt,
3011 2038 3078 2079 ex
3111 2023 3332 2079 modico
3367 2022 3476 2077 isto
3507 2021 3603 2076 ﬁet
3637 2020 3747 2076 uti-

2144 2113 2278 2169 litas
2301 2114 2516 2169 multis.
2533 2113 2891 2168 Sanctissimi
2916 2110 3748 2168 vicariiseniorisIlomazdixe-

2143 2209 2280 2259 runt
2311 2220 2323 2256 :
2357 2202 2542 2270 Absit,
2579 2203 2726 2272 quod
2759 2201 3128 2257 beatissimus
3155 2201 3428 2256 Nicolaus
3461 2199 3518 2254 in
3546 2205 3745 2254 sancta

2144 2291 2391 2348 Romana
2421 2292 2674 2347 Ecclesia
2702 2291 3002 2360 recepisset
3022 2291 3333 2361 aliquando
3356 2289 3620 2344 Photium
3657 2302 3748 2358 pa-

2145 2381 2424 2436 triacham
2445 2379 3062 2448 Constantipolitanum
3087 2393 3200 2434 uno
3221 2378 3316 2433 die
3344 2378 3428 2433 vel
3459 2391 3570 2432 una
3604 2377 3748 2432 hora

2147 2470 2206 2525 in
2228 2469 2470 2541 collegio
2493 2469 2850 2525 sacerdotali.
2886 2467 3440 2539 Magnificentissimi
3462 2473 3516 2524 et
3539 2466 3751 2538 glorio-

2147 2559 2366 2614 sissimi
2401 2558 2690 2628 principes
2718 2557 2990 2613 dixerunt
3015 2575 3026 2610 :
3053 2557 3392 2612 Benedictus
3419 2557 3604 2611 Deus:
3631 2569 3750 2627 cer-

2147 2647 2438 2703 tilicentur
2456 2651 2512 2702 et
2535 2647 2653 2714 isti,
2680 2651 2743 2702 ut
2763 2645 3118 2701 accedantad
3153 2645 3466 2700 veritatem.
3500 2643 3751 2698 Sanctis-

2149 2735 2282 2792 simi
2303 2735 2506 2791 vicarii
2539 2735 2785 2790 senioris
2815 2735 3002 2790 Romae
3031 2734 3337 2790 dixerunt:
3363 2733 3640 2802 Quoniam
3663 2731 3752 2786 di-

2148 2829 2286 2880 cunt
2309 2839 2366 2880 se
2392 2825 2844 2880 communicasse
2873 2837 3002 2878 cum
3035 2822 3400 2878 sanctissimo
3423 2835 3565 2892 papa
3585 2821 3752 2876 Nico-

2150 2913 2260 2985 Iao,
2298 2914 2714 2985 ingrediantur,
2747 2919 2803 2967 et
2832 2917 2983 2967 stent
3010 2913 3067 2967 in
3102 2926 3214 2968 uno
3246 2911 3389 2980 loco,
3421 2916 3478 2966 et
3505 2909 3752 2966 audiant

2150 3003 2299 3072 quod
2323 3002 2623 3058 definitum
2645 3001 2964 3057 estdeillis.
2991 2998 3542 3072 Magniﬁcentissimi
3567 3004 3622 3053 et
3635 2998 3755 3069 glo-

2152 3090 2463 3146 riosissimi
2489 3089 2777 3160 principes
2795 3089 3092 3144 dixerunt:
3111 3091 3227 3144 Imo
3251 3088 3675 3160 interrogentur
3693 3090 3752 3142 et

2148 3179 2558 3251 discutiantur,
2585 3178 2867 3249 quomodo
2895 3178 3117 3234 dicant:
3135 3177 3280 3248 Quia
3309 3175 3754 3233 communicavi-

2151 3286 2278 3327 mus
2299 3269 2628 3325 beatissimo
2661 3282 2814 3338 papae
2835 3267 3068 3323 Nicolao
3091 3285 3105 3336 ;
3132 3281 3261 3322 cum
3283 3266 3436 3322 omni
3461 3265 3611 3321 enim
3633 3279 3756 3320 cer-

2149 3360 2402 3416 titudine
2418 3361 2521 3414 hoc
2536 3357 2852 3428 perhibent.
2877 3357 2945 3411 Sa
2955 3356 3237 3410 notissimi
3262 3355 3464 3410 vicarii
3499 3353 3754 3409 senioris

2149 3437 2643 3506 Rolmedixerunt:
2661 3448 2896 3500 Intrent.
2913 3443 3463 3515 Magnificentissimi
3478 3447 3533 3498 et
3545 3442 3786 3514 glorio-'

2152 3536 2372 3592 sissimi
2424 3533 2714 3604 principes
2759 3533 3032 3588 dixerunt
3059 3550 3070 3586 :
3110 3532 3181 3587 Ut
3211 3532 3344 3603 quis
3372 3545 3468 3587 eos
3497 3530 3694 3586 afferat
3723 3529 3756 3583 ?

2155 3624 2266 3695 ipsi
2288 3621 2642 3678 consecratio
2662 3625 2798 3676 sunt
2816 3620 3090 3676 Methodii
3107 3637 3119 3674 :
3137 3625 3192 3676 et
3212 3621 3445 3677 omnino
3466 3619 3754 3688 expositio

2153 3712 2336 3769 libelli
2359 3711 2533 3766 vestri
2566 3711 2868 3765 sanciteos
2898 3709 2996 3780 qui
3029 3709 3509 3765 consecrationem
3543 3707 3755 3764 habent

2152 3799 2468 3856 beatissimi
2493 3799 2766 3854 Methodii
2787 3799 3205 3854 etsani-tissimi
3234 3797 3572 3868 patriarcha:
3597 3800 3757 3869 Igna-

2153 3891 2246 3959 tii,
2271 3901 2642 3960 qumcunque,
2667 3892 2722 3943 et
2743 3893 3182 3958 quantacunque
3211 3887 3592 3958 deliquissent
3613 3891 3669 3942 et
3691 3887 3753 3941 in

2153 3993 2302 4050 eum,
2337 3978 2590 4034 volentes
2622 3976 2913 4046 poenitere,
2947 3976 3167 4031 veniam
3199 3981 3254 4032 et
3277 3975 3752 4045 justiﬁcationem

2156 4067 2359 4122 mereri
2385 4085 2400 4137 ;
2423 4081 2488 4121 ac
2512 4066 2637 4120 ideo
2661 4065 3061 4133 hujuscemodi"
3080 4064 3252 4120 etiam
3274 4078 3372 4119 vos
3391 4065 3750 4132 advocantes,

2159 4155 2305 4213 nihil
2331 4154 2592 4225 peccatis.
2617 4155 2870 4208 Donatus
2882 4153 3266 4222 etStephanus
3285 4154 3397 4208 Deo
3409 4151 3752 4208 amicissimi

2155 4245 2430 4316 episcopi,
2471 4249 2528 4299 et
2575 4241 2829 4297 Marinus
2875 4240 3404 4296 venerabilissimus
3449 4241 3749 4310 diaconus,

449 4338 576 4396 sua,
606 4326 888 4396 patiemur
911 4327 1247 4399 ingrcdieos
1265 4329 1394 4385 huc.
1416 4331 1666 4386 Bahanes
1689 4333 2049 4404 magniﬁcen-
2075 4347 2132 4410 D
2159 4333 2510 4390 sanctissimi
2541 4331 2742 4386 vicarii
2775 4330 3022 4385 senioris
3053 4330 3240 4385 Romae
3267 4329 3541 4384 dixerunt
3567 4347 3580 4383 :
3611 4328 3758 4398 Quo-

453 4414 717 4472 tissimus
737 4417 1080 4486 praepositus
1098 4422 1153 4472 et
1175 4417 1454 4486 patricius
1471 4419 1652 4474 dixit:
1681 4421 1962 4492 Rogamus
1983 4426 2048 4478 ut

457 4503 696 4560 tlantvel
716 4504 988 4576 quinque.
1003 4505 1362 4561 Sanctissimi
1377 4506 1578 4562 vicarii
1593 4509 1841 4565 senioris
1863 4511 2049 4566 Roma:

454 4593 765 4649 dixerunt:
794 4593 1212 4665 Ingrediantur,
1246 4594 1342 4650 sed
1374 4609 1477 4651 nos
1506 4610 1616 4652 non
1659 4604 1886 4667 propter
1923 4614 2051 4654 con-

457 4681 768 4764 tentionem
786 4683 1126 4738 advocamus
1145 4697 1259 4754 eos,
1283 4686 1379 4740 sed
1405 4689 1466 4740 ut
1489 4689 1706 4742 tantum
1730 4685 2047 4742 beatissimi

460 4783 617 4840 papa:
647 4770 867 4826 Nicolai
898 4771 1200 4841 epistolam
1231 4773 1486 4829 audiant.
1522 4775 1589 4829 Et
1620 4775 1782 4832 missi
1817 4777 2047 4846 quidam

457 4859 850 4916 assistentium
877 4861 944 4916 ad
972 4861 1392 4918 convocandum
1414 4877 1528 4930 eos,
1563 4877 1671 4920 non
1707 4864 2044 4922 invenerunt

433 4949 614 5036 .illos.
629 4949 1178 5021 Magnificentissimi
1193 4951 1663 5023 etgloriosissimi
1681 4954 1968 5024 principes
1979 4955 2045 5010 ad

459 5037 710 5094 vicarios
739 5039 988 5094 senioris
1017 5039 1204 5096 Roma:
1222 5053 1288 5096 ac
1311 5041 1690 5098 Orientalium
1722 5043 1943 5099 SBdlllm
1969 5044 2055 5099 di—

458 5131 668 5182 xerunt
697 5143 710 5180 :
735 5127 1061 5184 Nescientes
1091 5129 1238 5199 quod
1273 5135 1679 5200 quaererentur,
1712 5145 1744 5188 a
1774 5138 1967 5188 sancta
1997 5139 2052 5189 et

463 5214 776 5272 universali
825 5216 1059 5286 synodo,
1109 5217 1518 5288 discesserunt,
1569 5224 1624 5273 et
1655 5232 1766 5274 non
1807 5226 1940 5275 sunt
1971 5221 2054 5276 in-

460 5304 613 5360 venti
647 5321 660 5358 :
695 5304 810 5360 duo
839 5311 1026 5361 autem
1062 5305 1172 5377 illi,
1206 5307 1305 5376 qui
1342 5307 1508 5376 paulo
1546 5311 1676 5362 ante
1716 5307 2049 5380 interrogati

463 5399 598 5450 sunt
625 5407 658 5449 a
687 5399 871 5450 vestra
896 5394 1216 5465 sanctitate,
1249 5395 1599 5464 Theophilus
1629 5397 1853 5452 scilicet
1881 5403 1936 5454 et
1963 5401 2054 5454 Za-

463 5483 710 5554 charias,
735 5487 940 5554 praesto
960 5489 1114 5554 sunt,
1141 5489 1198 5539 et
1226 5483 1380 5540 sicut
1395 5483 1630 5554 jubetis.
1662 5486 1881 5543 Idcirco
1900 5487 2051 5544 enim

533 5597 557 5625 ι
581 5585 696 5641 Hoc
713 5588 818 5655 est,
851 5581 991 5654 quid
1020 5581 1233 5638 dicant.

2160 4424 2314 4478 niam
2365 4422 2584 4492 pridem
2634 4419 2925 4476 commissi
2973 4423 3108 4474 sunt
3136 4419 3204 4474 ad
3231 4433 3346 4488 eos,
3399 4419 3498 4489 qui
3532 4419 3757 4474 anobis

2158 4511 2443 4577 abierunt,
2475 4509 2748 4565 dixerunt
2775 4508 2862 4562 illi
2896 4525 2909 4561 :
2943 4507 3088 4577 Quia
3119 4522 3248 4563 cum
3280 4507 3484 4562 Photio
3508 4521 3760 4564 commu-

2161 4601 2439 4669 nicamus,
2477 4598 2602 4653 ideo
2634 4612 2745 4653 non
2773 4610 3038 4652 vocamus
3073 4596 3220 4652 illos.
3257 4597 3510 4651 Bahanes
3541 4597 3758 4666 magni-

2162 4688 2568 4746 ﬁcentissimus
2590 4685 3286 4756 patrieiusetprzepositus
3305 4685 3482 4741 dixit:
3504 4685 3753 4741 Etmulti

2161 4791 2355 4835 eorum
2381 4777 2479 4847 qui
2507 4775 2599 4830 hic
2620 4775 2815 4831 sedent
2833 4773 3252 4845 episcoporum,
3285 4774 3487 4830 Photio
3507 4787 3759 4829 commu-

2162 4866 2428 4922 nicabant
2443 4879 2620 4934 usque
2635 4864 2692 4919 in
2708 4863 2892 4920 ﬁnem.
2908 4863 3266 4918 Sanctissimi
3285 4863 3487 4918 vicarii
3507 4861 3758 4918 senioris

2162 4955 2347 5011 Romae
2367 4955 2662 5009 dixerunt:
2680 4953 2937 5008 Attamen
2963 4952 3060 5006 isti
3085 4966 3184 5020 per
3205 4951 3386 5007 libelli
3411 4949 3758 5007 satisfactio«

2163 5059 2287 5100 nem
2309 5043 2517 5112 recepti
2532 5047 2683 5096 sunt.
2706 5039 3259 5111 Magnificentissimi
3273 5045 3328 5096 et
3344 5040 3753 5112 gloriosissimi

2164 5132 2451 5204 principes
2470 5131 2766 5186 dixerunt:
2783 5129 2884 5184 Sed
2902 5127 2989 5183 illi
3006 5128 3264 5185 libellum
3289 5143 3400 5184 non
3412 5129 3752 5202 audierunt;

2166 5236 2275 5277 non
2305 5227 2392 5276 est
2423 5220 2632 5275 malum
2667 5219 2894 5289 litigare
2923 5218 3112 5274 verbis
3153 5219 3393 5274 utiliter.
3444 5218 3759 5275 Duodecim

2163 5311 2482 5380 discipulos
2514 5307 2715 5363 habuit
2750 5307 3030 5364 Dominus
3061 5313 3252 5364 noster
3277 5309 3439 5364 Jesus
3467 5307 3756 5381 Christus,

2161 5402 2403 5456 Thomas
2431 5413 2581 5466 vero,
2615 5397 2714 5466 qui
2763 5395 3068 5468 dubitavit,
3101 5403 3157 5451 et
3189 5397 3519 5453 incredulus
3547 5402 3602 5453 et
3635 5398 3765 5453 infi-

2161 5489 2310 5546 delis
2334 5487 2676 5544 damnatur?
2689 5501 2816 5542 non.
2841 5486 2923 5543 Ad
2950 5487 3260 5544 multorum
3285 5487 3437 5544 enim
3459 5487 3763 5544 certitudi-

2231 5585 2262 5627 ι)
2291 5585 2348 5642 Id
2381 5589 2484 5658 est,
2525 5585 2930 5644 contradicere.
