4052 6168
303 280 376 341 69
826 298 835 299 ί
1020 283 1567 341 INTERPRETATIO
1603 281 1853 339 SYNODI
1891 281 2011 337 VIII
2046 280 2451 339 GENERALIS.
2483 313 2557 324 —
2593 284 2794 342 nemo
2831 288 2917 342 1v.
3184 261 3193 270 ’
3554 288 3627 349 7o

298 421 427 464 nem
460 405 609 463 facta
630 411 719 464 est
762 408 1138 465 incredulitas
1160 410 1321 478 ejus:
1366 410 1595 465 veniant
1619 413 1674 466 et
1704 409 1824 478 isti,
1853 410 1905 465 si
1932 404 1993 466 A
2022 412 2231 463 sanctae
2250 408 2350 465 Dei
2374 408 2673 481 genitricis
2692 409 2903 480 Mariae,
2929 425 3054 481 quae
3072 412 3291 469 dicitur
3325 415 3624 486 Praesepis.

297 495 446 552 forte
476 496 663 569 magis
694 511 792 567 per
823 498 1218 554 inﬁdelitatem
1253 499 1582 569 impiorum,
1620 504 1678 555 et
1700 499 1910 555 verbo—

295 600 431 642 rum
454 586 966 657 impugnationem,
984 588 1207 643 lucrum
1231 588 1474 646 multum
1494 588 1749 659 perduos
1769 588 1915 644 mul-

295 674 378 730 tis
398 672 697 729 etﬁciatur.
740 675 1100 731 Sanctissimi
1124 677 1325 732 vicarii
1351 678 1599 733 senioris
1621 678 1809 732 Romae
1828 676 1913 732 di-

293 769 541 819 xerunt:
578 764 1000 836 Ingrediantur.
1046 766 1116 820 Et
1164 766 1517 822 intrantibus
1558 765 1828 822 Zacharia
1856 768 1913 819 et

288 851 616 921 Theophilo
641 852 867 909 dudum
911 854 1218 925 episcopis,
1250 855 1524 911 dixerunt
1553 854 1908 910 sanctissimi

288 940 500 995 vicarii
534 942 787 998 senioris
816 942 1005 998 Romae
1045 943 1115 998 ad
1147 956 1366 998 sacram
1415 943 1693 1013 synodum
1724 947 1779 998 et
1811 942 1911 997 in—

287 1028 508 1099 clytum
537 1037 839 1086 senatum:
871 1032 970 1087 Isti
998 1037 1152 1103 sunt,
1178 1032 1279 1102 qui
1304 1032 1774 1087 desideraverunt
1808 1028 1907 1104 [αι.

290 1116 609 1193 petierunt]
639 1120 855 1175 intrare
877 1120 936 1175 in
959 1126 1210 1176 sanctam
1232 1121 1510 1191 synodum
1533 1138 1545 1174 :
1582 1120 1719 1191 quid
1742 1120 1905 1176 desi-

287 1206 496 1261 derant
534 1208 791 1263 audire?
829 1209 966 1279 quid
988 1209 1241 1265 dicunt?
1270 1209 1826 1281 Magniﬁcentissimi
1850 1215 1910 1265 et

287 1294 707 1365 gloriosissimi
724 1297 1320 1367 principesdixerunt:
1340 1298 1790 1369 lnterrogenturi
1799 1297 1907 1368 psi,

288 1384 558 1440 etdicent
568 1385 922 1442 desiderium
936 1401 1122 1442 suum.
1138 1387 1498 1443 Sanctissimi
1513 1387 1714 1442 vicarii
1731 1387 1914 1442 senio-

291 1472 375 1527 ris
396 1473 595 1529 Roma
613 1474 917 1530 dixerunt:
936 1476 1175 1531 Nomina
1195 1476 1450 1545 ipsorum
1471 1475 1570 1546 qui
1594 1474 1910 1532 vocantur?

289 1562 856 1633 Magniﬁcentissimi
886 1569 943 1619 et
974 1565 1383 1636 gloriosissimi
1417 1564 1708 1634 principes
1737 1565 1912 1620 dixe—

291 1656 466 1705 runt:
493 1652 800 1729 Zacharias
818 1658 875 1709 et
901 1654 1272 1723 Theophilus.
1316 1654 1678 1711 Sanctissimi
1703 1654 1907 1710 vicarii

2026 496 2148 552 [llic
2177 511 2273 553 eos
2294 499 2548 568 suscepit
2585 499 2990 556 sanctissimus
3038 515 3179 570 papa
3209 502 3477 561 Nicolaus
3527 521 3627 577 per

2020 584 2467 642 satisfactionem
2491 586 2695 655 libelli,
2720 593 2775 642 et
2807 588 3142 657 juramenti,
3167 594 3224 645 et
3245 605 3353 646 non
3377 594 3627 650 contulit

2020 673 2106 728 eis
2125 674 2581 730 communionem
2598 675 2657 730 in
2674 675 2796 730 loco
2809 676 3226 746 episcoporum.
3246 679 3304 733 Si
3327 694 3459 736 vero
3480 694 3630 737 con-

2023 763 2385 833 tradixerint,
2414 764 2715 820 ostendant
2736 766 2885 834 quod
2919 768 3235 835 susceperit
3267 781 3363 824 eos
3396 769 3455 824 in
3479 783 3627 824 com-

2024 852 2349 907 munionem
2374 852 2762 922 utepiscopos.
2786 854 3138 923 Theophilus
3159 856 3377 912 dudum
3392 857 3626 926 episco—

2024 955 2129 1009 pus
2152 940 2304 996 dixit
2328 958 2339 993 :
2376 942 2644 1012 Nunquid
2678 942 2908 1014 ignotus
2927 956 3080 998 eram
3104 958 3205 1016 ego
3226 944 3254 998 ‘?
3272 945 3357 1000 Ab
3387 946 3631 1015 impera-

2021 1034 2141 1085 tore
2170 1043 2234 1084 ac
2263 1044 2294 1084 a
2325 1031 2539 1100 synodo
2572 1031 2783 1086 missus
2805 1045 2950 1087 sum.
2982 1033 3538 1103 Magniﬁcentissimi
3570 1041 3649 1091 et.

2020 1117 2426 1188 gloriosissimi
2442 1118 3039 1189 principesdixerunt:
3058 1122 3362 1178 Detulistis
3376 1122 3622 1195 litteras,

2022 1206 2248 1275 quando
2272 1207 2664 1272 ascendebatis
2694 1223 2824 1264 cum
2846 1209 3083 1265 vicariis
3108 1210 3397 1268 Radoaldo
3429 1217 3485 1268 et
3515 1214 3626 1268 Za-

2020 1295 2218 1351 charia
2239 1295 2268 1349 ‘?
2299 1296 2651 1365 Theophilus
2688 1302 2743 1353 et
2770 1298 3072 1353 Zacharias
3099 1298 3320 1356 dudum
3363 1300 3630 1371 episcopi

2019 1382 2325 1439 dixerunt:
2380 1385 2696 1441 Nescimus.
2729 1386 3091 1443 Sanctissimi
3137 1387 3342 1444 vicarii
3375 1389 3628 1445 senioris

2021 1470 2209 1526 Romae
2226 1472 2534 1530 dixerunt:
2582 1475 2643 1530 In
2672 1474 2777 1530 hoc
2802 1480 3109 1546 c0gnoscat
3133 1477 3324 1533 omnis
3354 1483 3550 1533 sancta
3570 1482 3628 1533 et

2020 1572 2180 1615 sacra
2201 1562 2470 1631 synodus,
2497 1563 2632 1633 quia
2660 1563 2954 1620 mendaces
2975 1569 3135 1633 sunt,
3156 1564 3417 1622 dicentes
3439 1583 3452 1620 :
3481 1566 3631 1637 Apo-

2019 1648 2277 1704 crisiarii
2302 1650 2463 1706 missi
2486 1665 2686 1707 sumus
2706 1665 2836 1707 cum
2855 1652 3147 1724 epistolis;
3173 1659 3230 1709 et
3249 1654 3551 1723 epistolam
3573 1654 3626 1711 si

291 1740 547 1796 senioris
574 1741 764 1798 Romae
791 1743 1098 1800 dixerunt:
1127 1744 1194 1798 Hi
1219 1744 1317 1814 qui
1352 1743 1642 1813 petierunt
1666 1743 1910 1799 introire
1940 1729 1992 1791 Β
2019 1736 2418 1809 detulerimuS,
2437 1739 2783 1810 ignoramus.
2808 1741 3160 1810 Theophilus
3180 1742 3398 1798 dudum
3413 1742 3632 1813 episco-

294 1831 353 1885 in
384 1836 647 1886 sanctam
689 1833 988 1903 synodum,
1016 1831 1239 1889 faciunt
1268 1832 1528 1889 libellum
1570 1833 1722 1889 hunc
1743 1846 1910 1903 quem

292 1919 567 1988 exposuit
606 1921 1008 1977 sanctissimus
1048 1936 1190 1991 papa
1232 1920 1542 1992 Adrianus,
1578 1928 1632 1978 et
1675 1921 1916 1991 implent

293 2009 488 2064 omnia
503 2024 634 2080 qua:
650 2011 955 2081 prtecepit?
969 2011 1523 2084 Magniﬁcentissimi
1538 2012 1917 2083 etgloriosis—

292 2098 423 2152 simi
443 2099 1054 2169 principesdixerunt:
1086 2102 1534 2173 InterrOgentur.
1552 2100 1915 2157 Sanctissimi

292 2187 499 2242 vicarii
524 2188 779 2244 senioris
803 2189 993 2245 Roma:
1024 2189 1337 2245 dixerunt:
1384 2192 1737 2261 Interrogate
1760 2189 1921 2245 illos.

290 2276 857 2347 Magniﬁcentissimi
886 2284 943 2333 et
972 2277 1384 2349 gloriosissimi
1421 2278 1712 2347 principes
1740 2278 1916 2334 dixe-—

293 2371 464 2421 runt:
501 2365 577 2420 Ut
618 2365 1071 2422 obsecundantes
1116 2366 1287 2423 verbo
1335 2372 1540 2437 vestro,
1582 2381 1651 2422 ex
1698 2380 1917 2436 praece—

293 2454 491 2524 ptione
521 2460 712 2510 vestra
736 2455 1154 2527 interrogamus
1174 2470 1291 2527 eos,
1315 2469 1427 2512 non
1456 2471 1553 2526 per
1579 2461 1910 2526 potestatem

293 2548 551 2599 nostram
576 2561 592 2613 ;
621 2549 870 2612 potestas
896 2545 1047 2600 enim
1072 2545 1190 2601 hac
1211 2550 1396 2601 vestra
1416 2550 1520 2601 est.
1544 2545 1906 2601 Sanctissimi

289 2632 499 2687 vicarii
524 2632 778 2689 senioris
791 2633 978 2689 Romae
996 2634 1296 2691 dixerunt:
1322 2635 1836 2707 Interrogateillos,
1853 2635 1909 2691 si

291 2721 496 2777 volunt
519 2720 709 2777 facere
731 2722 990 2779 libellum
1013 2724 1113 2794 qui
1136 2724 1352 2780 missus
1381 2729 1468 2779 est
1508 2737 1541 2779 a
1567 2729 1761 2780 sancta
1787 2725 1907 2779 Ro-

291 2823 458 2866 mana
480 2811 759 2867 Ecclesia.
785 2812 1038 2869 Bahanes
1077 2813 1684 2885 magniﬁcentissimus
1715 2812 1907 2883 patri—

290 2898 420 2955 cius
432 2904 491 2955 et
504 2900 1461 2971 prmpositusdixitadjamdictosd
1474 2903 1647 2958 udum
1669 2902 1901 2972 episco—

292 3001 421 3057 pos:
439 2988 799 3044 Desideratis
809 2989 1009 3045 audire
1023 2990 1286 3046 libellum
1298 2990 1325 3044 ‘?
1337 2991 1639 3047 Zacharias
1649 2990 1908 3047 etTheo—

2024 1839 2131 1895 pus
2159 1826 2345 1882 dixit:
2375 1829 2489 1899 Ego
2533 1842 2644 1885 non
2689 1829 2986 1885 scrutabar
3032 1831 3103 1886 de
3150 1830 3383 1898 litteris,
3429 1832 3525 1887 sed
3553 1831 3623 1887 ad

2022 1915 2417 1985 accipiendum
2444 1918 2854 1987 apocrisiarios
2885 1919 3129 1987 perrexi,
3166 1933 3276 1975 non
3306 1920 3375 1975 ad
3402 1920 3630 1990 episto—

2027 2002 2158 2058 lam.
2200 2006 2753 2076 Magniticentissimi
2793 2011 2848 2061 et
2886 2007 3295 2078 gloriosissimi
3338 2008 3631 2078 principes

2029 2091 2301 2148 dixerunt
2323 2094 2671 2163 Theophilo:
2706 2095 2854 2164 Quid
2888 2096 3129 2151 habebat
3166 2096 3428 2167 epistola,
3458 2110 3629 2167 quam

2028 2180 2260 2236 Romam
2289 2183 2559 2251 portastis
2579 2183 2607 2236 ‘?
2625 2185 2693 2238 Et
2711 2183 3085 2253 Theophilus:
3115 2184 3336 2240 Nescio.
3367 2184 3633 2240 Sanctis-

2028 2268 2162 2323 simi
2184 2269 2387 2325 vicarii
2412 2271 2658 2327 senioris
2678 2272 2867 2326 Roma:
2886 2271 3185 2327 dixerunt:
3210 2272 3404 2327 Credit
3426 2276 3622 2328 sancta

2028 2356 2146 2413 haec
2169 2363 2224 2413 et
2256 2358 2598 2415 universalis
2629 2360 2901 2430 synodus,
2934 2360 3071 2430 quia
3098 2361 3348 2416 Romana
3373 2361 3627 2417 Ecclesia

2026 2460 2315 2519 nunquam
2333 2448 2644 2519 aliquando
2656 2448 2909 2518 suscepit
2926 2448 3309 2518 patriarcham
3328 2450 3616 2519 Photium,

2022 2549 2123 2591 nec
2170 2551 2267 2593 eos
2297 2538 2396 2608 qui
2445 2552 2645 2593 manus
2686 2538 3113 2607 impositionem
3154 2537 3364 2593 habent
3392 2537 3464 2593 ab
3497 2537 3625 2594 illo.

2018 2624 2570 2695 Magniﬁcentissimi
2609 2632 2665 2682 et
2703 2626 3110 2699 gloriosissimi
3152 2626 3443 2697 principes
3472 2627 3632 2682 dixe-

2021 2718 2187 2769 runt:
2214 2716 2282 2770 Et
2304 2715 2586 2786 quomodo
2605 2716 2811 2771 dicunt
2831 2716 2967 2785 quia
2978 2716 3227 2785 suscepti
3244 2716 3629 2771 sunt?Dona-

2019 2807 2112 2859 tus
2124 2804 2624 2874 etStephanusDei
2639 2804 2979 2860 amicissimi
3003 2804 3278 2876 episcopi,
3294 2810 3350 2859 et
3372 2804 3633 2861 Marinus

2017 2893 2841 2951 venerabilissimusdiaconus
2853 2894 3203 2949 sanctissimi
3227 2893 3433 2949 vicarii
3448 2893 3636 2949 senio-

2025 2982 2109 3039 ris
2129 2982 2627 3039 Romaedixerunt:
2654 2982 2799 3051 Quia
2814 2982 3456 3039 mentiunturadversus
3477 2995 3636 3037 sanc-

296 3077 1314 3148 philusdudumepiscopidixerunt:
1341 3079 1912 3136 Neclibellumdesi—
1939 3057 1988 3121 C
2023 3079 2139 3130 tam
2170 3073 2476 3129 Romanam
2514 3071 2843 3128 Ecclesiam.
2878 3072 2949 3127 Ut
2995 3076 3183 3128 autem
3233 3070 3631 3127 certiticemini

294 3165 570 3221 deramns
588 3165 813 3237 audire,
839 3180 939 3222 nec
960 3167 1288 3224 volebamus
1328 3168 1438 3224 huc
1476 3168 1702 3224 venire:
1733 3168 1915 3238 jussit

297 3254 615 3324 imperator
636 3260 701 3311 ut
724 3255 1112 3312 inveniremur
1129 3257 1188 3312 in
1212 3257 1445 3327 palatio,
1469 3262 1526 3313 et
1545 3272 1734 3314 coram
1760 3270 1915 3327 prae-

294 3342 454 3398 entia
466 3344 598 3412 ejus
620 3344 828 3413 reperti
843 3358 1043 3401 sumus
1067 3345 1191 3401 illic
1214 3345 1320 3401 hoc
1343 3347 1527 3417 modo,
1548 3360 1659 3403 non
1684 3351 1914 3415 propter

298 3430 588 3487 libellum.
618 3432 869 3488 Bahanes
908 3433 1515 3504 magniﬁcentissimus
1556 3434 1838 3504 patricius
1859 3440 1917 3491 et

304 3520 839 3589 pnepositusdixit:
863 3521 1182 3577 Dixistisin
1198 3522 1436 3592 palatio:
1462 3523 1609 3592 Quia
1622 3523 1920 3580 ostendere

302 3608 584 3665 habemus
604 3623 703 3678 per
722 3610 934 3680 omnia,
959 3610 1096 3681 quia
1119 3617 1183 3667 ut
1204 3612 1526 3668 sacerdotes
1547 3611 1915 3668 sanctissimo

305 3698 715 3766 papaeNicolao
726 3698 1350 3756 comministravimus?
1370 3700 1670 3756 Zacharias
1682 3701 1922 3756 etTheo—

302 3786 510 3856 philus
530 3786 816 3858 quondam
837 3787 1403 3858 episcopidixerunt:
1422 3789 1704 3859 Diximus,
1729 3793 1784 3844 et
1806 3789 1924 3844 ite-

304 3889 438 3930 rum
458 3875 732 3945 dicimus,
750 3876 888 3949 quia
902 3881 965 3933 ut
991 3878 1200 3933 summi
1216 3878 1538 3934 sacerdotes
1549 3878 1800 3948 suscepti
1815 3892 1927 3933 su-

304 3978 489 4020 musa
517 3977 660 4034 papa
698 3965 932 4022 Nicolao
967 3970 1023 4022 et
1043 3967 1628 4024 comministravimus
1653 3968 1727 4038 ei,
1752 3973 1807 4023 et
1827 3982 1930 4024 re-

303 4053 459 4123 cepti
482 4067 687 4109 sumus
706 4054 777 4110 ab
801 4054 920 4110 illo.
945 4056 1306 4112 Sanctissimi
1328 4056 1531 4113 vicarii
1552 4058 1800 4114 senioris
1822 4058 1928 4114 Ro-

308 4156 417 4197 mae
435 4142 750 4198 dixerunt:
775 4142 943 4216 Absit
967 4162 979 4197 :
1006 4145 1304 4201 mendaces
1325 4151 1477 4216 sunt,
1504 4150 1561 4201 et
1587 4160 1696 4201 non
1719 4144 1922 4201 dicunt

308 4231 631 4286 veritatem.
657 4214 957 4288 Zacharias
975 4238 1032 4288 et
1051 4232 1402 4303 Theophilus
1425 4214 1644 4289 dudum
1666 4234 1922 4304 episcopi

310 4320 625 4375 dixerunt:
660 4320 729 4374 Et
766 4319 816 4375 si
860 4321 1153 4376 mendaces
1200 4335 1402 4377 sumus
1446 4335 1514 4377 ne
1555 4322 1922 4395 interrogetis

314 4421 439 4463 nos.
462 4407 726 4463 Marinus
742 4408 856 4464 Deo
880 4409 1269 4465 amicissimus
1291 4409 1571 4466 diaconus
1591 4418 1645 4466 et
1667 4411 1921 4469 vicarius

312 4496 608 4552 Romanus
643 4496 829 4551 dixit:
877 4499 947 4553 Et
986 4498 1123 4567 quid
1165 4498 1327 4554 vobis
1365 4498 1611 4571 videtur,
1656 4501 1918 4571 nunquid

314 4585 508 4640 omnis
529 4585 631 4656 qui
662 4585 1067 4658 interrogatur,
1102 4591 1165 4643 ut
1190 4586 1440 4657 profecto
1477 4602 1645 4644 verax
1670 4590 1927 4646 interro-

209 4743 221 4753 .
314 4675 536 4745 gatur?
580 4674 934 4744 Theophilus
974 4675 1191 4732 dudum
1240 4676 1549 4747 episcopus
1585 4678 1651 4734 ad
1705 4692 1921 4734 sacram

318 4762 605 4833 synodum
627 4762 730 4833 ait,
752 4763 1057 4820 ostendens
1078 4764 1360 4820 Marinum
1384 4766 1921 4822 reverendissimum

312 4851 629 4907 diaconum
650 4852 932 4909 vicarium
958 4853 1204 4909 senioris
1224 4854 1447 4910 Romae:
1486 4856 1673 4925 Ipsum
1697 4856 1796 4926 qui
1830 4856 1926 4913 lo-

314 4940 525 5010 quitur
546 4940 691 4995 mihi
717 4940 1062 5013 interrogate
1085 4959 1099 5012 ;
1125 4942 1310 4998 Romae
1325 4946 1465 5012 erat,
1488 4958 1617 4999 cum
1642 4944 1759 5001 haec
1784 4959 1924 5018 age—

315 5033 745 5099 rentur,annon
760 5029 789 5083 ‘?
811 5030 1067 5087 Marinus
1089 5031 1845 5091 honorabilissimusdiacon
1856 5051 1923 5092 us

313 5123 370 5172 et
396 5117 654 5173 vicarius
680 5118 929 5174 senioris
958 5118 1145 5175 Romae
1167 5120 1354 5175 dixit:
1390 5122 1505 5192 Ego
1536 5122 1923 5181 subdiaconus

314 5206 585 5263 Romana:
608 5207 869 5264 Ecclesia:
890 5222 1042 5287 eram
1075 5209 1133 5264 in
1152 5209 1359 5266 diebus
1386 5210 1527 5278 illis,
1560 5218 1924 5270 consecratus

313 5310 347 5351 a
394 5298 576 5352 Leone
607 5297 972 5353 sanctissimo
1022 5311 1167 5368 papa
1194 5300 1462 5370 Romano,
1495 5304 1553 5355 et
1583 5300 1642 5355 in
1673 5301 1924 5357 Ecclesia

316 5384 572 5440 Romana
606 5385 1003 5442 ministrabam
1028 5400 1061 5441 a
1084 5386 1423 5443 duodecimo
1462 5402 1611 5445 anno
1650 5392 1925 5461 temporis

317 5474 650 5530 nativitatis
689 5488 860 5545 meae;
892 5474 1207 5547 et‘quando
1256 5476 1355 5532 isti
1386 5484 1664 5535 venerunt
1692 5480 1922 5536 Romam

318 5576 452 5621 cum
479 5563 744 5636 Arsabir,
775 5577 879 5637 ego
901 5564 1304 5623 ministrabam
1327 5566 1388 5624 in
1408 5566 1649 5625 ecclesia
1673 5569 1925 5628 Romana

2025 3160 2745 3232 quiaveritatemdicimus,
2765 3159 3295 3231 leganturepistolaa
3308 3158 3629 3215 beatissimi

2025 3263 2182 3319 papa:
2202 3249 2422 3304 Nicolai
2437 3255 2550 3304 tam
2573 3263 2699 3319 qua:
2710 3248 2778 3303 ad
2803 3248 3133 3304 Michaelem
3159 3247 3557 3317 imperatorem
3574 3250 3630 3302 et

2024 3337 2091 3393 ad
2128 3338 2315 3407 ipsum
2339 3337 2628 3407 Photium,
2659 3350 2829 3408 quam
2851 3350 2977 3407 qua:
2996 3337 3224 3392 diverso
3247 3341 3505 3406 tempore
3534 3350 3635 3406 per

2026 3426 2334 3481 nonnullos
2346 3425 2754 3495 apocrisiarios
2769 3425 2879 3479 huc
2894 3424 3081 3479 missa:
3094 3429 3245 3479 sunt.
3263 3425 3332 3478 Et
3344 3424 3635 3492 accipiens

2027 3515 2349 3584 Stephanus
2377 3515 2490 3568 Deo
2511 3512 2901 3567 amicissimus
2929 3511 3210 3566 diaconus
3242 3517 3452 3566 sanctae
3479 3512 3638 3567 Con—

2030 3603 2672 3674 stantinopolitanorum
2702 3598 2969 3656 Ecclesia:
2996 3612 3062 3654 ac
3084 3598 3326 3656 devotus
3370 3599 3636 3655 notarius

2032 3693 2173 3766 legit
2194 3710 2206 3746 :

2040 3866 2067 3898 α
2080 3845 2338 3902 Nicolaus
2360 3845 2658 3913 cpiscopus,
2672 3856 2858 3897 scmus
2877 3855 3152 3913 servorum
3161 3840 3279 3902 Dei,
3313 3840 3504 3895 dilecto
3523 3839 3635 3910 ﬁlio

2242 3911 2498 3972 Miciiaeli
2515 3911 2746 3982 glorioso
2768 3913 3081 3983 imperatori
3100 3911 3420 3967 Graecorum.

2108 4081 2133 4113 «
2156 4059 2547 4129 Principatum
2576 4056 2787 4112 divinae
2820 4054 3182 4125 potestatis...
3210 4071 3237 4103 ››
3264 4054 3491 4124 Reliqua
3515 4054 3638 4109 vide

2032 4151 2177 4204 inter
2205 4149 2429 4220 epitolas
2458 4147 2673 4203 Nicolai
2690 4161 2868 4215 papae,
2891 4144 3212 4212 Putrologia:
3237 4147 3375 4197 tome
3400 4142 3631 4198 CXXVI.

2104 4276 2173 4330 Et
2200 4278 2325 4343 post
2352 4272 2650 4328 lectionem
2678 4267 3234 4341 magniﬁcentissimi
3261 4271 3318 4323 et
3346 4266 3641 4339 gloriosis-

1946 4379 2001 4441 D
2033 4363 2166 4420 simi
2196 4361 2485 4433 principes
2510 4359 2817 4415 dixerunt:
2846 4359 2928 4413 Ex
2973 4357 3067 4412 his
3091 4370 3217 4427 qua:
3245 4369 3395 4411 nunc
3420 4354 3643 4411 audivi-

2033 4467 2160 4509 mus
2185 4449 2465 4507 satisfacti
2495 4462 2717 4516 sumus,
2750 4446 2886 4518 quia
2913 4446 3208 4502 veritatem
3230 4444 3487 4500 dixistis.
3511 4442 3641 4513 Epi-

2032 4541 2176 4598 stola
2201 4540 2353 4596 enim
2400 4538 2626 4609 repellit
2671 4537 2821 4606 illos,
2867 4540 2923 4591 et
2968 4533 3223 4590 innotuit
3268 4532 3454 4603 nobis,
3502 4532 3641 4603 quia

2031 4629 2299 4687 Photium
2324 4633 2381 4683 et
2405 4642 2607 4684 manus
2634 4624 3058 4695 impositionem
3085 4624 3209 4693 ejus
3235 4620 3640 4678 sanctissimus

2034 4732 2176 4792 papa
2217 4717 2488 4774 Nicolaus
2533 4728 2643 4771 non
2689 4713 2936 4782 recepit:
2986 4711 3081 4768 sed
3133 4711 3356 4783 legatur
3380 4715 3437 4766 et
3460 4709 3643 4765 altera

2032 4807 2295 4880 epistola,
2325 4821 2451 4877 quae
2493 4804 2560 4860 ad
2608 4802 2943 4859 Michaelem
2995 4801 3395 4870 imperatorem
3438 4813 3471 4855 a
3517 4812 3643 4855 san-

2032 4898 2293 4955 ctissimo
2338 4907 2479 4965 papa
2523 4892 2756 4948 Nicolao
2808 4891 2982 4947 missa
3030 4895 3118 4947 est
3186 4902 3285 4960 per
3327 4890 3566 4945 Leonem
3610 4902 3642 4943 a

2033 4986 2284 5046 secretis.
2333 4986 2402 5039 Et
2444 4980 2734 5052 accipiens
2781 4980 2931 5036 idem
2975 4979 3297 5049 Stephanus
3355 4977 3638 5034 diaconus

2032 5069 3011 5141 sancthonstantinopolitanorum
3023 5067 3290 5125 Ecclesiae
3300 5081 3366 5124 ac
3379 5066 3644 5123 notarius

2033 5168 2190 5239 legit.

2036 5322 2062 5354 α
2093 5300 2350 5357 Nicolaus
2398 5299 2666 5369 epicopus,
2694 5308 2881 5369 seruus
2925 5306 3203 5369 seruorum
3227 5291 3345 5352 Dei,
3390 5290 3641 5369 piissimo

2103 5378 2153 5427 et
2181 5363 2499 5440 glorioso-ac
2529 5363 2718 5423 dilecto
2764 5366 2876 5438 ﬁlio
2916 5364 3171 5420 Michaeli
3192 5377 3388 5430 magno
3417 5363 3648 5431 impera-

2106 5446 2228 5501 tori.

2108 5592 2135 5624 α
2161 5565 2525 5630 Serenissimi
2557 5563 2788 5637 imperii
2831 5561 3007 5621 vestri
3052 5558 3304 5632 gloria...
3340 5575 3369 5606 n
3412 5554 3643 5624 Reliqua
