4052 6168
450 267 512 326 71
690 345 700 356 ο
1581 254 1938 321 ΑΝΑΞΤᾹΞΠ
2010 262 2550 331 BIBLIOTHECARII
3681 268 3756 326 72

449 395 574 452 uide
601 397 744 450 inter
773 392 1025 463 epistolas
1077 390 1292 452 Nicolai
1329 404 1508 460 papa,
1559 391 1866 456 Patrol-igia
1910 393 2046 442 tomo
2071 388 2130 448 A
2156 389 2328 445 bilem
2374 391 2764 448 demonstrare
2809 393 3050 450 Photius
3091 393 3257 462 valet,
3303 393 3451 464 quod
3494 399 3756 464 receptus

451 484 774 642 σχίῇιᾞίιιιθ
831 569 1018 626 adhuc
1081 567 1323 638 epistola
1387 567 1686 638 legeretur,
1751 566 2047 636 respondit

447 660 798 730 Theophilus
815 659 1032 714 dudum
1045 657 1366 726 episcopus,
1380 662 1435 710 et
1453 656 1629 711 dixit:
1658 655 1717 710 Si
1741 656 2046 711 damnatur

449 751 712 818 Photius,
739 749 1080 804 damnentur
1103 751 1160 802 et
1187 747 1611 802 introducentes
1635 751 1691 800 et
1715 758 2045 800 consecran-

449 845 534 896 tes
557 853 707 895 eum.
721 839 924 894 Sancta
934 841 991 892 et
1011 835 1356 892 universalis
1367 835 1617 906 synodus
1631 834 1860 890 dixitad
1877 849 2006 890 eum
2023 852 2035 888 :

445 929 594 1000 Ergo
617 932 672 982 et
697 932 759 982 tu
784 927 1088 982 damnatus
1111 937 1190 995 es,
1221 927 1487 994 tanquam
1515 923 1615 993 qui
1642 923 1963 992 susceperis
1987 926 2043 978 et

446 1014 956 1073 communicaveris
979 1013 1052 1070 ei.
1089 1013 1440 1083 Theophilus
1480 1011 1696 1068 dudum
1739 1013 2043 1082 episcopus

445 1106 632 1162 dixit:
669 1107 816 1177 Ergo
859 1118 970 1160 non
999 1103 1258 1170 damnor,
1303 1115 1368 1157 eo
1413 1101 1560 1171 quod
1607 1114 1718 1156 non
1759 1101 2041 1158 adfuerim

447 1195 674 1266 quando
717 1197 1081 1249 consecratus
1104 1196 1208 1262 est,
1255 1189 1350 1246 sed
1399 1189 1588 1245 inveni
1631 1203 1759 1245 eum
1807 1191 2044 1260 patriar-

443 1285 607 1340 cham
633 1288 689 1338 et
715 1283 793 1338 ita
838 1281 1022 1350 recepi
1065 1294 1214 1336 eum.
1261 1281 1394 1335 Post
1433 1278 1864 1348 complctionem
1909 1293 2040 1335 vero

443 1371 836 1444 epistolarum,
869 1383 1108 1440 surgens
1151 1367 1480 1424 Theodorus
1511 1369 1624 1423 Deo
1648 1367 2039 1424 amicissimus

435 1459 796 1531 metropolita
824 1459 1003 1514 Caria
1026 1457 1216 1513 dixit:
1249 1457 1438 1527 Usque
1479 1455 1539 1511 in
1584 1462 1915 1526 prasentem
1943 1457 2040 1513 ho-

435 1564 554 1606 ram
579 1563 681 1622 ego
707 1547 949 1605 humilis
991 1547 1394 1603 certitudinem
1429 1545 1699 1601 habebam
1744 1545 1804 1600 in
1849 1551 2034 1600 mente

433 1652 574 1710 mea,
616 1641 672 1693 et
699 1637 824 1692 ideo
855 1634 1180 1706 rejiciebam
1211 1634 1605 1690 beatissimum
1631 1647 1829 1704 papam
1867 1635 2032 1689 Nico-

433 1727 608 1794 laum,
653 1730 710 1782 et
750 1724 1026 1781 causabar
1067 1738 1217 1794 eum,
1263 1723 1401 1794 quia
1428 1723 1663 1778 credens
1694 1721 2028 1778 hominibus

434 1815 585 1884 istis,
613 1813 876 1884 putabam
917 1813 1065 1884 quod
1113 1813 1275 1882 prius
1318 1811 1595 1882 receperit
1652 1811 1940 1882 Photium,
1972 1815 2029 1866 et

434 1903 742 1960 novissime
789 1905 942 1959 hunc
987 1902 1314 1958 interimere
1361 1899 1678 1957 tentaverit:
1726 1900 1929 1956 Sancta
1971 1904 2028 1954 et

432 1992 780 2048 universalis
815 1991 1067 2062 synodus
1107 1989 1258 2045 dixit
1294 1991 1362 2046 ad
1405 1989 1782 2058 TheOphilum
1807 1989 2025 2044 dudum

431 2081 802 2150 episcopum:
849 2081 943 2134 Ha
982 2079 1186 2134 littera
1221 2079 1354 2134 inde
1393 2082 1688 2146 venerunt,
1745 2091 1814 2132 an
1867 2077 2028 2134 non?

430 2169 782 2238 Theophilus
819 2168 1036 2224 dudum
1080 2168 1383 2236 episcopus
1421 2167 1606 2222 dixit:
1674 2168 1788 2238 Ego
1837 2167 2027 2222 nescio

432 2263 624 2314 utrum
653 2259 737 2313 ha
763 2257 900 2328 sint,
927 2270 999 2312 an
1043 2255 1190 2312 alia.
1236 2256 1564 2312 Theodorus
1603 2257 1716 2311 Deo
1759 2255 2028 2311 amabilis

431 2346 794 2414 metropolita
811 2344 1181 2400 Cariadixit:
1210 2344 1366 2399 Unde
1389 2344 1561 2399 habes
1576 2343 1871 2399 ostendere
1889 2343 2026 2413 quia

429 2433 901 2490 comministrasti
932 2447 1085 2503 papa
1104 2433 1337 2489 Nicolao
1357 2432 1386 2486 εἰ
1426 2437 1484 2488 et
1505 2433 1891 2502 Theophilus:
1922 2433 2028 2488 Det

429 2522 573 2577 mihi
599 2522 831 2578 verbum
873 2522 1180 2591 imperator
1224 2522 1281 2577 in
1309 2521 1562 2592 scriptis,
1593 2521 1728 2577 huic
1773 2521 1907 2577 hinc
1935 2521 2028 2576 de-

427 2616 680 2666 monstro
705 2608 786 2680 (in
811 2614 1117 2680 conspectu
1141 2610 1240 2665 Dei
1266 2609 1414 2681 dico)
1438 2609 1572 2680 quia
1606 2610 2021 2666 communicavi

423 2699 477 2756 ei
503 2704 558 2755 et
585 2699 1078 2770 comministravi;
1122 2699 1332 2754 etenim
1377 2699 1582 2756 iterum
1615 2699 1766 2772 dico,
1799 2703 1853 2755 et
1877 2713 2027 2756 com-

424 2789 882 2845 ministravimus
905 2788 979 2858 ei,
1025 2792 1082 2844 et
1121 2788 1668 2844 communicavimus
1686 2789 1758 2844 ei.
1803 2790 1870 2844 Et
1897 2793 2024 2858 post

425 2878 543 2933 hac
588 2882 782 2934 sancta
835 2877 1084 2948 synodus
1132 2877 1353 2932 hortata
1383 2882 1469 2933 est
1517 2877 1861 2946 Stephanum
1906 2879 2020 2934 Deo

421 2966 723 3022 amabilem
761 2965 1065 3026 diaconum
1110 2970 1318 3022 sancta
1367 2966 2023 3036 Constantinopolitano—

424 3069 548 3110 rum
575 3054 840 3110 Ecclesia
859 3059 914 3111 et
931 3055 1196 3110 devotum
1220 3054 1528 3126 notarium,
1557 3059 1622 3110 ut
1645 3055 1852 3126 legeret
1875 3055 2023 3126 epis—

422 3143 595 3199 tolam
623 3158 748 3214 qua
774 3157 872 3214 per
893 3145 1127 3199 Leonem
1148 3157 1181 3198 a
1206 3145 1442 3200 secretis
1468 3145 1642 3200 missa
1667 3150 1754 3200 est
1777 3145 1846 3199 ad
1878 3145 2022 3201 Pho-

420 3231 588 3304 tium,
620 3237 678 3288 et
699 3233 970 3289 accedens
991 3233 1146 3305 legit.

424 3403 449 3436 α
475 3385 733 3441 Nicolaus
758 3385 1034 3456 epismpus
1055 3401 1240 3440 servus
1278 3401 1552 3441 servorum
1575 3387 1674 3440 Dei
1687 3386 2022 3457 prudentis-—

913 3459 1045 3511 simo
1074 3459 1189 3510 viro
1217 3457 1424 3511 Photio.

491 3618 518 3650 α
540 3599 843 3670 Postquam
864 3599 1026 3655 beato
1046 3599 1208 3656 Petro
1231 3599 1481 3668 principi
1502 3599 1952 3668 apostolorum...
1982 3617 2012 3651 ››

411 3687 640 3756 Reliqua
667 3688 790 3742 vide
819 3687 912 3740 ubi
940 3703 1125 3756 supra.

483 3776 738 3844 Cumque
761 3775 949 3830 adhuc
967 3774 1208 3844 epistola
1237 3774 1534 3846 legeretur,
1559 3779 1613 3830 et
1630 3775 1701 3832 de
1723 3775 2009 3832 Ambrosii

413 3867 470 3918 et
491 3862 741 3918 Nectarii
792 3863 1114 3932 receptione
1157 3863 1302 3918 ratio
1333 3864 1683 3935 redderetur,
1718 3866 2012 3935 respondit

413 3949 764 4018 Theophilus
787 3950 1004 4006 dudum
1026 3951 1357 4021 episcopus:
1383 3954 1496 4023 Ego
1523 3953 1638 4008 hac
1662 3958 1718 4009 et
1737 3967 1768 4008 a
1800 3955 2012 4010 Roma-

415 4037 508 4094 nis
531 4037 749 4109 audivi,
774 4039 960 4094 Roma
980 4044 1228 4096 attamen
1252 4040 1548 4096 dominum
1575 4041 1838 4098 Photium
1867 4055 2015 4098 rece-

414 4131 642 4197 perunt,
667 4126 996 4183 Theodorus
1019 4129 1132 4185 Deo
1156 4129 1425 4185 amabilis
1446 4130 1808 4200 metropolita
1831 4129 2010 4186 Caria

2155 479 2465 550 aliquando
2499 480 2674 537 fuerit
2701 497 2732 537 a
2766 482 3012 538 Romana
3039 483 3188 550 sede,
3235 483 3331 538 sed
3359 495 3580 552 semper
3606 484 3756 538 inter

2155 568 2334 625 laicos
2357 583 2484 626 eum
2529 571 2911 643 computabat,
2939 577 2996 626 et
3044 571 3322 627 machum
3349 577 3406 626 et
3436 571 3752 627 iuvasorem

2157 659 2310 715 hunc
2329 659 2686 729 appellabat:
2719 665 2774 714 et
2806 659 3077 729 quoniam
3124 673 3234 715 non
3265 660 3489 714 audivit
3517 660 3752 716 verbum

2152 749 2454 818 apostolici
2487 750 2751 805 Romana
2776 749 3042 805 Ecclesia
3068 749 3352 819 prasulis,
3384 749 3674 820 obligatus
3697 755 3754 804 et

2152 839 2417 908 repulsus
2435 852 2502 894 ac
2521 838 2858 908 reprobatus
2876 843 2982 908 est,
3007 839 3179 894 sicuti
3202 838 3530 894 continetur
3551 839 3610 893 in
3635 838 3754 908 epi-

2151 927 2318 983 stolis
2344 941 2486 998 quas
2509 929 2776 984 audistis.
2807 928 3358 999 Magniﬁcentissimi
3383 934 3440 984 et
3463 927 3764 999 gloriosis-

2151 1016 2284 1072 simi
2313 1017 2604 1087 principes
2623 1018 2690 1073 ad
2713 1017 2969 1074 Orientis
2993 1016 3240 1072 vicarius
3258 1017 3553 1073 dixerunt:
3583 1017 3763 1072 Habe-

2151 1120 2280 1162 mus
2306 1120 2410 1162 nos
2431 1106 2578 1176 quod
2601 1107 2863 1162 dicamus
2881 1106 3054 1162 etiam
3075 1105 3144 1160 ad
3169 1119 3268 1162 vos
3289 1123 3302 1159 :
3331 1105 3753 1178 interrogamus

2150 1196 2321 1251 etiam
2343 1196 2703 1252 sanctitatem
2729 1200 2971 1252 vestram
2995 1213 3007 1248 :
3036 1195 3244 1266 Utique
3263 1193 3514 1251 audistis
3533 1200 3755 1250 senten-

2151 1285 2290 1340 tiam
2334 1285 2715 1342 Romanorum
2763 1285 3050 1353 Ecclesia,
3102 1284 3387 1355 quomodo
3428 1283 3598 1339 habet
3641 1282 3757 1338 An-

2149 1374 2558 1430 tiochiensium
2579 1374 2830 1429 Ecclesia
2859 1375 2928 1430 de
2960 1371 3231 1443 pradicto
3261 1373 3464 1429 Photio
3489 1372 3518 1426 ?
3546 1386 3753 1428 susce-

2149 1462 2320 1533 pistis
2338 1463 2508 1519 eum?
2528 1463 2774 1519 misistis
2793 1463 2862 1518 ad
2885 1477 3012 1519 eum
3037 1463 3260 1518 litteras
3281 1460 3664 1532 receptionis?
3682 1462 3753 1516 Et

2143 1553 2491 1622 respondens
2515 1553 2758 1609 Thomas
2777 1553 2890 1608 Deo
2910 1551 3179 1607 amabilis
3201 1550 3560 1620 metropolita
3587 1549 3745 1620 Tyri,

2139 1647 2195 1696 et
2213 1641 2398 1698 locum
2421 1641 2674 1698 retinens
2693 1641 2848 1698 sedis
2865 1641 3184 1697 Antiochia
3200 1640 3354 1696 dixit
3375 1657 3388 1694 :
3417 1642 3541 1696 Non
3561 1651 3753 1694 susce-

2056 1706 2110 1768 Β
2143 1729 2334 1799 pimus
2345 1729 2657 1801 aliquando
2670 1730 2936 1787 Photium
2953 1730 3011 1785 in
3023 1729 3521 1786 Antiochiensium
3543 1726 3748 1783 Eccle—

2139 1818 2246 1882 sia,
2275 1833 2458 1890 neque
2489 1819 2754 1876 misimus
2783 1820 2834 1875 ei
2863 1820 3112 1875 litteram
3155 1817 3520 1888 receptionis,
3563 1828 3746 1886 neque

2136 1907 2208 1963 ab
2236 1907 2338 1964 illo
2359 1909 2698 1977 recepimus.
2729 1909 2919 1964 Helias
2944 1909 3349 1964 sanctissimus
3374 1905 3662 1978 syncellus
3687 1909 3745 1959 et

2139 1997 2324 2054 locum
2358 1998 2610 2053 retinens
2648 1997 2951 2053 Theodosii
2998 1997 3348 2054 sanctissimi
3401 1994 3741 2066 patriarcha

2135 2087 2653 2158 Hierosolymorum
2675 2087 2862 2142 dixit:
2887 2087 2944 2142 Si
2969 2087 3200 2157 quidem
3221 2085 3492 2142 credulus
3511 2088 3598 2140 est
3621 2089 3738 2138 tam

2135 2175 2286 2246 apud
2331 2176 2620 2246 Photium,
2667 2190 2835 2246 quam
2874 2176 3026 2245 apud
3071 2175 3586 2232 communicatores
3613 2172 3740 2240 ejus

2138 2265 2440 2336 piissimus
2461 2270 2518 2322 et
2535 2278 2566 2320 a
2587 2267 2700 2322 Deo
2721 2271 3028 2321 coronatus
3049 2269 3240 2319 noster
3262 2263 3589 2332 imperator,
3616 2261 3738 2330 ipse

2136 2355 2479 2411 certillcabit
2527 2369 2626 2424 per
2675 2354 2938 2424 proprios
2968 2358 3024 2408 et
3052 2351 3481 2423 apocrisiarius,
3531 2349 3736 2405 Isaiam

2137 2445 2361 2501 scilicet
2388 2450 2444 2501 et
2487 2443 2862 2514 Spyridonem
2909 2443 3146 2514 Cyprios
3182 2455 3311 2498 cum
3345 2440 3558 2496 litteris
3587 2438 3730 2508 suis,

2135 2549 2277 2605 quas
2305 2534 2372 2590 ad
2409 2533 2789 2602 patriarcham
2813 2537 3068 2588 nostrum
3093 2530 3273 2598 misit,
3297 2530 3434 2601 quia
3462 2529 3532 2584 de
3563 2539 3734 2582 manu

2131 2623 2436 2680 Theodosii
2468 2621 2820 2678 sanctissimi
2846 2621 3184 2690 patriarcha
3213 2617 3732 2688 Hierosolymorum

2135 2712 2376 2768 extorsit
2399 2725 2504 2781 me,
2527 2725 2658 2766 cum
2680 2724 2859 2766 essem
2898 2708 3186 2780 syncellus
3205 2707 3508 2778 apostolici
3533 2703 3732 2761 throni
3823 2771 3833 2775 _

2131 2799 2517 2857 sanctilacobi
2539 2799 3078 2870 Hierosolymorum.
3102 2798 3241 2853 Dico
3263 2797 3464 2868 igitur,
3486 2809 3552 2850 ac
3571 2794 3622 2850 si
3645 2807 3738 2850 co-

2130 2903 2246 2946 ram
2278 2891 2392 2945 Deo
2437 2892 2494 2944 et
2521 2888 2720 2944 electis
2765 2887 2986 2959 angelis
3013 2888 3158 2957 ejus,
3186 2885 3323 2956 quia
3372 2895 3730 2954 nequaquam

2127 2979 2446 3048 recepimus
2457 2977 2724 3033 Photium
2749 2977 2806 3033 in
2828 2977 3181 3047 episcopatu,
3205 2987 3388 3044 neque
3409 2973 3632 3028 litteras
3655 2971 3728 3027 ad

2123 3081 2189 3124 eo
2210 3067 2588 3136 suscepimus,
2606 3080 2786 3136 neque
2806 3067 2874 3122 ad
2898 3079 3026 3121 eum
3051 3063 3496 3120 transmisimus.
3513 3058 3572 3116 Si
3595 3071 3726 3112 vero

2125 3156 2458 3212 incredulus
2477 3161 2566 3212 est
2584 3155 2732 3225 apud
2747 3169 2844 3212 eos
2855 3155 2955 3210 Dei
2968 3155 3157 3210 cultor
3181 3153 3487 3222 imperator
3507 3152 3719 3219 noster,

2124 3246 2272 3316 quod
2305 3245 2490 3300 visum
2536 3243 2712 3300 fuerit
2744 3243 3006 3312 piissimo
3034 3248 3091 3297 et
3123 3241 3451 3312 justissimo
3484 3236 3724 3307 imperio

2123 3335 2268 3404 ejus,
2303 3335 2360 3389 in
2391 3347 2489 3390 eos
2509 3331 2698 3389 faciat.
2724 3334 2838 3388 Nos
2857 3332 3030 3400 enim,
3055 3331 3204 3402 quod
3231 3329 3494 3386 novimus
3512 3325 3730 3382 certis-

2124 3423 2288 3494 sime,
2323 3423 2428 3478 hoc
2456 3427 2513 3478 et
2543 3427 2836 3477 testamur.
2872 3419 3266 3489 Metmphanes
3295 3420 3408 3473 Deo
3454 3415 3723 3472 amabilis

2125 3510 2485 3580 metropolita
2525 3511 2774 3580 Smyrna
2821 3508 3007 3564 dixit:
3056 3507 3320 3562 Divinam
3367 3505 3721 3575 Scripturam

2122 3599 2338 3654 scimus
2369 3597 2594 3668 liquido
2621 3598 2938 3653 dicentem:
2977 3595 3170 3651 Omnia
3204 3597 3496 3662 mnifesta
3526 3595 3594 3646 iis
3625 3593 3724 3661 qui

2119 3688 2452 3754 intelligunt,
2479 3691 2530 3740 et
2545 3691 2690 3740 recta
2715 3688 2785 3740 iis
2809 3687 2907 3754 qui
2928 3687 3214 3738 inveniunt
3236 3685 3515 3738 scientiam
3543 3680 3718 3752 (Prov.

2118 3777 2260 3849 vui).
2291 3778 2355 3832 Et
2375 3791 2478 3831 nos
2499 3776 2694 3847 itaque
2717 3775 3101 3846 intelligentes
3119 3778 3176 3829 et
3195 3773 3494 3828 scientiam
3517 3771 3723 3826 haben-

2119 3869 2204 3922 tes
2247 3865 2575 3922 divinarum
2605 3870 2661 3920 et
2708 3865 3085 3920 humanarum
3134 3875 3322 3918 rerum
3374 3875 3472 3931 per
3499 3859 3718 3916 Christi

2119 3955 2381 4026 gratiam,
2407 3953 2798 4010 intelleximus
2819 3957 2876 4008 et
2895 3951 3265 4025 cognovimus
3285 3965 3353 4006 ex
3376 3950 3452 4005 iis
3471 3963 3598 4020 qua
3621 3947 3717 4004 ho-

2116 4044 2211 4099 die
2240 4050 2396 4114 gesta
2425 4047 2578 4114 sunt,
2605 4039 2745 4113 quia.
2773 4055 3064 4112 nunquam
3091 4040 3402 4111 aliquando
3423 4038 3715 4094 admissus

2116 4137 2204 4188 est
2230 4131 2470 4188 Photius
2503 4131 2561 4186 in
2591 4136 2787 4186 sancta
2823 4130 3071 4186 Romana
3103 4128 3374 4197 Ecclesia,
3408 4133 3472 4184 ut
3499 4127 3716 4197 episco-

2118 4235 2244 4290 pus,
2271 4234 2450 4291 neque
2473 4219 2530 4274 in
2557 4219 2694 4275 aliis
2716 4216 3198 4289 patriarchalibus
3228 4215 3474 4286 thronis,
3504 4216 3600 4272 sed
3623 4216 3720 4271 ab-

411 4213 595 4270 dixit:
620 4214 912 4283 Quomodo
927 4216 1080 4272 dicis
1096 4218 1230 4288 quia
1253 4224 1514 4288 receptus
1528 4224 1613 4274 est
1633 4233 1664 4274 a
1689 4233 1849 4290 papa,
1879 4233 2006 4274 cum

411 4303 626 4358 scribat
649 4317 777 4360 eum
805 4305 1084 4362 machum
1107 4306 1136 4360 ?
1159 4307 1228 4362 Et
1255 4307 1638 4378 Theophilus:
1677 4310 1745 4364 Et
1771 4315 1831 4364 tu
1859 4322 2008 4380 quo—
2033 4297 2090 4362 D
2113 4311 2300 4380 jectus
2319 4314 2458 4376 erat,
2482 4313 2537 4365 et
2558 4308 2912 4380 reprobatus,
2935 4313 3106 4377 atque
3124 4305 3428 4376 damnatus
3447 4304 3518 4360 ab
3541 4305 3714 4360 initio

411 4393 576 4448 modo
595 4392 760 4449 illum
787 4394 1050 4464 recepisti
1075 4395 1103 4450 εἲ
1137 4396 1466 4453 Theodorus
1487 4398 1599 4453 Deo
1620 4397 1878 4454 amibilis
1902 4413 2009 4454 me-
2117 4400 2366 4470 usquein
2384 4399 2569 4454 tinem.
2596 4397 2824 4454 Etdixit
2843 4398 2911 4453 ad
2937 4395 3190 4466 reliquos
3209 4395 3536 4465 episcopos:
3561 4392 3710 4464 Quid

408 4482 680 4551 tropolita
725 4483 912 4554 Capia
951 4483 1138 4540 dixit:
1187 4485 1375 4556 Usque
1395 4487 1463 4540 ad
1501 4485 1826 4542 hesternum
1852 4487 2004 4544 diem
2115 4502 2248 4560 ergo
2267 4487 2486 4557 dicitis,
2512 4486 2736 4557 fratres,
2759 4491 2814 4542 et
2843 4500 2942 4542 vos
2959 4483 3332 4540 ‘?Theodorus
3349 4482 3711 4552 metropolita

407 4573 591 4626 tecum
619 4571 905 4642 sapiebam
935 4591 951 4643 ;
977 4573 1074 4628 sed
1103 4573 1372 4643 quoniam
1399 4575 1800 4631 sanctissimus
1827 4577 2006 4632 Nico—
2111 4577 2290 4634 Caria
2309 4577 2495 4633 dixit:
2519 4576 2748 4633 Gratias
2767 4589 2872 4646 ago
2891 4576 3024 4635 Deo.
3048 4573 3182 4644 quia
3205 4585 3304 4642 per
3324 4585 3542 4628 sacram
3567 4572 3711 4627 hanc

407 4657 536 4714 laus
559 4658 629 4714 fid
640 4659 812 4716 uciali
837 4672 970 4716 voce
991 4660 1333 4732 promulgat,
1358 4662 1492 4732 quia
1518 4676 1697 4734 neque
1721 4665 2000 4736 Ignatium
2109 4665 2552 4722 etuniversalem
2575 4665 2890 4735 syndodum
2912 4663 3140 4718 solutus
3159 4675 3284 4718 sum
3305 4660 3716 4734 acogitationi-

406 4746 726 4816 rejecimus,
752 4761 934 4818 neque
953 4748 1218 4804 Photium
1257 4750 1593 4820 recepimus,
1638 4751 1763 4808 ideo
1784 4754 1998 4810 adhasi

404 4835 876 4891 reverendissimo
896 4837 1233 4906 patriarcha
1255 4838 1490 4909 Ignatio.
1515 4841 1864 4911 Theophilus
1883 4843 2002 4900 du-

401 4923 536 4978 dum
555 4923 857 4994 episcopus
875 4925 1053 4980 dixit:
1081 4927 1158 4981 Ex
1181 4926 1286 4982 hoc
1304 4925 1512 4983 discite
1531 4929 1721 4999 qualis
1741 4931 1819 4986 sit
1838 4931 2001 4988 Nico-

402 5011 546 5068 laus.
571 5014 638 5067 Et
648 5013 1002 5070 Theodorus:
1029 5015 1318 5084 Quomodo
1334 5015 1505 5073 habes
1525 5018 1820 5075 ostendere
1842 5021 1990 5091 quod

400 5101 826 5170 susceperitvos
845 5103 1244 5160 sanctissimus
1259 5119 1398 5176 papa
1411 5106 1719 5164 Nicolaus?
1738 5111 1804 5164 Et
1823 5110 1994 5167 Theo-

399 5189 630 5258 philus:
661 5190 792 5244 Dixi
834 5191 964 5260 tibi,
993 5192 1129 5262 quia
1155 5193 1321 5249 hodie
1339 5195 1436 5250 det
1462 5195 1606 5250 mihi
1629 5196 1860 5253 verbum
1892 5198 1994 5254 im-

400 5277 682 5346 punitatis
730 5278 1057 5350 imperator,
1105 5285 1168 5336 ut
1213 5295 1356 5352 quos
1397 5283 1644 5339 attulero
1686 5289 1858 5340 testes
1907 5287 1988 5342 nil

395 5365 707 5436 patiantur,
740 5372 797 5422 et
836 5369 1089 5424 ostendo.
1139 5370 1500 5427 Sanctissimi
1537 5372 1647 5427 loci
1673 5378 1989 5431 servatores

388 5455 637 5512 senioris
666 5455 853 5512 Roma
881 5457 1194 5515 dixerunt:
1222 5461 1282 5516 In
1307 5461 1412 5516 hoc
1439 5466 1622 5530 potest
1646 5466 1763 5517 tota
1793 5468 1987 5521 sancta

388 5546 640 5616 synodus
661 5559 846 5620 nosse,
871 5547 1008 5620 quia
1028 5561 1127 5620 per
1147 5548 1364 5607 nullam
1377 5549 1730 5607 occasionem
1744 5551 1992 5610 rationa-

2109 4754 2218 4811 bus
2231 4755 2372 4826 illis,
2389 4769 2514 4825 qua
2529 4751 2926 4824 inquietabant
2938 4765 3036 4821 per
3047 4750 3446 4824 singulosdies
3457 4748 3710 4805 animam

2108 4857 2309 4913 meam,
2343 4849 2536 4900 utrum
2567 4846 2826 4912 receptus
2847 4841 3086 4897 Photius
3108 4840 3167 4896 in
3193 4839 3563 4910 patriarchiis
3592 4837 3712 4896 fue-

2107 4932 2205 5003 rit,
2237 4946 2412 4988 necne
2437 4930 2660 4988 fuerit?
2681 4933 2783 4986 Per
2802 4929 3212 5000 apocrisiarius
3241 4927 3393 4982 enim
3423 4929 3567 4998 ejus,
3601 4927 3704 4998 qui

2103 5021 2352 5091 primum
2381 5021 2452 5076 de
2483 5021 2576 5076 his
2606 5020 2747 5076 mihi
2779 5017 3230 5086 satisfaciebant,
3264 5022 3321 5073 et
3351 5030 3448 5087 per
3479 5017 3706 5071 litteras

2104 5125 2246 5182 quas
2275 5109 2456 5181 misit,
2488 5114 2546 5164 et
2575 5121 2718 5179 quas
2747 5107 2979 5178 recepit,
3004 5105 3336 5164 satisfactus
3365 5118 3512 5172 sum,
3547 5103 3699 5175 quod

2101 5215 2212 5258 non
2235 5199 2412 5256 fuerit
2430 5197 2671 5254 Photius
2690 5196 2838 5267 apud
2861 5209 2924 5252 ea
2949 5203 3208 5268 receptus
3231 5207 3478 5264 unquam
3503 5193 3565 5248 in
3583 5193 3705 5264 epi-

2099 5287 2734 5360 sc0patusdignitatem.
2751 5285 2878 5342 Ideo
2899 5287 3173 5343 confiteor
3189 5284 3464 5340 delictum
3484 5297 3692 5354 meum,

2099 5379 2248 5450 quod
2297 5375 2658 5433 errabundus
2685 5389 2812 5432 eum
2862 5383 3094 5432 secutus
3122 5375 3254 5442 sim,
3283 5378 3341 5428 et
3370 5386 3522 5428 nunc
3556 5372 3693 5428 huic

2097 5472 2304 5524 sancta
2333 5463 2732 5522 connumerari
2763 5465 2978 5536 synodo
3019 5462 3220 5520 merui.
3254 5461 3696 5534 Magniﬁcentis-

2096 5555 2233 5613 simi
2262 5561 2319 5612 et
2347 5554 2757 5628 gloriosissimi
2789 5554 3081 5625 principes
3117 5552 3426 5609 dixerunt:
3460 5549 3695 5606 Habetis
