4052 6168
320 271 396 331 73
1040 286 1603 350 INTERPRETATIO
1639 295 1888 353 SYNODI
1929 298 2048 354 VIII
2085 296 2488 354 GENERALIS.
2515 329 2588 338 —
2623 299 2826 356 ACTIO
2863 303 2925 355 V.
3556 304 3626 363 74

313 401 455 472 quid
482 402 656 460 hodie
678 404 836 497 aliud
863 407 1056 465 dicere
1079 428 1090 463 :
1123 412 1172 468 si
1195 413 1468 488 jubeatis,
1496 418 1910 493 interrogemus
1946 422 2006 484 A
2031 424 2167 495 quia
2192 423 2480 495 obligatus
2503 428 2589 478 est
2612 437 2643 479 a
2666 424 2966 481 Benedicto
2993 440 3153 497 papa,
3179 433 3242 483 ut
3263 443 3373 484 non
3396 430 3630 488 haberet

309 505 430 546 vos.
461 492 582 548 Mos
624 499 710 549 est
742 494 800 550 in
831 496 1078 555 Romana
1108 502 1358 560 Ecclesia
1391 506 1462 561 ab
1505 509 1658 564 omni
1689 492 1918 567 homine

313 578 540 649 hospite
558 581 819 640 libellum
840 586 969 643 ﬁdei
996 589 1282 664 exigendi,
1307 599 1362 649 et
1386 595 1463 651 ita
1487 599 1740 666 permitti
1767 602 1919 658 hunc

313 667 376 723 in
405 676 663 727 sanctum
687 673 910 730 Petrum
933 677 1180 734 intrare:
1205 680 1461 740 fecerunt
1484 686 1581 742 isti
1605 691 1916 747 secundum

313 756 458 813 hanc
481 757 744 832 formam,
772 777 843 819 an
868 779 976 821 non
999 767 1028 820 ?
1050 768 1410 828 Sanctissimi
1439 775 1643 831 vicarii
1671 779 1919 836 senioris

309 845 501 901 Roma
530 847 839 907 dixerunt:
889 855 970 910 Ita
1001 855 1274 914 fecerunt.
1305 862 1606 920 Zacharias
1648 870 1705 921 et
1747 867 1922 924 Theo-

308 933 512 1023 philus
536 936 756 995 dudum
799 942 1053 1013 episcopi
1084 946 1392 1005 dixerunt:
1428 951 1632 1023 Unum,
1675 968 1748 1010 an
1772 957 1806 1011 d
1855 972 1920 1013 os

306 1020 557 1081 fecimus
580 1026 609 1078 ‘?
632 1027 993 1088 Sanctissimi
1024 1034 1227 1092 vicarii
1257 1040 1506 1096 senioris
1537 1020 1724 1099 Roma
1747 1045 1921 1101 dixe-

309 1119 482 1169 runt:
535 1115 694 1172 Duos
742 1117 970 1177 libellos
1013 1121 1234 1182 fecistis
1257 1141 1297 1179 α.
1326 1128 1628 1187 Zacharias
1652 1136 1708 1188 et
1730 1133 1920 1191 Theo—

307 1200 512 1291 philus
534 1205 756 1264 dudum
791 1209 1045 1282 episcopi
1071 1214 1378 1272 dixerunt:
1423 1219 1570 1291 Ergo
1601 1235 1712 1277 non
1757 1227 1918 1279 erant

308 1289 412 1346 ibi.
439 1293 998 1366 Magniﬁcentissimi
1021 1305 1078 1356 et
1099 1289 1822 1380 gloriosissimiprincipes
1838 1313 1920 1368 in-

309 1384 744 1454 arrogaverunt
763 1394 990 1445 sanctos
1010 1390 1277 1464 vicarios,
1315 1395 1452 1465 quid
1481 1397 1919 1457 circumferebat

307 1466 550 1526 libellus
570 1473 600 1525 Ὺ
625 1473 988 1533 Sanctissimi
1033 1480 1237 1536 vicarii
1273 1484 1459 1540 Roma
1487 1485 1796 1544 dixerunt:
1849 1490 1918 1546 Ut

305 1559 628 1616 secundum
655 1564 996 1622 catholicam
1043 1569 1349 1628 Ecclesiam
1379 1576 1608 1631 teneant
1633 1581 1689 1632 et
1712 1576 1919 1633 defen—

303 1644 445 1701 dant
468 1649 788 1722 veritatem,
815 1660 873 1710 et
915 1670 1014 1725 per
1053 1659 1244 1716 omnia
1288 1669 1606 1733 sequantur
1625 1666 1913 1735 judicium

2033 519 2362 583 potestatem
2410 513 2767 583 pontiﬁcium
2814 528 3097 586 peragere,
3146 515 3325 572 donec
3382 521 3619 587 veniret,

2030 607 2085 658 et
2139 602 2502 658 descenderet
2551 603 2756 658 iterum
2805 617 2934 658 cum
2985 603 3061 658 iis
3115 605 3212 675 qui
3259 619 3317 661 se
3359 606 3626 664 abscide—

2029 696 2158 747 rant
2183 706 2214 746 a
2240 692 2605 747 sanctissimo
2634 693 2957 762 patriarcha
2981 693 3219 764 Ignatio,
3249 699 3304 750 et
3337 710 3623 752 sumeme—

2031 786 2158 836 rent
2195 781 2503 851 judicium,
2550 787 2605 836 et
2641 781 2746 836 hoc
2787 795 2898 837 non
2924 783 3256 852 custodivit,
3303 798 3483 854 neque
3517 785 3626 840 de-

2031 870 2253 925 scendit
2283 869 2442 924 illuc.
2493 870 2855 925 Sanctissimi
2888 871 3090 926 vicarii
3139 872 3389 928 senioris
3436 874 3624 929 Roma

2028 957 2334 1014 dixerunt:
2371 959 2589 1013 Partem
2638 958 2958 1014 habetcum
2991 960 3066 1015 iis
3093 961 3192 1031 qui
3231 975 3341 1018 non
3381 975 3626 1018 concor-

2028 1045 2166 1102 dant
2213 1060 2342 1102 cum
2408 1047 2679 1117 Ecclesia,
2728 1053 2784 1102 et
2839 1049 3252 1118 comparticeps
3300 1064 3495 1106 eorum
3539 1055 3626 1106 est

2031 1135 2129 1204 qui
2163 1133 2418 1190 fecerunt
2466 1139 2664 1192 contra
2694 1135 3004 1192 Ecclesiam
3050 1137 3618 1210 Consantinopoleos,

2029 1227 2084 1279 et
2148 1229 2346 1280 contra
2388 1224 2817 1281 sanctissimum
2882 1226 3265 1295 patriarcham
3311 1231 3374 1301 lg
3416 1229 3618 1287 atium.

2027 1311 2130 1367 Sed
2205 1313 2476 1382 quoniam
2543 1313 2681 1369 hora
2741 1315 2904 1370 tarda
2963 1320 3068 1384 est,
3139 1330 3249 1372 non
3318 1332 3622 1387 possumus

2029 1401 2200 1457 hodie
2262 1402 2366 1457 hoc
2424 1403 2768 1473 requirere;
2833 1403 2891 1459 in
2952 1404 3067 1459 alia
3132 1419 3263 1462 vero
3324 1409 3624 1464 examina—

2029 1489 2184 1546 tione
2234 1491 2290 1546 id
2337 1489 2630 1547 faciemus.
2679 1491 2894 1548 Deinde
2944 1498 3102 1549 stans
3151 1493 3213 1549 in
3262 1496 3448 1552 medio
3490 1497 3625 1552 Ste—

2029 1579 2252 1648 phanus
2297 1580 2411 1635 Deo
2458 1579 2726 1636 amabilis
2769 1579 3048 1638 diaconus
3083 1588 3139 1638 et
3179 1585 3439 1640 notarius
3488 1585 3624 1642 lau—

2024 1667 2152 1723 dem
2200 1668 2352 1723 dixit
2425 1669 2550 1724 ita:
2597 1669 2808 1725 Multos
2850 1683 3029 1726 annos
3083 1671 3492 1741 imperatorum
3527 1675 3624 1730 Ba:

307 1742 522 1792 sancta
544 1738 811 1798 Romana
835 1745 1121 1802 Ecclesia.
1146 1749 1399 1807 Bahanes
1422 1754 1916 1824 magniﬁcentissi-
1950 1749 1999 1809 Β
2029 1756 2154 1811 silii
2176 1763 2231 1812 et
2273 1757 2635 1813 Constantini
2675 1758 2688 1811 l
2740 1761 3073 1830 Magnorum
3121 1738 3528 1831 imperatorum
3566 1768 3623 1818 et

307 1837 436 1880 mus
456 1828 744 1896 patricius
761 1836 816 1887 et
840 1837 1180 1904 prapositus
1200 1839 1384 1895 dixit:
1411 1843 1493 1897 Ita
1510 1842 1755 1900 confessi
1779 1849 1915 1901 sunt

303 1919 359 1968 et
381 1914 510 1970 heri
540 1917 601 1971 in
629 1923 974 1996 secretariis,
1004 1931 1068 1981 ut
1091 1941 1190 1996 per
1209 1931 1402 1986 omnia
1430 1933 1792 1989 consentiant
1813 1935 1917 1990 Ro-

304 2016 608 2061 manorum
658 2009 942 2068 Ecclesia.
992 2013 1354 2074 Sanctissimi
1413 2020 1618 2076 vicarii
1668 2023 1916 2079 senioris

302 2091 494 2148 Roma
507 2093 814 2153 dixerunt:
835 2101 1183 2176 Interrogate
1199 2119 1332 2179 ergo
1349 2110 1812 2177 pravaricatores
1835 2112 1919 2182 ip-

303 2194 416 2250 sos,
434 2189 636 2239 utrum
651 2184 1184 2249 faciantRomanum
1201 2194 1481 2268 libellum,
1499 2213 1690 2255 necne.
1708 2201 1920 2272 Magni-

305 2269 675 2329 ficentissimi
710 2281 765 2332 et
789 2278 1194 2349 gloriosissimi
1225 2285 1517 2357 principes
1551 2269 1825 2344 dixerunt
1844 2290 1912 2344 ad

302 2359 637 2446 Zachariam
653 2369 709 2420 et
732 2366 1110 2438 Theophilum
1124 2372 1340 2430 dudum
1355 2377 1680 2446 episcopos:
1707 2378 1919 2434 Facitis

305 2445 596 2520 libellum,
621 2467 693 2508 an
717 2468 826 2511 non
850 2456 878 2510 ?
913 2459 1217 2517 Zacharias
1245 2468 1302 2518 et
1321 2445 1673 2536 Theophilus
1697 2468 1917 2525 dudum

301 2537 563 2609 episcopi
589 2541 882 2600 dixerunt.
911 2549 1022 2603 Nec
1045 2550 1248 2607 audire
1276 2552 1442 2610 illum
1466 2555 1748 2612 volumus.
1787 2557 1922 2614 San-

301 2626 557 2683 ctissimi
585 2630 790 2688 vicarii
822 2635 1071 2693 senioris
1100 2639 1288 2696 Roma
1315 2642 1622 2700 dixerunt:
1658 2647 1920 2704 Emittite

304 2713 453 2808 illos
467 2715 641 2808 foras.
670 2722 738 2776 Et
763 2730 1057 2796 postquam
1085 2729 1368 2803 exierunt,
1389 2733 1642 2790 Bahanes
1665 2737 1921 2808 magniﬁ-

304 2805 684 2864 centissimus
709 2812 990 2880 patricius
1014 2821 1070 2870 et
1101 2820 1443 2888 prapositus
1462 2821 1649 2878 dixit:
1678 2805 1918 2881 Causam

300 2892 594 2951 Zacharia
617 2910 727 2953 non
752 2901 1148 2970 quasivimus:
1178 2905 1300 2963 heri
1324 2909 1477 2965 enim
1493 2909 1789 2968 confessus
1808 2919 1914 2984 est,

371 3001 490 3085 IEt
520 3015 720 3085 revera
739 3005 884 3085 duos
911 3008 1139 3085 libellos
1173 3011 1452 3085 fecerunt,
1473 3027 1662 3074 unum
1693 3020 1918 3076 scilicet

305 3083 408 3138 pro
441 3075 757 3145 sequendis
781 3078 1026 3137 decretis
1058 3085 1386 3153 apostolica
1411 3075 1584 3160 sedis,
1613 3075 1916 3162 antequam

2025 1845 2374 1902 dictatorum
2425 1846 2636 1902 multos
2689 1847 2906 1902 annos!
2941 1848 3402 1906 Orthodoxorum
3454 1851 3628 1921 impe-

2027 1941 2281 1991 ratorum
2312 1934 2521 1990 multos
2545 1935 2762 1990 annos!
2809 1936 3182 1993 Paciﬁcorum
3232 1939 3621 2008 inperatorum

2026 2024 2240 2080 multos
2291 2024 2506 2079 annos!
2573 2025 2972 2094 Depositorum
3043 2027 3346 2096 injustitia
3413 2029 3623 2085 multos

2027 2112 2243 2168 annos!
2280 2113 2538 2168 Hostium
2585 2113 2866 2168 mendacii
2902 2114 3112 2169 multos
3141 2115 3356 2170 annos!
3402 2117 3628 2172 Amato-

2029 2215 2156 2257 rum
2205 2206 2261 2256 et
2310 2199 2599 2256 fautorum
2665 2201 2927 2256 veritatis
2989 2207 3046 2256 et
3115 2203 3362 2272 justitia
3412 2205 3623 2261 multos

2027 2289 2259 2346 annos!
2350 2290 2621 2345 Eudoxia
2707 2289 2983 2358 piissima
3066 2291 3336 2362 Augusta
3412 2293 3624 2349 multos

2028 2392 2209 2435 annos
2252 2378 2264 2432 ι
2325 2379 2548 2434 Nicolai
2599 2378 2922 2434 beatissimi
2975 2393 3130 2449 papa
3179 2381 3367 2436 Roma
3413 2388 3625 2438 aterna

2031 2468 2305 2524 memoria
2339 2467 2351 2521 !
2400 2467 2640 2522 Adriani
2687 2468 2991 2524 orthodoxi
3025 2482 3180 2538 papa
3210 2470 3448 2525 Romani
3483 2472 3626 2527 mul-

2030 2561 2118 2612 tos
2166 2556 2382 2612 annos!
2446 2557 2653 2628 Ignatii
2723 2556 3027 2613 orthodoxi
3099 2558 3438 2627 patriarcha
3484 2560 3624 2616 Con-

2029 2646 2482 2716 stantinopoleos
2531 2645 2740 2701 multos
2789 2644 3007 2701 annos!
3040 2646 3502 2704 Orthodoxorum
3535 2663 3626 2718 pa-

2029 2735 2413 2790 triarcharum
2460 2733 2714 2790 Orientis
2764 2735 2974 2790 multos
3020 2748 3200 2791 annos
3245 2735 3256 2789 ι
3309 2737 3625 2793 Orthodoxi

2029 2829 2262 2880 senatus
2306 2823 2516 2880 multos
2557 2822 2773 2879 annos!
2819 2823 3037 2880 Sancta
3077 2838 3144 2880 ac
3175 2825 3520 2882 universalis
3543 2842 3630 2896 sy-

2030 2913 2165 2968 nodi
2193 2918 2401 2969 aterna
2428 2911 2702 2968 memoria
2729 2912 2743 2966 Ξ

2030 3020 2185 3102 fidei,
2231 3024 2535 3102 antequam
2579 3019 2783 3102 Urbem
2814 3019 3268 3102 ingrederentur,
3301 3026 3358 3077 et
3382 3021 3624 3078 alterum

2032 3091 2093 3146 in
2117 3091 2574 3148 communionem
2604 3091 3011 3160 reciperentur.

315 3202 3616 3238 ————_____.________________________

1602 3305 1855 3376 ACTlO
1944 3307 2302 3393 QUINTA.

1813 3454 2111 3468 ψ

382 3540 441 3595 In
486 3543 721 3599 nomine
745 3544 976 3602 Domini
1003 3552 1058 3604 et
1086 3548 1468 3608 dominatoris
1497 3553 1755 3610 omnium
1783 3555 1914 3612 Jesu
1950 3556 1998 3618 C
2031 3554 2204 3613 tricio
2245 3559 2301 3611 et
2346 3554 2669 3629 praeposito,
2721 3560 2902 3616 Leone
2934 3557 3501 3632 magniﬁcentissimo
3539 3571 3632 3630 pa-

301 3627 526 3684 Christi
571 3632 689 3687 veri
733 3633 832 3689 Dei
883 3636 1064 3692 nostri
1097 3641 1152 3693 et
1193 3639 1523 3696 Salvatoris.
1572 3642 1915 3699 Consulatus

303 3731 336 3772 a
395 3719 511 3774 Deo
580 3721 982 3780 redimitorum
1044 3732 1099 3782 et
1135 3729 1767 3799 .tranquillissimorum
1819 3732 1917 3788 do-

303 3805 602 3863 minorum
647 3815 992 3883 nostrorum,
1041 3809 1242 3886 Basilii
1269 3817 1500 3888 quidem
1531 3832 1680 3876 anno
1718 3821 1914 3893 tertio,

301 3894 672 3955 Constantini
771 3915 902 3958 vero
982 3903 1090 3960 ﬁlii
1189 3907 1314 3975 ejus
1409 3907 1560 3964 anno
1642 3910 1910 3980 secundo,

305 3992 714 4055 perpetuorum
758 3991 1174 4066 Augustorum,
1224 3994 1542 4052 indictione
1585 3998 1778 4068 tertia,
1805 4012 1911 4054 xm

301 4074 592 4132 Kalendas
658 4079 1040 4138 Novembris:
1131 4084 1443 4154 propositis
1515 4086 1785 4155 pretiosis
1849 4101 1914 4144 ac

302 4163 557 4220 viviﬁcis
608 4164 803 4238 lignis,
850 4175 907 4224 et
958 4170 1313 4229 intemeratis
1372 4187 1439 4230 ac
1481 4175 1698 4232 sanctis
1740 4177 1916 4233 Evan-

303 4251 530 4324 geliis:
581 4257 952 4314 conveniente
1012 4267 1201 4317 autem
1250 4268 1444 4318 sancta
1487 4268 1544 4319 et
1600 4265 1912 4321 universali

303 4342 783 4410 synodo,Donato
811 4347 925 4404 Deo
953 4348 1308 4406 amicissimo
1339 4351 1606 4422 episcopo
1635 4353 1909 4426 Ostiensi,

304 4434 360 4484 et
403 4430 696 4501 Stephano
742 4436 857 4492 Deo
899 4438 1256 4496 amicissimo
1299 4440 1567 4512 episcopo
1605 4443 1908 4516 Nepesino,

301 4524 361 4573 et
419 4520 648 4577 Marino
708 4525 1204 4584 venerabilissimo
1250 4529 1494 4587 diacono
1554 4537 1763 4588 sancta
1809 4533 1912 4589 Ro-

305 4622 490 4665 mana
530 4611 818 4687 Ecclesia,
868 4615 1053 4673 locum
1104 4617 1491 4675 retinentibus
1514 4620 1753 4677 Adriani
1787 4635 1912 4677 san-

301 4697 557 4754 ctissimi
611 4715 767 4772 papa
835 4704 1097 4777 Romani,
1142 4712 1198 4763 et
1263 4708 1484 4780 Ignatio
1534 4709 1902 4766 sanctissimo

302 4787 638 4854 patriarcha
702 4791 1292 4868 Constantinopoleos,
1364 4802 1420 4854 et
1502 4798 1717 4854 Thoma
1775 4809 1909 4855 'san-

2028 3644 2202 3700 tricio
2236 3646 2600 3716 proconsule,
2632 3659 2697 3701 ac
2728 3649 2909 3704 Leone
2940 3648 3509 3721 magniﬁcentissimo
3540 3661 3632 3718 pa-

2029 3733 2200 3789 tricio
2242 3737 2298 3788 et
2326 3733 2640 3790 domestico
2679 3736 3101 3809 excubitorum,
3131 3739 3343 3792 Joanne
3376 3735 3630 3808 magniﬁ-

2027 3821 2360 3878 centissimo
2396 3823 2640 3891 patricio
2666 3828 2722 3878 et
2762 3823 3045 3896 logotheta
3087 3827 3256 3882 okeos
3294 3825 3504 3894 dromi,
3539 3826 3634 3879 Pe-

2026 3915 2248 3965 tronate
2293 3911 2863 3982 magniﬁcentissimo
2896 3915 3158 3986 patricio,
3213 3916 3469 3973 Manuele
3521 3934 3634 3976 ma-

2027 3999 2504 4069 gniﬁcentissimo
2520 4001 2783 4073 patricio,
2799 4002 2978 4059 altero
2992 4005 3247 4061 Manuele
3275 4010 3638 4081 magniﬁcen-

2026 4087 2253 4144 tissimo
2287 4089 2550 4158 patricio,
2601 4089 2800 4146 Oreste
2846 4093 3413 4165 magniﬁcentissimo
3447 4107 3636 4170 proto-

2025 4177 2321 4246 spathario
2341 4183 2397 4233 et
2416 4178 2731 4236 domestico
2771 4180 3150 4238 icanatorum:
3185 4184 3423 4256 insuper
3455 4190 3628 4246 etiam

2023 4265 2461 4322 considentibus
2523 4272 2580 4324 et
2628 4270 2740 4325 Deo
2780 4270 3158 4328 amicissimis
3207 4278 3626 4348 metropolitis,

2022 4353 2291 4411 videlicet
2317 4368 2339 4396 ι
2387 4355 2600 4411 Basilio
2638 4358 2752 4413 Deo
2796 4358 2968 4414 amici
3005 4360 3152 4417 simo
3193 4363 3626 4438 archiepiscopo

2020 4444 2250 4514 Ephesi,
2294 4445 2547 4501 Barnaba
2594 4446 2707 4502 Deo
2740 4448 3094 4506 amicissimo
3128 4454 3492 4522 metropolita
3528 4457 3628 4528 Cy-

2021 4532 2151 4602 zici,
2175 4533 2494 4603 Nicephoro
2536 4537 2649 4590 Deo
2678 4537 3033 4594 amicissimo
3073 4542 3435 4611 metropolita
3463 4544 3626 4600 Ama-

2018 4622 2139 4693 sia,
2153 4622 2348 4678 Niceta
2361 4624 2475 4679 Deo
2489 4624 2843 4682 amicissimo
2872 4628 3234 4698 metrOpolita
3246 4631 3616 4705 Athenarum,

2017 4711 2310 4767 Theodoro
2343 4713 2457 4768 Deo
2487 4712 2847 4770 amicissimo
2891 4718 3255 4787 metropolita
3282 4719 3480 4791 Caria,
3515 4724 3623 4778 Me-

2017 4799 2295 4870 trophane
2323 4801 2436 4856 Deo
2457 4801 2812 4858 amicissimo
2837 4806 3197 4875 metropolita
3217 4808 3487 4880 Smyrna,
3518 4813 3621 4868 Mi-

303 4876 574 4936 ctissimo
606 4882 965 4952 metropolita
1006 4884 1158 4955 Tyri,
1206 4885 1390 4942 locum
1441 4887 1721 4944 retinente
1751 4889 1906 4945 sedis
1936 4881 1991 4943 D
2016 4888 2210 4944 chaele
2238 4891 2350 4945 Deo
2389 4890 2743 4948 amicissimo
2776 4895 3135 4964 metropolita
3175 4876 3382 4969 Rhodi,
3411 4876 3617 4957 Photio

300 4964 649 5040 Antiochia,
677 4976 733 5026 et
760 4971 922 5028 Helia
961 4974 1076 5029 Deo
1123 4973 1528 5032 colendissimo
1577 4976 1906 5048 presbytero

296 5061 354 5110 et
419 5057 696 5128 syncello,
765 5060 952 5118 locum
1034 5063 1312 5120 retinente
1376 5065 1530 5123 sedis
1590 5065 1906 5137 Hierosoly-

293 5156 527 5200 morum
563 5161 577 5197 :
621 5154 895 5216 prasente
935 5165 1160 5221 quoque
1184 5166 1346 5208 sacro
1376 5158 1598 5225 senatu,
1648 5154 1900 5210 dicimus

287 5237 511 5302 autem,
568 5233 862 5292 Theodoro
929 5239 1496 5310 magniﬁcentissimo
1549 5243 1793 5312 patricio
1841 5247 1898 5299 et

287 5322 628 5394 praposito,
652 5325 926 5395 magistro
948 5327 1171 5385 Bahane
1193 5331 1763 5402 magniﬁcentissimo
1803 5346 1897 5402 pa-

353 5442 376 5506 _-
395 5428 549 5506 Nota
564 5430 716 5498 quod
739 5443 834 5500 per
849 5432 1111 5506 singulas
1129 5435 1385 5492 actiones
1403 5437 1678 5506 paulatim
1703 5439 1898 5494 multi-

285 5497 543 5578 plicetur
577 5497 849 5578 numerus
895 5497 1316 5577 episcoporum,
1369 5497 1638 5578 quoniam
1670 5524 1798 5566 cum
1832 5511 1892 5566 in

284 5569 582 5644 principio
595 5575 798 5645 synodi
815 5569 1141 5634 non'omnés
1153 5578 1271 5635 sint
1285 5569 1344 5635 in
1361 5569 1499 5638 urbe
1510 5581 1740 5654 reperti,
1756 5587 1894 5640 tunc

691 5663 927 5724 PATROL.
970 5667 1224 5726 CXXIX.

2010 4978 2124 5033 Deo
2137 4977 2488 5034 amicissimo
2500 4979 2930 5052 archiepiscopo
2943 4984 3208 5056 Nacolia,
3224 4987 3614 5058 EutymioDeo

2009 5067 2364 5124 amicissimo
2407 5068 2841 5140 archiepiscopo
2883 5071 3126 5144 Catana,
3159 5075 3443 5146 Stephano
3496 5080 3612 5136 Deo

2007 5155 2362 5212 amicissimo
2388 5157 2820 5228 archiepiscopo
2850 5159 3262 5237 Cypsallorum,
3294 5167 3609 5223 Athanasio

2003 5245 2118 5301 Deo
2138 5245 2491 5302 amicissimo
2520 5247 2788 5317 episcopo
2819 5251 3138 5324 Magnesia,
3171 5255 3463 5312 Theodoro
3493 5257 3608 5311 Deo

2004 5335 2357 5391 amicissimo
2369 5335 2635 5406 episcopo
2655 5335 2899 5412 SinOpa,
2927 5342 3226 5399 Eustathio
3246 5345 3360 5400 Deo
3381 5344 3608 5400 amicis-

2005 5441 2189 5522 solum
2213 5442 2636 5522 recipiebantur
2658 5443 2716 5499 in
2749 5448 3314 5522 synodaliconventu,
3339 5465 3468 5522 cum
3485 5450 3604 5522 sin-

2004 5513 2126 5583 guli
2154 5527 2186 5568 a
2217 5513 2342 5569 suis
2382 5515 2655 5570 Ecclesiis
2684 5513 2974 5575 venientes
3002 5513 3312 5576 Romanum
3339 5521 3598 5576 libellum

2005 5595 2235 5641 manum
2258 5585 2489 5656 propria
2514 5588 2817 5659 scripsisse
2844 5597 3170 5662 patesceret.

3289 5678 3343 5735 3.
