4024 6170
464 274 539 337 75
1633 264 1987 322 ANASTASII
2032 263 2572 322 smuomncanu
3691 264 3764 324 76

467 403 890 474 simoepiscopo
917 395 1206 464 Emoniae,
1237 392 1528 450 Theodoro
1556 393 1672 450 Deo
1699 390 2052 448 amicissimo
2079 389 2142 452 A
2168 389 2353 448 nioris
2391 391 2580 448 Romae
2616 392 2924 450 dixerunt:
2949 395 3170 451 Veniat.
3193 352 3420 452 Dictata
3457 407 3590 450 vero
3627 396 3765 450 sunt

465 495 731 566 episcopo
753 483 1200 552 Lacedaemoniae,
1223 481 1540 552 Nicephoro
1564 482 1678 538 Deo
1699 481 2053 538 amicissimo

463 583 727 652 episcopo
739 571 2056 646 Zacynthi,EuthymioDeoamicissimoepisco-

463 670 923 739 poMosynorum,
943 661 1274 718 BasilioDeo
1285 659 1640 717 amicissimo
1651 659 1917 730 episcopo
1930 661 2058 731 Pyr-

459 757 564 828 gii,
593 754 838 826 Georgio
863 754 977 809 Deo
1005 750 1360 808 amicissimo
1393 748 1658 819 episcopo
1687 748 1858 821 Helii,
1891 750 2053 805 Petro

455 845 569 901 Deo
587 841 941 899 amicissimo
951 840 1217 910 episcopo
1241 838 1501 909 Troadis,
1517 837 2053 894 LeoneDeoamicis—

455 933 602 990 simo
629 931 896 1002 episcopo
923 928 1290 1000 Daphnusim,
1320 928 1516 984 Niceta
1554 927 1669 983 Deo
1696 926 2051 983 amicissimo

453 1019 720 1092 episcopo
745 1018 976 1075 Photiae.

523 1108 626 1165 His
642 1109 721 1164 ita
737 1107 1228 1178 convenientibus,
1247 1111 1406 1164 stans
1423 1107 1482 1164 in
1505 1107 1690 1164 medio
1711 1107 1922 1164 Paulus
1934 1108 2047 1164 Deo

451 1197 843 1254 amicissimus
859 1196 1291 1268 chartophylax,
1314 1195 1496 1253 dixit:
1512 1196 1834 1254 Secundum
1848 1210 2048 1267 praece-

450 1287 674 1344 dentem
695 1286 998 1356 actionem,
1012 1291 1078 1342 ut
1090 1286 1270 1356 jussit
1284 1285 1558 1342 sanctitas
1577 1291 1783 1359 vestra,
1798 1299 2046 1356 praesens

450 1382 538 1433 est
559 1375 652 1432 hic
681 1375 888 1432 iterum
912 1373 1212 1432 Zacharias
1233 1373 1413 1444 solus,
1439 1373 1532 1431 sed
1555 1374 2049 1431 etChristianissi-

450 1479 580 1522 mus
610 1466 920 1535 imperator
949 1470 1139 1522 noster
1169 1463 1330 1520 misit
1347 1463 1416 1520 ad
1449 1463 1728 1535 synodum
1753 1463 2040 1521 Photium.

445 1555 704 1611 Donatus
730 1555 846 1609 Deo
874 1551 1266 1609 amicissimus
1301 1552 1604 1622 episcopus
1633 1553 1827 1624 Ostiae,
1859 1557 1917 1609 et
1933 1554 2048 1610 Ste-

448 1631 673 1714 phanus
691 1644 805 1699 Deo
823 1641 1214 1698 amicissimus
1233 1644 1419 1712 Nepae,
1441 1655 1506 1698 ac
1519 1643 1776 1700 Marinus
1797 1656 2048 1700 reveren-

445 1731 726 1788 dissimus
762 1731 1042 1787 diaconus
1088 1734 1296 1787 sanctae
1343 1731 1726 1788 Romanorum
1753 1732 2042 1802 Ecclesiae,

446 1821 632 1878 locum
657 1821 965 1876 retinentes
985 1819 1223 1876 Adriani
1246 1819 1598 1876 sanctissimi
1614 1836 1769 1891 papa:
1781 1821 2041 1892 Romani,

443 1909 741 1966 dixerunt:
768 1909 1065 1965 Desiderat
1083 1909 1276 1964 venire
1299 1909 1358 1965 in
1383 1916 1750 1979 conspectum
1784 1916 2042 1968 nostrum

443 2003 502 2055 et
520 2005 729 2056 sanctae
747 1999 950 2070 synodi
977 1998 1217 2055 Photius
1235 1998 1264 2052 ‘2
1288 1999 1499 2056 Paulus
1519 2001 1632 2056 Deo
1651 2000 2043 2058 amicissimus

448 2088 859 2160 cbartophylax
877 2087 1064 2144 dixit:
1093 2087 1392 2144 Nescimus
1419 2094 1611 2144 utrum
1635 2089 1940 2161 desideret,
1968 2103 2038 2146 an

449 2192 562 2236 non
585 2196 601 2249 ;
631 2177 750 2247 sed,
774 2177 824 2234 si
848 2176 1082 2248 jubetis,
1110 2175 1419 2233 discamus.
1444 2177 1804 2234 Sanctissimi
1836 2179 2039 2234 vicarii

443 2267 692 2325 senioris
711 2268 898 2323 Romae
913 2266 1210 2323 dixerunt:
1235 2267 1640 2338 interrogetur,
1656 2267 1706 2324 si
1733 2267 2035 2325 desideret.

439 2355 725 2426 venire‘in
755 2360 1006 2412 sanctam
1049 2358 1106 2410 et
1146 2355 1526 2412 universalem
1557 2357 1836 2426 synodum
1871 2357 2035 2414 hanc.

440 2444 652 2500 Paulus
669 2445 783 2500 Deo
804 2443 1196 2502 amicissimus
1213 2443 1626 2515 chartophylax
1645 2445 1798 2501 dixit
1819 2463 1833 2499 :
1859 2443 2038 2514 Quem

437 2531 600 2603 jubet
618 2531 893 2588 sanctitas
912 2536 1098 2588 vestra
1131 2531 1216 2588 ire
1242 2537 1299 2588 et
1329 2532 1682 2604 interrogare
1708 2547 1839 2590 eum
1859 2533 1889 2588 ‘I
1907 2535 2041 2591 San-

437 2621 686 2679 ctissimi
708 2621 912 2677 vicarii
939 2621 1188 2678 senioris
1213 2622 1404 2678 Romae
1423 2621 1732 2680 dixerunt:
1763 2623 1918 2680 Laici
1949 2638 2041 2680 va-

437 2711 678 2768 dant.Et
697 2709 860 2766 misit
877 2715 1110 2768 senatus
1121 2712 1190 2768 ad
1201 2711 1466 2768 Photium
1485 2712 1807 2769 Sisinnium
1829 2711 2042 2784 glorio-

435 2800 733 2857 sissimum
760 2800 1304 2872 protospatharium,
1333 2801 1754 2872 Eutychianum
1787 2801 2038 2872 primum

435 2887 831 2945 mandatorum
842 2889 1262 2962 excubitorum,
1281 2890 1590 2964 Georgium
1614 2891 1863 2961 primum
1888 2905 2041 2948 man-

433 2976 694 3034 datorum
721 2976 1095 3048 icanatorum,
1121 2979 1358 3034 Leonem
1381 2979 1732 3036 mundanum
1748 2979 2036 3036 hominem

2163 483 2232 540 ad
2265 482 2529 538 Photium
2557 497 2588 538 a
2615 487 2809 540 sancta
2835 484 3050 554 synodo
3081 499 3180 554 per
3201 483 3420 540 Heliam
3447 481 3763 554 syncellum

2166 570 2283 627 hazc
2309 589 2321 625 :
2351 570 2632 639 Quoniam
2663 573 3032 630 conclusione
3062 573 3238 630 tacita
3266 579 3588 644 peccatores
3617 572 3763 628 hanc

2163 675 2196 718 a
2209 663 2320 717 Deo
2331 661 2564 718 electam
2581 663 2968 732 pronuntiasti
2985 663 3286 734 synodum,
3303 676 3413 718 non
3427 662 3615 718 solum
3640 675 3765 718 san-

2162 749 2552 806 ctissimorum
2582 749 2917 806 thronorum
2941 751 3208 822 vicarios,
3232 756 3289 808 et
3309 765 3562 808 summos
3583 764 3765 808 sacer»

2160 837 2340 906 dotes,
2365 853 2558 896 verum
2579 841 2751 896 etiam
2772 845 2829 895 et
2851 839 3241 897 honorabilem
3265 845 3524 897 senatum
3545 844 3764 896 sancto-

2162 943 2289 986 rum
2311 930 2541 985 Patrum
2566 934 2910 1000 nostrorum,
2938 929 3235 986 habentem
3254 934 3414 986 extra
3437 934 3681 998 tempus,
3706 933 3762 984 et

2163 1032 2274 1075 non
2293 1024 2423 1088 apte
2449 1018 2845 1089 pr0pheticum
2869 1019 3090 1076 dictum
3113 1020 3412 1090 inducens,
3432 1019 3653 1089 justum
3675 1021 3763 1074 est

2157 1109 2227 1164 ad
2255 1108 2373 1163 haec
2393 1107 2602 1180 dicere,
2627 1107 2765 1180 quia
2785 1121 2954 1179 opera
2979 1108 3341 1166 tenebrarum
3365 1107 3579 1164 habens
3600 1107 3662 1164 in
3681 1119 3764 1164 se“

2161 1196 2402 1268 metipso
2431 1195 2755 1253 formidasti
2786 1203 3040 1254 sanctam
3069 1203 3128 1254 et
3165 1196 3543 1254 universalem
3583 1209 3763 1268 syno-

2155 1286 2313 1359 dum,
2347 1300 2472 1356 quie
2503 1286 2563 1342 in
2602 1287 2821 1344 lumine
2862 1287 3125 1346 veritatis
3165 1292 3252 1343 est
3287 1291 3646 1360 congregata,
3691 1299 3760 1342 ne

2158 1375 2612 1434 manifestareris
2629 1377 2964 1450 divulgatus
2988 1391 3087 1448 per
3104 1391 3248 1446 eam,
3281 1375 3759 1448 quemadmodum

2156 1474 2416 1526 sanctum
2464 1465 2725 1538 perhibet
2759 1466 3152 1539 Evangelium,
3198 1465 3377 1537 quia:
3415 1464 3622 1528 Omm's,
3662 1465 3762 1533 qui

2151 1575 2329 1629 prava
2357 1560 2492 1626 agit,
2519 1557 2635 1612 odit
2666 1558 2854 1620 lucem,
2882 1561 2944 1610 ut
2971 1572 3082 1611 non
3107 1559 3418 1624 arguantur
3445 1569 3610 1624 opera
3638 1553 3758 1622 ejus

2155 1645 2328 1719 (Joan.
2356 1647 2459 1722 Ill).
2484 1646 2590 1704 Sed
2613 1647 2892 1717 scriptum
2913 1650 3000 1702 est
3021 1663 3034 1699 :
3063 1646 3131 1700 In
3149 1660 3298 1700 camo
3318 1650 3368 1699 et
3386 1647 3543 1712 freno
3560 1643 3757 1698 manil-

2076 1723 2129 1784 B
2157 1739 2239 1794 las
2289 1753 2473 1793 eorum
2501 1739 2825 1805 constringe,
2857 1737 2953 1806 qui
2998 1751 3108 1792 non
3152 1735 3540 1806 appromimant
3585 1733 3661 1787 ad
3710 1737 3760 1786 te

2156 1826 2318 1898 (Psal.
2345 1828 2526 1902 XXXI).
2549 1829 2628 1886 De
2647 1832 2850 1884 caetero
2875 1841 3008 1898 ergo
3029 1825 3302 1898 synodica
3322 1823 3638 1881 auctoritas
3659 1822 3762 1878 im-

2155 1918 2357 1990 periali
2381 1932 2661 1978 consensu
2683 1921 3001 1988 opportune
3020 1929 3085 1973 ac
3107 1921 3236 1986 apte
3259 1913 3404 1971 illud
3426 1911 3760 1968 terminabit

2155 2008 2570 2078 propheticum.
2584 2005 2946 2064 Sanctissimi
2966 2005 3170 2062 vicarii
3196 2003 3446 2060 senioris
3467 2003 3654 2057 Romae
3673 2001 3761 2057 di-

2152 2105 2362 2154 xerunt
2380 2098 2449 2153 ad
2473 2102 2726 2153 sanctam
2751 2095 3058 2166 synodum:
3084 2094 3291 2150 Placet.
3317 2091 3480 2148 vobis
3505 2091 3533 2144 ‘I
3551 2093 3756 2147 Sancta

2153 2186 2407 2257 synodus
2429 2185 2614 2241 dixit:
2650 2185 2856 2241 Placet.
2885 2183 3246 2240 Sanctissimi
3275 2181 3479 2238 vicarii
3506 2179 3757 2238 senioris

2151 2275 2340 2332 Romae
2367 2275 2680 2332 dixerunt:
2732 2275 2952 2332 Veniat.
2987 2273 3271 2330 Euntibus
3305 2271 3427 2328 illis
3455 2271 3556 2342 qui
3591 2269 3755 2328 missi

2153 2368 2310 2435 sunt,
2351 2364 2520 2436 eique
2561 2364 2833 2434 praedicta
2869 2363 3280 2420 acclamatione
3327 2361 3472 2417 lecta
3516 2359 3756 2416 Photius

2149 2453 2269 2510 ait:
2299 2451 2790 2522 Quemadmodum
2816 2466 3000 2522 usque
3021 2452 3186 2510 modo
3211 2451 3387 2506 etiam
3415 2449 3630 2506 invitos
3651 2462 3756 2506 nos

2152 2543 2414 2600 traxistis
2432 2541 2462 2597 ‘?
2483 2543 2588 2600 hoc
2609 2543 2660 2602 si
2687 2541 2865 2600 vultis
2883 2542 3071 2598 adhuc
3097 2539 3298 2610 facere,
3330 2554 3442 2597 non
3465 2538 3757 2596 debuistis

2151 2645 2256 2690 nos
2265 2633 2335 2689 ad
2351 2631 2803 2689 conveniendum
2819 2629 3210 2703 interregare?
3228 2629 3332 2686 Sed
3347 2629 3520 2686 etiam
3536 2627 3756 2698 placuit

2150 2721 2314 2778 vobis
2338 2721 2409 2778 ab
2442 2721 2615 2778 initio
2647 2721 2980 2792 imperative
3007 2734 3073 2778 ac
3099 2718 3435 2790 potestative
3464 2717 3749 2790 perficere.

2151 2812 2350 2882 Itaque
2368 2811 2542 2868 etiam
2570 2812 2674 2867 hac
2699 2825 2831 2868 voce
2851 2811 2910 2866 in
2934 2811 3150 2882 synodo
3175 2809 3340 2881 lecta,
3383 2809 3590 2865 iterum
3629 2820 3756 2864 san-

2166 2907 2255 2956 cta
2281 2905 2337 2957 et
2361 2901 2705 2957 universalis
2747 2901 2999 2972 synodus
3021 2898 3357 2955 acclamavit
3383 2897 3452 2953 ad
3485 2896 3752 2953 Photium

2152 2990 2232 3046 ita
2260 3007 2273 3044 :
2308 2989 2778 3047 Ecclesiasticum
2808 2988 3067 3046 ordinem
3099 2992 3402 3058 sequentes
3436 2985 3752 3044 ultroneam

432 3064 779 3122 vicariorum
793 3065 1040 3122 senioris
1051 3067 1574 3140 Romae,Cyriacum
1594 3069 1862 3140 etJoseph
1877 3084 2036 3128 mun-
2065 3033 2114 3096 Ο
2157 3079 2520 3149 praesentiam
2543 3081 2700 3136 tuam
2723 3093 2820 3149 per
2840 3077 3090 3148 primum
3110 3033 3446 3146 sermonem,
3469 3079 3755 3145 exspecta-

430 3153 610 3211 danos
623 3153 881 3211 homines
901 3153 1249 3213 vicariorum
1269 3156 1623 3229 Orientis;et
1644 3165 2033 3229 praaceperunt

429 3243 516 3298 eis
537 3243 615 3298 ita
634 3242 851 3300 dicere:
874 3243 1078 3300 Sancta
1099 3250 1154 3301 et
1176 3246 1524 3302 universalis
1544 3247 1796 3318 synodus
1815 3248 2034 3306 denun~

432 3329 540 3387 tiat
562 3331 670 3387 tibi
696 3349 708 3386 :
738 3333 838 3390 Vis
864 3333 1058 3389 venire
1085 3333 1144 3390 in
1171 3341 1423 3391 sanctam
1446 3337 1744 3408 synodum,
1768 3350 1840 3392 an
1863 3351 1975 3394 non
2001 3338 2031 3392 ‘I

429 3418 480 3475 si
500 3419 715 3476 dixerit
735 3421 872 3493 quia
894 3422 1045 3494 nolo,
1073 3423 1418 3497 interrogate
1437 3439 1566 3482 eum
1590 3439 1766 3497 quare
1785 3426 1814 3481 ‘?
1832 3427 2031 3482 Eunti-

427 3507 537 3565 bus
560 3521 693 3581 ergo
713 3510 815 3583 qui
843 3510 1006 3568 missi
1036 3510 1282 3584 fuerant,
1309 3519 1366 3568 et
1391 3513 1740 3570 facientibus
1765 3514 2030 3585 quemad-

429 3597 657 3654 modum
671 3597 899 3656 fuerant
920 3600 1206 3671 imperati,
1231 3602 1529 3672 respondit
1547 3602 1787 3659 Photius
1806 3602 1875 3658 ad
1897 3617 2022 3659 eos:

425 3687 512 3742 Me
534 3685 594 3742 in
620 3687 834 3758 synodo
849 3702 1143 3760 nunquam
1155 3688 1469 3759 aliquando
1489 3691 1830 3760 advocastis,
1849 3696 1905 3747 et
1917 3706 2030 3748 mo-

425 3773 498 3830 do
516 3774 694 3832 miror
714 3776 851 3847 quia
870 3777 975 3833 hoc
997 3775 1308 3848 fecistis,et
1323 3777 1644 3836 advocastis
1669 3794 1773 3835 me.
1805 3781 2030 3837 Verum-

425 3865 613 3920 tamen
625 3867 826 3934 sponte
839 3877 950 3920 non
972 3865 1160 3936 venio,
1186 3879 1478 3936 nunquam
1501 3867 1653 3924 enim
1678 3868 2034 3941 interrogan-

423 3955 510 4008 tes
532 3952 697 4008 mede
717 3952 932 4023 synodo
955 3952 1058 4009 hac
1072 3967 1239 4024 quam
1253 3954 1505 4028 dicistis,
1525 3958 1808 4028 quomodo
1824 3958 1884 4014 in
1905 3971 2028 4014 eam

422 4053 510 4097 me
529 4040 764 4097 trahitis
782 4041 812 4095 εἰ
829 4043 993 4096 Dixi:
1037 4041 1353 4100 Custodiam
1389 4047 1508 4100 vias
1529 4061 1693 4110 meas,
1718 4053 1778 4102 ut
1815 4064 1922 4102 non
1943 4048 2030 4102 de-

421 4130 668 4200 linquam
695 4132 754 4211 in
781 4131 871 4186 via
900 4147 1036 4186 mea.
1079 4133 1245 4188 Ροεαί
1273 4135 1357 4188 ori
1384 4151 1496 4190 meo
1526 4135 1828 4192 custodiam
1857 4134 2020 4208 (Psal.

421 4217 700 4292 xxxvm),
732 4223 789 4276 et
818 4217 1106 4292 reliquum
1159 4236 1260 4279 vos
1299 4222 1494 4294 legite.
1530 4224 1784 4296 Cumque
1817 4227 2024 4284 reversi

419 4305 667 4380 fuissent
695 4307 915 4379 praefati
947 4309 1082 4383 viri,
1112 4311 1284 4382 jusus
1322 4317 1409 4368 est
1446 4313 1758 4386 Gregorius
1785 4314 2024 4374 devotus

418 4397 682 4455 notarius
699 4398 1029 4456 divinorum
1053 4401 1513 4474 secretariorum,
1537 4409 1594 4458 et
1612 4403 1925 4460 ascendens
1945 4405 2024 4462 le-

417 4485 503 4558 git
529 4487 718 4544 Photii
753 4502 918 4545 voces
944 4488 1004 4544 in
1025 4489 1381 4546 audientiam
1403 4491 1680 4548 omnium.
1705 4493 1774 4548 Et
1799 4501 1928 4564 post
1947 4495 2022 4552 le-

414 4575 682 4648 ctionem,
725 4577 1076 4636 sanctissimi
1117 4578 1321 4635 vicarii
1361 4579 1609 4638 senioris
1649 4581 1836 4638 Romae
1863 4583 2020 4641 dixe-

416 4668 586 4720 runt:
617 4662 765 4733 Quid
797 4665 945 4722 dicit
970 4667 1040 4723 ad
1069 4667 1189 4723 hmc
1215 4674 1410 4725 sancta
1439 4670 1691 4740 synodus
1711 4670 1740 4726 ἱ)
1762 4673 1885 4729 Non
1911 4687 2016 4730 nos

413 4765 789 4812 convocamus
807 4770 959 4828 eum,
988 4761 1052 4813 ut
1075 4756 1336 4814 dicamus
1359 4758 1584 4830 aliquid
1615 4759 1686 4816 ab
1711 4775 1796 4831 eo,
1825 4763 1920 4819 sed
1950 4767 2016 4819 ut

413 4839 684 4916 laborem,
709 4858 876 4915 quem
903 4844 1110 4903 habuit
1129 4853 1324 4903 sancta
1348 4848 1598 4906 Romana
1625 4850 1899 4922 Ecclesia,
1923 4851 2015 4908 si—

413 4929 531 5005 mul
553 4937 609 4987 et
627 4931 946 4990 Orientales
968 4935 1232 4992 Ecclesiae
1253 4941 1484 5008 propter
1503 4952 1632 4995 eum
1651 4951 1692 5008 τι,
1727 4954 1878 4998 nunc
1907 4947 2014 4998 ter-

412 5018 922 5086 minemus,eodem
940 5023 1063 5095 ipso
1079 5030 1371 5096 praesente.
1386 5028 1852 5086 Deoamicissimi
1867 5031 2013 5101 epis-

411 5108 538 5179 copi
563 5108 871 5168 dixerunt:
901 5112 1116 5170 Veniat.
1140 5115 1500 5172 Sanctissimi
1528 5117 1732 5174 vicarii
1761 5119 2011 5176 senioris

410 5197 600 5255 Romae
635 5199 942 5257 dixerunt:
967 5203 1038 5258 Et
1075 5203 1259 5274 placet
1295 5204 1456 5261 vobis
1478 5206 1636 5262 ?Deo
1663 5207 2006 5264 amicissimi

409 5286 662 5360 episcopi
693 5288 997 5346 dixerunt:
1049 5291 1254 5349 Placet.
1288 5293 1648 5350 Sanctissimi
1687 5295 1889 5352 vicarii
1931 5311 2012 5354 se-

481 5427 504 5455 ι
519 5413 829 5493 Causa‘hoc
861 5415 1324 5493 honorisdicunt
1347 5435 1362 5486 ;
1387 5431 1514 5493 nam
1536 5424 1666 5474 ante
1689 5419 1832 5476 hanc
1853 5435 2015 5493 syno-

410 5485 547 5544 dum
574 5485 656 5542 nil
677 5486 998 5543 Orientales
1017 5489 1180 5545 sedes
1202 5489 1260 5544 in
1283 5489 1438 5545 omni
1461 5493 1844 5550 controversia
1866 5485 2016 5554 labo-

411 5558 498 5616 ris
515 5557 896 5631 assumpsisse
916 5559 1211 5619 videntur:
1237 5559 1359 5618 sola
1381 5573 1623 5634 namque
1643 5563 1829 5635 prima
1849 5567 2011 5626 sedes

2143 3169 2333 3224 vimus
2357 3187 2372 3240 ;
2396 3169 2492 3226 sed
2515 3183 2644 3224 cum
2666 3181 2794 3224 vere
2821 3172 3080 3238 peccator
3100 3167 3184 3224 sis
3208 3171 3263 3222 et
3286 3165 3642 3234 manifestus,
3668 3163 3755 3219 in-

2135 3257 2358 3327 justius
2380 3257 2439 3313 in
2461 3257 2773 3314 concilium
2807 3257 3020 3326 justem
3059 3260 3260 3326 sponte
3282 3255 3506 3326 ingredi
3529 3265 3752 3310 recusa-

2141 3345 2238 3417 sti,
2283 3361 2353 3402 ne
2391 3346 2683 3418 acciperes
2711 3345 3122 3402 evidentiorem
3142 3344 3600 3400 damnationem:
3624 3343 3750 3412 ejus

2141 3437 2223 3493 rei
2247 3436 2431 3508 gratia
2455 3441 2513 3491 et
2543 3435 2832 3491 nolentem
2858 3441 2911 3490 te
2939 3449 3038 3505 per
3065 3435 3378 3491 secundum
3409 3445 3745 3502 sermonem,

2143 3530 2210 3582 ut
2241 3523 2461 3596 praefati
2491 3538 2715 3596 sumus,
2738 3523 3101 3581 adducimus.
3130 3525 3293 3580 Lecta
3320 3528 3587 3594 praeterea
3615 3520 3755 3578 Pho-

2140 3613 2224 3670 tio
2247 3617 2305 3668 et
2331 3613 2436 3668 hac
2459 3612 2834 3684 allocutione,
2886 3613 3254 3670 introductus
3277 3618 3366 3670 est
3404 3611 3665 3682 Photius,
3693 3613 3751 3665 et

2139 3701 2302 3760 stetit
2331 3701 2389 3757 in
2431 3703 2635 3759 medio.
2687 3704 2757 3758 Et
2794 3703 2999 3759 dicunt
3035 3703 3104 3760 ad
3147 3701 3750 3774 magniﬁcentissimos

2139 3791 2434 3862 principes
2457 3792 2814 3849 sanctissimi
2842 3791 3047 3849 vicarii
3075 3791 3326 3852 senioris
3352 3793 3576 3848 Romae:
3604 3789 3749 3860 Quis

2140 3886 2226 3938 est
2249 3880 2347 3936 ille
2369 3880 2467 3951 qui
2494 3880 2552 3936 in
2581 3880 2896 3937 novissimo
2918 3880 3044 3936 loco
3075 3885 3284 3938 sanctae
3323 3879 3500 3949 hujus
3543 3874 3746 3950 synodi

2138 3970 2336 4027 astat?
2355 3968 2910 4041 Magnificentissimi
2933 3974 2991 4024 et
3015 3969 3428 4042 gloriosissimi
3457 3967 3748 4038 principes

2137 4059 2412 4116 dixerunt
2435 4075 2450 4130 ;
2471 4055 2731 4114 Photius.
2755 4057 3117 4114 Sanctissimi
3141 4057 3345 4114 vicarii
3369 4057 3619 4114 senioris
3642 4056 3750 4112 Ro-

2141 4162 2244 4204 mae
2267 4148 2576 4204 dixerunt:
2603 4147 2704 4203 Ille
2728 4152 2815 4203 est
2840 4146 3079 4204 Photius
3107 4153 3336 4216 propter
3361 4159 3528 4218 quem
3549 4150 3746 4202 sancta

2136 4237 2385 4294 Romana
2421 4237 2666 4294 Ecclesia
2689 4251 2788 4308 per
2809 4241 3020 4307 septem
3046 4249 3228 4292 annos
3256 4241 3312 4293 et
3335 4235 3588 4306 amplius
3625 4249 3747 4292 sus-

2134 4326 2316 4383 tinuit
2333 4325 2554 4383 labores
2568 4326 2779 4384 multos
2793 4325 2822 4380 ?
2834 4325 2933 4396 qui
2954 4325 3125 4382 etiam
3145 4325 3318 4382 etiam
3350 4325 3747 4383 sanctamCon-

2132 4416 2706 4486 stantinopolitanam
2731 4415 3041 4473 Ecclesiam
3066 4415 3333 4475 funditus
3358 4415 3659 4486 subvertit,
3687 4412 3747 4470 et

2130 4517 2240 4562 non
2265 4505 2431 4561 modo
2461 4504 2565 4561 has
2591 4505 2876 4562 Ecclesias
2913 4504 3295 4577 conturbavit,
3333 4517 3528 4561 verum
3567 4503 3744 4559 etiam

2127 4598 2184 4650 et
2228 4593 2609 4651 Orientalium
2667 4599 2894 4652 sanctas
2955 4594 3259 4666 Ecclesias,
3313 4607 3440 4664 qua:
3489 4593 3561 4649 ab
3615 4592 3743 4662 ipso

2129 4696 2310 4754 usque
2343 4682 2401 4738 in
2449 4697 2696 4754 praesens
2725 4683 2949 4742 labores
2981 4684 3382 4756 perpetiuntur
3417 4682 3446 4737 ‘?
3469 4681 3745 4754 Magniﬁ—

2125 4771 2447 4828 centissimi
2497 4777 2554 4829 et
2601 4773 3018 4846 gloriosissimi
3071 4773 3364 4844 principes
3405 4771 3682 4829 dixerunt
3719 4771 3733 4808 ε

2123 4862 2234 4917 Iste
2258 4866 2362 4917 est.
2391 4861 2759 4920 Sanctissimi
2807 4862 3011 4920 vicarii
3042 4861 3293 4920 senioris
3335 4863 3526 4918 Romae
3565 4859 3770 4922 dixe-.

2125 4954 2262 5006 runt
2296 4968 2309 5004 :
2357 4951 2585 5023 Recipit
2607 4953 2920 5010 constituta
2961 4956 3289 5009 sanctorum
3321 4952 3551 5007 Patrum
3577 4949 3607 5004 ‘I
3627 4950 3744 5006 Ma-

2122 5037 2587 5110 gniﬁcentissimi
2607 5045 2663 5097 et
2685 5040 3093 5114 gloriosissimi
3119 5039 3412 5112 principes
3429 5039 3731 5108 dixerunt;

2119 5127 2524 5210 Interrogetur.
2598 5131 2667 5186 Et
2715 5130 2978 5187 hortatus
3043 5145 3076 5187 a
3132 5128 3495 5202 principibus
3549 5127 3741 5184 Geor—

2120 5215 2251 5288 gius
2286 5217 2744 5290 gloriosissimus
2768 5224 2963 5276 custos
3008 5219 3229 5290 palatii,
3250 5224 3305 5274 et
3335 5218 3538 5290 Papias
3563 5217 3740 5275 ostia.

2120 5305 2266 5378 rius,
2317 5307 2714 5386 interrogavit
2750 5308 3064 5367 Photium:
3106 5309 3370 5380 Suscipis
3416 5307 3736 5365 constituta

2122 5434 2235 5508 tam
2265 5445 2362 5500 per
2391 5445 2646 5508 sequam
2671 5435 3009 5508 perscripta
3036 5443 3093 5492 et
3119 5432 3327 5493 missos
3351 5449 3488 5493 suos
3514 5432 3575 5492 in
3600 5447 3732 5492 eum

2122 5501 2412 5559 laborasse
2436 5501 2906 5576 deprehenditur.
