4024 6170
262 326 329 384 77
1016 302 1845 386 INTERPRETATIO‘SYNODI
1886 330 2004 385 vui
2040 331 2443 389 GENERALIS.
2466 364 2538 374 —
2574 336 2773 394 ACTIO
2814 341 2872 394 v.
3520 344 3592 403 τε

246 456 581 510 sanctorum
610 455 843 509 Patrum
866 453 903 509 ?—
922 454 991 509 Et
1015 468 1125 511 non
1160 455 1470 525 respondit.
1519 455 1879 512 Sanctissimi
1907 454 1966 516 A
1994 456 2232 514 versalis
2261 460 2512 530 synodus
2538 462 2723 517 dixit:
2753 464 3094 521 Canonicam
3120 466 3293 539 legem
3325 473 3588 543 complet,

250 544 449 600 vicarii
478 544 740 600 senioris
765 544 955 600 Romae
980 544 1286 600 dixerunt:
1318 545 1546 615 Recipis
1569 546 1882 603 constituta

216 704 223 709 κ
253 639 581 689 sanctorum
609 633 951 703 pontiﬁcum
976 633 1355 689 Romanorum
1378 634 1406 688 ‘?
1436 634 1645 704 recipis
1666 635 1885 704 exposi-

254 723 460 777 tionem
476 735 655 792 quam
672 721 1469 780 fecitbeatissimusNicolaus
1482 724 1882 801 sanctissimus

255 825 393 881 papa
426 811 868 868 Romanorum?
900 813 965 866 Et
994 824 1105 867 non
1139 812 1448 881 respondit.
1486 813 1716 882 Recipis
1757 826 1883 883 qua:

257 900 444 956 denuo
492 898 635 956 fecit
655 900 1064 956 sanctissimus
1104 899 1398 957 Adrianus
1419 915 1713 957 successor
1761 902 1886 970 ejus

253 989 650 1045 Romanorum
682 989 837 1045 sedis
866 1003 953 1059 pag
974 1003 1006 1044 a
1027 989 1055 1043 ?
1077 989 1253 1060 dicat,
1275 990 1451 1045 dicat.
1484 990 1724 1046 Photius
1753 1003 1885 1046 vero

252 1077 401 1133 nihil
417 1077 829 1148 respondebat.
846 1078 1205 1133 Sanctissimi
1223 1078 1424 1134 vicarii
1439 1078 1686 1134 senioris
1698 1080 1886 1134 Romae

249 1166 570 1222 dixerunt:
605 1166 956 1223 Audivimus
986 1166 1123 1237 quia
1166 1166 1331 1223 homo
1374 1173 1459 1222 est
1499 1167 1881 1237 rationabilis,

250 1262 304 1311 et
345 1256 574 1311 scimus
623 1256 761 1326 quia
786 1262 874 1313 est
905 1253 1304 1326 praevaricator
1332 1261 1386 1312 et
1410 1256 1636 1313 adulter
1662 1274 1674 1310 :
1704 1256 1881 1326 dicat,

254 1345 428 1401 dicat.
506 1345 753 1401 Photius
799 1345 984 1401 dixit:
1041 1347 1241 1401 Vocem
1310 1359 1509 1416 meam,
1571 1346 1742 1401 etiam
1794 1359 1879 1400 me

255 1438 504 1504 tacente,
547 1435 702 1490 Deus
746 1435 931 1491 audit.
986 1434 1348 1491 Sanctissimi
1398 1434 1600 1490 vicarii
1636 1433 1886 1490 senioris

254 1522 448 1578 Romae
473 1522 773 1578 dixerunt:
809 1524 913 1579 Per
939 1523 1235 1580 silentium
1260 1538 1370 1580 non
1392 1523 1630 1595 effugies
1657 1520 1885 1579 manife-

257 1611 498 1668 stiorem
526 1612 974 1669 damnationem.
1008 1612 1247 1668 Photius
1270 1612 1448 1669 dixit:
1471 1614 1581 1668 Nec
1608 1614 1771 1668 Jesus
1796 1618 1890 1666 ta—

258 1701 439 1757 cendo
465 1701 652 1756 evasit
672 1702 1118 1757 damnationem.
1143 1701 1505 1757 Sanctissimi
1533 1702 1737 1757 vicarii
1759 1714 1893 1771 apo-

1991 552 2047 603 et
2076 549 2400 619 synodicam
2444 552 2875 621 praeceptionem
2906 560 2963 609 et
2994 554 3428 627 legislationcm.
3460 563 3593 618 San-

1992 637 2239 693 ctissimi
2272 638 2475 694 vicarii
2506 640 2753 696 senioris
2796 642 2981 698 Romae
3009 644 3316 702 dixerunt:
3354 650 3594 720 Legatur

1993 732 2048 781 et
2077 726 2191 782 alia
2220 727 2462 796 epistola
2493 744 2617 798 qua:
2663 730 2731 785 ad
2769 731 2955 800 ipsum
2987 733 3251 791 Photium
3284 737 3458 794 missa
3485 744 3590 810 est,

1993 816 2106 871 Deo
2152 815 2426 872 amabiles
2477 819 2850 888 metropolitar.
2873 820 3181 878 dixerunt:
3218 826 3477 897 Legatur.
3528 830 3597 883 Et

1994 904 2283 973 accipiens
2315 905 2621 974 prmdictus
2649 907 2969 977 Stephanus
3000 911 3139 981 legit
3176 924 3234 966 ο.
3551 948 3554 952 -

2066 995 2136 1048 Et
2182 998 2308 1063 post
2336 995 2769 1065 completionem
2798 998 3072 1068 epistolas,
3102 1003 3453 1060 sanctissimi
3504 1006 3599 1061 vi—

1996 1082 2141 1137 carii
2190 1082 2436 1138 senioris
2467 1084 2654 1140 Romae
2677 1085 2949 1143 dixerunt
2981 1106 2992 1141 :
3029 1090 3261 1160 Propter
3291 1094 3440 1163 quod
3488 1093 3599 1151 ob—

1998 1171 2214 1227 turavit
2257 1185 2426 1227 aures
2477 1186 2631 1239 snas,
2685 1178 2742 1229 et
2789 1189 2900 1231 non
2948 1179 3240 1247 respondit
3268 1181 3337 1237 ad
3368 1195 3432 1237 ea
3473 1197 3598 1254 qua:

1999 1258 2319 1331 leguntur?
2369 1260 2729 1318 Sanctissimi
2790 1270 3007 1335 metrop
3046 1267 3164 1323 lita:
3218 1269 3491 1328 dixerunt
3526 1274 3595 1329 ad

1998 1348 2301 1405 Photium:
2359 1350 2734 1417 Quamobrem
2790 1366 2899 1409 non
2952 1357 3257 1425 respondes
3305 1360 3374 1416 ad
3426 1361 3600 1418 haec?

1998 1437 2068 1492 Et
2122 1452 2234 1494 non
2296 1439 2612 1508 respondit.
2672 1441 3033 1499 Sanctissimi
3091 1446 3294 1503 vicarii
3352 1450 3601 1508 senioris

1999 1525 2188 1581 Roma:
2240 1526 2516 1583 dixerunt
2559 1546 2571 1581 :
2630 1530 2871 1601 Legatur
2921 1537 2979 1587 et
3027 1534 3269 1603 epistola
3323 1552 3449 1609 quae
3502 1554 3601 1609 per

2000 1616 2237 1672 Leonem
2285 1630 2317 1671 a
2348 1616 2583 1672 secretis
2640 1617 2815 1674 missa
2861 1626 2963 1676 est.
3020 1623 3089 1678 Et
3138 1625 3427 1695 accipiens
3471 1628 3602 1684 Ste—

2001 1704 2243 1776 phanus,
2292 1706 2406 1760 Deo
2458 1705 2849 1764 amicissimus
2890 1709 3169 1768 diaconus
3210 1722 3420 1771 sancta:
3446 1717 3600 1774 Con—

260 1789 607 1846 stolicarum
635 1790 858 1847 sedium
902 1790 1175 1847 dixerunt
1203 1809 1214 1844 :
1245 1793 1367 1847 Non
1388 1791 1629 1863 dignum
1674 1796 1760 1846 est
1786 1804 1888 1846 nos
1918 1785 1972 1847 Β
1997 1793 2638 1863 stantinopolitanorum
2652 1796 2995 1854 Ecclesiaaac
3008 1802 3287 1871 notarius,
3302 1804 3601 1874 epistolam

262 1894 604 1950 responsum
621 1879 728 1935 tibi
746 1880 977 1936 reddere
995 1880 1065 1935 de
1086 1880 1414 1950 hujusmodi
1432 1880 1737 1949 locutione,
1755 1893 1889 1950 quo-

265 1970 417 2024 niam
435 1970 517 2024 iis
530 1984 658 2040 qua:
683 1968 914 2025 Domini
930 1969 1111 2026 nostri
1136 1970 1267 2026 Jesu
1278 1970 1495 2026 Christi
1510 1975 1645 2026 sunt
1664 1968 1890 2026 assimi-

264 2056 394 2115 lasti
412 2073 544 2130 quae
572 2065 669 2115 tua
692 2066 846 2116 sunt.
864 2059 1031 2116 Nulla
1056 2065 1245 2115 autem
1273 2059 1717 2116 communicatio
1740 2058 1890 2115 lucis

263 2148 329 2203 ad
382 2148 674 2220 tenebras,
723 2162 904 2219 neque
935 2147 1303 2218 participatio
1349 2149 1596 2219 justitia:
1643 2149 1710 2205 ad
1766 2148 1891 2204 ini-

267 2237 574 2308 quitatem,
625 2251 726 2293 nee
751 2237 1051 2293 conventio
1094 2236 1311 2292 Christi
1362 2238 1430 2293 ad
1464 2237 1660 2308 Belial,
1708 2251 1890 2308 neque

263 2339 584 2383 consensus
638 2326 851 2397 templo
874 2326 974 2382 Dei
1007 2340 1138 2382 cum
1186 2326 1360 2383 idolis
1385 2323 1475 2396 (ΙΙ
1499 2327 1617 2381 Cor.
1649 2326 1761 2398 v1).
1812 2328 1891 2381 De

268 2414 358 2469 his
382 2421 580 2471 autem
612 2414 763 2471 unde
790 2414 1174 2487 interrogatus
1197 2429 1259 2471 es
1283 2429 1316 2470 a
1361 2413 1638 2471 fratribus
1662 2418 1718 2471 et
1746 2426 1892 2470 com'

268 2504 562 2560 ministris
590 2504 806 2560 nostris
831 2504 1220 2560 sanctissimis
1266 2504 1504 2559 vicariis
1528 2503 1744 2560 seniois
1772 2504 1890 2559 Ro-

270 2607 393 2665 mae,
455 2593 739 2663 responde
792 2598 987 2650 utrum
1055 2593 1340 2663 suscipias
1386 2593 1612 2662 judicia
1658 2597 1893 2649 sancto—

271 2696 397 2738 rum
448 2682 789 2752 pontiﬁcum
842 2682 1244 2753 Romanorum,
1299 2696 1372 2737 an
1429 2696 1539 2738 non
1575 2682 1603 2735 ‘?
1654 2683 1722 2738 Et
1778 2695 1890 2740 non

272 2772 573 2842 respondit
622 2771 884 2828 Pbotius.
945 2771 1307 2828 Sanctissimi
1378 2771 1581 2827 vicarii
1641 2771 1891 2828 senioris

270 2860 461 2917 Romae
504 2861 824 2916 dixerunt:
877 2860 1116 2917 Inclinet
1158 2861 1432 2917 cervicem
1481 2874 1665 2931 suam,
1720 2860 1890 2917 verbo

272 2958 325 3007 et
371 2951 594 3022 scripto
641 2949 904 3006 enuntiet
960 2956 1253 3020 peccatum
1302 2964 1491 3020 suum,
1551 2951 1893 3006 anathema-

272 3041 409 3097 tizet
474 3053 603 3110 qua:
659 3038 941 3108 injuriose
986 3040 1203 3109 scripta
1249 3044 1306 3096 et
1356 3041 1480 3095 acta
1538 3044 1692 3106 sunt,
1763 3052 1891 3110 quae

1998 1896 2123 1953 qua:
2191 1881 2365 1938 missa
2417 1881 2602 1939 fuerat
2650 1885 2720 1940 ad
2772 1886 3103 1945 Michaelem
3181 1890 3595 1967 imperatorem,

2000 1970 2139 2031 legit
2164 1973 2210 2024 ά.

2094 1987 2139 2026 ιι
2164 1987 2210 2024 α.

2054 1987 2138 2114 gEt
2169 2066 2294 2129 post
2335 2061 2770 2131 completionem
2802 2065 3054 2135 ejusdem
3084 2068 3359 2139 epistolae,
3392 2071 3599 2130 iterum

1999 2149 2353 2206 sanctissimi
2383 2150 2588 2207 vicarii
2620 2152 2868 2209 senioris
2917 2155 3105 2211 Romze
3154 2157 3465 2215 dixerunt:
3494 2162 3601 2217 Se-

2000 2251 2182 2307 quens
2232 2242 2289 2294 et
2317 2238 2514 2308 altera,
2550 2254 2676 2311 qua:
2700 2242 2769 2297 ad
2801 2242 3067 2299 Photium
3097 2250 3202 2315 est,
3259 2246 3497 2319 legatur.
3532 2251 3601 2307 Et

1998 2325 2290 2396 accipiens
2321 2326 2469 2383 idem
2493 2327 2833 2402 Stephanus,
2863 2330 3020 2402 legit.

2069 2478 2328 2535 Nieolaus
2379 2482 2657 2607 episcczpus
2708 2497 2894 2537 servus
2944 2499 3219 2541 servorum
3264 2490 3363 2544 Dei
3415 2491 3603 2547 Photio

2562 2556 3084 2607 lonstantinonoleos.

2562 2556 3084 2625 Yonstantinopoleos,

2074 2695 2100 2729 α
2127 2676 2328 2733 Omnis
2354 2676 2580 2734 utilitas
2597 2682 2654 2733 et
2676 2677 2962 2749 profectus
2980 2681 3301 2740 animarum
3323 2686 3607 2745 catholica

2002 2765 2113 2822 ﬁde
2138 2766 2452 2823 munitur.»
2567 2768 2797 2838 Reliqua
2816 2771 2941 2825 vide
2962 2773 3103 2827 inter
3126 2774 3607 2843 epistolasNicoIai

1995 2870 2159 2925 papa:
2180 2856 2236 2917 Ι,
2267 2856 2587 2923 Ραίνοιοριὲιε
2616 2861 2753 2911 torno
2784 2858 3015 2923 CXXVI,
3049 2862 3147 2916 col.
3187 2858 3311 2919 785.

2071 2945 2142 2999 Et
2167 2949 2295 3013 post
2318 2944 2754 3014 completionem
2780 2948 3055 3021 epistolae,
3084 2951 3325 3009 Thomas
3338 2958 3394 3009 et
3418 2956 3608 3014 Helias

2004 3033 2415 3091 sancticissimi
2450 3034 2654 3091 vicarii
2688 3036 3067 3095 Orientalium
3081 3040 3383 3098 sediumad
3402 3047 3616 3118 magni-

274 3135 469 3186 contra
530 3128 965 3184 sanctissimum
1027 3128 1411 3198 patriarcham
1459 3128 1743 3200 Ignatium
1799 3128 1893 3184 bis
1922 3126 1969 3187 Ο
2009 3123 2413 3183 ﬁcentissimos
2427 3128 2716 3198 principes
2742 3126 3049 3183 dixerunt:
3082 3129 3358 3187 Volumus
3386 3133 3608 3206 aliquid

273 3218 518 3287 abrupte
562 3217 784 3290 gessit;
834 3215 1171 3286 proﬁteatur
1194 3230 1253 3271 se
1280 3216 1496 3273 nullam
1544 3223 1741 3273 contra
1760 3231 1890 3273 eum

277 3306 761 3362 machinationem
805 3311 908 3361 aut
948 3305 1383 3361 commotionem
1426 3306 1696 3375 deinceps
1725 3312 1895 3362 actu-

278 3409 424 3466 rum,
450 3395 550 3451 sed
582 3395 735 3450 hunc
760 3394 937 3450 sicuti
983 3407 1177 3449 verum
1207 3394 1529 3464 pontiﬁcem
1571 3410 1739 3451 suum
1768 3410 1896 3451 ma—

278 3499 386 3555 gno
439 3483 659 3554 pudore
684 3488 1107 3554 suscepturum,
1153 3488 1210 3538 et
1234 3483 1563 3553 apostolica:
1613 3484 1895 3540 cathedra:

272 3573 514 3645 judicia,
551 3578 665 3627 tam
694 3574 765 3629 de
792 3586 872 3642 se,
902 3586 1069 3642 quam
1092 3573 1163 3628 de
1176 3572 1394 3644 Ignatio
1422 3572 1747 3642 patriarcha
1774 3588 1895 3643 pro-

280 3663 555 3735 mulgata,
590 3661 1007 3717 honorabiliter
1035 3661 1429 3731 amplectatur.
1474 3663 1545 3717 Et
1580 3662 1779 3718 Photio
1805 3667 1898 3717 ta—

276 3758 454 3819 cente,
490 3751 849 3808 sanctissimi
882 3751 1085 3806 vicarii
1108 3751 1357 3807 senioris
1387 3751 1574 3807 Romae
1593 3750 1892 3807 dixerunt:

278 3843 416 3897 Ecce
440 3842 621 3897 homo
652 3840 752 3910 qui
784 3840 1075 3896 obturavit
1099 3853 1267 3896 aures
1309 3854 1464 3909 suas,
1497 3841 1651 3896 sicut
1679 3840 1900 3910 aspidis

278 3932 467 3987 surda:
511 3928 688 4001 (Psal.
752 3930 917 4001 Lvn),
948 3935 1007 3985 et
1036 3944 1147 3986 non
1204 3929 1371 3986 audit
1400 3943 1590 3986 vocem
1646 3943 1814 4000 quam
1844 3928 1897 3985 ei

280 4025 474 4075 sancta
495 4020 753 4090 synodus
773 4018 995 4089 objicit,
1020 4018 1112 4076 sed
1139 4018 1262 4074 vult
1290 4032 1387 4088 per
1412 4018 1710 4075 silentium
1756 4018 1900 4073 hanc

278 4108 528 4180 eﬁugere
576 4108 1128 4179 condemnationem,
1178 4121 1349 4179 quam
1399 4112 1594 4163 sancta
1650 4107 1900 4163 Romana

278 4197 536 4253 Ecclesia
584 4201 717 4252 ante
748 4196 960 4252 multos
987 4210 1168 4253 annos
1199 4196 1583 4267 promulgavit
1628 4195 1901 4251 adversus

279 4301 427 4343 eum.
486 4287 697 4342 Verum
748 4285 1009 4357 legantur
1055 4285 1311 4356 epistola:
1340 4299 1466 4354 qua:
1498 4284 1569 4340 de
1598 4298 1663 4340 eo
1714 4284 1901 4340 missm

280 4380 415 4433 sunt
445 4390 479 4430 a
511 4380 712 4431 sancta
741 4374 991 4430 Romana
1024 4374 1294 4430 Ecclesia.
1330 4374 1520 4429 Placet
1544 4387 1677 4445 ergo
1706 4374 1903 4430 omni—-

2004 3217 2165 3288 loqui
2196 3218 2263 3273 ad
2297 3224 2550 3274 sanctam
2580 3217 2858 3288 synodum
2886 3234 2900 3286 ;
2937 3217 3119 3287 placet
3151 3216 3481 3278 hoc'vobis?
3503 3225 3615 3280 Ma-

2004 3306 2466 3378 gniﬁcentissimi
2489 3312 2544 3362 et
2564 3305 2971 3378 gloriosissimi
3001 3307 3289 3377 principes
3308 3309 3611 3368 dixerunt:

2002 3397 2116 3451 Hoc
2144 3396 2201 3450 iu
2224 3402 2405 3451 vestra
2435 3400 2707 3465 potestate
2727 3398 2830 3449 est.
2852 3396 2918 3449 Et
2940 3396 3251 3451 ascendens
3274 3398 3481 3465 Helias,
3501 3402 3615 3457 Deo

2007 3483 2451 3540 colendissimus
2464 3482 2754 3552 presbyter
2776 3482 3130 3551 ctsyncellus
3153 3484 3616 3544 thronillieroso—

2010 3574 2315 3644 lymorum,
2340 3573 2400 3627 in
2425 3571 2781 3627 auditionem
2803 3570 3060 3626 omnium
3081 3570 3287 3628 aﬁ'atus
3306 3578 3392 3629 est
3415 3575 3521 3630 ita:
3553 3579 3611 3632 In

2012 3662 2349 3732 praecedenti
2375 3662 2487 3732 die,
2519 3660 2685 3716 nobis
2698 3659 3179 3732 hiccongregatis,
3207 3662 3377 3718 amici
3398 3663 3617 3721 Christi

2011 3757 2199 3821 patres
2212 3757 2269 3806 et
2293 3750 2519 3821 fratres,
2550 3748 2895 3819 paucissima
2919 3749 3174 3819 quaedam
3194 3750 3621 3811 elocutisnmus

2009 3841 2079 3896 ad
2114 3841 2485 3897 reverentiam
2511 3844 2781 3895 vestram:
2828 3852 2979 3894 nunc
3018 3852 3147 3895 vero
3177 3845 3234 3895 et
3260 3841 3452 3897 eadem
3482 3844 3624 3900 dici-

2013 3945 2158 3987 mus.
2177 3930 2352 3985 Scitis
2373 3930 2510 4000 quia
2535 3928 2592 3983 in
2618 3927 2924 3997 praeteritis
2946 3928 3300 3997 temporibus
3328 3930 3624 4000 imperato-

2012 4034 2102 4076 res
2153 4018 2441 4088 erantqui
2491 4015 2910 4088 congregabant
2952 4016 3198 4085 synodos
3225 4025 3268 4088 ο,
3306 4023 3362 4073 et
3389 4033 3458 4074 ex
3506 4026 3623 4076 toto

2012 4115 2293 4165 terrarum
2315 4106 2451 4162 orbe
2472 4106 2718 4161 vicarios
2732 4104 2801 4160 ad
2828 4104 3268 4174 dispositionem
3291 4106 3619 4177 hujusmodi

2011 4210 2314 4254 causarum
2344 4194 2730 4267 colligebant:
2762 4206 3005 4263 quorum
3034 4207 3187 4249 more
3216 4200 3272 4250 et
3299 4196 3399 4252 Dei
3433 4199 3623 4256 cultor

2015 4287 2323 4356 imperator
2354 4289 2545 4341 noster
2574 4282 2952 4340 universalem
2978 4281 3122 4338 hanc
3148 4284 3424 4353 synodum
3460 4285 3613 4361 fecit,

2014 4391 2127 4433 non
2156 4377 2214 4431 in
2236 4376 2522 4445 abstruso,
2539 4386 2719 4444 neque
2734 4372 2790 4427 in
2817 4371 3193 4443 clandestino,
3210 4373 3302 4430 sed
3330 4375 3622 4434 evidenter

281 4464 385 4521 bus
440 4470 507 4520 ut
561 4463 877 4536 lcgantur?
921 4464 1125 4520 Sancta
1172 4463 1423 4534 synodus
1459 4462 1612 4518 dixit
1642 4480 1655 4516 :
1690 4462 1897 4518 Placet.
1930 4462 1985 4524 D
2015 4464 2392 4521 acmanifeste
2412 4461 2848 4533 fecit,videlicet
2866 4461 3360 4518 sanctissimorum
3383 4464 3620 4522 vicario-

280 4556 345 4609 Et
373 4553 675 4623 accipiens
705 4552 1025 4622 Stephanus
1054 4554 1167 4608 Deo
1196 4551 1595 4608 amicessimus
1622 4551 1901 4607 diaconus

284 4650 498 4700 sanctae
555 4642 1320 4711 Constantinopolitanorum
1362 4641 1631 4697 Ecclesia:
1680 4647 1736 4696 et
1792 4654 1903 4696 no—

283 4733 490 4803 tarius,
523 4732 667 4803 legit
692 4732 991 4802 epistolam
1033 4746 1158 4802 quae
1187 4732 1255 4787 ad
1285 4731 1616 4787 Michealem
1650 4731 1903 4799 impera-

284 4828 462 4879 torem
514 4820 856 4877 transmissa
905 4826 992 4877 est
1039 4835 1137 4891 per
1184 4820 1577 4877 Rbadoaldum
1606 4826 1663 4876 et
1703 4820 1904 4876 Zacha-

278 4913 423 4969 riam
453 4911 502 4966 ι).

338 5005 415 5059 Et
484 5007 616 5073 post
673 5000 1108 5072 completionem
1167 5001 1363 5071 prima:
1418 5000 1693 5071 epistolze,
1758 5014 1900 5057 san—-

273 5093 525 5150 ctissimi
558 5091 771 5148 vicarii
801 5091 1051 5148 senioris
1098 5091 1285 5147 Roma:
1312 5091 1584 5149 dixerunt
1615 5109 1628 5145 :
1663 5091 1744 5147 Ad
1779 5091 1895 5147 haec

276 5183 411 5254 quid
444 5182 597 5238 dicit
626 5186 826 5238 sancta
860 5180 1158 5251 synodus?
1202 5186 1290 5237 est
1337 5180 1609 5236 canonica
1658 5181 1896 5251 exposi—

277 5273 430 5330 tione
480 5271 654 5344 plena
685 5270 933 5342 epistola
959 5270 1095 5341 haec,
1127 5283 1200 5326 an
1232 5284 1344 5327 non
1372 5269 1401 5325 ‘2
1428 5270 1633 5327 Sancta
1660 5276 1717 5326 et
1753 5271 1896 5328 uni-

307 5430 328 5489 f
354 5418 410 5473 id
438 5421 550 5489 est,
574 5414 881 5489 eloquens.

310 5486 333 5527 δ
362 5485 762 5560 Ερίεῑὸιειὴᾲξο
777 5500 901 5557 qua:
914 5485 1010 5560 hic
1021 5485 1161 5560 lecta
1175 5491 1354 5560 estest
1368 5486 1425 5542 in
1440 5490 1640 5560 quarta
1651 5486 1892 5543 actione.

286 5557 433 5691 ἀεὶ
464 5562 589 5616 haec
624 5557 830 5615 itidem
878 5558 1123 5629 epistola
1154 5558 1414 5629 praelecta
1464 5564 1549 5614 est
1580 5559 1640 5615 in
1694 5562 1897 5631 quarta

364 5646 509 5691 none.

2012 4568 2139 4611 rum
2161 4554 2450 4609 seniorum
2472 4552 2660 4607 Romae
2674 4555 3111 4619 nostrorumque
3130 4549 3455 4621 collegium.
3477 4553 3616 4611 Cum

2011 4645 2164 4702 enim
2195 4642 2375 4699 multa
2399 4642 2520 4697 sint
2542 4646 2597 4696 et
2617 4640 2731 4695 alia
2758 4652 2883 4709 quae
2910 4652 3012 4695 nos
3025 4638 3263 4709 probent
3286 4640 3616 4699 verissimos

2010 4747 2133 4790 esse
2157 4731 2405 4788 vicarios
2431 4728 2811 4785 Orientalium
2838 4727 3081 4796 sedium,
3132 4728 3312 4797 major
3337 4732 3522 4787 tamen
3552 4745 3616 4788 ac

2013 4820 2459 4894 promptissima,
2482 4817 2911 4874 evidentissima
2936 4820 2992 4871 et
3013 4816 3374 4885 paratissima
3400 4821 3618 4888 species

2009 4918 2096 4970 est
2122 4912 2258 4981 haec,
2284 4922 2395 4980 qua
2418 4908 2720 4978 piissimus
2743 4912 2800 4961 et
2821 4905 3038 4961 Christi
3060 4905 3283 4962 amicus
3305 4906 3614 4978 imperator

2011 5006 2204 5059 noster
2229 5013 2327 5070 per
2374 4996 2610 5053 multam
2635 4994 2998 5067 diligentiam
3028 4998 3085 5050 et
3130 4996 3371 5053 studiun
3414 5012 3616 5057 convo-

2006 5092 2175 5160 cavit,
2203 5094 2259 5145 et
2282 5086 2501 5156 accepit
2525 5099 2628 5141 nos
2656 5084 2726 5140 ab
2751 5083 2991 5140 Eclesiis
3020 5084 3255 5157 nostris,
3285 5099 3607 5158 quanquam

2003 5182 2148 5238 dena
2169 5178 2331 5235 milia
2350 5180 2538 5233 essent
2561 5173 2963 5245 impedimenta
2986 5173 3462 5243 prohibitionum.
3488 5180 3610 5247 Ipse

2003 5284 2137 5344 ergo
2158 5267 2514 5337 testiﬁcetur,
2544 5264 2694 5321 unde
2717 5269 2774 5320 et
2790 5277 2825 5320 a
2853 5277 2966 5335 quo
2989 5263 3151 5321 missi
3185 5266 3608 5335 pervenerimus

2074 5415 2099 5455 ά
2122 5415 2191 5469 Et
2203 5414 2320 5469 haec
2331 5410 2604 5468 similiter
2618 5408 2946 5479 praescripta
2958 5412 3047 5464 est
3071 5408 3129 5463 in
3143 5412 3345 5478 quarta
3355 5409 3595 5464 actione.

2075 5492 2098 5521 ο
2124 5483 2482 5540 Universales
2511 5481 2798 5551 videlicet,
2850 5494 2976 5536 nam
3013 5479 3224 5551 locales
3250 5484 3351 5535 aut
3378 5479 3471 5533 vix
3501 5484 3601 5534 aut

2008 5570 2299 5628 nunquam
2312 5556 2682 5625 imperatores
2692 5550 2937 5624 synodos
2955 5550 3256 5622 collegisse
3265 5552 3597 5607 noscuntur.
