4024 6170
420 284 493 344 79
1611 272 1970 330 ANASTASII
2013 271 2556 330 BlBLIOTHECARII
3656 272 3735 331 so

419 411 490 467 ad
516 424 634 480 vos,
661 413 719 464 et
750 403 1168 462 satifactionem
1195 417 1296 474 pro
1315 402 1482 458 nobis
1514 401 1774 458 idoneam
1819 397 2011 455 faciat.
2045 398 2106 458 A

2199 401 2268 456 Et
2280 405 2406 471 post
2443 399 2773 470 hujusmodi
2787 399 3214 470 allocutionem,
3231 401 3737 473 magnificentissi-

419 499 794 557 Nobisautem
827 493 1310 566 pervenientibus,
1343 497 1399 546 et
1429 491 1769 562 degentibus
1797 489 1890 544 hic
1919 501 2019 558 per
2130 506 2257 547 mus
2279 489 2556 560 patricius
2573 494 2630 544 et
2657 489 2996 560 praepositus
3025 490 3277 544 Bahanes
3297 489 3474 545 dixit:
3511 491 3580 546 Et
3603 505 3738 546 nos-

418 590 565 646 duos
606 587 840 642 circiter
861 598 1062 655 annos,
1109 580 1566 652 anticipantibus
1616 577 2015 634 sanctissimos

421 676 669 734 vicarios
692 674 941 731 senioris
957 673 1145 728 Romae
1164 671 1422 740 inposuit
1451 682 1624 739 super
1647 667 1794 724 colla
1817 673 2012 722 nostra

419 765 746 834 encolpium
769 774 792 800 ι
809 759 1258 832 suum,etdixit:
1290 761 1430 816 Ecce
1442 757 1729 828 judicium
1748 754 2016 811 Ecclesia:

416 855 609 926 exigat
652 855 802 909 Deus
829 865 861 906 a
891 849 1212 907 cervicibus
1237 849 1444 904 vestris
1485 847 1545 902 in
1577 846 1671 902 die
1687 844 1922 916 judicii,
1952 848 2016 900 ut

459 945 568 1000 ihil
593 942 821 999 faciatis
851 955 950 1012 per
973 939 1242 1012 favorem,
1292 951 1474 1009 neque
1504 951 1602 1007 per
1637 935 1901 1008 gratiam,
1925 933 2012 990 vel

413 1034 630 1092 odium.
657 1033 984 1103 Congruum
1009 1029 1164 1086 enim
1190 1027 1352 1086 vobis
1375 1031 1462 1083 est
1495 1027 1564 1082 ad
1595 1031 1811 1082 tantam
1842 1038 2014 1080 sene-

415 1128 628 1180 ctutem
655 1119 1134 1192 pertingentibus,
1171 1117 1254 1173 nil
1284 1115 1468 1173 facere
1499 1114 1813 1171 secundum
1841 1127 2012 1169 acce—

415 1211 666 1284 ptionem
681 1222 1070 1281 personarum,
1084 1207 1170 1264 vel
1184 1206 1414 1278 praeterj
1425 1204 1702 1262 ustitiam.
1719 1203 2008 1274 Scriptum

411 1306 500 1358 est
544 1299 732 1357 enim:
770 1300 850 1355 Ne
904 1298 1210 1352 miserearis
1250 1296 1516 1366 pauperis
1544 1295 1604 1348 in
1643 1293 1880 1362 judicio,
1913 1308 2010 1346 nec

411 1391 650 1460 accipias
699 1404 954 1459 personm
1000 1387 1238 1457 potentis
1293 1382 1476 1454 (Prov.
1539 1381 1708 1456 xxxv)
1763 1385 1832 1438 Et
1906 1396 2010 1438 nos

412 1479 596 1552 igitur
637 1477 708 1534 ab
741 1477 926 1534 amico
972 1475 1187 1531 Christi
1241 1474 1581 1543 imperatore
1628 1471 2010 1542 suscipientes

403 1568 693 1638 judicium
718 1566 746 1608 ι)
779 1609 794 1634 ,
813 1567 892 1622 ita
920 1564 1317 1634 disposuimus
1339 1577 1408 1619 ex
1421 1569 1749 1634 tuncusque
1762 1576 1932 1634 nunc,
1948 1567 2014 1618 ut

2129 581 2236 636 hoc
2255 579 2676 636 commonemus
2695 592 2822 634 eum
2844 583 2901 634 et
2927 578 3324 634 consiliamur.
3347 578 3562 636 Deinde
3583 578 3735 634 acci-

2129 669 2292 739 piens
2339 668 2670 724 Theodorus
2714 667 3008 723 devotusa
3038 667 3294 734 secretis,
3347 664 3486 737 legit
3534 680 3662 737 quae
3689 683 3726 725 a

2126 756 2511 813 sanctissimis
2539 755 2774 812 vicariis
2799 756 3047 812 senioris
3069 755 3258 814 Romae
3287 754 3536 811 breviter
3565 757 3725 814 edita

2125 851 2280 917 sunt,
2305 845 2573 902 habentia
2595 846 2710 902 ita:
2746 845 3010 916 Vidistis,
3043 843 3268 916 fratres,
3291 844 3526 900 vidistis
3544 851 3601 900 et
3629 858 3733 902 au-

2122 935 2298 992 distis
2323 950 2449 1008 qua:
2468 949 2536 992 ex
2588 935 2769 992 multo
2817 940 3069 1004 tempore
3118 933 3272 990 dicta
3303 939 3359 989 et
3389 937 3544 1006 gesta
3588 939 3732 990 sunt

2121 1025 2193 1081 de
2222 1025 2553 1096 hujusmodi
2583 1037 2754 1082 causa
2781 1043 2794 1078 :
2823 1030 2880 1080 et
2907 1024 3180 1095 apparuit
3224 1023 3492 1080 omnibus
3539 1023 3725 1096 vobis,

2123 1113 2259 1184 quia
2287 1113 2697 1184 irreceptibilis
2709 1118 2831 1171 erat
2853 1114 3134 1184 promotio
3148 1113 3322 1183 hujus
3334 1113 3468 1182 viri,
3482 1117 3540 1170 et
3561 1113 3732 1184 depo-

2120 1205 2259 1262 sitio
2279 1204 2631 1261 sanctissimi
2656 1203 2994 1275 patriarchae
3014 1203 3220 1276 ignatii
3235 1203 3305 1258 de
3328 1203 3460 1259 sede
3477 1217 3579 1260 sua
3598 1203 3730 1260 sine

2114 1293 2345 1364 justitia
2369 1297 2426 1349 et
2445 1293 2570 1349 sine
2591 1292 2814 1365 legibus
2835 1291 3022 1348 fuerat
3038 1297 3182 1348 acta.
3207 1293 3322 1348 Nos
3341 1306 3475 1364 ergo
3501 1305 3611 1349 non
3634 1307 3732 1350 no-

2119 1398 2252 1439 vum
2281 1382 2515 1454 aliquod
2543 1382 2625 1438 vel
2661 1395 2854 1438 recens
2883 1381 3170 1451 judicium
3187 1380 3600 1454 judicabimus,
3623 1387 3728 1439 aut

2123 1472 2572 1542 introducemus,
2587 1472 2682 1528 sed
2696 1476 2858 1528 vetus
2867 1484 2935 1527 ex
2949 1471 3130 1527 multo
3141 1477 3392 1540 tempore
3399 1471 3724 1542 judicatum

2123 1561 2354 1632 quidem
2383 1574 2414 1616 a
2441 1560 2805 1616 sanctissimo
2835 1564 2892 1615 et
2919 1558 3253 1616 beatissimo
3287 1572 3428 1629 papa
3456 1559 3720 1632 Nicolao,

407 1657 624 1727 expetit
639 1656 884 1727 justitia:
899 1654 1062 1710 ratio.
1086 1656 1278 1724 Neque
1299 1652 1473 1723 enim,
1490 1651 1760 1722 quoniam
1774 1650 2013 1706 sanctis-
2040 1721 2084 1727 “
2123 1650 2408 1706 firmatum
2430 1655 2663 1706 autema
2683 1647 3049 1704 sanctissimo
3063 1661 3204 1718 papa
3225 1647 3512 1720 Adriano;
3537 1651 3594 1704 et
3609 1662 3725 1705 non

407 1721 593 1802 simus
614 1721 936 1816 patriarcha
950 1721 1206 1814 Ignatius
1219 1721 1484 1812 praesidet
1506 1721 1568 1796 in
1581 1740 1686 1796 hoc
1707 1741 1932 1806 throno,
1953 1743 2012 1795 et
2040 1721 2092 1782 Β
2121 1753 2426 1809 possumus
2449 1737 2749 1794 transferri
2793 1737 2878 1794 vel
2921 1737 3261 1794 commoveri
3287 1750 3319 1792 a
3353 1737 3607 1808 paternis
3631 1737 3728 1794 de-

409 1840 608 1904 potens
619 1838 723 1900 est,
741 1833 801 1888 in
823 1832 926 1888 tali
941 1831 1164 1902 positus
1178 1831 1505 1900 principatu
1519 1829 1647 1886 ideo
1657 1830 2008 1901 accipiemus

409 1919 613 1978 faciem
643 1922 804 1992 ejus:
841 1934 1042 1992 neque,
1094 1919 1230 1990 quia
1261 1919 1351 1974 vir
1404 1919 1518 1974 iste
1545 1919 1786 1976 Photius
1837 1925 2004 1992 astat,

408 2015 466 2066 et
479 2010 696 2067 idcirco
717 2022 1062 2080 pauperesse
1087 2011 1342 2078 putatur,
1372 2011 1663 2078 propterea
1677 2009 2012 2067 condemna-

407 2097 601 2155 bimus
611 2113 760 2170 eum,
775 2101 876 2154 aut
887 2096 1288 2154 miserebimur
1301 2085 1798 2152 irrationabiliter.
1814 2099 2010 2169 Itaque

408 2184 754 2256 profundum
769 2186 991 2243 silentii
1021 2186 1146 2255 ejus
1157 2183 1443 2254 aspicitis,
1474 2198 1614 2254 pene
1627 2185 1709 2240 nil
1735 2186 2009 2255 patientis

408 2274 570 2346 loqui
598 2277 667 2332 ad
699 2280 894 2331 sancta
925 2274 1225 2345 synodum,
1257 2287 1323 2329 eo
1351 2273 1500 2343 quod
1533 2273 1773 2342 adjiciat
1805 2273 2008 2346 utique

409 2362 592 2436 illam,
621 2363 782 2419 nullo
794 2363 1074 2432 modoque
1100 2361 1359 2431 recipiat,
1389 2361 1543 2418 sicut
1567 2362 1738 2418 etiam
1765 2376 1862 2432 per
1885 2377 2011 2433 pro-

411 2451 536 2530 pria
552 2451 719 2506 verba
740 2451 1106 2521 significavit.
1127 2451 1242 2521 Ego
1253 2453 1442 2506 autem
1470 2451 1740 2520 quoniam
1763 2451 1860 2507 Dei
1889 2465 2012 2522 gra-

410 2540 550 2598 tiam
577 2554 678 2610 per
694 2554 889 2620 omnes
901 2545 1114 2610 septem
1134 2539 1615 2610 annossyncellus
1639 2554 1764 2596 sum
1798 2541 2008 2596 Hiero—

408 2628 881 2701 solymitanorum
895 2627 1177 2698 Ecclesiae,
1195 2627 1316 2683 scio
1331 2627 1495 2696 plane
1509 2627 1644 2698 quia
1659 2641 1840 2699 neque
1862 2629 2012 2684 litte-

409 2734 502 2776 ras
514 2717 890 2788 suscepimus,
920 2730 1102 2787 neque
1124 2716 1456 2772 remisimus
1469 2713 1698 2786 penitus
1725 2717 1802 2780 ei,
1835 2717 1928 2774 sed
1951 2721 2008 2774 et

407 2809 517 2866 iste
545 2805 948 2864 sanctissimus
997 2806 1240 2862 Thomas
1283 2805 1643 2876 metropolita
1694 2805 1826 2877 Tyri
1861 2806 2001 2878 quid

405 2893 1158 2964 locutusfueritfrequenter
1169 2893 1447 2964 audistis;
1482 2893 1756 2950 similiter
1771 2898 1829 2950 et
1852 2908 2005 2952 nunc

400 2983 696 3041 affirmans
717 2983 866 3040 dicit
881 2983 1028 3055 quod
1047 2983 1210 3039 sedes
1225 2983 1579 3039 Antiochena
1606 2997 1788 3055 neque
1815 2998 2004 3040 susce-

2119 1827 2484 1885 ilnitionibus
2503 1833 2560 1883 et
2580 1826 2824 1899 legibus,
2844 1840 3026 1897 neque
3039 1826 3330 1882 declinare
3349 1826 3418 1882 ad
3431 1827 3724 1882 dexteram

2117 1917 2203 1972 vel
2233 1918 2303 1974 ad
2329 1917 2666 1983 sinistram;
2698 1916 2977 1984 scriptum
3003 1921 3090 1971 est
3123 1915 3276 1971 enim
3304 1932 3316 1968 :
3346 1915 3504 1970 Audi
3521 1916 3603 1985 ﬁli
3621 1917 3721 1979 mi,

2121 2007 2258 2074 leges
2299 2008 2482 2076 patris
2529 2008 2632 2069 tui,
2690 2010 2742 2060 et
2791 2021 2858 2060 ne
2907 2005 3138 2076 repellas
3185 2004 3324 2074 jura
3373 2007 3564 2060 matris
3617 2011 3726 2060 huc

2117 2092 2309 2165 (Prov.
2342 2093 2408 2166 1).
2441 2095 2544 2151 Sed
2595 2094 2767 2150 etiam
2797 2107 2865 2149 ex
2907 2091 3188 2150 fratribus
3231 2093 3448 2150 nostris
3472 2093 3722 2150 vicariis

2117 2183 2372 2239 Orientis
2391 2183 2661 2254 audistis,
2686 2183 2822 2254 quia
2845 2197 3138 2254 nunquam
3159 2183 3474 2254 aliquando
3497 2196 3720 2253 recepe-

2120 2277 2256 2328 runt
2271 2286 2398 2328 eum
2424 2272 2483 2327 in
2505 2286 2789 2328 summum
2805 2271 3171 2328 sacerdotem.
3189 2271 3368 2341 Quem
3385 2285 3518 2344 ergo
3535 2284 3725 2342 neque

2119 2361 2280 2417 sedes
2319 2366 2514 2418 nostra
2559 2361 2896 2438 apostolica,
2943 2373 3125 2432 neque
3155 2361 3316 2418 sedes
3370 2365 3709 2431 receperunt

2117 2450 2520 2521 Orientalium,
2545 2450 2678 2522 quis
2713 2451 2784 2506 de
2812 2457 3014 2506 caetero
3041 2449 3308 2520 ulterius,
3347 2449 3721 2506 Christianus

2119 2553 2243 2595 esse
2262 2539 2476 2608 volens,
2499 2531 2796 2608 suscipiet.
2811 2537 2914 2594 Sed
2937 2538 3107 2594 talem
3127 2544 3396 2595 conatum
3407 2537 3720 2608 abjicimus

2116 2633 2176 2684 et
2197 2627 2764 2693 anathematizamus,
2789 2641 2860 2683 ne
2899 2627 3144 2684 ulterius
3164 2632 3362 2684 contra
3401 2627 3715 2684 Ecclesiam

2119 2717 2255 2772 talis
2277 2716 2545 2788 quaalibet
2568 2717 2683 2773 alia
2705 2715 2849 2774 forte
2875 2717 2934 2772 in
2973 2731 3138 2774 omne
3166 2717 3438 2774 saaculum
3462 2716 3718 2790 maligna

2119 2805 2520 2862 introducatur
2539 2806 2710 2878 actio,
2736 2819 2918 2878 neque
2929 2811 3138 2862 temere
3157 2819 3223 2862 ac
3243 2803 3412 2862 facile
3425 2820 3456 2862 a
3478 2808 3715 2864 munda-

2117 2909 2187 2951 na
2216 2900 2520 2966 postestate
2538 2895 2806 2966 ejiciatur
2829 2895 3124 2967 legitimus
3138 2893 3414 2966 pontifex,
3441 2899 3498 2950 et
3518 2910 3618 2966 pro
3639 2909 3710 2953 eo

2114 2983 2458 3056 subrogetur
2484 2983 2630 3040 alter
2656 2984 2856 3055 inique
2887 2997 2954 3040 ac
2997 2983 3324 3056 illegaliter.
3357 2983 3505 3054 Quid
3529 2998 3661 3057 ergo
3684 2986 3720 3040 ?

402 3073 553 3144 perit
582 3073 852 3129 litterasa
875 3071 1102 3142 Photio,
1123 3085 1306 3143 neque
1331 3071 1620 3128 remiserit
1648 3086 1899 3144 unquam
1916 3077 2003 3142 ;et
2033 3063 2082 3127 C
2114 3073 2683 3143 placetvobissensus
2705 3073 2918 3145 iste,an
2945 3071 3099 3128 non?
3117 3073 3246 3128 Etsi
3261 3073 3491 3144 quidem
3507 3072 3710 3146 placet,

401 3163 584 3220 multo
612 3167 744 3218 ante
773 3165 981 3218 sanctae
997 3162 1378 3217 Romanorum
1397 3161 1657 3216 Ecclesiae
1685 3161 1996 3232 superipso

397 3253 691 3309 decretum
715 3250 1030 3321 didicistis,
1045 3255 1102 3306 et
1125 3249 1442 3321 agnovistis
1456 3251 1605 3320 quod
1629 3249 1998 3307 beatissimus

399 3354 542 3412 papa
562 3339 832 3397 Nicolaus
855 3338 1260 3412 promulgavit:
1294 3345 2004 3410 etconsequentersucces-

397 3443 493 3486 sor
521 3429 647 3499 ejus
675 3427 984 3485 Adrianus.
1041 3429 1155 3485 Hoc
1205 3431 1394 3484 autem
1428 3429 1486 3484 in
1546 3429 1996 3497 praecedentibus

397 3518 613 3574 nostris
624 3521 680 3573 et
695 3516 1060 3586 prmdicimus
1071 3516 1724 3585 etdemonstrativimus,
1739 3522 1796 3570 et
1807 3517 1878 3572 ob
1893 3517 1998 3572 hoc

394 3607 568 3664 etiam
582 3605 876 3662 nuncdico
903 3619 1093 3660 coram
1107 3611 1206 3674 eo,
1226 3604 1353 3659 etin
1369 3601 1514 3659 facie
1539 3603 1744 3676 ipsius,
1759 3605 2001 3661 videnti-

397 3695 508 3754 bus
536 3694 724 3752 oculis
752 3695 878 3764 ejus
905 3697 962 3748 et
989 3691 1362 3748 audientibus
1389 3691 1632 3748 auribus
1657 3693 1868 3762 ipsius.
1903 3695 2002 3750 Est

398 3785 810 3840 condemnatus
834 3779 1045 3850 quippe
1075 3779 1175 3850 qui
1199 3794 1310 3836 non
1329 3786 1414 3836 est
1439 3785 1700 3850 receptus
1728 3783 1878 3851 apud
1897 3783 2003 3838 ali-

397 3885 567 3942 quam
583 3869 1054 3940 patriarchalium
1069 3869 1314 3940 sedium,
1331 3873 1388 3924 et
1419 3869 1563 3926 male
1573 3883 1639 3924 ac
1659 3869 1872 3939 injuste
1884 3877 2002 3928 stu-

394 3959 528 4016 duit
553 3957 988 4028 hodiesilentio,
1013 3961 1078 4013 ut
1099 3957 1234 4013 hinc
1245 3957 1508 4014 videatur
1521 3972 1618 4034 pea
1638 3958 2000 4016 taciturnita-

395 4053 504 4104 tem
540 4046 746 4102 habere
799 4047 1070 4117 quasdam
1120 4045 1397 4102 rationes:
1435 4060 1616 4118 neque
1641 4047 1795 4103 enim
1827 4047 1996 4104 habet

395 4136 546 4208 quod
569 4135 896 4206 opponatad
923 4135 1014 4192 sui
1037 4134 1528 4205 justiiicationem.
1556 4135 1817 4192 Universi
1839 4137 1992 4192 enim

397 4225 634 4298 scimus,
648 4229 706 4280 et
717 4224 968 4295 qualiter
981 4225 1036 4280 vi
1050 4237 1116 4280 ac
1130 4224 1430 4296 tyrannide
1444 4225 1714 4282 thronum
1725 4226 1995 4282 Constan-

395 4313 842 4384 tinopolitanum
869 4313 1238 4385 insilierit,et
1267 4314 1464 4384 quales
1484 4315 1842 4384 operatussit
1869 4314 1989 4372 obti

2110 3161 2250 3218 talia
2280 3167 2416 3218 sunt
2447 3167 2659 3233 nostra,
2683 3169 2740 3218 et
2761 3169 2967 3218 nostra:
2985 3161 3170 3232 sedis;
3199 3162 3348 3232 quod
3375 3163 3428 3219 si
3447 3163 3594 3234 apud
3610 3177 3716 3220 vos

2109 3264 2222 3308 non
2249 3249 2466 3308 fuerint
2493 3250 2891 3322 acceptabilia,
2915 3264 3018 3307 nos
3047 3255 3232 3307 tamen
3265 3265 3439 3322 super
3465 3255 3716 3308 montem

2107 3341 2394 3398 excelsum
2417 3339 2617 3412 synodi
2643 3340 3012 3396 ascendemus
3046 3344 3102 3395 et
3119 3339 3500 3396 exaltabimus
3522 3339 3579 3396 in
3604 3339 3720 3397 for-

2109 3429 2362 3486 titudine
2407 3443 2598 3486 vocem
2649 3433 2921 3499 nostram,
2971 3429 3424 3500 evangelizantes
3457 3429 3622 3486 vobis
3649 3435 3709 3486 et

2109 3517 2596 3588 consequentiam,
2622 3531 2746 3588 quae
2768 3515 2915 3573 facta
2935 3524 3041 3588 est,
3055 3522 3112 3573 et
3133 3532 3230 3575 ore
3251 3519 3607 3592 promulgata
3621 3522 3712 3576 est

2110 3610 2439 3662 sanctorum
2492 3607 2721 3662 Patrum
2770 3610 3096 3662 nostrorum
3136 3621 3167 3662 a
3208 3607 3393 3680 gratia
3455 3607 3714 3678 Spiritus

2111 3694 2315 3750 sancti.
2335 3695 2400 3750 Et
2414 3700 2540 3764 post
2568 3694 2888 3764 lectionem,
2915 3695 3268 3752 sanctissimi
3283 3695 3490 3752 vicarii
3511 3697 3724 3754 senio—-

2111 3783 2195 3838 ris
2207 3783 2396 3839 Romae
2413 3783 2710 3840 dixerunt:
2745 3783 2826 3840 Ad
2853 3783 2971 3840 haec
3001 3785 3138 3856 quid
3155 3785 3304 3841 dicit
3331 3791 3526 3842 sancta
3549 3799 3717 3856 syno-

2109 3871 2259 3928 dus?
2281 3871 2425 3928 Sunt
2447 3873 2563 3928 haec
2583 3886 2709 3943 quae
2728 3887 2760 3928 a
2775 3871 2941 3928 nobis
2965 3886 3062 3942 per
3076 3874 3376 3931 lectionem
3397 3873 3552 3931 dicta
3573 3879 3716 3930 sunt

2107 3965 2164 4015 et
2185 3961 2336 4030 apud
2363 3975 2462 4017 vos
2484 3960 2752 4030 accepta?
2770 3961 2974 4017 Sancta
2993 3966 3050 4018 et
3077 3962 3423 4020 universalis
3453 3962 3712 4034 synodus

2106 4048 2483 4106 exclamavit:
2517 4049 2848 4120 Recipimus
2887 4050 3118 4108 omnia:
3154 4051 3316 4108 valde
3337 4052 3550 4124 quippe
3571 4056 3716 4108 sunt

2103 4137 2372 4208 discreta,
2395 4143 2450 4194 et
2469 4151 2742 4211 congrua,
2764 4144 2822 4196 et
2841 4153 3090 4198 consona
3115 4141 3526 4198 ecclesiasticis
3548 4155 3716 4214 regu-

2105 4226 2183 4284 lis
2193 4231 2365 4297 atque
2386 4227 2628 4298 legibus.
2653 4229 2906 4286 Donatus
2927 4230 3040 4286 Deo
3061 4229 3457 4288 amicissimus
3477 4230 3715 4302 episco—

2103 4331 2210 4386 pus
2227 4315 2422 4384 Ostiae,
2435 4317 2820 4387 etStephanus
2831 4319 2943 4374 Deo
2963 4319 3386 4376 amiscissimus
3406 4319 3712 4390 episcOpus

395 4417 536 4460 nens
565 4403 754 4459 adhuc
783 4403 1042 4459 eumdem
1058 4403 1348 4474 thronum,
1385 4403 1794 4474 inquetudines
1817 4409 1990 4475 atque
2021 4410 2076 4472 D
2103 4407 2290 4476 Nepae,
2311 4409 2365 4462 et
2383 4406 2638 4462 Marinus
2665 4407 3173 4465 reverendissimus
3201 4409 3480 4465 diaconus
3501 4413 3715 4466 sanctae

393 4492 745 4563 tyrannides.
777 4492 1084 4564 Nuncergo
1095 4491 1401 4567 consilium
1417 4492 1621 4548 damus
1637 4493 1710 4564 ei,
1725 4500 1782 4549 et
1805 4493 1995 4550 admo-

395 4594 616 4651 nemus,
636 4593 748 4651 quo
769 4584 1074 4652 cognoscat
1086 4585 1375 4650 peccatum
1390 4595 1580 4651 suum,
1613 4582 1730 4638 etsi
1763 4582 1994 4654 quidem

395 4669 790 4739 paenitentiam
821 4669 1004 4742 egerit
1055 4667 1353 4724 manifeste
1397 4683 1464 4726 ac
1491 4670 1796 4727 sinceriter
1823 4687 1996 4742 super

396 4757 710 4828 injustitiis
757 4757 902 4828 suis,
934 4763 992 4814 et
1019 4756 1290 4814 omnibus
1337 4758 1506 4814 malis
1537 4759 1750 4830 quibus
1797 4760 1988 4818 orbem

391 4845 652 4918 replevit,
667 4847 1020 4917 suscipiatur
1041 4847 1101 4902 in
1119 4845 1336 4903 Christi
1355 4847 1665 4905 Salvatoris
1683 4851 1863 4906 nostri
1896 4851 1993 4906 Ec-

389 4933 588 5006 clesia,
621 4935 1098 5005 quemadmodum
1124 4937 1528 5010 unusquisque
1557 4938 1835 5012 ﬁdelium,
1871 4944 1990 4996 tan-

391 5037 561 5094 quam
581 5023 794 5080 habens
811 5039 967 5093 spem
988 5025 1119 5081 vitze
1141 5027 1428 5098 perennis,
1450 5032 1507 5084 et
1527 5041 1638 5085 non
1661 5027 1986 5098 suscipiata

386 5112 502 5168 Deo
530 5112 935 5170 certitudinem
957 5116 1374 5172 :eternaaruinae
1393 5119 1566 5186 atque
1589 5116 1986 5173 damnationis

388 5215 489 5272 per
515 5201 836 5274 anathema,
868 5203 1020 5273 quod
1051 5203 1232 5260 multo
1261 5211 1394 5260 ante
1423 5203 1620 5260 datum
1652 5211 1740 5260 est
1762 5205 1834 5260 ei.

457 5361 846 5438 {Encolpium
890 5367 990 5438 est
1017 5363 1168 5438 quod
1193 5362 1254 5421 in
1307 5362 1443 5438 sinu
1476 5367 1734 5434 portatur
1757 5383 1782 5438 7:
1807 5365 1983 5438 colpos

384 5432 538 5489 enim
585 5432 798 5504 Graec,
847 5436 1004 5489 sinus
1035 5432 1251 5492 'Latine
1301 5432 1564 5492 dicitur:
1622 5437 1801 5494 moris
1828 5432 1983 5496 enim

381 5505 710 5579 Qrzegorum
723 5513 811 5562 est
821 5520 1046 5563 crucem
1059 5521 1188 5564 cum
1205 5507 1454 5577 pretioso
1469 5507 1626 5579 ligno
1637 5508 1721 5564 vel
1751 5523 1878 5566 cum
1905 5526 1986 5568 re.

383 5573 591 5648 liquiis
623 5582 953 5636 sanctorum
981 5583 1114 5636 ante
1161 5573 1359 5652 pectus
1390 5573 1617 5651 portare
1645 5595 1982 5653 suspensam

2106 4495 2370 4550 Romana:
2389 4494 2657 4551 Ecclesia-
2669 4495 2969 4552 dixerunt:
2995 4498 3142 4570 Ergo
3161 4498 3228 4554 ad
3237 4511 3534 4554 monemus
3551 4511 3713 4566 eum,

2108 4584 2194 4642 uti
2228 4583 2486 4655 procidat
2514 4589 2723 4640 sancta:
2748 4583 2884 4640 huic
2914 4586 3148 4658 synodo,
3179 4591 3236 4642 et
3258 4586 3497 4642 inclinet
3526 4585 3706 4642 cervi-

2105 4687 2225 4730 cem
2255 4686 2416 4729 suam
2447 4672 2813 4729 sanctissimo
2861 4668 3200 4744 patriarchae
3246 4675 3468 4748 Ignatio
3498 4687 3606 4731 suo
3637 4675 3710 4730 ad

2106 4762 2494 4834 paenitendum
2526 4776 2699 4832 super
2728 4761 2805 4819 iis
2853 4776 2978 4834 qua:
3007 4763 3204 4836 gessit,
3249 4769 3307 4820 et
3329 4762 3699 4821 efficiendum

2102 4851 2417 4910 membrum
2448 4855 2656 4908 sanctae
2679 4851 2951 4922 Ecclesia,
2980 4865 3045 4908 ac
3092 4866 3152 4908 se
3181 4853 3518 4910 sociandum
3547 4851 3718 4909 Chri-

2098 4941 2418 4998 stianorum
2430 4947 2638 4996 sanctae
2649 4941 3064 5014 communioni,
3080 4941 3164 4997 uti
3182 4956 3303 4999 mos
3317 4938 3410 5017 [αι.
3423 4985 3438 5014 ,
3454 4947 3519 5000 ut
3531 4937 3708 5016 unus]

2099 5029 2354 5087 fidelium
2369 5029 2769 5100 laicorum,uti
2786 5029 2886 5086 ﬁat
2923 5029 2983 5085 in
3005 5029 3229 5088 lucrum
3253 5046 3340 5089 uae
3372 5031 3562 5103 ipsius
3581 5030 3706 5087 ani-

2097 5133 2200 5176 ma:
2219 5125 2391 5189 atque
2415 5131 2650 5174 suorum
2667 5160 2681 5186 ,
2700 5117 2834 5174 licet
2853 5119 2973 5174 sint
2985 5120 3219 5190 quidam
3253 5135 3382 5178 eum
3399 5121 3561 5193 sequi
3580 5137 3716 5194 pro-

2097 5211 2382 5280 ponentes.
2405 5205 2658 5262 Bahanes
2696 5205 3117 5267 famosissimus
3139 5209 3422 5280 patricius
3459 5215 3516 5268 et
3547 5225 3710 5284 prie—

2095 5369 2424 5446 ad_col_lum,
2446 5377 2502 5429 et
2523 5371 2908 5446 hocestquod
2933 5379 3139 5432 vocant
3165 5373 3513 5445 encolpium.

2094 5415 3552 5570 ;;b"if&‘¢?s£}ithiii‘iiB‘HeHi'EﬁFevé‘éh'tééTé‘S‘Feﬁo
3565 5445 3712 5518 quid

2168 5528 2199 5571 ν
2227 5528 2476 5574 aremus.
