4024 6170
316 287 372 344 81
1021 288 1568 348 ΙΝἸἘΒΡΒΕΤΑΤῙΟ
1604 292 1855 352 SYNODI
1889 296 1892 302 ’

2003 296 2011 350 l
2045 293 2553 385 GENERALIS.—'
2572 294 2773 353 ACTIO
2808 296 2895 352 VI.

3550 292 3624 351 82

314 411 523 484 positus
541 411 703 468 dixit
726 430 739 467 :
765 414 1041 485 Loquere,
1061 413 1293 471 domine
1313 416 1499 487 Photi,
1526 419 1907 492 quodcunque
1931 422 1989 482 A
2023 419 2256 476 inutilia
2284 422 2341 475 et
2392 419 2643 475 invalida
2684 425 2857 476 erunt
2887 434 3012 491 qua:
3049 433 3081 476 a
3113 424 3167 476 te
3207 422 3361 477 dicta
3412 426 3469 477 et
3485 427 3611 479 acta

234 562 237 563 ν
314 500 473 557 habm
485 501 744 570 justitiae
764 517 946 573 opus:
973 506 1130 559 totus
1152 504 1401 560 mundus
1433 505 1526 561 hic
1545 509 1633 562 est
1654 521 1721 564 ne
1741 509 1910 565 clau-

312 592 404 647 dat
420 590 639 648 viscera
674 604 783 647 sua
805 596 1001 647 sancta
1031 597 1087 648 et
1108 592 1454 649 universalis
1492 596 1770 665 synodus:
1795 612 1909 668 quo

315 691 542 750 namque
562 679 657 735 vis
676 693 750 735 ex
790 680 898 736 hoc
916 679 1221 753 confugere
1240 680 1269 735 ?
1290 682 1520 739 Romam
1542 684 1570 738 ‘I
1588 686 1728 741 Ecce
1742 699 1774 740 a
1791 687 1910 742 Ro—

311 781 392 824 ma
422 785 435 820 :
462 770 522 824 ln
551 768 851 825 Orientem
876 768 905 822 εἰ
929 770 1011 825 En
1030 769 1101 825 ab
1120 770 1350 826 Oriente
1374 772 1469 827 hic
1487 773 1732 829 adsunt:
1757 775 1905 846 vide,

305 871 372 913 ne
398 856 712 913 claudatur
749 858 929 927 janua
968 876 983 912 :
1019 858 1069 913 si
1116 858 1214 914 isti
1255 860 1590 923 elauserint.
1637 876 1799 919 nemo
1822 869 1910 920 est

302 946 403 1016 qui
425 946 669 1015 aperiat.
705 946 832 1015 Dic,
858 946 1026 1003 homo
1049 947 1171 1015 Dei,
1207 962 1375 1018 quam
1412 949 1582 1005 habes
1614 950 1910 1019 iustifica-

300 1035 517 1091 tionem
546 1033 576 1088 ?
614 1034 859 1091 Photius
894 1034 1049 1091 dixit
1085 1054 1098 1089 :
1142 1036 1277 1091 Mea:
1309 1034 1755 1107 justificationes
1796 1055 1907 1098 non

298 1128 439 1179 sunt
467 1123 530 1178 in
554 1123 663 1179 hoc
691 1123 903 1180 mundo
935 1125 1025 1194 :si
1059 1125 1117 1180 in
1150 1126 1362 1182 mundo
1394 1126 1499 1182 hoc
1536 1134 1745 1201 essent,
1776 1130 1908 1186 inde

297 1212 596 1268 videretis.
613 1212 1382 1270 Babaneslaud‘abilissimus
1398 1216 1678 1286 patricius
1697 1222 1754 1274 et
1773 1233 1909 1289 prae-

300 1302 531 1371 positus
548 1301 705 1357 dixit
728 1319 740 1355 :
765 1304 879 1358 Nos
896 1306 1153 1358 tenemus
1174 1304 1311 1374 quia
1321 1303 1659 1362 confusione
1672 1312 1729 1363 et
1752 1312 1905 1364 metu

294 1390 857 1461 depressusdesipis,
878 1390 1138 1446 nesciens
1149 1392 1288 1462 quid
1301 1392 1487 1448 dicas:
1508 1399 1738 1465 prepter
1752 1397 1902 1466 quod

294 1479 569 1533 concedit
590 1478 698 1533 tibi
722 1483 918 1533 sancta
938 1485 996 1534 et
1016 1479 1361 1551 universalis
1381 1483 1632 1552 synodus
1651 1485 1901 1553 spatium

289 1566 357 1622 ad
389 1566 790 1622 meditandum
812 1567 1053 1624 salutem
1077 1572 1252 1623 tuam.
1288 1569 1458 1640 Vade,
1499 1575 1555 1626 et
1598 1573 1904 1642 rursusju-

2017 509 2401 566 constiterint.
2462 509 2687 564 Scimus
2734 509 2872 579 quia
2913 509 3061 565 nihil
3113 514 3270 579 potes
3310 528 3325 578 ;
3359 512 3508 581 quod
3559 511 3611 567 si

2019 598 2191 653 habes
2210 598 2462 668 aliquam
2479 597 2972 669 justitlcationem,
2997 598 3257 669 loquere;
3281 600 3406 654 sine
3428 613 3614 668 perso—

2020 699 2221 742 narum
2252 687 2577 756 acceptione
2600 692 2822 743 constat
2840 701 2963 743 esse
3001 687 3332 742 concilium.
3372 688 3611 743 Photius

2018 780 2207 831 autem
2238 775 2434 831 crebro
2459 776 2789 846 compulsus
2809 782 2873 832 ut
2905 776 3181 833 rationem
3206 777 3386 846 daret,
3412 789 3615 831 mane-

2017 862 2115 918 bat
2140 863 2288 918 nihil
2320 864 2554 919 omnino
2580 865 2944 934 respondens.
2976 865 3193 921 Deinde
3211 865 3366 920 dixit
3410 868 3608 920 sancta

2017 957 2073 1006 et
2096 952 2441 1007 universalis
2461 953 2748 1023 synodus:
2790 953 2988 1025 Vadat,
3012 958 3069 1009 et
3110 953 3420 1023 perpendat
3459 953 3608 1023 quod

2018 1039 2131 1095 sibi
2152 1040 2494 1096 conveniens
2525 1042 2622 1097 sit.
2648 1043 2715 1098 Et
2734 1042 2913 1097 exivit
2934 1043 3191 1099 Photius.

2087 1128 2301 1184 Deinde
2320 1133 2478 1185 stans
2492 1129 2550 1184 in
2566 1130 2686 1185 med
2696 1130 3005 1200 ioStephan
3015 1146 3082 1186 us
3092 1133 3205 1188 Deo
3217 1130 3611 1187 amicissimus

2014 1217 2293 1273 diaconus
2323 1224 2531 1274 sancta:
2549 1220 3312 1290 Constantinopolitanorum
3344 1218 3610 1275 Ecclesia:

2015 1313 2071 1361 et
2083 1306 2321 1362 devotus
2333 1307 2861 1363 notariuslaudavit
2882 1308 2961 1363 ita
2981 1326 2993 1361 :
3020 1309 3417 1364 Multosannos
3440 1308 3612 1377 impe-

2014 1399 2267 1450 ratorum
2292 1395 2489 1451 Basilii
2521 1402 2577 1450 et
2595 1397 2953 1452 Constantini
2980 1397 2993 1450 ι
3029 1398 3357 1469 Magnorum
3383 1397 3610 1467 princi-

2015 1496 2147 1552 pum
2169 1488 2224 1538 et
2246 1484 2653 1553 imperatorum
2676 1486 2886 1541 multos
2907 1499 3086 1541 annos
3110 1485 3122 1539 i
3146 1486 3605 1541 Orthodoxorum

2012 1571 2419 1641 imperatorum
2443 1574 2653 1629 multos
2674 1588 2854 1631 annos
2878 1574 2890 1628 ι
2916 1574 3284 1630 Pacificorum
3310 1574 3609 1643 imperato-

288 1654 387 1710 bet
414 1654 527 1710 tibi
586 1654 781 1710 venire
806 1655 937 1710 huc.
967 1656 1205 1713 Photius
1240 1657 1386 1713 disit
1429 1676 1442 1712 :
1471 1659 1729 1729 Spatium
1764 1661 1903 1733 qui-
2011 1674 2137 1715 rum
2160 1660 2372 1716 multos
2408 1674 2589 1717 annos
2617 1662 3040 1732 lDepositorum
3066 1662 3370 1731 injustitia:
3396 1662 3608 1717 multos

286 1743 425 1799 dem
449 1757 563 1800 non
587 1743 861 1813 deprecor
924 1748 989 1799 ut
1001 1750 1189 1800 autem
1206 1746 1437 1803 emittar
1454 1761 1487 1803 a
1506 1748 1688 1817 vobis,
1704 1754 1902 1805 vestrae
1933 1743 1981 1802 Β
2009 1762 2189 1804 annos
2209 1748 2221 1802 ι
2242 1750 2501 1805 Hostium
2516 1751 2797 1807 mendacii
2818 1751 3030 1808 multos
3044 1750 3253 1807 annos!
3274 1749 3605 1806 Amatorum

286 1833 603 1903 potestatis
622 1838 728 1888 est.
753 1832 1008 1889 Babanes
1027 1834 1526 1893 laudabilissimus
1545 1838 1825 1907 patricius
1844 1845 1900 1896 et
2008 1841 2065 1892 et
2075 1836 2360 1893 fautorum
2382 1839 2645 1895 veritatis
2662 1840 2870 1895 multos
2883 1853 3062 1896 annos
3082 1840 3094 1893 ι
3121 1839 3390 1895 Eudoxize
3415 1838 3607 1908 piissi-

286 1920 645 1991 praapositus
668 1921 852 1977 dixit:
883 1923 1097 1980 Bonum
1111 1929 1197 1980 est
1216 1929 1460 1980 tractare
1471 1931 1677 1995 tecum,
1696 1932 1754 1983 et
1771 1942 1901 1984 con-
2009 1939 2111 1981 mae
2129 1925 2399 1998 Augusta:
2416 1928 2628 1984 multos
2645 1942 2825 1984 annos
2842 1928 2855 1982 l
2880 1928 3100 1984 Nieolai
3116 1928 3433 1984 beatissimi
3450 1939 3606 1996 papae

282 2011 554 2066 siderare
590 2011 742 2080 quod
768 2012 1052 2083 expediat,
1092 2017 1150 2068 et
1187 2014 1481 2083 procidere
1510 2015 1647 2071 huic
1689 2023 1897 2073 sancta
2006 2013 2243 2070 Romani
2264 2020 2472 2072 aeterna
2495 2017 2767 2072 memoria
2795 2015 3071 2072 lAdriani
3105 2016 3408 2073 orthodoxi
3438 2027 3606 2087 papae

281 2099 532 2169 synodo.
554 2098 848 2155 Judicium
868 2100 1022 2156 enim
1046 2115 1154 2158 non
1185 2103 1476 2173 accipiens
1493 2116 1809 2175 personam,
1829 2119 1896 2162 ae
2003 2103 2241 2158 Romani
2267 2104 2479 2160 multos
2492 2106 2699 2161 annos!
2716 2105 2923 2176 Ignatii
2936 2104 3238 2161 orthodoxi
3263 2104 3604 2173 patriarchae

279 2187 582 2244 divinitus
605 2187 1055 2261 inspiratum,et
1078 2192 1629 2248 sanctauniversalis
1645 2195 1897 2264 synodus
2004 2190 2574 2261 Constantinopoleos
2614 2193 2824 2249 multos
2862 2206 3041 2248 annos
3082 2192 3096 2246 ι
3138 2192 3599 2247 Orthodoxorum

283 2290 397 2333 non
424 2290 494 2332 ex
522 2290 641 2332 uno
659 2282 745 2332 est
770 2282 1014 2349 tantum,
1038 2279 1133 2334 sed
1158 2284 1222 2335 ut
1235 2281 1626 2352 praediximus,
1650 2296 1720 2338 ex
1742 2296 1900 2339 mun-
2008 2280 2462 2350 patriarcharum
2484 2281 2739 2337 Orientis
2773 2281 2984 2336 multos
3019 2294 3199 2337 annos
3239 2279 3252 2334 Ξ
3284 2279 3600 2335 Orthedoxi

278 2366 337 2422 di
368 2365 601 2422 ﬁnibus
634 2370 758 2435 est;
799 2371 855 2422 et
895 2368 1022 2424 ideo
1060 2382 1353 2425 monemus
1383 2375 1445 2425 ut
1470 2371 1820 2443 pmnitearis,
1843 2375 1900 2427 et
2007 2376 2239 2425 senatus
2261 2371 2471 2426 multos
2492 2384 2671 2426 annos
2696 2370 2708 2423 l
2737 2371 2953 2425 Sanctae
2976 2374 3033 2425 et
3054 2368 3400 2425 universalis
3420 2381 3600 2440 syno-

280 2456 552 2512 solvatur
571 2455 959 2512 anathematis
977 2459 1257 2513 sententia
1270 2473 1396 2529 qua:
1418 2459 1477 2515 in
1491 2464 1545 2515 te
1563 2460 1777 2530 prolata
1790 2465 1895 2516 est.

278 2546 416 2601 Post
434 2545 761 2602 discessum
782 2546 936 2601 enim
966 2553 1291 2605 sanctorum
1329 2548 1675 2606 vicariorum
1696 2555 1901 2609 cuncta

2006 2459 2067 2515 di
2098 2464 2308 2515 mterna
2337 2458 2646 2515 memorial

1613 2844 1866 2914 ACTIO
1965 2843 2277 2916 SEXTA.

343 3145 406 3199 In
440 3141 688 3199 nomine
715 3140 948 3198 Domini
981 3145 1037 3197 et
1064 3141 1447 3198 dominatoris
1478 3140 1737 3197 omnium
1762 3140 1895 3196 Jesu
1923 3138 1973 3205 C
2005 3138 2213 3210 niario,
2239 3138 2558 3196 Thheohilo
2589 3139 3158 3212 magnificentissimo
3179 3142 3518 3212 proconsule
3542 3146 3598 3198 et

271 3231 495 3288 Christi
523 3230 647 3286 veri
677 3230 778 3285 Dei
809 3235 866 3286 et
884 3230 1195 3287 Salvatoris
1224 3230 1426 3286 nostri.
1460 3229 1692 3300 Imperii
1722 3242 1755 3285 a
1782 3230 1896 3285 Deo

273 3325 689 3377 coronatorum
702 3324 758 3374 et
772 3319 1390 3389 tranquillissimorum
1415 3318 1780 3375 dominorum
1804 3331 1899 3373 no-

272 3415 555 3477 strorum,
570 3407 771 3462 Basilii
786 3407 1017 3477 quidem
1028 3420 1177 3463 anno
1191 3406 1379 3474 tertio,
1392 3405 1752 3462 Constantini
1768 3418 1898 3460 vero

272 3498 378 3554 filii
400 3499 454 3568 ej
466 3512 541 3554 us
570 3510 723 3552 anno
748 3496 1019 3566 secundo,
1050 3501 1451 3565 perpetuorum
1486 3494 1897 3565 Augustorum,

270 3593 471 3643 octavo
508 3585 786 3641 kalendas
822 3583 1141 3655 Octobrias,
1177 3583 1495 3639 indictione
1524 3582 1743 3652 tertia;
1777 3595 1901 3652 pro-

270 3676 484 3746 positis
510 3674 785 3745 pretiosis
813 3687 880 3729 ac
892 3673 1413 3745 viviﬁcislignis,et
1435 3671 1790 3728 intemeratis
1815 3685 1900 3727 sa-

269 3766 410 3821 lutis
439 3769 661 3820 nostra:
686 3762 1031 3833 Evangeliis;
1055 3761 1394 3832 praesidente
1419 3761 1612 3817 eodem
1628 3761 1895 3831 piissimo

266 3859 322 3909 et
339 3854 539 3909 amico
558 3851 778 3906 Christi
804 3851 1163 3921 imperatore,
1192 3850 1251 3905 in
1272 3850 1503 3905 dextera
1523 3854 1682 3919 parte
1700 3849 1889 3921 magni

270 3942 531 3999 nominis
557 3940 758 4011 templi
785 3953 998 4011 magnae
1018 3938 1272 3995 ecclesia:
1294 3957 1306 3992 :
1341 3939 1709 3998 conveniente
1730 3951 1891 3993 sanc-

269 4037 321 4086 ta
339 4045 406 4086 ac
433 4029 757 4087 universali
781 4028 1017 4099 synodo,
1044 4028 1099 4082 id
1123 4032 1210 4083 est
1230 4028 1447 4083 Donato
1466 4028 1581 4082 Deo
1602 4025 1887 4081 amicissi-

270 4134 356 4176 mo
378 4120 661 4190 episcOpo
680 4116 956 4188 Ostiensi,
979 4123 1035 4172 et
1067 4117 1353 4187 Stephano
1373 4118 1487 4172 Deo
1526 4115 1883 4171 amicissimo

268 4209 540 4279 episcOpo
561 4207 871 4277 Nepesino,
902 4212 959 4261 et
986 4206 1206 4261 Marino
1237 4205 1710 4261 reverendissimo
1748 4203 1883 4259 dia—

270 4313 407 4355 cono
427 4303 651 4354 sanctze
671 4298 1054 4352 Romanorum
1077 4295 1342 4351 Ecclesiae
1368 4295 1554 4349 locum
1576 4291 1882 4348 obtinenti-

270 4387 373 4443 bus
392 4387 648 4443 Adriani
672 4384 1027 4441 sanctissimi
1069 4398 1226 4454 papae
1265 4382 1523 4451 Romani,
1565 4387 1622 4436 et
1662 4380 1879 4451 lgnatio

2006 3227 2269 3298 patricio,
2293 3229 2525 3284 Tarasio
2564 3228 3132 3300 magnificentissimo
3170 3231 3508 3300 proconsule
3536 3244 3604 3288 ac

2008 3317 2270 3386 patricio,
2300 3317 2473 3372 Paulo
2496 3317 3063 3389 magniﬁcentissimo
3095 3319 3336 3387 patricio
3364 3324 3421 3375 et
3448 3333 3610 3391 epar-

2006 3405 2115 3459 eho
2148 3414 2188 3474 ⁸,
2212 3404 2477 3460 Barbatio
2518 3405 3083 3476 magnificentissimo
3118 3407 3382 3478 patricio,
3424 3410 3603 3463 Leone

2008 3490 2577 3563 magnificentissimo
2612 3492 2856 3560 patricio
2876 3498 2932 3546 et
2950 3492 3263 3548 domestico
3297 3495 3604 3552 excubito—

2009 3593 2160 3650 rum,
2174 3579 2429 3635 Manuele
2447 3579 3013 3651 magnificentissimo
3030 3579 3294 3652 patricio,
3313 3582 3604 3653 Tneophy—

2009 3668 2158 3724 Iacto
2180 3667 2747 3739 magniﬁcentissimo
2770 3667 3036 3738 patricio,
3054 3669 3349 3725 Petronate
3370 3671 3601 3741 magni-

2006 3756 2378 3813 ficentissimo
2430 3757 2694 3829 patricio,
2736 3756 2992 3812 Manuele
3031 3756 3600 3829 magniﬁcentissimo

2003 3845 2263 3916 patricio.
2295 3859 2397 3901 nec
2420 3860 2531 3901 non
2553 3851 2608 3902 et
2624 3845 3058 3902 considentibus
3076 3848 3191 3901 Deo
3225 3847 3601 3904 amicissimis

2000 3934 2402 4005 metr0politis,
2418 3934 2642 3989 scilicet
2658 3934 2870 3989 Basilio
2880 3934 3358 3990 Deoamicissimo
3382 3936 3604 3993 archie-

1996 4023 2137 4093 pisc.
2161 4022 2391 4094 Ephesi,
2409 4022 2725 4092 Theophile
2740 4024 2852 4078 Deo
2867 4023 3221 4079 amicissimo
3236 4024 3599 4094 metropolita

1989 4111 2245 4183 Ancyrae,
2263 4112 2515 4168 Barnaba
2548 4114 2662 4168 Deo
2687 4111 3041 4167 amicissimo
3060 4114 3420 4182 metr0polita
3439 4113 3593 4184 Cyzi,

1990 4200 2309 4271 Nicephoro
2372 4201 2484 4256 Deo
2526 4200 2883 4256 amicissime
2954 4201 3317 4271 metropolita
3371 4202 3591 4274 Nicaeae,

1988 4291 2308 4361 Nicephoro
2326 4293 2438 4347 Deo
2458 4291 2813 4347 amicissimo
2846 4292 3181 4361 metropoita
3210 4291 3473 4360 Amasiaa,
3502 4292 3596 4347 Ni-

1989 4387 2110 4438 ceta
2126 4383 2239 4438 Deo
2259 4382 2614 4438 amicissimo
2646 4381 3007 4450 metropolita
3026 4381 3397 4451 Athenarum,
3420 4382 3595 4436 Theo-

268 4477 643 4532 sanctissimo
663 4474 988 4545 patriarcha
1018 4473 1586 4543 Constantinopoleos
1619 4492 1633 4544 ;
1666 4478 1721 4528 et
1740 4474 1881 4528 Tho—
1906 4467 1958 4528 D
1988 4473 2127 4528 dero
2148 4475 2260 4527 Deo
2285 4472 2638 4527 amicissimo
2664 4471 3021 4541 metropolita
3042 4471 3241 4536 Carim,
3264 4472 3594 4541 Metropha-

270 4579 356 4621 ma
385 4564 769 4620 sanctissimo
801 4562 1125 4632 metrpolita
1163 4562 1315 4633 Tyri,
1358 4562 1545 4618 locum
1586 4562 1879 4617 obtinente

268 4655 423 4710 sedis
441 4652 771 4723 Antiochea,
792 4657 848 4707 et
869 4652 1027 4707 Helia
1038 4653 1151 4707 Deo
1172 4651 1578 4707 colendissimo
1600 4651 1882 4721 presbyte-

270 4741 710 4825 roetsyncello,
750 4740 940 4796 locum
979 4741 1273 4796 obtinente
1312 4741 1872 4811 Hierosolymorum:

268 4838 544 4903 prasente
566 4836 760 4887 autem
783 4835 838 4885 et
863 4843 1024 4885 sacro
1046 4834 1266 4898 senatu,
1298 4829 1568 4885 videlicet
1587 4828 1878 4884 Theodoro

266 4919 849 4993 magniﬁcentissimo
872 4918 1117 4987 patricio
1150 4918 1442 4990 magistro,
1465 4917 1877 4987 Christophero

265 5007 851 5081 magniﬁcentissimo
883 5006 1127 5077 patricio
1150 5006 1442 5077 magistro,
1465 5008 1645 5061 Leone
1668 5004 1880 5077 magni-

265 5097 651 5153 ﬁcentissimo
674 5095 1019 5167 proconsule
1039 5109 1105 5150 ac
1146 5095 1408 5166 patricio,
1452 5094 1709 5151 Hemerio
1753 5107 1879 5148 ma—

263 5186 754 5256 gniﬁcentissimo
802 5184 1140 5255 proconsule
1178 5197 1242 5239 ac
1284 5184 1555 5255 patricio,
1594 5183 1879 5253 Stephano

265 5274 848 5345 magniﬁcentissimo
881 5274 1126 5344 patricio
1145 5278 1201 5329 et
1226 5273 1544 5342 sacellario,
1570 5273 1748 5327 Leone
1772 5283 1882 5325 ma-

265 5363 755 5434 gniﬁcentissimo
778 5362 1120 5433 proconsule
1140 5376 1204 5418 ac
1235 5362 1499 5432 patricio,
1531 5360 1750 5415 Marino
1773 5372 1884 5414 ma-

269 5451 761 5521 gniﬁcentissimo
808 5452 1168 5523 proconsule,
1213 5449 1458 5521 patricio
1497 5452 1553 5505 et
1583 5448 1886 5520 protoscri-

340 5590 365 5618 ι
393 5580 461 5635 Id
488 5584 592 5649 est,
617 5576 905 5650 prafecto.

1990 4575 2059 4616 ne
2077 4564 2187 4617 Deo
2203 4561 2556 4617 amicissimo
2574 4560 2933 4629 metropolita
2944 4560 3214 4630 Smyrnae,
3231 4560 3586 4632 Basilio,Deo

1987 4651 2340 4707 amicissimo
2356 4650 2626 4719 metropol
2638 4650 2713 4705 ita
2728 4650 3167 4721 Gangrensium,
3181 4649 3461 4720 Cypriane
3474 4652 3588 4706 Deo

1987 4740 2341 4796 amicissimo
2386 4740 2747 4810 metropolita
2786 4738 3244 4809 Claudiopoleos,
3294 4738 3586 4795 Hilarione

1987 4831 2100 4885 Deo
2137 4830 2490 4886 amicissimo
2514 4829 2877 4899 metropolita
2897 4828 3182 4899 Corinthi,
3215 4828 3449 4884 Nicolao
3471 4829 3585 4884 Deo

1988 4919 2342 4975 amicissimo
2362 4918 2723 4988 metropolita
2744 4918 3157 4989 Synnadorum,
3181 4916 3455 4972 Michaele
3469 4917 3583 4971 Deo

1986 5008 2340 5065 amicissimo
2368 5007 2729 5077 metropolita
2752 5006 2959 5078 Rhodi,
2983 5006 3288 5076 Euthymio
3315 5007 3425 5061 Deo
3445 5004 3585 5060 ami-

1987 5097 2223 5154 cissimo
2252 5095 2613 5165 metropolita
2635 5096 2878 5165 Catena},
2907 5096 3108 5151 Photio
3127 5096 3241 5151 Deo
3283 5093 3583 5150 amicissi-

1989 5200 2079 5242 mo
2099 5186 2531 5256 archiepiscopo
2553 5185 2821 5257 Nacolize,
2842 5184 3125 5253 Stephano
3146 5186 3257 5239 Deo
3283 5181 3582 5238 amicissi-

1990 5290 2080 5331 mo
2100 5275 2530 5345 archiepiscopo
2553 5273 2967 5344 Cypsallorum,
2992 5272 3204 5328 Basilio
3225 5272 3337 5326 Deo
3357 5269 3582 5325 amicis-

1989 5365 2137 5421 simo
2156 5364 2588 5434 archiepiscopo
2615 5362 2882 5433 Misthiaz,
2924 5360 3264 5431 Theophane
3302 5360 3416 5413 Deo
3445 5357 3590 5413 ami-

1988 5454 2224 5511 cissimo
2241 5453 2674 5527 archiepiscopo
2693 5452 2902 5523 Selges,
2918 5450 3093 5506 Paulo
3106 5445 3580 5505 Deoamicissimo
