4052 6168
363 269 436 328 83
1560 274 1920 332 ANASTASII
1976 275 2519 334 BIBLIOTHECARII
3629 273 3697 336 84

367 398 799 470 archiepiscopo
823 400 1093 472 Apamiae,
1127 402 1340 458 Joanne
1376 400 1490 458 Deo
1524 401 1880 458 amicissimo
1923 415 1994 458 e—
2018 402 2078 464 A
2107 406 2246 473 quet
2265 406 2454 460 autem
2478 415 2633 460 nunc
2655 401 2824 460 nobis
2843 401 2987 458 tales
3009 399 3698 473 tluvius,diviunsvideli‘

369 489 602 560 piscopo
651 487 764 560 Cii,
809 489 1123 546 Athanasio
1163 491 1278 547 Deo
1327 491 1682 547 amicissimo
1723 490 1992 561 episcopo

328 645 340 651 _
368 577 600 634 Anhelii
627 579 715 634 Ma
737 577 947 647 ςηθείω,
971 579 1262 635 Theodoro
1288 581 1400 635 Deo
1445 580 1802 636 amicissimo
1831 579 1997 650 epis-

373 680 516 737 c0po
543 667 788 740 Sinopae,
826 667 1134 723 Eustachio
1171 669 1282 724 Deo
1325 668 1678 724 amicissimo
1728 669 1996 738 episcopo

372 756 666 828 Emonize,
688 757 980 813 Theodoro
1000 758 1111 813 Deo
1130 757 1484 814 amicissimo
1517 759 1784 828 episcopo
1823 759 2000 813 Lace-

379 845 694 904 daemoniae.
713 846 1033 916 Nicephoro
1051 847 1166 903 Deo
1185 846 1540 903 amicissimo
1559 847 1826 918 episcopo
1839 849 2000 917 Zacy.

380 935 859 1006 nthi,Euthymio
885 935 1152 1004 episcopo
1194 937 1578 1008 Mosynorum,
1627 937 1840 992 Basilio
1885 938 2000 993 Deo

379 1024 734 1080 amicissimo
753 1024 1018 1095 episcopo
1061 1025 1272 1096 Pyrgii,
1305 1025 1550 1098 Georgio
1578 1025 1692 1082 Deo
1719 1025 2002 1082 amicissi-

382 1125 474 1168 mo
499 1110 766 1182 episcopo
785 1112 956 1183 Helii,
989 1113 1154 1168 Petro
1190 1113 1304 1169 Deo
1340 1114 1695 1170 amicissimo
1733 1114 2000 1184 episcopo

382 1199 640 1270 Troadis,
679 1203 860 1258 Leone
889 1202 1003 1257 Deo
1039 1201 1393 1258 amicissimo
1435 1203 1702 1274 episcOpo
1739 1202 2004 1274 Daphna-

385 1289 507 1362 siae,
530 1289 724 1346 Nieeta
743 1291 858 1346 Deo
883 1289 1238 1347 amicissimo
1257 1291 1524 1361 episcopo
1535 1291 1771 1364 Photite,
1790 1291 2003 1348 Basilio

383 1379 500 1434 Deo
563 1378 917 1435 amicissimo
973 1379 1238 1450 episcopo
1289 1380 1524 1450 Gratiaa,
1571 1379 1845 1436 Damiano
1889 1381 2004 1436 Deo

386 1466 741 1525 amicissimo
769 1471 1034 1542 episcopo
1081 1470 1490 1542 Miletopoleos,
1523 1470 1862 1541 TheOphane
1893 1471 2006 1525 Deo

389 1557 743 1617 amicissimo
761 1562 1030 1632 episcopo
1047 1563 1271 1634 Tralles,
1303 1562 1538 1620 Leontio
1572 1563 1686 1618 Deo
1725 1561 2008 1619 amicissi-

391 1659 484 1702 mo
506 1647 772 1718 epiSCOpo
791 1651 1121 1722 Neopoleos,
1136 1653 1300 1724 Josep
1315 1653 1348 1708 h
1363 1653 1476 1708 Deo
1487 1651 1842 1708 amicissimo
1863 1651 2008 1722 epis-

2106 496 2272 547 cetac
2293 492 2654 564 principalis,
2673 493 2730 547 et
2749 491 3154 549 sanctissimus
3177 491 3448 562 Spiritus,
3475 490 3546 546 de
3572 503 3702 560 quo—

2105 580 2253 636 dicit
2283 581 2546 637 divinum
2581 587 2638 638 et
2669 581 2988 652 principale
3016 581 3262 637 Verbum
3292 579 3560 636 Christus
3593 578 3704 634 Sal-

2108 673 2268 725 vator
2293 673 2513 725 noster:
2529 670 2632 736 Qui
2643 671 2815 724 credit
2838 672 3011 733 inme,
3035 671 3263 738 ﬂumina
3289 670 3354 722 de
3380 673 3566 724 ventre
3588 669 3704 737 ejus

2105 761 2276 828 ﬂuent
2297 775 2454 828 aquae
2475 761 2628 815 vivae.
2652 763 2766 815 Hoc
2785 764 2965 815 autem
2989 759 3200 815 dicebat
3229 759 3295 812 de
3316 757 3529 827 Spiritu
3553 771 3706 826 quem

2108 851 2382 919 accepturi
2410 855 2566 904 erant
2586 851 2860 904 credentes
2881 851 2940 904 in
2959 866 3080 905 eum
3101 849 3276 920 sicut,
3298 848 3451 905 dixit
3475 850 3708 902 sanctus

2107 939 2350 994 Joannes
2365 939 2710 1012 evangelista
2722 937 2896 1010 (Joan.
2921 937 3040 1011 vn).
3059 939 3160 994 Hic
3185 941 3272 994 est
3289 937 3441 993 enim
3455 936 3708 1006 Spiritus

2109 1027 2180 1082 de
2204 1041 2317 1098 quo
2339 1029 2494 1086 dixit
2518 1029 2792 1100 propheta
2815 1027 3024 1084 David:
3062 1028 3328 1082 Fluminis
3355 1027 3587 1096 impetus
3626 1025 3714 1079 ιω-

2111 1118 2281 1186 tiﬁcat
2304 1118 2574 1173 civitatem
2595 1119 2696 1173 Dei
2720 1116 2884 1186 (Psal.
2917 1116 3113 1188 XLVII),
3143 1115 3412 1171 videlicet
3455 1117 3710 1170 sanctam

2112 1204 2443 1262 Ecclesiam.
2478 1208 2590 1262 Iste
2615 1206 2827 1263 ﬂuvius
2848 1210 3105 1278 segregat
3131 1204 3378 1274 impetus
3397 1215 3534 1258 suos
3561 1213 3712 1256 nunc

2118 1295 2176 1350 in
2212 1299 2461 1364 quatuor
2487 1295 2680 1364 initia,
2707 1295 2766 1350 in
2787 1294 3182 1350 sanctissimos
3217 1291 3440 1348 scilicet
3467 1290 3715 1345 vicarios

2117 1385 2370 1440 senioris
2397 1385 2607 1455 Romae,
2637 1390 2692 1440 et
2719 1383 2779 1439 in
2803 1381 3498 1452 Constantinopolitanum
3529 1378 3717 1434 imita-

2115 1480 2295 1531 torem
2319 1474 2420 1530 Dei
2449 1473 2831 1544 patriarcham
2865 1473 3168 1544 Ignatium.
3201 1476 3374 1542 atque
3405 1469 3464 1524 in
3489 1482 3589 1524 eos
3615 1465 3713 1538 qui

2115 1578 2184 1621 ex
2221 1563 2497 1620 ambabus
2529 1563 2764 1620 sedibus
2787 1561 3043 1619 Orientis
3079 1560 3445 1628 advenerunt,
3480 1554 3721 1612 sanctis-

2117 1655 2295 1710 simos
2349 1653 2614 1710 vicarios.
2649 1653 2776 1708 Haec
2823 1652 3018 1722 itaque
3043 1654 3238 1707 sancta
3277 1654 3335 1705 et
3371 1644 3720 1704 universalis

389 1747 533 1805 copo
549 1737 857 1794 Palaeorum
879 1745 936 1795 et
953 1741 1322 1814 GeorgioDeo
1347 1740 1702 1797 amicissimo
1739 1741 2007 1811 episcopo
2033 1729 2088 1791 B
2117 1743 2370 1814 synodus
2394 1755 2526 1798 arca
2567 1741 2776 1798 salutis
2801 1745 2904 1798 est.
2933 1742 3002 1797 ad
3049 1753 3218 1812 quam
3273 1735 3620 1810 confugiunt
3665 1733 3722 1788 et

392 1823 687 1883 Adrianaa:
713 1827 806 1884 his
824 1828 1654 1903 itaconvenientibus,surgens
1676 1829 2008 1901 Metropha—

395 1927 496 1970 nes
513 1915 627 1972 Deo
655 1916 1046 1975 amicissimus
1063 1919 1704 1992 metropolitaSmyrnaa,
1725 1918 1784 1974 in
1822 1919 2008 1977 medio

393 2009 603 2060 sancta:
628 2005 972 2065 universalis
1003 2008 1204 2079 synodi
1244 2013 1422 2080 stans,
1467 2011 1863 2081 pronuntiavit
1900 2025 2010 2067 ma-

395 2107 504 2169 gna
541 2107 676 2153 voce
711 2095 770 2152 in
811 2097 1139 2154 audentiam
1166 2098 1423 2156 omnium
1465 2099 1855 2157 ita:Justitia3
1898 2100 2005 2157 sol.

397 2187 498 2257 qui
521 2192 610 2244 est
637 2200 902 2258 magnum
924 2191 1186 2242 etverum
1199 2183 1536 2244 acdivinum
1562 2189 1880 2259 principale
1895 2202 2006 2260 que

395 2291 613 2347 lumen,
633 2277 848 2348 quique
862 2275 1022 2332 solus
1045 2278 1135 2331 est
1164 2275 1406 2332 inﬁnitae
1431 2276 1700 2346 potentiaa
1729 2277 2010 2334 Dominus

401 2370 458 2422 et
473 2367 856 2434 Deus-noster,
879 2363 980 2434 qui
1003 2363 1188 2420 dixit:
1216 2365 1381 2418 Fiant
1406 2365 1704 2420 luminaria
1729 2367 1788 2419 in
1815 2369 2014 2435 ﬁrma—-

396 2458 572 2508 mento
585 2454 701 2507 caeli
723 2455 799 2507 ad
825 2453 1278 2507 illuminationem
1297 2457 1456 2507 terra:
1485 2471 1503 2518 ;
1533 2455 1780 2521 fecitduo
1812 2470 2014 2522 magna

400 2545 697 2598 luminaria
711 2543 978 2596 luminare
989 2543 1205 2612 quidem
1222 2541 1404 2610 majus
1433 2543 1493 2596 in
1509 2544 1787 2613 principio
1807 2561 1841 2598 α
1881 2543 2010 2603 diei,

395 2634 578 2686 minus
603 2635 784 2686 autem
822 2633 882 2684 in
904 2633 1178 2702 principio
1202 2631 1394 2692 noctis,
1426 2635 1477 2684 et
1498 2633 1690 2700 pasuit
1712 2648 1775 2686 ea
1824 2634 1885 2686 in
1911 2636 2018 2702 ﬁr—

399 2724 666 2774 mamento
691 2719 826 2782 caeli,
849 2723 910 2774 ut
919 2721 1154 2789 prmsint
1173 2721 1284 2775 diei
1301 2734 1363 2772 ac
1379 2723 1524 2776 nocti
1542 2719 1692 2792 (Gen.
1714 2735 1730 2775 1
1737 2735 1752 2794 )
1775 2739 1791 2790 ;
1813 2725 1870 2776 et
1899 2725 2018 2776 tan-

405 2821 574 2880 quam
597 2807 853 2878 quaadam
877 2822 1076 2880 magna
1101 2809 1430 2866 luminaria:
1455 2809 1724 2866 videlicet
1757 2809 2014 2880 quinque

343 2895 354 2904 '
405 2896 814 2968 patriarchalia
853 2897 1043 2966 capita
1087 2897 1148 2952 in
1171 2897 1655 2954 illuminationem
1687 2899 1866 2954 totius
1911 2903 2018 2953 ter-

407 2999 505 3058 rae,
532 2999 646 3056 quo
671 2985 906 3054 praesint
933 2985 1051 3041 diei
1076 3000 1142 3042 ac
1167 2987 1340 3042 nocti:
1369 2993 1426 3043 et
1450 2991 1716 3057 separent
1741 2987 1892 3043 inter
1937 2987 2020 3042 lu-

2118 1831 2449 1889 introibunt
2464 1844 2660 1887 omnes
2687 1829 2789 1900 qui
2813 1830 3180 1900 praeordinati
3210 1828 3426 1885 suntin
3456 1827 3634 1882 vitam
3655 1837 3724 1878 ae-

2117 1927 2356 1978 ternam.
2383 1921 2454 1976 Et
2479 1923 2544 1976 tu
2566 1934 2645 1988 es,
2673 1921 2856 1976 amice
2878 1919 3095 1976 Christi
3139 1917 3386 1974 domine.
3419 1917 3554 1983 Noe,
3603 1913 3725 1982 jus-

2118 2015 2214 2066 tus
2240 2009 2506 2065 inventus
2538 2009 2594 2064 in
2617 2013 2924 2078 conspectu
2947 2008 3048 2064 Dei
3081 2006 3141 2062 in
3177 2004 3542 2078 generatione
3572 2007 3675 2058 tua
3707 2036 3722 2084 ς

2119 2097 2256 2168 quia
2313 2098 2481 2154 talem
2527 2111 2718 2154 arcam
2773 2095 3091 2168 fabricasti,
3149 2091 3558 2163 benedixitque
3612 2089 3722 2145 tibi

2117 2188 2288 2258 Deus,
2315 2191 2373 2242 et
2403 2185 2550 2257 proli
2577 2186 2794 2242 ventris
2827 2187 2936 2257 tui,
2969 2191 3026 2242 et
3048 2185 3224 2242 timor
3253 2188 3390 2240 tuus
3431 2187 3488 2237 et
3512 2185 3728 2236 tremor

2119 2285 2258 2336 tuus
2285 2277 2400 2333 erit
2419 2275 2734 2333 secundum
2761 2279 3011 2331 veterem
3045 2277 3160 2332 Noe
3191 2286 3364 2343 super
3386 2283 3581 2328 omnes
3607 2269 3729 2324 bes-

2121 2369 2235 2424 tias
2262 2365 2408 2436 agri,
2438 2369 2496 2420 et
2519 2379 2692 2434 super
2714 2364 2908 2420 omnia
2932 2363 3193 2420 volatilia
3220 2361 3368 2432 caeli,
3397 2361 3501 2416 hoc
3521 2363 3610 2415 est
3633 2373 3733 2414 su-

2124 2470 2224 2527 per
2252 2454 2446 2512 omnia
2477 2467 2604 2524 qute
2629 2453 2779 2509 bella
2811 2456 3022 2523 amant,
3053 2457 3110 2507 et
3147 2450 3427 2520 iniidelia,
3465 2459 3592 2520 quae
3620 2447 3732 2503 sci-

2126 2545 2262 2600 licet
2285 2542 2394 2600 sub
2439 2541 2708 2598 universo
2736 2541 2880 2597 cmlo
2920 2541 3265 2598 consistunt.
3296 2540 3421 2594 Haec
3451 2541 3646 2593 sancta
3672 2539 3732 2590 et

2134 2631 2478 2691 universalis
2502 2631 2754 2701 synodus
2778 2634 2866 2686 est
2893 2629 3178 2700 benignus
3208 2631 3265 2684 et
3283 2626 3470 2683 bonus
3496 2629 3729 2696 puteus,

2129 2735 2295 2794 quem
2317 2719 2516 2777 fodisti
2539 2725 2622 2789 tu,
2649 2721 2761 2776 Deo
2781 2717 3200 2784 amantissime,
3223 2715 3507 2772 Abraham
3529 2713 3734 2769 servus

2129 2817 2186 2867 et
2207 2810 2428 2866 amicus
2446 2809 2548 2864 Dei
2569 2807 2786 2864 excelsi
2810 2825 2823 2861 :
2849 2807 2946 2862 cui
2974 2811 3031 2862 et
3053 2805 3314 2861 invident
3338 2803 3570 2874 quidem
3601 2802 3737 2857 Phi-

2131 2900 2360 2970 listiim,
2390 2911 2502 2954 non
2545 2901 2734 2953 autem
2786 2895 3017 2966 penitus
3041 2893 3286 2950 obruent
3316 2909 3331 2959 ;
3379 2891 3474 2946 sed
3503 2896 3738 2960 supera;

2136 2989 2352 3046 buntur
2375 2985 2647 3056 operibus
2666 2989 2722 3040 et
2741 2983 2956 3040 studiis
2971 2982 3110 3050 tuis,
3141 2979 3617 3052 quemadmodum
3640 2977 3736 3034 illi

405 3086 533 3144 men
545 3077 602 3128 et
615 3072 896 3142 tenebras,
912 3073 1330 3130 idestintereos
1343 3075 1832 3146 quiaguntopera.
1869 3075 2019 3132 lucis
2051 3093 2104 3155 ρ
2129 3078 2267 3134 olim
2293 3074 2463 3132 amici
2490 3078 2548 3130 et
2572 3071 2890 3129 beatissimi
2918 3070 3256 3142 patriarcha:
3280 3067 3520 3124 Abrahae
3543 3072 3601 3122 et
3625 3067 3739 3123 sub

408 3161 516 3217 hoc
535 3165 622 3216 est
639 3160 850 3216 divinae
865 3161 1130 3234 justitiae,
1153 3167 1210 3217 et
1237 3162 1494 3218 intereos
1521 3163 1620 3234 qui
1635 3169 1814 3236 agunt
1829 3181 1864 3217 a
1888 3177 2020 3234 pera

409 3249 793 3320 tenebrarum,
810 3249 866 3306 id
881 3254 969 3306 est
980 3250 1283 3320 injustitite
1297 3270 1314 3322 ;
1328 3255 1393 3307 ut
1403 3253 1762 3323 quorundam
1786 3253 2019 3324 quidem

412 3337 746 3405 illuminent
766 3339 948 3411 magis
971 3352 1037 3396 ac
1068 3341 1248 3412 magis
1283 3354 1532 3413 gressus,
1571 3341 1670 3413 qui
1706 3341 2018 3397 secundum

409 3428 588 3484 Deum
602 3428 1148 3498 sunt;quorundam
1178 3442 1310 3484 vero
1350 3431 1714 3501 redarguant,
1747 3434 1803 3484 et
1840 3433 2024 3486 osten-

410 3515 550 3572 dant
560 3521 732 3586 atque
745 3515 1297 3588 divulgentabscond
1309 3517 1418 3574 itos
1434 3522 1599 3573 actus
1635 3517 2018 3572 tenebrarum,

415 3602 473 3660 id
497 3608 602 3674 est,
623 3603 948 3674 injustitite,
963 3616 1028 3658 ac
1052 3603 1205 3660 tilios
1224 3605 1325 3659 Dei
1351 3605 1582 3661 aclucis
1609 3605 1915 3660 exhibeant
1935 3607 2021 3658 at-

415 3693 944 3762 quedemonstrent.
963 3689 1045 3745 Ad
1061 3691 1202 3746 tales
1215 3691 1639 3747 dicitChristus
1651 3693 1798 3746 Deus
1811 3695 2020 3746 noster:

421 3781 528 3835 Vos
539 3782 664 3834 estis
679 3780 777 3832 tua:
798 3779 995 3832 mundi
1005 3777 1218 3850 (Matth.
1236 3781 1312 3852 v);
1336 3778 1476 3834 mles
1494 3779 1812 3834 nominavit
1825 3782 2030 3836 etPau—

419 3865 1394 3938 lusmagnusapostolusluminaria
1419 3867 1477 3922 in
1510 3867 1742 3938 mundo,
1792 3867 2026 3925 verbum

417 3953 915 4011 vitaecontinentia
928 3951 1142 4025 (Philip.
1161 3955 1246 4028 Ili)
1272 3955 1600 4028 Talesergo,
1625 3969 1825 4028 magna
1861 3957 2034 4014 lumi-

421 4042 606 4113 naria,
628 4042 891 4112 piissime
907 4043 1204 4100 etChristo
1229 4044 1628 4118 dilectissime,
1647 4058 1712 4101 ac
1745 4046 2032 4104 divinitus

423 4129 994 4204 gubernatedomine,
1017 4133 1494 4202 quemadmodum
1530 4135 1590 4190 in
1627 4149 1826 4208 magna
1865 4137 2034 4194 domo

427 4219 636 4277 multas
649 4219 1378 4292 lampades,incivitatetua
1403 4236 1500 4293 per
1531 4224 1767 4280 multam
1793 4225 2038 4298 diligen-

424 4309 567 4364 tiam
591 4314 648 4364 et
659 4309 918 4366 studium
938 4309 1370 4380 acprudentiam
1393 4311 1678 4386 collegisti
1715 4319 1770 4370 et
1807 4328 2038 4386 congre-

2129 3164 2400 3237 operibus
2425 3168 2480 3220 et
2504 3161 2737 3220 studiis.
2787 3162 3022 3230 Propter
3049 3158 3198 3229 quod
3247 3157 3419 3213 etiam
3474 3156 3630 3211 sicut
3661 3157 3738 3212 ad

2131 3254 2323 3323 illum,
2353 3253 2430 3308 ita
2459 3257 2516 3308 et
2539 3253 2606 3308 ad
2639 3257 2691 3307 te
2715 3252 2830 3306 Deo
2859 3247 3278 3304 amicissimum
3335 3247 3740 3317 imperatorem

2131 3348 2392 3400 nostrum
2418 3341 2566 3398 dicit
2615 3340 2874 3398 omnium
2901 3337 3196 3394 consultor
3220 3340 3276 3392 et
3301 3336 3586 3408 princeps,
3640 3349 3744 3404 per

2131 3447 2322 3490 vocem
2350 3431 2704 3488 sanctissimi
2760 3427 2942 3500 patris
2972 3427 3082 3499 tui,
3132 3430 3189 3481 et
3229 3423 3440 3482 summi
3489 3423 3746 3494 pastoris

2145 3523 2348 3592 nostri,
2391 3535 2456 3576 ac
2491 3522 2607 3576 Deo
2649 3517 3135 3575 amicissimorum
3173 3514 3519 3570 vicariorum
3553 3532 3566 3567 :
3611 3513 3743 3569 Nisi

2135 3598 2478 3665 benedicens
2507 3607 2834 3663 benedicam
2859 3611 2932 3676 te,
2955 3609 3012 3661 et
3041 3604 3438 3674 multiplicans
3461 3601 3749 3672 multipli-

2137 3697 2276 3754 cabo
2301 3710 2491 3752 semen
2517 3700 2679 3753 tuum
2734 3695 2889 3752 sicut
2934 3692 3130 3750 stellas
3176 3692 3332 3764 caeli,
3361 3698 3416 3748 et
3445 3691 3600 3747 sicut
3624 3704 3749 3746 are-

2139 3766 2267 3840 nam
2295 3797 2420 3856 quae
2449 3789 2535 3840 est
2561 3785 2620 3840 in
2647 3783 2842 3839 littore
2869 3781 3064 3851 maris,
3097 3785 3154 3836 et
3180 3781 3510 3838 haereditate
3560 3780 3748 3851 possi-

2137 3872 2298 3929 debit
2327 3886 2514 3928 semen
2543 3877 2706 3928 tuum
2736 3877 2793 3927 et
2819 3869 3064 3942 populus
3089 3876 3226 3927 tuus
3250 3872 3512 3928 civitates
3551 3870 3750 3926 adver-

2141 3963 2426 4020 sariorum
2451 3959 2603 4033 (Gen.
2632 3962 2777 4036 xm)
2827 3979 2840 4015 :
2873 3961 2995 4031 ipse
3032 3962 3184 4017 enim
3214 3966 3302 4017 est
3330 3963 3478 4016 Deus
3525 3964 3746 4029 noster,

2143 4053 2242 4125 qui
2270 4051 2560 4108 benedicit
2585 4052 2984 4111 benedicentes
3013 4067 3092 4125 se,
3125 4051 3225 4124 qui
3254 4049 3413 4107 solus
3458 4052 3546 4102 est
3585 4046 3751 4102 bene-

2143 4141 2337 4198 dictus
2365 4154 2464 4210 per
2487 4139 2722 4197 infinita
2748 4143 2956 4200 saecula
2989 4143 3349 4201 saaculorum.
3378 4137 3575 4193 Amen.

2215 4231 2285 4286 Et
2333 4235 2460 4300 post
2507 4230 3040 4300 pronuntiationem
3095 4230 3262 4288 hanc.
3323 4225 3748 4297 perjussionem

2148 4319 2320 4376 amici
2387 4319 2604 4375 Christi
2683 4319 3047 4388 imperatoris
3113 4316 3324 4386 nostri,
3408 4313 3550 4386 legit
3640 4313 3752 4368 de-

429 4397 575 4468 gasti
597 4401 655 4452 et
673 4397 1122 4468 splendidiorem
1139 4401 1718 4474 temetostendisti,et
1732 4403 2120 4473 jucundio—D
2151 4413 2316 4465 votus
2358 4422 2390 4463 a
2433 4407 2671 4463 secretis
2724 4409 2832 4464 Leo
2886 4405 3396 4480 epanagnosticum
3453 4401 3752 4459 sanctissi-

432 4499 547 4542 rem
565 4487 1049 4543 conversatiodem
1068 4492 1249 4558 tuam,
1268 4492 1324 4543 et
1338 4487 1556 4546 Christi
1589 4490 1886 4546 ecclesiam
1905 4492 2042 4548 niti-

431 4574 652 4631 diorem
677 4575 1018 4632 exhibuisti.
1052 4576 1168 4630 Imo
1193 4589 1345 4646 vero,
1376 4576 1640 4646 piissime
1663 4580 1912 4651 domine,
1944 4594 2042 4652 per

435 4666 626 4732 temet,
660 4661 766 4718 hoc
807 4669 896 4720 est
931 4665 1291 4734 praesentiam
1328 4670 1512 4738 tuam,
1546 4669 1711 4738 quasi
1759 4671 2042 4742 quoddam

434 4753 747 4808 maximum
763 4750 1018 4808 Orientis
1040 4753 1329 4810 luminare
1349 4761 1558 4810 sancta;
1587 4757 1726 4813 huic
1751 4763 1807 4815 et
1824 4760 2048 4816 univer-

435 4839 772 4910 salisynodo
796 4840 969 4895 etiam
1009 4842 1370 4914 praedicta,et
1389 4857 1541 4901 nunc
1557 4847 1680 4902 visa
1711 4847 2044 4922 luminaria,

439 4927 727 4984 lucidiora
748 4929 1097 4986 monstrasti.
1114 4929 1320 4988 Verum
1348 4946 1446 5004 per
1460 4935 1576 4991 alia
1601 4936 1800 4993 divina
1816 4937 2048 5009 eloquia

439 5013 840 5084 compendiose
863 5016 1026 5072 valde
1049 5023 1377 5088 praesentem
1399 5028 1652 5079 sanctam
1677 5025 1955 5095 synodum
1990 5026 2051 5082 ii-

444 5115 732 5174 guremus.
754 5103 880 5158 Haec
905 5104 1057 5160 enim
1075 5110 1162 5162 est
1181 5107 1319 5163 olim
1343 5110 1664 5182 paradisus,
1692 5125 1858 5182 quem
1895 5114 2050 5184 plan-

445 5189 590 5245 tavit
612 5191 762 5246 Deus
786 5191 854 5246 ad
878 5193 1176 5264 orientem,
1201 5195 1259 5250 in
1291 5198 1459 5267 cujus
1486 5199 1672 5254 medio
1706 5205 1792 5256 est
1827 5200 2047 5274 lignum

447 5278 672 5348 vitae;in
688 5293 855 5350 quem
877 5281 1222 5356 ingreditur,
1247 5297 1315 5340 ex
1335 5285 1858 5360 intelligibiliEden
1879 5289 1925 5361 ι),
1952 5290 2054 5346 ﬂu-

450 5367 583 5424 vius
601 5368 671 5423 ad
692 5368 947 5440 irrigand
957 5385 1050 5428 um
1066 5385 1194 5428 eum
1207 5373 1360 5429 sicut
1374 5376 1652 5445 scriptum
1670 5383 1782 5434 est:
1805 5379 1944 5445 Quia
1958 5383 2058 5448 ﬂu-

449 5458 572 5510 vius
588 5457 864 5525 egreditur
879 5457 945 5512 de
958 5459 1112 5514 Eden
1127 5462 1367 5530 irrigans
1381 5465 1703 5533 paradisum
1715 5463 1953 5544 (Genu).
1972 5471 2059 5526 Li-

523 5562 556 5594 ει
581 5556 694 5611 Hoc
707 5559 822 5629 est,
858 5555 1358 5630 infprincipatum.

2155 4509 2375 4552 morum
2431 4495 2816 4552 Romanorum
2859 4496 3234 4568 vicariorum,
3286 4494 3454 4563 cujus
3507 4491 3751 4547 initium

2153 4589 2240 4643 est
2267 4587 2372 4642 hoc
2400 4603 2413 4640 :
3087 4591 3098 4599 ‘

2224 4674 2527 4731 Credimus
2551 4687 2910 4746 nequaquam
2937 4675 3112 4732 latere
3136 4677 3389 4730 sanctam
3407 4675 3463 4728 et
3487 4682 3753 4742 magnam

2157 4765 2301 4821 hanc
2326 4764 2626 4837 synodum,
2657 4763 2909 4835 qualiter
2936 4764 3032 4820 hic
3062 4764 3372 4836 piissimus
3395 4765 3451 4816 et
3472 4759 3757 4816 Christia-

2157 4855 2438 4910 nissimus
2449 4859 2547 4910 eta
2560 4855 2672 4910 Deo
2688 4858 2980 4924 protectus
2995 4854 3304 4923 imperator
3318 4850 3490 4906 initio
3515 4847 3752 4919 imperii

2157 4943 2273 5013 sui,
2295 4944 2390 4998 cui
2413 4943 2800 4999 monarchiam
2829 4956 2990 4999 suam
3018 4941 3201 5013 magis
3213 4940 3484 5012 praestitit
3513 4939 3758 5008 impera-

2159 5037 2270 5103 tor,
2297 5030 2598 5088 confestim
2633 5031 2704 5087 de
2751 5036 2905 5087 statu
2951 5043 3018 5085 ac
3067 5029 3495 5100 recuperatione
3542 5031 3757 5083 sanctae

2158 5119 2805 5190 Constantinopolitanaa
2817 5118 3102 5189 Ecclesiae,
3139 5133 3265 5190 qua:
3290 5117 3518 5174 diutius
3537 5129 3757 5186 posses-

2161 5223 2222 5265 sa
2247 5214 2370 5264 erat
2393 5208 2464 5264 ab
2479 5208 2736 5263 invasore
2747 5221 2811 5262 ac
2825 5211 3064 5278 tyranno
3079 5208 3299 5277 Photio,
3315 5206 3568 5278 cogitare
3579 5217 3761 5275 cmpe-

2163 5299 2262 5367 rit,
2292 5296 2575 5368 quomodo
2600 5309 2669 5351 ex
2693 5295 2885 5350 eadem
2915 5295 3082 5352 illum
3111 5296 3345 5366 pelleret
3358 5293 3756 5366 Ecclesiagsed

2164 5386 2530 5444 etdivinitus
2583 5383 2920 5454 inspiratus,
2959 5388 3015 5440 et
3049 5388 3373 5440 sanctorum
3418 5389 3475 5438 et
3523 5384 3756 5438 Patrum

2167 5472 3482 5546 praaceptainomnibusadimpleredesiderans,
3515 5469 3758 5541 projecit

2244 5571 2274 5614 δ
2311 5573 2370 5629 Id
2396 5576 2502 5646 est,
2529 5571 2799 5644 sprituali
2827 5571 3006 5628 Eden.
