4052 6168
315 267 389 323 85
1026 270 1574 329 INI‘ERPRETATIO
1610 270 1860 331 SYNODI
1898 273 2018 332 VIII
2075 275 2558 333 GENERALIS.—
2593 276 2795 335 ACTIO
2832 279 2919 336 VI.
3569 279 3643 336 86

315 394 384 449 de
406 390 665 450 Ecclesia
694 393 796 450 Dei
818 393 936 464 jam
955 394 1177 451 dictum
1202 395 1529 453 adulterum
1554 397 1842 469 Photium,
1872 403 1928 455 et
1956 398 2015 461 A
2042 400 2168 457 rius
2201 400 2343 473 legit
2369 400 2668 472 epistolam
2700 415 2868 473 quam
2889 403 3051 459 misit
3076 404 3475 462 sanctissimus
3490 416 3640 477 papa

317 482 576 539 restituit
604 483 657 538 ei
686 487 947 539 sanctum
977 484 1165 539 virum
1198 498 1386 541 senem
1426 492 1482 541 et
1513 486 1722 543 bonum
1749 488 1929 543 culto-

314 586 433 627 rem
456 573 744 643 Ignatium
775 572 1172 629 beatissimum
1209 575 1612 644 patriarcham.
1638 577 1770 632 Post
1808 576 1926 632 hmo

316 661 397 715 nil
422 666 699 733 moratus,
732 663 1209 731 praedecessorum
1243 677 1476 719 suorum
1501 664 1929 721 Christianissi-

312 762 537 805 morum
570 750 982 820 imperatorum
1015 757 1247 811 secutus
1291 753 1568 823 exempla,
1601 755 1926 810 transmisit

310 837 531 909 legatos
562 851 702 895 suos
726 839 1121 895 nobilissimos
1159 841 1316 897 viros
1361 843 1614 909 Romam,
1654 844 1923 899 Joannem

309 926 540 982 scilicet
567 927 1140 985 honorabilissimum
1180 930 1600 1000 metropolitam
1643 930 1830 1002 Sylaai,
1859 945 1924 987 ac

310 1014 596 1071 Basiliam
612 1014 1013 1073 ﬁdelissimum
1026 1018 1384 1087 spatharium
1407 1033 1596 1091 suum,
1611 1020 1924 1089 deposcens

307 1109 567 1160 sanctam
599 1105 909 1162 Romanam
939 1106 1247 1164 Ecclesiam
1286 1109 1469 1164 sacris
1492 1110 1664 1164 etiam
1711 1109 1923 1164 litteris

311 1193 472 1249 suis:
515 1195 621 1265 qui
653 1196 944 1252 venientes
974 1197 1313 1253 invenerunt
1358 1199 1417 1252 in
1448 1212 1511 1253 ea
1555 1198 1920 1268 praesulatum

309 1287 598 1356 gerentem
610 1286 1039 1342 sanctissimum
1052 1291 1107 1342 et
1134 1287 1704 1343 honorabilissimum
1726 1288 1805 1343 Ad
1816 1288 1924 1343 ria-

308 1385 467 1433 num.
490 1386 527 1428 a
546 1375 663 1430 Deo
681 1373 1032 1431 destinatum
1048 1376 1373 1446 pontiﬁcem
1389 1390 1697 1447 summum,
1720 1376 1921 1432 dantes

304 1461 355 1516 ei
388 1461 623 1518 litteras
650 1463 838 1532 ipsius
864 1466 1051 1536 magni
1082 1465 1464 1537 imperatoris,
1497 1471 1554 1520 et
1577 1470 1920 1536 exponentes

302 1563 404 1619 per
432 1552 700 1608 ordinem
726 1553 899 1608 etiam
922 1554 1131 1624 verbis,
1167 1560 1379 1625 quanta
1405 1554 1657 1612 turbatio
1681 1560 1737 1610 et
1760 1569 1921 1611 vexa-

301 1640 385 1695 tio
434 1641 592 1712 apud
641 1643 784 1699 hanc
828 1644 943 1699 Deo
990 1646 1431 1701 conservandam
1487 1645 1839 1715 prbvinciam
1883 1659 1917 1700 a

2038 490 2310 547 Nicolaus
2323 506 2422 561 per
2434 494 2669 547 Leonem
2682 506 2713 547 a
2728 492 3042 548 secretisad
3059 493 3386 557 Michaelem
3402 495 3641 565 impera-

2038 583 2238 651 torem,
2253 585 2489 651 etquam
2512 581 2579 637 ad
2601 582 2886 652 Photium,
2910 596 3036 653 quae
3057 583 3401 652 praascriptae
3422 588 3556 638 sunt
3576 584 3638 640 in

2039 674 2241 740 quarta
2270 670 2512 726 actione.
2555 672 2625 725 Et
2656 675 2780 740 post
2810 672 3013 727 harum
3046 671 3366 741 lwtionem,
3400 686 3640 744 surgens

2034 758 2192 813 Elias
2219 760 2332 815 Deo
2354 759 2795 816 colendissimus
2814 760 3105 831 presbyter
3131 764 3190 816 et
3212 758 3517 831 syncellus,
3547 759 3641 815 lo-

2036 859 2164 902 cum
2197 847 2463 903 obtinens
2503 848 2806 912 Theodosii
2849 849 3190 919 patriarchze
3214 848 3641 919 Hierosolymo—

2037 950 2184 1009 rum,
2199 936 2351 992 dixit
2372 938 2496 992 :Dei
2520 938 2673 993 circa
2694 951 2798 995 nos
2817 936 3097 994 bonitatis
3114 937 3353 994 divitias
3373 949 3640 994 necessa-

2038 1024 2187 1080 rium
2210 1030 2297 1080 est
2321 1027 2666 1082 annuntiare
2694 1031 2750 1082 et
2775 1027 3108 1097 praedicare:
3137 1040 3249 1083 non
3275 1026 3460 1083 solum
3482 1027 3633 1082 enim

2036 1113 2306 1182 pretiosis
2320 1115 2655 1171 muneribus
2669 1115 2948 1172 vilitatem
2965 1120 3213 1172 nostram
3224 1116 3457 1187 dignam
3479 1115 3637 1171 exhi-

2033 1201 2146 1272 bet,
2163 1203 2257 1258 sed
2272 1208 2327 1258 et
2340 1201 2656 1260 facinorum
2674 1204 3025 1262 multifarios
3035 1205 3344 1276 compescit
3361 1209 3417 1260 et
3440 1205 3635 1274 repri-

2033 1290 2140 1345 mit
2154 1291 2419 1361 impetus.
2435 1294 2795 1349 Praenoscens
2807 1295 2958 1349 enim
2971 1293 3355 1350 turbationem
3379 1305 3507 1365 quae
3519 1293 3635 1348 ine-

2034 1385 2120 1434 rat
2153 1379 2287 1436 huic
2308 1382 2504 1437 amica:
2540 1382 2756 1438 Christi
2788 1382 3032 1455 civitati,
3067 1382 3542 1453 quemadmodum
3570 1381 3631 1437 in

2032 1470 2411 1538 praesentibus
2423 1471 2684 1527 videmus
2698 1473 2964 1543 negotiis,
2991 1472 3156 1541 piissi
3168 1485 3317 1528 mum
3339 1475 3396 1526 et
3412 1470 3628 1526 Christi

2028 1558 2276 1614 amicum
2293 1559 2687 1630 imperatorem
2703 1565 2959 1617 nostrum
2982 1561 3282 1617 suscitavit
3301 1560 3369 1615 ad
3394 1559 3632 1615 stabili-

2030 1650 2199 1703 tatem
2223 1655 2278 1705 et
2303 1650 2647 1706 erectionem
2674 1651 3191 1707 ecclesiasticarum
3216 1662 3430 1706 rerum:
3461 1649 3630 1718 cujus

298 1731 509 1787 Photio
529 1736 773 1802 tyranno
793 1746 860 1788 ac
882 1733 1139 1790 invasore
1166 1738 1404 1804 peractae
1429 1739 1582 1790 sunt.
1606 1735 1763 1791 Tunc
1790 1734 1918 1789 bea-
1945 1724 1999 1785 Β
2029 1752 2208 1794 cornu
2239 1739 2447 1794 exaltet
2474 1740 2623 1795 Deus
2648 1740 2704 1794 in
2733 1740 3163 1811 sempiternum,
3192 1743 3248 1794 et
3272 1737 3530 1809 perﬁciat
3568 1738 3629 1793 in

297 1821 576 1876 tissimus
593 1819 885 1878 Adrianus
906 1835 1048 1892 papa
1091 1824 1403 1893 Romanus,
1448 1824 1553 1879 hoc
1600 1829 1909 1893 comperto,

295 1912 589 1966 advocans
636 1912 909 1981 quosdam
941 1913 1238 1984 episcOpos
1279 1913 1733 1970 Occidentalium
1776 1926 1914 1983 par—

294 1999 468 2069 tium,
492 1998 734 2072 collegit
762 2002 1041 2071 synodum
1065 2002 1125 2057 in
1164 2002 1403 2058 ecclesia
1442 2003 1625 2058 sancti
1666 2002 1910 2072 apostoli

292 2088 467 2158 Petri,
488 2102 605 2144 non
620 2089 688 2144 ad
704 2090 1153 2146 destructionem
1169 2091 1271 2161 jud
1282 2092 1382 2147 icii
1396 2106 1461 2147 ac
1481 2093 1771 2149 decretum
1786 2106 1912 2163 quae

293 2178 570 2234 decessor
589 2180 715 2248 ejus
740 2178 916 2235 beatae
942 2181 1226 2237 memoriae
1249 2195 1392 2251 papa
1413 2181 1682 2237 Nicolaus
1702 2182 1773 2237 de
1792 2182 1910 2251 jam

291 2266 436 2322 dicti
461 2268 663 2323 Photii
689 2268 971 2324 invasoris
993 2270 1350 2342 expulsione,
1378 2284 1444 2326 ac
1463 2272 1533 2326 de
1555 2270 1908 2325 sanctissimi

292 2356 505 2427 Ignatii
535 2357 878 2426 patriarchae
896 2359 1113 2431 peregit
1134 2359 1520 2431 restitutione,
1542 2360 1636 2414 sed
1659 2360 1729 2414 ad
1754 2358 1913 2414 robo-

293 2444 543 2501 randum
600 2450 773 2516 atque
824 2446 1165 2504 ﬁrmandum
1209 2453 1415 2504 cuncta
1451 2448 1770 2504 decessoris
1816 2448 1909 2503 sui

292 2534 608 2604 mandata;
636 2548 750 2606 qua
773 2549 874 2606 pro
904 2549 1076 2593 causa
1116 2551 1218 2594 nos
1252 2536 1499 2593 famulos
1529 2551 1665 2593 suos
1685 2542 1740 2592 et
1770 2550 1913 2592 san-

287 2628 389 2679 cia:
423 2625 701 2679 Romanae
730 2625 996 2681 Ecclesiae
1026 2627 1189 2682 misit
1211 2627 1321 2683 huc
1343 2641 1472 2683 cum
1499 2626 1763 2697 epistolis
1784 2625 1909 2683 suis

285 2712 351 2768 ad
379 2713 724 2782 piissimum
737 2717 793 2769 et
811 2715 1377 2771 Christianissimum
1406 2717 1826 2787 imperatorem,
1854 2720 1909 2771 et

286 2803 352 2858 ad
367 2803 815 2860 sanctissimum
829 2804 1018 2861 virum
1032 2805 1313 2877 lgnatium
1338 2806 1718 2876 patriarcham
1736 2806 1908 2875 hujus

286 2896 500 2947 sanctae
530 2892 1183 2963 Constantinopolitanae
1230 2895 1517 2966 Ecclesiae,
1575 2894 1910 2967 signiﬁcans

288 2981 345 3036 in
358 2981 587 3036 eisdem
610 2981 877 3050 epistolis
898 2984 1382 3053 quatenuslocum
1414 2988 1471 3039 et
1494 2985 1673 3039 vicem
1699 2984 1911 3053 ejuste—

2027 1827 2383 1898 beneplacito
2396 1843 2519 1898 suo,
2536 1828 2851 1897 subjiciens
2863 1830 2915 1884 ei
2928 1843 3123 1885 omnes
3148 1828 3418 1884 barbaras
3434 1827 3630 1883 natio—

2028 1930 2143 1972 nes.
2162 1919 2361 1988 Itaque
2372 1918 2805 1974 demorantibus
2828 1918 2994 1973 nobis
3018 1918 3130 1988 hic,
3145 1917 3630 1986 evidenterappa—

2027 2007 2168 2078 ruit,
2187 2007 2321 2077 quia
2336 2007 2596 2078 Ignatius
2608 2007 3017 2062 sanctissimus
3029 2007 3351 2076 patriarcha
3379 2009 3631 2075 pastora-

2026 2097 2183 2152 libus
2202 2095 2415 2151 ofﬁciis
2443 2095 2681 2150 evellere
2701 2109 2766 2150 ac
2789 2096 3040 2151 recidere
3067 2095 3414 2163 injustitiam
3435 2107 3630 2164 prope-

2027 2199 2180 2252 rans,
2215 2186 2501 2255 projectus
2536 2198 2569 2239 a
2609 2183 2814 2240 throno
2853 2197 2958 2239 suo
3005 2183 3075 2239 ad
3116 2183 3492 2240 novissimum
3539 2188 3626 2238 est

2024 2274 2295 2329 exsilium
2310 2273 2587 2329 traditus:
2610 2286 2710 2343 pro
2726 2273 2850 2342 ipso
2875 2286 3006 2328 vero
3030 2271 3185 2328 alius
3204 2271 3438 2342 quidam
3468 2270 3628 2327 Pho-

2024 2364 2163 2434 tius,
2181 2363 2280 2433 qui
2295 2363 2442 2432 apud
2460 2376 2563 2418 nos
2576 2361 2933 2431 noscebatur,
2951 2361 3294 2433 subrogatus
3318 2364 3405 2416 est
3435 2360 3493 2415 in
3518 2359 3624 2415 hoc

2023 2451 2251 2509 throno.
2269 2451 2576 2507 Piissimus
2590 2455 2778 2507 autem
2803 2450 3113 2520 imperator
3132 2453 3344 2519 noster,
3359 2452 3425 2505 ut
3446 2459 3545 2518 per
3565 2462 3625 2504 se

2023 2542 2311 2612 inspector
2335 2545 2392 2596 et
2414 2539 2679 2611 cognitor
2697 2553 3001 2595 causarum
3032 2538 3301 2607 existens,
3344 2541 3402 2593 et
3434 2537 3626 2593 sciens

2020 2630 2341 2686 certissime
2355 2629 2603 2701 qualiter
2614 2626 2759 2684 facta
2776 2628 3065 2700 sinttalia,
3091 2627 3278 2683 sciens
3298 2626 3470 2682 etiam
3486 2639 3626 2696 pro—

2022 2720 2201 2775 latum
2229 2734 2329 2788 pro
2351 2717 2718 2775 sanctissimo
2760 2717 2978 2790 Ignatio
3020 2720 3077 2772 et
3117 2720 3316 2772 contra
3353 2715 3623 2771 Photium

2016 2809 2303 2879 judicium
2324 2821 2356 2862 a
2389 2806 2604 2864 seniori
2636 2807 2830 2875 Roma,
2854 2819 3005 2876 eum,
3049 2805 3148 2876 qui
3184 2805 3383 2876 inique
3404 2818 3471 2860 ac
3496 2803 3624 2860 sine

2021 2898 2141 2969 lege
2166 2912 2198 2953 a
2227 2896 2458 2967 proprio
2483 2897 2689 2952 throno
2710 2896 2964 2965 dejectus
2988 2897 3075 2950 est
3096 2908 3195 2964 per
3220 2894 3536 2966 legitimam
3565 2896 3624 2948 et

2016 2988 2229 3057 justam
2251 2986 2591 3042 sententiam
2615 2999 2819 3040 rursus
2839 2985 2907 3040 ad
2932 2984 3227 3055 proprium
3250 2983 3520 3038 thronum
3542 2995 3624 3037 re-

292 3082 421 3125 nere
450 3083 521 3124 ac
541 3068 851 3125 defendere
878 3071 937 3127 in
966 3071 1069 3127 hac
1098 3078 1292 3143 sancta
1323 3074 1537 3144 synodo
1562 3072 1901 3128 debeamus:
1930 3060 1987 3123 Ο
2021 3076 2209 3147 duxit,
2243 3079 2300 3130 et
2324 3074 2509 3131 locum
2535 3088 2702 3131 suum
2742 3074 3027 3144 pervasori
3060 3072 3263 3128 Photio
3306 3070 3621 3128 secundum

289 3160 386 3228 qui
414 3160 620 3231 etiam,
648 3159 795 3215 duce
818 3161 950 3233 Deo,
976 3162 1119 3217 salvi
1145 3168 1201 3219 et
1225 3163 1349 3219 sani
1376 3163 1433 3218 in
1467 3164 1612 3218 hanc
1644 3160 1913 3232 perveni—
2023 3166 2280 3222 ordinem
2306 3164 2635 3235 impertitus
2671 3168 2773 3219 est.
2817 3162 3095 3232 Quoniam
3136 3175 3266 3218 vero
3307 3174 3437 3217 cum
3472 3163 3623 3216 esset

288 3262 413 3303 mus
438 3248 665 3321 regiam
693 3250 1063 3318 provinciam.
1088 3252 1272 3307 Etiam
1299 3251 1670 3322 patefecimus
1694 3252 1752 3307 in
1778 3265 1913 3321 prae
2020 3256 2281 3325 justuset
2301 3255 2622 3324 piissimus,
2645 3253 2839 3310 volens
2862 3250 3243 3323 perfectiusac
3257 3248 3621 3306 manifestius

286 3337 636 3393 cedentibus
658 3339 991 3395 actionibus
1013 3341 1150 3411 quid
1164 3342 1465 3397 deﬁnitum
1489 3342 1566 3397 sit
1585 3343 1654 3397 de
1679 3341 1907 3411 Photio,

282 3431 337 3481 et
355 3427 425 3482 de
446 3427 713 3483 Ecclesia
734 3428 1367 3500 Constantinopolitana
1389 3445 1420 3486 a
1442 3430 1832 3486 sanctissimis
1851 3434 1907 3485 et

282 3516 779 3573 laudabilissimis
818 3519 962 3574 viris
992 3520 1225 3576 Nicolao
1265 3520 1441 3576 beatae
1486 3519 1904 3576 recordationis

280 3619 421 3676 papa
455 3607 736 3677 Romano,
767 3612 822 3663 et
845 3607 916 3663 ab
936 3607 1189 3665 Adriano
1215 3611 1414 3665 divina
1454 3610 1640 3681 gratia
1668 3622 1904 3664 succes—

280 3709 405 3752 sore
435 3697 672 3767 ipsius;
701 3702 757 3752 et
787 3698 1077 3754 credimus
1108 3700 1245 3770 quia
1285 3700 1639 3769 superﬂuum
1670 3702 1756 3754 est
1781 3697 1905 3754 fre—

280 3790 526 3856 quenter
556 3785 754 3841 eadem
780 3786 971 3843 dicere
1002 3788 1087 3843 vel
1116 3792 1384 3858 repetere.
1408 3788 1628 3844 Idcirco
1652 3788 1902 3858 petimus

281 3887 312 3929 a
333 3876 614 3945 piissimo
639 3879 697 3930 et
714 3875 1215 3933 Christianissimo
1237 3877 1578 3947 imperatore
1600 3883 1664 3933 ut
1685 3876 1905 3946 exposi-

279 3965 364 4020 tio
390 3964 499 4020 illa
523 3978 655 4034 quae
680 3964 867 4021 delata
888 3969 974 4021 est
999 3966 1105 4022 sub
1128 3967 1665 4036 prmvaricatoribus
1689 3980 1754 4021 ac
1780 3980 1905 4036 pro-

281 4053 1073 4125 tectoribuscalumniarum,
1101 4056 1431 4127 neamplius
1444 4056 1782 4112 retardetur.
1808 4057 1907 4111 Ve-

286 4151 616 4201 rumtamen
660 4144 1134 4214 quemadmodum
1165 4145 1233 4201 ad
1263 4146 1901 4201 RomanamEcclesiam

287 4234 437 4305 quod
465 4246 767 4304 nunquam
798 4233 1038 4290 Photius
1062 4233 1239 4290 fuerit
1259 4234 1547 4291 admissus
1578 4235 1636 4289 in
1661 4234 1903 4304 patriar-

286 4322 435 4379 chali
451 4322 748 4394 dignitate
760 4322 1123 4379 manifestum
1136 4328 1241 4394 est,
1269 4324 1347 4378 ita
1360 4323 1496 4379 etab
1507 4323 1900 4379 Orientalibus

2023 3345 2317 3399 veritatem
2339 3342 2688 3413 conﬁrmari,
2716 3342 2854 3397 bene
2870 3340 3153 3410 judicavit
3180 3344 3236 3395 et
3260 3340 3331 3395 ab
3351 3338 3620 3396 omnibus

2023 3432 2649 3504 patriarchiisvicarios
2664 3430 2772 3485 huc
2784 3430 3071 3500 colligere.
3091 3427 3618 3483 PerfecitDominus

2018 3525 2168 3579 Deus
2205 3522 2416 3577 bonum
2460 3518 2769 3575 consilium
2794 3518 2919 3587 ejus
2938 3517 3006 3571 ad
3037 3517 3093 3571 id
3122 3516 3270 3585 quod
3315 3515 3521 3571 melius
3561 3520 3620 3571 et

2017 3609 2421 3669 ecclesiasticae
2441 3606 2794 3665 ordinationi
2818 3603 3012 3675 aptius
3030 3604 3259 3671 existat,
3283 3603 3619 3659 convenien-

2015 3702 2173 3759 tibus
2194 3699 2463 3755 videlicet
2482 3697 2576 3752 hic
2598 3696 2846 3752 senioris
2866 3696 3054 3751 Romaa
3074 3693 3619 3749 sanctissimisvica—

2016 3791 2125 3847 riis
2144 3804 2207 3845 ac
2237 3788 2563 3845 humilitate
2589 3792 2802 3841 nostra.
2829 3785 3045 3840 Cuncta
3069 3796 3315 3853 namque
3334 3795 3619 3854 emergen-

2016 3881 2095 3936 tia
2112 3874 2854 3949 perquirentes,didicimus
2865 3872 3099 3942 certius,
3116 3870 3288 3943 quod,
3311 3884 3442 3926 cum
3467 3874 3620 3926 esset

2016 3968 2274 4041 Ignatius
2312 3965 2715 4022 sanctissimus
2758 3962 3082 4032 patriarcha
3113 3962 3173 4016 in
3203 3960 3433 4029 exsilio,
3462 3960 3614 4030 quod

2017 4057 2256 4129 pertulit
2278 4054 2588 4111 violentius
2603 4057 2659 4108 et
2675 4051 2940 4122 iniquius
2962 4064 3027 4106 ac
3054 4047 3622 4120 injustius,diifama-

2015 4148 2135 4202 tum
2151 4144 2346 4216 fuerit,
2373 4143 2509 4214 quia
2534 4142 2805 4197 thronum
2817 4138 3387 4209 Constantinopoleos
3408 4136 3617 4196 refuta.

2011 4235 2133 4305 vit;
2165 4235 2260 4290 sed
2290 4233 2359 4289 ad
2389 4233 2495 4288 hoc
2525 4244 2627 4287 nos
2655 4230 2905 4286 dicimus
2932 4227 3102 4301 (quod
3144 4231 3200 4283 et
3226 4226 3392 4283 nobis
3417 4230 3617 4283 sancta

2010 4325 2392 4380 Romanorum
2414 4320 2666 4376 Ecclesia
2690 4319 2933 4374 multum
2955 4322 3085 4372 ante
3108 4315 3455 4389 praedicavit)
3477 4315 3614 4386 quia

285 4412 526 4468 sedibus
548 4424 653 4482 per
674 4412 1209 4468 honorabilissimos
1229 4414 1385 4469 viros
1405 4412 1618 4468 litteris
1637 4418 1693 4468 et
1712 4412 1901 4469 verbis
1929 4412 1982 4474 D
2014 4427 2124 4470 non
2147 4412 2436 4468 credimus
2455 4408 2660 4465 factam
2694 4407 2873 4463 fuisse
2903 4404 3342 4461 refutationem:
3392 4405 3442 4460 si
3482 4417 3615 4460 vero

281 4501 396 4569 jam
414 4500 611 4557 edocti
636 4514 856 4570 sumus,
875 4501 1142 4557 Photium
1166 4502 1445 4558 mmchum
1467 4505 1525 4557 et
1546 4514 1900 4571 pervasorem

285 4588 608 4660 aliquando
639 4590 701 4645 in
724 4591 1108 4660 patriarchico
1132 4590 1339 4646 throno
1368 4591 1695 4648 nullatenus
1720 4590 1900 4647 fuisse

288 4683 604 4748 receptum.
638 4680 798 4750 Ecce,
843 4681 1087 4736 scientes
1124 4680 1404 4736 unitatem
1450 4686 1774 4735 sanctarum
1799 4680 1899 4736 Dei

285 4767 705 4840 Ecclesiarum,
747 4770 951 4841 utquid
987 4774 1216 4840 propter
1246 4769 1595 4839 injustitiam
1627 4772 1686 4825 et
1710 4769 1903 4825 verbo-

287 4873 420 4916 rum
452 4858 811 4930 conﬁictum,
840 4859 910 4914 ab
938 4859 1160 4930 iniquis
1203 4863 1258 4914 et
1296 4871 1409 4914 non
1442 4857 1899 4930 intelligentibus

284 4949 435 5005 viris
464 4947 734 5004 exaudiri
755 4948 1188 5018 exspectamus?

356 5040 428 5094 Et
450 5043 584 5108 post
602 5050 725 5093 com
736 5037 1039 5106 pletionem
1056 5037 1484 5110 epanagnostici
1508 5040 1708 5108 jussus
1729 5039 1904 5095 Theo.

285 5128 491 5197 philus
508 5125 1012 5182 laudabilissimus
1034 5129 1532 5197 protospatharius
1551 5134 1605 5184 et
1620 5129 1901 5199 praeposi—

284 5214 895 5272 tusabamicoChristi
916 5221 973 5270 et
997 5229 1194 5288 magno
1210 5217 1547 5286 imperatore
1560 5222 1773 5289 nostro,
1801 5218 1917 5281 ἰπὶ-4

285 5304 631 5361 troduxitin
643 5310 894 5360 sanctam
910 5305 1186 5375 synodum
1200 5306 1409 5376 eosqui
1432 5306 1684 5376 episcopi
1704 5306 1893 5362 Photii

285 5395 635 5451 dicebantur
659 5412 675 5464 ;
702 5393 915 5464 quibus
946 5393 1005 5448 in
1040 5393 1225 5450 medio
1254 5395 1563 5467 stantibus,
1594 5394 1892 5451 confestim

282 5484 487 5553 jussus
508 5483 836 5552 Stephanus
855 5485 966 5540 Deo
986 5483 1666 5541 amicissimusdiaconus
1688 5490 1894 5541 sanctae

288 5572 1058 5643 Constantinopolitanorum
1085 5573 1352 5631 Ecclesiae
1372 5588 1438 5630 ac
1468 5574 1707 5630 devotus
1727 5580 1897 5632 nota—

2012 4508 2070 4559 et
2110 4501 2253 4557 facta
2286 4504 2391 4570 est,
2440 4496 2852 4567 irreceptibilis
2881 4499 2969 4551 est
2995 4495 3144 4565 apud
3191 4508 3312 4565 nos,
3354 4506 3420 4548 eo
3460 4492 3610 4563 quod

2012 4590 2305 4663 tyrannice
2330 4587 2477 4645 facta
2516 4585 2711 4657 fuerit,
2739 4589 2797 4640 et
2833 4586 3043 4655 coacte,
3080 4586 3252 4652 atque
3278 4581 3494 4652 invite;
3522 4581 3614 4637 si—

2010 4681 2241 4752 quidem
2274 4679 2379 4734 hoc
2414 4676 2582 4733 facile
2626 4672 2918 4746 perspicit.
2956 4674 3149 4743 Itaque
3189 4672 3470 4727 incertum
3498 4682 3610 4726 non

2010 4776 2129 4827 est:
2160 4781 2341 4838 neque
2352 4767 2504 4822 enim
2517 4765 2669 4837 quis,
2693 4777 2822 4820 cum
2841 4763 2920 4819 sit
2939 4762 3001 4817 in
3017 4760 3314 4817 exsiliiset
3340 4759 3613 4816 extremis

2012 4859 2216 4930 poenis,
2245 4856 2415 4911 etiam
2447 4852 2705 4910 refutans
2734 4849 3164 4909 existimabitur
3193 4848 3505 4905 secundum
3526 4862 3613 4905 ve-

2011 4964 2139 5006 rum
2174 4946 2460 5003 refutandi
2488 4944 2738 5000 modum.
2762 4945 2903 4997 Nam
2935 4939 3284 4997 omnimodis
3310 4938 3499 4995 vivere
3520 4939 3613 4994 de-

2013 5038 2294 5110 sperabat,
2339 5049 2436 5106 per
2461 5032 2721 5105 singulos
2748 5031 2874 5087 dies
2902 5034 3135 5086 mortem
3170 5027 3524 5100 praestolans,
3555 5032 3613 5082 et

2013 5125 2473 5198 suzeipsiusvitae
2503 5121 2764 5195 quotidie
2790 5120 2907 5189 pati
2937 5118 3345 5175 detrimentum
3371 5129 3613 5186 exspec-

2012 5223 2164 5274 tans:
2192 5216 2286 5273 sed
2330 5212 2578 5285 pr0pitia
2602 5211 2702 5266 Dei
2745 5208 3140 5266 misericordia
3171 5208 3412 5263 salvavit
3457 5214 3609 5276 eum,

2009 5310 2212 5378 quater
2224 5320 2292 5361 us
2304 5286 2740 5374 benignitasDei
2774 5296 3190 5367 manifestetur,
3219 5300 3277 5351 et
3295 5307 3612 5367 cognosca—

2006 5404 2103 5453 tur
2125 5395 2196 5451 ab
2220 5392 2489 5451 omnibus
2512 5390 2785 5460 lucidius,
2815 5388 2952 5459 quia
2983 5387 3082 5459 qui
3116 5400 3217 5456 pro
3246 5385 3502 5453 veritate,
3543 5396 3609 5437 ac

2008 5480 2236 5557 propter
2277 5483 2377 5538 Dei
2418 5481 2707 5551 justitiam
2750 5478 2999 5535 sustinet
3029 5475 3452 5543 tribulationes,
3495 5483 3605 5525 non

2007 5570 2633 5631 oblivionitradeturin
2648 5568 2836 5624 ﬁnem.
2852 5567 3052 5637 Igitur,
3080 5563 3207 5619 ideo
3237 5562 3375 5617 huic
3398 5562 3607 5616 sanctae
