4024 6170
393 281 464 340 87
1567 265 1920 324 ANASTASII
1970 261 2511 321 BIBLIOTHECARII
3629 267 3702 324 88

395 409 965 484 synodomagnavoce
993 401 1361 467 denuntians,
1391 400 1528 469 quia
1557 406 1849 465 nunquam
1875 390 1996 447 ali-
2018 391 2076 449 A
2103 390 2362 460 attraxit,
2391 391 2889 461 opinatusperhoc
2911 390 3316 448 inconcussum
3329 406 3388 449 se
3413 406 3477 450 ac
3503 395 3707 451 immo-

396 479 624 573 quando
635 479 1048 566 depositionem
1063 488 1417 547 sanctissimi
1433 484 1771 557 patriarcha:
1784 479 1991 554 Ignatii

393 588 756 655 admisimus,
773 595 953 654 neque
967 582 1230 637 litterasa
1245 577 1445 632 Photio
1459 573 1795 644 recepimus,
1812 581 1994 639 neque

393 677 462 734 ad
489 688 619 731 eum
643 671 1103 739 transmisimus;
1150 679 1331 737 neque
1352 664 1502 720 enim
1541 676 1574 718 a
1595 657 1993 716 communione

395 767 750 828 sanctissimi
775 764 1112 836 patriarchae
1132 760 1340 832 lgnatii
1362 754 1674 827 aliquando
1695 751 1862 808 scissi
1886 748 1996 805 fui-

395 875 541 916 mus.
558 856 874 920 Etidcirco,
889 851 1111 909 etiamsi
1125 845 1628 911 veraciterdicant,
1647 839 1988 912 quidicunt:

394 951 655 1006 Coactam
677 943 1006 1000 violentiam
1021 938 1420 996 refutationem
1440 947 1550 988 non
1563 930 1990 997 existimamus;

396 1039 447 1095 si
470 1049 601 1092 vero
621 1040 679 1090 et
698 1033 766 1088 ad
809 1029 1206 1087 rationabilem
1225 1022 1668 1097 excusationem
1693 1017 1784 1073 sui
1809 1016 1868 1071 hi
1893 1015 1993 1085 qui

398 1123 829 1182 Photiohaarent
852 1119 1128 1188 dixerint,
1162 1115 1309 1186 quod
1335 1111 1591 1180 undique
1623 1103 1996 1174 metropolitze

397 1209 965 1284 acepiscopicollecti
982 1206 1244 1262 Photium
1267 1203 1334 1258 ad
1352 1199 1761 1272 promotionem
1797 1199 2000 1264 pertu—

399 1282 593 1372 lerint,
607 1308 663 1356 et
676 1300 892 1355 idcirco
913 1298 962 1352 si
992 1296 1091 1351 ille
1109 1292 1423 1363 dejectione
1443 1289 1655 1359 dignus
1675 1288 1816 1354 erat,
1835 1288 1891 1338 et
1908 1282 1995 1337 illi

399 1369 590 1448 multo
608 1389 809 1460 magis,
833 1386 971 1441 talia
992 1383 1244 1439 dicimus
1261 1379 1332 1456 ad
1357 1393 1474 1443 eos,
1504 1376 1640 1446 quia
1664 1374 1720 1428 in
1749 1369 1997 1427 secunda

399 1485 593 1537 sancta
614 1482 670 1534 et
691 1459 1001 1532 universali
1026 1471 1260 1544 synodo,
1291 1481 1416 1539 quae
1444 1465 1678 1521 collecta
1700 1465 1788 1516 est
1813 1461 1870 1514 in
1896 1459 2000 1513 hac

400 1569 583 1626 amica
601 1565 815 1622 Christi
838 1563 975 1619 urbe
991 1561 1098 1617 sub
1122 1559 1221 1614 Dei
1235 1550 1782 1614 cultoreTheodosio
1798 1560 2000 1618 magno

404 1659 762 1726 imperatore,
777 1653 1060 1708 Maximus
1073 1649 1303 1719 quidam
1327 1643 1594 1715 Cynicus,
1609 1637 2000 1705 etomnisejus

2103 477 2275 534 bilem
2292 479 2621 536 habiturum
2638 481 2931 551 proprium
2948 481 3335 552 praesulatum,
3349 496 3409 538 se
3433 483 3705 541 videlicet

2103 567 2510 640 chirographis
2533 575 2589 625 et
2595 571 2959 638 iuramentis,
2976 570 3235 640 quaeipse
3247 569 3510 640 confecit,
3539 570 3703 629 foliis

2106 656 2362 713 ficulnea:
2400 657 2770 730 obumbrans,
2798 658 2972 714 simul
3017 664 3074 713 et
3101 659 3159 714 in
3202 673 3332 715 aera
3374 660 3704 732 verberans,

2103 752 2161 802 et
2185 745 2398 802 frustra
2426 759 2704 817 pugnans,
2731 751 2788 802 et
2810 760 3146 804 aranearum
3175 747 3291 804 filis
3328 750 3704 820 semetipsum

2104 835 2385 904 operiens.
2411 837 2602 906 Neque
2627 835 2780 890 enim
2807 834 2945 892 folia
2973 835 3228 892 ﬁculnea:
3251 837 3498 893 dedecus
3517 838 3706 894 velare

2106 924 2300 994 potius
2325 938 2493 995 quam
2523 924 2768 981 revelare
2811 925 3095 995 videntur,
3143 940 3272 982 cum
3302 927 3422 981 sint
3446 927 3706 998 undique

2104 1013 2284 1069 scissa
2309 1013 2428 1069 sive
2455 1019 2700 1083 pertusa.
2730 1013 3076 1070 Sententiam
3122 1029 3275 1086 ergo,
3319 1019 3377 1070 et
3412 1015 3706 1085 judicium

2107 1107 2363 1158 nostrum
2389 1115 2577 1157 coram
2591 1103 2779 1158 amico
2803 1103 3018 1158 Christi
3037 1103 3394 1173 imperatore,
3418 1117 3483 1158 ac
3508 1111 3708 1160 sancta

2107 1192 2321 1261 synodo
2349 1190 2647 1246 manifesta
2671 1190 2930 1247 fecimus.
2961 1192 3124 1247 Pacis
3165 1197 3356 1248 autem
3386 1193 3708 1263 principem

2105 1282 2282 1336 Deum
2311 1281 2653 1352 ﬂagitamus,
2683 1296 2795 1351 quo
2821 1281 3369 1352 tranquillissimum
3399 1282 3709 1352 imperium

2107 1370 2522 1426 dominationis
2549 1370 2798 1440 piissimi
2825 1371 3188 1440 imperatoris
3202 1371 3383 1426 nostri
3413 1371 3472 1426 in
3499 1371 3711 1427 saecula

2108 1464 2415 1515 conservet.
2440 1458 2636 1514 Amen.

2181 1549 2394 1622 Deinde
2418 1548 2566 1603 dicit
2591 1548 2840 1605 Basilius
2863 1549 3085 1605 amicus
3125 1549 3342 1605 Christi
3386 1553 3444 1604 et
3469 1562 3714 1621 magnus

2111 1638 2420 1708 imperator
2433 1637 2901 1707 posthujusmodi
2924 1638 3389 1694 acclamationem
3401 1638 3468 1693 ad
3495 1638 3717 1708 episco-

405 1699 1302 1726 ....,..........-,-.-“.-------1w“---
1342 1699 1391 1715 ί,
1585 1699 1594 1712 ,
1902 1699 1919 1705 -
2196 1699 2212 1708 .
2433 1699 2448 1706 -
2647 1699 2667 1707 _

405 1759 608 1801 manus
638 1741 936 1812 impositio
965 1737 1190 1808 repulsa
1215 1741 1321 1803 est,
1352 1733 1451 1803 qui
1478 1734 1666 1787 autem
1718 1723 2000 1796 promovit
2031 1699 2083 1760 Β
2116 1742 2217 1798 pos
2247 1725 2465 1782 Photii:
2501 1727 2642 1781 Ecce
2663 1726 2914 1782 audistis
2951 1740 3179 1782 sensum
3226 1699 3712 1796 patriarchiorum

402 1847 532 1890 eum
554 1833 622 1887 ad
649 1829 1014 1901 praesulatum
1027 1827 1282 1895 dejectus
1304 1835 1414 1877 non
1435 1825 1521 1876 est
1541 1832 1572 1873 a
1594 1822 1744 1874 sorte
1767 1828 1890 1884 sua,
1913 1813 2004 1867 Ti-

407 1922 668 1978 motheus
680 1918 946 1975 videlicet
965 1912 1479 1970 Alexandrinorum
1505 1904 1810 1978 provincia:
1842 1901 2008 1972 epis-

407 2025 604 2080 copus.
628 2011 750 2064 Non
773 2006 956 2062 solum
975 2009 1162 2060 autem
1189 2001 1310 2070 ipse
1337 1997 1572 2053 minime
1592 1999 1678 2050 est
1713 1991 1999 2062 repulsus,

407 2079 502 2155 sed
518 2111 620 2153 nec
632 2097 937 2167 quisquam
950 2093 1346 2162 episcoporum
1358 2083 1661 2154 Timothei,
1677 2081 1776 2152 qui
1795 2079 2007 2149 pariter

412 2187 649 2256 inventi,
673 2185 798 2239 etin
821 2181 1052 2237 Maximi
1075 2177 1497 2234 ordinationem
1519 2169 2004 2241 etprovectionem

408 2273 695 2345 cooperati
723 2278 878 2341 sunt,
901 2271 1206 2326 damnatus
1239 2269 1344 2335 est,
1385 2263 1526 2334 quin
1552 2260 1744 2330 potius
1767 2259 2010 2313 honores

409 2369 467 2420 et
489 2362 718 2433 praemia
743 2362 1106 2416 meruerunt:
1135 2354 1404 2426 quoniam
1425 2349 1757 2405 Timotheus
1789 2346 2010 2416 primus

412 2451 598 2508 factus
608 2455 694 2507 est
712 2448 993 2519 praedictae
1007 2448 1215 2500 sanctae
1233 2441 1434 2512 synodi
1460 2437 1790 2509 praesidens,
1816 2437 2012 2502 utpote

411 2539 772 2595 Alexandria:
804 2533 1147 2606 patriarcha,
1181 2536 1238 2586 et
1280 2542 1392 2585 una
1417 2540 1545 2583 cum
1583 2523 1871 2594 episcopis
1910 2520 2010 2591 qui

414 2642 604 2684 secum
627 2630 789 2682 erant
811 2621 1068 2695 provexit
1087 2618 1413 2674 Nectarium
1443 2609 2014 2680 Constantinopoleos

415 2716 816 2788 patriarcham.
847 2714 1038 2781 Itaque
1072 2721 1184 2763 non
1209 2703 1517 2762 damnandi
1561 2701 1711 2772 apud
1755 2713 1858 2754 nos
1879 2701 2016 2752 sunt

415 2785 669 2876 episcopi
694 2803 793 2874 qui
825 2799 1039 2858 inventi
1062 2803 1217 2866 sunt,
1245 2799 1302 2850 et
1320 2791 1804 2849 consecrationem
1827 2785 2013 2841 Photii

414 2875 691 2962 fecerunt,
732 2906 797 2947 eo
838 2889 986 2961 quod
1023 2887 1264 2942 maxime
1306 2883 1487 2939 coacti
1526 2881 1598 2936 ab
1650 2875 2015 2947 imperatoria

416 2987 692 3056 potestate
721 2995 786 3036 ac
817 2977 1068 3050 potentia
1091 2975 1160 3030 ad
1193 2973 1361 3029 talem
1394 2969 1629 3040 impulsi
1657 2971 1794 3023 sunt
1826 2965 2018 3020 actio—

415 3045 543 3131 nem
573 3090 589 3138 ς
619 3045 861 3126 maxime
885 3079 1014 3122 cum
1043 3064 1103 3118 in
1131 3062 1401 3133 pratdicto
1426 3057 1721 3113 Timotheo
1762 3053 2016 3108 Alexan-
2042 3045 2093 3111 Ο

414 3163 586 3221 drino
613 3156 938 3230 patriarcha
945 3153 1222 3224 justiores
1251 3151 1663 3205 monstrentur:
1686 3143 1834 3198 nihil
1860 3141 2013 3196 enim

415 3228 656 3306 habebat
673 3246 770 3302 ille
785 3244 933 3316 quod
953 3243 1065 3298 sibi
1090 3238 1446 3312 tyrannidem
1467 3234 1722 3303 inferret,
1737 3237 1794 3287 et
1807 3228 2018 3300 impel—

414 3341 557 3396 leret
580 3337 647 3392 ad
677 3333 908 3390 Maximi
935 3329 1436 3388 consecrationem.
1479 3327 1681 3379 Verum
1710 3321 1808 3376 ille
1833 3320 2012 3389 solus,

416 3427 518 3499 qui
545 3430 676 3481 ante
717 3422 1014 3492 depositus
1052 3426 1110 3474 et
1133 3413 1650 3474 anathematizatus
1689 3416 1797 3480 est,
1842 3415 1955 3463 tam
1981 3421 2016 3462 a

415 3513 742 3586 patriarcha
769 3511 1008 3583 lgnatio,
1054 3519 1224 3577 quam
1250 3504 1320 3558 ab
1366 3501 1680 3572 apostolica
1726 3499 2017 3552 Romano-

413 3619 541 3660 rum
586 3600 856 3669 Ecclesia,
884 3595 1198 3667 Gregorius
1220 3593 1610 3662 Syracusanus
1632 3586 1936 3640 damnatus
1959 3586 2017 3637 et

415 3691 713 3762 depositus
733 3694 838 3744 est.
863 3689 1054 3754 Neque
1069 3683 1222 3738 enim
1238 3678 1634 3735 beatissimum
1657 3678 1714 3728 et
1731 3671 2014 3727 deiferum

417 3759 802 3850 patriarcham
829 3773 1111 3844 Ignatium
1156 3769 1407 3824 alienum
1433 3779 1465 3821 a
1493 3762 1722 3834 propria
1746 3759 2010 3815 cathedra

414 3846 806 3940 indicavimus
829 3859 1142 3930 aliquando
1167 3857 1253 3912 vel
1275 3856 1624 3926 judicamus,
1654 3862 1837 3918 neque
1863 3846 2019 3901 Pho-

423 3937 569 4014 tium
625 3965 876 4022 unquam
921 3951 981 4004 in
1027 3961 1247 4003 summo
1293 3943 1611 4001 sacerdotio
1675 3937 2014 4008 recepimus.

419 4047 662 4102 Sanctus
682 4040 1118 4111 enimSpiritus,
1143 4037 1243 4110 qui
1268 4037 1494 4091 locutus
1514 4038 1600 4088 est
1623 4032 1681 4086 in
1704 4035 1897 4084 sancta
1924 4027 2023 4081 Ro-

423 4146 720 4190 manorum
743 4130 1012 4200 Ecclesia,
1055 4127 1342 4183 credimus
1363 4124 1512 4196 quod
1554 4128 1610 4176 et
1649 4121 1709 4176 in
1750 4116 2023 4174 Ecclesiis

425 4230 640 4291 nostris
661 4229 888 4283 locutus
907 4221 1212 4279 exstiterit.
1232 4222 1354 4274 Haec
1374 4219 1526 4274 enim
1551 4214 1787 4286 plurimi
1801 4226 2020 4281 eorum,

425 4322 526 4395 qui
552 4316 738 4375 Photii
755 4313 1023 4369 factionis
1042 4316 1223 4380 erant,
1253 4309 1518 4378 scientes,
1537 4303 1673 4361 conf
1675 4308 1918 4376 ugerunt
1939 4315 2025 4357 sa-

2111 1821 2224 1870 tam
2248 1815 2487 1870 Romani
2511 1829 2679 1885 quam
2705 1815 3206 1886 Hierosolymitani
3247 1821 3304 1870 et
3341 1815 3709 1870 Antiocheni.

2109 1905 2258 1973 Quid
2273 1904 2434 1959 vobis
2447 1904 2753 1959 videturad
2772 1904 3126 1960 haac‘?Photii
3140 1904 3706 1974 episcopidixerunt:

2114 1992 2538 2062 Respondemus
2549 1993 2617 2048 ad
2634 1993 2768 2047 haec.
2789 1993 3374 2063 EtdixitEuthymius
3399 1993 3499 2062 qui
3527 1990 3719 2048 fuerat

2117 2080 2344 2137 factusa
2360 2082 2560 2138 Photio
2571 2083 2836 2138 Caesareae
2854 2082 3222 2152 Cappadociae
3245 2083 3548 2152 episcopus
3570 2100 3582 2135 :
3613 2083 3724 2137 Do-

2121 2170 2274 2225 mine
2301 2171 2628 2242 imperator,
2659 2171 2922 2226 novimus
2946 2185 3014 2226 ex
3037 2173 3150 2227 Deo
3200 2172 3504 2242 imperium
3550 2177 3718 2226 tuum

2114 2261 2358 2332 justum,
2385 2260 2726 2331 longanime,
2749 2274 2814 2315 ac
2837 2273 3105 2329 personas
3127 2273 3238 2316 non
3252 2265 3574 2322 sumens,et
3596 2273 3722 2329 pos-

2120 2352 2306 2407 cimus
2323 2349 2490 2420 illud,
2511 2353 2778 2420 uteterga
2793 2362 2895 2404 nos
2922 2349 3189 2420 humiles,
3213 2353 3270 2404 et
3297 2349 3564 2420 indignos
3589 2361 3723 2403 ser-

2121 2454 2220 2495 vos
2261 2454 2397 2496 suos
2439 2440 2557 2493 haac
2595 2444 2857 2510 agantur,
2899 2444 2955 2494 et
2992 2439 3345 2508 accipiamus
3382 2438 3616 2493 verbum
3657 2437 3722 2492 in

2122 2529 2433 2598 scriptisex
2457 2529 2567 2584 Deo
2595 2528 2822 2598 imperii
2855 2529 2964 2599 tui,
2993 2533 3057 2584 ut
3082 2541 3479 2598 quamcunque
3507 2526 3726 2582 habea-

2125 2632 2252 2673 mus
2266 2616 2761 2686 justiﬂcationem,
2799 2617 2926 2672 sine
2964 2614 3354 2686 prohibitione
3394 2617 3721 2686 loquamur,

2123 2711 2179 2761 et
2199 2709 2482 2776 quotquot
2494 2705 3317 2774 voluerintnobiscumdicere,
3335 2717 3445 2760 non
3465 2703 3730 2774 prohibe-

2125 2801 2321 2852 antur:
2348 2800 2404 2850 et
2425 2807 2719 2864 sieramus
2743 2794 2801 2848 in
2823 2796 3021 2866 Deum,
3045 2802 3102 2849 et
3122 2794 3182 2848 in
3208 2793 3513 2863 imperium
3535 2798 3724 2864 tuum,

2126 2885 2275 2954 quod
2298 2897 2365 2939 ex
2386 2884 2496 2938 Deo
2508 2883 2773 2953 est;quia
2793 2888 2848 2937 et
2869 2883 3096 2938 chartas
3117 2883 3286 2938 haset
3304 2883 3730 2952 disputationes

2129 2974 2268 3030 istas
2290 2973 2587 3028 ostendere
2627 2972 2980 3027 habemusin
3020 2985 3219 3026 vanam
3259 2971 3439 3027 fuisse
3483 2971 3725 3042 locutas,

2126 3063 2221 3118 sed
2237 3062 2634 3118 tumultuatas.
2651 3061 2900 3116 Basilius
2913 3061 3213 3130 piissimus
3232 3061 3520 3117 etamicus
3538 3061 3732 3115 Chris-

2126 3152 2170 3206 ti
2196 3151 2503 3221 imperator
2521 3150 2674 3205 dixit
2697 3167 2709 3203 :
2738 3152 2884 3205 Vane
2906 3150 3082 3205 locuti
3105 3150 3266 3220 estis,
3293 3155 3357 3205 ut
3376 3150 3476 3220 qui
3497 3149 3626 3205 ausi
3645 3163 3732 3204 es-

2127 3241 2204 3295 tis
2223 3240 2414 3294 dicere
2434 3252 2575 3294 vana
2597 3253 2723 3310 quae
2746 3239 2887 3294 lecta
2909 3245 3062 3307 sunt,
3086 3252 3151 3295 eo
3173 3238 3323 3309 quod
3346 3251 3414 3293 ex
3435 3237 3651 3294 talibus
3671 3244 3732 3293 et

2127 3335 2240 3386 tam
2270 3329 2492 3401 magnis
2518 3328 3002 3398 patriarchalibus
3044 3326 3335 3397 capitibus
3371 3325 3526 3381 dicta
3567 3325 3728 3396 sint;

2127 3419 2603 3489 quemadmodum
2626 3430 2821 3472 omnes
2840 3416 3161 3472 certissime
3182 3421 3412 3472 norunt.
3447 3419 3555 3472 Vos
3578 3415 3733 3484 prin-

2127 3507 2177 3561 ci
2187 3505 2300 3575 pali
2331 3519 2500 3559 manu
2522 3505 2768 3574 synodos
2796 3504 3153 3560 inordinatas
3177 3504 3308 3575 soli,
3331 3518 3398 3560 ac
3422 3503 3735 3575 singulari-

2128 3599 2232 3664 ter,
2261 3593 2385 3648 sine
2400 3592 3008 3662 patriarchiisthronis
3029 3591 3301 3648 facientes
3322 3598 3548 3648 sanctas
3574 3606 3736 3648 voca-

2129 3695 2187 3738 re
2211 3681 2338 3737 ausi
2380 3682 2541 3751 estis,
2585 3686 2641 3736 et
2680 3681 2817 3738 huic
2856 3682 3141 3751 praesenti,
3185 3695 3310 3752 quae
3351 3681 3424 3737 ab
3463 3679 3736 3737 omnibus

2129 3771 2614 3845 patriarchalibus
2641 3771 2867 3827 thronis
2887 3771 3167 3826 celebrata
3203 3776 3309 3840 est,
3347 3770 3448 3825 Dei
3471 3784 3738 3840 coopera-

2134 3863 2290 3919 tione
2308 3874 2373 3916 ac
2386 3861 2589 3932 gratia,
2605 3861 2703 3930 qui
2727 3861 3028 3930 imperium
3047 3861 3530 3930 nobiscommisit,
3553 3862 3745 3918 detra-

2133 3953 2265 4010 here
2286 3965 2395 4006 non
2422 3951 2782 4006 erubescitis.
2809 3951 3016 4022 Utique
3038 3951 3222 4006 nostis
3243 3957 3298 4006 et
3317 3965 3416 4007 vos
3435 3957 3492 4006 et
3513 3951 3742 4007 univer-

2135 4041 2296 4107 sitas,
2322 4062 2447 4116 quae
2473 4045 2580 4102 sub
2601 4044 2719 4098 sole
2748 4047 2852 4112 est,
2903 4042 3036 4112 quia
3082 4042 3420 4111 protectioni
3467 4043 3584 4096 veri
3633 4042 3737 4097 Dei

2142 4138 2320 4196 nostri
2336 4136 2591 4206 quinque
2613 4131 2962 4202 patriarcbia
2976 4130 3134 4186 orbis
3148 4136 3429 4186 terrarum
3444 4137 3596 4186 recta
3616 4144 3745 4199 sen-

2135 4230 2290 4285 tiunt
2310 4233 2365 4281 et
2389 4239 2498 4281 non
2524 4230 2611 4279 est
2637 4223 2793 4278 lzesio
2815 4221 2945 4278 fidei
2979 4239 2991 4274 :
3026 4226 3082 4276 et
3104 4220 3231 4276 ideo
3258 4221 3544 4291 quidquid
3568 4220 3744 4290 judi-

2135 4327 2283 4388 cant,
2309 4313 2627 4373 necessario
2645 4311 2866 4366 debetis
2889 4311 3157 4379 recipere.
3183 4311 3252 4365 Ut
3271 4318 3459 4366 autem
3481 4319 3736 4389 apparet,

426 4366 526 4395 “1““““
553 4366 572 4375 ¹“
596 4366 916 4374 ""'""""‘
955 4366 964 4367 ί
1057 4366 1062 4367 ⁷
1213 4366 1223 4380 ι
1509 4366 1516 4378 ι
1715 4366 1744 4376 ν
2136 4366 2263 4376 νη..-
2312 4366 2616 4373 ------..-_-_,-

425 4411 672 4470 Ῑιιιπίῐθν
692 4421 756 4463 ac
769 4407 1266 4472 τενθνθηιενεηιιιιθ
1279 4405 1501 4455 δθηδθίθ
1513 4399 1580 4452 ad
1597 4402 1848 4451 sanetam
1862 4407 2025 4464 Syno‘
2053 4366 2109 4429 D
2140 4425 2250 4466 non
2269 4366 2511 4463 creditis
2531 4403 2678 4472 quod
2703 4415 2765 4456 ea
2789 4414 2914 4471 quae
2933 4366 3087 4455 dicta
3109 4406 3247 4456 sunt
3262 4401 3426 4458 illinc
3447 4366 3740 4462 existunt:

426 4505 585 4572 dum,
613 4507 670 4555 et
691 4495 1116 4554 convenientem
1143 4489 1362 4546 veniam
1394 4494 1726 4544 meruerunt
1757 4504 1768 4540 :
1802 4486 1901 4555 qui
1929 4498 2027 4538 au-

427 4600 539 4649 tem
560 4587 978 4647 contentiosius
1015 4589 1071 4639 et
1091 4581 1465 4638 favorabilius
1506 4580 1656 4635 hunc
1676 4580 2031 4650 amplecten-

428 4683 566 4738 dum
580 4681 941 4750 putaverunt,
958 4672 1222 4729 fortassis
1245 4671 1349 4725 hoc
1367 4669 1575 4724 habent
1589 4669 1646 4723 in
1661 4669 1872 4739 animo,
1891 4669 2029 4740 quia

433 4769 664 4841 propria
689 4766 922 4834 scripta,
951 4768 1006 4817 et
1025 4763 1368 4831 juramenta,
1397 4764 1454 4814 et
1476 4772 1675 4814 cruces
1717 4774 1860 4830 quas
1887 4759 2033 4814 fixe-

433 4863 593 4928 runt,
620 4853 923 4925 reprobare
949 4851 1170 4906 nolunt.
1199 4847 1561 4904 Sanctissimi
1590 4854 1778 4904 autem
1825 4848 2030 4903 vicarii

435 4944 905 5009 seniorisRomaa,
926 4946 1115 5010 etnos,
1135 4938 1233 5008 qui
1260 4937 1611 5007 reliquarum
1633 4937 1855 4992 sedium
1870 4937 2034 4992 vica—

437 5035 512 5090 rii
529 5047 748 5102 sumus,
765 5031 883 5100 haec
896 5028 1085 5085 omnia
1105 5027 1476 5082 dissolvimus
1500 5027 1687 5095 hodie,
1704 5027 1886 5097 gratia
1900 5028 2033 5081 Jesu

433 5123 674 5191 Christi,
690 5118 961 5191 quidedit
975 5117 1140 5172 nobis
1155 5117 1364 5172 summi
1379 5115 1684 5171 sacerdotii
1700 5121 2032 5184 potestatem

427 5215 585 5283 juste
611 5223 673 5265 ac
697 5221 946 5280 congrue
972 5206 1187 5278 ligandi
1228 5211 1399 5276 atque
1442 5203 1718 5272 solvendi,
1762 5204 2033 5273 quoniam

436 5301 714 5356 violenter
738 5303 794 5353 et
817 5301 1007 5351 coacte
1032 5295 1222 5350 omnia
1249 5293 1393 5348 facta
1420 5300 1574 5348 sunt.
1604 5291 1704 5346 llle
1724 5293 1874 5346 enim
1900 5293 2040 5348 Pho-

435 5391 558 5446 tius
583 5379 938 5463 praenoscens
963 5383 1192 5454 oppido,
1222 5383 1372 5452 quod
1402 5395 1512 5436 non
1561 5394 1658 5450 per
1681 5382 1893 5436 ostium
1937 5382 2038 5436 in—

431 5477 676 5535 traverit
698 5475 910 5545 ovium,
940 5473 1035 5528 sed
1062 5471 1296 5527 aliunde
1328 5470 1668 5542 ascenderit,
1699 5471 2038 5528 multitudi-

435 5581 563 5624 nem
587 5565 984 5636 episcoporum
1027 5561 1096 5617 ad
1143 5573 1202 5616 se
1228 5573 1328 5631 per
1351 5559 1539 5616 varias
1583 5561 2037 5620 machinationes

2137 4503 2186 4558 si
2208 4499 2358 4555 enim
2386 4491 2804 4556 credidissetis,
2833 4503 2942 4545 non
2971 4489 3170 4560 utique
3207 4492 3498 4560 judicium
3542 4509 3748 4554 eorum

2139 4587 2441 4660 reprobare
2481 4583 2710 4654 penitus
2751 4580 3057 4636 auderetis.
3112 4582 3405 4653 InterrOgo
3453 4597 3586 4655 ergo
3608 4599 3741 4642 vos;

2137 4677 2438 4744 Difﬁditis,
2453 4688 2524 4730 an
2536 4669 2958 4740 creditis,quod
2985 4668 3117 4724 inde
3139 4671 3298 4726 sint?
3320 4673 3506 4728 Photii
3531 4675 3754 4744 episco-

2142 4766 2646 4840 pidixeruntzNon
2678 4761 3021 4818 diffidimus.
3063 4762 3312 4818 Basilius
3357 4763 3660 4832 piissimus
3689 4770 3751 4820 et

2139 4851 3190 4922 Christianissimusimperatordixit:
3232 4853 3379 4923 Ergo
3393 4851 3442 4906 si
3480 4853 3745 4924 creditis,

2143 4945 2422 5014 suscipite
2436 4943 2714 5014 prolatum
2729 4941 2798 4997 ab
2809 4941 2896 4996 eis
2900 4940 3000 5010 jud
3013 4941 3208 4995 icium.
3222 4940 3280 4994 Si
3297 4953 3428 4995 vero
3445 4954 3552 4996 non
3566 4941 3753 4996 credi-

2145 5037 2241 5093 tis.
2255 5049 2358 5106 ego
2370 5038 2426 5088 et
2438 5032 2886 5087 necessariorum
2901 5044 3046 5099 opus
3063 5029 3282 5098 praebeo
3298 5051 3312 5100 ε
3329 5035 3385 5084 et
3399 5030 3476 5084 ite
3487 5030 3555 5085 ad
3572 5030 3753 5099 patri-

2145 5123 2362 5190 archia,
2376 5118 2862 5186 etcertillcamini,
2878 5123 3048 5188 atque
3069 5117 3430 5174 denudentur
3445 5117 3570 5174 illic
3584 5131 3752 5190 nego-

2147 5215 2247 5270 tia.
2267 5207 3028 5279 Photiiepiscopidixerunt:
3061 5207 3162 5262 Hic
3188 5206 3552 5262 denudentur
3569 5220 3751 5279 nego—

2147 5305 2246 5359 tia.
2285 5299 2586 5356 Zacharias
2619 5311 2650 5352 a
2693 5297 2896 5351 Photio
2927 5295 3407 5352 Chalcedonensis
3439 5295 3750 5364 episcOpus

2144 5392 2322 5447 dixit:
2340 5392 2574 5459 Etpapaa
2599 5385 2818 5442 Nicolai
2846 5392 2903 5440 et
2925 5391 3257 5440 c:eterorum
3285 5384 3748 5453 patriarcharum

2146 5495 2323 5538 canon
2340 5479 2604 5549 princeps
2614 5482 2720 5548 est,
2733 5481 2789 5530 et
2800 5475 3110 5532 secundum
3128 5473 3292 5528 illum
3305 5478 3554 5544 agentes,
3573 5472 3655 5527 nil
3670 5470 3750 5527 fa-

2146 5572 2477 5627 ciuntextra
2490 5565 2547 5622 id
2563 5567 2711 5636 quod
2743 5565 2965 5621 docent.
2982 5563 3121 5618 Cum
3147 5569 3448 5618 veroextra
3474 5561 3627 5618 hunc
3652 5559 3749 5617 fa-
