4052 6168
312 269 386 327 89
1057 264 1602 323 INTERPRETATIO
1638 265 1888 325 SYNODI
1923 268 2044 326 VIII
2079 268 2486 326 GENERALIS.
2515 299 2589 310 -
2621 270 2822 327 ACTIO
2858 273 2946 327 VI.
3554 273 3625 331 90

311 399 512 465 ciunt,
545 396 666 452 sive
687 408 828 466 papa
852 393 1142 463 Nicolaus,
1170 392 1290 447 sive
1313 391 1468 448 alius
1489 393 1639 464 quis,
1670 405 1780 448 non
1807 407 1911 449 ac—
1940 395 2000 456 A
2023 395 2146 450 deri
2177 394 2513 450 vulneribus
2536 395 2818 452 Ecclesiae.
2854 398 3112 454 Vestrum
3137 403 3324 456 autem
3349 416 3542 460 casum
3567 407 3626 460 et

311 487 690 558 quieseemus.
710 483 930 539 Etenim
964 481 1292 538 Marcellum
1327 481 1688 552 Aneyranum
1720 481 1911 538 Julius

307 576 598 631 Romanus
618 573 891 643 suscepit,
908 571 1332 627 etSardieensis
1369 571 1914 640 synodustreeentos

309 665 607 734 episcopos
620 661 854 728 habens,
873 660 1352 731 justiﬁeaviteum
1369 678 1384 729 ;
1399 660 1493 715 sed
1511 673 1691 729 usque
1710 660 1766 715 in
1784 674 1919 730 pra;-

307 767 436 809 sens
451 758 517 808 ut
531 750 1056 807 haereticusanathe
1071 750 1207 804 mati
1231 748 1622 805 submittitur:
1639 755 1695 804 et
1707 749 1915 820 lugen-

303 841 756 911 dumApiarium
778 838 1159 908 justifieatum
1193 838 1508 892 aRomanis
1545 837 1908 908 praesulibus,

298 929 840 998 Africanasynodus
856 941 964 983 non
972 925 1333 996 justiﬂeavit,
1367 926 1461 982 sed
1500 926 1732 996 repulit,
1770 927 1913 982 mit-

300 1023 447 1085 tens,
464 1023 529 1073 ut
544 1018 776 1088 propria
809 1022 1054 1084 curaret,
1071 1021 1128 1071 et
1139 1021 1297 1071 extra
1313 1017 1452 1072 fines
1463 1031 1600 1072 suos
1613 1031 1722 1072 non
1737 1030 1910 1072 exce—

297 1107 842 1175 deret;etaliadena
859 1105 1042 1160 millia
1067 1105 1454 1176 paradigmata
1485 1105 1757 1161 habemus
1793 1105 1910 1160 hu—

300 1197 531 1265 jusmod
543 1197 580 1250 i.
597 1198 666 1250 Et
679 1209 848 1262 nunc,
865 1194 1148 1264 siquidem
1164 1193 1310 1250 facta
1325 1199 1459 1249 sunt
1486 1194 1602 1249 haec
1616 1208 1648 1249 a
1673 1197 1716 1248 Ν
1725 1193 1906 1249 ieolao

299 1299 430 1340 cum
442 1298 682 1351 canone,
698 1284 1015 1354 sequimur,
1030 1284 1466 1339 etconvenimus
1477 1289 1534 1339 et
1548 1284 1902 1353 roboramus,

298 1375 658 1429 eteontraria
674 1373 796 1428 illis
809 1372 1212 1441 nonsapimus:
1233 1372 1283 1426 si
1299 1387 1428 1428 vero
1442 1371 1587 1428 facta
1601 1377 1906 1428 suntextra

297 1475 597 1528 canonem,
623 1476 733 1518 non
753 1476 855 1517 nos
873 1461 973 1516 illa
990 1461 1398 1531 vituperamus,
1423 1468 1525 1518 aut
1545 1463 1902 1532 projicimus,

297 1552 392 1609 sed
416 1565 604 1608 canon
627 1551 866 1607 :etenim
888 1549 1114 1606 duobus
1133 1550 1456 1618 conatibus,
1481 1551 1695 1621 quibus
1717 1553 1905 1608 utitur

295 1646 496 1697 contra
531 1640 914 1710 patriarcham
941 1639 1040 1710 qui
1063 1640 1415 1694 consecravit
1437 1654 1556 1708 nos,
1585 1653 1710 1696 reor
1732 1642 1906 1696 nemi-

2023 483 2259 539 vulnera
2301 484 2497 539 nullus
2521 485 3040 542 ecelcsiastieorum
3074 489 3420 546 medicorum
3465 506 3623 548 sana-

2026 572 2109 626 vit
2133 590 2144 625 :
2173 587 2353 643 neque
2377 574 2594 644 aliquis
2626 575 3097 644 patriarchalium
3120 577 3371 646 capitum
3403 581 3621 652 erigere

2024 674 2124 715 vos
2143 675 2209 716 ex
2233 663 2399 718 ruina
2421 670 2602 718 vestra
2628 677 2827 733 passus
2847 671 2950 734 est,
2974 669 3075 720 aut
3094 665 3297 734 voluit,
3321 669 3414 723 sed
3443 684 3622 740 usque

2025 749 2084 804 in
2109 764 2353 819 praesens
2376 751 2434 806 in
2461 758 2686 821 peccato
2706 758 2891 808 vestro
2910 754 3070 824 estis,
3095 757 3149 810 et
3166 755 3223 809 in
3245 757 3508 826 sepulcro
3532 773 3621 814 ne-

2022 839 2222 909 quitia:
2253 844 2451 895 vestrae
2475 841 2680 910 jacetis
2712 842 2942 912 mortui,
3003 843 3152 898 unde
3181 858 3374 899 omnes
3403 848 3614 903 summi

2021 935 2273 996 pastores
2297 930 2632 999 patriarcha:
2652 931 3011 986 concorditer
3030 945 3128 986 vos
3148 933 3542 989 condemnant.
3566 935 3614 992 Λ

2017 1019 2130 1072 Deo
2151 1033 2279 1074 vero
2304 1019 2587 1074 munitum
2617 1019 2919 1088 imperium
2945 1025 3200 1076 nostrum
3225 1022 3532 1094 placidum,
3556 1029 3612 1080 et

2019 1105 2327 1179 benignum
2357 1111 2462 1177 est,
2487 1113 2552 1162 et
2564 1108 2735 1162 vestri
2758 1122 2952 1163 curam
2976 1110 3142 1180 gerit,
3167 1115 3222 1164 et
3251 1112 3524 1183 consulit,
3551 1118 3615 1168 ut

2020 1197 2353 1266 percipiatis
2376 1197 2820 1265 misericordias,
2847 1212 2988 1268 quas
3007 1199 3615 1257 deliberaveritsaneta

2015 1291 2072 1340 et
2103 1285 2450 1341 universalis
2479 1287 2750 1356 synodus.
2788 1288 2926 1341 Nam
2958 1301 3152 1342 omnes
3183 1289 3446 1344 novimus
3477 1291 3614 1360 quia

2016 1374 2150 1430 laici
2172 1374 2332 1441 estis,
2357 1380 2413 1428 et
2434 1387 2544 1429 non
2567 1375 2914 1430 adduximus
2934 1390 3032 1430 vos
3052 1376 3281 1446 latrare,
3307 1381 3362 1434 et
3383 1379 3508 1433 sine
3529 1394 3615 1434 or-

2012 1463 2148 1518 dine
2169 1461 2351 1518 faccre
2372 1463 2537 1518 verba
2555 1464 2772 1532 ;omnia
2793 1465 2944 1519 enim
2968 1471 3150 1520 vestra
3174 1467 3464 1522 mendacia
3476 1472 3613 1524 sunt

2013 1558 2068 1606 et
2089 1552 2366 1608 seductio.
2395 1552 2583 1606 Photii
2617 1552 2871 1622 episcopi
2903 1553 3211 1608 dixerunt:
3244 1556 3357 1609 Hoc
3381 1569 3480 1610 nee
3501 1555 3619 1610 dia-

2011 1639 2178 1695 bolus
2198 1641 2687 1695 aususestdicere.
2715 1640 2964 1696 Basilius
2988 1642 3308 1714 piissimus,
3335 1643 3618 1702 etChristi

296 1743 425 1784 nem
448 1729 731 1785 duntaxat
758 1733 1074 1797 promotum
1100 1741 1262 1798 posse
1281 1729 1562 1784 damnari.
1593 1731 1730 1784 Nam
1757 1731 1814 1786 in
1836 1744 1902 1788 eo
1933 1726 1986 1786 B
2015 1729 2237 1784 amicus
2259 1729 2566 1798 imperator
2585 1729 2762 1783 dixit:
2779 1729 2835 1784 Si
2861 1730 3084 1785 velletis
3102 1731 3312 1800 dicere,
3338 1731 3474 1802 quia
3489 1737 3622 1786 tem-

297 1818 450 1888 quod
473 1816 623 1873 dicit
641 1831 749 1872 non
770 1815 1038 1872 debuisse
1057 1815 1206 1871 hune
1223 1829 1290 1870 ex
1308 1816 1476 1871 laicis
1499 1818 1752 1887 provehi,
1776 1832 1907 1874 con-

295 1912 590 1962 secrantes
610 1905 840 1976 quidem
858 1909 1056 1960 cautos
1074 1905 1281 1975 reddit,
1301 1913 1694 1962 consecratum
1716 1914 1906 1963 autem

296 2009 408 2052 non
431 1996 704 2050 damnat:
730 1998 785 2049 et
805 1994 1159 2050 consuetudo
1191 2007 1462 2050 canonem
1490 1995 1654 2050 illum
1679 2012 1913 2070 exsupe-

295 2085 467 2142 ravit.
495 2083 719 2139 Etenim
744 2083 1016 2138 Tarasius
1039 2083 1118 2138 ita
1150 2091 1518 2141 consecratus
1543 2093 1647 2156 est,
1674 2095 1730 2144 et
1755 2091 1914 2148 Nice-

181 2159 188 2163 ’
295 2175 539 2245 phorus,
572 2177 628 2227 et
673 2171 1000 2239 Nectarius,
1040 2175 1096 2225 et
1140 2172 1476 2228 Thalassius
1517 2176 1800 2241 Caesarem,
1846 2195 1912 2236 ac

292 2261 605 2330 Eusebius,
633 2265 689 2315 et
707 2259 1046 2316 Ambrosius
1086 2260 1415 2331 Mediolani,
1443 2269 1614 2334 atque
1640 2268 1745 2323 alii
1788 2271 1915 2326 mil-

295 2353 366 2409 le.
389 2351 451 2407 Si
484 2363 620 2421 ergo
649 2353 786 2406 sunt
811 2349 900 2404 illi
929 2349 1186 2417 obnoxii,
1211 2355 1295 2405 est
1317 2355 1372 2406 et
1401 2352 1494 2408 hic
1519 2371 1533 2424 ;
1559 2357 1708 2425 quod
1743 2359 1791 2413 si
1821 2359 1910 2416 illi

297 2440 552 2510 innoxii,
592 2444 649 2494 et
693 2439 799 2493 iste
845 2438 1064 2508 utique.

365 2529 530 2598 Quod
564 2531 753 2583 autem
782 2527 1021 2598 dicitur,
1051 2527 1186 2598 quia
1212 2542 1245 2583 a
1274 2529 1555 2600 depositis
1583 2538 1669 2590 est
1695 2550 1914 2606 promo-

296 2625 410 2688 tus,
437 2617 692 2688 primum
722 2629 831 2672 non
858 2617 1165 2686 Opinamur
1193 2618 1297 2673 hoe
1324 2633 1517 2676 verum
1551 2637 1692 2693 esse,
1729 2640 1910 2698 neque

294 2709 448 2763 enim
476 2721 580 2776 pro
607 2704 956 2760 criminibus
987 2706 1084 2761 isti
1113 2707 1360 2776 depositi
1396 2708 1648 2779 fuerunt,
1685 2716 1779 2770 sed
1807 2731 1906 2785 pro

292 2811 358 2852 eo
381 2797 536 2866 quod
563 2795 902 2849 restiterunt
924 2795 1212 2850 Ecclesiae:
1242 2797 1393 2853 uniti
1416 2805 1602 2855 autem
1629 2817 1831 2860 rursus
1850 2811 1906 2862 et

2020 1819 2280 1888 poribus,
2308 1817 2520 1888 quibus
2555 1819 2816 1888 permisit
2837 1821 2983 1874 Deus
3012 1820 3344 1890 episcopatu
3375 1835 3473 1876 vos
3497 1820 3620 1876 fun-
3679 1889 3681 1891 ι

2020 1906 2335 1979 gi,etaliud
2359 1907 2747 1962 miserabilius
2770 1908 3164 1977 permisitlieri
3182 1914 3409 1978 prepter
3433 1923 3620 1979 pecea-

2022 2004 2077 2053 ta
2095 2003 2300 2068 vestra,
2325 1996 2474 2066 quod
2495 2001 2550 2050 et
2570 1996 2841 2050 videbitis
2861 1996 3090 2051 assidue
3112 1998 3297 2052 oculis
3316 1999 3618 2054 vestriszet

2024 2088 2120 2144 hic
2141 2085 2529 2142 testimonium
2565 2085 2841 2154 perhibet,
2864 2085 2934 2138 de
2954 2085 3253 2156 Eulampio
3272 2086 3470 2141 dicens
3500 2101 3620 2156 per-

2022 2175 2229 2232 fectius
2248 2180 2304 2230 et
2328 2171 2713 2228 manifestius:
2732 2173 3009 2228 llabemus
3028 2187 3160 2245 ergo
3172 2174 3383 2229 etalios
3403 2175 3618 2244 episeo-

2023 2280 2145 2334 pos,
2168 2270 2225 2319 et
2242 2262 2346 2317 alii
2371 2261 2600 2333 quidem
2624 2260 2853 2330 patricii
2878 2265 3032 2328 sunt,
3063 2261 3166 2315 alii
3189 2267 3376 2316 autem
3403 2268 3620 2332 protos—

2023 2353 2413 2424 pathariorum
2435 2350 2772 2422 dignitatem
2796 2348 3018 2417 habent,
3035 2349 3267 2420 quidam
3281 2364 3410 2406 vero
3423 2356 3478 2405 et
3499 2365 3622 2420 spa-

2024 2441 2372 2509 thariorum,
2397 2439 2500 2494 alii
2525 2452 2654 2494 vero
2675 2437 3215 2506 etstabulariisunt;
3231 2443 3288 2493 et
3308 2439 3357 2493 si
3375 2439 3479 2494 hoc
3500 2439 3620 2495 vul-

2021 2532 2118 2602 tis,
2132 2529 2410 2586 exhibebo
2421 2541 2609 2584 eoram
2623 2527 2804 2595 vobis,
2821 2528 2957 2598 quia
2969 2527 3320 2598 Theophilus
3335 2533 3624 2598 protospa-

2021 2620 2246 2675 tharius
2269 2617 2454 2673 ferens
2482 2615 2948 2686 superhumerale
2970 2621 3034 2671 ut
3056 2616 3398 2685 patriarcha,
3433 2616 3621 2671 incen-

2018 2722 2142 2764 sum
2167 2706 2434 2762 offerebat
2454 2719 2675 2760 summo
2697 2704 2976 2760 sacerdoti
3000 2710 3186 2759 vestro
3207 2705 3408 2760 Photio
3428 2718 3618 2760 coram

2021 2799 2130 2854 isto
2146 2797 2240 2867 ;ad
2265 2809 2431 2866 quem
2447 2795 2689 2849 etdixit:
2708 2796 2829 2848 Non
2852 2794 3082 2848 videbas
3103 2793 3620 2863 eum?Eulampius

293 2883 643 2954 apostasiam
679 2882 837 2937 illam
872 2883 1260 2956 reprobantes,
1295 2886 1653 2956 suscipiendi
1692 2893 1907 2949 consis.
2015 2886 2202 2941 dixit:
2229 2885 2286 2938 Si
2319 2883 2437 2938 vidi
2459 2896 2587 2938 eum
2617 2882 2949 2952 aliquando,
2982 2881 3230 2952 domine,
3253 2882 3512 2936 destruat
3535 2895 3621 2936 me

292 2979 442 3029 tunt.
468 2973 542 3026 At
572 2985 704 3026 vero
725 2971 834 3026 etsi
865 2973 1180 3044 Gregorius
1209 2974 1508 3044 depositus
1533 2983 1620 3032 est
1647 2981 1747 3049 qui
1775 2995 1903 3038 eum
1937 2960 1988 3026 Ο
2019 2987 2241 3030 servum
2266 2978 2426 3028 tuum
2449 2971 2726 3027 Dominus
2749 2970 3136 3026 Deusdelibro
3159 2971 3307 3025 vitae.
3340 2972 3624 3025 Verumta-

292 3061 674 3131 eonseeravit,
726 3074 839 3116 non
870 3066 957 3116 est
984 3061 1223 3118 Photius
1260 3062 1564 3136 obnoxius,
1599 3069 1692 3123 sed
1730 3069 1772 3124 ii
1806 3073 1906 3141 qui

291 3165 421 3206 eum
448 3153 854 3220 promoverunt
874 3148 1108 3204 obnoxii
1131 3153 1594 3227 comprobantur,
1623 3159 1912 3215 Verumta.

293 3253 441 3300 men,
461 3238 688 3294 licetsit
701 3238 1014 3309 Gregorius
1033 3239 1348 3310 depositus,
1375 3250 1681 3311 possuntet
1693 3261 1912 3316 promo-

292 3333 489 3382 ventes
508 3341 640 3382 eum
664 3325 855 3381 nullas
869 3340 1061 3396 paanas
1074 3327 1169 3382 hic
1192 3330 1426 3398 perpeti.
1452 3333 1672 3388 Etenim
1696 3335 1909 3393 Flavia-

293 3430 403 3472 nus
420 3415 695 3486 deposuit
714 3416 1042 3486 Eutychem,
1066 3421 1122 3471 et
1140 3416 1442 3474 Anatolius
1472 3423 1723 3492 suscepit
1748 3438 1897 3480 eum.

288 3503 653 3574 Etepiscopi,
677 3504 778 3573 qui
797 3508 1055 3572 quartam
1081 3503 1335 3561 fecerunt
1347 3509 1646 3582 synodum,
1670 3513 1903 3568 commi-

290 3593 546 3648 nistrum
577 3605 710 3648 eum
739 3591 1095 3647 habuerunt:
1123 3594 1218 3648 sed
1256 3609 1611 3668 nequaquam
1642 3600 1898 3659 damnati

289 3687 447 3737 sunt.
483 3680 589 3737 Sed
621 3686 678 3736 et
722 3682 920 3736 Petrus
966 3683 1200 3752 MOggus
1221 3683 1558 3754 'depositus
1603 3693 1690 3744 est
1712 3703 1744 3744 a
1774 3691 1903 3748 Pro-

289 3771 462 3839 terio,
492 3769 643 3840 quod
675 3776 824 3824 esset
870 3769 1192 3841 haereticus,
1220 3779 1275 3828 et
1300 3780 1558 3844 quartam
1586 3790 1697 3833 non
1727 3780 1907 3835 susei-

290 3865 450 3929 peret
481 3859 782 3929 synodum.
835 3859 1050 3914 Deinde
1097 3868 1434 3930 cooperatus
1462 3870 1548 3919 est
1580 3865 1638 3920 in
1669 3872 1904 3923 mortem

287 3949 550 4018 ejusdem
585 3947 847 4018 Proterii,
875 3954 930 4003 et
957 3955 1148 4018 postea
1175 3957 1303 4021 post
1331 3954 1691 4010 Timotheum
1719 3954 1904 4013 factus

289 4043 374 4092 est
407 4037 761 4108 patriarcha,
807 4037 901 4092 sed
937 4039 1134 4095 nullus
1161 4055 1356 4097 eorum
1391 4043 1490 4112 qui
1521 4043 1591 4098 ab
1621 4059 1686 4100 eo
1715 4060 1906 4101 conse-

289 4126 434 4180 crati
461 4130 604 4180 sunt
622 4127 1031 4183 condemnatus
1051 4134 1162 4196 est;
1179 4131 1272 4186 sed
1297 4138 1352 4185 et
1373 4133 1616 4188 Aeacius
1636 4134 1905 4191 Constan.

291 4214 722 4284 tinopolitanus
739 4215 1042 4272 damnatus
1062 4225 1190 4272 csta
1205 4232 1345 4288 papa
1368 4221 1640 4290 Romano,
1663 4237 1728 4278 eo
1750 4225 1900 4294 quod

292 4318 421 4359 cum
438 4303 732 4358 hmretieis
745 4303 974 4360 haberet
993 4307 1473 4379 communionem,
1489 4316 1544 4364 et
1561 4311 1657 4366 ille
1670 4313 1900 4382 quidem

2021 3077 2168 3134 men,
2181 3062 2410 3118 domine
2422 3061 2585 3132 bone,
2601 3059 2689 3119 ref
2690 3059 3435 3130 utavitdominuslgnatius.
3454 3061 3626 3128 [mpe-

2022 3151 2362 3208 ratordixit:
2379 3148 3624 3220 Quiseumdeposuitdethrono?Eulampius

2021 3241 2196 3296 dixit:
2214 3243 2523 3310 Imperator
2543 3253 2670 3294 eum
2682 3237 2965 3307 deposuit.
2985 3237 3234 3292 Basilius
3255 3237 3625 3306 piissimuset

2017 3329 2240 3384 amicus
2258 3327 2472 3382 Christi
2499 3327 2806 3395 imperator
2824 3326 3002 3380 dixit:
3020 3327 3088 3380 Et
3110 3325 3206 3380 ubi
3229 3330 3368 3396 erat,
3394 3325 3623 3396 quando

2015 3414 3136 3483 feeitrefutationem‘IEulampiusdixit:
3155 3414 3449 3468 Foriserat
3468 3414 3525 3466 in
3541 3414 3627 3468 in-

2013 3504 2139 3561 sula
2153 3517 2276 3573 sua,
2292 3508 2487 3558 etcum
2505 3500 2532 3540 δ
2555 3509 2782 3571 propter
2796 3507 3139 3556 senectutem
3153 3515 3335 3572 suam,
3348 3501 3433 3554 vel
3447 3501 3620 3556 etiam

2011 3599 2241 3665 propter
2261 3593 2606 3663 languorem.
2623 3591 2872 3646 Basilius
2885 3590 3182 3660 piissimus
3193 3588 3472 3643 etChristi
3485 3589 3625 3644 ami-

2015 3682 2440 3751 cusimperator
2458 3681 2634 3735 dixit:
2654 3680 2859 3749 Utique
2891 3679 3050 3734 misit
3068 3678 3317 3749 aliquem
3344 3679 3619 3733 nuntians

2019 3769 2372 3842 imperatori,
2408 3770 2545 3840 quia
2566 3769 2692 3825 volo
2720 3768 2986 3824 refutare.
3011 3769 3080 3822 Et
3111 3767 3331 3838 rogavit
3350 3780 3479 3821 eum
3502 3784 3514 3820 :
3540 3768 3621 3822 Da

2019 3861 2187 3917 nobis
2209 3872 2504 3929 personam
2523 3872 2800 3928 perquam
2824 3857 3114 3913 nuntiavit
3135 3857 3483 3925 imperatori.
3509 3856 3620 3910 Ma-

2026 3950 2192 4005 rinus
2214 3947 2723 4003 reverendissimus
2742 3945 3351 4002 diaeonusetvicarius
3371 3943 3618 3999 senioris

2027 4039 2213 4094 Roma:
2233 4037 2410 4092 dixit:
2426 4036 2568 4104 Quis
2579 4036 2805 4106 estiste,
2822 4036 3064 4105 quiante
3076 4039 3439 4102 conspectum
3462 4046 3621 4088 sanc-

2013 4128 2058 4182 ti
2076 4127 2300 4196 imperii
2327 4125 2412 4180 tui
2435 4129 2650 4180 astatet
2670 4123 3227 4195 loquitur?Basiiius
3249 4123 3616 4192 piissimuset

2010 4217 2223 4271 Christi
2247 4218 2468 4270 amicus
2491 4215 2798 4284 imperator
2815 4214 3004 4268 dixit:
3028 4213 3364 4282 Eulampius
3383 4219 3486 4267 est.
3512 4215 3615 4268 Do-

2012 4313 2200 4379 natus,
2224 4313 2281 4362 et
2299 4308 2636 4377 Stephanus,
2660 4311 2717 4362 et
2736 4307 2991 4362 Marinus
3020 4305 3373 4362 sanctissimi
3406 4303 3607 4359 vicarii

290 4393 690 4447 damnationis
719 4407 1033 4449 sermonem
1073 4397 1296 4452 nullum
1332 4395 1484 4453 fecit.
1517 4399 1590 4453 At
1615 4415 1744 4456 vero
1778 4408 1901 4471 post
1928 4415 1983 4477 D
2014 4401 2260 4456 senioris
2291 4401 2477 4456 Romae
2506 4400 2814 4455 dixerunt:
2842 4404 2949 4456 Iste
2979 4407 3066 4458 est
3097 4403 3196 4473 qui
3227 4402 3524 4472 depositus
3552 4409 3610 4456 et

290 4495 422 4536 eum
459 4481 823 4552 patriarcha,
858 4483 1094 4539 Phaetas
1127 4481 1414 4561 [Flavitas]
1447 4493 1503 4543 et
1533 4491 1895 4561 Euthymius,

290 4575 348 4623 et
373 4571 764 4641 Macedonius,
801 4573 1314 4647 recipienteseum,
1349 4580 1597 4648 suscepti
1626 4581 1696 4634 ab
1719 4582 1902 4636 Eccle-

292 4659 380 4713 sia
401 4665 459 4714 et
479 4665 618 4715 sunt
638 4665 694 4715 et
717 4667 1007 4730 putantur.
1036 4665 1102 4719 Et
1124 4679 1273 4720 nunc
1303 4667 1405 4722 hoc
1426 4668 1676 4724 dicimus
1699 4687 1710 4722 :
1740 4671 1797 4725 Si
1823 4671 1901 4726 sit

289 4761 475 4804 canon
499 4749 602 4820 qui
624 4750 869 4819 deponat
889 4767 1010 4822 nos,
1033 4753 1448 4824 depositionem
1474 4758 1784 4827 recipimus
1808 4778 1821 4827 ;
1845 4761 1895 4815 si

288 4850 422 4892 vero
438 4851 552 4892 non
575 4843 680 4906 est,
707 4852 1084 4910 nequaquam.
1110 4844 1330 4899 Etenim
1353 4846 1684 4902 Flavianum
1705 4847 1900 4904 Antio-

285 4925 437 4980 Chia:
459 4926 846 4995 patriarcham
870 4929 1105 4986 Romani
1134 4945 1241 4987 non
1267 4941 1622 5006 receperunt,
1647 4937 1742 4991 sed
1767 4951 1896 4992 eum

285 5027 474 5070 canon
503 5015 835 5072 nullatenus
858 5021 1272 5076 condemnavit.
1313 5022 1561 5078 Basilius
1595 5025 1898 5094 piissimus

283 5108 343 5156 et
366 5103 589 5159 Christi
635 5105 860 5161 amicus
905 5107 1212 5178 imperator
1241 5111 1431 5166 dixit:
1462 5113 1667 5168 Omnes
1705 5129 1892 5186 casus,

284 5193 440 5262 quod
464 5192 687 5263 dicitis,
711 5195 861 5264 quod
886 5194 1020 5252 facti
1045 5196 1260 5254 fuerint
1283 5214 1380 5269 per
1398 5201 1622 5257 diversa
1644 5207 1898 5273 tempora

283 5287 340 5334 et
365 5281 514 5352 loca,
561 5281 619 5336 in
660 5284 936 5340 Ecelesiis
971 5285 1042 5341 ab
1085 5287 1222 5342 aliis
1253 5290 1598 5358 patriarchis
1637 5293 1894 5348 restituti

285 5374 342 5423 et
377 5370 558 5424 erecti
607 5376 762 5439 sunt,
803 5378 858 5428 et
899 5373 1028 5429 ideo
1073 5375 1237 5446 digni
1291 5379 1611 5448 reeeptione
1648 5380 1895 5448 judicati

285 5464 446 5527 sunt,
493 5464 767 5531 tanquam
829 5465 1012 5520 sanati
1057 5466 1129 5521 ab
1174 5467 1250 5522 iis
1289 5469 1389 5538 qui
1437 5475 1747 5538 potuerunt
1791 5485 1893 5526 me-

359 5565 381 5592 ι
401 5557 602 5615 Blesus
623 5559 744 5617 sive
775 5562 1002 5621 Balbus.

2011 4491 2524 4547 anathematizatus
2553 4496 2639 4546 est
2666 4506 2698 4546 a
2729 4496 2923 4546 sancta
2954 4492 3200 4547 Romana
3231 4492 3520 4562 Ecclesia;
3552 4496 3608 4548 et

2011 4580 2292 4649 quomodo
2316 4581 2454 4635 talia
2477 4580 2634 4650 loqui
2661 4581 3412 4650 prasumpsitineonspeetu
3437 4582 3608 4651 impe-

2011 4669 2084 4724 rii
2101 4669 2227 4726 tui?
2240 4685 2340 4725 nos
2351 4685 2480 4726 eum
2493 4671 2752 4740 deposito
2764 4671 3303 4726 etanathematizato
3319 4671 3475 4741 loqui
3492 4685 3603 4726 non

2010 4760 2278 4829 patimur.
2312 4761 2533 4815 Etenim
2568 4766 2725 4830 pater
2757 4766 2946 4816 noster
2975 4761 3278 4831 spiritalis,
3319 4761 3606 4816 Adrianus

2009 4863 2149 4918 papa
2174 4849 2458 4905 Romanus
2479 4855 2673 4905 sancto
2693 4855 2749 4904 et
2768 4864 2799 4905 a
2829 4852 2941 4906 Deo
2963 4856 3212 4920 protecto
3246 4850 3484 4920 imperio
3506 4854 3605 4906 tuo

2005 4938 2418 4992 demonstravit
2456 4939 2632 5011 legem
2663 4944 2719 4994 et
2743 4940 3051 5010 judicium,
3095 4939 3241 5010 quod
3277 4945 3469 4995 saneta
3503 4941 3606 4994 Ro-

2009 5039 2170 5081 mana
2195 5025 2443 5081 Ecclesia
2463 5027 2533 5081 de
2560 5026 2822 5083 nefandis
2842 5033 2898 5082 et
2920 5027 3453 5096 prmvaricatoribus
3473 5028 3606 5083 deii-

2008 5115 2182 5170 nivit:
2199 5119 2255 5169 et
2269 5129 2369 5170 nos
2381 5130 2510 5171 eum
2523 5116 2608 5171 eis
2627 5117 2877 5188 colloqui
2895 5122 2946 5171 te
2962 5129 3071 5172 non
3087 5118 3357 5186 patimur,
3373 5131 3437 5172 eo
3451 5117 3599 5186 quod

2007 5205 2283 5274 scriptum
2323 5204 2402 5260 sit
2432 5224 2444 5258 :
2480 5206 2940 5260 Contradietiones
2979 5209 3178 5261 excitat
3215 5208 3386 5260 omnis
3425 5207 3602 5258 malus

2007 5293 2180 5365 (Prov.
2232 5294 2326 5366 v1).
2383 5295 2656 5350 Volumus
2694 5301 2882 5352 autem
2915 5300 2980 5352 ut
3019 5295 3241 5368 legatur
3271 5296 3330 5350 in
3361 5294 3603 5349 auribus

2005 5397 2200 5439 eorum
2239 5383 2472 5440 libellus
2503 5391 2710 5440 saneta:
2739 5386 3001 5443 Romamn
3043 5386 3324 5454 Ecclesiaa,
3353 5389 3409 5440 et
3437 5384 3488 5439 si
3512 5384 3603 5437 de-

2006 5472 2262 5527 siderant
2289 5474 2538 5529 converti
2561 5481 2616 5530 et
2637 5477 2929 5548 paenitere,
2955 5481 3021 5532 ut
3038 5477 3123 5532 vel
3145 5474 3600 5531 communionem

2077 5569 2105 5610 δ
2131 5573 2295 5627 Forte
2313 5572 2472 5628 deest
2490 5573 2755 5644 deposuit.
