4024 6170
421 292 484 352 91
1591 293 1948 351 ANASTASII
1996 290 2534 350 BIBLIOTHECARII
3663 295 3738 353 92

424 428 693 495 tanquam
716 421 1030 479 Christiani
1061 422 1319 492 accipere
1347 423 1688 478 mereantur.
1711 421 1834 476 Non
1864 417 2018 475 enim
2038 417 2098 478 A
2127 417 2238 474 erit
2259 418 2566 489 judicium.
2599 418 2880 488 Quoniam
2910 431 3041 476 vero
3071 417 3247 476 veluti
3282 418 3620 477 nullatenus
3637 435 3741 478 au-

421 512 644 568 claudit
674 511 1071 568 miserationes
1095 527 1230 568 suas
1260 513 1320 568 in
1343 511 1675 581 hujusmodi
1707 508 2022 566 contentio-

421 601 596 657 nibus
625 604 818 656 sancta
839 600 1120 657 catholica
1141 605 1196 656 et
1215 601 1529 671 apostolica
1553 599 1803 655 Ecclesia
1823 599 1892 654 ad
1923 611 2020 653 eos

421 689 522 760 qui
552 689 773 745 sincere
803 690 1195 760 paenitentiam
1220 694 1422 763 agunt.
1451 687 1897 745 Persistentibus
1925 699 2022 742 au-

382 803 392 809 -
421 781 534 834 tem
566 777 642 833 iis
661 783 718 834 et
744 777 1152 836 obturantibus
1179 792 1348 836 aures
1376 792 1511 836 suas
1540 784 1598 834 et
1625 778 1817 848 corda,
1849 780 1906 832 et
1925 787 2022 832 no-

423 865 676 923 lentibus
703 867 906 924 audire
934 882 1060 940 qua:
1087 868 1348 939 exposita
1379 873 1517 925 sunt
1535 880 1568 924 a
1598 866 1814 922 sanctis
1845 865 2020 936 patri-

421 954 635 1024 archis,
660 969 763 1012 nos
779 956 928 1013 nihil
946 957 1104 1014 aliud
1127 956 1388 1030 facimus,
1409 969 1590 1030 neque
1609 955 2018 1027 subvertimus,

423 1055 606 1116 neque
627 1045 1013 1116 rejudicamus
1027 1045 1316 1116 judicium
1331 1050 1539 1104 sanctae
1559 1045 1824 1102 Romana:
1835 1043 2020 1100 Eccle-

421 1132 522 1187 siae
551 1131 659 1188 sub
688 1133 988 1190 undecima
1021 1134 1338 1192 indictione
1376 1133 1589 1191 factum
1636 1140 1833 1190 contra
1882 1132 2021 1189 Pho-

420 1221 568 1278 tium
599 1222 880 1280 moechum
909 1227 966 1280 et
992 1227 1298 1296 tyrannum
1326 1237 1392 1281 ac
1423 1236 1798 1296 pervasorem,
1847 1228 2019 1295 atque

420 1324 692 1382 sequaces
703 1312 854 1384 ejus:
871 1313 922 1369 si
936 1313 1226 1370 voluerint
1235 1314 1438 1372 audire
1451 1328 1573 1387 nos,
1590 1317 1872 1386 quotquot
1883 1317 2020 1371 sunt

418 1399 602 1473 digni,
638 1415 736 1472 per
767 1402 952 1459 libelli
983 1402 1435 1460 satisfactionem
1468 1405 1788 1476 recepimus
1816 1419 1932 1473 eos,
1965 1408 2022 1460 et

418 1489 843 1547 convenientem
873 1491 960 1548 eis
987 1492 1298 1549 scribimus
1329 1493 1514 1550 locum
1541 1511 1556 1564 ;
1589 1493 1640 1548 si
1671 1507 1802 1550 vero
1832 1493 2025 1550 nolue.

421 1573 560 1652 rint,
611 1580 1181 1654 anathematizamus,
1212 1587 1270 1638 et
1299 1583 1698 1640 maledicimus
1727 1583 1834 1656 eis,
1865 1588 1921 1639 et
1949 1583 2022 1639 ab

417 1670 572 1726 omni
597 1674 748 1727 sorte
765 1671 1224 1728 Christianorum
1255 1685 1606 1744 separamus,
1631 1673 1769 1744 quia
1795 1686 1904 1728 non
1930 1672 2024 1728 ha-

2125 507 2350 564 dientes
2371 508 2686 564 solutiones
2707 523 2832 580 quae
2847 509 3004 564 lecta:
3015 515 3151 565 sunt
3172 509 3384 565 litteris
3407 509 3735 567 beatissimi

2129 609 2284 666 papae
2303 597 2524 652 Nicolai
2547 597 2618 652 de
2639 597 2993 667 promotione
3012 598 3264 654 Nectarii
3285 603 3342 655 et
3359 598 3651 655 Ambrosii
3668 614 3738 655 ac

2127 685 2454 755 Nicephori,
2482 686 2939 742 memorabilium
2964 687 3416 756 bierarcharum,
3443 688 3654 744 iterum
3671 688 3741 744 il-

2130 773 2214 829 las
2229 775 2285 829 in
2300 775 2630 847 paradigma
2653 775 2790 845 prod
2799 776 2974 832 ucitis
2985 777 3052 832 ad
3063 777 3510 846 justiﬁcationes
3523 791 3741 848 praesu-

2129 863 2205 920 lis
2225 863 2418 934 vestri,
2440 863 2692 920 dicimus
2711 865 2780 922 ad
2794 879 2893 922 vos
2905 865 3041 936 quia
3054 866 3529 938 sapiensquidam
3549 867 3732 923 dicit:

2127 953 2348 1009 Etenim
2371 966 2587 1025 eorum,
2621 954 2720 1025 qui
2746 954 2989 1011 multum
3014 955 3164 1012 inter
3191 967 3251 1011 se
3278 955 3518 1028 distant,
3553 956 3734 1012 mani-

2127 1040 2283 1098 festa
2313 1055 2548 1112 prorsus
2568 1043 2930 1099 diversitates
2960 1043 3304 1115 consistunt,
3331 1057 3498 1115 porro
3523 1045 3738 1101 simili-

2125 1129 2264 1188 tudo
2293 1131 2455 1188 valde
2496 1131 2891 1202 perspicienda
2921 1137 3024 1188 est.
3059 1133 3480 1204 Perspiciamus
3509 1147 3646 1206 ergo
3677 1143 3736 1191 et

2129 1235 2233 1277 nos
2251 1219 2414 1276 valde
2433 1221 2852 1292 compendiose,
2872 1222 2923 1278 si
2946 1223 3258 1278 secundum
3280 1221 3735 1280 similitudinem

2129 1310 2383 1381 aliquam
2399 1311 2516 1380 jam
2540 1311 2962 1367 nominatorum
2993 1325 3346 1368 summorum
3369 1314 3733 1370 sacerdotum

2133 1400 2337 1471 praesul
2351 1404 2535 1456 vester
2547 1405 2840 1470 promotus
2849 1401 3050 1472 estsic,
3065 1402 3541 1472 quemadmodum
3557 1417 3738 1460 unus-

2132 1489 2378 1562 quisque
2401 1490 2634 1546 illorum
2652 1495 2929 1561 receptus.
2953 1493 3149 1562 Itaque
3160 1490 3386 1547 beatum
3398 1493 3734 1549 Nectarium

2131 1579 2382 1650 synodus
2403 1579 2766 1650 universalis,
2783 1579 3031 1636 etsancti
3057 1580 3396 1650 patriarchae
3414 1580 3653 1653 diversi,
3677 1587 3738 1638 et

2131 1671 2424 1743 elegerunt
2442 1677 2498 1725 et
2519 1673 2922 1739 promoverunt
2943 1669 3440 1740 archiepiscopum
3459 1669 3739 1727 Constan-

417 1758 616 1816 bemus
637 1760 642 1767 '
663 1759 843 1818 alium
893 1774 1208 1818 sermonem
1239 1762 1307 1818 ad
1341 1775 1456 1833 eos,
1481 1743 1666 1818 sed'et
1685 1761 1934 1818 ethnicis
1963 1764 2019 1817 et
2045 1743 2100 1806 Β
2129 1759 2467 1829 tinopoleos,
2495 1758 2656 1815 nullo
2679 1758 2842 1815 modo
2861 1759 3202 1830 imperatore
3221 1764 3454 1831 cogente
3472 1759 3626 1831 illos,
3641 1773 3740 1816 ne-

418 1848 746 1920 publicanis
768 1850 1216 1908 transmittimus
1235 1865 1350 1907 eos.
1377 1851 1627 1908 Basilius
1649 1851 2020 1922 piissimuset

415 1939 638 1996 amicus
657 1939 873 1996 Christi
887 1944 944 1996 et
957 1954 1196 2013 magnus
1217 1941 1527 2012 imperator
1538 1941 1606 1997 ad
1623 1939 2020 1996 sanctissimos

415 2029 663 2084 vicarios
684 2029 932 2086 senioris
951 2029 1138 2085 Romae
1157 2029 1334 2086 dixit:
1362 2032 1475 2101 Ego
1486 2029 1686 2084 crebro
1705 2028 2018 2086 etmultum

416 2118 607 2188 rogavi
633 2131 702 2174 ne
724 2118 993 2190 perirent,
1017 2123 1074 2174 et
1094 2119 1220 2175 ideo
1249 2133 1346 2176 eos
1363 2119 1562 2174 dimisi
1587 2117 1792 2188 huc;si
1817 2119 2022 2174 nolunt

413 2207 830 2264 concurreread
845 2207 1176 2279 Ecclesiam,
1201 2207 1485 2279 quidquid
1503 2207 1908 2278 judicaverunt
1930 2220 2022 2276 pa-

415 2295 700 2368 triarcha,
741 2295 970 2352 etiamsi
1020 2297 1332 2365 noluerint,
1383 2297 1807 2354 conﬁrmamus.
1841 2299 2016 2352 Nemo

413 2383 566 2440 enim
599 2389 784 2454 potest
809 2385 999 2440 datam
1029 2385 1117 2440 eis
1147 2391 1477 2456 potestatem
1504 2399 1536 2440 a
1560 2386 1789 2442 Christo
1817 2387 1930 2442 Deo
1959 2390 2015 2441 et

412 2471 700 2529 Salvatore
730 2477 924 2529 nostro
955 2473 1274 2544 reprobare.
1307 2474 1668 2530 Sanctissimi
1699 2474 1903 2530 vicarii
1934 2489 2018 2530 se-

416 2560 601 2617 nioris
625 2560 813 2617 Roma:
833 2561 902 2618 ad
929 2562 1227 2632 episcopos
1256 2563 1448 2618 Photii
1479 2563 1788 2619 dixerunt:
1813 2563 1922 2632 Qui
1945 2577 2014 2618 ex

412 2647 577 2705 vobis
605 2649 857 2706 ordinati
883 2651 1024 2708 estis
1046 2665 1079 2708 a
1110 2653 1476 2709 sanctissimo
1504 2651 1829 2723 patriarcha
1859 2653 2017 2724 Igna-

418 2737 502 2794 tio
523 2736 637 2794 ?Et
666 2743 946 2796 steterunt
972 2740 1031 2797 in
1059 2741 1245 2798 medio
1273 2741 1674 2811 Heracliensis,
1705 2741 2011 2814 Cretensis,

412 2829 470 2883 et
486 2825 932 2901 Celenderensis,
956 2835 1013 2885 et
1031 2830 1338 2887 dixerunt:
1373 2833 1486 2886 Nos
1507 2845 1708 2887 sumus
1737 2831 1863 2900 ejus
1885 2845 2016 2887 con-

413 2915 753 2972 secrationis
775 2935 790 2986 ;
813 2921 870 2972 et
888 2917 1092 2975 dicunt
1109 2919 1196 2975 eis
1217 2919 1568 2975 sanctissimi
1581 2925 1587 2932 ‘
1600 2919 1802 2975 vicarii
1831 2920 2014 2976 senio-

413 3003 498 3059 ris
517 3003 731 3060 Romm:
759 3005 1078 3076 Subjacetis
1105 3009 1263 3078 justo
1279 3008 1504 3078 judicio
1523 3009 1821 3065 catholica:
1851 3023 2013 3081 syno-

2130 1861 2240 1918 que
2260 1846 2378 1902 ulla
2393 1847 2700 1917 principali
2717 1861 2885 1903 manu
2900 1847 2957 1902 in
2971 1860 3142 1903 causa
3164 1848 3394 1918 penitus
3415 1847 3734 1918 mediante;

2129 1937 2224 1992 sed
2250 1949 2432 2007 neque
2452 1936 2780 2007 quempiam
2801 1937 3083 1992 viventem
3105 1935 3177 1992 ab
3191 1937 3423 2007 hujusm
3460 1937 3522 1993 di
3545 1938 3742 1994 catbe~

2127 2025 2229 2081 dra
2244 2039 2446 2081 manus
2472 2025 2792 2095 imperialis
2814 2026 3108 2096 tyrannice
3131 2026 3369 2097 pepulit,
3382 2031 3438 2082 et
3450 2030 3588 2082 tunc
3611 2041 3741 2097 pro-

2128 2121 2322 2172 vectus
2349 2119 2436 2171 est
2455 2115 2775 2172 Nectarius.
2810 2115 3093 2171 Similiter
3119 2116 3293 2172 etiam
3315 2121 3372 2172 et
3391 2116 3739 2173 Ambrosius

2129 2205 2548 2275 memorandus,
2573 2204 2856 2261 Auxentio
2868 2202 3136 2261 defuncto
3156 2204 3430 2278 Adriano,
3445 2206 3730 2276 asynodo.

2127 2308 2254 2364 qua:
2284 2298 2421 2350 tunc
2439 2307 2472 2350 a
2503 2293 3027 2351 Mediolanensibus
3057 2298 3144 2350 est
3164 2295 3235 2350 de
3263 2294 3604 2352 orthodoxis
3631 2296 3734 2352 do-

2126 2382 2414 2455 gmatibus
2459 2387 2818 2456 congregata,
2870 2389 3165 2454 promotus
3192 2387 3278 2439 est
3309 2384 3367 2440 in
3398 2384 3735 2455 episcopum

2124 2473 2410 2544 praedictae
2429 2473 2706 2544 civitatis,
2734 2473 2895 2529 nullo
2917 2472 3083 2528 modo
3107 2473 3420 2544 principali
3443 2487 3616 2530 manu
3632 2475 3740 2530 im-

2125 2562 2368 2633 pellente
2391 2561 2689 2632 episcOpos
2716 2561 2776 2618 in
2801 2561 3132 2618 electionem
3159 2563 3284 2632 ejus
3309 2561 3394 2618 vel
3427 2563 3737 2633 promotio-

2124 2664 2278 2706 nem:
2307 2651 2429 2720 pari
2457 2663 2684 2722 quoque
2715 2651 2880 2706 modo
2909 2655 2967 2706 et
2994 2651 3196 2708 beatus
3224 2650 3496 2708 Tarasius
3521 2652 3593 2708 ab
3625 2651 3736 2710 illo

2125 2739 2248 2810 ipso
2271 2753 2411 2796 novo
2433 2737 2754 2795 confessore
2769 2739 2960 2811 Paulo,
2976 2739 3076 2811 qui
3102 2744 3332 2810 prOpter
3351 2740 3732 2796 orthodoxam

2125 2827 2288 2883 ﬁdem
2311 2831 2704 2899 sequestratus
2723 2827 2966 2884 acathed
2976 2841 3035 2884 ra
3055 2829 3647 2899 Constantinopoleos,
3675 2835 3737 2886 et

2122 2917 2453 2974 testimonio
2499 2918 2848 2988 approbatus
2886 2923 2972 2974 est
2999 2921 3056 2972 et
3087 2921 3382 2988 promotus
3413 2936 3428 2988 ;
3460 2932 3526 2974 eo
3557 2918 3730 2975 illum

2119 3006 2360 3079 dignum
2391 3020 2512 3062 esse
2542 3006 2643 3062 tali
2693 3007 2900 3062 throno
2948 3011 3324 3077 asscverante,
3358 3020 3426 3062 ac
3455 3007 3732 3064 omnibus

411 3091 496 3164 di,
541 3097 597 3148 et
629 3093 794 3162 juxta
843 3094 1103 3152 libellum
1153 3097 1252 3168 qui
1301 3097 1598 3168 expositus
1621 3102 1708 3154 est
1739 3111 1770 3154 a
1815 3100 2009 3154 sancta
2040 3110 2091 3174 ο
2122 3095 2643 3167 propugnatoribus
2675 3095 2924 3165 pietatis,
2955 3096 3054 3166 qui
3085 3100 3220 3151 tunc
3245 3095 3498 3168 aderant,
3537 3095 3734 3152 ortho-

412 3180 662 3238 Romana
699 3183 949 3240 Ecclesia
988 3183 1182 3241 facitis
1210 3190 1267 3242 et
1295 3186 1575 3257 scribitis,
1607 3201 1680 3242 an
1712 3201 1823 3242 non
1844 3186 1872 3241 ?
1899 3187 2008 3257 Qui

411 3269 718 3326 dixerunt:
761 3273 842 3329 Ne
871 3274 987 3340 ﬁat,
1020 3275 1187 3332 Deus.
1220 3275 1322 3332 Sed
1355 3275 1405 3331 si
1431 3275 1674 3346 jusserit
1703 3276 2013 3346 imperator

411 3365 606 3416 noster
631 3366 865 3418 sanctus
903 3363 1106 3420 audire
1134 3365 1326 3420 omnia
1368 3380 1494 3436 qua:
1523 3370 1648 3422 acta
1677 3370 1831 3436 sunt,
1864 3365 2014 3422 dice-

411 3463 556 3506 mus.
580 3450 941 3508 Sanctissimi
971 3453 1176 3510 vicarii
1209 3454 1456 3510 senioris
1482 3455 1669 3511 Romae
1691 3454 2002 3511 dixerunt:

407 3538 466 3594 Si
513 3553 623 3596 non
653 3540 833 3596 vultis
869 3541 1148 3598 obaudire
1184 3549 1437 3598 sanctam
1477 3543 1776 3614 synodum,
1822 3543 1899 3599 ite
1935 3544 2005 3600 ad

409 3633 598 3698 patres
640 3635 875 3686 vestros.
918 3631 987 3685 Et
1025 3631 1119 3686 his
1157 3645 1217 3687 se
1253 3631 1322 3686 ad
1365 3632 1512 3687 alios
1557 3630 2004 3703 conferentibus,

406 3717 560 3774 dixit
600 3717 997 3788 Metrophanes
1043 3720 1158 3774 Deo
1204 3718 1596 3774 amicissimus
1645 3720 2007 3789 metropolita

405 3806 656 3876 Smyrna
683 3806 754 3862 ad
775 3805 1104 3864 Zachariam
1131 3805 1641 3865 Chalcedonensem
1675 3807 1862 3864 Photii
1893 3809 2009 3879 epi-

409 3907 670 3965 scopum:
687 3895 770 3952 Ad
793 3908 856 3950 ea
878 3909 1003 3965 quae
1021 3895 1226 3952 dixisti
1252 3899 1658 3968 respondemus
1678 3897 1816 3953 tibi:
1836 3900 2006 3970 Leges

407 3983 696 4054 sanciunt,
731 3989 843 4039 tam
873 3984 1275 4041 ecclesiasticae
1306 4001 1473 4058 quam
1503 3986 1724 4059 civiles,
1758 4001 2002 4059 omnem,

407 4071 508 4143 qui
521 4071 758 4143 elegerit
776 4071 1027 4144 aliquem
1043 4075 1318 4144 judicem,
1345 4076 1531 4132 modis
1549 4076 1819 4134 omnibus
1840 4079 2006 4149 sequi

405 4174 472 4217 ac
500 4160 732 4218 obedire
773 4163 1072 4232 praeceptis
1101 4163 1245 4234 ejus,
1279 4171 1336 4221 et
1366 4179 1723 4237 nequaquam
1757 4165 2008 4222 refutare

407 4249 720 4324 penitusac
742 4251 1012 4320 repellere
1033 4252 1280 4323 prolatas
1299 4253 1370 4310 ab
1390 4269 1454 4310 eo
1465 4259 1522 4310 et
1539 4255 1900 4325 depromptas
1919 4254 2012 4310 de-

405 4339 698 4400 ﬁnitiones
726 4346 782 4396 et
812 4340 986 4414 leges:
1013 4355 1142 4400 cum
1175 4343 1369 4416 itaque
1399 4357 1530 4415 pars
1560 4351 1742 4402 vestra
1777 4347 2008 4414 petierit

2119 3184 2279 3239 doxae
2291 3184 2423 3240 fidei
2439 3190 2669 3255 propter
2679 3185 2861 3241 zelum
2875 3198 2941 3240 ac
2964 3184 3522 3254 irreprebensibiiem
3546 3185 3728 3240 vitam

2120 3274 2264 3345 ejus,
2298 3274 2392 3329 sed
2421 3287 2534 3330 non
2579 3273 2875 3344 tyrannice
2913 3273 2996 3329 vel
3024 3277 3216 3329 coacte
3239 3274 3308 3329 ad
3344 3274 3726 3344 receptionem

2120 3363 2244 3432 ejus
2265 3363 2532 3419 conducti
2555 3369 2692 3420 sunt
2709 3381 2722 3416 :
2739 3362 3014 3418 similiter
3033 3363 3205 3418 etiam
3216 3366 3412 3432 etpost
3431 3363 3731 3420 dormitio-

2123 3465 2249 3508 nem
2272 3451 2591 3508 beatissimi
2613 3451 2832 3507 Tarasii
2861 3451 3232 3508 beatissimus
3251 3452 3608 3522 Nicephorus
3632 3465 3731 3522 pa-

2120 3540 2372 3596 triarcha
2403 3541 2672 3611 synodice
2701 3540 2918 3596 electus
2945 3545 3002 3596 et
3029 3546 3395 3597 consecratus
3424 3544 3510 3596 est
3537 3541 3732 3596 archi-

2117 3629 2421 3698 episcopus
2449 3629 3039 3701 Constantinopoleos,
3075 3635 3275 3700 sponte
3303 3645 3368 3684 ac
3397 3629 3729 3686 voluntarie

2117 3718 2374 3773 collectis
2395 3717 2700 3790 episcopis,
2727 3719 2828 3790 qui
2853 3719 3141 3774 decretum
3168 3719 3333 3776 illius
3357 3723 3414 3774 et
3431 3733 3731 3774 consecra-

2117 3807 2328 3864 tionem
2355 3805 2614 3864 fecerunt
2643 3825 2656 3862 :
2692 3807 2750 3864 in
2782 3807 2984 3863 Photio
3015 3821 3145 3863 vero
3179 3807 3327 3864 nihil
3351 3807 3584 3864 omnino
3605 3808 3726 3864 tale

2118 3897 2429 3967 invenitur,
2453 3911 2518 3953 eo
2542 3897 2692 3968 quod
2707 3901 2772 3953 et
2787 3896 2904 3968 ille,
2929 3896 3151 3952 vivente
3173 3896 3430 3969 legitimo
3451 3897 3728 3954 Ecclesiae

2117 3986 2263 4057 viro,
2295 3985 2637 4062 subrogatus
2671 3987 2769 4056 sit,
2796 3989 2852 4042 et
2878 3986 3249 4056 provehentes
3291 4000 3417 4042 eum
3448 3990 3506 4042 et
3528 4000 3728 4044 conse-

2118 4079 2342 4130 orantes
2380 4074 2676 4142 violenter,
2709 4080 2765 4131 et
2813 4075 3018 4144 coacti,
3051 4089 3116 4130 ac
3167 4075 3358 4147 inviti,
3390 4079 3562 4147 atque
3591 4076 3726 4132 sine

2118 4163 2412 4235 proposito
2441 4177 2506 4220 ac
2537 4164 2827 4221 voluntate
2856 4165 2914 4220 in
2945 4165 3108 4220 illius
3137 4169 3194 4220 et
3220 4165 3632 4235 promotionem
3661 4172 3725 4221 et

2117 4253 2597 4310 consecrationem
2620 4267 2688 4309 ex
2703 4254 3069 4324 imperatoris
3091 4255 3426 4310 necessitate
3445 4267 3511 4310 ac
3533 4259 3727 4325 tyran-

2118 4342 2253 4398 nide
2275 4342 2509 4412 impulsi
2533 4348 2670 4399 sunt
2688 4347 2745 4398 et
2763 4344 2970 4415 secuti,
2985 4343 3212 4400 etnulla
3240 4337 3721 4415 patriarchalium

403 4437 460 4489 et
491 4434 855 4505 proposuerit
875 4433 1150 4506 judicem,
1183 4433 1580 4492 beatissimum
1613 4450 1814 4507 papam
1845 4439 2008 4496 Nico-
2031 4433 2089 4497 D
2115 4430 2342 4486 500mm
2369 4431 2428 4486 ίη
2455 4433 2774 4489 sacerdotio
2794 4446 2923 4488 eum
2951 4433 3203 4503 PeCiDei'e
3225 4447 3387 4504 Passa
3416 4432 3544 4489 ῖιιίῑ-
3574 4432 3722 4488 Cum

404 4523 580 4596 laum,
614 4523 896 4595 quomodo
925 4538 1042 4595 vos,
1075 4528 1234 4580 extra
1265 4525 1481 4595 positas
1508 4526 1775 4582 Ecclesiae
1803 4539 1868 4582 ac
1899 4529 2006 4584 rei-

405 4613 648 4684 publicae
695 4613 852 4686 leges
888 4625 954 4669 ac
985 4613 1230 4686 regulas,
1261 4627 1390 4670 eum
1440 4614 1780 4687 redarguere
1825 4629 1890 4671 ac
1913 4617 2002 4686 jn-

401 4703 595 4758 dicare
642 4701 1113 4772 praesumpsistis,
1165 4706 1482 4758 asserentes
1529 4716 1641 4768 non
1683 4706 1998 4762 secundum

401 4805 673 4848 canonem
711 4791 916 4864 egisse,
940 4804 1122 4862 neque
1151 4791 1462 4848 secundum
1488 4792 1735 4862 justitiae
1763 4808 1830 4850 ac
1858 4797 2001 4852 veri-

393 4880 540 4938 tatis
588 4881 863 4937 rationem
910 4879 1246 4936 decrevisse.
1297 4894 1423 4951 quae
1452 4880 1564 4936 sibi
1596 4883 1716 4938 visa
1747 4888 1882 4941 sunt
1908 4886 2000 4941 de-

401 4969 652 5026 ﬁniendo
679 4969 708 5023 ‘l
735 4968 1076 5024 lnvenimini
1123 4983 1256 5040 ergo
1305 4969 1364 5025 in
1396 4975 1552 5040 parte
1602 4971 1706 5028 hac
1733 4977 1790 5029 et
1827 4974 1999 5031 eccle-

400 5057 666 5115 siasticas
695 5061 750 5113 et
777 5057 979 5115 civiles
1027 5058 1329 5130 reprobare
1376 5058 1546 5132 leges,
1600 5075 1700 5131 pro
1747 5075 1813 5118 eo
1843 5065 1992 5134 quod

401 5161 566 5220 quem
597 5147 856 5220 elegistis
875 5153 930 5204 et
951 5149 1290 5218 praetulistis
1309 5149 1561 5218 judicem
1594 5164 1745 5206 nunc
1765 5150 1999 5220 abjicia-

399 5237 496 5292 tis.
541 5237 712 5292 Nemo
760 5235 910 5291 enim
961 5236 1201 5292 electum
1231 5250 1264 5292 a
1289 5249 1350 5292 se
1372 5237 1626 5306 judicem
1657 5251 1724 5293 ex
1766 5239 1996 5309 propria

397 5325 630 5396 Optione
657 5324 779 5381 vice
799 5339 957 5380 versa
975 5325 1236 5394 judicare
1255 5325 1341 5380 vel
1363 5326 1737 5381 condemnare
1769 5327 1998 5396 penitus

397 5413 582 5470 debet.
625 5415 764 5470 Nam
806 5427 1096 5484 nunquam
1145 5412 1456 5483 aliquando
1505 5413 1637 5484 quis
1678 5415 1993 5490 judicatus,

396 5502 534 5559 dum
555 5501 964 5559 condemnatus
977 5501 1174 5572 fuerit,
1198 5501 1445 5556 ﬁrmavit
1467 5501 1741 5572 prolatam
1771 5503 2001 5562 damna-

397 5589 632 5663 tionem;
643 5595 702 5648 et
712 5591 840 5648 ideo
851 5605 952 5662 per
963 5591 1185 5648 nullum
1199 5595 1307 5647 tem
1315 5590 1518 5660 pusvel
1530 5591 1756 5648 modum
1771 5592 1997 5653 ﬁrmum

2115 4532 2250 4591 ergo
2269 4519 2594 4590 diversitas,
2611 4521 2706 4576 hic
2719 4521 3044 4578 omnimoda
3067 4525 3406 4596 reperiatur,
3431 4520 3722 4593 quomodo

2113 4610 2172 4665 in
2197 4608 2588 4666 dissimilibus
2619 4609 2942 4668 introducis
2970 4613 3417 4671 similitudinem
3443 4611 3472 4666 ?
3498 4613 3556 4666 In
3590 4612 3724 4683 qui-

2110 4698 2219 4756 bus
2228 4699 2379 4756 enim
2393 4703 2478 4755 est
2488 4712 2672 4756 causa:
2683 4699 3007 4774 diversitas,
3021 4701 3472 4760 existimationis
3487 4701 3724 4773 quoque

2107 4792 2165 4843 et
2184 4788 3253 4860 Opinionisdiversitasdebetaccidere.
3279 4791 3558 4862 Quoniam
3581 4804 3721 4848 vero

2108 4879 2330 4936 ratione
2359 4881 3250 4945 morsus,dixistidebeatissimo
3282 4894 3424 4952 papa
3445 4879 3713 4936 Nicolao:

2106 4968 2264 5040 Quod
2294 4971 2344 5026 si
2376 4972 2688 5028 secundum
2719 4984 2992 5027 canonem
3039 4969 3328 5040 judicium
3363 4967 3625 5040 protulit,
3655 4974 3724 5025 et

2105 5057 2467 5116 admittimus
2478 5066 2534 5116 et
2552 5060 2952 5131 amplectimur
2970 5059 3394 5115 damnationem
3411 5063 3664 5114 nostram
3699 5077 3718 5129 ;

2107 5151 2198 5206 sin
2229 5154 2438 5219 autem,
2491 5163 2884 5220 nequaquam:
2915 5153 2972 5204 et
3004 5154 3131 5219 post
3163 5147 3440 5220 pusillum
3473 5146 3715 5219 dixisti,

2107 5238 2266 5311 quia,
2296 5238 2446 5309 quod
2475 5239 2664 5294 dixit:
2694 5240 2815 5294 Non
2861 5237 3121 5308 oportuit
3150 5237 3416 5292 Photium
3448 5249 3515 5291 ex
3543 5235 3722 5292 laicis

2109 5332 2446 5404 promoveri,
2480 5345 2576 5388 eos
2607 5331 2706 5403 qui
2747 5335 3222 5388 consecraverunt
3268 5334 3468 5386 cautos
3499 5328 3715 5412 reddit,

2108 5435 2218 5477 non
2240 5425 2630 5476 consecratum
2643 5421 3001 5490 condemnat,
3014 5425 3071 5476 et
3083 5417 3439 5475 consuetudo
3455 5417 3718 5490 regulam

2108 5507 2266 5566 illam
2291 5509 2532 5582 vicit,,in
2557 5510 2902 5566 contrariam
2928 5509 3376 5579 disparationem
3405 5506 3668 5564 cecidisti
3700 5526 3718 5579 ;

2108 5612 2175 5656 eo
2200 5597 2349 5670 quod
2370 5597 2668 5655 confessus
2696 5599 2928 5668 quidem
2949 5598 3051 5670 sis,
3077 5601 3136 5653 et
3157 5595 3478 5654 ostenderis
3504 5608 3713 5666 papam
