4024 6170
276 291 344 347 93
976 288 1520 347 INTERPRETATIO
1556 288 1804 347 SYNODI
1841 290 1959 347 VIII
1995 289 2397 347 GENERALIS.
2420 321 2495 333 —
2532 291 2734 348 ACTIO
2772 293 2860 349 Ἦ.
3525 293 3595 351 94

276 415 570 472 Nicolaum
591 416 872 473 canonice
893 415 1194 487 restitisse,
1218 429 1283 471 ac
1304 415 1615 472 secundum
1629 415 1883 489 regulam
1912 415 1970 476 A
1996 417 2183 472 cutus.
2208 415 2265 471 Si
2289 429 2438 487 vero,
2464 415 2566 471 lite
2584 430 2713 472 cum
2728 416 2968 474 Paulino
2984 417 3231 488 detenta,
3257 420 3603 478 restiterunt

278 506 540 562 Photium
574 505 931 575 reprobasse,
967 519 1078 561 non
1107 510 1295 560 autem
1333 505 1689 575 acquieveris
1721 519 1887 560 cano-

279 597 410 652 nico
433 595 655 665 judicio
685 594 934 665 Nicolai,
968 594 1440 665 quemadmodum
1475 594 1770 664 pollicitus
1800 608 1881 666 es,

278 683 753 741 consuetudinem
780 683 840 738 in
864 682 1289 739 subversionem
1314 683 1552 738 canonis
1572 683 1880 754 objiciens;

278 787 604 845 quanquam
638 773 869 842 liquido
899 772 1105 841 sciens,
1139 772 1274 842 quia
1305 785 1366 826 ea
1400 786 1524 842 qua
1555 786 1684 827 raro
1716 772 1881 843 fiunt,

277 863 395 933 posi
406 870 495 917 tas
506 863 662 933 leges
675 875 787 916 non
801 860 1158 932 subvertunt,
1177 874 1357 931 neque
1376 860 1746 931 particularia
1763 860 1891 917 uni-

276 952 601 1007 versalibus
620 956 677 1006 et
699 949 1064 1022 generalibus
1087 950 1488 1019 principantur
1508 949 1591 1004 vel
1614 949 1885 1005 dominan

274 1047 403 1097 tur:
441 1047 499 1096 et
530 1041 779 1095 maxime
809 1053 938 1094 cum
972 1039 1216 1109 plurima
1239 1052 1363 1093 esse
1383 1036 1706 1094 differentia
1739 1051 1890 1108 repe-

276 1130 467 1185 riatur
490 1129 551 1184 in
573 1127 798 1198 Photio,
824 1132 881 1182 et
902 1126 1484 1197 pracedentibus,qui
1508 1140 1576 1182 ex
1599 1126 1744 1182 laico
1766 1141 1893 1197 pro-

271 1218 416 1274 vecti
452 1222 611 1287 sunt,
636 1216 792 1271 sicut
811 1220 867 1270 et
887 1214 1203 1271 multifarie
1231 1215 1766 1271 demonstravimus.
1792 1216 1892 1270 Ve-

274 1323 399 1365 rum
430 1312 491 1362 et
510 1305 663 1378 quod
693 1304 900 1360 dixisti
928 1322 940 1358 :
976 1304 1203 1374 Multos,
1228 1304 1612 1360 Romanorum
1633 1304 1887 1362 Ecclesia

264 1397 649 1468 justiﬁcante,
682 1394 981 1449 damnatos
1010 1392 1383 1463 arbitramur,
1416 1398 1471 1448 et
1504 1408 1706 1449 rursus
1736 1393 1889 1449 dam-

272 1492 443 1543 nante
467 1483 821 1554 justiﬁeatos
852 1481 1146 1551 habemus,
1183 1480 1390 1537 falsum
1424 1486 1511 1537 est
1540 1487 1595 1537 et
1625 1482 1823 1553 procul
1854 1496 1888 1538 a

271 1577 536 1632 veritate.

336 1665 607 1735 Denique
636 1662 966 1719 Marcellum
1025 1662 1256 1734 quidem
1313 1661 1886 1718 anathematizantem

1997 504 2225 574 quidem
2242 509 2468 574 propter
2488 518 2738 573 causam,
2755 505 3079 576 quamdixi,
3095 507 3482 577 deposuerunt
3499 523 3600 564 au-

2003 597 2111 647 tem
2159 593 2487 663 hujusmodi
2519 594 2957 664 contentionem,
2986 600 3041 649 et
3084 600 3418 665 receperunt
3441 610 3590 670 eum,

2000 679 2211 736 frustra
2224 682 2428 737 dixisti
2445 688 2727 752 receptum
2742 681 2921 738 fuisse
2932 682 3264 739 Flavianum
3276 688 3472 739 contra
3495 685 3600 741 Ro-

2000 783 2220 824 manam
2248 770 2576 833 Ecclesium.
2605 771 2803 827 Dicere
2843 776 3033 827 autem
3079 773 3305 828 Petrum
3331 773 3595 844 Moggum

1998 858 2355 914 Alexandria
2379 860 2701 930 depositum
2728 874 2869 931 esse,
2896 861 3036 931 quin
3058 861 3229 917 etiam
3251 867 3307 915 et
3325 860 3597 917 Acacium

1997 947 2717 1021 Constantinopolitanum,
2748 963 3106 1021 nequaquam
3151 964 3282 1006 vero
3307 950 3600 1021 depositos

1999 1049 2095 1091 eos
2123 1037 2220 1106 qui
2264 1037 2334 1092 ab
2378 1043 2623 1109 utroque
2666 1052 2867 1094 manus
2913 1038 3337 1109 impositionem
3382 1051 3609 1109 accepe-

2002 1130 2157 1197 runt,
2178 1126 2325 1181 nihil
2348 1126 2567 1183 confert
2585 1128 2654 1185 ad
2670 1132 2912 1184 vestram
2934 1130 3017 1184 vel
3033 1128 3222 1184 Photli
3241 1129 3608 1199 iustificatio-

2002 1228 2147 1286 nem,
2176 1228 2240 1271 eo
2267 1215 2416 1285 quod
2444 1215 2615 1271 aliter
2641 1216 3043 1273 ecclesiastica
3086 1216 3237 1289 leges
3278 1231 3375 1273 eos
3409 1218 3511 1289 qui
3538 1230 3608 1273 ex

2001 1303 2315 1359 haresibus
2340 1305 2579 1361 redeunt
2601 1305 2898 1375 episcopos
2924 1305 3207 1376 judicant,
3237 1311 3293 1362 et
3316 1306 3486 1362 aliter
3510 1319 3609 1362 eos

1999 1392 2098 1462 qui
2126 1405 2157 1445 a
2186 1393 2422 1448 moechis
2446 1399 2503 1448 et
2528 1395 2627 1465 qui
2656 1395 2781 1450 sine
2802 1408 3017 1450 canone
3039 1399 3481 1465 promoventur;
3511 1408 3609 1450 eos

1998 1481 2150 1536 enim
2179 1482 2277 1551 qui
2307 1481 2567 1537 libellum
2592 1483 2750 1552 dant,
2779 1488 2835 1538 et
2862 1484 3153 1553 propriam
3186 1483 3446 1539 haresim
3478 1495 3609 1537 ana-

2000 1569 2387 1639 thematizant,
2406 1571 2516 1625 reci
2528 1572 2581 1640 pi
2598 1572 2883 1642 sanciunt,
2902 1572 3377 1643 quemadmodum
3393 1575 3450 1626 et
3469 1576 3609 1627 tunc

1999 1657 2253 1714 Orientis
2274 1660 2526 1730 episcopi
2542 1660 2821 1731 synodum
2834 1661 3202 1730 celebrantes,
3227 1665 3283 1716 et
3302 1660 3460 1716 Felix
3482 1663 3610 1730 post

268 1767 495 1811 omnem
532 1752 881 1821 haresim,et
926 1765 1045 1808 eam
1078 1751 1323 1806 maxime
1354 1764 1521 1821 quam
1554 1750 1760 1806 habere
1787 1750 1892 1805 di—
1921 1740 1974 1803 Β
2001 1747 2361 1818 Simplicium
2388 1764 2527 1820 papa
2540 1750 2829 1807 Romanus
2851 1751 3120 1822 synodice
3133 1751 3360 1807 Petrum
3376 1750 3609 1821 quidem

269 1843 528 1911 cebatur,
549 1842 709 1910 juste
738 1854 803 1896 ac
826 1839 1171 1912 regulariter
1199 1839 1388 1896 Julius
1415 1854 1556 1909 papa
1579 1840 1885 1910 Romanus,

265 1939 319 1988 et
337 1930 707 1987 Sardicensis
728 1929 981 1999 synodus
1010 1928 1238 1998 recepit.
1282 1928 1563 1985 Similiter
1583 1928 1735 1984 enim
1759 1942 1888 1984 eum

266 2020 576 2077 facientem
607 2023 666 2074 et
693 2018 1048 2073 Athanasius
1081 2031 1323 2089 magnus
1351 2023 1407 2073 et
1436 2017 1648 2074 Paulus
1677 2016 1895 2073 confes-

266 2125 378 2179 sor,
413 2114 614 2164 turres
642 2110 700 2163 et
721 2107 1009 2163 columna
1029 2107 1359 2163 orthodoxa
1381 2104 1535 2178 ﬁdei,
1567 2112 1623 2161 et
1643 2110 1895 2176 accepta-

264 2203 473 2254 verunt
499 2202 564 2252 et
582 2195 1053 2252 comministrum
1078 2194 1421 2252 habuerunt.
1446 2196 1768 2250 Novissime
1796 2209 1898 2250 au-

266 2293 373 2342 tem
389 2287 459 2342 ad
487 2286 792 2356 proprium
806 2285 1025 2340 vomitu
1036 2299 1085 2338 m
1100 2297 1389 2340 reversum
1402 2288 1457 2339 et
1476 2284 1896 2353 deprehensum

266 2375 628 2444 haretieum,
666 2373 749 2445 hi,
782 2373 884 2444 qui
928 2373 1079 2429 circa
1108 2373 1402 2429 Silvanum
1433 2377 1615 2443 erant,
1650 2372 1896 2428 anathe—

267 2466 708 2533 matizaverunt,
735 2461 950 2534 quibus
979 2466 1035 2516 et
1064 2461 1328 2517 Liberius
1352 2476 1450 2531 per
1476 2461 1700 2517 litteras
1733 2475 1888 2533 suas,

267 2554 362 2625 qui
398 2555 531 2622 post
560 2550 781 2606 Julium
804 2548 936 2617 fuit,
961 2550 1524 2605 concordatdicens:
1560 2549 1889 2606 Marcellum

265 2642 453 2697 denuo
487 2640 672 2710 impie
710 2637 1205 2711 dogmatizantem.
1259 2639 1373 2694 Hoc
1418 2644 1608 2695 autem
1660 2653 1771 2694 non
1803 2644 1889 2696 est

268 2731 472 2800 utique
504 2726 836 2798 reprobatio
864 2726 1075 2797 judicii
1106 2727 1267 2798 Julii,
1296 2726 1384 2782 vel
1410 2727 1765 2784 Sardicensis
1796 2743 1883 2799 sy-

268 2819 422 2889 nodi,
448 2818 526 2873 ob
550 2816 758 2872 factam
780 2815 1046 2871 Marcello
1069 2816 1277 2872 mentis
1299 2816 1691 2873 mutationem.
1717 2817 1885 2872 Simi-

265 2908 398 2963 liter
425 2907 605 2961 etiam
628 2904 953 2976 Apiarium,
987 2919 1115 2961 cum
1139 2905 1601 2976 esset‘presbyter
1621 2907 1888 2963 Ecclesia

262 2995 598 3067 Synicensis
632 2990 961 3067 [Siccensis]
992 2992 1275 3049 Africana
1298 2994 1625 3065 provincia,
1658 3001 1887 3066 propter

2000 1836 2262 1910 Moggum
2284 1838 2594 1908 damnavit,
2618 1844 2674 1895 et
2693 1840 3042 1896 omnimodis
3061 1839 3375 1895 abdicavit:
3403 1837 3613 1894 simili-

2002 1930 2089 1982 ter
2117 1927 2287 1981 etiam
2322 1928 2476 1982 Felix
2502 1932 2558 1983 et
2600 1927 2870 1984 Acacium
2917 1927 3232 2000 abrogavit.
3267 1927 3609 1983 Nullatenus

2004 2019 2191 2070 autem
2219 2016 2317 2086 qui
2340 2016 2611 2073 adversus
2634 2032 2729 2073 eos
2754 2018 2825 2073 ab
2852 2025 3095 2088 utroque
3114 2016 3426 2072 consecrati
3452 2020 3607 2088 sunt,

2008 2106 2508 2177 promulgaverunt
2520 2107 2879 2177 sententiam,
2897 2106 3423 2176 propterevidentes
3436 2105 3608 2175 leges,

2008 2198 2071 2249 ut
2090 2194 2235 2263 dixi,
2263 2194 2557 2264 Ecclesna;
2580 2200 2635 2249 et
2656 2199 2805 2250 certe
2825 2196 3025 2250 Petrus
3066 2208 3285 2265 parum,
3313 2193 3494 2264 magis
3514 2206 3613 2248 aus

2007 2287 2117 2338 tem
2140 2288 2195 2339 et
2217 2282 2479 2353 Aeacius,
2503 2283 2808 2339 alterantes
2828 2283 2981 2338 circa
3008 2283 3174 2338 fidem
3196 2285 3604 2352 apparuerunt.

2004 2372 2373 2428 Consecratos
2401 2376 2609 2444 autem,
2644 2372 3119 2443 quemadmodum
3146 2370 3384 2427 Photius
3425 2375 3480 2425 et
3510 2385 3611 2427 vos

2007 2461 2167 2517 nullo
2197 2462 2359 2517 modo
2391 2461 2699 2532 recipiunt,
2745 2461 2918 2516 sicuti
2951 2465 3145 2516 sancta
3181 2463 3237 2515 et
3264 2460 3608 2516 universalis

2005 2550 2255 2621 synodus
2285 2550 2532 2605 secunda
2557 2550 2626 2605 de
2655 2550 2901 2606 Maximo
2924 2549 3154 2620 Cynico,
3202 2552 3258 2604 et
3302 2549 3379 2604 iis
3404 2549 3504 2620 qui
3535 2548 3606 2604 ab

2003 2652 2068 2693 eo
2082 2652 2281 2694 manus
2296 2638 2720 2708 impositionem
2737 2638 3079 2710 habuerunt,
3095 2644 3150 2693 et
3161 2638 3277 2710 egit
3289 2643 3345 2693 et
3357 2638 3601 2695 censuit.

2001 2727 2341 2799 Gregorium
2354 2732 2563 2793 autem,
2581 2728 2679 2799 qui
2705 2727 3360 2799 consecravitPhotium,
3376 2731 3440 2783 ut
3458 2726 3613 2781 dixi-

2002 2817 2097 2888 sti,
2152 2830 2263 2872 non
2308 2820 2579 2886 tanquam
2629 2818 2974 2872 desertorem
3020 2815 3289 2872 Ecclesia
3340 2814 3610 2885 deposuit

2001 2904 2400 2961 sanctissimus
2422 2897 2747 2975 patriarcha
2761 2905 3039 2978 Ignatius,
3056 2905 3150 2960 sed
3167 2910 3397 2975 propter
3416 2902 3613 2959 crimi-

2000 2995 2156 3050 nales
2175 3008 2394 3049 causas.
2424 2996 2492 3050 Et
2505 2995 2643 3050 bene
2662 2994 2890 3065 dixisti,
2932 2994 3091 3064 quia:
3139 2993 3267 3049 Sive
3292 2992 3371 3048 sit
3389 2991 3611 3063 deposi-

268 3086 521 3155 aliquam
554 3096 788 3139 causam
812 3083 1129 3154 segregavit
1157 3083 1428 3153 proprius
1458 3085 1760 3154 episcopus
1790 3085 1888 3140 Ur—
1914 3076 1964 3149 α
1998 3087 2094 3138 tus
2117 3083 2506 3154 Syracusanus
2535 3083 2867 3154 Gregorius,
2912 3081 3134 3138 innoxii
3164 3085 3300 3137 sunt
3324 3080 3425 3152 qui
3454 3080 3610 3136 Pho—

268 3175 486 3229 banus:
533 3176 729 3242 postea
760 3185 891 3226 vero
940 3171 1207 3241 deposuit
1254 3172 1601 3229 omnimodis
1635 3174 1888 3244 synodus

269 3278 393 3334 qua:
424 3261 649 3317 ibidem
679 3260 916 3316 collecta
948 3265 1068 3316 est:
1101 3260 1360 3317 Zosimus
1389 3267 1578 3317 autem
1612 3276 1752 3338 papa
1784 3263 1889 3318 Ro-

270 3366 475 3407 manus
507 3354 897 3406 recurrentem
918 3349 985 3405 ad
1019 3363 1097 3419 se,
1131 3354 1187 3405 et
1208 3354 1383 3405 semet
1414 3351 1698 3406 insontem
1731 3351 1892 3407 exhi-

265 3440 515 3509 bentem,
537 3437 905 3509 justiticavit,
931 3441 986 3492 et
1013 3437 1081 3492 ad
1106 3435 1434 3493 Africanam
1456 3439 1736 3509 synodum
1761 3438 1889 3493 mit-

266 3536 391 3584 tens
412 3526 799 3597 cumlitteris,
827 3532 891 3581 ut
912 3526 1118 3582 iterum
1140 3527 1550 3597 susciperetur,
1575 3528 1693 3600 egit
1715 3528 1887 3584 ratio-

265 3631 392 3673 nem
446 3616 726 3672 reddente
781 3615 996 3686 synodo
1046 3629 1144 3686 per
1191 3616 1404 3686 scripta
1438 3616 1731 3673 Bonifacio
1757 3622 1891 3687 post

261 3707 557 3762 Zosimum
611 3718 773 3775 papa
802 3704 1054 3759 Romano
1096 3705 1165 3760 de
1195 3704 1555 3774 depositione
1586 3721 1711 3777 qua
1738 3706 1887 3763 facta

260 3804 345 3853 est
368 3797 429 3851 in
450 3794 782 3864 Apiarium,
808 3797 865 3848 et
881 3792 952 3848 de
976 3794 1176 3849 iterata
1193 3794 1611 3863 justiﬂcatione
1634 3814 1645 3849 :
1673 3800 1730 3852 et
1750 3798 1889 3868 quia

260 3900 417 3943 nunc
431 3883 829 3955 justiﬁcatum
851 3896 978 3937 eum
993 3882 1364 3955 arbitramus,
1382 3885 1774 3954 judicavimus
1794 3900 1895 3943 au-

258 3982 373 4031 tem
409 3987 528 4029 non
549 3973 779 4042 operari
812 3985 939 4027 eum
965 3986 1090 4043 qua
1110 3977 1247 4028 sunt
1269 3974 1581 4045 presbyteri
1618 3975 1675 4031 in
1707 3976 1893 4032 Eccle-

262 4064 349 4119 sia
370 4061 679 4133 Synicensi
707 4066 937 4130 propter
957 4061 1223 4139 scandala
1247 4077 1373 4133 qua
1394 4063 1699 4121 subsecuta
1723 4070 1884 4120 sunt:

263 4166 433 4222 porro
458 4150 846 4220 accipientem
866 4149 1088 4205 litteras
1113 4152 1611 4208 commendatitias
1640 4168 1673 4209 a
1701 4153 1886 4222 nobis,

266 4240 322 4294 in
344 4239 630 4294 omnibus
648 4237 788 4293 aliis
809 4237 1084 4293 Ecclesiis
1103 4239 1424 4295 sacerdotio
1449 4239 1630 4311 fungi.
1659 4242 1892 4296 Inveni-

264 4334 360 4383 tur
382 4329 573 4400 igitur
589 4324 864 4382 Africana
887 4327 1138 4398 synodus
1165 4328 1426 4397 paruisse
1453 4329 1645 4398 potius
1664 4330 1890 4400 judicio

259 4418 475 4473 Zosimi
505 4430 667 4487 papa
678 4416 939 4488 Romani,
960 4429 1024 4471 ac
1042 4430 1140 4486 per
1153 4417 1259 4472 hoc
1276 4418 1565 4488 propriam
1586 4419 1894 4490 reprobas-
1920 4406 1976 4468 D

264 4520 327 4560 se
353 4505 730 4577 sententiam,
754 4504 1174 4574 etjustiﬁcasse
1193 4505 1518 4577 Apiarium,
1545 4522 1676 4581 non,
1703 4515 1766 4566 ut
1786 4509 1897 4569 fas-

264 4609 367 4650 sus
389 4609 472 4666 es,
488 4595 782 4650 restitisse
794 4598 923 4649 voto
938 4594 1321 4650 Romanorum
1339 4596 1695 4665 pontiﬁcum.
1720 4599 1895 4655 Porro

262 4684 658 4753 patriarcham
674 4682 976 4742 Antiocha
986 4682 1319 4739 Flavianum
1337 4685 1636 4742 recusabat
1663 4688 1896 4758 quidem

262 4772 655 4829 Romanorum
700 4772 956 4827 Ecclesia
1001 4773 1328 4843 suscipere:
1390 4774 1621 4830 interim
1666 4779 1897 4846 propter

265 4864 458 4935 magni
482 4861 790 4918 Eustachii
812 4861 1179 4917 dilectionem
1194 4862 1498 4919 Paulinum
1513 4864 1891 4940 stabilientes,

266 4951 366 5022 qui
385 4953 661 5021 princeps
679 4954 806 5005 erat
827 4963 1025 5005 eorum
1050 4951 1148 5021 qui
1166 4956 1396 5021 pr0pter
1419 4953 1792 5009 Eustachium
1815 4969 1900 5011 re.

268 5040 551 5095 sistebant
575 5044 635 5095 et
657 5038 1166 5110 disjungebantur,
1183 5053 1248 5094 ac
1274 5053 1530 5096 seorsum
1557 5042 1898 5115 colligeban-

269 5133 380 5196 tur,
412 5142 523 5183 non
556 5133 751 5183 tamen
783 5132 839 5182 et
884 5141 1064 5201 usque
1092 5128 1151 5183 in
1184 5127 1350 5183 tinem
1398 5130 1541 5185 hanc
1570 5131 1896 5190 habuerunt

272 5223 530 5272 mentem.
566 5216 850 5271 Piissimo
876 5216 1029 5271 enim
1076 5217 1418 5287 imperatore
1446 5218 1762 5276 Theodosio
1791 5236 1899 5276 me-

271 5304 479 5374 diante,
505 5310 815 5375 acceptum
844 5303 1224 5360 reddiderunt
1265 5319 1392 5360 eum
1428 5312 1484 5361 et
1510 5307 1891 5376 patriarcham

275 5390 595 5449 habuerunt
619 5406 756 5448 eum
773 5392 1135 5465 Antiochia;
1165 5393 1245 5449 ita
1272 5398 1336 5449 ut
1360 5398 1416 5450 et
1448 5396 1505 5450 in
1535 5395 1570 5450 h
1610 5410 1640 5451 c
1672 5399 1895 5454 menda-

276 5482 406 5537 citer
430 5483 684 5554 loquens
728 5482 1089 5552 apparueris.
1136 5482 1194 5537 Si
1240 5483 1393 5537 enim
1422 5498 1603 5554 usque
1634 5486 1693 5540 in
1722 5485 1888 5541 finem

276 5568 611 5639 abiecissent
640 5583 802 5631 eum.
829 5568 973 5625 bene
1001 5571 1203 5641 utique
1234 5571 1577 5627 invenireris
1602 5571 1783 5629 fuisse
1808 5574 1892 5630 lo-

1998 3171 2144 3227 tium
2186 3176 2578 3241 provexerunt.
2626 3171 2727 3227 Isti
2770 3172 2923 3226 enim
2977 3184 3169 3227 revera
3210 3169 3610 3240 justiticantur

2000 3264 2229 3329 propter
2241 3259 2634 3315 necessitatem
2648 3264 2703 3315 et
2715 3259 3095 3330 tyrannidem,
3109 3263 3281 3330 atque
3293 3259 3408 3314 vim
3424 3271 3610 3328 recep-

1999 3348 2179 3403 tionis
2208 3347 2532 3417 utriusque,
2562 3348 2751 3402 Photii
2775 3348 2999 3402 scilicet
3022 3352 3078 3403 et
3097 3348 3358 3420 Gregorii
3376 3367 3391 3418 ;
3411 3360 3615 3402 secun-

1997 3436 2133 3491 dum
2154 3439 2481 3511 paradigma
2494 3440 2643 3508 quod
2660 3437 2766 3492 tibi
2780 3437 2978 3492 datum
2998 3436 3341 3505 estdepositi
3365 3440 3422 3489 et
3438 3432 3608 3503 impii

1998 3527 2349 3597 Eutychetis,
2373 3532 2427 3582 et
2453 3526 2838 3597 susceptionis
2861 3539 2927 3580 ac
2953 3523 3262 3578 sacerdotii
3290 3521 3608 3578 {unctionis

1998 3615 2251 3672 Anatolii
2298 3615 2636 3686 patriarcha
2675 3612 3269 3683 Constantinopoleos,
3311 3616 3367 3667 et
3409 3625 3606 3666 eorum

2000 3707 2396 3777 episcoporum
2411 3704 2511 3775 qui
2525 3704 2632 3760 sub
2646 3705 2769 3774 ipso
2779 3706 2958 3773 erant,
2977 3702 3189 3772 quippe
3203 3700 3413 3770 recepti
3427 3704 3482 3755 et
3488 3700 3612 3769 jus-

2001 3795 2204 3852 tiﬁcati
2230 3809 2327 3866 per
2349 3797 2609 3866 quartam
2636 3794 2913 3865 synodum
2938 3792 3119 3849 habiti
3147 3797 3308 3849 sunt:
3337 3804 3449 3847 non
3475 3803 3606 3846 vero

2003 3901 2102 3960 per
2124 3889 2179 3944 id
2201 3892 2257 3943 et
2275 3888 2515 3944 Photius
2538 3888 2810 3943 innoxius
2828 3886 3066 3943 dicitur:
3091 3890 3147 3941 et
3160 3886 3309 3957 quod
3334 3884 3617 3940 schisma-

2002 3979 2157 4033 ticus
2179 3975 2372 4047 fuerit,
2416 3981 2600 4045 antea,
2636 3977 2947 4033 multorum
2987 3975 3386 4032 scandalorum
3406 3979 3610 4031 auctor

2004 4066 2236 4137 effectus
2256 4066 2353 4137 sit,
2377 4071 2434 4122 et
2456 4066 2665 4122 multos
2701 4066 2772 4121 ab
2801 4064 3189 4121 ecclesiastica
3210 4064 3613 4122 communione

2006 4155 2267 4211 recedere
2294 4154 2511 4224 fecerit,
2535 4159 2591 4210 et
2614 4155 2913 4211 ultroneus
2936 4169 3001 4211 ac
3021 4154 3215 4210 volens
3235 4153 3557 4209 consecrari
3579 4166 3615 4211 a

2004 4244 2278 4317 Gregorio
2293 4244 2672 4315 proposuerit,
2689 4243 2849 4300 nulla
2863 4244 2921 4299 in
2937 4243 3043 4299 hoc
3056 4241 3393 4297 necessitate
3409 4241 3619 4312 impul-

2006 4350 2142 4405 sus;
2167 4335 2261 4389 sed
2291 4338 2347 4389 et
2374 4332 2838 4403 protestationem
2869 4346 2900 4387 a
2929 4331 3273 4402 quibusdam
3305 4331 3614 4387 electorum

2008 4423 2102 4478 hic
2122 4422 2561 4478 consistentium
2582 4422 2980 4492 episcoporum
3000 4419 3307 4489 accipiens.
3327 4421 3398 4475 Et
3415 4419 3618 4473 Zacha-

2007 4511 2094 4573 ria
2114 4511 2304 4566 dicere
2328 4510 2499 4565 etiam
2525 4510 2711 4565 denuo
2732 4512 3003 4579 tentante,
3031 4507 3385 4563 sanctissimi
3409 4505 3616 4562 vicarii

2008 4600 2255 4656 senioris
2274 4599 2462 4655 Roma
2481 4599 2755 4653 dixerunt
2773 4598 2841 4653 ad
2866 4597 3113 4653 amicum
3139 4596 3355 4651 Christi
3380 4596 3622 4666 impera-
3680 4590 3687 4591 ⁷

2007 4695 2213 4746 torem:
2230 4689 2369 4743 Ecce
2381 4687 2675 4743 multoties
2686 4686 3017 4742 audivimus
3036 4684 3545 4756 contradictiones,
3561 4688 3618 4741 et

2007 4777 2305 4833 verborum
2320 4789 2537 4848 pugnas
2549 4790 2769 4845 eorum,
2786 4788 2910 4846 qua
2934 4773 3083 4829 nihil
3112 4773 3235 4829 illis
3262 4777 3524 4845 prosunt,
3551 4786 3617 4829 eo

2009 4867 2158 4940 quod
2184 4866 2545 4922 dissonantes
2565 4865 2725 4920 sinta
2745 4870 2896 4920 recta
2919 4865 3142 4920 ratione
3160 4877 3226 4919 ac
3249 4862 3543 4934 synodicis
3562 4867 3623 4920 et

2008 4954 2370 5028 regularibus
2409 4954 2913 5024 dispositionibus.
2966 4955 3128 5010 Nunc
3179 4966 3313 5024 ergo
3364 4951 3618 5008 dicimus

2006 5046 2177 5101 etiam
2201 5058 2405 5099 rursus
2444 5043 2513 5099 ad
2545 5056 2672 5099 eos:
2702 5042 2889 5098 Sinite
2918 5056 3189 5097 excusare
3219 5042 3618 5097 excusationes

2008 5134 2066 5189 in
2092 5133 2355 5204 peccatis,
2382 5137 2438 5188 et
2465 5132 2523 5187 in
2547 5131 2714 5187 verba
2742 5131 2979 5187 malitia
3009 5129 3322 5202 declinare,
3356 5135 3528 5201 atque
3560 5128 3616 5184 in

2005 5236 2211 5279 vanum
2237 5219 2673 5293 laborare(Psal.
2699 5220 2839 5294 ch),
2865 5225 2921 5276 et
2945 5220 3227 5291 procidite
3248 5224 3459 5275 sancta
3482 5218 3621 5274 huic

2002 5312 2235 5383 synodo,
2266 5315 2323 5365 et
2353 5309 2663 5365 salvamini
2694 5308 2766 5364 ab
2790 5309 3173 5365 anathematis
3198 5306 3619 5365 condemnatio-

2005 5415 2099 5457 ne:
2121 5400 2211 5455 sin
2235 5403 2445 5468 autem,
2466 5399 2543 5454 ite
2562 5399 2631 5454 ad
2657 5398 2848 5454 lumen
2873 5398 3026 5471 ignis
3046 5397 3312 5468 vestri,et
3334 5398 3614 5451 ﬂammam

2001 5503 2169 5561 quam
2196 5487 2562 5543 accendistis.
2594 5488 2763 5543 Novit
2782 5487 2936 5542 enim
2962 5487 3152 5541 omnis
3173 5488 3366 5540 sancta
3395 5488 3453 5537 et
3484 5482 3609 5537 uni-

1999 5576 2235 5636 versalis
2282 5577 2550 5648 synodus,
2600 5590 2727 5646 qua
2775 5575 2958 5645 gratia
2987 5575 3088 5629 Dei
3117 5574 3176 5628 in
3205 5570 3445 5627 ecclesia
3488 5570 3593 5626 hac
