4052 6168
437 258 507 313 95
1445 321 1450 325 ,
1497 311 1500 314 .
1625 258 1981 316 ANASTASII
2051 257 2592 316 BIBLIOTHECARII
3689 259 3759 317 96

436 385 771 455 congregata
793 387 898 456 est,
933 384 1067 455 quia
1090 389 1283 441 sancta
1305 385 1554 441 Romana
1573 385 1823 441 Ecclesia
1849 384 1919 440 ab
1942 398 2041 440 un-
2068 384 2128 444 A
2156 384 2352 440 cerim.
2384 385 2577 455 Neque
2597 384 2771 455 enim,
2798 388 2862 441 ut
2886 384 3312 441 sacratissimus
3343 384 3665 455 patriarcha
3689 387 3757 444 ad

435 473 652 528 decima
670 473 1002 545 indictione,
1018 467 1747 531 collectisOccidentalibus
1759 475 2044 544 episcopis

438 561 496 616 in
522 561 792 616 eccclesia
818 563 965 618 beati
999 565 1172 636 Petri,
1203 565 1300 620 ubi
1326 565 1643 622 virtutibus
1667 566 1846 634 ﬂoret,
1880 570 1936 620 et
1966 578 2047 619 re-

438 650 703 720 quiescit,
754 651 1050 723 obligav'it,
1083 657 1140 708 et
1185 653 1686 710 anathematizavit
1713 669 1777 710 ac
1805 654 2045 724 projecit

434 739 700 795 Photium
726 754 1098 811 pervaserem,
1126 756 1237 797 una
1259 756 1388 798 cum
1411 743 1680 799 omnibus
1700 742 2046 813 sequacibus

435 830 579 900 ejus,
615 832 984 901 praesulatum
1026 832 1213 887 adhuc
1257 836 1483 903 gerente
1537 831 1869 887 beatissimo
1902 844 2045 900 papa

435 919 689 975 Nicolao.
720 922 929 976 Iterum
951 924 1140 975 autem
1164 934 1457 976 successor
1480 921 1605 989 ejus
1625 920 1931 989 Adrianus,
1960 920 2048 974 di-

432 1007 653 1062 vinitus
677 1009 1031 1065 constitutus
1056 1007 1314 1079 pontifex
1338 1009 1742 1077 Romanorum,
1767 1008 1920 1064 sicut
1943 1009 2043 1064 ille

434 1095 697 1153 deﬁnivit
716 1102 885 1167 atque
909 1100 1193 1168 praecepit,
1222 1098 1301 1153 ita
1339 1102 1393 1152 et
1435 1098 1541 1153 iste
1582 1111 1878 1153 successor
1916 1100 2042 1168 ejus

432 1183 695 1239 deﬁnivit
725 1189 780 1238 et
813 1187 1210 1256 promulgavit,
1244 1200 1458 1256 nosque
1495 1185 1762 1257 indignos
1791 1184 2039 1242 famulos

434 1287 569 1328 suos
598 1273 813 1328 direxit
841 1274 909 1328 ad
935 1274 1078 1329 hanc
1109 1276 1220 1328 Deo
1249 1274 1689 1328 conservandam
1719 1274 1942 1343 urbem,‘
1968 1275 2037 1329 ad

441 1359 1434 1417 manifestationemetcertitudinem
1450 1362 1565 1415 veri
1589 1362 1804 1430 etjusti
1823 1361 2035 1431 judicii

439 1449 693 1518 ipsorum
717 1450 774 1504 in
807 1455 1114 1518 conspectu
1131 1451 1274 1519 justi
1307 1450 1534 1519 imperii
1559 1450 1752 1520 vestri,
1781 1456 1838 1505 et
1865 1451 2037 1519 hujus

436 1542 643 1592 sancta:
662 1551 727 1592 ac
751 1552 965 1609 magna;
988 1539 1331 1594 universalis
1357 1539 1588 1609 synodi;
1617 1539 1694 1594 ita
1723 1544 1786 1594 ut
1812 1553 1921 1594 non
1947 1539 2040 1594 ha-

433 1625 602 1680 beant
639 1639 829 1680 vocem
874 1627 1277 1696 repedationis,
1321 1627 1405 1681 vel
1454 1627 1896 1696 appellationis;
1939 1628 2033 1682 sed

2157 473 2451 542 proprium
2480 474 2873 544 regrederetur
2899 476 3192 545 thronum,
3225 474 3453 544 imperii
3483 475 3590 530 mei
3619 489 3761 544 opus

2153 562 2239 616 vel
2266 562 2608 632 excogitatio
2635 560 2779 617 facta
2807 567 2910 617 est.
2941 563 3045 618 Sed
3080 563 3322 618 multum
3355 568 3484 618 ante
3510 565 3764 619 sanctis—

2154 649 2338 705 simus
2366 655 2421 705 et
2446 651 2813 706 beatissimus
2841 666 2982 721 papa
3027 652 3316 720 Nicolaus,
3347 667 3473 722 quae
3497 653 3649 708 circa
3683 653 3764 708 il—

2154 738 2272 793 lum
2325 744 2486 794 erant
2533 739 2855 795 certissime
2926 740 3144 812 dicens,
3199 741 3468 810 synodice
3513 742 3766 797 decrevit

2155 827 2314 881 reddi
2345 827 2396 881 ei
2420 829 2517 897 jus
2549 828 2768 897 proprii
2802 828 3018 898 throni,
3077 832 3132 882 et
3158 828 3457 884 anathema
3487 843 3615 884 cum
3648 835 3767 886 tota

2152 916 2535 971 Romanorum
2589 916 2840 971 Ecclesia
2886 916 3284 986 pronuntiavit
3352 921 3550 973 contra
3614 920 3768 974 resi-

2152 1008 2364 1059 stentes
2410 1005 2803 1074 hujuscemodi
2847 1006 3074 1061 decreto
3115 1011 3292 1077 atque
3319 1008 3632 1063 sententiae.
3663 1008 3766 1064 Hic

2152 1096 2341 1148 autem
2393 1106 2496 1148 nos
2547 1093 2686 1148 olim
2732 1094 2977 1149 scientes
3021 1099 3075 1148 et
3151 1099 3415 1164 paventes
3477 1095 3764 1165 judicium

2151 1179 2532 1234 anathematis
2607 1181 2976 1252 promulgati,
3039 1181 3430 1237 obsecundare
3495 1184 3766 1254 synodico

2144 1267 2375 1334 judicio
2409 1268 2671 1323 Romana:
2718 1268 2986 1324 Ecclesiae
3038 1270 3421 1325 necessarium
3469 1271 3764 1343 duximus,

2148 1363 2204 1411 et
2232 1357 2411 1424 hujus
2462 1357 2544 1410 rei
2575 1358 2756 1428 gratia
2801 1358 3164 1413 reddidimus
3189 1359 3240 1412 ei
3275 1359 3570 1428 proprium
3617 1361 3771 1416 thro-

2149 1458 2305 1500 num.
2339 1445 2541 1499 Verum
2570 1458 2680 1499 non
2719 1446 2882 1501 modo
2919 1447 3204 1517 Romanae,
3256 1447 3351 1501 sed
3384 1451 3441 1501 et
3464 1449 3532 1502 ad
3566 1449 3770 1504 orien—

2149 1537 2260 1586 tem
2291 1533 2464 1588 solem
2491 1533 2734 1588 sitarum
2783 1535 3028 1605 sedium,
3075 1536 3436 1604 providentia
3487 1537 3767 1602 melioris,

2150 1621 2353 1676 vicarii
2379 1627 2772 1691 pervenerunt,
2799 1623 3236 1693 nihildeinceps
3257 1624 3342 1679 vel
3369 1624 3665 1696 impedire,
3679 1625 3768 1681 vel

438 1715 1036 1784 quemadmodumjam
1054 1716 1450 1784 judicatisunt
1469 1710 1760 1786 etdejecti,
1788 1716 1844 1770 in
1867 1729 2038 1771 saecu-
2065 1705 2122 1767 B
2152 1709 2460 1780 adversari,
2485 1715 2584 1765 aut
2600 1709 2783 1766 favere
2823 1711 3025 1781 utique
3050 1713 3233 1782 parati
3245 1713 3573 1782 justissimo
3598 1715 3772 1786 impe-

433 1802 552 1857 lum
582 1809 860 1858 maneant.
887 1806 954 1858 Et
981 1804 1240 1859 Ecclesia:
1261 1805 1663 1876 Orientalium,
1690 1805 1872 1876 gratia
1911 1807 2034 1876 Dei,

438 1890 738 1947 nobiscum
769 1893 916 1947 senti
967 1898 1047 1964 nt,
1079 1893 1404 1962 stabiliunt,
1437 1893 1711 1948 damnant
1735 1899 1789 1948 et
1813 1895 2042 1949 anathe-

432 1980 982 2036 matizantsimiliter
995 1996 1172 2053 usque
1187 1982 1245 2036 in
1259 1982 1804 2042 consummationem
1820 1984 2038 2040 saeculi.

503 2070 572 2123 Et
622 2071 868 2139 posthaec
907 2073 1216 2126 ascendens
1254 2071 1664 2127 Constantinus
1694 2086 1727 2127 a
1779 2075 2036 2146 secretis,

431 2157 571 2228 legit
600 2158 1054 2215 exhertatorium
1086 2173 1400 2215 sermonem
1435 2160 1817 2233 imperatoris,
1854 2163 1912 2217 in
1942 2178 2042 2220 au-

429 2246 707 2302 dientiam
738 2248 1029 2304 omnium:

503 2336 695 2392 Multte
743 2338 975 2407 quidem
1019 2351 1346 2394 communes
1392 2341 1686 2409 passiones
1712 2344 1867 2413 sunt,
1895 2357 2037 2412 quas

432 2427 886 2495 praecedentibus
915 2427 1120 2483 diebus
1144 2428 1385 2483 audiens
1417 2429 1648 2484 intuens
1678 2443 1710 2485 a
1753 2432 1865 2485 Deo
1898 2445 2039 2500 pro-

437 2519 658 2569 vectum
688 2514 991 2584 imperium
1042 2520 1320 2582 nostrum,
1369 2517 1562 2589 lugere
1591 2531 1656 2573 ac
1699 2519 2033 2574 contristari

431 2616 616 2671 operte
642 2604 889 2673 pretium
920 2605 1106 2660 duxit.
1141 2606 1320 2674 Majus
1340 2610 1530 2662 autem
1555 2607 1788 2678 malum,
1811 2613 1867 2662 et
1891 2609 2037 2662 cala-

428 2691 691 2747 mitatum
721 2705 843 2760 arx,
867 2698 953 2748 est
966 2693 1229 2748 Ecclesiae
1250 2696 1868 2768 tempestas,malignus
1888 2696 2036 2766 aspi-

426 2792 559 2834 rans
583 2781 857 2836 adversus
877 2795 998 2836 eam
1025 2781 1241 2838 diaboli
1267 2783 1455 2854 turbo,
1487 2784 1643 2853 pacis
1669 2785 1952 2855 expulsio,
1979 2791 2035 2840 et

431 2867 638 2922 veteris
660 2869 885 2924 ordinis
903 2870 1234 2940 dissolutio,
1258 2886 1435 2927 ausus
1484 2871 1738 2927 irruendi
1779 2873 2034 2942 junioris

425 2955 484 3009 in
515 2956 819 3027 seniorem,
848 2963 903 3013 et
935 2959 1263 3014 inhonorati
1297 2961 1571 3016 adversus
1615 2961 2027 3030 honorabilem,

2154 1800 2241 1854 rio
2269 1804 2462 1854 nostro
2510 1812 2882 1856 consensure.
2917 1801 3093 1870 Cujus
3144 1803 3224 1857 rei
3281 1802 3464 1875 gratia
3514 1803 3573 1858 in
3606 1803 3770 1859 nullo

2153 1887 2422 1956 synodico
2429 1887 2655 1956 judicio
2679 1889 2924 1944 inveniri
2939 1890 3124 1946 voluit
3140 1891 3449 1947 multorum
3467 1892 3772 1963 garrulita-

2151 1985 2236 2032 tes
2256 1979 2540 2045 accidens,
2563 1993 2631 2034 ne
2657 1981 3015 2050 quisdixerit
3035 1983 3184 2052 quod
3202 1983 3518 2052 imperialis
3541 1997 3766 2052 manus,

2149 2073 2206 2123 et
2229 2068 2428 2139 gladii,
2461 2072 2516 2123 et
2571 2074 2937 2139 protectores,
2970 2084 3035 2126 ac
3087 2071 3414 2126 mundanus
3441 2074 3770 2141 potentatus

2149 2158 2459 2213 concilium
2483 2159 3025 2215 subadulteraverit.
3053 2159 3239 2216 Unum
3263 2160 3449 2216 solum
3473 2161 3639 2216 nobis
3658 2160 3773 2215 de-

2149 2247 2449 2316 siderium,
2473 2252 2528 2301 et
2548 2247 2616 2302 ad
2644 2246 2908 2317 praefatos
2923 2248 3170 2318 judices,
3200 2255 3498 2319 postquam
3528 2249 3659 2306 illos
3685 2250 3772 2305 vi-

2146 2336 2359 2404 dimus,
2385 2337 2732 2406 supplicatio
2750 2336 2882 2407 fuit,
2911 2352 2980 2394 ne
3002 2353 3343 2409 quemquam
3369 2339 3770 2409 permitterent

2146 2424 2425 2494 deperire,
2449 2427 2534 2481 vel
2552 2426 2623 2481 ab
2645 2426 2894 2481 Ecclesia
2907 2428 3006 2483 Dei
3033 2442 3395 2499 quemquam,
3421 2429 3471 2483 si
3495 2428 3616 2484 ﬁeri
3642 2443 3771 2498 pos-

2146 2519 2250 2585 set,
2286 2515 2509 2584 projici.
2567 2516 2678 2570 Hoc
2735 2516 2919 2571 solum
2948 2521 3036 2572 est
3082 2522 3341 2572 nostrum
3369 2529 3411 2582 ι,
3441 2517 3490 2573 si
3517 2517 3769 2574 voluerit

2147 2605 2280 2673 quis
2308 2604 2602 2659 nominare
2626 2605 2844 2660 crimen
2869 2623 2881 2659 :
2908 2606 3024 2662 alia
3052 2621 3182 2663 vero
3204 2607 3395 2662 omnia
3421 2608 3762 2679 canonibus,

2145 2697 2200 2746 et
2231 2692 2326 2763 iis,
2353 2691 2564 2762 quibus
2588 2692 2898 2761 imperium
2928 2696 3128 2766 synodi
3150 2696 3433 2752 creditum
3455 2701 3558 2767 est,
3589 2697 3767 2752 tradi-

2143 2779 2357 2850 dimus,
2386 2779 2625 2836 multum
2650 2795 2750 2850 pro
2779 2785 3052 2852 praesenti
3077 2784 3302 2854 judicio
3330 2785 3768 2854 conjuranteset

2145 2870 2583 2928 eondemnantes
2611 2867 2640 2910 δ
2665 2917 2680 2941 ,
2731 2874 2814 2929 nil
2848 2873 2916 2929 ad
2945 2874 3211 2945 gratiam,
3237 2873 3320 2928 vel
3350 2886 3447 2943 per
3471 2873 3667 2929 odium
3691 2875 3765 2930 de

2144 2959 2510 3030 cernendum,
2543 2961 2787 3018 humane
2812 2967 3003 3018 autem
3035 2961 3217 3033 magis
3245 2961 3398 3016 circa
3427 2975 3522 3016 eos
3549 2962 3648 3032 qui
3678 2975 3767 3016 ce-

420 3055 486 3097 ae
502 3045 1134 3103 omnimodasubversio
1157 3051 1342 3104 status
1360 3049 1759 3121 ecclesiastici,
1779 3055 1852 3121 et,
1877 3051 2026 3120 apud
2057 3041 2109 3106 Ο
2143 3045 2820 3119 ciderantaﬁ‘ectandum;
2846 3063 2989 3120 quos
3011 3062 3123 3104 non
3143 3049 3374 3118 proprie
3395 3053 3635 3119 tantum,
3661 3049 3760 3104 sed

420 3133 736 3188 exteriores
761 3135 992 3204 quidem
1020 3136 1076 3190 in
1103 3136 1368 3191 consiliis
1387 3137 1619 3205 justitia
1640 3145 2025 3211 conversante,

421 3226 572 3293 apud
604 3224 914 3280 Ecclesiam
944 3224 1234 3293 injustitia
1273 3225 1621 3281 ﬁducialiter
1645 3241 1835 3298 agens,
1868 3241 2027 3284 amor

419 3312 798 3381 principatus,
823 3327 888 3367 ac
907 3327 1067 3368 amor
1091 3313 1365 3382 privatus,
1390 3321 1560 3384 atque
1583 3315 1804 3370 nullius
1824 3318 2031 3372 severi—

423 3400 560 3454 tatis
582 3405 813 3470 propter
831 3401 948 3456 hzec
969 3403 1280 3471 reputatio;
1309 3415 1408 3457 nec
1432 3416 1543 3457 non
1565 3409 1621 3458 et
1641 3409 1837 3459 contra
1859 3406 2028 3474 spiri-

421 3488 589 3543 talem
613 3494 826 3559 patrem
852 3490 1040 3546 rabies
1060 3496 1115 3545 et
1138 3491 1380 3546 insania.
1398 3493 1520 3546 Haec
1541 3498 1824 3562 suntquae
1848 3507 2024 3548 meam

417 3576 752 3634 obtinebant
781 3585 836 3634 et
880 3579 1190 3634 turbabant
1219 3580 1488 3650 animam,
1543 3586 1813 3650 tanquam
1847 3581 2026 3635 nubes

411 3681 604 3724 crassa
629 3667 1077 3722 obtenebrabant
1104 3667 1383 3736 animum,
1415 3680 1480 3721 ac
1511 3668 1707 3722 oculos
1749 3669 2028 3739 cogebant

414 3755 600 3812 fontes
629 3756 771 3810 mihi
803 3755 1005 3825 largiri
1034 3755 1410 3824 lacrymarum
1439 3772 1450 3807 :
1487 3759 1542 3809 et
1571 3756 1935 3811 divinitatem
1966 3757 2024 3811 in

412 3845 703 3900 auxilium
729 3846 785 3896 et
807 3843 1154 3898 solutionem
1176 3843 1480 3897 existentis
1512 3845 1772 3898 mmroris
1805 3845 2028 3900 invoca-

410 3933 558 4000 bam,
593 3937 648 3986 et
679 3945 823 4000 opus
857 3937 978 3985 erat
1003 3931 1144 3986 mihi
1173 3931 1288 3986 haec
1332 3933 1626 4003 cogitatio,
1651 3932 1700 3987 si
1731 3932 1875 3988 forte
1908 3947 2032 4003 pos-

419 4035 536 4078 sem
561 4022 618 4076 in
639 4021 843 4086 primis
858 4022 927 4076 de
943 4021 1330 4077 ecclesiastica
1344 4036 1538 4078 curam
1561 4035 1752 4092 gerere
1773 4024 2022 4079 unitate:

419 4111 568 4182 quod
593 4117 648 4164 et
675 4109 885 4166 factum
908 4117 1012 4178 est,
1037 4117 1092 4166 et
1114 4111 1173 4166 in
1220 4110 1479 4167 ell‘ectum
1518 4113 1744 4168 devenit
1769 4116 2033 4184 quemad-

424 4201 651 4256 modum
678 4205 733 4255 et
759 4214 856 4256 vos
880 4214 1073 4256 omnes
1124 4200 1326 4270 nostis,
1375 4206 1658 4272 quotquot
1699 4203 1768 4257 ad
1801 4216 2025 4260 sacrum

411 4291 516 4346 hoc
536 4291 890 4346 convenistis
912 4291 1240 4362 collegium.
1265 4291 1393 4346 Alia
1416 4292 1568 4346 enim
1600 4293 1849 4361 imperii,
1876 4289 2024 4361 quod

2141 3137 2593 3191 etcommuniter
2615 3138 2803 3208 hodie,
2829 3138 3098 3194 omnibus
3120 3137 3476 3208 videntibus,
3499 3138 3766 3207 depreca-

2141 3235 2288 3290 mur,
2321 3237 2546 3280 manum
2575 3226 2650 3282 iis
2675 3227 2775 3297 qui
2798 3227 3193 3296 compassione
3223 3240 3367 3295 opus
3390 3226 3600 3280 habent
3621 3240 3766 3295 por-

2139 3311 2415 3384 rigere,et
2438 3327 2606 3369 unam
2624 3315 2934 3371 Ecclesiam
2949 3315 3366 3371 celebrantium
3389 3313 3759 3370 festivitatem

2140 3400 2424 3468 perﬁcere.
2457 3403 2539 3456 Ita
2570 3405 2761 3457 Patres
2786 3404 3080 3473 spiritales
3101 3409 3157 3457 et
3192 3402 3460 3458 veritatis
3488 3401 3765 3458 defenso—

2141 3501 2248 3558 res,
2274 3491 2373 3559 qui
2407 3490 2669 3562 ﬁguratis
2698 3493 3014 3547 secundum
3041 3493 3313 3563 chrisma,
3355 3491 3562 3556 Aaron,
3598 3496 3653 3546 et
3677 3505 3763 3547 se-

2137 3579 2388 3632 cundum
2402 3580 2604 3651 zelum,
2632 3580 2891 3651 Phinees,
2907 3595 2971 3636 ac
2989 3581 3302 3636 secundum
3331 3580 3642 3650 judicium,
3667 3581 3760 3635 Sa-

2139 3663 2457 3736 lomonem;
2491 3668 2770 3738 requirite
2796 3682 2952 3725 ovem
2982 3683 3108 3739 quae
3140 3669 3406 3739 perierat,
3445 3668 3759 3724 convertite

2140 3766 2265 3823 qua:
2281 3761 2584 3824 erraverat,
2605 3771 2778 3827 super
2801 3758 3101 3813 humerum
3124 3757 3313 3813 tollite
3336 3756 3678 3826 solitariam,
3702 3761 3762 3822 et

2137 3839 2481 3898 confractam
2503 3847 2920 3916 compassionis
2946 3846 3197 3902 vinculis
3218 3846 3488 3916 alligata;
3519 3859 3645 3914 quae
3674 3845 3762 3899 ul-

2139 3934 2324 3986 cerata
2355 3938 2458 4001 est,
2492 3935 2797 4003 emplastro
2824 3934 3326 3990 condescensionis
3355 3937 3549 3988 sanate
3576 3951 3590 4000 ;
3629 3947 3758 4002 quae

2139 4023 2404 4074 extranea
2429 4027 2485 4075 et
2509 4021 2724 4091 abjeeta
2745 4029 2830 4078 est
2854 4037 2886 4079 a
2921 4023 3174 4092 spiritali
3201 4023 3454 4093 mandra,
3480 4021 3760 4093 nonagin-

2140 4110 2194 4159 ta
2211 4120 2406 4162 novem
2425 4110 3092 4180 ovibusdispensationis
3121 4123 3272 4166 more
3285 4110 3643 4182 conjungite:
3675 4123 3758 4164 re

2139 4194 2390 4264 linquite
2425 4199 2750 4254 memoriam
2779 4201 3180 4270 sempiternam
3220 4199 3640 4269 posterioribus
3667 4211 3759 4270 ge-

2142 4289 2537 4346 nerationibus
2566 4291 2981 4360 compassionis
3015 4295 3210 4345 vestra:
3240 4292 3310 4346 ad
3369 4289 3752 4345 imitationem

411 4379 523 4435 sub
554 4393 639 4434 me
668 4386 772 4445 est,
807 4381 1132 4446 denittens,
1162 4382 1230 4436 ad
1268 4382 1320 4436 id
1346 4382 1531 4437 solum
1558 4383 1614 4436 in
1645 4383 1898 4438 exordiis
1923 4395 2018 4436 ac-
2053 4372 2109 4434 D
2139 4381 2374 4436 Christi.
2407 4385 2473 4438 Et
2500 4398 2596 4439 vos
2618 4400 2863 4456 quoque,
2895 4385 2993 4455 qui
3027 4384 3323 4439 curatione
3359 4383 3652 4456 indigetis,
3687 4396 3753 4436 ac

408 4469 671 4539 celeravi,
696 4475 752 4524 et
782 4471 1094 4526 secundum
1119 4471 1424 4540 utriusque
1449 4471 1857 4526 dissidentium
1888 4487 2028 4540 par—-

409 4559 487 4614 tis
511 4560 933 4628 petitionem,et
958 4561 1199 4628 priscam
1216 4561 1628 4615 eclesiasticam
1654 4561 2021 4633 traditionem

409 4649 792 4718 perspiciendi
817 4662 1008 4719 causa,
1033 4651 1204 4704 etiam
1216 4650 1442 4718 judices
1462 4663 1679 4711 eorum,
1708 4665 1831 4721 quae
1847 4651 1905 4706 in
1930 4652 2026 4705 Ec-

407 4739 585 4795 clesia
607 4744 800 4793 nostra
823 4744 976 4809 gesta
1000 4744 1154 4807 sunt,
1179 4752 1246 4792 ex
1271 4738 1514 4808 reliquis
1537 4740 2023 4808 patriarchalibus

409 4828 633 4883 thronis
659 4827 885 4897 collegi,
924 4841 1040 4881 rem
1086 4827 1383 4897 perﬁciens
1408 4831 1806 4899 cooperatione
1835 4830 2018 4886 sancti

407 4918 686 4987 Spiritus:
714 4930 882 4988 quam
900 4917 1064 4972 multi
1089 4917 1318 4988 quidem
1341 4924 1469 4973 ante
1487 4931 1590 4974 nos
1614 4919 2016 4988 imperantium

408 5008 599 5062 videre
619 5007 1103 5074 desideraverunt,
1133 5021 1200 5063 ex
1222 5021 1382 5078 azquo
1407 5013 1595 5063 autem
1619 5022 1812 5063 omnes
1836 5008 2024 5063 mini-

409 5110 495 5151 me
516 5097 807 5152 consecuti
834 5102 1002 5151 sunt:
1038 5102 1093 5151 et
1122 5102 1402 5167 quotquot
1430 5097 1715 5167 pertinent
1741 5097 1809 5152 ad
1843 5097 2023 5152 eccle-

408 5187 700 5242 siasticam
722 5186 999 5242 unitatem
1020 5199 1085 5240 ac
1105 5186 1545 5255 ordinationem,
1567 5185 1758 5239 omnia
1780 5181 2022 5240 solerter

407 5289 436 5330 a
469 5289 554 5330 me
578 5279 798 5344 peracta
822 5280 978 5346 sunt,
1005 5290 1133 5333 cum
1159 5276 1316 5332 nulla
1347 5276 1576 5345 penitus
1602 5274 1887 5342 imperiali
1911 5288 2024 5329 ma-

410 5377 486 5419 nu
501 5368 556 5419 et
581 5364 850 5433 potentia,
879 5369 940 5419 ut
963 5365 1216 5435 quidam,
1241 5378 1473 5434 parvum
1495 5363 1580 5417 vel
1608 5376 1871 5433 magnum
1899 5361 2022 5416 eﬁ'e-

478 5485 501 5512 ι
519 5470 596 5526 Ac
622 5471 671 5526 si
699 5471 938 5527 diceret:
970 5472 1204 5529 Nullum
1231 5472 1289 5526 in
1313 5485 1398 5526 me
1415 5471 1917 5540 superhiscrimen
1938 5470 2021 5524 in-

409 5543 690 5614 venietur,
724 5543 839 5598 nisi
872 5541 1018 5600 forte
1049 5543 1182 5610 quis
1233 5545 1339 5599 hoc
1371 5542 1602 5612 pietatis
1629 5556 1772 5613 Opus
1803 5542 2020 5600 crimen

2141 4471 2354 4526 medela
2380 4486 2524 4543 opus
2553 4473 2793 4543 habetis,
2819 4475 3068 4543 pretiosa
3101 4474 3348 4529 membra
3374 4473 3611 4543 Christi,
3641 4472 3750 4527 etsi

2137 4561 2330 4616 nescio
2359 4564 2642 4633 quomodo
2687 4579 2718 4618 a
2754 4565 2898 4620 malo
2946 4566 3199 4621 demone
3225 4566 3471 4634 detenti,
3505 4579 3535 4619 a
3562 4564 3750 4633 capite

2134 4651 2377 4719 separati
2401 4652 2576 4706 estis:
2637 4653 2775 4706 Vitis
2805 4669 2952 4715 vera,
3006 4667 3130 4722 quae
3163 4661 3391 4723 propter
3420 4653 3754 4708 contentio-

2134 4752 2260 4793 nem
2292 4741 2698 4810 importunam,
2728 4741 2843 4796 imo
2865 4755 2993 4797 vero
3019 4743 3312 4810 injustam,
3342 4744 3400 4794 in
3425 4741 3754 4795 amaritudi-

2129 4845 2252 4883 nem
2292 4845 2547 4883 conversa
2583 4845 2638 4883 es
2687 4827 2809 4900 (Jer.
2860 4830 2942 4902 ιι),
2971 4830 3143 4885 amici
3175 4835 3230 4884 et
3257 4830 3504 4898 proximi
3533 4831 3740 4902 nostri,

2129 4923 2184 4972 et
2205 4919 2252 4972 si
2284 4923 2512 4988 propter
2537 4918 2733 4974 odium
2762 4919 3158 4975 irrationabile
3185 4932 3252 4973 ex
3281 4919 3516 4973 adverso
3541 4932 3750 4988 appro-

2131 5007 2661 5078 piantesetstantes,
2685 5023 2750 5063 ac
2763 5008 3042 5062 vanitates
3057 5007 3448 5077 respicientes,
3465 5009 3749 5078 suscipite

2127 5097 2543 5152 admonitionis
2574 5109 2924 5162 sermonem;
2955 5107 3065 5148 non
3098 5101 3287 5150 autem
3313 5095 3636 5152 confundor
3660 5099 3753 5153 di-

2128 5198 2273 5254 cere,
2305 5186 2476 5241 etiam
2503 5184 2924 5255 deprecationis
2957 5201 2972 5251 -,
3003 5184 3060 5237 in
3094 5183 3149 5238 id
3182 5184 3333 5238 enim
3362 5197 3465 5238 nos
3495 5185 3743 5244 adduxit

2131 5275 2546 5345 misericordia,
2573 5288 2740 5345 quam
2765 5274 2917 5329 circa
2943 5288 3042 5329 vos
3076 5273 3366 5328 habemus.
3392 5272 3744 5332 Scrutamini

2133 5364 2336 5420 intima
2352 5364 2718 5419 conscientia:
2739 5371 2958 5434 vestrae,
2981 5368 3035 5418 et
3063 5363 3368 5419 invenietis
3388 5377 3487 5418 vos
3509 5363 3652 5418 male
3673 5365 3747 5420 ab

2130 5471 2419 5540 appellare
2446 5471 2711 5527 voluerit.

2203 5541 2231 5582 δ
2263 5543 2321 5597 Id
2349 5546 2454 5613 est,
2483 5543 3013 5599 condemnationem
3043 5543 3435 5613 imprecantes.
