4052 6168
310 286 377 344 97
1003 284 1550 341 INTERPRETATIO
1587 282 1835 340 SYNODI
1875 283 1996 338 VIII
2030 281 2433 340 GENERALIS.
2461 313 2536 325 —
2571 284 2773 343 ACTIO
2811 288 2898 342 Vl.
3542 287 3613 346 98

308 411 537 467 Ecclesia
562 423 686 466 esse
709 411 1049 480 disjunctos.
1080 411 1402 467 Novissima
1431 411 1567 466 hora
1592 417 1696 479 est,
1727 416 1781 465 et
1801 407 1893 476 ju-
1918 407 1973 466 A
2001 409 2379 475 obsecrantes,
2407 414 2688 480 rogantes,
2725 416 2779 465 et
2811 423 2976 466 omne
3017 410 3310 481 ingenium
3351 429 3610 471 commo-

306 500 404 554 dex
431 513 532 568 pne
559 497 782 554 foribus
812 507 917 568 est,
946 500 1196 567 fratres;
1228 515 1293 557 ne
1323 489 1782 571 praeoccupem'ur
1821 499 1890 554 ab

303 591 420 658 ejus
448 589 683 644 Ecclesia
711 593 1074 660 sequestrati,
1101 597 1156 646 et
1196 592 1358 661 longe
1385 591 1455 646 ab
1502 590 1665 645 illius
1707 589 1890 659 gloria

307 678 678 747 projiciamur.
705 679 866 734 Nihil
887 686 1049 749 turpe
1070 681 1349 736 ducamus
1370 681 1690 749 passionem
1717 680 1894 735 mani-

304 765 510 837 festare,
533 771 589 821 et
608 768 822 824 vulnus
837 771 1151 838 ostendere,
1168 785 1232 826 ac
1253 771 1438 826 locum
1457 769 1805 838 ptenitentia:
1825 783 1890 823 ac

301 855 581 910 medicina:
603 857 914 928 requirere,
939 865 1110 929 atque
1138 861 1289 914 intra
1307 859 1521 914 atrium
1543 857 1886 914 salvantium

298 943 430 1010 ﬁeri,
461 958 528 1000 ne
557 945 952 1003 confusionem
974 948 1358 1004 obedientiam
1382 947 1737 1018 arbitrando,
1766 961 1894 1002 con-

295 1029 1558 1107 fusioniszeternaesumamusexperimentum.
1585 1036 1893 1106 Qualisau-

293 1125 393 1177 tem
418 1131 473 1179 et
500 1129 588 1178 est
612 1122 897 1195 confusio,
929 1126 1151 1197 fratres,
1195 1127 1490 1196 procidere
1513 1128 1649 1197 Deo,
1698 1132 1754 1181 et
1791 1141 1894 1181 ve-

291 1213 433 1269 niam
455 1222 719 1284 expetere
741 1217 884 1273 :Deo
897 1217 1049 1273 enim
1079 1218 1406 1289 procidunt,
1424 1217 1523 1288 qui
1553 1216 1817 1272 Ecclesia}
1838 1221 1894 1270 et

291 1303 649 1372 spiritalibus
666 1305 798 1361 istis
815 1306 1076 1376 patribus
1091 1308 1417 1376 procidunt.
1458 1305 1731 1362 Confusio
1754 1305 1894 1375 qui-

291 1393 406 1447 dem
431 1407 625 1449 revera
638 1401 743 1465 est,
768 1399 823 1449 et
837 1396 1118 1451 maximus
1133 1397 1335 1466 pudor,
1354 1397 1467 1452 imo
1484 1409 1614 1450 vero
1637 1395 1695 1448 in
1714 1395 1889 1449 Deum

285 1480 607 1550 dimicatio,
642 1484 792 1540 nolle
820 1498 1284 1554 unumquemque
1311 1485 1603 1555 proprium
1630 1481 1888 1538 conﬁteri

288 1577 598 1642 peccatum,
622 1579 678 1628 et
704 1573 1003 1629 humiliari
1035 1580 1265 1643 propter
1286 1575 1600 1644 Christum,
1629 1577 1684 1627 et
1711 1572 1892 1627 lucra-

287 1658 330 1712 ri
356 1664 479 1715 etse
499 1668 560 1716 et
575 1662 801 1718 multos.
822 1663 878 1718 Si
903 1669 1090 1718 autem
1109 1664 1345 1720 omnino
1367 1665 1470 1719 hoc
1491 1661 1882 1719 confusionem

2003 504 2194 553 ventes
2221 499 2287 553 ad
2316 499 2610 567 spiritales
2645 506 2836 568 patres
2865 505 3106 567 nostros,
3143 505 3199 554 et
3230 503 3603 572 patriarchas,

2004 594 2067 643 ut
2083 588 2563 658 dispensentquid
2585 603 2778 645 eorum
2809 604 2932 659 qum
2957 590 3155 644 insunt
3173 589 3366 646 animo
3388 600 3607 648 vestro:

2005 682 2225 733 tantum
2247 691 2315 730 ne
2337 682 2544 732 temere
2557 683 2752 732 contra
2778 678 3018 733 salutem
3036 684 3277 733 vestram
3301 681 3506 749 agatis,
3525 695 3614 735 ne-

2014 780 2124 836 que
2153 766 2528 835 perditionem
2561 772 2802 821 vestram
2829 767 3291 837 amplectamini;
3321 782 3431 823 non
3459 769 3610 824 enim

2008 860 2095 910 est
2117 861 2340 924 tempus
2357 856 2423 910 ad
2452 855 2843 924 pmnitentiam
2867 862 2922 911 et
2948 856 3326 926 receptionem
3349 857 3610 926 praesenti

2009 944 2335 1013 acceptius:
2368 943 2465 1012 qui
2497 957 2739 1014 namque
2767 945 2936 1008 hodie
2964 945 3142 1017 ligare
3165 959 3231 1000 ac
3257 947 3475 1003 solvere
3501 949 3614 1002 Ec-

2004 1032 2193 1088 clesize
2226 1033 2450 1104 negotia
2485 1038 2744 1104 possunt,
2780 1039 2985 1103 praesto
3012 1040 3164 1092 sunt.
3197 1035 3485 1093 Dimittite
3514 1038 3616 1093 im-

2006 1129 2248 1192 portune
2277 1128 2501 1192 tempus
2523 1121 2750 1190 explora
2762 1137 2837 1193 re,
2867 1130 2924 1180 et
2946 1139 3134 1182 rerum
3155 1125 3609 1184 immutationem

2003 1221 2350 1287 exspectare,
2367 1231 2490 1286 quae
2511 1215 2626 1272 etsi
2653 1218 2749 1272 flat
2768 1217 3103 1289 aliquando,
3121 1218 3268 1275 nihil
3284 1219 3446 1276 vobis
3468 1234 3614 1276 con-

2005 1301 2162 1359 feret.
2204 1305 2446 1375 Etenim,
2478 1306 2584 1360 etsi
2617 1306 2731 1361 alia
2779 1312 3003 1377 tempus
3048 1307 3456 1380 immutaverit,
3507 1309 3612 1364 hoc

2003 1406 2352 1448 commovere
2379 1408 2485 1448 non
2541 1395 2943 1463 poterit;nam
2977 1395 3027 1450 si
3076 1396 3227 1452 actio
3274 1397 3449 1453 unius
3496 1398 3610 1453 viri

2002 1481 2174 1536 vestri
2193 1481 2274 1536 nil
2293 1482 2635 1538 rationabile
2659 1483 2889 1553 habens,
2907 1498 3034 1539 cum
3061 1488 3175 1539 tota
3189 1497 3420 1540 erronea
3441 1494 3609 1559 esset,

2004 1574 2224 1625 tantum
2249 1577 2449 1627 aestum
2475 1576 2703 1641 operata
2731 1578 2834 1641 est,
2867 1577 2930 1627 ut
2971 1573 3123 1628 hunc
3153 1573 3247 1628 vix
3275 1588 3341 1629 ac
3371 1574 3612 1633 difﬁcile

2002 1661 2316 1718 dissolvere
2339 1663 2695 1732 quiverimus
2719 1681 2734 1732 ;
2759 1664 3061 1733 actionem,
3082 1665 3176 1720 dic
3196 1665 3361 1735 mihi,
3387 1673 3441 1722 et
3459 1669 3615 1736 judi-

281 1747 671 1819 arbitramini,
698 1766 820 1822 ego,
845 1753 939 1808 cui
970 1755 1199 1824 imperii
1231 1754 1591 1824 superposita
1622 1760 1707 1808 est
1732 1768 1888 1810 coro-
1914 1739 1970 1802 B
1999 1751 2152 1808 cium
2168 1759 2414 1822 quatuor
2428 1752 2899 1822 patriarchalium
2917 1754 3139 1809 sedium
3157 1754 3613 1824 quisdissolvere

283 1850 365 1905 na,
390 1835 578 1894 forma
608 1841 770 1896 vobis
799 1841 1018 1898 efﬁciar
1046 1844 1220 1912 hujus
1240 1843 1468 1914 optimm
1501 1843 1876 1899 humilitatis:

275 1939 390 1997 ego,
414 1928 518 1996 qui
541 1928 866 2002 imperitus,
883 1931 1236 2000 etinsipiens
1253 1932 1628 2001 sum,bonum
1648 1932 1880 1987 initium

273 2030 361 2071 ero
381 2023 661 2086 vestrum,
695 2020 794 2089 qui
839 2019 1126 2088 sapientes
1169 2021 1311 2077 estis
1331 2028 1386 2077 et
1423 2021 1564 2077 clari
1597 2022 1838 2078 scientia
1867 2039 1880 2074 :

273 2104 364 2174 qui
394 2105 452 2160 in
489 2107 744 2175 peccatis
771 2109 1062 2164 volutatus
1089 2125 1237 2180 sum,
1277 2111 1497 2180 primus
1522 2113 1683 2168 vobis
1714 2118 1884 2182 typus

273 2192 412 2261 ﬁam,
443 2195 554 2265 qui
575 2197 776 2252 mundi
810 2198 972 2267 estis,
996 2202 1051 2252 et
1079 2198 1283 2255 virtuti
1312 2214 1536 2269 operam
1563 2201 1746 2256 datis:
1782 2216 1884 2272 ego

272 2281 488 2350 primus
515 2292 723 2341 memet
759 2302 934 2357 super
963 2289 1348 2359 pavimentum
1379 2291 1642 2362 projicio,
1674 2308 1885 2362 purpu-

273 2384 378 2426 ram
405 2378 461 2427 et
487 2373 761 2430 diadema
809 2377 1242 2448 parvipendens.
1291 2381 1591 2437 Ascendite
1616 2381 1682 2436 ad
1713 2395 1885 2453 genas

272 2473 433 2530 meas,
461 2467 524 2516 et
558 2477 655 2531 per
677 2466 878 2522 oculos
931 2483 1080 2524 meos
1129 2469 1398 2536 incedite,
1456 2484 1555 2525 nec
1605 2471 1884 2540 reputetis

270 2562 537 2619 magnum
567 2551 932 2622 imperatoris
954 2557 1173 2613 calcare
1185 2559 1469 2630 scapulas,
1502 2573 1682 2630 neque
1702 2573 1886 2614 verea-

270 2636 401 2691 mihi
429 2639 685 2706 pedibus
711 2646 941 2714 tangere
962 2647 1369 2718 verticem,qui
1387 2648 1884 2718 superimponitur

267 2736 295 2778 a
319 2726 427 2782 Deo
450 2725 673 2785 donata
700 2745 934 2788 corona.
960 2735 1164 2791 Omnia
1193 2737 1309 2806 pati
1328 2743 1652 2806 promptum
1683 2736 1878 2807 habeo,

268 2817 318 2867 et
343 2817 682 2885 promptius
701 2833 868 2891 agere
883 2837 1008 2892 quae
1029 2823 1190 2880 vobis
1208 2825 1440 2897 quidem
1463 2825 1881 2898 confusionem,

270 2904 403 2960 mihi
425 2913 630 2963 autem
645 2909 884 2979 gloriam
903 2917 959 2966 et
971 2913 1273 2969 maximam
1297 2915 1616 2971 claritatem
1630 2916 1888 2972 conferre

268 2993 594 3054 videantur.
629 2999 821 3069 Neque
846 3001 1000 3056 enim
1029 3001 1088 3058 in
1118 3003 1222 3059 hoc
1251 3017 1447 3060 curam
1497 3017 1629 3076 gero
1679 3005 1880 3076 gloriae

1999 1842 2208 1912 poterit
2228 1843 2255 1895 ‘?
2278 1842 2358 1896 Ad
2379 1856 2544 1911 quem
2572 1841 2723 1895 enim
2752 1840 3061 1913 eﬁ‘ugietis,
3094 1843 3438 1899 solutionem
3467 1846 3610 1902 obli-

1996 1930 2242 2003 gamenti
2267 1934 2517 2000 petentes
2538 1929 2661 1985 ‘?Ad
2679 1931 2990 1986 Romanum
3013 1931 3308 2000 praesulem
3332 1932 3466 1990 ‘?sed
3482 1934 3614 1990 ﬁne-

1995 2025 2162 2074 tenus
2178 2034 2276 2074 vos
2301 2019 2718 2074 condemnavit.
2748 2019 2828 2074 Ad
2857 2018 3282 2076 Antiochenum
3305 2021 3332 2074 ‘?
3358 2022 3453 2077 sed
3482 2037 3614 2078 con-

1994 2114 2298 2164 sentaneus
2319 2109 2571 2162 Romano
2603 2113 2658 2162 et
2698 2121 2984 2163 consonus
3005 2107 3201 2165 factus
3225 2115 3328 2164 est.
3358 2111 3438 2166 Ad
3468 2111 3612 2166 Hie-

1995 2197 2492 2268 rosolymitanum,
2523 2196 2606 2250 vel
2649 2195 3102 2252 Alexandrinum
3125 2197 3153 2250 ?
3177 2199 3271 2253 sed
3304 2204 3361 2253 et
3393 2199 3480 2254 illi
3510 2215 3612 2255 ve—

1995 2294 2126 2342 strze
2143 2286 2500 2342 damnationi
2535 2290 2968 2340 consenserunt.
2991 2284 3063 2341 At
3079 2286 3186 2341 etsi
3215 2287 3482 2344 thronum
3509 2288 3614 2344 ali-

1997 2376 2224 2446 quando
2288 2373 2992 2443 Constantinopolitanum
3049 2382 3254 2432 cuncta
3309 2377 3612 2433 destruens

1999 2470 2225 2535 tempus
2241 2463 2404 2519 vobis
2424 2463 2798 2528 commiserit,
2825 2469 2881 2518 et
2903 2477 3000 2534 per
3021 2465 3396 2534 vosmetipsos
3417 2481 3616 2522 conve-

1997 2554 2122 2608 nire
2149 2553 2483 2621 volueritis;
2526 2553 2660 2622 quis
2707 2567 2804 2607 vos
2851 2554 3170 2623 sequetur?
3208 2554 3293 2609 vel
3323 2556 3608 2625 quomodo

2000 2642 2224 2712 aperire
2245 2642 2467 2710 oculos,
2497 2648 2552 2696 et
2571 2641 2826 2710 aspicere
2850 2642 3170 2710 quempiam
3200 2644 3484 2713 poteritis,
3510 2644 3616 2700 im-

1997 2731 2232 2803 pugnati
2255 2729 2610 2786 abomnibus
2623 2728 3018 2785 sacerdotibus
3030 2744 3094 2785 ac
3117 2731 3606 2800 patriarchalibus

1996 2819 2231 2876 sedibus
2249 2819 2277 2872 ‘?
2297 2821 2376 2874 Ne
2395 2832 2547 2889 ergo,
2574 2815 2799 2888 fratres,
2827 2817 2938 2887 ipsi
2963 2833 3062 2874 vos
3085 2819 3211 2874 deci
3220 2820 3459 2891 pientes,
3483 2827 3616 2878 tem-

1998 2924 2105 2979 pus
2134 2909 2342 2964 salutis
2367 2913 2565 2963 vestrae
2594 2907 2848 2976 perdatis
2874 2924 2886 2959 :
2922 2921 3106 2977 neque
3125 2908 3276 2963 enim
3307 2910 3419 2965 tale
3448 2910 3614 2965 inve—

1999 3002 2173 3057 nietis
2192 3001 2537 3072 aliquando;
2582 3001 2677 3056 sed
2730 2999 2807 3054 im
2826 3004 3103 3068 portunas
3146 3003 3540 3059 contentiones
3559 3008 3616 3058 et

269 3095 430 3154 mea);
459 3091 718 3157 tantum,
748 3094 810 3143 ut
837 3089 1055 3146 videam
1083 3092 1570 3164 communionem,
1607 3093 1886 3150 unitatem
1919 3077 1969 3142 Ο
1999 3091 2417 3146 obstinationes
2446 3089 3619 3159 deserentes,communimedelieoccurri—

269 3176 319 3225 et
347 3188 524 3230 unam
568 3175 835 3232 Ecclesiae
880 3176 1287 3250 festivitatem;
1317 3187 1538 3237 tantum
1567 3196 1634 3237 ne
1683 3182 1887 3237 animae

269 3261 678 3321 detrimentum
709 3267 915 3337 patiar,
947 3274 1003 3323 et
1033 3269 1281 3340 gaudeat
1307 3285 1480 3340 super
1523 3284 1609 3326 me
1638 3271 1734 3326 ille
1759 3285 1889 3326 om—

280 3351 431 3407 nium
463 3353 751 3410 inimicus
783 3356 1053 3413 diabolus
1096 3359 1382 3428 captivum
1427 3373 1676 3414 sumens.
1727 3359 1885 3427 Quod

274 3440 408 3495 mihi
439 3442 899 3500 desiderandum
927 3453 1030 3516 est,
1085 3452 1306 3502 tantum
1347 3447 1467 3517 spei
1511 3461 1644 3502 mete
1673 3447 1892 3516 lampas

274 3528 563 3598 insperate
584 3547 696 3588 non
727 3535 1148 3607 exstinguatur,
1200 3551 1297 3605 per
1341 3551 1510 3607 quam
1551 3535 1892 3592 festinabam

266 3619 518 3676 omnium
554 3621 840 3678 illustrari
878 3625 1076 3679 lzetitia
1105 3625 1282 3680 simul
1312 3632 1368 3681 et
1405 3627 1644 3698 gaudio.
1689 3627 1896 3683 Nescio

267 3709 406 3775 quod
443 3715 575 3765 erat
605 3714 977 3783 satagendum
1004 3719 1060 3768 et
1104 3712 1489 3788 efﬁciendum,
1521 3723 1577 3771 et
1605 3731 1715 3772 non
1747 3715 1893 3780 feci;

268 3797 349 3850 vel
379 3813 452 3868 qu
469 3813 541 3855 os
559 3803 1382 3870 proponendosadmonitionis
1408 3805 1898 3875 etdeprecationis

272 3899 566 3943 sermones
597 3903 709 3945 non
742 3892 1055 3961 proposui;
1101 3907 1199 3948 vos
1219 3893 1290 3948 de
1330 3899 1531 3950 czetero
1579 3895 1890 3962 videbitis;

269 3978 542 4039 innocens
567 3985 720 4040 enim
752 4000 879 4042 sum
917 4000 947 4042 a
977 3987 1305 4057 perditione
1330 3995 1533 4046 vestra.
1564 3989 1622 4045 Si
1661 4005 1791 4046 vero
1821 3989 1891 4044 ad

270 4082 536 4140 magnum
564 4077 620 4127 et
647 4073 994 4131 horrendum
1025 4077 1168 4133 illud
1198 4077 1494 4147 judicium
1539 4077 1747 4135 futura:
1770 4077 1889 4134 diei

270 4171 361 4215 vos
385 4161 719 4234 remittitis,
749 4165 915 4234 quasi
960 4180 1059 4236 pro
1101 4166 1264 4222 vobis
1307 4167 1586 4223 rationem
1624 4167 1888 4239 daturos,

272 4251 487 4306 noscite
502 4252 644 4322 quia
660 4252 799 4308 bene
816 4255 944 4311 novi
966 4256 1115 4325 quod
1141 4255 1338 4311 nullus
1350 4255 1766 4325 vobisjustitia:
1779 4272 1892 4313 ser-

273 4353 356 4394 mo
376 4341 499 4396 sive
525 4341 621 4396 hic
650 4343 830 4414 adest,
859 4343 978 4400 sive
1007 4343 1128 4400 illic
1150 4345 1355 4412 aderit,
1383 4345 1496 4401 nisi
1520 4352 1797 4416 quantum
1828 4347 1886 4402 in

2000 3186 2072 3250 te,
2095 3186 2150 3234 et
2174 3179 2468 3235 medicina:
2493 3177 2805 3233 remedium
2841 3179 3074 3250 sumite,
3099 3193 3164 3233 ac
3185 3181 3466 3236 adhzerete
3487 3181 3618 3251 spi-

2003 3269 2159 3324 ritali
2183 3268 2356 3338 capiti
2381 3272 2589 3337 vestro,
2611 3271 2668 3321 et
2688 3266 2952 3321 Ecclesite
2975 3267 3077 3322 Dei
3101 3270 3617 3327 communicatores

2002 3363 2180 3413 estote
2203 3375 2218 3415 :
2245 3363 2307 3412 ut
2327 3362 2381 3411 et
2397 3356 2642 3410 crimine
2665 3356 2980 3424 exuamini,
3009 3360 3066 3411 et
3095 3358 3271 3413 Deum
3298 3359 3614 3428 propitium

2007 3445 2285 3514 habeatis,
2299 3459 2364 3498 ac
2378 3443 2693 3498 Ecclesiam
2716 3442 3038 3512 laetiﬁcetis,
3056 3444 3476 3516 imperiumque
3495 3461 3618 3503 nos-

2007 3539 2157 3590 trum
2179 3534 2465 3591 exsultare
2485 3549 2550 3590 ac
2570 3535 2922 3604 spiritaliter
2941 3534 3307 3590 festivitatem
3330 3535 3616 3593 celebrare

2008 3621 2253 3694 faciatis,
2318 3628 2490 3694 atque
2543 3623 2949 3693 rempublicam
3007 3623 3331 3679 universam
3403 3625 3616 3695 gaudio

2011 3716 2256 3771 maximo
2273 3729 2337 3770 ac
2358 3716 2617 3787 tripudio
2637 3717 2904 3786 repleatis
2928 3733 2943 3785 ;
2965 3730 3066 3771 nec
3084 3730 3194 3771 non
3216 3722 3272 3771 et
3290 3717 3346 3771 in
3367 3731 3620 3774 commu-

2012 3805 2068 3859 ni
2093 3818 2288 3859 omnes
2309 3804 2712 3860 benedicamus
2735 3805 2948 3874 pariter
2975 3805 3216 3861 Domino
3240 3805 3436 3877 gloriae
3476 3821 3617 3863 nos—

2008 3897 2128 3964 trze,
2147 3899 2203 3949 et
2229 3893 2479 3964 principi
2507 3893 2684 3964 pacis,
2728 3898 2785 3949 et
2808 3894 3031 3950 auctori
3071 3894 3330 3964 dispersa
3372 3909 3618 3967 congre—

2004 3984 2184 4055 ganti,
2212 3988 2268 4038 et
2292 3983 2432 4038 bene
2486 3983 2798 4052 coaptanti,
2852 3983 3365 4039 intercessionibus
3408 3991 3616 4041 sancta:

2001 4071 2256 4128 Domina:
2272 4071 2370 4126 Dei
2392 4071 2714 4143 genitricis,
2731 4072 2906 4126 Deum
2925 4071 3245 4128 videntium
3257 4072 3612 4146 angelorum,

1999 4166 2057 4216 et
2077 4161 2334 4216 omnium
2365 4165 2716 4216 sanctorum.
2750 4160 2946 4216 Amen.

2069 4255 2138 4310 Et
2159 4259 2284 4324 post
2302 4253 2602 4310 lectionem
2624 4253 2936 4310 ascendens
2951 4254 2992 4308 T
3008 4253 3300 4311 heodorus
3319 4269 3352 4310 a
3377 4255 3614 4312 secretis

1997 4343 2345 4401 vicariorum
2373 4342 2620 4398 senioris
2650 4342 2855 4412 Romze,
2916 4341 3091 4413 legit:
3142 4343 3282 4398 Ecce
3330 4345 3613 4413 quomodo

270 4426 368 4484 hac
393 4431 791 4488 controversia
817 4432 1108 4489 inventum
1131 4434 1439 4490 exstiterit.
1466 4436 1668 4492 Verum
1691 4437 1740 4492 si
1769 4437 1888 4494 vul-
1917 4435 1972 4498 D
1999 4434 2399 4491 sanctissimus
2420 4437 2475 4486 et
2491 4431 2705 4486 Christi
2724 4431 2948 4486 amicus
2969 4431 3300 4501 imperator,
3319 4431 3606 4490 divinitus

269 4517 344 4572 tis
366 4525 424 4573 et
442 4526 579 4574 ante
600 4519 747 4576 illud
774 4522 1063 4590 judicium
1094 4523 1459 4578 conscientia:
1483 4531 1683 4581 vestrae
1713 4526 1886 4581 inter-

271 4608 787 4679 rogarejudicium,
813 4610 1052 4666 discetis
1075 4611 1332 4681 amplius
1351 4611 1519 4680 nihil,
1545 4628 1713 4684 quam
1733 4617 1882 4685 quod

269 4691 338 4747 ab
366 4695 616 4765 imperio
650 4702 844 4754 nostro
869 4698 1106 4754 dicitur.
1132 4702 1408 4771 Deponite
1442 4701 1622 4773 igitur
1660 4709 1886 4759 conten-

268 4781 503 4856 tionem,
531 4783 759 4856 fratres,
800 4793 858 4842 et
889 4789 1164 4844 resumite
1187 4804 1435 4846 amorem
1463 4789 1874 4847 fraternitatis:

268 4870 450 4944 fugite
495 4875 940 4949 dissensionem,
994 4883 1050 4934 ct
1099 4879 1375 4936 unitatem
1419 4879 1871 4951 amplectimini;

263 4963 461 5020 odium
491 4966 752 5036 avertite,
799 4973 855 5023 et
899 4969 1273 5026 dilectionem
1321 4968 1379 5024 in
1423 4969 1558 5025 sinu
1601 4969 1876 5039 recipite:

266 5059 411 5110 state
436 5069 570 5112 cum
596 5055 1022 5129 probabilibus,
1041 5063 1097 5114 et
1113 5059 1288 5129 capiti
1312 5059 1735 5132 conjungimini
1761 5078 1776 5129 ;
1806 5074 1886 5115 re-

265 5141 443 5211 cipite
460 5158 560 5213 per
579 5146 914 5214 patientiam
937 5147 1150 5203 divina:
1171 5148 1598 5204 communionis
1617 5149 1880 5222 gratiam,

264 5233 490 5288 etnihil
514 5234 586 5290 ob
607 5235 907 5292 saecularia
929 5237 1063 5293 sitis
1094 5237 1356 5293 solliciti.
1384 5237 1528 5292 Sunt
1551 5237 1703 5292 enim
1728 5238 1878 5307 apud

267 5322 1216 5396 compatientissimumimperium
1251 5333 1510 5382 nostrum
1555 5327 1884 5396 susceptio—

272 5425 405 5466 num
427 5414 581 5470 modi
599 5414 871 5486 diversis,
887 5431 986 5486 per
997 5431 1140 5488 quos
1162 5415 1616 5486 consolabimur,
1634 5422 1690 5472 et
1706 5416 1885 5472 inces-

273 5512 489 5574 santer,
503 5521 626 5576 quae
638 5509 954 5564 secundum
969 5510 1240 5566 szeculum
1255 5509 1417 5565 vobis
1429 5514 1748 5579 opportuna
1767 5507 1884 5564 fue-

277 5593 412 5666 rint,
433 5594 733 5671 faciemus,
754 5612 1070 5673 rursusque
1082 5599 1416 5657 multimode
1431 5598 1874 5670 decertabimus,

1997 4522 2110 4578 sibi
2137 4537 2402 4578 concesso
2430 4520 2691 4591 imperio,
2718 4534 2825 4575 non
2847 4519 2970 4576 vult
2995 4521 3179 4590 perire
3204 4533 3374 4575 unam
3397 4535 3554 4576 ovem
3573 4537 3606 4578 a

1993 4613 2222 4668 Christo
2256 4612 2370 4669 sibi
2426 4612 2484 4666 in
2534 4611 2858 4666 custodiam
2905 4609 3202 4680 creditam,
3257 4609 3606 4667 transferens

1995 4702 2700 4770 omneexsilium,omnem
2724 4698 3155 4755 tribulationem
3182 4703 3473 4755 etomnem
3495 4715 3608 4756 an—

1996 4791 2245 4865 gustiam
2284 4791 2341 4845 in
2386 4789 2836 4844 admonitionem
2867 4794 2922 4844 et
2950 4802 3208 4860 precem;
3263 4804 3407 4860 quas
3465 4805 3607 4846 san-

1993 4881 2240 4937 ctissimi
2265 4879 2465 4934 vicarii
2493 4883 2550 4936 et
2576 4877 2768 4934 ﬁdeles
2794 4879 3058 4936 Ecclesiae
3083 4878 3183 4934 Dei
3211 4885 3441 4950 propter
3466 4879 3609 4936 Pho-

1995 4970 2141 5026 tium
2188 4970 2502 5026 invasorem
2550 4973 2607 5024 et
2667 4972 2992 5039 tyrannum,
3057 4982 3167 5024 non
3217 4968 3604 5038 suscipientes
3699 4984 3707 4994 '

1993 5073 2144 5129 eum,
2172 5056 2419 5128 perpessi
2448 5062 2580 5112 sunt
2605 5075 2617 5110 :
2644 5057 2739 5112 sed
2766 5056 2972 5111 invitat
2990 5070 3089 5112 vos
3114 5061 3176 5112 ut
3221 5071 3390 5113 verus
3414 5062 3607 5126 pastor

1993 5151 2060 5206 ad
2106 5148 2394 5204 mandram
2441 5144 2875 5202 rationabilium
2924 5145 3138 5218 ovium,
3169 5151 3452 5217 quatenus
3475 5151 3608 5202 ante

1995 5235 2879 5307 tribunalChristidignevaleat
2926 5235 3151 5290 dicere:
3208 5237 3362 5297 Ecce,
3418 5237 3604 5298 Pater,

1991 5344 2124 5399 quos
2146 5328 2347 5382 dedisti
2365 5328 2517 5389 mihi,
2541 5342 2649 5380 non
2663 5327 2886 5396 perdidi
2905 5342 2973 5380 ea:
2987 5329 3062 5380 eis
3078 5342 3402 5396 quemquam
3427 5324 3602 5396 (Joan.

1991 5419 2176 5492 xvm).
2201 5418 2399 5473 Videte
2427 5423 2697 5488 quantam
2724 5417 3157 5489 benignitatem,
3187 5422 3458 5486 quantam
3490 5416 3607 5470 mi—

1992 5507 2384 5580 sericordiam,
2408 5513 2678 5576 quantam
2699 5506 3150 5576 compassionem
3172 5505 3333 5560 vobis
3353 5504 3451 5558 dat
3477 5523 3490 5573 ;
3515 5503 3607 5558 de-

1995 5598 2210 5656 siderat
2229 5596 2382 5654 enim
2426 5609 2526 5653 vos
2563 5595 2632 5651 ad
2678 5595 2874 5652 sinum
2921 5599 3131 5651 sancta:
3173 5591 3605 5650 communionis
