4052 6168
457 224 528 280 99
1640 221 2001 280 ANASTASII
2048 224 2595 283 BIBLIOTHECARII

3644 236 3652 248 ”
3669 227 3770 284 100

455 347 766 418 suscipere.
811 345 1057 412 Thomas
1096 347 1210 402 Deo
1251 345 1660 414 amicissimus
1692 346 2052 418 metropolita
2078 347 2140 408 A
2163 349 2422 406 omnium
2454 354 2746 422 nostrum,
2778 365 2906 408 ecce
2956 356 3154 422 portus
3173 354 3231 406 et
3256 351 3580 407 medicina:
3615 353 3763 422 quod

451 437 605 509 Tyri,
633 441 690 493 et
711 437 904 494 Helias
925 438 1038 493 Deo
1057 437 1504 494 colendissimus
1526 437 1817 509 presbyter
1835 445 1890 494 et
1911 444 2054 509 syn—

451 525 654 598 cellus,
673 525 1271 582 vicariiOrientalium
1294 527 1517 582 sedium
1539 525 1836 583 dixerunt:
1857 527 2053 600 Digna

453 614 824 686 imperatorio
841 621 897 672 et
911 616 1238 686 justissimo
1259 630 1430 672 sensu
1451 622 1586 671 sunt
1605 617 2046 690 admonitiones,

453 717 594 774 quas
621 702 760 758 facit
783 703 968 760 bonus
998 704 1305 774 imperator
1350 709 1541 760 noster
1563 705 1632 760 ad
1663 705 1817 776 illos,
1843 706 2052 762 deinde

451 805 582 848 vero
594 793 728 848 etad
748 806 942 848 omnes
958 792 1058 864 qui
1081 799 1208 865 post
1221 807 1322 850 nos
1343 792 1527 850 futuri
1551 799 1704 851 sunt.
1727 797 1842 851 Nos
1860 801 2050 850 autem

449 881 518 936 ad
543 881 648 937 hoc
667 881 953 938 dicimus:
988 885 1310 938 Hominibus
1341 884 1559 954 quidem
1602 885 1912 947 suademus,
1943 887 2050 938 Deo

448 975 627 1024 autem
647 972 928 1038 manifesti
945 987 1130 1027 sumus
1149 972 1226 1041 (II
1247 972 1365 1028 Cor.
1401 972 1472 1047 v).
1498 975 1674 1028 Porro
1697 987 2052 1038 revereamur

450 1057 655 1115 calum
675 1063 730 1114 et
751 1062 980 1131 terram,
1002 1064 1058 1114 et
1083 1060 1360 1116 caniciem
1383 1065 1656 1132 nostram,
1679 1060 1728 1116 si
1753 1061 1890 1132 quid
1918 1075 2053 1132 pra-

447 1153 537 1206 ter
560 1147 789 1204 divinas
815 1148 966 1221 leges
991 1149 1322 1218 judicamus
1347 1151 1430 1206 vel
1456 1150 1782 1221 deﬁnimus,
1811 1151 1960 1221 quod
1995 1153 2052 1206 et

451 1235 752 1306 piissimus
783 1237 1092 1308 imperator
1116 1245 1308 1296 noster
1347 1242 1536 1298 denuo
1561 1241 1930 1298 commonuit.
1982 1243 2052 1296 Et

449 1339 554 1382 nos
565 1327 795 1398 quidem
809 1327 860 1382 si
877 1327 1300 1386 irrationabilia
1315 1331 1632 1386 animantia
1670 1343 2046 1408 pasceremus,

447 1413 686 1472 fortasse
707 1420 916 1488 coacte,
939 1431 1005 1473 ac
1025 1418 1302 1474 violenter
1321 1423 1694 1477 tractaremus
1734 1434 1820 1493 ea,
1842 1420 2055 1476 ducen-

447 1505 534 1559 tes
553 1503 726 1558 etiam
749 1519 862 1575 quo
902 1505 1153 1561 nollent:
1209 1508 1482 1579 quoniam
1527 1522 1660 1565 vero
1705 1509 2051 1566 rationabile

446 1590 658 1694 animal
671 1599 758 1650 est
773 1594 960 1694 homo,
979 1595 1173 1664 potius
1188 1596 1256 1651 ad
1266 1597 1684 1656 monitionibus
1699 1599 2048 1668 ducendum,
2079 1633 2132 1694 B

445 1683 798 1742 sufﬁcienter
819 1685 890 1741 ab
936 1685 1326 1757 imperatoriis
1371 1688 1872 1746 admonitionibus
1918 1688 2050 1746 ins—

447 1773 735 1829 truimini.
757 1775 816 1830 Si
843 1788 975 1849 ergo
1005 1775 1184 1832 vultis
1207 1777 1356 1832 viam
1406 1783 1678 1846 nostram,
1706 1783 1764 1833 et
1806 1777 2046 1850 Christi,

445 1863 828 1936 arripite;sin
848 1869 1038 1920 autem
1067 1865 1217 1920 viam
1259 1870 1524 1936 vestram,
1572 1865 1746 1923 abite.
1799 1866 2050 1922 Basilius

447 1951 751 2021 piissimus
781 1958 838 2010 et
877 1954 1100 2011 amicus
1117 1955 1332 2012 Christi
1363 1961 1418 2012 et
1468 1969 1707 2029 magnus
1739 1957 2050 2026 imperator

443 2039 596 2097 dixit
618 2059 631 2095 :
661 2041 802 2098 Ecce
823 2043 1074 2114 qualiter
1097 2048 1154 2100 et
1174 2045 1401 2114 quoties
1420 2045 1893 2102 admonuerimus
1923 2061 2042 2118 vos,

446 2133 503 2186 et
525 2130 794 2202 audistis,
819 2137 875 2188 et
892 2134 1192 2191 certiﬁcati
1211 2135 1371 2206 estis,
1395 2140 1452 2191 et
1473 2150 1584 2192 non
1600 2143 1687 2194 est
1703 2135 1864 2193 vobis
1881 2137 2050 2194 ratio-

445 2217 538 2274 nis
561 2233 764 2277 sermo.
787 2220 847 2278 Si
887 2221 1040 2279 enim
1082 2223 1260 2282 vultis
1302 2223 1511 2294 subjici
1555 2224 2049 2282 admonitionibus

2162 437 2212 494 si
2246 453 2382 512 non,
2413 440 2720 510 imperium
2765 445 3023 498 nostrum
3080 439 3289 511 prabet
3313 439 3474 496 vobis
3504 439 3768 498 inducias

2161 533 2373 596 septem
2401 528 2649 595 dierum,
2684 533 2747 584 ut
2772 529 2820 584 si
2850 529 3081 600 quidem
3125 541 3319 584 curam
3347 529 3641 600 gesseritis
3668 545 3769 586 sa—

2161 615 2304 672 lutis
2329 622 2548 690 vestra,
2583 619 2724 674 bene
2748 624 2804 674 et
2829 617 3042 688 optime
3075 635 3088 671 :
3124 617 3174 673 si
3201 631 3332 674 vero
3359 617 3618 690 minime,
3644 632 3768 674 ven-

2160 709 2290 760 tura
2317 711 2474 762 sexta
2502 705 2664 778 feria,
2690 707 2748 763 in
2769 712 2962 764 sancta
2985 713 3042 762 et
3063 706 3372 763 universali
3387 707 3601 778 synodo
3621 711 3765 763 state

2159 809 2374 866 omnes,
2408 799 2464 851 et
2497 796 2780 867 quidquid
2809 795 3103 852 deﬁnierit
3127 799 3321 852 sancta
3341 799 3398 852 et
3421 795 3765 852 universalis

2159 885 2412 954 synodus
2438 885 2496 940 in
2523 899 2641 956 vos,
2671 885 2781 940 ﬁet.

2228 974 2299 1028 Et
2324 978 2452 1043 post
2479 975 2594 1030 hac
2619 975 2932 1030 ascendens
2957 974 3286 1045 Stephanus
3331 975 3445 1028 Deo
3469 971 3767 1029 amicissi—

2160 1073 2288 1116 mus
2311 1061 2592 1118 diaconus
2615 1063 3383 1132 Constautinopolitanorum
3415 1061 3682 1118 Ecclesia
3710 1064 3767 1116 et

2161 1149 2424 1207 notarius
2442 1151 2596 1206 dixit
2621 1169 2632 1206 :
2669 1152 2881 1209 Multos
2917 1165 3099 1207 annos
3129 1151 3534 1221 imperatorum
3562 1149 3764 1206 Basilii

2144 1243 2216 1314 et
2235 1239 2597 1296 Constantini
2616 1239 2628 1294 1
2650 1241 2980 1312 Magnorum
3007 1241 3414 1310 imperatorum
3436 1243 3494 1294 et
3512 1239 3767 1294 dictato-

2160 1342 2286 1384 rum
2329 1329 2541 1386 multos
2578 1329 2796 1386 annos!
2848 1329 3308 1386 Orthodoxorum
3358 1328 3765 1398 imperatorum

2161 1416 2372 1472 multos
2419 1431 2600 1474 annos
2639 1418 2651 1472 ι
2697 1419 3102 1490 Depositorum
3180 1417 3486 1487 injustitia
3554 1416 3768 1473 multos

2158 1525 2339 1570 annos
2360 1509 2651 1568 lHostium
2667 1507 2948 1563 mendacii
2975 1507 3186 1564 multos
3201 1497 3382 1562 annos
3401 1505 3414 1558 l
3434 1503 3767 1559 Amatorum

2159 1606 2215 1656 et
2232 1599 2520 1658 fautorum
2547 1597 2810 1654 veritatis
2831 1601 2888 1653 et
2902 1596 3150 1667 justitia
3173 1594 3385 1652 multos
3403 1607 3584 1650 annos
3614 1593 3644 1672 il
3659 1593 3769 1649 Eu-

2157 1688 2650 1760 doxiapiissima
2697 1687 2970 1760 Augustae
3018 1685 3230 1742 multos
3266 1685 3487 1740 annos!
3540 1679 3765 1740 Nicolai

2156 1777 2480 1834 beatissimi
2506 1790 2664 1849 papa
2685 1777 2923 1834 Romani
2953 1781 3162 1832 aterna
3187 1773 3458 1830 memoria
3487 1771 3498 1826 l
3523 1765 3767 1828 Adriani

2155 1867 2458 1924 orthodoxi
2488 1880 2644 1937 papa
2663 1865 2902 1922 Romani
2924 1864 3136 1921 multos
3176 1861 3394 1918 annos!
3445 1861 3771 1934 Ignatiior-

2157 1953 2393 2012 thodoxi
2427 1954 2766 2026 patriarcha
2809 1953 3381 2024 Constantinopoleos
3418 1950 3630 2008 multos
3655 1963 3772 2005 an-

2161 2043 2290 2100 nos!
2315 2043 2774 2102 Orthodoxorum
2795 2043 3253 2114 patriarcharum
3277 2039 3533 2098 Orientis
3555 2039 3772 2096 multos

2157 2133 2714 2191 annolerthodoxi
2756 2137 2990 2190 senatus
3039 2132 3251 2188 multos
3278 2129 3496 2186 annos!
3547 2129 3770 2184 Sancta

2158 2229 2216 2281 et
2239 2223 2586 2282 universalis
2610 2223 2814 2296 synodi
2835 2227 3045 2279 aterna
3076 2219 3346 2277 memoria
3377 2219 3388 2272 ι

1729 2438 1986 2509 ACTlO
2077 2439 2478 2510 SEPTIMA.

513 2677 574 2732 In
600 2675 828 2732 nomine
857 2676 1085 2734 Domini
1111 2682 1168 2735 et
1191 2679 1573 2738 dominatoris
1599 2679 1857 2736 omnium
1911 2679 2042 2738 Jesu
2071 2679 2120 2742 C
2161 2695 2309 2752 rum,
2352 2681 2612 2738 Manuele
2655 2677 3224 2754 magniﬁcentissimo
3259 2675 3525 2747 patricio,
3574 2674 3771 2732 Theo—

441 2764 660 2821 Christi
686 2765 805 2821 veri
830 2765 930 2822 Dei
955 2771 1012 2823 et
1034 2766 1345 2825 Salvatoris
1395 2767 1598 2840 nostri,
1627 2768 1964 2826 consulatus
2009 2783 2044 2828 a

441 2854 555 2910 Deo
583 2861 983 2912 coronatorum
1029 2861 1087 2913 et
1117 2857 1735 2929 tranquillissimorum
1772 2858 2046 2915 domino—

444 2957 570 2999 rum
594 2949 938 3016 nostrorum,
962 2945 1162 3002 Basilii
1190 2947 1422 3018 quidem
1463 2961 1613 3004 anno
1639 2947 1831 3012 tertio,
1875 2947 2047 3004 Cons-

383 3088 391 3100 ,
443 3031 802 3090 tantinivero
819 3033 927 3094 ﬁlii
965 3035 1091 3106 ejus
1132 3050 1283 3092 anno
1322 3037 1592 3109 secundo,
1641 3043 2044 3108 perpetuorum

439 3119 852 3196 Augustorum,
877 3123 1194 3181 indictione
1215 3125 1410 3198 tertia,
1439 3132 1644 3196 quarto
1662 3125 2042 3182 Kalendarum

435 3209 837 3270 Novembrium
860 3231 873 3268 :
897 3215 1208 3285 propositis
1224 3215 1494 3285 pretiosis
1506 3220 1563 3270 et
1582 3214 1828 3270 viviﬁcis
1845 3213 2041 3286 lignis,

439 3307 498 3357 et
540 3300 894 3378 intemeratis
935 3303 1145 3360 salutis
1188 3309 1396 3362 nostra
1437 3303 1798 3376 Evangeliis:
1853 3302 2046 3372 prasi-

443 3389 612 3446 dente
631 3395 819 3447 autem
840 3392 1032 3448 eodem
1049 3393 1312 3462 piissimo
1341 3393 1701 3464 imperatore,
1729 3391 1788 3447 in
1811 3391 2042 3448 dextera

441 3481 600 3547 parte
621 3479 811 3552 magni
834 3479 1088 3538 nominis
1115 3483 1311 3552 templi
1347 3496 1560 3556 magna
1601 3480 1890 3538 ecclesia:
1914 3493 2044 3536 con-

441 3567 703 3626 veniente
723 3583 855 3626 vero
881 3575 1075 3626 sancta
1115 3575 1172 3626 et
1223 3571 1536 3628 universali
1562 3569 1796 3640 synodo,
1826 3568 1932 3624 hoc
1956 3571 2043 3623 est

439 3655 658 3714 Donato
673 3659 785 3713 Deo
806 3658 1162 3716 amicissimo
1181 3661 1448 3730 episcopo
1465 3659 1659 3728 Ostia,
1681 3663 1740 3713 et
1757 3656 2042 3726 Stephano

446 3743 560 3802 Deo
579 3733 934 3803 amicissimo
955 3747 1223 3817 episcopo
1264 3749 1452 3819 Nepa,
1477 3753 1535 3802 et
1553 3746 1773 3802 Marino
1795 3757 2046 3800 reveren-

440 3832 686 3890 dissimo
709 3835 951 3892 diacono
985 3841 1192 3892 sancta
1229 3837 1610 3892 Romanorum
1635 3834 1921 3906 Ecclesia,
1950 3832 2045 3889 lo-

443 3935 572 3978 cum
595 3921 921 3978 tenentibus
937 3921 1176 3980 Adriani
1196 3923 1549 3980 sanctissimi
1582 3937 1738 3994 papa
1778 3921 2038 3991 Romani,

444 4014 504 4064 et
535 4009 755 4082 Ignatio
789 4010 1154 4067 sanctissimo
1188 4011 1514 4081 patriarcha
1554 4010 2042 4078 Constantinopo-

443 4097 585 4172 leos,
643 4103 699 4154 et
751 4099 964 4156 Thoma
1024 4100 1390 4158 sanctissimo
1456 4099 1818 4172 metropolita
1877 4099 2036 4170 Tyri,

443 4186 632 4244 locum
697 4192 921 4244 tenente
971 4189 1126 4245 sedis
1191 4189 1533 4261 Antiochia,
1591 4193 1650 4246 et
1709 4188 1868 4245 Helia
1925 4190 2037 4244 Deo

443 4276 851 4334 colendissimo
882 4277 1208 4350 presbytero
1227 4285 1284 4334 et
1304 4278 1575 4350 syncello,
1598 4278 1784 4336 locum
1811 4284 2037 4335 tenente

444 4365 600 4423 sedis
627 4367 1146 4439 Hierosolymorum
1174 4385 1188 4422 :
1225 4373 1430 4438 prasto
1455 4373 1643 4425 autem
1670 4367 1843 4424 simul
1874 4367 2037 4423 exis—

443 4457 596 4510 tente
641 4468 803 4513 sacro
845 4461 1067 4530 senatu,
1107 4457 1376 4514 videlicet
1427 4458 1720 4514 Theodoro
1765 4456 2036 4527 magniﬁ-

441 4543 775 4601 centissimo
832 4545 1078 4616 patricio
1144 4560 1210 4602 ac
1268 4547 1562 4619 magistro,
1621 4546 2034 4617 Christophoro

443 4633 1010 4704 magniﬁcentissimo
1035 4635 1279 4706 patricio
1303 4649 1368 4691 ac
1395 4635 1689 4708 magistro,
1715 4637 1896 4692 Leone
1925 4649 2037 4692 ma-

441 4721 916 4791 gniﬁcentissimo
965 4723 1304 4794 proconsule
1353 4739 1420 4782 ac
1464 4725 1729 4798 patricio,
1773 4725 2032 4782 llemerio

441 4812 1008 4884 magniﬁcentissimo
1031 4814 1368 4886 proconsule
1390 4829 1457 4872 ac
1474 4815 2031 4886 patricio,Stephano

441 4899 1010 4971 magniﬁcentissimo
1040 4903 1378 4972 proconsule
1401 4909 1458 4960 et
1491 4904 1810 4976 sacellario,
1850 4906 2030 4960 Leone

451 4988 1020 5059 magniﬁcentissimo
1049 4991 1388 5063 proconsule
1408 5007 1472 5049 ac
1499 4995 1762 5066 patricio,
1807 4991 2029 5049 Marino

441 5075 1010 5150 magniﬁcentissimo
1063 5082 1401 5152 proconsule
1441 5097 1507 5156 ac
1555 5084 1820 5156 patricio,
1841 5083 2032 5139 Theo—

441 5167 604 5238 philo
647 5169 1214 5242 magniﬁcentissimo
1258 5153 1594 5244 proconsule
1643 5187 1708 5230 ac
1763 5153 2026 5244 patricio,

438 5256 672 5314 Tarasio
704 5260 1292 5333 magniﬁcentissimo’
1305 5263 1642 5334 proconsule
1669 5276 1734 5318 ac
1760 5261 2025 5334 patricio,

438 5344 615 5402 Paulo
656 5349 1223 5420 magniﬁcentissimo
1261 5351 1600 5423 proconsule
1643 5356 1700 5407 et
1743 5349 2025 5422 prafecto,

439 5433 704 5494 Barbatio
749 5438 1316 5512 magniﬁcentissimo
1369 5440 1632 5512 patricio,
1678 5441 1858 5496 Leone
1900 5456 2030 5498 ma-

438 5525 916 5598 gniﬁcentissimo
965 5531 1206 5605 patricio
1263 5535 1322 5588 et
1362 5529 1675 5589 domestico
1723 5529 2029 5594 excubito-

2157 2770 2422 2842 phylacto
2491 2769 3062 2844 magniﬁcentissimo
3129 2765 3395 2838 patricio,
3465 2767 3769 2820 Petronate

2156 2857 2726 2930 magniﬁcentissimo
2775 2856 3040 2928 patricio,
3084 2853 3342 2911 Manuele
3404 2852 3770 2925 magniﬁcen-

2155 2945 2383 3002 tissimo
2401 2947 2645 3017 patricio
2669 2964 2681 3000 :
2702 2944 3140 3002 considentibus
3161 2955 3389 3016 quoque
3409 2946 3466 2997 et
3484 2943 3598 2998 Deo
3622 2940 3768 3000 ami.

2156 3035 2413 3092 cissimis
2427 3035 2829 3108 metropolitis,
2858 3034 2915 3091 id
2941 3040 3028 3091 est
3048 3033 3262 3090 Basilio
3283 3034 3396 3088 Deo
3407 3029 3766 3087 amicissimo

2154 3124 2588 3196 archiepiscopo
2632 3124 2860 3196 Ephesi,
2907 3123 3198 3180 Theodulo
3245 3124 3360 3178 Deo
3405 3119 3766 3176 amicissimo

2153 3213 2586 3284 archiepiscopo
2605 3215 2861 3284 Ancyra,
2883 3211 3136 3269 Barnaba
3155 3213 3268 3268 Deo
3280 3209 3636 3267 amicissimo
3653 3221 3771 3264 me-

2153 3301 2422 3372 tropolita
2447 3302 2656 3374 Cyzici,
2687 3301 3008 3373 Nicephoro
3035 3303 3146 3357 Deo
3171 3299 3524 3356 amicissimo
3560 3302 3766 3354 metro-

2155 3390 2332 3460 polita
2357 3392 2576 3463 Nicaa,
2606 3391 2928 3463 Nicephoro
2947 3392 3060 3446 Deo
3081 3388 3438 3446 amicissimo
3483 3393 3766 3457 metropo-

2152 3479 2256 3535 lita
2281 3480 2544 3552 Amasia,
2593 3481 2791 3536 Niceta
2831 3482 2944 3536 Deo
2994 3477 3348 3535 amicissimo
3397 3476 3764 3547 metropolita

2151 3567 2526 3640 Athenarum,
2553 3569 2847 3626 Theodoro
2868 3571 2980 3624 Deo
3007 3567 3370 3624 amicissimo
3393 3565 3760 3637 metropolita

2151 3656 2350 3728 Caria,
2401 3658 2768 3728 Metrophane
2815 3659 2930 3714 Deo
2971 3656 3326 3713 amicissimo
3394 3655 3760 3725 metropolita

2154 3747 2424 3818 Smyrna,
2454 3747 2670 3803 Basilio
2717 3747 3075 3804 amicissimo
3121 3743 3482 3815 metropolita
3509 3743 3762 3815 Gangra-

2149 3823 2280 3914 rum
2291 3879 2306 3909 ,
2327 3837 2608 3909 Cypriano
2621 3839 2736 3893 Deo
2753 3835 3108 3893 amicissimo
3122 3833 3483 3903 metropolita
3494 3832 3670 3889 Claud
3681 3833 3762 3888 io-

2154 3925 2364 3997 poleos,
2395 3926 2688 3982 Hilarione
2709 3927 2821 3981 Deo
2863 3924 3224 3980 amicissimo
3249 3921 3608 3992 metropolita
3657 3921 3760 3976 Co-

2152 4015 2356 4086 rinthi,
2375 4015 2735 4072 NicolaoDeo
2759 4014 3116 4071 amicissimo
3141 4012 3503 4083 metrOpolita
3529 4011 3759 4081 Synna-

2065 4095 2118 4156 D
2148 4105 2374 4177 dorum,
2390 4104 2663 4161 Michaele
2673 4105 2786 4160 Deo
2797 4103 3152 4160 amicissimo
3167 4100 3526 4172 metropolita
3540 4099 3750 4168 Rhodi,

2144 4193 2454 4265 Euthymio
2473 4195 2588 4250 Deo
2607 4192 2961 4249 amicissimo
2980 4191 3341 4262 metropolita
3352 4187 3754 4256 Catana,Pho-

2145 4283 2228 4338 tio
2241 4285 2352 4338 Deo
2367 4281 2723 4339 amicissimo
2736 4281 3168 4352 archiepiscopo
3188 4277 3447 4351 Nicolia,
3464 4276 3751 4346 Stephano

2147 4373 2260 4427 Deo
2280 4371 2636 4428 amicissimo
2653 4370 3087 4440 archiepiscopo
3105 4368 3519 4440 Cypsallorum,
3535 4365 3749 4422 Basilio

2149 4462 2262 4518 Deo
2287 4461 2644 4517 amicissimo
2670 4460 3104 4530 archiepiscopo
3120 4458 3388 4530 Misthia,
3407 4454 3746 4526 TheOpbane

2143 4549 2256 4606 Deo
2284 4549 2639 4605 amicissimo
2669 4548 3100 4618 archiepiscopo
3146 4545 3358 4619 Selges,
3411 4544 3585 4601 Paulo
3631 4545 3746 4598 Deo

2140 4637 2498 4695 amicissimo
2519 4635 2952 4707 archiepiscopo
2971 4634 3241 4706 Apamia,
3259 4631 3748 4690 JoanneDeoami-

2141 4726 2378 4784 cissimo
2399 4725 2836 4797 archiepiscopo
2857 4725 2970 4798 Cii,
2995 4723 3310 4780 Athanasio
3327 4725 3440 4778 Deo
3460 4720 3746 4778 amicissi-

2142 4831 2234 4873 mo
2249 4819 2516 4889 episcopo
2537 4816 2858 4888 Magnesia,
2903 4815 3197 4872 Theodoro
3234 4809 3348 4870 Deo
3385 4811 3742 4868 amicissimo

2138 4908 2406 4980 episcopo
2426 4907 2670 4976 Sinopa,
2694 4903 3004 4962 Eustachio
3016 4905 3130 4960 Deo
3149 4901 3506 4958 amicissimo
3525 4897 3744 4968 episco-

2140 5013 2211 5072 po
2223 4995 2516 5066 JEmonia,
2530 4995 2830 5052 Theocleto
2851 4995 2962 5048 Deo
2973 4991 3330 5048 amicissimo
3350 4989 3617 5062 episcopo
3643 4989 3740 5043 La-

2138 5085 2518 5158 cedamonia,
2535 5083 2855 5154 Nicephoro
2865 5084 2980 5138 Deo
2999 5079 3354 5137 amicissimo
3369 5079 3635 5149 episcopo
3646 5077 3742 5130 Za-

2138 5173 2676 5252 cynthi,Euthymio
2688 5175 2800 5228 Deo
2821 5170 3176 5228 amicissimo
3195 5170 3462 5241 episcopo
3484 5169 3740 5237 Mosyno-

2139 5282 2288 5339 rum,
2313 5265 2526 5322 Basilio
2545 5265 2660 5319 Deo
2676 5261 3030 5318 amicissimo
3041 5261 3306 5332 episcopo
3329 5255 3542 5328 Pyrgii,
3565 5255 3737 5312 Geor-

2137 5355 2233 5427 gio
2252 5356 2366 5408 Deo
2388 5349 2741 5408 amicissimo
2763 5347 3031 5419 episcopo
3051 5345 3222 5414 Helii,
3251 5345 3414 5401 Petro
3443 5345 3556 5400 Deo
3577 5343 3736 5399 ami—

2135 5443 2372 5502 cissimo
2408 5440 2675 5512 episcOpo
2711 5437 2968 5509 Troadis,
3005 5439 3186 5492 Leone
3225 5436 3338 5491 Deo
3377 5433 3732 5490 amicissimo

2134 5533 2403 5606 episcopo
2420 5528 2787 5605 Daphnusia,
2805 5528 3002 5584 Niceta
3019 5528 3133 5584 Deo
3150 5524 3506 5584 amicissimo
3517 5523 3733 5595 episco-
