4024 6170
255 261 339 322 401
931 249 1477 310 ΙΝΤΕΒΡΒΕΤΑΤΙΟ
1510 244 1761 305 SYNODI
1799 245 1836 300 ν

1955 241 2360 300 GENERALIS.
2389 273 2463 284 —
2496 243 2698 300 ACTIO
2734 244 2845 301 VII.

3442 247 3546 306 402

252 391 315 447 do
332 387 550 455 Photiaa,
568 381 781 439 Basilio
807 382 921 436 Deo
943 378 1299 436 amicissimo
1319 376 1586 447 episcopo
1605 372 1829 442 Gratiae,
1856 371 1916 431 A
1945 384 2056 427 non
2079 370 2451 427 convenimus
2462 374 2527 425 ut
2544 370 2976 440 accipiamusad
2998 377 3543 452 eisincrepationem

251 477 500 533 Damiano
528 474 635 528 Deo
683 470 1040 526 amicissimo
1095 468 1362 538 episcopo
1417 463 1828 534 Miletopoleos,

256 565 568 635 Theophane
586 563 699 617 Deo
720 559 1076 616 amicissimo
1095 557 1362 627 episcopo
1407 555 1628 626 Trallm,
1654 556 1834 609 Leone

248 659 350 712 Deo
392 651 737 709 amicissimo
787 649 1055 720 episcopo
1084 646 1416 716 Neopoleos,
1466 644 1673 714 Joseph
1718 644 1831 697 Deo

249 742 571 801 amicissimo
617 740 887 811 episcopo
926 737 1260 806 Palmorum,
1316 739 1371 789 et
1423 734 1667 805 Georgio
1714 734 1830 787 Deo

245 831 568 888 amicissimo
588 829 858 899 episcOpo
885 825 1184 882 Adrianae:
1214 823 1306 879 his
1334 823 1411 878 ita
1443 820 1834 877 convenienti-

245 920 352 989 bus,
360 917 814 990 jubenteBasilio
830 915 1092 987 piissimo
1111 913 1361 969 etamico
1373 911 1591 967 Christi
1624 924 1824 982 magno

248 1012 580 1079 imperatore,
598 1006 833 1063 stetitin
850 1004 1033 1060 medio
1059 1002 1310 1058 Bahanes
1334 999 1832 1073 magniﬁcentissi-

245 1093 1086 1168 muspatricius,etpr2epositus
1123 1091 1277 1147 dixit
1318 1091 1385 1146 ad
1428 1088 1828 1145 sanctissimos

242 1185 933 1244 vicariosseniorisRoma:
964 1188 1020 1238 et
1056 1180 1439 1237 Orientalium
1476 1178 1832 1235 sedium:ln-

243 1278 411 1335 duciis
423 1274 624 1331 Photio
637 1273 793 1331 datis
800 1273 918 1342 jam
931 1270 1251 1341 completis,
1278 1268 1831 1325 duximuseumrur—

245 1367 397 1427 susad
414 1371 671 1422 sanctam
686 1364 834 1418 hanc
853 1368 910 1417 et
924 1359 1304 1419 universalem
1339 1357 1640 1429 synodum.
1663 1356 1722 1412 Si
1739 1357 1828 1425 ju-

240 1458 320 1513 bet
340 1471 467 1528 ergo
487 1453 768 1511 sanctitas
788 1456 994 1522 vestra,
1020 1450 1439 1505 introducatur.
1462 1445 1822 1503 Sanctissimi

240 1532 885 1602 vicariiseniorisRomaa
904 1554 968 1595 ac
992 1537 1372 1595 Orientalium
1404 1536 1625 1593 sedium
1656 1535 1828 1590 dixe—

240 1642 389 1692 runt:
422 1633 849 1690 lntroducatur.
874 1631 944 1685 Et
967 1628 1331 1685 introductus
1350 1631 1436 1683 est
1464 1625 1705 1682 Photius
1736 1623 1828 1679 ba-

1942 467 2026 523 vel
2062 464 2475 537 penitentiam,
2513 464 2607 520 sed
2642 464 2753 535 ipsi
2776 478 2808 519 a
2834 464 3002 523 nobis
3024 467 3141 523 haéc
3169 470 3374 529 debent
3402 476 3548 530 acci-

1942 569 2091 627 pere.
2117 557 2227 612 Hoc
2246 556 2315 611 ad
2338 552 2731 612 confusionem
2747 556 3225 617 Ecclesizedicunt
3240 577 3255 630 ς
3270 574 3372 616 nos
3394 561 3543 617 nihil

1941 646 2100 701 aliud
2131 645 2549 716 interrogamus
2570 658 2685 715 eos,
2716 644 2828 701 nisi
2853 646 3336 707 voluerintfacere
3362 652 3545 710 libelli

1940 731 2430 806 satisfactionem;
2464 740 2693 805 propter
2733 735 2837 790 hoc
2876 738 3027 793 enim
3067 738 3546 812 interrogavimus

1939 838 2071 894 eos;
2107 824 2253 879 nihil
2299 823 2459 879 aliud
2493 823 2741 893 petimus
2765 836 2795 865 οι
2846 839 2949 882 nos
2978 840 3044 882 ex
3078 827 3218 883 illis.
3252 830 3320 885 Et
3350 836 3546 887 sancta

1941 914 2057 969 hmo
2079 918 2133 969 et
2158 912 2503 970 universalis
2525 912 2777 983 synodus
2802 914 2879 970 ita
2901 914 3049 971 dicit
3071 917 3368 975 nobiscum
3395 937 3407 973 :
3434 922 3550 978 Nos

1939 1003 2155 1059 scimus
2178 1002 2311 1075 quia
2327 1017 2356 1058 a
2380 1003 2621 1072 pedibus
2641 1018 2821 1075 usque
2833 1006 2901 1061 ad
2925 1013 3097 1075 caput
3112 1007 3392 1065 vulnerati
3410 1017 3547 1068 sunt

1940 1091 2535 1163 propriisinjustitiis,
2556 1100 2610 1149 et
2629 1106 2737 1149 non
2767 1100 3037 1165 estsuper
3063 1095 3196 1156 illos
3218 1097 3539 1172 integritas,

1937 1186 2130 1238 etnon
2162 1185 2571 1254 respondemus
2600 1186 2703 1242 eis.
2738 1186 2808 1242 Et
2836 1192 2965 1257 post
2992 1187 3099 1243 hoc
3128 1187 3267 1261 legit
3295 1190 3545 1248 Theodo-

1938 1280 2038 1327 rus
2068 1273 2305 1329 devotus
2333 1288 2365 1328 a
2391 1274 2646 1345 secretis,
2682 1281 2746 1331 ut
2774 1290 2842 1331 ex
2883 1291 3116 1347 persona
3162 1278 3545 1339 Orientalium

1937 1361 2193 1417 sedium:
2220 1363 2301 1418 Ita
2328 1362 2513 1433 primo
2540 1363 2771 1435 quidem
2796 1364 3058 1437 ingressu
3077 1373 3196 1440 tuo,
3222 1384 3333 1425 non
3356 1371 3547 1430 solum

1936 1464 2059 1522 nos,
2092 1450 2272 1508 ethos
2302 1452 2402 1524 qui
2428 1452 2725 1508 nobiscum
2774 1453 2988 1510 inventi
3035 1461 3189 1528 sunt,
3218 1460 3315 1515 sed
3341 1463 3398 1515 et
3421 1474 3547 1516 san-

1934 1546 2089 1599 ctum
2103 1550 2362 1601 senatum
2383 1543 2748 1612 imperatoris
2764 1550 3111 1613 peccatorem
3130 1547 3550 1616 pronuntiasti.

1936 1643 2047 1687 non
2071 1632 2400 1706 intelligens
2422 1646 2603 1703 neque
2616 1648 2741 1705 quae
2755 1633 3032 1707 loquaris,
3057 1650 3238 1708 neque
3253 1636 3322 1691 de
3335 1636 3549 1708 quibus

238 1725 353 1782 culo
373 1723 633 1790 innixus,
650 1726 707 1777 et
728 1734 859 1776 cum
872 1733 937 1775 eo
957 1718 1269 1791 Gregorius
1289 1700 1507 1773 dudum
1528 1715 1830 1787 Syracusa-

1946 1720 2185 1778 afﬁrmes
2211 1741 2227 1791 ς
2260 1737 2411 1779 nunc
2441 1727 2630 1780 autem
2659 1696 3086 1781 conclusionem
3120 1696 3303 1795 prava:
3335 1696 3545 1783 mentis

239 1830 348 1871 nus.
397 1812 661 1868 Marinus
711 1811 825 1865 Deo
877 1807 1268 1863 amicissimus
1312 1805 1593 1862 diaconus
1620 1807 1828 1859 sancta:

240 1905 606 1959 Romanorum
635 1898 902 1956 Ecclesia:
931 1905 987 1953 et
1008 1897 1258 1952 vicarius
1292 1895 1445 1952 dixit
1477 1894 1713 1949 :Tollite
1738 1892 1830 1947 ba-

237 1993 409 2049 culum
438 1993 509 2048 de
542 2004 721 2047 manu
753 1990 899 2060 ejus,
931 1988 1161 2059 signum
1205 1992 1291 2042 est
1327 1984 1478 2041 enim
1524 1982 1830 2057 dignitatis

240 2081 542 2154 pastoralis,
581 2079 733 2151 quod
763 2079 860 2135 hic
892 2077 1098 2133 habere
1120 2076 1450 2132 nullatenus
1474 2073 1661 2146 debet,
1692 2074 1829 2143 quia

237 2173 389 2243 lupus
407 2177 512 2241 est,
538 2174 603 2226 et
625 2184 737 2226 non
760 2173 971 2238 pastor.
998 2168 1086 2239 Et,
1118 2180 1182 2222 eo
1206 2164 1417 2235 ablato,
1439 2165 1694 2220 Donatus
1717 2165 1830 2219 Deo

238 2260 616 2316 amicissimus
665 2257 969 2328 episcopus
1013 2254 1206 2325 Ostim,
1253 2256 1310 2309 et
1352 2252 1674 2322 Stephanus
1720 2254 1831 2307 Deo

236 2349 619 2405 amicissimus
647 2346 953 2417 episcopus
976 2344 1163 2415 Nepae,
1195 2346 1251 2398 et
1279 2342 1535 2398 Marinus
1568 2354 1835 2397 reveren-

237 2439 493 2495 dissimus
521 2438 817 2493 diaconus
865 2438 1073 2491 sancta:
1115 2434 1497 2489 Romanorum
1542 2430 1830 2499 Ecclesiae,

237 2528 418 2585 vicarii
466 2525 733 2584 senioris
783 2526 992 2594 Romae,
1047 2523 1357 2578 dixerunt:
1401 2522 1463 2577 In
1495 2519 1834 2591 praecedenti

243 2619 447 2675 actione
466 2616 717 2672 venitad
742 2628 846 2671 nos
877 2614 967 2669 vir
980 2613 1087 2668 iste
1108 2611 1354 2669 forensis
1373 2616 1429 2667 et
1447 2609 1837 2667 curialisPho—

240 2708 343 2764 tius
360 2712 415 2764 et
427 2705 850 2763 admonuimus
884 2702 1050 2759 illum
1078 2716 1176 2772 per
1194 2701 1567 2771 apostolicam
1592 2701 1839 2757 auctori-

238 2802 387 2853 tatem
408 2797 477 2853 ad
503 2794 909 2852 revertendum
934 2792 992 2848 in
1016 2791 1327 2847 Ecclesiam
1349 2804 1447 2861 per
1472 2790 1655 2847 libelli
1678 2804 1844 2861 expo-

242 2886 515 2956 sitionem,
549 2889 625 2941 ut
646 2882 994 2952 recipiamus
1018 2895 1146 2937 eum
1178 2879 1235 2936 in
1262 2878 1721 2936 communionem
1744 2894 1842 2936 sa:-

239 2975 452 3032 cularis.
472 2961 1111 3044 lnterrogateillum,si
1127 2968 1270 3025 forte
1296 2968 1580 3025 intellexit
1600 2969 1833 3043 bonum,

240 3070 285 3122 et
310 3065 660 3121 conveniens
689 3061 827 3133 sibi,
857 3064 913 3116 et
944 3058 1269 3116 vultfacere
1294 3058 1573 3114 libellum.
1608 3059 1675 3113 Et
1703 3073 1837 3129 per—
1866 3043 1916 3105 C

239 3168 357 3225 gens
375 3154 641 3209 Bahanes
667 3149 1089 3206 famosissimus
1112 3148 1392 3218 patricius
1411 3152 1467 3203 et
1495 3149 1836 3218 praepositus

241 3243 298 3299 ad
326 3243 621 3311 Photium,
651 3239 805 3295 dixit
829 3238 883 3293 ei
912 3255 924 3291 :
960 3237 1321 3293 Sanctissimi
1349 3236 1553 3292 vicarii
1585 3237 1835 3293 senioris

241 3331 410 3387 Romae
437 3345 505 3387 ac
528 3327 926 3386 Orientalium
957 3326 1179 3382 sedium
1208 3326 1478 3381 mandant
1507 3325 1647 3381 tibi:
1673 3326 1836 3382 Facis

244 3420 483 3479 libellum
516 3424 739 3478 sach
763 3432 827 3473 ac
856 3415 1200 3473 universalis
1225 3415 1449 3487 synodi,
1479 3416 1836 3486 quemadmo-

244 3512 363 3567 dum
394 3509 585 3583 exigit
607 3508 636 3561 εἴ
656 3507 899 3562 Photius
922 3505 1107 3560 dixit:
1132 3503 1412 3560 Dominus
1440 3503 1836 3573 imperatorem

1936 1817 2049 1869 tua:
2068 1812 2394 1884 evomuisti,
2428 1810 2850 1869 admonitiones
2891 1813 3310 1887 imperatorias,
3335 1822 3392 1873 et
3425 1832 3551 1875 san-

1936 1908 2040 1958 ctae
2056 1917 2121 1963 ac
2138 1901 2482 1960 universalis
2494 1902 2720 1974 synodi,
2734 1916 2861 1973 qua:
2874 1904 3196 1962 vociferatae
3210 1908 3423 1963 suntad
3444 1921 3552 1977 pce-

1942 1997 2243 2053 nitentiam
2258 2002 2433 2061 tuam,
2453 1992 2511 2048 in
2534 1998 2792 2049 sanctum
2809 1993 3207 2064 imperatorem
3222 2002 3480 2054 nostrum
3499 2001 3556 2054 et

1944 2092 2195 2143 sanctam
2236 2099 2302 2140 ac
2328 2082 2709 2140 universalem
2751 2083 3029 2152 synodum
3057 2087 3425 2158 transferens,
3468 2083 3554 2143 uti

1942 2175 2320 2245 nosmetipsos
2340 2174 2707 2230 admonentes
2726 2173 2794 2229 ad
2812 2173 3201 2242 paenitentiam
3224 2176 3551 2245 veniamus;

1941 2264 2038 2322 sed
2068 2278 2178 2321 non
2207 2263 2343 2335 quia
2362 2262 2734 2335 vertiginosis
2754 2267 2906 2319 terra
2930 2262 3141 2320 moveri
3160 2262 3409 2335 videtur,
3434 2276 3559 2333 pro-

1944 2359 2067 2424 pter
2085 2352 2191 2409 hoc
2208 2357 2263 2408 et
2285 2356 2571 2408 movetur:
2601 2364 2734 2423 ergo
2754 2356 2820 2409 tu
2848 2352 3077 2422 quidem
3097 2352 3221 2422 ipse
3244 2366 3482 2415 exorsus
3497 2365 3558 2408 es

1942 2443 2116 2500 etiam
2154 2447 2340 2511 antea,
2386 2454 2539 2498 nunc
2586 2454 2717 2497 vero
2741 2440 3102 2498 conclusisti.
3145 2440 3228 2497 Ad
3256 2455 3323 2498 ea
3365 2441 3560 2512 itaque

1944 2546 2070 2602 quae
2110 2532 2459 2603 interrogata
2479 2534 2615 2587 sunt
2632 2544 2665 2586 a
2691 2536 2886 2588 sancta
2910 2535 2966 2586 et
2987 2530 3300 2587 universali
3345 2530 3560 2602 synodo

1944 2628 2111 2679 acute
2138 2619 2167 2663 ι)
2190 2621 2485 2692 responde.
2525 2621 2594 2677 Si
2617 2627 2757 2691 ergo
2785 2619 3095 2676 accesseris
3120 2634 3259 2676 sano
3304 2633 3478 2676 sensu
3500 2619 3560 2675 in

1947 2712 2161 2785 quibus
2186 2716 2420 2768 vocatus
2444 2724 2525 2782 es,
2553 2709 2703 2781 quod
2728 2709 3088 2766 commodum
3106 2713 3192 2765 est
3212 2708 3321 2765 tibi
3348 2709 3481 2780 ipsi,
3506 2712 3562 2764 et

1946 2803 2025 2860 iis
2068 2803 2168 2873 qui
2197 2806 2384 2857 tecum
2428 2804 2585 2871 sunt,
2608 2796 2820 2855 facies:
2871 2798 2921 2855 si
2948 2812 3080 2855 vero
3116 2799 3174 2854 in
3228 2798 3560 2868 hujusmodi

1946 2891 2262 2965 pertinacia
2282 2894 2338 2946 et
2361 2888 2723 2946 contumacia
2763 2888 3164 2960 permanseris,
3186 2889 3390 2946 audies
3412 2906 3426 2942 :
3448 2890 3564 2944 De—

1944 2982 2208 3037 clinantes
2238 2984 2420 3035 autem
2442 2980 2503 3033 in
2519 2979 2874 3047 obligationes
2910 2979 3145 3033 adducet
3166 2979 3427 3034 Dominus
3445 2993 3563 3033 cum

1945 3070 2296 3141 Ope-rantibus
2352 3070 2720 3138 iniquitatem,
2770 3079 2821 3129 et
2864 3071 2955 3138 ﬁet
2998 3085 3121 3138 paa:
3165 3084 3330 3140 super
3392 3067 3565 3123 Israel

1943 3160 2131 3243 (Psal.
2166 3172 2336 3214 cxmv
2358 3158 2392 3232 ).
2422 3159 2491 3215 Et
2530 3157 2769 3215 Photius
2788 3157 2943 3213 dixit
2966 3172 3096 3214 cum
3122 3157 3295 3215 aliis:
3344 3160 3414 3214 Et
3446 3157 3563 3213 haec

1943 3249 2236 3306 accusatio
2247 3247 2578 3305 abundavit.
2599 3248 2814 3304 Deinde
2829 3247 3216 3319 interrogatus
3226 3252 3313 3304 est
3326 3246 3566 3303 Photius

1944 3351 1978 3394 a
2004 3339 2227 3394 Bahane
2271 3337 2811 3410 magniﬁcentisimo
2848 3336 3094 3405 patricio
3114 3341 3171 3391 et
3212 3334 3560 3407 praeposito:

1943 3426 2127 3482 Habes
2174 3426 2313 3496 quid
2359 3426 2668 3482 dicendum
2706 3426 2776 3481 ad
2806 3425 2921 3480 haec
2943 3424 2972 3478 Ἰ
3011 3426 3083 3480 Et
3106 3425 3347 3481 Photius
3372 3424 3560 3480 dixit:

1945 3516 2082 3586 Quae
2099 3514 2380 3585 diximus,
2412 3514 2553 3570 bene
2579 3512 2994 3582 transivimus;
3032 3512 3311 3568 addamus
3335 3516 3392 3567 et
3411 3511 3559 3567 alia:

243 3606 483 3655 nostrum
534 3603 809 3655 sanctum
850 3595 1139 3651 custodiat
1190 3593 1250 3649 in
1300 3593 1510 3675 multos
1557 3606 1758 3665 annos,
1785 3597 1836 3648 et

1951 3598 2012 3662 in
2037 3604 2359 3661 calumnias
2378 3617 2481 3659 nos
2503 3602 3061 3671 circumposuerunt,
3083 3599 3166 3655 nil
3189 3599 3301 3655 tale
3322 3599 3568 3655 sentien-

242 3690 560 3761 Gregorius,
591 3693 651 3742 et
682 3700 787 3743 nos
811 3684 1086 3741 similiter
1109 3697 1359 3741 oramus.
1388 3684 1721 3753 Imperatori
1749 3697 1844 3739 no-
1951 3692 2055 3758 tes,
2080 3696 2150 3751 Et
2175 3697 2301 3764 post
2330 3692 2436 3748 hoc
2459 3690 2702 3761 ingressi
2739 3693 2876 3746 sum,
2893 3687 3149 3759 episcopi
3174 3687 3391 3744 Photii.
3417 3687 3568 3743 Sau—

245 3784 348 3834 δίτο
366 3784 591 3851 sane"):
619 3775 1056 3832 νίοᾶτίίδδιηθω
1076 3775 1355 3832 rationem
1371 3788 1482 3831 “011
1506 3773 1839 3844 Ρΐὶἓδθωιιεο
1953 3768 2204 3841 οἰίεείηιί
2230 3781 2436 3838 vicarii
2458 3780 2708 3837 senioris
2727 3781 2917 3836 Romae
2940 3778 3249 3834 dixerunt:
3284 3779 3346 3834 In
3369 3790 3570 3846 praece-

242 3868 475 3925 Bahaues
496 3864 1117 3938 magniﬁcentissimus
1138 3864 1419 3934 patricius
1439 3862 1836 3933 etprzepositus

1955 3874 2113 3931 denti
2140 3872 2366 3928 actione
2385 3869 2792 3927 admonuimus
2811 3882 2927 3938 eos,
2952 3871 3017 3924 ut
3038 3865 3254 3923 faciant
3276 3865 3461 3922 libelli
3484 3881 3571 3922 sa-

245 3957 379 4013 ἀίιίῐ
398 3959 467 4014 3d
495 3955 806 4011 Ρῐιοῐίιιῐηί
832 3953 1007 4009 “illd
1035 3953 1259 4024 aliqum
1283 3953 1352 4008 ad
1380 3953 1485 4008 hoc
1526 3966 1639 4007 "011
1660 3950 1850 4007 diCiS‘?
1958 3961 2368 4032 tisfactionem,
2395 3965 2452 4016 et
2478 3958 2826 4029 recipiamus
2867 3972 2964 4014 eos
2987 3956 3047 4013 in
3082 3955 3565 4025 communionem,

246 4047 470 4106 Photius
502 4045 671 4103 dixit
698 4062 711 4099 ε
736 4044 796 4100 Si
822 4043 1122 4100 audissent
1175 4058 1299 4115 qua:
1326 4044 1584 4101 diximus
1635 4046 1851 4103 nudius
1960 4058 2229 4123 tanquam
2257 4049 2578 4119 saeculares,
2601 4052 2658 4103 et
2678 4061 2790 4103 non
2815 4046 3110 4102 declinent
3132 4045 3192 4102 in
3219 4044 3569 4101 contrariam

246 4137 597 4207 tertius,non
625 4134 828 4203 utique
850 4133 995 4189 hanc
1018 4133 1522 4205 interrogationem
1548 4135 1836 4205 prmtende

1959 4142 2129 4213 viam,
2154 4140 2309 4198 sicut
2324 4138 2596 4211 magister
2616 4136 2895 4208 ipsorum.
2919 4137 3265 4207 Interrogate
3281 4148 3414 4207 ergo
3438 4133 3571 4190 illos

247 4232 383 4296 rent;
405 4226 457 4283 si
499 4238 644 4281 vero
668 4222 1062 4279 deﬁnitionem
1084 4236 1245 4279 suam
1269 4229 1585 4293 posuerunt
1604 4224 1660 4279 in
1679 4224 1836 4293 poeni

1960 4230 2287 4303 sigillatim,
2308 4233 2503 4285 utrum
2519 4224 2693 4283 faciat
2712 4224 2847 4296 quis
2865 4238 2933 4281 ex
2954 4223 3066 4294 ipsi
3090 4222 3381 4280 libellum:
3407 4222 3569 4279 aliud

246 4316 404 4371 ίθηῐίδ
429 4329 561 4384 sua,
604 4313 750 4368 hanc
782 4325 881 4382 ρει·
918 4325 1087 4382 ουεῐτι
1132 4312 1539 4369 demonstrem»
1596 4313 1850 4369 Bahanes
1878 4374 1927 4388 ﬁ
1960 4322 2232 4379 nolumus
2273 4318 2345 4375 ab
2386 4316 2532 4388 ipsis
2560 4314 2809 4387 audire;
2862 4313 3072 4371 etenim
3111 4318 3168 4369 et
3212 4311 3569 4369 sanctissimi

246 4400 850 4477 ωεὲηίῐὶθθιηίεείωιιδ
872 4400 1153 4472 Danielus
1171 4402 1357 4458 ἀίκίῐε
1392 4402 1570 4472 Quam
1591 4402 1620 4456 ?
1642 4402 1848 4473 GregO-
1878 4374 1932 4435 D
1958 4410 2214 4469 Orientis
2230 4374 2457 4479 vicarii,
2476 4410 2647 4476 atque
2664 4374 2998 4473 nos,‘eadem
3027 4401 3300 4458 dicimus.
3324 4402 3570 4473 Pergens

248 4495 357 4553 rius
373 4498 555 4554 dixit;
590 4498 663 4554 Ut
680 4489 792 4565 ipsi
818 4490 1210 4562 ptenitentiam
1237 4497 1426 4564 agant,
1448 4507 1620 4564 super
1632 4494 1846 4568 quibus

245 4583 626 4658 deliquerunt.
654 4586 910 4642 Bahanes
932 4580 1539 4652 magnificentissimus
1560 4586 1844 4656 patricius

247 4683 297 4732 et
307 4674 817 4748 praepositusdixit
828 4670 898 4726 ad
916 4669 1313 4728 sanctissimos
1330 4675 1578 4731 vicarios
1597 4676 1847 4734 senioris

247 4764 420 4824 Roma:
445 4765 918 4823 acOrientalium
944 4762 1201 4831 sedium;
1227 4763 1450 4821 Jubetis
1477 4763 1601 4820 ﬁeri
1622 4777 1849 4835 respon-

246 4869 359 4912 sum
377 4857 448 4912 ad
474 4868 803 4913 sermonem
823 4853 968 4925 ejus,
995 4864 1069 4905 an
1091 4864 1199 4908 non
1222 4852 1251 4906 ‘?
1269 4854 1442 4910 etiam
1480 4870 1609 4913 vere
1627 4858 1849 4927 justum

245 4949 321 5000 est
342 4951 403 5002 ut
422 4943 844 5016 respondeatis.
868 4939 1229 4997 Sanctissimi
1255 4942 1460 5000 vicarii
1489 4946 1857 5004 seniorisRo-

248 5047 339 5089 ma:
366 5035 687 5091 dixerunt:
715 5034 1007 5104 Quomodo
1028 5027 1056 5081 ‘?
1078 5030 1332 5087 Bahanes
1362 5036 1858 5107 magnificentissi-

250 5136 367 5181 mus
412 5124 706 5196 patricius
754 5128 811 5178 et
843 5122 1183 5193 praepositus
1209 5122 1402 5181 dixit:
1462 5125 1568 5181 Pro
1605 5141 1671 5183 eo
1699 5131 1849 5199 quod

248 5212 556 5271 dixerunt:
592 5213 739 5282 Quia
768 5211 879 5283 ipsi
936 5213 1117 5284 magis
1147 5227 1288 5270 vana
1329 5215 1669 5288 Operamini,
1695 5222 1752 5273 et
1780 5219 1849 5275 ad

253 5304 643 5372 penitentiam
702 5316 800 5359 vos
859 5301 1179 5358 hortantur.
1235 5302 1598 5360 Sanctissimi
1644 5307 1848 5363 vicarii

250 5395 490 5450 senioris
546 5394 738 5449 Romae
791 5392 1086 5467 dixerunt,
1146 5395 1208 5450 in
1260 5397 1518 5454 Graecum
1574 5400 1850 5458 Damiano

252 5483 743 5540 venerabilissimo
786 5484 943 5556 regio
996 5484 1207 5544 clerico
1256 5485 1702 5559 interpretante:
1737 5492 1851 5550 Nos

310 5592 341 5624 ι
362 5583 483 5639 Hoc
514 5586 626 5653 est,
656 5582 988 5654 quaerimus.

1960 4500 2156 4571 itaque
2172 4498 2425 4554 Bahanes
2472 4492 2899 4552 famosissimus
2912 4490 3193 4561 patricius
3217 4495 3274 4545 et
3292 4489 3575 4560 prmposi—

1958 4596 2052 4648 tus
2074 4587 2229 4646 dixit
2250 4587 2319 4643 ad
2351 4589 2564 4655 partem
2599 4582 2817 4639 Photii:
2856 4580 3017 4637 Facit
3058 4579 3277 4650 aliquis
3321 4582 3572 4634 vestrum

1958 4676 2262 4737 libellum?
2275 4672 2542 4745 Episcopi
2558 4671 2746 4729 Photii
2759 4671 3057 4727 dixerunt:
3075 4667 3259 4724 Absit.
3277 4666 3573 4737 Amphilo-

1959 4768 2130 4826 chius
2141 4772 2198 4823 et
2211 4763 2513 4821 Zacharias
2529 4761 2719 4818 Photii
2736 4758 2992 4830 episcopi
3010 4757 3286 4815 dixerunt
3304 4775 3321 4827 ς
3336 4756 3572 4826 Qualem

1962 4856 2224 4915 libellum
2252 4853 2435 4909 facere
2460 4851 2749 4924 exigimur
2762 4849 2791 4904 Τ
2818 4848 2949 4904 fidei
2974 4851 3183 4904 nostra:
3197 4846 3225 4901 εἰ
3248 4847 3319 4901 Et
3335 4858 3573 4917 pergens

1963 4949 2216 5007 Bahanes
2235 4939 2840 5015 magniﬁcentissimus
2858 4936 3139 5008 patricius
3154 4939 3211 4991 et
3228 4933 3572 5005 praepositus

1964 5038 2117 5097 dixit
2138 5030 2524 5091 sanctissimis
2564 5027 2803 5084 vicariis
2841 5024 3091 5083 senioris
3116 5025 3306 5081 Romae
3331 5041 3344 5079 :
3372 5023 3575 5093 Cujus-

1966 5127 2119 5185 modi
2144 5123 2403 5182 libellum
2420 5117 2692 5190 expetitis
2711 5116 2782 5173 ab
2801 5116 2924 5173 illis
2938 5115 2967 5170 ‘l
2985 5113 3348 5172 Sanctissimi
3366 5111 3571 5169 vicarii

1962 5215 2212 5277 senioris
2254 5213 2444 5269 Romae
2489 5206 2997 5275 dixeruntzQuem
3028 5209 3277 5260 asancta
3320 5204 3572 5259 Romana

1959 5305 2215 5366 Ecclesia
2230 5299 2566 5368 detulimus,
2587 5302 2653 5355 ut
2668 5293 2971 5367 reprobent
3001 5292 3289 5362 Photium,
3307 5296 3363 5346 et
3378 5288 3571 5347 omnia

1960 5402 2085 5455 acta
2115 5396 2259 5466 ejus,
2292 5397 2347 5448 et
2366 5386 2845 5447 anathematizent
2885 5382 3225 5456 Gregorium
3256 5381 3570 5451 Syracusa—

1962 5500 2121 5558 num,
2148 5489 2205 5542 et
2232 5481 2516 5553 recipiant
2544 5476 2829 5550 Ignatium
2853 5471 3290 5533 .sanctissimum
3330 5466 3568 5540 patriar-

2033 5587 2063 5632 δ
2089 5588 2149 5645 Id
2179 5587 2287 5656 est,
2317 5578 2607 5639 velociter.
