4052 6168
468 290 568 348 403

1633 289 1991 346 ANASTASII
2038 286 2580 344 BIBLIOTHECARII

3663 286 3761 345 104

465 417 650 476 cham.
670 421 725 472 et
742 416 1126 487 subjiciantur
1142 418 1249 474 sub
1268 417 1508 488 pedibus
1537 418 1680 488 ejus,
1699 423 1755 473 et
1773 415 1919 487 quod
1935 429 2060 470 san-
2082 411 2142 472 A
2170 415 2396 486 quando
2424 416 2558 486 quis
2582 429 2613 471 a
2634 429 2722 471 me
2738 415 3007 472 tristatus
3030 413 3116 470 vel
3137 414 3306 472 laesus
3333 413 3529 482 fuerit,
3555 413 3683 471 volo
3701 421 3766 471 ut

464 510 554 560 cta
605 506 853 561 Romana
885 507 1135 562 Ecclesia
1173 507 1440 576 exposuit
1473 521 1568 576 per
1593 506 1785 562 omnia
1820 504 2052 560 faciant.

463 593 822 648 Sanctissimi
856 594 1058 650 vicarii
1091 595 1475 652 Orientalium
1495 595 1718 650 sedium
1745 594 2054 661 dixerunt;

466 683 532 736 Et
549 695 650 736 nos
669 682 745 736 ita
764 683 1021 753 sapimus
1038 688 1092 738 et
1113 684 1189 740 ita
1203 684 1484 740 volumus.
1509 685 1575 738 Et
1588 698 1826 755 pergens
1847 683 2054 738 iterum

463 770 714 826 Bahanes
730 772 1333 842 magniﬁcentissimus
1347 773 1627 842 patricius
1639 778 1694 828 et
1713 772 2056 843 praepositus

463 859 531 914 ad
553 859 848 930 episcopos
865 861 1243 933 Photii,dixit
1258 861 1363 933 eis,
1382 875 1478 916 ore
1495 860 1747 932 proprio,
1764 860 2058 916 sanctissi-

465 962 684 1004 morum
727 948 1074 1006 vicariorum
1119 964 1330 1006 vocem.
1377 951 1442 1005 Et
1490 950 1786 1021 respondit
1814 951 2056 1005 Joannes

463 1038 747 1108 quondam
791 1039 1094 1108 episcopus
1118 1039 1421 1095 Heraclida:
1465 1039 1574 1109 Qui
1615 1039 2057 1096 anathematizat

463 1141 746 1182 summum
778 1129 1121 1184 sacerdotem
1155 1129 1350 1200 istum,
1380 1129 1459 1185 sit
1489 1129 1822 1184 anathema!
1857 1128 2058 1184 Zacha-

465 1216 602 1287 rias,
633 1217 731 1287 qui
763 1215 876 1272 fuit
901 1231 933 1272 a
965 1218 1165 1274 Photio
1208 1218 1688 1274 Chalcedonensis
1727 1217 2053 1288 episcopus,

464 1305 646 1361 dixit:
669 1308 781 1361 Nos
801 1306 875 1360 iis
891 1321 1016 1378 quae
1032 1312 1227 1362 contra
1248 1303 1380 1381 [al.,
1399 1305 1591 1382 extra]
1613 1308 1888 1364 rationem
1911 1305 2057 1364 facta

463 1395 549 1450 vel
567 1401 690 1450 acta
706 1401 806 1449 aut
820 1396 1034 1467 agenda
1052 1401 1205 1467 sunt,
1228 1410 1423 1466 parere
1441 1411 1622 1467 neque
1637 1397 2053 1467 disposuimus,

465 1497 646 1553 neque
673 1483 967 1540 volumus:
999 1489 1053 1540 et
1083 1499 1255 1554 super
1276 1485 1489 1555 quibus
1517 1500 1618 1542 nos
1641 1485 1902 1558 exigitis.
1923 1501 2058 1556 quo-

463 1571 615 1626 niam
636 1572 899 1628 novimus
915 1586 979 1628 ea
1005 1587 1130 1643 qua:
1148 1572 1293 1629 facta
1321 1579 1475 1645 sunt,
1497 1575 1808 1630 secundum
1831 1574 2055 1630 nullum

457 1660 682 1716 modum
703 1660 1106 1730 suscipiamus.
1129 1662 1464 1733 Euschemo,
1501 1662 1599 1734 qui
1620 1661 1733 1719 fuit
1748 1663 1896 1732 apud
1916 1663 2058 1718 Pho-

2166 505 2396 576 dicatis,
2417 504 2635 560 Idcirco
2649 509 2784 560 sunt
2804 504 2896 559 hic
2915 503 3268 560 sanctissimi
3287 503 3492 558 vicarii
3508 503 3762 560 omnium

2168 594 2414 666 sedium,
2444 600 2506 650 ut
2533 593 2818 664 quidquid
2849 592 3072 649 habetis
3092 592 3148 648 in
3176 592 3649 660 justiﬁcationem
3683 606 3766 647 ve-

2168 690 2341 739 stram
2365 682 2703 754 loquamini.
2734 681 2924 737 Photii
2943 681 3197 752 episcopi
3217 681 3520 736 dixerunt:
3541 679 3764 736 Scimus

2169 772 2476 842 imperium
2505 770 2936 827 sanctissimum
2962 771 3107 841 ejus,
3138 770 3274 840 quia
3307 769 3591 825 neminem
3642 768 3762 824 vult

2166 860 2495 916 contristari
2519 879 2533 930 ;
2564 860 2702 930 quid
2723 859 2986 916 volumus
3003 859 3194 915 dicere
3209 859 3238 912 ‘?
3263 857 3311 913 si
3335 857 3658 914 dixerimus
3677 857 3766 926 ju-

2169 949 2362 1006 stitias
2392 955 2634 1020 nostras,
2664 963 2774 1005 non
2805 950 2957 1004 ﬁent.
2989 949 3242 1004 Bahanes
3265 945 3766 1019 magniﬁcentissi-

2169 1052 2297 1095 mus
2323 1038 2604 1108 patricius
2625 1044 2682 1094 et
2701 1037 3237 1108 prmpositusdixit:
3269 1037 3504 1106 Propter
3531 1035 3770 1105 impera-

2168 1131 2344 1184 torem
2374 1132 2631 1184 nostrum
2658 1133 2941 1198 sanctum,
2973 1128 3122 1183 nihil
3153 1125 3578 1198 prohibemini;
3602 1123 3765 1195 jubet

2166 1215 2317 1271 enim
2336 1221 2392 1273 et
2408 1215 2551 1286 vult,
2569 1220 2625 1270 et
2640 1217 2959 1286 acquiescit
2982 1222 3045 1272 ut
3063 1214 3382 1287 loquamini
3408 1231 3422 1283 ;
3443 1213 3540 1270 sed
3559 1213 3767 1270 viden—

2167 1309 2252 1359 tes
2273 1305 2499 1374 judices
2523 1305 2784 1361 convicia
2829 1310 3034 1376 vestra,
3063 1319 3165 1361 nec
3191 1305 3394 1360 audire
3420 1317 3520 1360 vos
3544 1303 3762 1359 volunt.

2168 1393 2356 1449 Photii
2372 1393 2623 1463 episcopi
2639 1395 2936 1450 dixerunt:
2955 1395 3021 1448 Et
3044 1409 3144 1450 nos
3155 1394 3383 1464 judices
3415 1406 3512 1448 eos
3525 1405 3633 1448 non
3647 1405 3773 1447 sus-

2168 1482 2438 1552 cipimus.
2463 1483 2715 1539 Bahanes
2735 1482 3158 1540 famosissimus
3179 1481 3460 1552 patricius
3483 1485 3538 1536 et
3558 1492 3770 1550 praepo-

2169 1572 2319 1628 situs
2340 1573 2516 1628 dixit:
2536 1575 2603 1630 Et
2630 1573 2821 1643 rejicit
2842 1573 3035 1644 regula
3064 1571 3434 1642 patriarchia,
3463 1574 3518 1624 et
3545 1569 3772 1624 irratio-

2171 1660 2443 1717 nabiliter
2479 1661 2745 1731 judicant
2767 1661 2797 1714 ‘?
2825 1659 3268 1731 Amphilochius
3292 1674 3325 1716 a
3349 1658 3553 1715 Photio
3577 1656 3766 1728 Cyzici

457 1748 602 1804 tium
620 1748 883 1804 Cmsarem
897 1749 1265 1819 Cappadocia:
1282 1751 1605 1821 episcopus,
1626 1751 1779 1807 dixit
1805 1769 1817 1805 :
1846 1753 1960 1823 Ego
1980 1751 2056 1808 iis
2086 1735 2141 1796 Β
2170 1749 2664 1820 episcopusdixit:
2696 1749 3285 1806 Irrationabilissime.
3315 1748 3567 1803 Bahanes
3581 1745 3772 1801 famo-

457 1851 582 1908 quae
604 1852 700 1907 per
733 1839 1006 1893 rationem
1031 1853 1139 1894 non
1160 1845 1295 1895 sunt
1321 1845 1467 1910 acta,
1487 1845 1543 1895 et
1569 1840 1666 1910 qui
1699 1855 1809 1896 non
1843 1847 2058 1896 sectan-

459 1932 555 1983 tur
579 1940 822 1983 canones
851 1933 1174 1984 sanctorum
1209 1929 1617 1998 apostolorum,
1645 1935 1701 1984 et
1730 1935 2054 1985 sanctarum

463 2029 528 2070 ac
576 2016 985 2072 universalium
1019 2018 1386 2087 synodorum,
1437 2033 1547 2074 non
1581 2023 1799 2074 tantum
1846 2020 2060 2075 Roma—

463 2118 575 2159 nus
599 2105 682 2159 vel
714 2105 1268 2174 Ilierosolymitanus
1300 2107 1397 2176 sit,
1433 2107 1528 2162 sed
1560 2112 1616 2162 et
1645 2107 1694 2164 si
1725 2108 1964 2179 angelus
1989 2109 2059 2163 de

460 2192 602 2248 cmlo
620 2193 830 2264 veniat,
849 2198 903 2248 et
927 2207 1038 2249 non
1063 2195 1364 2250 conveniat
1393 2195 1740 2268 sano'verbo,
1771 2211 1951 2268 neque
1972 2212 2062 2266 pa-

463 2295 774 2352 reo,neque
800 2296 1023 2353 sequor.
1055 2283 1414 2340 Sanctissimi
1441 2285 1646 2341 vicarii
1677 2285 2059 2341 Orientalium

462 2369 686 2425 sedium
704 2370 976 2426 dixerunt
994 2388 1006 2423 :
1023 2371 1301 2440 Quoniam
1331 2373 1676 2442 nescierunt,
1699 2387 1879 2444 neque
1901 2374 2064 2429 intel-

463 2457 744 2528 lexerunt,
762 2459 820 2514 in
836 2458 1562 2530 tenebrisambulant(PsaI.
1580 2463 1794 2529 LXXXI).
1812 2464 2063 2519 Bahanes

464 2547 1070 2618 magniﬁcentissimus
1106 2549 1384 2618 patricius
1421 2564 1487 2606 ac
1530 2552 1870 2621 praepositus
1910 2552 2064 2608 dixit

461 2635 532 2690 ad
568 2634 964 2690 sanctissimos
988 2635 1235 2692 vicarios
1263 2638 1512 2694 senioris
1553 2639 1740 2695 Romae
1773 2657 1785 2693 :
1821 2641 2062 2696 Sanctus

463 2723 772 2793 imperator
797 2729 988 2780 noster
1030 2725 1153 2781 vult
1180 2725 1362 2782 facere
1385 2728 1789 2785 allocutionem
1816 2731 1883 2785 ad
1927 2731 2062 2788 illos

465 2828 564 2884 per
581 2827 667 2868 me
694 2813 994 2885 indignum
1014 2829 1236 2872 servum
1265 2831 1454 2872 suum.
1474 2818 1835 2874 Sanctissimi
1854 2820 2059 2876 vicarii

462 2901 711 2958 senioris
762 2902 951 2959 Roma:
997 2903 1302 2960 dixerunt:
1357 2905 1519 2962 Sicut
1560 2906 2060 2977 jubetimperium

465 2989 670 3060 ipsius.
728 2991 981 3047 Bahanes
1031 2992 1637 3064 magniﬁcentissimus
1689 2996 1967 3066 patricius
2005 3002 2062 3053 et

468 3057 809 3148 praepositus
832 3079 985 3136 dixit
1009 3080 1076 3135 ad
1101 3057 1389 3154 thotium,
1417 3089 1473 3139 et
1489 3084 1557 3139 ad
1585 3057 1882 3154 episcopos
1899 3087 2054 3155 ejus:
2090 3057 2141 3123 Ct

466 3169 786 3224 Hortatorie
802 3183 901 3224 vos
930 3169 1252 3240 alloquitur
1291 3171 1633 3241 imperator:
1670 3175 2065 3248 llomines,di-

465 3257 598 3328 cite,
629 3259 776 3314 unde
801 3258 985 3314 estis?
1010 3259 1080 3314 de
1104 3259 1246 3315 caelo
1270 3260 1410 3316 estis
1427 3260 1456 3314 ?
1478 3262 1547 3318 de
1571 3262 1774 3334 abysso
1803 3265 1965 3337 estis,
1987 3280 2058 3322 an

464 3346 534 3401 de
551 3352 720 3418 terra,
742 3348 800 3403 in
821 3362 930 3418 qua
951 3362 1052 3403 nos
1075 3348 1337 3420 degimus
1353 3349 1382 3404 ?
1403 3356 1459 3405 et
1475 3353 1758 3409 ostendite
1777 3355 1879 3411 hac
1899 3355 2056 3421 hora,

467 3435 602 3506 quia
637 3435 755 3490 sive
782 3435 1016 3491 haaresis
1043 3442 1190 3492 mota
1239 3443 1344 3508 est,
1374 3438 1492 3494 sive
1523 3441 1776 3498 schisma
1827 3444 2062 3500 emersit

468 3523 525 3578 in
586 3523 842 3593 qualibet
874 3529 1049 3594 parte,
1077 3529 1133 3580 et
1157 3526 1339 3580 sensit
1364 3527 1582 3597 aliquis
1606 3536 1764 3585 extra
1814 3537 2061 3601 quatuor

466 3612 836 3682 patriarchia,
889 3618 945 3668 et
971 3613 1224 3668 salvatus
1276 3614 1404 3669 est?
1432 3622 1488 3669 et
1512 3617 1684 3673 audio
1715 3633 1833 3674 vos.
1885 3621 2061 3676 l—Iodie

466 3706 712 3771 quatuor
730 3701 1099 3771 patriarchia,
1132 3701 1244 3756 imo
1260 3715 1391 3756 vero
1422 3703 1699 3773 quinque,
1727 3707 2062 3763 condemna-

464 3790 620 3845 tione
644 3789 1022 3844 condemnant
1042 3788 1181 3843 vos?
1213 3790 1350 3860 quid
1369 3791 1533 3847 vobis
1560 3793 1787 3851 videtur
1801 3797 1869 3852 ad
1900 3797 2061 3853 hmc‘?

464 3883 551 3932 est
576 3876 675 3947 qui
711 3877 940 3944 adjuvet
967 3876 1108 3931 vos?
1135 3876 1331 3932 dicite.
1366 3879 1632 3950 Episcopi
1665 3883 1855 3938 Photii
1887 3884 2060 3939 dixe—

463 3969 631 4022 runt:
651 3965 906 4020 Canones
917 3969 1241 4022 sanctorum
1257 3968 1644 4036 apostolorum
1659 3977 1714 4026 et
1730 3977 2054 4028 sanctorum

462 4053 863 4109 conciliorum.
885 4053 1137 4109 Bahanes
1157 4056 1760 4127 magniﬁcentissimus
1777 4061 2058 4130 patricius

463 4147 519 4196 et
537 4142 878 4212 praepositus
891 4142 1064 4212 dixit,
1079 4143 1278 4212 jussus
1293 4159 1324 4200 a
1342 4146 1556 4202 Basilio
1570 4148 1754 4203 amico
1769 4149 1984 4206 Christi
2003 4156 2060 4206 et

465 4245 668 4303 magno
697 4232 1056 4302 imperatore,
1075 4235 1142 4289 ad
1171 4234 1468 4306 episcopos
1485 4237 1708 4292 Photii:
1742 4238 1929 4294 Dicite
1955 4239 2054 4308 qui

461 4334 642 4377 canon
658 4335 754 4376 vos
765 4321 1011 4395 adjuvet,
1027 4328 1082 4378 et
1101 4322 1197 4378 ubi
1215 4323 1472 4394 posuerit
1499 4325 1777 4383 Dominus
1792 4341 2054 4399 canones;

465 4410 524 4465 in
541 4409 816 4465 Ecclesiis
833 4409 978 4478 suis,
999 4421 1069 4464 an
1091 4408 1148 4466 in
1181 4412 1380 4482 aliquo
1404 4412 1521 4468 alio
1561 4413 1684 4470 loco
1711 4433 1725 4485 ;
1754 4420 1810 4472 et
1836 4416 1934 4472 ubi
1960 4418 2058 4473 Ec-

460 4499 651 4557 clesia:
681 4499 800 4555 sint
825 4499 1015 4568 hodie,
1041 4505 1098 4554 et
1125 4500 1221 4555 ubi
1274 4501 1616 4570 praedicetur
1639 4504 2006 4576 Evangelium
2035 4524 2048 4561 :

459 4596 545 4646 est
569 4589 722 4645 alius
748 4588 907 4644 locus
934 4593 1136 4657 praeter
1161 4603 1324 4657 quem
1354 4595 1546 4646 tenent
1570 4592 1920 4649 sanctissimi
1952 4594 2050 4651 isti

457 4677 708 4734 vicarii?
731 4677 926 4732 dicite.
958 4675 1146 4731 Photii
1165 4677 1418 4748 episcopi
1445 4680 1748 4737 dixerunt:
1777 4683 1928 4740 Deus
1956 4699 2051 4741 cu-

457 4766 672 4824 stodiat
695 4764 1123 4821 sanctissimum
1165 4765 1470 4836 imperium
1497 4776 1745 4826 vestrum
1771 4791 1784 4841 ;
1813 4773 2046 4830 verbum

457 4855 766 4926 petivimus
783 4853 1168 4924 impunitatis,
1193 4860 1255 4910 ut
1276 4856 1595 4916 diceremus
1613 4861 1836 4932 negotia
1854 4867 2047 4919 nostra

454 4958 583 4999 cum
613 4942 844 5012 ﬁducia,
871 4947 926 4997 et
945 4955 1054 4998 non
1079 4944 1420 5014 accepimus.
1451 4949 1710 5018 Qualiter
1725 4964 1857 5022 ergo
1885 4951 2048 5007 habe-

456 5046 584 5088 mus
602 5031 758 5101 loqui
774 5030 1065 5088 ?Bahanes
1081 5032 1980 5109 magniﬁcentissimus‘patricius
1991 5045 2046 5096 et

455 5119 795 5191 praepositus
819 5119 1002 5175 dixit:
1032 5121 1273 5179 Sanctus
1305 5123 1613 5194 imperator
1639 5134 1831 5184 noster
1857 5131 1925 5184 ad
1937 5145 2046 5188 mo.

455 5209 646 5264 nentis
671 5207 874 5264 aﬁ‘ectu
898 5209 966 5263 ad
994 5223 1093 5264 vos
1117 5210 1294 5266 dicit:
1326 5212 1533 5285 Utique
1557 5217 1706 5273 Deus
1735 5217 1861 5273 ideo
1885 5219 2045 5275 audi-

451 5298 536 5352 vit
577 5295 1030 5366 deprecationem
1061 5312 1261 5368 meam,
1313 5308 1368 5358 et
1390 5304 1631 5361 adduxit
1668 5307 1770 5362 hos
1817 5313 2044 5364 sanctos

449 5386 606 5442 viros
635 5400 703 5441 ex
719 5385 988 5442 omnibus
1015 5387 1278 5474 partibus
1305 5393 1524 5457 mundi,
1554 5393 1693 5464 quid
1725 5397 2039 5452 secundum

448 5473 650 5531 faciem
677 5475 794 5546 ﬁat,
822 5475 916 5532 sed
935 5490 1001 5532 ex
1032 5473 1201 5547 aequo
1214 5487 1458 5547 ponatur
1477 5481 1764 5549 judicium
1787 5485 2044 5554 justissi-

445 5587 634 5634 mum:
663 5573 882 5632 dicitis.
918 5574 990 5632 Ut
1013 5573 1316 5648 accipiatis
1339 5572 1572 5632 verbum
1599 5573 1961 5634 securitatis:
1982 5580 2038 5636 et

2169 1837 2441 1896 sissimus
2461 1840 2742 1910 patricius
2754 1845 2809 1895 et
2828 1838 3356 1909 prmpositusdixit:
3383 1838 3617 1892 Etextra
3631 1848 3776 1890 sen—

2169 1942 2295 1983 sum
2313 1929 2520 2001 regula:
2532 1945 2597 1986 ac
2609 1928 3066 1999 patriarcharum
3083 1941 3315 1984 suorum
3325 1923 3620 1996 judicant?
3631 1922 3786 1994 Pho-_

2169 2025 2239 2080 tii
2256 2020 2510 2089 episcopi
2526 2020 2804 2076 dixerunt
2824 2018 3040 2073 :Extra.
3061 2017 3314 2072 Bahanes
3328 2012 3773 2086 magniﬁcentis-

2169 2114 2353 2170 simus
2367 2109 2649 2180 patricius
2659 2114 2716 2163 et
2730 2105 3259 2177 prmpositusdixit:
3276 2107 3346 2160 Et
3360 2104 3435 2158 ite
3447 2102 3513 2158 ad
3531 2098 3773 2171 patriar-

2170 2201 2321 2271 chia,
2355 2205 2411 2256 et
2435 2195 2856 2253 certiﬁcamini.
2887 2194 3139 2251 Basilius
3167 2193 3439 2264 piisimus
3465 2195 3521 2245 et
3545 2188 3772 2244 amicus

2169 2289 2385 2345 Christi
2400 2287 2579 2344 dixit:
2596 2285 2887 2355 Quotquot
2910 2282 3113 2339 dicitis
3133 2297 3230 2353 per
3251 2281 3464 2350 omnia,
3481 2283 3662 2349 quota
3678 2290 3772 2346 pa-

2173 2376 2741 2434 triarchiisvenerint
2753 2373 3013 2430 homines
3029 2373 3125 2430 isti
3139 2386 3266 2430 cum
3279 2365 3773 2427 commendatitiis

2173 2466 2406 2536 litteris,
2422 2472 2601 2521 etnon
2616 2461 2839 2518 habetis
2867 2460 3118 2530 aliquam
3134 2459 3598 2531 ambiguitatem;
3627 2469 3772 2510 sus—

2171 2555 2349 2626 cipite
2378 2554 2528 2622 illos,
2543 2558 2735 2624 etqua:
2742 2552 3082 2622 judicantur
3105 2548 3334 2618 abipsis
3350 2565 3362 2600 :
3381 2548 3774 2617 quotquotau-

2173 2651 2284 2699 tem
2305 2642 2589 2699 dubitatis
2613 2642 2682 2697 ad
2713 2641 2836 2712 hoc,
2865 2646 2921 2696 et
2947 2653 3056 2695 non
3087 2639 3310 2695 habetis
3329 2652 3424 2693 eos
3447 2637 3654 2707 justos,
3676 2647 3777 2689 ne-

2173 2746 2281 2803 que
2294 2731 2502 2788 secund
2513 2745 2604 2786 um
2619 2730 2850 2786 verbum
2868 2729 3322 2800 patriarcharum
3337 2739 3572 2782 suorum
3586 2736 3774 2794 agen-

2172 2826 2284 2891 tes;
2308 2821 2462 2876 itead
2477 2834 2592 2890 eos,
2607 2818 2962 2876 etdisciteab
2983 2819 3125 2888 illis,
3140 2814 3475 2872 etadducite
3496 2812 3667 2868 etiam
3691 2809 3766 2866 ad

2173 2924 2300 2966 nos:
2339 2911 2454 2966 imo
2474 2923 2623 2978 vero,
2647 2923 2759 2979 quo
2787 2908 2918 2978 plus
2943 2913 3161 2963 certum
3183 2905 3412 2972 existat,
3428 2907 3485 2958 et
3503 2901 3772 2970 dispone-

2173 3013 2299 3054 mus
2314 2997 2412 3054 ita.
2427 2997 2619 3053 Photii
2633 2997 2887 3067 episcopi
2905 2997 3206 3052 dixerunt:
3223 2990 3632 3062 Nosjudicium
3648 3003 3768 3046 non

2172 3088 2451 3158 videmus,
2468 3101 2650 3158 neque
2669 3085 2881 3142 factum
2899 3083 3256 3142 audivimus:
3280 3088 3336 3139 et
3351 3079 3633 3152 quomodo
3653 3077 3770 3132 ha-

2172 3177 2370 3234 bemus
2381 3175 2546 3246 sequi
2561 3175 2711 3245 quod
2728 3189 2828 3231 nos
2843 3188 2951 3230 non
2966 3173 3258 3230 vidimus?
3285 3171 3537 3227 Bahanes
3552 3167 3771 3240 magni-

2172 3265 2583 3321 ﬁcentissimus
2601 3264 2803 3334 patrici
2815 3279 2881 3319 us
2896 3268 2950 3318 et
2979 3262 3320 3334 praepositus
3333 3262 3534 3330 jussus
3549 3257 3620 3313 ab
3639 3257 3762 3311 im—

2172 3360 2429 3424 peratore
2452 3354 2634 3410 dixit:
2665 3354 2907 3409 Sanctus
2925 3353 3233 3423 imperator
3258 3356 3451 3407 noster
3467 3347 3644 3404 dicit:
3677 3347 3767 3400 Ne

2170 3443 2403 3513 dicatis,
2445 3441 2670 3512 fratres,
2701 3441 2848 3511 quod
2897 3441 3066 3496 velim
3101 3455 3199 3496 vos
3241 3439 3464 3495 mittere
3492 3435 3654 3504 illuc,
3698 3440 3770 3489 ut

2173 3537 2362 3600 pereat
2380 3530 2512 3601 quis
2525 3535 2802 3585 vestrum:
2835 3529 3002 3585 testis
3019 3530 3263 3585 estDeus
3303 3526 3575 3598 quoniam
3593 3534 3767 3593 quem

2171 3620 2382 3675 misero
2409 3619 2532 3690 illo,
2562 3619 2620 3674 in
2643 3623 2950 3687 conspectu
2996 3619 3176 3674 totius
3201 3622 3433 3673 senatus
3457 3619 3514 3670 et
3553 3614 3770 3668 sancta:

2171 3706 2371 3776 synodi
2398 3705 2548 3776 dico,
2581 3706 2788 3761 iterum
2822 3706 3086 3762 reducam
3114 3720 3242 3762 eum
3267 3706 3398 3762 huc.
3429 3701 3621 3758 Photii
3645 3699 3773 3770 epi-

2170 3795 2326 3864 scopi
2349 3794 2621 3851 dixerunt
2643 3813 2654 3848 :
2691 3795 2794 3851 Hic
2815 3796 3214 3852 examinentur
3235 3793 3478 3866 negotia.
3506 3792 3769 3846 Donatus

2167 3883 2551 3954 etStephanus
2567 3891 2621 3940 et
2641 3884 2896 3941 Marinus
2916 3883 3268 3941 sanctissimi
3290 3881 3493 3938 vicarii
3515 3876 3772 3936 senioris

2167 3973 2356 4028 Roma:
2371 3973 2672 4029 dixerunt:
2703 3976 2842 4030 Ecce
2858 3974 3084 4031 audivit
3103 3978 3219 4029 tota
3239 3976 3431 4028 sancta
3451 3975 3507 4025 et
3538 3967 3776 4025 univer-

2169 4047 2310 4117 salis
2345 4063 2596 4132 synodus
2639 4079 2765 4134 quae
2789 4064 2860 4120 ab
2887 4063 3188 4121 undecima
3213 4060 3529 4117 indictione
3555 4057 3768 4114 beatis-

2167 4151 2352 4207 simus
2388 4166 2527 4222 papa
2548 4153 2818 4209 Nicolaus
2833 4153 3119 4223 judicavit
3152 4165 3281 4209 cum
3305 4148 3574 4207 omnibus
3597 4145 3762 4204 Occi-

2167 4239 2496 4298 dentalibus
2511 4241 2937 4312 priesulibusde
2955 4241 3156 4298 Photio
3174 4246 3433 4312 tyranno,
3449 4242 3505 4294 et
3518 4235 3758 4304 moecho,

2167 4344 2231 4384 ac
2255 4330 2513 4386 invasore
2527 4331 3170 4402 Constantinopolitanae
3191 4329 3476 4398 Ecclesiae,
3491 4331 3547 4383 et
3560 4327 3630 4382 de
3647 4337 3767 4381 om-

2168 4419 2341 4476 nibus
2360 4419 2702 4491 sequacibus
2714 4420 2857 4490 ejus,
2881 4420 3194 4476 secundum
3221 4417 3594 4490 apostolicam
3607 4417 3764 4470 etca-

2165 4508 2428 4564 nonicam
2447 4508 2846 4563 auctoritatem
2865 4513 2922 4564 et
2939 4510 3299 4581 sententiam,
3319 4521 3489 4580 quam
3511 4502 3759 4577 protulit

2163 4604 2275 4653 tam
2321 4604 2522 4653 contra
2574 4597 2830 4652 eumdem
2867 4598 3156 4668 Photium,
3206 4612 3375 4668 quam
3418 4610 3516 4653 eos
3559 4593 3660 4665 qui
3688 4607 3761 4648 ex

2163 4692 2319 4757 parte
2338 4685 2524 4756 ipsius
2541 4692 2722 4757 erant,
2747 4687 2898 4742 hunc
2916 4686 3184 4743 videlicet
3199 4687 3496 4756 damnans,
3515 4698 3580 4740 eo
3603 4681 3757 4754 quod

2159 4775 2436 4845 invaserit
2458 4775 3152 4846 Constantinopolitanam
3173 4775 3504 4843 Ecclesiam,
3537 4777 3594 4829 et
3622 4771 3764 4840 reje.

2156 4865 2302 4920 cerit
2331 4879 2396 4920 ac
2421 4865 2702 4935 deponere
2721 4879 2899 4921 ausus
2921 4863 3099 4921 fuerit
3121 4869 3292 4935 atque
3317 4861 3761 4919 anathematiza-

2156 4943 2597 5027 veritlgnatium
2613 4953 3042 5010 sanctissimum
3059 4953 3460 5024 patriarcham.
3479 4951 3758 5008 Volumus

2156 5056 2289 5114 ergo
2327 5042 2681 5115 interrOgare
2706 5049 2761 5098 et
2784 5042 2854 5098 de
2905 5042 3029 5112 hoc,
3058 5047 3120 5097 ut
3145 5042 3284 5113 quid
3317 5041 3437 5112 ipse
3459 5039 3752 5110 repulsus,

2155 5139 2211 5187 et
2230 5131 2478 5202 vinctus,
2502 5146 2568 5188 ac
2579 5131 3114 5202 anathematizatus,
3139 5136 3309 5202 atque
3326 5127 3621 5186 saecularis
3635 5127 3755 5182 exi-

2155 5227 2330 5291 stens,
2361 5219 2790 5289 praesumpserit
2809 5219 2982 5275 etiam
3006 5226 3204 5276 contra
3229 5233 3440 5291 magnae
3461 5231 3526 5274 ac
3549 5216 3750 5288 prima:

2154 5309 2307 5366 sedis
2336 5321 2620 5365 summum
2671 5309 2996 5377 pontiﬁcem
3021 5310 3437 5378 depositionem
3461 5306 3664 5376 facere,
3689 5311 3746 5360 et

2152 5399 2450 5454 anathema
2477 5397 2686 5467 dicere,
2705 5411 2770 5455 ac
2794 5400 3065 5456 adversus
3084 5413 3213 5456 eum
3238 5398 3502 5469 ﬁgmenta
3526 5400 3582 5451 et
3607 5408 3743 5466 prae-

2150 5488 2324 5560 stigia
2349 5501 2685 5557 componere
2701 5488 2729 5543 ?
2747 5487 2920 5557 Quem
2941 5495 2997 5545 et
3013 5488 3315 5544 vindicans
3334 5485 3740 5542 sanctissimus

2151 5591 2448 5654 successor
2476 5578 2600 5650 ejus
2623 5577 2933 5652 Adrianus,
2962 5577 3127 5636 misit
3165 5581 3278 5635 tam
3303 5575 3374 5634 ad
3406 5575 3737 5649 piissimum
