4052 6168
213 260 297 319 405
921 256 1468 315 INTERPRETATIO
1509 256 1758 314 SYNODI
1803 257 1923 313 VIII
1964 256 2364 315 GENERALIS.
2385 291 2457 301 —
2492 262 2693 320 ACTIO
2745 266 2852 320 VII.
3484 270 3586 331 106

209 382 597 452 imperatorem,
644 395 813 451 quam
842 381 912 437 ad
964 381 1395 438 sanctissimum
1444 378 1826 450 patriarcham
1857 371 1917 432 A
1944 379 2143 435 minici
2174 381 2297 452 agri
2330 383 2549 438 strenui
2581 387 2638 438 et
2664 385 2900 441 solertes
2921 400 3060 468 \esse
3088 389 3354 463 cultores,
3387 398 3444 450 et
3472 398 3591 467 spi-

210 470 483 542 lgnatium.
530 469 908 540 Imploramus
939 474 1004 526 ut
1032 469 1294 540 legantur
1323 469 1569 539 primum
1601 468 1833 539 quidem
1945 468 2256 525 ritualibus
2284 471 2352 525 ad
2400 472 2791 542 purgationem
2826 473 3012 543 ipsius
3039 477 3356 535 cmlestium
3389 497 3591 552 przece-

209 558 501 615 beatissimi
553 572 710 629 papae
755 558 977 617 Nicolai
1032 563 1187 630 gesta
1226 564 1283 614 et
1309 562 1454 626 acta,
1501 557 1700 628 sicque
1745 556 1837 611 de—
1946 561 2192 627 ptorum,
2218 557 2302 614 uti
2328 558 2639 631 ligonibus,
2663 566 2885 631 Oportet
2904 568 2967 620 ut
2988 566 3350 635 siquasineo
3370 574 3585 643 spinas,

208 662 365 718 mum,
414 661 541 719 qua:
587 660 622 703 a
668 647 1034 704 sanctissimo
1083 661 1224 718 papa
1270 647 1522 703 Adriano
1569 644 1838 716 synodice
1945 645 2130 716 siqua
2160 646 2478 717 germinare
2506 663 2781 708 venenosa
2809 655 3217 728 conspicimus,
3244 661 3367 731 pari
3401 662 3591 720 labore

206 734 466 792 celebrata
491 740 626 792 sunt
650 741 765 792 tam
789 736 859 791 de
887 735 1288 805 hujuscemodi
1316 733 1548 791 infando
1570 732 1841 790 concilia-
1950 734 2326 805 unanimique
2350 736 2469 793 zelo
2492 736 2609 793 haec
2635 739 2916 798 radicitus
2936 746 3252 816 exstirpare
3272 751 3585 823 studentes,

208 823 345 893 bulo,
388 822 539 895 quod
570 824 643 879 ab
671 838 739 881 eo
788 823 1000 880 factum
1049 830 1154 894 est,
1186 837 1356 895 quam
1387 824 1459 880 de
1489 823 1691 878 iterata
1721 835 1842 877 sen-
1950 822 2298 892 arripiamus
2327 826 2609 882 examinis
2640 834 2886 885 rastrum
2917 836 2972 886 et
3003 830 3200 891 falcem
3222 837 3433 906 judicii
3464 822 3601 896 con-

208 912 390 982 tentia,
419 927 547 984 quae
574 913 707 969 data
742 917 829 969 est
856 919 1055 970 contra
1086 909 1216 970 eum
1246 926 1279 968 a
1303 912 1669 968 sanctissimo
1703 924 1843 980 papa
1954 910 2112 965 cordi
2129 913 2435 968 certamine
2457 914 2828 986 proferamus,
2854 932 2942 989 ne,
2968 934 3177 993 quaeso,
3206 924 3262 979 in
3278 940 3380 982 nos
3399 941 3598 999 expro-

203 1000 444 1057 Adriano
484 1004 542 1056 et
583 1007 778 1057 sancta
807 1002 1021 1072 synodo
1052 1017 1178 1073 qua:
1224 1001 1296 1058 ab
1347 1002 1471 1072 ipso
1514 1004 1601 1056 est
1646 1012 1848 1056 convo-
1957 998 2179 1055 brantis
2207 999 2412 1058 affectu
2441 1003 2708 1061 dicatur:
2730 1008 2920 1062 Messis
2949 1010 3167 1077 quidem
3210 1015 3383 1087 multa
3416 1035 3433 1082 ;
3463 998 3597 1087 ope-

204 1095 336 1145 cata.
369 1090 441 1145 Et
470 1096 599 1159 post
629 1090 737 1147 hoc
755 1091 955 1159 jussus
979 1096 1066 1146 est
1108 1090 1432 1160 Stephanus
1468 1091 1582 1145 Deo
1624 1087 1852 1178 amicis-
1957 1089 2112 1178 rarii
2144 1094 2323 1143 autem
2344 1092 2514 1159 pauci
2540 1089 2768 1162 (Matth.
2797 1109 2853 1150 Ix
2875 1096 2909 1166 ).
2956 1096 3344 1158 Consonanter
3383 1110 3594 1178 autem,

204 1177 380 1234 simus
416 1177 698 1235 diaconus
727 1183 784 1234 et
812 1179 1111 1249 notarius;
1139 1183 1196 1234 et
1223 1179 1535 1235 ascendens
1564 1177 1706 1249 legit
1736 1175 1854 1247 epi-
1961 1177 2311 1248 charissimi,
2345 1178 2686 1250 laboremus,
2720 1188 2776 1237 et
2807 1183 2865 1239 in
2896 1198 3031 1257 agro
3057 1188 3357 1248 Dominico
3381 1175 3601 1265 jugiter

203 1266 400 1322 stolam
446 1281 615 1337 quam
643 1267 804 1323 misit
835 1266 1251 1325 sanctissimus
1291 1282 1435 1339 papa
1463 1267 1733 1323 Nicolaus
1779 1266 1848 1322 ad
1962 1266 2214 1337 quidem,
2244 1268 2339 1323 sed
2364 1282 2513 1323 nunc
2545 1270 2907 1339 potissimum
2928 1288 3244 1349 oneremus,
3275 1282 3502 1350 quando
3522 1285 3602 1339 vi-

201 1354 411 1411 clerum
447 1354 1166 1426 ConstantinOpolitanum.
1960 1354 2169 1410 delicet
2190 1354 2247 1410 in
2268 1356 2538 1425 Ecclesia,
2574 1373 2698 1427 quae
2721 1362 3081 1430 apertissime
3107 1366 3443 1426 Dominicus
3471 1384 3604 1443 ager

1959 1443 2300 1512 appellatur,
2323 1449 2555 1501 auctore
2581 1447 2781 1504 Photio
2807 1463 2949 1506 nova
2972 1456 3338 1525 praesumptio
3360 1464 3414 1513 et
3443 1458 3602 1517 inau-
3706 1500 3721 1515 .

1960 1530 2081 1585 dita
2110 1536 2196 1586 est
2224 1536 2349 1588 orta
2377 1534 2683 1591 temeritas.
2717 1537 3010 1609 Siquidem
3043 1541 3139 1597 hic
3168 1544 3426 1605 Photius.
3468 1562 3595 1604 cum

1962 1617 2150 1674 adhuc
2184 1620 2505 1677 mundanus
2536 1623 2800 1680 minister
2827 1633 2965 1693 eset,
2999 1631 3303 1699 genuinam
3335 1635 3603 1705 quodam-

1968 1708 2132 1763 modo
2170 1721 2390 1779 semper
2429 1710 2703 1767 invidiam
2750 1714 3022 1772 adversus
3068 1716 3297 1776 fratrem
3339 1728 3395 1777 et
3423 1726 3608 1794 coepi-

1966 1811 2200 1867 scopum
2223 1803 2481 1854 nostrum
2505 1801 2785 1871 Ignatium
2805 1803 3499 1879 Constantinopolitanum
3520 1829 3610 1884 pa-

285 1907 311 1939 a
349 1888 427 1943 Ea
476 1902 604 1958 quae
654 1900 839 1959 nuper
888 1889 1039 1960 apud
1098 1889 1652 1967 Constantinopolim
1703 1894 1857 1961 gesta
1969 1886 2279 1941 triarcham
2311 1886 2370 1942 in
2403 1893 2626 1957 pectore
2651 1898 2876 1961 gestans
2909 1899 3000 1963 ;et
3027 1897 3095 1951 ad
3126 1900 3465 1967 praesulatus
3493 1903 3611 1960 cul-

204 1500 231 1531 (
262 1479 519 1534 Nicotaus
547 1480 846 1550 episcopus,
878 1496 1065 1536 servus
1119 1497 1397 1537 servorum
1426 1483 1544 1544 Dei,
1594 1495 1853 1536 reveren—

273 1551 513 1606 dissimis
540 1551 811 1618 fratribus
840 1555 1042 1607 nostris
1076 1554 1518 1622 archiepiscOpis,
1549 1552 1853 1621 metropoli-

272 1623 361 1693 εἰς,
392 1627 444 1676 et
472 1624 733 1692 episcopis
784 1621 1543 1693 ConstantinOpolitanas’sedi
1573 1623 1854 1691 subjacen-

275 1677 439 1753 tibus,
472 1677 662 1762 atque:
680 1677 935 1748 uniuerso
960 1677 1265 1749 venerabili
1284 1677 1428 1750 clero
1476 1677 1852 1749 Constantino-
1880 1677 1934 1739 Β

269 1763 645 1832 politanorum
671 1765 940 1828 Ecclesia,

214 1979 441 2031 sunt...
470 1995 498 2026 n
525 1976 754 2047 Reliqua
779 1977 904 2033 vide
935 1980 1076 2034 inter
1101 1980 1357 2049 epistolas
1386 1980 1601 2036 Nicolai
1622 1994 1785 2050 papae
1811 1979 1856 2033 Ι.

213 2065 540 2133 Patrologiz
566 2071 704 2120 tomo
730 2065 963 2129 CXXVI,
997 2068 1099 2123 col.
1137 2064 1291 2123 4067.

286 2154 356 2210 Et
408 2158 537 2224 post
584 2154 1016 2225 completionem
1092 2157 1513 2226 praenominatze
1590 2157 1864 2229 epistola,

215 2242 530 2299 ascendens
551 2243 882 2300 Theodorus
909 2244 1147 2301 devotus
1175 2260 1208 2301 a
1236 2242 1473 2301 secretis
1501 2245 1640 2317 legit
1663 2245 1873 2315 episto-

220 2333 351 2401 lam,
386 2344 514 2401 quze
541 2331 728 2387 delata
757 2337 844 2388 est
890 2346 987 2402 per
1014 2333 1434 2405 Theognostum
1468 2333 1872 2390 reverendissi-

216 2432 371 2474 mum
425 2420 732 2476 exarchum
772 2421 842 2477 ad
876 2421 1153 2478 Basilium
1186 2421 1517 2491 piissimum
1572 2422 1875 2491 imperato-

218 2519 358 2577 rem,
411 2521 539 2578 quae
579 2513 637 2565 et
664 2509 838 2565 missa
885 2508 1071 2566 fuerat
1098 2509 1171 2566 ab
1210 2508 1463 2567 Adriano
1508 2511 1874 2567 sanctissimo

224 2609 363 2666 papa
409 2597 684 2655 Romano.
1204 2618 1212 2623 ·

228 2722 253 2753 ε
281 2702 577 2757 Adrianus
604 2705 908 2773 episcopus,
938 2720 1124 2760 seruus
1153 2721 1430 2761 servorum
1476 2707 1592 2768 Dei,
1629 2688 1880 2761 dilectis—

290 2775 431 2847 simo
470 2774 584 2842 ﬁlio
629 2780 680 2829 et
722 2774 1181 2831 Christianissimo
1232 2778 1549 2847 imperatori
1592 2777 1817 2839 Basilio,
1844 2793 1880 2830 a

290 2846 403 2899 Deo
426 2849 688 2914 protecto,
732 2861 939 2916 semper
964 2847 1234 2916 Augusto.

296 2970 322 2999 α
352 2948 663 3019 Quoniam,
719 2951 1210 3022 tranquillissime
1264 2953 1639 3024 imperator...
1672 2971 1697 3001 »
1730 2954 1885 3009 Reli-

1976 1988 2101 2030 men
2152 1988 2262 2030 non
2311 1976 2612 2047 gradatim,
2663 1979 2746 2034 vel
2803 1983 3014 2037 sensim
3061 1988 3456 2059 conscendere,
3511 1993 3607 2048 sed

1978 2062 2374 2133 praecipitibus
2421 2078 2487 2120 eo
2514 2068 2822 2136 superstite
2874 2071 3138 2139 passibus
3179 2076 3473 2132 transilire
3504 2093 3599 2149 ges

1978 2152 2146 2220 tiens,
2197 2152 2563 2221 semetipsum
2587 2153 2658 2209 ab
2695 2156 2947 2225 ejusdem
2987 2157 3305 2215 beatissimi
3353 2165 3617 2232 przesulis

1977 2239 2376 2297 communione
2390 2239 2525 2297 fecit
2544 2249 2872 2301 extraneum
2888 2263 2901 2300 :
2917 2252 2972 2303 et
2984 2261 3082 2317 per
3096 2248 3199 2303 hoc
3216 2248 3287 2305 ab
3306 2250 3617 2309 universali

1979 2331 2251 2397 Ecclesia,
2274 2345 2398 2401 quae
2413 2332 2523 2402 ipsi
2540 2332 2871 2392 beatissimo
2890 2338 3226 2405 patriarchae
3243 2340 3625 2397 communica-

1983 2416 2098 2490 bat,
2121 2434 2181 2475 se
2202 2421 2455 2477 reddidit
2475 2437 2709 2491 prorsus
2733 2431 3033 2497 extorrem,
3066 2433 3237 2498 atque
3267 2428 3418 2485 inter
3446 2431 3626 2485 schis-

1986 2508 2224 2564 maticos
2245 2511 2441 2578 procul
2472 2511 2650 2568 dubio
2669 2514 3038 2583 constitutus,
3068 2522 3264 2572 contra
3285 2530 3478 2575 sacros
3496 2533 3627 2590 apo-

1986 2596 2221 2652 stolicos
2250 2611 2494 2655 canones
2540 2601 2914 2658 saecularibus
2946 2617 3085 2659 usus
3117 2605 3512 2678 potestatibus,
3546 2621 3632 2663 ec-

1987 2684 2220 2740 clesiam
2260 2685 2948 2757 ConstantinOpolitanam
2992 2692 3288 2761 tyrannica
3327 2698 3383 2749 et
3410 2694 3633 2750 adulte-

1990 2774 2117 2829 rina
2155 2774 2471 2831 temeritate
2515 2778 2761 2845 pervasit
2790 2779 3035 2843 tandem,
3077 2781 3343 2837 videlicet
3374 2781 3631 2838 indebita

1991 2863 2339 2933 usurpando,
2375 2862 2527 2919 foras
2565 2866 2885 2937 ostendens,
2934 2868 3083 2937 quod
3119 2868 3294 2940 intus,
3340 2869 3636 2939 prohibita

1992 2950 2467 3021 concupiscendo,
2522 2953 2715 3009 cordis
2770 2959 2935 3010 antro
2985 2956 3231 3028 gerebat,
3285 2962 3343 3012 et
3398 2957 3634 3013 simula-

228 3054 333 3107 qua
388 3038 518 3093 vide
586 3039 732 3093 inter
787 3041 1041 3109 epistolas
1110 3040 1358 3096 Adriani
1427 3043 1503 3105 II,
1566 3042 1965 3109 Patrologiaec
1995 3036 2173 3093 tionis
2196 3037 2475 3093 velamine
2503 3040 2853 3111 contegebat,
2888 3042 2969 3096 nil
3011 3057 3133 3099 esse
3182 3042 3431 3114 profecto
3476 3044 3641 3100 intel-

229 3131 362 3181 tomo
393 3125 603 3183 CXXII.

295 3215 518 3271 Deinde
574 3220 709 3285 post
744 3217 889 3274 hanc
931 3216 1070 3290 legit
1116 3218 1479 3289 Nicephorus
1522 3220 1763 3275 devotus
1814 3232 1886 3274 no

232 3303 416 3360 tarius
464 3304 789 3374 epistolam,
841 3318 1012 3375 quam
1063 3306 1229 3361 misit
1285 3306 1435 3363 idem
1488 3306 1892 3363 sanctissimus

231 3391 523 3449 Adrianus
557 3406 656 3462 per
695 3394 813 3462 jam
864 3393 1084 3450 dictum
1146 3394 1685 3452 reverendissimum
1738 3408 1895 3450 exar-

234 3480 403 3538 chum
435 3482 505 3537 ad
538 3481 826 3553 Ignatium
871 3482 1300 3540 sanctissimum
1341 3473 1747 3555 patriarcham.

237 3608 261 3637 ι
288 3587 587 3644 Adrianus
615 3589 915 3659 episcopus,
971 3603 1128 3645 secus
1175 3604 1451 3645 servorum
1475 3592 1593 3653 Dei,
1649 3590 1893 3645 honora-

302 3659 569 3713 bilissimo
594 3660 767 3725 fratri
796 3664 848 3714 et
879 3660 1249 3717 consacerdoti
1296 3667 1481 3716 nostra
1507 3661 1723 3730 Ignatio
1754 3677 1895 3716 san-

300 3731 541 3785 ctissimo
566 3730 898 3800 patrmrchae
939 3729 1567 3802 Constantinopolitano.

304 3835 707 3892 «Convenerat
752 3836 1112 3893 sanctitatem
1163 3842 1395 3908 tuam,..
1425 3854 1451 3887 ιο
1500 3838 1731 3906 Reliqua
1774 3836 1897 3891 vide

238 3923 329 3977 ubi
343 3938 540 3994 supra.

303 4011 516 4083 Sicque
561 4011 706 4069 lecta
742 4018 829 4070 est
875 4013 1116 4085 epistola
1160 4027 1192 4070 a
1243 4016 1426 4071 Leone
1475 4012 1898 4085 gloriosissimo

242 4099 706 4170 protospathario
733 4105 847 4157 eta
876 4101 1131 4170 secretis,
1176 4115 1303 4173 quae
1343 4102 1518 4158 missa
1557 4107 1643 4158 est
1680 4102 1749 4158 ad
1805 4102 1901 4157 Ba-

245 4188 445 4245 silium
493 4188 826 4259 piissimum
858 4194 915 4245 et
941 4190 1193 4247 amicum
1237 4190 1453 4247 Christi
1500 4190 1899 4260 imperatorem

245 4276 314 4331 ab
339 4276 602 4333 Adriano
650 4290 792 4347 papa
839 4277 1090 4334 Romano
1135 4291 1235 4347 per
1277 4279 1560 4333 Donatum
1590 4283 1647 4333 et
1672 4278 1903 4347 Stepha-

1994 3124 2099 3196 ligi
2143 3126 2286 3182 dans
2323 3140 2552 3183 causam
2602 3128 2905 3185 scissionis
2946 3144 2978 3184 a
3020 3132 3341 3201 patriarcha
3382 3147 3506 3203 suo,
3550 3132 3635 3187 vel

1996 3215 2231 3270 desertae
2281 3216 2570 3271 communi
2614 3217 2705 3272 nis
2741 3232 2772 3272 a
2804 3222 2921 3273 tota
2969 3219 3253 3290 Ecclesiae,
3300 3220 3414 3276 nisi
3470 3219 3645 3291 pessi-

1998 3316 2120 3360 mos
2148 3302 2440 3358 anhelitus
2483 3303 2772 3361 ambiendi
2817 3306 3182 3375 pontiﬁcatus
3213 3307 3446 3379 infulas,
3479 3313 3536 3364 et
3555 3323 3647 3364 su-

1999 3390 2289 3445 blimioris
2310 3390 2607 3446 obtinendi
2629 3392 2934 3463 dignitatis
2957 3397 3015 3448 et
3035 3395 3333 3467 potestatis
3354 3395 3602 3452 habenas
3626 3414 3641 3465 ;

2001 3477 2214 3549 quibus
2264 3478 2537 3535 nimirum
2577 3478 2845 3549 deinceps
2890 3480 3125 3550 abusus,
3172 3486 3229 3536 et
3258 3488 3486 3551 repente
3529 3498 3642 3540 non

2005 3571 2187 3621 mente
2212 3567 2307 3622 sed
2340 3566 2541 3623 habitu
2574 3570 2844 3634 mutatus,
2877 3568 3083 3625 exsilia
3111 3572 3170 3626 et
3195 3568 3418 3625 diversa
3443 3569 3648 3628 discri-

2006 3654 2178 3724 mina,
2207 3656 2302 3711 sed
2333 3660 2388 3710 et
2414 3660 2623 3712 mortes
2657 3656 2716 3712 in
2735 3656 2949 3712 Christi
2990 3658 3311 3714 sacerdotes
3330 3663 3387 3714 et
3413 3663 3647 3715 cmteros

2007 3743 2218 3808 fideles,
2248 3748 2332 3799 tot
2350 3757 2416 3799 ac
2436 3748 2625 3800 tantas
2657 3745 2878 3815 intulit,
2903 3750 2967 3801 ut
3004 3746 3343 3802 Diocletiani
3369 3747 3647 3804 saevitiam

2008 3831 2224 3886 imitari
2270 3845 2369 3900 per
2406 3832 2597 3888 omnia
2634 3832 2943 3889 videretur.
2994 3834 3228 3905 Propter
3266 3849 3393 3907 quae
3430 3835 3514 3891 vel
3556 3835 3651 3892 his

2008 3917 2226 3973 similia
2273 3924 2483 3974 sancta;
2528 3920 2811 3977 memoriae
2861 3922 3123 3979 decessor
3175 3938 3334 3980 meus
3377 3924 3650 3981 Nicolaus

2010 4007 2183 4076 hujus
2209 4006 2537 4077 apostolicae
2564 4008 2720 4071 sedis
2743 4010 3002 4083 antistes,
3032 4009 3281 4068 fraterna
3310 4013 3498 4069 victus
3526 4013 3648 4068 cha-

2011 4094 2200 4165 ritate,
2230 4095 2416 4166 primo
2459 4095 2689 4170 quidem
2722 4110 2833 4154 non
2860 4112 2888 4153 s
2927 4098 3046 4155 lum
3079 4114 3177 4170 per
3206 4100 3432 4169 missos,
3474 4100 3571 4156 sed
3597 4104 3654 4155 et

2010 4196 2110 4254 per
2130 4184 2351 4241 litteras
2381 4183 2548 4240 illum
2576 4185 2779 4241 merito
2808 4186 3243 4257 reprehendens,
3271 4192 3656 4258 competenter

2009 4273 2326 4340 admonuit,
2359 4277 2417 4329 et
2454 4273 2614 4330 nullo
2658 4287 2717 4330 se
2758 4280 2921 4344 pacto
2968 4274 3025 4329 in
3064 4275 3189 4344 ejus
3231 4290 3395 4346 posse
3433 4290 3653 4347 promo-

244 4377 377 4421 num
408 4370 467 4422 et
495 4365 783 4421 Marinum
817 4365 1361 4423 honorabilissimos
1416 4365 1683 4422 vicarios.
1726 4364 1742 4433 (
1773 4368 1899 4421 Haec
1925 4357 1982 4418 D
2012 4361 2167 4418 tione
2198 4361 2442 4431 praebere
2470 4376 2829 4425 consensum,
2853 4361 3088 4433 scriptis
3120 4363 3341 4420 idoneis
3364 4363 3647 4435 patefecit.

243 4456 448 4524 scripta
478 4457 561 4508 est
601 4454 665 4508 in
687 4456 869 4524 prima
898 4456 1126 4509 actione.
1157 4455 1173 4524 )
1203 4454 1420 4510 Deinde
1461 4454 1772 4519 ascendens
1800 4456 1902 4509 Da-

248 4542 478 4598 mianus
503 4541 1019 4599 reverendissimus
1046 4542 1241 4615 regius
1272 4542 1520 4598 clericus
1543 4546 1600 4598 et
1622 4542 1901 4611 interpres

247 4627 389 4700 legit
408 4629 717 4699 epistolam
756 4644 883 4700 quae
919 4630 989 4687 ad
1037 4630 1471 4688 sanctissimum
1518 4630 1900 4701 patriarcham

248 4717 536 4788 lgnatium
565 4716 638 4773 ab
684 4717 938 4775 Adriano
970 4719 1336 4776 sanctissimo
1380 4731 1524 4790 papa
1571 4718 1747 4774 missa
1792 4724 1898 4789 est,

248 4818 492 4876 quaeque
518 4804 696 4862 allata
739 4810 827 4863 est
876 4820 976 4878 per
1007 4808 1125 4877 jam
1162 4808 1352 4864 dictos
1399 4806 1903 4863 reverendissimos

248 4893 519 4951 vicarios.
572 4893 682 4965 (Et
720 4895 829 4950 haec
872 4897 1198 4967 prwscripta
1238 4901 1317 4952 est
1343 4898 1404 4950 in
1444 4896 1609 4950 tertia
1637 4894 1904 4967 actione.)

249 4981 318 5037 Et
348 4990 479 5054 post
510 4983 654 5054 legit
678 4982 922 5040 Thomas
965 4985 1476 5042 reverendissimus
1516 4984 1904 5040 subdiaconus

251 5076 407 5141 gesta
438 5070 647 5141 synodi
687 5086 813 5143 quae
841 5071 990 5129 facta
1018 5078 1105 5129 est
1132 5073 1204 5129 ab
1249 5073 1503 5130 Adriano
1539 5072 1904 5129 sanctissimo

249 5157 640 5217 Romanorum
673 5174 835 5232 papa.

250 5267 529 5322 Allocutio
548 5282 714 5338 papa
761 5267 1010 5324 Adriani
1036 5270 1112 5324 ad
1157 5269 1443 5325 concilium
1480 5269 1626 5339 quod
1661 5270 1906 5324 convenit

318 5343 516 5393 contra
573 5339 845 5402 Photium,
913 5340 1050 5395 lecta
1090 5356 1191 5410 per
1227 5341 1506 5398 Joannem
1560 5340 1907 5395 archidiaco—

320 5424 456 5463 num
480 5414 689 5464 sancta
714 5410 970 5465 Romanae
994 5412 1262 5467 Ecclesiae.

320 5514 461 5572 Cum
492 5512 823 5586 debeamus,
856 5530 890 5572 o
918 5513 1125 5572 fratres
1154 5523 1211 5573 et
1240 5517 1348 5573 filii
1381 5516 1772 5588 dilectissimi,
1805 5519 1908 5574 Do-

689 5638 923 5697 PATROL.
972 5640 1222 5698 CXXIX.

2006 4450 2223 4505 Deinde
2258 4463 2389 4506 vero
2433 4450 2663 4507 intuens
2713 4450 2861 4506 nihil
2899 4464 2960 4506 se
3009 4450 3297 4522 proﬁcere,
3339 4452 3434 4507 sed
3469 4451 3651 4523 magis

2009 4553 2075 4594 ac
2101 4538 2282 4610 magis
2303 4539 2372 4593 ad
2405 4538 2681 4594 ulteriora
2710 4539 2834 4607 ejus
2876 4540 3103 4595 extendi
3148 4539 3527 4611 tyrannidem,
3555 4553 3652 4597 au-

2009 4626 2273 4683 ctoritate
2319 4627 2492 4683 simul
2539 4627 2735 4683 divina
2780 4631 2836 4681 et
2877 4628 3190 4697 apostolica
3242 4627 3441 4700 fretus,
3494 4629 3650 4685 sedis

2009 4715 2355 4786 apostolicae,
2377 4715 2473 4772 cui
2500 4713 2857 4786 praesidebat,
2893 4714 3225 4785 pontiﬁcum
3254 4730 3463 4772 morem
3494 4730 3652 4773 secu-

2012 4810 2127 4875 tus,
2155 4806 2216 4858 in
2237 4809 2493 4875 promptu
2523 4804 2724 4858 habens
2765 4804 3079 4860 secundum
3125 4804 3480 4875 Apostolum,
3525 4821 3649 4860 om—

2011 4910 2133 4948 nem
2178 4894 2368 4949 ulcisci
2381 4907 2608 4963 prorsus
2636 4886 3057 4948 inobedientiam
3081 4891 3175 4964 (ΙΙ
3213 4894 3330 4949 Cor.
3357 4909 3392 4948 x
3413 4893 3430 4967 )
3453 4913 3468 4964 ;
3495 4894 3649 4950 hunc

2010 4984 2080 5039 ad
2124 4981 2462 5037 creationem
2501 4978 2573 5036 ab
2611 4994 2676 5035 eo
2718 4980 3014 5051 elisorum,
3047 4988 3104 5037 et
3133 4981 3643 5039 innumerabilium

2014 5068 2373 5141 refrigerium
2424 5068 2784 5136 aﬂlictorum,
2839 5070 3086 5141 regulari
3137 5070 3437 5141 sententia,
3488 5070 3647 5140 quia,

2013 5160 2167 5215 sicut
2196 5157 2306 5227 ipsi
2354 5157 2556 5228 nostis,
2587 5157 2876 5228 corrigere
2913 5171 3025 5215 non
3073 5158 3278 5229 potuit,
3318 5158 3650 5229 deponendo

2015 5246 2340 5318 prostravit,
2368 5250 2424 5302 et
2452 5246 2981 5303 anathematizando
3018 5246 3089 5303 ab
3115 5247 3334 5316 ordine,
3382 5259 3549 5317 quem
3576 5246 3653 5301 la-

2016 5336 2198 5392 tronis
2229 5348 2382 5391 more
2424 5335 2668 5392 sortitus
2691 5332 2896 5407 fuerat,
2929 5335 3325 5405 sequestravit.
3356 5334 3536 5403 Cujus
3565 5334 3648 5390 rei

2015 5423 2198 5495 gratia
2226 5423 2373 5479 idem
2394 5422 2635 5479 Photius
2657 5424 3061 5492 inflammatus,
3086 5436 3198 5478 non
3220 5423 3407 5479 solum
3430 5435 3540 5477 non
3566 5426 3652 5476 est

2017 5526 2277 5573 reversus
2319 5513 2389 5569 ad
2431 5512 2839 5583 percutientem
2874 5527 2951 5581 se,
2985 5510 3260 5568 nimirum
3306 5510 3405 5581 qui
3449 5508 3653 5565 durior

3365 5630 3400 5689 4
