4052 6168
433 252 536 320 ’1οἿ

1668 259 2027 316 ANASTASII
2072 260 2614 320 BIBLIOTHECARII

3731 261 3832 322 408

428 389 596 447 silice
617 401 719 445 nec
740 389 886 447 dura
910 387 1142 444 verbera
1163 387 1365 457 sensit,
1387 392 1444 444 et
1469 387 1732 444 imitatus
1751 387 2068 458 diabolum,
2099 385 2160 448 A
2191 395 2339 446 trum
2358 396 2415 446 et
2430 391 2627 463 lingua
2650 395 2842 448 nostra
2859 389 3281 461 exsultatione;
3303 389 3546 462 ideoque
3565 390 3834 447 innume—

429 493 532 535 nec
572 483 871 550 postquam
910 491 942 534 e
977 478 1120 534 caelo
1159 477 1390 547 cecidit,
1450 477 1748 548 superbire
1803 479 2066 549 cessavit,

429 581 624 624 verum
645 566 816 623 etiam
838 566 1234 623 conventicula
1259 565 1640 637 malignorum
1662 580 1807 636 smpe
1827 579 2070 638 congre-

430 669 588 727 gans,
634 669 972 728 synagogam
999 655 1365 725 sanguinum,
1389 653 1484 710 cui
1513 660 1578 710 ut
1617 654 1880 725 princeps
1907 654 2075 711 latro-

432 757 566 800 num
597 743 720 814 ipse
759 742 1042 813 praesedit,
1083 741 1348 814 collegit:
1374 746 1430 797 et
1461 746 1592 798 ante
1617 742 1868 813 quidem,
1895 747 1958 799 ut
1977 756 2074 798 sae-

427 833 703 889 vissimus
735 831 1036 902 patricida,
1062 836 1275 902 patrem
1299 845 1464 887 suum
1492 831 1772 903 Ignatium
1809 845 2077 888 reveren-

427 921 733 978 dissimum
785 919 1164 990 patriarcham
1210 919 1506 990 pr0prium
1576 919 1840 989 perculit,
1905 925 1962 976 et
2001 921 2070 976 ad

426 1009 609 1065 lucem
651 1009 961 1079 pervenire,
1009 1008 1124 1063 nisi
1170 1008 1551 1064 exstinctione
1595 1009 1866 1078 parentis,
1911 1022 2072 1079 posse

422 1098 749 1167 desperans,
807 1097 958 1154 hunc
1019 1097 1202 1153 instar
1259 1096 1474 1152 atrocis
1528 1097 1734 1166 vipera:
1796 1097 2072 1168 perimere

422 1184 644 1242 crudeli
691 1199 884 1242 morsu
909 1199 1022 1242 non
1063 1185 1286 1261 metuit.
1329 1185 1460 1241 Po‘st
1495 1185 1612 1240 haec
1636 1199 1768 1242 vero
1794 1186 2070 1256 posuitin

423 1274 628 1332 omium
667 1289 732 1331 os
771 1287 962 1345 suum,
998 1280 1056 1330 et
1082 1273 1282 1346 lingua
1328 1275 1454 1344 ejus
1484 1274 1720 1330 transiit
1743 1289 1917 1344 super
1941 1280 2066 1332 ter—

424 1377 565 1434 ram,
604 1363 741 1420 dum
780 1363 1050 1419 videlicet
1084 1368 1281 1419 contra
1323 1363 1580 1420 divinam
1618 1364 2060 1436 ordinationem,

421 1451 652 1509 caelitus
692 1451 752 1507 in
789 1451 940 1509 beati
980 1451 1132 1507 Petri
1181 1451 1468 1522 principis
1508 1452 1894 1522 apostolorum
1939 1453 2071 1523 pri—

423 1544 578 1596 matu
597 1540 960 1610 dispositam,
986 1539 1205 1610 pntridi
1229 1539 1484 1611 gurgitis
1511 1545 1710 1611 guttur
1737 1541 1983 1610 aperuit,
2011 1545 2068 1596 et

421 1627 692 1684 adversus
725 1628 978 1698 ejusdem
1016 1627 1174 1700 regni
1212 1627 1464 1684 caelestis
1491 1627 1760 1700 clavigeri
1784 1629 2068 1698 apostoli—

2187 492 2280 534 ras
2307 479 2502 535 laudes
2531 485 2586 536 et
2605 479 2826 535 cantica
2849 477 3142 550 spiritalia
3166 478 3408 534 Domino
3439 479 3826 549 decantamus,

2184 570 2240 622 et
2269 567 2625 636 pontiﬁcium
2664 573 2913 640 vestrum
2947 567 3173 622 'divinae
3224 567 3506 636 majestati
3561 573 3830 638 perpetuo

2184 656 2630 712 conservandum
2655 655 2914 726 quot.die
2941 656 3438 723 commendamus;
3471 655 3608 726 quia
3639 660 3834 726 pater-

2184 755 2384 799 narum
2427 743 2802 800 traditionum
2861 748 3131 800 strenuus
3173 749 3494 814 exsecuto',
3561 747 3618 800 et
3678 743 3831 805 sedis

2181 831 2510 901 apostolicae
2532 831 2966 904 privilegiorum
2985 831 3238 904 diligens
3255 836 3638 898 conservator,
3661 837 3831 902 atque

2181 919 2511 990 apostolica:
2533 920 2816 976 memorias
2841 921 3163 977 decessoris
3189 919 3362 976 vestri
3382 920 3829 978 constitutorum

2181 1005 2659 1080 ferventissimus,
2685 1013 2750 1064 ut
2777 1008 3088 1080 cernimus,
3128 1009 3342 1066 zelator
3373 1009 3598 1080 existis,
3623 1013 3680 1064 et
3707 1009 3830 1080 ejus

2181 1096 2448 1166 quodque
2471 1095 2834 1154 salutiferum
2863 1101 2920 1153 et
2947 1097 3330 1168 apostolicum
3355 1097 3668 1167 decretum,
3698 1102 3835 1154 tan-

2180 1198 2348 1258 quam
2368 1189 2590 1255 patrum
2608 1189 3030 1256 testamentum,
3077 1189 3272 1256 utpote
3300 1185 3432 1256 pius
3463 1185 3832 1268 haeres,exse-

2179 1273 2393 1344 queris.
2427 1271 2605 1330 Debes
2637 1273 2790 1330 enim
2819 1273 3008 1344 ipsius
3049 1273 3111 1330 in
3147 1273 3420 1330 omnibus
3442 1274 3682 1346 flagrare
3711 1273 3830 1330 zelo

2181 1361 2433 1432 pietatis,
2473 1362 2600 1432 ejus
2629 1361 2908 1418 nimirum
2954 1361 3142 1418 locum
3195 1361 3454 1432 possides
3500 1361 3827 1435 dignitatis.

2179 1449 2280 1506 Ille
2305 1463 2436 1508 vero
2466 1450 2726 1522 Photius,
2753 1450 2854 1522 qui
2882 1464 2984 1522 pro
3008 1463 3074 1508 eo
3095 1451 3244 1523 quod
3283 1448 3533 1508 forensis
3565 1455 3623 1506 et
3643 1451 3832 1508 curia-

2180 1538 2256 1594 lis
2271 1539 2353 1594 rei
2361 1537 2603 1608 publica:
2620 1539 2882 1596 minister
2897 1539 3168 1610 existens,
3188 1539 3473 1610 extemplo
3491 1538 3552 1596 in
3573 1539 3830 1597 ecclesia:

2176 1631 2334 1696 septa
2361 1627 2733 1700 transcendit,
2759 1632 2818 1684 et
2842 1632 2905 1684 ut
2936 1627 3110 1698 lupus
3139 1641 3314 1697 rapax
3343 1627 3500 1700 gregi
3535 1641 3646 1684 non
3681 1642 3826 1698 par-

419 1729 541 1772 cam
562 1717 772 1787 sedem,
812 1723 868 1772 et
915 1716 1260 1786 praecipuam
1301 1729 1368 1772 ac
1406 1730 1685 1773 summam
1724 1717 2064 1790 dignitatem
2103 1707 2149 1767 Β
2175 1729 2328 1780 cens,
2363 1729 2472 1772 non
2495 1715 2678 1772 solum
2714 1715 2772 1770 in
2801 1715 3125 1773 alienorum
3156 1715 3446 1786 stipendia
3487 1715 3824 1774 meritorum

419 1810 474 1860 et
529 1809 881 1874 potestatem,
925 1805 1179 1877 linguam
1226 1818 1386 1861 suam
1428 1818 1582 1860 more
1641 1805 1924 1875 serpentis
1977 1819 2068 1862 ex-

417 1892 614 1963 acuit;
652 1892 828 1950 vitam
849 1893 1079 1950 scilicet
1101 1893 1420 1952 decessoris
1454 1893 1562 1948 mei
1599 1893 1776 1950 beatae
1799 1895 2068 1950 recorda-

417 1980 598 2038 tionis
641 1995 796 2051 papa:
836 1981 1058 2038 Nicolai
1094 1981 1370 2038 lacessere
1411 1981 1572 2038 nullo
1599 1983 1764 2038 modo
1789 1987 2061 2053 metuens,

416 2083 519 2126 nec
554 2068 742 2140 nobis,
779 2070 878 2141 qui
922 2070 1047 2139 ejus
1071 2069 1166 2125 vix
1200 2070 1364 2142 digni
1391 2068 1616 2141 famuli,
1651 2075 1714 2128 ut
1739 2085 1848 2128 non
1875 2071 2063 2128 dicam

411 2171 703 2229 sequaces,
769 2158 1121 2228 exstitimus,
1185 2172 1416 2228 parcere
1483 2164 1778 2230 utcunque
1832 2173 2066 2217 consen-

418 2246 592 2316 tiens,
631 2247 730 2304 sed
769 2251 1044 2318 utrosque
1083 2247 1406 2304 maledictis
1455 2247 1744 2318 impetere,
1785 2253 2061 2320 quantum

414 2334 474 2391 in
501 2349 560 2392 se
598 2334 731 2405 fuit,
755 2341 810 2391 et
835 2335 1186 2406 blasphemis
1226 2336 1456 2392 inﬁcere
1475 2337 1666 2393 verbis
1701 2337 2058 2408 existimans,

414 2421 690 2480 falsitatis
735 2423 1027 2495 praestigia
1074 2423 1286 2494 ﬁngere
1327 2429 1586 2496 conatus,
1625 2431 1683 2481 et
1722 2427 1914 2482 nescio
1935 2441 2061 2498 quae

411 2510 724 2580 Phytonica
768 2511 1127 2581 estsomnia
1169 2511 1254 2566 vel
1296 2519 1649 2584 argumenta,
1699 2514 2061 2585 compilando

417 2598 618 2669 procul
654 2599 856 2670 dubio,
891 2603 1322 2656 commentatus.
1357 2601 1426 2656 Et
1449 2606 1599 2657 certe
1619 2601 1752 2672 quis
1779 2602 1878 2658 ille
1901 2604 2063 2659 Pater

411 2693 621 2758 noster,
645 2687 730 2744 vel
753 2695 1005 2759 quantus
1023 2692 1124 2743 aut
1153 2688 1347 2759 qualis
1379 2689 1687 2761 exstiterit,
1735 2704 1932 2747 omnes
1956 2691 2056 2762 qui

410 2789 632 2833 morum
654 2776 780 2846 ejus
802 2776 1077 2848 insignia,
1110 2777 1193 2832 vel
1235 2777 1515 2834 virtutum
1542 2782 1753 2848 trapaea
1776 2778 2053 2846 recolitis,

410 2863 640 2934 plenius
663 2864 1019 2936 agnovistis,
1051 2865 1334 2935 quomodo
1353 2866 1579 2922 scilicet
1615 2867 1672 2921 in
1711 2867 1884 2938 hujus
1918 2867 2050 2923 tetri

407 2951 727 3024 caliginoso
770 2953 964 3009 saeculi
1009 2967 1185 3010 cursu
1215 2967 1341 3010 sero
1384 2954 1610 3010 tandem
1651 2955 1808 3012 sicut
1845 2969 2092 3012 novum-

2177 1804 2342 1876 quasi
2382 1804 2569 1874 praedo
2597 1818 2780 1860 saevus
2811 1803 3049 1874 irrupit,
3087 1817 3281 1860 verum
3313 1803 3486 1860 etiam
3523 1803 3735 1862 deinde
3768 1805 3826 1861 in

2175 1893 2440 1949 cathedra
2495 1892 2953 1963 pestilentiarum
2984 1904 3015 1934 δ
3043 1893 3269 1963 sedens,
3321 1897 3436 1949 tam
3477 1893 3828 1963 praesulibus

2176 1994 2344 2052 quam
2377 1980 2520 2036 ﬁliis
2539 1980 2922 2038 Ecclesiarum
2963 1981 3130 2054 longa
3156 1981 3382 2049 exsilia,
3422 1980 3550 2037 dira
3579 1981 3823 2054 ﬂagella,

2173 2072 2248 2135 et,
2305 2075 2370 2126 ut
2410 2069 2657 2126 breviter
2707 2070 2901 2126 omnia
2955 2069 3524 2140 comprehendamus,
3572 2075 3823 2127 extrema

2175 2157 2450 2228 pericula,
2477 2158 2717 2214 latronis
2745 2157 2944 2222 instar,
2973 2157 3183 2214 callide
3208 2158 3570 2230 praeparavit,
3602 2159 3830 2228 deposi-

2175 2250 2271 2302 tus
2299 2251 2355 2302 et
2382 2245 2896 2302 anathematizatus
2927 2245 3148 2316 existit,
3175 2245 3489 2302 concilium
3511 2259 3826 2304 convocare

2175 2348 2286 2391 non
2332 2335 2539 2405 potuit,
2574 2339 2631 2390 et
2676 2335 2982 2391 damnatus
3027 2333 3176 2391 alios
3225 2335 3497 2390 damnare
3537 2336 3819 2406 nequivit.

2172 2421 2337 2478 Sicut
2347 2423 2541 2494 etiam,
2555 2436 2684 2479 cum
2699 2422 2912 2493 sitipse
2934 2421 3320 2493 depositionis
3331 2423 3514 2478 ruinae
3525 2422 3821 2496 subactus,

2175 2524 2522 2582 quemquam
2544 2510 2864 2580 deponendi
2877 2509 3010 2581 jura
3027 2525 3138 2567 non
3158 2511 3432 2581 possidet,
3449 2515 3508 2567 et
3528 2510 3826 2582 multipli—

2170 2599 2258 2654 cis
2277 2598 2656 2670 obligationis
2673 2598 2894 2655 retibus
2917 2599 3230 2670 involutus,
3259 2599 3540 2656 neminem
3569 2599 3827 2671 quibus-

2171 2686 2316 2743 libet
2337 2687 2651 2743 innodandi
2677 2686 2920 2744 nexibus
2937 2687 3022 2744 uti
3043 2687 3332 2758 facultate,
3357 2688 3570 2758 patenti
3601 2687 3825 2745 ratione

2167 2775 2556 2832 convincitur.
2587 2777 2734 2848 Ergo
2751 2775 2888 2847 quia
2905 2789 3078 2846 super
3103 2775 3207 2832 hoc
3232 2777 3493 2832 videmus
3519 2775 3821 2846 impletum

2168 2863 2317 2934 quod
2344 2877 2442 2933 per
2479 2863 2836 2920 Psalmistam
2866 2863 3126 2920 canitur:
3159 2865 3314 2920 Dixit
3344 2865 3606 2934 injustas,
3626 2868 3688 2919 ut
3717 2865 3825 2920 de-

2173 2952 2388 3022 linquat
2417 2954 2476 3006 in
2519 2954 2798 3022 semetipso
2819 2969 2838 3005 :
2881 2967 2992 3006 non
3019 2957 3099 3007 est
3128 2953 3290 3008 timor
3331 2953 3430 3008 Dei
3468 2957 3594 3007 ante
3635 2953 3824 3008 oculos

408 3039 575 3098 sidus
593 3041 944 3112 apparuerit,
989 3041 1254 3112 quinimo
1279 3042 1444 3112 quasi
1477 3042 1722 3100 Phoebus
1764 3043 1824 3099 in
1845 3044 2054 3101 aathere
2081 3063 2131 3127 ο
2165 3040 2301 3108 ejus.
2337 3039 2602 3105 Quoniam
2632 3040 2812 3095 dolose
2840 3041 2950 3108 egit
2983 3041 3044 3094 in
3072 3045 3359 3111 conspectu
3382 3040 3500 3110 ejus
3525 3058 3543 3095 :
3568 3045 3632 3095 ut
3658 3041 3826 3096 inve-

407 3141 523 3198 pra:
563 3128 791 3184 cunctis
833 3129 1009 3184 astris
1045 3128 1362 3198 eﬁ'ulserit;
1425 3131 1708 3202 quomodo
1753 3131 1904 3188 hunc
1955 3146 2054 3190 nec

407 3216 615 3273 blanda
655 3231 894 3288 quaeque
936 3215 1195 3290 frangere
1217 3219 1527 3289 potuerint,
1547 3233 1664 3276 nec
1698 3234 1898 3290 aspera
1921 3235 2060 3290 per—

407 3305 676 3372 turbare;
719 3306 1002 3376 quomodo
1048 3306 1222 3362 etiam
1267 3319 1368 3364 nec
1418 3309 1614 3364 mundi
1665 3309 2052 3380 principibus,

321 3455 338 3468 ,
405 3393 671 3450 Michaeli
707 3394 932 3450 scilicet
959 3399 1017 3450 et
1045 3396 1238 3452 Barda:
1261 3401 1459 3454 contra
1477 3397 1770 3467 justitiam
1813 3397 2051 3471 faverit;

405 3496 551 3552 quos
590 3481 888 3555 nimirum,
922 3496 983 3540 se
1028 3498 1256 3541 murum
1295 3499 1588 3555 opponens
1610 3501 1710 3554 pro
1735 3488 1908 3543 domo
1938 3490 2056 3544 Do-

405 3570 574 3639 mini,
602 3585 749 3641 saepe
786 3573 1102 3644 redarguit,
1127 3578 1182 3627 et
1229 3572 1322 3628 his
1364 3573 1564 3644 inique
1601 3575 1911 3645 agentibus
1935 3575 2057 3631 fre—

405 3664 645 3730 quenter
666 3661 950 3729 intrepide
973 3661 1209 3715 restitit.
1252 3661 1418 3732 Ergo,
1445 3661 1820 3718 dilectissimi
1851 3662 2056 3721 fratres

403 3753 461 3804 et
499 3747 634 3819 ﬁlii,
671 3749 1030 3804 considerate
1056 3748 1194 3818 quid
1240 3761 1412 3818 super
1439 3748 1772 3818 hujusmodi
1816 3753 2057 3808 temeri—

407 3841 522 3892 tate
564 3836 644 3892 sit
682 3835 848 3891 nobis
889 3836 1196 3907 agendum,
1237 3837 1322 3892 vel
1362 3837 1502 3908 quid
1551 3838 1622 3894 de
1665 3840 2058 3898 conciliabulo

409 3924 532 3994 illo,
558 3924 642 3979 vel
686 3921 942 3993 profanis
987 3924 1178 3993 ipsius
1224 3925 1372 3980 actis
1403 3939 1501 3996 per
1551 3927 1939 3984 ministerium
1967 3943 2060 3988 no-

405 4019 588 4069 strum
615 4012 825 4068 existat
849 4009 971 4068 fore
1011 4011 1471 4084 deliberandum,
1501 4015 1639 4085 quid
1687 4017 1858 4072 etiam
1880 4017 1950 4073 de
1980 4018 2058 4074 iis

404 4100 506 4172 qui
543 4098 948 4166 interfuerunt,
982 4100 1065 4156 vel
1098 4114 1268 4157 manu
1295 4102 1526 4172 propria
1561 4103 2053 4178 subscripserunt,

404 4189 492 4244 sic
518 4187 590 4244 ab
638 4189 1019 4244 unanimitate
1048 4189 1306 4245 omnium
1337 4195 1596 4248 nostrum
1642 4191 2054 4264 deﬁniendum,

407 4276 623 4332 intente
667 4282 924 4349 tractate,
965 4281 1023 4333 et
1063 4277 1244 4334 libere
1273 4277 1488 4351 singuli
1523 4292 1648 4350 quae
1679 4281 1914 4337 sentitis
1941 4282 2060 4339 edi-

2169 3129 2312 3182 niret
2339 3129 2685 3198 iniquitatem
2712 3143 2867 3183 suam
2883 3134 2936 3183 et
2963 3129 3164 3184 odium.
3213 3129 3390 3184 Verba
3417 3131 3526 3185 aiis
3551 3129 3670 3198 ejus
3699 3131 3826 3184 ini-

2167 3217 2351 3285 quitas
2381 3221 2433 3270 et
2489 3216 2684 3272 dolus:
2741 3217 2919 3272 noluit
2963 3217 3284 3285 intelligere,
3339 3221 3403 3271 ut
3443 3217 3572 3272 bene
3611 3222 3818 3286 ageret.

2165 3305 2518 3375 Iniquitatem
2553 3305 2848 3360 meditatus
2894 3309 2973 3360 est
3007 3307 3067 3359 in
3091 3304 3260 3359 cubili
3285 3320 3383 3360 suo
3407 3323 3426 3360 :
3455 3305 3632 3360 astitit
3671 3307 3826 3360 omni

2172 3395 2276 3448 vim
2293 3409 2402 3448 non
2424 3393 2593 3457 bona,
2624 3394 2892 3448 malitiam
2908 3398 3088 3448 autem
3103 3409 3212 3448 non
3232 3394 3405 3448 adivit
3421 3390 3586 3464 (Psal.
3617 3393 3819 3466 xxxv).

2166 3480 2542 3536 Succendatur
2569 3484 2710 3536 sicut
2747 3483 2892 3550 ignis
2914 3482 3060 3536 zelus
3097 3487 3244 3545 tuus,
3267 3496 3301 3538 o
3329 3481 3561 3540 domine
3593 3481 3825 3538 beatis-

2165 3569 2310 3626 sime
2352 3583 2515 3641 papa,
2557 3575 2608 3626 et
2631 3572 2852 3639 accinge
2881 3573 3023 3626 sicut
3057 3573 3145 3638 vir
3169 3571 3375 3626 lumbos
3405 3577 3545 3634 tuos,
3571 3576 3627 3626 et
3651 3571 3734 3640 inj
3745 3587 3828 3628 u—

2168 3657 2311 3712 riam
2344 3657 2840 3729 sedisapostolicae
2859 3665 2922 3714 ut
2932 3659 3126 3728 justus
3137 3658 3313 3728 judex
3349 3659 3644 3715 ulciscere.
3674 3658 3822 3716 Ecce

2166 3745 2317 3802 enim
2335 3745 2574 3818 angelus
2588 3746 2815 3804 Domini
2837 3753 2955 3818 tua,
2977 3751 3041 3804 ut
3053 3748 3336 3819 quondam
3351 3747 3501 3802 Petri
3516 3743 3659 3818 (Act.
3685 3748 3818 3820 xu),

2167 3833 2342 3890 latera
2364 3835 2630 3906 tundens,
2667 3841 2732 3892 ut
2772 3835 3011 3893 desidia:
3048 3849 3305 3907 soporem
3336 3836 3588 3906 deponas
3607 3835 3824 3893 admo-

2168 3927 2266 3978 net
2287 3929 2350 3978 ut
2369 3924 2438 3978 ad
2464 3923 2648 3980 salute
2693 3943 2700 3958 ν
2732 3925 2989 3996 gentium
3028 3938 3158 3980 cum
3189 3925 3352 3981 Petro
3381 3937 3584 3996 surgas
3611 3925 3823 3981 horta—

2167 4015 2282 4066 tur.
2311 4012 2450 4066 Ecce
2469 4011 2617 4067 alias
2634 4011 2888 4068 Ananias
2917 4011 3091 4068 fallax
3121 4011 3264 4084 (Act.
3284 4012 3358 4086 v),
3385 4011 3656 4068 videlicet
3676 4012 3823 4069 Pho-

2166 4097 2306 4170 tius,
2329 4098 2442 4156 imo
2461 4098 2848 4156 damnabilior
2865 4099 3086 4156 Anania
3117 4100 3356 4156 Photius
3385 4098 3811 4170 comprobatur.

2163 4185 2518 4257 Quapropter
2545 4187 2863 4259 considera,
2889 4188 3023 4260 quia
3045 4187 3096 4243 si
3126 4187 3226 4243 ille
3247 4189 3320 4244 de
3357 4187 3592 4258 proprio
3635 4187 3818 4244 semel

2166 4275 2442 4333 mentitus
2465 4277 2666 4334 mortis
2683 4291 2900 4348 prunam
2922 4276 3204 4346 incurrit;
3225 4277 3376 4348 quod
3407 4274 3646 4332 Photius
3669 4289 3822 4333 mor-

403 4364 534 4422 cite.
579 4365 692 4436 Ego
722 4369 910 4421 tamen
943 4379 1045 4435 pro
1076 4365 1199 4438 lege
1240 4367 1362 4435 Dei,
1397 4381 1498 4436 pro
1539 4368 1794 4436 paternis
1817 4384 2056 4427 conser—
2079 4383 2134 4445 D
2164 4365 2312 4421 tium
2341 4379 2472 4422 reus
2499 4371 2586 4422 est
2613 4366 2713 4437 qui
2752 4365 2823 4422 de
2854 4380 2920 4423 eo
2950 4379 3124 4436 super
3152 4366 3302 4437 quod
3327 4366 3426 4436 jus
3451 4364 3676 4421 nullum
3699 4364 3822 4420 ha—

403 4453 606 4510 vandis
642 4453 982 4524 canonibus,
1053 4468 1154 4524 pro
1212 4456 1575 4510 veneratione
1639 4457 2050 4526 apostolorum.

406 4555 508 4611 pro
533 4541 859 4614 privilegiis
887 4539 1260 4598 defendendis
1308 4542 1462 4598 sedis
1510 4542 1789 4618 ipsorum,
1839 4560 2053 4618 proque

405 4634 612 4685 sach
639 4630 948 4688 mentionis
975 4629 1294 4688 decessoris
1336 4630 1444 4686 mei
1473 4644 1628 4702 papa:
1653 4632 1872 4690 Nicolai
1902 4649 2056 4704 prae-

403 4716 649 4774 dicanda
699 4718 990 4789 memoria,
1047 4722 1105 4772 et
1170 4717 1542 4788 sequentibus
1578 4719 1826 4790 actibus,
1881 4727 2052 4793 atque

405 4803 762 4860 celebrandis
802 4804 1264 4876 deﬁnitionibus,
1299 4819 1409 4862 non
1431 4806 1619 4863 solum
1640 4809 1796 4864 varia
1827 4809 2056 4866 incom-

408 4891 571 4949 moda
612 4893 850 4962 perpeti,
895 4905 1090 4949 verum
1121 4893 1294 4948 etiam
1341 4907 1495 4950 more
1542 4903 1864 4954 sanctorum
1901 4911 2053 4967 pra:—

407 4979 764 5036 decessorum
793 4993 1044 5038 meorum
1072 4980 1402 5051 pontiﬁcum
1455 4982 1515 5039 in
1556 4989 1820 5054 promptu
1847 4983 2047 5045 habeo.

408 5067 458 5123 si
492 5080 716 5124 necesse
745 5067 824 5124 sit
851 5069 1051 5124 mortis
1080 5069 1365 5126 sustinere
1391 5071 1723 5126 discrimen.

407 5165 697 5234 Responsio
735 5167 949 5220 concilii
984 5169 1188 5236 prima,
1228 5183 1350 5236 qua:
1383 5169 1520 5224 lecta
1559 5173 1638 5223 est
1677 5185 1712 5222 a
1746 5169 2046 5224 Gauderico

479 5237 944 5291 honorabilissimo
960 5240 1202 5308 episcopo
1235 5240 1682 5294 Veliternensium
1701 5241 1968 5295 Ecclesiae.

2164 4451 2312 4524 buit,
2340 4467 2451 4510 non
2471 4453 2664 4524 semel,
2697 4454 2793 4510 sed
2811 4453 3030 4522 crebro,
3058 4467 3167 4510 non
3192 4467 3390 4523 unum,
3425 4453 3520 4510 sed
3558 4451 3819 4522 plurima

2163 4539 2438 4598 falsitatis
2479 4541 2744 4614 ﬁgmenta
2783 4541 3152 4613 composuit?
3192 4542 3548 4612 Quapropter
3575 4552 3820 4598 oramus

2161 4634 2236 4701 te,
2259 4630 2488 4688 domine
2507 4630 2830 4702 coangelice
2859 4643 3021 4702 papa,
3056 4636 3123 4686 ut
3145 4630 3404 4688 eumdem
3438 4629 3654 4687 habens
3676 4629 3824 4698 spi-

2162 4718 2336 4775 ritum
2371 4719 2524 4788 ﬁdei,
2555 4718 2929 4790 eumdemque
2953 4718 3132 4776 zelum
3160 4719 3412 4790 pietatis,
3437 4731 3606 4790 quem
3631 4721 3688 4772 et
3714 4731 3821 4788 pa-

2160 4811 2276 4864 tres
2299 4808 2386 4866 tui
2427 4807 2832 4864 ferventissimi
2865 4807 3156 4879 prmsules,
3187 4805 3643 4864 conciliabulum
3666 4819 3809 4862 cum

2160 4898 2338 4968 gestis
2382 4897 2528 4968 suis,
2571 4897 2720 4968 quod
2767 4897 3267 4968 Constantinopoli
3320 4909 3502 4967 nuper
3528 4895 3820 4950 adversus

2158 4985 2314 5041 sedis
2331 4991 2495 5056 apost
2532 4985 2658 5042 lica;
2683 4985 2984 5058 gremium,
3007 4985 3122 5042 imo
3152 4990 3350 5042 contra
3366 4984 3662 5040 veritatem
3695 4983 3819 5040 sub

2157 5075 2452 5144 tyrannica
2496 5075 2809 5144 imperante
2837 5073 3112 5130 Michaele
3137 5079 3484 5146 congregata
3507 5087 3538 5127 n
3579 5077 3685 5142 est,
3723 5071 3817 5130 ita

2157 5161 2452 5219 sententiae
2489 5167 2688 5218 vestrae
2737 5161 2880 5217 falce
2911 5162 3222 5234 recidatur,
3273 5167 3340 5218 ut
3368 5160 3592 5217 nullum
3636 5161 3708 5216 de
3737 5175 3818 5218 eo

2157 5254 2604 5319 monumentum,
2635 5249 2858 5305 nullum
2883 5256 3167 5307 remaneat
3205 5249 3443 5305 omnino
3465 5247 3815 5320 vestigium,

477 5331 623 5403 Quia
652 5347 752 5390 cor
778 5335 1132 5404 apostolatus
1153 5335 1326 5390 vestri
1359 5335 1544 5406 gratia
1575 5335 1757 5391 sancti
1789 5337 2043 5406 Spiritus
2153 5340 2248 5397 sed
2278 5339 2349 5394 ad
2389 5339 2480 5395 sui
2519 5338 2943 5395 damnationem
2983 5340 3069 5395 vel
3110 5337 3555 5395 exsecrationem
3575 5337 3820 5393 Arimi—

407 5421 798 5492 couspicimus
830 5423 1202 5492 illustratum,
1231 5423 1508 5492 repletum
1523 5429 1609 5478 est
1633 5425 1844 5495 gaudio
1868 5440 1932 5482 os
1948 5442 2044 5486 no-
2149 5427 2314 5484 nensi
2331 5427 2544 5498 synodo
2561 5426 2644 5483 vel
2661 5427 2948 5498 Ephesino
2966 5426 3271 5484 latrocinio
3306 5428 3386 5481 sit
3404 5426 3591 5482 modis
3607 5440 3744 5482 omn
3761 5426 3818 5482 i-

477 5530 509 5563 ³
531 5523 758 5600 λοιμιῶν
789 5530 1178 5602 pestilentium
1211 5527 1526 5586 hominum.
