4052 6168
250 315 336 373 409
937 314 1483 373 ΙΝΤΕΒΡΒΕΤΑΤΙΟ
1516 315 1766 372 SYNODI
1802 316 1845 371 V

1961 317 2359 377 GENERALIS.
2383 352 2457 363 —
2492 322 2693 379 ACTIO
2739 327 2846 380 VII.
2918 328 2924 339 ‘

3493 327 3597 395 MO

244 440 330 496 bus
352 436 788 507 comparandum.
835 437 881 492 li
926 451 1056 495 vero
1100 438 1200 509 qui
1244 438 1329 495 vel
1372 437 1706 496 interfuisse
1746 440 1832 496 vel
1944 441 2216 498 Allocutio
2255 446 2416 500 tertia
2451 449 2676 516 prmfati
2717 451 3010 519 pontiﬁcis,
3055 465 3176 520 qua:
3208 432 3341 509 lecta
3383 462 3461 511 cst
3496 472 3599 527 per

243 525 603 595 subscripsisse
628 525 687 581 in
719 539 785 581 eo
816 529 1151 604 noscuntur,
1182 540 1284 583 nec
1313 541 1423 583 non
1455 534 1512 583 et
1542 528 1585 583 ii
1619 529 1717 599 qui
1749 528 1834 584 vel

243 615 397 685 ipsius
428 614 745 683 conscripta
777 612 1001 683 profani
1043 615 1419 671 conciliabuli
1460 621 1613 688 gesta
1652 616 1840 672 defen-

2264 534 2483 588 Pctrum
2519 535 2807 591 diaconum
2850 542 2899 591 et
2941 541 3311 595 scrinia-rium.

2021 637 2407 695 Intolerabilis
2436 645 2521 696 est
2553 640 2661 698 ista
2695 644 3083 713 praesumptio,
3119 645 3510 720 dilectissimi,
3544 655 3601 706 et

240 702 375 773 dunt,
396 702 469 757 vel
485 715 712 771 quoque
734 702 899 759 modo
911 702 1094 759 celare
1107 709 1406 772 conantur,
1434 704 1636 761 iterato
1648 705 1840 761 vincu-

1961 723 2095 780 hanc
2116 739 2283 782 aures
2310 728 2775 801 praeordiorum,
2802 729 3002 803 fateor,
3026 734 3311 790 sustinere
3339 750 3449 792 non
3481 702 3603 807 pos-

241 789 1065 895 "Sl“aih‘fmaﬁf‘iDDOdthur
1091 809 1104 846 ε
1126 797 1190 895 ,εί
1221 792 1336 895 nisi
1361 794 1754 895 PPQPi‘ia‘Vfifiﬁ
1774 808 1839 849 ac
1951 818 2122 879 sunt;
2158 815 2289 884 quis
2310 789 2561 887 unquam
2589 789 2837 874 vestrum
2866 789 3167 891 tale'quid,
3200 822 3413 895 pre'cor,
3442 789 3603 881 audi-

239 878 617 947 snbscriptione
649 878 771 949 illa,
796 893 921 948 qua:
954 879 1012 934 in
1038 881 1232 936 eodem
1263 881 1568 938 latrocinio
1593 881 1792 938 fetiilis
1810 895 1842 937 e

1961 900 2053 968 vit,
2082 878 2332 972 vel-quis
2356 878 2683 974 hujusmodi
2721 878 3079 980 temeritatis,
3114 878 3315 965 saltem
3336 878 3599 986 lectione,

236 966 462 1025 faucibus
494 970 749 1023 eructata
770 973 907 1023 sunt
926 968 1489 1039 anathematizarint,
1513 971 1843 1027 nullatenus

235 1055 401 1113 saltem
422 1054 566 1111 inter
587 1053 769 1111 laicos
789 1054 846 1112 in
872 1056 1277 1113 communione
1302 1058 1601 1114 catholicae
1628 1063 1685 1114 et
1715 1073 1845 1129 apo-

234 1142 418 1200 stolicae
444 1142 709 1199 Ecclesiae
739 1143 980 1214 recepici
1013 1151 1354 1201 mereantur.
1401 1146 1570 1203 Recte
1600 1159 1844 1218 namque

234 1232 499 1288 latrocinio
528 1232 849 1301 comparari
893 1237 1099 1304 potest,
1132 1233 1233 1305 qui
1265 1234 1505 1292 Photius
1546 1234 1755 1307 fautor,
1791 1240 1848 1291 et

236 1320 378 1390 hujus
396 1319 627 1376 Micheal
653 1318 862 1390 fautor,
891 1320 1163 1377 videlicet
1192 1322 1387 1379 dictus
1414 1322 1730 1396 Augustus,
1753 1338 1851 1381 au-

232 1416 387 1465 ctores
409 1414 462 1464 et
486 1409 761 1479 praesides
780 1410 849 1465 ad
874 1409 981 1465 hoc
1008 1410 1323 1467 intererant
1342 1417 1409 1467 ut
1430 1412 1851 1469 consentientes

233 1496 429 1567 quidem
450 1498 769 1554 secundum
788 1499 1060 1570 animam,
1086 1512 1196 1555 non
1216 1501 1636 1558 consentientes
1656 1513 1853 1557 secun'

229 1586 345 1641 dum
366 1600 570 1657 corpus
602 1587 835 1656 perdere
864 1587 1229 1645 studuissent
1256 1606 1268 1644 :
1300 1590 1451 1659 quod
1480 1589 1645 1660 plane
1672 1583 1854 1646 sacer"

1954 988 2394 1047 immensitatem
2417 992 2679 1049 invenit?
2698 994 2991 1065 Siquidem
3018 999 3397 1055 Romanorum
3423 1003 3605 1071 ponti-

1955 1076 2114 1133 ﬁcem
2141 1078 2212 1134 de
2242 1080 2499 1136 omnium
2532 1080 2913 1139 Ecclesiarum
2947 1086 3290 1155 praesulibus
3314 1089 3604 1158 judicasse

1958 1164 2239 1237 legimus:
2272 1168 2342 1224 de
2370 1182 2437 1225 eo
2465 1184 2597 1225 vero
2627 1185 2964 1243 quemquam
3000 1175 3291 1245 judicasse
3332 1191 3443 1234 non
3471 1178 3609 1251 legi-

1962 1268 2109 1310 mus.
2146 1256 2300 1312 Licet
2327 1257 2480 1313 enim
2507 1260 2756 1316 Honorio
2785 1260 2857 1317 ob
2885 1262 3205 1319 Orientalib
3250 1281 3279 1321 s
3308 1272 3433 1336 post
3464 1281 3608 1324 mor-

1959 1348 2070 1398 tem
2103 1344 2399 1401 anathema
2431 1347 2510 1403 sit
2536 1348 2776 1420 dictum,
2811 1350 3002 1406 sciend
3052 1367 3104 1407 m
3138 1358 3322 1410 tamen
3353 1361 3439 1411 est
3469 1356 3605 1427 quia

1964 1430 2151 1488 fuerat
2174 1448 2346 1503 super
2378 1435 2578 1491 haeresi
2609 1445 2929 1509 accusatus,
2970 1447 3197 1511 propter
3226 1456 3392 1513 quam
3427 1445 3604 1500 solam

1961 1520 2188 1576 licitum
2206 1528 2291 1579 est
2310 1524 2633 1582 minoribus
2651 1528 2924 1596 majorum
2943 1544 3175 1586 suorum
3202 1532 3451 1588 motibus
3472 1534 3609 1589 resi-

1961 1610 2169 1682 stendi,
2198 1612 2280 1667 vel
2310 1627 2510 1682 pravos
2536 1628 2737 1671 sensus
2769 1615 2945 1672 libere
2976 1621 3276 1688 respuendi
3302 1639 3314 1674 :
3346 1622 3608 1692 quamvis

227 1675 364 1730 dotes
378 1675 698 1732 Judieorum
724 1675 781 1732 in
805 1676 1015 1746 templo
1043 1677 1348 1734 vendentes
1366 1682 1423 1734 et
1441 1683 1692 1735 ementes
1711 1679 1845 1735 olim

1961 1703 2018 1753 et
2049 1698 2130 1754 ibi
2160 1714 2260 1756 nec
2292 1703 2748 1771 patriarcharum
2783 1719 2883 1762 nec
2912 1712 3243 1764 czeterorum
3276 1675 3605 1768 aniistitum

227 1761 858 1866 ξςείδξεξῖθτιιτξξυνηάξιηξ
870 1764 1101 1866 ξοίμίοθι
1124 1766 1234 1866 isto
1256 1765 1471 1866 bifarig
1489 1781 1690 1866 secere
1710 1782 1853 1866 msic-
1882 1759 1936 1820 Β
1960 1787 2214 1857 cuipiam
2245 1759 2315 1845 ἀὲ
2349 1804 2414 1846 eo
2440 1792 2755 1862 quemlibet
2778 1759 2876 1849 fas
2892 1759 3070 1851 nisi
3088 1759 3609 1866 piscinis};

229 1851 291 1907 tis
312 1851 510 1921 plebem
550 1853 781 1909 Domini
825 1853 1218 1923 dissiparem;
1253 1856 1402 1911 unde
1426 1856 1725 1923 Dominus,
1756 1858 1852 1913 do”

227 1952 355 1995 mum
378 1954 535 1996 suam
564 1941 893 2010 speluncam
927 1941 1213 1998 latronum
1249 1957 1348 2012 per
1375 1943 1707 2013 hujusmodi
1743 1943 1852 2000 ma”

226 2027 624 2087 chinamentum
642 2028 858 2089 factum
885 2035 1157 2086 causatus
1179 2030 1282 2086 hos
1300 2045 1331 2086 e
1351 2032 1561 2101 templo
1584 2033 1849 2102 perplexo

226 2114 420 2187 ﬂagello
440 2116 684 2187 pepulit,
703 2117 951 2175 innuens
968 2117 1218 2187 profecto
1241 2132 1351 2175 non
1375 2119 1672 2176 ministros
1692 2135 1847 2189 suos,

225 2204 303 2259 sed
329 2218 444 2260 esse
477 2205 735 2261 latrones
764 2205 863 2275 qui
896 2220 1006 2263 non
1046 2207 1116 2263 ad
1149 2207 1254 2263 hoc
1285 2207 1548 2277 plebibus
1577 2213 1847 2278 praesunt:

227 2296 280 2348 ut
311 2291 401 2348 has
423 2294 583 2348 omni
625 2292 821 2350 studio
863 2294 1080 2351 salvent
1108 2296 1205 2352 sed
1234 2300 1298 2352 ut
1333 2302 1434 2352 aut
1470 2297 1722 2366 spiritali
1753 2303 1853 2353 aut

224 2381 476 2450 corporali
506 2396 749 2451 prorsus
775 2382 1015 2439 interitu
1046 2384 1302 2453 perdant.

223 2530 470 2598 Allocntio
500 2544 747 2598 secunda
768 2545 1066 2615 pontiﬁcis,
1100 2561 1221 2615 qua?
1267 2546 1402 2601 lecta
1430 2552 1507 2601 est
1544 2563 1645 2617 per
1668 2549 1853 2602 Mari-

787 2649 918 2687 num
951 2633 1257 2688 diaconum.

280 2770 422 2840 Quod
446 2772 989 2846 suggessitdilectio
1008 2779 1192 2831 vestra
1214 2774 1375 2831 valde
1397 2775 1597 2847 placet,
1621 2780 1679 2830 et
1697 2776 1846 2846 quod

230 2859 294 2915 ita
317 2862 621 2933 gerendum
648 2862 728 2917 sit
752 2861 873 2932 ipse
894 2877 1122 2934 quoque
1154 2864 1454 2934 perpendo.
1486 2865 1687 2920 Verum
1710 2865 1846 2935 quia

223 2949 373 3005 codex
395 2949 450 3006 in
484 2963 606 3021 quo
632 2951 1051 3007 exsecrationes
1090 2951 1257 3007 illius
1296 2950 1522 3008 nefandi
1563 2953 1850 3008 concilia—

226 3033 330 3091 buli
345 3038 569 3108 scriptae
592 3044 750 3109 sunt,
773 3054 938 3109 quem
956 3038 1126 3095 nobis
1143 3054 1242 3110 per
1263 3041 1671 3110 apocrisiarios
1688 3055 1842 3113 suos,

229 3125 310 3195 qui
329 3127 550 3199 adsunt,
584 3131 701 3183 tam
727 3133 784 3183 et
807 3125 981 3184 frater
1001 3133 1058 3183 et
1081 3129 1453 3200 coepiscopus
1478 3136 1670 3185 noster
1698 3132 1849 3201 lgna-

228 3212 345 3283 tius,
372 3230 535 3285 quam
585 3215 762 3272 etiam
792 3215 1098 3286 piissimus
1141 3219 1446 3287 imperator
1481 3218 1730 3274 BasJius
1757 3219 1849 3273 de-

225 3301 453 3374 stinavit,
473 3304 634 3375 apud
664 3318 766 3360 nos
786 3304 1065 3361 hactenus
1094 3305 1395 3374 retinetur,
1423 3306 1845 3376 praevidendum

224 3388 480 3463 ducimus,
528 3392 676 3464 quid
723 3392 794 3448 de
833 3393 936 3449 illo
981 3392 1305 3449 facendum
1338 3394 1485 3450 ratio
1525 3395 1722 3464 dictet,
1761 3395 1846 3451 vel

225 3477 342 3546 quid
373 3481 659 3552 agendum
704 3482 957 3550 exempla
995 3481 1221 3538 diversa
1265 3482 1696 3551 demonstrent;
1745 3496 1847 3553 ego

224 3569 384 3622 tamen
410 3568 555 3625 illud
596 3569 832 3624 interim
878 3570 1067 3626 recolo
1110 3570 1260 3640 quod
1303 3570 1611 3640 Apostolus
1652 3570 1839 3627 dixit:

223 3650 563 3727 εονηιιηριιηε
610 3658 775 3712 bonos
810 3674 983 3713 mores
1024 3659 1291 3728 colloquia
1314 3660 1462 3713 mala
1486 3657 1533 3729 (Ι
1569 3659 1686 3714 Cor.
1715 3659 1842 3731 xv);

221 3745 270 3795 et
287 3742 391 3799 alia
426 3746 730 3816 Scriptura
761 3764 778 3800 :
810 3746 914 3812 Qui
941 3749 1138 3815 tangit,
1168 3746 1380 3818 inquit,
1404 3749 1581 3818 picem
1611 3751 1851 3818 coinqui-

222 3829 420 3885 nabitur
440 3834 510 3889 ab
535 3851 603 3889 ea
626 3830 811 3904 (Eccli.
848 3834 991 3908 χιιι).
1018 3836 1165 3908 Ergo
1201 3835 1336 3905 quia
1386 3834 1535 3892 nihil
1579 3836 1650 3892 ab
1681 3837 1852 3893 haere-

220 3916 438 3977 ticoru'n
477 3923 567 3979 vel
615 3922 1083 3979 shismaticorum
1126 3924 1469 3993 pravitatum
1511 3927 1849 3981 commentis

221 4006 372 4063 codex
410 4010 518 4066 iste
552 4015 691 4067 actu
745 4024 855 4067 non
899 4011 1191 4080 dissentit,
1237 4012 1513 4068 nimirum
1559 4013 1658 4083 qui
1698 4014 1848 4069 etab

219 4095 588 4169 schismatico,
623 4098 959 4155 Dioscorum
982 4099 1039 4154 in
1077 4099 1183 4155 hoc
1206 4099 1488 4169 imitante,
1514 4100 1714 4156 Photio
1755 4101 1848 4157 ﬁc-

221 4184 316 4251 tus,
344 4189 396 4239 et
428 4191 590 4242 totus
638 4187 949 4243 mendaciis
985 4191 1042 4242 et
1068 4186 1348 4258 perversis
1376 4188 1742 4259 dogmatibus
1771 4187 1847 4244 fa-

220 4266 448 4331 bricatus
465 4274 695 4344 existit;
720 4275 870 4332 hunc
890 4288 1049 4346 aeque
1080 4279 1144 4331 ut
1166 4274 1288 4345 illa,
1322 4280 1592 4345 perpetuo
1621 4276 1847 4331 anathe-

221 4361 337 4415 mati
368 4362 515 4419 duco
559 4363 944 4428 subdendum,
969 4368 1026 4419 et
1050 4363 1571 4434 contemplantibus
1595 4365 1841 4422 cunctis.

216 4450 262 4502 et
300 4451 579 4521 praecipue
621 4452 947 4508 Graecorum
996 4451 1219 4524 legatis,
1268 4452 1389 4523 igni
1435 4452 1731 4521 traditum,
1785 4454 1843 4509 in

215 4533 413 4594 cineres
438 4552 674 4610 quoque
702 4539 949 4609 conjieio
979 4540 1391 4611 redigendum;
1434 4546 1717 4611 quotenus
1742 4556 1844 4598 nec

217 4620 621 4693 simpliciorum
644 4627 864 4696 puritas
879 4627 1044 4705 illita
1057 4628 1395 4699 contagione
1414 4629 1724 4698 polluatur,
1742 4643 1843 4685 nec

216 4707 448 4769 ﬁdelium
470 4720 695 4772 mentes
719 4715 1051 4785 hujusmodi
1074 4715 1399 4773 colluvione
1420 4730 1651 4788 quoquo
1680 4718 1842 4773 modo

215 4801 557 4859 sancientur:
588 4818 620 4860 a
652 4803 857 4875 planta
891 4805 1102 4876 quippe
1138 4805 1318 4876 pedis,
1353 4810 1417 4861 ut
1456 4806 1533 4861 ita
1571 4806 1839 4878 dixerim,

216 4897 376 4957 usque
397 4892 466 4946 ad
484 4893 757 4949 verticem
779 4893 906 4963 ejus
936 4893 1094 4950 nulla
1118 4898 1204 4950 est
1222 4894 1282 4949 in
1307 4907 1374 4950 eo
1397 4894 1632 4950 sanitas.
1667 4896 1844 4951 Hono-

218 4976 433 5033 randum
453 4980 772 5036 concilium
803 4995 901 5051 per
924 4982 1253 5039 Formosum
1279 4982 1608 5053 episcopum
1635 4989 1842 5040 sancta:

214 5060 525 5123 Portuensis
566 5068 833 5125 Ecclesiae
874 5070 1217 5126 exclamavit
1254 5071 1312 5126 in
1348 5071 1464 5128 hinc
1502 5071 1699 5127 verba:
1744 5072 1841 5128 Pia

214 5153 584 5212 consideratio
621 5148 832 5213 sumini
867 5159 1194 5230 pontiﬁcis;
1221 5160 1378 5229 justa
1404 5161 1687 5217 sententia
1717 5161 1843 5217 uni-

214 5241 429 5298 versalis
449 5244 721 5301 Ecclesiae
740 5247 1003 5316 praesulis
1022 5247 1290 5304 omnibus
1313 5248 1494 5318 placet
1515 5266 1526 5302 :
1548 5263 1743 5306 omnes
1761 5250 1840 5304 ita

215 5322 462 5401 dicimus,
501 5345 702 5390 omnes
744 5333 825 5390 ita
864 5335 1148 5406 volumus,
1178 5350 1374 5393 omnes
1404 5336 1509 5394 hoc
1553 5350 1837 5409 rogamus,

215 5424 384 5473 omnes
409 5419 520 5477 hoc
553 5421 692 5479 totis
722 5424 1056 5492 praecordiis
1083 5426 1492 5483 consentimus.

269 5545 291 5613 τ
321 5537 562 5613 Aliquid
594 5543 784 5604 deesse
811 5547 1055 5604 videtur.

273 5603 296 5645 δ
351 5603 485 5683 Syn.
524 5603 771 5673 Rom.“
797 5603 1281 5690 sub'Symmacho.

1960 1876 2219 1948 tentiam,
2241 1878 2355 1934 nisi
2375 1880 2635 1949 ejusdum
2657 1882 2854 1952 primae
2883 1884 3038 1940 sedis
3061 1886 3350 1954 pontiﬁcis
3378 1902 3608 1944 consen-

1959 1979 2059 2019 sus
2087 1968 2468 2034 priecessisset
2492 1971 2823 2027 auctoritas.
2847 1972 3212 2030 Meminimus
3237 1975 3448 2031 interea
3471 1977 3609 2033 scri-

1962 2058 2119 2123 ptum
2153 2055 2301 2124 quod
2336 2069 2465 2128 rege
2495 2059 2776 2127 quondam
2814 2060 2988 2116 Iialiai
3025 2061 3373 2119 Theodorico
3405 2078 3604 2134 papam

1961 2141 2357 2211 Symmachum
2404 2159 2584 2214 usque
2634 2147 2702 2202 ad
2743 2147 3163 2204 damnationem
3205 2151 3477 2220 impetere
3520 2166 3608 2209 vo-

1963 2230 2132 2301 lente,
2165 2236 2219 2286 et
2246 2232 2373 2288 ideo
2404 2238 2684 2304 quotquot
2728 2237 2916 2305 potuit
2948 2250 3015 2291 ex
3061 2238 3311 2309 Liguria,
3352 2241 3605 2313 jEmilia,

1969 2319 2213 2391 Valeria,
2238 2326 2295 2377 et
2312 2335 2381 2377 ex
2396 2322 2642 2379 diversis
2661 2324 3012 2396 regionibus,
3041 2331 3179 2382 etex
3195 2328 3395 2385 Sicilia
3418 2330 3607 2387 insula

1965 2408 2139 2478 hujus
2172 2410 2252 2464 rei
2284 2411 2468 2483 gratia
2495 2412 2793 2482 episcopos
2823 2412 3053 2470 Romam
3080 2429 3377 2473 accurrere
3400 2419 3608 2488 princi-

1964 2497 2174 2567 piente,
2206 2504 2263 2554 et
2289 2498 2381 2554 his
2408 2499 2476 2555 ad
2504 2513 2565 2555 se
2595 2500 2957 2558 venientibus
2980 2503 3223 2573 dicente,
3254 2505 3417 2574 plura
3447 2509 3514 2563 ad
3549 2522 3608 2564 se

1961 2587 2032 2642 de
2062 2600 2217 2657 papae
2245 2588 2566 2658 Symmachi
2597 2590 2824 2647 actibus
2851 2590 3128 2647 horrenda
3161 2591 3339 2650 fuisse
3370 2596 3605 2666 perlata,

1960 2680 2017 2730 et
2043 2675 2101 2730 in
2132 2676 2356 2746 synodi,
2390 2676 2439 2732 si
2469 2690 2595 2732 vera
2621 2683 2770 2733 esset
2800 2679 3169 2736 inimicorum
3208 2682 3333 2751 ejus
3362 2682 3608 2754 objectio

1955 2764 2312 2833 judieatione
2343 2771 2636 2837 constare;
2674 2767 3024 2824 venerabiles
3057 2769 3367 2839 antistites,
3396 2772 3604 2846 ipsum,

1960 2853 2059 2923 qui
2072 2853 2371 2909 dicebatur
2390 2854 2464 2909 im
2473 2854 2705 2924 petitus,
2723 2856 2991 2913 debuisse
3009 2859 3283 2928 synodum
3302 2874 3610 2919 convocare

1963 2941 2409 3013 perhibuissent,
2441 2943 2687 2999 scientes
2714 2945 2850 3015 quia
2880 2945 3005 3016 ejus
3030 2946 3150 3002 sedi
3183 2948 3427 3017 primum
3456 2951 3606 3007 Petri

1959 3030 2203 3100 apostoli
2259 3031 2546 3102 meritum,
2593 3032 2676 3087 vel
2728 3033 3107 3104 principatus,
3159 3036 3366 3093 deinde
3416 3046 3609 3095 secuta

1877 3099 1927 3165 Ο
1956 3099 2278 3192 jussionem
2297 3099 2928 3179 Domini-conciliorum
2955 3125 3401 3181 venerandorum
3421 3132 3612 3184 aucto—

1963 3209 2125 3279 ritas,
2150 3209 2201 3263 ei
2229 3209 2577 3281 singularem
2608 3210 2665 3265 in
2691 3211 2952 3266 ecclesiis
2984 3212 3224 3269 tradidit
3255 3220 3606 3287 potestatem,

1964 3313 2064 3356 nec
2089 3304 2219 3354 ante
2244 3299 2411 3354 dicta:
2440 3299 2594 3354 sedis
2618 3301 2910 3357 antistites
2936 3302 3220 3358 miuornm
3255 3305 3611 3374 subjacuisse

1955 3386 2202 3456 judicio,
2232 3386 2291 3441 in
2334 3387 2726 3456 propositione
2764 3388 2969 3456 simili,
3004 3388 3171 3445 facile
3206 3391 3468 3448 formalia
3498 3408 3609 3465 ([‘la

1960 3478 2282 3529 testaretur.
2316 3473 2397 3529 Ad
2443 3478 2787 3543 postremum
2818 3488 2949 3530 vero
2981 3476 3077 3531 isti
3113 3477 3224 3545 ipsi
3256 3480 3609 3537 venerabiles

1961 3561 2252 3633 praesules,
2274 3575 2402 3618 cum
2422 3562 2704 3619 vidissent
2721 3564 2870 3633 quod
2891 3577 3001 3620 non
3019 3564 3144 3620 sine
3159 3565 3251 3621 sui
3268 3565 3609 3623 discrimine

1964 3651 2284 3721 potuissent
2320 3656 2518 3707 contra
2557 3657 2727 3721 caput
2767 3666 2969 3709 manus
3011 3667 3145 3709 suas
3181 3654 3418 3727 erigere,
3448 3657 3613 3727 quid-

1964 3740 2101 3810 quid
2141 3741 2212 3797 de
2250 3754 2395 3811 saepe
2425 3738 2525 3796 fati
2566 3740 2884 3809 Symmachi
2920 3755 3075 3812 papas
3102 3742 3327 3800 actibus
3355 3745 3607 3801 delatum

1960 3824 2165 3901 fuerat,
2195 3833 2375 3886 totum
2402 3828 2501 3884 Dei
2524 3828 2751 3898 judicio
2782 3835 3161 3901 reservarunt,
3191 3832 3271 3887 ita
3300 3837 3362 3887 ut
3386 3832 3605 3906 Singuli

1959 3918 2174 3989 quique
2205 3919 2262 3973 in
2297 3917 2721 3988 subscriptione
2749 3933 2853 3974 sua
2886 3918 2990 3974 hoc
3033 3924 3289 3989 patenter
3323 3921 3603 3995 judicent,

1961 4007 2322 4077 perhibentes
2337 4005 2366 4048 δ
2393 4024 2405 4060 :
2430 4007 2771 4063 Laurentius
2790 4007 3095 4088 episcOpus
3114 4008 3381 4065 Ecclesiae
3402 4012 3611 4069 Medio-

1962 4095 2213 4151 lanensis
2253 4094 2389 4152 huic
2420 4098 2636 4152 statuto
2668 4098 2880 4162 nostro,
2918 4096 2975 4151 in
3008 4110 3119 4168 quo
3164 4101 3337 4153 totam
3377 4112 3605 4156 causam

1961 4184 2061 4239 Dei
2080 4183 2303 4254 judicio
2323 4183 2738 4251 commisimus,
2764 4182 3079 4253 subscripsi
3104 4202 3118 4254 ;
3141 4185 3422 4241 similiter
3447 4188 3607 4243 Petro

1960 4271 2228 4342 episcopo
2269 4271 2533 4327 Ecclesia:
2572 4271 2932 4340 Ravennatis,
2977 4277 3032 4327 et
3060 4272 3282 4329 caeteris
3318 4274 3608 4345 episcopis

1959 4359 2476 4417 subscribentibus.
2520 4361 2725 4415 Verum
2770 4358 2820 4415 si
2864 4359 2982 4416 hinc
3012 4360 3251 4416 Photius
3290 4375 3400 4418 non
3442 4363 3604 4435 legit,

1958 4447 2095 4519 quia
2133 4448 2325 4505 Graece
2367 4446 2511 4504 forte
2540 4461 2652 4504 non
2687 4447 2918 4518 reperit,
2950 4447 3150 4504 saltem
3192 4449 3457 4505 Joannem
3500 4452 3608 4508 An-

1956 4535 2285 4592 tiochenum
2329 4538 2657 4607 episcnpum
2691 4536 2750 4592 in
2783 4536 3065 4606 Ephesina
3110 4537 3323 4607 synodo
3358 4539 3605 4596 recolere

1955 4624 2250 4695 voluisset,
2278 4625 2495 4681 idcirco
2515 4626 2868 4694 damnatum,
2896 4625 3033 4695 quia
3057 4624 3334 4696 Cyrillum
3361 4629 3605 4685 anterio-

1954 4713 2057 4783 ris,
2085 4713 2140 4768 id
2159 4718 2244 4769 est
2268 4711 2663 4769 Alexandrinzc
2683 4713 2837 4769 sedis
2853 4713 3168 4769 antistitem
3186 4714 3455 4771 damnare
3489 4731 3601 4773 non

1954 4802 2190 4858 metuit:
2215 4802 2364 4857 unde
2385 4801 2612 4871 praefata
2635 4801 2976 4857 universalis
2993 4803 3244 4873 synodus
3260 4804 3328 4859 ad
3351 4805 3606 4863 Caelesti-

1953 4904 2089 4948 num
2118 4903 2351 4947 summae
2382 4890 2536 4945 sedis
2564 4894 2767 4945 nostra:
2794 4878 3117 4960 pontiﬁcezn
3145 4891 3420 4965 scribens,
3452 4895 3602 4950 inter

1953 4985 2152 5036 caetera
2178 4978 2325 5034 dicit
2344 4989 2369 5020 ο
2400 4995 2413 5031 :
2448 4977 2778 5049 lndignetur
2798 4992 2930 5050 ergo
2954 4983 3049 5034 tua
3072 4979 3426 5051 religiositas
3455 4998 3603 5039 com-

1954 5073 2207 5139 petenter
2229 5081 2329 5137 pro
2357 5066 2448 5122 his
2477 5080 2599 5137 quae
2625 5065 2771 5121 facta
2803 5072 2971 5136 sunt;
3006 5067 3053 5122 si
3083 5068 3176 5123 eni
3209 5090 3232 5121 ~l
3266 5069 3395 5126 data
3423 5069 3599 5129 fuerit

1953 5156 2277 5214 volentibus
2298 5155 2551 5225 licentia,
2574 5160 2630 5211 et
2654 5156 2890 5224 majores
2913 5156 3151 5226 injuriis
3171 5158 3332 5214 sedes
3351 5157 3595 5233 afﬁcere,

1953 5252 2010 5304 et
2050 5253 2246 5302 contra
2298 5259 2414 5315 eas,
2461 5245 2521 5301 in
2561 5244 2776 5317 quibus
2829 5259 2934 5301 non
2987 5246 3194 5301 habent
3241 5252 3594 5318 potestatem,

1950 5340 2147 5393 contra
2185 5334 2337 5407 leges
2377 5332 2463 5390 sic
2492 5341 2548 5390 et
2588 5339 2784 5390 contra
2814 5348 3057 5391 canones
3102 5334 3352 5405 proferre
3380 5345 3600 5395 senten-

1950 5425 2083 5494 tias,
2114 5424 2281 5481 ibunt
2317 5423 2387 5479 ad
2434 5423 2695 5480 ultimam
2735 5422 3131 5481 confusionem
3177 5425 3443 5482 Ecclesia).
3482 5440 3588 5482 res.

2021 5561 2047 5590 ο
2104 5549 2161 5604 ιιι
2180 5548 2673 5619 epistolaconcilii
2696 5549 2899 5619 Ephes.
2918 5547 2987 5619 ad
3008 5547 3397 5604 Caelestinum.
3422 5548 3596 5605 Habe-

1950 5627 2047 5679 tur
2072 5620 2133 5678 in
2160 5617 2385 5679 actione
2413 5617 2449 5677 5
2474 5620 2728 5690 ejusdem
2746 5617 3015 5688 concilii,
3114 5674 3136 5691 ,
