4052 6168
381 298 521 375 ,444

1645 304 1999 360 ANASTASII
2043 305 2582 368 BlBLIOTHECARlI
3711 314 3730 371 1
3748 316 3804 374 12

422 414 525 469 His
565 427 699 487 ergo
725 413 805 470 ita
838 428 896 470 se
927 415 1290 507 habentibus,
1318 418 1570 488 exempla
1604 421 1878 489 majorum
1922 435 2067 492 quaa-
2092 417 2151 476 A
2178 427 2494 485 ctelestium
2535 445 2646 488 non
2688 434 2896 504 poterit
2933 447 3407 506 esse'regnorum.
3439 437 3576 498 Tibi,
3607 437 3809 507 inquit,

424 507 644 573 rantur,
673 509 727 558 et
748 503 1059 559 secundum
1085 504 1200 562 haec
1228 510 1588 564 temeratores
1615 509 1910 565 sententiae
1947 525 2069 580 pro-

423 587 698 648 ferantur.

423 753 701 822 Suggestio
735 757 950 809 concilii
988 757 1062 809 ad
1098 773 1363 811 summum
1402 761 1727 828 pontiﬁcem.
1774 777 1891 828 qum
1934 761 2069 815 lecta

587 831 665 880 est
679 842 784 896 per
804 828 1150 882 Benedictum
1175 831 1446 882 notarium
1473 836 1522 884 et
1547 833 1910 886 scriniarium.

489 967 599 1036 Qui
647 967 791 1025 hanc
833 970 1207 1027 temeritatem
1255 985 1366 1027 non
1412 978 1664 1028 extrema
1705 974 2068 1030 damnatione

416 1054 646 1126 dignam
673 1057 985 1127 existimat,
1012 1072 1112 1115 nec
1133 1060 1502 1132 Evangelium
1528 1061 1684 1133 legit,
1712 1077 1812 1118 nec
1835 1062 2069 1132 Aposto-

417 1142 536 1199 lum
558 1159 793 1214 prorsus
809 1147 1052 1216 audivit,
1076 1148 1133 1202 in
1159 1162 1401 1218 quorum
1423 1150 1650 1220 quidem
1681 1165 1813 1221 uno,
1842 1151 2068 1207 dicente

414 1232 675 1304 Domino,
704 1234 944 1306 legitur:
969 1238 1091 1291 Non
1122 1243 1200 1291 est
1225 1238 1527 1307 discipulus
1552 1254 1722 1308 supra
1745 1242 2066 1306 magistrum

413 1318 560 1390 (Luc.
595 1323 710 1397 v1);
746 1325 805 1380 in
832 1325 1011 1380 altero
1040 1329 1227 1382 autem
1249 1340 1383 1381 sane
1406 1327 1761 1399 praecipitur,
1789 1334 1852 1383 ut
1873 1330 2066 1384 omnia

412 1412 725 1469 secundum
758 1414 1016 1470 ordinem
1050 1414 1188 1470 ﬁant
1216 1412 1260 1485 (Ι
1289 1415 1406 1469 Cor.
1445 1416 1586 1487 xxv).
1609 1417 1902 1486 Quomodo
1932 1431 2064 1490 ergo

412 1503 777 1558 temeratores
825 1503 921 1558 isti
970 1517 1080 1560 non
1128 1508 1265 1560 sunt
1304 1503 1438 1560 facti
1490 1519 1662 1575 super
1703 1505 2060 1578 magistrum,

413 1589 640 1658 quando
683 1591 956 1648 adversus
994 1592 1366 1662 apostolicam
1427 1593 1636 1664 sedem,
1681 1608 1806 1663 quae
1846 1601 2067 1650 cmtera-

411 1690 541 1740 rum
575 1693 801 1751 quoque
833 1680 1054 1736 sedium
1082 1681 1356 1752 magistra
1386 1686 1490 1751 est,
1519 1681 1691 1736 etiam
1723 1696 1787 1738 os
1819 1683 2064 1751 injurias

411 1784 674 1828 evomens
697 1769 992 1839 aperuisse
1033 1767 1347 1838 probantur
1363 1769 1390 1822 ?
1413 1768 1704 1837 Quomodo
1747 1771 2062 1827 secundum

411 1859 671 1917 ordinem
720 1856 932 1927 omnia,
975 1858 1141 1926 juxta
1190 1857 1352 1913 Pauli
1421 1859 1658 1929 monita,
1707 1858 1854 1915 facta
1906 1865 2059 1928 sunt,

412 1946 639 2018 quando
669 1945 900 2018 quidem
935 1945 1139 2001 ordine
1171 1951 1515 2015 praepostero
1557 1947 1744 2016 primo
1773 1947 1842 2003 de
1871 1961 2066 2004 secun-

409 2036 504 2092 dis
527 2047 577 2106 ει,
605 2039 661 2089 et
682 2034 754 2090 de
779 2033 1031 2089 antelato
1064 2034 1408 2103 posteriores
1439 2035 1654 2105 quique
1684 2033 1941 2091 convicia
1976 2051 2066 2105 po-

411 2125 532 2180 tius
565 2137 732 2194 quam
754 2121 978 2192 judicia
1007 2123 1398 2191 composuisse
1433 2129 1740 2180 narrantur
1763 2123 1790 2177 ‘?
1818 2125 1887 2179 Et
1931 2139 2066 2194 prai—

409 2217 560 2267 terea
589 2209 871 2266 sententia
904 2208 1207 2280 regularis,
1244 2224 1369 2280 quae
1403 2211 1482 2266 ita
1513 2211 1694 2267 sensit
1725 2226 1823 2282 per
1851 2210 2066 2268 Africa-

410 2313 548 2356 num
573 2297 910 2363 concilium,
937 2297 1136 2352 dicens
1161 2296 1189 2339 ἱ)
1221 2315 1235 2351 :
1259 2297 1670 2370 Unusquisque
1697 2304 1952 2357 nostrum
1979 2314 2066 2356 or-

407 2389 600 2445 dinem
631 2386 745 2443 sibi
785 2386 1074 2442 decretum
1106 2399 1138 2442 a
1168 2387 1280 2442 Deo
1311 2393 1600 2459 agnoscat,
1631 2392 1688 2443 et
1719 2389 2062 2458 posteriores

407 2475 798 2532 anterioribus
844 2473 1120 2544 deferant,
1171 2488 1272 2531 nec
1315 2475 1401 2530 eis
1445 2475 1793 2533 inconsultis
1834 2477 2058 2550 aliquid

408 2577 574 2636 agere
606 2567 969 2634 prmsumant.

479 2650 656 2721 Quam
703 2649 952 2722 profecto
1001 2651 1256 2723 regulam
1309 2657 1503 2708 sancta
1558 2653 1728 2709 tertia
1777 2652 2060 2726 generalis

409 2741 659 2812 synodus
679 2752 922 2810 sequens
937 2739 1354 2796 Antiochenum
1381 2740 1674 2796 damnavit
1701 2741 1969 2798 Joannem
1988 2753 2013 2784 ο
2042 2759 2057 2810 ;

409 2827 558 2898 quod
587 2827 927 2898 jampridem
943 2826 1243 2896 ‘sapientia
1259 2833 1444 2884 vestra
1468 2828 1762 2897 meminit;
1788 2829 2058 2899 quoniam

407 2917 679 2972 adversus
711 2915 954 2986 potioris
978 2915 1151 2982 sedis,
1183 2916 1238 2970 id
1273 2921 1359 2972 est
1385 2915 1807 2987 Alexandrina},
1839 2917 2062 2987 pontifi-

408 3017 550 3075 cem,
576 3004 760 3074 prima
781 3003 911 3060 sede
932 3017 1043 3060 non
1070 3004 1479 3077 consentiente,
1503 3018 1679 3061 ausus
1699 3011 1784 3062 est
1811 3005 2061 3075 proferre

2178 515 2315 569 dabo
2341 518 2514 573 cla-ves
2541 523 2694 589 regni
2727 524 2974 577 caelo-rum
2994 521 3206 591 (Matth.
3242 523 3390 595 xu);
3433 525 3490 580 in
3511 526 3660 594 quod
3697 527 3812 583 nul-

2179 603 2269 660 lus
2285 606 2498 678 absque
2519 610 2701 680 gratia
2714 611 2986 680 janitoris
3007 612 3274 680 intrabit;
3310 619 3365 668 et
3392 628 3624 669 rursus:
3647 615 3813 671 Nemo

2180 707 2430 764 unquam
2447 699 2761 766 apostolico
2786 700 3050 770 culmini,
3068 701 3140 756 de
3162 702 3349 772 cujus,
3369 702 3577 773 inquit,
3595 703 3812 772 judicio

2179 797 2290 839 non
2324 784 2458 840 licet
2484 789 2801 852 retractari,
2833 802 3032 845 manus
3057 789 3253 846 obvias
3277 791 3548 846 audacter
3579 791 3812 862 intulit;

2180 886 2341 929 nemo
2382 875 2440 930 in
2469 875 2574 932 hoc
2601 877 2831 934 rebellis
2855 879 3096 949 exstitit,
3143 879 3255 935 nisi
3294 875 3438 954 [qui]
3471 881 3634 950 quasi
3661 881 3730 937 de
3758 895 3815 937 se

2178 961 2360 1018 voluit
2379 964 2652 1032 judicari.
2679 968 3073 1023 Verumtamen
3091 982 3214 1029 nos,
3233 968 3464 1024 domine
3492 969 3814 1026 beatissime

2180 1065 2319 1121 papa
2343 1058 2398 1108 et
2422 1055 2734 1124 apostolice
2758 1071 2975 1112 summe
3002 1057 3206 1126 przesul
3234 1063 3289 1112 et
3322 1056 3594 1129 pontifex,
3623 1072 3815 1114 omnes

2179 1156 2280 1210 pro
2325 1144 2417 1200 his
2460 1159 2744 1215 rogamus,
2795 1160 2989 1201 omnes
3042 1147 3394 1202 unanimiter
3432 1147 3811 1218 obsecramus,

2177 1235 2411 1290 subveni
2441 1235 2686 1303 miseris,
2707 1237 2862 1308 erige
2885 1237 3091 1308 lapsos,
3111 1243 3166 1292 et
3198 1237 3670 1307 resipiscentibus
3690 1253 3818 1294 con-

2175 1326 2308 1381 cede
2334 1324 2554 1380 veniam
2580 1333 2635 1380 et
2667 1325 3086 1382 miserationem
3117 1343 3130 1395 ;
3162 1340 3330 1397 quam
3363 1340 3473 1382 non
3508 1332 3812 1395 merentur,

2173 1414 2381 1470 adhibe
2411 1415 2770 1485 medicinam,
2795 1420 3077 1486 quatenus
3095 1415 3310 1472 erroris
3330 1421 3584 1488 auctore,
3611 1417 3814 1472 Photio

2174 1503 2440 1559 videlicet
2477 1508 2788 1573 amputato.
2817 1504 3004 1559 caeteri
3046 1505 3200 1560 sedis
3225 1504 3552 1575 apostolica:
3580 1506 3736 1561 circa
3761 1520 3816 1561 se

2175 1593 2367 1662 patula
2398 1592 2686 1662 reperiant
2706 1607 2858 1648 more
2881 1593 3052 1648 solito
3082 1593 3297 1648 viscera
3331 1593 3561 1664 pietatis
3592 1612 3606 1662 ;
3643 1594 3724 1648 ita
3757 1599 3818 1650 ut

2172 1682 2222 1736 si
2257 1695 2367 1752 qua
2422 1686 2569 1736 recte
2618 1687 2767 1738 mota
2793 1682 2870 1736 sit
2916 1681 3242 1751 apostolicae
3296 1683 3450 1738 sedis
3477 1682 3813 1749 auctoritas,

2173 1770 2257 1825 vel
2285 1784 2343 1826 se
2363 1769 2806 1841 recognoverint,
2825 1769 2907 1824 vel
2929 1770 2978 1825 si
2992 1771 3059 1825 ad
3080 1769 3495 1826 satisfactionis
3509 1769 3820 1840 plenitudi-

2175 1872 2298 1913 nem
2317 1864 2740 1929 concurrentes,
2759 1858 2950 1914 omnia
2973 1873 3096 1929 quaa
3120 1858 3190 1913 ab
3215 1858 3306 1914 his
3329 1859 3472 1914 male
3498 1864 3634 1914 sunt
3660 1863 3816 1931 gesta

2171 1947 2297 2002 viva
2318 1961 2450 2003 voce
2465 1952 2520 2003 et
2534 1948 2797 2017 praesenti
2816 1947 3239 2017 subscriptione
3255 1948 3671 2019 damnaverint,
3704 1961 3816 2002 non

2173 2038 2250 2094 sit
2287 2051 2419 2109 erga
2457 2050 2553 2093 eos
2585 2036 2923 2092 inﬂexibilis
2968 2037 3280 2106 miseratio,
3315 2037 3409 2092 sed
3446 2037 3524 2092 sit
3568 2036 3816 2092 humana

2174 2131 2343 2182 tanta:
2368 2125 2522 2182 sedis
2549 2140 2647 2196 per
2681 2125 2872 2181 omnia
2907 2125 3238 2182 moderatio.
3269 2125 3526 2196 Denique
3554 2125 3820 2195 quamvis

2171 2217 2412 2271 Joannes
2452 2215 2844 2270 Antiochenus
2881 2218 3051 2284 atque
3092 2214 3400 2270 Dioscorus
3441 2213 3592 2269 labia
3617 2219 3819 2268 contra

2175 2304 2418 2374 potioris
2443 2303 2597 2359 sedis
2623 2303 2894 2373 praesules
2917 2303 3266 2373 aperuerint,
3296 2316 3359 2358 ac
3392 2316 3490 2372 per
3512 2302 3618 2358 hoc
3648 2301 3818 2358 ambo

2171 2393 2508 2448 sententiam
2526 2391 2913 2448 damnationis
2927 2390 3232 2463 subierint,
3255 2396 3567 2448 unotamen
3583 2391 3814 2448 horum.

2167 2481 2378 2538 Joanne
2407 2481 2631 2536 scilicet
2661 2480 2906 2537 humane
2933 2486 3176 2551 recepto,
3198 2479 3344 2535 alter
3366 2480 3816 2548 damnationem,

2173 2583 2338 2640 quam
2365 2569 2535 2625 semel
2569 2570 2798 2637 meruit,
2828 2582 2940 2624 non
2984 2569 3207 2638 evasit;
3241 2583 3345 2625 cur
3374 2568 3499 2636 hoc,
3540 2569 3652 2624 nisi
3679 2570 3821 2639 quia

2173 2657 2271 2714 ille
2293 2671 2426 2712 sane
2451 2658 2715 2729 resipuit,
2751 2658 2859 2713 iste
2891 2658 3087 2713 insane
3115 2657 3414 2728 desipuit‘?
3435 2657 3533 2713 ille
3560 2663 3686 2727 post
3715 2657 3824 2713 ali-

2172 2751 2447 2817 quantum
2474 2747 2750 2816 temporis
2779 2746 2993 2817 corrigi
3025 2745 3286 2802 consulte
3313 2746 3547 2819 delegit,
3583 2747 3689 2802 iste
3720 2746 3823 2801 in—

2169 2842 2459 2892 correctus
2506 2837 2563 2892 in
2601 2836 2768 2892 tinem
2811 2836 3095 2892 obstinate
3134 2835 3500 2906 permansit?
3536 2837 3605 2892 Et
3642 2840 3818 2905 certe,

2171 2930 2235 2982 ut
2267 2926 2371 2980 Leo
2397 2925 2659 2997 egregius
2680 2924 3008 2994 apostolica:
3034 2924 3188 2980 sedis
3216 2921 3470 2994 pontifex
3488 2924 3820 2995 meminitf’.

2169 3013 2447 3070 Dominus
2478 3018 2668 3068 noster
2696 3027 2864 3069 verus
2889 3017 2946 3068 et
2969 3012 3154 3068 bonus
3187 3019 3395 3082 pastor,
3428 3011 3529 3082 qui
3561 3012 3821 3067 animam

409 3091 766 3148 sententiam.
830 3091 1041 3161 Quarta
1087 3091 1294 3148 deinde
1352 3106 1551 3166 magna
1608 3099 1665 3150 et
1718 3094 2060 3150 universalis
2091 3099 2139 3162 C
2171 3117 2330 3160 suam
2373 3103 2566 3173 posuit
2609 3117 2710 3172 pro
2749 3102 2953 3158 ovibus
2993 3101 3136 3172 suis,
3179 3106 3236 3158 et
3257 3102 3356 3172 qui
3405 3101 3562 3157 venit
3590 3103 3823 3157 animas

411 3179 708 3251 synodustl
735 3180 873 3236 adeo
918 3181 1061 3236 hanc
1097 3181 1468 3237 temeritatem
1509 3188 1797 3239 exsecrata
1841 3187 1946 3254 est,
1999 3187 2062 3238 ut

407 3269 743 3326 Dioscorum
782 3269 1228 3326 Alexandrinum
1260 3269 1387 3326 sine
1429 3271 1793 3328 restitutione
1833 3273 2063 3327 damna-

408 3358 574 3415 verit.
595 3359 1036 3428 Przesumpserat
1064 3361 1216 3414 enim
1236 3363 1291 3414 et
1309 3357 1430 3428 ipse
1459 3365 1656 3416 contra
1679 3360 1877 3430 primae
1905 3360 2060 3417 sedis

411 3447 799 3520 privilegium,
850 3451 1160 3517 contraque
1208 3447 1325 3515 jam
1382 3454 1745 3527 memoratam
1805 3449 2056 3520 regulam

407 3550 600 3610 agens,
623 3549 749 3592 cum
778 3542 926 3592 esset
956 3535 1166 3604 posteri
1209 3551 1256 3604 r,
1281 3549 1340 3591 se
1369 3536 1644 3592 anteriori
1677 3535 1972 3605 praeferre;
2004 3541 2061 3591 et

407 3625 665 3681 ordinem
697 3623 811 3680 sibi
843 3637 875 3678 a
922 3623 1034 3678 Deo
1058 3623 1348 3678 decretum
1381 3636 1490 3678 non
1524 3637 1952 3694 recognoscens,
1991 3624 2060 3678 de

410 3713 564 3768 sedis
587 3711 828 3781 praelata:
851 3709 1119 3780 pontifice
1146 3722 1364 3780 magno,
1401 3709 1668 3766 videlicet
1694 3724 1833 3780 papa
1858 3712 2057 3779 Leone,

409 3804 616 3856 temere
642 3797 904 3868 judicare
932 3814 945 3850 :
980 3811 1109 3852 cum
1142 3796 1412 3852 videlicet
1442 3810 1542 3853 nec
1573 3811 1868 3868 personam
1901 3812 2062 3869 syno-

408 3889 543 3944 dum
564 3885 912 3943 convocandi
938 3884 1221 3954 habuerit,
1243 3889 1307 3941 ut
1325 3885 1652 3956 apostolicae
1675 3887 1830 3942 sedis
1851 3887 2056 3943 vicarii

413 3976 469 4032 in
492 3976 683 4041 eadem
706 3973 919 4045 synodo
944 3977 1358 4043 protestantur:
1387 3974 1598 4045 quippe
1621 3975 1720 4046 qui
1745 3977 2057 4032 secundum

412 4063 702 4135 praelatum
736 4075 1028 4131 canonem,
1056 4076 1184 4118 cum
1215 4067 1364 4118 esset
1396 4063 1695 4134 posterior,
1733 4064 2056 4120 inconsulto

410 4151 684 4210 anteriori
724 4164 890 4222 agere
931 4150 1154 4222 aliquid
1201 4165 1542 4220 praesumere
1583 4165 1694 4208 non
1737 4151 2002 4208 debuerit
2039 4171 2052 4223 ;

411 4246 624 4312 quanto
656 4240 848 4296 minus
878 4239 1193 4311 generalem
1225 4240 1350 4295 sine
1383 4239 1508 4308 ipso
1547 4240 1824 4310 synodum
1859 4254 2059 4297 convo-

409 4343 557 4400 care,
591 4334 710 4399 aut,
752 4328 901 4400 quod
928 4327 1331 4384 detestabilius
1354 4333 1460 4397 est,
1487 4328 1758 4383 adversus
1796 4329 2054 4384 eumdem

2173 3193 2466 3248 hominum
2499 3191 2735 3263 salvare,
2770 3205 2883 3248 non
2917 3191 3170 3260 perdere,
3206 3190 3526 3248 imitatores
3551 3205 3654 3248 nos
3692 3191 3824 3248 vult

2169 3296 2291 3338 esse
2323 3282 2573 3352 pietatis,
2600 3287 2663 3338 ut
2697 3285 2990 3352 peccantes
3019 3280 3248 3350 quidem
3276 3280 3506 3350 justitia
3535 3284 3817 3350 coerceat,

2169 3384 2472 3427 conversos
2509 3377 2698 3426 autem
2757 3369 3152 3425 misericordia
3199 3383 3309 3426 non
3347 3369 3629 3438 repellat;
3677 3375 3823 3425 tunc

2168 3461 2320 3516 enim
2364 3460 2591 3516 demum
2632 3457 3094 3515 fructuosissime
3138 3457 3276 3514 fides
3309 3472 3438 3514 vera
3458 3457 3818 3527 defenditur,

2170 3547 2397 3618 quando
2427 3548 2598 3604 etiam
2623 3561 2656 3602 a
2682 3546 3062 3603 sectatoribus
3091 3547 3215 3602 suis
3241 3547 3440 3618 opinio
3473 3545 3616 3603 falsa
3644 3549 3826 3604 dam-

2173 3641 2360 3692 natur.

2240 3726 2424 3796 Hujus
2458 3725 2639 3798 igitur
2675 3725 2812 3782 almi
2852 3725 3118 3797 beatique
3161 3725 3453 3796 pontificis
3490 3726 3824 3782 doctrinam

2170 3813 2330 3870 beata
2358 3819 2543 3870 vestra
2575 3814 2887 3884 paternitas
2916 3813 3021 3870 hoc
3047 3815 3199 3870 circa
3224 3813 3329 3871 hos
3361 3814 3569 3885 poterit
3589 3814 3824 3882 justum

2170 3903 2442 3973 piumque
2475 3909 2664 3959 tenere
2701 3902 2999 3972 libramen,
3035 3909 3098 3959 ut
3136 3902 3362 3958 scilicet
3407 3902 3727 3972 pertinaces
3765 3906 3827 3957 et

2169 3991 2487 4047 obstinatos
2511 3991 2743 4059 justitia
2769 3991 3127 4062 comprimat,
3161 3991 3562 4061 resipiscentes
3577 4005 3708 4047 vero
3739 3998 3828 4047 at-

2168 4093 2277 4150 que
2331 4079 2660 4135 obedientes
2709 4078 3106 4135 misericordia
3132 4093 3243 4135 non
3303 4079 3556 4150 repellat.
3604 4080 3825 4136 Verum

2166 4168 2302 4238 quia
2325 4167 2682 4237 quotidianis
2705 4166 2967 4222 Ecclesiae
2985 4167 3232 4238 negotiis
3247 4167 3602 4237 apostolatus
3626 4174 3826 4223 vester

2166 4255 2497 4327 impeditus,
2523 4256 2740 4327 requiei
2766 4254 2939 4312 ferias
2970 4255 3158 4312 nullas
3177 4255 3364 4327 habet,
3394 4256 3464 4311 de
3506 4255 3597 4311 his
3630 4256 3826 4311 omni-

2165 4344 2274 4401 bus
2304 4345 2453 4415 quod
2473 4344 2586 4400 sibi
2619 4343 2795 4400 fuerit
2813 4344 3099 4400 divinitus
3129 4344 3464 4414 inspiritum
3487 4345 3738 4413 tandem,
3767 4344 3823 4399 si

410 4418 749 4475 sententiam
787 4415 1103 4504 quamlibet
1129 4416 1488 4488 promulgare
1512 4417 1539 4469 ‘l
1562 4416 1881 4473 Secundum
1912 4417 2056 4472 hanc

2174 4432 2370 4503 placet,
2417 4437 2651 4498 statuat,
2695 4437 2752 4487 et
2773 4433 3426 4502 Constantinopolitanis
3455 4431 3658 4504 legatis
3676 4447 3830 4502 pra:-

412 4507 686 4580 regulam,
705 4511 762 4562 et
780 4505 888 4562 ista
908 4503 1293 4576 probabilium
1313 4505 1538 4560 Patrum
1558 4504 1832 4576 exempla,
1863 4519 2056 4562 omnes

412 4597 512 4668 qui
538 4595 624 4652 vel
660 4609 724 4652 os
760 4594 1002 4664 aperire,
1035 4591 1120 4649 vel
1162 4606 1364 4648 manus
1392 4593 1692 4649 extendere
1731 4593 1789 4649 in
1823 4594 1923 4651 illo
1969 4609 2060 4650 ne-

412 4684 582 4741 fando
603 4687 882 4740 conventu
903 4683 1174 4738 adversus
1195 4681 1350 4736 sedis
1370 4681 1696 4751 apostolicae
1716 4683 2056 4754 dignitatem

415 4780 620 4830 temere
650 4769 1137 4841 prarsumpserint,
1168 4768 1326 4825 nulla
1367 4768 1616 4838 profecto
1653 4771 1874 4827 ratione
1913 4777 2062 4841 pote-

415 4866 551 4919 runt
579 4859 815 4916 exsilire
834 4857 1129 4930 condignaa
1159 4871 1335 4926 poenae
1360 4858 1694 4928 vindictam,
1727 4859 1842 4915 nisi
1869 4861 1954 4916 eis
1977 4861 2063 4917 di-

413 4950 634 5006 vinitus
672 4947 953 5017 inspirata
987 4952 1172 5002 vestro
1203 4960 1461 5016 supernae
1503 4947 1803 5004 clementia
1846 4963 2058 5019 sequax

414 5042 678 5097 occurrat
718 5035 1033 5106 apostolica
1078 5035 1425 5092 moderatio:
1476 5051 1638 5092 nemo
1671 5037 1882 5108 quippe
1931 5037 2060 5094 tide-

417 5128 558 5184 lium
580 5125 640 5181 in
659 5123 931 5194 injuriam
953 5123 1103 5179 beati
1127 5123 1274 5179 Petri
1302 5125 1658 5194 principatus
1683 5125 1914 5194 impune
1939 5139 2060 5194 pro-

419 5215 596 5286 rupit,
644 5214 703 5269 in
742 5213 909 5283 cujus
944 5212 1211 5269 videlicet
1251 5213 1676 5283 contumeliam,
1725 5219 1788 5268 ut
1826 5220 2059 5270 sanctus

417 5302 748 5362 Bonifacius
773 5314 914 5374 papa
936 5300 1160 5373 scribit,
1193 5301 1755 5373 quisquisinsurgit,
1773 5301 2059 5359 habitator

485 5475 517 5506 α
542 5465 703 5520 Forte
734 5461 1053 5532 legendum,
1083 5461 1321 5532 secundi
1350 5461 1415 5516 de
1435 5462 1633 5530 primo.

487 5535 518 5578 ι)
546 5534 763 5592 Concil.
792 5530 1071 5602 Africam,
1104 5545 1228 5586 can.
1259 5530 1347 5587 53.

491 5621 516 5651 ο
543 5605 760 5664 Concil.
789 5605 992 5676 Ephes.
1023 5603 1145 5660 loco
1171 5617 1343 5673 supra
1368 5603 1561 5660 citato.

2166 4521 2445 4590 sentibus,
2495 4519 2794 4576 manifesta
2827 4520 3283 4592 promulgatione
3322 4523 3608 4592 decernat,
3642 4521 3829 4578 nobis

2167 4611 2577 4681 subsequenter
2619 4609 2734 4664 voti
2782 4610 2963 4665 nostri
3004 4623 3344 4666 consensum
3379 4609 3536 4666 vocis
3578 4614 3634 4664 et
3681 4610 3829 4666 sub-

2169 4699 2505 4770 scriptionis
2525 4697 2742 4754 indicio
2773 4702 3046 4769 patenter,
3067 4702 3132 4754 ut
3154 4699 3438 4770 convenit,
3465 4699 3825 4754 ostensuris.

2168 4787 2389 4856 Quibus
2432 4787 2626 4859 gestis,
2684 4786 2800 4842 haac
2847 4801 3106 4843 summus
3144 4785 3400 4857 pontifex
3445 4787 3708 4857 aperiens
3753 4803 3831 4845 os

2171 4891 2338 4933 suum
2363 4875 2520 4934 dulci
2551 4880 2636 4932 est
2668 4881 3003 4945 prosecutus
3043 4874 3318 4946 alloquio,
3361 4875 3588 4932 dicens:

2164 5019 2231 5072 In
2257 5019 2468 5070 nomine
2495 5017 2696 5080 Patris,
2725 5021 2773 5070 et
2818 5016 2966 5077 Filii,
2999 5020 3048 5069 ct
3098 5014 3340 5086 Spiritus
3393 5017 3588 5079 sancti,
3640 5019 3828 5073 unius

2825 5109 2875 5158 et
2902 5107 3018 5158 ceri
3040 5107 3154 5159 Dei.

2237 5229 2525 5285 Adrianus
2558 5228 2879 5300 episcopus,
2921 5243 3120 5286 servus
3149 5244 3441 5286 servorum
3466 5229 3587 5286 Dei.

2237 5319 2364 5375 CAP.
2422 5319 2464 5374 Ι.
2515 5320 2591 5374 De
2633 5320 2872 5390 profano
2929 5317 3396 5390 ConstantinOpoli
3450 5320 3835 5376 conciliabula

2240 5466 2265 5505 d
2292 5460 2510 5532 Concil,
2533 5461 2817 5532 Chalced.,
2851 5469 2958 5518 act.
2987 5460 3038 5520 3.

2239 5543 2262 5570 °
2288 5533 2467 5605 Epist.
2491 5530 2557 5590 12
2585 5534 2738 5590 circa
2764 5530 2950 5591 ﬁnem.
